  <div class='ocr_page' id='page_1' title='image "/cluster/home/n/w/nwhite01/storage/ocr_20150623/129/coo.31924054870344/361.png"; bbox 0 0 4096 6394; ppageno 0'>
   <div class='ocr_carea' id='block_1_1' title="bbox 460 352 570 410">
    <p class='ocr_par' dir='ltr' id='par_1_1' title="bbox 460 352 570 410">
     <span class='ocr_line' id='line_1_1' title="bbox 460 352 570 410; baseline 0.009 -1"><span class='ocrx_word' id='word_1_1' title='bbox 460 352 570 410; x_wconf 87' lang='grc'><strong>703</strong></span> 
     </span>
    </p>
   </div>
   <div class='ocr_carea' id='block_1_2' title="bbox 1782 341 2513 407">
    <p class='ocr_par' dir='ltr' id='par_1_2' title="bbox 1782 341 2513 407">
     <span class='ocr_line' id='line_1_2' title="bbox 1782 341 2513 407; baseline -0.005 -3"><span class='ocrx_word' id='word_1_2' title='bbox 1782 343 2136 407; x_wconf 84' lang='lat' dir='ltr'><strong>EUTHYMII</strong></span> <span class='ocrx_word' id='word_1_3' title='bbox 2186 341 2513 402; x_wconf 79' lang='lat' dir='ltr'><strong>ZIGABENI</strong></span> 
     </span>
    </p>
   </div>
   <div class='ocr_carea' id='block_1_3' title="bbox 3738 345 3851 407">
    <p class='ocr_par' dir='ltr' id='par_1_3' title="bbox 3738 345 3851 407">
     <span class='ocr_line' id='line_1_3' title="bbox 3738 345 3851 407; baseline 0.053 -6"><span class='ocrx_word' id='word_1_4' title='bbox 3738 345 3851 407; x_wconf 73' lang='grc'><strong>704</strong></span> 
     </span>
    </p>
   </div>
   <div class='ocr_carea' id='block_1_4' title="bbox 464 466 2098 553">
    <p class='ocr_par' dir='ltr' id='par_1_4' title="bbox 464 475 2098 553">
     <span class='ocr_line' id='line_1_4' title="bbox 464 475 2098 553; baseline -0.006 -15"><span class='ocrx_word' id='word_1_5' title='bbox 464 496 651 553; x_wconf 83' lang='lat' dir='ltr'><strong>quam</strong></span> <span class='ocrx_word' id='word_1_6' title='bbox 688 479 879 552; x_wconf 82' lang='lat' dir='ltr'><strong>gallus</strong></span> <span class='ocrx_word' id='word_1_7' title='bbox 900 480 1125 548; x_wconf 82' lang='lat' dir='ltr'><strong>cecinit,</strong></span> <span class='ocrx_word' id='word_1_8' title='bbox 1169 496 1491 538; x_wconf 86' lang='lat' dir='ltr'><strong>conversus</strong></span> <span class='ocrx_word' id='word_1_9' title='bbox 1542 477 1830 537; x_wconf 87' lang='lat' dir='ltr'><strong>Dominus</strong></span> <span class='ocrx_word' id='word_1_10' title='bbox 1865 475 2098 547; x_wconf 81' lang='lat' dir='ltr'><strong>respexi</strong></span> 
     </span>
    </p>
   </div>
   <div class='ocr_carea' id='block_1_5' title="bbox 2218 466 3847 553">
    <p class='ocr_par' dir='ltr' id='par_1_5' title="bbox 2242 466 3847 549">
     <span class='ocr_line' id='line_1_5' title="bbox 2242 466 3847 549; baseline 0 -24"><span class='ocrx_word' id='word_1_11' title='bbox 2242 476 2485 546; x_wconf 78' lang='grc' dir='ltr'><strong>στραφεὶς</strong></span> <span class='ocrx_word' id='word_1_12' title='bbox 2563 472 2589 524; x_wconf 88' lang='grc' dir='ltr'><strong><em>ὁ</em></strong></span> <span class='ocrx_word' id='word_1_13' title='bbox 2676 471 2885 547; x_wconf 81' lang='grc' dir='ltr'>Κύρὶος,</span> <span class='ocrx_word' id='word_1_14' title='bbox 2934 468 3165 544; x_wconf 70' lang='grc' dir='ltr'>ἐνέϐλεψε</span> <span class='ocrx_word' id='word_1_15' title='bbox 3210 479 3281 545; x_wconf 86' lang='grc' dir='ltr'>τῷ</span> <span class='ocrx_word' id='word_1_16' title='bbox 3335 476 3535 549; x_wconf 85' lang='grc' dir='ltr'>Πέτρῳ,</span> <span class='ocrx_word' id='word_1_17' title='bbox 3596 466 3689 527; x_wconf 84' lang='grc' dir='ltr'><strong>διὰ</strong></span> <span class='ocrx_word' id='word_1_18' title='bbox 3750 478 3847 526; x_wconf 88' lang='grc' dir='ltr'><strong>τοῦ</strong></span> 
     </span>
    </p>
   </div>
   <div class='ocr_carea' id='block_1_6' title="bbox 464 565 2125 644">
    <p class='ocr_par' dir='ltr' id='par_1_6' title="bbox 464 565 2125 644">
     <span class='ocr_line' id='line_1_6' title="bbox 464 565 2125 644; baseline -0.004 -17"><span class='ocrx_word' id='word_1_19' title='bbox 464 573 721 638; x_wconf 90' lang='lat' dir='ltr'><strong>Petrum,</strong></span> <span class='ocrx_word' id='word_1_20' title='bbox 757 587 861 644; x_wconf 88' lang='lat' dir='ltr'><strong>per</strong></span> <span class='ocrx_word' id='word_1_21' title='bbox 885 577 1187 644; x_wconf 85' lang='lat' dir='ltr'><strong>aspectum</strong></span> <span class='ocrx_word' id='word_1_22' title='bbox 1220 572 1298 627; x_wconf 91' lang='lat' dir='ltr'><strong>ad</strong></span> <span class='ocrx_word' id='word_1_23' title='bbox 1349 570 1701 626; x_wconf 85' lang='lat' dir='ltr'><strong>memoriam</strong></span> <span class='ocrx_word' id='word_1_24' title='bbox 1754 584 1891 624; x_wconf 89' lang='lat' dir='ltr'><strong>eum</strong></span> <span class='ocrx_word' id='word_1_25' title='bbox 1951 565 2125 621; x_wconf 91' lang='lat' dir='ltr'><strong>redu-</strong></span> 
     </span>
    </p>
   </div>
   <div class='ocr_carea' id='block_1_7' title="bbox 466 658 2126 724">
    <p class='ocr_par' dir='ltr' id='par_1_7' title="bbox 466 658 2126 724">
     <span class='ocr_line' id='line_1_7' title="bbox 466 658 2126 724; baseline -0.004 -8"><span class='ocrx_word' id='word_1_26' title='bbox 466 676 608 717; x_wconf 87' lang='lat' dir='ltr'><strong>cens</strong></span> <span class='ocrx_word' id='word_1_27' title='bbox 654 662 721 716; x_wconf 76' lang='lat'><strong>9&quot;.</strong></span> <span class='ocrx_word' id='word_1_28' title='bbox 772 660 935 717; x_wconf 86' lang='lat' dir='ltr'><strong>Adeo</strong></span> <span class='ocrx_word' id='word_1_29' title='bbox 984 661 1144 717; x_wconf 90' lang='lat' dir='ltr'><strong>enim</strong></span> <span class='ocrx_word' id='word_1_30' title='bbox 1220 661 1380 716; x_wconf 87' lang='lat' dir='ltr'><strong>illum</strong></span> <span class='ocrx_word' id='word_1_31' title='bbox 1432 660 1731 716; x_wconf 85' lang='lat' dir='ltr'><strong>devicerat</strong></span> <span class='ocrx_word' id='word_1_32' title='bbox 1808 658 2003 724; x_wconf 82' lang='lat' dir='ltr'><strong>timor,</strong></span> <span class='ocrx_word' id='word_1_33' title='bbox 2064 660 2126 710; x_wconf 89' lang='lat' dir='ltr'><strong>ut</strong></span> 
     </span>
    </p>
   </div>
   <div class='ocr_carea' id='block_1_8' title="bbox 463 746 2120 822">
    <p class='ocr_par' dir='ltr' id='par_1_8' title="bbox 463 746 2120 822">
     <span class='ocr_line' id='line_1_8' title="bbox 463 746 2120 822; baseline -0.005 -16"><span class='ocrx_word' id='word_1_34' title='bbox 463 749 851 822; x_wconf 88' lang='lat' dir='ltr'><strong>paulominus</strong></span> <span class='ocrx_word' id='word_1_35' title='bbox 881 750 1052 806; x_wconf 88' lang='lat' dir='ltr'><strong>fuerit</strong></span> <span class='ocrx_word' id='word_1_36' title='bbox 1080 755 1387 807; x_wconf 90' lang='lat' dir='ltr'><strong>emortuus</strong></span> <span class='ocrx_word' id='word_1_37' title='bbox 1418 766 1430 804; x_wconf 90' lang='lat'><strong><em>:</em></strong></span> <span class='ocrx_word' id='word_1_38' title='bbox 1460 764 1718 821; x_wconf 85' lang='lat' dir='ltr'><strong>cumque</strong></span> <span class='ocrx_word' id='word_1_39' title='bbox 1766 746 1963 817; x_wconf 81' lang='lat' dir='ltr'><strong>gallus</strong></span> <span class='ocrx_word' id='word_1_40' title='bbox 2000 760 2120 799; x_wconf 92' lang='lat' dir='ltr'><strong>non</strong></span> 
     </span>
    </p>
   </div>
   <div class='ocr_carea' id='block_1_9' title="bbox 465 836 2121 909">
    <p class='ocr_par' dir='ltr' id='par_1_9' title="bbox 465 836 2121 909">
     <span class='ocr_line' id='line_1_9' title="bbox 465 836 2121 909; baseline -0.004 -14"><span class='ocrx_word' id='word_1_41' title='bbox 465 839 649 896; x_wconf 89' lang='lat' dir='ltr'><strong>semel</strong></span> <span class='ocrx_word' id='word_1_42' title='bbox 675 845 923 909; x_wconf 89' lang='lat' dir='ltr'><strong>tantum,</strong></span> <span class='ocrx_word' id='word_1_43' title='bbox 953 841 1055 896; x_wconf 89' lang='lat' dir='ltr'><strong>sed</strong></span> <span class='ocrx_word' id='word_1_44' title='bbox 1107 846 1163 896; x_wconf 89' lang='lat' dir='ltr'><strong>et</strong></span> <span class='ocrx_word' id='word_1_45' title='bbox 1208 841 1300 896; x_wconf 91' lang='lat' dir='ltr'><strong>bis</strong></span> <span class='ocrx_word' id='word_1_46' title='bbox 1326 839 1653 904; x_wconf 85' lang='lat' dir='ltr'><strong>cecinisset,</strong></span> <span class='ocrx_word' id='word_1_47' title='bbox 1683 851 1876 908; x_wconf 91' lang='lat' dir='ltr'><strong>neque</strong></span> <span class='ocrx_word' id='word_1_48' title='bbox 1923 837 2000 891; x_wconf 91' lang='lat' dir='ltr'><strong>ita</strong></span> <span class='ocrx_word' id='word_1_49' title='bbox 2042 836 2121 890; x_wconf 90' lang='lat' dir='ltr'><strong>ad</strong></span> 
     </span>
    </p>
   </div>
   <div class='ocr_carea' id='block_1_10' title="bbox 464 925 2119 1003">
    <p class='ocr_par' dir='ltr' id='par_1_10' title="bbox 464 925 2119 1003">
     <span class='ocr_line' id='line_1_10' title="bbox 464 925 2119 1003; baseline -0.004 -18"><span class='ocrx_word' id='word_1_50' title='bbox 464 945 707 985; x_wconf 88' lang='lat' dir='ltr'><strong>sensum</strong></span> <span class='ocrx_word' id='word_1_51' title='bbox 737 930 1005 997; x_wconf 85' lang='lat' dir='ltr'><strong>redierat,</strong></span> <span class='ocrx_word' id='word_1_52' title='bbox 1038 932 1135 985; x_wconf 90' lang='lat' dir='ltr'><strong>sed</strong></span> <span class='ocrx_word' id='word_1_53' title='bbox 1162 946 1315 1003; x_wconf 89' lang='lat' dir='ltr'><strong>opus</strong></span> <span class='ocrx_word' id='word_1_54' title='bbox 1345 930 1522 985; x_wconf 91' lang='lat' dir='ltr'><strong>etiam</strong></span> <span class='ocrx_word' id='word_1_55' title='bbox 1559 928 1747 984; x_wconf 84' lang='lat' dir='ltr'><strong>fuerat</strong></span> <span class='ocrx_word' id='word_1_56' title='bbox 1792 925 2119 981; x_wconf 88' lang='lat' dir='ltr'><strong>Salvatoris</strong></span> 
     </span>
    </p>
   </div>
   <div class='ocr_carea' id='block_1_11' title="bbox 463 1013 2116 1091">
    <p class='ocr_par' dir='ltr' id='par_1_11' title="bbox 463 1013 2116 1091">
     <span class='ocr_line' id='line_1_11' title="bbox 463 1013 2116 1091; baseline -0.004 -17"><span class='ocrx_word' id='word_1_57' title='bbox 463 1024 725 1091; x_wconf 89' lang='lat' dir='ltr'><strong>aspectu.</strong></span> <span class='ocrx_word' id='word_1_58' title='bbox 767 1018 913 1075; x_wconf 87' lang='lat' dir='ltr'><strong>Vide</strong></span> <span class='ocrx_word' id='word_1_59' title='bbox 970 1035 1111 1089; x_wconf 89' lang='lat' dir='ltr'><strong>ergo</strong></span> <span class='ocrx_word' id='word_1_60' title='bbox 1159 1019 1563 1075; x_wconf 87' lang='lat' dir='ltr'><strong>inﬁrmitatem</strong></span> <span class='ocrx_word' id='word_1_61' title='bbox 1615 1018 1677 1073; x_wconf 92' lang='lat' dir='ltr'><strong>in</strong></span> <span class='ocrx_word' id='word_1_62' title='bbox 1721 1032 1910 1089; x_wconf 90' lang='lat' dir='ltr'><strong>quam</strong></span> <span class='ocrx_word' id='word_1_63' title='bbox 1951 1013 2116 1071; x_wconf 88' lang='lat' dir='ltr'><strong>brevi</strong></span> 
     </span>
    </p>
   </div>
   <div class='ocr_carea' id='block_1_12' title="bbox 462 1104 2119 1180">
    <p class='ocr_par' dir='ltr' id='par_1_12' title="bbox 462 1104 2119 1180">
     <span class='ocr_line' id='line_1_12' title="bbox 462 1104 2119 1180; baseline -0.003 -16"><span class='ocrx_word' id='word_1_64' title='bbox 462 1112 730 1180; x_wconf 90' lang='lat' dir='ltr'><strong>tempore</strong></span> <span class='ocrx_word' id='word_1_65' title='bbox 760 1109 928 1165; x_wconf 87' lang='lat' dir='ltr'><strong>tertio</strong></span> <span class='ocrx_word' id='word_1_66' title='bbox 959 1110 1360 1179; x_wconf 87' lang='lat' dir='ltr'><strong>negaverit,et</strong></span> <span class='ocrx_word' id='word_1_67' title='bbox 1391 1108 1723 1164; x_wconf 89' lang='lat' dir='ltr'><strong>successive</strong></span> <span class='ocrx_word' id='word_1_68' title='bbox 1756 1111 1873 1162; x_wconf 90' lang='lat' dir='ltr'><strong>tres</strong></span> <span class='ocrx_word' id='word_1_69' title='bbox 1904 1104 2119 1161; x_wconf 88' lang='lat' dir='ltr'><strong>emise-</strong></span> 
     </span>
    </p>
   </div>
   <div class='ocr_carea' id='block_1_13' title="bbox 459 1195 2114 1271">
    <p class='ocr_par' dir='ltr' id='par_1_13' title="bbox 459 1195 2114 1271">
     <span class='ocr_line' id='line_1_13' title="bbox 459 1195 2114 1271; baseline -0.002 -18"><span class='ocrx_word' id='word_1_70' title='bbox 459 1197 534 1254; x_wconf 89' lang='lat' dir='ltr'><strong>rit</strong></span> <span class='ocrx_word' id='word_1_71' title='bbox 568 1198 1067 1269; x_wconf 88' lang='lat' dir='ltr'><strong>negationes,non</strong></span> <span class='ocrx_word' id='word_1_72' title='bbox 1096 1198 1532 1271; x_wconf 64' lang='lat' dir='ltr'><strong>questionibus</strong></span> <span class='ocrx_word' id='word_1_73' title='bbox 1564 1196 1955 1262; x_wconf 81' lang='lat' dir='ltr'><strong>examinatus,</strong></span> <span class='ocrx_word' id='word_1_74' title='bbox 1987 1195 2114 1250; x_wconf 91' lang='lat' dir='ltr'><strong>sed-</strong></span> 
     </span>
    </p>
   </div>
   <div class='ocr_carea' id='block_1_14' title="bbox 459 1285 1651 1359">
    <p class='ocr_par' dir='ltr' id='par_1_14' title="bbox 459 1285 1651 1359">
     <span class='ocr_line' id='line_1_14' title="bbox 459 1285 1651 1359; baseline 0.001 -17"><span class='ocrx_word' id='word_1_75' title='bbox 459 1285 609 1344; x_wconf 84' lang='lat' dir='ltr'><strong>forte</strong></span> <span class='ocrx_word' id='word_1_76' title='bbox 635 1287 877 1343; x_wconf 83' lang='lat' dir='ltr'><strong>fortuna</strong></span> <span class='ocrx_word' id='word_1_77' title='bbox 903 1288 964 1343; x_wconf 90' lang='lat' dir='ltr'><strong>in</strong></span> <span class='ocrx_word' id='word_1_78' title='bbox 1012 1290 1268 1345; x_wconf 87' lang='lat' dir='ltr'><strong>transitu</strong></span> <span class='ocrx_word' id='word_1_79' title='bbox 1312 1288 1651 1359; x_wconf 87' lang='lat' dir='ltr'><strong>requisitus.</strong></span> 
     </span>
    </p>
   </div>
   <div class='ocr_carea' id='block_1_15' title="bbox 531 1378 2115 1447">
    <p class='ocr_par' dir='ltr' id='par_1_15' title="bbox 531 1378 2115 1447">
     <span class='ocr_line' id='line_1_15' title="bbox 531 1378 2115 1447; baseline -0.001 -15"><span class='ocrx_word' id='word_1_80' title='bbox 531 1378 691 1433; x_wconf 88' lang='lat' dir='ltr'><strong>Vers.</strong></span> <span class='ocrx_word' id='word_1_81' title='bbox 724 1379 819 1435; x_wconf 79' lang='lat'><strong>’75.</strong></span> <span class='ocrx_word' id='word_1_82' title='bbox 888 1378 967 1433; x_wconf 86' lang='lat' dir='ltr'><strong>Et</strong></span> <span class='ocrx_word' id='word_1_83' title='bbox 1004 1394 1267 1447; x_wconf 83' lang='lat' dir='ltr'><strong>egressus</strong></span> <span class='ocrx_word' id='word_1_84' title='bbox 1317 1409 1385 1419; x_wconf 89' lang='lat'><strong>-</strong></span> <span class='ocrx_word' id='word_1_85' title='bbox 1429 1392 1654 1434; x_wconf 84' lang='lat' dir='ltr'><strong>amare.</strong></span> <span class='ocrx_word' id='word_1_86' title='bbox 1711 1379 1995 1446; x_wconf 83' lang='lat' dir='ltr'><strong>Egressus</strong></span> <span class='ocrx_word' id='word_1_87' title='bbox 2026 1380 2115 1432; x_wconf 87' lang='lat' dir='ltr'><strong>est</strong></span> 
     </span>
    </p>
   </div>
   <div class='ocr_carea' id='block_1_16' title="bbox 458 1465 2103 1540">
    <p class='ocr_par' dir='ltr' id='par_1_16' title="bbox 458 1465 2103 1540">
     <span class='ocr_line' id='line_1_16' title="bbox 458 1465 2103 1540; baseline 0.001 -19"><span class='ocrx_word' id='word_1_88' title='bbox 458 1465 637 1532; x_wconf 89' lang='lat' dir='ltr'><strong>foras,</strong></span> <span class='ocrx_word' id='word_1_89' title='bbox 696 1482 772 1523; x_wconf 86' lang='lat' dir='ltr'><strong>ne</strong></span> <span class='ocrx_word' id='word_1_90' title='bbox 822 1466 972 1523; x_wconf 88' lang='lat' dir='ltr'><strong>forte</strong></span> <span class='ocrx_word' id='word_1_91' title='bbox 1037 1468 1187 1523; x_wconf 84' lang='lat' dir='ltr'><strong>ﬂens</strong></span> <span class='ocrx_word' id='word_1_92' title='bbox 1237 1474 1295 1523; x_wconf 92' lang='lat' dir='ltr'><strong>et</strong></span> <span class='ocrx_word' id='word_1_93' title='bbox 1348 1467 1474 1540; x_wconf 90' lang='lat' dir='ltr'><strong>ipse</strong></span> <span class='ocrx_word' id='word_1_94' title='bbox 1529 1466 2103 1539; x_wconf 89' lang='lat' dir='ltr'><strong>apprehenderetur.</strong></span> 
     </span>
    </p>
   </div>
   <div class='ocr_carea' id='block_1_17' title="bbox 458 1555 2114 1630">
    <p class='ocr_par' dir='ltr' id='par_1_17' title="bbox 458 1555 2114 1630">
     <span class='ocr_line' id='line_1_17' title="bbox 458 1555 2114 1630; baseline -0.002 -18"><span class='ocrx_word' id='word_1_95' title='bbox 458 1555 645 1612; x_wconf 88' lang='lat' dir='ltr'><strong>Flevit</strong></span> <span class='ocrx_word' id='word_1_96' title='bbox 674 1560 899 1621; x_wconf 90' lang='lat' dir='ltr'><strong>autem,</strong></span> <span class='ocrx_word' id='word_1_97' title='bbox 930 1572 1053 1613; x_wconf 88' lang='lat' dir='ltr'><strong>non</strong></span> <span class='ocrx_word' id='word_1_98' title='bbox 1096 1563 1417 1630; x_wconf 90' lang='lat' dir='ltr'><strong>utcunque,</strong></span> <span class='ocrx_word' id='word_1_99' title='bbox 1469 1558 1571 1611; x_wconf 90' lang='lat' dir='ltr'><strong>sed</strong></span> <span class='ocrx_word' id='word_1_100' title='bbox 1607 1556 1837 1611; x_wconf 86' lang='lat' dir='ltr'><strong>acerbe.</strong></span> <span class='ocrx_word' id='word_1_101' title='bbox 1885 1558 2114 1612; x_wconf 79' lang='lat' dir='ltr'><strong>Marcus</strong></span> 
     </span>
    </p>
   </div>
   <div class='ocr_carea' id='block_1_18' title="bbox 459 1645 2113 1719">
    <p class='ocr_par' dir='ltr' id='par_1_18' title="bbox 459 1645 2113 1719">
     <span class='ocr_line' id='line_1_18' title="bbox 459 1645 2113 1719; baseline -0.001 -18"><span class='ocrx_word' id='word_1_102' title='bbox 459 1650 661 1701; x_wconf 87' lang='lat' dir='ltr'><strong>autem</strong></span> <span class='ocrx_word' id='word_1_103' title='bbox 684 1645 824 1701; x_wconf 90' lang='lat' dir='ltr'><strong>dicit</strong></span> <span class='ocrx_word' id='word_1_104' title='bbox 848 1647 916 1711; x_wconf 74' lang='lat'><strong>9°,</strong></span> <span class='ocrx_word' id='word_1_105' title='bbox 947 1647 1112 1719; x_wconf 88' lang='lat' dir='ltr'><strong>quod</strong></span> <span class='ocrx_word' id='word_1_106' title='bbox 1139 1647 1425 1718; x_wconf 88' lang='lat' dir='ltr'><strong>adjiciens</strong></span> <span class='ocrx_word' id='word_1_107' title='bbox 1445 1646 1637 1712; x_wconf 89' lang='lat' dir='ltr'><strong>ﬂevit;</strong></span> <span class='ocrx_word' id='word_1_108' title='bbox 1659 1645 1970 1717; x_wconf 87' lang='lat' dir='ltr'><strong>adjiciens,</strong></span> <span class='ocrx_word' id='word_1_109' title='bbox 1998 1645 2113 1699; x_wconf 89' lang='lat' dir='ltr'><strong>hoc</strong></span> 
     </span>
    </p>
   </div>
   <div class='ocr_carea' id='block_1_19' title="bbox 456 1734 2109 1807">
    <p class='ocr_par' dir='ltr' id='par_1_19' title="bbox 456 1734 2109 1807">
     <span class='ocr_line' id='line_1_19' title="bbox 456 1734 2109 1807; baseline 0 -18"><span class='ocrx_word' id='word_1_110' title='bbox 456 1738 547 1789; x_wconf 90' lang='lat' dir='ltr'><strong>est</strong></span> <span class='ocrx_word' id='word_1_111' title='bbox 580 1734 890 1807; x_wconf 89' lang='lat' dir='ltr'><strong>incipiens.</strong></span> <span class='ocrx_word' id='word_1_112' title='bbox 924 1736 1188 1792; x_wconf 87' lang='lat' dir='ltr'><strong>Joannes</strong></span> <span class='ocrx_word' id='word_1_113' title='bbox 1217 1752 1355 1792; x_wconf 90' lang='lat' dir='ltr'><strong>vero</strong></span> <span class='ocrx_word' id='word_1_114' title='bbox 1384 1736 1519 1804; x_wconf 91' lang='lat' dir='ltr'><strong>hoc,</strong></span> <span class='ocrx_word' id='word_1_115' title='bbox 1553 1741 1844 1807; x_wconf 89' lang='lat' dir='ltr'><strong>tanquam</strong></span> <span class='ocrx_word' id='word_1_116' title='bbox 1875 1735 1954 1791; x_wconf 91' lang='lat' dir='ltr'><strong>ab</strong></span> <span class='ocrx_word' id='word_1_117' title='bbox 1982 1734 2109 1790; x_wconf 87' lang='lat' dir='ltr'><strong>aliis</strong></span> 
     </span>
    </p>
   </div>
   <div class='ocr_carea' id='block_1_20' title="bbox 456 1822 1107 1895">
    <p class='ocr_par' dir='ltr' id='par_1_20' title="bbox 456 1822 1107 1895">
     <span class='ocr_line' id='line_1_20' title="bbox 456 1822 1107 1895; baseline 0 -17"><span class='ocrx_word' id='word_1_118' title='bbox 456 1822 683 1879; x_wconf 91' lang='lat' dir='ltr'><strong>dictum</strong></span> <span class='ocrx_word' id='word_1_119' title='bbox 713 1825 1107 1895; x_wconf 75' lang='lat' dir='ltr'><strong>praetermisit.</strong></span> 
     </span>
    </p>
   </div>
   <div class='ocr_carea' id='block_1_21' title="bbox 526 1912 2109 1987">
    <p class='ocr_par' dir='ltr' id='par_1_21' title="bbox 526 1912 2109 1987">
     <span class='ocr_line' id='line_1_21' title="bbox 526 1912 2109 1987; baseline 0.002 -20"><span class='ocrx_word' id='word_1_120' title='bbox 526 1912 730 1969; x_wconf 88' lang='lat' dir='ltr'><strong>Vidisti</strong></span> <span class='ocrx_word' id='word_1_121' title='bbox 773 1919 1085 1985; x_wconf 89' lang='lat' dir='ltr'><strong>peccatum</strong></span> <span class='ocrx_word' id='word_1_122' title='bbox 1107 1916 1135 1970; x_wconf 88' lang='lat'><strong>?</strong></span> <span class='ocrx_word' id='word_1_123' title='bbox 1166 1914 1295 1970; x_wconf 85' lang='lat' dir='ltr'><strong>vide</strong></span> <span class='ocrx_word' id='word_1_124' title='bbox 1320 1920 1372 1970; x_wconf 89' lang='lat' dir='ltr'><strong>et</strong></span> <span class='ocrx_word' id='word_1_125' title='bbox 1405 1915 1838 1987; x_wconf 76' lang='lat' dir='ltr'><strong>paenitentiam.</strong></span> <span class='ocrx_word' id='word_1_126' title='bbox 1873 1914 1960 1971; x_wconf 90' lang='lat' dir='ltr'><strong>Ob</strong></span> <span class='ocrx_word' id='word_1_127' title='bbox 1994 1914 2109 1970; x_wconf 88' lang='lat' dir='ltr'><strong>hoc</strong></span> 
     </span>
    </p>
   </div>
   <div class='ocr_carea' id='block_1_22' title="bbox 455 2002 2110 2077">
    <p class='ocr_par' dir='ltr' id='par_1_22' title="bbox 455 2002 2110 2077">
     <span class='ocr_line' id='line_1_22' title="bbox 455 2002 2110 2077; baseline 0.001 -19"><span class='ocrx_word' id='word_1_128' title='bbox 455 2002 615 2058; x_wconf 86' lang='lat' dir='ltr'><strong>enim</strong></span> <span class='ocrx_word' id='word_1_129' title='bbox 663 2008 908 2074; x_wconf 90' lang='lat' dir='ltr'><strong>peccata</strong></span> <span class='ocrx_word' id='word_1_130' title='bbox 958 2010 1013 2059; x_wconf 89' lang='lat' dir='ltr'><strong>et</strong></span> <span class='ocrx_word' id='word_1_131' title='bbox 1062 2005 1421 2076; x_wconf 65' lang='lat' dir='ltr'><strong>poenitentiae</strong></span> <span class='ocrx_word' id='word_1_132' title='bbox 1487 2010 1831 2061; x_wconf 88' lang='lat' dir='ltr'><strong>sanctorum</strong></span> <span class='ocrx_word' id='word_1_133' title='bbox 1889 2006 2110 2077; x_wconf 89' lang='lat' dir='ltr'><strong>scripta</strong></span> 
     </span>
    </p>
   </div>
   <div class='ocr_carea' id='block_1_23' title="bbox 455 2092 2107 2160">
    <p class='ocr_par' dir='ltr' id='par_1_23' title="bbox 455 2092 2107 2160">
     <span class='ocr_line' id='line_1_23' title="bbox 455 2092 2107 2160; baseline 0.002 -15"><span class='ocrx_word' id='word_1_134' title='bbox 455 2095 611 2147; x_wconf 83' lang='lat' dir='ltr'><strong>sunt.</strong></span> <span class='ocrx_word' id='word_1_135' title='bbox 663 2092 997 2148; x_wconf 88' lang='lat' dir='ltr'><strong>Permissus</strong></span> <span class='ocrx_word' id='word_1_136' title='bbox 1050 2099 1137 2149; x_wconf 90' lang='lat' dir='ltr'><strong>est</strong></span> <span class='ocrx_word' id='word_1_137' title='bbox 1181 2100 1382 2150; x_wconf 91' lang='lat' dir='ltr'><strong>autem</strong></span> <span class='ocrx_word' id='word_1_138' title='bbox 1436 2094 1648 2151; x_wconf 85' lang='lat' dir='ltr'><strong>cadere</strong></span> <span class='ocrx_word' id='word_1_139' title='bbox 1704 2098 1928 2160; x_wconf 89' lang='lat' dir='ltr'><strong>Petrus,</strong></span> <span class='ocrx_word' id='word_1_140' title='bbox 1984 2111 2107 2150; x_wconf 90' lang='lat' dir='ltr'><strong>non</strong></span> 
     </span>
    </p>
   </div>
   <div class='ocr_carea' id='block_1_24' title="bbox 454 2181 2108 2257">
    <p class='ocr_par' dir='ltr' id='par_1_24' title="bbox 454 2181 2108 2257">
     <span class='ocr_line' id='line_1_24' title="bbox 454 2181 2108 2257; baseline 0.004 -23"><span class='ocrx_word' id='word_1_141' title='bbox 454 2184 696 2252; x_wconf 86' lang='lat' dir='ltr'><strong>propter</strong></span> <span class='ocrx_word' id='word_1_142' title='bbox 733 2181 917 2237; x_wconf 89' lang='lat' dir='ltr'><strong>dictas</strong></span> <span class='ocrx_word' id='word_1_143' title='bbox 953 2186 1186 2237; x_wconf 89' lang='lat' dir='ltr'><strong>tantum</strong></span> <span class='ocrx_word' id='word_1_144' title='bbox 1218 2199 1454 2249; x_wconf 86' lang='lat' dir='ltr'><strong>causas,</strong></span> <span class='ocrx_word' id='word_1_145' title='bbox 1486 2185 1585 2239; x_wconf 89' lang='lat' dir='ltr'><strong>sed</strong></span> <span class='ocrx_word' id='word_1_146' title='bbox 1626 2183 1804 2240; x_wconf 90' lang='lat' dir='ltr'><strong>etiam</strong></span> <span class='ocrx_word' id='word_1_147' title='bbox 1835 2189 1899 2240; x_wconf 93' lang='lat' dir='ltr'><strong>ut</strong></span> <span class='ocrx_word' id='word_1_148' title='bbox 1942 2184 2108 2257; x_wconf 90' lang='lat' dir='ltr'><strong>igno-</strong></span> 
     </span>
    </p>
   </div>
   <div class='ocr_carea' id='block_1_25' title="bbox 452 2269 2103 2345">
    <p class='ocr_par' dir='ltr' id='par_1_25' title="bbox 452 2269 2103 2345">
     <span class='ocr_line' id='line_1_25' title="bbox 452 2269 2103 2345; baseline 0.004 -21"><span class='ocrx_word' id='word_1_149' title='bbox 452 2284 616 2324; x_wconf 87' lang='lat' dir='ltr'><strong>scere</strong></span> <span class='ocrx_word' id='word_1_150' title='bbox 646 2269 840 2326; x_wconf 89' lang='lat' dir='ltr'><strong>discat</strong></span> <span class='ocrx_word' id='word_1_151' title='bbox 877 2270 971 2326; x_wconf 90' lang='lat' dir='ltr'><strong>his</strong></span> <span class='ocrx_word' id='word_1_152' title='bbox 1000 2287 1241 2345; x_wconf 90' lang='lat' dir='ltr'><strong>quoque</strong></span> <span class='ocrx_word' id='word_1_153' title='bbox 1272 2272 1377 2344; x_wconf 89' lang='lat' dir='ltr'><strong>qui</strong></span> <span class='ocrx_word' id='word_1_154' title='bbox 1409 2272 1701 2338; x_wconf 88' lang='lat' dir='ltr'><strong>labuntur,</strong></span> <span class='ocrx_word' id='word_1_155' title='bbox 1736 2274 1951 2330; x_wconf 88' lang='lat' dir='ltr'><strong>horum</strong></span> <span class='ocrx_word' id='word_1_156' title='bbox 1995 2275 2103 2330; x_wconf 89' lang='lat' dir='ltr'><strong>im-</strong></span> 
     </span>
    </p>
   </div>
   <div class='ocr_carea' id='block_1_26' title="bbox 449 2357 2103 2435">
    <p class='ocr_par' dir='ltr' id='par_1_26' title="bbox 449 2357 2103 2435">
     <span class='ocr_line' id='line_1_26' title="bbox 449 2357 2103 2435; baseline 0.004 -22"><span class='ocrx_word' id='word_1_157' title='bbox 449 2357 826 2414; x_wconf 90' lang='lat' dir='ltr'><strong>becillitatem</strong></span> <span class='ocrx_word' id='word_1_158' title='bbox 857 2375 927 2415; x_wconf 86' lang='lat' dir='ltr'><strong>ex</strong></span> <span class='ocrx_word' id='word_1_159' title='bbox 961 2376 1075 2415; x_wconf 90' lang='lat' dir='ltr'><strong>sua</strong></span> <span class='ocrx_word' id='word_1_160' title='bbox 1104 2376 1512 2430; x_wconf 87' lang='lat' dir='ltr'><strong>cognoscens:</strong></span> <span class='ocrx_word' id='word_1_161' title='bbox 1545 2379 1687 2419; x_wconf 90' lang='lat' dir='ltr'><strong>nam</strong></span> <span class='ocrx_word' id='word_1_162' title='bbox 1723 2368 1925 2435; x_wconf 91' lang='lat' dir='ltr'><strong>pastor</strong></span> <span class='ocrx_word' id='word_1_163' title='bbox 1962 2379 2103 2419; x_wconf 91' lang='lat' dir='ltr'><strong>con-</strong></span> 
     </span>
    </p>
   </div>
   <div class='ocr_carea' id='block_1_27' title="bbox 449 2447 2104 2525">
    <p class='ocr_par' dir='ltr' id='par_1_27' title="bbox 449 2447 2104 2525">
     <span class='ocr_line' id='line_1_27' title="bbox 449 2447 2104 2525; baseline 0.004 -23"><span class='ocrx_word' id='word_1_164' title='bbox 449 2447 782 2503; x_wconf 89' lang='lat' dir='ltr'><strong>stituendus</strong></span> <span class='ocrx_word' id='word_1_165' title='bbox 818 2453 945 2504; x_wconf 89' lang='lat' dir='ltr'><strong>erat</strong></span> <span class='ocrx_word' id='word_1_166' title='bbox 978 2465 991 2504; x_wconf 88' lang='lat'>:</span> <span class='ocrx_word' id='word_1_167' title='bbox 1026 2454 1083 2505; x_wconf 89' lang='lat' dir='ltr'><strong>et</strong></span> <span class='ocrx_word' id='word_1_168' title='bbox 1114 2456 1174 2507; x_wconf 94' lang='lat' dir='ltr'><strong>ut</strong></span> <span class='ocrx_word' id='word_1_169' title='bbox 1206 2467 1567 2521; x_wconf 89' lang='lat' dir='ltr'><strong>magnorum</strong></span> <span class='ocrx_word' id='word_1_170' title='bbox 1609 2452 1800 2508; x_wconf 82' lang='lat' dir='ltr'><strong>factus</strong></span> <span class='ocrx_word' id='word_1_171' title='bbox 1826 2458 2104 2525; x_wconf 91' lang='lat' dir='ltr'><strong>operator</strong></span> 
     </span>
    </p>
   </div>
   <div class='ocr_carea' id='block_1_28' title="bbox 448 2536 2103 2606">
    <p class='ocr_par' dir='ltr' id='par_1_28' title="bbox 448 2536 2103 2606">
     <span class='ocr_line' id='line_1_28' title="bbox 448 2536 2103 2606; baseline 0.004 -13"><span class='ocrx_word' id='word_1_172' title='bbox 448 2536 897 2605; x_wconf 85' lang='lat' dir='ltr'><strong>miraculorum,</strong></span> <span class='ocrx_word' id='word_1_173' title='bbox 942 2538 1251 2595; x_wconf 89' lang='lat' dir='ltr'><strong>modestus</strong></span> <span class='ocrx_word' id='word_1_174' title='bbox 1279 2541 1370 2606; x_wconf 91' lang='lat' dir='ltr'><strong>sit,</strong></span> <span class='ocrx_word' id='word_1_175' title='bbox 1403 2557 1474 2597; x_wconf 89' lang='lat' dir='ltr'><strong>ac</strong></span> <span class='ocrx_word' id='word_1_176' title='bbox 1499 2543 1589 2596; x_wconf 90' lang='lat' dir='ltr'><strong>sui</strong></span> <span class='ocrx_word' id='word_1_177' title='bbox 1622 2559 1799 2598; x_wconf 87' lang='lat' dir='ltr'><strong>casus</strong></span> <span class='ocrx_word' id='word_1_178' title='bbox 1829 2543 2103 2599; x_wconf 84' lang='lat' dir='ltr'><strong>recorda-</strong></span> 
     </span>
    </p>
   </div>
   <div class='ocr_carea' id='block_1_29' title="bbox 447 2627 2101 2704">
    <p class='ocr_par' dir='ltr' id='par_1_29' title="bbox 447 2627 2101 2704">
     <span class='ocr_line' id='line_1_29' title="bbox 447 2627 2101 2704; baseline 0.004 -24"><span class='ocrx_word' id='word_1_179' title='bbox 447 2628 563 2689; x_wconf 90' lang='lat' dir='ltr'><strong>tus,</strong></span> <span class='ocrx_word' id='word_1_180' title='bbox 597 2627 710 2682; x_wconf 89' lang='lat' dir='ltr'><strong>Deo</strong></span> <span class='ocrx_word' id='word_1_181' title='bbox 740 2642 867 2682; x_wconf 92' lang='lat' dir='ltr'><strong>rem</strong></span> <span class='ocrx_word' id='word_1_182' title='bbox 893 2642 1137 2684; x_wconf 84' lang='lat' dir='ltr'><strong>omnem</strong></span> <span class='ocrx_word' id='word_1_183' title='bbox 1169 2629 1445 2686; x_wconf 87' lang='lat' dir='ltr'><strong>ascribat.</strong></span> <span class='ocrx_word' id='word_1_184' title='bbox 1482 2631 1786 2704; x_wconf 91' lang='lat' dir='ltr'><strong>Siquidem</strong></span> <span class='ocrx_word' id='word_1_185' title='bbox 1809 2637 1866 2688; x_wconf 90' lang='lat' dir='ltr'><strong>et</strong></span> <span class='ocrx_word' id='word_1_186' title='bbox 1885 2632 2101 2688; x_wconf 89' lang='lat' dir='ltr'><strong>Paulus</strong></span> 
     </span>
    </p>
   </div>
   <div class='ocr_carea' id='block_1_30' title="bbox 447 2715 2101 2791">
    <p class='ocr_par' dir='ltr' id='par_1_30' title="bbox 447 2715 2101 2791">
     <span class='ocr_line' id='line_1_30' title="bbox 447 2715 2101 2791; baseline 0.004 -22"><span class='ocrx_word' id='word_1_187' title='bbox 447 2730 584 2770; x_wconf 90' lang='lat' dir='ltr'><strong>cum</strong></span> <span class='ocrx_word' id='word_1_188' title='bbox 602 2715 1025 2772; x_wconf 86' lang='lat' dir='ltr'><strong>tentationibus</strong></span> <span class='ocrx_word' id='word_1_189' title='bbox 1050 2719 1380 2788; x_wconf 83' lang='lat' dir='ltr'><strong>permissus</strong></span> <span class='ocrx_word' id='word_1_190' title='bbox 1401 2724 1488 2774; x_wconf 89' lang='lat' dir='ltr'><strong>est</strong></span> <span class='ocrx_word' id='word_1_191' title='bbox 1514 2736 1806 2791; x_wconf 90' lang='lat' dir='ltr'><strong>pugnare,</strong></span> <span class='ocrx_word' id='word_1_192' title='bbox 1824 2737 1898 2778; x_wconf 90' lang='lat' dir='ltr'><strong>ne</strong></span> <span class='ocrx_word' id='word_1_193' title='bbox 1921 2722 2101 2779; x_wconf 81' lang='lat' dir='ltr'><strong>extol-</strong></span> 
     </span>
    </p>
   </div>
   <div class='ocr_carea' id='block_1_31' title="bbox 443 2802 2090 2884">
    <p class='ocr_par' dir='ltr' id='par_1_31' title="bbox 443 2802 2090 2884">
     <span class='ocr_line' id='line_1_31' title="bbox 443 2802 2090 2884; baseline 0.005 -26"><span class='ocrx_word' id='word_1_194' title='bbox 443 2802 681 2871; x_wconf 89' lang='lat' dir='ltr'><strong>leretur,</strong></span> <span class='ocrx_word' id='word_1_195' title='bbox 716 2809 778 2861; x_wconf 92' lang='lat' dir='ltr'><strong>ut</strong></span> <span class='ocrx_word' id='word_1_196' title='bbox 805 2806 933 2877; x_wconf 92' lang='lat' dir='ltr'><strong>ipse</strong></span> <span class='ocrx_word' id='word_1_197' title='bbox 972 2807 1053 2863; x_wconf 89' lang='lat' dir='ltr'><strong>ait</strong></span> <span class='ocrx_word' id='word_1_198' title='bbox 1090 2810 1158 2863; x_wconf 70' lang='grc' dir='ltr'><strong>θ’.</strong></span> <span class='ocrx_word' id='word_1_199' title='bbox 1202 2810 1580 2866; x_wconf 88' lang='lat' dir='ltr'><strong>Potissimum</strong></span> <span class='ocrx_word' id='word_1_200' title='bbox 1612 2816 1836 2877; x_wconf 90' lang='lat' dir='ltr'><strong>autem,</strong></span> <span class='ocrx_word' id='word_1_201' title='bbox 1869 2817 1931 2868; x_wconf 90' lang='lat' dir='ltr'><strong>ut</strong></span> <span class='ocrx_word' id='word_1_202' title='bbox 1962 2827 2090 2884; x_wconf 86' lang='lat' dir='ltr'><strong>pec-</strong></span> 
     </span>
    </p>
   </div>
   <div class='ocr_carea' id='block_1_32' title="bbox 444 2892 2097 2974">
    <p class='ocr_par' dir='ltr' id='par_1_32' title="bbox 444 2892 2097 2974">
     <span class='ocr_line' id='line_1_32' title="bbox 444 2892 2097 2974; baseline 0.005 -26"><span class='ocrx_word' id='word_1_203' title='bbox 444 2892 747 2950; x_wconf 90' lang='lat' dir='ltr'><strong>catoribus</strong></span> <span class='ocrx_word' id='word_1_204' title='bbox 793 2894 1019 2951; x_wconf 91' lang='lat' dir='ltr'><strong>clarum</strong></span> <span class='ocrx_word' id='word_1_205' title='bbox 1050 2903 1203 2953; x_wconf 90' lang='lat' dir='ltr'><strong>esset</strong></span> <span class='ocrx_word' id='word_1_206' title='bbox 1230 2900 1592 2970; x_wconf 62' lang='lat' dir='ltr'><strong>poenitentiae</strong></span> <span class='ocrx_word' id='word_1_207' title='bbox 1626 2901 1986 2974; x_wconf 89' lang='lat' dir='ltr'><strong>exemplum.</strong></span> <span class='ocrx_word' id='word_1_208' title='bbox 2039 2902 2097 2957; x_wconf 91' lang='lat' dir='ltr'><strong>Si</strong></span> 
     </span>
    </p>
   </div>
   <div class='ocr_carea' id='block_1_33' title="bbox 441 2982 2097 3063">
    <p class='ocr_par' dir='ltr' id='par_1_33' title="bbox 441 2982 2097 3063">
     <span class='ocr_line' id='line_1_33' title="bbox 441 2982 2097 3063; baseline 0.004 -25"><span class='ocrx_word' id='word_1_209' title='bbox 441 2982 602 3038; x_wconf 85' lang='lat' dir='ltr'><strong>enim</strong></span> <span class='ocrx_word' id='word_1_210' title='bbox 629 2987 981 3041; x_wconf 70' lang='lat' dir='ltr'><strong>cmterorum</strong></span> <span class='ocrx_word' id='word_1_211' title='bbox 1032 2987 1310 3060; x_wconf 91' lang='lat' dir='ltr'><strong>princeps</strong></span> <span class='ocrx_word' id='word_1_212' title='bbox 1336 2990 1770 3061; x_wconf 88' lang='lat' dir='ltr'><strong>apostolorum,</strong></span> <span class='ocrx_word' id='word_1_213' title='bbox 1821 2992 1922 3063; x_wconf 91' lang='lat' dir='ltr'><strong>qui</strong></span> <span class='ocrx_word' id='word_1_214' title='bbox 1953 2990 2097 3047; x_wconf 91' lang='lat' dir='ltr'><strong>tales</strong></span> 
     </span>
    </p>
   </div>
   <div class='ocr_carea' id='block_1_34' title="bbox 440 3071 2094 3151">
    <p class='ocr_par' dir='ltr' id='par_1_34' title="bbox 440 3071 2094 3151">
     <span class='ocr_line' id='line_1_34' title="bbox 440 3071 2094 3151; baseline 0.006 -25"><span class='ocrx_word' id='word_1_215' title='bbox 440 3071 682 3128; x_wconf 82' lang='lat' dir='ltr'><strong>virtutes</strong></span> <span class='ocrx_word' id='word_1_216' title='bbox 708 3078 763 3130; x_wconf 89' lang='lat' dir='ltr'><strong>et</strong></span> <span class='ocrx_word' id='word_1_217' title='bbox 801 3074 1031 3131; x_wconf 90' lang='lat' dir='ltr'><strong>viderat</strong></span> <span class='ocrx_word' id='word_1_218' title='bbox 1079 3080 1135 3131; x_wconf 90' lang='lat' dir='ltr'><strong>et</strong></span> <span class='ocrx_word' id='word_1_219' title='bbox 1158 3076 1395 3149; x_wconf 81' lang='lat' dir='ltr'><strong>fecerat,</strong></span> <span class='ocrx_word' id='word_1_220' title='bbox 1434 3079 1678 3135; x_wconf 90' lang='lat' dir='ltr'><strong>tandem</strong></span> <span class='ocrx_word' id='word_1_221' title='bbox 1725 3081 1784 3136; x_wconf 92' lang='lat' dir='ltr'><strong>in</strong></span> <span class='ocrx_word' id='word_1_222' title='bbox 1830 3081 2094 3151; x_wconf 83' lang='lat' dir='ltr'><strong>negatio-</strong></span> 
     </span>
    </p>
   </div>
   <div class='ocr_carea' id='block_1_35' title="bbox 440 3162 2169 3243">
    <p class='ocr_par' dir='ltr' id='par_1_35' title="bbox 440 3162 2169 3243">
     <span class='ocr_line' id='line_1_35' title="bbox 440 3162 2169 3243; baseline 0.006 -27"><span class='ocrx_word' id='word_1_223' title='bbox 440 3175 577 3217; x_wconf 91' lang='lat' dir='ltr'><strong>nem</strong></span> <span class='ocrx_word' id='word_1_224' title='bbox 610 3162 817 3235; x_wconf 87' lang='lat' dir='ltr'><strong>lapsus</strong></span> <span class='ocrx_word' id='word_1_225' title='bbox 847 3169 934 3221; x_wconf 92' lang='lat' dir='ltr'><strong>est</strong></span> <span class='ocrx_word' id='word_1_226' title='bbox 959 3181 972 3220; x_wconf 92' lang='lat'><strong>:</strong></span> <span class='ocrx_word' id='word_1_227' title='bbox 1001 3165 1217 3223; x_wconf 89' lang='lat' dir='ltr'><strong>deinde</strong></span> <span class='ocrx_word' id='word_1_228' title='bbox 1240 3169 1443 3237; x_wconf 91' lang='lat' dir='ltr'><strong>agnito</strong></span> <span class='ocrx_word' id='word_1_229' title='bbox 1474 3169 1683 3226; x_wconf 88' lang='lat' dir='ltr'><strong>delicto</strong></span> <span class='ocrx_word' id='word_1_230' title='bbox 1713 3170 1879 3226; x_wconf 91' lang='lat' dir='ltr'><strong>illum</strong></span> <span class='ocrx_word' id='word_1_231' title='bbox 1910 3169 2095 3242; x_wconf 86' lang='lat' dir='ltr'><strong>poeni-</strong></span> <span class='ocrx_word' id='word_1_232' title='bbox 2130 3187 2169 3243; x_wconf 74' lang='grc' dir='ltr'><strong>ο</strong></span> 
     </span>
    </p>
   </div>
   <div class='ocr_carea' id='block_1_36' title="bbox 437 3250 2094 3329">
    <p class='ocr_par' dir='ltr' id='par_1_36' title="bbox 437 3250 2094 3329">
     <span class='ocr_line' id='line_1_36' title="bbox 437 3250 2094 3329; baseline 0.007 -24"><span class='ocrx_word' id='word_1_233' title='bbox 437 3250 565 3317; x_wconf 89' lang='lat' dir='ltr'><strong>tuit,</strong></span> <span class='ocrx_word' id='word_1_234' title='bbox 583 3257 638 3308; x_wconf 91' lang='lat' dir='ltr'><strong>et</strong></span> <span class='ocrx_word' id='word_1_235' title='bbox 665 3268 781 3309; x_wconf 91' lang='lat' dir='ltr'><strong>non</strong></span> <span class='ocrx_word' id='word_1_236' title='bbox 816 3253 1013 3311; x_wconf 90' lang='lat' dir='ltr'><strong>solum</strong></span> <span class='ocrx_word' id='word_1_237' title='bbox 1031 3256 1196 3311; x_wconf 89' lang='lat' dir='ltr'><strong>brevi</strong></span> <span class='ocrx_word' id='word_1_238' title='bbox 1230 3260 1492 3329; x_wconf 91' lang='lat' dir='ltr'><strong>tempore</strong></span> <span class='ocrx_word' id='word_1_239' title='bbox 1518 3260 1817 3316; x_wconf 87' lang='lat' dir='ltr'><strong>maculam</strong></span> <span class='ocrx_word' id='word_1_240' title='bbox 1849 3276 2094 3317; x_wconf 89' lang='lat' dir='ltr'><strong>omnem</strong></span> 
     </span>
    </p>
   </div>
   <div class='ocr_carea' id='block_1_37' title="bbox 438 3340 2093 3422">
    <p class='ocr_par' dir='ltr' id='par_1_37' title="bbox 438 3340 2093 3422">
     <span class='ocr_line' id='line_1_37' title="bbox 438 3340 2093 3422; baseline 0.005 -26"><span class='ocrx_word' id='word_1_241' title='bbox 438 3340 739 3407; x_wconf 87' lang='lat' dir='ltr'><strong>abstersit,</strong></span> <span class='ocrx_word' id='word_1_242' title='bbox 771 3343 875 3399; x_wconf 92' lang='lat' dir='ltr'><strong>sed</strong></span> <span class='ocrx_word' id='word_1_243' title='bbox 916 3349 971 3400; x_wconf 90' lang='lat' dir='ltr'><strong>et</strong></span> <span class='ocrx_word' id='word_1_244' title='bbox 1021 3352 1363 3403; x_wconf 83' lang='lat' dir='ltr'><strong>caeterorum</strong></span> <span class='ocrx_word' id='word_1_245' title='bbox 1406 3354 1609 3420; x_wconf 89' lang='lat' dir='ltr'><strong>pastor</strong></span> <span class='ocrx_word' id='word_1_246' title='bbox 1661 3349 2093 3422; x_wconf 85' lang='lat' dir='ltr'><strong>discipulorum</strong></span> 
     </span>
    </p>
   </div>
   <div class='ocr_carea' id='block_1_38' title="bbox 439 3435 2096 3512">
    <p class='ocr_par' dir='ltr' id='par_1_38' title="bbox 439 3435 2096 3512">
     <span class='ocr_line' id='line_1_38' title="bbox 439 3435 2096 3512; baseline 0.005 -27"><span class='ocrx_word' id='word_1_247' title='bbox 439 3435 676 3486; x_wconf 90' lang='lat' dir='ltr'><strong>creatus</strong></span> <span class='ocrx_word' id='word_1_248' title='bbox 708 3437 814 3497; x_wconf 89' lang='lat' dir='ltr'><strong>est,</strong></span> <span class='ocrx_word' id='word_1_249' title='bbox 857 3438 913 3489; x_wconf 93' lang='lat' dir='ltr'><strong>et</strong></span> <span class='ocrx_word' id='word_1_250' title='bbox 956 3435 1265 3491; x_wconf 90' lang='lat' dir='ltr'><strong>multorum</strong></span> <span class='ocrx_word' id='word_1_251' title='bbox 1298 3453 1365 3491; x_wconf 89' lang='lat' dir='ltr'><strong>ac</strong></span> <span class='ocrx_word' id='word_1_252' title='bbox 1418 3454 1777 3508; x_wconf 89' lang='lat' dir='ltr'><strong>magnorum</strong></span> <span class='ocrx_word' id='word_1_253' title='bbox 1818 3445 2096 3512; x_wconf 88' lang='lat' dir='ltr'><strong>operator</strong></span> 
     </span>
    </p>
   </div>
   <div class='ocr_carea' id='block_1_39' title="bbox 438 3519 2095 3601">
    <p class='ocr_par' dir='ltr' id='par_1_39' title="bbox 438 3519 2095 3601">
     <span class='ocr_line' id='line_1_39' title="bbox 438 3519 2095 3601; baseline 0.006 -27"><span class='ocrx_word' id='word_1_254' title='bbox 438 3519 868 3577; x_wconf 89' lang='lat' dir='ltr'><strong>miraculorum</strong></span> <span class='ocrx_word' id='word_1_255' title='bbox 886 3523 1218 3593; x_wconf 86' lang='lat' dir='ltr'><strong>appellatus</strong></span> <span class='ocrx_word' id='word_1_256' title='bbox 1246 3531 1330 3581; x_wconf 88' lang='lat' dir='ltr'><strong>est</strong></span> <span class='ocrx_word' id='word_1_257' title='bbox 1366 3543 1379 3593; x_wconf 91' lang='lat'><strong>;</strong></span> <span class='ocrx_word' id='word_1_258' title='bbox 1414 3527 1644 3583; x_wconf 91' lang='lat' dir='ltr'><strong>nullum</strong></span> <span class='ocrx_word' id='word_1_259' title='bbox 1677 3528 1780 3601; x_wconf 92' lang='lat' dir='ltr'><strong>qui</strong></span> <span class='ocrx_word' id='word_1_260' title='bbox 1813 3528 2095 3584; x_wconf 90' lang='lat' dir='ltr'><strong>ceciderit</strong></span> 
     </span>
    </p>
   </div>
   <div class='ocr_carea' id='block_1_40' title="bbox 436 3606 2093 3688">
    <p class='ocr_par' dir='ltr' id='par_1_40' title="bbox 436 3606 2093 3688">
     <span class='ocr_line' id='line_1_40' title="bbox 436 3606 2093 3688; baseline 0.006 -25"><span class='ocrx_word' id='word_1_261' title='bbox 436 3606 760 3680; x_wconf 87' lang='lat' dir='ltr'><strong>desperare</strong></span> <span class='ocrx_word' id='word_1_262' title='bbox 791 3612 1083 3678; x_wconf 88' lang='lat' dir='ltr'><strong>convenit,</strong></span> <span class='ocrx_word' id='word_1_263' title='bbox 1118 3614 1223 3669; x_wconf 91' lang='lat' dir='ltr'><strong>sed</strong></span> <span class='ocrx_word' id='word_1_264' title='bbox 1260 3614 1416 3671; x_wconf 90' lang='lat' dir='ltr'><strong>illico</strong></span> <span class='ocrx_word' id='word_1_265' title='bbox 1447 3618 1860 3688; x_wconf 62' lang='lat' dir='ltr'><strong>paenitentiam</strong></span> <span class='ocrx_word' id='word_1_266' title='bbox 1918 3634 2093 3687; x_wconf 86' lang='lat' dir='ltr'><strong>agere</strong></span> 
     </span>
    </p>
   </div>
   <div class='ocr_carea' id='block_1_41' title="bbox 437 3699 2089 3774">
    <p class='ocr_par' dir='ltr' id='par_1_41' title="bbox 437 3699 2089 3774">
     <span class='ocr_line' id='line_1_41' title="bbox 437 3699 2089 3774; baseline 0.006 -22"><span class='ocrx_word' id='word_1_267' title='bbox 437 3712 577 3753; x_wconf 92' lang='lat' dir='ltr'><strong>cum</strong></span> <span class='ocrx_word' id='word_1_268' title='bbox 637 3699 869 3757; x_wconf 88' lang='lat' dir='ltr'><strong>divitias</strong></span> <span class='ocrx_word' id='word_1_269' title='bbox 938 3710 1258 3774; x_wconf 87' lang='lat' dir='ltr'><strong>cognoscat</strong></span> <span class='ocrx_word' id='word_1_270' title='bbox 1298 3707 1776 3763; x_wconf 88' lang='lat' dir='ltr'><strong>mansuetudinis</strong></span> <span class='ocrx_word' id='word_1_271' title='bbox 1838 3708 2089 3765; x_wconf 90' lang='lat' dir='ltr'><strong>Domini.</strong></span> 
     </span>
    </p>
   </div>
   <div class='ocr_carea' id='block_1_42' title="bbox 509 3946 2093 4029">
    <p class='ocr_par' dir='ltr' id='par_1_42' title="bbox 509 3946 2093 4029">
     <span class='ocr_line' id='line_1_42' title="bbox 509 3946 2093 4029; baseline 0.009 -28"><span class='ocrx_word' id='word_1_272' title='bbox 509 3946 575 4002; x_wconf 89' lang='lat' dir='ltr'><strong>Et</strong></span> <span class='ocrx_word' id='word_1_273' title='bbox 621 3948 711 4004; x_wconf 90' lang='lat' dir='ltr'><strong>hic</strong></span> <span class='ocrx_word' id='word_1_274' title='bbox 767 3966 1011 4025; x_wconf 88' lang='lat' dir='ltr'><strong>quoque</strong></span> <span class='ocrx_word' id='word_1_275' title='bbox 1062 3954 1533 4024; x_wconf 87' lang='lat' dir='ltr'><strong>observandum,</strong></span> <span class='ocrx_word' id='word_1_276' title='bbox 1588 3958 1749 4029; x_wconf 90' lang='lat' dir='ltr'><strong>quod</strong></span> <span class='ocrx_word' id='word_1_277' title='bbox 1778 3958 2093 4016; x_wconf 74' lang='lat' dir='ltr'><strong>Mattheeus</strong></span> 
     </span>
    </p>
   </div>
   <div class='ocr_carea' id='block_1_43' title="bbox 428 4035 2091 4118">
    <p class='ocr_par' dir='ltr' id='par_1_43' title="bbox 428 4035 2091 4118">
     <span class='ocr_line' id='line_1_43' title="bbox 428 4035 2091 4118; baseline 0.009 -27"><span class='ocrx_word' id='word_1_278' title='bbox 428 4035 681 4113; x_wconf 85' lang='lat' dir='ltr'><strong>quidem</strong></span> <span class='ocrx_word' id='word_1_279' title='bbox 723 4040 740 4076; x_wconf 85' lang='grc'>¹</span> <span class='ocrx_word' id='word_1_280' title='bbox 774 4045 829 4096; x_wconf 93' lang='lat' dir='ltr'><strong>et</strong></span> <span class='ocrx_word' id='word_1_281' title='bbox 852 4042 1075 4098; x_wconf 88' lang='lat' dir='ltr'><strong>Marcus</strong></span> <span class='ocrx_word' id='word_1_282' title='bbox 1106 4046 1127 4080; x_wconf 84' lang='grc'>²</span> <span class='ocrx_word' id='word_1_283' title='bbox 1177 4046 1540 4117; x_wconf 89' lang='lat' dir='ltr'><strong>scripserunt</strong></span> <span class='ocrx_word' id='word_1_284' title='bbox 1570 4047 1831 4118; x_wconf 85' lang='lat' dir='ltr'><strong>primum</strong></span> <span class='ocrx_word' id='word_1_285' title='bbox 1870 4048 2091 4106; x_wconf 87' lang='lat' dir='ltr'><strong>factam</strong></span> 
     </span>
    </p>
   </div>
   <div class='ocr_carea' id='block_1_44' title="bbox 435 4127 2090 4205">
    <p class='ocr_par' dir='ltr' id='par_1_44' title="bbox 435 4127 2090 4205">
     <span class='ocr_line' id='line_1_44' title="bbox 435 4127 2090 4205; baseline 0.01 -26"><span class='ocrx_word' id='word_1_286' title='bbox 435 4138 567 4181; x_wconf 89' lang='lat' dir='ltr'><strong>esse</strong></span> <span class='ocrx_word' id='word_1_287' title='bbox 592 4143 623 4181; x_wconf 88' lang='lat' dir='ltr'><strong>a</strong></span> <span class='ocrx_word' id='word_1_288' title='bbox 649 4127 915 4201; x_wconf 89' lang='lat' dir='ltr'><strong>principe</strong></span> <span class='ocrx_word' id='word_1_289' title='bbox 942 4132 1322 4189; x_wconf 89' lang='lat' dir='ltr'><strong>sacerdotum</strong></span> <span class='ocrx_word' id='word_1_290' title='bbox 1348 4135 1895 4205; x_wconf 81' lang='lat' dir='ltr'><strong>interrogationem,</strong></span> <span class='ocrx_word' id='word_1_291' title='bbox 1926 4138 2090 4194; x_wconf 90' lang='lat' dir='ltr'><strong>dein-</strong></span> 
     </span>
    </p>
   </div>
   <div class='ocr_carea' id='block_1_45' title="bbox 433 4215 2093 4300">
    <p class='ocr_par' dir='ltr' id='par_1_45' title="bbox 433 4215 2093 4300">
     <span class='ocr_line' id='line_1_45' title="bbox 433 4215 2093 4300; baseline 0.008 -29"><span class='ocrx_word' id='word_1_292' title='bbox 433 4215 507 4271; x_wconf 90' lang='lat' dir='ltr'><strong>de</strong></span> <span class='ocrx_word' id='word_1_293' title='bbox 536 4216 879 4274; x_wconf 69' lang='lat' dir='ltr'><strong>Judaaorum</strong></span> <span class='ocrx_word' id='word_1_294' title='bbox 910 4218 1181 4291; x_wconf 86' lang='lat' dir='ltr'><strong>injurias,</strong></span> <span class='ocrx_word' id='word_1_295' title='bbox 1219 4227 1277 4277; x_wconf 88' lang='lat' dir='ltr'><strong>et</strong></span> <span class='ocrx_word' id='word_1_296' title='bbox 1306 4226 1695 4296; x_wconf 89' lang='lat' dir='ltr'><strong>postmodum</strong></span> <span class='ocrx_word' id='word_1_297' title='bbox 1728 4229 1874 4284; x_wconf 90' lang='lat' dir='ltr'><strong>Petri</strong></span> <span class='ocrx_word' id='word_1_298' title='bbox 1915 4244 2093 4300; x_wconf 87' lang='lat' dir='ltr'><strong>nega-</strong></span> 
     </span>
    </p>
   </div>
   <div class='ocr_carea' id='block_1_46' title="bbox 434 4304 2091 4384">
    <p class='ocr_par' dir='ltr' id='par_1_46' title="bbox 434 4304 2091 4384">
     <span class='ocr_line' id='line_1_46' title="bbox 434 4304 2091 4384; baseline 0.009 -25"><span class='ocrx_word' id='word_1_299' title='bbox 434 4304 644 4360; x_wconf 84' lang='lat' dir='ltr'><strong>tiones.</strong></span> <span class='ocrx_word' id='word_1_300' title='bbox 674 4306 866 4363; x_wconf 91' lang='lat' dir='ltr'><strong>Lucas</strong></span> <span class='ocrx_word' id='word_1_301' title='bbox 896 4325 1034 4365; x_wconf 90' lang='lat' dir='ltr'><strong>vero</strong></span> <span class='ocrx_word' id='word_1_302' title='bbox 1061 4309 1325 4381; x_wconf 91' lang='lat' dir='ltr'><strong>primum</strong></span> <span class='ocrx_word' id='word_1_303' title='bbox 1352 4314 1504 4370; x_wconf 90' lang='lat' dir='ltr'><strong>Petri</strong></span> <span class='ocrx_word' id='word_1_304' title='bbox 1529 4316 1898 4384; x_wconf 80' lang='lat' dir='ltr'><strong>negationes,</strong></span> <span class='ocrx_word' id='word_1_305' title='bbox 1928 4318 2091 4374; x_wconf 87' lang='lat' dir='ltr'><strong>dein-</strong></span> 
     </span>
    </p>
   </div>
   <div class='ocr_carea' id='block_1_47' title="bbox 433 4392 2091 4477">
    <p class='ocr_par' dir='ltr' id='par_1_47' title="bbox 433 4392 2091 4477">
     <span class='ocr_line' id='line_1_47' title="bbox 433 4392 2091 4477; baseline 0.01 -30"><span class='ocrx_word' id='word_1_306' title='bbox 433 4392 503 4448; x_wconf 89' lang='lat' dir='ltr'><strong>de</strong></span> <span class='ocrx_word' id='word_1_307' title='bbox 525 4394 796 4463; x_wconf 88' lang='lat' dir='ltr'><strong>injurias,</strong></span> <span class='ocrx_word' id='word_1_308' title='bbox 812 4399 1201 4469; x_wconf 90' lang='lat' dir='ltr'><strong>postmodum</strong></span> <span class='ocrx_word' id='word_1_309' title='bbox 1225 4400 1380 4457; x_wconf 80' lang='lat' dir='ltr'><strong>facto</strong></span> <span class='ocrx_word' id='word_1_310' title='bbox 1396 4403 1526 4474; x_wconf 91' lang='lat' dir='ltr'><strong>jam</strong></span> <span class='ocrx_word' id='word_1_311' title='bbox 1555 4404 1649 4460; x_wconf 93' lang='lat' dir='ltr'><strong>die</strong></span> <span class='ocrx_word' id='word_1_312' title='bbox 1677 4406 2091 4477; x_wconf 85' lang='lat' dir='ltr'><strong>interrogatio-</strong></span> 
     </span>
    </p>
   </div>
   <div class='ocr_carea' id='block_1_48' title="bbox 2627 562 3843 636">
    <p class='ocr_par' dir='ltr' id='par_1_48' title="bbox 2627 562 3843 636">
     <span class='ocr_line' id='line_1_48' title="bbox 2627 562 3843 636; baseline 0.002 -23"><span class='ocrx_word' id='word_1_313' title='bbox 2627 562 3040 634; x_wconf 78' lang='grc' dir='ltr'><strong>ὑπομιμνήσκων</strong></span> <span class='ocrx_word' id='word_1_314' title='bbox 3126 563 3303 619; x_wconf 71' lang='grc' dir='ltr'>αὐτόν.</span> <span class='ocrx_word' id='word_1_315' title='bbox 3387 570 3648 617; x_wconf 77' lang='grc' dir='ltr'><strong>Τοσοῦτον</strong></span> <span class='ocrx_word' id='word_1_316' title='bbox 3741 566 3843 636; x_wconf 82' lang='grc' dir='ltr'>γὰρ</span> 
     </span>
    </p>
   </div>
   <div class='ocr_carea' id='block_1_49' title="bbox 2236 560 2531 635">
    <p class='ocr_par' dir='ltr' id='par_1_49' title="bbox 2236 560 2531 635">
     <span class='ocr_line' id='line_1_49' title="bbox 2236 560 2531 635; baseline 0.007 -22"><span class='ocrx_word' id='word_1_317' title='bbox 2236 560 2531 635; x_wconf 76' lang='grc' dir='ltr'><strong>βλέμματος</strong></span> 
     </span>
    </p>
   </div>
   <div class='ocr_carea' id='block_1_50' title="bbox 2233 651 3850 727">
    <p class='ocr_par' dir='ltr' id='par_1_50' title="bbox 2233 651 3850 727">
     <span class='ocr_line' id='line_1_50' title="bbox 2233 651 3850 727; baseline 0.002 -24"><span class='ocrx_word' id='word_1_318' title='bbox 2233 651 2393 704; x_wconf 74' lang='grc' dir='ltr'>αὐτοῦ</span> <span class='ocrx_word' id='word_1_319' title='bbox 2468 653 2853 727; x_wconf 86' lang='grc' dir='ltr'>κατεκράτησεν</span> <span class='ocrx_word' id='word_1_320' title='bbox 2936 654 2960 704; x_wconf 91' lang='grc' dir='ltr'><strong>ό</strong></span> <span class='ocrx_word' id='word_1_321' title='bbox 3048 652 3219 726; x_wconf 79' lang='grc' dir='ltr'>φόϐος,</span> <span class='ocrx_word' id='word_1_322' title='bbox 3300 657 3369 715; x_wconf 83' lang='grc' dir='ltr'>ὡς</span> <span class='ocrx_word' id='word_1_323' title='bbox 3439 652 3850 712; x_wconf 75' lang='grc' dir='ltr'><strong>ἀποτεθνηκέναι</strong></span> 
     </span>
    </p>
   </div>
   <div class='ocr_carea' id='block_1_51' title="bbox 2230 740 3841 817">
    <p class='ocr_par' dir='ltr' id='par_1_51' title="bbox 2230 740 3841 817">
     <span class='ocr_line' id='line_1_51' title="bbox 2230 740 3841 817; baseline 0.001 -24"><span class='ocrx_word' id='word_1_324' title='bbox 2230 749 2442 814; x_wconf 78' lang='grc' dir='ltr'><strong>μικροῦ,</strong></span> <span class='ocrx_word' id='word_1_325' title='bbox 2499 746 2589 794; x_wconf 89' lang='grc' dir='ltr'>καὶ</span> <span class='ocrx_word' id='word_1_326' title='bbox 2658 749 2747 794; x_wconf 93' lang='grc' dir='ltr'><strong>τοῦ</strong></span> <span class='ocrx_word' id='word_1_327' title='bbox 2829 740 3103 817; x_wconf 76' lang='grc' dir='ltr'>ἀλέκτορος</span> <span class='ocrx_word' id='word_1_328' title='bbox 3180 748 3510 815; x_wconf 76' lang='grc' dir='ltr'><strong>φωνήσαντος</strong></span> <span class='ocrx_word' id='word_1_329' title='bbox 3572 742 3631 795; x_wconf 79' lang='grc' dir='ltr'>οὐ</span> <span class='ocrx_word' id='word_1_330' title='bbox 3684 748 3841 815; x_wconf 88' lang='grc' dir='ltr'>μόνον</span> 
     </span>
    </p>
   </div>
   <div class='ocr_carea' id='block_1_52' title="bbox 2230 828 3836 904">
    <p class='ocr_par' dir='ltr' id='par_1_52' title="bbox 2230 828 3836 904">
     <span class='ocr_line' id='line_1_52' title="bbox 2230 828 3836 904; baseline 0.002 -22"><span class='ocrx_word' id='word_1_331' title='bbox 2230 831 2390 898; x_wconf 79' lang='grc' dir='ltr'>ἅπαξ,</span> <span class='ocrx_word' id='word_1_332' title='bbox 2422 829 2548 883; x_wconf 83' lang='grc' dir='ltr'><strong>ἀλλά</strong></span> <span class='ocrx_word' id='word_1_333' title='bbox 2591 837 2679 884; x_wconf 81' lang='grc' dir='ltr'>καὶ</span> <span class='ocrx_word' id='word_1_334' title='bbox 2726 828 2831 897; x_wconf 80' lang='grc' dir='ltr'>δὶς,</span> <span class='ocrx_word' id='word_1_335' title='bbox 2865 828 2997 904; x_wconf 83' lang='grc' dir='ltr'>μηδ’</span> <span class='ocrx_word' id='word_1_336' title='bbox 3037 833 3200 895; x_wconf 74' lang='grc' dir='ltr'>οὕτως</span> <span class='ocrx_word' id='word_1_337' title='bbox 3246 835 3317 895; x_wconf 88' lang='grc' dir='ltr'>εἰς</span> <span class='ocrx_word' id='word_1_338' title='bbox 3367 835 3616 891; x_wconf 87' lang='grc' dir='ltr'>αῖσθησιν</span> <span class='ocrx_word' id='word_1_339' title='bbox 3653 832 3836 897; x_wconf 78' lang='grc' dir='ltr'><strong>ἐλθεῖν,</strong></span> 
     </span>
    </p>
   </div>
   <div class='ocr_carea' id='block_1_53' title="bbox 2230 917 3839 998">
    <p class='ocr_par' dir='ltr' id='par_1_53' title="bbox 2230 917 3839 998">
     <span class='ocr_line' id='line_1_53' title="bbox 2230 917 3839 998; baseline 0.002 -27"><span class='ocrx_word' id='word_1_340' title='bbox 2230 919 2357 972; x_wconf 85' lang='grc' dir='ltr'><strong>ἀλλά</strong></span> <span class='ocrx_word' id='word_1_341' title='bbox 2401 917 2654 980; x_wconf 86' lang='grc' dir='ltr'>δεηθῆναι</span> <span class='ocrx_word' id='word_1_342' title='bbox 2702 927 2789 974; x_wconf 85' lang='grc' dir='ltr'>καὶ</span> <span class='ocrx_word' id='word_1_343' title='bbox 2843 929 2935 973; x_wconf 84' lang='grc' dir='ltr'><strong>τοῦ</strong></span> <span class='ocrx_word' id='word_1_344' title='bbox 2968 920 3264 995; x_wconf 78' lang='grc' dir='ltr'>βλέμματος</span> <span class='ocrx_word' id='word_1_345' title='bbox 3310 930 3402 975; x_wconf 86' lang='grc' dir='ltr'><strong>τοῦ</strong></span> <span class='ocrx_word' id='word_1_346' title='bbox 3438 930 3688 998; x_wconf 82' lang='grc' dir='ltr'>Σωτῆρος.</span> <span class='ocrx_word' id='word_1_347' title='bbox 3722 919 3839 976; x_wconf 82' lang='grc' dir='ltr'>Ἴδε</span> 
     </span>
    </p>
   </div>
   <div class='ocr_carea' id='block_1_54' title="bbox 2225 1009 3837 1088">
    <p class='ocr_par' dir='ltr' id='par_1_54' title="bbox 2225 1009 3837 1088">
     <span class='ocr_line' id='line_1_54' title="bbox 2225 1009 3837 1088; baseline 0.001 -26"><span class='ocrx_word' id='word_1_348' title='bbox 2225 1018 2351 1082; x_wconf 81' lang='grc' dir='ltr'>γοῦν</span> <span class='ocrx_word' id='word_1_349' title='bbox 2383 1009 2669 1077; x_wconf 87' lang='grc' dir='ltr'>ἀσθένειαν,</span> <span class='ocrx_word' id='word_1_350' title='bbox 2724 1019 2828 1072; x_wconf 88' lang='grc' dir='ltr'><strong>πῶς</strong></span> <span class='ocrx_word' id='word_1_351' title='bbox 2888 1016 2937 1064; x_wconf 82' lang='grc' dir='ltr'><strong>έν</strong></span> <span class='ocrx_word' id='word_1_352' title='bbox 2994 1011 3193 1086; x_wconf 82' lang='grc' dir='ltr'>βραχεῖ</span> <span class='ocrx_word' id='word_1_353' title='bbox 3244 1032 3409 1083; x_wconf 85' lang='grc' dir='ltr'>καιρῳ</span> <span class='ocrx_word' id='word_1_354' title='bbox 3458 1016 3633 1085; x_wconf 88' lang='grc' dir='ltr'>τρίτον</span> <span class='ocrx_word' id='word_1_355' title='bbox 3672 1012 3837 1088; x_wconf 78' lang='grc' dir='ltr'>ἠρνή-</span> 
     </span>
    </p>
   </div>
   <div class='ocr_carea' id='block_1_55' title="bbox 2230 1098 3832 1178">
    <p class='ocr_par' dir='ltr' id='par_1_55' title="bbox 2230 1098 3832 1178">
     <span class='ocr_line' id='line_1_55' title="bbox 2230 1098 3832 1178; baseline 0.002 -26"><span class='ocrx_word' id='word_1_356' title='bbox 2230 1120 2377 1168; x_wconf 87' lang='grc' dir='ltr'>σατο,</span> <span class='ocrx_word' id='word_1_357' title='bbox 2411 1106 2501 1153; x_wconf 83' lang='grc' dir='ltr'>καὶ</span> <span class='ocrx_word' id='word_1_358' title='bbox 2541 1100 2594 1153; x_wconf 84' lang='grc' dir='ltr'><strong>έκ</strong></span> <span class='ocrx_word' id='word_1_359' title='bbox 2627 1098 2900 1173; x_wconf 77' lang='grc' dir='ltr'><strong>διαδοχῆς</strong></span> <span class='ocrx_word' id='word_1_360' title='bbox 2948 1104 3044 1164; x_wconf 80' lang='grc' dir='ltr'><strong>τὰς</strong></span> <span class='ocrx_word' id='word_1_361' title='bbox 3085 1110 3218 1178; x_wconf 81' lang='grc' dir='ltr'><strong>τρεῖς</strong></span> <span class='ocrx_word' id='word_1_362' title='bbox 3246 1102 3484 1176; x_wconf 75' lang='grc' dir='ltr'>ἀρνήσεις</span> <span class='ocrx_word' id='word_1_363' title='bbox 3523 1103 3832 1170; x_wconf 78' lang='grc' dir='ltr'>ἐποιήσατο,</span> 
     </span>
    </p>
   </div>
   <div class='ocr_carea' id='block_1_56' title="bbox 2226 1188 3834 1266">
    <p class='ocr_par' dir='ltr' id='par_1_56' title="bbox 2226 1188 3834 1266">
     <span class='ocr_line' id='line_1_56' title="bbox 2226 1188 3834 1266; baseline 0.001 -25"><span class='ocrx_word' id='word_1_364' title='bbox 2226 1194 2313 1241; x_wconf 83' lang='grc' dir='ltr'>καὶ</span> <span class='ocrx_word' id='word_1_365' title='bbox 2361 1189 2454 1241; x_wconf 72' lang='grc' dir='ltr'>οὐκ</span> <span class='ocrx_word' id='word_1_366' title='bbox 2506 1188 2829 1263; x_wconf 80' lang='grc' dir='ltr'>ἐταςόμενος,</span> <span class='ocrx_word' id='word_1_367' title='bbox 2882 1189 3009 1257; x_wconf 88' lang='grc' dir='ltr'>ἀλλ’,</span> <span class='ocrx_word' id='word_1_368' title='bbox 3067 1194 3137 1254; x_wconf 83' lang='grc' dir='ltr'>ὡς</span> <span class='ocrx_word' id='word_1_369' title='bbox 3187 1194 3366 1264; x_wconf 82' lang='grc' dir='ltr'>ἔτυχε,</span> <span class='ocrx_word' id='word_1_370' title='bbox 3415 1194 3553 1245; x_wconf 88' lang='grc' dir='ltr'>κατὰ</span> <span class='ocrx_word' id='word_1_371' title='bbox 3598 1189 3834 1266; x_wconf 86' lang='grc' dir='ltr'>πάροδον</span> 
     </span>
    </p>
   </div>
   <div class='ocr_carea' id='block_1_57' title="bbox 2225 1276 2570 1352">
    <p class='ocr_par' dir='ltr' id='par_1_57' title="bbox 2225 1276 2570 1352">
     <span class='ocr_line' id='line_1_57' title="bbox 2225 1276 2570 1352; baseline 0.009 -22"><span class='ocrx_word' id='word_1_372' title='bbox 2225 1276 2545 1352; x_wconf 80' lang='grc' dir='ltr'>ἐρωτώμενος</span> <span class='ocrx_word' id='word_1_373' title='bbox 2558 1320 2570 1333; x_wconf 96' lang='grc'><strong>.</strong></span> 
     </span>
    </p>
   </div>
   <div class='ocr_carea' id='block_1_58' title="bbox 2300 1367 3836 1445">
    <p class='ocr_par' dir='ltr' id='par_1_58' title="bbox 2300 1367 3836 1445">
     <span class='ocr_line' id='line_1_58' title="bbox 2300 1367 3836 1445; baseline 0.001 -24"><span class='ocrx_word' id='word_1_374' title='bbox 2300 1372 2399 1421; x_wconf 80' lang='grc' dir='ltr'><strong>Καὶ</strong></span> <span class='ocrx_word' id='word_1_375' title='bbox 2469 1367 2680 1431; x_wconf 76' lang='grc' dir='ltr'>ἐξελθὼν</span> <span class='ocrx_word' id='word_1_376' title='bbox 2732 1400 2801 1409; x_wconf 93' lang='grc'><strong>-</strong></span> <span class='ocrx_word' id='word_1_377' title='bbox 2857 1378 3078 1445; x_wconf 84' lang='grc' dir='ltr'>πικρῶς.</span> <span class='ocrx_word' id='word_1_378' title='bbox 3136 1370 3374 1434; x_wconf 80' lang='grc' dir='ltr'>Ἐξῆλθεν</span> <span class='ocrx_word' id='word_1_379' title='bbox 3444 1370 3560 1438; x_wconf 73' lang='grc' dir='ltr'>ἔξω,</span> <span class='ocrx_word' id='word_1_380' title='bbox 3647 1370 3836 1443; x_wconf 78' lang='grc' dir='ltr'>φοϐού-</span> 
     </span>
    </p>
   </div>
   <div class='ocr_carea' id='block_1_59' title="bbox 2224 1457 3834 1532">
    <p class='ocr_par' dir='ltr' id='par_1_59' title="bbox 2224 1457 3834 1532">
     <span class='ocr_line' id='line_1_59' title="bbox 2224 1457 3834 1532; baseline 0.004 -24"><span class='ocrx_word' id='word_1_381' title='bbox 2224 1476 2371 1529; x_wconf 87' lang='grc' dir='ltr'>μενος</span> <span class='ocrx_word' id='word_1_382' title='bbox 2446 1461 2647 1529; x_wconf 86' lang='grc' dir='ltr'>μήποτε</span> <span class='ocrx_word' id='word_1_383' title='bbox 2725 1457 2915 1510; x_wconf 83' lang='grc' dir='ltr'>κλαίων</span> <span class='ocrx_word' id='word_1_384' title='bbox 2980 1462 3288 1532; x_wconf 73' lang='grc' dir='ltr'>κατασχεθῇ</span> <span class='ocrx_word' id='word_1_385' title='bbox 3366 1465 3455 1513; x_wconf 85' lang='grc' dir='ltr'>καὶ</span> <span class='ocrx_word' id='word_1_386' title='bbox 3518 1459 3693 1523; x_wconf 72' lang='grc' dir='ltr'>αὑτός.</span> <span class='ocrx_word' id='word_1_387' title='bbox 3743 1460 3834 1514; x_wconf 78' lang='grc' dir='ltr'><strong>Ἐ-</strong></span> 
     </span>
    </p>
   </div>
   <div class='ocr_carea' id='block_1_60' title="bbox 2223 1543 3834 1623">
    <p class='ocr_par' dir='ltr' id='par_1_60' title="bbox 2223 1543 3834 1623">
     <span class='ocr_line' id='line_1_60' title="bbox 2223 1543 3834 1623; baseline 0.003 -25"><span class='ocrx_word' id='word_1_388' title='bbox 2223 1545 2418 1599; x_wconf 89' lang='grc' dir='ltr'>κλαυσε</span> <span class='ocrx_word' id='word_1_389' title='bbox 2449 1543 2508 1599; x_wconf 68' lang='grc' dir='ltr'><strong>δε</strong></span> <span class='ocrx_word' id='word_1_390' title='bbox 2538 1547 2643 1618; x_wconf 69' lang='grc' dir='ltr'>οὐχ</span> <span class='ocrx_word' id='word_1_391' title='bbox 2675 1547 2865 1611; x_wconf 80' lang='grc' dir='ltr'>ἁπλῶς,</span> <span class='ocrx_word' id='word_1_392' title='bbox 2904 1547 3030 1601; x_wconf 76' lang='grc' dir='ltr'>ἀλλὰ</span> <span class='ocrx_word' id='word_1_393' title='bbox 3059 1558 3273 1621; x_wconf 87' lang='grc' dir='ltr'>πικρῶς.</span> <span class='ocrx_word' id='word_1_394' title='bbox 3295 1550 3354 1602; x_wconf 84' lang='grc' dir='ltr'><strong>Ὀ</strong></span> <span class='ocrx_word' id='word_1_395' title='bbox 3381 1546 3440 1602; x_wconf 69' lang='grc' dir='ltr'>δὲ</span> <span class='ocrx_word' id='word_1_396' title='bbox 3464 1552 3677 1623; x_wconf 89' lang='grc' dir='ltr'>Μάρκος</span> <span class='ocrx_word' id='word_1_397' title='bbox 3693 1547 3834 1603; x_wconf 85' lang='grc' dir='ltr'>εἶπεν</span> 
     </span>
    </p>
   </div>
   <div class='ocr_carea' id='block_1_61' title="bbox 2222 1635 3836 1713">
    <p class='ocr_par' dir='ltr' id='par_1_61' title="bbox 2222 1635 3836 1713">
     <span class='ocr_line' id='line_1_61' title="bbox 2222 1635 3836 1713; baseline 0.002 -26"><span class='ocrx_word' id='word_1_398' title='bbox 2222 1638 2301 1688; x_wconf 87' lang='grc' dir='ltr'>ὅτι</span> <span class='ocrx_word' id='word_1_399' title='bbox 2376 1635 2628 1688; x_wconf 81' lang='grc' dir='ltr'>ἐπιϐαλὼν</span> <span class='ocrx_word' id='word_1_400' title='bbox 2705 1637 2938 1690; x_wconf 74' lang='grc' dir='ltr'>ἔκλαιενο</span> <span class='ocrx_word' id='word_1_401' title='bbox 2972 1637 3247 1704; x_wconf 81' lang='grc' dir='ltr'>ἐπιϐαλων,</span> <span class='ocrx_word' id='word_1_402' title='bbox 3314 1638 3427 1691; x_wconf 84' lang='grc' dir='ltr'>ἀντὶ</span> <span class='ocrx_word' id='word_1_403' title='bbox 3491 1647 3604 1705; x_wconf 88' lang='grc' dir='ltr'>τοῦ,</span> <span class='ocrx_word' id='word_1_404' title='bbox 3674 1638 3836 1713; x_wconf 82' lang='grc' dir='ltr'>ἀρξά-</span> 
     </span>
    </p>
   </div>
   <div class='ocr_carea' id='block_1_62' title="bbox 2221 1724 3832 1803">
    <p class='ocr_par' dir='ltr' id='par_1_62' title="bbox 2221 1724 3832 1803">
     <span class='ocr_line' id='line_1_62' title="bbox 2221 1724 3832 1803; baseline 0.003 -26"><span class='ocrx_word' id='word_1_405' title='bbox 2221 1744 2393 1798; x_wconf 84' lang='grc' dir='ltr'>μενος.</span> <span class='ocrx_word' id='word_1_406' title='bbox 2444 1727 2686 1788; x_wconf 81' lang='grc' dir='ltr'>Ἰωάννης</span> <span class='ocrx_word' id='word_1_407' title='bbox 2735 1724 2794 1780; x_wconf 76' lang='grc' dir='ltr'><strong>δε</strong></span> <span class='ocrx_word' id='word_1_408' title='bbox 2846 1733 2935 1781; x_wconf 83' lang='grc' dir='ltr'>καὶ</span> <span class='ocrx_word' id='word_1_409' title='bbox 2980 1735 3133 1781; x_wconf 87' lang='grc' dir='ltr'>τοῦτο</span> <span class='ocrx_word' id='word_1_410' title='bbox 3191 1725 3545 1803; x_wconf 82' lang='grc' dir='ltr'>παρέδραμεν,</span> <span class='ocrx_word' id='word_1_411' title='bbox 3597 1732 3667 1792; x_wconf 85' lang='grc' dir='ltr'>ὡς</span> <span class='ocrx_word' id='word_1_412' title='bbox 3718 1737 3832 1792; x_wconf 90' lang='grc' dir='ltr'>τοῖς</span> 
     </span>
    </p>
   </div>
   <div class='ocr_carea' id='block_1_63' title="bbox 2222 1815 2713 1889">
    <p class='ocr_par' dir='ltr' id='par_1_63' title="bbox 2222 1815 2713 1889">
     <span class='ocr_line' id='line_1_63' title="bbox 2222 1815 2713 1889; baseline 0.008 -22"><span class='ocrx_word' id='word_1_413' title='bbox 2222 1815 2395 1877; x_wconf 83' lang='grc' dir='ltr'>ἄλλοις</span> <span class='ocrx_word' id='word_1_414' title='bbox 2426 1816 2713 1889; x_wconf 83' lang='grc' dir='ltr'>εἰρημένον.</span> 
     </span>
    </p>
   </div>
   <div class='ocr_carea' id='block_1_64' title="bbox 2290 1901 3832 1981">
    <p class='ocr_par' dir='ltr' id='par_1_64' title="bbox 2290 1901 3832 1981">
     <span class='ocr_line' id='line_1_64' title="bbox 2290 1901 3832 1981; baseline 0.004 -25"><span class='ocrx_word' id='word_1_415' title='bbox 2290 1901 2437 1965; x_wconf 85' lang='grc' dir='ltr'>Εἶδες</span> <span class='ocrx_word' id='word_1_416' title='bbox 2492 1910 2585 1963; x_wconf 88' lang='grc' dir='ltr'><strong>τήν</strong></span> <span class='ocrx_word' id='word_1_417' title='bbox 2635 1904 2914 1980; x_wconf 78' lang='grc' dir='ltr'>ἁμαρτίαν,</span> <span class='ocrx_word' id='word_1_418' title='bbox 2969 1903 3053 1959; x_wconf 84' lang='grc' dir='ltr'><strong>ἴδε</strong></span> <span class='ocrx_word' id='word_1_419' title='bbox 3113 1913 3203 1960; x_wconf 87' lang='grc' dir='ltr'>καὶ</span> <span class='ocrx_word' id='word_1_420' title='bbox 3257 1912 3351 1966; x_wconf 77' lang='grc' dir='ltr'><strong>τήν</strong></span> <span class='ocrx_word' id='word_1_421' title='bbox 3398 1911 3691 1981; x_wconf 87' lang='grc' dir='ltr'>μετάνοιαν.</span> <span class='ocrx_word' id='word_1_422' title='bbox 3732 1912 3832 1963; x_wconf 87' lang='grc' dir='ltr'><strong>Διὰ</strong></span> 
     </span>
    </p>
   </div>
   <div class='ocr_carea' id='block_1_65' title="bbox 2218 1995 3829 2071">
    <p class='ocr_par' dir='ltr' id='par_1_65' title="bbox 2218 1995 3829 2071">
     <span class='ocr_line' id='line_1_65' title="bbox 2218 1995 3829 2071; baseline 0.003 -25"><span class='ocrx_word' id='word_1_423' title='bbox 2218 2002 2370 2047; x_wconf 80' lang='grc' dir='ltr'>τοῦτο</span> <span class='ocrx_word' id='word_1_424' title='bbox 2425 1998 2526 2068; x_wconf 81' lang='grc' dir='ltr'><strong>γὰρ</strong></span> <span class='ocrx_word' id='word_1_425' title='bbox 2592 1999 2681 2047; x_wconf 86' lang='grc' dir='ltr'>καὶ</span> <span class='ocrx_word' id='word_1_426' title='bbox 2748 2000 2802 2047; x_wconf 80' lang='grc' dir='ltr'><strong>αὶ</strong></span> <span class='ocrx_word' id='word_1_427' title='bbox 2852 1995 3106 2069; x_wconf 84' lang='grc' dir='ltr'>ἁμαρτίαι</span> <span class='ocrx_word' id='word_1_428' title='bbox 3150 2001 3234 2048; x_wconf 72' lang='grc' dir='ltr'>καὶ</span> <span class='ocrx_word' id='word_1_429' title='bbox 3291 1998 3345 2049; x_wconf 88' lang='grc' dir='ltr'>αἰ</span> <span class='ocrx_word' id='word_1_430' title='bbox 3396 2001 3662 2071; x_wconf 88' lang='grc' dir='ltr'>μετάνοιαι</span> <span class='ocrx_word' id='word_1_431' title='bbox 3725 2009 3829 2053; x_wconf 87' lang='grc' dir='ltr'><strong>τῶν</strong></span> 
     </span>
    </p>
   </div>
   <div class='ocr_carea' id='block_1_66' title="bbox 2218 2082 3831 2162">
    <p class='ocr_par' dir='ltr' id='par_1_66' title="bbox 2218 2082 3831 2162">
     <span class='ocr_line' id='line_1_66' title="bbox 2218 2082 3831 2162; baseline 0.005 -27"><span class='ocrx_word' id='word_1_432' title='bbox 2218 2082 2379 2155; x_wconf 83' lang='grc' dir='ltr'>ἁγίων</span> <span class='ocrx_word' id='word_1_433' title='bbox 2445 2083 2762 2159; x_wconf 72' lang='grc' dir='ltr'>ἐγράφησαν,</span> <span class='ocrx_word' id='word_1_434' title='bbox 2820 2086 2920 2151; x_wconf 79' lang='grc' dir='ltr'>ἵνα,</span> <span class='ocrx_word' id='word_1_435' title='bbox 2976 2087 3097 2137; x_wconf 83' lang='grc' dir='ltr'>ὅταν</span> <span class='ocrx_word' id='word_1_436' title='bbox 3154 2085 3483 2161; x_wconf 85' lang='grc' dir='ltr'>ἀμάρτωμεν,</span> <span class='ocrx_word' id='word_1_437' title='bbox 3543 2091 3831 2162; x_wconf 75' lang='grc' dir='ltr'>μιμώμεθα</span> 
     </span>
    </p>
   </div>
   <div class='ocr_carea' id='block_1_67' title="bbox 2216 2174 3827 2251">
    <p class='ocr_par' dir='ltr' id='par_1_67' title="bbox 2216 2174 3827 2251">
     <span class='ocr_line' id='line_1_67' title="bbox 2216 2174 3827 2251; baseline 0.004 -26"><span class='ocrx_word' id='word_1_438' title='bbox 2216 2178 2310 2231; x_wconf 88' lang='grc' dir='ltr'><strong>τήν</strong></span> <span class='ocrx_word' id='word_1_439' title='bbox 2376 2177 2571 2226; x_wconf 78' lang='grc' dir='ltr'>τουτων</span> <span class='ocrx_word' id='word_1_440' title='bbox 2642 2176 2938 2246; x_wconf 86' lang='grc' dir='ltr'>μετάνοιαν.</span> <span class='ocrx_word' id='word_1_441' title='bbox 2992 2179 3357 2251; x_wconf 82' lang='grc' dir='ltr'>Παρεχωρήθη</span> <span class='ocrx_word' id='word_1_442' title='bbox 3435 2174 3493 2230; x_wconf 68' lang='grc' dir='ltr'>δὲ</span> <span class='ocrx_word' id='word_1_443' title='bbox 3548 2186 3724 2231; x_wconf 86' lang='grc' dir='ltr'>πεσεῖν</span> <span class='ocrx_word' id='word_1_444' title='bbox 3799 2181 3827 2232; x_wconf 87' lang='grc' dir='ltr'><strong><em>ὁ</em></strong></span> 
     </span>
    </p>
   </div>
   <div class='ocr_carea' id='block_1_68' title="bbox 2218 2260 3823 2340">
    <p class='ocr_par' dir='ltr' id='par_1_68' title="bbox 2218 2260 3823 2340">
     <span class='ocr_line' id='line_1_68' title="bbox 2218 2260 3823 2340; baseline 0.004 -26"><span class='ocrx_word' id='word_1_445' title='bbox 2218 2267 2408 2334; x_wconf 78' lang='grc' dir='ltr'>Πέτρος</span> <span class='ocrx_word' id='word_1_446' title='bbox 2448 2262 2506 2315; x_wconf 77' lang='grc' dir='ltr'>οὐ</span> <span class='ocrx_word' id='word_1_447' title='bbox 2556 2268 2709 2336; x_wconf 88' lang='grc' dir='ltr'>μόνον</span> <span class='ocrx_word' id='word_1_448' title='bbox 2764 2260 2858 2316; x_wconf 83' lang='grc' dir='ltr'>διὰ</span> <span class='ocrx_word' id='word_1_449' title='bbox 2904 2265 2993 2324; x_wconf 81' lang='grc' dir='ltr'>τὰς</span> <span class='ocrx_word' id='word_1_450' title='bbox 3042 2263 3276 2337; x_wconf 88' lang='grc' dir='ltr'>ἀνωτέρω</span> <span class='ocrx_word' id='word_1_451' title='bbox 3321 2267 3569 2340; x_wconf 83' lang='grc' dir='ltr'>ῥηθείσας</span> <span class='ocrx_word' id='word_1_452' title='bbox 3626 2268 3823 2337; x_wconf 81' lang='grc' dir='ltr'>αἰτίας,</span> 
     </span>
    </p>
   </div>
   <div class='ocr_carea' id='block_1_69' title="bbox 2214 2350 3826 2426">
    <p class='ocr_par' dir='ltr' id='par_1_69' title="bbox 2214 2350 3826 2426">
     <span class='ocr_line' id='line_1_69' title="bbox 2214 2350 3826 2426; baseline 0.002 -21"><span class='ocrx_word' id='word_1_453' title='bbox 2214 2350 2342 2405; x_wconf 86' lang='grc' dir='ltr'><strong>ἀλλά</strong></span> <span class='ocrx_word' id='word_1_454' title='bbox 2378 2357 2465 2405; x_wconf 78' lang='grc' dir='ltr'>καὶ</span> <span class='ocrx_word' id='word_1_455' title='bbox 2520 2355 2600 2405; x_wconf 87' lang='grc' dir='ltr'><strong>ἱνα</strong></span> <span class='ocrx_word' id='word_1_456' title='bbox 2641 2356 2781 2425; x_wconf 75' lang='grc' dir='ltr'>μάθῃ</span> <span class='ocrx_word' id='word_1_457' title='bbox 2828 2361 3207 2425; x_wconf 86' lang='grc' dir='ltr'>συγγνωμονεῖν</span> <span class='ocrx_word' id='word_1_458' title='bbox 3262 2362 3372 2416; x_wconf 90' lang='grc' dir='ltr'>τοῖς</span> <span class='ocrx_word' id='word_1_459' title='bbox 3411 2355 3826 2426; x_wconf 85' lang='grc' dir='ltr'>ὀλισθαίνουσιν,</span> 
     </span>
    </p>
   </div>
   <div class='ocr_carea' id='block_1_70' title="bbox 2213 2440 3832 2519">
    <p class='ocr_par' dir='ltr' id='par_1_70' title="bbox 2213 2440 3832 2519">
     <span class='ocr_line' id='line_1_70' title="bbox 2213 2440 3832 2519; baseline 0.004 -25"><span class='ocrx_word' id='word_1_460' title='bbox 2213 2440 2268 2494; x_wconf 80' lang='grc' dir='ltr'>ἐκ</span> <span class='ocrx_word' id='word_1_461' title='bbox 2324 2451 2419 2505; x_wconf 83' lang='grc' dir='ltr'>τῆς</span> <span class='ocrx_word' id='word_1_462' title='bbox 2475 2442 2668 2503; x_wconf 82' lang='grc' dir='ltr'>οἰκείας</span> <span class='ocrx_word' id='word_1_463' title='bbox 2713 2441 2980 2503; x_wconf 86' lang='grc' dir='ltr'>ἀσθενείας</span> <span class='ocrx_word' id='word_1_464' title='bbox 3035 2447 3125 2495; x_wconf 85' lang='grc' dir='ltr'>καὶ</span> <span class='ocrx_word' id='word_1_465' title='bbox 3182 2448 3275 2501; x_wconf 90' lang='grc' dir='ltr'><strong>τήν</strong></span> <span class='ocrx_word' id='word_1_466' title='bbox 3331 2447 3525 2497; x_wconf 80' lang='grc' dir='ltr'>τούτων</span> <span class='ocrx_word' id='word_1_467' title='bbox 3584 2446 3832 2519; x_wconf 81' lang='grc' dir='ltr'>ἐπιγινώ-</span> 
     </span>
    </p>
   </div>
   <div class='ocr_carea' id='block_1_71' title="bbox 2213 2532 3827 2604">
    <p class='ocr_par' dir='ltr' id='par_1_71' title="bbox 2213 2532 3827 2604">
     <span class='ocr_line' id='line_1_71' title="bbox 2213 2532 3827 2604; baseline 0.004 -20"><span class='ocrx_word' id='word_1_468' title='bbox 2213 2551 2369 2584; x_wconf 86' lang='grc' dir='ltr'>σκων·</span> <span class='ocrx_word' id='word_1_469' title='bbox 2427 2532 2595 2604; x_wconf 75' lang='grc' dir='ltr'>ἔμελλε</span> <span class='ocrx_word' id='word_1_470' title='bbox 2649 2534 2749 2603; x_wconf 88' lang='grc' dir='ltr'><strong>γάρ</strong></span> <span class='ocrx_word' id='word_1_471' title='bbox 2808 2536 3003 2604; x_wconf 86' lang='grc' dir='ltr'>ποιμήν</span> <span class='ocrx_word' id='word_1_472' title='bbox 3059 2540 3406 2592; x_wconf 84' lang='grc' dir='ltr'>καταστῆναι·</span> <span class='ocrx_word' id='word_1_473' title='bbox 3463 2540 3552 2587; x_wconf 85' lang='grc' dir='ltr'>καὶ</span> <span class='ocrx_word' id='word_1_474' title='bbox 3608 2538 3689 2589; x_wconf 85' lang='grc' dir='ltr'><strong>ἱνα</strong></span> <span class='ocrx_word' id='word_1_475' title='bbox 3732 2558 3827 2591; x_wconf 86' lang='grc' dir='ltr'>τε-</span> 
     </span>
    </p>
   </div>
   <div class='ocr_carea' id='block_1_72' title="bbox 2209 2620 3827 2701">
    <p class='ocr_par' dir='ltr' id='par_1_72' title="bbox 2209 2620 3827 2701">
     <span class='ocr_line' id='line_1_72' title="bbox 2209 2620 3827 2701; baseline 0.004 -29"><span class='ocrx_word' id='word_1_476' title='bbox 2209 2620 2510 2696; x_wconf 83' lang='grc' dir='ltr'>λεσιουργός</span> <span class='ocrx_word' id='word_1_477' title='bbox 2578 2620 2813 2692; x_wconf 76' lang='grc' dir='ltr'>μεγάλων</span> <span class='ocrx_word' id='word_1_478' title='bbox 2896 2623 3173 2693; x_wconf 78' lang='grc' dir='ltr'>θαυμάτων</span> <span class='ocrx_word' id='word_1_479' title='bbox 3254 2628 3538 2696; x_wconf 82' lang='grc' dir='ltr'>γενόμενος,</span> <span class='ocrx_word' id='word_1_480' title='bbox 3610 2645 3827 2701; x_wconf 86' lang='grc' dir='ltr'>πετριο-</span> 
     </span>
    </p>
   </div>
   <div class='ocr_carea' id='block_1_73' title="bbox 2211 2715 3825 2785">
    <p class='ocr_par' dir='ltr' id='par_1_73' title="bbox 2211 2715 3825 2785">
     <span class='ocr_line' id='line_1_73' title="bbox 2211 2715 3825 2785; baseline 0.005 -24"><span class='ocrx_word' id='word_1_481' title='bbox 2211 2719 2390 2783; x_wconf 69' lang='grc' dir='ltr'>φρονῇδ</span> <span class='ocrx_word' id='word_1_482' title='bbox 2445 2715 2533 2762; x_wconf 85' lang='grc' dir='ltr'>καὶ</span> <span class='ocrx_word' id='word_1_483' title='bbox 2582 2718 2672 2762; x_wconf 89' lang='grc' dir='ltr'><strong>τοῦ</strong></span> <span class='ocrx_word' id='word_1_484' title='bbox 2724 2715 2995 2781; x_wconf 80' lang='grc' dir='ltr'>πτώματος</span> <span class='ocrx_word' id='word_1_485' title='bbox 3056 2715 3403 2783; x_wconf 76' lang='grc' dir='ltr'>μνημονεύων,</span> <span class='ocrx_word' id='word_1_486' title='bbox 3463 2722 3535 2784; x_wconf 83' lang='grc' dir='ltr'>τῷ</span> <span class='ocrx_word' id='word_1_487' title='bbox 3591 2722 3704 2785; x_wconf 84' lang='grc' dir='ltr'><strong>Θεῷ</strong></span> <span class='ocrx_word' id='word_1_488' title='bbox 3759 2720 3825 2770; x_wconf 86' lang='grc' dir='ltr'><strong>τό</strong></span> 
     </span>
    </p>
   </div>
   <div class='ocr_carea' id='block_1_74' title="bbox 2208 2799 3822 2877">
    <p class='ocr_par' dir='ltr' id='par_1_74' title="bbox 2208 2799 3822 2877">
     <span class='ocr_line' id='line_1_74' title="bbox 2208 2799 3822 2877; baseline 0.005 -25"><span class='ocrx_word' id='word_1_489' title='bbox 2208 2806 2309 2852; x_wconf 88' lang='grc' dir='ltr'>πᾶν</span> <span class='ocrx_word' id='word_1_490' title='bbox 2356 2799 2725 2873; x_wconf 73' lang='grc' dir='ltr'>ἐπιγράφηται.</span> <span class='ocrx_word' id='word_1_491' title='bbox 2786 2804 2883 2853; x_wconf 81' lang='grc' dir='ltr'><strong>Καὶ</strong></span> <span class='ocrx_word' id='word_1_492' title='bbox 2934 2800 3135 2861; x_wconf 80' lang='grc' dir='ltr'>Παῦλος</span> <span class='ocrx_word' id='word_1_493' title='bbox 3182 2803 3284 2874; x_wconf 82' lang='grc' dir='ltr'>γὰρ</span> <span class='ocrx_word' id='word_1_494' title='bbox 3341 2811 3650 2875; x_wconf 85' lang='grc' dir='ltr'>πειρασμοῖς</span> <span class='ocrx_word' id='word_1_495' title='bbox 3700 2806 3822 2877; x_wconf 75' lang='grc'>(94)</span> 
     </span>
    </p>
   </div>
   <div class='ocr_carea' id='block_1_75' title="bbox 2210 2887 3824 2969">
    <p class='ocr_par' dir='ltr' id='par_1_75' title="bbox 2210 2887 3824 2969">
     <span class='ocr_line' id='line_1_75' title="bbox 2210 2887 3824 2969; baseline 0.004 -29"><span class='ocrx_word' id='word_1_496' title='bbox 2210 2887 2368 2961; x_wconf 82' lang='grc' dir='ltr'>ἀφέθη</span> <span class='ocrx_word' id='word_1_497' title='bbox 2429 2888 2683 2956; x_wconf 83' lang='grc' dir='ltr'>παλαίειν,</span> <span class='ocrx_word' id='word_1_498' title='bbox 2746 2890 2828 2941; x_wconf 84' lang='grc' dir='ltr'><strong>ἱνα</strong></span> <span class='ocrx_word' id='word_1_499' title='bbox 2876 2894 2971 2962; x_wconf 79' lang='grc' dir='ltr'><strong>μή,</strong></span> <span class='ocrx_word' id='word_1_500' title='bbox 3042 2893 3105 2951; x_wconf 84' lang='grc' dir='ltr'>ὡς</span> <span class='ocrx_word' id='word_1_501' title='bbox 3164 2890 3321 2953; x_wconf 75' lang='grc' dir='ltr'>αὑτός</span> <span class='ocrx_word' id='word_1_502' title='bbox 3377 2912 3557 2964; x_wconf 84' lang='grc' dir='ltr'>φησιν,</span> <span class='ocrx_word' id='word_1_503' title='bbox 3608 2895 3824 2969; x_wconf 82' lang='grc' dir='ltr'>ὑπεραί-</span> 
     </span>
    </p>
   </div>
   <div class='ocr_carea' id='block_1_76' title="bbox 2205 2975 3818 3056">
    <p class='ocr_par' dir='ltr' id='par_1_76' title="bbox 2205 2975 3818 3056">
     <span class='ocr_line' id='line_1_76' title="bbox 2205 2975 3818 3056; baseline 0.004 -26"><span class='ocrx_word' id='word_1_504' title='bbox 2205 2998 2383 3054; x_wconf 85' lang='grc' dir='ltr'>ρηται.</span> <span class='ocrx_word' id='word_1_505' title='bbox 2438 2982 2495 3031; x_wconf 88' lang='grc' dir='ltr'>τὸ</span> <span class='ocrx_word' id='word_1_506' title='bbox 2547 2975 2604 3032; x_wconf 77' lang='grc' dir='ltr'>δὲ</span> <span class='ocrx_word' id='word_1_507' title='bbox 2658 2979 2856 3051; x_wconf 80' lang='grc' dir='ltr'>μεῖζον,</span> <span class='ocrx_word' id='word_1_508' title='bbox 2906 2979 2987 3031; x_wconf 84' lang='grc' dir='ltr'>ἵνα</span> <span class='ocrx_word' id='word_1_509' title='bbox 3030 2986 3139 3042; x_wconf 89' lang='grc' dir='ltr'>τοῖς</span> <span class='ocrx_word' id='word_1_510' title='bbox 3178 2980 3536 3054; x_wconf 85' lang='grc' dir='ltr'>ἁμαρτάνουσι</span> <span class='ocrx_word' id='word_1_511' title='bbox 3576 2982 3818 3056; x_wconf 85' lang='grc' dir='ltr'>λαμπρὸν</span> 
     </span>
    </p>
   </div>
   <div class='ocr_carea' id='block_1_77' title="bbox 2206 3064 3817 3145">
    <p class='ocr_par' dir='ltr' id='par_1_77' title="bbox 2206 3064 3817 3145">
     <span class='ocr_line' id='line_1_77' title="bbox 2206 3064 3817 3145; baseline 0.002 -24"><span class='ocrx_word' id='word_1_512' title='bbox 2206 3071 2283 3127; x_wconf 83' lang='grc' dir='ltr'><strong>εἴη</strong></span> <span class='ocrx_word' id='word_1_513' title='bbox 2328 3064 2669 3141; x_wconf 76' lang='grc' dir='ltr'>παράδειγμα</span> <span class='ocrx_word' id='word_1_514' title='bbox 2711 3073 3003 3141; x_wconf 87' lang='grc' dir='ltr'>μετανοίας.</span> <span class='ocrx_word' id='word_1_515' title='bbox 3059 3069 3119 3121; x_wconf 85' lang='grc' dir='ltr'>Εἰ</span> <span class='ocrx_word' id='word_1_516' title='bbox 3172 3070 3286 3141; x_wconf 86' lang='grc'>(95)</span> <span class='ocrx_word' id='word_1_517' title='bbox 3327 3074 3427 3144; x_wconf 82' lang='grc' dir='ltr'><strong>γὰρ</strong></span> <span class='ocrx_word' id='word_1_518' title='bbox 3473 3072 3817 3145; x_wconf 88' lang='grc' dir='ltr'>όκορυφαίος</span> 
     </span>
    </p>
   </div>
   <div class='ocr_carea' id='block_1_78' title="bbox 2206 3155 3813 3235">
    <p class='ocr_par' dir='ltr' id='par_1_78' title="bbox 2206 3155 3813 3235">
     <span class='ocr_line' id='line_1_78' title="bbox 2206 3155 3813 3235; baseline 0.003 -26"><span class='ocrx_word' id='word_1_519' title='bbox 2206 3166 2304 3210; x_wconf 90' lang='grc' dir='ltr'><strong>τῶν</strong></span> <span class='ocrx_word' id='word_1_520' title='bbox 2353 3160 2618 3231; x_wconf 88' lang='grc' dir='ltr'>μαθητῶν,</span> <span class='ocrx_word' id='word_1_521' title='bbox 2666 3158 2692 3210; x_wconf 89' lang='grc' dir='ltr'><strong><em>ὁ</em></strong></span> <span class='ocrx_word' id='word_1_522' title='bbox 2741 3157 3058 3216; x_wconf 83' lang='grc' dir='ltr'>τηλικούτων</span> <span class='ocrx_word' id='word_1_523' title='bbox 3104 3155 3371 3231; x_wconf 76' lang='grc' dir='ltr'>δυνάμεων</span> <span class='ocrx_word' id='word_1_524' title='bbox 3402 3162 3490 3222; x_wconf 87' lang='grc' dir='ltr'><strong>τάς</strong></span> <span class='ocrx_word' id='word_1_525' title='bbox 3536 3164 3626 3235; x_wconf 73' lang='grc' dir='ltr'>μὶν</span> <span class='ocrx_word' id='word_1_526' title='bbox 3661 3158 3813 3229; x_wconf 81' lang='grc' dir='ltr'>ἰδὼν,</span> 
     </span>
    </p>
   </div>
   <div class='ocr_carea' id='block_1_79' title="bbox 2206 3244 3821 3323">
    <p class='ocr_par' dir='ltr' id='par_1_79' title="bbox 2206 3244 3821 3323">
     <span class='ocr_line' id='line_1_79' title="bbox 2206 3244 3821 3323; baseline 0.004 -23"><span class='ocrx_word' id='word_1_527' title='bbox 2206 3250 2295 3309; x_wconf 87' lang='grc' dir='ltr'><strong>τὰς</strong></span> <span class='ocrx_word' id='word_1_528' title='bbox 2344 3244 2403 3301; x_wconf 71' lang='grc' dir='ltr'>δὲ</span> <span class='ocrx_word' id='word_1_529' title='bbox 2448 3247 2675 3312; x_wconf 80' lang='grc' dir='ltr'>τελέσας,</span> <span class='ocrx_word' id='word_1_530' title='bbox 2709 3247 2925 3322; x_wconf 78' lang='grc' dir='ltr'>ὕστερον</span> <span class='ocrx_word' id='word_1_531' title='bbox 2971 3248 3260 3305; x_wconf 83' lang='grc' dir='ltr'>ὠλίσθησεν</span> <span class='ocrx_word' id='word_1_532' title='bbox 3302 3249 3373 3312; x_wconf 79' lang='grc' dir='ltr'><strong>εἰς</strong></span> <span class='ocrx_word' id='word_1_533' title='bbox 3416 3252 3657 3323; x_wconf 80' lang='grc' dir='ltr'>ἄρνησιν,</span> <span class='ocrx_word' id='word_1_534' title='bbox 3704 3248 3821 3306; x_wconf 84' lang='grc' dir='ltr'>εἶτα</span> 
     </span>
    </p>
   </div>
   <div class='ocr_carea' id='block_1_80' title="bbox 2204 3335 3819 3411">
    <p class='ocr_par' dir='ltr' id='par_1_80' title="bbox 2204 3335 3819 3411">
     <span class='ocr_line' id='line_1_80' title="bbox 2204 3335 3819 3411; baseline 0.003 -22"><span class='ocrx_word' id='word_1_535' title='bbox 2204 3341 2263 3389; x_wconf 86' lang='grc' dir='ltr'>τὸ</span> <span class='ocrx_word' id='word_1_536' title='bbox 2326 3336 2818 3409; x_wconf 84' lang='grc' dir='ltr'>πεπλημμελημένον</span> <span class='ocrx_word' id='word_1_537' title='bbox 2886 3335 3127 3408; x_wconf 72' lang='grc' dir='ltr'>ἐπιγνοὺς</span> <span class='ocrx_word' id='word_1_538' title='bbox 3185 3343 3273 3389; x_wconf 83' lang='grc' dir='ltr'>καὶ</span> <span class='ocrx_word' id='word_1_539' title='bbox 3347 3347 3696 3411; x_wconf 76' lang='grc' dir='ltr'>μετανοήσας,</span> <span class='ocrx_word' id='word_1_540' title='bbox 3753 3341 3819 3394; x_wconf 78' lang='grc' dir='ltr'>οὐ</span> 
     </span>
    </p>
   </div>
   <div class='ocr_carea' id='block_1_81' title="bbox 2204 3425 3819 3502">
    <p class='ocr_par' dir='ltr' id='par_1_81' title="bbox 2204 3425 3819 3502">
     <span class='ocr_line' id='line_1_81' title="bbox 2204 3425 3819 3502; baseline 0.003 -25"><span class='ocrx_word' id='word_1_541' title='bbox 2204 3431 2356 3499; x_wconf 90' lang='grc' dir='ltr'>μόνον</span> <span class='ocrx_word' id='word_1_542' title='bbox 2409 3425 2456 3478; x_wconf 79' lang='grc' dir='ltr'>ἐν</span> <span class='ocrx_word' id='word_1_543' title='bbox 2516 3425 2671 3497; x_wconf 83' lang='grc' dir='ltr'>ὀλίγῳ</span> <span class='ocrx_word' id='word_1_544' title='bbox 2723 3434 2888 3499; x_wconf 79' lang='grc' dir='ltr'>καιρῷ</span> <span class='ocrx_word' id='word_1_545' title='bbox 2940 3426 3105 3479; x_wconf 83' lang='grc' dir='ltr'>τέλεον</span> <span class='ocrx_word' id='word_1_546' title='bbox 3149 3428 3285 3479; x_wconf 85' lang='grc' dir='ltr'>οἶπαν</span> <span class='ocrx_word' id='word_1_547' title='bbox 3343 3428 3623 3500; x_wconf 67' lang='grc' dir='ltr'>εἶπήλειψεν</span> <span class='ocrx_word' id='word_1_548' title='bbox 3670 3432 3819 3502; x_wconf 86' lang='grc'>(96),</span> 
     </span>
    </p>
   </div>
   <div class='ocr_carea' id='block_1_82' title="bbox 2204 3514 3822 3592">
    <p class='ocr_par' dir='ltr' id='par_1_82' title="bbox 2204 3514 3822 3592">
     <span class='ocr_line' id='line_1_82' title="bbox 2204 3514 3822 3592; baseline 0.003 -25"><span class='ocrx_word' id='word_1_549' title='bbox 2204 3515 2331 3568; x_wconf 88' lang='grc' dir='ltr'><strong>ἀλλά</strong></span> <span class='ocrx_word' id='word_1_550' title='bbox 2359 3522 2448 3569; x_wconf 82' lang='grc' dir='ltr'>καὶ</span> <span class='ocrx_word' id='word_1_551' title='bbox 2484 3520 2677 3588; x_wconf 83' lang='grc' dir='ltr'>ποιμήν</span> <span class='ocrx_word' id='word_1_552' title='bbox 2732 3524 2830 3568; x_wconf 88' lang='grc' dir='ltr'><strong>τῶν</strong></span> <span class='ocrx_word' id='word_1_553' title='bbox 2878 3514 3041 3567; x_wconf 77' lang='grc' dir='ltr'>ἄλλων</span> <span class='ocrx_word' id='word_1_554' title='bbox 3072 3517 3320 3588; x_wconf 81' lang='grc' dir='ltr'>μαθητῶν</span> <span class='ocrx_word' id='word_1_555' title='bbox 3366 3518 3678 3592; x_wconf 79' lang='grc' dir='ltr'>προεϐλήθη,</span> <span class='ocrx_word' id='word_1_556' title='bbox 3725 3526 3822 3574; x_wconf 84' lang='grc' dir='ltr'>καὶ</span> 
     </span>
    </p>
   </div>
   <div class='ocr_carea' id='block_1_83' title="bbox 2203 3603 3820 3683">
    <p class='ocr_par' dir='ltr' id='par_1_83' title="bbox 2203 3603 3820 3683">
     <span class='ocr_line' id='line_1_83' title="bbox 2203 3603 3820 3683; baseline 0.001 -24"><span class='ocrx_word' id='word_1_557' title='bbox 2203 3605 2398 3659; x_wconf 84' lang='grc' dir='ltr'>πολλῶν</span> <span class='ocrx_word' id='word_1_558' title='bbox 2456 3610 2545 3657; x_wconf 84' lang='grc' dir='ltr'>καὶ</span> <span class='ocrx_word' id='word_1_559' title='bbox 2608 3603 2841 3677; x_wconf 84' lang='grc' dir='ltr'>μεγάλων</span> <span class='ocrx_word' id='word_1_560' title='bbox 2901 3607 3177 3677; x_wconf 88' lang='grc' dir='ltr'>θαυμάτων</span> <span class='ocrx_word' id='word_1_561' title='bbox 3228 3606 3516 3679; x_wconf 66' lang='grc' dir='ltr'>αὐτουργός</span> <span class='ocrx_word' id='word_1_562' title='bbox 3573 3607 3820 3683; x_wconf 71' lang='grc' dir='ltr'>ἐχρημά-</span> 
     </span>
    </p>
   </div>
   <div class='ocr_carea' id='block_1_84' title="bbox 2202 3691 3821 3767">
    <p class='ocr_par' dir='ltr' id='par_1_84' title="bbox 2202 3691 3821 3767">
     <span class='ocr_line' id='line_1_84' title="bbox 2202 3691 3821 3767; baseline 0.002 -20"><span class='ocrx_word' id='word_1_563' title='bbox 2202 3714 2343 3747; x_wconf 86' lang='grc' dir='ltr'>τισεν</span> <span class='ocrx_word' id='word_1_564' title='bbox 2374 3713 2385 3725; x_wconf 90' lang='grc'><strong>·</strong></span> <span class='ocrx_word' id='word_1_565' title='bbox 2419 3691 2607 3748; x_wconf 68' lang='grc' dir='ltr'>οὐδένα</span> <span class='ocrx_word' id='word_1_566' title='bbox 2638 3698 2863 3747; x_wconf 84' lang='grc' dir='ltr'>πεσόντα</span> <span class='ocrx_word' id='word_1_567' title='bbox 2908 3698 3020 3767; x_wconf 85' lang='grc' dir='ltr'><strong>χρή</strong></span> <span class='ocrx_word' id='word_1_568' title='bbox 3076 3704 3405 3764; x_wconf 84' lang='grc' dir='ltr'>καταπεσεῖν,</span> <span class='ocrx_word' id='word_1_569' title='bbox 3456 3695 3565 3748; x_wconf 89' lang='grc' dir='ltr'>ἀλλ’</span> <span class='ocrx_word' id='word_1_570' title='bbox 3625 3697 3821 3753; x_wconf 76' lang='grc' dir='ltr'>αὐτίκα</span> 
     </span>
    </p>
   </div>
   <div class='ocr_carea' id='block_1_85' title="bbox 2202 3782 3815 3854">
    <p class='ocr_par' dir='ltr' id='par_1_85' title="bbox 2202 3782 3815 3854">
     <span class='ocr_line' id='line_1_85' title="bbox 2202 3782 3815 3854; baseline 0.003 -19"><span class='ocrx_word' id='word_1_571' title='bbox 2202 3791 2482 3854; x_wconf 81' lang='grc' dir='ltr'>μετανοεῖν,</span> <span class='ocrx_word' id='word_1_572' title='bbox 2537 3783 2804 3835; x_wconf 83' lang='grc' dir='ltr'>ἐννοοῦντα</span> <span class='ocrx_word' id='word_1_573' title='bbox 2864 3786 2949 3835; x_wconf 88' lang='grc' dir='ltr'><strong>τόν</strong></span> <span class='ocrx_word' id='word_1_574' title='bbox 3005 3782 3226 3836; x_wconf 79' lang='grc' dir='ltr'>πλοῦτον</span> <span class='ocrx_word' id='word_1_575' title='bbox 3278 3792 3375 3847; x_wconf 85' lang='grc' dir='ltr'>τῆς</span> <span class='ocrx_word' id='word_1_576' title='bbox 3417 3793 3509 3838; x_wconf 89' lang='grc' dir='ltr'><strong>τοῦ</strong></span> <span class='ocrx_word' id='word_1_577' title='bbox 3546 3791 3815 3840; x_wconf 87' lang='grc' dir='ltr'>Δεσπότου</span> 
     </span>
    </p>
   </div>
   <div class='ocr_carea' id='block_1_86' title="bbox 2202 3878 2595 3949">
    <p class='ocr_par' dir='ltr' id='par_1_86' title="bbox 2202 3878 2595 3949">
     <span class='ocr_line' id='line_1_86' title="bbox 2202 3878 2595 3949; baseline 0.003 -23"><span class='ocrx_word' id='word_1_578' title='bbox 2202 3878 2595 3949; x_wconf 86' lang='grc' dir='ltr'>χρηστότητος.</span> 
     </span>
    </p>
   </div>
   <div class='ocr_carea' id='block_1_87' title="bbox 2276 3958 3816 4039">
    <p class='ocr_par' dir='ltr' id='par_1_87' title="bbox 2276 3958 3816 4039">
     <span class='ocr_line' id='line_1_87' title="bbox 2276 3958 3816 4039; baseline 0.003 -24"><span class='ocrx_word' id='word_1_579' title='bbox 2276 3964 2555 4016; x_wconf 75' lang='grc' dir='ltr'>Κάνταῦθα</span> <span class='ocrx_word' id='word_1_580' title='bbox 2630 3958 2689 4015; x_wconf 73' lang='grc' dir='ltr'>δὲ</span> <span class='ocrx_word' id='word_1_581' title='bbox 2762 3965 3161 4034; x_wconf 83' lang='grc' dir='ltr'>παρατηρητέον</span> <span class='ocrx_word' id='word_1_582' title='bbox 3241 3965 3321 4015; x_wconf 86' lang='grc' dir='ltr'>ὅτι</span> <span class='ocrx_word' id='word_1_583' title='bbox 3391 3966 3658 4027; x_wconf 63' lang='lat' dir='ltr'><strong>Mareade;</strong></span> <span class='ocrx_word' id='word_1_584' title='bbox 3718 3970 3816 4039; x_wconf 70' lang='grc' dir='ltr'>μὶν</span> 
     </span>
    </p>
   </div>
   <div class='ocr_carea' id='block_1_88' title="bbox 2200 4050 3816 4129">
    <p class='ocr_par' dir='ltr' id='par_1_88' title="bbox 2200 4050 3816 4129">
     <span class='ocr_line' id='line_1_88' title="bbox 2200 4050 3816 4129; baseline 0.001 -24"><span class='ocrx_word' id='word_1_585' title='bbox 2200 4057 2289 4105; x_wconf 86' lang='grc' dir='ltr'>καὶ</span> <span class='ocrx_word' id='word_1_586' title='bbox 2335 4055 2544 4126; x_wconf 84' lang='grc' dir='ltr'>Μάρκος</span> <span class='ocrx_word' id='word_1_587' title='bbox 2594 4050 2827 4125; x_wconf 72' lang='grc' dir='ltr'>ἔγραψαν</span> <span class='ocrx_word' id='word_1_588' title='bbox 2885 4060 3085 4125; x_wconf 87' lang='grc' dir='ltr'>πρῶτον</span> <span class='ocrx_word' id='word_1_589' title='bbox 3121 4054 3361 4124; x_wconf 83' lang='grc' dir='ltr'>γενέσθαι</span> <span class='ocrx_word' id='word_1_590' title='bbox 3404 4057 3497 4111; x_wconf 83' lang='grc' dir='ltr'><strong>τήν</strong></span> <span class='ocrx_word' id='word_1_591' title='bbox 3528 4056 3670 4129; x_wconf 81' lang='grc' dir='ltr'>παρὰ</span> <span class='ocrx_word' id='word_1_592' title='bbox 3716 4062 3816 4106; x_wconf 86' lang='grc' dir='ltr'><strong>τοῦ</strong></span> 
     </span>
    </p>
   </div>
   <div class='ocr_carea' id='block_1_89' title="bbox 2202 4137 3815 4216">
    <p class='ocr_par' dir='ltr' id='par_1_89' title="bbox 2202 4137 3815 4216">
     <span class='ocr_line' id='line_1_89' title="bbox 2202 4137 3815 4216; baseline 0.001 -23"><span class='ocrx_word' id='word_1_593' title='bbox 2202 4139 2489 4216; x_wconf 82' lang='grc' dir='ltr'>ἀρχιερέως</span> <span class='ocrx_word' id='word_1_594' title='bbox 2547 4140 2819 4215; x_wconf 77' lang='grc' dir='ltr'>ὶρώτησιν,</span> <span class='ocrx_word' id='word_1_595' title='bbox 2873 4137 2983 4193; x_wconf 81' lang='grc' dir='ltr'>εἶτα</span> <span class='ocrx_word' id='word_1_596' title='bbox 3036 4143 3125 4202; x_wconf 84' lang='grc' dir='ltr'><strong>τὰς</strong></span> <span class='ocrx_word' id='word_1_597' title='bbox 3179 4140 3280 4194; x_wconf 86' lang='grc' dir='ltr'>ἀπὸ</span> <span class='ocrx_word' id='word_1_598' title='bbox 3362 4151 3461 4194; x_wconf 89' lang='grc' dir='ltr'><strong>τῶν</strong></span> <span class='ocrx_word' id='word_1_599' title='bbox 3535 4139 3815 4197; x_wconf 83' lang='grc' dir='ltr'>Ἰουδαίων</span> 
     </span>
    </p>
   </div>
   <div class='ocr_carea' id='block_1_90' title="bbox 2201 4228 3816 4305">
    <p class='ocr_par' dir='ltr' id='par_1_90' title="bbox 2201 4228 3816 4305">
     <span class='ocr_line' id='line_1_90' title="bbox 2201 4228 3816 4305; baseline 0 -22"><span class='ocrx_word' id='word_1_600' title='bbox 2201 4229 2430 4303; x_wconf 82' lang='grc' dir='ltr'>ἀτιμίας,</span> <span class='ocrx_word' id='word_1_601' title='bbox 2488 4233 2665 4283; x_wconf 85' lang='grc' dir='ltr'>ἔπειτα</span> <span class='ocrx_word' id='word_1_602' title='bbox 2713 4232 2807 4292; x_wconf 83' lang='grc' dir='ltr'><strong>τὰς</strong></span> <span class='ocrx_word' id='word_1_603' title='bbox 2864 4228 3107 4303; x_wconf 79' lang='grc' dir='ltr'>ἀρνήσεις</span> <span class='ocrx_word' id='word_1_604' title='bbox 3150 4238 3243 4282; x_wconf 85' lang='grc' dir='ltr'><strong>τοῦ</strong></span> <span class='ocrx_word' id='word_1_605' title='bbox 3303 4234 3499 4305; x_wconf 84' lang='grc' dir='ltr'>Πέτρου</span> <span class='ocrx_word' id='word_1_606' title='bbox 3534 4253 3547 4265; x_wconf 89' lang='grc'><strong>·</strong></span> <span class='ocrx_word' id='word_1_607' title='bbox 3600 4238 3816 4297; x_wconf 83' lang='grc' dir='ltr'>Λουκᾶς</span> 
     </span>
    </p>
   </div>
   <div class='ocr_carea' id='block_1_91' title="bbox 2201 4315 3812 4394">
    <p class='ocr_par' dir='ltr' id='par_1_91' title="bbox 2201 4315 3812 4394">
     <span class='ocr_line' id='line_1_91' title="bbox 2201 4315 3812 4394; baseline 0.001 -22"><span class='ocrx_word' id='word_1_608' title='bbox 2201 4316 2260 4372; x_wconf 71' lang='grc' dir='ltr'><strong>δε</strong></span> <span class='ocrx_word' id='word_1_609' title='bbox 2302 4329 2504 4393; x_wconf 88' lang='grc' dir='ltr'>πρῶτον</span> <span class='ocrx_word' id='word_1_610' title='bbox 2548 4323 2641 4381; x_wconf 83' lang='grc' dir='ltr'><strong>τὰς</strong></span> <span class='ocrx_word' id='word_1_611' title='bbox 2690 4318 2974 4394; x_wconf 87' lang='grc' dir='ltr'>ἀρνήσεις·</span> <span class='ocrx_word' id='word_1_612' title='bbox 3031 4315 3138 4371; x_wconf 82' lang='grc' dir='ltr'>εἶτα</span> <span class='ocrx_word' id='word_1_613' title='bbox 3188 4321 3281 4379; x_wconf 88' lang='grc' dir='ltr'><strong>τάς</strong></span> <span class='ocrx_word' id='word_1_614' title='bbox 3333 4317 3566 4393; x_wconf 85' lang='grc' dir='ltr'>ἀτιμίας,</span> <span class='ocrx_word' id='word_1_615' title='bbox 3609 4324 3812 4390; x_wconf 79' lang='grc' dir='ltr'>ἔπειτα,</span> 
     </span>
    </p>
   </div>
   <div class='ocr_carea' id='block_1_92' title="bbox 2197 4406 3815 4486">
    <p class='ocr_par' dir='ltr' id='par_1_92' title="bbox 2197 4406 3815 4486">
     <span class='ocr_line' id='line_1_92' title="bbox 2197 4406 3815 4486; baseline 0.001 -25"><span class='ocrx_word' id='word_1_616' title='bbox 2197 4414 2465 4481; x_wconf 86' lang='grc' dir='ltr'>γενομένης</span> <span class='ocrx_word' id='word_1_617' title='bbox 2515 4412 2714 4481; x_wconf 77' lang='grc' dir='ltr'>ἡμέρας</span> <span class='ocrx_word' id='word_1_618' title='bbox 2771 4407 2970 4473; x_wconf 88' lang='grc' dir='ltr'>λοιπόν,</span> <span class='ocrx_word' id='word_1_619' title='bbox 3003 4412 3096 4466; x_wconf 84' lang='grc' dir='ltr'><strong>τήν</strong></span> <span class='ocrx_word' id='word_1_620' title='bbox 3148 4406 3420 4483; x_wconf 82' lang='grc' dir='ltr'>ἐρώτησιν.</span> <span class='ocrx_word' id='word_1_621' title='bbox 3464 4413 3530 4463; x_wconf 86' lang='grc' dir='ltr'><strong>Οἱ</strong></span> <span class='ocrx_word' id='word_1_622' title='bbox 3568 4414 3657 4483; x_wconf 72' lang='grc' dir='ltr'><strong>μεν</strong></span> <span class='ocrx_word' id='word_1_623' title='bbox 3702 4413 3815 4486; x_wconf 86' lang='grc' dir='ltr'><strong>γὰρ</strong></span> 
     </span>
    </p>
   </div>
   <div class='ocr_carea' id='block_1_93' title="bbox 429 4483 2098 4573">
    <p class='ocr_par' dir='ltr' id='par_1_93' title="bbox 429 4483 2087 4573">
     <span class='ocr_line' id='line_1_93' title="bbox 429 4483 2087 4573; baseline 0.009 -35"><span class='ocrx_word' id='word_1_624' title='bbox 429 4496 539 4538; x_wconf 85' lang='lat' dir='ltr'><strong>nes</strong></span> <span class='ocrx_word' id='word_1_625' title='bbox 564 4487 615 4573; x_wconf 65' lang='lat'><strong>_&#39;.</strong></span> <span class='ocrx_word' id='word_1_626' title='bbox 659 4483 741 4539; x_wconf 90' lang='lat' dir='ltr'><strong>Illi</strong></span> <span class='ocrx_word' id='word_1_627' title='bbox 781 4486 1081 4558; x_wconf 90' lang='lat' dir='ltr'><strong>siquidem</strong></span> <span class='ocrx_word' id='word_1_628' title='bbox 1112 4504 1232 4545; x_wconf 88' lang='lat' dir='ltr'><strong>non</strong></span> <span class='ocrx_word' id='word_1_629' title='bbox 1266 4490 1461 4549; x_wconf 91' lang='lat' dir='ltr'><strong>solum</strong></span> <span class='ocrx_word' id='word_1_630' title='bbox 1492 4508 1563 4550; x_wconf 90' lang='lat' dir='ltr'><strong>ea</strong></span> <span class='ocrx_word' id='word_1_631' title='bbox 1596 4511 1730 4567; x_wconf 81' lang='lat' dir='ltr'><strong>quae</strong></span> <span class='ocrx_word' id='word_1_632' title='bbox 1770 4495 1921 4552; x_wconf 84' lang='lat' dir='ltr'><strong>facta</strong></span> <span class='ocrx_word' id='word_1_633' title='bbox 1952 4503 2087 4553; x_wconf 93' lang='lat' dir='ltr'><strong>sunt</strong></span> 
     </span>
    </p>
   </div>
   <div class='ocr_carea' id='block_1_94' title="bbox 2218 4483 3818 4573">
    <p class='ocr_par' dir='ltr' id='par_1_94' title="bbox 2218 4496 3818 4571">
     <span class='ocr_line' id='line_1_94' title="bbox 2218 4496 3818 4571; baseline 0.003 -23"><span class='ocrx_word' id='word_1_634' title='bbox 2218 4499 2256 4551; x_wconf 69' lang='grc' dir='ltr'><strong>νῦ</strong></span> <span class='ocrx_word' id='word_1_635' title='bbox 2297 4503 2449 4570; x_wconf 91' lang='grc' dir='ltr'>μόνον</span> <span class='ocrx_word' id='word_1_636' title='bbox 2508 4496 2829 4569; x_wconf 81' lang='grc' dir='ltr'>ἀπήγγειλαν</span> <span class='ocrx_word' id='word_1_637' title='bbox 2883 4501 2948 4550; x_wconf 90' lang='grc' dir='ltr'><strong>τά</strong></span> <span class='ocrx_word' id='word_1_638' title='bbox 2995 4498 3355 4571; x_wconf 75' lang='grc' dir='ltr'>πεπραγμένα,</span> <span class='ocrx_word' id='word_1_639' title='bbox 3392 4498 3519 4552; x_wconf 87' lang='grc' dir='ltr'>ἀλλὰ</span> <span class='ocrx_word' id='word_1_640' title='bbox 3568 4504 3657 4553; x_wconf 85' lang='grc' dir='ltr'>καὶ</span> <span class='ocrx_word' id='word_1_641' title='bbox 3712 4509 3818 4565; x_wconf 85' lang='grc' dir='ltr'>τῆς</span> 
     </span>
    </p>
   </div>
   <div class='ocr_carea' id='block_1_95' title="bbox 428 4570 2089 4653">
    <p class='ocr_par' dir='ltr' id='par_1_95' title="bbox 428 4570 2089 4653">
     <span class='ocr_line' id='line_1_95' title="bbox 428 4570 2089 4653; baseline 0.011 -28"><span class='ocrx_word' id='word_1_642' title='bbox 428 4570 774 4642; x_wconf 87' lang='lat' dir='ltr'><strong>retulerunt,</strong></span> <span class='ocrx_word' id='word_1_643' title='bbox 809 4575 915 4631; x_wconf 92' lang='lat' dir='ltr'><strong>sed</strong></span> <span class='ocrx_word' id='word_1_644' title='bbox 946 4582 1001 4632; x_wconf 88' lang='lat' dir='ltr'><strong>et</strong></span> <span class='ocrx_word' id='word_1_645' title='bbox 1026 4577 1254 4634; x_wconf 89' lang='lat' dir='ltr'><strong>ordinis</strong></span> <span class='ocrx_word' id='word_1_646' title='bbox 1286 4596 1485 4638; x_wconf 89' lang='lat' dir='ltr'><strong>rerum</strong></span> <span class='ocrx_word' id='word_1_647' title='bbox 1537 4590 1845 4653; x_wconf 88' lang='lat' dir='ltr'><strong>gestarum</strong></span> <span class='ocrx_word' id='word_1_648' title='bbox 1880 4602 2089 4643; x_wconf 90' lang='lat' dir='ltr'><strong>curam</strong></span> 
     </span>
    </p>
   </div>
   <div class='ocr_carea' id='block_1_96' title="bbox 427 4657 2089 4732">
    <p class='ocr_par' dir='ltr' id='par_1_96' title="bbox 427 4657 2089 4732">
     <span class='ocr_line' id='line_1_96' title="bbox 427 4657 2089 4732; baseline 0.01 -17"><span class='ocrx_word' id='word_1_649' title='bbox 427 4657 771 4717; x_wconf 89' lang='lat' dir='ltr'><strong>habuerunt</strong></span> <span class='ocrx_word' id='word_1_650' title='bbox 803 4680 816 4718; x_wconf 92' lang='lat'><strong>:</strong></span> <span class='ocrx_word' id='word_1_651' title='bbox 844 4664 939 4721; x_wconf 87' lang='lat' dir='ltr'><strong>hic</strong></span> <span class='ocrx_word' id='word_1_652' title='bbox 980 4673 1181 4724; x_wconf 90' lang='lat' dir='ltr'><strong>autem</strong></span> <span class='ocrx_word' id='word_1_653' title='bbox 1213 4668 1371 4727; x_wconf 83' lang='lat' dir='ltr'><strong>facta</strong></span> <span class='ocrx_word' id='word_1_654' title='bbox 1423 4675 1653 4729; x_wconf 87' lang='lat' dir='ltr'><strong>tantum</strong></span> <span class='ocrx_word' id='word_1_655' title='bbox 1685 4674 1972 4731; x_wconf 91' lang='lat' dir='ltr'><strong>relatione</strong></span> <span class='ocrx_word' id='word_1_656' title='bbox 2002 4692 2089 4732; x_wconf 90' lang='lat' dir='ltr'><strong>re-</strong></span> 
     </span>
    </p>
   </div>
   <div class='ocr_carea' id='block_1_97' title="bbox 428 4754 1981 4824">
    <p class='ocr_par' dir='ltr' id='par_1_97' title="bbox 428 4754 1981 4824">
     <span class='ocr_line' id='line_1_97' title="bbox 428 4754 1981 4824; baseline 0.012 -22"><span class='ocrx_word' id='word_1_657' title='bbox 428 4763 563 4804; x_wconf 91' lang='lat' dir='ltr'><strong>rum</strong></span> <span class='ocrx_word' id='word_1_658' title='bbox 594 4757 1090 4824; x_wconf 89' lang='lat' dir='ltr'><strong>perpetratarum,</strong></span> <span class='ocrx_word' id='word_1_659' title='bbox 1123 4757 1349 4814; x_wconf 89' lang='lat' dir='ltr'><strong>ordinis</strong></span> <span class='ocrx_word' id='word_1_660' title='bbox 1374 4754 1579 4817; x_wconf 87' lang='lat' dir='ltr'><strong>curam</strong></span> <span class='ocrx_word' id='word_1_661' title='bbox 1602 4777 1723 4819; x_wconf 90' lang='lat' dir='ltr'><strong>non</strong></span> <span class='ocrx_word' id='word_1_662' title='bbox 1751 4762 1981 4821; x_wconf 89' lang='lat' dir='ltr'><strong>habuit.</strong></span> 
     </span>
    </p>
   </div>
   <div class='ocr_carea' id='block_1_98' title="bbox 504 4842 2087 4914">
    <p class='ocr_par' dir='ltr' id='par_1_98' title="bbox 504 4842 2087 4914">
     <span class='ocr_line' id='line_1_98' title="bbox 504 4842 2087 4914; baseline 0.01 -19"><span class='ocrx_word' id='word_1_663' title='bbox 504 4842 646 4914; x_wconf 85' lang='lat' dir='ltr'><strong>Cap.</strong></span> <span class='ocrx_word' id='word_1_664' title='bbox 677 4843 874 4899; x_wconf 82' lang='lat' dir='ltr'><strong>XXVII.</strong></span> <span class='ocrx_word' id='word_1_665' title='bbox 908 4844 1075 4903; x_wconf 91' lang='lat' dir='ltr'><strong>Vers.</strong></span> <span class='ocrx_word' id='word_1_666' title='bbox 1120 4848 1167 4902; x_wconf 87' lang='grc'><strong>1.</strong></span> <span class='ocrx_word' id='word_1_667' title='bbox 1208 4849 1384 4907; x_wconf 77' lang='lat' dir='ltr'><strong>Mane</strong></span> <span class='ocrx_word' id='word_1_668' title='bbox 1414 4880 1481 4891; x_wconf 94' lang='lat'><strong>-—</strong></span> <span class='ocrx_word' id='word_1_669' title='bbox 1512 4852 1673 4907; x_wconf 91' lang='lat' dir='ltr'><strong>Vers.</strong></span> <span class='ocrx_word' id='word_1_670' title='bbox 1708 4856 1766 4908; x_wconf 88' lang='lat'><strong>2.</strong></span> <span class='ocrx_word' id='word_1_671' title='bbox 1806 4855 2087 4911; x_wconf 72' lang='lat' dir='ltr'><strong>Prwsidi.</strong></span> 
     </span>
    </p>
   </div>
   <div class='ocr_carea' id='block_1_99' title="bbox 425 4929 2088 5010">
    <p class='ocr_par' dir='ltr' id='par_1_99' title="bbox 425 4929 2088 5010">
     <span class='ocr_line' id='line_1_99' title="bbox 425 4929 2088 5010; baseline 0.01 -24"><span class='ocrx_word' id='word_1_672' title='bbox 425 4929 703 4989; x_wconf 88' lang='lat' dir='ltr'><strong>Similiter</strong></span> <span class='ocrx_word' id='word_1_673' title='bbox 726 4936 783 4990; x_wconf 89' lang='lat' dir='ltr'><strong>et</strong></span> <span class='ocrx_word' id='word_1_674' title='bbox 812 4935 1040 4991; x_wconf 82' lang='lat' dir='ltr'><strong>Marcus</strong></span> <span class='ocrx_word' id='word_1_675' title='bbox 1072 4939 1130 4994; x_wconf 90' lang='lat' dir='ltr'><strong>et</strong></span> <span class='ocrx_word' id='word_1_676' title='bbox 1174 4937 1366 4995; x_wconf 88' lang='lat' dir='ltr'><strong>Lucas</strong></span> <span class='ocrx_word' id='word_1_677' title='bbox 1411 4939 1740 4997; x_wconf 77' lang='lat' dir='ltr'><strong>dixerunt‘</strong></span> <span class='ocrx_word' id='word_1_678' title='bbox 1784 4945 2088 5010; x_wconf 84' lang='lat' dir='ltr'><strong>;Joannes</strong></span> 
     </span>
    </p>
   </div>
   <div class='ocr_carea' id='block_1_100' title="bbox 495 5128 1617 5201">
    <p class='ocr_par' dir='ltr' id='par_1_100' title="bbox 495 5128 1617 5201">
     <span class='ocr_line' id='line_1_100' title="bbox 495 5128 1617 5201; baseline 0.006 -16"><span class='ocrx_word' id='word_1_679' title='bbox 495 5128 539 5164; x_wconf 79' lang='grc'><strong>’⁷</strong></span> <span class='ocrx_word' id='word_1_680' title='bbox 573 5130 707 5187; x_wconf 91' lang='lat' dir='ltr'><strong>Luc.</strong></span> <span class='ocrx_word' id='word_1_681' title='bbox 748 5147 883 5201; x_wconf 82' lang='lat' dir='ltr'><strong>xxu,</strong></span> <span class='ocrx_word' id='word_1_682' title='bbox 914 5135 1001 5189; x_wconf 86' lang='grc'><strong>61.</strong></span> <span class='ocrx_word' id='word_1_683' title='bbox 1080 5133 1127 5169; x_wconf 68' lang='grc'><strong>’³</strong></span> <span class='ocrx_word' id='word_1_684' title='bbox 1158 5135 1327 5191; x_wconf 85' lang='lat' dir='ltr'><strong>Marc.</strong></span> <span class='ocrx_word' id='word_1_685' title='bbox 1359 5151 1477 5191; x_wconf 79' lang='lat' dir='ltr'><strong>xw.</strong></span> <span class='ocrx_word' id='word_1_686' title='bbox 1504 5138 1617 5192; x_wconf 88' lang='lat'><strong>&#39;72..</strong></span> 
     </span>
    </p>
   </div>
   <div class='ocr_carea' id='block_1_101' title="bbox 425 5218 1346 5290">
    <p class='ocr_par' dir='ltr' id='par_1_101' title="bbox 425 5218 1346 5290">
     <span class='ocr_line' id='line_1_101' title="bbox 425 5218 1346 5290; baseline 0.005 -15"><span class='ocrx_word' id='word_1_687' title='bbox 425 5219 516 5275; x_wconf 86' lang='lat'><strong>66.</strong></span> <span class='ocrx_word' id='word_1_688' title='bbox 596 5222 614 5254; x_wconf 91' lang='grc'><em>³</em></span> <span class='ocrx_word' id='word_1_689' title='bbox 649 5218 787 5277; x_wconf 89' lang='lat' dir='ltr'><strong>Luc.</strong></span> <span class='ocrx_word' id='word_1_690' title='bbox 829 5237 971 5289; x_wconf 77' lang='lat' dir='ltr'><strong>mi,</strong></span> <span class='ocrx_word' id='word_1_691' title='bbox 1016 5225 1100 5288; x_wconf 75' lang='lat'><strong>56,</strong></span> <span class='ocrx_word' id='word_1_692' title='bbox 1128 5223 1215 5290; x_wconf 89' lang='lat'><strong>63,</strong></span> <span class='ocrx_word' id='word_1_693' title='bbox 1258 5222 1346 5280; x_wconf 88' lang='lat'><strong>66.</strong></span> 
     </span>
    </p>
   </div>
   <div class='ocr_carea' id='block_1_102' title="bbox 1697 5139 2197 5213">
    <p class='ocr_par' dir='ltr' id='par_1_102' title="bbox 1697 5139 2197 5213">
     <span class='ocr_line' id='line_1_102' title="bbox 1697 5139 2197 5213; baseline 0.016 -20"><span class='ocrx_word' id='word_1_694' title='bbox 1697 5139 1744 5173; x_wconf 68' lang='grc' dir='ltr'>θ’</span> <span class='ocrx_word' id='word_1_695' title='bbox 1767 5139 1814 5195; x_wconf 94' lang='lat' dir='ltr'><strong>lI</strong></span> <span class='ocrx_word' id='word_1_696' title='bbox 1839 5141 1971 5198; x_wconf 91' lang='lat' dir='ltr'><strong>Cor.</strong></span> <span class='ocrx_word' id='word_1_697' title='bbox 2005 5159 2108 5213; x_wconf 80' lang='lat' dir='ltr'><strong>xu,</strong></span> <span class='ocrx_word' id='word_1_698' title='bbox 2139 5144 2197 5201; x_wconf 87' lang='lat'><strong>7.</strong></span> 
     </span>
    </p>
   </div>
   <div class='ocr_carea' id='block_1_103' title="bbox 1426 5226 2337 5300">
    <p class='ocr_par' dir='ltr' id='par_1_103' title="bbox 1426 5226 2337 5300">
     <span class='ocr_line' id='line_1_103' title="bbox 1426 5226 2337 5300; baseline 0.003 -18"><span class='ocrx_word' id='word_1_699' title='bbox 1426 5226 1447 5260; x_wconf 79' lang='lat'><strong>‘</strong></span> <span class='ocrx_word' id='word_1_700' title='bbox 1486 5228 1661 5283; x_wconf 88' lang='lat' dir='ltr'><strong>Marc.</strong></span> <span class='ocrx_word' id='word_1_701' title='bbox 1698 5229 1852 5296; x_wconf 78' lang='lat' dir='ltr'><strong>xv,l</strong></span> <span class='ocrx_word' id='word_1_702' title='bbox 1902 5246 1916 5298; x_wconf 90' lang='lat'><strong>;</strong></span> <span class='ocrx_word' id='word_1_703' title='bbox 1961 5233 2094 5289; x_wconf 90' lang='lat' dir='ltr'><strong>Luc.</strong></span> <span class='ocrx_word' id='word_1_704' title='bbox 2127 5249 2249 5300; x_wconf 82' lang='lat' dir='ltr'><strong>xm,</strong></span> <span class='ocrx_word' id='word_1_705' title='bbox 2286 5233 2337 5287; x_wconf 81' lang='grc'><strong>1.</strong></span> 
     </span>
    </p>
   </div>
   <div class='ocr_carea' id='block_1_104' title="bbox 2198 4583 3819 4662">
    <p class='ocr_par' dir='ltr' id='par_1_104' title="bbox 2198 4583 3819 4662">
     <span class='ocr_line' id='line_1_104' title="bbox 2198 4583 3819 4662; baseline -0.004 -21"><span class='ocrx_word' id='word_1_706' title='bbox 2198 4588 2391 4651; x_wconf 83' lang='grc' dir='ltr'>τάξεως</span> <span class='ocrx_word' id='word_1_707' title='bbox 2437 4586 2606 4639; x_wconf 68' lang='grc' dir='ltr'>αὐτῶν</span> <span class='ocrx_word' id='word_1_708' title='bbox 2668 4587 2973 4662; x_wconf 86' lang='grc' dir='ltr'>ἐφρόντισαν</span> <span class='ocrx_word' id='word_1_709' title='bbox 2998 4604 3010 4616; x_wconf 86' lang='lat'><strong><em>°</em></strong></span> <span class='ocrx_word' id='word_1_710' title='bbox 3047 4588 3073 4638; x_wconf 90' lang='grc' dir='ltr'><strong>ό</strong></span> <span class='ocrx_word' id='word_1_711' title='bbox 3106 4583 3186 4655; x_wconf 73' lang='grc' dir='ltr'>δὲ,</span> <span class='ocrx_word' id='word_1_712' title='bbox 3217 4592 3379 4660; x_wconf 87' lang='grc' dir='ltr'>μόνης</span> <span class='ocrx_word' id='word_1_713' title='bbox 3428 4596 3520 4650; x_wconf 87' lang='grc' dir='ltr'>τῆς</span> <span class='ocrx_word' id='word_1_714' title='bbox 3576 4588 3819 4661; x_wconf 83' lang='grc' dir='ltr'>ἀπαγγε-</span> 
     </span>
    </p>
   </div>
   <div class='ocr_carea' id='block_1_105' title="bbox 2196 4677 3813 4749">
    <p class='ocr_par' dir='ltr' id='par_1_105' title="bbox 2196 4677 3813 4749">
     <span class='ocr_line' id='line_1_105' title="bbox 2196 4677 3813 4749; baseline 0.001 -19"><span class='ocrx_word' id='word_1_715' title='bbox 2196 4677 2310 4738; x_wconf 85' lang='grc' dir='ltr'>λίας</span> <span class='ocrx_word' id='word_1_716' title='bbox 2362 4685 2461 4728; x_wconf 88' lang='grc' dir='ltr'><strong>τῶν</strong></span> <span class='ocrx_word' id='word_1_717' title='bbox 2512 4681 2882 4749; x_wconf 83' lang='grc' dir='ltr'>πεπραγμένων</span> <span class='ocrx_word' id='word_1_718' title='bbox 2930 4681 3219 4748; x_wconf 86' lang='grc' dir='ltr'>γενόμενος,</span> <span class='ocrx_word' id='word_1_719' title='bbox 3250 4686 3345 4740; x_wconf 83' lang='grc' dir='ltr'>τῆς</span> <span class='ocrx_word' id='word_1_720' title='bbox 3401 4680 3591 4742; x_wconf 79' lang='grc' dir='ltr'>τάξεως</span> <span class='ocrx_word' id='word_1_721' title='bbox 3636 4678 3813 4733; x_wconf 76' lang='grc' dir='ltr'>αὐτῶν</span> 
     </span>
    </p>
   </div>
   <div class='ocr_carea' id='block_1_106' title="bbox 2200 4766 2638 4841">
    <p class='ocr_par' dir='ltr' id='par_1_106' title="bbox 2200 4766 2638 4841">
     <span class='ocr_line' id='line_1_106' title="bbox 2200 4766 2638 4841; baseline 0 -21"><span class='ocrx_word' id='word_1_722' title='bbox 2200 4766 2293 4820; x_wconf 74' lang='grc' dir='ltr'>οὐκ</span> <span class='ocrx_word' id='word_1_723' title='bbox 2324 4766 2638 4841; x_wconf 78' lang='grc' dir='ltr'>ἐφρόντισεν.</span> 
     </span>
    </p>
   </div>
   <div class='ocr_carea' id='block_1_107' title="bbox 2272 4854 3817 4932">
    <p class='ocr_par' dir='ltr' id='par_1_107' title="bbox 2272 4854 3817 4932">
     <span class='ocr_line' id='line_1_107' title="bbox 2272 4854 3817 4932; baseline 0.003 -23"><span class='ocrx_word' id='word_1_724' title='bbox 2272 4858 2483 4929; x_wconf 86' lang='grc' dir='ltr'>Πρωίας</span> <span class='ocrx_word' id='word_1_725' title='bbox 2555 4886 2620 4896; x_wconf 92' lang='grc'><strong><em>-</em></strong></span> <span class='ocrx_word' id='word_1_726' title='bbox 2703 4857 2939 4927; x_wconf 80' lang='grc' dir='ltr'>ἡγεμόνι.</span> <span class='ocrx_word' id='word_1_727' title='bbox 2986 4854 3211 4927; x_wconf 88' lang='grc' dir='ltr'>Ὀμοίως</span> <span class='ocrx_word' id='word_1_728' title='bbox 3296 4860 3386 4909; x_wconf 89' lang='grc' dir='ltr'>καὶ</span> <span class='ocrx_word' id='word_1_729' title='bbox 3452 4859 3661 4932; x_wconf 88' lang='grc' dir='ltr'>Μάρκος</span> <span class='ocrx_word' id='word_1_730' title='bbox 3717 4864 3817 4913; x_wconf 87' lang='grc' dir='ltr'>καὶ</span> 
     </span>
    </p>
   </div>
   <div class='ocr_carea' id='block_1_108' title="bbox 2204 4940 3815 5019">
    <p class='ocr_par' dir='ltr' id='par_1_108' title="bbox 2204 4940 3815 5019">
     <span class='ocr_line' id='line_1_108' title="bbox 2204 4940 3815 5019; baseline 0.001 -19"><span class='ocrx_word' id='word_1_731' title='bbox 2204 4952 2413 5008; x_wconf 85' lang='grc' dir='ltr'>Λουκᾶς</span> <span class='ocrx_word' id='word_1_732' title='bbox 2461 4941 2619 5000; x_wconf 88' lang='grc' dir='ltr'>εἶπον.</span> <span class='ocrx_word' id='word_1_733' title='bbox 2682 4944 2917 5006; x_wconf 86' lang='grc' dir='ltr'>Ἰωάννης</span> <span class='ocrx_word' id='word_1_734' title='bbox 2988 4940 3047 4998; x_wconf 69' lang='grc' dir='ltr'>δὲ</span> <span class='ocrx_word' id='word_1_735' title='bbox 3101 4964 3259 5017; x_wconf 91' lang='grc' dir='ltr'>φησιν</span> <span class='ocrx_word' id='word_1_736' title='bbox 3308 4946 3385 4998; x_wconf 87' lang='grc' dir='ltr'>ὅτι</span> <span class='ocrx_word' id='word_1_737' title='bbox 3437 4945 3660 5019; x_wconf 78' lang='grc' dir='ltr'>Ἀγουσι</span> <span class='ocrx_word' id='word_1_738' title='bbox 3717 4950 3815 5001; x_wconf 85' lang='grc' dir='ltr'>τὸν</span> 
     </span>
    </p>
   </div>
   <div class='ocr_carea' id='block_1_109' title="bbox 2272 5141 3814 5214">
    <p class='ocr_par' dir='ltr' id='par_1_109' title="bbox 2272 5141 3814 5214">
     <span class='ocr_line' id='line_1_109' title="bbox 2272 5141 3814 5214; baseline 0.002 -16"><span class='ocrx_word' id='word_1_739' title='bbox 2272 5144 2289 5179; x_wconf 89' lang='grc'>¹</span> <span class='ocrx_word' id='word_1_740' title='bbox 2334 5141 2539 5199; x_wconf 89' lang='lat' dir='ltr'><strong>Matth.</strong></span> <span class='ocrx_word' id='word_1_741' title='bbox 2568 5158 2729 5207; x_wconf 82' lang='lat' dir='ltr'><strong>xxv1,</strong></span> <span class='ocrx_word' id='word_1_742' title='bbox 2765 5146 2850 5210; x_wconf 78' lang='lat'><strong>59,</strong></span> <span class='ocrx_word' id='word_1_743' title='bbox 2883 5142 2975 5213; x_wconf 87' lang='lat'><strong>67,</strong></span> <span class='ocrx_word' id='word_1_744' title='bbox 3003 5142 3091 5199; x_wconf 88' lang='grc'><strong>69.</strong></span> <span class='ocrx_word' id='word_1_745' title='bbox 3170 5144 3192 5178; x_wconf 77' lang='grc'><em>³</em></span> <span class='ocrx_word' id='word_1_746' title='bbox 3225 5142 3402 5200; x_wconf 87' lang='lat' dir='ltr'><strong>Marc.</strong></span> <span class='ocrx_word' id='word_1_747' title='bbox 3434 5160 3551 5210; x_wconf 88' lang='lat' dir='ltr'><strong>x1v,</strong></span> <span class='ocrx_word' id='word_1_748' title='bbox 3589 5146 3676 5211; x_wconf 81' lang='lat'><strong>55,</strong></span> <span class='ocrx_word' id='word_1_749' title='bbox 3714 5148 3814 5214; x_wconf 80' lang='lat'><strong>65,</strong></span> 
     </span>
    </p>
   </div>
   <div class='ocr_carea' id='block_1_110' title="bbox 1644 5404 2583 5479">
    <p class='ocr_par' dir='ltr' id='par_1_110' title="bbox 1644 5404 2583 5479">
     <span class='ocr_line' id='line_1_110' title="bbox 1644 5404 2583 5479; baseline 0.006 -6"><span class='ocrx_word' id='word_1_750' title='bbox 1644 5404 1865 5475; x_wconf 61' lang='lat' dir='ltr'><strong>Varia</strong></span> <span class='ocrx_word' id='word_1_751' title='bbox 1904 5406 2234 5479; x_wconf 90' lang='lat' dir='ltr'><strong>lectiones</strong></span> <span class='ocrx_word' id='word_1_752' title='bbox 2274 5419 2340 5478; x_wconf 94' lang='lat' dir='ltr'><strong>et</strong></span> <span class='ocrx_word' id='word_1_753' title='bbox 2380 5420 2583 5479; x_wconf 79' lang='lat' dir='ltr'><strong>notae.</strong></span> 
     </span>
    </p>
   </div>
   <div class='ocr_carea' id='block_1_111' title="bbox 496 5590 2082 5674">
    <p class='ocr_par' dir='ltr' id='par_1_111' title="bbox 496 5590 2082 5674">
     <span class='ocr_line' id='line_1_111' title="bbox 496 5590 2082 5674; baseline 0.011 -31"><span class='ocrx_word' id='word_1_754' title='bbox 496 5590 609 5674; x_wconf 47' lang='lat' dir='ltr'><strong>(ea)</strong></span> <span class='ocrx_word' id='word_1_755' title='bbox 637 5591 871 5674; x_wconf 56' lang='lat' dir='ltr'><strong>&#39;_Ayc_i6n,</strong></span> <span class='ocrx_word' id='word_1_756' title='bbox 902 5594 1049 5674; x_wconf 83' lang='lat' dir='ltr'><strong>Cod.</strong></span> <span class='ocrx_word' id='word_1_757' title='bbox 1099 5597 1181 5674; x_wconf 45' lang='lat' dir='ltr'><strong>ft.</strong></span> <span class='ocrx_word' id='word_1_758' title='bbox 1199 5593 1265 5651; x_wconf 89' lang='lat' dir='ltr'><strong>In</strong></span> <span class='ocrx_word' id='word_1_759' title='bbox 1294 5595 1411 5674; x_wconf 74' lang='lat' dir='ltr'><strong>boc</strong></span> <span class='ocrx_word' id='word_1_760' title='bbox 1456 5598 1799 5674; x_wconf 80' lang='lat' dir='ltr'><strong>plerumque</strong></span> <span class='ocrx_word' id='word_1_761' title='bbox 1829 5604 2082 5661; x_wconf 85' lang='lat' dir='ltr'><strong>variant.</strong></span> 
     </span>
    </p>
   </div>
   <div class='ocr_carea' id='block_1_112' title="bbox 496 5662 1654 5735">
    <p class='ocr_par' dir='ltr' id='par_1_112' title="bbox 496 5662 1654 5735">
     <span class='ocr_line' id='line_1_112' title="bbox 496 5662 1654 5735; baseline 0.003 -14"><span class='ocrx_word' id='word_1_762' title='bbox 496 5662 616 5735; x_wconf 79' lang='lat'><strong>(95)</strong></span> <span class='ocrx_word' id='word_1_763' title='bbox 647 5664 820 5732; x_wconf 84' lang='grc' dir='ltr'>Εἰκὸς,</span> <span class='ocrx_word' id='word_1_764' title='bbox 852 5682 963 5735; x_wconf 92' lang='lat' dir='ltr'><strong>pro</strong></span> <span class='ocrx_word' id='word_1_765' title='bbox 994 5671 1053 5731; x_wconf 86' lang='grc' dir='ltr'>εὶ,</span> <span class='ocrx_word' id='word_1_766' title='bbox 1085 5667 1187 5724; x_wconf 90' lang='lat' dir='ltr'><strong>dat</strong></span> <span class='ocrx_word' id='word_1_767' title='bbox 1223 5668 1356 5724; x_wconf 92' lang='lat' dir='ltr'><strong>cod.</strong></span> <span class='ocrx_word' id='word_1_768' title='bbox 1385 5662 1654 5727; x_wconf 76' lang='lat' dir='ltr'><strong>A.&#39;Male.</strong></span> 
     </span>
    </p>
   </div>
   <div class='ocr_carea' id='block_1_113' title="bbox 497 5734 2087 5813">
    <p class='ocr_par' dir='ltr' id='par_1_113' title="bbox 497 5734 2087 5813">
     <span class='ocr_line' id='line_1_113' title="bbox 497 5734 2087 5813; baseline 0.009 -23"><span class='ocrx_word' id='word_1_769' title='bbox 497 5734 616 5807; x_wconf 74' lang='lat'><strong>(96)</strong></span> <span class='ocrx_word' id='word_1_770' title='bbox 646 5734 962 5811; x_wconf 66' lang='grc' dir='ltr'>Λπήλειψεν,</span> <span class='ocrx_word' id='word_1_771' title='bbox 996 5741 1057 5807; x_wconf 89' lang='grc' dir='ltr'><strong>Β,</strong></span> <span class='ocrx_word' id='word_1_772' title='bbox 1092 5737 1392 5813; x_wconf 60' lang='grc' dir='ltr'>ἀπείληφεν,</span> <span class='ocrx_word' id='word_1_773' title='bbox 1447 5744 1518 5798; x_wconf 75' lang='grc' dir='ltr'><strong>Α.</strong></span> <span class='ocrx_word' id='word_1_774' title='bbox 1573 5743 1723 5802; x_wconf 90' lang='lat' dir='ltr'><strong>Illud</strong></span> <span class='ocrx_word' id='word_1_775' title='bbox 1773 5745 1951 5805; x_wconf 86' lang='lat' dir='ltr'><strong>etiam</strong></span> <span class='ocrx_word' id='word_1_776' title='bbox 2005 5747 2087 5804; x_wconf 93' lang='lat' dir='ltr'><strong>in-</strong></span> 
     </span>
    </p>
   </div>
   <div class='ocr_carea' id='block_1_114' title="bbox 2195 5605 3822 5677">
    <p class='ocr_par' dir='ltr' id='par_1_114' title="bbox 2195 5605 3822 5677">
     <span class='ocr_line' id='line_1_114' title="bbox 2195 5605 3822 5677; baseline 0.001 -17"><span class='ocrx_word' id='word_1_777' title='bbox 2195 5605 2352 5661; x_wconf 91' lang='lat' dir='ltr'><strong>venit</strong></span> <span class='ocrx_word' id='word_1_778' title='bbox 2380 5606 2714 5661; x_wconf 84' lang='lat' dir='ltr'><strong>Hentenius.</strong></span> <span class='ocrx_word' id='word_1_779' title='bbox 2752 5607 2902 5677; x_wconf 82' lang='lat' dir='ltr'><strong>Ergo</strong></span> <span class='ocrx_word' id='word_1_780' title='bbox 2942 5605 3137 5661; x_wconf 89' lang='lat' dir='ltr'><strong>scriba</strong></span> <span class='ocrx_word' id='word_1_781' title='bbox 3176 5606 3309 5661; x_wconf 91' lang='lat' dir='ltr'><strong>cod.</strong></span> <span class='ocrx_word' id='word_1_782' title='bbox 3335 5606 3376 5660; x_wconf 85' lang='grc' dir='ltr'><strong>Α</strong></span> <span class='ocrx_word' id='word_1_783' title='bbox 3412 5605 3682 5661; x_wconf 89' lang='lat' dir='ltr'><strong>confudit</strong></span> <span class='ocrx_word' id='word_1_784' title='bbox 3711 5622 3822 5662; x_wconf 84' lang='lat' dir='ltr'><strong>vo-</strong></span> 
     </span>
    </p>
   </div>
   <div class='ocr_carea' id='block_1_115' title="bbox 2200 5676 3819 5751">
    <p class='ocr_par' dir='ltr' id='par_1_115' title="bbox 2200 5676 3819 5751">
     <span class='ocr_line' id='line_1_115' title="bbox 2200 5676 3819 5751; baseline 0.002 -18"><span class='ocrx_word' id='word_1_785' title='bbox 2200 5677 2379 5751; x_wconf 84' lang='lat' dir='ltr'><strong>cales,</strong></span> <span class='ocrx_word' id='word_1_786' title='bbox 2414 5681 2476 5751; x_wconf 83' lang='lat' dir='ltr'><strong>ut</strong></span> <span class='ocrx_word' id='word_1_787' title='bbox 2512 5676 2675 5751; x_wconf 84' lang='lat' dir='ltr'><strong>alibi.</strong></span> <span class='ocrx_word' id='word_1_788' title='bbox 2717 5676 2875 5733; x_wconf 76' lang='lat' dir='ltr'><strong>Alias</strong></span> <span class='ocrx_word' id='word_1_789' title='bbox 2908 5678 2968 5733; x_wconf 91' lang='lat' dir='ltr'><strong>in</strong></span> <span class='ocrx_word' id='word_1_790' title='bbox 3001 5681 3261 5734; x_wconf 90' lang='lat' dir='ltr'><strong>mentem</strong></span> <span class='ocrx_word' id='word_1_791' title='bbox 3289 5678 3570 5751; x_wconf 83' lang='lat' dir='ltr'><strong>cuiquam</strong></span> <span class='ocrx_word' id='word_1_792' title='bbox 3606 5679 3819 5738; x_wconf 85' lang='lat' dir='ltr'><strong>venire</strong></span> 
     </span>
    </p>
   </div>
   <div class='ocr_carea' id='block_1_116' title="bbox 2200 5748 2716 5824">
    <p class='ocr_par' dir='ltr' id='par_1_116' title="bbox 2200 5748 2716 5824">
     <span class='ocr_line' id='line_1_116' title="bbox 2200 5748 2716 5824; baseline -0.004 -18"><span class='ocrx_word' id='word_1_793' title='bbox 2200 5749 2387 5823; x_wconf 89' lang='lat' dir='ltr'><strong>possit</strong></span> <span class='ocrx_word' id='word_1_794' title='bbox 2419 5748 2716 5824; x_wconf 83' lang='grc' dir='ltr'>ἀπείληφεν.</span> 
     </span>
    </p>
   </div>
  </div>
