4096 6376
188 347 316 403 705

1062 329 1430 391 COMMENT.
1476 331 1543 389 IN
1583 316 2032 388 MATTHEUM.
2071 353 2139 364 —
2178 319 2337 379 CAP.
2378 314 2610 377 XXVII.

3469 308 3577 367 706

183 472 406 532 Ἰησοῦν
458 467 557 523 ἀπὸ
611 471 706 521 τοῦ
775 463 986 537 Καϊάφα
1047 460 1120 524 εἰς
1190 462 1248 513 1'6
1305 462 1643 534 πραιτώριον.
1704 448 1853 508 Ἦνλ

1951 466 2047 506 ero
2077 448 2192 505 ait:
2228 449 2463 503 Ducunt
2492 446 2685 503 Jesum
2716 458 2753 501 a
2784 440 3055 511 Caiapha
3092 437 3172 495 ad
3200 436 3575 509 praetorium.

189 559 255 616 δὶ
335 562 534 632 πρωία.
602 559 704 611 Καὶ
777 554 923 607 αὐτοὶ
977 552 1070 606 ούκ
1123 550 1360 611 εἰσῆλθον
1415 550 1485 611 εἰς
1536 550 1595 601 τὸ
1650 564 1804 618 πραι-

186 656 412 725 τώριον,
484 649 568 701 ἶνα
632 649 705 719 μὴ
778 644 1088 718 μιανθῶσιν,
1166 639 1268 694 ἀλλ’
1345 640 1426 692 ἱνα
1482 639 1688 712 φάγωσι
1748 636 1806 686 τό

187 743 419 813 πάσχα.
473 745 533 791 Δι
570 737 687 797 ὅλης
732 737 835 810 γὰρ
883 741 975 794 τῆς
1025 735 1205 792 νυκτός
1260 730 1453 790 ἣταζον
1499 730 1672 798 αὐτὸν,
1718 729 1809 777 καὶ

183 834 495 906 μετέφερον.
544 826 676 882 Ἀλλ’
726 829 767 877 ὦ
818 832 913 886 τῆς
962 821 1139 883 ἀνοίας
1186 821 1199 876 i
1258 828 1499 894 φονῶντες
1557 820 1667 891 μὲν,
1719 819 1809 867 καὶ

190 922 264 983 εἰς
326 922 544 974 θάνατον
595 910 995 990 παραδιδόντες,
1051 912 1149 965 ούκ
1201 908 1417 964 ἓδόκουν
1484 908 1807 982 μιαίνεσθαι·

189 1016 255 1065 1'6
311 1007 367 1064 δ’
417 1006 659 1066 ἐπιϐῆναι
708 1011 799 1058 τοῦ
845 999 1193 1078 δικαστηρίου
1223 1002 1457 1073 μιασμόν
1500 996 1736 1070 ἐνόμιζον
1762 995 1812 1046 οἱ

191 1102 289 1153 τὸν
347 1102 574 1151 κώνωπα
627 1091 946 1156 διυλίζοντες
1001 1096 1091 1145 καὶ
1151 1092 1246 1149 τὴν
1300 1087 1534 1162 κάμηλον
1585 1091 1811 1139 καταπί-

191 1208 377 1251 νοντες
391 1232 405 1247 .

422 1333 570 1385 ΚΕΦ.
597 1325 718 1384 EZ'.
760 1328 885 1401 Περὶ
916 1331 1012 1385 τῆς
1043 1318 1220 1377 Ἰούδα
1250 1319 1605 1394 μεταμελείας.

269 1441 409 1491 Τότε
465 1467 535 1478 -
578 1433 764 1488 ἀθῶον.
815 1428 962 1486 Ἰδὼν
1001 1432 1082 1484 ὅτι
1114 1430 1395 1505 κατεκρίθη
1446 1429 1645 1499 θανάτῳ
1673 1429 1817 1497 παρὰ

192 1536 306 1580 τῶν
350 1520 619 1580 Ἰουδαίων
662 1524 688 1575 ό
734 1525 986 1598 Χριστός.
1042 1516 1190 1574 Ἔδει
1237 1516 1295 1572 δὲ
1342 1520 1443 1592 πρὸ
1486 1526 1584 1580 τῆς
1618 1513 1817 1591 προδο-

194 1621 329 1678 σίας
379 1612 818 1688 μεταμεληθῆναι.
876 1609 1031 1665 Ἀλλά
1067 1616 1298 1669 τοιοῦτος
1350 1608 1375 1659 ό
1416 1604 1674 1667 διάϐολος·
1716 1608 1817 1680 πρὸ

192 1708 297 1778 μὲν
347 1710 443 1765 τῆς
494 1701 755 1778 ἁμαρτίας
807 1699 901 1753 ούκ
944 1698 1159 1771 ἀφίησιν
1208 1694 1339 1750 ἰδεῖν
1383 1700 1440 1749 τὸ
1496 1700 1679 1764 κακὸν,
1738 1697 1821 1749 ἵνα

197 1799 275 1867 μὴ
320 1797 539 1865 γένηται
581 1793 846 1865 μετάνοια⁹
907 1792 1038 1863 μετά
1083 1787 1141 1841 6's
1180 1791 1238 1840 τό
1287 1786 1678 1859 ἀπαρτισθῆναι
1725 1790 1819 1843 τὴν

201 1884 497 1957 ἁμαρτίαν,
550 1886 766 1954 ἀφίησιν
823 1877 973 1946 ἰδεῖν,
1031 1878 1113 1931 ἵνα
1168 1876 1381 1950 λυπήσῃ
1436 1882 1526 1929 καὶ
1585 1875 1655 1938 εἰς
1695 1876 1820 1928 ἀπό-

206 1992 408 2046 γνωσιν
458 1970 740 2043 συνελαση.
798 1968 1085 2043 Ἥμαρτον,
1140 1972 1292 2041 φησὶ,
1350 1963 1625 2040 παραδούς
1690 1966 1822 2038 αἷμα

210 2062 406 2133 ἀθῶον,
449 2061 519 2124 εἰς
549 2063 606 2113 1'6
635 2060 892 2133 χυθῆναι.

286 2312 360 2363 Οἱ
396 2306 459 2363 δὲ
496 2340 565 2350 -
603 2308 739 2381 ὄψει.
791 2312 893 2362 Καὶ
936 2310 961 2360 ό
985 2303 1191 2370 Ἰούδας
1228 2306 1383 2359 εἰπὼν
1414 2308 1490 2359 ὅτι
1534 2306 1820 2381 Ἥμαρτον,

213 2396 496 2474 παραδοὺς
561 2398 693 2471 αἷμα
755 2395 942 2469 ἀθῶον,
1012 2394 1209 2458 ἀδίκως
1268 2396 1424 2449 αὐτόν
1480 2396 1824 2457 ἀποθνήσκειν

215 2490 574 2564 ἔμαρτύρησε·
639 2492 730 2540 καὶ
798 2489 847 2540 οἱ
905 2483 1175 2555 Ἰουδαῖοι,
1242 2493 1514 2560 φήσαντες,
1568 2492 1631 2540 Τί
1696 2492 1828 2562 πρὸς

214 2582 401 2652 ἡμᾶς
459 2581 523 2630 σὺ
582 2575 717 2648 ὄψει,
767 2584 829 2649 τῇ
890 2582 1154 2651 μαρτυρίᾳ
1199 2580 1381 2630 τούτου
1434 2580 1825 2649 συγκατέθεντο·

214 2674 311 2721 καὶ
368 2669 398 2725 ἡ
464 2666 677 2725 ἀλήθεια
722 2668 867 2741 παρά
916 2671 1015 2718 τὼν
1069 2664 1273 2742 ἐχθρῶν
1340 2666 1674 2739 ὡμολογήθη.
1724 2673 1827 2719 Τοῦ

220 2761 399 2832 θυμοῦ
460 2752 518 2809 δε
569 2757 838 2827 θήγοντος,
891 2755 1026 2808 ἅπαν
1076 2759 1135 2807 τό
1190 2755 1426 2828 ἔγκλημα
1464 2756 1830 2829 προσαψαντες

217 2857 294 2919 τῷ
326 2841 529 2919 Ἰούδᾳ,
572 2844 749 2898 λοιπὸν
796 2844 969 2915 αὐτοὶ,
1010 2853 1082 2897 τῶ
1111 2846 1265 2898 πάθει
1302 2847 1595 2918 μεθύοντες,
1629 2844 1712 2899 ἐπὶ
1746 2850 1829 2900 τόν

221 2942 378 3012 φόνον
405 2934 676 3007 ἀπείγοντο
712 2934 824 3007 (97)
835 2975 847 2987 .

296 3067 402 3116 Καὶ
459 3092 529 3102 —
578 3060 870 3133 ἀπήγξατο.
917 3063 987 3113 T6
1039 3062 1129 3133 μὲν
1187 3059 1677 3133 ἐξομολογήσασθαι
1738 3065 1832 3121 τὴν

1912 540 2065 596 Erat
2104 544 2292 594 autem
2327 551 2516 605 mane,
2547 541 2599 591 et
2630 534 2752 604 ipsi
2778 548 2899 589 non
2932 528 3292 587 introierunt
3320 525 3384 581 in
3420 538 3574 595 prae-

1916 629 2157 694 torium,
2209 633 2279 682 ut
2320 642 2431 682 non
2480 625 3057 686 contaminarentur,
3096 618 3190 673 sed
3234 622 3299 673 ut
3346 614 3577 672 ederent

1912 718 2140 789 pascha
2173 717 2215 769 ⁵.
2250 716 2358 772 Per
2389 720 2573 772 totam
2606 714 2767 770 enim
2799 718 3037 767 noctem
3076 706 3578 765 examinaverant

1918 824 2076 875 eum,
2111 811 2167 863 et
2193 821 2353 862 nunc
2381 805 2501 876 (pp)
2529 801 2983 859 transferebant.
3009 797 3143 868 Sed,
3179 813 3211 851 ο
3234 794 3535 851 insaniam
3560 791 3573 848 ι

1920 898 2147 954 caedem
2174 898 2578 968 perpetrantes
2609 896 2666 948 et
2700 890 2778 947 ad
2810 894 3067 946 mortem
3095 886 3420 951 tradentes,
3452 897 3577 938 non

1921 986 2215 1060 putabant
2256 1000 2317 1039 se
2364 982 2705 1054 inquinari:
2750 978 2981 1049 ingredi
3028 980 3231 1032 autem
3274 973 3352 1029 ad
3396 971 3578 1028 tribu-

1922 1076 2036 1143 nal,
2070 1073 2647 1132 contaminationem
2659 1069 2980 1133 ducebant,
2996 1062 3576 1137 culicemliquantes,

1922 1170 1979 1223 et
2004 1162 2303 1222 camelum
2341 1161 2678 1232 glutientes.

2200 1288 2351 1345 CAP.
2379 1285 2590 1343 LXVII.
2621 1285 2698 1342 De
2724 1284 2899 1342 Judas
2932 1279 3291 1353 paenitentia.

1996 1401 2159 1455 Vers.
2192 1398 2247 1453 3.
2300 1398 2460 1453 Tunc
2489 1430 2560 1441 --
2602 1390 2767 1451 Vers.
2816 1395 2869 1447 4.
2926 1391 3309 1446 innocentem.
3358 1384 3580 1441 Videns

1924 1489 2090 1560 quod
2138 1490 2215 1544 ad
2262 1494 2516 1545 mortem
2560 1486 3001 1546 condemnatus
3046 1483 3200 1536 esset
3258 1494 3294 1533 a
3358 1475 3581 1531 Iudaeis

1927 1579 2207 1636 Christus.
2256 1578 2580 1651 Oportebat
2608 1581 2809 1635 autem
2852 1576 2991 1629 ante
3036 1568 3431 1643 proditionem
3463 1579 3582 1637 pcn-

1929 1670 2175 1725 nitentia
2213 1670 2371 1725 duci.
2412 1669 2526 1725 Sed
2564 1668 2701 1725 talis
2744 1670 2831 1721 est
2853 1662 3129 1719 diabolus
3165 1664 3340 1715 :ante
3379 1670 3586 1728 pecca-

1929 1766 2055 1815 tum
2083 1775 2203 1815 nou
2234 1759 2515 1831 permittit
2540 1758 2737 1815 videre
2777 1753 3027 1817 malum,
3074 1765 3147 1804 ne
3179 1753 3467 1821 sequatur
3494 1760 3584 1800 re-

1929 1852 2307 1923 sipiscentia:
2344 1858 2666 1923 postquam
2705 1849 2908 1903 autem
2940 1846 3256 1915 peccatum
3297 1835 3586 1894 omnibus

1928 1940 2193 1997 numeris
2239 1946 2328 1995 est
2375 1939 2698 2012 expletum,
2749 1934 2944 1991 videre
2985 1929 3291 2005 permittit,
3325 1931 3389 1982 ut
3431 1940 3584 1980 maz-

1928 2047 2061 2088 rore
2100 2031 2331 2095 atﬁciat,
2376 2036 2431 2084 et
2461 2030 2519 2083 in
2559 2026 3038 2099 desperationem
3071 2017 3411 2092 praecipitet.
3444 2015 3585 2070 Pec-

1929 2122 2076 2186 cavi,
2134 2120 2346 2192 inquit,
2407 2117 2638 2174 tradens
2687 2114 3032 2186 sanguinem
3084 2110 3471 2172 innocentem,
3524 2104 3591 2159 ut

1932 2210 2358 2267 eﬂunderetur.

2004 2317 2167 2374 Vers.
2210 2317 2261 2371 4.
2292 2318 2375 2372 At
2413 2314 2509 2371 illi
2542 2345 2604 2355 —
2644 2310 2879 2370 videris.
2922 2307 3111 2364 Etiam
3148 2304 3331 2361 Judas
3362 2302 3587 2367 dicens,

1935 2408 2193 2473 Peccavi,
2245 2405 2489 2463 tradens
2533 2401 2886 2474 sanguinem
2937 2400 3318 2459 innocentem,
3372 2392 3591 2463 injuste

1934 2514 2074 2554 eum
2107 2496 2259 2552 mori
2289 2499 2535 2552 testatus
2569 2498 2671 2549 est.
2718 2490 2902 2552 Judaei
2933 2502 3178 2562 quoque
3220 2480 3591 2555 responden-

1937 2594 2045 2653 tes,
2090 2586 2248 2651 Quid
2285 2586 2365 2643 ad
2392 2600 2493 2641 nos
2524 2584 2552 2640 t’
2590 2590 2654 2638 tu
2685 2579 2906 2638 videris
2933 2599 2945 2644 ;
2980 2574 3322 2633 testimonio
3354 2570 3480 2643 ejus
3505 2584 3597 2625 as-

1938 2682 2268 2742 senserunt,
2329 2679 2385 2732 et
2446 2673 2774 2735 veritatem,
2831 2668 2967 2725 licet
3034 2663 3285 2731 inimici,
3336 2656 3596 2717 confessi

1942 2772 2123 2821 sunt:
2165 2765 2483 2836 instigante
2516 2767 2717 2819 autem
2768 2758 2986 2823 furore,
3029 2769 3207 2811 omne
3261 2751 3489 2807 crimen
3533 2746 3597 2803 in

1940 2857 2154 2914 ludam
2185 2854 2576 2918 declinantes,
2608 2850 2722 2923 ipsi
2767 2847 3078 2905 aﬁ‘ectione
3118 2844 3246 2916 jam
3295 2840 3464 2908 ebrii,
3518 2838 3599 2895 ad

1941 2948 2163 3004 caedem
2204 2943 2422 3001 Christi
2461 2939 2873 3014 impelluntur.

2013 3058 2175 3114 Vers.
2218 3060 2268 3111 5.
2318 3054 2392 3109 Et
2423 3082 2491 3092 —
2529 3065 2589 3107 se
2632 3045 2957 3118 suspendit.
2999 3043 3315 3098 Peccatum
3355 3037 3600 3111 quidem

222 3152 493 3225 ἁμαρτίαν
535 3147 742 3203 ἐνώπιον
783 3151 1008 3216 πάντων,
1058 3154 1148 3202 καὶ
1196 3152 1254 3202 τό
1291 3149 1447 3224 ῥίψαι
1488 3154 1555 3203 τὰ
1586 3150 1831 3225 ἀργύρια,

1946 3164 2147 3205 coram
2176 3143 2459 3201 omnibus
2491 3137 2779 3202 conﬁteri,
2814 3152 2884 3192 ac
2928 3133 3217 3207 projicere
3266 3132 3596 3200 argenteos,

221 3239 567 3315 μεταμελείας
635 3239 760 3291 εἰσί·
814 3241 873 3291 τὸ
938 3235 998 3291 δὲ
1066 3236 1407 3310 ἀπάγξασθαι
1473 3239 1830 3313 ἀπογνώσεως.

221 3331 457 3402 Ἐπέγνω
530 3331 621 3401 μὲν
682 3330 785 3403 γὰρ
850 3330 909 3380 1'6
963 3330 1143 3396 κακόν,
1202 3333 1293 3381 καὶ
1343 3330 1685 3402 μετεμελήθη,
1746 3336 1837 3384 καὶ

228 3418 690 3493 ἂξωμολογήσατσ
765 3416 860 3470 οὐκ
923 3416 1151 3478 ἐζήτησε
1215 3414 1275 3470 δὲ
1336 3424 1650 3492 συγγνώμην
1698 3424 1843 3496 παρὰ

228 3516 323 3562 τοῦ
375 3504 664 3580 δυναμένου
715 3504 899 3560 δοῦναι
935 3510 1157 3565 ταύτην.
1206 3506 1282 3560 Ού
1316 3510 1418 3582 γὰρ
1460 3506 1651 3581 ἀφῆκεν
1688 3510 1842 3563 αὐτόν

232 3601 257 3651 ό
307 3595 347 3651 δ
352 3595 559 3659 ιάϐολος
596 3604 918 3669 μετανοῆσαι
959 3595 1073 3668 (98)
1112 3600 1246 3671 πρὸς
1292 3600 1378 3649 τὸν
1418 3602 1665 3673 Χριστὸν,
1695 3600 1762 3661 εἰς
1790 3601 1843 3652 ὅν

234 3688 544 3761 ἐξήμαρτεν·
600 3684 731 3738 ἀλλά
779 3685 1107 3759 προεξήγαγε
1166 3694 1347 3740 τοῦτον
1399 3696 1494 3751 τῆς
1548 3696 1840 3764 μετανοίας,

234 3779 301 3839 ὡς
340 3781 413 3849 μὴ
466 3778 678 3851 φέροντα
714 3778 803 3827 τόν
844 3773 942 3827 ἀπὸ
990 3781 1082 3828 τοῦ
1124 3774 1421 3839 συνειδότος
1458 3778 1694 3852 ἔλεγχον.
1730 3783 1847 3833 Δέον

234 3863 326 3920 οὖν
381 3866 471 3918 ἐπὶ
542 3866 631 3918 τὸν
697 3862 991 3927 ἀνεξίκακον
1048 3872 1229 3919 τοῦτον
1281 3877 1623 3941 καταφυγεῖν·
1695 3870 1721 3921 ό
1789 3865 1849 3922 δε

234 3954 433 4031 μᾶλλον
512 3952 595 4006 ἰπὶ
667 3956 754 4006 τόν
838 3955 1055 4007 θάνατον
1117 3958 1422 4028 κατέφυγεν,
1477 3959 1611 4019 ὅπως
1665 3959 1848 4013 θᾶττον

238 4043 566 4115 ἀωαλλαγείη
615 4050 713 4105 τῆς
765 4047 1192 4116 κατεγνωσμένης
1238 4050 1328 4097 καὶ
1376 4043 1847 4121 ἑπωδύνουξιζωῆς.

239 4140 345 4191 Καὶ
383 4130 510 4187 οὐδὲ
560 4135 747 4186 τούτου
792 4138 1095 4209 παραυτίκα
1128 4137 1438 4207 τετύχηκεν,
1473 4140 1541 4200 ὡς
1586 4137 1844 4211 ἐγλίχετο·

239 4223 595 4296 διάγνωσθεὴ
630 4225 734 4298 γὰρ
766 4223 868 4275 ύπό
909 4242 1082 4291 τινων,
1127 4225 1392 4299 καθῃρέθη
1434 4234 1528 4289 τῆς
1579 4226 1839 4300 ἀγχόνης·

240 4312 355 4369 εἶτα
383 4311 433 4365 ἒν
467 4307 732 4372 ἐδιάζοντι
757 4315 898 4383 τόπῳ
926 4308 1143 4373 διέζησε
1171 4316 1352 4389 καιρὸν
1383 4313 1573 4387 ὀλίγον,
1606 4322 1696 4370 καὶ
1736 4318 1848 4393 (99)

238 4407 449 4481 πρηνὴς
540 4405 825 4474 γενόμενος,
919 4404 1103 4467 εἶτουν,
1212 4410 1594 4477 πεπρησμένος,
1696 4407 1851 4481 ἐξωγ-

1212 4410 1544 4477 πεπρησμένο
1554 4428 1594 4477 ς,

239 4497 510 4588 κωμένος,.
538 4490 750 4588 ἕλάκισε
782 4491 865 4559 (1)
918 4497 1007 4544 καὶ
1065 4488 1318 4568 διερῥάγη
1378 4498 1552 4567 μέσος,
1611 4502 1700 4550 καὶ
1747 4498 1850 4561 ἑξε-
1881 4530 1929 4588 D

241 4584 393 4656 γύθη
440 4580 519 4652 (2)
548 4583 613 4633 τά
661 4578 948 4652 σπλάγχνα
991 4581 1171 4649 αὐτοῦ,
1213 4586 1386 4647 καθώς
1416 4606 1573 4658 φησιν
1604 4588 1633 4646 ἡ
1669 4585 1852 4661 βίϐλος

244 4682 350 4725 τῶν
408 4670 675 4744 Ηράξεων,
752 4669 811 4723 Εἰ
865 4666 924 4723 δι
978 4675 1068 4724 καὶ
1132 4676 1425 4745 γέγραπται
1480 4673 1530 4727 ἐν
1584 4676 1713 4751 αὐτῇ
1770 4681 1850 4732 ὅτι

321 4773 345 4807 ⁸
369 4771 544 4826 Joan.
574 4784 734 4837 xvui,
766 4767 860 4827 28.
892 4770 913 4803 °
947 4770 1071 4826 Act.
1107 4786 1147 4837 ι,
1182 4770 1264 4826 18.

1946 3233 2365 3309 τθεὶρὶεοθηιὶω
2418 3230 2711 3286 fuerunt:
2765 3225 2984 3297 laqueo
3036 3234 3172 3276 vero
3223 3234 3285 3273 se
3340 3231 3604 3288 suspen-

1948 3303 2107 3395 dere,
2140 3318 2595 3396 desperationis.
2640 3314 2897 3387 Agnovit
2927 3308 3225 3384 siquidem
3255 3312 3312 3396 et
3352 3303 3605 3378 penituit

1951 3433 2110 3483 eum,
2139 3431 2208 3471 ac
2238 3393 2546 3469 confessus
2577 3412 2700 3463 est:
2750 3404 2994 3461 veniam
3034 3404 3235 3457 autem
3261 3395 3336 3453 ab
3385 3410 3455 3451 eo
3497 3393 3605 3467 qui

1950 3508 2104 3563 hanc
2133 3505 2277 3561 dare
2326 3502 2573 3575 poterat,
2623 3510 2747 3552 non
2794 3490 3135 3564 requisivit:
3197 3500 3395 3558 neque
3443 3483 3605 3539 enim

1953 3594 2219 3671 permisit
2240 3571 2379 3649 eum
2406 3587 2683 3645 diabolus
2709 3585 2791 3641 sic
2816 3578 3167 3653 poenitentia
3194 3575 3357 3645 duci,
3384 3588 3506 3646 quo
3529 3571 3609 3629 ad

1956 3666 2255 3744 Christum
2286 3683 2393 3738 iret
2422 3682 2483 3735 in
2514 3692 2695 3752 quem
2721 3675 3109 3748 peccaverat:
3146 3666 3255 3724 sed
3282 3666 3444 3722 hunc
3475 3669 3610 3719 ante

1956 3777 2281 3850 perfectam
2304 3769 2713 3844 penitentiam
2735 3761 2997 3828 abduxit,
3013 3762 3218 3831 utpote
3231 3752 3610 3813 conscientias

1957 3841 2456 3923 remorsum—non
2496 3858 2801 3914 ferentem.
2836 3852 2986 3908 Cum
3027 3863 3169 3918 ergo
3198 3845 3274 3902 ad
3305 3844 3467 3901 hunc
3494 3841 3615 3899 cle-

1958 3954 2404 4012 mentissimum
2434 3946 2755 4015 confugere
2786 3943 3101 4014 oporteret,
3131 3935 3226 3991 ille
3256 3934 3333 3991 ad
3358 3935 3613 3988 mortem

1959 4046 2157 4119 potius
2186 4040 2472 4110 confugit,
2507 4042 2569 4092 ut
2594 4052 2631 4091 a
2659 4034 2979 4104 desperata
3000 4026 3272 4098 tristique
3298 4023 3417 4079 vita
3438 4017 3614 4078 citius

1959 4114 2321 4191 liberaretur.
2352 4132 2420 4185 Et
2461 4140 2658 4199 neque
2700 4122 2762 4178 id
2809 4118 3090 4176 continuo
3141 4118 3453 4170 assecutus
3501 4114 3611 4176 est,

1959 4228 2137 4300 prout
2167 4219 2482 4293 c‘upiebat:
2517 4214 2753 4285 agnitus
2784 4209 2944 4266 enim
2973 4222 3007 4262 a
3032 4201 3403 4300 quibusdam
3432 4200 3616 4270 depo-

1960 4291 2106 4373 situs
2139 4291 2264 4385 (qu
2303 4314 2389 4365 est
2427 4322 2500 4362 ne
2531 4301 2989 4377 prsefocaretur:
3035 4291 3251 4385 deinde
3291 4294 3617 4364 postquam

1959 4406 2021 4461 in
2047 4382 2266 4459 secreto
2295 4396 2565 4471 quodam
2596 4392 2747 4455 loco,
2784 4385 3023 4443 modico
3043 4382 3291 4437 vixisset
3325 4384 3614 4450 tempore,

1960 4509 2228 4570 praeceps
2245 4468 2437 4546 factus
2468 4485 2586 4540 sive
2609 4479 3034 4555 praecipitatus,
3058 4472 3323 4540 inﬂatus,
3346 4468 3619 4539 diruptus

1960 4560 2029 4643 ac
2046 4560 2310 4640 ditiissus
2330 4582 2418 4634 est
2441 4572 2700 4634 medius,
2723 4574 2778 4626 et
2794 4566 2985 4624 effusa
3006 4567 3148 4619 sunt
3168 4560 3375 4618 omnia
3392 4560 3622 4614 viscera

1960 4675 2107 4749 ejus,
2139 4672 2289 4727 sicut
2333 4668 2416 4727 ait
2452 4664 2603 4722 liber
2635 4663 2913 4717 Actorum
2953 4657 2997 4713 ⁶.
3047 4652 3220 4721 Quod
3248 4650 3297 4707 si
3350 4648 3530 4707 etiam
3557 4646 3622 4703 in

1458 4862 1684 4935 Variae
1729 4866 2059 4940 lectiones
2114 4874 2179 4934 et
2216 4868 2417 4929 notae.

324 4967 441 5039 (97)
484 4964 786 5051 Ὑπείγοντα
830 4969 897 5036 Α,
942 4967 1110 5042 quod
1135 4971 1297 5029 nihili
1327 4975 1438 5031 est.
1488 4979 1689 5051 Neque
1725 4978 1859 5039 ὑπή-

244 5058 403 5113 γοντο
430 5042 892 5113 conjiciendum.

326 5112 445 5186 (98)
506 5112 831 5186 Hentenius
879 5112 1114 5186 videtur
1166 5115 1385 5186 legisse

319 5252 926 5327 iusinterpretatione
952 5255 1242 5327 inspecta.

328 5324 443 5397 (99)
492 5324 699 5399 Πρηνής
729 5324 1091 5409 estpronys.
1124 5330 1279 5409 Ergo
1300 5332 1704 5409 interpretatio
1730 5334 1864 5409 huic

248 5396 388 5453 loco
406 5396 543 5488 non
560 5400 852 5488 convenit.
869 5396 1228 5488 Credocrgo'
1242 5396 1628 5488 E‘uthymium
1647 5407 1864 5479 legisse

248 5470 857 5614 ςιξσιῖῖξέέιξέηξῖιξέξ
871 5470 1868 5609 ξεδιῖέξοῆξξέξξιέιξξέηαέρέἷξεν-ί

1374 5588 1388 5602 .
1666 5568 1685 5614 ]
1728 5567 1758 5607 c

1374 5588 1388 5602 .
1410 5567 1559 5607 nam
1590 5567 1758 5623 anec

329 5638 461 5712 (pp)
497 5639 693 5698 Nunc.
722 5642 848 5699 Non
885 5645 977 5701 est
1003 5642 1068 5700 in
1093 5643 1318 5702 Graeco.

545 5129 831 5193 tgtnettlus
879 5129 1127 5193 videtur
1166 5129 1385 5186 legisse
1442 5129 1856 5192 μετανοστῆσαι,

296 5182 619 5259 ῃοά-ωὼὶ
660 5185 840 5259 etiam
879 5182 1253 5259 in_mentem'
1272 5182 1537 5259 venerat,
1583 5182 1860 5252 nondum

1966 4977 2210 5052 πρηστής
2230 4966 2508 5043 equidem
2533 4959 2814 5031 exempla
2835 4957 3066 5027 ignoro.
3087 4949 3231 5007 Vide
3257 4947 3435 5030 etiam
3459 4943 3623 4999 Mun-

1965 5048 2075 5104 teri
2104 5044 2461 5112 Fragmenta
2474 5035 2718 5112 Patrum
2732 5031 3110 5112 Greeco‘rum.‘
3124 5015 3625 5112 Fasctc.rl.£:iiz

2474 5086 2691 5165 ili—titur
2714 5086 2919 5176 autem
2936 5094 3068 5176 hinc
3098 5101 3216 5176 tota
3234 5108 3328 5147 res
3350 5086 3629 5176 fabulosa

1967 5166 2684 5259 etwti'agicavn’arratione.
2712 5166 3227 5259 Papviaeuhomip‘is
3278 5166 3534 5259 uulgaci:
3556 5172 3627 5213 ac

1967 5230 2755 5320 Bhli'iﬁ‘é‘iiﬁei'i‘iééi'éhim
2796 5230 3075 5316 ἐξηγήσεις
3116 5237 3234 5304 ille,
3267 5233 3375 5290 sed
3431 5230 3628 5305 μύθους

1972 5336 2234 5550 seqvi:
2257 5396 2464 5469 legunt
2484 5392 2667 5450 etiam
2692 5384 2964 5446 nonnulli
2995 5383 3055 5441 in
3079 5379 3343 5439 Actibus.

2045 5404 2101 5549 i2
2158 5476 2355 5538 Πάντα,
2382 5462 2701 5538 interponit
2730 5465 2799 5517 Α.

2078 5413 2088 5459 I
2150 5404 2667 5469 ltaleguntetlam
2692 5404 2799 5446 nor

2045 5404 2124 5549 i2;
2158 5476 2355 5538 Πάντα,
2382 5462 2701 5538 interponit
2730 5465 2799 5517 Α.

332 5728 441 5805 (qq)
473 5726 803 5804 Depositus,
836 5735 945 5792 etc.
980 5734 1213 5810 Laqueo
1239 5734 1469 5796 solutus
1491 5741 1609 5801 est.
1638 5737 1812 5803 Forte
1826 5737 2082 5801 κατετέθη
2110 5733 2277 5811 legit.
