4096 6378
492 335 598 392 707

1852 312 2203 383 ΕΗΤΗΥΜῙῙ
2243 315 2581 387 ZIGABENI

3751 322 3853 388 708

484 476 555 517 eo
576 459 865 532 scriptum
877 462 987 523 est,
1001 457 1166 531 quod
1180 457 1477 530 praedium
1488 454 1862 529 comparavit
1876 455 1951 510 de
1980 469 2138 510 mer-

2252 458 2503 513 ικτήσατο
2556 456 2756 529 χωρίον
2806 473 2861 506 εκ
2920 455 3119 527 μισθου
3180 461 3273 516 τῆς
3342 450 3574 524 ἀδικίας,
3636 455 3738 509 ἀλλ’
3793 457 3850 511 ού

484 549 629 607 cede
658 548 1005 621 iniquitatis,
1035 563 1157 603 non
1186 552 1382 604 tamen
1412 547 1526 602 hoc
1560 546 1667 601 fuit
1698 549 1832 618 post
1863 549 2141 613 strangu-

480 638 782 702 lationem,
826 642 889 693 ut
928 636 1178 709 quidam
1222 641 1455 709 putant.
1509 635 1573 690 Id
1618 635 1779 690 enim
1824 632 2139 690 declarans

484 729 960 802 Chrysostomus,
994 742 1206 797 agrum
1247 726 1410 797 ﬁguli
1448 725 1629 781 fuisse
1661 724 1802 780 dicit
1840 724 2139 796 praedium

480 818 644 875 illud.
676 817 935 889 Triginta
964 815 1265 888 siquidem
1297 815 1561 886 argentei
1591 812 1809 887 quibus
1840 814 1936 869 hic
1967 829 2142 886 para-

482 913 578 966 tus
625 912 715 963 est
762 922 923 976 ager,
957 906 1068 978 ipsi
1111 905 1280 961 Judaa
1332 920 1559 961 merces
1608 910 1734 959 erat
1782 903 2137 974 iniquitatis,

482 1014 667 1072 quam
726 996 1011 1053 adversus
1065 999 1494 1068 praeceptorem
1550 994 1931 1067 perpetravit.
1984 992 2139 1059 Quid

485 1086 646 1143 enim
684 1085 865 1157 hujus
884 1084 1217 1157 proditione
1242 1084 1499 1156 iniquius
1519 1082 1548 1138 i’
1565 1081 1977 1153 Intelligamus
1998 1098 2140 1155 ergo

480 1176 587 1249 qui
616 1176 844 1245 argenti
870 1190 1081 1229 sumus
1135 1178 1457 1242 amatores,
1503 1171 1816 1244 quomodo
1861 1171 2046 1229 Judas
2084 1174 2141 1228 et

482 1268 796 1337 peccatum
817 1262 1198 1335 perpetravit,
1221 1267 1278 1319 et
1308 1262 1574 1334 pecunias
1599 1260 1860 1317 fructum
1886 1274 2008 1317 non
2040 1276 2138 1317 ac-

482 1354 655 1427 cepit,
685 1357 739 1409 et
764 1353 1069 1425 propriam
1103 1353 1369 1408 animam
1402 1350 1683 1423 perdidit.

553 1462 713 1517 Vers.
761 1461 817 1517 9.
857 1458 1154 1530 Principes
1180 1488 1250 1500 —
1296 1461 1398 1515 est.
1460 1457 1839 1528 Impudenter
1883 1455 2142 1513 fatentur

483 1551 741 1622 pretium
780 1564 908 1604 esse
956 1548 1268 1618 sanguinis
1324 1547 1449 1603 sive
1508 1546 1689 1603 credis
1748 1550 2136 1618 emptionem.

483 1637 789 1695 Corbonas
834 1642 1033 1693 autem
1086 1644 1214 1693 erat
1286 1635 1545 1693 thesauri
1599 1634 2019 1709 repositorium
2078 1635 2139 1689 in

483 1728 726 1801 templo,
760 1729 873 1785 hoc
893 1736 1003 1795 est,
1036 1728 1337 1784 donorum
1364 1728 1830 1799 receptaculum.
1856 1726 2005 1781 Puto
2037 1741 2138 1780 au-

483 1825 602 1875 tem
628 1818 690 1874 id
722 1818 904 1875 fuisse
921 1818 1086 1889 quod
1099 1817 1409 1873 dicebatur
1427 1816 1954 1890 Gazophylacium.
1978 1814 2139 1872 Gaza

482 1908 643 1964 enim
670 1908 959 1964 Romanis
988 1906 1208 1963 divitiae
1232 1906 1635 1979 appellantur.

552 2015 715 2071 Vers.
748 2016 801 2069 7.
836 2014 1093 2071 Consilio
1123 2017 1319 2070 autem
1351 2013 1503 2069 inito
1531 2042 1600 2052 -—
1630 2011 1789 2067 Vers.
1826 2014 1879 2066 8.
1913 2009 2141 2066 hodier-

482 2120 625 2161 num
656 2104 830 2160 diem.
864 2103 1044 2158 Multo
1084 2102 1298 2158 melius
1334 2118 1418 2157 eis
1458 2101 1661 2157 fuisset
1698 2100 1808 2157 hos
1838 2100 1900 2155 in
1930 2100 2140 2155 corbo-

482 2209 625 2250 nam
648 2192 881 2249 misisse
911 2208 924 2247 :
950 2207 1333 2263 nequaquam
1356 2190 1515 2246 enim
1537 2190 1701 2263 quod
1736 2194 2142 2262 perpetratum

483 2288 572 2339 est
588 2281 741 2338 adeo
771 2280 1147 2350 divulgatum
1170 2280 1392 2336 fuisset.
1417 2280 1532 2352 Ipsi
1571 2295 1708 2334 vero
1748 2278 1827 2334 ad
1862 2278 2143 2347 redargu-

484 2372 709 2428 tionem
747 2370 886 2426 foedi
940 2368 1247 2426 homicidii
1276 2368 1367 2424 sui
1398 2384 1612 2439 agrum
1642 2372 1933 2433 emerunt,
1968 2367 2141 2439 cujus

482 2475 707 2517 nomen
758 2459 905 2515 tuba
966 2458 1185 2515 clarius
1234 2457 1379 2514 illud
1407 2457 1758 2529 publicaret.
1801 2460 1997 2529 Neque
2028 2456 2140 2513 hoc

483 2554 790 2622 utcunque
833 2548 1079 2613 faciunt,
1116 2547 1225 2603 sed
1267 2552 1512 2619 sumpto
1550 2547 1699 2603 inter
1745 2562 1810 2603 se
1855 2545 2136 2603 consilio:

483 2638 712 2711 ubique
736 2638 894 2694 enim
927 2636 1242 2693 consilium
1275 2637 1500 2705 ineunt,
1547 2640 1608 2692 ut
1641 2651 1822 2692 nemo
1855 2636 2140 2691 immunis

482 2728 872 2800 relinquatur.
898 2726 1073 2782 Liber
1098 2742 1336 2799 quoque
1360 2728 1642 2781 Actorum
1668 2724 1751 2781 ait
1770 2726 1811 2789 ⁷,
1848 2724 2139 2797 praedium

483 2817 631 2874 illud
675 2822 955 2873 vocatum
993 2831 1125 2871 esse
1165 2815 1504 2879 Aceldema,
1548 2814 1660 2870 hoc
1692 2820 1797 2880 est,
1843 2813 2137 2887 praedium

484 2907 815 2978 sanguinis.
850 2907 962 2965 Hic
992 2908 1194 2977 itaque
1221 2910 1307 2962 est
1332 2920 1475 2976 ager
1503 2904 1578 2961 de
1607 2921 1731 2978 quo
1757 2904 1853 2961 ille
1882 2904 2033 2961 liber
2058 2904 2141 2962 lo-

483 2996 711 3068 quitur.

554 3103 716 3158 Vers.
736 3102 789 3156 9.
822 3101 984 3157 Tunc
1012 3100 1260 3156 —Vers.
1290 3102 1372 3155 lO.
1401 3099 1696 3156 Dominus.
1740 3099 1803 3155 In
1838 3099 1989 3157 libro
2015 3099 2140 3173 qui-

480 3190 621 3248 dem
637 3189 1678 3263 Jeremimquicommuniterlegitur,
1710 3189 1826 3245 hoc
1853 3190 2137 3263 scriptum

478 3296 604 3337 non
634 3285 740 3346 est,
774 3284 953 3336 restat
983 3294 1125 3348 ergo
1153 3284 1214 3334 ut
1244 3281 1303 3335 in
1334 3278 1683 3351 apocrypho
1697 3278 1825 3349 ejus
1850 3282 2139 3351 scriptum

481 3370 553 3426 sit
579 3368 930 3441 (Verisimile
963 3368 1141 3425 etiam
1186 3372 1274 3423 est
1306 3368 1698 3439 postmodum
1743 3368 1980 3439 abjecta
2012 3369 2139 3425 haec

480 3474 608 3517 esse
631 3459 709 3516 ab
734 3474 806 3515 eo
833 3457 987 3513 libro
1020 3457 1117 3529 qui
1147 3456 1379 3527 legitur,
1407 3456 1546 3513 dolo
1568 3473 1638 3513 ac
1660 3457 1884 3514 malitia
1904 3459 2137 3514 Judeeo-

478 3563 639 3612 rum,
666 3549 820 3603 sicut
850 3546 1031 3603 etiam
1064 3547 1122 3602 in
1152 3546 1361 3602 multis
1392 3545 1519 3603 aliis
1548 3547 1748 3603 verbis
1777 3546 1891 3620 (rr)
1915 3547 2138 3603 factum

481 3636 618 3709 est.)
648 3640 1021 3708 Acceperunt
1056 3650 1199 3706 ergo
1242 3636 1463 3691 summi
1502 3636 1842 3693 sacerdotes
1882 3637 2137 3709 pretium

479 3725 694 3782 Christi
728 3723 1143 3797 pretiosissimi
1168 3741 1350 3797 quem
1384 3725 1830 3782 aestimaverunt
1858 3726 1962 3799 qui
2003 3729 2140 3783 sunt

481 3829 518 3871 a
545 3814 689 3871 ﬁliis
710 3814 912 3879 Israel,
947 3812 1221 3869 videlicet
1249 3813 1532 3870 lsraelitaa.
1567 3814 1713 3870 Dicit
1761 3820 1961 3871 autem
2009 3831 2139 3871 eos-

478 3903 619 3961 dem
652 3920 926 3960 summos
954 3902 1317 3969 sacerdotes,
1351 3903 1599 3976 quando
1630 3904 1707 3960 ad
1738 3920 1841 3961 eos
1871 3903 2018 3961 dixit
2041 3904 2140 3961 Ju-

478 3993 585 4050 das
613 4009 627 4049 :
652 3994 804 4060 Quid
829 3994 1009 4049 vultis
1040 3992 1187 4050 mihi
1216 3993 1383 4057 dare,
1416 3999 1468 4049 et
1518 4008 1617 4064 ego
1651 3994 1810 4051 vobis
1840 4010 1969 4052 eum
2017 4002 2141 4052 tra-

478 4083 618 4140 dam
646 4085 667 4119 ⁸
695 4084 723 4139 ?
762 4085 832 4139 At
861 4082 944 4139 illi
983 4081 1420 4139 constituerunt
1450 4082 1501 4138 ei
1536 4083 1776 4153 triginta
1806 4088 2135 4155 argenteos.

482 4171 790 4229 Constituit
815 4173 974 4239 mihi,
1008 4173 1122 4228 hoc
1143 4177 1247 4237 est,
1278 4171 1430 4227 dixit
1456 4172 1591 4227 mihi
1611 4173 1923 4229 Dominus.

550 4264 708 4320 Vers.
738 4263 826 4320 11.
851 4264 1017 4319 Jesus
1038 4270 1238 4318 autem
1266 4292 1325 4301 —
1349 4260 1619 4330 praeside.
1652 4260 1757 4318 Ubi
1788 4279 1927 4320 eum
1949 4263 2141 4320 addu-

476 4349 704 4408 xissent
742 4351 821 4407 ad
853 4350 1220 4423 praetorium,
1253 4349 1394 4406 dicit
1426 4352 1705 4417 Joannes,
1747 4351 1914 4424 quod
1962 4354 2140 4411 exivit

479 4440 561 4498 ad
586 4456 690 4497 eos
717 4440 955 4507 Pilatus,
985 4445 1042 4495 et
1072 4440 1155 4496 ait
1181 4456 1193 4495 :
1236 4439 1423 4507 Quam
1452 4442 1884 4499 accusationem
1916 4443 2138 4513 a/fertis

482 4530 762 4587 adversus
786 4530 1071 4585 hominem
1091 4530 1245 4585 hunc
1265 4529 1292 4585 ?
1313 4530 1828 4599 Re3ponderuntet
1852 4533 2138 4590 dixerunt

479 4618 536 4675 ei
556 4638 567 4677 :
598 4617 731 4674 Nisi
750 4625 888 4675 esset
912 4619 1009 4675 hic
1027 4619 1402 4689 male/actor,
1423 4635 1543 4674 non
1566 4619 1672 4675 tibi
1698 4621 2138 4681 tradidzssemus

481 4722 635 4765 eum.
669 4706 835 4763 Dixit
866 4720 1012 4779 ergo
1043 4708 1122 4764 eis
1138 4707 1368 4763 Pilatus
1402 4727 1414 4766 :
1448 4709 1676 4765 Sumite
1697 4726 1825 4766 eum
1858 4726 1957 4767 vos
1984 4718 2036 4768 et
2060 4728 2140 4768 se-

478 4796 726 4853 cundum
752 4797 923 4868 legem
955 4802 1207 4854 vestram
1238 4795 1498 4864 iudicate
1527 4812 1661 4853 eum
1701 4801 1745 4866 θ,
1774 4804 1887 4855 etc.
1920 4800 2009 4856 Illi
2035 4802 2137 4858 ita-

479 4900 600 4959 que
626 4884 993 4942 tradiderant
1017 4901 1152 4942 eum
1183 4884 1370 4942 Pilato
1392 4885 1467 4941 ad
1492 4884 1996 4954 interﬁciendum,
2016 4904 2136 4947 non

480 5062 503 5100 ⁷
533 5064 659 5122 Act.
693 5080 733 5132 ι,
762 5064 853 5125 19.
888 5064 909 5101 ⁸
940 5064 1141 5123 Matth.
1175 5080 1332 5131 xxvi,
1362 5064 1449 5119 15.
1479 5066 1499 5101 9
1531 5064 1703 5123 Joan.
1743 5082 1896 5138 xvm,
1924 5068 2112 5129 29-31.

2171 4164 2219 4221 D

2244 546 2376 616 μετὰ
2417 548 2511 603 τὴν
2549 542 2811 615 ἀγχόνην,
2838 544 2907 606 ὣς
2936 562 3070 606 τινας
3100 546 3322 601 οἴονται,
3358 550 3523 597 Τοῦτο
3554 548 3655 618 γὰρ
3686 545 3847 620 ίρμη-

2244 636 2400 685 νεύων
2476 635 2503 686 6
2578 638 2981 707 Χρυσόστομος,
3058 636 3146 686 τὸν
3226 632 3387 707 ἀγρὸν
3453 642 3546 687 τοῦ
3598 639 3852 709 κεραμέως

2248 722 2376 773 εἶναι
2413 725 2471 775 τὸ
2510 727 2710 797 χωρίον
2752 721 2911 775 ἐκεῖνο
2950 722 3108 793 λέγει.
3159 725 3238 776 Τὰ
3276 724 3557 797 τριάκοντα
3606 726 3707 799 γὰρ
3758 723 3853 797 ἀρ-

2245 814 2423 884 γύρια,
2468 811 2522 875 ἐξ
2568 812 2636 863 ὧν
2667 813 2939 887 ἠγοράσθη
2983 811 3155 879 οὗτος,
3188 815 3379 884 μισθὸς
3408 812 3543 871 ἦσαν
3573 822 3646 884 τῷ
3676 809 3854 887 Ἰούδᾳ

2247 910 2339 961 τῆς
2373 897 2587 962 ἀδικίας
2642 910 2735 964 τῆς
2772 902 2843 964 εἰς
2891 904 2978 954 τὸν
3028 898 3376 957 Διδάσκαλον.
3416 907 3479 955 Τί
3514 904 3615 978 γὰρ
3661 899 3853 955 ἀδικώ-

2248 1008 2390 1063 τερον
2442 999 2535 1053 τῆς
2582 987 2877 1067 προδοσίας
2920 990 3126 1059 crint);
3180 991 3533 1065 Ἐννοήσωμεν
3584 995 3758 1045 τοίνυν
3803 994 3853 1045 οἱ

2248 1079 2577 1154 φιλάργυροι,
2628 1088 2739 1143 πῶς
2784 1082 2809 1133 6
2856 1078 3066 1144 Ἰούδας
3113 1086 3203 1134 καὶ
3236 1085 3329 1139 τὴν
3382 1080 3643 1154 ἁμαρτίαν
3682 1080 3853 1155 εἰργοί-

2250 1188 2397 1232 σατο,
2454 1174 2545 1223 καὶ
2602 1178 2702 1223 τῶν
2756 1171 3051 1246 χρημάτων
3114 1170 3209 1223 ούκ
3262 1169 3559 1238 ἀπήλαυσε,
3614 1173 3706 1223 καὶ
3762 1174 3855 1229 τὴν

2253 1254 2392 1311 ἰδίαν
2430 1256 2619 1331 ψυχὴν
2660 1257 2943 1319 ἀπώλεσεν.

2320 1440 2385 1491 Οἱ
2444 1469 2509 1478 -
2570 1436 2729 1493 ἐστιν.
2809 1438 3270 1512 Ἀνεπαισχύντως
3339 1438 3708 1511 ὁμολογοῦσιν,
3776 1439 3857 1492 ὅτι

2247 1532 2371 1601 τιμὴ
2428 1528 2645 1589 αἵματός
2710 1526 2870 1595 ἔστιν,
2932 1532 3116 1593 εἳτουν,
3174 1529 3276 1589 ὠνὴ
3343 1534 3517 1602 φόνου.
3599 1526 3858 1601 Κορϐονᾶς

2170 1589 2215 1645 Β
2249 1614 2308 1671 δὲ
2350 1615 2409 1676 ἧν
2456 1621 2515 1670 τὸ
2546 1625 2639 1670 τοῦ
2667 1626 2792 1670 ναοῦ
2825 1618 3337 1692 θησαυροφυλάκιον,
3380 1622 3437 1671 τό
3472 1614 3854 1691 δωροδοχιίον.

2249 1705 2414 1779 Οἶμαι
2458 1704 2517 1760 δὲ
2546 1715 2699 1760 τοῦτο
2744 1705 2874 1759 εἶναι
2908 1710 2967 1760 τὸ
3015 1708 3285 1781 λεγόμενον
3325 1706 3716 1780 γαζοφυλάκιον

2248 1799 2392 1858 Γάζα
2415 1801 2513 1873 γὰρ
2541 1800 2684 1871 παρὰ
2706 1796 2982 1870 Ῥωμαίοις
3011 1800 3037 1849 6
3065 1797 3279 1859 πλοῦτος
3308 1797 3565 1854 καλεῖται.

2318 1992 2633 2065 Συμϐούλιον
2687 1988 2747 2045 δι
2784 1991 3027 2056 λαϐόντες
3065 2023 3135 2033 --
3176 1997 3428 2067 σήμερον.
3481 1992 3618 2047 Πολὺ
3650 1992 3862 2047 κάλλιον

2248 2080 2309 2142 ἧν
2350 2084 2527 2144 αὐτοῖς
2576 2082 2642 2143 εἰς
2680 2086 2764 2135 τὸν
2809 2082 3057 2157 κορϐονᾱν
3099 2090 3267 2135 ταῦτα
3311 2081 3514 2156 βαλεῖν⁸
3563 2083 3623 2136 ού
3652 2086 3760 2158 γὰρ
3799 2084 3863 2136 ἄν

2249 2173 2383 2225 οὕτω
2427 2168 2724 2229 κατάδηλον
2764 2176 2821 2224 τὸ
2854 2172 2931 2243 (4)
2979 2178 3198 2246 πρᾶγμα
3246 2171 3468 2243 ίγίνετο.
3528 2175 3594 2225 Οἰ
3640 2169 3701 2227 δί
3731 2176 3866 2247 πρὸς

2249 2262 2461 2333 ἔλεγχον
2492 2270 2581 2322 τῆς
2622 2261 2791 2313 αὐτῶν
2822 2266 3120 2334 μιαιφονίας
3150 2262 3422 2335 ἠγόρασαν
3452 2265 3539 2315 τὸν
3586 2260 3773 2334 ἀγρόν,
3805 2262 3866 2315 οὗ

2249 2354 2307 2402 τὸ
2350 2354 2509 2422 ὄνομα
2536 2350 2821 2423 σάλπιγγος
2851 2350 3205 2424 λαμπρότερον
3246 2354 3445 2409 ταύτην
3477 2349 3856 2425 ἁνακηρύττει.

2254 2445 2352 2493 Καὶ
2405 2436 2529 2493 οὐδὲ
2587 2439 2760 2500 ἁπλῶς
2814 2446 2964 2493 τοῦτο
3027 2446 3290 2505 ποιοῦσιν,
3346 2438 3475 2493 ἀλλὰ
3540 2439 3866 2513 συμϐούλιον

2249 2528 2509 2591 λαϐόντις’
2558 2533 2647 2581 καὶ
2683 2537 2961 2600 πανταχοῦ
3007 2528 3320 2598 συμϐούλιον
3354 2529 3713 2601 λαμϐάνουσιν
3754 2529 3864 2601 (5),

2249 2620 2333 2671 ἵνα
2372 2614 2558 2690 μηδεὶς
2606 2616 2774 2681 ἀθώος
2820 2618 3125 2691 ὑπολειφθῇ.
3187 2624 3288 2671 Καὶ
3342 2620 3371 2677 ἠ
3423 2618 3606 2692 βίϐλος
3660 2615 3724 2672 δι
3759 2626 3864 2671 τῶν

2252 2708 2490 2783 Πράξεών
2536 2727 2665 2780 φησι
2706 2708 2963 2767 κληθῆναι
3012 2712 3069 2761 τὸ
3100 2712 3301 2784 χωρίον
3341 2710 3500 2761 ἐκεῖνο
3532 2705 3862 2782 ’Δκελδαμὰ,

2249 2802 2505 2862 τουτέστι,
2537 2802 2735 2873 χωρίον
2780 2798 3021 2870 αἵματος.
3062 2796 3223 2851 Ὠστε
3267 2802 3420 2852 τοῦτό
3465 2796 3598 2865 ἔστι,
3640 2802 3764 2874 περὶ
3804 2797 3867 2851 οὗ

2248 2886 2459 2946 κάκείνη
2491 2886 2648 2959 λέγει.

2317 3109 2446 3157 Τότε
2489 3134 2558 3144 -
2613 3105 2822 3179 Κύριος.
2872 3100 2951 3155 Ἐν
2999 3109 3062 3175 τῇ
3114 3100 3572 3176 ἀναγινωσκομένη
3629 3104 3725 3176 μὲν
3769 3101 3874 3177 βί-

2248 3191 2351 3263 ϐλῳ
2403 3199 2494 3244 τοῦ
2531 3190 2776 3265 Ἰερεμίου
2822 3199 2975 3244 τοῦτο
3030 3190 3089 3243 ού
3133 3194 3451 3267 γέγραπται.
3514 3195 3718 3245 Λοιπὸν
3778 3188 3871 3245 οὖν

2248 3280 2296 3332 ἐν
2344 3288 2405 3353 τῇ
2459 3279 2741 3355 ἀποκρύφῳ
2790 3280 2948 3332 αύτοῦ
2998 3281 3292 3353 ἱστόρηται.
3343 3278 3523 3354 [Εἰκὸς
3554 3281 3636 3353 (6)
3684 3277 3748 3335 δε
3778 3284 3874 3334 καὶ

2248 3371 2463 3444 ὕστερον
2521 3368 2835 3429 ίκϐληθῆναι
2890 3376 3058 3422 ταῦτα
3113 3368 3215 3423 ἀπὸ
3281 3377 3376 3432 τῆς
3443 3367 3874 3445 ἀναγινωσκομέ-

2246 3479 2339 3521 νης
2382 3459 2439 3512 ἐκ
2486 3464 2800 3534 κακουργίας
2838 3468 2939 3512 τῶν
2990 3455 3285 3527 Ἰουδαίων,
3342 3460 3465 3531 ὅπερ
3504 3463 3595 3511 καὶ
3648 3459 3741 3513 ἐπὶ
3781 3458 3877 3512 ἅλ-

2245 3549 2344 3601 λων
2398 3550 2569 3624 ῥητῶν
2626 3547 2871 3620 ἐγένετο]
2924 3546 3141 3601 Ἐλαϐον
3197 3547 3284 3600 οὖν
3343 3549 3392 3600 οἱ
3444 3546 3718 3623 ἁρχιιρεῖς
3773 3552 3875 3607 τὴν

2247 3639 2374 3697 ὧνὴν
2430 3646 2523 3690 τοῦ
2572 3642 2832 3709 παντίμου
2893 3644 3150 3709 Χριστοῦ,
3205 3638 3259 3689 ὃν
3326 3633 3709 3710 διιτιμήσαντο
3766 3636 3873 3691 ἀπὸ

2247 3730 2369 3780 υἱῶν
2415 3726 2655 3799 Ἰσραὴλ,
2688 3730 2870 3797 ἤγουν,
2907 3728 2955 3777 οἱ
2993 3724 3335 3799 Ἰσραηλῖται.
3371 3730 3525 3799 Λέγει
3563 3723 3627 3780 δε
3667 3728 3874 3792 αὐτοὺς

2246 3821 2363 3877 τοὺς
2413 3817 2702 3891 ἀρχιερεῖς,
2757 3817 2840 3868 ὅτε
2886 3819 3009 3890 πρὸς
3063 3815 3251 3878 αὐτούς
3310 3812 3446 3869 εἶπεν
3508 3813 3743 3880 Ἰούδας·
3807 3821 3875 3871 Τί

2249 3908 2413 3959 θέλετέ
2478 3925 2568 3978 μοι
2638 3902 2842 3972 δοῦναι,
2902 3904 3049 3977 κάγώ
3104 3906 3225 3979 ύμῖν
3290 3901 3598 3981 παραδώσω
3659 3907 3874 3975 αύτὸν;

2249 3999 2315 4049 Οἱ
2347 3992 2405 4050 δε
2444 3998 2669 4054 ἔστησαν
2706 3994 2846 4066 αὐτῷ
2878 3996 3160 4069 τριάκοντα
3199 3993 3446 4070 ἀργύρια.
3490 3995 3745 4060 Συνίταξέ
3780 4016 3879 4070 μοι

2250 4083 2310 4139 δὲ
2337 4084 2451 4138 ἀντὶ
2492 4092 2607 4156 τοῦ,
2640 4080 2750 4137 εἷπέ
2778 4104 2889 4158 μοι.

2318 4265 2377 4319 Ὀ
2431 4262 2489 4319 δὲ
2529 4264 2737 4327 Ἰησοῦς
2775 4295 2842 4304 -
2889 4266 3165 4336 ἡγεμόνος.
3213 4262 3545 4335 Ἀγαγὸντων
3592 4261 3759 4316 αύτόν
3806 4263 3885 4326 εἰς

2247 4359 2305 4407 τὸ
2349 4359 2686 4429 πραιτώριον,
2730 4358 2888 4425 φησὶν
2937 4355 2962 4404 6
2995 4353 3236 4413 Ἰωάννης
3270 4353 3350 4404 ὃτι
3400 4350 3608 4414 ἐξῆλθεν
3640 4353 3667 4403 6
3702 4352 3883 4406 Πιλά-

2247 4464 2335 4507 τος
2382 4448 2514 4517 πρὸς
2561 4443 2772 4510 αύτούς,
2825 4446 2916 4494 καὶ
2966 4438 3091 4495 εἶπε’
3142 4446 3270 4494 Τίνα
3320 4444 3641 4514 κατηγορίαν
3695 4446 3884 4518 φέρετε

2249 4535 2385 4586 κατὰ
2465 4539 2558 4584 τοῦ
2646 4529 2918 4604 ἀνθρώπου
2998 4532 3226 4598 τούτου;
3302 4527 3693 4604 Ἀπεκρίθησαν
3784 4534 3884 4583 καὶ

2250 4619 2389 4675 εἶπον
2454 4620 2616 4691 αὐτῷ’
2688 4621 2747 4673 Εἰ
2810 4624 2879 4693 μὴ
2939 4615 3001 4678 ἦν
3064 4618 3212 4681 οὗτος
3272 4620 3575 4681 κακοποιὸς,
3637 4617 3738 4671 οὐκ
3814 4620 3882 4672 ἄν

2252 4730 2337 4764 σοι
2392 4706 2769 4787 παρεδώκαμεν
2845 4708 3021 4764 αὐτόν.
3078 4705 3228 4761 Εἶπεν
3285 4703 3373 4761 οὖν
3426 4706 3605 4769 αὐτοῖς
3662 4708 3691 4759 6
3767 4715 3884 4763 Πυ-

2248 4799 2422 4862 λάτος·
2481 4798 2675 4853 Λάϐετε
2742 4798 2896 4851 αὐτὸν
2972 4798 3138 4871 ὑμεῖς,
3212 4801 3302 4849 καὶ
3362 4798 3499 4849 κατὰ
3558 4800 3646 4849 τὸν
3708 4801 3881 4871 νόμον

2250 4891 2393 4964 ὑμῶν
2440 4894 2649 4963 κρίνατε
2704 4886 2784 4961 (7)
2834 4890 3011 4953 αῦτόν,
3064 4890 3153 4941 καὶ
3203 4888 3269 4939 τὰ
3318 4886 3456 4950 ἑξῆς.
3512 4887 3579 4939 Οἱ
3620 4888 3716 4960 μὶν
3766 4890 3879 4962 γὰρ

1695 5192 1913 5263 Variae
1944 5194 2275 5265 lectiones
2302 5202 2367 5263 et
2399 5202 2605 5263 notae.

554 5331 631 5406 (3)
664 5333 829 5399 Quod
853 5332 1217 5391 vocabulum
1245 5333 1547 5393 multoties
1577 5335 1640 5393 in
1669 5338 1735 5394 N.
1768 5339 1827 5394 T.
1860 5339 2135 5398 occurrit.

576 5408 632 5481 4)
672 5409 742 5457 Τὸ
772 5410 1149 5481 πεπραγμένον,
1182 5411 1249 5463 Α.

576 5412 610 5460 4
672 5412 742 5457 Τὸ
772 5412 1137 5481 πεπραγμένον

581 5412 632 5548 5;
667 5477 1043 5550 Λαμϐάνοντες,
1076 5485 1137 5534 Α.

551 5412 639 5621 ξὸ)
694 5549 835 5614 Quae
873 5549 969 5607 hic
996 5550 1137 5607 inclt

580 5548 639 5619 6)
694 5548 835 5614 Quae
873 5549 969 5607 hic
996 5550 1373 5621 inclusimus,
1400 5565 1473 5608 ea
1506 5550 1849 5622 Hentenius,
1881 5557 1941 5612 ut
1970 5554 2140 5613 scho-

2246 5337 2395 5412 lium
2424 5353 2502 5412 ex_
2529 5337 2799 5412 margine
2836 5334 2928 5412 sui
2977 5333 3207 5395 Codicis
3235 5338 3573 5412 repetitum,
3624 5337 3887 5399 exhibet

2245 5411 2305 5469 in
2336 5411 2455 5466 ﬁne
2487 5410 2673 5481 hujus
2700 5409 2926 5467 scholii.

2320 5481 2399 5558 (Ἰ)
2435 5486 2697 5551 Κτιίνατε,
2724 5487 2781 5540 Β.

554 5726 668 5807 (rr)
691 5726 898 5787 Multis
920 5728 1057 5787 aliis
1082 5730 1264 5789 vobis.
1293 5730 1436 5789 Aliis
1456 5730 1649 5789 dictis.
1678 5732 1893 5791 Multis
1911 5747 2033 5794 non
2052 5738 2157 5792 Isti
2178 5733 2494 5793 iIFerco.
2529 5766 2538 5777 ε
