4096 6382
187 336 299 399 τοο

1144 332 1510 398 COMMENT.
1552 332 1627 396 IN
1668 327 2113 396 ΜΑΤΤΗᾸΞΟΜ.
2154 369 2223 382 -
2262 339 2422 396 CAP.
2454 337 2686 394 XXVII.

3472 340 3581 397 710

182 463 504 543 παρέδωκαν
586 466 740 521 αὐτὸν
795 487 868 541 τῳ
940 467 1145 540 ῙΙιλάτῳ
1192 470 1323 541 πρὸς
1381 465 1669 543 ἀναίρεσιν,
1745 465 1804 518 οὐ

1923 464 1999 520 ad
2026 464 2481 538 inquirendum.
2543 465 2615 520 At
2652 463 2749 519 ille
2781 478 2903 520 non
2928 463 3077 530 tulit,
3131 468 3193 520 ut
3221 464 3576 538 priusquam

186 563 322 631 πρὸς
378 556 649 621 ἐξέτασιν
693 560 720 610 ό
781 555 841 611 δι
903 561 1004 633 πρὸ
1062 557 1340 621 ἐξετάσεως
1400 557 1496 609 οὐκ
1549 558 1807 628 ἠνέσχετο

185 655 374 701 τοῦτον
418 646 629 705 ἀνελεῖν.
662 647 759 701 Δίὰ
788 656 942 701 τοῦτο
994 652 1139 711 ζητεῖ
1192 649 1393 720 μαθεῖν,
1447 650 1527 707 τίς
1557 648 1587 705 ἠ
1650 665 1813 705 κατη-

180 742 350 811 γορία
373 754 384 766 ·
428 739 477 789 οἱ
509 734 585 803 δε,
618 741 691 810 μὴ
750 737 1050 813 θαρροῦντες
1102 737 1326 803 ἑαυτοῖς,
1360 736 1419 789 οὐ
1474 737 1687 808 λέγουσι
1717 738 1810 808 μὲν

183 831 538 901 κατηγορίαν,
563 832 693 899 φασὶ
726 823 785 879 δι
813 831 988 900 μόνον,
1038 828 1118 879 ὅτι
1168 826 1228 880 Εἰ
1284 830 1354 899 μὴ
1406 823 1466 884 ἧν
1520 825 1673 887 οὗτος
1718 845 1812 877 κα-

186 923 438 989 κοῦργος,
515 916 609 968 οῦκ
666 917 728 968 ἄν
790 936 875 969 σοι
933 912 1309 992 παρεδώκαμεν
1372 915 1449 988 (8)
1502 916 1678 981 αὐτὸν,
1742 916 1811 978 ὡς

188 1002 359 1065 δῆθεν
388 1000 542 1058 οὐδἐν
571 1001 759 1059 ἄδικον
788 1012 1065 1069 ποιοῦντες.
1102 1004 1161 1058 Ὀ
1208 1002 1267 1059 δε
1319 1005 1537 1066 Πιλάτος
1576 1001 1811 1057 δυσανα-

189 1100 491 1168 σχετήσας,
538 1096 602 1156 ὡς
633 1092 957 1168 βουλομένων
985 1091 1125 1168 δίχα
1174 1102 1272 1157 τῆς
1324 1094 1483 1147 αὐτοῦ
1541 1092 1812 1157 ἐξετάσεως

186 1191 380 1236 τοῦτον
435 1183 644 1250 ἀνελεῖν,
699 1184 875 1246 αὐτοῖς
928 1183 1189 1259 ἐπιτρέπει
1238 1188 1331 1242 τὴν
1375 1184 1661 1259 ἀναίρεσιν.
1723 1182 1810 1237 ’Δ-

185 1277 514 1344 ποτυχόντες
564 1269 624 1327 δέ
674 1282 771 1337 τῆς
824 1270 1173 1350 προσδοκίας,
1223 1272 1401 1325 λοιπὸν
1454 1280 1810 1347 κατηγοροῦσι

183 1366 279 1414 καὶ
312 1364 549 1431 ἄκοντες,
602 1362 732 1437 οἷπερ
773 1364 800 1415 6
849 1369 1058 1425 Λουκᾶς
1115 1365 1383 1435 ἱστόρησε,
1442 1361 1669 1435 γράψας,
1728 1364 1810 1415 ὅτι

188 1449 465 1524 Ἤρξαντο
561 1460 871 1527 κατηγορεῖν
966 1452 1145 1523 αὐτοῦ,
1252 1452 1479 1524 λέγοντες
1510 1467 1524 1482 ⁶
1612 1454 1808 1505 Τοῦτον

182 1541 412 1614 εὕρομεν
485 1536 871 1616 διαστρέφοντα
946 1546 1005 1594 τὸ
1082 1544 1218 1603 ἔθνος
1290 1543 1459 1613 ἡμῶν,
1544 1546 1633 1595 καὶ
1704 1562 1805 1594 κω-

178 1628 386 1683 λύοντα
457 1635 685 1705 Καίσαρι
768 1635 958 1705 φόρους
1024 1627 1257 1697 διδόναι,
1332 1631 1545 1703 λέγοντα
1628 1631 1807 1684 ἑαυτὸν

176 1723 429 1793 Χριστὸν
488 1717 711 1793 βασιλέα
769 1717 917 1774 εἶναι.
987 1725 1087 1775 Καὶ
1153 1722 1249 1795 ὅρα
1324 1724 1666 1795 κακουργίαν.
1722 1725 1807 1774 Θέ-

1920 555 2289 628 perquireret
2326 554 2697 611 occideretur
2730 575 2743 608 :
2776 554 2912 610 ideo
2943 553 3166 609 discere
3195 554 3317 609 vult
3346 570 3479 627 quae
3504 556 3579 611 sit

1920 645 2248 702 accusatio.
2281 645 2402 717 Ipsi
2429 650 2629 700 autem
2661 643 2938 700 ﬁduciam
2966 644 3041 699 de
3077 643 3292 717 seipsis
3316 644 3450 716 Inon
3478 644 3581 701 ha-

1919 734 2145 801 bentes,
2190 735 2632 791 accusationem
2672 734 2905 807 quidem
2938 748 3061 789 non
3109 733 3333 799 dicunt,
3366 734 3469 791 sed
3494 749 3582 791 re-

1921 825 2216 895 spondent
2242 841 2255 880 :
2279 825 2411 881 Nisi
2436 831 2581 882 esset
2608 825 2700 882 hic
2716 825 3089 894 male/actor,
3113 840 3232 881 non
3265 824 3378 880 tibi
3396 825 3578 881 tradi-

1921 914 2203 971 dissemus
2249 932 2391 980 eum,
2428 920 2629 987 utpote
2681 916 2787 989 qui
2836 914 2980 971 nihil
3035 914 3251 985 injuste
3305 915 3569 984 agimus.

1921 1004 2144 1062 Pilatus
2169 1021 2310 1061 vero
2333 1005 2590 1076 graviter
2624 1006 2837 1070 ferens,
2873 1004 3039 1077 quod
3070 1006 3269 1077 ipsum
3300 1004 3575 1060 occidere

1920 1094 2133 1151 vellent
2162 1095 2393 1168 absque
2431 1112 2541 1151 sua
2570 1095 2970 1168 inquisitione,
3002 1094 3468 1152 interfectionem
3491 1094 3576 1151 eis

1918 1189 2221 1262 permittit.
2246 1189 2452 1262 Itaque
2475 1205 2583 1262 spe
2600 1206 2707 1246 sua
2728 1188 3015 1256 frustrati,
3044 1188 3175 1259 jam
3195 1188 3361 1245 inviti
3393 1189 3576 1245 etiam

1919 1283 2207 1336 accusant
2227 1294 2389 1348 eum,
2418 1279 2493 1335 de
2508 1280 2601 1336 his
2629 1296 2765 1353 quas
2793 1277 3032 1352 scripsit
3056 1279 3268 1349 Lucas,
3326 1278 3426 1351 qui
3453 1278 3570 1335 ait:

1920 1369 2226 1440 Coeperunt
2279 1376 2471 1427 autem
2514 1371 2684 1426 illum
2730 1384 3014 1427 accusare
3054 1368 3300 1424 dicentes
3343 1386 3354 1427 :
3401 1368 3577 1425 Hunc

1916 1459 2244 1517 invenimus
2274 1466 2701 1530 pervertentem
2727 1465 2950 1531 gentem
2980 1465 3265 1524 nostram,
3292 1462 3347 1514 et
3375 1456 3578 1528 prohi-

1920 1551 2146 1608 bentem
2175 1550 2405 1606 tributa
2434 1548 2569 1605 dari
2590 1551 2837 1615 Caesari,
2866 1547 3152 1604 dicentem
3181 1562 3242 1603 se
3274 1547 3576 1603 Christum

1917 1655 2097 1712 regem
2125 1654 2244 1696 esse
2266 1640 2333 1694 ιο.
2360 1641 2422 1694 Et
2452 1638 2587 1694 vide
2617 1637 2827 1694 dolum
2857 1653 2929 1693 ac
2957 1635 3272 1693 malitiam.
3306 1634 3581 1692 Volentes

1919 1731 2080 1786 enim
2106 1728 2271 1785 Pilati
2299 1729 2453 1785 iram
2509 1742 2799 1784 exacuere
2844 1726 3134 1782 adversus
3168 1725 3487 1791 Christum,
3525 1728 3584 1781 et

177 1809 369 1871 λοντες
418 1811 521 1885 γὰρ
581 1807 780 1881 ἀνάψαι
833 1813 920 1862 τὸν
985 1812 1146 1882 θυμὸν
1213 1817 1305 1862 τοῦ
1376 1810 1603 1862 Πιλάτου
1674 1811 1811 1862 κατὰ

1923 1819 2208 1876 abducere
2222 1818 2323 1891 (ss)
2336 1834 2453 1891 quo
2465 1834 2594 1873 eum
2608 1816 2778 1874 citius
2791 1814 3499 1885 occiderent,defectionis
3511 1829 3582 1870 ac

184 1905 458 1971 Χριστοῦ,
503 1902 593 1950 καὶ
660 1901 997 1974 συναρπάσαι
1047 1902 1174 1974 πρὸς
1231 1903 1289 1952 τὸ
1344 1903 1551 1971 ταχέως
1622 1898 1808 1952 ἀνελεῖν

181 1988 376 2057 αὐτὸν,
434 1987 763 2051 ἁποστασίας
823 1993 913 2042 καὶ
978 1986 1282 2065 τυραννίδος
1347 1989 1582 2062 ἔγκλημα
1641 1990 1809 2061 τούτῳ

182 2078 619 2151 προσάπτουσιν,
655 2076 767 2150 ἅμα
814 2074 874 2131 δὲ
916 2084 1025 2143 καὶ,
1095 2080 1197 2146 ἵνα,
1250 2077 1496 2151 φοϐηθεὶς
1542 2081 1630 2131 τόν
1678 2083 1810 2131 Καί-

190 2186 336 2243 σαρα
392 2165 637 2236 Πιλάτος,
677 2163 817 2237 μηδε
848 2165 1158 2241 βουλόμενος
1217 2164 1417 2240 δυνηθῇ
1468 2174 1648 2220 τοῦτον
1706 2166 1811 2230 ἐξε-

188 2254 383 2310 λέσθαι
412 2262 507 2308 τοῦ
536 2257 759 2309 θανάτου
774 2301 787 2313 .

262 2350 375 2399 Καὶ
435 2375 507 2386 -
548 2343 732 2417 λέγεις.
784 2348 853 2398 T6
899 2349 965 2398 Σὺ
1023 2344 1204 2418 λέγεις,
1264 2350 1355 2399 καὶ
1410 2349 1468 2399 τὸ
1518 2350 1583 2399 Σὺ
1639 2343 1804 2415 εἶπας,

182 2440 276 2487 καὶ
338 2436 411 2486 τὰ
474 2441 716 2504 τοιαῦτα,
770 2433 1021 2507 ὁμολογία
1084 2438 1160 2497 τῖς
1227 2435 1370 2488 ἐστιν
1443 2435 1806 2503 ἀνεπίληπτος,

177 2528 271 2577 καὶ
361 2527 528 2595 μεστὴ
587 2527 1049 2598 μετριοφροσύνης.
1128 2524 1372 2587 Ἰωάννης
1434 2522 1495 2578 δὲ
1558 2525 1810 2579 πλατύτε-

172 2633 269 2687 ρον
322 2617 422 2665 καὶ
479 2617 597 2687 περὶ
651 2616 840 2666 τούτου
884 2621 977 2666 τοῦ
1022 2613 1302 2687 κεφαλαίου
1366 2620 1524 2687 φησὶν
1577 2617 1657 2668 ὅτι
1697 2616 1808 2668 εἰσ-

174 2704 341 2762 ἢλθεν
428 2702 501 2764 εἰς
565 2711 624 2755 τό
704 2709 1023 2778 πραιτώριον
1096 2703 1251 2757 πάλιν
1306 2706 1331 2756 6
1397 2703 1637 2770 Πιλάτος,
1720 2710 1810 2759 καὶ

174 2794 429 2866 temne:
495 2795 582 2845 τὸν
647 2792 872 2861 Ἰησοῦν,
924 2798 1014 2846 καὶ
1078 2790 1211 2847 εἶπεν
1297 2794 1475 2865 αὐτῷ·
1532 2799 1598 2848 Σὺ
1661 2793 1709 2848 εἷ
1784 2799 1808 2849 6

176 2881 447 2956 βασιλεὺς
503 2890 602 2933 τῶν
672 2878 945 2935 Ἰουδαίων
1005 2900 1018 2952 ;
1092 2882 1371 2957 Ἀπεκρίθη
1430 2884 1569 2955 αὐτῷ
1626 2886 1652 2938 ό
1710 2885 1807 2944 Ἰη-

176 2980 309 3033 σοῦς
344 2991 360 3005 ο
422 2970 537 3043 ’Δφ’
592 2970 781 3024 ἑαυτοῦ
833 2975 897 3024 σὺ
956 2979 1108 3025 τοῦτο
1180 2972 1363 3045 λέγεις,
1416 2973 1446 3032 ἣ
1501 2973 1646 3027 ἄλλοι
1724 2994 1807 3028 σοι

176 3069 330 3116 εἷπον
402 3064 523 3133 περὶ
606 3059 770 3134 ἐμοῦ;
850 3061 1131 3136 Ἀπεκρίθη
1220 3064 1245 3114 6
1314 3062 1575 3126 Πιλάτοςο
1662 3070 1805 3123 Μήτι

169 3156 247 3223 γὼ
307 3145 594 3211 Ἰουδαῖός
652 3149 809 3221 εἰμι;
874 3154 944 3203 T6
1002 3153 1145 3213 ἔθνος
1194 3154 1252 3204 τὸ
1300 3157 1411 3218 σὸν,
1464 3158 1555 3205 καὶ
1611 3155 1659 3207 οἱ
1712 3152 1806 3230 ἆρ-

172 3247 392 3317 χιερεῖς
470 3236 782 3312 παρέδωκάν
855 3258 912 3292 σε
969 3238 1105 3313 ἐμοί.
1180 3245 1245 3294 Τί
1316 3240 1605 3311 ἐποίησας
1657 3244 1807 3298 ’Δπε-

161 3333 336 3406 κρίθη
413 3330 673 3391 Ἰησοῦςζ
725 3328 785 3382 ’Π
843 3326 1092 3402 βασιλεία
1147 3330 1177 3389 ἡ
1238 3328 1332 3404 ἐμὴ
1388 3331 1483 3383 οὐκ
1535 3334 1677 3385 ἔστιν
1751 3332 1806 3386 ἐκ

163 3427 260 3473 τοῦ
331 3423 545 3490 κόσμου
608 3420 819 3472 τούτουο
880 3418 923 3471 εἰ
989 3418 1044 3471 ἐκ
1100 3426 1193 3472 τοῦ
1243 3423 1445 3493 κόσμου
1498 3425 1683 3476 τούτου
1744 3421 1804 3482 ἦν

163 3511 194 3567 ἡ
256 3507 527 3582 βασιλεία
589 3509 619 3566 ἡ
677 3506 800 3581 ἐμὴ,
861 3508 912 3560 οἱ
969 3509 1221 3584 ὑπηρέται
1282 3508 1342 3562 ἂν
1395 3512 1444 3563 οἱ
1496 3510 1611 3585 ἓμοὶ
1668 3513 1804 3585 ἠγω-

162 3598 407 3665 νιζοντο,
484 3597 567 3649 ἵνα
638 3601 711 3670 μὴ
784 3595 1073 3674 παραδοθῶ
1149 3606 1260 3662 τοῖς
1333 3598 1637 3665 Ἰουδαίοις·
1714 3612 1801 3657 νῦν

1919 1908 2252 1982 tyrannidis
2283 1907 2509 1964 crimen
2542 1907 2681 1963 huic
2713 1906 3011 1977 aiﬂngunt
3038 1922 3052 1972 ;
3095 1904 3278 1961 simul
3307 1904 3486 1961 etiam
3520 1907 3584 1961 ut

1918 1999 2134 2055 timens
2181 1999 2475 2055 Caesarem
2522 1997 2765 2064 Pilatus,
2797 1994 3034 2053 etiamsi
3091 1994 3282 2065 vellet,
3327 1994 3489 2051 hunc
3544 2009 3584 2051 a

1920 2097 2108 2146 morte
2137 2090 2364 2162 eripere
2390 2103 2512 2145 non
2543 2092 2779 2160 posset.

1990 2326 2158 2383 Vers.
2198 2325 2279 2381 ll.
2306 2325 2385 2381 Et
2410 2354 2477 2364 —
2504 2321 2671 2379 dicis.
2702 2319 2887 2388 Istud,
2922 2319 3009 2375 Tu
3039 2317 3200 2379 dicis,
3225 2321 3301 2385 et,
3332 2318 3413 2373 Tu
3430 2316 3585 2374 dixi-

1917 2418 2011 2484 sti,
2040 2415 2276 2489 aliaque
2310 2411 2682 2487 hujusmodi,
2727 2408 2936 2466 similis
2963 2407 3054 2481 (tt)
3096 2406 3417 2480 cujusdam
3443 2409 3584 2462 sunt

1918 2506 2164 2562 rationis
2207 2500 2737 2577 irreprehensibilis
2768 2499 3074 2573 plenaeque
3119 2495 3441 2553 modestiae.
3481 2497 3581 2552 Jo-

1919 2612 2108 2653 annes
2138 2594 2213 2650 de
2250 2593 2365 2649 hoc
2417 2608 2661 2665 quoque
2698 2590 2890 2662 capite
2928 2587 3102 2644 latius
3162 2585 3428 2642 scribens
3476 2584 3578 2652 ait,

1918 2685 2085 2759 quod
2106 2684 2409 2754 ingressus
2428 2685 2507 2738 est
2528 2696 2766 2737 rursum
2786 2681 2848 2735 in
2860 2676 3205 2749 praetorium
3228 2674 3459 2732 Pilatus
3484 2689 3497 2729 :
3526 2679 3581 2729 et

1920 2774 2147 2833 vocavit
2199 2775 2415 2836 Jesum,
2451 2770 2723 2843 dixitque
2752 2769 2823 2836 ei,
2854 2769 2929 2823 Tu
2956 2784 3014 2823 es
3044 2782 3154 2824 rex
3180 2766 3523 2822 Judzorum
3553 2763 3583 2820 Ἰ

1919 2861 2577 2935 Rcsponditeilesus:A
2604 2859 2905 2927 temetipso
2928 2864 2993 2913 tu
3013 2859 3123 2913 hoc
3148 2856 3295 2912 dicis
3321 2874 3332 2914 :
3354 2871 3431 2911 an
3470 2852 3582 2910 alii

1846 2966 1886 3023 c
1919 2956 2025 3011 tibi
2053 2956 2337 3012 dixerunt
2355 2952 2426 3008 de
2455 2950 2586 3007 me?
2631 2948 2941 3019 Respondit
2968 2947 3197 3002 Pilatus
3227 2962 3240 3000 :
3271 2942 3584 3014 Numquid

1915 3064 2013 3119 ego
2033 3047 2273 3103 Judmus
2294 3061 2424 3101 sum
2448 3046 2472 3095 ΐ
2498 3042 2643 3097 Gens
2665 3046 2770 3094 tua
2808 3041 2861 3093 et
2876 3035 3172 3107 pontiﬁces
3195 3031 3581 3090 tradiderunt

1916 3146 1969 3196 te
1996 3135 2165 3193 mihi.
2223 3133 2366 3202 Quid
2415 3129 2665 3203 fecisti?
2709 3124 3029 3196 Respondit
3072 3125 3239 3179 Jesus
3271 3139 3285 3178 :
3320 3121 3579 3192 Regnum

1913 3243 2104 3283 meum
2136 3240 2251 3281 non
2269 3229 2449 3280 estea:
2480 3220 2583 3277 hoc
2609 3218 2832 3274 mundo
2861 3215 2943 3271 :si
2969 3229 3038 3270 ea:
3067 3213 3176 3270 hoc
3196 3211 3410 3267 mundo
3434 3214 3579 3267 esset

1915 3332 2158 3388 regnum
2189 3328 2402 3381 meum,
2430 3307 2688 3366 ministri
2712 3305 2919 3376 utique
2956 3302 3070 3361 mei
3098 3300 3479 3365 decertarent,
3507 3312 3582 3354 ne

1917 3406 2184 3465 traderer
2209 3404 2432 3460 Iudaeis
2466 3418 2480 3457 :
2512 3415 2670 3455 nunc
2700 3400 2896 3454 autem
2932 3409 3185 3464 regnum
3215 3406 3408 3447 meum
3457 3403 3578 3444 non

1912 3504 1997 3555 est
2030 3497 2189 3553 hinc.
2219 3493 2387 3549 Dixit
2419 3505 2548 3562 ergo
2576 3490 2626 3544 ei
2650 3487 2877 3543 Pilatus
2904 3500 2921 3539 ε
2951 3483 3108 3539 Num
3145 3479 3347 3551 itaque
3382 3492 3494 3533 rex
3521 3490 3579 3533 es

1916 3608 1982 3659 tu
2005 3595 2033 3651 ?
2058 3583 2374 3658 Respondit
2391 3582 2563 3636 Iesus
2589 3595 2603 3634 :
2634 3579 2722 3633 Tu
2740 3576 2912 3643 dicis,
2935 3570 3092 3645 quod
3116 3585 3224 3627 rex
3245 3583 3374 3659 sum
3396 3581 3490 3639 ego
3508 3566 3579 3621 ιι.

165 3684 224 3740 δε
254 3689 289 3746 ἡ
342 3684 600 3759 βασιλεία
719 3684 814 3759 ἓμὴ
859 3658 961 3740 ὀὐκ
1001 3690 1142 3741 ἔστιν
1189 3688 1437 3744 ἐντεῦθεν.
1472 3688 1623 3746 Εἶπεν
1669 3691 1755 3747 οὖν
1797 3690 1942 3764 αὐτῷ
1981 3690 2008 3742 6
2046 3679 2288 3738 Πιλάτος’
2330 3672 2533 3728 Οὐκοῦν
2575 3666 2825 3744 βασιλεὺς
2851 3659 2898 3719 εἶ
2926 3666 3011 3717 σύ.
3047 3660 3326 3736 ’Δπεκρίθη
3358 3658 3584 3722 Ἰησοῦς,

163 3780 230 3829 Συ
256 3776 453 3847 Hyas,
482 3775 562 3827 ὅτι
594 3772 872 3849 βασιλεύς,
908 3776 1016 3850 εἰμι
1046 3775 1163 3848 ἐγώ.

233 3866 301 3917 Ὁ
373 3866 468 3937 μὲν
539 3864 630 3917 οὗν
696 3865 942 3933 Πιλάτος,
1002 3864 1235 3929 ἀκούσας
1295 3873 1413 3944 περὶ
1478 3868 1809 3936 ἆποστασίας

166 3960 259 4008 καὶ
311 3949 656 4028 τυραννίδος,
713 3958 804 4007 καὶ
850 3954 1117 4028 φοϐηθεὶς,
1164 3953 1279 4030 ἰδίᾳ
1321 3966 1502 4012 τοῦτον
1542 3961 1805 4037 ἠρώτησε,

168 4046 583 4119 μυστικώτερόν
648 4062 703 4095 τι
767 4046 950 4117 μαθεῖν
1002 4043 1337 4119 βουλόμενος·
1385 4050 1410 4100 6
1455 4045 1515 4103 δὲ
1579 4056 1810 4126 Χριστὸς
1842 4087 1887 4142 D

170 4132 577 4207 ἀντηρώτησεν,
656 4134 737 4187 ὅτι
811 4133 926 4207 Ἀφ’
1005 4134 1194 4188 ἑαυτοῦ
1269 4140 1328 4189 οὐ
1400 4146 1553 4193 τοῦτο
1622 4141 1804 4214 λέγεῖς,

170 4224 201 4283 ξ
261 4222 426 4276 ἄλλοι
492 4240 576 4275 σοι
639 4220 781 4276 εἶπον
844 4228 963 4299 περὶ
1030 4223 1155 4299 ἐμοῦ
1209 4242 1223 4294 ;
1273 4226 1378 4299 οὐχ
1448 4231 1516 4291 ὡς
1587 4228 1805 4303 ἀγνοῶν,

170 4312 305 4365 ἀλλὰ
386 4312 777 4387 καθαπτόμενος
863 4314 1044 4383 αὐτοῦ,
1110 4311 1249 4368 διότι
1313 4316 1373 4369 οὐ
1437 4324 1807 4395 συμπαρέστη-

173 4422 260 4457 cev
349 4400 495 4473 αὐτῷ
579 4406 704 4465 τούς
776 4404 1128 4479 κατηγόρους,
1213 4401 1339 4459 οὐδί
1413 4412 1805 4481 κατηνάγκασεν

169 4493 378 4553 αὐτοὺς
424 4488 599 4554 δεῖξαι
642 4500 838 4566 σημεῖα
892 4501 988 4556 τῆς
1045 4492 1380 4558 ἀποστασίας
1428 4503 1518 4550 καὶ
1569 4503 1806 4571 τυραννί-

172 4579 291 4650 δος,
337 4583 427 4633 ἱνα
465 4586 555 4634 καὶ
597 4581 793 4653 μᾶλλον
838 4586 1330 4655 καταισχυνθῶσιν.
1371 4584 1431 4638 Ὀ
1475 4583 1535 4639 δὲ
1587 4587 1805 4650 Πιλάτος

172 4671 624 4742 ἀπολογούμενος,
689 4673 771 4724 ὅτι
854 4671 949 4724 οὐκ
1025 4671 1110 4745 ἀφ’
1169 4673 1356 4726 ἑαυτοῦ
1426 4683 1580 4728 τοῦτο
1644 4677 1801 4750 λέγει,

173 4768 333 4834 φησι,
369 4764 517 4817 Μήτι
556 4759 654 4832 ἰγὼ
698 4756 961 4824 Ἰουδαῖός
1011 4762 1137 4835 εἰμι,
1189 4763 1273 4815 ἶνα
1312 4770 1556 4836 γινώσκω
1584 4769 1649 4819 τὰ
1694 4769 1799 4835 σά;

174 4853 241 4903 Οἱ
296 4850 565 4923 ὁμοεθνεῖς
635 4869 730 4903 σου
788 4847 1101 4925 παρέδωκάν
1152 4871 1211 4906 σε
1266 4852 1400 4927 ἐμοὶ,
1458 4858 1548 4907 καὶ
1606 4858 1801 4908 τούτων

175 4942 224 4995 οἱ
260 4946 477 5016 πρῶτοι
520 4943 610 4993 καὶ
652 4945 952 5015 τιμιώτεροι
1000 4946 1092 4995 καὶ
1137 4942 1287 4996 αὐτοὶ
1333 4950 1487 4997 τοῦτο
1536 4943 1796 5017 λέγουσιν.

249 5120 305 5159 ³⁸
332 5118 480 5176 Luc.
516 5134 680 5187 nui,
708 5121 762 5189 1,
785 5124 839 5179 2.
917 5122 961 5159 ¹¹
993 5122 1168 5181 Joan.
1199 5138 1366 5191 xvuI,
1399 5124 1590 5183 33-37.

1992 3865 2217 3922 Pilatus
2246 3872 2390 3929 ergo
2442 3851 2648 3911 audita
2680 3847 2757 3904 de
2809 3841 3140 3902 defectione
3189 3842 3244 3896 et
3268 3835 3586 3929 tyrannide

1919 3925 2420 4015 accusatione,vac
2443 3945 2678 4007 timens,
2704 3935 2985 4010 privatim
3010 3947 3151 3988 eum
3174 3925 3582 4015 interrogavit,

1919 4044 2202 4103 secretius
2232 4034 2460 4109 aliquid
2488 4031 2567 4088 ab
2597 4045 2668 4085 eo
2711 4027 2939 4082 discere
2992 4021 3258 4093 cupiens.
3317 4014 3585 4109 Christus

1916 4152 2060 4193 vero
2090 4146 2293 4189 rursus
2332 4105 2481 4182 eum
2512 4113 2913 4186 interrogavit,
2944 4110 2991 4166 Α
3036 4109 3329 4179 temetipso
3354 4111 3420 4161 tu
3470 4105 3582 4160 hoc

1915 4225 2075 4291 dicis,
2105 4238 2183 4277 an
2210 4217 2316 4275 alii
2348 4213 2455 4271 tibi
2484 4210 2766 4268 dixerunt
2785 4204 2852 4260 de
2877 4216 2970 4291 me
3001 4197 3030 4253 ?
3063 4200 3188 4253 Non
3219 4193 3387 4267 quod
3415 4193 3582 4291 igno:

1916 4280 2094 4382 raret,
2125 4309 2231 4366 sed
2259 4306 2595 4376 objurgans
2616 4312 2779 4360 eum,
2802 4290 2966 4366 quod
2989 4292 3370 4382 accusatores
3398 4280 3580 4382 simul

1915 4372 2242 4476 praesentes
2278 4372 2410 4453 esse
2440 4372 2563 4449 non
2591 4388 2808 4444 faceret
2841 4398 2853 4437 :
2892 4394 3090 4451 neque
3123 4376 3360 4475 cogeret
3374 4372 3579 4476 ρος-ιιι

1917 4459 2092 4563 signa
2114 4482 2465 4545 defectionis
2490 4475 2858 4538 exhiberent,
2882 4485 3005 4563 quo
3032 4465 3226 4563 magis
3251 4459 3581 4563 confunde~

1912 4555 2139 4640 rentur.
2173 4576 2392 4633 Pilatus
2420 4574 2622 4628 autem
2649 4562 2813 4627 dicit,
2844 4558 3005 4634 quod
3033 4558 3148 4614 hoc
3178 4571 3215 4611 a
3254 4555 3580 4622 semetipso

1913 4686 2036 4728 non
2062 4669 2277 4725 diceret
2305 4682 2318 4717 :
2352 4666 2497 4719 Num
2525 4673 2634 4730 ego
2662 4653 2909 4711 Judaaus
2942 4665 3072 4704 sum
3107 4651 3168 4702 ut
3198 4660 3291 4701 res
3325 4646 3458 4699 tuas
3480 4654 3581 4730 co-

1913 4774 2207 4832 gnoscam
2234 4756 2262 4811 ?
2286 4753 2396 4820 Qui
2419 4729 2609 4823 gentis
2633 4751 2748 4803 tua:
2777 4747 2914 4799 sunt
2937 4736 3307 4832 tradiderunt
3328 4729 3577 4832 te_mihi,

1911 4818 1969 4909 et
2010 4850 2228 4906 horum
2267 4818 2449 4917 primi
2503 4838 2820 4909 magisque
2850 4826 3146 4894 honorati,
3204 4828 3262 4917 et
3294 4820 3408 4895 ipsi
3456 4818 3583 4917 hoc

1910 4907 2140 4998 dicunt.
2180 4907 2403 4994 Deinde
2465 4907 2813 4998 interrogat,
2846 4919 3003 4989 Quid
3053 4914 3266 4981 fecisti,
3311 4908 3478 4985 quod
3502 4907 3580 4965 de

1430 5275 1661 5347 Variae
1687 5273 2019 5345 lectiones
2048 5279 2115 5341 et
2144 5275 2348 5339 notae.

256 5445 341 5519 (8)
368 5437 855 5519 Παραδεδώκαμεν,
888 5449 946 5506 Β.

254 5628 365 5698 (εε)
389 5626 725 5701 Abducere.
748 5628 1088 5701 Συναρπάσαι
1104 5642 1232 5701 non
1251 5629 1340 5685 est
1358 5624 1673 5701 abducere,
1696 5624 1804 5682 sed

191 5697 507 5773 repentino
522 5700 795 5773 quodam
818 5697 1043 5773 impetu
1060 5699 1508 5773 abripere,com
1516 5697 1731 5773 pellere
1748 5701 1805 5754 et

194 5770 521 5848 opprimere
534 5770 881 5848 aliquemmt
892 5770 1111 5848 aliquid
1124 5770 1499 5831 faciat.Forte
1509 5770 1807 5828 adducere

1984 5441 2066 5517 (9)
2099 5441 2272 5514 Ἠμῶν
2319 5432 2555 5495 addunt
2586 5430 2769 5490 etiam
2801 5425 2862 5484 in
2894 5423 3177 5483 contextu
3214 5417 3381 5474 Lucae
3415 5414 3481 5469 Α.
3509 5411 3576 5468 Β.

1914 5620 2308 5695 εοτὶρεεξιῖειίτ,,
2438 5692 2448 5695 _
2542 5682 2582 5695 _
2659 5680 2681 5695 .
2882 5666 3275 5695 ___s;__._--.
3328 5666 3343 5695 ι

1984 5670 2358 5767 ξῖἷὶῖξξῇίιίε,
2391 5692 2509 5767 _etc.
2542 5670 3278 5767 Professio_qua3dam'est
3327 5670 3580 5742 iri-spre-

1914 5753 2229 5825 hehsibilis
2260 5764 2318 5819 et
2339 5753 2528 5834 plena
2568 5753 2898 5813 modestiae.
