4096 6398
541 306 641 362 711
1892 307 2209 365 EUTHYM]

2297 304 2636 367 ZIGABENI
3811 307 3913 365 712

542 429 761 488 talibus
794 432 846 486 te
876 434 1160 487 accusent
1195 430 1223 488 ?
1255 432 1320 487 Et
1346 430 1563 487 deinde
1614 431 1787 489 solvit
1814 432 2079 489 Christus
2110 435 2197 504 ty-

2303 431 2431 488 Εῖτα
2460 432 2647 505 ἐρωτᾷ.
2700 433 2764 484 Τί
2800 427 3072 499 ἐποίησας,
3122 428 3203 482 ὅτι
3254 430 3473 482 τοιαῦτά
3528 447 3613 482 σοι
3676 428 3911 501 ἔγκαλοῦ-

540 518 812 576 rannidis
853 519 1280 592 suspicionem,
1324 519 1532 575 dicens
1563 536 1808 591 regnum
1849 538 2027 577 suum
2071 535 2195 576 non

2307 540 2403 590 σι;
2446 527 2546 575 Καὶ
2593 520 2770 573 λοιπόν
2820 518 2926 572 λύει
2974 524 3068 578 τὴν
3117 518 3347 591 ὑποψίαν
3397 527 3492 581 τῆς
3546 516 3911 593 τυραννίδοςό

541 623 669 664 esse
707 624 777 664 ex
798 609 1028 665 mundo
1058 609 1173 665 hoc
1215 625 1228 663 :
1262 614 1314 665 et
1346 608 1597 666 Pilatum
1628 610 1833 667 timore
1861 611 2053 667 solvit.
2089 611 2194 666 Po-

2303 615 2555 687 Χριστός,
2610 610 2769 682 λέγων
2827 613 2919 668 τὴν
2984 607 3258 681 βασιλείαν
3325 609 3485 661 αὑτοῦ
3544 613 3616 681 μὴ
3684 605 3813 661 εἶναι
3856 610 3911 663 ἐκ

539 698 629 755 nit
657 703 855 754 autem
882 704 939 753 et
970 699 1527 767 considerationem,
1552 717 1689 773 quae
1720 706 1777 757 et
1801 701 1916 757 hoc
1946 700 2193 757 demon-

2302 710 2393 754 τοῦ
2436 706 2637 773 κόσμου
2668 702 2878 764 τούτου,
2910 702 3000 751 καὶ
3049 696 3264 750 ἀπολύει
3320 705 3411 751 τοῦ
3444 696 3602 771 φόϐου
3633 702 3722 751 τόν
3754 698 3913 752 Πιλά-

540 792 699 844 stret.
734 791 881 845 Nam
902 803 1153 858 regnum
1186 788 1352 860 quod
1378 806 1451 845 ex
1467 790 1580 845 hoc
1598 791 1829 846 mundo
1860 795 1966 856 est,
1992 790 2053 846 in
2084 791 2193 846 mi-

2300 811 2405 845 τον.
2448 792 2644 849 Τίθησι
2677 787 2736 842 δε
2781 793 2871 841 καὶ
2917 788 3191 861 λογισμὸν,
3246 787 3372 840 αύτό
3424 807 3477 840 τε
3518 794 3669 840 τοῦτο
3714 784 3909 841 δεικνύ-

537 877 738 933 nistris
766 877 939 933 habet
978 877 1383 935 fortitudinem
1417 895 1428 933 :
1459 879 1640 950 hujus
1674 885 1874 936 autem
1922 896 2187 951 regnum,

2300 900 2442 947 οντα,
2502 884 2593 932 xui
2644 881 2725 931 ὅτι
2781 880 2810 936 ἡ
2875 877 2929 930 ἐκ
2978 885 3070 931 τοῦ
3118 882 3320 950 κόσμου
3388 876 3635 950 βασιλεία
3690 876 3737 929 ἐν
3803 886 3912 942 τοῖς

538 983 677 1023 cum
697 967 934 1023 caeleste
948 968 1041 1034 sit,
1068 983 1103 1023 a
1124 968 1323 1039 seipso
1346 968 1529 1025 robur
1542 970 1787 1025 obtinet.
1808 969 2013 1025 Dicens
2026 986 2187 1039 vero,

2300 972 2585 1044 ὑπηρέταις
2639 972 2750 1041 ἔχει
2808 972 2897 1027 τὴν
2968 967 3151 1040 ἰσχύν⁶
3207 970 3236 1025 ἡ
3292 963 3351 1020 δε
3404 968 3588 1020 τούτου
3644 964 3907 1039 βασιλεία,

538 1059 797 1127 Regnum
825 1072 1017 1113 meum
1039 1073 1156 1113 non
1185 1064 1265 1114 est
1303 1073 1377 1117 ea:
1406 1059 1513 1116 hoc
1535 1060 1771 1125 mundo,
1797 1075 1913 1115 non
1940 1060 2194 1118 detrahit

2302 1060 2535 1133 οὐράνιος
2584 1055 2738 1124 οὖσα,
2792 1056 2875 1130 ἀφ’
2934 1056 3118 1118 ἑαυτῆς
3174 1061 3421 1115 κέκτηται
3471 1059 3531 1109 τὸ
3578 1059 3785 1132 κράτος.
3822 1056 3908 1109 Εἰ-

533 1161 723 1217 regno
754 1146 1065 1203 mundano
1096 1163 1267 1205 suam
1318 1148 1744 1215 fortitudinem,
1802 1149 1903 1206 sed
1937 1150 2193 1207 ostendit

2300 1152 2408 1200 πων
2460 1144 2519 1200 δε
2579 1148 2660 1199 ὅτι
2705 1145 2763 1198 Ἦ
2826 1143 3076 1218 βασιλεία
3128 1146 3157 1203 ἡ
3207 1144 3304 1217 ἐμὴ
3366 1143 3459 1197 οὑκ
3520 1146 3659 1197 ἔστιν
3709 1144 3764 1196 ἐκ
3820 1152 3910 1197 τοῦ

532 1235 701 1308 quod
730 1252 908 1293 suum
937 1252 1060 1293 non
1105 1238 1181 1294 sit
1208 1242 1273 1294 ut
1296 1254 1483 1309 regna
1512 1238 1725 1295 mundi
1777 1240 1978 1313 hujus,
2022 1240 2193 1296 mini-

2302 1242 2504 1309 κόσμου
2558 1238 2761 1301 τούτου,
2819 1234 2923 1305 ούχ
2990 1233 3287 1305 ὑπεξήγαγε
3342 1242 3435 1294 τῆς
3496 1232 3682 1286 ἑαυτοῦ
3737 1238 3913 1309 κυριό-

536 1325 673 1381 stris
703 1326 998 1398 indigens,
1034 1326 1345 1400 timorique
1393 1327 1749 1401 subjectum,
1785 1345 1853 1386 ac
1880 1329 2066 1385 ﬁnem
2096 1344 2191 1386 ca-

2301 1344 2456 1386 τητος
2494 1328 2581 1376 τὸν
2630 1328 2848 1397 κόσμον,
2912 1322 3020 1375 ἀλλ’
3074 1321 3301 1395 ἐνέφηνεν
3356 1324 3437 1375 ὃτι
3484 1322 3577 1374 οὑκ
3632 1324 3796 1391 ἔστιν,
3845 1325 3914 1386 ὡς

533 1415 735 1487 piens.
2305 1417 2359 1467 αἱ
2388 1421 2480 1467 τοῦ
2526 1418 2728 1486 κόσμου
2768 1415 2956 1465 τούτου
3004 1410 3296 1485 βασιλεῖαι,
3355 1408 3572 1484 δεομένη
3626 1413 3912 1487 ὑπηρετῶν,

2301 1509 2390 1557 καὶ
2422 1505 2729 1575 ὑποκειμένη
2772 1500 2967 1575 φόϐοις,
3001 1506 3091 1554 καὶ
3122 1501 3263 1562 τελος
3290 1504 3515 1573 ἔχουσα.

605 1615 823 1672 Deinde
858 1632 1135 1689 egressus
1186 1617 1406 1673 Pilatus
1439 1618 1682 1674 tentavit
1722 1618 1973 1677 liberare
2026 1636 2186 1677 eum.

2372 1590 2499 1647 Εἶτα
2549 1592 2760 1656 ἐξελθὼν
2812 1592 2837 1643 ὁ
2898 1591 3120 1652 [Ιιλάτος
3173 1589 3418 1666 ἐπειράθη
3466 1591 3583 1662 (10)
3654 1590 3917 1654 ἐξελέσθαι

533 1705 634 1762 Ait
664 1704 825 1762 enim
855 1679 1042 1763 Lucas
1062 1706 1219 1779 quod
1246 1706 1459 1763 dixerit
1483 1707 1562 1763 ad
1588 1708 1887 1781 principes
1915 1711 2190 1767 sacerdo-

2301 1683 2474 1737 αὑτόν.
2531 1686 2666 1741 Φησὶ
2714 1683 2814 1753 γὰρ
2862 1682 2887 1733 ό
2933 1686 3138 1741 Λουκᾶς
3193 1682 3269 1732 ὅτι
3326 1688 3436 1733 εἰπε
3485 1684 3617 1753 πρὸς
3656 1684 3770 1742 τοὺς
3821 1679 3917 1757 ἀρ-

2452 1780 2469 1785 ..
2632 1777 2639 1785 .
2788 1774 2797 1785 ε
2895 1774 2914 1785 ~
2957 1769 2975 1785 κ
3134 1765 3257 1785 Αιειι
3399 1771 3411 1785 ο
3465 1774 3475 1785 ι
3689 1773 3711 1785 .-
3868 1772 3883 1785 δ

532 1797 661 1849 tum
692 1799 749 1850 et
778 1794 983 1852 turbas
1007 1796 1208 1853 :Nihil
1232 1796 1470 1853 invenio
1505 1814 1667 1853 noxa:
1694 1798 1755 1853 in
1785 1765 1897 1855 hoc
1931 1799 2185 1858 homine.

2297 1780 2495 1849 χιερείς
2558 1777 2647 1824 xui
2715 1774 2837 1832 τοὺς
2883 1769 3080 1842 ὄχλους
3129 1765 3297 1822 Οὐδὲν
3366 1771 3590 1844 εὑρίσκω
3655 1773 3822 1823 αἴτιον
3868 1772 3916 1823 ἓν

2344 1872 2363 1875 ,Α
2459 1861 2470 1875 I
2520 1864 2540 1875 Α
2601 1868 2607 1873 -
2849 1862 2859 1875 1
3076 1860 3086 1875 Ρ
3179 1855 3209 1875 θ’
3306 1857 3317 1873 ν
3372 1864 3381 1874 l
3657 1858 3711 1875 Νι

532 1883 614 1936 At
633 1881 730 1938 illi
742 1883 1181 1941 invalescebant
1220 1885 1521 1941 dicentes:
1544 1885 1873 1943 Commovet
1904 1855 2186 1958 populum

2298 1872 2370 1934 τῷ
2450 1861 2702 1935 ἀνθρώπῳ
2774 1862 2958 1931 τούτῳ⁸
3041 1860 3089 1911 οἱ
3166 1855 3224 1911 δε
3298 1857 3577 1931 ἐπίσχυον,
3657 1858 3914 1931 λέγοντες,

2305 1955 2323 1962 -
2435 1951 2478 1962 .-
2637 1955 2645 1962 .
2796 1953 2804 1962 .
2897 1948 2914 1962 .
2974 1951 2982 1962 .
3129 1945 3151 1962 ει
3192 1944 3250 1962 ειν
3537 1948 3579 1962 ..
3648 1948 3686 1962 ..ς
3866 1958 3886 1962 _

529 1971 740 2029 docens
749 1988 859 2042 per
871 1975 1206 2031 universam
1218 1976 1510 2041 Judaeam,
1533 1991 1778 2033 exorsus
1791 1993 1827 2033 a
1842 1978 2079 2034 Galiltea
2096 1994 2189 2035 us-

2298 1955 2378 2005 ὃτι
2435 1951 2693 2007 Ἀνασείει
2754 1953 2841 2001 τὸν
2897 1948 3041 2016 λαὸν,
3117 1944 3391 2000 διδάσκων
3460 1948 3579 2000 καθ’
3642 1948 3763 2009 ὅλης
3824 1958 3917 2010 τῆς

2302 2043 2335 2053 .-
2419 2038 2441 2053 .
2489 2045 2499 2053 .
2697 2038 2709 2053 .
2759 2038 2819 2053 ν,
3067 2036 3079 2051 .
3142 2042 3150 2053 .
3304 2046 3324 2053 _
3454 2044 3491 2053 ..
3527 2037 3544 2053 ς
3579 2037 3597 2053 ς
3656 2043 3665 2053 ,
3827 2038 3846 2053 .

530 2076 645 2133 que
673 2037 938 2119 ad‘hunc
971 2065 1177 2121 locum.
1211 2066 1438 2120 Pilatus
1464 2037 1655 2121 autem
1683 2066 1888 2122 audita
1915 2068 2185 2139 Galilaea,

2302 2038 2585 2108 Ἰουδαίας,
2688 2038 2973 2114 ἀρξάμενος
3058 2037 3158 2090 ἀπὸ
3264 2046 3357 2100 τῆς
3453 2037 3729 2100 Γαλιλαίας
3822 2038 3919 2101 ἕως

2308 2132 2366 2148 γλ
2506 2128 2637 2148 γνΧο
2817 2124 2850 2148 θ’
2980 2125 3198 2148 ,’,,,',,,-
3269 2126 3414 2148 TV“
3472 2131 3483 2148 1
3649 2126 3884 2148 ΞηνΑκικη

528 2124 913 2222 interrogavit
929 2159 1129 2208 utrum
1145 2154 1314 2210 homo
1330 2154 1605 2209 Galila’us
1618 2162 1783 2212 esset.
1799 2157 1875 2211 Et
1895 2161 1957 2211 ut
1979 2124 2188 2228 σος]ηοῖ

2299 2132 2419 2186 ὧὸε.
2506 2128 2727 2190 Πιλάτος
2805 2124 2885 2190 δε,
2972 2125 3200 2187 ἀκούσας
3269 2126 3567 2195 Γαλιλαίαν,
3643 2126 3919 2201 ἐπηρώτη-

2523 2219 2535 2233 ς
2621 2219 2631 2229 .
2726 2219 2747 2231 ..
2784 2219 2805 2233 λ
3059 2223 3096 2233 ,η
3133 2216 3203 2233 κς
3262 2220 3295 2233 ..
3418 2215 3430 2231 ,
3629 2223 3663 2233 -.
3711 2221 3721 2233 .
3816 2215 3828 2232 .

530 2239 614 2296 vit
645 2216 798 2312 quod
821 2242 899 2297 ad
950 2243 1201 2298 Herodis
1241 2244 1522 2300 ditionem
1570 2245 1917 2314 pertineret,
1966 2216 2189 2302 remisit

2302 2240 2406 2284 σεν,
2493 2219 2536 2271 εἰ
2612 2219 2636 2269 ό
2712 2219 2979 2292 ἄνθρωπος
3059 2216 3331 2279 Γαλιλαίός
3411 2216 3545 2273 ἐστι.
3629 2221 3728 2270 Καὶ
3807 2216 3922 2269 ἐπι-

2404 2313 2413 2322 .
2552 2310 2571 2321 .
2698 2306 2709 2322 ,
2847 2316 2867 2322 _
2970 2305 3016 2322 ,ν
3133 2311 3143 2322 ,
3275 2305 3332 2322 .--
3392 2301 3451 2322 ,α
3590 2304 3601 2319 .
3678 2311 3686 2322 .
3820 2305 3832 2319 .
3888 2311 3897 2322 ,

530 2301 702 2386 illum
733 2331 815 2386 ad
840 2331 1141 2398 Herodem,
1174 2333 1275 2403 qui
1300 2339 1354 2389 et
1395 2332 1515 2403 ipse
1557 2301 1926 2405 ierosolymis
1966 2301 2088 2391 erat
2126 2301 2189 2392 in

2298 2313 2473 2381 γνούς,
2545 2310 2625 2361 ὅτι
2690 2306 2743 2359 ἔκ
2805 2316 2899 2367 τῆς
2963 2305 3203 2369 ἐξουσίας
3275 2301 3513 2377 Ἡρώδου
3582 2304 3740 2375 ἐστίν,
3810 2305 3921 2359 ἀνέ-

2422 2398 2432 2413 ι
2620 2396 2631 2413 9
2680 2400 2688 2411 ι
2878 2398 2885 2411 ι
2966 2394 3023 2413 ο..
3082 2391 3141 2413 οδ
3302 2398 3321 2411 ιο
3550 2398 3560 2411 1
3690 2394 3702 2411 ν
3748 2398 3757 2409 I
3874 2397 3889 2411 ⁸

529 2417 649 2473 iliis
686 2419 888 2476 diebus
921 2422 986 2489 1’,
1034 2391 1143 2477 etc.
1181 2391 1430 2477 .Pilatus.
1482 2423 1681 2494 itaque
1733 2391 1870 2479 cum
1931 2391 2192 2483 audisset

2299 2398 2497 2471 πέμψεν
2571 2396 2724 2449 αὑτὸν
2794 2398 2921 2471 πρὸς
2966 2391 3228 2469 Ἡρώδην,
3289 2398 3412 2447 ὄντα
3480 2398 3568 2446 xui
3642 2394 3795 2447 αὑτὸν
3873 2397 3923 2447 ἐν

2298 2486 2332 2501 ρ.
2496 2486 2549 2501 κ,
2759 2483 2770 2499 .
2956 2485 2966 2499 ι
3233 2490 3250 2501 .
3373 2485 3384 2499 .
3454 2487 3464 2498 .
3756 2486 3765 2498 .
3901 2487 3912 2499 η

532 2507 814 2565 aChristo
845 2509 919 2565 de
940 2486 1127 2581 regno
1148 2511 1337 2583 ipsius
1358 2511 1521 2583 quod
1554 2486 1623 2567 ex
1652 2513 1882 2569 mundo
1913 2514 2026 2570 hoc
2067 2531 2190 2571 non

2298 2486 2680 2562 Ἱεροσολύμοις
2752 2486 2802 2536 ἐν
2874 2486 3089 2543 ταύταις
3163 2490 3280 2546 ταῖς
3363 2486 3604 2555 ἡμέραις,
3684 2486 3774 2535 xui
3857 2487 3925 2536 τὰ

2311 2576 2383 2589 νυ-
2480 2576 2532 2589 Ἀ
2640 2577 2647 2589 ι
2774 2573 2798 2588 ν
2879 2573 2961 2589 HK
2999 2576 3008 2588 υ
3177 2571 3189 2585 9
3280 2575 3291 2587 1
3572 2575 3582 2589 1
3712 2580 3730 2588 ε-
3773 2580 3826 2589 -9

532 2604 687 2654 esset
718 2613 732 2652 :
766 2602 825 2653 et
845 2573 1083 2671 cognito
1107 2573 1271 2671 quod
1293 2573 1415 2655 non
1434 2600 1677 2657 haberet
1698 2609 2053 2674 apparatum
2081 2603 2193 2660 ali-

2301 2576 2437 2640 ἑξῆς.
2480 2576 2538 2628 Ὀ
2598 2577 2688 2647 μεν
2738 2573 2825 2626 οὑν
2878 2573 3112 2637 Πιλάτος,
3168 2573 3399 2634 ἀκούσας
3452 2575 3593 2647 παρά
3640 2580 3731 2625 τοῦ
3773 2580 3926 2648 Χρι-

531 2701 714 2758 quem
737 2688 1116 2759 tyrannicum
1144 2689 1262 2744 sive
1283 2689 1513 2761 insigne
1545 2691 1759 2746 terreni
1786 2693 1951 2762 regni
1976 2715 1988 2747 :
2015 2697 2071 2748 et
2095 2710 2191 2749 co-

2303 2673 2429 2718 στοῡ
2461 2670 2578 2740 περὶ
2605 2671 2696 2725 τῆς
2728 2662 3006 2736 βασιλείας
3060 2662 3238 2728 αὑτοῦ,
3287 2664 3365 2715 ὅτι
3406 2662 3500 2714 οὑκ
3540 2664 3677 2739 ἔστιν
3720 2662 3774 2713 ἐκ
3830 2669 3927 2715 τοῦ

530 2788 827 2845 gnoscens
858 2792 982 2832 non
1014 2792 1143 2833 esse
1174 2777 1551 2849 probabilem
1593 2781 2037 2837 accusationem
2070 2782 2189 2838 :in-

530 2863 831 2937 culpatum
855 2882 993 2922 eum
1024 2866 1369 2923 declaravit.
1398 2866 1519 2939 Ipsi
1546 2883 1685 2924 vero
1730 2885 1863 2925 cum
1896 2870 2187 2927 dictarum

527 2953 985 3011 accusationum
1035 2956 1209 3026 signa
1260 2971 1379 3011 non
1428 2963 1673 3029 possent
1719 2962 2054 3027 ostendere,
2113 2962 2186 3017 ad

527 3041 771 3099 alteram
797 3043 1202 3114 digrediuntur
1228 3044 1676 3103 accusationem
1702 3047 1998 3105 dicentes:
2030 3050 2188 3106 Com-
2224 3074 2262 3129 ρ
2296 3041 2433 3094 P‘w”
2476 3041 2705 3129 αζῆζτίον
2757 3041 2913 3127 “uti”
2970 3041 3239 3129 α’ξεφῗνῗξ
3293 3041 3442 3123 αυτοξ
3498 3041 3576 3129 ίξ⁶έ

526 3138 736 3196 movet,
768 3108 894 3188 sive
923 3135 1248 3205 perturbat,
1276 3136 1560 3206 populum
1592 3136 1825 3193 docens.
1856 3137 1921 3194 Et
1944 3140 2185 3209 quidem

2297 3131 2441 3184 μενοι
2496 3108 2667 3174 δεῖξαι
2726 3118 2919 3183 σημεῖα
2970 3117 3070 3162 τῶν
3108 3109 3363 3183 ῥηθέντων
3417 3108 3777 3182 ἐγκλημάτων,
3831 3128 3922 3183 με·

526 3221 693 3293 quod
714 3198 1241 3279 doceat-astruunt
1262 3198 1422 3281 {non
1453 3222 1656 3280 dicunt
1682 3231 1885 3283 autem
1908 3198 2056 3300 quid
2085 3230 2188 3286 do-

2297 3199 2523 3258 τέϐησαν
2581 3203 2651 3273 ἐφ’
2704 3199 2874 3273 ἑτέραν
2933 3204 3274 3273 κατηγορίαν,
3333 3198 3565 3271 λέγοντες
3621 3199 3703 3251 ὃτι
3764 3198 3921 3253 Ἀνα-

2370 3294 2378 3300 .
2516 3293 2525 3300 .
2625 3288 2641 3300 .
2701 3292 2709 3300 .
2842 3292 2861 3300 _
3074 3287 3085 3300 .
3330 3295 3350 3300 _
3454 3283 3477 3300 .
3517 3283 3574 3300 ει,
3815 3294 3855 3300 _
3904 3292 3915 3300 .

527 3313 676 3375 ceat,
742 3326 817 3367 ne
868 3312 1196 3369 rideantur.
1926 3283 1948 3300 ³

2300 3294 2426 3342 σείει
2475 3293 2561 3342 τὸν
2625 3288 2767 3355 λαόν,
2834 3292 2996 3360 ἤγουν
3064 3287 3367 3354 ἀναστατοῖ,
3442 3283 3739 3343 διδάσκων,
3815 3292 3924 3342 Καὶ

2297 3380 2378 3431 ὃτι
2415 3382 2505 3451 μὲν
2556 3374 2807 3432 διδάσκει
2848 3376 3081 3449 λέγουσι·
3116 3381 3167 3430 τί
3214 3372 3273 3430 δὲ
3307 3372 3581 3447 διδάσκει,
3624 3376 3682 3429 ού
3726 3376 3926 3451 λέγου-

2299 2759 2502 2827 κόσμου
2557 2757 2764 2819 τούτου,
2819 2757 2908 2805 καὶ
2967 2755 3122 2824 γνοὺς
3172 2753 3253 2804 ὅτι
3304 2750 3398 2804 οὑκ
3446 2753 3559 2823 ἔχει
3615 2770 3929 2827 παρασκευ-

2300 2844 2362 2901 ἠν
2416 2862 2531 2894 τινα
2588 2846 2921 2916 τυραννικὴν,
2981 2841 3010 2900 ἦ
3068 2844 3126 2893 τό
3185 2842 3381 2893 οἱονοῦν
3436 2841 3751 2915 παράσημον
3815 2843 3929 2893 ἑπι-

2297 2936 2438 3004 γείου
2481 2930 2778 3005 βασιλείας,
2827 2936 2918 2983 xui
2967 2926 3216 3003 διαγνούς
3265 2928 3516 2982 ἀπίθανον
3550 2934 3644 2988 τὴν
3687 2949 3930 3003 κατηγο-

2296 3041 2433 3094 ριαν,
2476 3023 2705 3073 ἀναίτιον
2757 3020 2913 3073 αὑτὸν
2970 3018 3239 3092 ἀπέφηνεν·
3293 3018 3442 3072 αὑτοὶ
3498 3015 3576 3085 δε,
3628 3023 3698 3091 μὴ
3752 3014 3927 3072 δυνά-

2300 3488 2404 3535 σιν,
2434 3468 2516 3520 ἱνα
2544 3472 2615 3541 μὴ
2640 3467 3120 3539 καταγελασθὼσιν.

546 3644 547 3647 η
602 3570 712 3627 Ubi
759 3575 963 3627 autem
1002 3571 1238 3628 fecisset
1275 3573 1536 3630 Herodes
1576 3591 1712 3649 quae
1765 3577 1939 3635 refert
1976 3579 2184 3637 Lucas.

2368 3556 2426 3609 Ὀ
2475 3554 2533 3609 δε
2588 3554 2850 3631 Ἡρώδης,
2900 3562 3130 3619 ποιήσας
3179 3558 3279 3609 ὅσα
3328 3560 3458 3629 φησὶ
3516 3561 3745 3618 Λουκᾶς,
3802 3554 3927 3628 (11)

526 3644 742 3717 rursus
755 3675 889 3716 eum
908 3661 1221 3718 remisitad
1238 3662 1511 3733 Pilatum,
1541 3665 1997 3739 insequentibus
2008 3671 2185 3726 etiam

2300 3646 2591 3719 ἀντέπεμψε
2642 3655 2823 3699 τοῦτον
2888 3646 3039 3699 πάλιν
3092 3649 3221 3719 πρὸς
3287 3649 3373 3698 τόν
3428 3645 3673 3714 Πιλάτον,
3734 3643 3929 3717 ἐφεπο-

526 3748 900 3821 principibus
921 3750 1294 3807 sacerdotum
1318 3767 1386 3807 ac
1407 3753 1637 3820 scribis,
1658 3734 1713 3811 et
1738 3757 2029 3813 adversus
2050 3774 2189 3815 eum

2298 3740 2460 3810 μένων
2520 3740 2610 3787 καὶ
2679 3744 2779 3787 τῶν
2861 3734 3146 3808 ἀρχιερέων
3212 3740 3300 3787 xui
3367 3744 3466 3787 τῶν
3536 3736 3927 3809 Γραμματέων,

525 3820 991 3895 vociferantibus
1022 3841 1088 3895 ¹³.
1119 3840 1336 3897 Pilatus
1372 3858 1504 3899 vero
1525 3846 1866 3903 convocatis
1900 3848 2192 3921 principi-

2298 3831 2389 3878 xui
2442 3824 2832 3879 καταϐοώντων.
2886 3824 3109 3885 Πιλάτος
3154 3820 3231 3890 δε,
3284 3825 3735 3897 συγκαλεσάμενος
3796 3826 3932 3885 τοὺς

525 3926 644 3984 bus
670 3928 1048 3985 sacerdotum
1075 3932 1609 4003 etmagistratibus,
1626 3950 1694 3991 ac
1720 3909 1922 4007 plebe:
1940 3909 2191 3995 dixit-ad

2300 3914 2562 3988 ἀρχιερεῖς
2613 3918 2703 3966 xui
2778 3918 2896 3975 τούς
2964 3916 3230 3989 ἄρχοντας
3291 3918 3381 3967 καὶ
3444 3917 3531 3966 τὸν
3593 3911 3739 3983 λαὸν,
3814 3909 3933 3966 εἶπε

526 4016 663 4073 illos
699 4035 711 4070 :
740 4033 883 4073 nam
914 4018 974 4074 id
997 4035 1236 4092 quoque
1263 4020 1436 4078 refert
1464 4024 1651 4079 Lucas
1679 4040 1692 4079 :
1722 4004 2019 4084 obtulistis
2038 4029 2190 4086 mihi

2297 4008 2427 4079 πρὸς
2463 4004 2670 4065 αύτούς·
2732 4005 2757 4055 ὁ
2815 4010 3022 4065 Λουκᾶς
3070 4008 3159 4056 καὶ
3203 4005 3369 4057 ταῦτά
3416 4023 3566 4076 φησι.
3612 4005 3934 4076 Προσηνέγ-

531 4106 693 4164 hunc
730 4107 1032 4177 hominem,
1074 4113 1357 4182 tanquam
1394 4119 1746 4170 avertentem
1790 4117 2086 4187 papulum,
2132 4125 2187 4175 et

2297 4097 2421 4145 κατέ
2504 4113 2595 4165 μοι
2682 4096 2770 4145 τὸν
2859 4095 3128 4169 ἄνθρωπον
3222 4101 3420 4163 τοῦτον,
3504 4094 3574 4154 ὡς
3658 4092 3935 4168 ἀποστρέ-

528 4211 660 4254 ecce
687 4212 791 4268 ego
819 4213 1018 4255 coram
1048 4178 1345 4256 vobiscum
1381 4201 1768 4273 inquisissem,
1810 4178 1964 4261 nihil
1991 4207 2189 4265 inveni

2298 4202 2458 4255 φοντα
2522 4186 2610 4236 τόν
2687 4183 2830 4250 λαὸν,
2908 4188 2997 4235 xui
3076 4178 3193 4235 ἰδού
3283 4180 3401 4253 ἐγὼ,
3470 4180 3681 4234 ἐνώπιον
3773 4183 3934 4254 ὑμῶν

530 4287 798 4343 criminis
809 4287 872 4342 in
896 4287 1119 4344 homine
1134 4288 1241 4343 isto
1255 4304 1325 4345 ea:
1337 4289 1421 4345 his
1435 4269 1507 4347 de
1528 4292 1740 4362 quibus
1757 4298 2048 4351 accusatis
2058 4313 2185 4355 eum

2298 4269 2596 4347 ἀνακρίνας,
2680 4269 2832 4325 ούδεν
2908 4272 3052 4345 εὗρον
3120 4270 3167 4323 ἓν
3257 4278 3328 4343 τῷ
3403 4269 3656 4343 ἀνθρώπῳ
3744 4278 3937 4343 τοῦτῳ

527 4377 631 4434 sed
654 4392 725 4433 ne
753 4377 1012 4433 Herodes
1041 4379 1296 4449 quidem.
1323 4380 1475 4435 Nam
1506 4356 1709 4438 remisi
1730 4398 1825 4439 vos
1848 4386 1926 4440 ad
1949 4385 2139 4455 ipsum
2165 4407 2185 4455 ,-

2297 4364 2481 4433 αἴτιον,
2567 4361 2634 4412 ὧν
2721 4369 3055 4436 κατηγορεῖτε
3124 4361 3240 4412 κατ’
3328 4360 3489 4412 αὑτοῦ
3534 4378 3546 4391 ⁸
3595 4357 3702 4410 ἀλλ’
3796 4356 3937 4412 ούδέ

2297 4436 2305 4453 ρ
2446 4445 2465 4455 ,
2625 4450 2635 4455 ,
2730 4454 2733 4455 ,
2860 4449 2870 4455 .
3041 4452 3048 4455 _
3184 4450 3195 4455 _
3454 4451 3461 4455 _
3616 4447 3628 4455 .
3678 4450 3686 4455 .
3918 4454 3925 4455 ,

530 4472 584 4522 et
600 4480 724 4521 ecce
745 4430 1163 4537 nihildigrium
1184 4474 1373 4524 morte
1398 4475 1596 4527 actum
1620 4478 1701 4527 est
1729 4473 1794 4527 ei.
1832 4430 2182 4546 Corrleptun;

2297 4430 2550 4523 Ἡρώδης.
2625 4430 2931 4523 Ἀνέπεμφα
2993 4452 3094 4523 γὰρ
3174 4450 3306 4522 ὑμᾶς
3371 4451 3501 4523 πρὸς
3567 4447 3750 4517 αὑτὸν,
3836 4454 3939 4502 καὶ

529 4567 663 4624 ergo
690 4554 879 4623 ipsum
911 4556 1211 4613 absolvam
1245 4558 1294 4592 ¹⁴
1327 4575 1340 4613 :
1369 4561 1801 4632 correptionem
1842 4563 1938 4620 hic
1970 4536 2185 4622 vocans

2298 4537 2436 4605 ἰδού,
2546 4536 2697 4592 οὐδὲν
2788 4539 2932 4602 ἄξιον
3029 4542 3250 4592 θανάτου
3350 4538 3458 4592 ἐστὶ
3551 4542 3939 4611 πεπραγμένον

529 4642 893 4699 mediocrem
908 4643 1386 4716 ﬂagellationem,
1401 4649 1478 4703 ad
1504 4626 1779 4706 solatium
1794 4657 1851 4708 et
1866 4656 2186 4725 repressio-

2298 4628 2409 4701 (12)
2465 4628 2625 4700 αύτῷ.
2683 4626 2988 4690 Παιδεύσας
3052 4626 3139 4681 οὖν
3216 4628 3370 4681 αὑτὸν
3440 4626 3709 4682 ἀπολύσω.
3793 4634 3939 4682 Παί-

529 4746 671 4788 nem
709 4731 810 4788 ira:
849 4714 1106 4800 illorum,
1139 4738 1204 4790 ut
1250 4736 1357 4791 visi
1398 4737 1564 4794 illum
1622 4740 1915 4798 devicisse
1933 4714 2183 4801 cohibe-

2297 4714 2479 4771 δευσιν
2538 4717 2756 4772 ἐνταῦθα
2805 4722 2897 4777 τὴν
2966 4723 3180 4792 μετρίαν
3237 4723 3572 4790 μαστίγωσιν
3619 4715 3794 4788 λέγων
3859 4716 3941 4782 εἷς

527 4826 735 4878 rentur
759 4822 837 4878 ab
866 4822 1121 4879 ulteriori
1144 4822 1399 4882 insania.
1426 4832 1495 4883 At
1515 4827 1597 4883 illi
1618 4844 1727 4885 nec
1772 4830 1856 4886 sic
1878 4830 1939 4887 in
1982 4833 2185 4907 aliquo

2297 4809 2632 4882 παραμυθίαν
2679 4812 2768 4860 καὶ
2814 4806 3139 4865 καταστολην
3205 4814 3297 4860 τοῦ
3359 4808 3528 4879 θυμοῦ
3578 4805 3777 4872 αὑτῶν,
3820 4808 3938 4877 ἵνα,

526 4912 730 4969 minus
759 4911 1004 4984 efferati,
1051 4914 1438 4972 immobiliter
1500 4917 1580 4973 ad
1627 4918 1688 4973 id
1718 4892 2188 4994 spectantes,‘ut

2297 4892 2559 4965 δόξαντες,
2616 4899 2978 4971 περιγενέσθαι
3040 4896 3223 4963 αὑτοῦ,
3290 4898 3600 4949 παύσωνται
3668 4902 3773 4958 τῆς
3840 4917 3945 4950 πε-

531 5002 799 5060 velociter
826 5002 1273 5070 interficeretur,
1335 5022 1545 5062 rursus
1590 4980 1896 5067 oblatrant.
2053 4980 2070 4994 1

2297 4990 2515 5061 ραιτέρω
2552 4992 2757 5059 μανίας.
2808 4988 2874 5039 Οἱ
2919 4982 2977 5039 δε
3006 4990 3098 5038 καὶ
3128 4986 3286 5046 οὑτως
3334 4980 3485 5037 οὐδὲν
3539 4984 3756 5036 ἔλαττον
3824 4985 3945 5050 ἆξε-

2298 5076 2595 5157 θηριοῦντο,
2663 5078 2793 5148 πρὸς
2862 5075 2910 5128 ἓν
2988 5079 3141 5149 μόνον
3205 5073 3423 5134 ἁκλινῶς
3484 5074 3725 5149 ὁρῶντες,
3808 5075 3945 5151 (15)

2298 5162 2487 5217 ἀνελεῖν
2508 5164 2661 5217 αὑτὸν
2693 5166 2949 5238 τάχιστα.
2981 5168 3068 5219 Διὸ
3107 5164 3259 5219 ποῦιν
3290 5162 3705 5221 καθυλακτοῦσι.

600 5275 647 5312 ¹²
673 5274 814 5331 Luc.
841 5290 1003 5341 xxm,
1035 5275 1148 5331 4-7.
1228 5276 1273 5310 ¹³
1301 5275 1437 5331 Luc.
1472 5291 1638 5348 mu,
1673 5278 1773 5335 il.
1838 5281 1886 5317 ιι
1916 5280 2061 5340 ibid-
2092 5285 2277 5347 13-16.

1760 5406 1976 5477 Variae
2013 5409 2341 5483 lectiones
2382 5426 2447 5485 et
2478 5425 2659 5485 notae

599 5542 1113 5619 (,10),Ἐπειράςι’θηι
1167 5549 1243 5619 ᾼ·

601 5542 694 5614 (10
768 5543 1113 5619 Ἐπειράσθη,
1171 5549 1243 5603 Α.

601 5542 737 5701 (113,
753 5614 1037 5701 ίΑνέῖτιμψι
1068 5617 1473 5701 scribendum,
1508 5624 1575 5679 ut
1598 5620 1788 5681 habet
1807 5624 1997 5685 codex
2027 5633 2180 5687 uter-
2361 5560 2381 5701 ί

2392 5560 2475 5709 ίὲγ
2506 5560 2585 5614 Ἐν
2619 5559 2945 5643 interponit
2973 5560 3040 5617 A.

2392 5633 2448 5689 l3
2501 5630 2794 5707 Interpom
2826 5636 3017 5708 potest

528 5685 648 5761 que
688 5685 844 5744 infra
871 5685 940 5745 in"
964 5685 1242 5770 contextu
1274 5690 1467 5749 Lucaa.

2384 5630 2471 5708 13)
2501 5630 2798 5707 Interponi
2826 5636 3017 5708 potest
3044 5634 3127 5693 τό.
