4096 6382
177 300 287 356 713

1069 303 1438 363 COMMENT.
1479 303 1550 361 IN
1587 301 2042 364 MATTHIEUM.
2092 340 2161 348 —
2201 308 2356 365 CAP.
2397 306 2624 367 XXVII.

3467 317 3571 377 7M

257 431 360 480 Καὶ
414 459 481 468 -
517 432 846 503 απεκρίνατο.
893 425 1136 502 Σφοδρῶς
1189 433 1290 504 γὰρ
1345 428 1451 490 ἤδη
1503 432 1799 491 λυττησάν-

1979 434 2141 489 Vers.
2175 435 2262 490 12.
2296 435 2374 490 Et
2397 467 2464 476 —-
2485 436 2812 506 respondit.
2841 440 2990 495 Cum
3015 437 3176 498 enim
3198 441 3575 502 vehementer

173 533 279 566 των
339 516 410 576 εἰς
463 520 548 568 τὸν
604 523 756 590 φονον
814 519 994 584 αὐτοῦ,
1045 525 1134 572 καὶ
1186 519 1485 573 ἀκαθέκτων
1539 522 1663 582 ὅλως
1715 541 1796 594 γε·

173 610 434 674 γονότων,
521 609 648 678 ἔγνω
719 613 948 681 ματαίαν
1017 607 1147 663 εἶναι
1211 619 1301 663 τοῦ
1361 610 1543 664 λοιποῦ
1622 618 1796 666 πᾶσαν

176 693 495 767 ἀπολογίαν.

245 791 387 838 Τότε
463 819 534 827 -
603 797 1106 864 καταμαρτυροῦσι;
1202 798 1368 844 Τοῦτο
1422 791 1558 864 λέγει
1632 813 1798 868 παρα-

173 884 335 926 κινῶν
388 876 548 928 αὐτὸν
608 877 678 938 εἰς
735 882 793 930 τὸ
852 877 1288 951 ἀπολογήσασθαι
1338 887 1426 934 καὶ
1490 882 1795 956 ἀπαλλαγῆ-

172 982 279 1016 ναι·
338 965 433 1017 καί
490 969 594 1040 γὰρ
655 966 931 1038 ἐγίνωσκεν
985 971 1065 1021 ὅτι
1104 970 1228 1045 ῥᾷον
1279 967 1522 1024 διαλύσει
1567 975 1658 1035 τὰς
1700 993 1795 1025 συ-

173 1059 472 1126 κοφαντίας
499 1056 688 1108 αὐτῶν.

249 1147 363 1195 Καὶ
416 1175 489 1184 --
532 1145 698 1219 ῥῆμα.
755 1150 824 1199 Τὸ
876 1146 989 1210 ἑξῆς
1035 1149 1136 1223 γὰρ
1188 1155 1432 1223 περιττὴν
1490 1153 1667 1222 ἠγεῖτο
1705 1157 1796 1206 καὶ

171 1236 270 1288 τὴν
339 1237 477 1305 πρὸς
516 1235 672 1286 αὑτὸν
704 1234 1002 1312 ἀπόκρισιν,
1049 1241 1115 1299 ὡς
1160 1245 1229 1311 μὴ
1282 1238 1563 1312 δυνάμενον
1605 1242 1796 1304 αὐτοὺς

171 1319 514 1375 ἀναστεῖλαι.
583 1329 682 1377 Καὶ
733 1331 835 1400 γαρ
889 1324 950 1385 ἧν
1016 1332 1104 1400 μὲν
1162 1335 1517 1405 μισοπόνηρος
1559 1333 1583 1382 ὁ
1628 1331 1793 1384 Πιλά-

167 1429 276 1475 τος,
352 1417 447 1464 καὶ
518 1411 726 1489 σφόδρα
781 1415 1028 1474 ἠθέλησεν
1087 1417 1344 1480 ἐξελέσθαι
1408 1424 1494 1472 τὸν
1564 1421 1788 1479 Ἰησοῦν·

165 1499 421 1571 μαλακὸς
455 1499 515 1556 δὲ
544 1505 630 1570 ὠν,
666 1501 902 1558 ἐνεδίδου
924 1515 1035 1568 ταῖς
1068 1506 1268 1560 ἐκείνων
1299 1511 1504 1584 ὁρμαῖς.

1907 522 1986 579 ad
2016 523 2146 594 ejus
2196 524 2426 580 caedem
2483 526 2834 594 insanirent,
2875 544 2984 585 nec
3024 533 3274 589 omnino
3303 537 3576 592 revocari

1907 617 2179 683 possent,
2213 614 2438 670 sciebat
2481 615 2699 674 frustra
2729 617 2996 676 dandum
3027 621 3096 676 iri
3131 621 3418 696 deinceps
3451 639 3579 682 om-

1906 717 2045 757 nem
2073 705 2559 776 responsionem.

1978 812 2139 866 Vers.
2181 813 2263 867 13.
2334 814 2498 870 Tunc
2554 845 2623 855 -—
2663 816 2864 873 dicunt
2916 818 3246 878 testimonia
3279 821 3308 876 ?
3341 825 3462 880 Hoc
3492 823 3576 881 ait

1907 901 2216 956 concitans
2257 917 2396 958 eum
2426 908 2485 960 ut
2517 908 2920 977 responderet,
2964 925 3035 966 ac
3062 910 3144 966 sic
3177 909 3569 970 liberaretur:

1891 989 2130 1046 sciebat
2155 991 2315 1048 enim
2341 993 2504 1064 quod
2533 993 2707 1052 facile
2739 1003 2938 1068 posset
2965 998 3205 1057 illorum
3227 1001 3454 1060 diluere
3477 1019 3570 1061 ca-

1906 1078 2192 1136 lumnias.

1977 1189 2137 1243 Vers.
2168 1192 2248 1244 14.
2266 1190 2345 1246 Et
2361 1222 2429 1230 —
2445 1191 2697 1249 verbum.
2719 1195 3002 1268 Deinceps
3021 1197 3179 1255 enim
3198 1201 3571 1272 superﬂuam

1905 1274 2316 1334 fore'ducebat
2353 1283 2808 1352 responsionem
2835 1301 2970 1356 quae
3001 1287 3113 1358 ipsi
3145 1287 3406 1356 daretur,
3432 1307 3570 1346 cum

1905 1381 2026 1422 non
2055 1373 2257 1438 posset
2273 1369 2401 1424 illos
2420 1373 2838 1443 comprimere.
2861 1373 3155 1447 Siquidem
3180 1378 3408 1434 malum
3431 1379 3573 1436 ode-

1903 1460 1995 1512 rat
2022 1455 2272 1527 Pilatus,
2306 1463 2362 1514 et
2397 1459 2602 1516 Jesum
2643 1461 2907 1518 maxime
2969 1469 3237 1536 optasset
3275 1467 3521 1524 liberare
3558 1485 3569 1524 :

1905 1561 2114 1601 verum
2145 1562 2273 1603 cum
2314 1548 2511 1604 mollis
2547 1556 2720 1617 esset,
2754 1550 2994 1609 illorum
3039 1554 3291 1612 cedebat
3319 1556 3574 1614 affectio-

1905 1635 2078 1690 nibus
2094 1680 2106 1692 .

237 1716 417 1768 Ὠστε
476 1749 541 1758 -
591 1717 722 1773 λίαν.
781 1722 1104 1794 Θαυμάζειν,
1148 1732 1253 1784 πῶς
1293 1721 1611 1778 ἐνδείκνυται
1670 1747 1792 1780 τοσ-

1975 1727 2142 1782 Vers.
2183 1726 2270 1782 14.
2289 1726 2450 1783 Adeo
2473 1735 2538 1784 ut
2563 1760 2630 1768 —
2649 1746 2834 1800 supra
2860 1733 3126 1790 modum.
3164 1734 3573 1794 Admiraretur

166 1809 345 1863 οτᾶτπν
383 1804 681 1874 ἐπιείκειαν,
707 1817 837 1876 πῶς,
872 1806 1155 1884 δυνάμενος
1184 1811 1558 1885 ἀπολογεῖσθαι
1587 1822 1677 1868 καὶ
1703 1837 1794 1869 κα-

166 1897 500 1967 ταισχύνειν
527 1895 736 1968 αὐτοὺς,
771 1897 896 1950 ἑκὼν
930 1906 1058 1972 σιγᾴ
1085 1906 1174 1954 καὶ
1205 1900 1468 1974 ἀνέχεται.

245 2111 405 2162 Κατὰ
459 2107 520 2162 δὲ
581 2111 760 2184 ἑορτὴν
824 2145 886 2153 —-
933 2121 1200 2190 Χριστονς
1263 2122 1409 2172 Κατὰ
1472 2117 1531 2173 δὲ
1590 2121 1789 2195 ἑορτὴν,

180 2206 273 2259 τὴν
340 2209 440 2253 τοῦ
500 2203 700 2275 Πάσχα
748 2201 1008 2264 δηλονότι.
1055 2213 1191 2266 Φησὶ
1237 2212 1339 2284 γὰρ
1386 2213 1410 2262 6
1440 2211 1675 2274 Ἰωάννης
1718 2215 1793 2266 εἰ·-

187 2300 293 2343 πιῐν
357 2294 448 2344 τὸν
527 2291 762 2348 Πιλᾶτον.
823 2293 975 2348 Ἔστι
1029 2293 1086 2349 δὲ
1157 2301 1405 2357 συνήθεια
1469 2304 1584 2375 (14)
1651 2306 1791 2376 ὑμῖν,

177 2383 260 2432 ἵνα
311 2382 407 2434 ἕνα
464 2383 586 2454 ὑμῖν
650 2381 896 2436 ἀπολύσω
953 2387 1064 2458 (15)
1134 2386 1182 2439 ἐν
1245 2397 1316 2459 τῷ
1391 2393 1609 2464 Πάσχα.
1669 2402 1794 2469 Περὶ

173 2467 234 2523 δὲ
284 2478 387 2522 τοῦ
447 2470 691 2544 Βαραϐϐοἱ
747 2472 882 2545 λέγει
941 2483 1284 2550 φανερώτερον
1343 2481 1368 2531 ὁ
1443 2488 1647 2544 Λουκᾶς
1713 2467 1792 2537 ὅτι

169 2557 232 2617 ἦν
286 2556 394 2612 διὰ
451 2562 640 2612 στάσιν
701 2566 816 2614 τινὰ
861 2569 1135 2637 γενομένην
1181 2566 1230 2618 ἐν
1275 2577 1338 2640 τῇ
1395 2570 1538 2623 πόλει
1575 2579 1662 2625 καὶ
1696 2579 1792 2646 φό-

165 2668 253 2701 νον
337 2647 658 2722 βεϐλημένος
723 2651 797 2712 εἰς
854 2653 1104 2725 φυλακήν.
1158 2656 1216 2708 Ὀ
1279 2659 1498 2721 Πιλᾶτος
1550 2659 1658 2728 οὖν,
1719 2670 1789 2736 μὴ

167 2735 437 2801 δυνηθεὶς
477 2742 543 2801 ὡς
603 2739 768 2792 ἀθῶον
832 2740 1091 2805 ἐξελέσθαι
1142 2749 1228 2798 τὸν
1273 2753 1525 2821 Χριστὸν,
1583 2735 1793 2825 ἐπεχεί-

1902 1815 2213 1887 quomodo
2245 1817 2682 1876 demonstraret
2734 1825 2963 1878 tantam
2987 1827 3518 1882 mansuetudinem
3553 1845 3566 1884 :

1902 1905 2227 1976 quomodo,
2249 1921 2388 1961 cum
2414 1908 2780 1979 respondere
2811 1918 3014 1980 posset
3035 1911 3290 1986 illosque
3316 1915 3568 1973 confun-

1903 1991 2063 2059 dere,
2104 1994 2438 2051 voluntarie
2469 1996 2666 2053 sileret
2696 2015 2766 2055 ac
2789 2001 3125 2058 sustineret.

1975 2101 2137 2158 Vers.
2183 2106 2266 2157 l5.
2302 2103 2373 2157 In
2412 2102 2558 2174 festo
2581 2111 2773 2161 autem
2804 2137 2875 2148 —
2913 2107 3077 2164 Vers.
3109 2110 3190 2166 l7.
3229 2111 3503 2169 Christus
3539 2113 3568 2168 ‘t

1901 2190 1968 2245 In
1995 2189 2143 2245 festo
2166 2189 2418 2248 Pascbaa
2444 2193 2730 2249 videlicet.
2760 2195 2852 2252 Ait
2873 2198 3031 2254 enim
3057 2199 3321 2256 Joannes
3348 2201 3570 2260 dixisse

1904 2280 2155 2337 Pilatum
2192 2301 2208 2338 :
2240 2282 2346 2336 Est
2374 2289 2565 2340 autem
2591 2287 2948 2342 consuetudo
2982 2289 3165 2359 vobis,
3189 2298 3251 2346 ut
3278 2308 3457 2347 unum
3473 2294 3572 2350 ab-

1899 2371 2124 2426 solvam
2154 2371 2310 2427 vobis
2342 2373 2406 2428 in
2430 2374 2664 2430 Pascha
2693 2376 2759 2430 1⁵.
2783 2378 2860 2431 De
2881 2378 3179 2438 .Barabba
3217 2397 3356 2437 vero
3384 2384 3574 2439 mani-

1901 2459 2105 2515 festius
2122 2460 2256 2516 dicit
2288 2461 2479 2518 Lucas
2505 2463 2691 2534 quod,
2714 2471 2959 2537 propter
2976 2468 3335 2526 seditionem
3362 2488 3573 2544 quam-

1903 2549 2047 2605 dam
2075 2549 2295 2606 factam
2326 2551 2387 2606 in
2406 2552 2639 2608 civitate
2670 2561 2725 2610 et
2751 2556 2998 2627 caedem,
3033 2558 3342 2629 conjectus
3369 2563 3566 2618 eratin

1903 2649 2206 2690 carcerem
2237 2637 2308 2691 ¹⁶.
2335 2635 2554 2693 Pilatus
2571 2653 2713 2708 ergo
2740 2655 2879 2696 cum
2908 2656 3029 2698 non
3055 2651 3261 2715 posset
3283 2650 3568 2720 tanquam

1902 2724 2277 2781 innocentem
2298 2725 2551 2782 liberare
2582 2727 2904 2795 Christum,
2937 2735 3338 2792 tentaviteum
3355 2736 3568 2795 saltem

165 2848 310 2902 ρησε
358 2830 458 2880 κοῐν
506 2837 630 2900 γοῦν
679 2837 744 2891 ὡς
795 2830 1081 2887 κατάδικον
1134 2841 1474 2911 χαρίσασθαι
1504 2850 1684 2894 τοῦτον
1729 2852 1790 2904 τῆ

1915 2817 1965 2870 ut
1996 2813 2225 2884 judicio
2265 2813 2623 2872 damnatum
2665 2818 2890 2875 donare
2928 2821 3134 2892 ipsum
3159 2821 3332 2882 festo.

168 2920 336 2993 ἑορτῇ
349 2960 366 2972 .

240 3004 416 3061 Ἦδει
466 3039 536 3048 -
586 3009 761 3062 αὐτόν.
823 3015 1010 3083 Διέγνω
1061 3023 1236 3084 τοῦτο,
1292 3023 1382 3070 καὶ
1430 3021 1666 3088 ἣλττιζεν,
1715 3023 1796 3077 ὃτι

167 3098 268 3150 οὐκ
329 3096 397 3148 διν
457 3105 831 3170 προτιμήσωσι
881 3105 966 3154 τὸν
1006 3100 1319 3178 ἀνδροφόνον
1360 3110 1649 3184 Βαραϐϐᾶν,
1701 3118 1795 3166 Δίά

167 3196 336 3240 τοῦτο
425 3191 600 3238 τοίνυν
668 3188 939 3263 Θαρρήσας
1013 3192 1196 3266 ἐρωτᾷ,
1264 3201 1391 3249 Τίνα
1445 3200 1608 3254 θέλετε
1669 3201 1794 3256 ἀποο

163 3277 318 3329 λύσω
394 3277 557 3348 ὑμῐν;
603 3276 690 3340 Ὠς
753 3275 812 3331 δὲ
858 3279 992 3353 λέγει
1049 3286 1280 3359 Μάρκος,
1321 3293 1421 3361 πρὸ
1465 3299 1560 3353 τῆς
1604 3291 1795 3366 ἐρωτή-

166 3385 308 3427 σεως
362 3363 664 3428 ἀναϐοήσας
713 3369 739 3419 6
793 3368 982 3441 ὄχλος,
1038 3373 1229 3446 ἣρξατο
1285 3377 1567 3450 αἰτεῖσθαι,
1620 3386 1794 3447 καθὼς

164 3453 246 3506 ἀεὶ
301 3452 478 3506 ἐποίει
528 3455 727 3523 αὐτοῖς,
784 3463 966 3530 ἤγουν,
1025 3462 1288 3517 αἰτεῖσθαι
1347 3469 1458 3537 (16)
1517 3474 1783 3541 γενέσθαι,

165 3544 264 3596 Ἠν
332 3539 398 3596 δὲ
457 3545 487 3601 ἡ
530 3548 746 3610 αἴτησις
787 3555 904 3624 περὶ
955 3558 1044 3603 τοῦ
1093 3552 1354 3608 ἀπολύσαι
1397 3559 1484 3609 ἕνα
1529 3569 1600 3631 τῷ
1649 3562 1791 3635 ὄχλῳ

167 3629 425 3705 δέσμιον·
473 3633 627 3687 Ὅθεν
678 3633 995 3711 δραξάμενος
1044 3641 1295 3718 ἀφορμῆς
1331 3648 1356 3698 ὁ
1411 3629 1647 3720 Πιλᾶτος,
1677 3629 1794 3705 in;

168 3729 490 3797 εχείρησεν,
517 3725 588 3785 ὡς
618 3729 842 3800 εἴρηται,
871 3735 960 3782 καὶ
991 3736 1255 3806 ἠρώτησε.

244 3941 574 4012 Καθημένου
629 3973 695 3982 —-
751 3947 924 3998 αὐτόν.
983 3945 1162 4010 Ἀὐτὸς
1213 3955 1302 4025 μὲν
1365 3955 1458 4008 οὐκ
1507 3957 1622 4030 (t7)
1691 3959 1796 4016 εἶδε

168 4037 420 4082 τοιοῦτον
483 4033 624 4106 ὄναρ,
681 4032 710 4090 ἡ
769 4035 836 4096 ὡς
889 4034 1118 4104 ἀνάξιος,
1177 4042 1204 4100 ἦ
1268 4045 1348 4095 ὅτι
1398 4047 1568 4118 ἔμελλε
1620 4059 1793 4123 σιγᾷν,

172 4123 236 4180 ὡς
293 4123 511 4192 κριτὴς,
572 4120 600 4178 ἣ
660 4124 740 4174 ὅτι
797 4124 992 4197 ἔμελλεν
1053 4127 1413 4200 ἀπιστεῖσθαι,
1465 4139 1528 4198 ὡς
1579 4140 1799 4194 πλαττ-ό-

171 4229 336 4281 μενος
391 4209 551 4272 αὐτὸς
625 4215 758 4286 πρὸς
829 4218 887 4267 τὸ
960 4216 1138 4279 ἐξελεῖν
1194 4226 1363 4280 αὐτόν.
1423 4225 1482 4279 Ἠ
1551 4237 1677 4301 γυνὴ
1743 4230 1801 4286 δὲ

175 4297 368 4372 βλέπει
413 4298 628 4371 μᾶλλον.

186 4925 402 4999 ἀμφισῖ
405 4948 437 4986 η
446 4932 507 4986 τή
518 4947 692 5001 σιμον,
788 4929 992 5005 ἀπέχου
1065 4937 1244 4994 αὐτου.

184 5019 266 5069 ὅτι
292 5019 357 5068 τὸ
387 5021 619 5092 Σήμερον
645 5025 734 5073 καὶ
764 5020 849 5074 ἐπὶ
879 5025 1065 5088 νυκτὸς
1090 5027 1314 5101 λέγεται.

1329 4948 1643 5017 Σημειωτέον
1723 4948 1802 5019 δὲ,

1977 3057 2134 3112 Vers.
2174 3057 2262 3114 18.
2314 3057 2553 3114 Sciebat
2590 3090 2660 3099 —-
2702 3075 2855 3117 eum.
2893 3063 3127 3121 Sciebat
3172 3065 3310 3133 hoc,
3347 3071 3403 3125 et
3434 3086 3566 3143 spe-

1904 3145 2076 3200 rabat
2091 3145 2256 3217 quod
2274 3161 2662 3219 nequaquam
2691 3158 3107 3222 praeponerent
3123 3153 3175 3209 ei
3197 3155 3568 3216 homicidam

1903 3235 2260 3291 Barabbam.
2293 3237 2535 3308 Propter
2563 3239 2679 3293 hoc
2706 3255 2848 3309 ergo
2877 3248 3118 3313 sumpta
3143 3243 3364 3303 ﬁducia
3395 3249 3570 3305 inter-

1902 3329 2074 3392 rogat
2101 3342 2114 3380 :
2151 3326 2323 3392 Quem
2356 3326 2533 3382 vultis
2559 3327 2854 3386 absolvam
2893 3332 3052 3386 vobis
3090 3331 3118 3386 ‘i’
3150 3335 3219 3389 Ut
3254 3341 3455 3393 autem
3482 3339 3570 3394 di-

1903 3413 1980 3468 cit
2006 3414 2254 3480 Marcus,
2283 3421 2419 3470 ante
2444 3416 2974 3487 interrogationem
3006 3437 3145 3478 cum
3177 3425 3572 3484 acclamasset

1904 3503 2079 3560 turba
2110 3504 2281 3575 coepit
2312 3509 2528 3576 petere,
2572 3506 2723 3562 sicut
2755 3524 2993 3579 semper
3022 3512 3279 3569 faciebat
3305 3515 3390 3570 eis
3428 3532 3438 3571 :
3469 3534 3566 3587 pe-

1905 3597 2021 3648 tere
2051 3592 2326 3648 videlicet
2371 3600 2432 3650 ut
2480 3594 2644 3650 ﬂeret
2676 3598 2794 3669 (uu)
2852 3599 3005 3656 sicut
3050 3618 3278 3674 semper
3314 3604 3570 3663 faciebat

1904 3683 1986 3738 eis
2019 3684 2086 3737 ιτ.
2122 3685 2254 3738 Erat
2291 3689 2492 3739 autem
2541 3686 2762 3756 petitio,
2811 3693 2874 3744 ut
2907 3705 3060 3744 unus
3101 3707 3172 3746 ex
3202 3693 3409 3750 vinctis
3462 3696 3568 3752 ab-

1904 3771 2451 3828 solvereturturbte.
2477 3776 2637 3830 Unde
2668 3781 2880 3833 nactus
2913 3781 3292 3840 occasionem
3322 3784 3566 3855 Pilatus,

1904 3862 2172 3926 tentavit,
2215 3867 2277 3916 ut
2307 3862 2537 3918 dictum
2565 3869 2671 3931 est,
2707 3871 2763 3921 et
2790 3867 3196 3940 interrogavit.

1976 3971 2134 4024 Vers.
2169 3970 2255 4024 19.
2288 3969 2521 4027 Sedente
2548 4004 2616 4012 —
2645 3972 2861 4042 ipsum.
2915 3977 3044 4048 Ipse
3085 3979 3332 4051 quidem
3358 3982 3573 4054 hujus-

1909 4059 2072 4114 modi
2097 4061 2400 4115 somnium
2428 4076 2549 4116 non
2572 4061 2824 4128 viderat,
2847 4064 2939 4119 vel
2957 4070 3240 4137 tanquam
3267 4070 3570 4142 indignus,

1910 4148 2000 4203 vel
2032 4148 2177 4220 quia
2227 4149 2505 4204 taciturus
2539 4149 2762 4216 fuisset,
2808 4158 3004 4224 utpote
3052 4157 3260 4226 judex,
3308 4163 3400 4216 vel
3430 4165 3576 4235 quia

1911 4238 2058 4293 ﬁdes
2085 4240 2136 4293 ei
2168 4238 2435 4294 adhibita
2466 4256 2587 4295 non
2615 4241 2836 4306 fuisset,
2865 4245 3035 4314 quasi
3074 4246 3134 4301 id
3153 4247 3231 4303 ad
3256 4264 3393 4304 eum
3435 4251 3574 4307 libe-

710 4305 778 4364 ὡς
846 4302 967 4367 ἀξία
1021 4314 1110 4361 καὶ
1163 4313 1230 4373 ὡς
1281 4317 1608 4392 πιθανωτέρα
1672 4326 1802 4394 πρὸς

1915 4329 2170 4384 randum
2183 4326 2505 4399 etﬁngenti.
2523 4332 2675 4384 Uxor
2696 4337 2895 4387 autem
2915 4335 3116 4405 potius
3142 4337 3321 4406 videt,
3352 4339 3439 4393 vel
3455 4348 3579 4397 tan-

175 4395 304 4450 τοὺς
368 4386 688 4458 Ἰουδαίους,
762 4394 845 4445 ἶνα
896 4397 960 4457 ὡς
1014 4395 1291 4473 ἀνυπόπτῳ
1360 4409 1524 4480 ταύτῃ
1581 4415 1804 4463 πιστεύ-

178 4498 369 4539 σαντες
429 4477 910 4552 ἰιναχαιτισῦῶσιν.
972 4491 1073 4540 Καὶ
1133 4489 1191 4541 οὐ
1243 4490 1421 4564 βλέπει
1461 4501 1635 4567 μόνον,
1679 4500 1807 4556 ἀλλὰ

177 4576 270 4622 καὶ
330 4571 563 4640 πάσχει,
610 4576 901 4642 τουτέστιν,
948 4574 1206 4649 ἐταζεται,
1257 4583 1339 4635 ἵνα
1385 4594 1445 4659 τῇ
1506 4594 1806 4666 συμπαθείᾳ

179 4668 274 4720 τῆς
315 4661 574 4731 γυναικὸς
623 4662 648 4712 ὁ
687 4663 818 4736 ἀνὴρ
867 4664 1050 4733 αὐτῆς,
1100 4673 1189 4721 καὶ
1240 4677 1310 4743 μὴ
1361 4678 1674 4750 πειθομένων
1716 4683 1804 4734 αὖ·

181 4758 307 4814 τῶν,
381 4747 600 4822 κωλύσῃ
660 4757 746 4804 τόν
788 4758 955 4825 φόνον.
1011 4761 1081 4809 Τὸ
1124 4755 1183 4811 δὲ
1236 4760 1416 4820 Μηδέν
1463 4786 1546 4819 σοι
1592 4775 1682 4823 καὶ
1734 4782 1806 4845 τῷ

186 4835 391 4909 δικαίῳ
458 4836 650 4912 ἐκείνῳ,
721 4839 835 4895 ἀντὶ
887 4852 998 4917 τοῦ,
1065 4845 1246 4907 Μηδὲν
1333 4873 1418 4906 σοι
1491 4861 1577 4910 καὶ
1638 4858 1804 4935 ἐκείνῳ

1914 4433 2098 4489 quam
2117 4417 2343 4479 melior,
2359 4418 2451 4473 vel
2467 4422 2759 4491 tanquam
2774 4422 2937 4493 apud
2951 4423 2977 4476 J
2991 4424 3191 4481 udaaos
3211 4427 3326 4484 ﬁde
3341 4428 3580 4500 dignior

1919 4512 1978 4563 ut
2005 4507 2145 4562 huic
2185 4507 2356 4578 quasi
2395 4524 2518 4563 non
2545 4516 2836 4581 suspectus
2864 4511 3039 4568 tidem
3068 4515 3379 4584 habentes,
3405 4521 3582 4576 refre-

1915 4602 2218 4652 narentur.
2251 4597 2366 4651 Nec
2399 4597 2551 4652 videt
2584 4600 2800 4667 solum,
2826 4601 2933 4658 sed
2959 4611 3013 4657 et
3044 4607 3284 4676 patitur,
3319 4608 3434 4665 hoc
3470 4617 3576 4678 est,

1918 4691 2208 4742 tormento
2221 4685 2491 4752 aﬂicuur,
2513 4693 2569 4743 ut
2589 4688 2790 4744 uxoris
2808 4696 3250 4764 compassione,
3267 4696 3376 4753 illis
3398 4699 3580 4758 etiam

1915 4791 2038 4831 non
2053 4776 2589 4848 acquiescentibus,
2605 4777 2689 4833 vir
2702 4779 2830 4851 ejus
2847 4782 3452 4853 proliiberetceedem:
3475 4791 3581 4846 Ni-

1919 4865 2010 4920 hil
2032 4864 2138 4920 tibi
2167 4881 2301 4921 cum
2341 4867 2492 4933 iusto
2524 4869 2650 4932 illo,
2677 4868 2790 4925 hoc
2822 4875 2930 4937 est,
2957 4873 3103 4929 nihil
3135 4879 3577 4936 contentiosum

1919 4955 1990 5010 sit
2033 4954 2184 5009 inter
2231 4961 2286 5010 te
2326 4961 2382 5011 et
2419 4956 2606 5023 illum,
2669 4958 2899 5015 abstine
2933 4962 3010 5017 ab
3060 4962 3179 5019 illo.
3237 4967 3581 5026 Notandum

1919 5048 2006 5100 est
2037 5055 2257 5110 autem,
2299 5045 2462 5118 quod
2487 5051 2713 5121 σήμερον
2745 5047 2990 5120 (hodie),
3029 5052 3102 5108 de
3133 5060 3305 5112 nocte
3343 5055 3579 5115 dicitur.

262 5145 313 5180 ³⁵
345 5143 520 5200 Joan.
555 5161 709 5217 xvm,
742 5152 829 5206 39.
908 5151 956 5187 ¹⁶
982 5152 1119 5209 Luc.
1153 5171 1314 5230 xxm,
1340 5160 1426 5217 19.
1508 5165 1550 5199 ιτ
1586 5169 1759 5226 Marc.
1793 5187 1894 5236 xv,
1927 5174 1976 5227 8.

1451 5280 1672 5352 Variae
1719 5286 2042 5357 lectiones
2067 5299 2131 5354 et
2163 5299 2362 5356 notae.

411 5376 588 5454 :H‘ui'v.
627 5387 682 5435 Β·

418 5449 814 5529 Ἂπολύσωμεν.
840 5463 896 5512 Β.

265 5523 388 5597 (16)
417 5523 529 5582 Pro
557 5523 858 5586 vocabulo
887 5534 1151 5605 γενέσθαι,
1183 5540 1244 5605 A,
1273 5541 1484 5612 repetit
1503 5540 1635 5601 haec
1661 5562 1674 5602 :
1712 5553 1817 5600 Κα-

1999 5407 2094 5465 θὼς
2123 5407 2202 5456 eiei
2233 5409 2393 5458 ἐποίει
2423 5409 2624 5472 αὐτοῖς.

1997 5476 2107 5548 (17)
2149 5473 2297 5532 Οἵδε.
2341 5480 2417 5536 Α.

267 5650 402 5723 (uu)
433 5651 587 5723 Ergo
616 5654 940 5714 Hentenius
972 5664 1106 5732 post
1134 5667 1377 5732 γενέσθαι
1397 5666 1612 5727 iterum
1646 5670 1817 5730 inven

1915 5675 2069 5736 ιαθως
2101 5672 2178 5728 ἀεὶ
2204 5672 2362 5730 ἐποίει
2396 5677 2590 5742 αὐτοῖς.

529 5750 749 5810 Pyram.
763 5798 776 5812 .
826 5754 932 5817 Gn.
970 5757 1207 5820 CXXIX.

3218 5788 3287 5842 23
