  <div class='ocr_page' id='page_1' title='image "/cluster/home/n/w/nwhite01/storage/ocr_20150623/129/coo.31924054870344/367.png"; bbox 0 0 4096 6382; ppageno 0'>
   <div class='ocr_carea' id='block_1_1' title="bbox 584 273 2201 336">
    <p class='ocr_par' dir='ltr' id='par_1_1' title="bbox 584 274 2201 333">
     <span class='ocr_line' id='line_1_1' title="bbox 584 274 2201 333; baseline -0.002 -1"><span class='ocrx_word' id='word_1_1' title='bbox 584 278 689 333; x_wconf 88' lang='grc'>715</span> <span class='ocrx_word' id='word_1_2' title='bbox 1936 274 2201 331; x_wconf 70' lang='lat' dir='ltr'>EUTHYR</span> 
     </span>
    </p>
   </div>
   <div class='ocr_carea' id='block_1_2' title="bbox 2338 273 3955 336">
    <p class='ocr_par' dir='ltr' id='par_1_2' title="bbox 2338 273 3955 336">
     <span class='ocr_line' id='line_1_2' title="bbox 2338 273 3955 336; baseline 0.004 -7"><span class='ocrx_word' id='word_1_3' title='bbox 2338 273 2645 331; x_wconf 68' lang='lat' dir='ltr'>IIGABENI</span> <span class='ocrx_word' id='word_1_4' title='bbox 3858 283 3955 336; x_wconf 87' lang='grc'>716</span> 
     </span>
    </p>
   </div>
   <div class='ocr_carea' id='block_1_3' title="bbox 657 398 2274 475">
    <p class='ocr_par' dir='ltr' id='par_1_3' title="bbox 657 400 2245 473">
     <span class='ocr_line' id='line_1_3' title="bbox 657 400 2245 473; baseline -0.003 -14"><span class='ocrx_word' id='word_1_5' title='bbox 657 405 813 459; x_wconf 87' lang='lat' dir='ltr'>Vers.</span> <span class='ocrx_word' id='word_1_6' title='bbox 829 400 1419 473; x_wconf 78' lang='lat' dir='ltr'>20.Principesautem</span> <span class='ocrx_word' id='word_1_7' title='bbox 1438 402 1798 459; x_wconf 71' lang='lat' dir='ltr'>sacerdotum</span> <span class='ocrx_word' id='word_1_8' title='bbox 1821 433 1889 442; x_wconf 86' lang='lat'>——</span> <span class='ocrx_word' id='word_1_9' title='bbox 1911 400 2245 471; x_wconf 80' lang='lat' dir='ltr'>perderent.</span> 
     </span>
    </p>
   </div>
   <div class='ocr_carea' id='block_1_4' title="bbox 2337 398 3954 475">
    <p class='ocr_par' dir='ltr' id='par_1_4' title="bbox 2434 398 3954 475">
     <span class='ocr_line' id='line_1_4' title="bbox 2434 398 3954 475; baseline 0.003 -22"><span class='ocrx_word' id='word_1_10' title='bbox 2434 403 2499 453; x_wconf 80' lang='grc' dir='ltr'>Οἱ</span> <span class='ocrx_word' id='word_1_11' title='bbox 2566 398 2624 453; x_wconf 67' lang='grc' dir='ltr'>δὲ</span> <span class='ocrx_word' id='word_1_12' title='bbox 2695 399 2960 475; x_wconf 79' lang='grc' dir='ltr'>ἀρχιερεῖς</span> <span class='ocrx_word' id='word_1_13' title='bbox 3014 433 3084 441; x_wconf 89' lang='lat'>——</span> <span class='ocrx_word' id='word_1_14' title='bbox 3137 400 3480 458; x_wconf 86' lang='grc' dir='ltr'>ἀπολέσωσιν.</span> <span class='ocrx_word' id='word_1_15' title='bbox 3540 406 3605 456; x_wconf 81' lang='lat' dir='ltr'>Oi</span> <span class='ocrx_word' id='word_1_16' title='bbox 3665 410 3827 475; x_wconf 75' lang='grc' dir='ltr'>φονεῖς</span> <span class='ocrx_word' id='word_1_17' title='bbox 3873 425 3954 458; x_wconf 90' lang='grc' dir='ltr'>τον</span> 
     </span>
    </p>
   </div>
   <div class='ocr_carea' id='block_1_5' title="bbox 586 488 3957 565">
    <p class='ocr_par' dir='ltr' id='par_1_5' title="bbox 586 488 3957 565">
     <span class='ocr_line' id='line_1_5' title="bbox 586 488 3957 565; baseline -0.001 -17"><span class='ocrx_word' id='word_1_18' title='bbox 586 491 2250 563; x_wconf 67' lang='grc' dir='ltr'>Ηοωίοὶάωὴοωὶοὶάᾶωείᾳυίνὶῑαωιτὶὸυὶιρτεεροευθ-</span> <span class='ocrx_word' id='word_1_19' title='bbox 2360 494 2507 561; x_wconf 72' lang='grc' dir='ltr'>φονέα</span> <span class='ocrx_word' id='word_1_20' title='bbox 2556 495 2975 564; x_wconf 77' lang='grc' dir='ltr'>προτετιμήκασι</span> <span class='ocrx_word' id='word_1_21' title='bbox 3018 499 3108 542; x_wconf 71' lang='grc' dir='ltr'>τοῦ</span> <span class='ocrx_word' id='word_1_22' title='bbox 3152 488 3444 560; x_wconf 76' lang='grc' dir='ltr'>ζωοδότου,</span> <span class='ocrx_word' id='word_1_23' title='bbox 3499 497 3589 544; x_wconf 82' lang='grc' dir='ltr'>καὶ</span> <span class='ocrx_word' id='word_1_24' title='bbox 3638 493 3744 565; x_wconf 70' lang='grc' dir='ltr'>οὐχ</span> <span class='ocrx_word' id='word_1_25' title='bbox 3793 494 3957 557; x_wconf 80' lang='grc' dir='ltr'>ἁπλῶς</span> 
     </span>
    </p>
   </div>
   <div class='ocr_carea' id='block_1_6' title="bbox 582 579 2199 655">
    <p class='ocr_par' dir='ltr' id='par_1_6' title="bbox 582 579 2199 655">
     <span class='ocr_line' id='line_1_6' title="bbox 582 579 2199 655; baseline -0.003 -16"><span class='ocrx_word' id='word_1_26' title='bbox 582 586 749 639; x_wconf 88' lang='lat' dir='ltr'>runt:</span> <span class='ocrx_word' id='word_1_27' title='bbox 772 597 881 638; x_wconf 89' lang='lat' dir='ltr'>nec</span> <span class='ocrx_word' id='word_1_28' title='bbox 899 581 1245 655; x_wconf 85' lang='lat' dir='ltr'>simpliciter</span> <span class='ocrx_word' id='word_1_29' title='bbox 1263 581 1655 647; x_wconf 82' lang='lat' dir='ltr'>homicidam,</span> <span class='ocrx_word' id='word_1_30' title='bbox 1678 581 1781 636; x_wconf 90' lang='lat' dir='ltr'>sed</span> <span class='ocrx_word' id='word_1_31' title='bbox 1805 579 2103 649; x_wconf 84' lang='lat' dir='ltr'>insignem</span> <span class='ocrx_word' id='word_1_32' title='bbox 2125 579 2199 634; x_wconf 59' lang='lat' dir='ltr'>sit</span> 
     </span>
    </p>
   </div>
   <div class='ocr_carea' id='block_1_7' title="bbox 2336 579 3953 655">
    <p class='ocr_par' dir='ltr' id='par_1_7' title="bbox 2358 579 3953 654">
     <span class='ocr_line' id='line_1_7' title="bbox 2358 579 3953 654; baseline 0.003 -23"><span class='ocrx_word' id='word_1_33' title='bbox 2358 584 2525 651; x_wconf 78' lang='grc' dir='ltr'>φονέα,</span> <span class='ocrx_word' id='word_1_34' title='bbox 2598 579 2702 631; x_wconf 76' lang='grc' dir='ltr'>ἀλλ’</span> <span class='ocrx_word' id='word_1_35' title='bbox 2753 579 3031 653; x_wconf 78' lang='grc' dir='ltr'>ἐπίσημον,</span> <span class='ocrx_word' id='word_1_36' title='bbox 3094 585 3278 645; x_wconf 86' lang='grc' dir='ltr'>εῖτουν,</span> <span class='ocrx_word' id='word_1_37' title='bbox 3331 581 3639 654; x_wconf 82' lang='grc' dir='ltr'>περιϐόητον</span> <span class='ocrx_word' id='word_1_38' title='bbox 3690 582 3776 635; x_wconf 82' lang='grc' dir='ltr'>ἐπὶ</span> <span class='ocrx_word' id='word_1_39' title='bbox 3831 603 3953 635; x_wconf 88' lang='grc' dir='ltr'>κακ-</span> 
     </span>
    </p>
   </div>
   <div class='ocr_carea' id='block_1_8' title="bbox 583 669 2200 742">
    <p class='ocr_par' dir='ltr' id='par_1_8' title="bbox 583 669 2197 742">
     <span class='ocr_line' id='line_1_8' title="bbox 583 669 2197 742; baseline -0.002 -16"><span class='ocrx_word' id='word_1_40' title='bbox 583 671 953 742; x_wconf 88' lang='lat' dir='ltr'>divulgatum</span> <span class='ocrx_word' id='word_1_41' title='bbox 984 687 1043 726; x_wconf 87' lang='lat' dir='ltr'>1n</span> <span class='ocrx_word' id='word_1_42' title='bbox 1072 670 1330 727; x_wconf 89' lang='lat' dir='ltr'>malitia:</span> <span class='ocrx_word' id='word_1_43' title='bbox 1364 670 1516 726; x_wconf 87' lang='lat' dir='ltr'>adeo</span> <span class='ocrx_word' id='word_1_44' title='bbox 1547 669 1948 726; x_wconf 89' lang='lat' dir='ltr'>inﬂammavit</span> <span class='ocrx_word' id='word_1_45' title='bbox 1978 685 2080 724; x_wconf 88' lang='lat' dir='ltr'>eos</span> <span class='ocrx_word' id='word_1_46' title='bbox 2103 670 2197 723; x_wconf 90' lang='lat' dir='ltr'>inv</span> 
     </span>
    </p>
   </div>
   <div class='ocr_carea' id='block_1_9' title="bbox 2331 669 3948 742">
    <p class='ocr_par' dir='ltr' id='par_1_9' title="bbox 2358 670 3948 741">
     <span class='ocr_line' id='line_1_9' title="bbox 2358 670 3948 741; baseline 0.004 -22"><span class='ocrx_word' id='word_1_47' title='bbox 2358 674 2563 741; x_wconf 76' lang='grc' dir='ltr'>ουργίᾳ.</span> <span class='ocrx_word' id='word_1_48' title='bbox 2657 676 2916 721; x_wconf 74' lang='grc' dir='ltr'>Τοσοῦτον</span> <span class='ocrx_word' id='word_1_49' title='bbox 3007 672 3031 721; x_wconf 98' lang='lat'>6</span> <span class='ocrx_word' id='word_1_50' title='bbox 3116 672 3294 741; x_wconf 81' lang='grc' dir='ltr'>φθόνος</span> <span class='ocrx_word' id='word_1_51' title='bbox 3387 670 3658 733; x_wconf 77' lang='grc' dir='ltr'>ἐξέκαυσεν</span> <span class='ocrx_word' id='word_1_52' title='bbox 3748 672 3948 735; x_wconf 82' lang='grc' dir='ltr'>αύτούς.</span> 
     </span>
    </p>
   </div>
   <div class='ocr_carea' id='block_1_10' title="bbox 580 755 2197 835">
    <p class='ocr_par' dir='ltr' id='par_1_10' title="bbox 580 759 2197 833">
     <span class='ocr_line' id='line_1_10' title="bbox 580 759 2197 833; baseline -0.002 -18"><span class='ocrx_word' id='word_1_53' title='bbox 580 760 700 816; x_wconf 90' lang='lat' dir='ltr'>dia.</span> <span class='ocrx_word' id='word_1_54' title='bbox 735 760 1009 833; x_wconf 90' lang='lat' dir='ltr'>Corrupti</span> <span class='ocrx_word' id='word_1_55' title='bbox 1039 764 1240 816; x_wconf 90' lang='lat' dir='ltr'>autem</span> <span class='ocrx_word' id='word_1_56' title='bbox 1272 759 1388 831; x_wconf 88' lang='lat' dir='ltr'>ipsi</span> <span class='ocrx_word' id='word_1_57' title='bbox 1419 766 1816 831; x_wconf 90' lang='lat' dir='ltr'>corruperunt</span> <span class='ocrx_word' id='word_1_58' title='bbox 1847 764 1902 815; x_wconf 89' lang='lat' dir='ltr'>et</span> <span class='ocrx_word' id='word_1_59' title='bbox 1931 759 2197 825; x_wconf 79' lang='lat' dir='ltr'>turbas,1</span> 
     </span>
    </p>
   </div>
   <div class='ocr_carea' id='block_1_11' title="bbox 2335 755 3952 835">
    <p class='ocr_par' dir='ltr' id='par_1_11' title="bbox 2357 755 3952 835">
     <span class='ocr_line' id='line_1_11' title="bbox 2357 755 3952 835; baseline 0.003 -24"><span class='ocrx_word' id='word_1_60' title='bbox 2357 761 2687 832; x_wconf 72' lang='grc' dir='ltr'>Διεφθορότες</span> <span class='ocrx_word' id='word_1_61' title='bbox 2755 755 2813 811; x_wconf 75' lang='grc' dir='ltr'>δε</span> <span class='ocrx_word' id='word_1_62' title='bbox 2867 760 3037 821; x_wconf 86' lang='grc' dir='ltr'>αύτοι,</span> <span class='ocrx_word' id='word_1_63' title='bbox 3094 758 3389 835; x_wconf 74' lang='grc' dir='ltr'>διέφθειραν</span> <span class='ocrx_word' id='word_1_64' title='bbox 3442 766 3531 813; x_wconf 88' lang='grc' dir='ltr'>καὶ</span> <span class='ocrx_word' id='word_1_65' title='bbox 3587 765 3704 823; x_wconf 81' lang='grc' dir='ltr'>τοὺς</span> <span class='ocrx_word' id='word_1_66' title='bbox 3768 764 3952 835; x_wconf 77' lang='grc' dir='ltr'>ὄχλους</span> 
     </span>
    </p>
   </div>
   <div class='ocr_carea' id='block_1_12' title="bbox 580 847 2197 928">
    <p class='ocr_par' dir='ltr' id='par_1_12' title="bbox 580 848 2197 925">
     <span class='ocr_line' id='line_1_12' title="bbox 580 848 2197 925; baseline -0.001 -20"><span class='ocrx_word' id='word_1_67' title='bbox 580 848 691 905; x_wconf 76' lang='lat' dir='ltr'>illae</span> <span class='ocrx_word' id='word_1_68' title='bbox 716 849 1197 925; x_wconf 80' lang='lat' dir='ltr'>quoquefraudis</span> <span class='ocrx_word' id='word_1_69' title='bbox 1216 865 1339 905; x_wconf 83' lang='lat' dir='ltr'>suae</span> <span class='ocrx_word' id='word_1_70' title='bbox 1368 864 1578 921; x_wconf 67' lang='lat' dir='ltr'>poenas</span> <span class='ocrx_word' id='word_1_71' title='bbox 1594 849 1842 905; x_wconf 88' lang='lat' dir='ltr'>luerent.</span> <span class='ocrx_word' id='word_1_72' title='bbox 1858 852 2084 905; x_wconf 85' lang='lat' dir='ltr'>Marcus</span> <span class='ocrx_word' id='word_1_73' title='bbox 2109 863 2197 903; x_wconf 87' lang='lat' dir='ltr'>ver</span> 
     </span>
    </p>
   </div>
   <div class='ocr_carea' id='block_1_13' title="bbox 2333 847 3950 928">
    <p class='ocr_par' dir='ltr' id='par_1_13' title="bbox 2358 847 3950 928">
     <span class='ocr_line' id='line_1_13' title="bbox 2358 847 3950 928; baseline 0.003 -29"><span class='ocrx_word' id='word_1_74' title='bbox 2358 851 2439 900; x_wconf 86' lang='grc' dir='ltr'>ἱνα</span> <span class='ocrx_word' id='word_1_75' title='bbox 2477 854 2565 900; x_wconf 81' lang='grc' dir='ltr'>καὶ</span> <span class='ocrx_word' id='word_1_76' title='bbox 2608 858 2704 910; x_wconf 84' lang='grc' dir='ltr'>τῆς</span> <span class='ocrx_word' id='word_1_77' title='bbox 2734 852 2928 901; x_wconf 81' lang='grc' dir='ltr'>τούτων</span> <span class='ocrx_word' id='word_1_78' title='bbox 2968 848 3169 911; x_wconf 78' lang='grc' dir='ltr'>ἀπάτης</span> <span class='ocrx_word' id='word_1_79' title='bbox 3215 847 3369 909; x_wconf 76' lang='grc' dir='ltr'>δίκην</span> <span class='ocrx_word' id='word_1_80' title='bbox 3412 851 3770 909; x_wconf 83' lang='grc' dir='ltr'>ἀπαιτηθῶσι.</span> <span class='ocrx_word' id='word_1_81' title='bbox 3807 855 3950 928; x_wconf 80' lang='grc' dir='ltr'>Μάρ-</span> 
     </span>
    </p>
   </div>
   <div class='ocr_carea' id='block_1_14' title="bbox 582 934 2199 1014">
    <p class='ocr_par' dir='ltr' id='par_1_14' title="bbox 582 938 2191 1014">
     <span class='ocr_line' id='line_1_14' title="bbox 582 938 2191 1014; baseline -0.001 -19"><span class='ocrx_word' id='word_1_82' title='bbox 582 939 736 1008; x_wconf 84' lang='lat' dir='ltr'>dicit,</span> <span class='ocrx_word' id='word_1_83' title='bbox 752 941 919 1014; x_wconf 89' lang='lat' dir='ltr'>quod</span> <span class='ocrx_word' id='word_1_84' title='bbox 931 940 1380 997; x_wconf 79' lang='lat' dir='ltr'>concitaverunt</span> <span class='ocrx_word' id='word_1_85' title='bbox 1393 938 1513 995; x_wconf 85' lang='lat' dir='ltr'>sive</span> <span class='ocrx_word' id='word_1_86' title='bbox 1526 939 1902 1010; x_wconf 89' lang='lat' dir='ltr'>agitaverunt</span> <span class='ocrx_word' id='word_1_87' title='bbox 1916 938 2156 994; x_wconf 85' lang='lat' dir='ltr'>turbam</span> <span class='ocrx_word' id='word_1_88' title='bbox 2176 938 2191 972; x_wconf 71' lang='grc'>1</span> 
     </span>
    </p>
   </div>
   <div class='ocr_carea' id='block_1_15' title="bbox 2333 934 3950 1014">
    <p class='ocr_par' dir='ltr' id='par_1_15' title="bbox 2356 934 3950 1013">
     <span class='ocr_line' id='line_1_15' title="bbox 2356 934 3950 1013; baseline 0.003 -24"><span class='ocrx_word' id='word_1_89' title='bbox 2356 958 2445 999; x_wconf 86' lang='grc' dir='ltr'>κος</span> <span class='ocrx_word' id='word_1_90' title='bbox 2497 934 2557 990; x_wconf 70' lang='grc' dir='ltr'><em>δέ</em></span> <span class='ocrx_word' id='word_1_91' title='bbox 2618 958 2775 1010; x_wconf 73' lang='grc' dir='ltr'>φησιν</span> <span class='ocrx_word' id='word_1_92' title='bbox 2835 941 2913 991; x_wconf 84' lang='grc' dir='ltr'>ὅτι</span> <span class='ocrx_word' id='word_1_93' title='bbox 2962 937 3232 992; x_wconf 79' lang='grc' dir='ltr'>ἀνέσεισαν</span> <span class='ocrx_word' id='word_1_94' title='bbox 3288 944 3373 993; x_wconf 88' lang='grc' dir='ltr'>τὸν</span> <span class='ocrx_word' id='word_1_95' title='bbox 3413 940 3590 1013; x_wconf 78' lang='grc' dir='ltr'>ὄχλον,</span> <span class='ocrx_word' id='word_1_96' title='bbox 3647 946 3828 1013; x_wconf 81' lang='grc' dir='ltr'>ἤγουν,</span> <span class='ocrx_word' id='word_1_97' title='bbox 3871 941 3950 994; x_wconf 86' lang='grc' dir='ltr'>ἀν-</span> 
     </span>
    </p>
   </div>
   <div class='ocr_carea' id='block_1_16' title="bbox 2356 1032 2617 1086">
    <p class='ocr_par' dir='ltr' id='par_1_16' title="bbox 2356 1032 2617 1086">
     <span class='ocr_line' id='line_1_16' title="bbox 2356 1032 2617 1086; baseline 0.004 -6"><span class='ocrx_word' id='word_1_98' title='bbox 2356 1032 2494 1086; x_wconf 84' lang='grc' dir='ltr'>εκίνη</span> <span class='ocrx_word' id='word_1_99' title='bbox 2504 1046 2617 1081; x_wconf 90' lang='grc' dir='ltr'>σαν.</span> 
     </span>
    </p>
   </div>
   <div class='ocr_carea' id='block_1_17' title="bbox 652 1115 2269 1193">
    <p class='ocr_par' dir='ltr' id='par_1_17' title="bbox 652 1115 2248 1189">
     <span class='ocr_line' id='line_1_17' title="bbox 652 1115 2248 1189; baseline 0 -16"><span class='ocrx_word' id='word_1_100' title='bbox 652 1121 815 1176; x_wconf 86' lang='lat' dir='ltr'>Vers.</span> <span class='ocrx_word' id='word_1_101' title='bbox 835 1120 924 1176; x_wconf 82' lang='grc'>21.</span> <span class='ocrx_word' id='word_1_102' title='bbox 948 1118 1319 1189; x_wconf 79' lang='lat' dir='ltr'>Respondens</span> <span class='ocrx_word' id='word_1_103' title='bbox 1334 1149 1400 1158; x_wconf 91' lang='lat'><em>—</em></span> <span class='ocrx_word' id='word_1_104' title='bbox 1415 1116 1575 1174; x_wconf 85' lang='lat' dir='ltr'>vobis</span> <span class='ocrx_word' id='word_1_105' title='bbox 1597 1117 1624 1172; x_wconf 76' lang='lat' dir='ltr'>‘t</span> <span class='ocrx_word' id='word_1_106' title='bbox 1646 1115 1907 1172; x_wconf 86' lang='lat' dir='ltr'>Primum</span> <span class='ocrx_word' id='word_1_107' title='bbox 1922 1116 2248 1184; x_wconf 75' lang='lat' dir='ltr'>interroga~</span> 
     </span>
    </p>
   </div>
   <div class='ocr_carea' id='block_1_18' title="bbox 2333 1115 3950 1193">
    <p class='ocr_par' dir='ltr' id='par_1_18' title="bbox 2426 1117 3950 1193">
     <span class='ocr_line' id='line_1_18' title="bbox 2426 1117 3950 1193; baseline 0.003 -24"><span class='ocrx_word' id='word_1_108' title='bbox 2426 1117 2753 1191; x_wconf 77' lang='grc' dir='ltr'>Ἀποκριθεὶς</span> <span class='ocrx_word' id='word_1_109' title='bbox 2807 1149 2875 1157; x_wconf 90' lang='lat'><strong>—</strong></span> <span class='ocrx_word' id='word_1_110' title='bbox 2936 1120 3057 1190; x_wconf 83' lang='grc' dir='ltr'>ὑμῖν</span> <span class='ocrx_word' id='word_1_111' title='bbox 3115 1137 3127 1187; x_wconf 93' lang='grc'>;</span> <span class='ocrx_word' id='word_1_112' title='bbox 3195 1118 3462 1193; x_wconf 82' lang='grc' dir='ltr'>Ἠρωτησε</span> <span class='ocrx_word' id='word_1_113' title='bbox 3516 1128 3740 1193; x_wconf 86' lang='grc' dir='ltr'>πρῶτον,</span> <span class='ocrx_word' id='word_1_114' title='bbox 3808 1124 3950 1173; x_wconf 79' lang='grc' dir='ltr'>οὔπω</span> 
     </span>
    </p>
   </div>
   <div class='ocr_carea' id='block_1_19' title="bbox 577 1205 2194 1282">
    <p class='ocr_par' dir='ltr' id='par_1_19' title="bbox 577 1206 2194 1282">
     <span class='ocr_line' id='line_1_19' title="bbox 577 1206 2194 1282; baseline -0.003 -17"><span class='ocrx_word' id='word_1_115' title='bbox 577 1213 759 1278; x_wconf 89' lang='lat' dir='ltr'>verat,</span> <span class='ocrx_word' id='word_1_116' title='bbox 788 1208 894 1265; x_wconf 90' lang='lat' dir='ltr'>sed</span> <span class='ocrx_word' id='word_1_117' title='bbox 918 1214 1245 1282; x_wconf 86' lang='lat' dir='ltr'>antequam</span> <span class='ocrx_word' id='word_1_118' title='bbox 1269 1206 1668 1280; x_wconf 77' lang='lat' dir='ltr'>respondisset</span> <span class='ocrx_word' id='word_1_119' title='bbox 1691 1210 2021 1278; x_wconf 90' lang='lat' dir='ltr'>occupatus</span> <span class='ocrx_word' id='word_1_120' title='bbox 2049 1210 2135 1261; x_wconf 91' lang='lat' dir='ltr'>est</span> <span class='ocrx_word' id='word_1_121' title='bbox 2166 1221 2194 1260; x_wconf 90' lang='lat' dir='ltr'>a</span> 
     </span>
    </p>
   </div>
   <div class='ocr_carea' id='block_1_20' title="bbox 2336 1205 3953 1282">
    <p class='ocr_par' dir='ltr' id='par_1_20' title="bbox 2356 1205 3953 1282">
     <span class='ocr_line' id='line_1_20' title="bbox 2356 1205 3953 1282; baseline 0.001 -22"><span class='ocrx_word' id='word_1_122' title='bbox 2356 1205 2415 1261; x_wconf 78' lang='grc' dir='ltr'>δὲ</span> <span class='ocrx_word' id='word_1_123' title='bbox 2473 1206 2873 1281; x_wconf 81' lang='grc' dir='ltr'>ἀποκριθέντων,</span> <span class='ocrx_word' id='word_1_124' title='bbox 2942 1206 3263 1280; x_wconf 80' lang='grc' dir='ltr'>ἀσχοληθεὶς</span> <span class='ocrx_word' id='word_1_125' title='bbox 3314 1212 3441 1281; x_wconf 89' lang='grc' dir='ltr'>πρὸς</span> <span class='ocrx_word' id='word_1_126' title='bbox 3491 1213 3549 1262; x_wconf 88' lang='grc' dir='ltr'>τὸ</span> <span class='ocrx_word' id='word_1_127' title='bbox 3603 1214 3820 1282; x_wconf 81' lang='grc' dir='ltr'>μήνυμα</span> <span class='ocrx_word' id='word_1_128' title='bbox 3865 1221 3953 1273; x_wconf 84' lang='grc' dir='ltr'>τῆς</span> 
     </span>
    </p>
   </div>
   <div class='ocr_carea' id='block_1_21' title="bbox 573 1294 2190 1374">
    <p class='ocr_par' dir='ltr' id='par_1_21' title="bbox 573 1294 2190 1369">
     <span class='ocr_line' id='line_1_21' title="bbox 573 1294 2190 1369; baseline -0.002 -16"><span class='ocrx_word' id='word_1_129' title='bbox 573 1298 1021 1369; x_wconf 81' lang='lat' dir='ltr'>suggestionem</span> <span class='ocrx_word' id='word_1_130' title='bbox 1052 1296 1254 1353; x_wconf 82' lang='lat' dir='ltr'>uxoris</span> <span class='ocrx_word' id='word_1_131' title='bbox 1286 1312 1410 1353; x_wconf 78' lang='lat' dir='ltr'>suae</span> <span class='ocrx_word' id='word_1_132' title='bbox 1449 1313 1460 1351; x_wconf 96' lang='lat'>:</span> <span class='ocrx_word' id='word_1_133' title='bbox 1486 1296 1688 1369; x_wconf 85' lang='lat' dir='ltr'>itaque</span> <span class='ocrx_word' id='word_1_134' title='bbox 1729 1311 1891 1352; x_wconf 92' lang='lat' dir='ltr'>nunc</span> <span class='ocrx_word' id='word_1_135' title='bbox 1920 1311 2127 1351; x_wconf 87' lang='lat' dir='ltr'>rursus</span> <span class='ocrx_word' id='word_1_136' title='bbox 2158 1294 2190 1350; x_wconf 83' lang='lat' dir='ltr'>i1</span> 
     </span>
    </p>
   </div>
   <div class='ocr_carea' id='block_1_22' title="bbox 2115 1294 3732 1374">
    <p class='ocr_par' dir='ltr' id='par_1_22' title="bbox 2115 1294 3732 1374">
     <span class='ocr_line' id='line_1_22' title="bbox 2115 1294 3732 1374; baseline 0.001 -25"><span class='ocrx_word' id='word_1_137' title='bbox 2115 1312 2127 1349; x_wconf 72' lang='grc' dir='ltr'><strong>ς</strong></span> <span class='ocrx_word' id='word_1_138' title='bbox 2158 1294 2242 1350; x_wconf 89' lang='lat' dir='ltr'>in-</span> <span class='ocrx_word' id='word_1_139' title='bbox 2352 1301 2601 1369; x_wconf 83' lang='grc' dir='ltr'>γυναικὸς</span> <span class='ocrx_word' id='word_1_140' title='bbox 2630 1296 2811 1361; x_wconf 73' lang='grc' dir='ltr'>αὐτοῦ,</span> <span class='ocrx_word' id='word_1_141' title='bbox 2843 1296 2996 1349; x_wconf 76' lang='grc' dir='ltr'>πάλιν</span> <span class='ocrx_word' id='word_1_142' title='bbox 3024 1297 3296 1352; x_wconf 64' lang='grc' dir='ltr'>ἐπανελαϐε</span> <span class='ocrx_word' id='word_1_143' title='bbox 3330 1298 3421 1357; x_wconf 80' lang='grc' dir='ltr'>τὴν</span> <span class='ocrx_word' id='word_1_144' title='bbox 3452 1297 3732 1374; x_wconf 81' lang='grc' dir='ltr'>ἐρώτησιν,</span> 
     </span>
    </p>
   </div>
   <div class='ocr_carea' id='block_1_23' title="bbox 573 1386 1297 1461">
    <p class='ocr_par' dir='ltr' id='par_1_23' title="bbox 573 1386 1297 1461">
     <span class='ocr_line' id='line_1_23' title="bbox 573 1386 1297 1461; baseline -0.001 -18"><span class='ocrx_word' id='word_1_145' title='bbox 573 1388 1037 1459; x_wconf 85' lang='lat' dir='ltr'>terrogationem</span> <span class='ocrx_word' id='word_1_146' title='bbox 1064 1386 1297 1461; x_wconf 87' lang='lat' dir='ltr'>repetit.</span> 
     </span>
    </p>
   </div>
   <div class='ocr_carea' id='block_1_24' title="bbox 644 1473 2261 1550">
    <p class='ocr_par' dir='ltr' id='par_1_24' title="bbox 644 1475 2237 1533">
     <span class='ocr_line' id='line_1_24' title="bbox 644 1475 2237 1533; baseline -0.002 -1"><span class='ocrx_word' id='word_1_147' title='bbox 644 1479 808 1533; x_wconf 89' lang='lat' dir='ltr'>Vers.</span> <span class='ocrx_word' id='word_1_148' title='bbox 837 1476 925 1531; x_wconf 75' lang='lat'>21.</span> <span class='ocrx_word' id='word_1_149' title='bbox 953 1479 1033 1533; x_wconf 88' lang='lat' dir='ltr'>At</span> <span class='ocrx_word' id='word_1_150' title='bbox 1056 1477 1153 1533; x_wconf 77' lang='lat' dir='ltr'>illi</span> <span class='ocrx_word' id='word_1_151' title='bbox 1165 1476 1606 1533; x_wconf 79' lang='lat' dir='ltr'>-—Barabbam.</span> <span class='ocrx_word' id='word_1_152' title='bbox 1641 1475 1798 1531; x_wconf 91' lang='lat' dir='ltr'>Sicut</span> <span class='ocrx_word' id='word_1_153' title='bbox 1826 1475 2020 1532; x_wconf 90' lang='lat' dir='ltr'>edocti</span> <span class='ocrx_word' id='word_1_154' title='bbox 2051 1479 2237 1532; x_wconf 89' lang='lat' dir='ltr'>erant.</span> 
     </span>
    </p>
   </div>
   <div class='ocr_carea' id='block_1_25' title="bbox 1916 1473 3533 1550">
    <p class='ocr_par' dir='ltr' id='par_1_25' title="bbox 1916 1473 3533 1550">
     <span class='ocr_line' id='line_1_25' title="bbox 1916 1473 3533 1550; baseline -0.001 -19"><span class='ocrx_word' id='word_1_155' title='bbox 1916 1476 2020 1532; x_wconf 76' lang='lat' dir='ltr'>)cti</span> <span class='ocrx_word' id='word_1_156' title='bbox 2051 1479 2237 1532; x_wconf 89' lang='lat' dir='ltr'>erant.</span> <span class='ocrx_word' id='word_1_157' title='bbox 2423 1478 2488 1530; x_wconf 80' lang='lat' dir='ltr'>Oi</span> <span class='ocrx_word' id='word_1_158' title='bbox 2520 1473 2579 1529; x_wconf 73' lang='grc' dir='ltr'>δὲ</span> <span class='ocrx_word' id='word_1_159' title='bbox 2612 1507 2674 1516; x_wconf 93' lang='grc'><strong><em>-</em></strong></span> <span class='ocrx_word' id='word_1_160' title='bbox 2702 1474 2993 1550; x_wconf 77' lang='grc' dir='ltr'>Βαραϐϐᾶν.</span> <span class='ocrx_word' id='word_1_161' title='bbox 3027 1476 3114 1539; x_wconf 73' lang='grc' dir='ltr'>Ὠς</span> <span class='ocrx_word' id='word_1_162' title='bbox 3136 1473 3533 1549; x_wconf 72' lang='grc' dir='ltr'>ἐδιδάχθησαν.</span> 
     </span>
    </p>
   </div>
   <div class='ocr_carea' id='block_1_26' title="bbox 642 1564 2259 1640">
    <p class='ocr_par' dir='ltr' id='par_1_26' title="bbox 642 1565 2239 1638">
     <span class='ocr_line' id='line_1_26' title="bbox 642 1565 2239 1638; baseline -0.001 -15"><span class='ocrx_word' id='word_1_163' title='bbox 642 1566 809 1623; x_wconf 84' lang='lat' dir='ltr'>Vers.</span> <span class='ocrx_word' id='word_1_164' title='bbox 843 1567 931 1622; x_wconf 74' lang='grc'>22.</span> <span class='ocrx_word' id='word_1_165' title='bbox 971 1568 1075 1623; x_wconf 76' lang='lat' dir='ltr'>Ait</span> <span class='ocrx_word' id='word_1_166' title='bbox 1111 1599 1179 1606; x_wconf 99' lang='lat'>—</span> <span class='ocrx_word' id='word_1_167' title='bbox 1211 1566 1486 1623; x_wconf 80' lang='lat' dir='ltr'>Christus</span> <span class='ocrx_word' id='word_1_168' title='bbox 1523 1565 1551 1621; x_wconf 81' lang='lat'>?</span> <span class='ocrx_word' id='word_1_169' title='bbox 1607 1567 1723 1638; x_wconf 88' lang='lat' dir='ltr'>Spe</span> <span class='ocrx_word' id='word_1_170' title='bbox 1772 1566 2087 1623; x_wconf 85' lang='lat' dir='ltr'>frustratus</span> <span class='ocrx_word' id='word_1_171' title='bbox 2118 1583 2239 1622; x_wconf 89' lang='lat' dir='ltr'>rur-</span> 
     </span>
    </p>
   </div>
   <div class='ocr_carea' id='block_1_27' title="bbox 2333 1564 3950 1640">
    <p class='ocr_par' dir='ltr' id='par_1_27' title="bbox 2422 1564 3950 1640">
     <span class='ocr_line' id='line_1_27' title="bbox 2422 1564 3950 1640; baseline 0 -21"><span class='ocrx_word' id='word_1_172' title='bbox 2422 1571 2575 1636; x_wconf 84' lang='grc' dir='ltr'>Λέγει</span> <span class='ocrx_word' id='word_1_173' title='bbox 2650 1597 2717 1607; x_wconf 93' lang='lat'><strong>—</strong></span> <span class='ocrx_word' id='word_1_174' title='bbox 2787 1570 3013 1640; x_wconf 84' lang='grc' dir='ltr'>Χριστόν</span> <span class='ocrx_word' id='word_1_175' title='bbox 3076 1584 3088 1633; x_wconf 90' lang='grc'>;</span> <span class='ocrx_word' id='word_1_176' title='bbox 3158 1567 3501 1639; x_wconf 78' lang='grc' dir='ltr'>Ἀστοχησας</span> <span class='ocrx_word' id='word_1_177' title='bbox 3565 1575 3661 1630; x_wconf 82' lang='grc' dir='ltr'>τῆς</span> <span class='ocrx_word' id='word_1_178' title='bbox 3721 1564 3950 1638; x_wconf 78' lang='grc' dir='ltr'>ἐλπίδος,</span> 
     </span>
    </p>
   </div>
   <div class='ocr_carea' id='block_1_28' title="bbox 574 1655 2191 1731">
    <p class='ocr_par' dir='ltr' id='par_1_28' title="bbox 574 1656 2191 1729">
     <span class='ocr_line' id='line_1_28' title="bbox 574 1656 2191 1729; baseline 0 -18"><span class='ocrx_word' id='word_1_179' title='bbox 574 1672 710 1712; x_wconf 90' lang='lat' dir='ltr'>sum</span> <span class='ocrx_word' id='word_1_180' title='bbox 740 1657 815 1713; x_wconf 93' lang='lat' dir='ltr'>de</span> <span class='ocrx_word' id='word_1_181' title='bbox 848 1672 918 1713; x_wconf 92' lang='lat' dir='ltr'>eo</span> <span class='ocrx_word' id='word_1_182' title='bbox 957 1657 1299 1727; x_wconf 84' lang='lat' dir='ltr'>interrogat,</span> <span class='ocrx_word' id='word_1_183' title='bbox 1346 1672 1578 1729; x_wconf 89' lang='lat' dir='ltr'>ponens</span> <span class='ocrx_word' id='word_1_184' title='bbox 1609 1672 1736 1711; x_wconf 89' lang='lat' dir='ltr'>rem</span> <span class='ocrx_word' id='word_1_185' title='bbox 1776 1658 1835 1711; x_wconf 89' lang='lat' dir='ltr'>in</span> <span class='ocrx_word' id='word_1_186' title='bbox 1867 1656 2104 1712; x_wconf 87' lang='lat' dir='ltr'>illorum</span> <span class='ocrx_word' id='word_1_187' title='bbox 2136 1672 2191 1728; x_wconf 72' lang='lat' dir='ltr'>pi</span> 
     </span>
    </p>
   </div>
   <div class='ocr_carea' id='block_1_29' title="bbox 2335 1655 3952 1731">
    <p class='ocr_par' dir='ltr' id='par_1_29' title="bbox 2350 1655 3952 1731">
     <span class='ocr_line' id='line_1_29' title="bbox 2350 1655 3952 1731; baseline 0.001 -23"><span class='ocrx_word' id='word_1_188' title='bbox 2350 1655 2515 1731; x_wconf 74' lang='grc' dir='ltr'>ἐρωτᾷ</span> <span class='ocrx_word' id='word_1_189' title='bbox 2568 1655 2719 1707; x_wconf 73' lang='grc' dir='ltr'>πάλιν</span> <span class='ocrx_word' id='word_1_190' title='bbox 2772 1660 2889 1729; x_wconf 86' lang='grc' dir='ltr'>περὶ</span> <span class='ocrx_word' id='word_1_191' title='bbox 2934 1656 3115 1722; x_wconf 76' lang='grc' dir='ltr'>αὐτοῦ,</span> <span class='ocrx_word' id='word_1_192' title='bbox 3176 1662 3265 1709; x_wconf 86' lang='grc' dir='ltr'>καὶ</span> <span class='ocrx_word' id='word_1_193' title='bbox 3322 1662 3531 1731; x_wconf 80' lang='grc' dir='ltr'>κυρίους</span> <span class='ocrx_word' id='word_1_194' title='bbox 3589 1657 3777 1719; x_wconf 73' lang='grc' dir='ltr'>αὐτοὺς</span> <span class='ocrx_word' id='word_1_195' title='bbox 3838 1678 3952 1710; x_wconf 86' lang='grc' dir='ltr'>ποι-</span> 
     </span>
    </p>
   </div>
   <div class='ocr_carea' id='block_1_30' title="bbox 570 1745 2187 1821">
    <p class='ocr_par' dir='ltr' id='par_1_30' title="bbox 570 1745 2183 1818">
     <span class='ocr_line' id='line_1_30' title="bbox 570 1745 2183 1818; baseline -0.001 -17"><span class='ocrx_word' id='word_1_196' title='bbox 570 1749 807 1802; x_wconf 86' lang='lat' dir='ltr'>testate:</span> <span class='ocrx_word' id='word_1_197' title='bbox 832 1747 913 1802; x_wconf 89' lang='lat' dir='ltr'>ita</span> <span class='ocrx_word' id='word_1_198' title='bbox 939 1745 1238 1818; x_wconf 88' lang='lat' dir='ltr'>obsequio</span> <span class='ocrx_word' id='word_1_199' title='bbox 1264 1745 1395 1802; x_wconf 88' lang='lat' dir='ltr'>illos</span> <span class='ocrx_word' id='word_1_200' title='bbox 1423 1751 1674 1818; x_wconf 87' lang='lat' dir='ltr'>captans</span> <span class='ocrx_word' id='word_1_201' title='bbox 1703 1762 1773 1801; x_wconf 92' lang='lat' dir='ltr'>ac</span> <span class='ocrx_word' id='word_1_202' title='bbox 1797 1745 2096 1816; x_wconf 84' lang='lat' dir='ltr'>mitigans,</span> <span class='ocrx_word' id='word_1_203' title='bbox 2123 1746 2183 1817; x_wconf 92' lang='lat' dir='ltr'>ip</span> 
     </span>
    </p>
   </div>
   <div class='ocr_carea' id='block_1_31' title="bbox 2332 1745 3949 1821">
    <p class='ocr_par' dir='ltr' id='par_1_31' title="bbox 2349 1745 3949 1819">
     <span class='ocr_line' id='line_1_31' title="bbox 2349 1745 3949 1819; baseline 0.001 -22"><span class='ocrx_word' id='word_1_204' title='bbox 2349 1753 2479 1797; x_wconf 84' lang='grc' dir='ltr'>εἷται</span> <span class='ocrx_word' id='word_1_205' title='bbox 2497 1752 2587 1796; x_wconf 75' lang='grc' dir='ltr'>τοῦ</span> <span class='ocrx_word' id='word_1_206' title='bbox 2617 1746 2940 1819; x_wconf 70' lang='grc' dir='ltr'>πράγματος,</span> <span class='ocrx_word' id='word_1_207' title='bbox 2970 1747 3261 1819; x_wconf 77' lang='grc' dir='ltr'>θεραπεύων</span> <span class='ocrx_word' id='word_1_208' title='bbox 3281 1745 3415 1799; x_wconf 73' lang='grc' dir='ltr'>οὓτω</span> <span class='ocrx_word' id='word_1_209' title='bbox 3437 1750 3526 1799; x_wconf 84' lang='grc' dir='ltr'>καὶ</span> <span class='ocrx_word' id='word_1_210' title='bbox 3557 1745 3949 1819; x_wconf 80' lang='grc' dir='ltr'>μειλισσόμενος</span> 
     </span>
    </p>
   </div>
   <div class='ocr_carea' id='block_1_32' title="bbox 569 1831 2186 1908">
    <p class='ocr_par' dir='ltr' id='par_1_32' title="bbox 569 1838 1606 1908">
     <span class='ocr_line' id='line_1_32' title="bbox 569 1838 1606 1908; baseline -0.002 -17"><span class='ocrx_word' id='word_1_211' title='bbox 569 1839 770 1891; x_wconf 87' lang='lat' dir='ltr'>tamen</span> <span class='ocrx_word' id='word_1_212' title='bbox 806 1850 972 1908; x_wconf 66' lang='lat' dir='ltr'>usque</span> <span class='ocrx_word' id='word_1_213' title='bbox 1012 1838 1205 1891; x_wconf 90' lang='lat' dir='ltr'>truces</span> <span class='ocrx_word' id='word_1_214' title='bbox 1230 1839 1606 1907; x_wconf 87' lang='lat' dir='ltr'>permanent.</span> 
     </span>
    </p>
   </div>
   <div class='ocr_carea' id='block_1_33' title="bbox 1687 1831 3304 1908">
    <p class='ocr_par' dir='ltr' id='par_1_33' title="bbox 2347 1831 3304 1907">
     <span class='ocr_line' id='line_1_33' title="bbox 2347 1831 3304 1907; baseline 0.001 -20"><span class='ocrx_word' id='word_1_215' title='bbox 2347 1835 2550 1894; x_wconf 83' lang='grc' dir='ltr'>αύτούς·</span> <span class='ocrx_word' id='word_1_216' title='bbox 2581 1831 2719 1905; x_wconf 42' lang='grc' dir='ltr'>οὶξὸε</span> <span class='ocrx_word' id='word_1_217' title='bbox 2748 1838 2989 1907; x_wconf 83' lang='grc' dir='ltr'>μένουσιν</span> <span class='ocrx_word' id='word_1_218' title='bbox 3022 1832 3304 1888; x_wconf 75' lang='grc' dir='ltr'>ἀνένὸοτοι.</span> 
     </span>
    </p>
   </div>
   <div class='ocr_carea' id='block_1_34' title="bbox 638 1922 2255 1998">
    <p class='ocr_par' dir='ltr' id='par_1_34' title="bbox 638 1922 2235 1994">
     <span class='ocr_line' id='line_1_34' title="bbox 638 1922 2235 1994; baseline -0.001 -15"><span class='ocrx_word' id='word_1_219' title='bbox 638 1923 803 1980; x_wconf 90' lang='lat' dir='ltr'>Vers.</span> <span class='ocrx_word' id='word_1_220' title='bbox 820 1928 909 1980; x_wconf 84' lang='lat'>22.</span> <span class='ocrx_word' id='word_1_221' title='bbox 931 1924 1233 1980; x_wconf 82' lang='lat' dir='ltr'>Dicunt—</span> <span class='ocrx_word' id='word_1_222' title='bbox 1251 1922 1679 1994; x_wconf 77' lang='lat' dir='ltr'>Cruciﬁgatur.</span> <span class='ocrx_word' id='word_1_223' title='bbox 1707 1924 1946 1986; x_wconf 88' lang='lat' dir='ltr'>Omnes,</span> <span class='ocrx_word' id='word_1_224' title='bbox 1967 1938 2090 1978; x_wconf 91' lang='lat' dir='ltr'>non</span> <span class='ocrx_word' id='word_1_225' title='bbox 2118 1925 2235 1978; x_wconf 84' lang='lat' dir='ltr'>tur-</span> 
     </span>
    </p>
   </div>
   <div class='ocr_carea' id='block_1_35' title="bbox 2336 1922 3953 1998">
    <p class='ocr_par' dir='ltr' id='par_1_35' title="bbox 2417 1925 3953 1998">
     <span class='ocr_line' id='line_1_35' title="bbox 2417 1925 3953 1998; baseline 0 -21"><span class='ocrx_word' id='word_1_226' title='bbox 2417 1930 2675 1995; x_wconf 79' lang='grc' dir='ltr'>Λέγουσιν</span> <span class='ocrx_word' id='word_1_227' title='bbox 2724 1955 2792 1963; x_wconf 90' lang='grc'><strong>-</strong></span> <span class='ocrx_word' id='word_1_228' title='bbox 2859 1926 3235 1996; x_wconf 76' lang='grc' dir='ltr'>Σταυρωθήτω,</span> <span class='ocrx_word' id='word_1_229' title='bbox 3292 1927 3496 1991; x_wconf 76' lang='grc' dir='ltr'>Πάντες,</span> <span class='ocrx_word' id='word_1_230' title='bbox 3553 1925 3659 1997; x_wconf 77' lang='grc' dir='ltr'>οὐχ</span> <span class='ocrx_word' id='word_1_231' title='bbox 3708 1927 3757 1977; x_wconf 83' lang='grc' dir='ltr'>οἱ</span> <span class='ocrx_word' id='word_1_232' title='bbox 3797 1926 3953 1998; x_wconf 79' lang='grc' dir='ltr'>ὄχλοι</span> 
     </span>
    </p>
   </div>
   <div class='ocr_carea' id='block_1_36' title="bbox 563 2012 2180 2088">
    <p class='ocr_par' dir='ltr' id='par_1_36' title="bbox 563 2012 2179 2084">
     <span class='ocr_line' id='line_1_36' title="bbox 563 2012 2179 2084; baseline -0.002 -14"><span class='ocrx_word' id='word_1_233' title='bbox 563 2013 659 2070; x_wconf 71' lang='lat' dir='ltr'>bm</span> <span class='ocrx_word' id='word_1_234' title='bbox 684 2012 902 2080; x_wconf 83' lang='lat' dir='ltr'>solum,</span> <span class='ocrx_word' id='word_1_235' title='bbox 928 2013 1035 2069; x_wconf 88' lang='lat' dir='ltr'>sed</span> <span class='ocrx_word' id='word_1_236' title='bbox 1056 2018 1111 2068; x_wconf 92' lang='lat' dir='ltr'>et</span> <span class='ocrx_word' id='word_1_237' title='bbox 1138 2013 1439 2084; x_wconf 86' lang='lat' dir='ltr'>principes</span> <span class='ocrx_word' id='word_1_238' title='bbox 1468 2012 1843 2067; x_wconf 89' lang='lat' dir='ltr'>sacerdotum</span> <span class='ocrx_word' id='word_1_239' title='bbox 1872 2018 1926 2067; x_wconf 91' lang='lat' dir='ltr'>et</span> <span class='ocrx_word' id='word_1_240' title='bbox 1949 2012 2179 2067; x_wconf 89' lang='lat' dir='ltr'>seniore</span> 
     </span>
    </p>
   </div>
   <div class='ocr_carea' id='block_1_37' title="bbox 2337 2012 3954 2088">
    <p class='ocr_par' dir='ltr' id='par_1_37' title="bbox 2344 2012 3954 2088">
     <span class='ocr_line' id='line_1_37' title="bbox 2344 2012 3954 2088; baseline 0.002 -23"><span class='ocrx_word' id='word_1_241' title='bbox 2344 2017 2511 2085; x_wconf 66' lang='grc' dir='ltr'>μόνοι,</span> <span class='ocrx_word' id='word_1_242' title='bbox 2556 2012 2684 2064; x_wconf 84' lang='grc' dir='ltr'>ἀλλὰ</span> <span class='ocrx_word' id='word_1_243' title='bbox 2721 2019 2811 2064; x_wconf 86' lang='grc' dir='ltr'>καὶ</span> <span class='ocrx_word' id='word_1_244' title='bbox 2844 2016 2891 2064; x_wconf 83' lang='grc' dir='ltr'>οἱ</span> <span class='ocrx_word' id='word_1_245' title='bbox 2932 2012 3212 2088; x_wconf 79' lang='grc' dir='ltr'>ἀρχιερεῖς,</span> <span class='ocrx_word' id='word_1_246' title='bbox 3246 2019 3336 2067; x_wconf 86' lang='grc' dir='ltr'>καὶ</span> <span class='ocrx_word' id='word_1_247' title='bbox 3367 2017 3415 2066; x_wconf 82' lang='grc' dir='ltr'>οἱ</span> <span class='ocrx_word' id='word_1_248' title='bbox 3446 2013 3804 2088; x_wconf 81' lang='grc' dir='ltr'>πρεσϐύτεροι.</span> <span class='ocrx_word' id='word_1_249' title='bbox 3856 2021 3954 2069; x_wconf 76' lang='grc' dir='ltr'>Καὶ</span> 
     </span>
    </p>
   </div>
   <div class='ocr_carea' id='block_1_38' title="bbox 561 2091 2178 2177">
    <p class='ocr_par' dir='ltr' id='par_1_38' title="bbox 561 2091 2178 2172">
     <span class='ocr_line' id='line_1_38' title="bbox 561 2091 2178 2172; baseline -0.001 -14"><span class='ocrx_word' id='word_1_250' title='bbox 561 2105 677 2159; x_wconf 89' lang='lat' dir='ltr'>Nec</span> <span class='ocrx_word' id='word_1_251' title='bbox 703 2102 911 2159; x_wconf 89' lang='lat' dir='ltr'>dicunt</span> <span class='ocrx_word' id='word_1_252' title='bbox 943 2102 1301 2172; x_wconf 87' lang='lat' dir='ltr'>:Occidatur,</span> <span class='ocrx_word' id='word_1_253' title='bbox 1334 2100 1441 2158; x_wconf 93' lang='lat' dir='ltr'>sed</span> <span class='ocrx_word' id='word_1_254' title='bbox 1492 2091 1937 2172; x_wconf 79' lang='lat' dir='ltr'>:Cruciﬁgatur,</span> <span class='ocrx_word' id='word_1_255' title='bbox 1993 2106 2057 2157; x_wconf 89' lang='lat' dir='ltr'>ut</span> <span class='ocrx_word' id='word_1_256' title='bbox 2082 2118 2178 2157; x_wconf 93' lang='lat' dir='ltr'>mo</span> 
     </span>
    </p>
   </div>
   <div class='ocr_carea' id='block_1_39' title="bbox 2336 2091 3953 2177">
    <p class='ocr_par' dir='ltr' id='par_1_39' title="bbox 2345 2102 3953 2177">
     <span class='ocr_line' id='line_1_39' title="bbox 2345 2102 3953 2177; baseline 0.001 -24"><span class='ocrx_word' id='word_1_257' title='bbox 2345 2102 2403 2154; x_wconf 76' lang='grc' dir='ltr'>ού</span> <span class='ocrx_word' id='word_1_258' title='bbox 2451 2102 2684 2173; x_wconf 77' lang='grc' dir='ltr'>λέγουσι,</span> <span class='ocrx_word' id='word_1_259' title='bbox 2736 2104 3052 2167; x_wconf 81' lang='grc' dir='ltr'>Φονευθὴτω,</span> <span class='ocrx_word' id='word_1_260' title='bbox 3110 2103 3237 2155; x_wconf 85' lang='grc' dir='ltr'>ἀλλά</span> <span class='ocrx_word' id='word_1_261' title='bbox 3290 2106 3666 2177; x_wconf 75' lang='grc' dir='ltr'>Σταυρωθήτω,</span> <span class='ocrx_word' id='word_1_262' title='bbox 3723 2102 3808 2155; x_wconf 82' lang='grc' dir='ltr'>ἱνα</span> <span class='ocrx_word' id='word_1_263' title='bbox 3865 2110 3953 2155; x_wconf 85' lang='grc' dir='ltr'>καὶ</span> 
     </span>
    </p>
   </div>
   <div class='ocr_carea' id='block_1_40' title="bbox 559 2188 2176 2266">
    <p class='ocr_par' dir='ltr' id='par_1_40' title="bbox 559 2192 2176 2266">
     <span class='ocr_line' id='line_1_40' title="bbox 559 2192 2176 2266; baseline 0 -19"><span class='ocrx_word' id='word_1_264' title='bbox 559 2194 633 2248; x_wconf 85' lang='lat' dir='ltr'>tis</span> <span class='ocrx_word' id='word_1_265' title='bbox 666 2209 909 2266; x_wconf 89' lang='lat' dir='ltr'>quoque</span> <span class='ocrx_word' id='word_1_266' title='bbox 937 2208 1151 2263; x_wconf 84' lang='lat' dir='ltr'>genere</span> <span class='ocrx_word' id='word_1_267' title='bbox 1175 2192 1517 2248; x_wconf 90' lang='lat' dir='ltr'>maleﬁcum</span> <span class='ocrx_word' id='word_1_268' title='bbox 1545 2208 1682 2247; x_wconf 91' lang='lat' dir='ltr'>eum</span> <span class='ocrx_word' id='word_1_269' title='bbox 1702 2209 1829 2247; x_wconf 88' lang='lat' dir='ltr'>esse</span> <span class='ocrx_word' id='word_1_270' title='bbox 1849 2192 2176 2248; x_wconf 90' lang='lat' dir='ltr'>convincan</span> 
     </span>
    </p>
   </div>
   <div class='ocr_carea' id='block_1_41' title="bbox 2147 2188 3764 2266">
    <p class='ocr_par' dir='ltr' id='par_1_41' title="bbox 2148 2188 3764 2265">
     <span class='ocr_line' id='line_1_41' title="bbox 2148 2188 3764 2265; baseline -0.002 -17"><span class='ocrx_word' id='word_1_271' title='bbox 2148 2198 2228 2249; x_wconf 92' lang='lat' dir='ltr'>nt.</span> <span class='ocrx_word' id='word_1_272' title='bbox 2344 2194 2401 2243; x_wconf 85' lang='grc' dir='ltr'>τὸ</span> <span class='ocrx_word' id='word_1_273' title='bbox 2429 2188 2568 2253; x_wconf 74' lang='grc' dir='ltr'>εἶδος</span> <span class='ocrx_word' id='word_1_274' title='bbox 2592 2198 2684 2243; x_wconf 78' lang='grc' dir='ltr'>τού</span> <span class='ocrx_word' id='word_1_275' title='bbox 2716 2194 2938 2243; x_wconf 78' lang='grc' dir='ltr'>θανάτου</span> <span class='ocrx_word' id='word_1_276' title='bbox 2968 2200 3259 2265; x_wconf 75' lang='grc' dir='ltr'>κακοῦργον</span> <span class='ocrx_word' id='word_1_277' title='bbox 3291 2192 3558 2264; x_wconf 78' lang='grc' dir='ltr'>ἀπελέγχη</span> <span class='ocrx_word' id='word_1_278' title='bbox 3591 2192 3764 2245; x_wconf 69' lang='grc' dir='ltr'>αὐτόν.</span> 
     </span>
    </p>
   </div>
   <div class='ocr_carea' id='block_1_42' title="bbox 632 2277 2249 2354">
    <p class='ocr_par' dir='ltr' id='par_1_42' title="bbox 632 2280 2231 2354">
     <span class='ocr_line' id='line_1_42' title="bbox 632 2280 2231 2354; baseline 0.001 -19"><span class='ocrx_word' id='word_1_279' title='bbox 632 2282 797 2339; x_wconf 90' lang='lat' dir='ltr'>Vers.</span> <span class='ocrx_word' id='word_1_280' title='bbox 826 2282 913 2338; x_wconf 79' lang='lat'>23.</span> <span class='ocrx_word' id='word_1_281' title='bbox 941 2285 1158 2339; x_wconf 73' lang='lat' dir='ltr'>Praeses</span> <span class='ocrx_word' id='word_1_282' title='bbox 1184 2289 1383 2339; x_wconf 88' lang='lat' dir='ltr'>autem</span> <span class='ocrx_word' id='word_1_283' title='bbox 1416 2312 1469 2323; x_wconf 92' lang='grc'><strong><em>-</em></strong></span> <span class='ocrx_word' id='word_1_284' title='bbox 1479 2282 1626 2351; x_wconf 77' lang='lat' dir='ltr'>fecit</span> <span class='ocrx_word' id='word_1_285' title='bbox 1652 2284 1679 2335; x_wconf 77' lang='lat'><strong><em>?</em></strong></span> <span class='ocrx_word' id='word_1_286' title='bbox 1704 2280 1854 2337; x_wconf 91' lang='lat' dir='ltr'>Cum</span> <span class='ocrx_word' id='word_1_287' title='bbox 1875 2281 2110 2354; x_wconf 84' lang='lat' dir='ltr'>placare</span> <span class='ocrx_word' id='word_1_288' title='bbox 2126 2298 2231 2339; x_wconf 88' lang='lat' dir='ltr'>eos</span> 
     </span>
    </p>
   </div>
   <div class='ocr_carea' id='block_1_43' title="bbox 2339 2277 3956 2354">
    <p class='ocr_par' dir='ltr' id='par_1_43' title="bbox 2412 2277 3956 2354">
     <span class='ocr_line' id='line_1_43' title="bbox 2412 2277 3956 2354; baseline -0.001 -21"><span class='ocrx_word' id='word_1_289' title='bbox 2412 2280 2469 2333; x_wconf 78' lang='grc' dir='ltr'><strong>Ὀ</strong></span> <span class='ocrx_word' id='word_1_290' title='bbox 2499 2277 2557 2333; x_wconf 75' lang='grc' dir='ltr'>δε</span> <span class='ocrx_word' id='word_1_291' title='bbox 2582 2282 2785 2352; x_wconf 78' lang='grc' dir='ltr'>ἡγεμὼν</span> <span class='ocrx_word' id='word_1_292' title='bbox 2813 2313 2881 2320; x_wconf 91' lang='lat'><strong><em>—</em></strong></span> <span class='ocrx_word' id='word_1_293' title='bbox 2903 2279 3115 2339; x_wconf 81' lang='grc' dir='ltr'>ἐποίησε</span> <span class='ocrx_word' id='word_1_294' title='bbox 3139 2298 3151 2347; x_wconf 88' lang='grc'>;</span> <span class='ocrx_word' id='word_1_295' title='bbox 3186 2287 3270 2340; x_wconf 75' lang='grc' dir='ltr'>Μὴ</span> <span class='ocrx_word' id='word_1_296' title='bbox 3308 2279 3591 2354; x_wconf 76' lang='grc' dir='ltr'>δυνάμενος</span> <span class='ocrx_word' id='word_1_297' title='bbox 3625 2278 3956 2339; x_wconf 73' lang='grc' dir='ltr'>δυσωπῆσαι</span> 
     </span>
    </p>
   </div>
   <div class='ocr_carea' id='block_1_44' title="bbox 555 2369 2172 2445">
    <p class='ocr_par' dir='ltr' id='par_1_44' title="bbox 555 2371 1552 2445">
     <span class='ocr_line' id='line_1_44' title="bbox 555 2371 1552 2445; baseline -0.004 -15"><span class='ocrx_word' id='word_1_298' title='bbox 555 2388 679 2430; x_wconf 88' lang='lat' dir='ltr'>non</span> <span class='ocrx_word' id='word_1_299' title='bbox 708 2377 924 2444; x_wconf 89' lang='lat' dir='ltr'>posset,</span> <span class='ocrx_word' id='word_1_300' title='bbox 957 2376 1162 2445; x_wconf 87' lang='lat' dir='ltr'>aperte</span> <span class='ocrx_word' id='word_1_301' title='bbox 1190 2371 1552 2428; x_wconf 81' lang='lat' dir='ltr'>contradicit.</span> 
     </span>
    </p>
   </div>
   <div class='ocr_carea' id='block_1_45' title="bbox 1472 2369 3089 2445">
    <p class='ocr_par' dir='ltr' id='par_1_45' title="bbox 1472 2369 3089 2441">
     <span class='ocr_line' id='line_1_45' title="bbox 1472 2369 3089 2441; baseline -0.003 -15"><span class='ocrx_word' id='word_1_302' title='bbox 1472 2372 1552 2427; x_wconf 62' lang='grc' dir='ltr'>δὴ.</span> <span class='ocrx_word' id='word_1_303' title='bbox 2340 2374 2575 2435; x_wconf 79' lang='grc' dir='ltr'>τούτους,</span> <span class='ocrx_word' id='word_1_304' title='bbox 2612 2369 2861 2441; x_wconf 75' lang='grc' dir='ltr'>ἀντιλέγει</span> <span class='ocrx_word' id='word_1_305' title='bbox 2889 2371 3089 2428; x_wconf 83' lang='grc' dir='ltr'>λοιπόν,</span> 
     </span>
    </p>
   </div>
   <div class='ocr_carea' id='block_1_46' title="bbox 628 2457 2245 2536">
    <p class='ocr_par' dir='ltr' id='par_1_46' title="bbox 628 2461 2228 2532">
     <span class='ocr_line' id='line_1_46' title="bbox 628 2461 2228 2532; baseline 0 -14"><span class='ocrx_word' id='word_1_306' title='bbox 628 2461 1184 2519; x_wconf 76' lang='lat' dir='ltr'>Vers.23.Atilli—</span> <span class='ocrx_word' id='word_1_307' title='bbox 1216 2462 1643 2532; x_wconf 79' lang='lat' dir='ltr'>Cruciﬁgatur.</span> <span class='ocrx_word' id='word_1_308' title='bbox 1682 2461 2079 2527; x_wconf 80' lang='lat' dir='ltr'>Vehementer,</span> <span class='ocrx_word' id='word_1_309' title='bbox 2112 2462 2228 2518; x_wconf 92' lang='lat' dir='ltr'>hoc</span> 
     </span>
    </p>
   </div>
   <div class='ocr_carea' id='block_1_47' title="bbox 2334 2457 3951 2536">
    <p class='ocr_par' dir='ltr' id='par_1_47' title="bbox 2411 2457 3951 2536">
     <span class='ocr_line' id='line_1_47' title="bbox 2411 2457 3951 2536; baseline 0 -25"><span class='ocrx_word' id='word_1_310' title='bbox 2411 2462 2476 2511; x_wconf 81' lang='lat' dir='ltr'>Oi</span> <span class='ocrx_word' id='word_1_311' title='bbox 2526 2457 2584 2512; x_wconf 75' lang='grc' dir='ltr'>δὲ</span> <span class='ocrx_word' id='word_1_312' title='bbox 2644 2492 2707 2499; x_wconf 92' lang='lat'>—-</span> <span class='ocrx_word' id='word_1_313' title='bbox 2762 2462 3145 2535; x_wconf 84' lang='grc' dir='ltr'>Σταυρωθήτω.</span> <span class='ocrx_word' id='word_1_314' title='bbox 3199 2492 3265 2501; x_wconf 90' lang='lat'>—-</span> <span class='ocrx_word' id='word_1_315' title='bbox 3319 2468 3613 2536; x_wconf 86' lang='grc' dir='ltr'>Περισσώς,</span> <span class='ocrx_word' id='word_1_316' title='bbox 3669 2458 3782 2511; x_wconf 84' lang='grc' dir='ltr'>ἀντὶ</span> <span class='ocrx_word' id='word_1_317' title='bbox 3838 2466 3951 2523; x_wconf 78' lang='grc' dir='ltr'>τοῦ,</span> 
     </span>
    </p>
   </div>
   <div class='ocr_carea' id='block_1_48' title="bbox 556 2544 2173 2624">
    <p class='ocr_par' dir='ltr' id='par_1_48' title="bbox 556 2552 2173 2623">
     <span class='ocr_line' id='line_1_48' title="bbox 556 2552 2173 2623; baseline -0.001 -15"><span class='ocrx_word' id='word_1_318' title='bbox 556 2552 1099 2617; x_wconf 87' lang='lat' dir='ltr'>estvehementius,</span> <span class='ocrx_word' id='word_1_319' title='bbox 1119 2552 1376 2608; x_wconf 89' lang='lat' dir='ltr'>itaenim</span> <span class='ocrx_word' id='word_1_320' title='bbox 1406 2552 1643 2623; x_wconf 89' lang='lat' dir='ltr'>scripsit</span> <span class='ocrx_word' id='word_1_321' title='bbox 1672 2553 1902 2607; x_wconf 86' lang='lat' dir='ltr'>Marcus</span> <span class='ocrx_word' id='word_1_322' title='bbox 1934 2554 2002 2605; x_wconf 67' lang='lat'>19.</span> <span class='ocrx_word' id='word_1_323' title='bbox 2034 2552 2173 2607; x_wconf 71' lang='lat' dir='ltr'>Luca</span> 
     </span>
    </p>
   </div>
   <div class='ocr_carea' id='block_1_49' title="bbox 2336 2544 3953 2624">
    <p class='ocr_par' dir='ltr' id='par_1_49' title="bbox 2339 2544 3953 2624">
     <span class='ocr_line' id='line_1_49' title="bbox 2339 2544 3953 2624; baseline -0.001 -23"><span class='ocrx_word' id='word_1_324' title='bbox 2339 2554 2752 2623; x_wconf 84' lang='grc' dir='ltr'>Περισσοτέρως.</span> <span class='ocrx_word' id='word_1_325' title='bbox 2842 2548 2993 2601; x_wconf 80' lang='grc' dir='ltr'>Οὒτω</span> <span class='ocrx_word' id='word_1_326' title='bbox 3060 2552 3162 2624; x_wconf 78' lang='grc' dir='ltr'>γὰρ</span> <span class='ocrx_word' id='word_1_327' title='bbox 3246 2549 3437 2622; x_wconf 76' lang='grc' dir='ltr'>ἔγραψε</span> <span class='ocrx_word' id='word_1_328' title='bbox 3499 2552 3730 2623; x_wconf 60' lang='grc' dir='ltr'>Μάρκος</span> <span class='ocrx_word' id='word_1_329' title='bbox 3800 2550 3832 2600; x_wconf 84' lang='grc' dir='ltr'><strong><em>ὁ</em></strong></span> <span class='ocrx_word' id='word_1_330' title='bbox 3894 2544 3953 2600; x_wconf 71' lang='grc' dir='ltr'>δὲ</span> 
     </span>
    </p>
   </div>
   <div class='ocr_carea' id='block_1_50' title="bbox 555 2636 2172 2714">
    <p class='ocr_par' dir='ltr' id='par_1_50' title="bbox 555 2640 2172 2714">
     <span class='ocr_line' id='line_1_50' title="bbox 555 2640 2172 2714; baseline -0.002 -15"><span class='ocrx_word' id='word_1_331' title='bbox 555 2646 758 2699; x_wconf 89' lang='lat' dir='ltr'>autem</span> <span class='ocrx_word' id='word_1_332' title='bbox 776 2641 938 2707; x_wconf 86' lang='lat' dir='ltr'>dixit,</span> <span class='ocrx_word' id='word_1_333' title='bbox 964 2641 1131 2714; x_wconf 92' lang='lat' dir='ltr'>quod</span> <span class='ocrx_word' id='word_1_334' title='bbox 1148 2640 1452 2698; x_wconf 86' lang='lat' dir='ltr'>instabant</span> <span class='ocrx_word' id='word_1_335' title='bbox 1473 2641 1721 2697; x_wconf 88' lang='lat' dir='ltr'>vocibus</span> <span class='ocrx_word' id='word_1_336' title='bbox 1746 2641 2001 2713; x_wconf 87' lang='lat' dir='ltr'>magnis,</span> <span class='ocrx_word' id='word_1_337' title='bbox 2022 2647 2172 2713; x_wconf 81' lang='lat' dir='ltr'>posti</span> 
     </span>
    </p>
   </div>
   <div class='ocr_carea' id='block_1_51' title="bbox 2336 2636 3953 2714">
    <p class='ocr_par' dir='ltr' id='par_1_51' title="bbox 2336 2636 3953 2711">
     <span class='ocr_line' id='line_1_51' title="bbox 2336 2636 3953 2711; baseline -0.001 -20"><span class='ocrx_word' id='word_1_338' title='bbox 2336 2645 2542 2700; x_wconf 79' lang='grc' dir='ltr'>Λουκᾶς</span> <span class='ocrx_word' id='word_1_339' title='bbox 2603 2636 2737 2691; x_wconf 82' lang='grc' dir='ltr'>εἶπεν</span> <span class='ocrx_word' id='word_1_340' title='bbox 2804 2639 2884 2690; x_wconf 85' lang='grc' dir='ltr'>ὃτι</span> <span class='ocrx_word' id='word_1_341' title='bbox 2951 2638 3206 2692; x_wconf 79' lang='grc' dir='ltr'>ἐπέκειντο</span> <span class='ocrx_word' id='word_1_342' title='bbox 3275 2646 3467 2711; x_wconf 77' lang='grc' dir='ltr'>φωναῖς</span> <span class='ocrx_word' id='word_1_343' title='bbox 3523 2639 3786 2711; x_wconf 73' lang='grc' dir='ltr'>μεγάλαις,</span> <span class='ocrx_word' id='word_1_344' title='bbox 3874 2637 3953 2690; x_wconf 86' lang='grc' dir='ltr'>αἰ-</span> 
     </span>
    </p>
   </div>
   <div class='ocr_carea' id='block_1_52' title="bbox 554 2728 2171 2804">
    <p class='ocr_par' dir='ltr' id='par_1_52' title="bbox 554 2730 2171 2804">
     <span class='ocr_line' id='line_1_52' title="bbox 554 2730 2171 2804; baseline 0.001 -19"><span class='ocrx_word' id='word_1_345' title='bbox 554 2730 742 2787; x_wconf 88' lang='lat' dir='ltr'>lantes</span> <span class='ocrx_word' id='word_1_346' title='bbox 776 2736 836 2788; x_wconf 91' lang='lat' dir='ltr'>ut</span> <span class='ocrx_word' id='word_1_347' title='bbox 865 2731 1308 2804; x_wconf 88' lang='lat' dir='ltr'>cruciﬁgeretur</span> <span class='ocrx_word' id='word_1_348' title='bbox 1337 2734 1398 2787; x_wconf 62' lang='lat'>2°.</span> <span class='ocrx_word' id='word_1_349' title='bbox 1442 2734 1506 2787; x_wconf 87' lang='lat' dir='ltr'>Et</span> <span class='ocrx_word' id='word_1_350' title='bbox 1543 2730 1993 2787; x_wconf 87' lang='lat' dir='ltr'>invalescebant</span> <span class='ocrx_word' id='word_1_351' title='bbox 2041 2747 2171 2788; x_wconf 67' lang='lat' dir='ltr'>voce</span> 
     </span>
    </p>
   </div>
   <div class='ocr_carea' id='block_1_53' title="bbox 2335 2728 3952 2804">
    <p class='ocr_par' dir='ltr' id='par_1_53' title="bbox 2335 2728 3952 2803">
     <span class='ocr_line' id='line_1_53' title="bbox 2335 2728 3952 2803; baseline -0.001 -23"><span class='ocrx_word' id='word_1_352' title='bbox 2335 2731 2563 2799; x_wconf 63' lang='grc' dir='ltr'>τοᾶμενοι</span> <span class='ocrx_word' id='word_1_353' title='bbox 2612 2728 2765 2779; x_wconf 70' lang='grc' dir='ltr'>αὐτόν</span> <span class='ocrx_word' id='word_1_354' title='bbox 2817 2730 3201 2803; x_wconf 83' lang='grc' dir='ltr'>σταυρωθῆναι,</span> <span class='ocrx_word' id='word_1_355' title='bbox 3249 2734 3339 2781; x_wconf 83' lang='grc' dir='ltr'>καὶ</span> <span class='ocrx_word' id='word_1_356' title='bbox 3365 2733 3660 2800; x_wconf 78' lang='grc' dir='ltr'>κατίσχυον</span> <span class='ocrx_word' id='word_1_357' title='bbox 3691 2729 3747 2779; x_wconf 84' lang='grc' dir='ltr'>αἱ</span> <span class='ocrx_word' id='word_1_358' title='bbox 3773 2731 3952 2798; x_wconf 74' lang='grc' dir='ltr'>φωναὶ</span> 
     </span>
    </p>
   </div>
   <div class='ocr_carea' id='block_1_54' title="bbox 555 2816 2172 2891">
    <p class='ocr_par' dir='ltr' id='par_1_54' title="bbox 555 2821 1706 2877">
     <span class='ocr_line' id='line_1_54' title="bbox 555 2821 1706 2877; baseline -0.002 0"><span class='ocrx_word' id='word_1_359' title='bbox 555 2836 766 2877; x_wconf 90' lang='lat' dir='ltr'>eorum</span> <span class='ocrx_word' id='word_1_360' title='bbox 792 2836 862 2877; x_wconf 89' lang='lat' dir='ltr'>ac</span> <span class='ocrx_word' id='word_1_361' title='bbox 892 2837 1272 2877; x_wconf 88' lang='lat' dir='ltr'>summorum</span> <span class='ocrx_word' id='word_1_362' title='bbox 1306 2821 1706 2877; x_wconf 85' lang='lat' dir='ltr'>sacerdotum.</span> 
     </span>
    </p>
   </div>
   <div class='ocr_carea' id='block_1_55' title="bbox 1462 2816 3079 2891">
    <p class='ocr_par' dir='ltr' id='par_1_55' title="bbox 1462 2816 3079 2891">
     <span class='ocr_line' id='line_1_55' title="bbox 1462 2816 3079 2891; baseline -0.006 -14"><span class='ocrx_word' id='word_1_363' title='bbox 1462 2821 1706 2877; x_wconf 86' lang='lat' dir='ltr'>&#39;dotum.</span> <span class='ocrx_word' id='word_1_364' title='bbox 2328 2818 2498 2870; x_wconf 67' lang='grc' dir='ltr'>αὐτῶν</span> <span class='ocrx_word' id='word_1_365' title='bbox 2528 2822 2617 2870; x_wconf 86' lang='grc' dir='ltr'>καὶ</span> <span class='ocrx_word' id='word_1_366' title='bbox 2648 2826 2746 2869; x_wconf 87' lang='grc' dir='ltr'>τῶν</span> <span class='ocrx_word' id='word_1_367' title='bbox 2778 2816 3079 2891; x_wconf 81' lang='grc' dir='ltr'>ἀρχιερέων.</span> 
     </span>
    </p>
   </div>
   <div class='ocr_carea' id='block_1_56' title="bbox 624 2903 2241 2983">
    <p class='ocr_par' dir='ltr' id='par_1_56' title="bbox 624 2910 2213 2983">
     <span class='ocr_line' id='line_1_56' title="bbox 624 2910 2213 2983; baseline 0.001 -17"><span class='ocrx_word' id='word_1_368' title='bbox 624 2910 794 2967; x_wconf 90' lang='lat' dir='ltr'>Vers.</span> <span class='ocrx_word' id='word_1_369' title='bbox 828 2911 918 2967; x_wconf 81' lang='grc'>24.</span> <span class='ocrx_word' id='word_1_370' title='bbox 959 2911 1160 2968; x_wconf 72' lang='lat' dir='ltr'>Videas</span> <span class='ocrx_word' id='word_1_371' title='bbox 1187 2917 1385 2969; x_wconf 88' lang='lat' dir='ltr'>autem</span> <span class='ocrx_word' id='word_1_372' title='bbox 1409 2942 1473 2950; x_wconf 89' lang='lat'><strong>—</strong></span> <span class='ocrx_word' id='word_1_373' title='bbox 1503 2910 1789 2967; x_wconf 77' lang='lat' dir='ltr'>videritis.</span> <span class='ocrx_word' id='word_1_374' title='bbox 1821 2913 2025 2967; x_wconf 87' lang='lat' dir='ltr'>Manus</span> <span class='ocrx_word' id='word_1_375' title='bbox 2055 2926 2213 2983; x_wconf 89' lang='lat' dir='ltr'>aqua</span> 
     </span>
    </p>
   </div>
   <div class='ocr_carea' id='block_1_57' title="bbox 2327 2903 3944 2983">
    <p class='ocr_par' dir='ltr' id='par_1_57' title="bbox 2398 2903 3944 2979">
     <span class='ocr_line' id='line_1_57' title="bbox 2398 2903 3944 2979; baseline -0.001 -19"><span class='ocrx_word' id='word_1_376' title='bbox 2398 2904 2550 2960; x_wconf 77' lang='grc' dir='ltr'>Ἰδὼν</span> <span class='ocrx_word' id='word_1_377' title='bbox 2609 2903 2667 2960; x_wconf 73' lang='grc' dir='ltr'>δὲ</span> <span class='ocrx_word' id='word_1_378' title='bbox 2720 2939 2787 2946; x_wconf 89' lang='lat'><strong><em>—</em></strong></span> <span class='ocrx_word' id='word_1_379' title='bbox 2864 2906 3071 2977; x_wconf 72' lang='grc' dir='ltr'>ὄψεσθε.</span> <span class='ocrx_word' id='word_1_380' title='bbox 3147 2907 3399 2979; x_wconf 78' lang='grc' dir='ltr'>Ἐκάθηρε</span> <span class='ocrx_word' id='word_1_381' title='bbox 3463 2910 3552 2967; x_wconf 83' lang='grc' dir='ltr'>τὰς</span> <span class='ocrx_word' id='word_1_382' title='bbox 3618 2913 3808 2979; x_wconf 80' lang='grc' dir='ltr'>χεῖρας</span> <span class='ocrx_word' id='word_1_383' title='bbox 3873 2913 3944 2977; x_wconf 83' lang='grc' dir='ltr'>τῷ</span> 
     </span>
    </p>
   </div>
   <div class='ocr_carea' id='block_1_58' title="bbox 547 2993 2164 3074">
    <p class='ocr_par' dir='ltr' id='par_1_58' title="bbox 547 3001 2164 3074">
     <span class='ocr_line' id='line_1_58' title="bbox 547 3001 2164 3074; baseline -0.001 -18"><span class='ocrx_word' id='word_1_384' title='bbox 547 3001 845 3074; x_wconf 85' lang='lat' dir='ltr'>purgavit,</span> <span class='ocrx_word' id='word_1_385' title='bbox 870 3002 1194 3058; x_wconf 89' lang='lat' dir='ltr'>ostendens</span> <span class='ocrx_word' id='word_1_386' title='bbox 1217 3001 1381 3074; x_wconf 91' lang='lat' dir='ltr'>quod</span> <span class='ocrx_word' id='word_1_387' title='bbox 1410 3017 1590 3073; x_wconf 90' lang='lat' dir='ltr'>purus</span> <span class='ocrx_word' id='word_1_388' title='bbox 1609 3004 1782 3069; x_wconf 88' lang='lat' dir='ltr'>esset,</span> <span class='ocrx_word' id='word_1_389' title='bbox 1811 3007 1866 3056; x_wconf 85' lang='lat' dir='ltr'>et</span> <span class='ocrx_word' id='word_1_390' title='bbox 1890 3016 2012 3056; x_wconf 91' lang='lat' dir='ltr'>non</span> <span class='ocrx_word' id='word_1_391' title='bbox 2041 3005 2164 3072; x_wconf 85' lang='lat' dir='ltr'>part</span> 
     </span>
    </p>
   </div>
   <div class='ocr_carea' id='block_1_59' title="bbox 2328 2993 3945 3074">
    <p class='ocr_par' dir='ltr' id='par_1_59' title="bbox 2328 2993 3945 3069">
     <span class='ocr_line' id='line_1_59' title="bbox 2328 2993 3945 3069; baseline -0.001 -20"><span class='ocrx_word' id='word_1_392' title='bbox 2328 2993 2505 3059; x_wconf 72' lang='grc' dir='ltr'>ὒὸατι,</span> <span class='ocrx_word' id='word_1_393' title='bbox 2565 2994 2812 3049; x_wconf 74' lang='grc' dir='ltr'>δεικνύων</span> <span class='ocrx_word' id='word_1_394' title='bbox 2874 2996 2955 3049; x_wconf 87' lang='grc' dir='ltr'>ὃτι</span> <span class='ocrx_word' id='word_1_395' title='bbox 3028 2999 3250 3069; x_wconf 85' lang='grc' dir='ltr'>καθαρὸς</span> <span class='ocrx_word' id='word_1_396' title='bbox 3325 3002 3413 3048; x_wconf 81' lang='grc' dir='ltr'>καὶ</span> <span class='ocrx_word' id='word_1_397' title='bbox 3481 2996 3742 3069; x_wconf 78' lang='grc' dir='ltr'>ἀμέτοχος</span> <span class='ocrx_word' id='word_1_398' title='bbox 3827 2996 3945 3048; x_wconf 87' lang='grc' dir='ltr'>ἐστι</span> 
     </span>
    </p>
   </div>
   <div class='ocr_carea' id='block_1_60' title="bbox 546 3082 2163 3181">
    <p class='ocr_par' dir='ltr' id='par_1_60' title="bbox 546 3090 2163 3163">
     <span class='ocr_line' id='line_1_60' title="bbox 546 3090 2163 3163; baseline -0.001 -17"><span class='ocrx_word' id='word_1_399' title='bbox 546 3106 687 3163; x_wconf 91' lang='lat' dir='ltr'>ceps</span> <span class='ocrx_word' id='word_1_400' title='bbox 719 3091 920 3147; x_wconf 74' lang='lat' dir='ltr'>caedis.</span> <span class='ocrx_word' id='word_1_401' title='bbox 954 3091 1179 3149; x_wconf 87' lang='lat' dir='ltr'>Namid</span> <span class='ocrx_word' id='word_1_402' title='bbox 1208 3090 1436 3147; x_wconf 83' lang='lat' dir='ltr'>Judaici</span> <span class='ocrx_word' id='word_1_403' title='bbox 1471 3091 1681 3146; x_wconf 83' lang='lat' dir='ltr'>mortis</span> <span class='ocrx_word' id='word_1_404' title='bbox 1704 3095 1848 3155; x_wconf 89' lang='lat' dir='ltr'>erat,</span> <span class='ocrx_word' id='word_1_405' title='bbox 1883 3090 1998 3146; x_wconf 94' lang='lat' dir='ltr'>hoc</span> <span class='ocrx_word' id='word_1_406' title='bbox 2032 3090 2163 3146; x_wconf 89' lang='lat' dir='ltr'>mod</span> 
     </span>
    </p>
   </div>
   <div class='ocr_carea' id='block_1_61' title="bbox 2323 3082 3940 3181">
    <p class='ocr_par' dir='ltr' id='par_1_61' title="bbox 2325 3082 3940 3160">
     <span class='ocr_line' id='line_1_61' title="bbox 2325 3082 3940 3160; baseline -0.001 -21"><span class='ocrx_word' id='word_1_407' title='bbox 2325 3095 2417 3139; x_wconf 77' lang='grc' dir='ltr'>τοῦ</span> <span class='ocrx_word' id='word_1_408' title='bbox 2467 3092 2638 3159; x_wconf 77' lang='grc' dir='ltr'>φόνου.</span> <span class='ocrx_word' id='word_1_409' title='bbox 2692 3082 2987 3139; x_wconf 78' lang='grc' dir='ltr'>Ἰουδαῖκόν</span> <span class='ocrx_word' id='word_1_410' title='bbox 3040 3088 3141 3160; x_wconf 84' lang='grc' dir='ltr'>γὰρ</span> <span class='ocrx_word' id='word_1_411' title='bbox 3196 3088 3309 3148; x_wconf 80' lang='grc' dir='ltr'>ἔθος</span> <span class='ocrx_word' id='word_1_412' title='bbox 3354 3084 3415 3144; x_wconf 77' lang='grc' dir='ltr'>ἦν</span> <span class='ocrx_word' id='word_1_413' title='bbox 3466 3086 3599 3138; x_wconf 79' lang='grc' dir='ltr'>οὕτω</span> <span class='ocrx_word' id='word_1_414' title='bbox 3644 3086 3763 3158; x_wconf 87' lang='grc'>(18)</span> <span class='ocrx_word' id='word_1_415' title='bbox 3819 3082 3940 3138; x_wconf 79' lang='grc' dir='ltr'>δια-</span> 
     </span>
    </p>
   </div>
   <div class='ocr_carea' id='block_1_62' title="bbox 543 3176 2160 3253">
    <p class='ocr_par' dir='ltr' id='par_1_62' title="bbox 543 3179 2160 3253">
     <span class='ocr_line' id='line_1_62' title="bbox 543 3179 2160 3253; baseline -0.002 -16"><span class='ocrx_word' id='word_1_416' title='bbox 543 3182 861 3253; x_wconf 91' lang='lat' dir='ltr'>protestari</span> <span class='ocrx_word' id='word_1_417' title='bbox 886 3197 988 3237; x_wconf 90' lang='lat' dir='ltr'>eos</span> <span class='ocrx_word' id='word_1_418' title='bbox 1017 3181 1120 3253; x_wconf 91' lang='lat' dir='ltr'>qui</span> <span class='ocrx_word' id='word_1_419' title='bbox 1149 3181 1375 3237; x_wconf 87' lang='lat' dir='ltr'>nollent</span> <span class='ocrx_word' id='word_1_420' title='bbox 1404 3180 1658 3250; x_wconf 88' lang='lat' dir='ltr'>alicujus</span> <span class='ocrx_word' id='word_1_421' title='bbox 1706 3179 1854 3236; x_wconf 70' lang='lat' dir='ltr'>caedi</span> <span class='ocrx_word' id='word_1_422' title='bbox 1881 3195 2160 3235; x_wconf 91' lang='lat' dir='ltr'>commun</span> 
     </span>
    </p>
   </div>
   <div class='ocr_carea' id='block_1_63' title="bbox 2324 3176 3941 3253">
    <p class='ocr_par' dir='ltr' id='par_1_63' title="bbox 2324 3176 3941 3252">
     <span class='ocr_line' id='line_1_63' title="bbox 2324 3176 3941 3252; baseline -0.001 -23"><span class='ocrx_word' id='word_1_423' title='bbox 2324 3179 2686 3252; x_wconf 81' lang='grc' dir='ltr'>μαρτύρεσθαι</span> <span class='ocrx_word' id='word_1_424' title='bbox 2747 3180 2862 3236; x_wconf 80' lang='grc' dir='ltr'>τοὺς</span> <span class='ocrx_word' id='word_1_425' title='bbox 2927 3180 2998 3248; x_wconf 76' lang='grc' dir='ltr'>μὴ</span> <span class='ocrx_word' id='word_1_426' title='bbox 3056 3176 3291 3237; x_wconf 80' lang='grc' dir='ltr'>θέλοντας</span> <span class='ocrx_word' id='word_1_427' title='bbox 3350 3181 3502 3248; x_wconf 78' lang='grc' dir='ltr'>φόνου</span> <span class='ocrx_word' id='word_1_428' title='bbox 3568 3179 3705 3235; x_wconf 84' lang='grc' dir='ltr'>τινός</span> <span class='ocrx_word' id='word_1_429' title='bbox 3755 3196 3941 3228; x_wconf 81' lang='grc' dir='ltr'>κοινω-</span> 
     </span>
    </p>
   </div>
   <div class='ocr_carea' id='block_1_64' title="bbox 543 3262 2160 3338">
    <p class='ocr_par' dir='ltr' id='par_1_64' title="bbox 543 3269 2160 3327">
     <span class='ocr_line' id='line_1_64' title="bbox 543 3269 2160 3327; baseline -0.001 -2"><span class='ocrx_word' id='word_1_430' title='bbox 543 3285 699 3327; x_wconf 89' lang='lat' dir='ltr'>care.</span> <span class='ocrx_word' id='word_1_431' title='bbox 732 3271 823 3326; x_wconf 82' lang='lat' dir='ltr'>Ait</span> <span class='ocrx_word' id='word_1_432' title='bbox 851 3271 1013 3327; x_wconf 91' lang='lat' dir='ltr'>enim</span> <span class='ocrx_word' id='word_1_433' title='bbox 1057 3274 1113 3327; x_wconf 89' lang='lat' dir='ltr'>et</span> <span class='ocrx_word' id='word_1_434' title='bbox 1150 3270 1341 3327; x_wconf 87' lang='lat' dir='ltr'>David</span> <span class='ocrx_word' id='word_1_435' title='bbox 1386 3292 1398 3324; x_wconf 91' lang='lat'><strong>:</strong></span> <span class='ocrx_word' id='word_1_436' title='bbox 1438 3269 1672 3326; x_wconf 87' lang='lat' dir='ltr'>Lavabo</span> <span class='ocrx_word' id='word_1_437' title='bbox 1701 3271 1857 3326; x_wconf 78' lang='lat' dir='ltr'>inter</span> <span class='ocrx_word' id='word_1_438' title='bbox 1885 3270 2160 3326; x_wconf 59' lang='lat' dir='ltr'>innocenti</span> 
     </span>
    </p>
   </div>
   <div class='ocr_carea' id='block_1_65' title="bbox 2323 3262 3940 3338">
    <p class='ocr_par' dir='ltr' id='par_1_65' title="bbox 2323 3262 3940 3338">
     <span class='ocr_line' id='line_1_65' title="bbox 2323 3262 3940 3338; baseline -0.002 -19"><span class='ocrx_word' id='word_1_439' title='bbox 2323 3277 2502 3327; x_wconf 80' lang='grc' dir='ltr'>νῆσαι.</span> <span class='ocrx_word' id='word_1_440' title='bbox 2547 3271 2684 3325; x_wconf 77' lang='grc' dir='ltr'>Φησὶ</span> <span class='ocrx_word' id='word_1_441' title='bbox 2711 3268 2812 3338; x_wconf 83' lang='grc' dir='ltr'>γὰρ</span> <span class='ocrx_word' id='word_1_442' title='bbox 2845 3271 2935 3317; x_wconf 84' lang='lat' dir='ltr'>xui</span> <span class='ocrx_word' id='word_1_443' title='bbox 2963 3267 2988 3317; x_wconf 91' lang='lat'>6</span> <span class='ocrx_word' id='word_1_444' title='bbox 3033 3262 3219 3318; x_wconf 75' lang='grc' dir='ltr'>Δαυῖδ·</span> <span class='ocrx_word' id='word_1_445' title='bbox 3253 3265 3493 3338; x_wconf 73' lang='grc' dir='ltr'>Νίψομαι</span> <span class='ocrx_word' id='word_1_446' title='bbox 3525 3265 3572 3317; x_wconf 76' lang='grc' dir='ltr'>ἐν</span> <span class='ocrx_word' id='word_1_447' title='bbox 3607 3264 3797 3326; x_wconf 85' lang='grc' dir='ltr'>ἀθώοις</span> <span class='ocrx_word' id='word_1_448' title='bbox 3844 3268 3940 3327; x_wconf 85' lang='grc' dir='ltr'>τὰς</span> 
     </span>
    </p>
   </div>
   <div class='ocr_carea' id='block_1_66' title="bbox 542 3360 2159 3431">
    <p class='ocr_par' dir='ltr' id='par_1_66' title="bbox 542 3361 1053 3417">
     <span class='ocr_line' id='line_1_66' title="bbox 542 3361 1053 3417; baseline -0.006 0"><span class='ocrx_word' id='word_1_449' title='bbox 542 3375 759 3417; x_wconf 85' lang='lat' dir='ltr'>manus</span> <span class='ocrx_word' id='word_1_450' title='bbox 789 3376 949 3417; x_wconf 88' lang='lat' dir='ltr'>meas</span> <span class='ocrx_word' id='word_1_451' title='bbox 983 3361 1053 3414; x_wconf 67' lang='grc' dir='ltr'>ει.</span> 
     </span>
    </p>
   </div>
   <div class='ocr_carea' id='block_1_67' title="bbox 1227 3360 2844 3431">
    <p class='ocr_par' dir='ltr' id='par_1_67' title="bbox 2323 3360 2659 3431">
     <span class='ocr_line' id='line_1_67' title="bbox 2323 3360 2659 3431; baseline 0.003 -22"><span class='ocrx_word' id='word_1_452' title='bbox 2323 3360 2511 3431; x_wconf 74' lang='grc' dir='ltr'>χεῖράς</span> <span class='ocrx_word' id='word_1_453' title='bbox 2538 3376 2659 3429; x_wconf 92' lang='grc' dir='ltr'>μου.</span> 
     </span>
    </p>
   </div>
   <div class='ocr_carea' id='block_1_68' title="bbox 614 3442 2231 3519">
    <p class='ocr_par' dir='ltr' id='par_1_68' title="bbox 614 3449 2212 3519">
     <span class='ocr_line' id='line_1_68' title="bbox 614 3449 2212 3519; baseline -0.001 -14"><span class='ocrx_word' id='word_1_454' title='bbox 614 3450 778 3507; x_wconf 87' lang='lat' dir='ltr'>Vers.</span> <span class='ocrx_word' id='word_1_455' title='bbox 814 3455 901 3506; x_wconf 80' lang='lat'>25.</span> <span class='ocrx_word' id='word_1_456' title='bbox 929 3451 1008 3505; x_wconf 85' lang='lat' dir='ltr'>Et</span> <span class='ocrx_word' id='word_1_457' title='bbox 1038 3481 1107 3490; x_wconf 94' lang='lat'><strong>—</strong></span> <span class='ocrx_word' id='word_1_458' title='bbox 1147 3456 1400 3505; x_wconf 85' lang='lat' dir='ltr'>nostros.</span> <span class='ocrx_word' id='word_1_459' title='bbox 1435 3449 1803 3519; x_wconf 85' lang='lat' dir='ltr'>Sanguinem</span> <span class='ocrx_word' id='word_1_460' title='bbox 1836 3452 2048 3505; x_wconf 89' lang='lat' dir='ltr'>vocant</span> <span class='ocrx_word' id='word_1_461' title='bbox 2079 3465 2212 3505; x_wconf 85' lang='lat' dir='ltr'>san-</span> 
     </span>
    </p>
   </div>
   <div class='ocr_carea' id='block_1_69' title="bbox 2320 3442 3937 3519">
    <p class='ocr_par' dir='ltr' id='par_1_69' title="bbox 2399 3442 3937 3517">
     <span class='ocr_line' id='line_1_69' title="bbox 2399 3442 3937 3517; baseline -0.002 -18"><span class='ocrx_word' id='word_1_462' title='bbox 2399 3452 2498 3499; x_wconf 83' lang='lat' dir='ltr'>Kui</span> <span class='ocrx_word' id='word_1_463' title='bbox 2555 3479 2622 3486; x_wconf 95' lang='grc'><strong><em>--</em></strong></span> <span class='ocrx_word' id='word_1_464' title='bbox 2675 3448 2844 3517; x_wconf 77' lang='grc' dir='ltr'>ἡμῶν.</span> <span class='ocrx_word' id='word_1_465' title='bbox 2917 3442 3057 3517; x_wconf 85' lang='grc' dir='ltr'>Αἷμα</span> <span class='ocrx_word' id='word_1_466' title='bbox 3130 3444 3344 3514; x_wconf 76' lang='grc' dir='ltr'>λέγουσι</span> <span class='ocrx_word' id='word_1_467' title='bbox 3401 3448 3492 3502; x_wconf 81' lang='grc' dir='ltr'>τὴν</span> <span class='ocrx_word' id='word_1_468' title='bbox 3550 3452 3641 3496; x_wconf 78' lang='grc' dir='ltr'>τοῦ</span> <span class='ocrx_word' id='word_1_469' title='bbox 3708 3443 3937 3517; x_wconf 74' lang='grc' dir='ltr'>αἳματος</span> 
     </span>
    </p>
   </div>
   <div class='ocr_carea' id='block_1_70' title="bbox 544 3533 2161 3610">
    <p class='ocr_par' dir='ltr' id='par_1_70' title="bbox 544 3538 2161 3610">
     <span class='ocr_line' id='line_1_70' title="bbox 544 3538 2161 3610; baseline 0 -16"><span class='ocrx_word' id='word_1_470' title='bbox 544 3538 740 3610; x_wconf 91' lang='lat' dir='ltr'>guinis</span> <span class='ocrx_word' id='word_1_471' title='bbox 766 3539 1355 3596; x_wconf 88' lang='lat' dir='ltr'>condemnationem.</span> <span class='ocrx_word' id='word_1_472' title='bbox 1380 3541 1421 3594; x_wconf 95' lang='grc' dir='ltr'><strong>Ο</strong></span> <span class='ocrx_word' id='word_1_473' title='bbox 1446 3539 1755 3594; x_wconf 86' lang='lat' dir='ltr'>scelestam</span> <span class='ocrx_word' id='word_1_474' title='bbox 1783 3554 1990 3594; x_wconf 88' lang='lat' dir='ltr'>vocem</span> <span class='ocrx_word' id='word_1_475' title='bbox 2019 3538 2029 3592; x_wconf 84' lang='grc'>1</span> <span class='ocrx_word' id='word_1_476' title='bbox 2057 3540 2161 3595; x_wconf 81' lang='lat' dir='ltr'>0e:</span> 
     </span>
    </p>
   </div>
   <div class='ocr_carea' id='block_1_71' title="bbox 2317 3533 3934 3610">
    <p class='ocr_par' dir='ltr' id='par_1_71' title="bbox 2322 3533 3934 3608">
     <span class='ocr_line' id='line_1_71' title="bbox 2322 3533 3934 3608; baseline -0.001 -20"><span class='ocrx_word' id='word_1_477' title='bbox 2322 3535 2635 3593; x_wconf 68' lang='grc' dir='ltr'>καταδίκην,</span> <span class='ocrx_word' id='word_1_478' title='bbox 2670 3535 2737 3587; x_wconf 83' lang='grc' dir='ltr'>⁴Ω</span> <span class='ocrx_word' id='word_1_479' title='bbox 2768 3541 2957 3608; x_wconf 80' lang='grc' dir='ltr'>μιαρᾶς</span> <span class='ocrx_word' id='word_1_480' title='bbox 2993 3544 3163 3606; x_wconf 74' lang='grc' dir='ltr'>φωνῆς</span> <span class='ocrx_word' id='word_1_481' title='bbox 3198 3534 3209 3587; x_wconf 83' lang='lat'><strong>!</strong></span> <span class='ocrx_word' id='word_1_482' title='bbox 3245 3535 3284 3585; x_wconf 83' lang='grc' dir='ltr'>ὡ</span> <span class='ocrx_word' id='word_1_483' title='bbox 3320 3533 3606 3606; x_wconf 87' lang='grc' dir='ltr'>τολμηρίας</span> <span class='ocrx_word' id='word_1_484' title='bbox 3637 3533 3885 3605; x_wconf 74' lang='grc' dir='ltr'>ἐσχάτης</span> <span class='ocrx_word' id='word_1_485' title='bbox 3924 3533 3934 3587; x_wconf 75' lang='grc' dir='ltr'><strong>Ῐ</strong></span> 
     </span>
    </p>
   </div>
   <div class='ocr_carea' id='block_1_72' title="bbox 545 3623 2162 3700">
    <p class='ocr_par' dir='ltr' id='par_1_72' title="bbox 545 3628 2162 3700">
     <span class='ocr_line' id='line_1_72' title="bbox 545 3628 2162 3700; baseline -0.001 -16"><span class='ocrx_word' id='word_1_486' title='bbox 545 3636 797 3684; x_wconf 87' lang='lat' dir='ltr'>tremam</span> <span class='ocrx_word' id='word_1_487' title='bbox 829 3628 1178 3685; x_wconf 86' lang='lat' dir='ltr'>audaciam!</span> <span class='ocrx_word' id='word_1_488' title='bbox 1214 3628 1383 3700; x_wconf 89' lang='lat' dir='ltr'>Atqui</span> <span class='ocrx_word' id='word_1_489' title='bbox 1407 3645 1525 3683; x_wconf 88' lang='lat' dir='ltr'>non</span> <span class='ocrx_word' id='word_1_490' title='bbox 1549 3628 1745 3683; x_wconf 87' lang='lat' dir='ltr'>solum</span> <span class='ocrx_word' id='word_1_491' title='bbox 1780 3630 2070 3683; x_wconf 86' lang='lat' dir='ltr'>adversus</span> <span class='ocrx_word' id='word_1_492' title='bbox 2102 3645 2162 3683; x_wconf 85' lang='lat' dir='ltr'>se</span> 
     </span>
    </p>
   </div>
   <div class='ocr_carea' id='block_1_73' title="bbox 2322 3623 3939 3700">
    <p class='ocr_par' dir='ltr' id='par_1_73' title="bbox 2325 3623 3939 3695">
     <span class='ocr_line' id='line_1_73' title="bbox 2325 3623 3939 3695; baseline -0.001 -19"><span class='ocrx_word' id='word_1_493' title='bbox 2325 3625 2456 3676; x_wconf 84' lang='grc' dir='ltr'>Ἀλλ’</span> <span class='ocrx_word' id='word_1_494' title='bbox 2489 3627 2536 3677; x_wconf 83' lang='grc' dir='ltr'>οἱ</span> <span class='ocrx_word' id='word_1_495' title='bbox 2594 3628 2682 3695; x_wconf 80' lang='grc' dir='ltr'>μεν</span> <span class='ocrx_word' id='word_1_496' title='bbox 2739 3624 2797 3675; x_wconf 80' lang='grc' dir='ltr'>ού</span> <span class='ocrx_word' id='word_1_497' title='bbox 2862 3629 3015 3695; x_wconf 71' lang='grc' dir='ltr'>μόνον</span> <span class='ocrx_word' id='word_1_498' title='bbox 3065 3624 3181 3675; x_wconf 91' lang='grc' dir='ltr'>καθ’</span> <span class='ocrx_word' id='word_1_499' title='bbox 3230 3624 3441 3686; x_wconf 76' lang='grc' dir='ltr'>ἑαυτῶν,</span> <span class='ocrx_word' id='word_1_500' title='bbox 3487 3623 3613 3675; x_wconf 81' lang='grc' dir='ltr'>ἀλλά</span> <span class='ocrx_word' id='word_1_501' title='bbox 3656 3628 3745 3675; x_wconf 79' lang='grc' dir='ltr'>καὶ</span> <span class='ocrx_word' id='word_1_502' title='bbox 3793 3627 3939 3675; x_wconf 79' lang='grc' dir='ltr'>κατά</span> 
     </span>
    </p>
   </div>
   <div class='ocr_carea' id='block_1_74' title="bbox 545 3709 2162 3790">
    <p class='ocr_par' dir='ltr' id='par_1_74' title="bbox 545 3716 2162 3790">
     <span class='ocr_line' id='line_1_74' title="bbox 545 3716 2162 3790; baseline -0.001 -19"><span class='ocrx_word' id='word_1_503' title='bbox 545 3733 713 3790; x_wconf 87' lang='lat' dir='ltr'>psos,</span> <span class='ocrx_word' id='word_1_504' title='bbox 743 3716 846 3773; x_wconf 90' lang='lat' dir='ltr'>sed</span> <span class='ocrx_word' id='word_1_505' title='bbox 867 3717 1050 3773; x_wconf 85' lang='lat' dir='ltr'>etiam</span> <span class='ocrx_word' id='word_1_506' title='bbox 1071 3717 1354 3773; x_wconf 89' lang='lat' dir='ltr'>adversus</span> <span class='ocrx_word' id='word_1_507' title='bbox 1380 3717 1533 3773; x_wconf 84' lang='lat' dir='ltr'>ﬁlios</span> <span class='ocrx_word' id='word_1_508' title='bbox 1559 3734 1701 3773; x_wconf 89' lang='lat' dir='ltr'>suos</span> <span class='ocrx_word' id='word_1_509' title='bbox 1732 3716 1973 3773; x_wconf 82' lang='lat' dir='ltr'>trahunt</span> <span class='ocrx_word' id='word_1_510' title='bbox 1994 3716 2162 3788; x_wconf 74' lang='lat' dir='ltr'>ill]th</span> 
     </span>
    </p>
   </div>
   <div class='ocr_carea' id='block_1_75' title="bbox 2322 3709 3939 3790">
    <p class='ocr_par' dir='ltr' id='par_1_75' title="bbox 2322 3709 3939 3787">
     <span class='ocr_line' id='line_1_75' title="bbox 2322 3709 3939 3787; baseline 0 -21"><span class='ocrx_word' id='word_1_511' title='bbox 2322 3724 2419 3766; x_wconf 79' lang='grc' dir='ltr'>τῶν</span> <span class='ocrx_word' id='word_1_512' title='bbox 2468 3719 2653 3765; x_wconf 78' lang='grc' dir='ltr'>τέκνων</span> <span class='ocrx_word' id='word_1_513' title='bbox 2703 3712 2911 3765; x_wconf 73' lang='grc' dir='ltr'>ἕλκουσι</span> <span class='ocrx_word' id='word_1_514' title='bbox 2949 3719 3043 3771; x_wconf 76' lang='grc' dir='ltr'>τὴν</span> <span class='ocrx_word' id='word_1_515' title='bbox 3094 3712 3241 3787; x_wconf 82' lang='grc' dir='ltr'>ἀράν·</span> <span class='ocrx_word' id='word_1_516' title='bbox 3296 3714 3320 3764; x_wconf 91' lang='lat'>6</span> <span class='ocrx_word' id='word_1_517' title='bbox 3376 3709 3435 3765; x_wconf 70' lang='grc' dir='ltr'>δὲ</span> <span class='ocrx_word' id='word_1_518' title='bbox 3478 3717 3699 3786; x_wconf 78' lang='grc' dir='ltr'>Χριστὸς</span> <span class='ocrx_word' id='word_1_519' title='bbox 3738 3718 3835 3765; x_wconf 82' lang='grc' dir='ltr'>καὶ</span> <span class='ocrx_word' id='word_1_520' title='bbox 3881 3714 3939 3777; x_wconf 83' lang='grc' dir='ltr'><strong>ἐξ</strong></span> 
     </span>
    </p>
   </div>
   <div class='ocr_carea' id='block_1_76' title="bbox 547 3799 2164 3875">
    <p class='ocr_par' dir='ltr' id='par_1_76' title="bbox 547 3805 2164 3875">
     <span class='ocr_line' id='line_1_76' title="bbox 547 3805 2164 3875; baseline 0 -14"><span class='ocrx_word' id='word_1_521' title='bbox 547 3808 866 3862; x_wconf 87' lang='lat' dir='ltr'>cationem.</span> <span class='ocrx_word' id='word_1_522' title='bbox 910 3806 1175 3863; x_wconf 86' lang='lat' dir='ltr'>Christus</span> <span class='ocrx_word' id='word_1_523' title='bbox 1237 3822 1371 3862; x_wconf 88' lang='lat' dir='ltr'>vero</span> <span class='ocrx_word' id='word_1_524' title='bbox 1426 3812 1482 3862; x_wconf 91' lang='lat' dir='ltr'>et</span> <span class='ocrx_word' id='word_1_525' title='bbox 1540 3807 1614 3862; x_wconf 92' lang='lat' dir='ltr'>de</span> <span class='ocrx_word' id='word_1_526' title='bbox 1682 3806 1786 3875; x_wconf 89' lang='lat' dir='ltr'>eis,</span> <span class='ocrx_word' id='word_1_527' title='bbox 1844 3812 1899 3861; x_wconf 89' lang='lat' dir='ltr'>et</span> <span class='ocrx_word' id='word_1_528' title='bbox 1950 3806 2024 3861; x_wconf 89' lang='lat' dir='ltr'>de</span> <span class='ocrx_word' id='word_1_529' title='bbox 2072 3805 2164 3861; x_wconf 82' lang='lat' dir='ltr'>ﬁlii</span> 
     </span>
    </p>
   </div>
   <div class='ocr_carea' id='block_1_77' title="bbox 2318 3799 3935 3875">
    <p class='ocr_par' dir='ltr' id='par_1_77' title="bbox 2320 3799 3935 3874">
     <span class='ocr_line' id='line_1_77' title="bbox 2320 3799 3935 3874; baseline 0 -19"><span class='ocrx_word' id='word_1_530' title='bbox 2320 3804 2507 3869; x_wconf 68' lang='grc' dir='ltr'>αὐτῶν,</span> <span class='ocrx_word' id='word_1_531' title='bbox 2553 3808 2642 3855; x_wconf 81' lang='grc' dir='ltr'>καὶ</span> <span class='ocrx_word' id='word_1_532' title='bbox 2708 3802 2761 3854; x_wconf 87' lang='grc' dir='ltr'>ἐκ</span> <span class='ocrx_word' id='word_1_533' title='bbox 2820 3812 2919 3854; x_wconf 84' lang='grc' dir='ltr'>τῶν</span> <span class='ocrx_word' id='word_1_534' title='bbox 2974 3808 3159 3854; x_wconf 81' lang='grc' dir='ltr'>τέκνων</span> <span class='ocrx_word' id='word_1_535' title='bbox 3220 3799 3437 3874; x_wconf 75' lang='grc' dir='ltr'>δέχεται</span> <span class='ocrx_word' id='word_1_536' title='bbox 3488 3807 3604 3863; x_wconf 82' lang='grc' dir='ltr'>τούς</span> <span class='ocrx_word' id='word_1_537' title='bbox 3672 3807 3935 3874; x_wconf 74' lang='grc' dir='ltr'>μετανοή-</span> 
     </span>
    </p>
   </div>
   <div class='ocr_carea' id='block_1_78' title="bbox 544 3891 2161 3969">
    <p class='ocr_par' dir='ltr' id='par_1_78' title="bbox 544 3895 2161 3969">
     <span class='ocr_line' id='line_1_78' title="bbox 544 3895 2161 3969; baseline -0.003 -17"><span class='ocrx_word' id='word_1_538' title='bbox 544 3911 755 3952; x_wconf 88' lang='lat' dir='ltr'>eorum</span> <span class='ocrx_word' id='word_1_539' title='bbox 793 3895 1203 3968; x_wconf 89' lang='lat' dir='ltr'>resipiscentes</span> <span class='ocrx_word' id='word_1_540' title='bbox 1263 3896 1568 3969; x_wconf 83' lang='lat' dir='ltr'>suscepit;</span> <span class='ocrx_word' id='word_1_541' title='bbox 1604 3911 1713 3951; x_wconf 90' lang='lat' dir='ltr'>nec</span> <span class='ocrx_word' id='word_1_542' title='bbox 1764 3895 1961 3951; x_wconf 89' lang='lat' dir='ltr'>solum</span> <span class='ocrx_word' id='word_1_543' title='bbox 2001 3896 2161 3965; x_wconf 71' lang='lat' dir='ltr'>hujus</span> 
     </span>
    </p>
   </div>
   <div class='ocr_carea' id='block_1_79' title="bbox 2315 3891 3932 3969">
    <p class='ocr_par' dir='ltr' id='par_1_79' title="bbox 2321 3891 3932 3968">
     <span class='ocr_line' id='line_1_79' title="bbox 2321 3891 3932 3968; baseline -0.001 -22"><span class='ocrx_word' id='word_1_544' title='bbox 2321 3914 2527 3955; x_wconf 80' lang='grc' dir='ltr'>σαντας’</span> <span class='ocrx_word' id='word_1_545' title='bbox 2579 3900 2667 3945; x_wconf 87' lang='grc' dir='ltr'>καὶ</span> <span class='ocrx_word' id='word_1_546' title='bbox 2718 3892 2775 3944; x_wconf 74' lang='grc' dir='ltr'>ού</span> <span class='ocrx_word' id='word_1_547' title='bbox 2816 3898 2967 3965; x_wconf 89' lang='grc' dir='ltr'>μόνον</span> <span class='ocrx_word' id='word_1_548' title='bbox 3013 3891 3291 3965; x_wconf 80' lang='grc' dir='ltr'>ἐξαιρεῖται</span> <span class='ocrx_word' id='word_1_549' title='bbox 3339 3901 3429 3953; x_wconf 83' lang='grc' dir='ltr'>τῆς</span> <span class='ocrx_word' id='word_1_550' title='bbox 3479 3894 3721 3952; x_wconf 84' lang='grc' dir='ltr'>τοιαύτης</span> <span class='ocrx_word' id='word_1_551' title='bbox 3771 3893 3932 3968; x_wconf 80' lang='grc' dir='ltr'>ἀρᾶς,</span> 
     </span>
    </p>
   </div>
   <div class='ocr_carea' id='block_1_80' title="bbox 543 3980 2160 4059">
    <p class='ocr_par' dir='ltr' id='par_1_80' title="bbox 543 3985 2160 4059">
     <span class='ocr_line' id='line_1_80' title="bbox 543 3985 2160 4059; baseline -0.001 -18"><span class='ocrx_word' id='word_1_552' title='bbox 543 3985 707 4043; x_wconf 89' lang='lat' dir='ltr'>modi</span> <span class='ocrx_word' id='word_1_553' title='bbox 736 3985 949 4042; x_wconf 88' lang='lat' dir='ltr'>liberat</span> <span class='ocrx_word' id='word_1_554' title='bbox 976 3986 1418 4059; x_wconf 87' lang='lat' dir='ltr'>imprecatione,</span> <span class='ocrx_word' id='word_1_555' title='bbox 1473 3986 1581 4041; x_wconf 85' lang='lat' dir='ltr'>sed</span> <span class='ocrx_word' id='word_1_556' title='bbox 1635 3990 1688 4041; x_wconf 91' lang='lat' dir='ltr'>et</span> <span class='ocrx_word' id='word_1_557' title='bbox 1719 3985 1879 4041; x_wconf 86' lang='lat' dir='ltr'>mille</span> <span class='ocrx_word' id='word_1_558' title='bbox 1918 3985 2090 4040; x_wconf 89' lang='lat' dir='ltr'>bonis</span> <span class='ocrx_word' id='word_1_559' title='bbox 2122 3985 2160 4040; x_wconf 92' lang='lat' dir='ltr'>d</span> 
     </span>
    </p>
   </div>
   <div class='ocr_carea' id='block_1_81' title="bbox 2321 3980 3938 4059">
    <p class='ocr_par' dir='ltr' id='par_1_81' title="bbox 2321 3980 3938 4058">
     <span class='ocr_line' id='line_1_81' title="bbox 2321 3980 3938 4058; baseline 0.001 -24"><span class='ocrx_word' id='word_1_560' title='bbox 2321 3985 2442 4036; x_wconf 75' lang='grc' dir='ltr'>ἀλλά</span> <span class='ocrx_word' id='word_1_561' title='bbox 2481 3990 2570 4036; x_wconf 83' lang='grc' dir='ltr'>καὶ</span> <span class='ocrx_word' id='word_1_562' title='bbox 2620 3988 2817 4058; x_wconf 85' lang='grc' dir='ltr'>μυρίων</span> <span class='ocrx_word' id='word_1_563' title='bbox 2868 3982 3073 4053; x_wconf 80' lang='grc' dir='ltr'>ἀγαθῶν</span> <span class='ocrx_word' id='word_1_564' title='bbox 3104 3980 3267 4044; x_wconf 81' lang='grc' dir='ltr'>ἀξιοῖ.</span> <span class='ocrx_word' id='word_1_565' title='bbox 3322 3987 3419 4034; x_wconf 85' lang='grc' dir='ltr'>Καὶ</span> <span class='ocrx_word' id='word_1_566' title='bbox 3448 3985 3547 4055; x_wconf 81' lang='grc' dir='ltr'>γὰρ</span> <span class='ocrx_word' id='word_1_567' title='bbox 3586 3987 3674 4034; x_wconf 84' lang='grc' dir='ltr'>καὶ</span> <span class='ocrx_word' id='word_1_568' title='bbox 3720 3985 3938 4046; x_wconf 76' lang='grc' dir='ltr'>Παῦλος</span> 
     </span>
    </p>
   </div>
   <div class='ocr_carea' id='block_1_82' title="bbox 539 4068 2156 4147">
    <p class='ocr_par' dir='ltr' id='par_1_82' title="bbox 539 4075 2151 4145">
     <span class='ocr_line' id='line_1_82' title="bbox 539 4075 2151 4145; baseline 0 -15"><span class='ocrx_word' id='word_1_569' title='bbox 539 4089 693 4145; x_wconf 87' lang='lat' dir='ltr'>gnos</span> <span class='ocrx_word' id='word_1_570' title='bbox 720 4075 900 4132; x_wconf 89' lang='lat' dir='ltr'>ducit.</span> <span class='ocrx_word' id='word_1_571' title='bbox 925 4078 1074 4131; x_wconf 89' lang='lat' dir='ltr'>Nam</span> <span class='ocrx_word' id='word_1_572' title='bbox 1106 4082 1160 4132; x_wconf 89' lang='lat' dir='ltr'>et</span> <span class='ocrx_word' id='word_1_573' title='bbox 1189 4075 1404 4132; x_wconf 87' lang='lat' dir='ltr'>Paulus</span> <span class='ocrx_word' id='word_1_574' title='bbox 1436 4091 1507 4131; x_wconf 82' lang='lat' dir='ltr'>ex</span> <span class='ocrx_word' id='word_1_575' title='bbox 1538 4075 1621 4130; x_wconf 93' lang='lat' dir='ltr'>eis</span> <span class='ocrx_word' id='word_1_576' title='bbox 1649 4080 1795 4144; x_wconf 86' lang='lat' dir='ltr'>erat,</span> <span class='ocrx_word' id='word_1_577' title='bbox 1821 4080 1876 4130; x_wconf 92' lang='lat' dir='ltr'>et</span> <span class='ocrx_word' id='word_1_578' title='bbox 1902 4076 2151 4130; x_wconf 91' lang='lat' dir='ltr'>iunume</span> 
     </span>
    </p>
   </div>
   <div class='ocr_carea' id='block_1_83' title="bbox 2321 4068 3938 4147">
    <p class='ocr_par' dir='ltr' id='par_1_83' title="bbox 2321 4068 3938 4147">
     <span class='ocr_line' id='line_1_83' title="bbox 2321 4068 3938 4147; baseline -0.003 -19"><span class='ocrx_word' id='word_1_579' title='bbox 2321 4075 2367 4138; x_wconf 75' lang='grc' dir='ltr'>ἐξ</span> <span class='ocrx_word' id='word_1_580' title='bbox 2395 4075 2561 4127; x_wconf 65' lang='grc' dir='ltr'>αὐτῶν</span> <span class='ocrx_word' id='word_1_581' title='bbox 2593 4070 2673 4144; x_wconf 68' lang='grc' dir='ltr'>ἦν,</span> <span class='ocrx_word' id='word_1_582' title='bbox 2709 4076 2794 4124; x_wconf 86' lang='grc' dir='ltr'>καὶ</span> <span class='ocrx_word' id='word_1_583' title='bbox 2839 4068 3093 4147; x_wconf 71' lang='grc' dir='ltr'>μυριάδες</span> <span class='ocrx_word' id='word_1_584' title='bbox 3124 4080 3223 4123; x_wconf 77' lang='grc' dir='ltr'>τῶν</span> <span class='ocrx_word' id='word_1_585' title='bbox 3255 4077 3671 4124; x_wconf 78' lang='grc' dir='ltr'>πεπιστευκότων</span> <span class='ocrx_word' id='word_1_586' title='bbox 3704 4071 3756 4123; x_wconf 87' lang='grc' dir='ltr'>ἐν</span> <span class='ocrx_word' id='word_1_587' title='bbox 3812 4075 3938 4146; x_wconf 80' lang='grc'>(19)</span> 
     </span>
    </p>
   </div>
   <div class='ocr_carea' id='block_1_84' title="bbox 534 4164 2151 4240">
    <p class='ocr_par' dir='ltr' id='par_1_84' title="bbox 534 4164 2151 4240">
     <span class='ocr_line' id='line_1_84' title="bbox 534 4164 2151 4240; baseline -0.001 -19"><span class='ocrx_word' id='word_1_588' title='bbox 534 4166 861 4239; x_wconf 45' lang='lat' dir='ltr'>eoruquui</span> <span class='ocrx_word' id='word_1_589' title='bbox 883 4166 1270 4240; x_wconf 90' lang='lat' dir='ltr'>postmodum</span> <span class='ocrx_word' id='word_1_590' title='bbox 1309 4165 1742 4236; x_wconf 86' lang='lat' dir='ltr'>Hierosolymis</span> <span class='ocrx_word' id='word_1_591' title='bbox 1800 4164 2151 4220; x_wconf 91' lang='lat' dir='ltr'>crediderun</span> 
     </span>
    </p>
   </div>
   <div class='ocr_carea' id='block_1_85' title="bbox 1096 4164 2713 4240">
    <p class='ocr_par' dir='ltr' id='par_1_85' title="bbox 1096 4164 2713 4240">
     <span class='ocr_line' id='line_1_85' title="bbox 1096 4164 2713 4240; baseline -0.002 -18"><span class='ocrx_word' id='word_1_592' title='bbox 1096 4166 1270 4222; x_wconf 62' lang='lat' dir='ltr'>udum</span> <span class='ocrx_word' id='word_1_593' title='bbox 1309 4165 1742 4236; x_wconf 86' lang='lat' dir='ltr'>Hierosolymis</span> <span class='ocrx_word' id='word_1_594' title='bbox 1800 4164 2197 4222; x_wconf 91' lang='lat' dir='ltr'>crediderunt.</span> <span class='ocrx_word' id='word_1_595' title='bbox 2312 4164 2713 4240; x_wconf 82' lang='grc' dir='ltr'>Ἱεροσολύμοις.</span> 
     </span>
    </p>
   </div>
   <div class='ocr_carea' id='block_1_86' title="bbox 604 4248 2221 4327">
    <p class='ocr_par' dir='ltr' id='par_1_86' title="bbox 604 4254 2198 4326">
     <span class='ocr_line' id='line_1_86' title="bbox 604 4254 2198 4326; baseline -0.001 -16"><span class='ocrx_word' id='word_1_596' title='bbox 604 4257 767 4313; x_wconf 90' lang='lat' dir='ltr'>Vers.</span> <span class='ocrx_word' id='word_1_597' title='bbox 799 4259 887 4311; x_wconf 88' lang='lat'>26.</span> <span class='ocrx_word' id='word_1_598' title='bbox 915 4258 1073 4313; x_wconf 84' lang='lat' dir='ltr'>Tunc</span> <span class='ocrx_word' id='word_1_599' title='bbox 1098 4288 1167 4296; x_wconf 93' lang='lat'>—</span> <span class='ocrx_word' id='word_1_600' title='bbox 1194 4256 1665 4326; x_wconf 79' lang='lat' dir='ltr'>cruciﬁgeretur.</span> <span class='ocrx_word' id='word_1_601' title='bbox 1698 4257 1921 4310; x_wconf 83' lang='lat' dir='ltr'>Marcus</span> <span class='ocrx_word' id='word_1_602' title='bbox 1952 4254 2101 4311; x_wconf 77' lang='lat' dir='ltr'>dixit</span> <span class='ocrx_word' id='word_1_603' title='bbox 2130 4258 2198 4325; x_wconf 79' lang='grc'>²²,</span> 
     </span>
    </p>
   </div>
   <div class='ocr_carea' id='block_1_87' title="bbox 2314 4248 3931 4327">
    <p class='ocr_par' dir='ltr' id='par_1_87' title="bbox 2383 4248 3931 4327">
     <span class='ocr_line' id='line_1_87' title="bbox 2383 4248 3931 4327; baseline 0 -20"><span class='ocrx_word' id='word_1_604' title='bbox 2383 4259 2509 4307; x_wconf 82' lang='grc' dir='ltr'>Τότε</span> <span class='ocrx_word' id='word_1_605' title='bbox 2564 4285 2633 4293; x_wconf 93' lang='lat'>—-</span> <span class='ocrx_word' id='word_1_606' title='bbox 2695 4253 2995 4327; x_wconf 73' lang='grc' dir='ltr'>σταυρωθῇ.</span> <span class='ocrx_word' id='word_1_607' title='bbox 3058 4253 3274 4324; x_wconf 82' lang='grc' dir='ltr'>Μάρκος</span> <span class='ocrx_word' id='word_1_608' title='bbox 3327 4254 3417 4318; x_wconf 71' lang='grc' dir='ltr'>μὲν</span> <span class='ocrx_word' id='word_1_609' title='bbox 3475 4248 3610 4304; x_wconf 79' lang='grc' dir='ltr'>εἶπεν</span> <span class='ocrx_word' id='word_1_610' title='bbox 3662 4250 3742 4303; x_wconf 90' lang='grc' dir='ltr'>ὃτι</span> <span class='ocrx_word' id='word_1_611' title='bbox 3798 4252 3931 4326; x_wconf 83' lang='grc' dir='ltr'>βου-</span> 
     </span>
    </p>
   </div>
   <div class='ocr_carea' id='block_1_88' title="bbox 529 4338 2146 4418">
    <p class='ocr_par' dir='ltr' id='par_1_88' title="bbox 529 4344 2146 4418">
     <span class='ocr_line' id='line_1_88' title="bbox 529 4344 2146 4418; baseline 0 -18"><span class='ocrx_word' id='word_1_612' title='bbox 529 4344 698 4418; x_wconf 89' lang='lat' dir='ltr'>quod</span> <span class='ocrx_word' id='word_1_613' title='bbox 754 4345 963 4401; x_wconf 90' lang='lat' dir='ltr'>volens</span> <span class='ocrx_word' id='word_1_614' title='bbox 1000 4345 1228 4418; x_wconf 91' lang='lat' dir='ltr'>populo</span> <span class='ocrx_word' id='word_1_615' title='bbox 1270 4344 1612 4401; x_wconf 87' lang='lat' dir='ltr'>satisfacere</span> <span class='ocrx_word' id='word_1_616' title='bbox 1647 4360 1660 4411; x_wconf 90' lang='lat'>;</span> <span class='ocrx_word' id='word_1_617' title='bbox 1712 4345 1901 4400; x_wconf 91' lang='lat' dir='ltr'>Lucas</span> <span class='ocrx_word' id='word_1_618' title='bbox 1961 4360 2095 4400; x_wconf 91' lang='lat' dir='ltr'>vero</span> <span class='ocrx_word' id='word_1_619' title='bbox 2127 4348 2146 4379; x_wconf 88' lang='grc'>²</span> 
     </span>
    </p>
   </div>
   <div class='ocr_carea' id='block_1_89' title="bbox 2321 4338 3938 4418">
    <p class='ocr_par' dir='ltr' id='par_1_89' title="bbox 2321 4338 3938 4417">
     <span class='ocr_line' id='line_1_89' title="bbox 2321 4338 3938 4417; baseline 0 -21"><span class='ocrx_word' id='word_1_620' title='bbox 2321 4349 2517 4417; x_wconf 69' lang='grc' dir='ltr'>λόμενος</span> <span class='ocrx_word' id='word_1_621' title='bbox 2558 4350 2629 4413; x_wconf 82' lang='grc' dir='ltr'>τῷ</span> <span class='ocrx_word' id='word_1_622' title='bbox 2670 4342 2812 4413; x_wconf 79' lang='grc' dir='ltr'>ὄχλῳ</span> <span class='ocrx_word' id='word_1_623' title='bbox 2862 4345 2919 4392; x_wconf 86' lang='grc' dir='ltr'>τὸ</span> <span class='ocrx_word' id='word_1_624' title='bbox 2958 4344 3129 4392; x_wconf 79' lang='grc' dir='ltr'>ἱκανὸν</span> <span class='ocrx_word' id='word_1_625' title='bbox 3169 4349 3410 4400; x_wconf 68' lang='grc' dir='ltr'>ποιῆσαν</span> <span class='ocrx_word' id='word_1_626' title='bbox 3454 4346 3664 4403; x_wconf 70' lang='grc' dir='ltr'>Λουκᾶς</span> <span class='ocrx_word' id='word_1_627' title='bbox 3715 4338 3803 4404; x_wconf 71' lang='grc' dir='ltr'>δὲ,</span> <span class='ocrx_word' id='word_1_628' title='bbox 3851 4346 3938 4396; x_wconf 88' lang='grc' dir='ltr'>ὄτι</span> 
     </span>
    </p>
   </div>
   <div class='ocr_carea' id='block_1_90' title="bbox 529 4428 2146 4533">
    <p class='ocr_par' dir='ltr' id='par_1_90' title="bbox 529 4434 2146 4509">
     <span class='ocr_line' id='line_1_90' title="bbox 529 4434 2146 4509; baseline -0.002 -20"><span class='ocrx_word' id='word_1_629' title='bbox 529 4434 696 4507; x_wconf 91' lang='lat' dir='ltr'>quod</span> <span class='ocrx_word' id='word_1_630' title='bbox 722 4434 1096 4505; x_wconf 90' lang='lat' dir='ltr'>adjudicavit</span> <span class='ocrx_word' id='word_1_631' title='bbox 1127 4434 1253 4489; x_wconf 89' lang='lat' dir='ltr'>ﬁeri</span> <span class='ocrx_word' id='word_1_632' title='bbox 1310 4434 1659 4506; x_wconf 88' lang='lat' dir='ltr'>petitionem</span> <span class='ocrx_word' id='word_1_633' title='bbox 1703 4450 1936 4490; x_wconf 90' lang='lat' dir='ltr'>eorum.</span> <span class='ocrx_word' id='word_1_634' title='bbox 1978 4438 2146 4509; x_wconf 85' lang='grc' dir='ltr'>Φραγέ</span> 
     </span>
    </p>
   </div>
   <div class='ocr_carea' id='block_1_91' title="bbox 2319 4428 3936 4533">
    <p class='ocr_par' dir='ltr' id='par_1_91' title="bbox 2319 4428 3936 4508">
     <span class='ocr_line' id='line_1_91' title="bbox 2319 4428 3936 4508; baseline -0.001 -21"><span class='ocrx_word' id='word_1_635' title='bbox 2319 4434 2537 4508; x_wconf 75' lang='grc' dir='ltr'>ἓπέκρινε</span> <span class='ocrx_word' id='word_1_636' title='bbox 2588 4434 2828 4504; x_wconf 83' lang='grc' dir='ltr'>γενέσθαι</span> <span class='ocrx_word' id='word_1_637' title='bbox 2886 4434 2943 4482; x_wconf 90' lang='grc' dir='ltr'>τὸ</span> <span class='ocrx_word' id='word_1_638' title='bbox 3008 4434 3209 4502; x_wconf 82' lang='grc' dir='ltr'>αῖτημα</span> <span class='ocrx_word' id='word_1_639' title='bbox 3253 4430 3441 4485; x_wconf 69' lang='grc' dir='ltr'>αὐτῶν.</span> <span class='ocrx_word' id='word_1_640' title='bbox 3499 4435 3568 4483; x_wconf 89' lang='lat' dir='ltr'><strong><em>T6</em></strong></span> <span class='ocrx_word' id='word_1_641' title='bbox 3610 4428 3668 4483; x_wconf 71' lang='grc' dir='ltr'>δὲ</span> <span class='ocrx_word' id='word_1_642' title='bbox 3718 4438 3936 4507; x_wconf 77' lang='grc' dir='ltr'>φραγέ-</span> 
     </span>
    </p>
   </div>
   <div class='ocr_carea' id='block_1_92' title="bbox 527 4518 2144 4597">
    <p class='ocr_par' dir='ltr' id='par_1_92' title="bbox 527 4520 2144 4597">
     <span class='ocr_line' id='line_1_92' title="bbox 527 4520 2144 4597; baseline 0.002 -23"><span class='ocrx_word' id='word_1_643' title='bbox 527 4520 636 4575; x_wconf 88' lang='grc' dir='ltr'>λιον</span> <span class='ocrx_word' id='word_1_644' title='bbox 680 4528 882 4580; x_wconf 86' lang='lat' dir='ltr'>autem</span> <span class='ocrx_word' id='word_1_645' title='bbox 930 4523 1120 4596; x_wconf 91' lang='lat' dir='ltr'>(quod</span> <span class='ocrx_word' id='word_1_646' title='bbox 1168 4540 1279 4579; x_wconf 90' lang='lat' dir='ltr'>nos</span> <span class='ocrx_word' id='word_1_647' title='bbox 1318 4524 1605 4595; x_wconf 84' lang='lat' dir='ltr'>ﬂagellum</span> <span class='ocrx_word' id='word_1_648' title='bbox 1653 4524 1932 4597; x_wconf 90' lang='lat' dir='ltr'>dicimus)</span> <span class='ocrx_word' id='word_1_649' title='bbox 1988 4525 2144 4580; x_wconf 75' lang='lat' dir='ltr'>VBPbt</span> 
     </span>
    </p>
   </div>
   <div class='ocr_carea' id='block_1_93' title="bbox 2315 4518 3932 4597">
    <p class='ocr_par' dir='ltr' id='par_1_93' title="bbox 2315 4518 3932 4596">
     <span class='ocr_line' id='line_1_93' title="bbox 2315 4518 3932 4596; baseline -0.002 -20"><span class='ocrx_word' id='word_1_650' title='bbox 2315 4526 2413 4576; x_wconf 80' lang='grc' dir='ltr'>λιον</span> <span class='ocrx_word' id='word_1_651' title='bbox 2470 4522 2667 4596; x_wconf 73' lang='grc' dir='ltr'>μάστιξ</span> <span class='ocrx_word' id='word_1_652' title='bbox 2719 4518 2778 4579; x_wconf 79' lang='grc' dir='ltr'>ἧν</span> <span class='ocrx_word' id='word_1_653' title='bbox 2846 4520 2900 4572; x_wconf 84' lang='grc' dir='ltr'>ἐκ</span> <span class='ocrx_word' id='word_1_654' title='bbox 2958 4525 3186 4592; x_wconf 86' lang='grc' dir='ltr'>σχοίνων</span> <span class='ocrx_word' id='word_1_655' title='bbox 3241 4521 3268 4579; x_wconf 72' lang='grc' dir='ltr'><strong><em>ἦ</em></strong></span> <span class='ocrx_word' id='word_1_656' title='bbox 3339 4519 3513 4594; x_wconf 82' lang='grc' dir='ltr'>λώρων</span> <span class='ocrx_word' id='word_1_657' title='bbox 3566 4521 3932 4594; x_wconf 72' lang='grc' dir='ltr'>πεπλεγμένη,</span> 
     </span>
    </p>
   </div>
   <div class='ocr_carea' id='block_1_94' title="bbox 527 4607 2144 4687">
    <p class='ocr_par' dir='ltr' id='par_1_94' title="bbox 527 4611 2144 4685">
     <span class='ocr_line' id='line_1_94' title="bbox 527 4611 2144 4685; baseline 0.001 -18"><span class='ocrx_word' id='word_1_658' title='bbox 527 4616 711 4668; x_wconf 81' lang='lat' dir='ltr'>crate</span> <span class='ocrx_word' id='word_1_659' title='bbox 757 4611 1038 4668; x_wconf 88' lang='lat' dir='ltr'>funiculis</span> <span class='ocrx_word' id='word_1_660' title='bbox 1084 4618 1186 4670; x_wconf 91' lang='lat' dir='ltr'>aut</span> <span class='ocrx_word' id='word_1_661' title='bbox 1224 4613 1367 4669; x_wconf 89' lang='lat' dir='ltr'>loris</span> <span class='ocrx_word' id='word_1_662' title='bbox 1408 4619 1774 4680; x_wconf 87' lang='lat' dir='ltr'>contextum,</span> <span class='ocrx_word' id='word_1_663' title='bbox 1832 4630 1954 4685; x_wconf 87' lang='lat' dir='ltr'>quo</span> <span class='ocrx_word' id='word_1_664' title='bbox 2008 4614 2144 4671; x_wconf 88' lang='lat' dir='ltr'>dors</span> 
     </span>
    </p>
   </div>
   <div class='ocr_carea' id='block_1_95' title="bbox 2315 4607 3932 4687">
    <p class='ocr_par' dir='ltr' id='par_1_95' title="bbox 2315 4607 3932 4685">
     <span class='ocr_line' id='line_1_95' title="bbox 2315 4607 3932 4685; baseline -0.002 -19"><span class='ocrx_word' id='word_1_665' title='bbox 2315 4614 2421 4666; x_wconf 72' lang='grc' dir='ltr'>αεθ’</span> <span class='ocrx_word' id='word_1_666' title='bbox 2474 4613 2533 4673; x_wconf 79' lang='grc' dir='ltr'>ἧς</span> <span class='ocrx_word' id='word_1_667' title='bbox 2589 4614 2803 4663; x_wconf 85' lang='grc' dir='ltr'>ἔτυπτον</span> <span class='ocrx_word' id='word_1_668' title='bbox 2857 4612 2924 4663; x_wconf 83' lang='grc' dir='ltr'>τὰ</span> <span class='ocrx_word' id='word_1_669' title='bbox 2961 4619 3096 4662; x_wconf 83' lang='grc' dir='ltr'>νῶτα</span> <span class='ocrx_word' id='word_1_670' title='bbox 3153 4619 3252 4661; x_wconf 88' lang='grc' dir='ltr'>τῶν</span> <span class='ocrx_word' id='word_1_671' title='bbox 3302 4607 3622 4665; x_wconf 73' lang='grc' dir='ltr'>καταδίκων.</span> <span class='ocrx_word' id='word_1_672' title='bbox 3680 4611 3932 4685; x_wconf 66' lang='grc' dir='ltr'>Ἐσαφή-</span> 
     </span>
    </p>
   </div>
   <div class='ocr_carea' id='block_1_96' title="bbox 526 4698 2143 4775">
    <p class='ocr_par' dir='ltr' id='par_1_96' title="bbox 526 4702 2143 4775">
     <span class='ocr_line' id='line_1_96' title="bbox 526 4702 2143 4775; baseline 0.002 -18"><span class='ocrx_word' id='word_1_673' title='bbox 526 4702 1069 4759; x_wconf 88' lang='lat' dir='ltr'>condemnatorum</span> <span class='ocrx_word' id='word_1_674' title='bbox 1091 4702 1510 4759; x_wconf 87' lang='lat' dir='ltr'>verberabant.</span> <span class='ocrx_word' id='word_1_675' title='bbox 1531 4704 2030 4775; x_wconf 88' lang='lat' dir='ltr'>.Flagellationem</span> <span class='ocrx_word' id='word_1_676' title='bbox 2051 4721 2143 4760; x_wconf 74' lang='lat' dir='ltr'>vel</span> 
     </span>
    </p>
   </div>
   <div class='ocr_carea' id='block_1_97' title="bbox 2317 4698 3934 4775">
    <p class='ocr_par' dir='ltr' id='par_1_97' title="bbox 2317 4698 3934 4775">
     <span class='ocr_line' id='line_1_97' title="bbox 2317 4698 3934 4775; baseline -0.001 -23"><span class='ocrx_word' id='word_1_677' title='bbox 2317 4723 2415 4756; x_wconf 72' lang='grc' dir='ltr'>ρισε</span> <span class='ocrx_word' id='word_1_678' title='bbox 2490 4699 2549 4755; x_wconf 67' lang='grc' dir='ltr'>δὲ</span> <span class='ocrx_word' id='word_1_679' title='bbox 2630 4706 2723 4759; x_wconf 78' lang='grc' dir='ltr'>τὴν</span> <span class='ocrx_word' id='word_1_680' title='bbox 2792 4700 3113 4775; x_wconf 75' lang='grc' dir='ltr'>φραγέλωσιν</span> <span class='ocrx_word' id='word_1_681' title='bbox 3174 4700 3200 4751; x_wconf 89' lang='lat'>6</span> <span class='ocrx_word' id='word_1_682' title='bbox 3276 4698 3509 4761; x_wconf 68' lang='grc' dir='ltr'>Ἰωάννης</span> <span class='ocrx_word' id='word_1_683' title='bbox 3562 4700 3778 4773; x_wconf 71' lang='grc' dir='ltr'>γράψας</span> <span class='ocrx_word' id='word_1_684' title='bbox 3846 4706 3934 4755; x_wconf 83' lang='grc' dir='ltr'>ὅτι</span> 
     </span>
    </p>
   </div>
   <div class='ocr_carea' id='block_1_98' title="bbox 524 4789 2141 4862">
    <p class='ocr_par' dir='ltr' id='par_1_98' title="bbox 524 4790 2141 4861">
     <span class='ocr_line' id='line_1_98' title="bbox 524 4790 2141 4861; baseline 0.001 -15"><span class='ocrx_word' id='word_1_685' title='bbox 524 4790 1204 4849; x_wconf 85' lang='lat' dir='ltr'>manifestavitJoannes</span> <span class='ocrx_word' id='word_1_686' title='bbox 1219 4792 1426 4848; x_wconf 91' lang='lat' dir='ltr'>dicens</span> <span class='ocrx_word' id='word_1_687' title='bbox 1449 4810 1461 4847; x_wconf 89' lang='lat'><strong>:</strong></span> <span class='ocrx_word' id='word_1_688' title='bbox 1484 4793 1718 4861; x_wconf 73' lang='lat' dir='ltr'>Accepit</span> <span class='ocrx_word' id='word_1_689' title='bbox 1738 4792 1968 4849; x_wconf 75' lang='lat' dir='ltr'>Pilatus</span> <span class='ocrx_word' id='word_1_690' title='bbox 1994 4794 2141 4849; x_wconf 67' lang='lat' dir='ltr'>Iesu:</span> 
     </span>
    </p>
   </div>
   <div class='ocr_carea' id='block_1_99' title="bbox 2311 4789 3928 4862">
    <p class='ocr_par' dir='ltr' id='par_1_99' title="bbox 2311 4789 3928 4862">
     <span class='ocr_line' id='line_1_99' title="bbox 2311 4789 3928 4862; baseline -0.001 -17"><span class='ocrx_word' id='word_1_691' title='bbox 2311 4791 2474 4845; x_wconf 72' lang='grc' dir='ltr'>ἔλαϐεν</span> <span class='ocrx_word' id='word_1_692' title='bbox 2519 4794 2543 4844; x_wconf 89' lang='lat'>6</span> <span class='ocrx_word' id='word_1_693' title='bbox 2594 4791 2815 4853; x_wconf 77' lang='grc' dir='ltr'>Πιλάτος</span> <span class='ocrx_word' id='word_1_694' title='bbox 2846 4794 2933 4843; x_wconf 86' lang='grc' dir='ltr'>τὸν</span> <span class='ocrx_word' id='word_1_695' title='bbox 2977 4791 3205 4857; x_wconf 81' lang='grc' dir='ltr'>Ἰησοῦν,</span> <span class='ocrx_word' id='word_1_696' title='bbox 3251 4794 3340 4841; x_wconf 86' lang='grc' dir='ltr'>καὶ</span> <span class='ocrx_word' id='word_1_697' title='bbox 3377 4789 3727 4862; x_wconf 84' lang='grc' dir='ltr'>ἐμαστίγωσε.</span> <span class='ocrx_word' id='word_1_698' title='bbox 3766 4797 3928 4843; x_wconf 75' lang='grc' dir='ltr'>Ταῦ-</span> 
     </span>
    </p>
   </div>
   <div class='ocr_carea' id='block_1_100' title="bbox 521 4879 2138 4952">
    <p class='ocr_par' dir='ltr' id='par_1_100' title="bbox 521 4881 2138 4952">
     <span class='ocr_line' id='line_1_100' title="bbox 521 4881 2138 4952; baseline 0.001 -14"><span class='ocrx_word' id='word_1_699' title='bbox 521 4887 573 4938; x_wconf 89' lang='lat' dir='ltr'>et</span> <span class='ocrx_word' id='word_1_700' title='bbox 608 4882 935 4952; x_wconf 78' lang='lat' dir='ltr'>flagellauit</span> <span class='ocrx_word' id='word_1_701' title='bbox 966 4884 1033 4937; x_wconf 60' lang='grc' dir='ltr'>πθ.</span> <span class='ocrx_word' id='word_1_702' title='bbox 1069 4885 1200 4938; x_wconf 69' lang='lat' dir='ltr'>Haec</span> <span class='ocrx_word' id='word_1_703' title='bbox 1228 4888 1428 4939; x_wconf 88' lang='lat' dir='ltr'>autem</span> <span class='ocrx_word' id='word_1_704' title='bbox 1470 4881 1625 4946; x_wconf 84' lang='lat' dir='ltr'>fecit,</span> <span class='ocrx_word' id='word_1_705' title='bbox 1664 4888 1723 4937; x_wconf 90' lang='lat' dir='ltr'>ut</span> <span class='ocrx_word' id='word_1_706' title='bbox 1751 4884 2009 4951; x_wconf 87' lang='lat' dir='ltr'>rigorem</span> <span class='ocrx_word' id='word_1_707' title='bbox 2034 4884 2138 4940; x_wconf 69' lang='lat' dir='ltr'>infe</span> 
     </span>
    </p>
   </div>
   <div class='ocr_carea' id='block_1_101' title="bbox 2313 4879 3930 4952">
    <p class='ocr_par' dir='ltr' id='par_1_101' title="bbox 2313 4879 3930 4951">
     <span class='ocr_line' id='line_1_101' title="bbox 2313 4879 3930 4951; baseline -0.001 -15"><span class='ocrx_word' id='word_1_708' title='bbox 2313 4903 2366 4935; x_wconf 82' lang='lat' dir='ltr'>ru</span> <span class='ocrx_word' id='word_1_709' title='bbox 2413 4879 2471 4935; x_wconf 73' lang='grc' dir='ltr'>δὲ</span> <span class='ocrx_word' id='word_1_710' title='bbox 2518 4886 2815 4946; x_wconf 85' lang='grc' dir='ltr'>πεποίηκεν,</span> <span class='ocrx_word' id='word_1_711' title='bbox 2866 4879 3082 4931; x_wconf 72' lang='grc' dir='ltr'>ἐκλῦσαι</span> <span class='ocrx_word' id='word_1_712' title='bbox 3122 4884 3208 4931; x_wconf 87' lang='grc' dir='ltr'>τὸν</span> <span class='ocrx_word' id='word_1_713' title='bbox 3255 4883 3397 4931; x_wconf 86' lang='grc' dir='ltr'>τόνον</span> <span class='ocrx_word' id='word_1_714' title='bbox 3440 4886 3531 4939; x_wconf 84' lang='grc' dir='ltr'>τῆς</span> <span class='ocrx_word' id='word_1_715' title='bbox 3579 4884 3772 4951; x_wconf 88' lang='grc' dir='ltr'>μανίας</span> <span class='ocrx_word' id='word_1_716' title='bbox 3817 4890 3930 4934; x_wconf 82' lang='grc' dir='ltr'>τῶν</span> 
     </span>
    </p>
   </div>
   <div class='ocr_carea' id='block_1_102' title="bbox 516 4965 2133 5045">
    <p class='ocr_par' dir='ltr' id='par_1_102' title="bbox 516 4971 2133 5043">
     <span class='ocr_line' id='line_1_102' title="bbox 516 4971 2133 5043; baseline 0.002 -18"><span class='ocrx_word' id='word_1_717' title='bbox 516 4971 653 5025; x_wconf 69' lang='lat' dir='ltr'>miaa</span> <span class='ocrx_word' id='word_1_718' title='bbox 684 4971 1029 5027; x_wconf 70' lang='lat' dir='ltr'>Judmorum</span> <span class='ocrx_word' id='word_1_719' title='bbox 1052 4978 1175 5028; x_wconf 88' lang='lat' dir='ltr'>arte</span> <span class='ocrx_word' id='word_1_720' title='bbox 1197 4971 1681 5043; x_wconf 84' lang='lat' dir='ltr'>retraheret(vv),</span> <span class='ocrx_word' id='word_1_721' title='bbox 1711 4976 1771 5027; x_wconf 91' lang='lat' dir='ltr'>ut</span> <span class='ocrx_word' id='word_1_722' title='bbox 1802 4972 1931 5027; x_wconf 87' lang='lat' dir='ltr'>visa</span> <span class='ocrx_word' id='word_1_723' title='bbox 1962 4972 2133 5042; x_wconf 85' lang='lat' dir='ltr'>injuri</span> 
     </span>
    </p>
   </div>
   <div class='ocr_carea' id='block_1_103' title="bbox 2310 4965 3927 5045">
    <p class='ocr_par' dir='ltr' id='par_1_103' title="bbox 2310 4965 3927 5045">
     <span class='ocr_line' id='line_1_103' title="bbox 2310 4965 3927 5045; baseline -0.001 -20"><span class='ocrx_word' id='word_1_724' title='bbox 2310 4969 2569 5025; x_wconf 76' lang='grc' dir='ltr'>Ἰουδαίων</span> <span class='ocrx_word' id='word_1_725' title='bbox 2621 4975 3015 5044; x_wconf 78' lang='grc' dir='ltr'>μηχανώμενος,</span> <span class='ocrx_word' id='word_1_726' title='bbox 3088 4969 3241 5034; x_wconf 88' lang='grc' dir='ltr'>ὃπως,</span> <span class='ocrx_word' id='word_1_727' title='bbox 3311 4965 3504 5029; x_wconf 79' lang='grc' dir='ltr'>ἰδόντες</span> <span class='ocrx_word' id='word_1_728' title='bbox 3570 4974 3663 5028; x_wconf 81' lang='grc' dir='ltr'>τὴν</span> <span class='ocrx_word' id='word_1_729' title='bbox 3730 4968 3927 5045; x_wconf 76' lang='grc' dir='ltr'>ὓϐριν,</span> 
     </span>
    </p>
   </div>
   <div class='ocr_carea' id='block_1_104' title="bbox 513 5057 2130 5135">
    <p class='ocr_par' dir='ltr' id='par_1_104' title="bbox 513 5060 2130 5135">
     <span class='ocr_line' id='line_1_104' title="bbox 513 5060 2130 5135; baseline 0.001 -19"><span class='ocrx_word' id='word_1_730' title='bbox 513 5075 652 5132; x_wconf 84' lang='lat' dir='ltr'>quae</span> <span class='ocrx_word' id='word_1_731' title='bbox 682 5060 743 5116; x_wconf 89' lang='lat' dir='ltr'>in</span> <span class='ocrx_word' id='word_1_732' title='bbox 782 5077 923 5118; x_wconf 90' lang='lat' dir='ltr'>eum</span> <span class='ocrx_word' id='word_1_733' title='bbox 967 5060 1123 5118; x_wconf 87' lang='lat' dir='ltr'>facta</span> <span class='ocrx_word' id='word_1_734' title='bbox 1162 5066 1320 5117; x_wconf 87' lang='lat' dir='ltr'>esset</span> <span class='ocrx_word' id='word_1_735' title='bbox 1366 5060 1685 5131; x_wconf 85' lang='lat' dir='ltr'>auditaque</span> <span class='ocrx_word' id='word_1_736' title='bbox 1738 5062 2031 5119; x_wconf 84' lang='lat' dir='ltr'>sententia</span> <span class='ocrx_word' id='word_1_737' title='bbox 2060 5078 2130 5135; x_wconf 74' lang='lat' dir='ltr'>qr</span> 
     </span>
    </p>
   </div>
   <div class='ocr_carea' id='block_1_105' title="bbox 2318 5057 3935 5135">
    <p class='ocr_par' dir='ltr' id='par_1_105' title="bbox 2318 5057 3935 5133">
     <span class='ocr_line' id='line_1_105' title="bbox 2318 5057 3935 5133; baseline 0 -19"><span class='ocrx_word' id='word_1_738' title='bbox 2318 5068 2390 5121; x_wconf 79' lang='grc' dir='ltr'>’ὴν</span> <span class='ocrx_word' id='word_1_739' title='bbox 2462 5063 2529 5123; x_wconf 87' lang='grc' dir='ltr'>εἰς</span> <span class='ocrx_word' id='word_1_740' title='bbox 2608 5062 2762 5114; x_wconf 82' lang='grc' dir='ltr'>αύτὸν</span> <span class='ocrx_word' id='word_1_741' title='bbox 2835 5063 3196 5133; x_wconf 69' lang='grc' dir='ltr'>γεγενημένην,</span> <span class='ocrx_word' id='word_1_742' title='bbox 3276 5063 3366 5110; x_wconf 86' lang='lat' dir='ltr'>xui</span> <span class='ocrx_word' id='word_1_743' title='bbox 3433 5057 3748 5120; x_wconf 83' lang='grc' dir='ltr'>ἀκούσαντες</span> <span class='ocrx_word' id='word_1_744' title='bbox 3825 5069 3935 5125; x_wconf 80' lang='grc' dir='ltr'>τῆς</span> 
     </span>
    </p>
   </div>
   <div class='ocr_carea' id='block_1_106' title="bbox 588 5185 2205 5256">
    <p class='ocr_par' dir='ltr' id='par_1_106' title="bbox 588 5187 2138 5255">
     <span class='ocr_line' id='line_1_106' title="bbox 588 5187 2138 5255; baseline 0.001 -12"><span class='ocrx_word' id='word_1_745' title='bbox 588 5188 631 5221; x_wconf 80' lang='grc'>¹⁸</span> <span class='ocrx_word' id='word_1_746' title='bbox 671 5189 848 5245; x_wconf 82' lang='lat' dir='ltr'>Marc.</span> <span class='ocrx_word' id='word_1_747' title='bbox 895 5204 991 5252; x_wconf 78' lang='lat' dir='ltr'>xv,</span> <span class='ocrx_word' id='word_1_748' title='bbox 1036 5190 1125 5244; x_wconf 66' lang='grc' dir='ltr'>1ι1,</span> <span class='ocrx_word' id='word_1_749' title='bbox 1215 5189 1257 5224; x_wconf 78' lang='grc'>¹⁹</span> <span class='ocrx_word' id='word_1_750' title='bbox 1291 5187 1434 5243; x_wconf 91' lang='lat' dir='ltr'>ibid.</span> <span class='ocrx_word' id='word_1_751' title='bbox 1466 5190 1547 5243; x_wconf 86' lang='grc'>14.</span> <span class='ocrx_word' id='word_1_752' title='bbox 1627 5190 1675 5223; x_wconf 80' lang='grc'>²⁰</span> <span class='ocrx_word' id='word_1_753' title='bbox 1704 5191 1820 5245; x_wconf 87' lang='lat' dir='ltr'>Luc</span> <span class='ocrx_word' id='word_1_754' title='bbox 1850 5206 2007 5255; x_wconf 77' lang='lat' dir='ltr'>xxm,</span> <span class='ocrx_word' id='word_1_755' title='bbox 2046 5194 2138 5247; x_wconf 75' lang='lat'>23.</span> 
     </span>
    </p>
   </div>
   <div class='ocr_carea' id='block_1_107' title="bbox 2318 5185 3935 5256">
    <p class='ocr_par' dir='ltr' id='par_1_107' title="bbox 2318 5185 3935 5256">
     <span class='ocr_line' id='line_1_107' title="bbox 2318 5185 3935 5256; baseline 0.001 -12"><span class='ocrx_word' id='word_1_756' title='bbox 2318 5188 2456 5245; x_wconf 70' lang='lat' dir='ltr'>,’sal.</span> <span class='ocrx_word' id='word_1_757' title='bbox 2487 5193 2700 5256; x_wconf 81' lang='lat' dir='ltr'>xxv,6.</span> <span class='ocrx_word' id='word_1_758' title='bbox 2777 5189 2824 5223; x_wconf 80' lang='grc'>²²</span> <span class='ocrx_word' id='word_1_759' title='bbox 2862 5189 3046 5244; x_wconf 86' lang='lat' dir='ltr'>Marc.</span> <span class='ocrx_word' id='word_1_760' title='bbox 3085 5202 3185 5256; x_wconf 82' lang='lat' dir='ltr'>xv,</span> <span class='ocrx_word' id='word_1_761' title='bbox 3220 5186 3301 5242; x_wconf 84' lang='grc'>15.</span> <span class='ocrx_word' id='word_1_762' title='bbox 3381 5187 3428 5222; x_wconf 81' lang='grc'><em>³³</em></span> <span class='ocrx_word' id='word_1_763' title='bbox 3479 5187 3619 5244; x_wconf 89' lang='lat' dir='ltr'>Luc.</span> <span class='ocrx_word' id='word_1_764' title='bbox 3654 5187 3701 5223; x_wconf 63' lang='grc' dir='ltr'>ι*</span> <span class='ocrx_word' id='word_1_765' title='bbox 3727 5185 3935 5247; x_wconf 85' lang='lat' dir='ltr'>Joan.</span> 
     </span>
    </p>
   </div>
   <div class='ocr_carea' id='block_1_108' title="bbox 506 5277 1017 5350">
    <p class='ocr_par' dir='ltr' id='par_1_108' title="bbox 506 5277 1017 5350">
     <span class='ocr_line' id='line_1_108' title="bbox 506 5277 1017 5350; baseline -0.002 -20"><span class='ocrx_word' id='word_1_766' title='bbox 506 5291 625 5341; x_wconf 77' lang='lat' dir='ltr'>nx,</span> <span class='ocrx_word' id='word_1_767' title='bbox 658 5277 712 5333; x_wconf 79' lang='lat'>5.</span> <span class='ocrx_word' id='word_1_768' title='bbox 746 5294 903 5350; x_wconf 81' lang='lat' dir='ltr'>xxm,</span> <span class='ocrx_word' id='word_1_769' title='bbox 928 5278 1017 5334; x_wconf 75' lang='grc'>24.</span> 
     </span>
    </p>
   </div>
   <div class='ocr_carea' id='block_1_109' title="bbox 1753 5406 2653 5480">
    <p class='ocr_par' dir='ltr' id='par_1_109' title="bbox 1753 5406 2653 5480">
     <span class='ocr_line' id='line_1_109' title="bbox 1753 5406 2653 5480; baseline 0.004 -5"><span class='ocrx_word' id='word_1_770' title='bbox 1753 5406 1977 5475; x_wconf 72' lang='lat' dir='ltr'>Variae</span> <span class='ocrx_word' id='word_1_771' title='bbox 2003 5407 2340 5480; x_wconf 87' lang='lat' dir='ltr'>lectiones</span> <span class='ocrx_word' id='word_1_772' title='bbox 2380 5419 2446 5479; x_wconf 88' lang='lat' dir='ltr'>et</span> <span class='ocrx_word' id='word_1_773' title='bbox 2472 5416 2653 5479; x_wconf 63' lang='lat' dir='ltr'>notae</span> 
     </span>
    </p>
   </div>
   <div class='ocr_carea' id='block_1_110' title="bbox 575 5546 3344 5635">
    <p class='ocr_par' dir='ltr' id='par_1_110' title="bbox 575 5546 3344 5635">
     <span class='ocr_line' id='line_1_110' title="bbox 575 5546 3344 5635; baseline 0.006 -35"><span class='ocrx_word' id='word_1_774' title='bbox 575 5546 691 5618; x_wconf 84' lang='grc'>(18)</span> <span class='ocrx_word' id='word_1_775' title='bbox 723 5549 1211 5624; x_wconf 85' lang='grc' dir='ltr'>Διαμαρτύρασθαι.</span> <span class='ocrx_word' id='word_1_776' title='bbox 1244 5550 1315 5606; x_wconf 92' lang='grc' dir='ltr'>Α.</span> <span class='ocrx_word' id='word_1_777' title='bbox 2368 5556 2481 5631; x_wconf 82' lang='grc'>(19)</span> <span class='ocrx_word' id='word_1_778' title='bbox 2507 5555 2772 5635; x_wconf 75' lang='grc' dir='ltr'>Ὕστερον,</span> <span class='ocrx_word' id='word_1_779' title='bbox 2801 5561 2939 5615; x_wconf 89' lang='lat' dir='ltr'>ante</span> <span class='ocrx_word' id='word_1_780' title='bbox 2977 5554 3045 5631; x_wconf 83' lang='grc' dir='ltr'>ἓν,</span> <span class='ocrx_word' id='word_1_781' title='bbox 3083 5555 3245 5615; x_wconf 83' lang='lat' dir='ltr'>addit</span> <span class='ocrx_word' id='word_1_782' title='bbox 3271 5555 3344 5616; x_wconf 83' lang='grc' dir='ltr'>Α.</span> 
     </span>
    </p>
   </div>
   <div class='ocr_carea' id='block_1_111' title="bbox 572 5696 2403 5781">
    <p class='ocr_par' dir='ltr' id='par_1_111' title="bbox 572 5696 2403 5781">
     <span class='ocr_line' id='line_1_111' title="bbox 572 5696 2403 5781; baseline 0.009 -25"><span class='ocrx_word' id='word_1_783' title='bbox 572 5696 691 5781; x_wconf 68' lang='lat' dir='ltr'>(vv)</span> <span class='ocrx_word' id='word_1_784' title='bbox 720 5701 1082 5763; x_wconf 82' lang='lat' dir='ltr'>Retraheret.</span> <span class='ocrx_word' id='word_1_785' title='bbox 1114 5704 1282 5763; x_wconf 85' lang='lat' dir='ltr'>Forte</span> <span class='ocrx_word' id='word_1_786' title='bbox 1311 5719 1420 5779; x_wconf 88' lang='lat' dir='ltr'>pro</span> <span class='ocrx_word' id='word_1_787' title='bbox 1450 5704 1668 5761; x_wconf 78' lang='grc' dir='ltr'>ἐκλύσαι</span> <span class='ocrx_word' id='word_1_788' title='bbox 1700 5704 1879 5765; x_wconf 85' lang='lat' dir='ltr'>inven</span> <span class='ocrx_word' id='word_1_789' title='bbox 1902 5707 1947 5767; x_wconf 91' lang='lat' dir='ltr'>it</span> <span class='ocrx_word' id='word_1_790' title='bbox 1968 5706 2206 5769; x_wconf 83' lang='grc' dir='ltr'>ἑλκύσαι.</span> <span class='ocrx_word' id='word_1_791' title='bbox 2232 5707 2403 5772; x_wconf 83' lang='lat' dir='ltr'>Male.</span> 
     </span>
    </p>
   </div>
  </div>
