4096 6380
125 303 232 358 717

1199 294 1570 357 COMMENT.
1616 294 1682 350 IN
1723 293 2174 355 MATTH/EUM.
2217 329 2281 338 —
2323 298 2478 354 CAP.
2523 297 2744 356 XXVII.

3412 303 3519 358 7l8

126 430 470 500 ἀποφάσεως,
526 423 875 503 παραδούσης
938 434 1116 480 τοῦτον
1201 435 1274 496 τῷ
1351 423 1602 496 θελήματι
1658 419 1748 472 αὖ·

1870 436 1998 479 sum
2037 423 2358 480 tradiderat
2381 424 2669 482 voluntati
2696 441 2926 494 eorum,
2951 429 3016 484 ut
3052 426 3201 484 dixit
3226 428 3415 486 Lucas
3446 432 3515 495 ³⁵,

125 528 251 586 τῶν,
314 521 384 580 ὡς
441 520 466 570 ό
529 523 732 578 Λουκᾶς
789 516 942 587 εἶπεν,
985 521 1168 588 ἤγουν,
1202 523 1273 583 τῷ
1335 514 1743 588 σταυρνηθῆναιο

125 615 289 660 τοῦτο
343 610 448 682 γὰρ
510 604 570 665 ἧν
597 611 655 659 τό
716 606 912 679 θέλημα
966 606 1132 658 αὐτῶν
1158 623 1171 635 ⁸
1206 604 1493 677 χαλάσωσι
1536 608 1626 659 τὴν
1659 601 1746 676 ὁρ-

121 703 248 768 γὴν,
299 703 393 748 καὶ
441 695 696 767 ἐμέσωσιν
745 695 840 766 ὀψέ
880 715 1003 749 ποτε
1061 695 1176 764 (20)
1221 699 1307 746 τόν
1348 694 1438 748 ἱόν.
1472 698 1564 745 Διά
1595 701 1747 744 τοῦτο

122 791 229 858 γὰρ
287 792 382 838 καὶ
436 789 502 837 τὰ
553 785 672 848 ἑξῆς
730 791 1070 857 συνεχώρησε
1111 786 1368 855 γενέσθαι,
1405 788 1498 841 τὴν
1539 785 1746 855 περίθε-

130 895 214 926 σιν
262 883 368 937 τῆς
420 871 722 947 χλαμύδος,
774 879 866 931 τὴν
922 872 1152 925 ἐπίθεσιν
1201 881 1292 924 τοῦ
1348 874 1621 944 στεφάνου,
1654 877 1746 930 τήν

127 961 290 1016 δόσιν
327 971 420 1016 τοῦ
450 963 707 1036 καλάμου,
738 967 827 1014 καὶ
856 966 944 1014 τόν
973 961 1121 1014 ἄλλον
1144 961 1458 1034 ἐμπαιγμόν.

195 1059 342 1105 Τότε
396 1084 466 1092 -
519 1050 601 1105 ἐπὶ
675 1056 770 1110 τὴν
837 1047 1012 1114 δεξιὰν
1094 1051 1275 1105 αὐτοῦ.
1334 1056 1438 1108 Τὴν
1491 1047 1749 1122 χλαμύδα

123 1149 338 1203 ταύτην
409 1149 618 1219 Μάρκος
682 1149 772 1217 μὲν
837 1145 1106 1218 πορφύραν
1186 1140 1342 1212 εἶπεν,
1403 1142 1639 1202 Ἰωάννης
1689 1139 1748 1195 δὲ

124 1238 350 1306 ἱμάτιον
380 1243 675 1308 πορφυροῦν
697 1251 708 1264 °
741 1234 966 1304 Ίμάτιον
999 1229 1056 1284 δὲ
1089 1229 1148 1291 ἦν
1176 1237 1574 1308 πορφυρόχροον
1612 1234 1743 1304 (2i).

117 1325 177 1376 Ὀ
263 1321 335 1376 δὲ
398 1326 670 1385 Ματθαίος
739 1320 1033 1395 ἀδιαφόρως
1092 1326 1336 1380 κοκκίνην
1396 1320 1603 1374 ἐκάλεσε
1653 1327 1748 1380 τὴν

120 1417 389 1471 τοιαύτην
467 1412 661 1482 βαφὴν,
716 1415 785 1474 ὡς
840 1411 1087 1466 ἐοικυῖαν.
1151 1412 1226 1464 Ou’
1283 1414 1384 1484 γὰρ
1437 1410 1635 1474 ἀληθὴς
1685 1409 1747 1471 ἧν

123 1507 403 1579 ποργύρα.
456 1505 596 1556 Ἐπεὶ
633 1506 736 1577 γὰρ
783 1501 1032 1575 βασιλεὺς
1079 1510 1179 1553 τῶν
1226 1497 1496 1553 Ἰουδαίων
1529 1499 1746 1572 ἐλέγετο,

120 1593 342 1660 λοιπόν,
400 1595 466 1653 ὡς
518 1591 761 1665 βασιλέα,
820 1600 999 1643 τοῦτον
1059 1587 1352 1656 διέπαιζον,
1409 1595 1502 1650 τὴν
1555 1594 1749 1663 πορφὺ-

121 1705 218 1754 ραν
302 1683 501 1740 ἐκείνην
562 1682 845 1755 περιθέντες
919 1679 1029 1732 ἀντὶ
1104 1677 1439 1753 ἀλουργίδος,
1500 1684 1588 1730 καὶ
1662 1683 1747 1730 τόν

1860 511 1983 567 sive
2029 517 2094 568 ut
2142 515 2590 585 cruciﬁgeretur
2615 517 2782 587 (nam
2812 516 2939 572 haec
2992 533 3203 574 eorum
3237 518 3518 575 voluntas

1858 603 2004 673 erat)
2026 597 2362 672 mitigarent
2382 603 2553 671 iram,
2584 621 2654 662 ac
2676 606 2765 661 vel
2797 623 2927 662 sero
2948 607 3192 664 tandem
3220 623 3519 665 venenum

1858 697 2218 747 evomerent.
2249 695 2489 766 PrOpter
2509 695 2622 751 hoc
2645 696 2804 751 enim
2827 698 3006 752 etiam
3030 714 3166 770 quae
3185 702 3520 770 sequuntur

1857 779 1983 835 ﬁeri
2004 783 2291 852 permisit,
2325 784 2594 840 videlicet
2615 790 2681 840 ut
2701 786 3142 843 circumdarent
3163 788 3215 844 ei
3247 787 3518 860 chlamy-

1857 867 2017 935 dem,
2034 877 2089 924 et
2103 870 2474 943 imponerent
2486 889 2784 940 coronam,
2800 875 3129 950 darentque
3143 876 3512 941 arundinem,

1858 974 1926 1013 ac
1955 959 2250 1032 reliquam
2283 962 2586 1030 explerent
2615 963 2976 1022 illusionem.

1930 1048 2093 1103 Vers.
2149 1054 2237 1105 27.
2286 1052 2450 1108 Tunc
2487 1083 2557 1094 —
2591 1055 2749 1110 Vers.
2798 1056 2884 1110 29.
2938 1056 3010 1111 In
3039 1055 3327 1112 dexteram
3370 1059 3517 1127 ejus.

1859 1135 2253 1210 Chlamydem
2281 1141 2434 1198 hanc
2461 1143 2694 1200 Marcus
2722 1144 2870 1201 dixit
2902 1162 3235 1218 purpuram
3267 1145 3516 1203 "Joan-

1858 1243 1964 1283 nes
1994 1245 2136 1284 vero
2176 1237 2398 1287 vestem
2439 1249 2807 1306 purpuream
2840 1237 2907 1288 ³⁷.
2941 1236 3075 1292 Erat
3105 1241 3307 1293 autem
3337 1236 3516 1292 vestis

1859 1319 2145 1390 purpurei
2194 1320 2429 1376 coloris.
2473 1323 2780 1380 Matthmus
2825 1329 3024 1381 autem
3074 1325 3308 1399 absque
3351 1325 3516 1382 diffe-

1858 1407 2066 1472 rentia,
2116 1410 2414 1467 coccinam
2480 1413 2712 1469 vocavit
2759 1413 3112 1486 hujusmodi
3171 1417 3517 1480 tincturam,

1858 1501 2063 1568 utpote
2111 1514 2390 1571 purpurae
2435 1499 2694 1558 similem
2730 1519 2741 1557 :
2775 1519 2968 1576 neque
3009 1503 3168 1559 enim
3227 1519 3367 1560 vera
3397 1509 3523 1560 erat

1859 1601 2139 1658 purpura.
2184 1589 2334 1654 Quia
2371 1596 2574 1647 autem
2607 1607 2708 1646 rex
2759 1593 3098 1649 Iudaeorum
3137 1592 3333 1648 dictus
3373 1597 3518 1659 erat,

1859 1675 1992 1730 ideo
2016 1680 2302 1749 tanqaum
2325 1679 2449 1749 regi
2479 1679 2830 1749 illudebant,
2859 1698 3124 1754 purpura
3151 1681 3250 1738 illa
3269 1681 3521 1738 circum-

124 1773 175 1835 ἐξ
255 1771 503 1824 ἀκανθῶν
574 1775 820 1844 στέφανον
892 1768 1142 1830 ἐπιθέντες
1211 1767 1324 1821 ἀντὶ
1389 1765 1744 1840 διαδήματος,

1870 1762 2070 1820 iantes
2085 1783 2192 1836 pro
2209 1774 2695 1841 vestepurpurea,
2713 1776 2769 1824 et.
2781 1786 3067 1827 coronam
3081 1771 3155 1827 de
3169 1771 3358 1844 spinis
3381 1787 3521 1827 con-

123 1868 219 1914 καὶ
269 1866 360 1914 τόν
423 1860 651 1932 κάλαμον
702 1857 1097 1933 ἐγχειρίσαντες
1151 1858 1262 1911 ἀντὶ
1329 1864 1613 1933 σκὴπιρου,
1659 1862 1748 1910 καὶ

125 1956 349 2013 ἄκοντες
383 1948 445 2004 δὲ
468 1955 560 2009 τὴν
594 1949 830 2007 ἀλήθειαν
861 1947 1245 2021 ἐσχημάτιζον.

210 2133 317 2182 Καὶ
370 2160 441 2168 -
495 2133 588 2187 τὴν
651 2127 874 2201 κεφαλὴν
928 2128 1108 2181 αὐτοῦ.
1164 2127 1232 2180 Ὠ
1279 2128 1586 2180 ἁνεικάστου
1654 2147 1751 2199 μα-

141 2216 464 2290 κροθυμίαςῐ
519 2219 559 2268 ὠ
626 2219 799 2270 πάντα
878 2217 1029 2288 λόγον
1093 2223 1324 2278 νικώσης
1388 2215 1744 2279 ἀνεξικακίαςί

148 2308 387 2368 Ἰωάννης
439 2303 499 2360 δέ
551 2326 711 2379 φησιν
766 2308 846 2359 ὅτι
902 2313 992 2359 καὶ
1042 2303 1257 2359 ἐδίδουν
1298 2305 1437 2378 αὐτῷ
1483 2307 1749 2380 ῥαπίσμα-

136 2417 220 2451 τα.
275 2404 459 2449 [Ιάσαν
525 2399 624 2471 γὰρ
704 2393 852 2469 ὕϐριν
906 2396 1046 2466 αὐτῷ
1101 2404 1370 2470 προσῆγον
1431 2397 1480 2447 οἰ
1539 2401 1742 2469 μιαροὶ,

134 2487 491 2562 χαριζόμενοι
563 2493 674 2548 τοῖς
743 2487 1076 2557 θεοστυγέσιν
1132 2481 1431 2546 Ἰουδαίοις.
1490 2485 1548 2537 Ὀ
1599 2485 1749 2546 αὐτὸς

138 2575 198 2629 δὲ
270 2577 517 2634 Ἰωάννης
581 2579 672 2626 καὶ
743 2577 808 2626 τὰ
877 2573 1101 2627 ἐντεῦθεν
1164 2577 1462 2649 ἱστόρησεν,
1521 2577 1590 2635 ὡς
1640 2583 1747 2637 τοῖς

1193 2663 1434 2726 Ἐξῆλθεν
1507 2664 1594 2716 οὖν
1653 2667 1748 2716 πά-

137 2666 318 2726 ςίλλοις
394 2663 855 2738 παραλελειμμένα,
931 2663 1089 2735 λέγων
1123 2684 1135 2695 ·

133 2757 212 2808 λιν
290 2755 389 2816 ἔξω
461 2758 486 2806 ό
559 2754 802 2816 Πιλᾶτος,
861 2759 950 2805 καὶ
1004 2758 1134 2824 λέγει
1197 2753 1413 2813 αὐτοῖς·
1473 2750 1581 2806 Ἴδε
1639 2753 1749 2826 ἆγω

137 2849 259 2918 ὑμῖν
329 2844 485 2895 αὐτὸν
543 2843 658 2910 ἓξυ,
715 2848 803 2894 καὶ
851 2846 915 2894 τά
963 2843 1083 2905 ἑξῆς
1145 2843 1279 2915 ἄχρι
1326 2851 1438 2911 τοῦ,
1489 2848 1615 2895 Τότε
1663 2840 1749 2895 οὖν

138 2931 446 3010 παρέδωκεν
471 2933 625 2985 αὐτόν
659 2933 856 3000 αὐτοῖς,
892 2933 974 2984 ἶνα
1007 2934 1307 3008 σταυρωθῇ.

1860 1860 2078 1910 textam
2095 1863 2564 1929 superponentes
2577 1875 2686 1932 pro
2700 1860 3056 1925 diademate,
3077 1877 3146 1917 ac
3159 1861 3520 1917 arundinem

1858 1961 1966 2017 pro
1986 1951 2222 2018 sceptro
2244 1947 2297 2000 in
2315 1963 2561 2004 manum
2581 1949 2947 2020 porrigentes
2969 1966 2981 2005 :
3000 1949 3150 2006 etita
3172 1966 3518 2024 quanquam

1859 2034 2147 2099 nolentes,
2180 2036 2484 2093 veritatem
2515 2037 2944 2108 ﬁguraverunt.

1931 2126 2098 2179 Vers.
2126 2128 2213 2179 29.
2242 2126 2321 2181 Et
2356 2157 2422 2168 -
2454 2129 2612 2183 Vers.
2657 2131 2746 2186 30.
2799 2128 2992 2199 Caput
3041 2131 3180 2200 ejus.
3212 2130 3256 2187 Ο
3294 2129 3520 2186 incom-

1861 2213 2144 2286 parabilis
2159 2215 2467 2287 patientia!
2504 2217 2546 2271 Ο
2569 2218 2910 2275 innocentia
2925 2235 3062 2290 quae
3076 2235 3320 2276 omnem
3346 2235 3521 2292 supe-

1857 2310 1948 2360 rat
1978 2319 2318 2360 sermonem
2353 2305 2365 2358 l
2398 2306 2658 2362 Joannes
2689 2311 2891 2364 autem
2933 2308 3094 2376 dicit,
3141 2309 3308 2380 quod
3339 2309 3520 2365 etiam

1858 2393 2088 2450 dabant
2135 2393 2188 2449 ei
2230 2395 2435 2466 alapas
2479 2398 2548 2451 ³⁸.
2583 2397 2836 2452 Omnem
2888 2397 3049 2453 enim
3099 2397 3438 2454 inferebant
3467 2398 3521 2454 ei

1860 2481 2090 2538 scelesti
2147 2482 2452 2554 injuriam,
2495 2501 2622 2541 rem
2662 2493 2892 2558 gratam
2927 2487 3151 2542 Iudaeis
3206 2486 3306 2544 Dei
3337 2487 3522 2542 osori-

1859 2569 1972 2625 bus
2029 2571 2308 2629 exhibere
2361 2576 2688 2648 cupientes.
2738 2567 2866 2648 Ipse
2907 2592 3053 2632 vera
3089 2577 3352 2632 Joannes
3383 2592 3522 2649 quae

1861 2661 2082 2716 abhinc
2113 2669 2441 2733 sequuntur
2476 2665 2733 2736 scripsit,
2770 2673 3058 2739 tanquam
3086 2666 3164 2722 ab
3196 2665 3328 2722 aliis
3360 2681 3522 2738 pree-

1863 2750 2152 2819 termissa,
2177 2753 2382 2808 dicens
2407 2771 2419 2808 :
2444 2756 2646 2810 Exivit
2675 2773 2813 2825 ergo
2831 2757 3046 2812 iterum
3069 2758 3231 2825 foras
3270 2756 3520 2822 Pilatus,

1859 2845 1911 2894 et
1937 2843 2029 2898 ait
2054 2842 2173 2897 illis
2201 2864 2212 2898 :
2242 2843 2391 2899 Ecce
2414 2845 2647 2900 adduco
2675 2847 2830 2900 vobis
2860 2861 2991 2902 eum
3017 2849 3200 2915 foras,
3235 2851 3345 2901 etc.
3387 2862 3521 2918 qua}

1863 2938 2194 3001 sequuntur
2216 2949 2407 3004 usque
2422 2935 2496 2988 ad
2521 2951 2658 2989 eum
2676 2934 2899 2993 locum:
2936 2936 3110 2992 Tunc
3127 2952 3260 3007 ergo
3275 2935 3520 2992 tradidit

1862 3018 1937 3073 eis
1957 3018 2128 3074 illum
2159 3026 2223 3074 ut
2249 3022 2686 3090 cruciﬁgeretur
2715 3025 2784 3077 ’³.

213 3129 463 3177 Φαίνεται
530 3124 630 3196 γὰρ
697 3124 776 3174 ὅτι
844 3119 925 3183 δὶς
985 3122 1138 3175 αὐτόν
1199 3119 1498 3196 παρέδωκεν
1572 3125 1640 3186 εἰς
1693 3129 1750 3178 τὸ

1934 3112 2191 3180 Apparet
2229 3111 2430 3182 itaque
2461 3112 2626 3183 quod
2664 3111 2758 3166 bis
2799 3128 2936 3168 eum
2968 3113 3273 3168 tradiderit
3304 3118 3369 3170 ut
3393 3130 3522 3168 cru-

141 3214 518 3288 σταυρωθῆναι
556 3228 568 3240 ’
632 3211 758 3264 ἀλλά
822 3216 880 3265 τὸ
931 3222 1132 3288 πρῶτον
1208 3217 1297 3286 μὲν
1371 3213 1421 3265 ἐν
1477 3215 1752 3290 ὑποκρίσει

139 3300 233 3354 διὰ
280 3307 378 3358 τὴν
442 3305 817 3375 προειρημένην
876 3301 1085 3353 αἰτίαν·
1120 3300 1228 3355 ἐπεὶ
1277 3304 1410 3374 (21')
1462 3300 1540 3370 δὲ,
1583 3306 1753 3358 πάντα

136 3392 612 3462 μηχανησάμενος,
691 3387 826 3442 εἶδεν
897 3391 1087 3453 αὐτοὺς
1156 3394 1488 3444 παντάπασιν
1539 3391 1752 3446 ἀνενδο-

138 3501 282 3546 τους,
341 3483 538 3538 ἤκουσε
601 3476 661 3531 δε
732 3484 820 3531 καὶ
875 3479 990 3551 (22)
1065 3481 1352 3534 τελευταῖον
1405 3484 1528 3555 παρ’
1582 3485 1751 3536 αὐτῶν

140 3573 219 3623 ότι
268 3571 392 3622 Ἐὰν
447 3577 625 3620 τοῦτον
681 3566 970 3642 ἀπολύσῃς,
1029 3570 1122 3622 οὐκ
1179 3567 1228 3622 εἶ
1280 3571 1420 3643 φίλος
1475 3581 1565 3624 τοῦ
1619 3580 1750 3626 Καί-

145 3679 305 3734 σαρος
369 3680 382 3691 ·
430 3665 534 3719 πᾶς
608 3658 634 3709 ό
707 3655 933 3731 βασιλέα
1012 3658 1191 3712 ἑαυτόν
1276 3670 1435 3714 ποιῶν
1504 3661 1753 3735 ἀντιλέγει

601 3752 716 3800 τότε
788 3747 965 3800 λοιπόν
1032 3747 1080 3799 ἐν
1159 3749 1377 3822 ἀληθεία
1452 3749 1753 3828 παρέδωκεν

147 3839 299 3891 αὐτὸν
353 3837 554 3900 αὐτοῖς,
613 3839 696 3888 ἱνα
751 3839 1048 3911 σταυρωθῇ.
1101 3843 1188 3891 Διό
1259 3845 1348 3892 καὶ
1418 3845 1476 3893 τό
1552 3851 1754 3917 πρῶτον

144 3759 212 3819 τῷ
266 3754 480 3822 Καίσαρ
491 3768 508 3798 ι
539 3765 550 3776 ·

147 3934 228 3999 μιν
285 3927 471 3988 ἁπλῶς
513 3926 668 3978 αὐτὸν
725 3923 998 4000 παρέδωκε
1033 3945 1044 3957 ·
1101 3933 1160 3980 τὸ
1220 3925 1458 4006 δεύτερον
1509 3929 1568 3985 δὲ
1615 3953 1756 4006 παρ-

146 4015 338 4070 έδωκεν
366 4015 526 4068 αὐτόν
556 4015 754 4078 αὐτοῖς.

211 4111 403 4180 Μυρία
460 4109 549 4178 μὲν
593 4101 680 4158 οὖν
751 4107 777 4157 ό
837 4106 1059 4169 Πιλάτος
1117 4105 1598 4184 ἐπραγματεύσατο,
1657 4115 1755 4165 πάο

149 4217 237 4258 mc;
289 4196 510 4255 εὐθύνης
570 4198 658 4246 τόν
702 4200 930 4269 Χριστόν
995 4196 1352 4266 ἀπαλλάττων,
1409 4205 1498 4253 καὶ
1547 4208 1758 4256 παντοί-

147 4308 230 4352 ως,
289 4291 366 4358 μὴ
435 4283 768 4359 ἀναιρεθῆναι
818 4294 1018 4353 τοῦτον,
1062 4285 1476 4362 ἀγωνιζόμενος·
1539 4288 1646 4344 ἔδει
1700 4289 1759 4346 δὲ

147 4378 302 4429 αὐτόν
352 4375 661 4433 ἀντιστῆναι
720 4371 1178 4451 δικαστικὼτερον,
1242 4384 1330 4431 καὶ
1384 4385 1454 4452 μὴ
1506 4401 1759 4454 παραχω-

1864 3197 2193 3267 ciﬁgcretur
2243 3217 2255 3254 :
2309 3199 2412 3254 sed
2446 3201 2711 3271 primum
2744 3202 2990 3273 quidem
3041 3202 3100 3258 in
3142 3202 3522 3259 simulatione

1864 3293 2104 3360 propter
2127 3305 2310 3361 supra
2327 3289 2549 3346 dictam
2568 3307 2836 3347 causam.
2852 3291 3004 3359 Quia
3026 3308 3162 3347 vero
3195 3297 3520 3365 postquam

1862 3379 2062 3433 omnia
2123 3379 2528 3449 excogitasset,
2557 3381 2698 3436 vidit
2727 3397 2828 3436 eos
2872 3383 3119 3438 omnino
3157 3382 3519 3450 immobiles,

1863 3467 2230 3539 tandemque
2248 3469 2567 3525 audivitab
2591 3470 2701 3525 illis
2741 3488 2753 3525 :
2782 3471 3018 3528 Sihunc
3043 3472 3378 3540 absolveris,
3409 3490 3521 3527 non

1863 3573 1919 3612 es
1948 3557 2170 3614 amicus
2205 3560 2450 3614 Caesaris
2479 3577 2494 3613 :
2527 3561 2867 3632 quicunque
2887 3578 2942 3616 se
2973 3577 3167 3631 regem
3193 3562 3360 3632 facit,
3392 3578 3522 3617 con-

1865 3647 2095 3702 tradicit
2115 3648 2333 3704 Caesari
2363 3652 2410 3683 ³ο
2437 3664 2450 3703 :
2486 3655 2623 3704 tunc
2635 3650 2761 3720 jam
2783 3650 2842 3705 in
2870 3651 3111 3707 veritate
3135 3651 3520 3707 tradiditeum

1865 3735 1978 3790 illis
2007 3742 2071 3792 ut
2094 3739 2561 3808 cruciﬁgererur.
2585 3740 2725 3795 Ideo
2751 3756 2991 3813 quoque
3013 3743 3278 3812 primum
3301 3741 3526 3813 simpli-

1866 3825 2010 3882 citer
2031 3827 2418 3885 tradiditeum
2453 3851 2464 3895 ;
2500 3831 2770 3886 secundo
2800 3847 2937 3887 vero
2959 3831 3353 3888 tradiditeum
3385 3831 3521 3886 illis.

1938 4112 2087 4170 Mille
2116 4113 2312 4185 itaque
2351 4112 2565 4170 modos
2602 4112 2963 4183 excogitavit
2987 4115 3234 4182 Pilatus,
3268 4119 3335 4171 ut
3365 4117 3526 4173 Chri.

1869 4206 2024 4257 stum
2054 4202 2220 4257 omni
2246 4217 2430 4273 poena
2472 4201 2767 4267 liberaret,
2792 4208 2849 4257 et
2891 4203 3141 4260 omnino
3184 4219 3259 4259 ne
3291 4204 3523 4260 occide-

1869 4297 2030 4348 retur
2052 4291 2362 4348 laboravit.
2393 4294 2613 4348 Verum
2651 4294 2914 4363 oportuit
2946 4309 3082 4349 eum
3109 4293 3315 4349 fortius
3356 4309 3522 4350 more

1867 4381 2085 4453 judicis
2111 4381 2397 4447 resistere,
2431 4398 2541 4437 nec
2582 4382 2812 4452 injustis
2863 4384 3146 4438 assentire
3179 4400 3192 4438 :
3235 4389 3340 4440 aut
3385 4399 3526 4440 eum

144 4476 314 4540 ρῆσαι
353 4471 467 4525 τοῖς
505 4461 778 4530 ἀδικοῦσι,
819 4462 957 4537 μηδὲ
998 4463 1290 4541 προδοῦναι
1335 4473 1422 4520 τόν
1466 4471 1556 4522 ὑπ’
1600 4472 1759 4524 αὐτοῦ

1873 4472 2141 4544 prodere,
2175 4471 2279 4543 qui
2319 4471 2397 4526 ab
2428 4471 2686 4542 ipsomet
2714 4471 2892 4527 Pilato
2921 4473 3324 4528 testimonium
3367 4489 3530 4529 acce-

147 4555 343 4607 ἐιείνου
409 4557 830 4629 μαρτυρούμενον
913 4554 1140 4609 ἀναίτιον
1215 4558 1282 4618 εἰς
1355 4561 1590 4612 θάνατον.
1640 4561 1760 4614 ’Ὁτι

145 4649 242 4718 γὰρ
294 4641 559 4708 ἠδύνατο,
613 4641 772 4702 δῆλον
821 4643 922 4698 ἀπὸ
971 4653 1062 4698 τοῦ
1109 4648 1264 4700 εἰπεῖν
1309 4648 1462 4701 αὐτόν
1495 4671 1508 4682 ο
1541 4652 1650 4703 Οὐκ
1691 4649 1762 4705 οἷ-

149 4731 264 4802 ὂας,
349 4735 433 4786 ὅτι
485 4732 722 4796 ἐξουσίαν
799 4737 907 4807 ἔχω
968 4743 1274 4810 σταυρωσαί
1351 4759 1424 4802 σε,
1472 4745 1561 4792 καὶ
1623 4742 1763 4804 ἐξου-

149 4829 267 4873 σίαν
338 4825 454 4894 ἔχω
524 4822 786 4876 ἀπολῦσαί
840 4842 948 4891 σε;
1004 4829 1091 4878 Διό
1161 4833 1252 4879 καὶ
1307 4829 1332 4879 6
1384 4834 1614 4903 Χριστὸς
1669 4833 1762 4883 οὐκ

149 4911 408 4966 ἀπελυσεν
483 4912 639 4965 αὑτὸν
705 4910 1019 4979 καταδίκης,
1073 4915 1226 4969 εἰπὼν
1279 4920 1360 4971 ὅτι
1415 4921 1473 4972 Ὀ
1529 4921 1710 4997 παραδ
1717 4947 1764 4975 ι-

217 5069 270 5103 ²³
333 5066 484 5124 Luc.

151 5160 191 5194 ³¹
222 5156 369 5213 ibid.
408 5157 494 5213 10.

551 5082 710 5135 xxiii,
755 5072 844 5125 25.
921 5070 970 5106 ³⁸
1015 5071 1188 5127 Marc.
1227 5089 1328 5142 xv,
1384 5074 1471 5129 t7.

1551 5079 1597 5114 ³⁷
1659 5081 1832 5137 Joan.
1891 5095 2001 5145 xix,
2043 5080 2096 5133 2.

1875 4567 2061 4634 perat,
2089 4562 2256 4632 quod
2314 4561 2524 4617 mortis
2581 4561 2762 4616 noxia
2793 4563 3039 4617 carebat
3063 4564 3132 4614 ³³.
3170 4563 3340 4627 Quod
3367 4564 3530 4620 enim

1874 4654 2129 4724 potuerit
2181 4668 2318 4706 eum
2367 4667 2488 4708 non
2531 4653 2763 4707 tradere
2799 4652 3182 4708 manifestum
3225 4659 3404 4709 estex
3436 4670 3528 4722 eo,

1872 4741 2035 4814 quod
2066 4743 2191 4812 ipse
2223 4741 2370 4796 dixit
2399 4757 2411 4795 :
2445 4742 2644 4797 Nescis
2685 4743 2844 4812 quod
2883 4747 3220 4811 potestatem
3281 4744 3526 4799 habeam

1873 4832 2254 4902 cruciﬁgendi
2285 4840 2353 4895 te,
2387 4839 2438 4886 et
2458 4839 2794 4900 potestatem
2812 4832 3060 4889 habeam
3083 4832 3413 4889 absolvendi
3439 4831 3533 4888 te?

1874 4924 2012 4978 Ideo
2031 4921 2212 4977 etiam
2237 4921 2502 4976 Christus
2533 4937 2570 4977 a
2598 4921 3095 4978 condemnatione
3114 4938 3245 4977 eum
3276 4937 3399 4978 non
3430 4922 3534 4977 ab-

2174 5077 2222 5112 “
2271 5075 2412 5132 ibid.
2471 5079 2523 5130 3.
2602 5078 2648 5111 ²⁹
2681 5075 2828 5131 ibid.
2884 5076 3033 5138 4-16.
3115 5078 3161 5112 ³ο
3219 5075 3368 5132 ibid.
3443 5079 3534 5136 12.

1369 5319 1594 5394 Variae
1643 5324 1974 5396 lectiones
2021 5332 2086 5392 et
2127 5331 2330 5390 notae.

223 5487 350 5559 (20)
377 5485 571 5563 Malim
601 5502 762 5544 nunc
791 5489 937 5563 ερψι
963 5497 1089 5563 γοῦν
1120 5510 1263 5548 ποτε.
1296 5493 1470 5550 Forte
1496 5495 1658 5551 enim
1687 5494 1772 5552 ita

155 5558 794 5632 inveneratinterpres.
820 5558 990 5619 certe
1007 5563 1166 5620 istud
1197 5565 1291 5622 vel
1311 5565 1372 5622 id
1401 5564 1667 5626 indicare
1689 5567 1772 5624 vi-

158 5631 357 5688 detur.
403 5630 505 5689 Ea:
530 5630 854 5690 Addenda.

215 5704 346 5776 (2i)
371 5707 828 5784 Πορφυρόχροιον.
862 5706 933 5768 Α.

1977 5497 2065 5562 21)
2101 5492 2334 5557 Ἔπειτα,
2363 5490 2494 5547 loco
2521 5489 2653 5547 ἐπεί.
2690 5496 2750 5562 Β.

2103 5569 2352 5643 ξΓουτους,
2406 5561 2728 5643 interponit
2916 5566 2972 5618 et
3228 5561 3540 5643 τελευταῖον,

1880 5634 2051 5697 addit
2073 5637 2325 5698 εἰπόντας·
2358 5637 2479 5713 παρ’
2510 5634 2676 5688 αὐτῶν
2702 5639 2900 5692 autem
2933 5635 3175 5694 omittit.
