4096 6386
549 325 655 382 719
1871 323 2216 381 EUTHYMII
2270 320 2602 379 ZIGABENI
3825 325 3943 380 720

548 449 740 521 solvit,
773 449 978 508 dicens
1014 448 1124 520 Qui
1148 449 1395 508 tradidit
1426 465 1516 508 me
1546 450 1653 507 tibi
1680 453 1876 522 majus
1901 455 2211 521 peccatum

2325 445 2450 511 δούς
2488 453 2551 522 μέ
2615 468 2697 501 σοι
2744 449 2959 522 μείζονα
3015 447 3273 523 ἁμαρτίαν
3323 453 3436 523 ἔχει
3470 467 3482 480 ⁸
3537 450 3770 522 μείζονα,
3827 447 3937 510 δη-

551 542 723 599 habet
745 542 792 578 ³³
817 559 830 597 :
865 542 1064 613 majus
1087 542 1358 598 videlicet
1393 557 1579 614 quam
1603 543 1676 598 sit
1693 547 1886 597 tuum.

2325 535 2480 604 λαδὴ,
2505 545 2596 599 τῆς
2629 546 2749 600 σῆς.

623 634 824 704 Neque
860 631 1022 687 enim
1079 646 1274 687 sermo
1306 630 1375 686 de
1405 630 1721 702 tyrannide
1769 630 1981 686 liberat
2020 645 2159 685 eum
2196 644 2207 684 :

2396 625 2536 681 Οὐδὲ
2582 631 2684 700 γὰρ
2741 630 2766 679 6
2796 634 2912 701 περὶ
2962 636 3056 690 τῆς
3086 626 3388 703 τυραννίδος
3429 629 3580 701 λόγος
3617 628 3938 682 ἀπαλλάττει

553 720 866 794 oportebat
896 721 1054 776 enim
1105 737 1242 776 cum
1281 721 1342 776 id
1387 721 1675 786 audisset,
1709 724 2079 775 accusatores
2111 718 2213 774 ad—

2325 726 2502 770 τοῦτον
2553 734 2564 745 ·
2636 719 2798 792 ἐχρῆν
2854 721 2980 793 γὰρ,
3039 717 3358 784 ἀκούσαντα,
3418 727 3763 794 παραστῆσαι
3811 725 3937 780 τοὺς

555 825 789 875 vocare,
823 826 894 866 ac
924 811 1463 867 demonstrationes
1494 809 1812 882 inquirere,
1848 815 1903 866 et
1925 824 2211 881 quascun-

2325 812 2668 882 κατηγόρους,
2735 813 2824 860 καὶ
2885 804 3173 871 ἀποδείξεις
3249 807 3590 875 ἐπιζητῆσαι,
3659 815 3749 861 καὶ
3828 811 3938 861 ὅσα

557 914 676 971 que
720 899 1055 971 tyrannidis
1085 900 1253 970 signa
1292 904 1504 966 essent,
1540 904 1742 972 utpote
1797 898 1847 954 si
1886 899 2211 955 exercitum

2325 893 2628 968 τυραννίδος
2683 902 2958 971 τεκμήρια,
3021 899 3125 950 οἷον
3179 898 3222 950 εἰ
3262 895 3597 971 στρατόπεδα
3639 898 3931 970 κατέλεγεν,

558 989 980 1057 conscriberet,
1015 989 1062 1045 si
1092 989 1374 1062 pecunias
1405 989 1725 1059 colligeret,
1761 989 1811 1043 si
1842 1004 2012 1044 arma
2038 986 2215 1042 fabri-

2325 985 2368 1038 εἰ
2423 991 2683 1059 χρήματα
2733 985 3013 1058 συνέλεγεν,
3049 987 3092 1038 εἰ
3149 987 3281 1039 ὅπλα
3333 985 3600 1060 ἐχάλκευε,
3645 993 3733 1040 καὶ
3781 991 3828 1039 εἴ
3879 1007 3936 1038 τι

561 1082 741 1145 caret,
776 1085 832 1134 et
851 1080 899 1134 si
927 1080 1075 1152 quid
1107 1086 1196 1136 est
1226 1079 1603 1151 hujusmodi.
1639 1077 1741 1134 Ille
1783 1083 1981 1134 autem
2015 1077 2213 1132 statim

2325 1084 2576 1128 τοιοῦτον.
2630 1076 2688 1128 Ὀ
2738 1072 2815 1140 δὲ,
2877 1082 3028 1149 μόνον
3102 1075 3350 1145 ἀκούσας,
3413 1077 3625 1140 ἔπτηξεν
3684 1076 3932 1148 ἀγεννῶς,

556 1171 622 1223 ut
651 1167 869 1224 audivit
897 1169 1187 1239 ignaviter
1221 1169 1434 1240 timuit,
1490 1173 1546 1224 et
1589 1167 1993 1223 indiscussam
2043 1166 2216 1222 relin-

2325 1169 2412 1217 καὶ
2499 1164 2828 1228 ἀνεξέταστον
2917 1165 3061 1238 ἀφεὶς
3131 1172 3222 1224 τὴν
3301 1169 3550 1225 τοιαύτην
3613 1172 3935 1242 κατηγορέων

555 1272 744 1328 quens
757 1257 936 1314 talem
961 1259 1408 1315 accusationem
1442 1273 1770 1331 persuasus
1793 1261 1880 1312 est
1908 1263 1962 1311 et
1987 1255 2216 1329 percul-

2325 1253 2546 1326 ὑπήχθη
2630 1261 2719 1307 καὶ
2785 1259 3082 1330 παρεσύρη.
3134 1255 3295 1308 Ὀσον
3345 1261 3445 1331 γαρ
3512 1253 3647 1315 ἦσαν
3697 1260 3745 1309 οἱ
3801 1258 3937 1311 Ἰου-

554 1363 681 1414 sus,
715 1348 949 1413 Quanto
980 1349 1132 1404 enim
1149 1348 1420 1405 duriores
1443 1351 1611 1404 erant
1635 1345 1819 1402 Judmi
1851 1351 1904 1402 et
1936 1345 2216 1402 audacio-

2326 1339 2471 1396 δαῖοι
2522 1344 2738 1418 σκληροὶ
2790 1350 2878 1397 καὶ
2921 1345 3462 1420 τολμηροὶ,τοσοῡτον
3509 1346 3659 1408 οὗτος
3699 1347 3937 1418 μαλακὸς

552 1451 669 1503 res,
695 1442 862 1494 tanto
889 1437 986 1494 ille
1017 1438 1252 1496 mollior
1295 1442 1421 1495 erat
1451 1454 1520 1494 ac
1552 1436 1838 1502 timidior,
1882 1439 1937 1492 et
1961 1435 2095 1493 ideo
2137 1436 2216 1492 le-

2325 1438 2414 1486 καὶ
2468 1431 2651 1502 δειλὸς,
2680 1439 2770 1488 καὶ
2827 1432 2921 1488 διὰ
2963 1443 3116 1488 τοῦτο
3161 1443 3350 1508 κοῦφος
3393 1440 3483 1488 καὶ
3536 1436 3935 1509 εὐπαράγωγος,

553 1526 643 1581 vis
673 1527 967 1600 facileque
997 1527 1256 1585 mobilis.
1279 1529 1486 1594 Quaere
1508 1543 1751 1601 quoque
1774 1525 2215 1582 enarrationem

2325 1526 2565 1580 Ζήτησον
2617 1521 2674 1576 δὲ
2718 1530 2807 1577 καὶ
2861 1530 2952 1584 τὴν
3011 1525 3261 1597 ἐξήγησιν
3304 1534 3425 1595 τῶν,
3461 1528 3528 1587 ὡς
3559 1527 3759 1600 εἴρηται
3797 1530 3935 1593 (23),

555 1631 790 1687 eorum,
816 1631 974 1694 qum,
993 1621 1059 1674 ut
1083 1618 1308 1674 dictum
1327 1623 1432 1684 est,
1450 1635 1484 1674 a
1508 1620 1734 1674 Joanne
1753 1621 2176 1690 proponuntur
2199 1631 2212 1670 :

2327 1615 2706 1686 προστεθέντων
2776 1617 2918 1688 παρὰ
2995 1622 3084 1667 τοῦ
3145 1617 3400 1683 Ἰωάννου,
3474 1613 3681 1691 σφόδρα
3757 1635 3936 1668 συντε-

556 1705 885 1780 plurimum
905 1707 1065 1763 enim
1088 1707 1402 1765 conferunt
1418 1708 1494 1764 ad
1509 1723 1580 1764 ea
1593 1723 1728 1780 quae
1745 1707 2042 1780 proposita
2056 1710 2214 1761 sunt.

2327 1700 2545 1754 λούντων
2575 1703 2640 1764 εἰς
2668 1706 2735 1756 τὰ
2764 1709 3102 1777 προκείμενα,

633 1796 796 1852 Vers.
856 1800 944 1853 31.
974 1798 1060 1852 Et
1096 1828 1166 1838 —
1196 1801 1261 1853 ut
1293 1771 1762 1867 cruciﬁgerbtur:
1792 1771 1873 1852 Ex
1903 1812 2021 1869 quo
2061 1796 2216 1852 chla-

2405 1797 2505 1844 Καὶ
2557 1825 2623 1832 -
2679 1793 2750 1856 εἰς
2802 1771 2858 1846 τό
2929 1771 3254 1868 σταυρῶσαι.
3311 1794 3454 1848 Ἐπεὶ
3522 1790 3770 1857 ἐξέδυσαν
3820 1795 3937 1867 (24)

560 1886 722 1943 mide
752 1901 891 1943 eum
914 1891 1218 1956 exuerent,
1272 1887 1476 1960 utique
1506 1888 1686 1944 etiam
1718 1903 2002 1943 coronam
2041 1886 2216 1958 depo-

2331 1885 2424 1941 τὴν
2480 1880 2757 1955 χλαμύδα,
2816 1884 3066 1957 περιεὶλον
3123 1888 3320 1947 πάντας
3373 1889 3462 1937 καὶ
3519 1887 3604 1936 τόν
3664 1888 3937 1957 στέφανον.

564 1982 830 2033 suerunt.
885 1979 1145 2035 Joannes
1195 1982 1395 2034 autem
1463 1978 1604 2034 dicit
1655 1977 1823 2050 quod
1878 1980 2216 2048 acceperunt

2332 1973 2575 2035 Ἰωάννης
2667 1969 2728 2025 δέ
2796 1993 2952 2046 φησιν
3032 1976 3112 2026 ὅτι
3195 1973 3488 2048 Παρέλαϐον
3569 1977 3655 2026 τόν
3729 1972 3941 2032 Ἰησοῦν

563 2065 764 2123 Jesum
789 2070 844 2123 et
872 2067 1169 2124 duxerunt
1196 2068 1261 2122 in
1277 2067 1622 2137 praetorium
1654 2068 1701 2102 ³³
1733 2085 1750 2138 ;
1779 2065 2000 2122 Iudaeis
2025 2071 2081 2122 et
2108 2066 2216 2122 hoc

2331 2067 2422 2114 καὶ
2474 2067 2670 2134 ἤγαγον
2719 2063 2790 2125 εἰς
2849 2067 2956 2132 (‘25)
3011 2067 3067 2116 τό
3125 2070 3462 2140 πραιτώριον,
3516 2073 3615 2116 τῶν
3666 2060 3941 2117 Ἰουδαίων

567 2155 938 2228 optantibus,
957 2161 1021 2213 ut
1035 2156 1173 2213 inde
1190 2157 1437 2215 eductus
1450 2157 1888 2214 condemnatus
1905 2157 2216 2213 videretur.

2333 2156 2422 2204 καὶ
2492 2161 2646 2205 τοῦτο
2725 2149 3151 2221 σπουδασάντων,
3209 2155 3289 2206 ἱνα
3373 2152 3558 2207 ἐκεῖθεν
3638 2152 3944 2228 ἐξαγόμενος

2336 2238 2465 2315 δοκῇ
2500 2244 2828 2316 κατάκριτος.

639 2353 802 2410 Vers.
835 2355 930 2414 32.
957 2354 1251 2412 Exeuntes
1275 2386 1328 2396 —
1371 2371 1601 2412 crucem
1650 2357 1804 2425 ejus.
1844 2356 2074 2411 Marcus
2099 2352 2216 2428 qui-

2403 2331 2766 2406 Ἐξερχόμενοι
2845 2364 2912 2373 -
2988 2336 3073 2386 τὸν
3165 2337 3379 2406 σιαυρόν
3478 2332 3656 2385 αὐτοῦ.
3724 2334 3943 2405 Μάρκος

563 2441 703 2501 dem
735 2443 967 2501 addidit
999 2467 1011 2498 :
1051 2447 1288 2502 Patrem
1306 2445 1648 2502 Alexandri
1673 2417 1730 2500 et
1754 2445 1889 2514 Ruﬁ
1908 2445 1954 2480 ³⁴
1990 2460 2002 2511 ;
2037 2417 2216 2500 Lucas

2334 2425 2422 2495 μὲν
2487 2425 2826 2495 προσέθηκεν,
2877 2424 2958 2474 ὅτι
3020 2425 3118 2475 Τόν
3174 2427 3378 2496 Πατέρα
3439 2417 3781 2495 Ἀλεξάνδρου
3846 2426 3941 2474 καὶ

564 2539 768 2590 autem
808 2533 1140 2591 Venientem
1170 2535 1245 2591 ab
1273 2550 1414 2606 agro
1445 2535 1513 2588 ³⁵.
1542 2535 1804 2590 Joannes
1846 2551 1987 2591 vero
2026 2534 2173 2590 dixit
2207 2551 2216 2590 :

2332 2512 2543 2584 Ῥούφου
2578 2530 2590 2542 ·
2645 2517 2853 2573 Λουκᾶς
2923 2507 3000 2577 δὲ,
3062 2513 3142 2564 ὅτι
3193 2511 3510 2586 Ἐρχόμενος
3569 2509 3656 2562 ἀπ’
3711 2509 3875 2583 ἀγροῦ
3925 2532 3938 2542 ·

564 2620 850 2692 Bajutans
879 2638 1111 2680 crucem
1139 2638 1307 2680 suam
1333 2624 1517 2680 exivit
1558 2625 1605 2658 ³⁸
1630 2625 1890 2678 Primum
1925 2623 2216 2696 siquidem

2335 2601 2360 2651 6
2421 2597 2478 2653 δὲ
2524 2601 2756 2662 Ἰωάννης
2813 2598 2947 2654 εἶπεν
3002 2602 3081 2653 ὅτι
3144 2607 3240 2654 Καὶ
3292 2599 3572 2674 βαστάζων
3625 2603 3710 2654 τὸν
3779 2620 3944 2653 σταυ-

563 2711 987 2784 imposuerunt
1007 2713 1121 2786 ipsi
1145 2729 1382 2770 crucem
1416 2718 1691 2785 tanquam
1711 2713 2135 2780 condemnato,
2170 2718 2216 2770 el

2333 2694 2421 2766 ρόν
2461 2693 2642 2756 αὑτοῦ,
2695 2690 2891 2754 ἐξηλθε.
2938 2698 3148 2766 Πρῶτον
3195 2694 3284 2764 μὲν
3324 2693 3423 2767 γὰρ
3471 2689 3607 2761 αὐτῷ
3661 2693 3746 2742 τόν
3780 2710 3943 2743 σταυ-

564 2778 849 2873 baiulans
882 2778 1242 2859 eam-exivit.
1265 2803 1485 2859 Deinde
1511 2778 1737 2859 Simoni
1763 2803 2007 2859 obviant
2029 2822 2039 2862 :
2063 2778 2216 2860 hunc

2333 2784 2422 2854 ρόν
2476 2780 2752 2850 ἐπέθηκαν,
2808 2783 2876 2842 ὡς
2946 2778 3239 2853 καταδίκῳ,
3287 2786 3376 2832 καὶ
3445 2779 3730 2853 βαστάζων
3785 2780 3941 2832 αὐτόν

567 2895 891 2962 coegerunt
918 2895 983 2948 ut
998 2907 1134 2948 eam
1166 2891 1408 2949 tolleret.
1433 2895 1624 2949 Lucas
1664 2908 1803 2948 vero
1842 2893 2088 2965 insuper
2123 2892 2216 2949 ad-

2337 2870 2583 2933 ἐξῆλθεν·
2622 2873 2750 2936 εἶτα,
2821 2879 2892 2941 τῷ
2971 2875 3162 2943 Σίμωνι
3239 2875 3673 2936 συναντήσαντες,
3756 2874 3942 2922 τοῦτόν

2345 2960 2356 2972 θ
2467 2963 2477 2975 r
2727 2961 2744 2975 ιι
2871 2962 2892 2974 κ
3041 2959 3052 2975 ³
3104 2966 3111 2973 ι
3241 2965 3251 2975 ι
3382 2966 3400 2974 ε
3468 2956 3500 2975 ἣν
3626 2964 3634 2975 ι
3676 2962 3697 2975 κ

567 2956 735 3038 didit.
759 2982 922 3054 quod
940 2983 1333 3055 sequebantur
1359 2999 1484 3040 eum
1506 3000 1714 3055 magna
1736 2956 2060 3040 multitudo
2094 3000 2216 3039 mu-

2336 2960 2690 3033 ὴγγάρευσαν,
2727 2961 2809 3012 ἵνα
2857 2962 2955 3033 ἄρῃ
2992 2959 3145 3012 αὐτόν
3177 2981 3188 2993 ·
3224 2965 3428 3020 Λουκᾶς
3455 2956 3514 3012 δὲ
3553 2964 3642 3011 καὶ
3673 2962 3747 3011 ἔτι
3778 2979 3944 3032 προσ-

571 3049 800 3139 lierum,
815 3049 1131 3144 quceetiam
1142 3073 1497 3145 plangebant
1511 3079 1564 3130 et
1585 3049 2066 3130 lamentabantur
2077 3088 2216 3129 eum.

2336 3051 2534 3119 έθηκεν,
2612 3052 2691 3102 ὅτι
2764 3049 3062 3102 Ἠκολούθει
3137 3049 3275 3119 αύτῷ
3356 3049 3484 3101 πολύ
3567 3049 3764 3110 πλῆθος
3847 3057 3943 3101 τοῦ

571 3137 898 3218 Conversus
916 3166 1111 3219 autem
1131 3137 1205 3220 ad
1220 3137 1360 3219 illas
1380 3165 1546 3219 Jesus
1569 3163 1719 3218 dicit
1741 3179 1752 3216 :
1781 3163 1957 3219 Filiae
1978 3165 2216 3219 Jerusa-

2334 3137 2460 3190 λαοῦ
2516 3144 2605 3192 καὶ
2667 3147 2944 3210 γυναικῶν,
3021 3137 3074 3190 αἳ
3146 3143 3226 3190 καὶ
3287 3137 3562 3190 ἐκόπτοντο
3633 3143 3722 3191 καὶ
3789 3138 3939 3211 ἐθρή-

571 3250 702 3318 lem,
719 3267 792 3308 ne
804 3251 1084 3321 ﬂeveritis
1105 3268 1280 3322 super
1297 3267 1407 3322 me,
1427 3252 1522 3309 sed
1556 3268 1732 3322 super
1747 3251 1896 3308 vobis
1913 3254 2048 3323 ipsis
2070 3253 2216 3323 ﬂete,

2335 3248 2451 3282 νουν
2509 3229 2688 3286 αὐτόν.
2763 3233 3009 3303 Στραφεὶς
3068 3224 3126 3281 δὲ
3200 3231 3328 3303 πρός
3388 3227 3551 3288 αὐτας
3629 3229 3652 3280 6
3707 3228 3941 3294 Ἰησοῦς,

566 3345 621 3397 et
648 3356 828 3410 super
844 3342 985 3405 ﬁliis
1025 3340 1230 3397 vestris
1257 3358 1270 3396 :
1297 3341 1564 3412 quoniam
1593 3356 1722 3398 ecce
1764 3341 1991 3397 venient
2015 3342 2216 3408 dies",

2336 3316 2442 3372 εἰπε
2499 3333 2510 3345 ·
2599 3323 2885 3391 Θυγατέρες
2994 3317 3352 3392 Ἰερουσαλὴμ,
3430 3321 3501 3389 μὴ
3598 3316 3796 3369 κλαίετε
3861 3315 3943 3368 ἐπ’

565 3435 675 3486 etc.
696 3404 938 3487 ﬁicens:
972 3431 1060 3487 Ne
1085 3404 1361 3500 ﬂeverit-is
1381 3447 1556 3500 super
1599 3446 1708 3498 me,
1738 3434 1856 3487 Hoc
1877 3435 1962 3486 est
1983 3404 2216 3503 propter

2335 3407 2439 3481 ἐμὲ,
2500 3409 2626 3468 πλὴν
2697 3407 2772 3482 ἐφ’
2847 3409 3030 3469 ἑαυτὰς
3102 3406 3320 3471 κλαίει-εξ
3381 3411 3471 3459 καὶ
3527 3404 3610 3460 ἐπὶ
3666 3410 3735 3459 τὰ
3789 3410 3947 3458 τέκνα

563 3536 683 3586 me,
718 3521 822 3575 sed
846 3494 1094 3592 propter
1106 3520 1406 3591 vosipsas,
1433 3494 1488 3575 et
1513 3494 1760 3592 propter
1783 3520 1939 3576 ﬁlios
1963 3494 2216 3576 vestros:

2334 3501 2475 3571 ὑμῶν
2515 3514 2526 3525 ·
2581 3500 2660 3551 ὅτι
2721 3494 2838 3550 ἰδοὺ
2900 3501 3146 3573 ἔρχονται
3226 3499 3436 3570 ἡμέραι,
3495 3501 3584 3548 καὶ
3666 3499 3732 3548 τὰ
3799 3495 3940 3558 ἑξῆς.

563 3609 1110 3682 quiaeccevenient
1143 3608 1291 3675 dies,
1312 3608 1670 3680 signiﬁcavit
1697 3608 1828 3666 dies
1870 3609 2216 3682 captivitatis

2332 3593 2418 3647 Μὴ
2478 3589 2677 3641 κλαίετε
2727 3587 2884 3659 λέγων
2943 3586 3018 3640 ἐπ’
3078 3586 3183 3660 ἐμέ,
3245 3589 3427 3658 ἤγουν,
3491 3583 3562 3638 δι’
3629 3584 3760 3658 ἐμέ·
3811 3583 3946 3637 ἀλλὰ

569 3673 1149 3772 Hierosolymorum.
1943 3673 1963 3682 ’

2333 3678 2406 3732 Δι’
2461 3679 2646 3739 ἑαυτὰς
2685 3682 2774 3730 καὶ
2825 3674 2918 3730 διὰ
2952 3679 3019 3730 τὰ
3079 3681 3232 3728 τέκνα
3278 3675 3441 3748 ὑμῶν,
3475 3677 3556 3728 ὅτι
3589 3673 3703 3727 ἰὸοὺ
3749 3676 3941 3747 ἔρχον-

2332 3788 2420 3822 ται
2500 3770 2711 3843 ἡμέραι,
2769 3769 2824 3820 αἰ
2902 3776 2995 3829 τῆς
3077 3766 3317 3828 ἁλώσεως
3389 3774 3489 3817 τῶν
3571 3763 3943 3838 Ἱεροσολύμων

2334 3856 2596 3917 δηλονότι.

2407 3954 2505 4002 Καὶ
2554 3947 2773 4009 ἐλθόντες
2842 3978 2909 3988 -
2984 3945 3270 4018 Γολγοθάν.
3340 3945 3502 4006 Οὗτος
3567 3945 3592 3995 6
3644 3947 3803 4006 τόπος
3855 3945 3942 4016 ἑγ-

641 4004 802 4062 Vers.
831 4007 919 4061 33.
936 4003 1195 4076 Cumque
1212 4004 1502 4060 venissent
1516 4034 1585 4044 —
1609 4005 1916 4076 Gotgotha.
1939 4005 2216 4063 Hiclocus

2330 4042 2426 4110 γύς
2451 4035 2512 4096 ἧν
2540 4047 2634 4099 τῆς
2660 4038 2868 4103 πόλεως,
2901 4039 2970 4098 ὡς
3001 4037 3024 4088 6
3057 4036 3296 4096 Ἰωάννης
3322 4033 3563 4109 ἔγραψεν.

564 4095 788 4153 civitati
807 4095 1188 4168 propinquus
1231 4101 1377 4160 erat,
1419 4095 1570 4151 sicut
1598 4096 1831 4167 scripsit
1867 4099 2128 4153 Joannes
2151 4099 2217 4152 ³⁸.

636 4188 796 4242 Vers.
823 4189 910 4242 33.
946 4184 1109 4253 Quod
1146 4214 1216 4224 -—
1256 4191 1436 4240 tocus.
1471 4185 1662 4250 Quod,
1697 4185 1971 4241 videlicet
1997 4202 2219 4242 nomen

561 4274 852 4345 Golgotha
877 4274 1106 4330 dictum
1132 4273 1254 4330 sive
1281 4289 1518 4329 versum
1561 4273 1640 4330 ab
1689 4274 1983 4331 Hebraica
2012 4275 2219 4346 lingua

555 4364 617 4420 in
645 4365 938 4430 Latinam,
971 4367 1061 4419 est
1084 4368 1141 4418 et
1169 4362 1400 4428 dicitur,
1423 4363 1706 4419 Calvariaa
1737 4363 1905 4419 locus
1938 4367 2005 4419 3°.
2039 4365 2218 4421 Aiunt

557 4459 760 4510 autem
799 4453 1052 4526 quidam
1074 4451 1158 4508 ibi
1184 4451 1376 4507 Adam
1402 4457 1704 4508 mortuum
1730 4469 1859 4509 esse
1884 4469 1952 4509 ac
1979 4453 2175 4525 jacere
2199 4473 2212 4510 :

556 4549 613 4600 et
655 4543 1017 4615 dispositum
1053 4547 1166 4608 est,
1215 4547 1279 4597 ut
1317 4541 1425 4597 ubi
1467 4547 1637 4598 vetus
1665 4543 1860 4599 Adam
1907 4544 2117 4601 cecidit
2153 4545 2216 4600 in

552 4637 820 4702 mortem,
855 4631 937 4688 ibi
973 4632 1152 4688 etiam
1183 4632 1324 4688 novi
1347 4631 1540 4688 Adam
1571 4638 1862 4705 tropaeum
1891 4635 2216 4705 erigeretur

553 4727 760 4780 contra
786 4726 1066 4787 mortem,
1097 4720 1235 4779 dico
1267 4737 1410 4778 sane
1443 4737 1706 4779 crucem.

2400 4145 2458 4199 cO
2495 4179 2551 4188 —
2598 4151 2772 4208 τόπος.
2818 4141 3002 4218 Ὀπερ,
3058 4147 3117 4196 τό
3177 4142 3426 4215 Γολγοθά,
3482 4138 3748 4208 δηλονότι,
3795 4139 3942 4214 λεγό-

2250 4227 2295 4281 D
2329 4256 2498 4310 μενον,
2552 4239 2689 4300 ἤτοι,
2759 4236 3278 4308 μεθερμηνευόμενον,
3338 4234 3403 4292 ὡς
3479 4233 3504 4283 6
3586 4233 3797 4306 Μάρκος
3871 4230 3943 4284 εἶ-

2328 4346 2437 4392 πεν,
2491 4324 2590 4379 ἀπὸ
2646 4333 2736 4385 τῆς
2782 4320 3056 4395 Ἑϐραίδος
3111 4320 3386 4375 διαλέκτου
3440 4326 3568 4395 πρὸς
3618 4326 3709 4380 τὴν
3757 4321 3941 4379 Ἐλλη-

2325 4412 2470 4482 νίδα,
2525 4417 2635 4467 ἔστι
2684 4419 2773 4466 καὶ
2820 4414 3024 4484 λέγεται
3083 4417 3305 4487 Κρανίου
3355 4417 3531 4472 τόπος.
3585 4416 3720 4464 Φασὶ
3770 4407 3943 4463 δέτι-

2324 4525 2404 4567 νες
2455 4503 2558 4556 ἐκεῖ
2633 4508 2718 4555 τὸν
2805 4499 2980 4575 Ἀδὰμ
3058 4501 3487 4571 τετελευτηκέναι,
3536 4506 3625 4553 καὶ
3699 4501 3937 4567 κεῖσθαι,

2323 4599 2412 4647 καὶ
2455 4596 2778 4667 ᾠκονόμήθη,
2837 4592 2919 4644 ἶνα
2972 4593 3099 4644 ὅπου
3155 4593 3180 4644 6
3237 4591 3454 4651 παλαιός
3522 4587 3699 4662 Ἀδὰμ
3751 4593 3938 4642 ἔπεσεν

2324 4687 2423 4738 ὑπὸ
2471 4692 2560 4737 τον
2612 4685 2854 4749 θανάτου,
2897 4682 2999 4735 ἐκεῖ
3040 4686 3128 4734 καὶ
3177 4685 3234 4734 τό
3293 4688 3385 4733 τοῦ
3437 4685 3548 4734 νέου
3599 4677 3773 4752 Ἀδὰμ
3814 4687 3937 4754 τρό-

2321 4794 2475 4828 παιον
2527 4781 2623 4848 στῇ
2683 4776 2819 4827 κατὰ
2864 4780 2956 4826 τοῦ
3012 4773 3256 4837 θανάτου,
3305 4770 3436 4844 λέγω
3496 4765 3588 4836 δὴ,
3626 4773 3711 4822 τὸν
3767 4788 3933 4822 σταυ-

2319 4874 2433 4948 ρόν.

568 5106 586 5120 .
620 5076 669 5112 δ’
699 5074 874 5147 Joan,
917 5090 1034 5144 xix,
1070 5072 1157 5129 11.
1232 5075 1279 5108 ³³
1311 5069 1457 5131 idid.
1490 5072 1578 5129 16.
1656 5072 1704 5110 ³⁴
1734 5076 1906 5131 Marc.
1946 5091 2046 5143 xv,
2101 5080 2194 5134 21.

2375 5076 2511 5133 Luc.
2541 5090 2704 5143 χχιιι,
2733 5074 2820 5132 26.
2899 5075 2948 5111 ³⁸
2973 5075 3139 5131 Joan.
3189 5076 3310 5138 xix,
3347 5077 3432 5130 17.
3511 5070 3554 5110 ³⁷
3587 5070 3729 5131 Luc.
3751 5081 3924 5139 χχιιι,

544 5169 735 5227 20-29.
811 5167 862 5203 ³⁸
885 5167 1062 5225 Joan.
1089 5179 1212 5232 xix,
1231 5165 1322 5219 20.
1403 5164 1450 5199 3’
1480 5164 1657 5221 Marc.
1686 5180 1786 5232 xv,
1815 5165 1908 5221 22.

1775 5340 1999 5414 Variae
2024 5344 2354 5417 lectiones
2375 5351 2441 5416 et
2464 5355 2667 5415 notae.

613 5539 634 5755 ἓ

762 5543 1133 5615 Προτεθέντων.
1157 5541 1229 5598 Α.
1253 5540 1358 5615 Sic
1389 5539 1734 5600 Hentenius.

2325 5545 2543 5602 :odices
2575 5547 2639 5600 N.
2671 5541 3051 5615 Testamenti,
3080 5539 3401 5599 instructos
3429 5539 3696 5615 scholiis.
3753 5538 3925 5615 Cbry

637 5611 936 5754 24ζΑὑτὸυ,
972 5612 1292 5684 interponit
1318 5613 1384 5668 A.
2310 5621 2454 5673 sost.
2492 5624 2528 5673 t.
2554 5615 2675 5683 VII,
2700 5631 2764 5688 p.
2811 5614 2912 5671 503
2942 5617 3006 5682 ί),
3039 5629 3162 5670 non
3195 5614 3479 5684 agnoscit.
3518 5617 3633 5670 Nec
3662 5611 3926 5685 Cyrinus

637 5685 704 5737 25
782 5686 868 5743 Et;
922 5681 979 5736 τό
1035 5691 1351 5754 πραιτώριον
1400 5685 1627 5742 addunt
1679 5685 1860 5742 etiam
1891 5688 1936 5741 Α
1973 5690 2028 5743 et
2054 5686 2097 5741 Β
2126 5687 2188 5744 in
2298 5694 2439 5745 tom.
2497 5688 2591 5752 IV,
2625 5704 2684 5754 p.
2722 5690 2856 5744 1057
2904 5688 2972 5741 Α.
3007 5687 3196 5742 Habet
3248 5686 3456 5742 enim:
3490 5683 3796 5754 Ἀπάγουσι
3822 5685 3924 5754 μὲν

767 5686 868 5762 ,Εἰς
922 5685 979 5736 τό
1035 5691 1356 5762 πρσατώριον.
1400 5685 1627 5762 addunt
1679 5685 1860 5762 etiam
1891 5688 1936 5741 Α
1973 5690 2028 5743 et
2054 5686 2188 5762 Biu

2325 5704 2439 5745 om.
2497 5688 2591 5762 Ν,
2625 5685 2856 5762 ρῘ105ῖ
2904 5688 2972 5741 Α.
3007 5687 3196 5762 Habet
3248 5686 3406 5762 enim
3439 5703 3456 5739 ι
3490 5685 3796 5762 ’ᾼπάγουσι
3822 5685 3924 5762 μὲν

541 5754 823 5814 contextu
833 5754 1104 5813 Joannis.
1121 5758 1201 5813 Ex
1231 5754 1589 5816 Iectionariis
1606 5757 1764 5816 venit
1785 5757 1848 5815 in
1864 5759 2186 5817 nonnullos

2325 5781 2361 5822 ›ς
2387 5754 2748 5834 τεθνηξόμενον
2779 5754 2887 5819 ἤδη
2920 5762 3008 5812 τὸν
3033 5765 3128 5821 τῆς
3162 5757 3300 5820 ζωῆς
3329 5756 3597 5832 ἀρχηγόν,
