4096 6384
137 376 242 432 ⁸121

1102 363 1478 425 COMMENT.
1519 361 1589 418 IN
1630 357 2084 419 MATTHAEUM.
2121 389 2189 400 —
2223 358 2388 420 CAP.
2426 357 2649 416 XXVII.

3436 357 3546 415 ’122

210 502 462 560 Ἐδωκαν
507 535 576 545 -
614 509 771 556 πιεῖν.
834 500 894 553 '0
948 496 1008 553 δὲ
1061 499 1276 572 Μάρκος
1329 490 1464 548 εἶπεν
1519 493 1600 545 ὅτι
1651 490 1764 564 (26)

1947 490 2115 547 Vers.
2148 489 2235 546 34.
2271 485 2578 545 Dederunt
2607 516 2676 527 —
2719 484 2927 542 bibere.
2961 487 3189 542 Marcus
3218 486 3418 540 autem
3457 483 3546 539 di-

136 602 230 650 κοιὶ
285 592 510 648 ἐδίδουν
567 592 709 665 αύτῷ
764 599 900 645 πιεῖν
967 589 1372 661 ἐσμυρνισμένον
1432 581 1583 637 οἶνον·
1637 583 1664 634 ό
1707 577 1766 635 δὲ

137 688 233 739 οὐκ
306 685 484 739 ἔλαϐε.
551 688 651 737 Καὶ
730 681 995 757 ἀμφότερα
1061 676 1118 732 δὲ
1191 680 1551 752 προσήνεγκαν
1623 672 1764 742 αύτῷ

139 778 446 848 παίζοντες,
522 779 612 826 καὶ
675 773 1089 846 λειποθυμοῦντα
1158 765 1315 828 δῆθεν
1396 765 1761 836 ἀνακτώμενοι.

139 877 227 940 Τῷ
272 869 388 931 ἄξει
442 870 534 940 μὲν
582 864 670 918 οὖν
724 869 819 924 τὴν
869 861 1031 934 χολήν
1094 858 1293 934 ἔμιξαν,
1347 857 1430 910 ἶνα
1483 859 1542 909 τό
1603 851 1764 928 δριμὺ

142 966 370 1031 γένηται
440 961 530 1010 καὶ
596 959 801 1028 πικρόν.
861 951 1115 1025 Ἐνέφαινε
1173 949 1286 1021 (27)
1346 943 1404 1000 δὲ
1455 952 1622 998 ταῦτα
1671 951 1768 1004 τῆς

142 1058 248 1101 τῶν
310 1043 592 1102 Ἰουδαίων
647 1045 832 1117 ψυχῆς
889 1047 977 1101 τὴν
1031 1037 1334 1114 δριμύτητα
1386 1041 1475 1089 καὶ
1531 1039 1764 1106 πικρίαν.

147 1143 254 1192 Καὶ
287 1137 426 1196 αὐτὴ
464 1133 572 1194 δεή
604 1137 809 1209 σμύρνα
832 1133 1119 1206 πικροτάτη
1152 1130 1314 1184 ἐστίν.

222 1227 397 1282 Ἀλλὰ
450 1229 547 1300 πρὸ
600 1227 689 1298 μὲν
747 1231 839 1276 τοῦ
889 1221 1108 1275 ἀνελθεῖν
1162 1219 1230 1282 εἰς
1283 1221 1369 1271 τόν
1425 1217 1650 1290 σταυρὸν
1702 1216 1767 1266 τὰ

137 1320 386 1394 ῥηθέντα
460 1316 902 1390 προσηνέχθησαν
995 1312 1158 1382 αὐτῷ,
1248 1310 1420 1370 καθὼς
1500 1307 1767 1367 Ματθαῖος

138 1413 236 1460 uti.
299 1409 522 1483 Μάρκος
572 1404 730 1458 εἷπον·
783 1406 914 1476 μετὰ
963 1399 1020 1456 δὲ
1071 1404 1128 1453 1'6
1187 1398 1430 1467 ἀνελθεῖν,
1486 1395 1601 1468 (28)
1656 1394 1766 1458 ὅξος

139 1504 330 1571 μόνον,
387 1500 458 1558 ὡς
527 1495 674 1549 αὐτοὶ
723 1494 876 1547 πάλιν
925 1492 1089 1558 οὗτοι,
1143 1494 1232 1543 καὶ
1286 1494 1492 1550 Λουκᾶς
1545 1490 1633 1539 καὶ
1661 1485 1766 1539 Ἰω-

139 1593 303 1649 άννης
337 1590 492 1659 φασί.

218 1678 634 1751 Παρατηρητέον
715 1671 774 1727 δὲ
849 1678 938 1725 καὶ
1030 1673 1130 1738 ὅτι,
1198 1673 1284 1723 τόν
1359 1667 1764 1743 ἐσμυρνισμένον

141 1767 309 1834 οἶνον,
375 1770 442 1827 ὡς
485 1767 720 1840 ἄκαιρον,
779 1767 849 1836 μὴ
905 1761 1094 1826 λαϐὼν,
1154 1768 1240 1812 νῦν
1288 1763 1377 1833 μὲν
1429 1766 1522 1812 τοῦ
1570 1761 1768 1831 μίγμα-

1877 581 1953 638 cit
1979 582 2047 647 ⁴⁰,
2081 579 2249 654 quod
2274 579 2451 634 etiam
2476 576 2770 632 dederunt
2788 575 2843 631 ei
2874 574 2954 630 ad
2984 573 3300 629 bibendum
3328 573 3542 629 vinum

1873 670 2120 743 myrrha
2163 668 2444 734 mistum;
2477 669 2539 722 at
2585 665 2679 721 ille
2705 680 2828 720 non
2868 663 3100 735 accepit
3138 681 3152 731 ;
3215 666 3540 734 utrumque

1876 765 2076 818 autem
2111 758 2455 816 obtulerunt
2484 756 2537 812 ei
2574 754 2868 817 ludentes,
2920 758 2976 809 et
3005 757 3295 825 tanquam
3334 752 3540 808 animo

1875 850 2253 907 deﬁcientem
2274 846 2697 904 reiocillantes.
2736 848 2916 900 Aceto
2946 841 3152 916 itaque
3183 841 3257 898 fel
3283 842 3538 898 miscue-

1875 946 2033 1006 runt,
2068 944 2128 995 ut
2159 938 2356 996 acrius
2385 937 2551 993 ﬁeret
2580 939 2639 991 et
2668 933 2953 990 amarius.
2997 935 3132 988 Haec
3161 935 3362 989 autem
3406 947 3534 988 ma-

1878 1033 2023 1086 nil'e.
2035 1038 2156 1085 tam
2172 1029 2516 1084 Judasorum
2541 1023 2929 1081 acerbitatem
2951 1026 3009 1079 et
3034 1021 3500 1079 amaritudinem
3517 1037 3533 1076 :

1877 1137 2018 1176 nam
2049 1120 2184 1191 ipsa
2222 1118 2398 1174 etiam
2432 1113 2680 1188 myrrha
2700 1111 3080 1170 amarissima
3109 1115 3219 1168 est.

1949 1209 2062 1266 Sed
2089 1207 2377 1282 praedicta
2414 1203 2657 1277 quidem
2689 1203 3045 1275 priusquam
3077 1201 3140 1258 in
3170 1216 3411 1258 crucem
3445 1216 3540 1257 as-

1875 1299 2174 1364 cenderet,
2206 1294 2552 1352 obtulerunt
2580 1294 2654 1360 ei,
2687 1291 2838 1349 sicut
2865 1291 3176 1348 Matthteus
3219 1295 3276 1347 et
3306 1289 3540 1347 Marcus

1875 1390 2155 1446 dixerunt
2181 1389 2223 1422 “
2262 1405 2276 1454 ;
2308 1389 2628 1458 postquam
2677 1396 2818 1438 vero
2871 1381 3157 1452 ascendit,
3187 1379 3383 1437 solum
3409 1395 3540 1436 ace-

1876 1484 2005 1536 tum
2031 1482 2097 1534 ut
2119 1476 2180 1533 hi
2206 1474 2317 1550 ipsi
2344 1489 2552 1531 rursus
2579 1470 2877 1544 simulque
2909 1472 3090 1528 Lucas
3124 1473 3181 1527 et
3197 1470 3464 1526 Joannes
3491 1469 3538 1505 ⁸³

1873 1569 2100 1626 dicunt.

1949 1655 2404 1718 Observandum
2426 1657 2518 1710 est
2534 1654 2758 1717 autem,
2781 1649 2946 1724 quod
2976 1664 3115 1706 cum
3145 1648 3356 1706 vinum
3381 1665 3542 1723 myr-

1875 1749 1986 1806 rha
2003 1748 2250 1804 mistum
2281 1752 2572 1816 tanquam
2604 1738 3097 1814 intempestivum
3121 1751 3246 1795 non
3276 1739 3540 1811 accepis-

144 1879 232 1919 τος
296 1864 400 1909 τοῦ
462 1855 604 1918 ὄξους
654 1859 745 1907 καὶ
798 1861 893 1914 τῆς
943 1851 1111 1925 χολῆς
1159 1850 1406 1923 ἐγεύσατο
1466 1844 1558 1901 διὰ
1605 1850 1765 1921 μόνην

1890 1843 1980 1903 set,
2015 1852 2176 1893 nunc
2203 1835 2521 1891 misturam
2551 1831 2704 1888 aceti
2733 1834 2789 1886 et
2825 1828 2976 1885 fellis
3005 1827 3270 1900 gustavit
3292 1831 3541 1900 propter

144 1954 245 2007 τήν
298 1946 497 2019 χολὴν,
548 1947 680 2004 ὅπως
725 1942 974 2017 πληρωθῇ
1038 1945 1119 2008 1'6,
1174 1942 1282 1996 Καὶ
1335 1935 1532 1993 ἔδωκαν
1591 1937 1662 2001 εἰς
1708 1939 1766 1988 τὸ

153 2038 358 2113 βρῶμά
388 2055 492 2108 μου
543 2034 710 2107 χολήν
745 2053 756 2066 ·
795 2034 1108 2106 σταυρωθεὶς
1162 2029 1240 2100 δὲ,
1291 2035 1442 2104 μόνον
1489 2029 1612 2092 ὄξως
1655 2026 1768 2080 ἐπο-

153 2130 345 2190 τίσθη,
390 2122 487 2177 διὰ
531 2127 585 2176 τὸ
632 2123 824 2190 λεῖπον,
860 2122 991 2194 λέγω
1037 2119 1104 2180 δὴ
1152 2124 1231 2191 τὸ,
1284 2125 1384 2174 Καὶ
1435 2119 1505 2182 εἰς
1548 2123 1641 2177 τὴν
1689 2113 1770 2170 δί-

162 2219 267 2288 ψαν
323 2235 426 2287 μου
463 2213 706 2266 ἐπότισάν
761 2232 823 2285 με
876 2213 1014 2275 ὄξος.
1078 2215 1178 2264 Καὶ
1229 2215 1333 2284 μὴν
1389 2208 1438 2261 ἐν
1476 2215 1649 2279 ταυτῷ
1681 2212 1770 2260 καὶ

171 2307 304 2368 οξονς
332 2309 426 2357 καὶ
471 2303 639 2376 χολῆς
668 2301 937 2373 ἐγεύσατο,
984 2306 1072 2354 καὶ
1103 2300 1149 2353 ἐν
1205 2300 1379 2372 ταύτῷ
1420 2296 1640 2352 δοκοῦσι
1681 2302 1769 2349 καὶ

159 2399 312 2469 αξιιῑρω
379 2398 446 2446 1'6.
494 2395 630 2468 ῥητὰ
685 2395 742 2446 τό
783 2396 937 2466 πέρας
991 2390 1181 2444 λαϐεῖν·
1219 2389 1356 2444 Ἀλλ’
1407 2389 1493 2450 Εἰς
1540 2393 1633 2447 την
1685 2384 1771 2440 δί-

150 2487 256 2558 ᾡαν
311 2505 417 2558 μου
481 2488 794 2557 γέγραπται·
851 2481 945 2535 οὐκ
988 2478 1150 2552 ἐδίψα
1216 2476 1274 2533 δὲ
1323 2482 1421 2554 πρὸ
1487 2486 1578 2531 τοῦ
1629 2477 1766 2531 ἀνελ-

150 2578 254 2628 θεῖν
315 2574 388 2636 εἰς
440 2577 528 2626 τὸν
589 2575 834 2648 σταυρόν,
890 2569 1015 2624 ἀλλὰ
1058 2572 1189 2644 μετὰ
1238 2572 1292 2622 τὸ
1338 2567 1581 2622 ἀνελθεῖν.
1632 2571 1769 2623 Φησὶ

144 2668 248 2738 γὰρ
334 2666 362 2716 ό
432 2664 670 2724 Ἰωάννης
729 2663 808 2714 ὅτι
870 2659 1018 2715 Ἰδὼν
1076 2663 1100 2713 6
1174 2662 1379 2720 Ἰησοῦς
1449 2659 1530 2710 ὅτι
1600 2657 1770 2710 πάντα

142 2752 254 2814 ἤδη
343 2753 660 2817 τετέλεσται,
741 2760 824 2804 ῑνα
896 2750 1144 2826 πληρωθῇ
1219 2751 1249 2809 ἡ
1339 2751 1538 2824 Γραφὴ,
1610 2745 1765 2819 λέγει’

143 2846 318 2917 Διψώ.

219 2941 444 3007 Πρῶτον
512 2935 600 3006 μὲν
674 2934 776 3008 γὰρ
845 2933 1042 2985 οἴκοθεν
1114 2929 1264 2984 αὐτοὶ
1333 2930 1399 2982 τὰ
1472 2925 1772 2986 δηλωθέντα

147 3029 374 3097 πόματα
428 3026 740 3098 προσέφερον
810 3022 1098 3087 παίζοντες,
1155 3022 1221 3081 ὡς
1282 3018 1570 3095 εἰρήκαμενο
1624 3018 1771 3069 ύστε-

146 3135 236 3189 ρον
297 3110 383 3177 δὲ,
441 3111 760 3174 ἀκούσαντες
807 3113 887 3164 ὅτι
947 3109 1100 3183 διψᾷ,
1161 3114 1496 3184 προσήγαγον
1543 3112 1602 3161 τὸ
1636 3107 1768 3170 ὅξος·

1880 1927 2078 1986 solum
2136 1926 2233 1992 fel,
2290 1929 2354 1980 ut
2382 1921 2783 1995 compleretur
2824 1918 2992 1992 quod
3035 1917 3264 1974 dictum
3296 1922 3385 1975 est
3415 1935 3430 1974 :
3457 1917 3540 1974 Et

1879 2019 2166 2076 dederunt
2192 2017 2253 2072 in
2296 2030 2486 2072 escam
2539 2027 2729 2069 meam
2755 2010 2848 2080 fel
2888 2009 2982 2076 ης
3033 2006 3351 2064 crucifixus
3400 2022 3540 2063 vero

1883 2109 2068 2164 solum
2103 2113 2336 2162 acetum
2371 2102 2704 2176 potandum
2743 2099 2989 2170 accepit,
3023 2101 3264 2170 propter
3290 2095 3350 2151 id
3381 2095 3544 2168 quod

1881 2199 2145 2271 sequitur
2178 2214 2191 2250 :
2222 2196 2300 2250 Et
2331 2194 2388 2250 in
2422 2193 2524 2248 siti
2563 2205 2695 2248 mea
2723 2188 3045 2262 potandum
3075 2186 3362 2243 dederunt
3395 2185 3545 2242 mihi

1881 2295 2134 2348 acetum.
2165 2283 2344 2359 Atqui
2365 2284 2423 2340 in
2448 2297 2567 2338 uno
2585 2286 2640 2338 et
2661 2279 2876 2336 eodem
2905 2277 3054 2334 felet
3085 2279 3315 2332 acetum
3347 2279 3548 2347 gusta-

1880 2379 1979 2448 vit,
1999 2376 2135 2432 etin
2162 2391 2284 2431 uno
2306 2378 2362 2430 et
2394 2371 2605 2429 eodem
2625 2369 2860 2425 videtur
2885 2366 3208 2424 terminum
3243 2363 3546 2438 accepisse

1879 2474 2204 2539 utrumque
2242 2464 2490 2520 dictum.
2523 2461 2744 2516 Verum
2800 2457 2945 2529 quia
2976 2455 3264 2526 scriptum
3305 2458 3434 2510 est:
3473 2453 3546 2510 In

1878 2558 1981 2614 siti
2003 2571 2154 2621 mea,
2185 2569 2308 2610 non
2340 2551 2575 2608 sitiebat
2599 2553 2802 2605 autem
2821 2546 3183 2619 priusquam
3220 2544 3282 2599 in
3305 2558 3547 2600 crucem

1881 2645 2241 2709 ascenderet,
2294 2643 2398 2698 sed
2440 2644 2769 2714 postquam
2817 2634 3214 2693 ascendisset.
3252 2633 3345 2690 Ait
3383 2633 3546 2690 enim

1879 2738 2139 2794 Joannes
2173 2751 2185 2790 :
2219 2733 2478 2788 Intuitus
2516 2731 2688 2786 Jesus
2713 2727 2870 2801 quod
2890 2725 3086 2782 omnia
3105 2725 3233 2795 jam
3277 2738 3548 2779 consum-

1877 2831 2033 2883 mata
2045 2829 2252 2890 essent,
2269 2829 2334 2878 ut
2348 2821 2746 2890 compleretur
2755 2816 3102 2886 Scriptura,
3119 2813 3264 2869 dicit
3281 2831 3294 2870 :
3310 2813 3462 2870 Sitio
3476 2814 3546 2868 “.

1954 2915 2222 2971 Primum
2263 2910 2556 2984 siquidem
2594 2924 2631 2964 a
2662 2905 2870 2978 seipsis
2895 2904 3010 2976 ipsi
3041 2903 3232 2959 dictas
3273 2902 3550 2975 potiones

1881 3007 2048 3062 lusus
2080 3001 2273 3075 gratia
2304 2998 2664 3064 obtulerant,
2717 3001 2782 3051 ut
2828 2993 3114 3050 diximus.
3153 2991 3550 3048 Postmodum

1884 3100 2083 3153 autem
2101 3092 2306 3150 audito
2319 3089 2482 3163 quod
2503 3087 2707 3152 sitiret,
2722 3083 3139 3159 produxerunt
3155 3085 3412 3138 acetum.
3436 3081 3553 3139 Sed

147 3209 241 3255 καὶ
318 3201 432 3255 ἐπεὶ
503 3206 798 3276 γέγραπται
863 3203 941 3254 ὅτι
1009 3197 1250 3254 Ἔδωκαν
1325 3200 1390 3260 εἰς
1459 3203 1515 3251 τὸ
1584 3196 1774 3273 βρῶμά

1890 3201 2024 3243 cum
2079 3183 2368 3254 scriptum
2419 3178 2533 3234 sit:
2576 3176 2861 3233 Dederunt
2911 3174 2971 3230 in
2997 3187 3187 3229 escam
3236 3186 3425 3228 meam
3444 3171 3551 3241 fel,

151 3313 255 3367 μου
313 3291 508 3364 χολὴν,
563 3295 746 3364 ἤγουν,
793 3291 863 3354 εἰς
918 3295 976 3345 τό
1023 3299 1200 3364 φαγεῖν
1255 3311 1336 3364 με,
1392 3299 1501 3352 πῶς
1531 3290 1677 3342 αὐτοὶ
1705 3289 1775 3350 εἰς

150 3389 211 3434 τό
264 3389 408 3434 πιεῖν
468 3387 558 3434 καὶ
610 3384 806 3440 ταύτην
860 3378 1205 3449 δεδώκασιν;
1249 3381 1412 3455 Οἶμαι
1461 3384 1629 3456 τρύφη
1687 3381 1776 3443 ξη-

151 3479 252 3544 ρᾶς
292 3471 468 3544 χολῆς
519 3469 852 3546 ἐντεθρύφθαι
896 3481 968 3544 τῷ
1013 3471 1135 3538 ὄξει,
1170 3472 1252 3524 ἵνα
1282 3475 1340 3523 τό
1387 3474 1479 3544 μὲν
1521 3474 1597 3529 εἰη
1659 3469 1773 3523 ἀντὶ

151 3571 245 3614 τοῦ
298 3564 469 3625 οἴνου,
527 3563 594 3612 τὰ
666 3558 725 3614 δὲ
773 3559 883 3612 ἀντὶ
935 3560 1141 3634 ψωμού.
1215 3565 1315 3615 Καὶ
1379 3564 1776 3634 προηγουμένως

153 3657 244 3723 μὲν
278 3651 401 3722 ('29)
459 3654 604 3723 πόμα
636 3647 952 3717 δεδώκασιν,
988 3651 1280 3713 ἀκολούθως
1321 3647 1380 3704 δὲ
1434 3657 1521 3704 καὶ
1563 3651 1770 3727 βρῶμα.

154 3749 280 3803 Τοῖς
354 3744 460 3813 γὰρ
537 3738 940 3813 λειποθυμοῡσιν
1029 3741 1222 3816 ὀρέγειν
1307 3744 1556 3815 εἰώθαμεν
1620 3739 1774 3807 οἶνον,

159 3835 322 3906 ἄρτον
421 3827 747 3902 ἐμϐαλόντες,
829 3831 930 3897 ἵνα,
1008 3841 1210 3906 πρῶτον
1293 3838 1514 3898 πιόντες,
1603 3836 1779 3886 ἔπειτα

158 3927 246 3974 καὶ
311 3921 546 3991 φάγοιεν.
597 3919 659 3970 Εἰ
715 3921 816 3992 γὰρ
873 3925 944 3993 μὴ
995 3923 1129 3974 ούτω
1175 3928 1460 3996 νοήσωμεν,
1515 3923 1628 3994 (30)
1673 3921 1779 3993 οὐχ

162 4012 460 4081 εὑρήσομεν
537 4011 815 4083 ἱστορικώς
890 4009 1124 4084 ἀλλαχοῦ
1205 4009 1488 4086 δεδομένην
1572 4013 1643 4074 εἰς
1721 4015 1778 4063 1'6

829 3831 930 3897 ἶνα,
1008 3841 1210 3907 πρῶτον
1293 3838 1514 3898 πιόντες,

161 4097 366 4172 βρῶμα
414 4097 576 4150 αὑτοῦ
626 4098 815 4171 χολὴν,
876 4100 919 4152 εἰ
975 4106 1046 4175 μή
1102 4121 1178 4164 τις
1229 4103 1393 4174 χολὴν
1448 4102 1782 4175 ἁναγωγικῶς

163 4189 509 4261 ἑρμηνεύσω,
552 4193 646 4246 τὴν
699 4195 930 4263 πικρίαν,
986 4191 1044 4251 ἢν
1100 4188 1300 4245 ἔδωκαν
1358 4193 1428 4255 εἰς
1479 4196 1537 4245 τό
1593 4190 1783 4265 βρῶμα

162 4279 356 4344 αὐτοῦ,
434 4282 722 4343 τουτέστιν,
796 4278 908 4334 ἀντὶ
980 4280 1262 4357 βρώματος
1318 4283 1479 4336 αὐτοῦ
1548 4303 1781 4358 παραπο-

160 4389 220 4442 κρ
230 4373 466 4428 πίνοντες
496 4367 650 4421 αὐτόν
682 4371 1029 4430 καθεκάστην.

233 4463 651 4534 Σταυρώσαντες
737 4455 796 4512 δὲ
867 4491 932 4502 -
1009 4461 1215 4538 κλῆρον.
1284 4466 1360 4518 Τὰ
1438 4462 1787 4537 παραπλήσια

158 4547 308 4618 λέγει
338 4552 434 4599 καὶ
469 4549 494 4598 ό
528 4549 642 4616 (31)
690 4555 911 4612 Λουκᾶς·
947 4553 972 4604 ὁ
1005 4549 1062 4605 δὲ
1107 4557 1317 4629 Μάρκος
1351 4553 1484 4607 εἶπεν
1529 4556 1610 4606 ὃτι
1659 4553 1786 4628 βάλ-

155 4637 345 4699 λοντες
390 4636 582 4712 κλῆρον
630 4637 710 4690 ἐπ’
756 4640 910 4706 αὐτὰ,
962 4647 1038 4699 τίς
1080 4648 1133 4696 τί
1184 4645 1309 4717 οἶρῃ.
1348 4643 1481 4698 Ἀλλ’
1513 4644 1656 4697 οὗτοι
1695 4647 1784 4717 μὲν

160 4730 210 4780 οἱ
293 4727 666 4798 εὐαγγελισταὶ
742 4730 916 4792 ἁπλῶς
980 4737 1071 4785 καὶ
1150 4731 1473 4795 ἀδιαστδλως
1553 4733 1784 4808 ἔγραψαν

160 4821 245 4870 ὅτι
307 4814 696 4890 διεμερίσαντο,
757 4825 846 4874 καὶ
897 4823 973 4874 ὅτι
1024 4821 1232 4876 ἔϐαλλον
1280 4825 1487 4899 κλῆρον·
1546 4825 1786 4888 Ἰωάννης

162 4905 228 4962 δὲ
293 4911 614 4981 σαφέστερον
665 4915 780 4982 περὶ
830 4919 921 4964 τοῦ
965 4919 1301 4988 προκειμένου
1343 4915 1556 4990 γράψας
1604 4919 1783 4988 φησίν·

164 5001 237 5050 Οἱ
300 4998 389 5050 οὖν
453 5008 793 5072 στρατιῶται,
863 5004 941 5057 ὅτε
1009 5003 1344 5079 ἐσταύρωσαν
1409 5009 1494 5058 τόν
1556 5007 1782 5070 Ἰησοῦν,

1886 3277 2006 3332 sive
2036 3277 2102 3330 ut
2128 3272 2358 3328 ederem
2390 3286 2401 3324 :
2434 3265 2740 3340 quomodo
2797 3263 2958 3320 idem
3004 3261 3081 3318 fel
3118 3260 3231 3334 ipsi
3257 3259 3556 3318 dederunt

1887 3372 1949 3422 ut
1978 3364 2208 3421 biberet
2238 3359 2266 3415 ?
2295 3357 2557 3414 Arbitror
2581 3356 2922 3424 fragmenta
2950 3351 3101 3408 aridi
3126 3349 3353 3407 fellisin
3385 3354 3553 3406 aceto

1887 3453 2149 3512 emollita
2178 3450 2382 3515 fuisse,
2417 3452 2481 3504 ut
2511 3447 2744 3502 acetum
2785 3441 3031 3516 quidem
3063 3440 3198 3497 loco
3227 3439 3351 3496 vini
3373 3444 3548 3504 esset,

1885 3545 1989 3602 illa
2008 3558 2148 3600 vero
2177 3541 2510 3612 fragmenta
2535 3550 2644 3609 pro
2664 3531 2934 3589 buccella
2945 3530 3142 3604 panis.
3167 3530 3234 3585 Et
3254 3528 3554 3602 praecipue

1889 3650 2034 3691 sane
2074 3636 2286 3705 potum
2317 3629 2632 3696 dederunt,
2672 3620 3052 3680 consecutive
3082 3635 3220 3676 vero
3261 3617 3444 3674 etiam
3475 3617 3554 3674 ci-

1885 3723 2048 3780 bum.
2119 3720 2220 3776 His
2273 3717 2431 3775 enim
2480 3715 2584 3789 qui
2623 3715 2825 3770 animo
2865 3709 3294 3774 destituuntur,
3335 3707 3551 3764 vinum

1887 3813 2154 3887 praebere
2175 3809 2460 3872 solemus,
2491 3804 2711 3876 injecto
2733 3817 2891 3874 pane
2915 3818 2929 3858 :
2954 3806 3019 3855 ut
3046 3800 3312 3872 primum
3343 3797 3553 3853 biben-

1888 3886 1994 3970 tes,
2037 3899 2424 3974 postmodum
2448 3895 2626 3951 etiam
2654 3891 2886 3965 possint
2915 3888 3112 3945 edere.
3153 3887 3325 3956 Quod
3355 3886 3402 3942 si
3427 3900 3550 3942 non

1887 3995 1970 4050 ita
1999 3987 2478 4048 intellexerimus,
2517 3999 2635 4039 non
2666 3979 3036 4036 inveniemus
3080 3975 3226 4034 alibi
3265 3976 3474 4032 datum
3503 3975 3556 4032 ei

1894 4083 1966 4139 fel
1988 4082 2044 4138 in
2077 4081 2300 4137 cibum.
2330 4075 2452 4133 Nisi
2477 4072 2614 4146 quis
2636 4071 2731 4138 fel,
2762 4067 3090 4139 anagogice
3113 4067 3553 4140 interpretetur,

1892 4168 2356 4230 amaritudinem
2378 4179 2563 4239 quam
2578 4161 2629 4217 ei
2656 4161 2716 4216 in
2740 4158 2944 4215 cibum
2967 4156 3278 4222 dederunt,
3306 4155 3419 4210 hoc
3441 4159 3551 4221 est,

1891 4263 2024 4320 loco
2055 4260 2174 4316 cibi
2200 4259 2349 4331 ejus,
2391 4251 2656 4329 quotidie
2697 4265 2836 4306 eum
2876 4246 3172 4304 irritantes
3207 4248 3265 4301 et
3294 4243 3374 4300 ad
3401 4242 3557 4300 iram

1815 4345 1865 4402 Ῑ)
1894 4354 2307 4427 provocantes.

1968 4463 2126 4517 Vers.
2159 4461 2247 4516 35.
2292 4458 2551 4526 Cumque
2587 4448 3012 4519 cruciﬁxerunt
3039 4475 3110 4485 —
3156 4448 3388 4500 sortem.
3422 4444 3558 4499 Pro-

1895 4552 2060 4609 xima
2095 4549 2190 4606 his
2224 4548 2306 4605 ait
2361 4549 2418 4600 et
2473 4544 2664 4598 Lucas
2694 4541 2740 4575 ‘5
2779 4539 3048 4607 ;Marcus
3098 4537 3302 4591 autem
3351 4531 3498 4589 dixit
3539 4548 3556 4588 ε

1894 4643 2185 4699 Mittentes
2202 4641 2414 4695 sortem
2432 4648 2609 4703 super
2636 4631 2749 4688 illa
2769 4627 2896 4702 quis
2922 4625 3066 4700 quid
3088 4624 3320 4682 tolleret
3343 4624 3412 4678 ιθ.
3440 4620 3558 4679 Sed

1895 4733 1954 4790 hi
1988 4732 2236 4804 quidem
2280 4723 2672 4795 Evangelistae
2722 4717 3064 4791 simpliciter
3103 4718 3160 4771 et
3216 4711 3558 4770 indistincte

1897 4803 2278 4896 scripserunt,
2312 4815 2466 4889 quod
2489 4812 2687 4870 divisa
2716 4810 2850 4875 sint,
2883 4805 3170 4881 quodque
3199 4807 3420 4860 sortem
3448 4803 3555 4858 mi-

1896 4891 2074 4970 serint
2090 4931 2107 4984 ;
2139 4911 2545 4966 Joannesvero
2573 4897 2945 4958 manifestius
2975 4896 3050 4953 de
3070 4897 3258 4953 hacre
3288 4891 3558 4949 scribens

1899 5004 1974 5061 ait
1991 5020 2003 5058 :
2020 5001 2238 5061 Milites
2250 5013 2382 5069 ergo
2396 5010 2530 5053 cum
2543 5008 2649 5051 cru
2656 4990 2975 5062 ciﬁxissent
2986 4987 3560 5054 Jesum,acceperunt

244 5181 295 5214 ⁸ο
325 5179 508 5234 Marc.
539 5195 640 5244 xv,
668 5180 754 5236 23.
833 5183 877 5219 ⁴¹
892 5184 1092 5240 Matth.
1127 5200 1302 5251 xxvu,
1326 5184 1395 5242 48
1429 5203 1443 5254 ;
1520 5189 1694 5243 Marc.
1716 5201 1792 5242 xv

1890 5189 1934 5244 ἰ.
2017 5184 2063 5218 δ’
2085 5181 2226 5247 Luc,
2247 5176 2498 5245 xxm,36
2524 5191 2538 5244 ;
2568 5173 2742 5231 Joan.
2767 5185 2890 5236 xix,
2925 5166 3018 5226 20.
3092 5165 3141 5202 ⁴³
3167 5159 3321 5221 Psal.
3360 5173 3565 5232 vam,

165 5275 268 5328 22.
354 5271 404 5306 “
432 5273 608 5327 Joan.
648 5285 746 5339 xv,
788 5273 877 5328 28.
954 5274 1002 5309 ⁸⁵
1043 5273 1178 5342 Luc,
1204 5291 1367 5342 xxui,
1404 5279 1491 5333 34.

1568 5277 1618 5312 ⁴⁶
1658 5279 1830 5333 Marc.
1850 5290 1947 5342 xv,
1981 5275 2070 5329 24.

1409 5454 1634 5527 Variae
1654 5453 1985 5524 lectiones
2027 5459 2092 5519 et
2123 5457 2330 5517 notas.

256 5662 377 5731 (26)
421 5663 542 5725 Καὶ,
584 5657 821 5731 omittit.
849 5660 917 5714 A.

261 5729 384 5806 (27’)
421 5733 677 5806 Ἑνέφηνε.
702 5729 772 5786 Α.

265 5797 382 5882 (28)
419 5804 507 5870 Εἰς
537 5797 624 5858 τὸν
658 5803 905 5877 σταυρόν,
935 5797 1120 5859 addit.
1149 5799 1214 5856 A.

2008 5649 2097 5719 29)
2137 5650 2241 5700 M'sv
2271 5644 2330 5695 τὸ
2359 5644 2505 5719 πόμα
2529 5645 2591 5695 Α.

2012 5715 2100 5786 30)
2124 5721 2412 5787 Νοησομεν.
2439 5715 2496 5768 Β.

1990 5783 2103 5864 (31)
2132 5793 2233 5845 Καὶ
2256 5783 2481 5849 Λουκᾶς.
2509 5783 2571 5840 Β.
