4096 6386
585 400 692 456 ’7⁵23

589 635 696 689 que
719 617 902 672 militi
939 623 1186 688 partem,
1217 623 1270 673 et
1298 617 1575 672 tunicam.
1619 617 1765 671 Erat
1803 621 1997 670 autem
2051 613 2249 668 tunica

589 707 981 771 inconsutitis,
1006 723 1042 762 a
1062 723 1285 762 summo
1304 713 1583 762 contexta
1598 722 1707 774 per
1721 709 1800 759 tot
1809 721 1920 758 um.
1946 703 2248 758 Dixerunt

591 797 790 867 itaque
815 796 970 851 inter
985 811 1104 850 sese
1137 796 1253 850 :Ne
1274 795 1608 850 scindamus
1635 809 1783 859 eam,
1809 794 1903 849 sed
1933 794 2248 848 sortiamur

589 887 656 942 de
684 887 796 941 illa
809 887 974 955 cujus
991 887 1066 940 sit
1092 903 1110 951 ;
1141 891 1200 940 ut
1222 886 1543 954 Scriptura
1556 885 1960 954 compleretur,
1982 899 2103 954 quae
2125 884 2242 941 ait:

588 976 812 1033 Partiti
827 982 958 1030 sunt
982 977 1318 1032 vestimenta
1341 991 1471 1031 mea
1501 976 1632 1043 sibi,
1659 981 1711 1031 et
1735 977 1796 1030 in
1826 982 2035 1031 vestem
2058 990 2246 1029 meam

589 1065 879 1122 miserunt
923 1072 1133 1121 sortem
1182 1066 1250 1119 Π.
1288 1065 1424 1121 Sola
1462 1080 1604 1134 ergo
1655 1065 1864 1120 Christi
1899 1065 2249 1119 vestimenta

588 1155 781 1210 divisa
798 1158 953 1220 sunt,
969 1171 1105 1210 cum
1128 1155 1643 1210 tamenlatronum
1663 1155 2027 1210 vestimentis
2055 1157 2252 1208 essent

586 1243 818 1309 viliora,
870 1247 935 1299 ut
995 1244 1279 1300 Davidica
1343 1244 1660 1317 prophetia
1719 1260 1853 1316 quae
1894 1244 1968 1298 de
2006 1244 2097 1298 his
2129 1251 2252 1300 erat

589 1334 982 1406 compleretur
1002 1350 1015 1401 ;
1037 1333 1335 1405 siquidem
1350 1333 1408 1389 in
1426 1333 1518 1388 his
1531 1350 1773 1406 quoque
1787 1333 2249 1400 subsannantes,

587 1424 762 1497 quasi
791 1423 949 1496 regis
1001 1424 1350 1479 vestimenta
1401 1429 1617 1490 essent,
1675 1439 1746 1479 ea
1789 1423 2164 1480 diviserunt:
2199 1430 2254 1480 et

587 1513 670 1570 ita
711 1513 1052 1569 ordinatum
1085 1520 1175 1568 est
1206 1519 1268 1569 ut
1298 1513 1613 1585 prophetia
1647 1529 1778 1586 quae
1817 1513 1891 1568 de
1917 1513 2011 1568 his
2047 1513 2250 1580 fuerat,

587 1607 652 1658 ut
675 1601 901 1658 dictum
929 1606 1034 1669 est,
1066 1603 1480 1676 compleretur.
1527 1607 1593 1659 Et
1629 1603 1983 1659 vestimenta
2011 1603 2253 1674 quidem

593 1691 785 1748 divisa
815 1701 952 1747 sunt
985 1708 996 1748 :
1023 1693 1096 1748 de
1127 1693 1322 1750 tunica
1353 1709 1493 1748 vero
1523 1692 1863 1748 inconsutili
1891 1709 2077 1765 quam
2119 1708 2252 1764 pro-

594 1782 792 1856 phetia
823 1784 1106 1856 ἱματισμόν
1128 1782 1427 1854 apellavit,
1463 1787 1685 1840 sortem
1717 1782 2023 1840 miserunt.

659 2052 770 2109 Sed
809 2054 955 2125 quot
980 2051 1196 2108 fuerint
1221 2052 1576 2109 vestimenta
1613 2053 1817 2110 nullus
1849 2055 2250 2128 Evangelista-

587 2159 721 2198 rum
745 2142 1130 2213 signiﬁcavit.
1155 2142 1294 2197 Ideo
1307 2142 1553 2214 quidam
1580 2142 1761 2199 fuisse
1775 2145 2052 2200 dixerunt
2078 2147 2248 2218 quin-

586 2247 704 2305 que
737 2247 751 2286 :
808 2237 1071 2304 quatuor
1109 2231 1346 2304 quidem
1387 2237 1644 2304 quatuor
1674 2233 1959 2289 militibus
2008 2235 2244 2303 divisa;

585 2321 864 2394 quintum
887 2337 1030 2377 vero
1053 2321 1314 2377 tunicam
1332 2321 2034 2380 inconsutilem.Videtur
2047 2331 2246 2382 autem

586 2410 934 2466 incredibile
983 2410 1231 2475 dictum,
1268 2427 1338 2465 eo
1384 2412 1550 2484 quod
1604 2413 1892 2468 indecens
1959 2415 2247 2472 Salvatori

588 2500 797 2555 fuisset
827 2500 962 2572 (xcv)
997 2518 1008 2555 :
1053 2515 1234 2554 nemo
1274 2500 1454 2566 enim,
1485 2517 1559 2556 ne
1590 2501 1841 2558 aliorum
1879 2503 2126 2576 quidem
2151 2507 2247 2561 ho-

585 2590 820 2644 minum
878 2593 960 2644 tot
999 2588 1261 2643 vestibus
1313 2589 1603 2647 induitur.
1655 2592 2062 2661 Conjectantes
2107 2611 2246 2666 ergo

582 2678 853 2744 dicimus,
885 2694 994 2733 nec
1017 2678 1220 2750 procul
1241 2678 1491 2735 fortasse
1523 2679 1600 2734 ab
1623 2696 1692 2736 eo
1714 2682 1876 2754 quod
1908 2699 2244 2753 congruum

584 2772 688 2832 est,
722 2767 832 2824 tria
856 2767 1040 2822 fuisse
1071 2768 1346 2826 universa
1379 2785 1391 2822 :
1429 2785 1612 2825 unum
1657 2770 1903 2842 quidem
1948 2772 2121 2828 fuisse
2161 2779 2245 2829 tu-

585 2859 781 2913 nicam
813 2857 1040 2928 corpori
1081 2857 1442 2930 applicatam
1501 2858 1560 2914 in
1615 2861 1868 2916 modum
1910 2863 2237 2934 subuculae,

583 2948 717 3004 dico
745 2963 886 3003 sane
914 2947 1167 3003 tunicam
1196 2947 1351 3004 hanc
1372 2949 1794 3007 inconsutilem
1816 2971 1834 3023 ;
1859 2953 2111 3008 alterum
2139 2970 2242 3010 au-

581 3043 701 3096 tem
733 3053 855 3111 quo
883 3053 1063 3110 super
1089 3038 1356 3110 primum
1382 3040 1758 3109 vestiebatur,
1791 3047 1846 3099 et
1877 3043 2110 3100 tertium
2142 3060 2241 3101 ex-

583 3129 761 3186 terius
793 3127 1238 3185 indumentum.

651 3222 813 3276 Hanc
859 3234 1002 3274 vero
1043 3217 1306 3274 tunicam
1338 3234 1370 3274 e
1398 3219 1716 3277 traditione
1756 3222 1988 3278 Patrum
2017 3224 2243 3297 accepi-
2276 3235 2315 3292 ρ

578 3326 715 3366 mus
728 3325 884 3382 opus
913 3307 1098 3364 fuisse
1117 3309 1218 3363 Dei
1248 3309 1441 3365 Matris
1464 3329 1498 3365 δ.
1528 3313 1942 3383 superioribus
1967 3315 2238 3387 partibus

579 3403 942 3468 contextam,
965 3396 1146 3452 veluti
1171 3401 1311 3452 sunt
1336 3399 1501 3470 apud
1523 3415 1635 3455 nos
1663 3402 1875 3473 capitis
1892 3409 1992 3459 aut
2019 3404 2241 3476 pedum

578 3487 886 3561 hyemalia
915 3487 1303 3559 operimenta.
1340 3489 1503 3544 Unde
1537 3492 1854 3547 commode
1886 3493 1960 3548 de
2000 3510 2070 3550 ea
2105 3494 2239 3550 alle-

581 3578 779 3652 gorice
808 3575 1157 3648 loquuntur,
1195 3577 1298 3648 qui
1335 3578 1534 3636 dicunt
1567 3579 1762 3636 solum
1796 3581 1853 3636 id
1881 3582 2048 3654 quod
2088 3600 2123 3639 a
2146 3583 2245 3639 Dei

583 3668 767 3724 Matre
825 3673 1126 3736 sumptum
1179 3671 1286 3721 est‘
1321 3683 1553 3740 corpus,
1597 3672 1852 3742 desuper
1901 3671 2078 3728 fuisse
2109 3690 2246 3730 con-

583 3762 811 3812 textum
844 3773 856 3811 :
887 3755 1002 3811 hoc
1033 3759 1142 3820 est,
1175 3772 1210 3812 a
1242 3757 1390 3814 coelo
1430 3763 1767 3831 coaptatam
1799 3761 1910 3817 sibi
1960 3762 2245 3820 habuisse

587 3847 944 3903 divinitatem
977 3862 988 3900 :
1023 3845 1113 3902 vel
1142 3862 1178 3902 a
1199 3847 1316 3903 Deo
1343 3849 1526 3905 fuisse
1558 3849 1619 3904 in
1648 3867 1846 3906 rerum
1868 3857 2079 3908 natura
2111 3869 2246 3924 pro-

586 3937 846 4002 ductum,
876 3940 927 3991 et
952 3952 1071 3992 non
1101 3953 1134 3992 a
1162 3938 1390 3992 semine
1414 3938 1699 3995 humano.
1738 3939 2026 3996 Eduohus
2044 3947 2241 3999 autem

585 4027 828 4100 reliquis
859 4026 1220 4082 vestimentis
1253 4032 1514 4098 quatuor
1540 4033 1741 4100 partes
1770 4029 2036 4086 fecerunt
2067 4033 2246 4089 disse-

587 4124 786 4172 cantes
811 4133 901 4172 ea.
934 4115 1243 4188 Siquidem
1276 4133 1408 4170 cum
1449 4116 1522 4172 de
1569 4117 1908 4174 iuconsutili
1942 4121 2138 4176 tunica
2162 4122 2244 4177 di-

583 4207 813 4262 xissent
838 4221 848 4261 :
872 4207 960 4262 Ne
990 4205 1331 4262 scindamus
1362 4221 1513 4270 eam,
1541 4206 2047 4275 signiﬁcaverunt,
2079 4210 2243 4281 quod

582 4295 814 4368 reliqua
850 4293 1165 4349 sciderant.
1210 4296 1407 4365 Neque
1448 4293 1610 4348 enim
1653 4303 1939 4368 tanquam
1982 4300 2244 4371 pretiosa
2273 4336 2308 4354 ,-

584 4385 916 4441 diviserunt
946 4399 1036 4449 ea,
1067 4387 1130 4438 ut
1159 4398 1194 4438 a
1232 4382 1522 4438 faciendis
1556 4386 1828 4456 partibus
1858 4387 2239 4458 abstinerent,

585 4491 691 4530 seu
736 4473 1071 4538 illudentes,
1104 4477 1169 4527 ut
1223 4472 1573 4544 praedictum
1631 4481 1737 4531 est.
1783 4477 1850 4532 Et
1891 4479 1950 4534 hi
1996 4480 2242 4552 quidem

1909 391 2264 452 EUTHYMII
2303 387 2609 446 ZIGABEN
2618 391 2637 448 Ι

590 527 939 584 vestimenta
962 526 1098 597 ejus,
1131 532 1187 584 et
1204 526 1475 598 fecerunt
1503 529 1762 598 quatuor
1777 532 1997 595 partes,
2023 521 2246 579 unicui-

2360 517 2540 570 ἔλαϐον
2604 521 2669 572 τὰ
2741 523 2926 594 ἱμάτια
2976 522 3152 590 αὑτοῦ,

3865 396 3968 454 ’724

3238 527 3328 576 καὶ
3406 520 3657 596 ἓμοίησαν
3736 527 3969 600 τέσσαρα

2357 611 2510 680 μέρη,
2571 609 2773 683 ἑκάστῳ
2852 619 3145 687 στρατιώτῃ
3203 617 3376 686 μέρος,
3445 619 3534 664 καὶ
3591 616 3677 664 τόν
3742 623 3958 686 χιτῶνα,

2356 697 2554 764 Bagoa,
2611 697 2871 758 δηλονότι.
2930 703 3026 755 Ἦν
3076 699 3135 755 δὲ
3193 705 3218 754 ό
3260 707 3414 754 χιτὼν
3463 702 3710 777 ἆρραφος,
3772 701 3826 755 ἐκ
3865 713 3964 754 τῶν

2913 788 2946 844 δ
2953 791 3111 844 ιόλου.

2356 788 2546 840 ἄνωθεν
2616 791 2830 861 ὑφαντὸς
2913 788 3111 844 διόλου.
3205 790 3360 845 Εἶπον
3437 788 3522 844 οὖν
3603 795 3733 867 πρὸς
3807 791 3966 851 ἀλλή-

2354 877 2496 940 λους.
2570 885 2654 937 Μὴ
2733 886 3006 954 σχίσωμεν
3083 882 3258 945 αὑτὸν,
3335 881 3462 933 ἀλλὰ
3529 881 3774 954 λάχωμεν
3850 887 3964 955 περὶ

3079 973 3161 1023 ἶνα
3217 974 3245 1030 ἡ
3310 975 3482 1044 Γραφή
3545 972 3660 1042 (32)
3711 968 3959 1044 πληρωθῇ

2764 1066 3126 1132 Διεμερίσαντο
3198 1063 3264 1112 τὰ
3344 1062 3528 1132 ἱμάτιά
3587 1080 3686 1132 μου
3740 1060 3960 1128 ἑαυτοῖς,

2357 967 2537 1031 αὐτοῦ,
2620 975 2753 1031 τίνος
2827 974 2910 1023 ἔστ
2922 992 2998 1023 αι·

2357 1057 2386 1112 ἡ
2447 1056 2690 1128 λέγουσα·

2359 1149 2446 1196 καὶ
2511 1145 2593 1198 ἐπὶ
2648 1152 2733 1200 τόν
2794 1151 3075 1222 ἱματισμόν
3142 1169 3241 1222 μου
3315 1149 3492 1202 ἔϐαλον
3552 1149 3758 1224 κλῆρον.
3821 1157 3968 1203 Μόνα

2360 1243 2485 1306 γοῦν
2542 1239 2607 1288 τὰ
2663 1246 2753 1290 τοῦ
2807 1247 3042 1314 Χριστοῦ
3102 1242 3287 1312 ἱμάτια
3348 1236 3733 1314 διεμερίσαντο,
3796 1245 3968 1293 καίτοι

2363 1325 2687 1402 εὐτελέστερα
2744 1337 2842 1380 τῶν
2903 1332 3120 1401 ἱματίων
3176 1337 3274 1381 τῶν
3343 1329 3548 1403 λῃστῶν
3605 1333 3745 1395 ὄντα,
3808 1332 3891 1382 ἵνα
3937 1333 3964 1390 ἠ

2362 1420 2480 1489 περὶ
2535 1419 2727 1468 τούτων
2777 1424 3067 1492 προφητεία
3123 1427 3212 1471 τοῦ
3271 1415 3438 1471 Δαυὶδ
3494 1417 3626 1492 λάϐῃ
3677 1419 3836 1480 τέλος.
3903 1423 3966 1473 Οἱ

2363 1507 2452 1576 μὲν
2507 1509 2608 1578 γὰρ
2657 1511 2747 1559 καὶ
2800 1506 2883 1560 ἐπὶ
2938 1511 3138 1568 τούτοις
3180 1508 3542 1580 χλευάζοντες,
3593 1511 3658 1571 ὡς
3707 1507 3966 1581 βασιλέως

2365 1590 2521 1652 δῆθεν
2555 1599 2756 1668 ἱμάτια,
2801 1605 2966 1650 ταῦτα
3019 1595 3393 1672 διεμερίζοντο·
3449 1599 3756 1671 ᾠκονομεῖτο
3809 1595 3870 1652 δὲ
3913 1603 3967 1652 τὸ

2361 1683 2502 1746 τέλος
2568 1694 2663 1746 τῆς
2725 1691 2842 1760 περὶ
2907 1689 3118 1755 τούτων,
3188 1691 3257 1748 ὡς
3327 1690 3554 1762 εἴρηται,
3625 1692 3964 1762 προφητείας.

2363 1778 2462 1826 Καὶ
2516 1777 2579 1826 τὰ
2625 1779 2716 1847 μεν
2764 1777 2948 1848 ἱμάτια
2988 1773 3378 1850 διεμερίσαντο’
3436 1777 3520 1829 ἐπὶ
3553 1773 3612 1829 δὲ
3648 1781 3732 1830 τὸν
3762 1787 3968 1848 χιτῶνα

2281 1873 2326 1930 Β
2360 1867 2445 1914 τὸν
2499 1863 2727 1938 ἄρραφον
2799 1864 2976 1918 ἔϐαλον
3033 1866 3242 1941 κλῆρον.
3303 1873 3494 1919 Τοῦτον
3547 1870 3648 1939 γὰρ
3701 1867 3967 1940 ὠνόμασεν

2322 2001 2324 2004 .
2362 1955 2645 2025 ἱματισμόν
2677 1956 2706 2011 ἡ
2739 1960 3049 2030 προφητεία.

2431 2043 2591 2096 Ἀλλὰ
2647 2049 2787 2096 πόσα
2841 2048 2908 2096 τὰ
2971 2047 3155 2117 ἱμάτια
3211 2047 3367 2113 ἦσαν,
3437 2043 3612 2109 οὐδεὶς
3685 2056 3784 2100 τῶν
3861 2049 3970 2120 (33)

2360 2131 2737 2204 εὐαγγελιστῶν
2813 2131 3064 2192 ἐδήλωσε.
3119 2140 3205 2188 Διό
3260 2156 3388 2196 τινες
3440 2141 3584 2188 πέντε
3645 2139 3815 2190 ταῦτά
3882 2160 3970 2210 φα-

2362 2241 2460 2273 σι·
2545 2227 2781 2297 τέσσαρα
2866 2228 2956 2295 μὲν
3046 2228 3111 2276 τὰ
3195 2234 3300 2287 τοῖς
3380 2231 3638 2298 τέσσαρσι
3717 2247 3971 2301 στρατιω-

2359 2331 2472 2372 ταις
2535 2308 2956 2386 διαμερισθέντα·
3014 2319 3244 2386 πέμπτον
3326 2311 3384 2368 δὲ
3456 2319 3541 2367 τόν
3622 2326 3835 2388 χιτῶνα
3889 2321 3970 2369 τόν

2357 2399 2610 2475 (ἱρῥαφον.
2649 2409 2794 2454 Δοκεί
2826 2399 2884 2454 δὲ
2916 2401 3161 2464 ἀπίθανος
3209 2405 3234 2455 ό
3283 2404 3431 2476 λόγος
3487 2401 3582 2457 διὰ
3624 2411 3683 2457 τὸ
3733 2414 3831 2458 τοῦ
3877 2414 3972 2459 Σω-

2356 2499 2514 2564 τῆρος
2568 2490 2836 2564 ἀπέριττον
2885 2509 2897 2521 ⁶
2948 2490 3125 2554 οὐδεὶς
3175 2497 3275 2568 γὰρ
3332 2489 3456 2547 οὐδὲ
3512 2503 3610 2545 τῶν
3659 2494 3830 2547 ἄλλων
3888 2495 3969 2546 ἀν-

2360 2581 2573 2651 θρώπων
2644 2590 2877 2632 τοσαῦτα
2952 2582 3334 2656 περιϐάλλεται.
3415 2585 3804 2656 Στοχαζόμενοι
3889 2581 3970 2637 οὖν

2358 2669 2505 2722 αὐτοὶ
2561 2669 2789 2741 λέγομεν,
2849 2676 2938 2724 καὶ
2991 2675 3120 2732 ἴσως
3193 2672 3250 2724 οὗ
3315 2671 3492 2747 πόρρω
3538 2681 3628 2726 τοῦ
3677 2681 3972 2748 προσήκον-

2355 2779 2457 2824 τος,
2513 2764 2632 2832 τρία
2673 2757 2800 2812 εἶναι
2855 2765 2918 2813 τὰ
2968 2764 3155 2814 πάντα·
3207 2760 3255 2814 ἓν
3308 2765 3398 2834 μὲν
3452 2766 3536 2814 τόν
3585 2761 3668 2816 ἐπὶ
3716 2772 3816 2815 τοῦ
3864 2770 3958 2817 σώ-

2354 2869 2513 2922 ματος
2553 2859 2776 2920 χιτῶνα,
2831 2850 2963 2922 λέγω
3017 2847 3108 2916 δὴ,
3156 2859 3336 2904 τοῦτον
3387 2855 3472 2903 τόν
3526 2852 3773 2927 οἰρραφον·
3847 2851 3964 2906 δεύ-

2354 2958 2496 3013 τερον
2557 2935 2614 2991 δὲ
2677 2943 2734 2990 τὸ
2785 2939 2867 2992 ἐπὶ
2917 2943 3084 3012 τούτῳ
3131 2939 3477 3015 περιϐόλαιον·
3537 2947 3708 3015 τρίτον
3765 2939 3851 3010 δὲ,
3910 2946 3962 2996 τό

2356 3027 2591 3091 ἐξωτάτω
2623 3027 2902 3103 ἐπίϐλημα.

2425 3232 2617 3278 Τοῦτον
2671 3223 2730 3278 δὲ
2798 3231 2884 3279 τὸν
2945 3236 3150 3299 χιτῶνα
3214 3228 3269 3280 ἐκ
3325 3225 3668 3303 παραδόσεως
3724 3236 3962 3307 Πατέρων

2356 3315 2654 3387 ἠκούσαμεν
2723 3319 2868 3388 ἔργον
2933 3315 3062 3368 εἶναι
3137 3326 3229 3378 τῆς
3316 3326 3666 3394 Θεομήτορος,
3733 3319 3790 3372 ἐκ
3868 3331 3962 3372 τῶν

2355 3406 2546 3457 ἄνωθεν
2609 3414 2774 3478 μερῶν
2833 3407 3074 3478 ὑφαντὸν,
3141 3411 3320 3478 ἤγουν,
3381 3407 3480 3460 ἀπὸ
3547 3417 3638 3461 του
3690 3409 3961 3484 τραχήλου

2356 3499 2444 3552 τὴν
2503 3493 2678 3568 ἀρχὴν
2740 3503 2834 3557 τῆς
2893 3497 3026 3568 ὑφῆς
3078 3494 3316 3562 λαϐόντα,
3372 3501 3460 3549 καὶ
3513 3497 3728 3550 πλεκτὸν
3787 3496 3962 3551 διόλου

2355 3585 2713 3655 τυγχάνοντα,
2763 3585 2993 3659 καθάπερ
3044 3587 3108 3636 τὰ
3157 3588 3432 3659 χειμερινὰ
3483 3589 3604 3660 παρ’
3644 3589 3768 3658 ἡμῖν
3813 3609 3961 3661 περι-

2364 3671 2548 3724 ϐόλαια
2609 3681 2707 3725 τῶν
2787 3669 2962 3724 ποδῶν
3024 3678 3111 3726 καὶ
3181 3683 3280 3726 τῶν
3333 3675 3587 3748 κεφαλῶν,
3654 3675 3807 3728 Ὀθεν
3875 3681 3963 3729 καὶ

2355 3771 2637 3835 προσφυῶς
2693 3761 3070 3835 ἀλληγοροῦσιν
3144 3763 3319 3833 αὐτὸν,
3384 3765 3614 3836 λέγοντες
3671 3766 3750 3818 ὅτι
3809 3772 3960 3839 μόνον

2355 3856 2411 3904 τό
2454 3851 2508 3903 ἐκ
2548 3861 2644 3914 τῆς
2692 3857 3023 3926 Θεομὴτορος
3068 3851 3255 3924 ληφθὲν
3309 3862 3461 3925 σῶμα
3517 3854 3571 3905 ἐκ
3626 3864 3720 3906 τῶν
3772 3857 3960 3907 ἀνωθεν

2357 3938 2417 3999 ἧν
2466 3943 2706 4007 ὑφαντόν,
2763 3945 3052 4010 τουτέστιν,
3099 3940 3153 3992 ἐκ
3197 3951 3287 3993 τοῦ
3331 3943 3548 4018 οὐρανοῦ
3603 3941 3715 4015 εἶχε
3768 3965 3961 4017 συνυφ-

2356 4037 2584 4104 ασμένην
2641 4032 2826 4084 ἑαυτοῦ
2901 4037 2993 4088 τὴν
3071 4032 3384 4098 Θεότητα,ῆ
3443 4031 3496 4084 ἐκ
3563 4043 3653 4085 τοι)
3723 4039 3853 4087 Θεοῦ
3904 4036 3961 4092 ἧν

2356 4123 2609 4192 ὑφεστὼς,
2643 4126 2732 4172 καὶ
2782 4122 2874 4172 οὐκ
2920 4122 2974 4172 ἐκ
3019 4125 3312 4193 σπέρματος
3354 4119 3693 4194 ἀνθρωπίνου.
3747 4127 3824 4176 Tu
3869 4121 3964 4176 δύο

2357 4210 2415 4263 δὲ
2483 4213 2665 4283 ἱμάτια
2736 4215 2970 4282 τέσσαρα
3047 4215 3176 4282 μέρη
3247 4217 3589 4280 πεποιήκασι,
3677 4218 3964 4284 σχίσαντες

2357 4301 2505 4355 αὐτοὶ.
2558 4306 2657 4353 Καὶ
2695 4302 2795 4373 γὰρ
2843 4300 2957 4370 (34)
3007 4299 3232 4360 εἰπόντες
3289 4307 3404 4372 περὶ
3447 4309 3534 4352 τοῦ
3591 4299 3824 4376 ἀρῥάφου
3872 4323 3966 4374 χι-

2355 4400 2508 4451 τῶνος
2570 4392 2649 4442 ὅτι
2716 4396 2800 4447 Μὴ
2857 4394 3128 4461 σχίσωμεν
3189 4391 3363 4456 αὐτόν,
3419 4387 3706 4456 ἐδήλωσαν,
3764 4393 3844 4444 ὃτι
3902 4394 3964 4442 τὰ

2356 4479 2484 4532 illo:
2529 4483 2774 4551 ἓσχισαν.
2813 4476 2953 4532 Οὐδὲ
2996 4481 3096 4550 γὰρ
3139 4482 3208 4540 ὡς
3240 4479 3490 4538 πολυτελῆ
3524 4489 3690 4532 ταῦτα
3737 4478 3965 4556 διεμερί-

583 4561 984 4632 ignominiose
1031 4577 1169 4633 quae
1218 4562 1477 4632 pretiosa
1508 4570 1674 4621 erant
1731 4565 2103 4628 diviserunt:
2139 4587 2245 4643 per

2359 4589 2536 4638 σαντο,
2570 4570 2652 4620 ἶνα
2707 4575 2795 4620 καὶ
2835 4565 3114 4639 φείδωνται
3157 4576 3255 4620 τῶν
3308 4565 3555 4642 μερίδων,
3596 4569 3723 4622 ἀλλὰ
3772 4570 3963 4642 χλευά-

588 4667 725 4726 qute
754 4651 892 4707 talia
921 4650 1078 4706 facta
1109 4657 1243 4707 sunt
1277 4653 1583 4721 miracula,
1619 4655 1726 4712 sed
1754 4644 1888 4713 tunc
1927 4658 2109 4715 virtus
2141 4676 2244 4716 eo-

588 4757 725 4799 rum
755 4739 1147 4798 detinebatur.
1554 4766 1557 4769 -

665 4960 708 4994 ‘7
749 4960 918 5017 Joan.
950 4975 1075 5027 xxx,
1103 4957 1197 5028 23,
1237 4962 1327 5020 24.

2359 4660 2542 4723 ζοντες,
2603 4659 2673 4719 ὡς
2732 4662 3058 4731 προείρηται,
3133 4661 3232 4709 Καὶ
3289 4657 3432 4709 οὗτοι
3503 4662 3592 4730 μὲν
3648 4657 3844 4731 ἀτίμως
3898 4661 3963 4710 τὰ

2356 4755 2509 4822 τίμια
2559 4744 2936 4823 διεμερίζοντο,
2995 4743 3066 4799 δι’
3120 4746 3186 4797 ὧν
3240 4745 3532 4804 τηλικαυτα
3586 4750 3831 4821 θαύματα
3884 4767 3961 4819 γε·

2354 4845 2570 4912 γόνασιν
2603 4857 2615 4868 °
2645 4841 2674 4896 ῆ
2721 4835 2778 4890 δί
2807 4840 2998 4889 τούτων
3030 4833 3249 4909 δύναμις
3280 4834 3538 4909 ἐπείχετο.

1825 5086 2046 5156 Variae
2071 5089 2401 5158 lectiones
2443 5099 2511 5158 et
2533 5097 2736 5158 nota.

573 5195 585 5224 ι

661 5231 772 5302 (32)
807 5230 922 5286 Soli
954 5245 1098 5305 ergo
1153 5229 1366 5305 Joanni
1421 5229 1549 5305 haec
1603 5230 1806 5305 tribuit
1851 5217 2244 5305 iEuthymius.

585 5301 950 5391 Rectenergo
1004 5301 1103 5358 illa
1148 5303 1313 5373 apud
1370 5303 1710 5358 Matthaaum
1769 5301 2038 5361 delenda
2086 5311 2246 5370 sunt,

584 5379 1019 5518 “8535311”
1051 5443 1238 5502 addit.
1273 5447 1338 5500 Β.
1394 5445 1557 5501 Male.
1591 5445 1707 5502 Nec
1744 5447 1902 5502 enim
1932 5448 2244 5505 Matthreus

655 5660 786 5729 (xx)
815 5660 902 5716 Eo
932 5660 1091 5732 quod
1129 5661 1404 5717 indecens
1457 5660 1757 5717 Saluatori
1807 5662 2036 5732 fuisset.
2072 5663 2235 5729 Quod

584 5731 861 5807 Servator
890 5731 1098 5805 paucis
1124 5739 1436 5807 contentus
1475 5733 1601 5788 fuit.
1625 5739 1738 5789 Aut
1762 5731 2008 5804 propter
2031 5737 2240 5807 fruga-

587 5806 835 5874 litatem,
863 5804 1114 5877 propter
1131 5804 1564 5878 simplicitatem
1596 5807 1944 5866 Servatoris.
1976 5804 2235 5864 Forte’in

2359 5235 2474 5292 hac
2493 5235 2685 5318 dare,
2725 5239 2828 5291 aut
2866 5232 3022 5289 ullus
3053 5232 3205 5290 alius
3238 5230 3630 5302 evangelista,
3663 5231 3970 5288 memoriae

2357 5307 2641 5380 prodidit.

2428 5379 2541 5449 (34)
2575 5377 2752 5434 Εἶπον.
2785 5378 2850 5432 Α.

2452 5380 2541 5449 34)
2575 5380 2752 5434 Εἶπον.
2785 5380 2850 5432 Α.

2427 5380 2544 5522 ἓ35)
2586 5454 2924 5525 Ἀποροῦσιν.
2966 5449 3030 5502 Α.

2349 5662 2794 5744 siglamincidit
2814 5661 3138 5744 Hentenius
3155 5675 3229 5742 ac
3249 5659 3506 5731 conjecit
3525 5658 3767 5744 ἀπρεπὶς,
3797 5662 3966 5736 quod

2347 5740 2543 5792 tamen
2573 5735 2716 5792 huic
2743 5735 3168 5792 constructioni
3207 5748 3328 5790 non
3360 5735 3654 5790 convenit.
