4096 6382
509 367 620 430 727

515 588 812 661 practicae,
872 587 1206 644 theoreticae
1255 590 1312 642 et
1371 586 1720 656 theologicae
1775 586 2174 660 philosophias

515 694 720 748 regem
771 683 938 733 notat
989 693 1146 743 eum,
1199 677 1298 748 qui
1332 676 1648 732 cruciﬁxus
1691 683 1832 732 erat.
1897 678 2174 733 Practicas

515 769 782 840 quidem,
811 768 973 841 quod
1007 768 1291 839 scriptum
1325 771 1450 822 erat
1482 769 1889 822 Romanroum
1922 767 2127 836 lingua
2157 785 2170 835 ;

516 873 771 928 regnum
797 857 958 912 enim
991 859 1332 912 Romanum
1355 856 1744 912 fortissimum
1769 856 1917 911 vidit
1935 856 2164 914 Daniel.

517 948 792 1020 practicaa
847 951 1046 1003 autem
1092 950 1185 1002 est
1217 945 1524 1002 fortitudo.
1583 947 1960 1012 Theoreticw,
2007 945 2175 1018 quod

518 1037 810 1110 scriptum
839 1041 964 1092 erat
989 1035 1188 1092 Graece
1217 1053 1230 1103 ;
1256 1035 1434 1093 Graci
1454 1036 1614 1091 enim
1635 1052 1756 1108 prae
1776 1035 2018 1108 reliquis
2037 1050 2176 1105 gen-

517 1127 679 1183 tibus
712 1126 1031 1183 theoretici.
1065 1126 1455 1196 Theologicae,
1488 1130 1732 1198 propter
1774 1125 2127 1181 Hebraicum
2158 1141 2173 1193 ;

519 1217 748 1273 Hebraei
777 1217 936 1272 enim
967 1217 1230 1274 maxime
1263 1217 1536 1272 omnium
1555 1215 1830 1285 theologi.

589 1327 845 1381 Causam
875 1324 955 1381 ob
1003 1340 1186 1396 quam
1219 1328 1375 1379 esset
1408 1323 1726 1379 cruciﬁxus
1767 1339 1778 1377 :
1812 1323 1976 1379 illam
2015 1322 2178 1378 enim

515 1415 577 1470 in
629 1413 838 1471 tabula
897 1414 1251 1485 inscriptam
1307 1415 1691 1485 superposuit
1730 1413 1972 1477 Pilatus,
2011 1420 2072 1468 ut
2100 1413 2178 1468 ab

517 1503 796 1560 omnibus
847 1503 964 1572 legi
1010 1509 1230 1574 posset,
1273 1508 1328 1558 et
1368 1504 1470 1574 qui
1511 1508 1829 1574 prmsentes
1875 1508 2064 1566 erant,
2126 1507 2180 1558 et

516 1592 1034 1667 quiprmteribant.
1049 1594 1276 1648 Marcus
1298 1608 1443 1648 sane
1457 1592 1598 1648 dicit
1621 1613 1633 1648 :
1651 1593 1722 1647 Et
1737 1599 1858 1647 erat
1883 1592 2180 1663 inscriptio

515 1698 707 1738 causa:
718 1685 841 1752 eius
862 1683 1084 1750 scripta
1109 1698 1120 1736 :
1141 1682 1266 1738 Rex
1294 1682 1637 1737 Juda'orum
1669 1683 1715 1715 ‘9
1735 1696 1757 1749 ,'
1777 1683 1966 1737 Lucas
1996 1696 2138 1736 vero
2163 1697 2175 1736 :

515 1773 670 1828 Erat
686 1778 878 1827 autem
894 1774 948 1827 et
971 1771 1284 1840 inscriptio
1315 1772 1546 1839 scripta
1588 1785 1768 1838 super
1807 1787 1938 1826 eum
1963 1770 2178 1826 litteris

519 1861 732 1917 Graecis
760 1867 815 1916 et
843 1860 1070 1917 Latinis
1095 1875 1166 1916 ac
1191 1860 1509 1916 Hebraicis
1530 1875 1553 1917 .·
1565 1861 1678 1915 Hic
1707 1867 1788 1916 est
1812 1875 1921 1916 rex
1945 1859 2179 1916 Judan-

516 1966 651 2008 rum
666 1953 712 1987 ⁵ο
729 1953 846 2006 Hoc
857 1950 1595 2022 autemtribusinscriptum
1613 1949 1920 2022 estlinguis
1934 1965 2006 2004 eo
2034 1949 2179 2020 quod

515 2047 658 2098 tunc
691 2041 859 2096 multi
889 2041 967 2096 ad
987 2041 1290 2096 civitatem
1312 2047 1598 2096 venerant
1626 2040 1970 2094 Iudaeorum
2003 2039 2181 2096 Graeci

517 2147 588 2186 ac
613 2130 798 2186 Latini
833 2146 846 2195 ;
878 2129 1140 2185 Joannes
1200 2145 1340 2185 vero
1390 2129 1532 2185 dicit
1588 2128 1844 2198 Scripsit
1894 2136 2087 2184 autem
2127 2133 2180 2183 et

517 2221 760 2276 titulum
788 2219 1038 2287 Pilatus,
1059 2218 1380 2289 posuitque
1412 2234 1591 2288 super
1611 2233 1858 2274 crucem.
1891 2220 2041 2274 Erat
2083 2233 2184 2273 au-

519 2316 628 2366 tem
667 2308 953 2380 scriptum
998 2309 1202 2363 :Jesus
1254 2309 1621 2373 Nazarenus,
1679 2323 1783 2364 rex
1811 2307 2180 2363 Juda'orum.

518 2401 699 2455 Hunc
728 2413 867 2468 ergo
899 2399 1140 2453 titulum
1175 2399 1344 2453 multi
1381 2399 1639 2467 legerunt
1671 2397 2010 2454 Iudaeorum
2047 2397 2184 2467 quia

516 2488 991 2560 propccivitatem
1018 2494 1136 2542 erat
1170 2489 1331 2543 locus
1355 2487 1453 2542 ubi
1472 2489 1797 2554 cruciﬁxus
1812 2494 1890 2542 est
1910 2488 2104 2542 Jesus:
2131 2489 2184 2541 et

518 2584 649 2635 erat
675 2578 950 2649 scriptum
979 2577 1291 2643 Hebraice,
1323 2577 1523 2634 Graece
1542 2583 1607 2636 .et
1632 2577 1862 2633 Latine.
1897 2577 2182 2632 Dicebant

519 2684 660 2738 ergo
672 2669 864 2723 Pilato
877 2667 1185 2737 pontifices
1198 2667 1543 2723 Judxorum
1563 2683 1577 2734 ;
1599 2667 1743 2722 Noli
1754 2665 2036 2722 scribere:
2059 2666 2185 2720 Rex

1841 371 2191 427 EUTHYMII
2233 369 2564 428 ZIGABENI

591 499 752 555 Vers.
781 496 869 553 3'1.
902 496 982 554 Et
1005 528 1072 540 —
1110 496 1481 554 Judteorum.
1519 497 1604 568 H-
1636 496 1889 571 Scriptio
1915 498 1976 554 in
2009 497 2174 555 titulo
2209 493 2254 551 A

3781 371 3881 428 728

2361 504 2461 552 Kal
2498 531 2566 540 —
2609 497 2897 555 Ἰουδαίων.
2935 501 2956 575 [
2997 502 3054 554 Ἡ
3103 500 3216 573 (40)
3272 498 3318 552 ἐν
3377 508 3448 570 τῷ
3501 499 3656 571 τίτλῳ
3709 503 3880 572 γραφὴ

2286 598 2603 662 πρακτικῆς,
2651 596 2739 643 καὶ
2792 593 3132 666 θεωρητικῆς,
3191 596 3281 642 καί
3333 590 3632 661 θεολογικῆς
3675 589 3884 661 φιλοσο-

2287 683 2406 750 φίας
2466 679 2689 752 βασιλέα
2741 685 2827 733 τὸν
2887 684 3251 757 σταυρωθέντα
3312 680 3533 750 ἐμήνυε·
3597 687 3886 742 πρακτίκῆς

2285 770 2395 839 μεν,
2443 766 2537 822 δ’ιά
2589 778 2680 822 τοῦ
2745 771 3030 844 Ῥωμαῖστὶ
3090 773 3414 845 γεγράφθαι·
3458 774 3552 828 τὴν
3597 769 3886 840 Ῥωμαικὴν

2284 861 2383 930 γὰρ
2443 858 2717 931 βασιλείαν
2770 860 3131 935 ἀνδρειοτέρου
3191 869 3369 913 πασῶν
3426 861 3451 911 6
3501 859 3691 918 Δανιὴλ
3741 857 3888 911 ἐθεά-

2289 968 2416 1000 σατο
2441 964 2453 978 ⁸
2488 960 2781 1022 πρακτικῆς
2825 949 2885 1004 δὲ
2914 948 3051 1004 ἴδιον
3083 953 3113 1009 ἡ
3158 947 3350 1024 ἀνδρία
3383 967 3394 980 ·
3428 946 3520 1002 διὰ
3557 946 3616 1002 δι
3653 956 3743 1001 τοῦ
3788 948 3892 1002 Ἐλ-

2284 1038 2513 1106 ληνιστὶ,
2588 1042 2939 1115 θεωρητικῆς⁶
3000 1039 3236 1102 Ἕλληνες
3282 1041 3382 1114 γὰρ
3459 1041 3894 1112 θεωρητικώτεροι

2284 1136 2382 1179 τῶν
2418 1128 2579 1180 ἄλλων
2612 1128 2764 1182 ἐθνῶν
2790 1147 2801 1159 ·
2843 1127 2876 1182 δ
2883 1133 2935 1183 ιὰ
2963 1127 3021 1184 δὲ
3069 1138 3160 1182 τοῦ
3203 1129 3493 1203 Ἐϐραίστὶ,
3553 1128 3850 1200 θεολογικῆς
3878 1148 3890 1161 ·

2289 1217 2706 1294 θεολογικώτεροι
2733 1223 2835 1293 γὰρ
2861 1223 3062 1274 πάντων
3085 1218 3355 1292 Ἑϐραῖοι]

2359 1331 2463 1384 Τὴν
2495 1326 2684 1393 αἰτίαν,
2736 1323 2807 1379 δι’
2854 1327 2911 1384 ἣν
2964 1327 3265 1400 ἐσταυρώθη
3302 1348 3314 1360 ·
3380 1324 3559 1379 σανίδι
3607 1329 3709 1402 γὰρ
3764 1329 3900 1380 ταύ-

2289 1435 2382 1472 την
2437 1414 2822 1490 ἐγχαράξαντες
2879 1420 2927 1469 οἱ
2984 1423 3101 1492 περὶ
3153 1421 3238 1469 τὸν
3310 1416 3549 1480 Πιλάτον,
3616 1417 3895 1486 ἐπέθηκαν,

2291 1507 2424 1557 ὥστε
2475 1507 2575 1558 ὑπὸ
2632 1510 2836 1559 πάντων
2891 1507 3342 1578 ἀναγινώσκεσθαι
3388 1515 3486 1558 τῶν
3530 1526 3583 1559 τε
3629 1512 3899 1582 παρόντων

2290 1601 2378 1646 καὶ
2433 1604 2532 1647 τών
2583 1597 2696 1667 (41)
2755 1602 3070 1672 παριόντων,
3140 1599 3352 1671 Μάρκος
3430 1600 3518 1668 μὲν
3580 1594 3666 1649 οὖν
3741 1594 3898 1650 εἶπε’

2294 1689 2394 1737 Καὶ
2451 1682 2511 1743 ἧν
2585 1687 2614 1743 ἡ
2676 1685 2932 1758 ἐπιγραφὴ
3020 1693 3110 1747 τῆς
3181 1686 3353 1746 αἰτίας
3429 1685 3588 1738 αὑτοῦ
3659 1705 3902 1760 γεγραμ-

2289 1777 2412 1846 μένη
2447 1792 2458 1804 ·
2490 1773 2548 1825 Ὀ
2599 1773 2848 1846 βασιλεὺς
2905 1784 3004 1827 τῶν
3059 1772 3330 1828 Ἰουδαίων
3356 1793 3369 1806 ·
3413 1781 3614 1836 Λουκᾶς
3651 1772 3710 1828 δὲ
3738 1792 3750 1804 ⁸
3804 1775 3906 1828 Ἦν

2291 1860 2349 1915 δε
2380 1869 2469 1916 καὶ
2499 1867 2528 1922 η
2569 1863 2827 1938 ἐπιγραφὴ
2883 1870 3215 1939 γεγραμμένη
3275 1864 3348 1917 ἐπ’
3405 1865 3546 1936 αύτῷ
3593 1868 3908 1938 γράμμασιν

2287 1949 2595 2013 Ἑλληνικοῖς
2663 1960 2754 2005 καὶ
2820 1953 3126 2026 Ῥωμαϊκοῖς
3182 1960 3271 2006 καὶ
3340 1953 3672 2027 Ἐϐραῑκοῑς·
3738 1955 3911 2017 Οὗτός

2291 2041 2430 2093 ἐστιν
2488 2045 2513 2093 ό
2574 2042 2823 2114 βασιλεὺς
2881 2053 2980 2095 τῶν
3031 2040 3325 2098 Ἰουδαίων.
3395 2051 3558 2096 Τοῦτο
3614 2041 3672 2097 δὲ
3730 2051 3912 2117 τρισὶν

2291 2130 2487 2205 ἐγράφη
2524 2129 2836 2197 διαλέκτοις,
2879 2129 2974 2185 διὰ
3013 2138 3071 2185 τό
3111 2133 3336 2195 πολλοὺς
3377 2132 3750 2206 ἐπιχωριάζειν
3793 2140 3915 2188 τότε

2413 2222 2558 2274 πόλει
2610 2230 2710 2273 τῶν
2767 2218 3040 2275 Ἰουδαίων
3097 2222 3348 2284 Ἐλληνας

2979 2312 3212 2385 Ἔγραψε
3298 2309 3358 2364 δὲ

3425 2229 3515 2276 καὶ
3593 2223 3910 2296 Ῥωμαίους.

2295 2313 2518 2372 Ῐωάννης
2588 2307 2647 2363 δέ
2720 2330 2919 2382 φησιν·
2979 2312 3212 2382 Ἔγραψε
3298 2309 3358 2364 δὲ
3437 2318 3527 2364 καὶ
3611 2314 3781 2365 τίτλον
3873 2317 3898 2367 ό

2295 2400 2535 2468 Πιλάτος,
2604 2406 2692 2453 καὶ
2763 2403 2942 2459 έθηκεν
3012 2400 3097 2454 έπὶ
3154 2409 3244 2453 τοῦ
3337 2409 3590 2476 σταυροῦ.
3677 2403 3772 2456 Ἦν
3853 2402 3914 2458 δε

2291 2495 2690 2564 γεγραμμένονο
2767 2491 2993 2558 Ἰησοῦς,
3097 2493 3121 2542 ὁ
3219 2491 3550 2564 Ναζωραῖος,
3644 2494 3669 2544 ὁ
3747 2490 3914 2564 βασι-

2291 2579 2407 2642 λεὺς
2489 2589 2588 2632 τῶν
2667 2577 2959 2638 Ἰουδαίων.
3067 2584 3260 2636 Τοῦτον
3360 2579 3445 2633 οὖν
3544 2585 3632 2634 τόν
3733 2581 3911 2634 τίτλον

2292 2669 2471 2721 πολλοὶ
2541 2667 2834 2741 ἀνέγνωσαν
2906 2679 3004 2722 τῶν
3086 2668 3376 2736 Ἰουδαίων,
3455 2673 3536 2723 ὃτι
3610 2671 3762 2743 ἔγγὺς
3848 2670 3912 2730 ἧν

519 2757 879 2822 Judteorum,
915 2757 1032 2822 sed,
1064 2757 1218 2826 quod
1239 2757 1344 2812 ille
1369 2755 1588 2812 dixerit
1616 2772 1627 2809 :
1655 2755 1782 2812 Rex
1801 2771 1928 2810 sum
1958 2753 2184 2810 Judteo-

2306 2759 2514 2818 ὀτόπος
2582 2767 2672 2818 τῆς
2745 2759 2954 2823 πόλεως,
3031 2761 3160 2811 ὅπου
3232 2761 3537 2832 ἐσταυρώθη
3593 2761 3618 2812 6
3672 2759 3911 2822 Ἰησοῦς.

520 2863 672 2903 rum.
709 2846 1023 2916 Respondit
1070 2845 1342 2903 Pilatus:
1381 2845 1550 2912 Quod
1600 2844 1830 2914 scripsi,
1880 2843 2082 2914 scripsi
2112 2845 2180 2900 ⁵1.

521 2935 747 2994 Titulus
822 2935 1022 3008 itaque
1106 2935 1269 3006 apud
1347 2937 1650 2991 Romanos
1708 2950 1896 2990 causa
1947 2933 2180 2989 dicitur.

523 3028 544 3099 (
574 3028 616 3098 -ξ-
647 3027 688 3098 -ι-
708 3029 823 3081 Ista
853 3031 1054 3080 autem
1079 3042 1092 3080 :
1124 3025 1498 3096 Propinquus
1526 3039 1661 3080 vero
1693 3035 1819 3080 erat
1851 3025 2002 3081 locus
2026 3024 2181 3079 urbi.

521 3116 625 3173 ubi
655 3115 978 3183 cruciﬁxus
1011 3121 1098 3172 est
1142 3115 1328 3180 Jesus,
1381 3116 1462 3170 ita
1507 3113 1848 3170 ordinanda
1890 3130 1902 3170 :

525 3206 656 3263 urbi
689 3211 814 3262 erat
842 3193 1002 3261 locus
1025 3204 1126 3261 ubi
1159 3203 1484 3260 cruciﬁxus
1509 3210 1596 3261 est
1620 3207 1810 3260 Jesus.
1846 3203 1865 3276 )

1943 3113 2186 3169 Vicinus

2298 2852 2397 2900 Kal
2455 2845 2514 2906 ἦν
2562 2853 2917 2922 γεγραμμένον
2954 2847 3244 2923 Ἐϐραϊστὶ,
3296 2848 3608 2914 Ἑλληνιστὶ,
3640 2848 3916 2922 Ῥωμαϊσ-

2295 2940 2368 2991 τί.
2437 2935 2644 3006 Ἔλεγον
2733 2935 2818 2990 οὖν
2893 2947 2963 3008 τῷ
3051 2939 3252 3009 Πιλάτῳ
3334 2940 3382 2990 οἱ
3466 2937 3727 3012 ἀρχιερεῖς
3810 2950 3919 2992 τῶν

2299 3022 2571 3081 Ἰουδαίων
2601 3045 2612 3058 ·

2301 3114 2407 3165 ἀλλ’
2490 3117 2569 3167 ὅτι

2668 3032 2753 3084 Μὴ
2808 3029 2994 3102 γράφε,
3052 3029 3077 3079 6
3137 3027 3387 3088 Βασιλεὺς
3444 3037 3544 3079 τῶν
3612 3025 3916 3097 Ἰουδαίων,

2677 3115 2864 3177 ἐκεῖνος
2963 3115 3071 3170 εἷπε
3126 3134 3137 3146 ·
3245 3117 3492 3179 Βασιλεὺς
3598 3117 3705 3179 εἰμι
3811 3127 3922 3170 τῶν

3047 3207 3104 3258 Ὀ
3171 3205 3262 3259 fit)
3272 3209 3389 3267 άτος
3419 3228 3430 3239 ·

2963 3113 3071 3170 εἷπε
3126 3134 3137 3146 '
3245 3117 3492 3179 Βασιλεὺς
3598 3117 3705 3190 εἰμι

2303 3201 2597 3259 Ἰουδαίων.
2679 3206 2965 3281 Ἀπεκρίθη
3047 3207 3104 3258 Ὀ
3171 3205 3430 3267 Πιλάτος·
3508 3214 3572 3260 Ὀ
3653 3212 3920 3282 γέγραφα,

526 3300 779 3372 γέγραφα.
840 3295 1019 3356 Τίτλος
1071 3297 1161 3367 μὲν
1219 3290 1326 3366 οὖν,
1407 3296 1541 3349 κατὰ
1604 3293 1918 3359 Ῥωμαίους,
1976 3294 2004 3350 ἡ
2062 3291 2234 3352 αἰτίας
2269 3309 2282 3323 ⁸
2347 3291 2446 3366 [τὸ
2507 3296 2620 3367 (4'2)
2701 3296 2889 3366 Ἐγγύς
2936 3293 2996 3353 ἦν
3047 3298 3072 3348 6
3132 3301 3288 3358 τόπος
3350 3305 3444 3358 τῆς
3513 3297 3722 3360 πόλεως,
3771 3299 3925 3351 ὃπσα

526 3385 833 3460 ἐσταυρώθη
906 3385 932 3437 6
998 3385 1206 3445 Ἰησοῦς
1285 3383 1425 3436 αύτω
1514 3387 1824 3437 συντακτέον

527 3477 554 3547 6
586 3475 804 3537 Ἰησοῦς,
834 3473 856 3546 ]

600 3571 846 3645 Scripsit
865 3586 1008 3641 ergo
1023 3570 1246 3626 Pilalus
1277 3571 1507 3627 dictam
1532 3587 1802 3638 causam,
1823 3569 2198 3641 instituitque

525 3669 590 3723 ut
621 3662 861 3732 scripta,
895 3659 1125 3716 cunctis
1151 3664 1295 3718 nota
1339 3660 1526 3730 ﬁeret,
1560 3675 1634 3716 ne
1665 3665 1908 3732 possent
1939 3676 2048 3716 sua
2073 3676 2200 3717 ma-

527 3752 653 3809 litia
681 3752 805 3823 (νυ)
829 3750 1019 3806 ,ἰυάωί
1045 3748 1274 3807 Christo
1302 3751 1484 3806 aliam
1511 3767 1763 3807 causam
1796 3749 2060 3824 afﬁgere,
2095 3755 2196 3806 aut

530 3839 844 3910 divulgare
884 3839 993 3911 (zz)
1029 3855 1042 3894 :
1073 3840 1370 3913 simulque
1397 3841 1590 3898 ethos
1631 3841 1861 3897 notavit
1889 3840 2048 3897 etilli
2095 3857 2198 3912 pa-

532 3930 856 3986 trocinatus
895 3932 1001 3995 est,
1034 3930 1202 4001 quod
1245 3934 1478 4002 propter
1507 3929 1801 3987 invidiam
1833 3935 1988 3987 esset
2013 3931 2197 3987 cruci-

533 4019 711 4075 ﬁxus.

610 4129 757 4184 Cum
788 4129 990 4183 autem
1011 4127 1214 4183 littera;
1245 4127 1308 4183 in
1359 4127 1547 4184 altum
1593 4129 1805 4200 positas
1836 4129 1918 4200 (a)
1950 4143 2198 4198 regnum

539 4217 666 4288 ejus
679 4217 835 4274 clare
849 4217 1315 4289 promulgarent,
1331 4225 1627 4274 conantur
1645 4219 2201 4290 pontiﬁeesJudtno-

537 4323 673 4363 rum
697 4306 1136 4378 inscriptionem
1172 4301 1480 4369 invertere,
1510 4308 1775 4363 dicentes
1802 4309 2028 4364 Pilato:
2062 4309 2203 4364 Noli

539 4397 825 4454 scribere:
851 4395 1348 4460 RexJudteorum,
1369 4413 1442 4453 ne
1457 4413 1597 4453 vera
1609 4397 2202 4470 videaturinscriptio

538 4487 641 4543 sed
695 4485 843 4557 quod
867 4486 968 4542 ille
996 4487 1253 4542 dixerit:
1284 4489 1411 4543 Rex
1453 4503 1579 4542 sum
1618 4488 1988 4550 Judcearum,
2021 4495 2080 4544 ut
2109 4489 2203 4544 ille

541 4573 803 4630 mendax
841 4579 1148 4645 appareat.
1204 4576 1313 4631 Sed
1347 4591 1734 4648 nequaquam
1771 4583 2204 4649 persuaserunt

541 4664 614 4719 ci.
641 4664 967 4735 Respondit
994 4664 1153 4720 enim
1197 4681 1210 4730 ;
1246 4665 1407 4730 Quod
1444 4666 1679 4735 scripsi,
1709 4668 1939 4736 scripsi,
1963 4668 2077 4723 hoc
2118 4676 2203 4723 est

544 4753 711 4825 quod
762 4753 1045 4824 scriptum
1089 4759 1176 4810 est
1213 4771 1335 4811 non
1384 4755 1660 4811 immuto.
1702 4758 1883 4813 Juxta
1935 4759 2198 4816 divinam

620 4880 666 4914 ἰο
689 4879 861 4966 Marc.
903 4891 1001 4945 xv,
1037 4879 1132 4937 26.
1215 4883 1262 4916 ⁵ο
1295 4881 1435 4938 Luc.
1469 4897 1626 4948 xxm,
1662 4882 1754 4939 38.

1929 3398 1942 3410 '
2017 3383 2098 3434 ὃτι
2174 3380 2360 3454 Ἐγγύς
2452 3391 2546 3446 τῆς
2633 3384 2823 3447 πόλεως
2901 3381 2960 3444 ἦν
3043 3387 3067 3439 6
3149 3391 3307 3448 τόπος
3399 3387 3526 3439 ὅπου
3605 3385 3919 3460 ἐσταυρώθη

2378 3589 2390 3604 ⁸
2423 3597 2465 3642 Ο
2493 3592 2583 3662 μεν
2615 3591 2701 3642 οὗν
2761 3591 2978 3650 Πιλάτος
3017 3590 3212 3665 ἔγραψε
3272 3595 3366 3649 τὴν
3409 3592 3660 3666 ῥηθεῖσαν
3716 3592 3920 3658 αἰτίαν,

2309 3685 2398 3731 καὶ
2454 3680 2797 3740 στηλιτεύσας
2858 3686 2992 3732 πᾶσι
3043 3685 3359 3737 κατέστησεν
3418 3681 3580 3739 αὐτὴν
3629 3685 3919 3753 γνώριμον,

2310 3771 2392 3820 ἶνα
2436 3774 2506 3841 μὴ
2562 3767 2819 3821 δύνωνται
2862 3765 3115 3822 Ἰουδαῖοι
3174 3775 3488 3845 κακουργίας
3533 3771 3686 3828 ἄλλην
3741 3770 3925 3824 αἰτίαν

2309 3858 2624 3931 έπιφημίσαι
2653 3867 2722 3911 τῶ
2771 3867 3003 3934 Χριστῷ.
3059 3865 3158 3912 Kal
3197 3861 3328 3932 ὁμοῦ
3378 3863 3467 3932 μὲν
3524 3864 3736 3921 τούτους
3775 3862 3925 3932 ἠμύ-

2307 3969 2428 4002 νατο
2463 3969 2474 3981 ·
2511 3951 2640 4021 ὁμοῦ
2671 3947 2730 4002 6's
2755 3947 2948 4001 ἐκείνου
2983 3950 3095 4022 (43)
3135 3950 3657 4023 ύπεραπολογὴσατο,
3711 3954 3790 4004 ὅτι
3823 3948 3930 4005 διὰ

2311 4041 2491 4111 φθόνον
2523 4038 2851 4111 ἐσταυρώθη.

2382 4130 2524 4182 Ἐπεὶ
2571 4126 2630 4181 δὲ
2682 4127 2935 4181 ἀνέκειντο
2991 4131 3057 4180 τὰ
3111 4131 3398 4202 γράμματα
3478 4129 3728 4202 λαμπρως
3796 4151 3930 4185 ανα-

2311 4222 2636 4294 κηρύττοντα
2692 4223 2785 4276 τὴν
2841 4217 3113 4290 βασιλείαν
3192 4219 3372 4280 αὐτοῦ,
3449 4219 3812 4294 ἐπιχειροῦσιν
3879 4226 3934 4275 οἱ

2315 4308 2580 4384 ἀρχιερεῖς
2647 4328 2745 4360 των
2803 4304 3072 4360 Ἰουδαίων
3135 4309 3457 4380 μετατρέψαι
3514 4315 3608 4368 τὴν
3672 4314 3936 4370 τοιαύτην

2315 4398 2624 4473 ἐπιγραφὴν,
2674 4398 2901 4469 λέγοντες
2954 4404 3024 4466 τῷ
3075 4398 3316 4469 Πιλάτῳ·
3359 4404 3446 4457 Μὴ
3503 4402 3668 4474 γράφε
3713 4399 3772 4451 Ὀ
3824 4399 3937 4472 βα-

2317 4488 2488 4550 σιλεὺς
2535 4497 2634 4540 τῶν
2687 4485 2979 4556 Ἰουδαίων,
3035 4489 3116 4539 ἶνα
3167 4493 3237 4559 μὴ
3313 4487 3512 4550 ἀληθὴς
3560 4492 3589 4547 ὴ
3662 4491 3933 4563 ἐπιγραφὴ

2315 4577 2481 4651 δοκῇ·

2312 4665 2604 4733 Ἰουδαίων,
2675 4668 2758 4718 ἵνα
2831 4662 3032 4736 ψευδὴς

2561 4577 2667 4628 ἀλλ’
2725 4579 2802 4628 ὅτι
2872 4575 3058 4637 ἐκεῖνος
3125 4574 3270 4628 εἰπεο
3342 4579 3589 4641 Βασιλεύς
3658 4579 3762 4651 εἰμι
3821 4591 3936 4633 τῶν

3617 4668 3753 4721 Ἀλλ’
3828 4671 3937 4723 οὐκ

2314 4759 2363 4811 ἐν
2420 4760 2587 4830 τούτῳ
2658 4761 2782 4818 τέως
2839 4761 3156 4829 παρέπεισαν
3221 4755 3393 4811 αύτὸν.
3462 4757 3736 4831 Ἀπεκριθν
3799 4763 3934 4834 γὰρ,

3120 4665 3308 4728 ἐκεῖνος
3370 4676 3498 4739 φανῇ
3517 4711 3528 4723 ,

1843 4884 1884 4918 ⁵¹
1917 4884 2083 4938 Joan.
2119 4900 2244 4952 xu,
2277 4884 2453 4941 19-22.

1879 5008 2104 5076 Varia),
2145 5009 2492 5096 lectiones.

622 5129 748 5202 (40)
769 5130 831 5185 In
863 5129 1135 5204 margine
1163 5129 1291 5186 haec
1310 5129 1488 5187 habet
1513 5129 1704 5187 codex
1738 5135 2008 5204 uterque.
2042 5134 2212 5189 Caret

549 5201 623 5258 iis
661 5201 1002 5258 Hentenius.

621 5273 736 5345 (41)
770 5276 1074 5348 Περῐόντων.
1107 5278 1168 5326 Α.

623 5451 899 5528 (yy)__Su_a
928 5451 1186 5508 malitia.
1219 5453 1374 5528 Ac_si
1414 5452 1619 5528 legerit
1648 5455 1702 5506 “ex
1751 5459 2096 5528 κακουργίας.
2146 5458 2214 5513 Ut
2285 5425 2288 5432 Ι

551 5539 664 5598 ego
703 5524 1223 5598 edidlxaxoup'yia;
1242 5523 1488 5579 refertur
1513 5525 1589 5579 ad
1621 5529 1812 5577 αἰτίαν.

626 5593 737 5665 (zz)
757 5596 1024 5666 Afﬁgere
1049 5593 1154 5651 aut
1184 5596 1499 5667 divulgare.
1533 5599 1592 5650 In
1626 5601 1825 5652 Crreco
1869 5603 1955 5652 est
1977 5605 2211 5655 tantum

552 5669 907 5748 ἐπιφημίζειν,
937 5669 1098 5748 quod
1126 5674 1214 5748 est
1244 5669 1332 5722 rei
1363 5669 1773 5748 nomen-dare.
1823 5671 2084 5726 Reddas-
2127 5673 2211 5727 Νε

549 5738 688 5810 quid
719 5738 886 5795 aliud
908 5739 1148 5795 crimini
1173 5741 1321 5796 dare
1349 5746 1584 5809 possent
1611 5741 1871 5798 Christo.

2396 5132 2507 5276 (42g
2542 5131 2774 5188 "Elusa
2804 5145 2926 5187 non
2959 5131 3231 5200 agnoscit
3264 5132 3601 5188 Hentenius.

2396 5209 2483 5276 (43
2539 5203 3074 5276 ’Υπιραπιλογὴσατο,
3108 5205 3179 5258 Α,
3505 5213 3512 5224 ,
3569 5213 3572 5218 .

2396 5203 2507 5276 (43)
2539 5203 3074 5278 Ὑπεραπελογὴσοαω
3108 5205 3179 5258 Α.
3505 5213 3512 5224 ,
3569 5213 3572 5218 .

2393 5472 2430 5530 ιι
2457 5456 2528 5530 In
2547 5458 2734 5530 altum
2761 5455 2980 5530 posita}.
3010 5454 3347 5530 Ἀνακεῖσθαι
3373 5453 3604 5522 dicitur,
3630 5457 3946 5530 quidquid

2322 5527 2559 5602 publice
2584 5534 2682 5602 aut
2703 5529 2758 5602 in
2790 5525 3030 5595 publico
3064 5525 3192 5602 loco
3225 5525 3942 5602 scriptumaut'posiium

2322 5597 2425 5654 est.
2447 5600 2644 5654 Redde
2679 5617 2693 5652 :
2725 5601 2865 5652 Cum.
2892 5614 3024 5652 vero
3041 5598 3249 5672 titulus
3266 5597 3370 5654 ille
3388 5599 3619 5667 publice
3639 5597 3948 5672 expositus

2327 5673 2660 5729 luculenter
2688 5685 2875 5744 regem
2907 5685 3037 5726 eum
3073 5671 3423 5726 declararet.
