4096 6392
235 417 347 474 729
1210 417 1580 474 COMMENT.
1623 415 1691 472 ΙΝ
1730 415 1842 470 ΜΑ¹

1959 415 2175 474 ΙλΕυΜ.
2221 447 2285 456 -
2326 414 2482 472 CAP.
2524 415 2751 475 XXVII.
3510 416 3616 476 730

232 542 307 596 ’Ὀ
389 547 642 616 γέγραφα,
743 545 1000 618 γέγραφα,
1084 548 1374 610 τουτέστιν,
1467 542 1579 596 Οὐκ
1663 540 1842 594 ἀλλοιοῖ

1959 548 2154 598 autem
2183 542 2432 599 omnino
2482 543 2924 617 providentiam
2953 544 3151 602 titulus
3205 558 3388 616 super
3418 541 3614 600 solam

235 636 299 684 τὸ
357 636 568 706 γραφέν.
623 635 774 686 Κατὰ
825 635 966 687 θείαν
1022 631 1080 687 δὲ
1132 637 1338 694 πάντως
1383 637 1625 707 πρόνοιαν
1680 633 1704 683 ὁ
1763 637 1842 684 τί-

1959 631 2170 688 Christi
2195 649 2428 689 crucem
2471 635 2702 707 positus
2735 641 2845 692 est.
2877 637 3023 692 Cum
3073 635 3234 690 enim
3263 640 3376 689 tres
3407 649 3614 689 cruces

233 722 358 784 τλος
407 722 615 781 ἐπετέθη
674 728 816 796 μόνῳ
875 733 946 796 τῷ
1003 732 1212 798 σταυρῷ
1276 731 1368 776 τοῦ
1427 729 1682 796 Χριστοῦ.
1737 729 1842 774 Τῶν

1959 721 2136 778 simul
2166 727 2319 778 terra
2370 730 2510 781 tunc
2540 726 2949 793 obruerentur,
3002 725 3201 781 multis
3247 723 3612 796 temporibus

235 823 402 888 τριῶν
455 815 555 888 γὰρ
604 812 714 886 ἅμα
762 819 881 866 τότε
924 815 1394 886 καταχωσθέντων,
1449 818 1663 885 χρόνοις
1700 811 1842 864 ὔστε-

1959 811 2239 884 requisita
2267 815 2652 884 postmodum
2701 815 2928 873 Domini
2971 831 3135 884 crux,
3169 833 3204 872 a
3235 813 3401 872 titulo
3433 813 3614 886 potis.

238 923 335 978 ρον
367 904 392 955 ὁ
442 906 755 965 Δια-ποτικὸς
784 901 1151 971 ἁναζητηθεὶς,
1185 902 1286 956 ἀπὸ
1329 909 1422 956 τοῦ
1451 902 1626 955 τίτλον
1658 901 1842 974 μᾶλλον

1959 901 2178 958 simum
2207 902 2314 959 fuit
2354 905 2608 975 cognita.

237 996 424 1063 γέγονε
452 998 729 1068 γνώριμος.

315 1086 446 1134 Τότε
498 1113 563 1122 -
611 1082 904 1155 εὐωνύμων.
958 1087 1058 1136 Καὶ
1103 1089 1255 1135 τοῦτο
1290 1091 1385 1143 τῆς
1425 1090 1523 1135 τῶν
1578 1078 1842 1135 Ἰουδαίων

2029 1116 2187 1172 Vers.
2245 1118 2332 1172 38.
2373 1119 2534 1176 Tunc
2582 1151 2651 1162 —
2689 1119 2961 1177 sinistris.
3013 1123 3076 1176 Et
3105 1125 3220 1177 hoc
3265 1119 3612 1176 Iudaeorum

1958 1221 2142 1279 opera
2170 1206 2396 1263 factum
2436 1213 2542 1273 est,
2592 1214 2654 1266 ut
2683 1210 2743 1266 in
2774 1209 2969 1266 medio
3008 1213 3266 1266 duorum
3308 1209 3615 1265 maleﬁco-

1956 1310 2090 1351 rum
2121 1297 2403 1367 pendens,
2438 1303 2492 1354 et
2518 1299 2644 1370 ipse
2704 1299 3011 1355 maleﬁcus
3040 1304 3342 1371 putaretur
3379 1316 3392 1354 :
3429 1301 3614 1370 utque

1958 1386 2334 1457 participatio
2347 1405 2413 1441 su
2425 1387 2618 1460 pplicii
2636 1389 2984 1460 participem
2999 1405 3232 1461 quoque
3251 1405 3385 1443 eum
3401 1387 3614 1458 prandi-

1958 1481 2117 1530 caret
2164 1477 2466 1534 maleﬁcii.
2505 1478 2588 1534 Ob
2635 1479 2750 1533 hoc
2777 1479 3072 1550 siquidem
3103 1494 3241 1532 eum
3273 1477 3500 1533 cunctis
3531 1477 3614 1532 vi—

1957 1564 2241 1620 dentibus
2264 1566 2502 1638 publice
2526 1567 2972 1623 cruciﬁxerunt.
3006 1568 3150 1623 Dicit
3170 1571 3369 1622 autem
3399 1565 3478 1638 (b)
3504 1567 3615 1622 Lu-

1955 1669 2058 1709 cas
2101 1656 2257 1726 quod
2299 1661 2478 1712 staret
2507 1656 2769 1729 populus
2802 1663 3100 1729 spectans,
3137 1662 3320 1729 utque
3355 1656 3430 1727 (ι’)
3465 1655 3614 1711 mili-

1955 1746 2082 1798 tum
2111 1744 2393 1800 manibus
2419 1746 2858 1816 cruciﬁgeretur
2892 1746 3175 1802 laborans
3207 1747 3312 1818 (ά),
3338 1753 3396 1802 et
3413 1745 3612 1801 modis

1881 1851 1923 1908 Β
1954 1833 2239 1890 omnibus
2268 1835 2492 1890 faciens
2521 1836 2615 1908 (e).
2652 1841 2716 1891 ut
2757 1853 2940 1907 prava
2982 1836 3057 1892 de
3087 1852 3158 1892 eo
3212 1835 3415 1908 opinio
3447 1835 3611 1905 apud

1955 1939 2166 1979 omnes
2196 1923 2627 1980 diffunderetur
2674 1927 2744 1982 ⁵³.
2787 1925 3092 1997 Completa
3118 1941 3360 1998 quoque
3405 1930 3491 1979 est
3514 1924 3612 1980 hic

1956 2012 2124 2068 Isaiae
2153 2013 2453 2085 prophetia
2499 2030 2634 2087 quae
2683 2013 2824 2070 dicit
2856 2017 2968 2071 :Et
3015 2031 3143 2070 cum
3174 2014 3385 2085 iniquis
3437 2013 3611 2085 depu-

1956 2109 2116 2160 tatus
2147 2109 2251 2159 est.
2293 2105 2360 2158 ⁵³.

2028 2196 2156 2248 Duo
2175 2209 2318 2249 vero
2340 2193 2597 2249 latrones
2618 2194 2770 2250 duos
2789 2193 3046 2266 populos
3068 2192 3438 2263 aanigmatice
3463 2191 3613 2261 ﬁgu-

1953 2287 2180 2346 rarunt,
2206 2289 2458 2338 veterem
2479 2283 2702 2339 scilicet
2725 2300 2794 2339 ac
2811 2299 3053 2339 novum.
3073 2286 3293 2339 Horum
3313 2282 3611 2354 siquidem

1954 2371 2051 2427 ille
2081 2368 2469 2444 blasphemiis
2501 2389 2639 2428 eum
2687 2379 2975 2445 appetens
3029 2378 3300 2428 mortuus
3331 2377 3416 2427 est
3451 2393 3462 2435 ;
3515 2371 3611 2427 hic

1954 2467 2155 2517 autem
2189 2461 2375 2518 Deum
2408 2462 2467 2518 in
2517 2462 2634 2518 ﬁne
2669 2463 2909 2518 tandem
2938 2462 3100 2517 hunc
3141 2460 3386 2530 agnovit
3436 2479 3448 2527 ;
3483 2461 3611 2532 ipse

1955 2567 2090 2606 vero
2133 2551 2364 2607 medius
2417 2552 2568 2608 inter
2597 2553 2708 2608 hos
2765 2551 3064 2624 pependit,
3121 2554 3323 2622 utpote
3376 2550 3610 2606 medius

1952 2639 2198 2697 effectus
2228 2641 2558 2698 inter-Vetus
2585 2645 2934 2713 Novumque
2962 2643 3418 2698 Testamentum

239 1167 306 1228 ἦν
357 1167 614 1237 σπουδῆς,
667 1173 769 1238 ἱνα,
825 1171 984 1244 μέσον
1033 1181 1132 1224 τῶν
1175 1175 1478 1247 γακούργων
1514 1174 1842 1244 κρεμάμενος,

234 1267 535 1334 κακοῦργος
586 1266 676 1314 καὶ
720 1261 870 1322 αὐτὸς
920 1259 1078 1331 ὸόκιῖὶ⁷
1132 1267 1222 1315 καὶ
1268 1261 1351 1315 ἱνα
1398 1264 1428 1320 ἡ
1480 1266 1722 1314 κοινωνία
1757 1268 1848 1321 τῆς

234 1354 496 1422 τιμωρίας
559 1353 800 1403 κοινωνὸν
857 1351 1011 1404 αὐτὸν
1068 1350 1397 1428 ἀνακηρύττῃ
1453 1356 1542 1404 καὶ
1602 1359 1697 1412 τῆς
1757 1370 1848 1402 κα-

233 1445 517 1514 κουργίας.
558 1442 656 1493 Διὰ
698 1449 851 1494 τοῦτο
881 1443 982 1514 γὰρ
1029 1447 1120 1495 καὶ
1170 1439 1409 1514 δημοσίᾳ
1447 1448 1627 1494 τοῦτον
1659 1439 1846 1494 ἐσταύ-

233 1548 441 1604 ρωσαν,
490 1532 697 1582 πάντων
751 1532 1001 1606 ὁρώντων·
1061 1537 1192 1604 φησί
1242 1535 1343 1605 γὰρ
1401 1533 1426 1583 ὁ
1481 1538 1707 1598 Λουκᾶς,
1767 1531 1848 1582 ὅτι

234 1624 333 1671 καὶ
389 1621 620 1677 εἱστήκει
680 1621 706 1671 ὀ
771 1619 894 1682 λαὸς
953 1622 1174 1693 θεωρῶν·
1225 1626 1315 1674 καὶ
1371 1626 1534 1696 χερσὶ
1591 1641 1845 1696 στρατιω-

233 1716 412 1768 τικαῖς
519 1709 674 1761 αὐτὸν
777 1711 1144 1783 σταυρωθῆναι
1242 1714 1660 1786 παρεσκεύασαν,
1758 1715 1846 1764 καὶ

233 1798 414 1849 πάντα
498 1803 870 1868 πεποιήκασιν,
940 1802 1021 1852 ἱνα
1096 1805 1432 1872 καταχέωσιν
1487 1801 1646 1854 αὐτοῦ
1703 1803 1847 1876 παρὰ

232 1893 374 1938 πᾶσι
417 1890 648 1960 πονηρὰν
698 1888 978 1960 ὑπόληψιν.
1029 1889 1347 1964 Ἐπληροῦτο
1397 1887 1456 1943 δὲ
1504 1889 1770 1943 κάνταῦθα
1813 1891 1842 1948 ἡ

235 1983 334 2028 τοῦ
388 1975 608 2029 Ἠσαίου
666 1978 781 2046 (44)
836 1983 1124 2054 προφητεία
1181 1982 1211 2039 ἠ
1259 1979 1504 2051 λέγουσα·
1562 1985 1662 2034 Καὶ
1717 1983 1847 2053 μετὰ

234 2063 447 2136 ἀνόμων
476 2065 744 2138 ἐλογίσθη.

313 2159 415 2207 Καὶ
463 2158 513 2207 οἱ
563 2159 654 2227 μὲν
704 2153 803 2210 δύο
849 2156 1043 2230 λῃσταὶ
1087 2161 1209 2220 τοὺς
1242 2155 1340 2211 δύο
1388 2158 1539 2220 λαούς
1581 2161 1846 2232 ᾑνίττοντο

229 2248 324 2295 τόν
387 2263 443 2296 τε
492 2244 736 2315 παλαιὸν,
789 2252 879 2300 καὶ
928 2251 1016 2299 τὸν
1059 2251 1193 2304 νέον.
1255 2251 1459 2302 Τούτων
1511 2252 1612 2320 γὰρ
1679 2251 1704 2300 ὁ
1757 2252 1846 2321 μὲν

231 2331 568 2406 βλασφημῶν
617 2334 773 2386 αὐτὸν
824 2334 1089 2389 ἀπέθανενο
1125 2338 1151 2390 ὁ
1191 2334 1250 2390 δὲ
1288 2341 1418 2411 πρὸς
1468 2347 1539 2408 τῷ
1568 2338 1699 2391 τέλει
1727 2345 1847 2390 τοῦ·

230 2442 322 2474 τον
390 2421 585 2493 ἐπέγνω
639 2428 789 2478 Θεόν.
845 2425 1007 2487 Αὐτὸς
1062 2421 1120 2479 δὲ
1175 2431 1329 2497 μέσος
1396 2427 1691 2500 ἐκρεμάσθη
1746 2436 1846 2481 τῶν

232 2507 338 2563 δύο
379 2514 598 2577 τούτων,
650 2515 718 2575 ὡς
758 2517 916 2586 μέσος
956 2519 1219 2587 γενόμενος
1261 2524 1357 2577 τῆς
1400 2536 1452 2569 τε
1491 2517 1720 2578 Παλαιᾶς
1758 2523 1846 2572 καὶ

231 2608 334 2662 τῆς
364 2605 499 2663 Νέας
531 2604 815 2665 Διαθήκης.

306 2817 375 2880 οἱ
408 2811 468 2868 δὲ
518 2847 585 2856 --
636 2825 887 2892 σταυροῦ.
942 2821 1008 2871 Οἱ
1057 2826 1535 2894 παραπορευόμενοι
1577 2826 1669 2881 τὴν
1718 2819 1841 2875 ὁδὸν

306 2856 375 2880 υ.
409 2856 467 2868 νυ
636 2856 661 2869 ἰ
681 2856 685 2858 ⁷
705 2856 887 2892 *συΓ’⁴υο
945 2856 1008 2871 Ub
1061 2856 1535 2894 ιινιγιυιμυῖιῑυυμςιυι
1585 2856 1597 2874 ι
1612 2856 1669 2881 υτ
1718 2856 1841 2875 υυυν

235 2904 434 2929 2---_’_,_-_.
504 2901 752 2929 ’I-.._$-49-_
849 2914 901 2929 ιι*
927 2909 960 2929 ι.
1141 2905 1189 2929 (\r
1501 2913 1520 2924 ι·
1652 2912 1688 2929 Ἀ

2021 2859 2187 2914 Vers.
2221 2861 2307 2914 39.
2372 2858 2486 2927 Qui
2522 2865 2718 2915 autem
2771 2890 2836 2899 —
2895 2861 3052 2913 Vers.
3099 2858 3185 2913 40.
3245 2871 3438 2914 cruce.
3497 2856 3606 2924 Qui

228 2904 434 2963 ἐκείνην
504 2901 777 2959 Ἰουδαῖοι.
849 2909 1064 2983 Μάρκος
1128 2905 1189 2962 δέ
1258 2930 1414 2982 φησιν
1495 2913 1574 2964 ὅτι
1649 2912 1837 2984 aegror

1875 2943 1915 2999 C
1950 2947 2351 3021 praeteribant,
2388 2953 2527 3019 puta
2557 2948 2656 3004 illa
2705 2948 2799 3004 via
2829 2947 3043 3004 Judaei.
3074 2948 3308 3002 Marcus
3353 2963 3488 3002 vero
3529 2947 3612 3004 ait

1947 3037 2114 3109 quod
2137 3037 2447 3094 dicebant:
2472 3037 2603 3094 Vah
2625 3040 2730 3110 qui
2751 3037 3030 3094 destruis.
3061 3037 3130 3103 Μ,
3163 3041 3271 3092 etc.
3298 3038 3609 3092 Estautem

1949 3127 2046 3180 ὁυά
2065 3128 2359 3184 irridentis
2387 3143 2456 3184 ac
2483 3127 2904 3184 subsannantis
2931 3125 3286 3183 adverbium
3311 3126 3498 3198 (quod
3527 3125 3610 3182 in-

1949 3219 2078 3275 Vah
2109 3217 2438 3290 vertimus).
2496 3219 2630 3274 Haec
2662 3224 2862 3274 autem
2911 3217 2963 3273 ei
2994 3217 3170 3289 quasi
3199 3215 3476 3272 mendaci
3523 3215 3611 3272 di-

1949 3307 2167 3364 cebant
2199 3307 2612 3380 suggillantes.

2021 3400 2181 3453 Vers.
2212 3399 2300 3452 4i.
2335 3398 2618 3454 Similiter
2673 3427 2744 3441 —
2800 3397 2942 3453 Vers
2995 3397 3083 3452 42.
3117 3394 3359 3451 Salvum
3404 3395 3611 3464 facere

1952 3488 2246 3554 Similiter,
2281 3491 2525 3560 propter
2569 3487 3011 3559 blasphemiam
3064 3486 3221 3542 dicit.
3257 3487 3405 3540 Nam
3462 3488 3517 3540 et
3545 3483 3608 3540 hi

1949 3593 2190 3649 quoque
2202 3577 2593 3648 blasphemiis
2617 3594 2752 3632 eum
2776 3575 3162 3649 appetebaut,
3192 3574 3296 3630 etsi
3326 3573 3453 3630 aliis
3478 3589 3607 3629 ver-

1946 3667 2060 3722 bis.
2117 3667 2398 3722 Dixerunt
2453 3672 2674 3722 autem:
2707 3666 2869 3722 Alios
2898 3668 3087 3723 salvos
3113 3665 3281 3736 fecit,
3315 3663 3610 3722 miracula

1947 3757 2076 3828 ejus
2101 3757 2555 3827 calumniantes,
2611 3761 2901 3830 tanquam
2955 3755 3270 3829 praestigiis
3301 3753 3458 3810 facta
3485 3754 3610 3810 fue-

1946 3845 2083 3902 rint.

299 3923 360 3975 Εἰ
411 3955 480 3964 -
529 3923 604 3977 ἐπ’
655 3925 816 3996 αύτῷ.
863 3933 1047 3998 Τοῦτο¹
1077 3929 1217 3982 εἷπον
1269 3925 1362 3982 διὰ
1411 3936 1505 3991 τὴν
1545 3931 1835 4009 ἐπιγραφὴν

2013 3936 2182 3992 Vers.
2218 3938 2306 3990 42.
2346 3935 2415 3991 Si
2454 3966 2521 3974 —
2550 3936 2614 3990 in
2672 3950 2821 3991 eum.
2882 3937 3002 3990 Hoc
3033 3934 3308 3990 dicebant
3367 3937 3609 4005 propter

213 4020 318 4064 τοῦ
363 4013 560 4068 τίτλον.
618 4019 703 4074 Μὴ
756 4012 1062 4078 δυνηθέντες
1109 4021 1210 4093 γὰρ
1265 4019 1427 4080 αὐτὴν
1489 4024 1832 4098 μετατρέψαι,

1959 4025 2096 4082 tituli
2149 4025 2618 4097 inscriptionem.
2687 4026 2835 4080 Cum
2898 4025 3059 4080 enim
3113 4040 3230 4079 non
3305 4022 3610 4096 potuerint

210 4110 507 4175 πειρῶνται
571 4100 744 4174 ψευδῆ
816 4108 1010 4166 ταύτην
1069 4105 1366 4179 amis-ﬁat,
1425 4106 1518 4163 διὰ
1583 4121 1673 4165 τοῦ
1742 4116 1832 4176 ζη-

1959 4131 2082 4172 eam
2123 4115 2483 4181 subvertere,
2515 4113 2730 4170 falsam
2789 4114 3060 4170 nituntur
3110 4113 3274 4170 illam
3331 4128 3604 4183 arguere,

210 4199 329 4244 τείν
386 4188 546 4251 δῆθεν
611 4189 868 4251 ἀδύνατα.
927 4199 1026 4249 Καὶ
1083 4196 1274 4256 κατέϐη
1335 4197 1416 4264 ἂν,
1479 4201 1522 4253 εἰ
1576 4206 1835 4257 πιστεύειν

1959 4221 2016 4261 ao
2045 4205 2211 4278 quod
2262 4204 2376 4260 sibi
2431 4203 2848 4277 impossibillia
2902 4201 3242 4276 quaesierit..
3297 4205 3363 4258 Et
3402 4203 3606 4274 utique

209 4280 453 4354 ἔμελλον·
1870 4267 1914 4321 D
1944 4267 2362 4359 descendisset,
2396 4295 2443 4349 si
2465 4267 2579 4366 ipsi
2609 4293 2881 4350 credituri
2910 4267 3173 4349 fuissent.

297 4373 548 4425 Πέποιθεν
605 4404 674 4413 -
733 4375 872 4434 Υἱός.
925 4381 990 4428 Ὀ
1063 4384 1274 4449 προεῖπε
1325 4377 1492 4432 Δαυίδ
1558 4381 1612 4434 ἐκ
1673 4403 1834 4458 προσ-

2017 4387 2174 4440 Vers.
2205 4388 2292 4440 43.
2328 4385 2573 4455 Conﬁdit
2617 4415 2672 4424 —
2696 4385 2880 4453 ﬁlius.
2912 4383 3082 4450 Quod
3117 4380 3385 4453 praedixit
3413 4381 3605 4440 David

207 4467 364 4512 ώπου
408 4460 596 4530 αὐτῶν,
643 4468 731 4512 νῦν
777 4463 922 4516 αύτοὶ
967 4463 1080 4536 (47)
1125 4473 1277 4518 τοῦτο
1319 4467 1579 4538 λέγουσιν,
1625 4474 1832 4544 ἄγοντες

1959 4491 2004 4530 [ι
2035 4490 2294 4547 persona
2343 4490 2552 4529 eorum
2587 4473 2724 4540 hoc,
2755 4471 2862 4545 ipsi
2919 4488 3080 4528 nunc
3127 4472 3350 4544 dicunt,
3398 4470 3605 4543 hujus-

208 4551 293 4611 εἰς
342 4553 502 4624 πέρας
550 4555 644 4610 τὴν
693 4555 940 4610 τοιαύτην
983 4561 1321 4628 προφητείαν.
1370 4563 1667 4633 Γέγραπται
1706 4567 1828 4638 γάρ·

1959 4565 2110 4620 nodi
2132 4563 2513 4636 prophetiam
2540 4563 2618 4618 ad
2644 4563 2826 4617 finem
2861 4561 3252 4634 perducentes
3277 4579 3289 4628 ;
3317 4563 3604 4634 scriptum

204 4639 476 4693 ⁴Ηλπισεν
575 4639 659 4692 ἐπὶ
772 4645 977 4717 Κύριον,
1072 4644 1328 4718 ῥυσάσθω
1431 4648 1606 4709 αὐτὸν.
1705 4654 1832 4724 [σω-

1959 4660 2032 4711 ast
2060 4654 2217 4710 enim
2254 4671 2265 4708 :
2298 4654 2569 4722 Speravit
2603 4654 2664 4707 in
2694 4652 3022 4716 Dominum,
3055 4653 3274 4720 eripiat
3305 4669 3456 4721 eum,
3491 4654 3605 4708 sat-

209 4733 368 4782 σεξτω
443 4728 619 4796 αὑτὸν,
698 4732 779 4782 ὅτι
840 4731 967 4785 θέλει
1041 4733 1244 4804 αύτόν.]
1321 4736 1521 4809 Ἔλεγον
1575 4741 1661 4793 οὖν
1715 4741 1831 4796 ἐπι-

1959 4761 2081 4800 mm
2109 4744 2290 4815 faciat
2331 4760 2481 4810 eum,
2535 4743 2815 4815 quoniam
2851 4743 2979 4798 vult
3028 4758 3160 4798 eum
3218 4744 3286 4799 ⁵⁵.
3326 4742 3606 4799 Dicebant

205 4826 608 4893 κερτομοῦντεςο
659 4821 906 4874 Πέποιθεν
955 4819 1038 4874 ἐπὶ
1086 4827 1170 4875 τὸν
1203 4829 1351 4892 Θεὸν,
1394 4829 1462 4890 ὡς
1498 4832 1609 4892 Υἱὸς
1648 4832 1828 4899 αὐτοῦ,

1959 4850 2084 4904 argo
2108 4834 2363 4890 convitia
2389 4832 3052 4903 jactanteszconﬁditin
3083 4833 3289 4900 Deum,
3309 4837 3601 4905 tanquam

207 4910 445 4967 σωθήτω
489 4909 608 4982 παρ’
663 4908 846 4964 αὐτοῦ.
900 4917 1064 4964 Τοῦτο
1123 4908 1181 4966 δε
1234 4913 1425 4986 ὒεεγον,
1477 4917 1581 4991 ούχ
1629 4924 1693 4982 ὡς
1741 4931 1832 4976 τοῦ

1959 4924 2116 4980 F‘ilius
2148 4925 2298 4997 ejus,
2342 4928 2603 4979 servetur
2635 4921 2706 4978 ab
2739 4939 2829 4978 eo.
2865 4922 2988 4978 Hoc
3045 4929 3245 4979 autem
3299 4922 3598 4990 dicebant,

204 5005 353 5052 Θεοῦ
396 5001 468 5069 μη
528 4994 817 5071 δυναμένου
871 4999 1142 5074 ῥύσασθαι
1195 5003 1370 5056 αὐτόν·
1420 5005 1523 5059 ἀλλ’
1566 5011 1632 5072 ὡς
1673 5011 1832 5066 αὐτοῦ

1959 5031 2062 5070 10n
2086 4994 2251 5087 quod
2283 5017 2438 5069 Deus
2468 5029 2606 5068 eum
2639 5027 2876 5069 servare
2897 5027 3019 5068 non
3046 5017 3264 5085 posset,
3299 5012 3401 5069 sed
3435 5014 3603 5084 quod

227 2994 349 3045 0ῦά
402 2995 428 3045 ὁ
480 2993 748 3048 καταλύων
793 3001 878 3049 τὸν
930 3001 1069 3064 ναὸν,
1113 3004 1201 3052 καὶ
1253 3001 1320 3051 τὰ
1372 2999 1510 3063 ἑξῆς.
1567 3000 1720 3055 ’Ἐστι
1781 3000 1839 3055 δὲ

224 3087 286 3135 τὸ
362 3084 478 3149 ούὰ,
559 3085 910 3156 χλευαστικὸν
981 3086 1246 3164 ἐπίρρημα
1310 3095 1400 3142 καὶ
1478 3090 1834 3164 ἐμπαικτικόν.

222 3172 442 3243 Ἔλεγον
524 3171 583 3227 δὲ
655 3179 721 3227 τὰ
789 3184 1028 3245 τοιαῦτα,
1101 3175 1476 3252 κωμῳδοῦντες
1550 3182 1704 3234 αὐτὸν
1771 3186 1840 3244 ὡς

221 3261 490 3333 ψεύστην,

297 3350 524 3423 Ὁμοίως
567 3383 635 3394 -—
680 3354 872 3408 σῶσαι.
923 3357 992 3408 Τό
1037 3360 1271 3428 Ὁμοίως,
1317 3354 1409 3410 διὰ
1453 3364 1544 3418 τὴν
1600 3359 1836 3433 βλασφη-

220 3445 354 3510 μίαν
409 3440 629 3516 εἴρηται.
694 3447 790 3496 Καὶ
847 3443 994 3497 αὐτοὶ
1061 3448 1162 3520 γὰρ
1225 3448 1411 3518 ὁμοίως
1473 3447 1838 3523 ἐϐλασφήμουν

219 3529 406 3588 αὐτὸν,
441 3531 484 3584 εἰ
513 3531 678 3594 καὶκέν
712 3532 898 3608 ἑτέροις
924 3535 1149 3609 ῥήμασι.
1178 3539 1247 3588 Τὸ
1283 3533 1341 3590 δὲ
1372 3537 1590 3600 Ἄλλους
1622 3543 1835 3612 ἔσωσεν,

220 3617 394 3684 εἷπον,
442 3617 806 3683 διαϐάλλοντες
848 3627 941 3684 τὰς
987 3626 1414 3700 θαυματουργίας
1450 3628 1630 3695 αὐτοῦ,
1683 3633 1749 3692 ὡς
1791 3629 1837 3683 ἐν

217 3714 447 3782 γοητεία
471 3715 765 3784 γενομένας.

286 5143 338 5178 ⁸³
365 5142 508 5198 Luc.
540 5155 705 5209 mu,
738 5143 827 5199 35.
907 5144 956 5180 ⁵³
1001 5145 1116 5202 lsa.
1147 5147 1267 5218 ΜΠ,
1295 5149 1401 5206 12.
1463 5151 1714 5211 “Marc.
1750 5172 1842 5225 xv,

1959 5199 1970 5214 .
2048 5159 2096 5196 ⁵⁵
2121 5157 2264 5214 Ρεοι·
2300 5173 2419 5224 xxx,
2447 5157 2503 5213 9.

1589 5266 1812 5352 Variae
1858 5282 2214 5374 lectiones.

313 5409 408 5481 44)
431 5409 497 5496 ,Ὀ
528 5409 701 5467 δδθεί
737 5417 792 5466 Βο
1813 5479 1816 5482 .
1842 5487 1846 5492 ν
2034 5427 2101 5483 46
2155 5433 2319 5482 Τοῦτο
2349 5433 2437 5478 νῦν
2468 5426 2636 5479 αύτοί.
2680 5433 2740 5481 Α.

288 5410 408 5553 £45}
446 5488 491 5536 Η
521 5482 874 5549 τοῦἩσαΐου,
903 5483 1119 5544 absunt
1148 5496 1214 5543 Α.
2003 5427 2123 5553 $472
2151 5500 2384 5553 Inclusa
2419 5497 2653 5553 desunt.
2709 5498 2740 5553 Α

313 5427 408 5481 44)
453 5427 497 5463 υ
528 5427 701 5467 anes:
737 5427 792 5466 Β.
1813 5479 1816 5482 _

313 5486 408 5554 45)
431 5481 491 5536 Ἠ
521 5490 612 5536 τοῦ
633 5482 874 5549 Ἡσαΐου,
903 5483 1119 5544 absunt
1148 5496 1214 5543 Α.
1813 5503 1816 5506 ·

2034 5427 2101 5483 46
2155 5433 2319 5482 Τοῦτο
2349 5433 2437 5478 νῦν
2468 5427 2636 5479 αύτοί.
2680 5433 2740 5481 Α.

2003 5427 2123 5572 {472
2151 5500 2384 5556 Inclusa
2419 5497 2653 5555 desunt.
2709 5498 2776 5553 Α.

283 5659 362 5732 (b)
404 5660 585 5749 picit.
621 5660 817 5749 malim
861 5662 1041 5719 etiam
1082 5669 1220 5724 ante
1251 5668 1398 5726 dicit
1431 5673 1650 5744 etpost
1679 5690 1825 5746 spec-
2008 5677 2090 5749 (ά)
2129 5677 2452 5734 Laborans.
2481 5676 2884 5749 Laborarunt.

201 5738 356 5821 (0713i
378 5734 502 5821 duo
523 5740 750 5821 puncta
781 5749 1023 5821 potiere.
1051 5813 1062 5821 _
1149 5812 1159 5821 _
1516 5734 1529 5744 ’
1705 5734 1721 5746 ⁵
2003 5734 2085 5821 ξεί
2109 5749 2300 5806 Modis
2325 5747 2599 5806 omnibus
2624 5747 2878 5818 faciens.
2924 5748 3138 5806 Omnia
3166 5747 3455 5807 fecerunt.

285 5804 360 5877 (ο)
383 5803 500 5862 Pro
523 5803 730 5879 atque,
766 5803 977 5864 malim
1010 5813 1064 5864 et
1096 5812 1181 5865 ut.
