4096 6378
522 406 621 460 ’131
1846 394 2174 454 EUTHYMI

2291 392 2540 450 [GABEN
2548 396 2572 453 Ι

3791 396 3896 453 732

524 548 645 589 non
678 533 831 586 esset
860 530 987 603 ipse
1026 528 1127 586 Dei
1157 529 1359 596 Filius,
1392 532 1456 586 ut
1485 528 1600 601 ipsi
1631 526 1946 600 putabant.
1981 524 2115 593 Sed,
2148 539 2179 578 ο

2294 526 2366 595 μή
2418 526 2562 585 ὄντος
2619 525 2743 577 Υἱοῡ
2791 529 2884 574 τοῦ
2935 528 3089 587 Θεοῦ¹
3124 524 3298 582 καθὼς
3342 520 3492 573 αὐτοὶ
3531 521 3713 593 ᾤοντο.
3762 520 3895 576 Ἀλλ’

526 621 752 677 scelesti
794 636 862 675 ac
894 620 1135 691 pessimi
1165 621 1177 672 t
1203 636 1345 690 ergo
1375 635 1483 674 nec
1516 618 1823 690 prophetae
1853 619 2023 669 erant
2054 629 2184 685 pro-

525 713 731 784 phetze,
763 726 871 765 nec
892 709 1033 781 justi
1064 709 1327 781 profecto
1371 708 1536 781 justi,
1590 724 1659 762 ex
1692 722 1814 777 quo
1864 708 2016 760 Deus
2047 703 2180 758 illos

525 817 560 856 a
591 799 862 871 periculis
884 815 1003 853 non
1036 798 1262 869 eripuit.
1298 799 1511 853 Verum
1541 801 1593 852 et
1626 794 1933 867 propheta:
1956 798 2011 847 et
2036 791 2180 863 justi

523 895 703 953 erant,
738 905 847 943 nec
880 889 1080 943 minus
1100 893 1301 943 tamen
1316 887 1595 958 periculis
1631 885 2060 955 subjacuerunt
2092 897 2182 937 se-

523 980 789 1035 cundum
828 979 1055 1033 variam
1112 977 1643 1049 dispensationem.

594 1068 755 1123 Vers.
794 1072 886 1124 44.
945 1068 1014 1122 Id
1048 1069 1239 1136 ipsum
1288 1097 1357 1107 —
1396 1067 1466 1122 ei.
1503 1066 1565 1120 1d
1598 1066 1817 1137 ipsum,
1859 1062 1919 1118 id
1950 1066 2037 1119 est
2089 1077 2182 1118 eo-

521 1159 653 1214 dem
679 1158 882 1213 modo.
910 1160 1036 1211 Non
1066 1158 1226 1211 enim
1258 1156 1499 1211 Judaeos
1534 1160 1764 1210 tantum
1789 1152 2182 1209 inﬂammavit

521 1246 815 1313 diabolus,
878 1247 977 1302 sed
1023 1252 1077 1301 et
1107 1250 1411 1303 Romanos
1444 1246 1656 1301 milites
1686 1244 1884 1299 furore
1916 1242 2180 1313 agitavit,

520 1342 577 1393 et
605 1338 767 1409 ipsos
825 1337 1000 1392 etiam
1062 1336 1342 1401 latrones,
1395 1350 1750 1407 quanquam
1782 1349 1918 1389 cum
1951 1348 2021 1387 eo
2052 1348 2183 1387 cru-

519 1426 748 1495 ciﬁxos,
769 1426 1054 1481 adversus
1078 1442 1215 1480 eum
1234 1424 1627 1480 exacerbavit.
1650 1422 1960 1478 Matthteus
1983 1423 2180 1495 itaque

518 1521 575 1572 et
603 1517 834 1572 Marcus
852 1516 899 1551 ⁸⁸
932 1519 1253 1587 utrumque
1280 1515 1448 1571 aiunt
1478 1514 1872 1586 exprobrasse
1894 1513 1964 1569 ei.
1991 1512 2181 1568 Lucas

520 1622 659 1661 vero
694 1621 878 1660 unum
904 1604 1149 1677 quidem
1174 1605 1440 1659 convitiis
1462 1604 1629 1659 illum
1653 1605 1911 1673 agitasse
1938 1602 2081 1660 dicit
2109 1603 2177 1670 ⁵⁷,

519 1694 768 1750 alterum
800 1700 998 1749 autem
1030 1693 1553 1765 blasphemantem
1585 1693 1779 1765 magis
1816 1692 2177 1764 increpasse.

517 1785 775 1839 Primum
809 1783 1102 1855 siquidem
1161 1782 1343 1839 ambo
1398 1787 1780 1855 propriorum
1812 1781 1972 1837 obliti
2013 1781 2178 1837 labo-

516 1889 651 1929 rum
681 1872 777 1945 (Γ),
812 1889 882 1927 ex
913 1872 1259 1928 crudelitate
1289 1871 1739 1943 exprobrabant
1769 1873 1842 1937 ei,
1877 1876 2082 1943 utpote
2122 1876 2178 1927 et

2291 1871 2617 1944 ἐκλαθόμενοι
2673 1878 2859 1937 πόνων,

516 1962 631 2035 ipsi
652 1962 848 2017 Judaei.
872 1963 1039 2017 Forte
1071 1969 1271 2017 autem
1298 1964 1478 2017 etiam
1505 1961 1643 2016 idin
1670 1962 1923 2033 gratiam
1949 1962 2178 2016 Judan-

516 2068 648 2105 rum
682 2050 1001 2116 faciebant,
1050 2057 1112 2106 ut
1150 2056 1393 2123 propter
1427 2051 1543 2106 hoc
1582 2051 1742 2122 ipsos
1786 2052 2174 2122 deponerent.

516 2140 898 2196 Postmodum
928 2156 1070 2195 vero
1102 2140 1248 2195 alter
1278 2141 1631 2212 paenitentia
1656 2140 1871 2195 ductus
1900 2146 1987 2195 est
2015 2158 2026 2194 :
2054 2148 2175 2195 tum

516 2229 763 2301 quidem
824 2229 1033 2285 Christi
1086 2230 1260 2299 signa
1319 2230 1396 2285 ad
1450 2230 1805 2285 memoriam
1863 2246 2174 2295 revocans,

518 2322 771 2391 ejusque
816 2319 1330 2375 conversationem
1388 2319 1753 2392 inculpatam
1802 2336 1814 2375 :
1862 2324 1989 2374 tum
2042 2336 2176 2374 vero

517 2409 719 2465 audito
750 2410 915 2482 quod
938 2410 1117 2465 etiam
1145 2426 1251 2480 pro
1278 2410 1371 2466 his
1395 2410 1498 2482 qui
1523 2411 1721 2481 ipsum
1751 2410 2178 2475 crucifigebant

516 2498 967 2571 intercessisset,
1000 2499 1177 2554 veluti
1204 2500 1439 2571 scripsit
1460 2501 1649 2555 Lucas
1677 2502 1724 2535 ⁵⁸
1750 2516 1762 2566 ;
1796 2500 1997 2555 Videns
2029 2515 2171 2571 prae-

516 2592 677 2643 terea
715 2592 769 2643 et
806 2604 1007 2644 aerem
1045 2593 1258 2661 praeter
1297 2594 1573 2645 naturam
1625 2589 2029 2644 obscuratum.

589 2694 755 2750 Vers.
788 2696 875 2748 45.
911 2696 956 2749 Α
992 2727 1051 2735 -
1084 2711 1323 2752 nonam.
1358 2698 1494 2752 Post
1523 2697 1867 2769 petulantiae
1893 2714 1959 2752 ac
1986 2714 2175 2753 scom-

516 2790 747 2841 matum
804 2785 1131 2841 satietatem
1187 2786 1247 2841 id
1302 2786 1523 2842 factum
1576 2792 1681 2851 est,
1719 2792 1779 2842 ut
1832 2789 2177 2859 quiescente

511 2875 636 2945 jam
684 2874 897 2941 furore,
946 2876 1173 2948 aliquid
1219 2893 1253 2932 a
1294 2877 1581 2933 miraculo
1628 2878 1905 2933 lucriﬁeri
1952 2886 2173 2951 posset.

514 2964 939 3019 Admirabilius
990 2967 1150 3021 enim
1198 2972 1323 3022 erat
1361 2967 1488 3021 haec
1529 2966 1720 3022 facere
1781 2983 1917 3023 eum
1963 2968 2069 3040 qui
2113 2969 2173 3023 in

515 3069 688 3109 cruce
721 3054 1039 3125 pendebat,
1074 3072 1258 3128 quam
1310 3073 1341 3110 a
1368 3072 1541 3111 cruce
1582 3057 1963 3112 descendere.
2001 3058 2171 3123 Quod

517 3142 563 3197 si
608 3143 737 3199 haec
764 3160 901 3200 eum
942 3144 1134 3201 facere
1185 3161 1303 3201 non
1353 3146 1837 3217 suspicabantur,
1882 3148 1979 3202 sed
2012 3146 2176 3218 quod

2295 614 2333 663 ὡ
2381 618 2562 687 μιαροὶ
2618 617 2709 664 καὶ
2755 612 3101 685 παμμίαροιῐ
3150 611 3326 663 λοιπόν
3366 607 3480 664 οὐδ’
3533 613 3581 663 οὶ
3631 620 3895 685 προφῆται

2294 700 2428 761 ἦσαν
2499 712 2780 778 προφῆται,
2842 699 2965 754 οὐδὲ
3032 704 3082 753 0i
3140 697 3340 754 δίκαιοι
3403 703 3602 761 πάντως
3668 699 3890 772 δίκαιοι,

2294 790 2472 852 ἐπειδὴ
2533 794 2722 854 αὐτοὺς
2766 792 2857 843 οὐκ
2910 792 3173 867 ἐξήρπασε
3217 800 3318 843 τῶν
3361 787 3613 843 κινδύνων
3665 793 3689 843 ὁ
3741 796 3889 854 Θεός.

2292 882 2446 935 Ἀλλὰ
2484 888 2585 955 μὴν
2615 888 2704 934 καὶ
2750 878 2884 940 ἦσαν
2913 886 3003 934 καὶ
3043 877 3405 933 ἐκινδύνευσαν
3437 884 3573 934 κατὰ
3610 878 3892 956 διαφόρους

2291 973 2606 1045 οἰκονομίας,

2361 1068 2431 1117 Τὸ
2488 1061 2537 1116 δ’
2595 1063 2720 1115 αὐτὸ
2779 1094 2848 1104 ——
2903 1063 3089 1118 αὐτῶν.
3157 1067 3227 1117 Τὸ
3286 1061 3337 1116 δ’
3396 1064 3544 1131 αὐτὸ,
3606 1063 3720 1119 ἀντὶ
3776 1075 3891 1133 τοῦ,

2291 1154 2575 1214 Ὡσαύτως.
2633 1154 2708 1206 Οὐ
2762 1157 2914 1225 μόνον
2967 1156 3069 1227 γὰρ
3120 1158 3239 1217 τοὺς
3286 1151 3574 1218 Ἰουδαίους
3622 1154 3893 1219 ἐξέκαυσεν

2292 1244 2316 1294 ὁ
2366 1239 2629 1311 διάϐολος,
2687 1243 2817 1296 ἀλλὰ
2892 1249 2979 1296 καὶ
3046 1246 3169 1307 τοὺς
3227 1243 3511 1317 Ῥωμαίους
3572 1252 3895 1319 στρατιώτας

2291 1332 2613 1406 ἑξοίστρησε,
2644 1339 2734 1386 καὶ
2762 1334 2955 1396 αὐτοὺς
2989 1330 3048 1387 δὲ
3073 1339 3191 1395 τοὺς
3218 1334 3437 1407 λῃστὰς,
3460 1339 3551 1387 καὶ
3578 1343 3745 1388 ταῦτα
3773 1344 3893 1389 σῦν-

3623 1428 3895 1489 Ματθαίος

2292 1429 2732 1497 εσταυρωμένους,
2811 1424 3082 1497 ἐξηγρίανε
3167 1423 3279 1475 κατ’
3353 1424 3534 1476 αὐτοῦ.

2289 1517 2378 1586 μὲν
2434 1511 2520 1565 οὖν
2582 1519 2671 1566 καὶ
2752 1516 2961 1589 Μάρκος
3034 1518 3149 1574 τοὺς
3222 1511 3319 1566 δύο
3383 1519 3539 1585 φασὶν
3616 1512 3892 1578 ὀνειδίζειν

2289 1603 2463 1655 αὐτόν’
2530 1610 2737 1666 Λουκᾶς
2793 1600 2851 1656 δὲ
2905 1608 2991 1655 τὸν
3046 1605 3132 1656 ἕνα
3199 1606 3289 1675 μεν
3348 1602 3677 1675 βλασφημεῖν
3733 1605 3892 1657 αὐτὸν

2286 1692 2440 1764 λέγει,
2511 1696 2598 1745 τὸν
2657 1695 2824 1767 ἕτερον
2884 1690 2942 1745 δε
3005 1693 3193 1765 μᾶλλον
3243 1691 3484 1765 ἐπιτιμᾷν
3523 1702 3596 1764 τῷ
3646 1693 3895 1767 βλασφη-

2287 1790 2488 1854 μοῦντι.
2552 1787 2651 1836 Καὶ
2696 1786 2798 1855 ’γὰρ
2854 1792 3057 1856 πρῶτον
3122 1786 3211 1854 μὲν
3262 1785 3310 1835 οἱ
3380 1778 3497 1848 δύο,
3568 1790 3665 1834 τῶν
3739 1781 3894 1836 ἰδίων

2937 1870 2987 1934 ἐξ
3063 1872 3329 1943 ὠμότητος
3383 1867 3651 1932 ὠνείδιζον
3708 1873 3891 1939 αὐτὸν,

2289 1960 2540 2015 Ἰουδαῖοι
2585 1967 2672 2014 καὶ
2718 1962 2870 2014 αὐτοὶ
2919 1964 3072 2023 ὄντες·
3126 1965 3254 2024 ἴσως
3301 1958 3360 2013 δε
3406 1966 3496 2013 καὶ
3544 1964 3675 2036 πρὸς
3725 1964 3893 2036 χάριν

2284 2060 2381 2103 τῶν
2423 2049 2714 2115 Ἰουδαίων,
2773 2054 2855 2103 ἶνα
3048 2058 3199 2103 τοῦτο
3247 2054 3622 2122 κατενέγκωσιν
3662 2051 3885 2115 αὐτούς.

2284 2140 2528 2215 Ὕστερον
2562 2138 2620 2194 δὲ
2650 2145 2952 2213 μετενόησεν
2984 2143 3009 2193 ὁ
3052 2138 3153 2201 εἶς’
3199 2148 3352 2193 τοῦτο
3391 2144 3500 2213 μὲν,
3535 2142 3895 2213 ὑπομνησθεὶς

2286 2240 2386 2283 σιῶν
2439 2236 2666 2303 σημείων
2704 2239 2797 2282 τοῦ
2844 2238 3082 2304 Χριστοῦ
3124 2236 3213 2283 καὶ
3252 2238 3349 2291 τῆς
3395 2229 3739 2288 ἀνεπιλήπτου
3794 2249 3895 2282 πο-

2285 2321 2473 2382 λιτείας
2517 2321 2697 2373 αὐτοῦ’
2748 2328 2902 2373 τοῦτο
2946 2318 3006 2373 δὲ
3052 2325 3142 2372 καὶ
3186 2320 3419 2382 ’ἀκούσας
3471 2322 3897 2394 ὑπερευχομένου

2285 2420 2385 2464 τῶν
2451 2412 2864 2483 σταυρωσάντων
2940 2410 3149 2482 μᾶλλον,
3209 2412 3274 2470 ὡς
3332 2413 3582 2484 ἱστόρησε
3659 2415 3889 2472 Λουκᾶς·

2285 2503 2360 2554 ἔτι
2445 2497 2504 2553 δὲ
2586 2506 2674 2552 καὶ
2750 2498 2875 2552 ἰδών
2940 2504 3024 2552 τόν
3094 2500 3223 2573 ἀέρα
3299 2500 3663 2572 σκοτιζόμενον
3742 2501 3895 2575 παρὰ

2285 2594 2456 2664 φύσιν.

2357 2681 2485 2734 Ἀπὸ
2549 2713 2615 2721 -
2670 2679 2894 2741 ὶννάτης.
2958 2682 3097 2735 Μετὰ
3148 2683 3232 2731 τόν
3281 2683 3431 2753 κόρον
3484 2686 3578 2741 τῆς
3616 2684 3894 2752 παροινίας

2284 2776 2373 2823 καὶ
2420 2780 2518 2823 τῶν
2556 2773 2883 2842 σκωμμάτων
2938 2777 3089 2822 τοῦτο
3133 2773 3356 2841 γέγονεν,
3402 2770 3483 2821 ἵνα
3523 2766 3629 2828 ήδη
3669 2771 3895 2821 παυθέν-

2284 2881 2369 2923 τος
2416 2869 2507 2912 τοῦ
2550 2863 2715 2932 θυμοῦ
2757 2858 3005 2933 κερδᾶναί
3054 2879 3103 2912 τι
3139 2856 3438 2916 δυνηθῶσιν
3488 2858 3588 2911 ἀπὸ
3628 2867 3716 2911 τοῦ
3764 2860 3896 2911 θαύ-

2286 2970 2468 3023 ματος.
2528 2958 2631 3002 Τοῦ
2687 2950 2976 3009 καταϐῆναι
3035 2951 3133 3022 γὰρ
3197 2948 3430 3001 ἀπὸτοῦ
3478 2957 3707 3023 σταυροῦ
3759 2951 3896 3002 θαυ-

2286 3046 2604 3113 μαστότερον
2674 3036 2733 3098 ἧν
2798 3044 2854 3092 τὸ
2920 3046 3137 3091 τοιαῦτα
3193 3046 3354 3091 ποιεῖν
3425 3040 3740 3114 κρεμάμενον
3818 3038 3899 3093 ἐπὶ

2285 3140 2376 3183 τοῦ
2424 3137 2672 3203 σταυροῦ.
2726 3130 2786 3181 Εἰ
2834 3126 2892 3181 δὲ
2944 3133 3014 3201 μή
3057 3129 3212 3181 αὐτὸν
3248 3136 3415 3180 ταῦτα
3461 3136 3624 3181 ποιεῖν
3662 3127 3898 3202 ὑπελάμ-

515 3234 636 3288 Deo
665 3233 793 3289 haec
824 3239 1107 3306 operante
1137 3235 1536 3308 provenirent,
1582 3237 1787 3292 timere
1828 3253 1967 3292 sane
2004 3217 2176 3308 opor-

2291 3220 2457 3287 ϐανον,
2507 3218 2635 3271 ἀλλὰ
2671 3224 2780 3283 καὶ,
2824 3222 2891 3280 ὡς
2934 3226 3025 3271 τοῦ
3073 3224 3205 3271 Θεοῦ
3249 3226 3416 3270 ταῦτα
3442 3225 3732 3284 ποιοῦντος,
3784 3217 3897 3273 ἔδει

514 3325 689 3389 tebat,
738 3330 793 3379 et
838 3323 1163 3393 intelligere
1212 3326 1376 3397 quod
1420 3331 1663 3399 prOpter
1691 3326 1853 3381 hunc
1902 3326 1980 3382 ad
2022 3326 2175 3381 iram

517 3418 856 3467 commotus
908 3420 1081 3468 esset.
1132 3418 1331 3487 Neque
1376 3416 1537 3469 enim
1581 3415 1779 3470 dicere
1833 3421 2173 3487 potuerunt,

514 3504 681 3575 quod
735 3503 875 3558 solis
932 3503 1165 3575 eclipsis
1223 3506 1557 3561 secundum
1619 3512 1899 3562 naturam
1955 3512 2107 3561 esset
2161 3524 2173 3573 ;

514 3608 655 3647 nam
688 3592 820 3663 ipsa
856 3599 912 3649 et
942 3594 999 3648 in
1044 3610 1164 3648 uno
1196 3595 1482 3666 temporis
1524 3595 1733 3651 accidit
1760 3601 2087 3664 momento,
2123 3601 2180 3652 et

517 3680 597 3737 ab
612 3698 733 3737 una
748 3688 911 3752 parte
930 3687 1183 3747 terrae,et
1196 3700 1315 3738 non
1336 3684 1391 3738 in
1407 3685 1638 3740 decimo
1652 3692 1866 3758 quarto
1886 3686 1978 3741 die
1996 3686 2175 3753 lunae;

513 3770 609 3826 hee
640 3786 782 3825 vero
832 3771 1090 3826 tenebras
1123 3777 1177 3827 et
1204 3772 1280 3827 ad
1324 3778 1438 3828 tres
1467 3775 1649 3830 horas
1698 3781 2175 3847 perseverarunt,

514 3864 572 3916 et
600 3876 779 3932 super
818 3861 1156 3916 universam
1188 3867 1402 3918 terram
1437 3881 1449 3919 ε
1481 3872 1536 3920 et
1565 3865 1799 3921 decimo
1829 3871 2040 3937 quarto
2082 3866 2177 3922 die

512 3949 673 4005 lunae
713 3950 959 4021 quando
990 3950 1357 4022 impossibile
1402 3960 1491 4009 est
1523 3956 1855 4011 secundum
1899 3962 2173 4013 naturam

516 4037 857 4110 contingere
886 4039 1024 4095 solis
1074 4041 1369 4114 eclipsim.

588 4129 743 4183 Vers.
775 4130 860 4184 46.
898 4130 1148 4185 Cz'rciler
1180 4162 1237 4171 ——
1279 4132 1643 4203 dereliquistz'
1667 4133 1694 4188 ?
1724 4133 2063 4189 Davidicum
2093 4140 2180 4190 est

517 4217 785 4273 verbum.
824 4218 1104 4274 Hebraice
1136 4227 1338 4275 autem
1365 4222 1569 4293 ipsum
1613 4223 1912 4290 clamavit,
1947 4230 2009 4279 ut
2039 4225 2178 4280 solis

515 4307 775 4362 Hebraeis
815 4313 1025 4363 notum
1054 4310 1235 4375 ﬁeret,
1266 4311 1365 4382 qui
1396 4311 1503 4365 soli
1550 4312 1833 4368 Davidica
1864 4319 2176 4369 noverant.

514 4399 741 4454 Marcus
776 4414 915 4452 vero
948 4399 1102 4463 Eloi,
1139 4401 1268 4455 Eloi
1308 4401 1555 4474 scripsit.
1589 4402 1954 4472 Signiﬁcavit
1979 4410 2179 4460 autem

518 4485 622 4549 Eli,
658 4487 815 4541 Deus
840 4487 923 4542 mi
953 4505 969 4541 :
1004 4488 1122 4542 Eloi
1171 4505 1327 4556 vero,
1375 4491 1527 4546 Deus
1559 4507 1736 4547 meus.

588 4575 901 4631 Clavorum
934 4593 1075 4649 ergo
1114 4578 1420 4635 doloribus
1476 4581 1818 4653 depressus,
1870 4584 1950 4638 ait
1984 4600 1995 4639 :
2026 4586 2179 4641 Deus
2214 4584 2255 4637 D

518 4680 697 4733 meus,
733 4667 886 4720 Deus
918 4681 1097 4735 meus,
1122 4674 1180 4722 ut
1208 4670 1355 4740 quid
1388 4670 1761 4741 dereliquisti
1799 4688 1888 4728 me
1909 4672 1937 4726 'i
1956 4673 2069 4728 hoc
2091 4679 2181 4730 est

519 4758 757 4826 propter
787 4754 931 4826 quid
965 4772 1058 4811 me
1108 4757 1383 4813 dimisisti
1440 4765 1500 4813 ut
1534 4758 1886 4817 Sustinerem
1919 4762 2175 4818 dolores.

520 4846 641 4899 Hoc
663 4849 863 4900 autem
884 4845 1047 4913 dixit,
1073 4848 1443 4903 conﬁrmans
1464 4850 1644 4921 quod,
1672 4850 1824 4906 sicut
1852 4852 1911 4906 in
1935 4854 2178 4911 veritate

516 4934 851 4990 humanam
875 4940 1203 5009 assumpsit
1222 4942 1519 5005 naturam,
1544 4940 1625 4994 ita
1642 4957 1880 5013 quoque
1898 4958 2033 4998 vere
2053 4960 2181 4998 cru-

519 5023 725 5081 ciﬁxus
751 5030 857 5093 est,
890 5030 947 5082 et
975 5042 1095 5083 non
1123 5027 1498 5099 phantastice
1525 5035 1703 5101 prout
1732 5031 1891 5088 multi
1922 5033 2182 5091 haeretici

519 5115 864 5171 delirarunt.
908 5118 1104 5187 Neque
1142 5117 1302 5173 enim
1328 5116 1445 5173 nisi
1475 5118 1686 5175 dolens
1722 5121 1802 5179 ita
1841 5121 2179 5181 clamasset.

593 5286 843 5356 “LMarc.
875 5302 971 5355 xv,
1005 5290 1092 5344 32.
1172 5288 1219 5323 ⁵⁷
1250 5287 1391 5344 Luc.
1421 5288 1582 5361 mil,
1617 5290 1703 5357 39,
1737 5294 1827 5350 40.

1904 5294 1952 5330 ⁵⁸
1982 5294 2130 5355 ibid.
2166 5298 2254 5354 34.

2290 3310 2580 3382 φοϐηθῆναι
2622 3314 2711 3361 καὶ
2754 3304 2983 3361 συνιδεῖν
3033 3310 3113 3360 ὅτι
3145 3304 3217 3360 δι’
3255 3308 3410 3359 αὑτὸν
3457 3308 3746 3381 ὀργίζεται.
3796 3315 3894 3364 Καὶ

2286 3404 2385 3474 γαρ
2447 3399 2540 3451 οὐκ
2599 3396 2859 3458 ἠδύναντο
2915 3398 3074 3470 λέγειν
3133 3400 3212 3450 ὅτι
3269 3400 3403 3449 κατὰ
3458 3401 3611 3470 φύσιν
3664 3398 3895 3471 ἔκλειψις

2288 3490 2436 3549 ἡλίου
2494 3488 2573 3547 ἦν.
2611 3490 2751 3545 Αὕτη
2807 3492 2895 3560 μὲν
2936 3490 3034 3561 γὰρ
3083 3492 3169 3541 καὶ
3217 3486 3263 3538 ἐν
3297 3494 3394 3559 μιᾷ
3422 3490 3556 3562 ῥοπῇ
3594 3496 3783 3563 καιροῦ
3812 3494 3893 3560 γί-

2287 3600 2444 3645 νεται,
2485 3585 2573 3632 καὶ
2618 3579 2666 3630 ἐν
2719 3578 2791 3630 ἐνί
2844 3582 2987 3651 μέρει
3026 3586 3121 3639 τῆς
3171 3586 3289 3649 γῆς,
3333 3582 3422 3629 καὶ
3453 3578 3546 3629 οὐκ
3586 3576 3633 3629 ἐν
3777 3598 3894 3631 τεσ-

2290 3666 2741 3743 σαρεσκαιδεκάτη
2798 3677 2888 3728 τῆς
2954 3668 3189 3728 σελήνης.
3252 3670 3417 3722 Τουτο
3469 3664 3526 3719 δὲ
3581 3672 3635 3719 τὸ
3704 3672 3894 3730 σκότος

2288 3764 2378 3812 καὶ
2423 3758 2505 3811 ἐπὶ
2553 3766 2690 3831 τρεῖς
2742 3760 2874 3832 ὧρας
2924 3754 3190 3829 διήρκεσε,
3234 3762 3323 3808 καὶ¹
3375 3757 3457 3809 ἐπὶ
3498 3763 3669 3809 πᾶσαν
3711 3762 3893 3829 γέγονε

2286 3854 2378 3907 τήν
2422 3856 2539 3920 γῆν,
2594 3853 2683 3899 καὶ
2723 3846 2769 3898 ἐν
2820 3855 2880 3919 τῇ
2924 3843 3469 3919 τεσσαρεσκαίδεκάτη
3515 3854 3605 3909 τῆς
3649 3845 3890 3911 σελήνης,

2290 3942 2391 4008 ὅτε,
2449 3937 2765 3995 πανσελήνου
2824 3935 3007 3999 οὔσης,
3064 3934 3337 4008 ἀμήχανον
3397 3935 3697 4009 συμϐαίνειν
3758 3939 3895 3989 κατὰ

2289 4033 2443 4104 φύσιν
2475 4028 2698 4100 ἔκλειψιν
2726 4027 2869 4085 ἡλίου
2882 4071 2893 4083 .

2364 4124 2487 4192 Περὶ
2544 4150 2609 4160 —
2666 4116 3030 4189 ἐγκατέλιπες;
3093 4118 3364 4168 Δανῖτικὸν
3430 4118 3520 4187 μὲν
3589 4120 3645 4168 τό
3709 4119 3893 4192 ῥητόνο

2288 4209 2552 4284 Ἐϐραϊστὶ
2603 4205 2661 4259 δὲ
2708 4214 2860 4259 τοῦτο
2909 4204 3202 4269 ἀνεϐόησεν,
3276 4206 3357 4256 ἵνα
3404 4212 3576 4277 μόνοις
3630 4205 3896 4279 Ἑϐραίοις

2288 4300 2574 4372 γνωρισθῇ,
2637 4301 2807 4369 μόνοις
2856 4292 3028 4347 εἰδόσι
3086 4298 3151 4346 τὰ
3210 4298 3478 4347 Δαυῑτικά.
3539 4298 3753 4367 Μάρκος
3814 4294 3891 4360 δὲ,

2287 4391 2455 4455 Ἐλωί,
2494 4387 2639 4439 Ἐλωῐ
2681 4385 2894 4459 ἔγραψε.
2948 4383 3102 4442 Δηλοῖ
3134 4380 3192 4437 δὲ
3234 4388 3289 4435 τὸ
3335 4388 3423 4457 μὲν
3456 4384 3589 4451 Ἠλὶ,
3634 4390 3730 4438 Θεέ
3770 4407 3892 4458 μου,

2290 4482 2347 4531 τὸ
2379 4474 2437 4530 δὲ
2467 4476 2637 4540 Ἐλωί,
2668 4474 2726 4528 Ὀ
2759 4477 2889 4535 Θεὸς
2918 4493 3039 4545 μου.

2359 4568 2447 4627 ’ος
2490 4566 2606 4637 (48)
2646 4566 2916 4637 ἄνθρωπος
2959 4560 3039 4631 δε,
3080 4571 3195 4625 ταῖς
3240 4561 3339 4615 ἀπὸ
3370 4573 3467 4615 τῶν
3508 4564 3640 4624 ἣλων
3682 4562 3897 4628 ὀδύναις

2290 4658 2615 4718 καταταθεὶς,
2674 4657 2822 4727 φησί’
2885 4657 2980 4705 Θεέ
3033 4671 3154 4724 μου,
3207 4658 3302 4705 Θεέ
3350 4674 3471 4725 μου,
3522 4656 3658 4705 ὶνατί
3696 4675 3760 4726 με
3811 4659 3896 4727 ἑγ-

2289 4747 2594 4811 κατέλιπες;
2661 4745 2842 4815 ἤγουν,
2899 4740 3045 4794 δια-τί
3099 4762 3161 4814 με
3231 4741 3419 4815 ἀφῆκες
3476 4744 3640 4806 οὕτως
3705 4740 3897 4797 adu-,9}-

2293 4841 2442 4891 σθαι.
2504 4842 2668 4887 Τουτο
2719 4830 2778 4885 δὲ
2822 4828 2928 4884 εἷπε
2977 4830 3202 4903 βεϐαιῶν
3245 4834 3344 4898 ὅτι,
3396 4834 3568 4907 ὥσπερ
3610 4836 3723 4885 κατ’
3772 4834 3896 4893 ἀλή-

2293 4930 2429 4980 θειαν
2474 4925 2887 4999 ἐνηνθρὼπησεν,
2938 4921 3068 4973 οὕτω
3111 4928 3199 4975 καὶ
3247 4922 3357 4974 κατ’
3410 4922 3651 4982 ἀλήθειαν
3710 4922 3898 4977 ἐσταυ-

2291 5018 2453 5090 ρώθη,
2506 5020 2596 5067 καὶ
2644 5012 2702 5065 οὐ
2742 5014 2877 5064 κατά
2929 5017 3240 5084 φαντασίαν,
3272 5016 3341 5074 ὡς
3384 5013 3563 5066 πολλοὶ
3611 5022 3709 5068 τῶν
3755 5014 3896 5091 αἱρε-

2290 5115 2445 5159 τικῶν
2496 5104 2779 5178 ἐλήρησαν.
2839 5101 2914 5154 Οὐ
2966 5103 3065 5175 ’γὰρ
3119 5103 3180 5153 ἄν
3234 5099 3551 5176 ὀδυνώμενος
3601 5104 3759 5166 οὕτως
3814 5103 3896 5157 ἀν.

2293 5195 2410 5255 εϐόη
2419 5214 2522 5250 σεν.

1896 5445 2119 5518 Variae
2156 5447 2508 5517 lectiones.

596 5607 710 5679 (48)
738 5606 823 5667 Ὠς
865 5608 1133 5685 ἄνθρωπός
1158 5607 1238 5681 δέ,
1284 5626 1407 5668 non
1434 5611 1617 5670 habet
1646 5612 1991 5673 Hentenius.

597 5814 672 5887 (f)
718 5814 1033 5873 Laborum.
1066 5817 1259 5875 Malim
1301 5818 1570 5876 dolorum
1601 5824 1704 5878 aut
1750 5822 2067 5880 cruciatus.
