4096 6388
264 457 378 513 733

1173 453 1549 512 COMMENT.
1600 437 1670 507 IN
1712 441 2162 505 MAT'I‘H/EUM-
2203 476 2274 489 -
2312 444 2469 502 CAP.
2513 443 2742 503 XXVII.

3540 440 3649 498 734-

341 583 496 638 Ἐστι
549 579 609 638 δὲ
661 589 752 636 καὶ
801 584 977 658 ἑτέρως
1027 583 1184 636 εἰπεῖν
1233 581 1334 652 ὅτι,
1379 577 1486 640 ἤδη
1535 579 1877 636 ἀποθνήσκων

2057 574 2251 630 Potest
2280 578 2478 629 autem
2511 576 2566 629 et
2598 571 2765 628 aliter
2790 570 2930 642 dici,
2973 570 3136 644 quod
3165 570 3294 642 jam
3322 584 3428 641 pro
3457 567 3648 625 homi-

266 677 398 748 ὑπὲρ
481 683 579 726 τῶν
655 673 955 750 ἀνθρωπων,
1037 678 1298 748 προσώπῳ
1361 679 1452 723 τοῦ
1531 674 1711 742 γένους
1778 678 1876 720 τῶν

266 761 555 836 ἀνθρώπων
634 762 882 822 ἀνεϐόησε
959 767 1051 821 τήν
1112 759 1434 820 δηλωθείσαν
1492 766 1682 832 φωνήν,
1743 762 1878 815 Φησὶ

264 855 374 925 γὰρ
446 854 471 904 6
539 855 790 924 Θεολόγος
870 856 1149 927 Γρηγόριος
1220 852 1300 903 ὅτι

265 945 330 995 τὸ
397 945 660 1016 ήῄτερον.
719 941 890 1016 Ἡμεῖς
945 945 1046 1017 γὰρ
1094 941 1220 1013 ἦμεν
1270 942 1318 992 οἱ
1367 937 1878 1012 ἐγκαταλελειμμένα

1380 848 1426 902 ἐν
1499 849 1665 920 ἐαυτῷ
1722 854 1879 900 τυποῖ

262 1038 360 1084 καὶ
414 1036 805 1107 παρεωραμένοι
864 1036 1133 1107 πρότερον,
1179 1027 1290 1083 εἶτα
1339 1037 1427 1082 νῦν
1492 1027 1876 1104 προσειλημμέ-

261 1141 346 1173 νοι
372 1126 464 1172 καὶ
487 1125 808 1193 σεσωσμένοι
835 1129 944 1182 τοῖς
973 1120 1133 1173 αὐτοῦ
1164 1122 1374 1174 πάθεσι.

339 1214 481 1270 Τινὲς
511 1242 576 1250 -
609 1211 774 1272 οὗτος.
810 1217 1128 1286 Στρατιώται
1157 1215 1246 1262 καὶ
1279 1209 1418 1262 οὗτοι
1446 1209 1476 1267 ἧ
1488 1228 1581 1260 σαν
1607 1207 1872 1274 Ῥωμαῖοι,

261 1304 362 1358 τήν
391 1296 648 1373 Ἐϐραΐδα
678 1305 847 1373 φωνήν
875 1299 1193 1372 ἀγνοοῦντες.

342 1390 448 1444 Καὶ
522 1389 707 1452 εὐθέως
774 1421 840 1430 —
909 1388 1140 1452 ἐπότιζεν
1201 1390 1372 1444 αὐτόν.
1444 1389 1655 1450 Παίζων
1720 1396 1873 1440 τοῦτο

263 1484 522 1537 πεποίηκε
574 1479 686 1550 (49)
728 1489 1041 1555 παρηγορῶν
1091 1476 1269 1544 δῆθεν,
1320 1482 1494 1542 καθὼς
1549 1484 1638 1531 καὶ
1694 1481 1719 1531 6
1774 1482 1874 1554 πρὸ

262 1569 452 1640 αὐτοῦ,
495 1569 524 1628 ή
575 1574 664 1621 καὶ
713 1571 796 1622 ἵνα
849 1573 877 1629 ἠ
940 1568 1204 1644 δριμύτης
1243 1578 1330 1624 τοῦ
1382 1569 1530 1634 ὄξους
1594 1572 1872 1644 προσθήκη

261 1663 483 1730 γένηται
513 1665 605 1721 τῆς
635 1655 796 1718 ὀδύνη
808 1682 847 1722 ς.

341 1750 410 1800 Οἱ
441 1778 506 1788 -
537 1749 718 1806 αὐτόν.
760 1753 967 1820 Μάρκος
1026 1745 1086 1802 δέ
1138 1770 1296 1822 φησιν
1337 1751 1414 1804 ὅτι
1463 1750 1618 1813 αὐτὸς
1649 1750 1811 1821 ἑἹεγεν
1853 1767 1864 1778 ⁸

259 1835 477 1910 Ἅφετε,
521 1834 736 1912 ἴδωμεν,
794 1839 838 1891 εἰ
894 1841 1104 1914 ἔρχεται
1166 1839 1340 1901 Ἠλίας
1400 1839 1626 1893 καθελεῖν
1696 1840 1870 1894 αὐτὸν.

262 1927 425 1992 Εἰκὸς
454 1924 512 1980 δὲ
533 1935 684 1980 τοῦτο
714 1928 876 2002 λέγειν
902 1928 1172 1991 κάκείνους
1195 1935 1286 1982 καὶ
1315 1938 1514 1982 τοῦτον.

336 2144 396 2198 Ὀ
447 2142 506 2198 δὲ
558 2145 769 2208 Ἰησοῦς
820 2177 887 2188 --
931 2154 1159 2220 πνεῦμα.
1231 2152 1326 2209 Τίς
1396 2143 1456 2200 δὲ
1509 2148 1571 2206 ἦν
1623 2149 1654 2206 ἡ
1707 2152 1869 2220 φωνὴ,

261 2231 532 2293 ἐδήλωσεν
562 2237 588 2286 6
637 2242 862 2300 Λουκας,
911 2238 990 2288 ὅτι
1044 2238 1232 2308 Πάτερ,
1292 2237 1364 2297 εἰς
1420 2239 1604 2309 χεῖράς
1648 2256 1742 2290 σου
1777 2257 1871 2289 πα-

260 2327 573 2396 ραθήσομαι
620 2329 676 2377 τὸ
725 2328 927 2398 πνεῦμά
968 2346 1088 2398 μου.
1146 2325 1366 2399 ’Ἐκραξε
1416 2323 1475 2379 δε
1524 2335 1659 2399 φωνῇ
1716 2329 1872 2399 μεγά-

261 2413 354 2486 λῃ,
417 2415 500 2466 ἶνα
553 2417 740 2478 πάντες
793 2413 1082 2483 ἀκούσωσι,
1138 2420 1226 2468 καὶ
1277 2417 1464 2476 πάντες
1514 2412 1728 2468 εἰδῶσιν
1794 2418 1873 2468 ὃτι

266 2507 438 2577 μέχρι
491 2511 588 2566 τῆς
623 2504 932 2582 ,τελευταίας
986 2507 1125 2580 ὧρας
1188 2509 1387 2578 πατέρα
1438 2509 1523 2558 τὸν
1580 2509 1709 2559 Θεὸν
1768 2505 1872 2558 ὀνο-

267 2595 450 2665 μάζει,
493 2598 584 2646 καὶ
636 2594 776 2665 αύτῷ
821 2599 881 2647 τὸ
941 2601 1042 2648 πᾶν
1095 2593 1396 2660 ἀνατίθησι,
1454 2598 1541 2648 καὶ
1593 2595 1685 2646 ούκ
1733 2598 1872 2647 ἔστιν

267 2683 503 2745 ἀντίθεος
557 2705 568 2717 ·
623 2687 696 2736 ἔτι
749 2681 808 2737 δὲ
855 2689 945 2737 καὶ
1001 2688 1086 2736 ἵνα
1149 2688 1388 2758 μάθωσιν
1443 2687 1520 2737 ὅτι
1573 2685 1689 2736 κατ’
1729 2684 1875 2747 ἑξού-

270 2777 414 2839 σίαν,
487 2775 568 2827 ὅτε
652 2774 921 2843 ἠθέλησεν,
994 2773 1332 2832 ἀποθνήσκει.
1385 2775 1510 2827 Ὀτε
1573 2777 1675 2847 ’γὰρ
1738 2773 1872 2828 εἶπεν

266 2864 352 2914 ὅτι
385 2865 574 2935 Πάτερ,
628 2864 700 2924 εἰς
752 2866 936 2937 χεῖράς
977 2884 1071 2918 σου
1125 2867 1507 2939 παραθήσομαι
1561 2867 1620 2918 τὸ
1673 2867 1873 2936 πνεῦμά

264 2973 392 3026 μου,
453 2958 568 3006 τότε
616 2953 796 3006 λοιπὸν
844 2963 916 3025 τῷ
983 2956 1186 3026 θανάτῳ
1240 2961 1592 3030 παρεχώρησε
1651 2958 1867 3030 προσέρ-

263 3045 470 3113 χεσθαι
499 3042 659 3114 αὐτῷ.

341 3131 452 3184 Οὐκ
501 3131 608 3186 εἶπε
659 3129 719 3186 δὲ
771 3134 852 3185 ὅτι
899 3135 1256 3208 Παρατίθημι,
1326 3134 1432 3186 ἀλλ’
1491 3137 1572 3188 ὃτι
1620 3137 1869 3209 Παραθή-

1987 663 2170 719 nibus
2222 663 2484 719 moriens
2526 663 2584 718 in
2634 678 2888 733 persona
2919 661 3151 733 generis
3196 659 3449 715 humani
3489 659 3648 715 dicta

1987 753 2266 809 clamavit
2311 767 2481 809 voce.
2559 753 2652 807 Ait
2702 753 2862 808 enim
2921 751 3236 820 Gregorius
3289 749 3646 818 Theologus,

1987 843 2151 915 quod
2183 843 2240 898 in
2275 844 2472 915 seipso
2503 843 2719 912 ﬁgurat
2757 841 2921 914 quod
2953 845 3222 895 nostrum
3255 841 3350 897 est
3380 855 3392 904 ;
3430 854 3539 892 nos
3573 837 3647 892 si-

1987 931 2231 1004 quidem
2246 933 2507 1005 primum
2523 932 2780 988 derelicti
2798 947 3029 986 eramus
3045 946 3111 984 ac
3125 927 3407 1001 despecti,
3427 927 3646 982 deinde

1987 1038 2147 1077 nunc
2178 1022 2474 1094 assumpti
2500 1038 2567 1078 ac
2597 1022 2809 1078 servati
2854 1037 3062 1076 sumus
3101 1019 3255 1074 illius
3301 1016 3647 1074 afﬂictioni-

1985 1110 2119 1166 bus.

2061 1202 2218 1257 Vers.
2250 1204 2337 1257 47.
2377 1201 2852 1269 Quidam—iste.
2867 1199 3072 1256 Milites
3094 1198 3154 1254 hi
3177 1195 3641 1267 erantRomani,

1985 1307 2194 1346 vocem
2228 1291 2576 1347 Hebraicam
2608 1292 2970 1362 ignorantes.

2058 1381 2217 1435 Vers.
2263 1384 2352 1436 48.
2405 1381 2740 1452 Statimque
2769 1412 2836 1420 —
2875 1385 2944 1434 ut
2989 1379 3223 1435 biberet.
3280 1377 3400 1432 Hoc
3460 1375 3641 1431 etiam

1984 1468 2194 1524 ludens
2221 1469 2356 1525 fecit
2386 1469 2463 1524 ad
2495 1469 2744 1525 modum
2775 1467 3136 1524 consolantis
3159 1468 3308 1521 sicut
3338 1471 3391 1520 et
3425 1480 3644 1536 praece-

1984 1555 2209 1624 dentes,
2244 1564 2344 1615 aut
2376 1559 2555 1615 etiam
2587 1562 2648 1614 ut
2703 1558 2853 1613 aceti
2895 1556 3188 1614 acerbitas
3227 1554 3448 1612 additio
3477 1553 3645 1610 ﬁeret

1984 1647 2062 1703 illi
2093 1648 2336 1704 doloris.

2056 1739 2212 1792 Vers.
2247 1739 2333 1794 49.
2373 1739 2591 1794 Cceteri
2619 1768 2684 1778 -
2714 1753 2864 1792 eum.
2901 1739 3128 1793 Marcus
3159 1749 3301 1790 vero
3341 1733 3444 1798 ait,
3478 1732 3644 1806 quod

1982 1826 2094 1882 hoc
2124 1827 2336 1884 dixerit
2369 1845 2385 1882 :
2416 1828 2626 1893 Sinite,
2678 1827 2985 1883 videamus
3018 1841 3097 1881 an
3132 1827 3330 1881 veniat
3362 1824 3530 1879 Elius
3562 1821 3644 1879 ad

1903 1932 1946 1987 Β
1983 1918 2384 1988 deponendum
2416 1933 2560 1973 eum.
2606 1915 2931 1973 Verisimile
2971 1919 3061 1972 est
3092 1919 3286 1970 autem
3315 1918 3372 1969 et
3395 1913 3557 1968 hunc
3586 1913 3644 1968 et

1983 2007 2110 2063 illos
2141 2007 2256 2063 hoc
2277 2007 2512 2063 dixisse.

2055 2097 2216 2153 Vers.
2253 2101 2340 2154 50.
2372 2099 2533 2154 Jesus
2580 2103 2772 2154 autem
2800 2127 2869 2137 -
2917 2095 3217 2166 spiritum.
3266 2093 3407 2158 Quae
3439 2095 3640 2147 autem

1981 2187 2156 2243 fuerit
2185 2204 2323 2252 vox,
2354 2186 2712 2257 signiﬁcavit
2755 2188 2958 2253 Lucas,
2992 2184 3264 2240 videlicet
3297 2197 3310 2235 :
3344 2183 3542 2245 Pater,
3580 2181 3642 2235 in

1982 2293 2188 2332 manus
2215 2283 2346 2334 tuas
2375 2277 2784 2332 commendabo
2813 2275 3088 2344 spiritum
3108 2289 3298 2330 meum
3323 2273 3390 2326 ⁶⁰.
3413 2271 3642 2327 Clama-

1982 2366 2292 2422 vitantem
2324 2382 2468 2422 voce
2517 2382 2757 2436 magna,
2808 2370 2870 2420 ut
2921 2379 3134 2420 omnes
3180 2361 3473 2426 audirent,
3517 2375 3644 2416 om-

1981 2471 2208 2529 nesque
2232 2456 2473 2524 scirent,
2501 2456 2664 2528 quod
2691 2455 2767 2510 ad
2793 2460 3120 2510 extremum
3153 2467 3339 2524 usque
3368 2449 3643 2522 spiritum

1984 2551 2212 2603 Patrem
2235 2549 2416 2601 Deum
2438 2545 2795 2617 appellaret,»
2816 2544 3094 2599 universa
3116 2542 3175 2596 in
3209 2557 3277 2596 eo
3302 2543 3636 2612 reponeret,

1983 2653 2090 2693 nec
2120 2641 2272 2691 esset
2301 2635 2354 2690 ei
2386 2634 2719 2689 contrarius
2755 2651 2766 2689 :
2803 2649 2993 2704 usque
3025 2632 3316 2686 discerent
3340 2629 3504 2702 quod
3533 2643 3643 2684 sua

1982 2730 2272 2798 potestate
2321 2723 2565 2795 quando
2602 2723 2788 2778 voluit
2829 2727 3101 2777 mortuus
3151 2725 3255 2776 est.
3302 2719 3449 2773 Cum
3481 2716 3642 2772 enim

1982 2814 2128 2871 dixit
2156 2831 2168 2869 :
2202 2814 2398 2878 Pater,
2432 2813 2495 2868 in
2527 2828 2736 2868 manus
2769 2818 2897 2866 tuas
2924 2809 3340 2868 commendabo
3369 2808 3640 2880 spiritum

1981 2919 2196 2966 meum,
2225 2908 2366 2958 tunc
2399 2901 2646 2958 demum
2675 2901 2850 2956 morti
2873 2900 3162 2974 permisit,
3198 2904 3261 2956 ut
3287 2897 3365 2955 ad
3397 2914 3457 2954 se
3480 2911 3644 2953 acce-

1981 2993 2164 3050 deret.

265 3239 452 3297 σομαι,
509 3219 681 3281 δηλῶν
729 3224 812 3275 ὅτι
877 3225 1008 3295 μετά
1069 3225 1255 3299 μικρὸν
1306 3222 1590 3278 ἐκπνεύσει.
1641 3227 1713 3278 Τὸ
1766 3227 1868 3298 γὰρ

2052 3233 2178 3288 Non
2199 3233 2398 3285 autem
2437 3227 2602 3294 dixit,
2637 3225 3028 3292 Commendo,
3077 3224 3182 3281 sed
3216 3224 3641 3282 Commendabo

262 3317 394 3389 μετὰ
460 3317 553 3371 τήν
607 3312 880 3386 εἰρημένην
935 3318 1164 3386 κραυγὴν
1233 3317 1553 3386 προσέθηκεν
1617 3317 1643 3367 6
1704 3317 1870 3369 Ἰωάν-

260 3426 374 3471 νης,
409 3405 478 3465 ὡς
523 3407 614 3455 καὶ
651 3402 788 3454 αὐτὰ
828 3403 1268 3476 παραλελειμμένα
1309 3412 1413 3465 τοῖς
1459 3405 1648 3471 οῦλοις,
1689 3405 1868 3476 λέγων·

263 3498 612 3553 Εἱστήκεισαν
686 3489 745 3545 δὲ
819 3495 963 3565 παρὰ
1021 3501 1095 3563 τῷ
1169 3503 1380 3566 σταυρῷ
1443 3503 1535 3546 τοῦ
1605 3495 1781 3552 Ἰησοῦ
1837 3498 1866 3554 ἡ

263 3590 460 3658 Μήτηρ
501 3583 683 3650 αὐτοῦ,
715 3587 805 3634 καὶ
834 3584 900 3634 τὰ
942 3583 1079 3645 ἑξῆς.
1135 3586 1302 3636 Εἰπὼν
1361 3581 1438 3647 δὲ,
1485 3594 1594 3647 πῶς
1623 3587 1870 3660 παρέθετο

261 3679 362 3732 τήν
413 3674 761 3744 ἠγαπημένην
808 3677 1022 3745 Μητέρα
1087 3671 1176 3724 κάὶ
1235 3676 1483 3748 παρθένον
1539 3684 1612 3746 τῷ
1667 3677 1874 3745 ἠγαπη-

261 3767 402 3833 μένῳ
452 3763 661 3834 μαθητῇ
712 3767 803 3813 καὶ
858 3764 1112 3836 παρθένῳ,
1163 3767 1253 3814 καὶ
1305 3772 1416 3825 πῶς
1468 3760 1704 3834 διψήσας
1765 3768 1872 3817 ἔπιε

263 3855 328 3904 τὸ
367 3850 504 3918 ὄξος,
535 3850 822 3903 τελευταῖόν
862 3870 1020 3923 φησιν
1052 3872 1066 3883 ·

263 3940 498 4005 Ἰησοῦς,
540 3937 668 3993 εἶπε.
735 3940 1037 3993 Τετέλεσται
1093 3959 1105 3970 ·
1161 3948 1252 3994 καὶ
1319 3943 1493 4006 adiam;
1558 3949 1651 4002 τήν
1715 3963 1874 4018 κεφα-

257 4029 380 4094 λήν,
431 4026 702 4101 παρέδωκε
747 4034 804 4081 τὸ
851 4038 1072 4104 πνεῦμα.
1123 4037 1249 4105 Περὶ
1288 4033 1356 4084 ὧν
1411 4033 1649 4085 ἁπάντων
1711 4037 1870 4096 ζήτη-

259 4138 358 4171 σον
383 4117 441 4170 ἐν
468 4127 538 4189 τῷ
569 4121 701 4172 κατά
733 4119 972 4178 Ἰωάννην
1010 4120 1325 4194 Etim/701a).

336 4210 448 4263 Καὶ
479 4205 598 4261 ἰδού
638 4239 704 4249 --
759 4208 1109 4281 ἕσχίσθησαν.
1171 4213 1457 4284 [Ἐσχίσθη
1511 4214 1623 4284 (51)
1674 4216 1732 4264 τὸ
1781 4215 1871 4266 κά-

253 4299 446 4371 λυμμα
495 4306 587 4350 τοῦ
627 4306 775 4363 ναοῦ,
829 4303 915 4351 καὶ
963 4298 1285 4362 ἀνεκαλύφθη
1334 4305 1397 4354 τὰ
1442 4304 1872 4375 ὑποκεκρυμμένα

1116 3851 1240 3906 Ὀτε
1291 3850 1378 3904 οὖν
1407 3853 1555 3906 ἔλαϐε
1599 3860 1657 3906 τὸ
1701 3854 1815 3918 ὅξος
1847 3857 1872 3907 6

1981 3320 2324 3392 signiﬁcans
2351 3318 2514 3391 quod
2543 3318 2726 3391 paulo
2751 3321 2888 3390 post
2903 3315 3315 3388 exspiraturus
3348 3314 3438 3370 sit.
3477 3313 3639 3371 Unde

1979 3416 2038 3469 et
2064 3413 2346 3474 Joannes,
2387 3425 2524 3482 quas
2576 3412 2713 3480 post
2759 3407 2985 3462 dictam
3033 3421 3244 3462 vocem
3293 3405 3452 3460 facta
3502 3408 3642 3460 sunt

1980 3502 2176 3565 refert,
2196 3505 2486 3572 tanquam
2510 3498 2686 3553 etiam
2710 3497 2788 3552 ab
2815 3495 2945 3551 aliis
2969 3496 3366 3567 praetermissa
3392 3493 3598 3549 dicens
3623 3514 3637 3549 :

1979 3592 2190 3649 Stabat
2205 3596 2398 3644 autem
2417 3589 2597 3658 juxta
2617 3601 2848 3642 crucem
2866 3586 3030 3642 Iesus
3051 3586 3251 3642 Mater
3279 3587 3406 3655 ejus
3431 3585 3500 3649 εί,
3525 3588 3637 3640 etc.

1982 3683 2092 3740 Ubi
2122 3686 2324 3737 autem
2376 3679 2540 3746 dixit,
2597 3681 2904 3750 quomodo
2946 3677 3228 3733 dilectam
3273 3676 3517 3730 Matrem
3571 3689 3642 3731 ac

1981 3771 2278 3840 Virginem
2313 3769 2529 3824 dilecto
2561 3765 3074 3823 commendaverit
3101 3765 3396 3837 discipulo
3428 3781 3499 3820 ac
3523 3764 3645 3820 vir-

1981 3860 2124 3931 gini,
2153 3865 2209 3915 et
2235 3857 2548 3931 quomodo
2577 3856 2793 3912 sitienti
2824 3855 3036 3911 datum
3067 3855 3140 3910 sit
3171 3859 3408 3911 acetum
3436 3855 3515 3911 ad
3545 3869 3644 3926 po-

1980 3949 2233 4005 tandum
2266 3965 2279 4014 ;
2313 3947 2552 4003 tandem
2575 3947 2656 4002 ait
2688 3963 2704 4001 :
2741 3946 3224 4001 Consummatum
3256 3951 3339 4001 est
3373 3947 3440 3996 ⁶².
3474 3949 3530 3999 et
3558 3946 3646 3999 in-

1979 4039 2202 4094 clinato
2225 4037 2416 4107 capite
2435 4035 2680 4092 tradidit
2695 4035 2990 4107 spiritum,
3011 4034 3086 4089 de
3117 4034 3334 4106 quibus
3361 4033 3645 4090 omnibus

1980 4143 2180 4200 quaere
2205 4126 2266 4181 in
2300 4124 2620 4195 Evangelio
2650 4122 2986 4179 secundum
3015 4124 3332 4178 Joannem.

2054 4218 2216 4272 Vers.
2247 4219 2332 4271 51.
2365 4215 2448 4272 Et
2480 4228 2606 4270 ecce
2634 4244 2704 4255 -
2733 4213 2931 4269 scissa;
2960 4221 3088 4268 sunt
3123 4213 3230 4284 (-H-
3259 4213 3524 4269 Scissum
3555 4215 3647 4268 est

1980 4305 2386 4362 velamentum
2429 4303 2634 4375 templi
2667 4310 2723 4358 et
2750 4302 3013 4359 revelata
3061 4308 3201 4356 sunt
3230 4306 3387 4357 tecta
3427 4301 3540 4356 sub
3573 4315 3644 4356 eo

252 4391 431 4458 τούτῳ
484 4388 597 4459 (52)
647 4392 938 4461 μυστὰρια.
994 4389 1220 4464 Ἐῤῥάγη
1275 4394 1341 4443 τὰ
1384 4399 1474 4444 τοῦ
1540 4395 1866 4465 γράμματος,

1993 4395 2287 4467 mysteria.
2323 4397 2515 4465 Rupta
2545 4398 2685 4448 sunt
2721 4408 2790 4448 ea
2821 4408 2956 4464 quas
2987 4397 3158 4447 erant.
3193 4391 3422 4457 litteras,
3457 4405 3646 4462 appa-

250 4483 350 4531 καὶ
402 4476 558 4549 ἐφάνη
619 4479 686 4528 τὰ
735 4484 828 4529 τοῦ
879 4481 1188 4550 πνεύματος.
1240 4484 1332 4550 Ἦ]
1389 4483 1414 4533 6
1456 4485 1547 4554 μὲν
1592 4483 1738 4545 ἣλιος
1774 4484 1871 4556 ἠμ-

255 4569 481 4639 φιέσατο
534 4569 741 4634 σκότος,
785 4566 810 4616 6
856 4563 916 4619 δὲ
953 4571 1071 4628 ναὸς
1110 4571 1301 4640 ἔσχισε
1351 4573 1408 4622 τὸ
1467 4576 1866 4638 καταπέτασμα,

257 4652 540 4715 δηλοῦντες
601 4657 681 4706 ὃτι
737 4657 1012 4708 πενθοῦσιν
1073 4656 1160 4710 ἐπὶ
1233 4665 1304 4728 τῷ
1368 4662 1648 4734 παραλόγῳ
1705 4666 1870 4734 τούτῳ

257 4747 505 4816 θεάματι.
549 4745 873 4797 ῐΙενθούντων
916 4747 1017 4818 γὰρ
1058 4744 1188 4817 ἐστι,
1237 4753 1326 4800 καὶ
1369 4752 1428 4801 τὸ
1479 4751 1721 4824 ῥηγνύειν
1776 4758 1871 4811 τὴν

252 4833 482 4897 ἐσθῆτα,
541 4838 632 4885 καὶ
685 4837 744 4885 τὸ
794 4836 1154 4906 περιτίθεσθαι
1205 4837 1389 4895 στολήν
1448 4838 1711 4910 μεὶαιναν.
1767 4849 1872 4904 Τῆς

253 4921 322 4977 δὲ
387 4930 486 4994 γῆς
560 4924 881 4990 σεισθείσης,
943 4929 1031 4977 καὶ
1097 4933 1198 4977 τῶν
1257 4935 1456 5001 πετρῶν
1520 4932 1869 5000 σχισθεισῶν,

1980 4489 2228 4541 ruerunt
2280 4499 2515 4555 eaquae
2575 4486 2715 4537 sunt
2744 4481 3006 4553 spiritus.
3056 4481 3200 4551 Aut)
3255 4485 3346 4536 sol
3398 4480 3645 4552 quidem

1981 4573 2240 4630 tenebris
2289 4572 2534 4628 indutus
2583 4576 2690 4636 est,
2723 4571 3012 4644 templum
3050 4586 3191 4626 vero
3241 4570 3414 4626 scidit
3444 4569 3646 4626 velum

1983 4680 2181 4728 suum,
2208 4661 2606 4734 signiﬁcando
2629 4661 2797 4734 quod
2816 4660 3395 4734 propterabsurdum
3419 4675 3488 4716 ac
3503 4660 3648 4716 irra-

1984 4753 2266 4809 tionabile
2302 4751 3087 4824 (g)spectaculumlugeret;
3123 4750 3455 4820 lugentium
3485 4749 3646 4804 enim

1984 4848 2072 4899 est
2116 4847 2334 4900 vestem
2383 4841 2672 4908 scindere,
2729 4842 3016 4914 nigraque
3090 4841 3259 4897 indui
3307 4841 3478 4898 stola.
3541 4840 3648 4894 Per

1985 4938 2202 4990 terram
2233 4937 2433 4990 autem
2469 4936 2720 5003 motam,
2755 4935 3074 5004 petraeque
3114 4932 3332 4989 scissas
3384 4927 3651 4987 ostendit

331 5049 382 5084 ⁵ο
416 5049 589 5105 Marc.
621 5063 721 5116 xv,
754 5052 842 5104 36.
873 5049 921 5083 σο
944 5048 1084 5106 Luc.
1112 5065 1274 5117 mu,
1306 5055 1399 5111 46.
1429 5054 1473 5090 ⁶¹
1502 5054 1677 5114 Joan.
1700 5072 1824 5124 XIX,
1851 5057 1896 5112 2!

1993 5061 2020 5094 "
2049 5057 2197 5114 lbid.
2223 5061 2315 5113 30.

1635 5205 1860 5276 Variae
1899 5208 2261 5278 lectiones.

260 5372 449 5514 le
475 5369 821 5428 Addiderim
843 5373 931 5433 ὡς.
962 5374 1156 5456 Atque
1177 5371 1260 5431 ita
1279 5373 1530 5432 fortasse
1554 5377 1875 5436 Hentenius

333 5511 450 5588 (50)
485 5513 749 5587 Intelligo
776 5529 788 5570 :
816 5513 875 5567 ¢0
897 5511 1257 5590 προσδραμὼν
1283 5523 1372 5572 καὶ
1399 5525 1637 5582 ποτίσας,

266 5694 348 5765 (g)
385 5693 732 5765 Absurdum
769 5708 846 5750 ac
868 5693 1309 5753 irrationabite.
1355 5699 1415 5752 in
1445 5697 1654 5755 Graeco
1683 5715 1872 5756 unum

265 5764 355 5822 est
401 5764 762 5841 vocabulum
813 5765 1112 5839 παραλόγῳ.
1156 5769 1458 5841 Παράλογον
1511 5783 1656 5827 sane
1687 5779 1776 5830 est
1816 5769 1876 5830 id

265 5838 430 5911 quod
461 5837 528 5895 ﬁt
551 5840 698 5911 παρά
743 5837 912 5909 λόγον,
958 5837 1169 5897 contra
1204 5837 1516 5899 ratiohem.
1561 5843 1760 5902 Malim
1792 5850 1876 5902 ta-

2032 5381 2172 5464 _(5l)
2203 5339 2447 5438 Inclusa.
2468 5381 2530 5436 in
2561 5394 2752 5463 marg.
2785 5378 2991 5438 habet.
3020 5379 3086 5434 A.
3117 5377 3403 5435 Omiserat
3431 5379 3646 5434 [lente-

1984 5467 2142 5509 mus.

2057 5525 2174 5597 (52)
2202 5528 2515 5599 Μυστηρίῳ.
2549 5524 2610 5579 Β.

1983 5715 2146 5829 ἓῑιθῃ,
2186 5701 2558 5771 inusitatum,
2597 5701 2947 5768 inauditum,
2980 5698 3648 5774 stupendum,fhorren-

2024 5791 2140 5829 um.

2024 5791 2140 5831 um.
