4096 6388
440 370 545 426 735

1752 366 2103 423 EUTYHMII
2142 364 2475 427 ZIGABENI

3712 373 3822 430 736

444 496 611 570 quod
664 500 874 569 potens
914 499 1066 551 esset
1095 495 1155 550 in
1204 509 1485 565 aggerem
1519 510 1621 551 eos
1690 496 1992 552 cumulare
2040 498 2096 550 et

2224 493 2398 560 ἴδειξεν
2431 500 2456 549 6
2501 501 2731 573 Χριστός
2785 501 2866 552 ὅτι
2911 496 3126 561 δυνατὸς
3172 500 3235 558 ἧν
3288 498 3557 573 ἐπιχῶσαι
3607 505 3697 553 καὶ
3728 520 3822 553 κα-

446 590 729 645 obruere:
764 588 868 642 sed
910 604 1023 642 non
1065 586 1234 642 vellet
1262 593 1504 657 propter
1531 604 1702 642 suam
1743 594 2096 645 mansuetu-

447 680 661 744 dinem,
711 683 764 732 et
796 684 1036 747 propter
1061 677 1191 732 illos
1222 677 1325 749 qui
1358 694 1429 732 ex
1459 677 1543 732 eis
1572 681 1743 732 erant
1795 679 2094 749 credituri,

443 768 763 839 lucemque
801 767 999 821 daturi
1038 767 1141 839 (h).

517 859 759 929 Proprie
802 862 999 911 autem
1060 857 1259 911 velum
1310 857 1516 929 templi
1569 858 1825 913 scissum
1880 863 1968 915 est
2024 859 2099 914 ad

444 962 651 1001 eorum
700 945 1207 1014 redargutionem,
1241 946 1335 1000 cui
1371 946 1778 1002 contradicere
1810 964 1931 1003 non
1958 964 2097 1019 pos-

445 1039 577 1090 sent
607 1054 619 1087 :
655 1042 716 1089 ut
747 1034 793 1089 si
826 1036 1146 1089 niterentur
1171 1034 1429 1100 causari,
1463 1042 1517 1091 et
1548 1035 1625 1090 ad
1657 1052 1726 1090 ea
1756 1053 1891 1108 quae
1934 1044 2098 1093 natu-

444 1125 645 1180 raliter
684 1124 980 1193 accidunt,
1041 1124 1348 1195 passiones
1395 1124 1700 1181 obscurati
1746 1126 1889 1182 solis
1931 1132 2099 1183 terrae

446 1220 643 1280 motae,
698 1218 1113 1286 petrarumque
1154 1214 1475 1270 scissarum
1504 1216 1826 1274 reducere:
1875 1234 1942 1273 os
1988 1217 2100 1273 illis

445 1304 820 1359 obturaretur
860 1320 964 1375 per
1006 1304 1120 1359 veli
1174 1304 1541 1374 scissionem,
1611 1323 1750 1362 cum
1814 1306 1922 1362 tale
1960 1308 2101 1379 quid

447 1410 574 1449 esse
596 1410 864 1465 unquam
888 1392 1115 1449 factum
1138 1396 1549 1451 demonstrare
1577 1412 1697 1451 non
1725 1403 1991 1469 possent.
2026 1438 2033 1443 .

519 1484 719 1539 Scisso
742 1489 941 1538 autem
966 1484 1113 1551 velo,
1138 1485 1401 1539 ostendit
1429 1486 1601 1553 Deus,
1625 1486 1791 1557 quod
1813 1504 1849 1542 a
1876 1487 2102 1559 templo

448 1573 651 1628 divina
693 1573 988 1628 evolasset
1018 1574 1211 1643 gratia
1243 1591 1254 1629 :
1285 1575 1571 1647 quodque
1618 1576 1921 1647 interiora,
1955 1582 2104 1649 puta

447 1664 656 1719 Sancta
703 1667 1046 1718 sanctorum
1092 1664 1373 1719 omnibus
1414 1665 1621 1736 pervia
1673 1682 1743 1722 ac
1774 1667 2103 1738 conspicua

446 1752 861 1808 constituenda
876 1759 1069 1809 essent
1086 1770 1097 1807 :
1114 1754 1279 1824 quod
1298 1753 1479 1810 etiam
1494 1756 1883 1827 postmodum
1908 1758 2099 1827 ingre-

444 1841 742 1898 dientibus
774 1842 1057 1897 Romanis
1086 1841 1305 1898 factum
1339 1852 1445 1899 est.

516 1932 685 1996 Quod
716 1940 918 1987 autem
953 1932 1098 1987 mihi
1132 1934 1324 2004 magis
1356 1934 1554 2005 placet
1586 1936 1788 2007 accipe
1820 1938 1911 2009 (ί).
1956 1937 2103 1998 Quia

444 2022 724 2077 interiora
770 2022 883 2075 veli
939 2022 1131 2090 ﬁgura
1184 2030 1353 2079 erant
1407 2024 1554 2089 caeli,
1613 2027 1904 2081 exteriora
1962 2044 2103 2084 vero

446 2115 664 2167 terram
696 2110 1052 2180 ﬁgurabant,
1079 2112 1482 2183 scissumjam
1504 2113 1723 2181 velum,
1749 2116 2106 2184 significavit

446 2199 704 2255 divisum
732 2202 855 2270 jam
893 2217 1023 2255 esse
1057 2201 1322 2256 medium
1373 2202 1657 2273 parietem
1704 2206 1854 2261 inter
1886 2206 2102 2263 ccelum

446 2295 503 2346 et
551 2296 766 2346 terram
814 2292 983 2363 (puta
1013 2290 1411 2363 inimicitiam)
1442 2293 1539 2364 qui
1580 2293 1730 2349 inter
1760 2295 1946 2351 Deum
1981 2303 2105 2353 erat

446 2385 500 2435 et
553 2380 869 2435 homines:
927 2383 984 2434 et
1036 2380 1263 2435 factum
1308 2398 1436 2435 esse
1492 2382 1711 2438 malum
1767 2385 2105 2442 hominibus

446 2470 737 2541 pervium-
775 2468 967 2524 soluto
994 2469 1123 2540 jam
1154 2486 1260 2539 per
1300 2470 1597 2527 Christum
1631 2473 1939 2530 obstaculo
1974 2492 2103 2531 me-

444 2559 546 2616 dio
577 2561 647 2624 63,
684 2559 901 2631 talique
928 2559 1103 2614 nobis
1132 2576 1381 2615 ascensu
1408 2562 1713 2619 innovato.
1750 2566 2105 2622 Universali-

446 2653 533 2704 ter
562 2653 758 2703 autem
812 2664 942 2718 quae
974 2648 1130 2704 facta
1163 2653 1321 2715 sunt,
1346 2650 1566 2707 divina:
1601 2653 1699 2708 ira:
1736 2654 1904 2724 signa
1938 2663 2105 2713 erant

445 2737 791 2793 Judaeorum
814 2738 1318 2795 insensibilitatem
1344 2742 1851 2812 reprehendentia,
1884 2745 2103 2802 horum

446 2844 564 2901 que
595 2828 987 2900 perditionem
1016 2829 1421 2901 praedicantia.

520 2919 677 2973 Vers.
706 2919 794 2972 52.
836 2918 915 2973 Et
952 2950 1021 2958 -ν
1067 2928 1473 2977 surrexerunt.
1509 2922 1596 2976 Ad
1646 2922 2105 2983 demonstratio-

446 3024 582 3064 nem
620 3008 898 3081 potentiee
931 3026 1052 3063 suae
1084 3015 1137 3064 et
1160 3010 1273 3065 hoc
1306 3010 1527 3067 factum
1563 3018 1666 3079 est,
1701 3008 2104 3089 terroremque

444 3099 826 3155 Judmorum:
878 3106 939 3153 ut
988 3100 1446 3171 perpenderent,
1498 3104 1664 3175 quod
1714 3104 1764 3159 is
1815 3107 1916 3177 qui
1951 3109 2102 3163 adeo

446 3187 617 3244 facile
670 3194 934 3244 mortuos
992 3189 1338 3254 viviﬁcaret,
1405 3190 1633 3247 facilius
1687 3201 1887 3265 posset
1938 3197 2103 3251 vivos
2135 3221 2177 3279 ρ

447 3278 622 3333 morti
652 3277 816 3334 dare.
848 3278 1137 3335 Praeterea
1166 3282 1342 3335 etiam
1376 3280 1451 3336 ad
1487 3281 1698 3339 futura:
1729 3286 2104 3342 resurrectio-

446 3367 540 3423 nis
569 3368 1108 3424 conﬁrmationem.

519 3457 792 3513 Vers.53.
824 3458 902 3513 Et
936 3489 1004 3499 —
1030 3458 1253 3513 multis.
1302 3459 1528 3528 Egressi
1560 3466 1698 3517 sunt
1726 3467 1781 3518 et
1812 3480 2107 3537 apparue-

446 3550 605 3612 runt,
640 3563 713 3601 ne
752 3546 1139 3619 phantastica
1168 3547 1443 3604 videatur
1482 3551 1894 3622 sepulcrorum
1938 3571 2107 3626 aper-

451 3637 551 3699 tio.
589 3652 658 3691 ac
688 3636 1117 3692 dormientium
1148 3640 1519 3695 resurrectio.
1567 3642 1703 3697 Post
1732 3646 2107 3701 resurrectio-

449 3742 589 3781 nem
622 3732 822 3781 autem
851 3726 979 3796 ejus
1002 3728 1225 3796 egressi
1255 3734 1395 3783 sunt
1416 3729 1491 3786 de
1513 3732 1824 3803 sepulcris,
1850 3750 2104 3790 acvene-

442 3821 587 3873 rruut
614 3816 675 3871 in
707 3821 971 3872 sanctam
1002 3816 1318 3885 civitatem,
1352 3825 1405 3875 et
1445 3828 1849 3893 apparuerunt
1888 3824 2104 3895 multis,

452 3911 516 3963 ut
555 3923 623 3961 ex
663 3922 869 3961 eorum
912 3908 1337 3965 resurrectione
1369 3911 1647 3966 certiores
1685 3912 2013 3969 reddantur
2055 3919 2111 3970 et

450 3997 526 4052 de
565 3997 996 4052 resurrectione
1041 3997 1219 4068 illius,
1263 4000 1592 4071 cogitantes
1643 4003 1808 4073 quod
1852 4004 1955 4075 qui
1999 4004 2109 4060 hos

450 4086 848 4152 resuscitavit,
908 4088 1099 4144 multo
1158 4090 1351 4160 magis
1416 4091 1683 4162 seipsum
1742 4095 2109 4152 resuscitavit

453 4178 653 4235 Sancti
711 4194 849 4233 vero
906 4184 1304 4245 surrexerunt,
1364 4184 1425 4235 ut
1478 4180 1595 4235 ﬁde
1652 4182 1817 4252 digni
1868 4184 2109 4241 videan-

450 4272 565 4335 tur,
599 4268 701 4340 qui
730 4268 804 4323 de
859 4268 1081 4324 christo
1120 4268 1470 4341 loquuntur.
1535 4273 1855 4344 Postquam
1907 4280 2108 4331 autem

451 4361 880 4430 apparuerunt,
913 4358 1127 4413 iterum
1154 4357 1539 4416 dormierunt.

523 4447 689 4501 Vers.
752 4450 839 4501 54.
891 4446 1170 4503 Centurio
1221 4455 1418 4505 autem
1458 4481 1527 4489 —
1584 4458 1707 4507 erat
1757 4451 1883 4509 iste.
1944 4454 2109 4509 Hunc

450 4538 681 4592 Murcus
703 4551 841 4590 voce
859 4536 1064 4590 Latina
1085 4538 1491 4593 centurionem
1520 4545 1691 4595 vocat
1708 4542 1775 4594 6‘.
1805 4542 2110 4599 Mattliaaus

452 4640 592 4679 vero
633 4624 835 4679 Graeca
866 4624 1265 4699 ἑκατόνταρχον,
1296 4627 1456 4682 idem
1498 4629 1867 4697 signiﬁcante
1896 4649 1907 4686 :
1944 4632 2108 4704 quod

454 4714 614 4769 enim
674 4714 857 4768 Graeci
913 4714 1112 4779 ἑκατὸν,
1174 4716 1287 4771 hoc
1331 4718 1517 4773 Latini
1578 4726 1811 4776 centum
1854 4728 2105 4778 vocant:

456 4804 684 4869 Vz’dens,
703 4804 912 4875 inquit,
938 4809 1216 4872 centurio,
1252 4808 1354 4879 qui
1370 4824 1444 4864 ex
1460 4809 1702 4865 adverso
1715 4814 1841 4880 ejus
1859 4812 2106 4881 astabat,

444 4896 613 4967 .quod
628 4895 709 4950 sic
726 4896 918 4951 emisso
940 4898 1181 4952 clamore
1194 4898 1558 4966 exspirasset,
1577 4901 1725 4957 dixit
1742 4920 1753 4957 :
1774 4902 1916 4958 Vere
1937 4902 2108 4960 homo

526 4987 573 5023 ⁸³
603 4985 780 5043 Hebr.
807 5002 863 5053 ιι,
896 4988 985 5041 20.
1023 4988 1070 5022 6‘
1102 4990 1272 5044 Marc.
1303 5004 1398 5055 xv,
1432 4990 1519 5045 39.

2207 596 2455 659 ταχώσαι
2508 590 2714 649 αύτούς.
2766 588 2900 643 Ἀλλ’
2953 589 3046 641 οῦκ
3103 590 3326 649 ἠθέλησε
3381 588 3452 643 δι’
3514 591 3706 643 οἰκείαν
3764 609 3821 643 τε

2206 683 2572 751 χρηστότητα,
2637 684 2725 731 καὶ
2777 676 2870 731 διὰ
2920 684 3037 741 τοὺς
3093 681 3366 753 μέλλοντας
3418 680 3471 743 ἐξ
3516 680 3681 732 αὐτῶν
3729 699 3819 732 πι-

2210 774 2427 819 στεῦσαι
2465 773 2554 820 καὶ
2586 768 2808 841 λάμψαι.

2281 854 2602 931 Ἰδικώτερον
2662 855 2720 911 δὲ
2772 862 2830 910 τό
2882 863 3262 933 καταπέτασμα
3303 868 3395 912 τοῦ
3451 868 3579 912 ναοῦ
3631 859 3819 932 σχίζε·

2206 968 2293 999 ται
2346 952 2475 1020 πρὸς
2542 947 2907 1023 ἀναντίῤῥητον
2973 952 3186 1021 ἔλεγχον
3266 950 3455 1015 αὐτῶν,
3539 951 3639 1015 ἵνα,
3706 969 3817 1001 πει-

2205 1042 2424 1109 ρώμενοι
2478 1036 2804 1109 αἰτιολογεῖν,
2854 1043 2943 1090 καὶ
2996 1037 3201 1110 ἀνάγειν
3247 1039 3313 1100 εἰς
3364 1042 3430 1091 τὰ
3474 1041 3606 1091 κατὰ
3658 1042 3816 1110 φύσιν

2208 1128 2348 1183 πάθη
2398 1131 2485 1178 τόν
2524 1146 2577 1178 τε
2624 1134 2716 1179 τοῦ
2761 1128 2904 1185 ἡλίου
2955 1132 3274 1200 σκοτασμὸν,
3308 1134 3397 1181 καὶ
3440 1137 3535 1190 τῆς
3585 1137 3681 1199 γῆς
3726 1130 3818 1180 τὸν

2212 1219 2447 1288 σεισμόν,
2510 1220 2600 1268 καὶ
2674 1225 2772 1269 τῶν
2851 1226 3046 1291 πετρῶν
3100 1222 3193 1275 την
3272 1224 3481 1290 σχίσιν,
3546 1216 3817 1290 ἐπιστομί-

2214 1309 2403 1367 ζωνται
2461 1314 2521 1378 τῇ
2603 1311 2788 1377 σχίσει
2861 1315 2952 1359 τοῦ
3017 1310 3496 1380 καταπετάσματος,
3566 1304 3821 1360 οὐδέποτε

2212 1392 2487 1467 δυνάμενοι
2518 1392 2684 1458 δεῖξαι
2715 1405 2946 1449 τοιοῦτον
2977 1402 3262 1470 γενόμενον.

2280 1492 2382 1537 Τοῦ
2441 1489 2908 1559 καταπετάσματος
2968 1484 3026 1539 δὲ
3091 1489 3425 1559 σχισθέντος,
3477 1483 3737 1545 ἐδήλωσεν
3795 1486 3822 1538 6

2211 1579 2332 1636 Θεὸς
2392 1578 2471 1629 ὅτι
2524 1575 2723 1634 ἀπέστη
2758 1576 2870 1647 (53)
2905 1577 3080 1629 λοιπόν
3122 1578 3150 1635 ἡ
3211 1578 3322 1629 θεία
3368 1578 3527 1650 χάρις
3576 1575 3677 1628 ἀπὸ
3726 1584 3824 1628 τοῦ

2210 1673 2353 1735 ναοῦ,
2390 1670 2477 1717 καὶ
2523 1667 2603 1717 ὅτι
2658 1669 2723 1717 τὰ
2764 1662 2931 1735 ἔνδον,
2974 1670 3111 1731 ἦτοι,
3172 1668 3237 1717 τὰ
3285 1664 3446 1736 Ἀγια
3483 1674 3582 1717 τῶν
3636 1665 3823 1736 ἁγίων,

2212 1760 2344 1805 πᾶσι
2399 1752 2537 1826 βατά
2583 1761 2672 1807 καὶ
2723 1757 2879 1808 θεατὰ
2934 1760 3381 1819 καταστήσονται,
3416 1755 3441 1807 ὃ
3482 1760 3571 1807 καὶ
3612 1759 3825 1827 γέγονεν

2137 1864 2178 1920 Β
2212 1844 2447 1916 ὕστερον,
2472 1854 2569 1895 τῶν
2600 1845 2861 1917 Ῥωμαίων
2895 1845 3242 1897 εἰσελθόντων.

2282 1938 2350 1985 Τό
2390 1931 2448 1986 δέ
2477 1937 2841 2009 χαριέστερον,
2893 1934 3000 1987 ἐπεὶ
3052 1937 3116 1986 τὰ
3159 1938 3247 2006 μὲν
3289 1932 3423 1993 ἐντὸς
3470 1942 3561 1985 τοῦ
3598 1953 3826 1986 καταπε-

2213 2026 2479 2095 τάσματος
2510 2027 2669 2086 τύπος
2717 2025 2851 2082 ἦσαν
2880 2032 2973 2076 τοῦ
3026 2024 3269 2097 ούρανοῦ,
3322 2026 3388 2077 τὰ
3438 2019 3488 2075 δ’
3530 2022 3675 2084 ἐκτὸς
3721 2027 3821 2075 τύ-

2214 2132 2303 2171 πος
2332 2120 2429 2173 τῆς
2455 2121 2521 2182 γῆ
2536 2132 2578 2181 ς,
2629 2115 2852 2183 σχισθὲν
2910 2109 3016 2171 ἤδη
3070 2116 3126 2164 τὸ
3176 2116 3555 2185 καταπέτασμα
3585 2109 3825 2170 δεδηλω-

2212 2220 2314 2271 κεν,
2350 2203 2428 2253 ὅτι
2460 2201 2692 2272 ἐσχίσθη
2722 2199 2829 2260 ἤδη
2877 2206 2931 2254 τό
2962 2208 3277 2274 μεσότοιχον
3329 2210 3420 2253 τοῦ
3466 2201 3684 2275 ούρανοῦ
3726 2206 3826 2253 καὶ

2214 2298 2309 2352 τῆς
2337 2300 2453 2361 γῆς.
2487 2295 2669 2361 ἤγουν,
2702 2293 2731 2349 ὴ
2766 2294 2934 2364 ἔχθρα
2984 2294 3014 2349 ἠ
3069 2290 3262 2363 μεταξύ
3291 2299 3381 2343 τοῦ
3434 2296 3561 2343 Θεοῦ
3590 2295 3678 2342 καὶ
3716 2297 3826 2341 τῶν

2217 2380 2519 2455 ἀνθρώπων,
2579 2386 2666 2433 καὶ
2726 2387 2929 2452 γέγονεν
2985 2383 3010 2433 ό
3076 2382 3287 2455 ούρανὸς
3346 2379 3511 2453 βατός
3566 2388 3670 2440 τοῖς
3733 2378 3827 2431 ἁν-

2220 2459 2464 2543 θρωποις,
2523 2479 2614 2523 τοῦ
2682 2478 2918 2545 Χριστοῦ
2970 2470 3225 2532 λύσαντος
3286 2475 3490 2522 τουτονὶ
3545 2474 3632 2521 τόν
3685 2489 3826 2542 φρα-

2215 2564 2369 2633 γμὸν,
2426 2566 2515 2613 καὶ
2561 2566 2654 2619 τὴν
2708 2564 2954 2619 τοιαύτην
3008 2558 3193 2613 ἄνοδον
3241 2562 3365 2623 ἡμῖν
3414 2559 3824 2631 έγκαινίσαντος.

2217 2654 2449 2703 Καθόλου
2506 2646 2564 2703 δὲ
2628 2648 2822 2723 δεῖγμα
2874 2654 3149 2723 θεομηνίας
3196 2652 3331 2709 ἦσαν
3381 2653 3445 2701 τὰ
3486 2653 3826 2722 γεγενημένα,

2214 2742 2581 2813 καθαπτόμενα
2647 2749 2742 2801 τῆς
2816 2750 2915 2793 τῶν
2974 2738 3245 2794 Ἰουδαίων
3305 2739 3677 2805 ἀναισθησίας,
3730 2742 3831 2791 καὶ

2213 2833 2632 2905 προαγορεύοντα
2660 2835 2754 2887 τὴν
2778 2833 2970 2882 τούτων
3004 2828 3259 2882 ἀπώλειαν
3291 2830 3424 2900 (54).

2289 2925 2390 2972 Καὶ
2434 2948 2497 2961 --
2551 2920 2774 2991 ἠγέρθη.
2837 2920 2923 2981 Εἰς
2994 2916 3210 2981 ἔνδειξιν
3266 2923 3354 2971 καὶ
3428 2924 3582 2969 τοῦτο
3642 2920 3830 2987 γέγονε

2213 3017 2301 3069 τῆς
2370 3006 2634 3081 δυνάμεως
2705 3009 2863 3060 αὐτοῦ
2918 3014 3007 3060 καὶ
3062 3007 3214 3080 φόϐον
3266 3016 3365 3059 τῶν
3411 3004 3702 3071 Ἰουδαῖων,
3738 3008 3829 3058 ἶνα

2213 3098 2546 3170 λογίσωνται,
2621 3101 2701 3150 ὅτι
2764 3100 2788 3149 ό
2857 3098 3075 3160 ζωώσας
3155 3098 3313 3158 οὕτως
3397 3097 3619 3167 εὐχερῶς
3702 3098 3826 3157 τούς

2213 3192 2421 3262 νεκρούς
2480 3188 2845 3259 εὐχερέστερον
2923 3186 2982 3239 ἂν
3050 3184 3280 3245 ἠδύνατο
3340 3188 3637 3238 θανατῶσαι
3701 3188 3825 3246 τοὺς

2219 3282 2415 3341 ζῶντας
2451 3293 2462 3305 ·
2521 3280 2591 3329 ἔτι
2652 3274 2710 3329 δὲ
2761 3281 2850 3331 καὶ
2913 3277 2978 3337 εἰς
3033 3275 3318 3349 βεϐαίωσιν
3376 3284 3473 3338 τῆς
3526 3274 3822 3347 μελλούσης

2216 3367 2576 3428 ἀναστάσεως.

2291 3462 2390 3510 Καὶ
2464 3488 2531 3497 ——
2588 3455 2809 3516 πολλοῖς.
2882 3455 3137 3514 Εἰσῆλθον
3215 3460 3304 3507 καὶ
3385 3454 3819 3526 ἐνεφανίσθησαν,

2218 3548 2301 3599 ἶνα
2361 3551 2431 3618 μὴ
2493 3542 2620 3618 δόξη
2683 3548 2819 3597 κατὰ
2871 3549 3154 3614 φαντασίαν
3208 3548 3237 3602 ἧ
3298 3563 3351 3597 τε
3404 3552 3500 3596 τῶν
3558 3547 3824 3615 μνημείων

2216 3636 2408 3699 ἄνοιξις
2460 3641 2548 3687 καὶ
2601 3637 2629 3693 ἡ
2690 3644 2789 3686 τῶν
2841 3638 3224 3706 κεκοιμημένων
3278 3636 3493 3707 ἓγερσις.
3548 3635 3690 3687 Μετὰ
3728 3636 3823 3690 τὴν

2218 3730 2421 3801 ἔγερσιν
2481 3722 2539 3777 δὲ
2621 3724 2779 3776 αὐτοῦ
2856 3722 3064 3786 ἐξῆλθον
3122 3722 3177 3775 ἐκ
3240 3732 3337 3775 τῶν
3386 3726 3665 3794 μνημείων,
3728 3726 3825 3774 καὶ

2220 3815 2459 3874 εἰσῆλθον
2491 3814 2562 3875 εἰς
2604 3819 2697 3872 τὴν
2741 3814 2894 3884 ἁγίαν
2946 3813 3112 3876 πόλιν,
3143 3817 3232 3865 καὶ
3262 3811 3671 3884 ἐνεφανίσθησαν
3700 3808 3830 3862 πολ-

2218 3905 2345 3970 λοῖς,
2381 3907 2462 3956 ἱνα
2508 3904 2563 3956 ἐκ
2594 3912 2685 3964 τῆς
2712 3906 2905 3956 τούτων
2956 3901 3203 3974 ἐγέρσεως
3244 3901 3685 3976 πληροφορηθώσι
3732 3906 3832 3954 καὶ

2220 3999 2337 4067 περὶ
2406 4002 2497 4054 τῆς
2544 3992 2755 4062 ἐκείνου,
2825 3992 3154 4062 λογιζόμενοι
3201 3994 3282 4043 ὅτι
3347 3992 3372 4042 6
3438 3993 3650 4049 τούτους
3703 3988 3831 4041 ἀνα-

2222 4090 2426 4145 στησας
2483 4083 2651 4152 πολλῷ
2707 4081 2898 4155 μᾶλλον
2952 4081 3131 4133 ἑαυτὸν
3180 4079 3481 4139 ἀνέστησεν.
3538 4079 3715 4150 Ἀγιοι
3762 4076 3833 4133 δὲ

2221 4174 2541 4246 ἠγέρθησαν,
2606 4174 2688 4224 ἵνα
2751 4168 2975 4233 δόξωσιν
3033 4170 3352 4234 ἀξιόπιστοι,
3411 4168 3637 4241 λέγοντες
3702 4173 3831 4241 περὶ

2218 4270 2308 4315 τοῦ
2353 4270 2611 4336 Χριστοῦ.
2646 4262 3072 4334 Ἐμφανισθέντες
3121 4257 3201 4328 δε,
3242 4259 3394 4312 πάλιν
3443 4257 3828 4331 ἐκοιμήθησαν.

2289 4453 2346 4504 Ὀ
2413 4448 2471 4504 δὲ
2529 4449 2914 4521 ἑκατόνταρχος
2971 4480 3039 4487 —
3107 4444 3168 4505 ἧν
3237 4448 3403 4507 οὗτος.
3480 4450 3669 4502 Τοῦτον
3735 4449 3835 4500 τὸν

2219 4544 2600 4614 ἑκατόνταρχον
2655 4542 2679 4591 6
2728 4542 2937 4610 Μάρκος
3003 4541 3316 4609 κεντυρίωνα
3371 4537 3607 4609 ὠνόμασε
3648 4553 3658 4565 ·
3710 4556 3835 4589 κεν-

2218 4637 2408 4706 τυρίων
2462 4634 2563 4705 γὰρ
2616 4632 2759 4703 παρὰ
2815 4627 3084 4699 Ῥωμαίοις
3139 4628 3163 4678 6
3219 4626 3604 4700 ἑκατόνταρχος
3642 4622 3831 4685 ἐπειδὴ

2994 4716 3109 4787 (55)
3183 4716 3446 4786 λέγουσιν.
3517 4712 3668 4768 Ἰδὼν
3743 4711 3829 4781 δὲ,

2999 4808 3024 4856 ό
3112 4810 3455 4878 παρεστηκὼς
3546 4804 3834 4867 ἐξεναντίας

2930 4895 3125 4969 κράξας
3207 4894 3521 4963 ἐξέπνευσεν,
3619 4893 3752 4947 εἶπεν
3813 4912 3828 4924 ·

2217 4730 2308 4776 καὶ
2364 4724 2431 4773 τὰ
2504 4720 2705 4783 ἑκατόν,
2779 4723 2920 4769 κέντε

2221 4818 2400 4886 φησιν,

2221 4904 2402 4967 αὐτου,
2503 4901 2581 4952 ὅτι

2502 4812 2526 4861 6
2614 4812 2890 4882 κεντυρίων

2674 4898 2834 4957 οὕτως

1819 5082 2039 5152 Variae
2078 5085 2429 5154 lectiones.

526 5189 638 5260 (53)
662 5186 784 5240 ⁴Οτι
814 5186 1015 5245 ἀπέπτη
1043 5186 1239 5240 λοιπόν.
1376 5186 1456 5260 Ita
1486 5187 1828 5260 Hentenius.

527 5258 861 5333 (54)_Hic_in
916 5260 1187 5333 margine
1220 5258 1442 5313 codicis
1474 5259 1523 5333 A_
1567 5276 1816 5333 a_manu
1863 5277 2107 5333 prorsus

452 5331 671 5388 recenti
698 5330 930 5401 adjecta
961 5335 1101 5385 sunt
1130 5330 1257 5385 haec
1310 5331 1653 5401 recentioris
1680 5330 1889 5388 Graeci}
1944 5341 2107 5388 Τοῦτο

454 5407 511 5455 τὸ
569 5398 951 5473 καταπέτασμα
1001 5401 1233 5473 ἐσχίσθη
1303 5401 1375 5463 εἰς
1424 5398 1540 5455 δύο·
1593 5402 1813 5479 ῦςγαντὸν
1837 5407 1963 5479 Δγὰρ
2023 5403 2103 5465 ἧν.

454 5478 512 5527 τὸ
542 5477 631 5546 μὲν
686 5472 961 5547 στημόνιον
1012 5472 1193 5527 ἰστατο
1244 5476 1434 5547 ὄρθιον·
1490 5477 1547 5527 τὸ
1608 5472 1665 5528 δὲ
1718 5472 1943 5548 ὑφαδιον
1992 5480 2105 5531 ἔπε-

527 5655 605 5726 (h)
662 5655 1236 5729 Lucemqueaaturi.
1284 5657 1351 5712 Et
1380 5654 1773 5729 splendituri:
1818 5658 2106 5716 nimirum

457 5727 673 5784 dictale
718 5730 775 5780 et
809 5726 1144 5783 virtutibus.

527 5799 591 5871 (ἢ
621 5797 781 5864 Quod
800 5806 995 5856 autem
1024 5829 1094 5841 -
1123 5801 1333 5872 accipe.
1363 5801 1579 5871 Accipe
1607 5816 1851 5873 prorsus
1877 5816 1996 5861 non
2020 5804 2108 5859 est

2223 5209 2307 5243 σεν
2365 5189 2526 5240 κάτω.
2589 5182 2765 5246 Οὕτως
2835 5184 3109 5257 ἱστόρηται
3156 5183 3300 5257 παρα
3345 5189 3416 5257 τῷ
3467 5186 3635 5256 Πατρὶ
3682 5182 3837 5254 ἡμῶν

2221 5238 2428 5334 item
2561 5238 2958 5334 ξζρυσοοντόμῳ.Ι
2990 5238 3104 5310 Sed
3137 5238 3301 5325 apud
3333 5238 3837 5325 Chrysosltomtlm

2217 5333 2364 5392 nihil
2384 5328 2629 5407 reperio
2644 5370 2666 5407 ._
2941 5402 2949 5407 _
3098 5401 3107 5407 ι
3349 5400 3358 5407 _
3437 5396 3475 5407 ﬂ
3552 5396 3562 5407 ,

2288 5403 2403 5475 (⁸55)
2443 5396 2567 5475 lino
2610 5403 2847 5475 κέντουμ,
2894 5402 2957 5475 gt
3010 5401 3221 5452 notum
3274 5400 3382 5475 est.
3436 5396 3591 5475 Fecit
3629 5400 3841 5456 autem

2217 5470 2455 5533 Graecus
2486 5472 2564 5530 ad
2605 5470 2864 5528 formam
2896 5471 3262 5533 Graecorum,
3289 5474 3353 5525 ut
3383 5470 3551 5524 πέντε.

2216 5658 2277 5711 in
2301 5656 2523 5712 Graeco.
2547 5649 2790 5706 Brevius
2814 5646 3066 5705 reddas:
3098 5647 3267 5716 Quod
3291 5662 3430 5705 vero
3446 5647 3841 5718 probabilius.

2215 5729 2499 5804 Ἐρμηνεία
2520 5725 2844 5804 χαριεστέρα
2882 5726 2970 5804 est
2995 5720 3408 5794 interpretatio
3438 5719 3842 5793 probabilior,

2213 5793 2464 5864 acutior,
2501 5793 2796 5865 subtilior",
2828 5793 3044 5852 verior.
