4096 6382
238 316 342 372 737

1334 315 1704 374 COMMENT.
1748 317 1816 373 IN
1858 312 2303 375 MATTH/EUM.
2353 351 2419 359 —
2458 320 2613 375 CAP.
2655 320 2877 375 XXVII.

3522 322 3624 376 738

239 442 483 504 ’Δληθῶς
556 443 581 493 ὁ
645 442 917 514 ἅνθρωπος
979 440 1129 503 οὗτος
1184 441 1306 502 Υἱὸς
1359 444 1419 500 ἠν
1479 450 1639 499 Θεοῦ.
1706 441 1856 497 Ἰδὼν

1974 444 2067 501 hic
2088 445 2269 501 Filius
2302 445 2406 501 Dei
2435 451 2563 501 erat
2596 447 2662 500 ⁸⁵.
2702 447 2949 501 intuitus
2969 444 3258 517 siquidem
3295 446 3455 518 quod
3485 462 3624 501 cum

236 533 321 583 ὅτι
357 533 498 602 (56),
531 533 663 604 μετὰ
712 531 1014 605 παρρησίας
1060 535 1265 603 Πατέρα
1316 534 1401 583 τὸν
1454 536 1581 585 Θεὸν
1612 534 1853 618 καλέσας’

239 626 336 672 καὶ
383 621 456 682 εἰς
501 627 686 694 χεῖρας
740 622 901 673 αὐτοῦ
955 622 1265 695 παραθεῖναι
1314 626 1404 679 τὴν
1444 622 1630 693 ψυχὴν
1675 623 1858 676 ἑαυτοῦ

1624 709 1748 765 ἰδὼν
1802 709 1860 765 δὲ

236 804 331 851 καὶ
393 802 459 851 τὰ
512 806 803 857 τηνικαῦτα
856 804 1100 872 γενόμενα
1152 803 1363 872 φρικτὰ,
1416 799 1722 854 ἐπίστευσεν
1782 804 1860 855 ὅτι

235 710 695 784 ἐπαγγειλάμενος,
773 713 911 783 μοτὰ
965 712 1151 783 μικρὸν
1209 709 1501 773 ἐξέπνευσεν
1553 732 1565 745 ’

238 890 362 949 Υἱὸς
424 885 485 945 ἦν
539 896 694 942 Θεοῦ.
749 887 808 941 Ὁ
844 886 901 941 δὲ
956 894 1163 950 Λουκᾶς
1212 888 1345 961 λέγει
1401 894 1520 962 περὶ
1562 891 1722 942 αὑτοῦ
1779 893 1859 943 ὅτι

237 974 396 1030 Ἰδὼν
469 978 494 1028 ό
568 978 958 1051 ἑκατόνταρχος
1028 982 1086 1029 τὸ
1162 983 1452 1051 γενόμενον,
1510 976 1728 1042 ὲὸόξασε
1770 984 1857 1033 τὸν

239 1070 396 1134 Θεὸν,
454 1066 612 1138 λέγων
653 1082 667 1097 ·
730 1066 933 1129 Ὄντως
998 1087 1023 1119 ο
1084 1069 1350 1139 ἄνθρωπος
1414 1068 1563 1130 οὗτος
1650 1066 1857 1131 δίκαιος

237 1158 305 1214 ἦν
340 1174 352 1185 ·
387 1153 612 1220 δίκαιον,
645 1154 816 1230 οἶμαι,
860 1160 944 1209 τὸν
992 1159 1125 1209 θεῖον
1159 1156 1441 1229 ὀνομάσας.
1489 1158 1553 1210 Ἦ
1600 1165 1689 1211 καὶ
1720 1169 1855 1233 πρῶ-

236 1265 331 1298 τον
370 1248 460 1318 μὲν
507 1246 681 1307 ἁπλῶς
726 1243 886 1311 εἶπεν,
913 1248 993 1299 ὅτι
1040 1244 1242 1307 δίκαιος
1273 1244 1334 1305 ἧν
1364 1265 1374 1277 ⁸
1408 1246 1516 1300 εἶτα
1536 1248 1850 1323 τελεώτερον,

236 1337 325 1388 ὅτι
377 1338 493 1396 Υἱὸς
542 1332 603 1394 ἦν
670 1344 831 1392 Θεοῦ.
901 1338 1203 1411 Προσέθηκε
1262 1334 1323 1389 δὲ
1371 1342 1579 1400 Λουκᾶς
1638 1340 1717 1391 ὅτι
1765 1343 1855 1391 καὶ

238 1427 433 1486 πάντες
489 1428 537 1477 οἱ
592 1430 1111 1500 συμπαραγενόμενοι
1161 1425 1307 1497 ὄψλει
1356 1426 1439 1479 ἐπὶ
1496 1431 1590 1485 τὴν
1641 1429 1854 1502 θεωρίαν

238 1517 463 1585 ταύτην,
524 1515 830 1589 θεωροῦντες
886 1518 953 1568 τὰ
1004 1520 1270 1588 γενόμενα,
1329 1520 1605 1578 τύπτοντες
1659 1517 1854 1569 ἑαυτῶν

236 1606 311 1657 τὰ
380 1606 548 1663 στήθη
626 1604 962 1679 ὑπέστρεφον.
1018 1609 1103 1663 Μὴ
1178 1606 1462 1678 τολμῶντες
1519 1608 1620 1678 γὰρ
1687 1606 1854 1659 λαλεῖν

242 1691 344 1746 διὰ
394 1697 482 1746 τόν
535 1692 687 1766 φόϐον
752 1703 853 1746 τῶν
913 1693 1221 1770 ἀρχιερέων,
1276 1698 1491 1747 ἔτυπτον
1541 1695 1733 1747 ἑαυτῶν
1791 1698 1857 1748 τὰ

1967 533 2235 589 libertate
2265 533 2451 589 Deum
2482 538 2711 590 Patrem
2747 540 3032 602 vocasset,
3064 541 3117 589 et
3146 535 3206 589 in
3254 550 3469 590 manus
3495 534 3623 605 ejus

1972 623 2246 694 spiritum
2295 641 2472 679 suum
2514 624 2941 679 commendare
2970 640 3033 679 se
3061 629 3306 679 testatus
3337 631 3509 689 esset,
3559 640 3627 681 ac

1973 711 2154 783 paulo
2182 718 2315 785 post
2340 719 2694 785 exspirasset
2727 732 2739 770 :
2770 714 3009 769 intuitus
3035 730 3278 786 quoque
3311 714 3462 771 adeo
3491 714 3626 769 hor-

1970 802 2159 858 renda
2187 819 2321 875 quee
2351 802 2595 859 ﬁebant.
2627 803 2872 858 credidit
2898 803 3103 859 Filium
3127 820 3254 859 esse
3289 804 3405 860 Dei.
3436 805 3627 859 Lucas

1972 908 2103 947 vero
2134 892 2207 947 de
2230 908 2301 948 eo
2332 892 2504 948 dicit:
2532 894 2742 949 Videns
2765 895 3032 949 centurio
3048 894 3204 965 quod
3221 895 3451 963 factum
3476 900 3624 959 erat,

1967 982 2329 1051 gloriﬁcavit
2346 982 2528 1038 Deum
2545 983 2762 1049 dicens,
2795 984 2932 1040 Vere
2946 983 3104 1039 homo
3118 983 3209 1039 hic
3212 985 3249 1053 j
3253 990 3411 1039 ustus
3422 988 3539 1038 erat
3554 985 3600 1019 ⁶⁶
3609 1001 3626 1055 ;

1964 1073 2219 1135 Justum,
2254 1076 2315 1126 ut
2353 1072 2585 1143 Opinor,
2621 1073 2896 1128 divinum
2928 1073 3273 1128 nominans.
3316 1073 3412 1128 Vel
3448 1074 3626 1129 etiam

1965 1160 2227 1232 primum
2260 1162 2493 1234 quidem
2540 1162 2705 1228 dixit,
2767 1163 2930 1235 quod
2957 1162 3155 1234 justus
3206 1166 3332 1220 erat
3368 1180 3381 1229 ;
3416 1162 3629 1218 deinde

1966 1250 2210 1306 tandem
2242 1251 2408 1323 quod
2434 1252 2612 1307 Filius
2634 1251 2735 1307 Dei
2768 1258 2911 1308 erat.
2947 1252 3124 1307 Addit
3154 1260 3352 1308 autem
3394 1252 3582 1307 Lucas
3610 1271 3621 1311 :

1965 1339 2041 1394 Et
2057 1355 2249 1396 omnes
2272 1342 2457 1396 turbae
2484 1356 2618 1412 quae
2638 1342 2815 1397 simul
2840 1348 3202 1398 accesserant
3221 1342 3300 1397 ad
3326 1348 3629 1411 spectacu-

1966 1428 2086 1485 lum
2100 1429 2278 1501 illud,
2298 1430 2555 1487 videntes
2568 1447 2699 1503 quae
2730 1431 2964 1500 ﬁebant,
2988 1432 3370 1503 percutientes
3383 1438 3571 1500 pectm
3592 1448 3627 1487 a

1964 1534 2076 1576 sua
2106 1522 2562 1577 revertebantur
2590 1521 2637 1556 ⁸⁷
2665 1524 2740 1592 (j)
2764 1537 2777 1588 ;
2797 1522 3067 1577 dolorem
3093 1522 3365 1577 videlicet
3392 1521 3630 1577 interio-

1964 1626 2091 1665 rem
2134 1610 2562 1680 signiﬁcantes.
2580 1612 2994 1683 Intelligebant
3018 1612 3176 1668 enim
3196 1629 3227 1669 a
3250 1612 3630 1684 praecedenti-

1967 1700 2080 1755 bus
2112 1700 2317 1770 signis,
2351 1705 2406 1756 et
2427 1702 2503 1756 ab
2528 1700 2619 1755 his
2641 1717 2777 1773 qua:
2810 1702 3184 1768 accidebant,
3208 1703 3364 1769 quod
3388 1707 3444 1757 et
3470 1718 3629 1758 crea-

242 1784 445 1849 στήθη,
508 1787 851 1857 σημαίνοντες
897 1789 991 1842 τὴν
1042 1783 1177 1844 ἐντὸς
1216 1781 1428 1843 ὀδύνην.
1473 1792 1701 1844 Συνῆκαν
1731 1787 1851 1858 γὰρ,

1974 1796 2100 1845 tura
2178 1791 2524 1863 passionem
2575 1790 2731 1847 illius
2797 1806 2919 1848 non
2974 1793 3167 1848 ferens
3225 1791 3629 1865 compatieba-

242 1871 351 1925 ἀπὸ
406 1891 459 1926 τε
506 1882 605 1925 τῶν
654 1872 1019 1949 προλαϐόντων
1078 1878 1329 1947 σημείων,
1361 1872 1462 1927 ἀπό
1512 1893 1567 1927 τε
1611 1884 1711 1927 τῶν
1743 1880 1857 1928 τότε

243 1966 551 2035 γενομένων,
607 1964 684 2015 ὃτι
738 1964 873 2025 θεῖος
930 1965 1201 2036 ἄνθρωπος
1254 1960 1335 2029 ἦν,
1394 1968 1483 2016 καὶ
1542 1966 1856 2037 συμπάσχει

245 2052 393 2123 αὐτῷ
425 2054 455 2110 ἠ
488 2056 683 2117 κτίσις,
716 2056 789 2124 μὴ
820 2056 1049 2125 φέρουσα
1074 2056 1131 2105 τὸ
1158 2054 1323 2116 πάθος
1356 2054 1537 2109 αὑτοῦ.

323 2140 495 2194 Ἦσαν
527 2172 593 2182 -
642 2141 803 2211 αύτῷ.
840 2148 1181 2215 Χορηγοῦσαι
1228 2146 1295 2195 τὰ
1333 2147 1463 2218 πρὸς
1515 2146 1608 2195 τὰν
1649 2149 1857 2219 χρείαν.

248 2235 428 2304 Χορός
484 2230 584 2305 γὰρ
637 2228 775 2290 ἦσαν
841 2237 930 2285 καὶ
983 2233 1137 2284 αὗται
1194 2232 1307 2304 (56)
1366 2235 1689 2307 μαθητριῶν,
1741 2239 1860 2309 περὶ

246 2327 347 2379 τήν
406 2322 714 2396 Θεομάτορα
769 2325 1102 2395 τεταγμέναι,
1153 2323 1243 2373 καὶ
1300 2328 1635 2398 παρέχουσαι
1693 2320 1862 2376 δαπά-

248 2430 339 2471 νας
397 2409 453 2462 ἒκ
504 2419 601 2462 τῶν
649 2415 948 2483 προσόντων
999 2412 1203 2473 αὐταῖς.
1260 2418 1360 2465 Καὶ
1432 2414 1527 2487 ὅρα
1574 2418 1668 2471 τὴν
1716 2414 1862 2477 τάξιν

251 2500 717 2573 ἀντιστραςλεῐσαν.
769 2502 835 2553 Οἱ
883 2503 1119 2573 μαθηταὶ
1170 2504 1271 2575 γὰρ
1329 2505 1534 2575 ἔφυγον,
1565 2506 1619 2555 αἱ
1663 2500 1722 2556 δὲ
1760 2525 1865 2576 μα-

257 2592 473 2663 θήτριαι
503 2594 835 2663 παρέμειναν.

328 2678 414 2730 Ἐν
460 2708 527 2718 -
578 2686 678 2730 τῶν
732 2682 855 2732 υἱῶν
911 2676 1215 2733 Ζεϐεδαίου.
1281 2679 1450 2753 [Τινὲς
1502 2683 1617 2755 (58)
1668 2679 1727 2735 δε
1787 2683 1860 2736 λέ-

251 2786 439 2839 γουσι,
498 2771 627 2839 μετὰ
677 2772 733 2820 τὸ
792 2777 1019 2841 ταφῆναι
1074 2774 1162 2823 τόν
1214 2775 1469 2844 Χριστὸν,
1538 2770 1862 2825 ἀπελθοῦσαν

251 2861 349 2914 τὴν
412 2863 663 2910 Θεοτόκον
726 2866 1037 2912 καταπεσεῖν
1105 2862 1206 2912 ύπό
1274 2860 1441 2923 λύπης
1517 2861 1862 2937 ὑπερϐαλλού-

255 2966 372 3015 σης,
433 2952 523 2999 καὶ
575 2943 706 3019 μηδ’
740 2947 1020 3020 ἀφικέσθαι
1061 2952 1192 3021 μετά
1234 2958 1389 3002 τοῦτο
1418 2954 1544 3023 πρὸς
1566 2955 1651 3004 τόν
1682 2954 1860 3025 τάφον,

251 3032 667 3094 ἀδυνατήσασαν
740 3035 796 3089 ἐκ
867 3034 1097 3113 σφοδρᾶς
1146 3035 1514 3112 περιωδυνίας,
1573 3040 1700 3093 ἀλλὰ
1755 3050 1862 3094 κεῖ-

253 3126 382 3177 σθαι
442 3130 531 3177 καὶ
586 3127 788 3202 θρηνεῖν
853 3131 1017 3202 μέχρι
1076 3136 1176 3180 τῶν
1244 3127 1550 3201 εὐαγγελίων
1605 3136 1695 3183 καὶ
1743 3129 1933 3218 ἀνα-Ο

253 3214 543 3288 στάσεως]

328 3304 532 3357 Πολλῶν
602 3305 795 3374 οὐσῶν,
848 3308 937 3368 τὰς
1012 3305 1390 3381 ἐπισημοτέρας
1465 3307 1859 3383 ἀπαριθμείται.

247 3396 396 3455 Τινὲς
449 3396 538 3465 μὲν
589 3391 677 3446 οὖν
740 3414 916 3467 φασιν,
950 3398 1017 3457 ὡς
1058 3398 1087 3454 ἡ
1152 3401 1402 3458 Θεοτόκο;
1457 3396 1595 3450 ἐστὶν
1649 3401 1678 3457 ἡ
1722 3404 1864 3475 παρὰ

249 3490 363 3543 τοῖς
412 3484 812 3555 ώαγγελισταίς
866 3485 1231 3558 ὀνομαζομένη
1287 3490 1411 3539 ποτε
1464 3490 1555 3558 μὲν
1608 3495 1701 3540 τοῦ
1760 3488 1861 3542 Ἰα-

248 3574 427 3624 κώϐου
480 3578 570 3626 καὶ
638 3574 794 3632 Ἰωσῆ
852 3579 1051 3648 μήτηρ,
1110 3579 1232 3629 ποτε
1299 3572 1357 3629 δὲ
1424 3580 1603 3650 Μαρία
1656 3577 1769 3649 (59)
1829 3581 1858 3637 ἡ

251 3660 526 3731 Ἰακώϐου,
580 3665 705 3715 ποτε
780 3660 840 3716 δὲ
903 3669 1085 3737 Μαρία
1140 3666 1169 3723 ἡ
1236 3672 1327 3717 τοῦ
1399 3666 1549 3725 Ἰωσῆ
1590 3684 1602 3696 ·
1675 3664 1863 3730 παῖδες

245 3752 353 3822 γὰρ
409 3751 553 3804 οὗτοι
607 3760 680 3823 τῷ
743 3752 957 3826 Ἰωσήφ.
1011 3759 1112 3807 Καὶ
1169 3757 1342 3829 ὥσπερ
1395 3757 1420 3807 ό
1481 3761 1655 3829 πατὴρ
1694 3757 1860 3809 αὐτῶν

246 3838 383 3913 ἀνὴρ
433 3840 597 3901 αὐτῆς
656 3842 950 3914 ὠνομάζετο
1028 3840 1123 3895 διὰ
1178 3850 1271 3901 τὴν
1353 3846 1670 3917 οἰκονομίαν,
1728 3846 1862 3899 οὕτω

243 3934 340 3981 καὶ
384 3930 536 3983 αὐτοὶ
572 3931 725 3984 πάλιν
782 3934 887 3984 υἱοὶ
931 3933 1114 3995 αὐτῆς.
1164 3932 1605 4009 Δυσπαράδεκτος
1649 3935 1761 4007 (60)
1804 3933 1862 3989 δὲ

241 4020 271 4071 ό
305 4018 459 4091 λόγος
512 4021 664 4083 οὗτος
704 4017 866 4075 δοκεῖ.
926 4029 1135 4097 Πρῶτον
1175 4027 1265 4095 μὲν
1304 4028 1405 4095 γὰρ
1463 4023 1614 4077 οὐδὲν
1672 4026 1861 4079 ἐκώλυε

239 4114 451 4181 μητέρα
501 4119 593 4162 τοῦ
630 4112 807 4169 Ἰησοῦ
837 4115 1031 4171 ταύτην
1083 4113 1342 4186 ὀνομάσαι
1376 4135 1387 4147 ·
1422 4124 1574 4168 τοῦτο
1604 4118 1705 4189 γὰρ
1736 4113 1857 4169 δια-

237 4204 415 4271 φόρως
467 4201 628 4259 αὐτὴν
669 4206 945 4274 ὠνόμασαν
994 4202 1041 4254 ἐν
1079 4212 1192 4264 ταῖς
1241 4204 1628 4277 προλαϐούσαις
1668 4203 1860 4278 διηγή-

238 4307 392 4341 σεσιν
422 4304 435 4317 ⁸
471 4291 648 4343 ἔπειτα
704 4296 795 4343 καὶ
852 4293 1148 4365 παράλογον
1213 4302 1491 4365 πανταχοῦ
1552 4298 1856 4370 προτάττειν

235 4377 404 4438 αὐτῆς
452 4383 545 4437 τὴν
600 4376 959 4451 Μαγδαληνὴν
1014 4379 1062 4432 ἐν
1116 4390 1224 4444 τοῖς
1286 4381 1463 4455 ἐφεξῆς
1525 4384 1713 4455 λόγοις,
1766 4390 1857 4438 καὶ

235 4463 497 4520 δεικνύειν
573 4470 882 4542 θερμοτέραν
950 4479 1041 4531 τῆς
1116 4476 1467 4546 Θεομήτορος.
1525 4473 1676 4527 Ὀθεν
1734 4477 1855 4527 ὐπο-

231 4564 455 4628 νοοῦμεν
514 4559 594 4609 ὅτι
651 4559 779 4616 ἄλλη
848 4579 923 4621 τις
995 4557 1056 4617 ἦν
1138 4563 1166 4620 ἠ
1225 4568 1406 4635 Μαρία
1455 4564 1611 4630 αὕτη,
1677 4571 1852 4640 μήτηρ

234 4642 379 4699 οὖσα
434 4646 687 4700 Ἰακώϐου
736 4656 828 4700 τοῦ
886 4656 1093 4724 Μικροῦ
1140 4655 1228 4702 καὶ
1286 4651 1465 4721 Ἰωσῆ,
1499 4653 1557 4705 ού
1598 4663 1697 4706 τῶν
1728 4657 1853 4707 υἱῶν

234 4744 335 4789 τοῦ
382 4735 601 4809 Ἰωσὴφ,
652 4736 759 4789 ἀλλ’
801 4738 1002 4814 ἐτέρων,
1057 4737 1158 4791 ἀπὸ
1209 4748 1306 4793 τῶν
1356 4738 1717 4815 ἐϐδομήκοντα
1750 4765 1852 4818 μα-

315 4944 363 4980 “
394 4941 578 5000 Marc.
611 4958 693 5015 vi,
726 4944 813 5001 39.

892 4944 941 4982 σο
966 4944 1106 5002 Luc.
1132 4962 1293 5020 xxm,
1320 4947 1413 5005 47.
1491 4950 1539 4987 ετ
1569 4948 1727 5008 ibid.
1756 4954 1851 5010 48.

1967 1886 2065 1936 tur
2091 1880 2160 1935 ei.

2042 2131 2202 2188 Vers.
2239 2132 2326 2188 55.
2364 2133 2646 2189 Erantei.
2688 2132 3149 2205 Suppeditantes
3178 2148 3311 2206 quae
3339 2133 3389 2188 ei
3420 2149 3627 2189 neces-

1973 2222 2135 2278 saria
2156 2229 2303 2279 erat.
2345 2223 2571 2279 Chorus
2611 2223 2772 2278 enim
2812 2228 2937 2279 erat
2979 2223 3415 2296 discipularum
3463 2227 3627 2296 apud

1975 2311 2074 2368 Dei
2099 2314 2338 2368 Matrem
2371 2313 2847 2383 conjunctarum,
2881 2318 2937 2367 et
2962 2328 3262 2384 expensas
3294 2313 3368 2369 de
3396 2314 3517 2368 suis
3548 2314 3631 2370 fa-

1973 2403 2291 2458 cultatibus
2310 2403 2842 2475 suppeditantium.
2878 2402 2943 2458 Et
2972 2403 3106 2458 vide
3139 2419 3497 2459 conversum
3540 2420 3630 2459 or-

1972 2491 2176 2547 dinem
2198 2510 2211 2545 :
2230 2492 2509 2565 discipuli
2526 2491 2830 2565 siquidem
2848 2492 3138 2562 fugerant,
3158 2492 3463 2565 discipulae
3481 2510 3618 2551 vero

1973 2581 2311 2637 assistentes
2342 2583 2797 2654 permanebant.

2044 2670 2211 2726 Vers.
2242 2672 2332 2727 56.
2368 2673 2534 2728 Inter
2572 2702 2640 2711 —
2666 2672 2930 2738 ﬁliorum
2959 2672 3242 2729 Zebedeei.
3266 2674 3309 2743 -ι-
3351 2674 3394 2743 -χ-
3421 2672 3632 2728 Dicunt

1974 2760 2264 2826 nonnulli,
2291 2762 2607 2833 Deiparam
2629 2765 2763 2833 post
2780 2761 3148 2833 sepulturam
3173 2763 3382 2818 Christi
3414 2761 3631 2818 abiisse

1972 2867 2042 2905 ac
2063 2850 2247 2905 nimio
2268 2866 2519 2907 maerore
2538 2850 2896 2915 concidisse,
2930 2866 3039 2907 nec
3071 2857 3281 2923 postea
3314 2852 3392 2907 ad
3432 2852 3634 2923 sepul-

1973 2955 2132 2995 crum
2156 2944 2494 3006 accessisse,
2518 2941 2695 2995 nimio
2713 2938 2916 2995 dolore
2938 2940 3234 3006 afﬂictam,
3258 2941 3361 2996 sed
3372 2941 3631 3011 jacuisse

1974 3045 2045 3085 ac
2073 3030 2247 3085 ﬂesse
2275 3046 2463 3102 usque
2502 3029 2580 3086 ad
2606 3030 3051 3086 resurrectionis
3102 3031 3406 3086 nuntium.

2046 3304 2192 3358 Cum
2239 3301 2442 3359 multa;
2491 3306 2707 3367 essent,
2743 3301 3098 3370 insigniores
3127 3307 3461 3358 enumerat.
3493 3303 3634 3368 Qui-

1973 3392 2118 3448 dam
2142 3392 2344 3465 itaque
2374 3392 2600 3457 dicunt,
2642 3392 2808 3464 quod
2836 3391 2936 3447 Dei
2970 3394 3147 3447 Mater
3171 3398 3276 3456 est,
3310 3408 3444 3463 quae
3471 3392 3631 3463 apud

1974 3482 2381 3552 Evangelistas
2432 3497 2593 3537 nunc
2632 3481 2879 3554 quidem
2909 3480 3118 3536 Jacobi
3159 3486 3216 3536 et
3269 3481 3403 3536 Jose
3437 3488 3632 3537 mater

1971 3571 2340 3637 nominatur,
2372 3572 2742 3644 quandoque
2769 3578 2970 3627 autem
2993 3570 3175 3627 Maria
3196 3570 3423 3635 Jacobi,
3454 3571 3631 3627 inter-

1972 3660 2120 3717 dum
2158 3677 2299 3718 vero
2338 3661 2515 3718 Maria
2551 3661 2688 3717 Jose
2722 3678 2736 3727 ;
2770 3677 2913 3717 nam
2940 3660 3000 3715 hi
3026 3660 3129 3731 ﬁlii
3163 3666 3330 3716 erant
3384 3661 3627 3733 Joseph.

1973 3751 2581 3825 thuemadmodum
2608 3751 3028 3823 paterillorum
3058 3750 3147 3806 vir
3161 3752 3290 3821 ejus
3320 3750 3632 3807 dicebatur

1972 3847 2217 3914 propter
2292 3842 2826 3913 dispensationem,
2890 3841 2973 3897 ita
3035 3856 3245 3895 rursus
3319 3840 3435 3913 ipsi
3526 3841 3628 3896 ﬁlii

1972 3932 2243 4002 Virginis.
2307 3932 2523 3987 Verum
2602 3946 2799 3987 sermo
2863 3930 2960 3985 hic
3008 3930 3311 3985 absurdus
3376 3929 3628 3985 videtur.

1971 4022 2232 4077 Primum
2267 4021 2586 4093 siquidem,
2610 4021 2757 4092 quid
2775 4019 3130 4090 prohibebat
3151 4035 3286 4074 eam
3328 4019 3631 4091 appellare

1972 4114 2215 4167 Matrem
2246 4112 2385 4166 Jesu
2424 4111 2452 4166 ?
2482 4109 2807 4182 prmsertim
2849 4124 2986 4164 cum
3046 4109 3107 4163 in
3150 4109 3627 4179 praecedentibus

1969 4200 2408 4257 narrationibus
2439 4204 2503 4255 ut
2531 4198 2860 4271 plurimum
2890 4198 2971 4252 ita
3009 4213 3143 4253 eam
3175 4197 3629 4268 appellaverint.

1972 4290 2188 4347 Deinde
2227 4290 2562 4345 absurdum
2592 4303 2834 4360 quoque
2864 4287 3014 4342 foret
3050 4288 3111 4341 in
3152 4286 3299 4342 locis
3326 4286 3630 4358 sequenti-

1966 4379 2082 4435 bus
2122 4379 2346 4451 ubique
2380 4378 2774 4447 Magdalenen
2814 4376 2864 4432 ei
2919 4377 3202 4447 praeponi,
3236 4380 3293 4431 et
3316 4374 3629 4431 ostendere

1966 4470 2130 4525 illam
2168 4468 2347 4524 fuisse
2396 4471 2570 4524 Matre
2629 4467 2727 4522 Dei
2757 4466 3195 4521 ferventiorem.
3230 4465 3395 4521 Unde
3423 4466 3632 4537 suspi-

1966 4576 2177 4617 camur
2198 4559 2445 4615 alteram
2476 4556 2804 4630 quamdam
2827 4556 3012 4611 fuisse
3035 4555 3190 4612 hanc
3212 4554 3478 4620 Mariam,
3498 4570 3630 4627 quae

1965 4656 2156 4707 mater
2185 4654 2311 4705 erat
2336 4646 2543 4704 Jacobi
2588 4646 2759 4702 Parvi
2791 4650 2847 4701 et
2879 4647 3031 4717 Jose,
3078 4661 3201 4701 non
3239 4645 3501 4701 ﬁliorum
3531 4645 3641 4701 Jo-

1967 4741 2133 4814 seph,
2164 4740 2270 4797 sed
2290 4739 2569 4803 aliorum,
2594 4736 2700 4810 qui
2720 4741 2888 4793 erant
2907 4752 2939 4793 e
2964 4734 3347 4809 septuaginta
3366 4734 3640 4808 discipu-

1586 5155 1814 5230 Variae
1842 5157 2206 5229 lectiones.

308 5378 423 5454 (ξθ)
464 5380 591 5454 Γάρ,
635 5382 771 5435 ante
809 5379 911 5448 ὅτι,
952 5379 1300 5453 interponit.
1340 5382 1414 5438 Α.

308 5451 424 5514 (57)
461 5451 743 5510 Μαθητῶν.
770 5455 831 5503 Α.

308 5522 425 5596 (58)
462 5525 594 5580 Hinc
611 5528 861 5597 uterque
878 5523 1064 5581 codex
1083 5522 1147 5581 in
1174 5525 1447 5597 margine
1468 5525 1732 5587 exhibet.
1752 5527 1857 5585 Ca-

305 5702 384 5773 (j)
418 5705 565 5759 Ante
580 5703 845 5760 dolorem
859 5701 1159 5770 adde,non
1182 5703 1472 5763 addentes
1484 5706 1644 5765 enim
1664 5707 1850 5773 loqui,

222 5780 697 5847 proptermetum
706 5775 1050 5847 principum
1060 5775 1855 5850 sacerdotummercutieliant

1968 5388 2057 5441 ret
2081 5383 2151 5440 iis
2181 5377 2517 5439 Hentenius.

2039 5457 2154 5525 (59)
2180 5455 2264 5521 Ἠ,
2298 5454 2488 5511 abest.
2521 5453 2589 5508 A.

2041 5468 2132 5525 [δν
2180 5468 2264 5521 Ἠ,
2298 5468 2413 5511 ane

2041 5468 2157 5600 (60;
2182 5533 2308 5584 Τοῦ.
2349 5531 2416 5582 Α.

1962 5704 2349 5778 (plangebant)
2390 5707 2635 5778 pectora
2660 5713 2787 5762 sua.
2827 5702 2995 5760 Forte
3024 5698 3154 5758 hinc
3182 5696 3531 5757 exciderant
3562 5711 3641 5759 ex

1963 5776 2171 5838 codice
2205 5776 2507 5837 Hentenii.
