4096 6382
483 276 588 333 ’739

1804 267 2149 325 EUTHYMII
2202 264 2537 324 ZIGABENI

3753 265 3853 323 740

483 404 572 459 lis.
608 404 757 458 Nam
784 400 987 457 multae
1021 398 1162 456 tales
1192 398 1400 455 similis
1450 401 1618 454 erant
1660 396 1923 453 nominis
1976 395 2133 468 apud

2254 396 2440 453 θητῶν.
2505 392 2695 447 Πολλαὶ
2751 396 2852 467 γὰρ
2907 393 3200 464 ὁμωνυμὶαι
3253 398 3495 445 τοιαῦται
3554 393 3697 464 παρὰ
3746 401 3852 455 τοῖς

482 496 505 549 J
518 493 744 549 udaeos.

557 580 883 637 Verisimile
922 584 1011 636 est
1073 584 1271 635 autem
1316 583 1455 632 tunc
1500 576 1595 632 Dei
1628 579 1866 633 Matrem
1900 576 2142 649 propin-

483 672 664 745 quius
696 671 855 725 cruci
886 668 1137 724 astitisse
1164 685 1341 739 quam
1365 670 1603 721 cmteras
1634 665 1906 720 mulieres
1934 666 2140 738 :idque

481 761 779 817 viscerum
818 758 1289 815 inﬂammatione
1309 757 1391 828 (k)
1413 756 1753 810 Judaeorum
1772 756 2039 812 vincente
2076 757 2138 811 ti-

484 867 715 907 morem
750 848 1053 907 :fortassis
1071 864 1206 903 vero
1248 848 1427 902 etiam
1444 846 1807 911 circumisse,
1830 863 1967 901 cum
2005 863 2140 918 pro-

484 948 614 1013 pter
643 945 866 997 naturae
898 938 1134 995 aculeos
1162 937 1227 1009 (ι)
1257 937 1315 992 in
1344 937 1556 993 eodem
1598 936 1728 991 loco
1760 951 1999 990 manere
2021 952 2138 991 non

482 1037 710 1104 posset:
747 1030 1122 1103 postmodum
1173 1034 1373 1082 autem
1435 1025 1600 1097 apud
1673 1032 2135 1081 monumentum

480 1121 776 1177 mansisse
806 1123 862 1175 et
891 1116 1129 1187 singula
1167 1117 1574 1187 conspexisse.

551 1210 720 1275 Quod
738 1210 783 1264 si
810 1208 922 1264 hoc
942 1207 1279 1278 recipimus,
1299 1205 1681 1278 quaerendum
1704 1209 1805 1273 est,
1830 1205 2135 1277 quomodo

479 1300 665 1373 ipsius
687 1315 808 1355 non
842 1298 1243 1354 meminerunt
1290 1295 1679 1367 Evangelistie
1717 1296 1742 1351 ?
1778 1297 1927 1362 Quia
1954 1297 2023 1352 de
2066 1312 2137 1352 ea

477 1396 689 1447 notum
711 1393 849 1455 erat,
884 1386 1049 1459 quod
1097 1384 1371 1451 adfuerit,
1433 1390 1488 1441 et
1525 1401 1652 1456 quae
1685 1390 1947 1441 matrum
2000 1391 2138 1443 sunt

477 1476 1001 1535 demonstraverit.
1027 1474 1287 1546 Ideoque
1314 1490 1507 1547 neque
1526 1475 1829 1547 planctum
1851 1476 1976 1547 ejus
2000 1476 2136 1531 scri-

476 1573 729 1643 pserunt
753 1585 765 1623 :
791 1565 1024 1621 abunde
1046 1564 1202 1619 enim
1228 1564 1635 1620 satisfecerunt
1658 1567 2132 1636 pronuntiantes,

478 1658 639 1731 quod
671 1658 859 1713 ﬁlium
886 1656 1199 1709 docentem
1229 1653 1609 1725 sequebatur.
1654 1654 1897 1726 Oportet
1934 1661 2132 1711 autem

2251 481 2546 544 Ἰουδαίοις.

2328 574 2475 635 Εἰκὸς
2523 570 2579 625 δὲ
2633 578 2746 624 τοτε
2797 574 2886 644 μὲν
2940 577 3030 630 τὴν
3088 576 3337 625 Θεοτοκον
3390 570 3651 645 ἐγγυτέρω
3712 575 3849 645 παρὰ

2252 667 2344 725 τας
2398 664 2553 724 illa;
2609 665 2863 714 ἵστασθαι
2927 669 3196 732 γυναῖκας,
3258 670 3349 723 τῆς
3409 661 3697 732 φλεγμονῆς
3755 670 3848 712 τῶν

2252 752 2566 823 σπλάγχνων
2614 760 2843 813 νικώσης
2888 756 2974 802 τὸν
3030 750 3181 817 φοϐον
3231 760 3329 801 τῶν
3375 747 3672 803 Ἰουδαίων
3731 755 3845 815 ῖσω,

2252 838 2310 894 δὲ
2365 848 2453 893 καὶ
2500 844 2895 914 περιέρχεσθαι,
2944 846 3014 911 μὴ
3070 838 3360 912 δυναμένην
3412 839 3485 911 ἐφ’
3538 840 3643 900 ἐνὸς
3692 844 3848 891 τόπου

2249 936 2412 1004 μένειν
2446 929 2537 983 διὰ
2572 935 2637 983 τα
2675 938 2859 1004 κέντρα
2890 938 2983 991 τῆς
3015 934 3233 1003 φύσεως·
3285 932 3499 1003 ὕστερον
3533 926 3591 981 δε
3620 934 3847 1004 παραμέ-

2248 1042 2346 1074 νειν
2378 1030 2445 1093 τῷ
2477 1026 2731 1095 μνημείῳ,
2760 1026 2848 1073 καὶ
2876 1023 2997 1095 ὸρᾷν
3028 1021 3240 1073 ἕκαστα.

2321 1224 2420 1272 Καὶ
2470 1222 2512 1271 εἰ
2557 1226 2709 1270 τοῦτο
2758 1215 3033 1291 δεξόμεθα,
3086 1218 3357 1283 ζητητέον,
3404 1222 3514 1274 πῶς
3559 1214 3653 1266 οὐκ
3700 1213 3850 1285 ἐμνηο

2246 1312 2500 1380 μόνευσαν
2573 1308 2736 1369 αὐτῆς
2807 1310 2856 1359 οἱ
2915 1306 3319 1378 εὐαγγελισταί;
3380 1310 3522 1357 Διοτι
3591 1309 3850 1377 γνώριμον

2248 1395 2307 1456 ἦν
2378 1403 2495 1471 περὶ
2557 1398 2717 1457 αὐτῆς
2792 1398 2872 1448 ὅτι
2942 1400 3144 1457 πάντως
3200 1402 3391 1468 παρῆν,
3468 1398 3558 1445 καὶ
3622 1396 3685 1444 τὰ
3749 1412 3849 1465 μη-

2245 1493 2399 1559 τέρων
2481 1484 2831 1540 ἐπεδείκνυτο.
2910 1486 3003 1536 Διὰ
3068 1491 3221 1535 τοῦτο
3290 1486 3391 1556 γὰρ
3468 1479 3591 1534 οὐδὲ
3667 1484 3850 1555 θρῆνον

2247 1576 2406 1637 αὐτῆς
2499 1578 2804 1647 ἱστΰρησαν.
2901 1575 3172 1645 Ἕφθασαν
3254 1575 3355 1644 ’γὰρ
3445 1570 3854 1643 dicar/yenatio?“

2246 1668 2325 1718 ὅτι
2358 1666 2624 1723 ἠκολούθει
2670 1664 2787 1735 (61)
2828 1672 2899 1733 τῷ
2949 1665 3043 1733 υἱῲ
3094 1658 3429 1715 διδάσκοντι.
3478 1667 3592 1736 Χρὴ
3650 1659 3731 1727 δὲ,
3765 1667 3852 1713 καὶ

479 1755 535 1805 et
557 1749 670 1803 hoc
698 1752 755 1803 et
785 1745 929 1800 illud
963 1743 1129 1808 scire,
1160 1744 1461 1815 quodque
1486 1749 1713 1800 naturae
1764 1744 2133 1801 conformius

2253 1765 2402 1808 τοῦτο
2491 1754 2694 1807 κάκεῖνο
2769 1759 3064 1824 γινώσκειν,
3134 1757 3224 1803 καὶ
3300 1756 3356 1804 τὸ
3429 1756 3851 1825 προσφυέστερον

477 1844 568 1894 est
608 1838 931 1908 suscipere.

547 1930 773 1983 Marcus
791 1946 933 1986 vero
951 1932 1031 1986 ait
1058 1948 1070 1985 :
1095 1931 1289 1987 Erant
1307 1934 1498 1984 autem
1531 1932 1582 1982 et
1616 1927 1891 1981 mulieres
1909 1924 2136 1981 eminus

475 2017 818 2085 aspicientes
849 2020 918 2082 ⁵³,
952 2020 1103 2075 inter
1129 2036 1280 2091 quas
1303 2024 1430 2073 erat
1476 2015 1653 2072 Maria
1694 2012 2058 2083 Magdalene,
2080 2017 2137 2068 et

475 2105 655 2162 Maria
674 2109 880 2163 Jacobi
912 2109 1085 2163 Parvi
1115 2110 1317 2164 etJose
1350 2112 1558 2171 mater,
1584 2111 1640 2161 et
1670 2104 1920 2161 Salome.
1970 2102 2135 2157 Hanc

475 2201 676 2251 autem
708 2197 986 2253 Salomen
1045 2198 1293 2268 quidam
1325 2212 1458 2252 eam
1500 2212 1629 2251 esse
1660 2195 1953 2259 dixerunt,
1999 2208 2134 2265 qua:

475 2285 640 2358 apud
670 2287 1005 2343 Mattheeum
1038 2287 1254 2343 dicitur
1283 2291 1462 2343 mater
1482 2286 1740 2342 ﬁliorum
1768 2283 2059 2340 Zebedaei.

602 2484 759 2537 CAP.
794 2483 1033 2538 LXVIII.
1067 2485 1135 2540 De
1159 2483 1431 2554 petitione
1461 2483 1716 2554 corporis
1742 2481 2001 2539 Domini.

547 2663 709 2717 Vers.
742 2665 833 2717 57.
869 2664 1004 2719 Cum
1034 2679 1162 2720 sero
1190 2669 1381 2720 autem
1419 2666 1644 2733 factum
1699 2672 1839 2720 esset
1866 2696 1934 2705 —
1974 2664 2128 2721 Jesu.

475 2752 740 2808 Joannes
759 2769 898 2808 vero
926 2755 1104 2809 etiam
1131 2754 1530 2825 aliaquaadam
1560 2754 1914 2825 priusquam
1932 2755 2007 2809 ad
2032 2756 2136 2809 ho-

473 2858 608 2897 rum
644 2843 951 2899 accederet
975 2846 1376 2899 narrationem
1412 2846 1650 2916 scripsit
1676 2844 1881 2899 dicens
1912 2845 2137 2915 :Igitur

471 2932 750 2989 Judaeine
762 2941 1135 2990 remanerent
1150 2936 1211 2989 in
1235 2951 1410 2990 cruce
1426 2950 1680 3003 corpora
1694 2935 1974 3004 Sabbato,
2000 2934 2134 3005 quia

473 3022 785 3080 Parasceve
815 3031 943 3079 erat
982 3026 1050 3089 ⁸9,
1084 3030 1217 3090 etc.,
1259 3024 1333 3079 de
1373 3040 1615 3079 crurum
1649 3025 1951 3079 latronum
1997 3040 2136 3079 con-

2249 1842 2631 1917 ἀποδέχεσθαι.

2319 1940 2530 2009 Μάρκος
2596 1931 2655 1986 δέ
2719 1952 2897 2005 φησιν.
2949 1931 3120 1983 Ἦσαν
3176 1927 3235 1983 δὲ
3298 1934 3386 1982 καὶ
3446 1938 3689 2001 γυναῖκες
3753 1929 3851 1982 ἀπὸ

2246 2027 2501 2098 μακρόθεν
2554 2027 2862 2096 θεωροῦσαι,
2920 2020 2966 2073 ἐν
3022 2022 3103 2082 αἷς
3153 2017 3213 2077 ἦν
3260 2026 3350 2072 καὶ
3398 2025 3577 2094 Μαρία
3621 2022 3649 2077 ἡ
3706 2028 3852 2092 Μαγ-

2247 2111 2468 2180 δαληνὴ,
2516 2119 2605 2165 καὶ
2646 2118 2824 2184 Μαρία
2860 2114 2888 2169 η
2942 2118 3031 2163 τοῦ
3079 2108 3327 2163 Ἰακώϐου
3376 2118 3466 2161 τοῦ
3514 2118 3720 2183 Μικροῦ
3765 2116 3852 2162 καὶ

2243 2204 2391 2263 Ἰωσῆ
2450 2208 2633 2277 μητερ,
2699 2207 2787 2254 καὶ
2848 2201 3086 2272 Σαλώμη.
3145 2203 3348 2257 Ταύτην
3410 2196 3468 2252 δὲ
3525 2205 3614 2258 τήν
3673 2200 3853 2251 Σαλω-

2244 2316 2346 2367 μην
2394 2298 2522 2355 τινες
2566 2290 2704 2345 εἷπον
2752 2290 2880 2343 εἶναι
2910 2298 3002 2349 τὴν
3034 2292 3178 2363 παρὰ
3208 2297 3279 2360 τῷ
3321 2290 3572 2361 Ματθαίῳ
3597 2289 3853 2362 ῥηθεῖσαν

2244 2389 2445 2458 μητέρα
2470 2393 2568 2435 τῶν
2601 2384 2722 2434 υἱῶν
2750 2377 3052 2434 Ζεϐεδαίου.

2248 2517 2391 2564 ΚΕΦ.
2454 2507 2570 2564 ΗΞ.
2634 2512 2758 2583 Περὶ
2832 2515 2931 2569 τῆς
2996 2506 3252 2567 αἰτήσεως
3312 2511 3403 2557 τοῦ
3450 2510 3688 2576 σώματος
3759 2511 3856 2557 τοῦ

2245 2602 2443 2657 Ἰησοῦ.

2316 2690 2503 2760 Ὀψίας
2577 2684 2634 2739 δὲ
2704 2691 2977 2759 γενομένης
3042 2716 3111 2725 —
3169 2684 3365 2742 Ἰησοῦ.
3422 2683 3481 2735 Ὀ
3545 2679 3606 2736 δε
3677 2684 3857 2737 Ἰωάν-

2244 2801 2335 2841 νης
2382 2785 2471 2830 καὶ
2507 2779 2655 2837 ἄλλα,
2700 2782 2798 2850 πρὸ
2847 2784 2938 2827 τοῦ
2984 2774 3141 2826 ἐλθεῖν
3180 2783 3381 2839 νοῦτον,
3432 2776 3736 2845 ἱστόρησεν,
3791 2774 3857 2824 Οἱ

2245 2868 2331 2922 οὖν
2377 2866 2646 2929 Ἰουδαῖοι,
2702 2868 2880 2937 λέγων,
2935 2867 3016 2915 ἵνα
3073 2869 3143 2935 μὴ
3200 2868 3344 2935 μείνη
3408 2863 3490 2914 ἐπὶ
3543 2870 3634 2914 τοῦ
3694 2882 3857 2913 σταυ-

2245 2968 2337 3033 ροῦ
2394 2962 2459 3009 τὰ
2516 2966 2736 3029 σώματα
2802 2959 2849 3007 ἐν
2903 2963 2974 3024 τῷ
3040 2952 3307 3023 Σαϐϐάτῳ,
3382 2952 3466 3003 ἐπὶ
3532 2956 3852 3026 Παρασκευὴ

2246 3046 2327 3113 ἦν,
2396 3053 2484 3099 καὶ
2561 3049 2626 3099 τὰ
2710 3046 2846 3107 ἑξῆς
2933 3048 3051 3118 περί
3127 3062 3182 3094 τε
3248 3050 3343 3103 τῆς
3397 3040 3684 3102 κατεάξεως
3757 3048 3856 3092 τῶν

469 3110 775 3178 fractione,
799 3118 856 3169 et
898 3114 970 3169 de
1000 3114 1305 3185 apertione
1330 3113 1527 3169 lateris
1550 3115 1807 3171 Domini.
1837 3117 2003 3169 Hunc
2028 3130 2133 3169 au-

2253 3139 2437 3191 σκε).ῶν
2508 3146 2600 3189 τῶι
2682 3135 2910 3207 λῃστῶν,
2982 3138 3070 3185 καὶ
3137 3137 3252 3204 περὶ
3328 3140 3422 3190 τῆς
3489 3130 3672 3192 νῦξεως
3766 3140 3858 3189 τῆς

469 3205 589 3257 tem
614 3203 835 3274 Joseph
865 3206 1092 3258 Marcus
1118 3204 1433 3259 honestum
1462 3210 1800 3259 senatorem
1816 3204 2131 3275 scripsit“,

470 3306 540 3346 ac
566 3298 1011 3364 exspectantem
1041 3309 1296 3363 regnum
1336 3294 1458 3348 Dei.
1503 3297 1826 3349 Honestum
1859 3294 2130 3365 quidem,

471 3386 676 3453 utpote
724 3398 969 3452 gravem
1024 3390 1080 3438 et
1127 3383 1469 3438 modestum
1518 3401 1530 3437 :
1579 3390 1916 3439 senatorem
1968 3400 2131 3452 vero,

467 3486 686 3543 nempe
746 3487 935 3526 unum
976 3478 1322 3527 senatorum
1381 3473 1633 3528 civitatis
1671 3478 1880 3529 :erant
1935 3481 2132 3530 autem

470 3566 775 3615 senatores
808 3560 1176 3627 decuriones,
1205 3561 1538 3629 consiliarii,
1561 3580 1624 3617 ac
1636 3564 1916 3620 ofﬁciales
1931 3565 2129 3619 curiae.

471 3651 838 3719 Exspectans
868 3650 1007 3704 item
1039 3666 1292 3719 regnum
1322 3652 1446 3719 Dei,
1479 3653 1641 3723 quod
1677 3653 1947 3710 videlicet
1977 3655 2135 3709 circa

471 3738 808 3794 secundum
841 3739 1073 3795 Domini
1106 3740 1433 3795 adventum
1473 3741 1736 3797 futurum
1769 3748 1912 3799 erat.
1947 3744 2134 3799 Lucas

469 3833 670 3883 autem
702 3829 894 3884 virum
920 3829 1154 3901 justum
1186 3835 1241 3884 et
1270 3830 1501 3885 bonum
1527 3847 1667 3886 eum
1698 3833 2033 3888 nominavit
2060 3833 2132 3902 τί,

468 3923 526 3973 et
556 3919 718 3989 quod
749 3933 870 3973 non
906 3926 1291 3976 consenserat
1326 3921 1572 3976 consilio
1610 3938 1680 3977 ac
1710 3922 1866 3977 facto
1896 3921 2135 3978 Iudaeo-

467 4023 603 4063 rum
636 4025 649 4062 :
684 4008 973 4063 oriundus
1004 4009 1081 4065 ab
1108 4010 1474 4067 Arimathaaa
1500 4011 1733 4066 civitate
1763 4012 2130 4068 Judaeorum.

465 4100 727 4154 Joannes
758 4114 895 4155 vero
926 4099 1287 4172 discipulum
1325 4100 1568 4171 quidem
1608 4117 1747 4156 eum
1780 4102 1960 4157 fuisse
1993 4102 2136 4157 dicit

466 4190 602 4243 Jesu
622 4190 690 4255 τ’,
715 4190 1012 4245 occultum
1028 4195 1228 4246 autem
1247 4196 1491 4262 propter
1513 4197 1740 4246 metum
1761 4192 2131 4259 Judzeorum,

465 4283 522 4334 et
546 4284 673 4335 erat
704 4296 775 4335 ex
806 4282 1188 4352 septuaginta
1218 4279 1559 4352 discipulis.

536 4477 694 4530 Vers.
729 4477 816 4530 58.
852 4477 965 4532 Hic
997 4507 1065 4514 —
1100 4491 1307 4547 corpus
1334 4477 1497 4531 Jesu.
1534 4479 1611 4531 Eo
1647 4477 1812 4549 quod
1846 4478 1922 4533 illi
1956 4485 2131 4536 notus
2168 4453 2214 4509 D

466 4573 642 4619 esset.
684 4566 910 4619 Marcus
936 4582 1078 4619 vero
1110 4565 1249 4619 dicit
1287 4566 1451 4637 quod
1484 4575 1727 4637 sumpta
1757 4570 2013 4626 audacia
2049 4570 2136 4625 in-

467 4669 707 4723 gressus
755 4663 835 4708 est
886 4656 963 4708 ad
1003 4654 1273 4721 Pilatum,
1315 4660 1371 4711 et
1410 4657 1574 4728 petiit
1612 4673 1830 4729 corpus
1877 4662 2013 4715 Jesu
2067 4668 2132 4718 ⁷³.

540 4754 587 4787 (³⁸
641 4755 811 4811 Marc.
842 4769 937 4822 xv,
980 4756 1069 4808 40.
1184 4756 1230 4789 ⁶⁹
1270 4755 1440 4812 Joan.
1484 4766 1600 4821 xix,
1638 4756 1727 4811 51.

538 4844 585 4877 ⁷³
627 4845 801 4899 Marc.
835 4860 933 4915 xv,
973 4844 1064 4900 43.

1841 4761 1890 4795 ⁷ο
1929 4764 2101 4818 Marc.
2145 4782 2237 4831 xv,
2278 4767 2367 4819 43.

2242 3230 2468 3303 πλευρᾶς
2518 3232 2609 3277 τοῦ
2658 3229 2873 3298 Κυρίου.
2924 3228 3113 3276 Τοῦτον
3164 3219 3222 3274 δὲ
3265 3224 3349 3272 τὸν
3392 3222 3587 3290 Ἰωσὴφ
3629 3221 3654 3270 ὁ
3704 3222 3858 3291 Μάρ-

2243 3338 2328 3378 κος
2402 3318 2714 3388 εὐσχήμονα
2793 3312 3078 3385 βουλευτὴν
3148 3309 3421 3384 ἀνέγραψε,
3483 3314 3569 3361 καὶ
3620 3306 3858 3381 προσδε-

2243 3413 2464 3479 χόμενον
2497 3410 2589 3463 τήν
2622 3403 2893 3477 βασιλείαν
2931 3410 3022 3454 τοῦ
3068 3407 3220 3457 Θεοῦ.
3264 3399 3590 3471 Εὐσχὴμονα
3632 3403 3748 3471 μὲν,
3793 3402 3860 3458 ὡς

2247 3500 2427 3567 σεμνὸν
2474 3499 2564 3545 καὶ
2605 3498 2843 3565 κόσμιον·
2889 3490 3167 3563 βουλευτὴν
3210 3486 3289 3555 δὲ,
3336 3491 3403 3548 ὡς
3450 3490 3536 3540 ἕνα
3574 3496 3675 3539 τῶν
3728 3487 3860 3560 βου-

2241 3586 2431 3637 λευτῶν
2476 3594 2564 3644 τῆς
2612 3583 2821 3642 πόλεως’
2872 3580 3191 3654 ὀφφικιάλιοι
3246 3576 3305 3631 δὲ
3352 3575 3488 3636 ἦσαν
3539 3580 3587 3629 οἱ
3627 3576 3857 3649 βουλευ-

2246 3680 2356 3728 ταί”
2413 3670 2837 3747 προσδεχόμενον
2888 3668 2946 3722 δὲ
2986 3676 3079 3728 τὴν
3130 3668 3403 3741 βασιλείαν
3447 3675 3537 3720 τοῦ
3579 3672 3724 3731 Θεοῦ,
3758 3670 3854 3723 τὴν

2244 3765 2553 3837 μέλλουσαν,
2607 3767 2700 3819 την
2750 3764 2883 3813 κατὰ
2932 3760 3046 3831 (64)
3105 3764 3199 3817 τήν
3251 3762 3550 3830 παρουσίαν
3596 3761 3686 3813 τὴν
3732 3751 3857 3807 δευ-

2243 3860 2393 3927 τέραν
2446 3862 2536 3905 τοῦ
2590 3859 2845 3927 Χριστοῦ,
2904 3856 3111 3910 Λουκᾶς
3164 3846 3221 3901 δὲ
3276 3844 3447 3922 ἄνδρα
3508 3847 3705 3917 ἀγαθόν
3761 3848 3852 3895 καὶ

2246 3942 2451 3997 δίκαιον
2510 3942 2664 3995 αὑτὸν
2737 3942 2992 4013 ὠνόμασε,
3070 3944 3161 3990 καὶ
3233 3942 3303 4009 μὴ
3386 3936 3858 4008 συνκατατεθειμέ-

2243 4054 2324 4086 νον
2366 4034 2478 4104 (65)
2527 4040 2587 4105 τῇ
2625 4031 2787 4104 βουλῇ
2821 4035 2910 4082 καὶ
2950 4038 3010 4102 τῇ
3053 4027 3239 4103 πράξει
3279 4036 3379 4078 τῶν
3413 4021 3707 4089 Ἰουδαίων,
3750 4022 3857 4075 ἀπὸ

2244 4123 2609 4196 Ἀριμαθαίας,
2673 4120 2860 4180 πόλεως
2935 4128 3033 4170 τῶν
3110 4113 3403 4171 Ἰουδαίων.
3484 4115 3722 4174 Ἰωάννης
3798 4109 3860 4165 δὲ

2243 4214 2481 4286 μαθητὴν
2525 4214 2614 4283 μὲν
2669 4210 2824 4261 αὐτὸν
2871 4206 2995 4261 εἶναι
3047 4207 3180 4278 λέγει
3228 4213 3317 4258 τοῦ
3370 4205 3568 4269 Ἰησοῦ,
3623 4222 3859 4275 κεκρυμο

2245 4307 2391 4376 μένον
2450 4298 2509 4353 δὲ
2558 4297 2651 4353 διὰ
2692 4304 2777 4352 τὸν
2832 4297 2986 4371 φόϐον
3032 4305 3132 4350 τῶν
3192 4291 3477 4350 Ἰουδαίων.
3534 4292 3631 4346 Ἦν
3687 4289 3753 4344 δὲ
3804 4291 3861 4343 ἐκ

2245 4401 2344 4444 τῶν
2376 4388 2738 4463 ἐϐδομήκοντα
2769 4390 3036 4460 μαθητῶν,

2321 4482 2484 4541 Οὗτος
2527 4511 2594 4521 -—
2633 4484 2692 4532 τὸ
2736 4487 2886 4551 σῶμα
2936 4486 3027 4529 τοῦ
3072 4477 3273 4533 Ἰησοῦ.
3316 4479 3579 4549 Γνὼριμος
3623 4472 3690 4523 ὢν
3737 4472 3861 4543 (66)

2250 4574 2410 4641 αὐτῷ.
2462 4573 2672 4643 Μάρκος
2743 4566 2801 4619 δὲ
2856 4564 2988 4620 εἶπεν
3041 4567 3121 4617 ὅτι
3176 4569 3264 4615 καὶ
3316 4563 3585 4635 τολμήσας
3643 4561 3864 4620 εἰσῆλθε

2249 4669 2373 4736 πρὸς
2422 4661 2662 4721 Πιλᾶτον,
2703 4664 2792 4710 καὶ
2842 4659 3075 4731 ᾐτήσατο
3118 4659 3175 4707 τὸ
3209 4664 3360 4726 σῶμα
3390 4662 3480 4705 τοῦ
3511 4653 3709 4711 ’ῐηῦοῦ.
3747 4656 3865 4708 Τὴν

2481 4761 2523 4795 ⁷¹
2562 4760 2693 4813 Luc.
2734 4773 2898 4823 xxm,
2933 4760 3018 4820 50,
3055 4756 3139 4808 5t.
3254 4755 3301 4788 τ’
3343 4752 3512 4808 Joan.
3582 4768 3704 4817 XIX,
3765 4752 3858 4805 38.

1708 4918 1936 4989 Variae
1968 4924 2299 4998 lectiones
2339 4933 2404 4995 et
2434 4932 2633 4989 [1016?»-

539 5059 651 5132 (61)
685 5060 872 5131 Hujus
901 5060 1330 5140 sententiaa_e_st
1354 5062 1656 5140 Chrxsost.
1687 5068 1725 5119 t.
1763 5067 1875 5131 VII,
1912 5084 1969 5140 p.
2004 5069 2132 5135 827,

463 5133 525 5191 B.
563 5149 746 5204 quam
782 5132 989 5204 repetit
1014 5133 1322 5204 Ttieopbil.
1352 5150 1411 5205 p.
1453 5136 1570 5202 I75,
1606 5136 1671 5189 D.

563 5205 652 5275 62)
684 5204 1047 5258 Ἠκολοῦθουν.
1085 5210 1138 5259 Β.

563 5206 652 5275 62)
684 5206 1047 5258 Ἠκολοῦθουν.
1085 5210 1138 5259 Β.

537 5206 653 5348 ίϐῐς)
683 5277 747 5331 In
778 5277 873 5332 his
912 5276 1337 5349 Theophylact.
1381 5294 1439 5349 p.
1474 5278 1599 5346 175,
1636 5278 1695 5332 D.

538 5453 621 5524 (k)
673 5453 966 5511 Viscerum
1005 5455 1490 5526 inﬂammatione.
1546 5463 1609 5514 In
1652 5458 1853 5517 libello
1896 5461 2128 5518 medico

464 5522 697 5603 llascita
717 5527 793 5580 ad
812 5522 1309 5603 verbum'reddita
1331 5546 1477 5603 esse,
1504 5546 1683 5603 nemo
1706 5533 2124 5603 reprehendat.

468 5599 569 5653 Hic
598 5599 945 5677 autemnon
965 5602 1224 5671 proprie,
1255 5602 1370 5677 sed
1388 5602 1669 5677 translate
1690 5599 1971 5677 loquitur.
2008 5605 2129 5659 Φλε-

466 5671 632 5746 γμονὴ
669 5666 986 5743 σπλάγχνωῦ
1010 5666 1152 5744 δι’ὲο
1167 5678 1254 5731 est
1274 5673 1445 5733 dolor
1467 5666 1867 5734 acutissimus.
1896 5677 2127 5748 Redde,

2316 5067 2429 5139 (64)
2463 5069 2608 5119 Κατά
2644 5068 2729 5121 τὴν
2773 5060 3016 5137 δευτέραν
3048 5062 3207 5113 αὑτοῦ
3239 5065 3534 5135 παρουσίαν
3582 5068 3675 5113 τοῦ
3728 5067 3867 5134 Χρι-

2246 5148 2397 5195 στοῦ.
2438 5146 2498 5191 Α.

2313 5212 2425 5284 (65)
2460 5209 2980 5284 ξυγκατατιθεμενον.
3012 5212 3079 5261 Α.

2314 5279 2430 5354 (66)
2462 5279 2579 5353 Ὧν,
2608 5279 2829 5338 omittit
2859 5279 2931 5335 Β.

2239 5461 2524 5519 acerrimo
2549 5459 2773 5525 dolore,
2804 5472 3029 5513 summa
3070 5454 3342 5513 tristitia.

2310 5532 2374 5605 (ι)
2405 5522 2931 5605 Naturaeaciileos.
2966 5529 3267 5605 q’t'la'fs_h00
3306 5528 3438 5605 loco
3462 5530 3630 5605 notat
3666 5522 3862 5605 affec-

2238 5599 2464 5661 tionem
2495 5604 2701 5660 matris
2730 5602 3019 5658 adversus
3064 5599 3273 5656 ﬁlium.
3320 5600 3542 5667 Redde,
3585 5603 3852 5671 propter

2238 5676 2654 5736 vehementiam
2686 5674 2946 5732 materni
2983 5672 3249 5747 affectus.
