4096 6384
236 306 337 360 741

1215 309 1587 366 COMMENT.
1639 309 1708 366 ΙΝ
1748 302 2193 364 ΜΑΤΤΗᾸΞΗΜ.
2234 335 2302 344 --
2342 302 2502 361 CAP.
2556 303 2781 360 XXVII.

3506 304 3611 358 742

230 435 487 507 προτέραν
538 436 639 507 γὰρ
692 431 889 491 δειλίαν
944 443 1006 509 τῇ
1061 436 1280 509 ὕστερον
1328 435 1588 511 τολμηρίᾳ
1645 437 1842 508 θαυμα-

1952 431 2216 488 Priorem
2246 429 2408 486 enim
2436 430 2706 485 timorem
2748 426 3014 501 sequenti
3045 426 3295 482 audacia
3326 429 3613 484 mirabili-

232 526 362 582 σίως
424 521 732 595 ἀπενίψατο,
785 532 873 579 καὶ
940 526 1012 589 εἰς
1069 529 1286 579 θάνατον
1349 523 1593 589 ἐξέδωκεν
1664 525 1841 578 ἑαυτὸν

229 619 296 683 τῇ
346 615 475 686 πρὸς
530 618 616 665 τὸν
673 612 1000 669 διδάσκαλον
1050 617 1244 688 εὐνοίᾳ,
1300 622 1392 674 τὴν
1439 619 1582 689 παρὰ
1638 618 1840 668 πάντων

230 710 338 753 τῶν
373 698 641 755 Ἰουδαίων
671 703 959 777 ἀπέχθειαν
990 702 1383 779 ἀναδεξάμενος.

308 796 436 845 Τότε
478 824 547 833 -
615 803 786 866 σῶμα.
860 798 1075 871 Μάρκος
1133 792 1192 849 δὲ
1250 816 1408 867 φησιν
1471 798 1550 848 ὅτι
1620 795 1842 855 Πιλάτος

232 878 553 953 ἐθαύμασεν,
634 883 678 937 εἰ
750 881 857 943 ἤδη
949 886 1177 951 τέθνηκε,
1256 891 1347 938 καὶ
1418 885 1841 957 προσκαλεσάμε-

232 987 327 1031 νος
406 973 493 1023 τόν
571 977 904 1047 κεντυρίωνα,
993 972 1327 1047 ἐπηρώτησεν
1389 974 1566 1038 αὐτόν,

231 1057 329 1110 λαι
401 1057 618 1113 ἀπέθανε
650 1078 663 1090 ·
734 1067 825 1115 καὶ
904 1082 1060 1135 ’γνους
1141 1062 1241 1116 ἀπὸ
1320 1071 1411 1116 τοῦ
1485 1066 1838 1135 κεντυρίωνος,

229 1144 545 1221 ἐδωρήσατο
608 1153 668 1202 τὸ
731 1160 884 1223 σῶμα
949 1161 1021 1224 τῷ
1070 1152 1286 1226 Ἰωσήφ.
1353 1148 1661 1226 Προσεδόκα
1715 1154 1838 1226 γὰρ,

231 1233 473 1311 βραδέως
529 1237 803 1293 ἀποθανεῖν
856 1242 1032 1307 αὐτὸν,
1090 1244 1155 1304 ὡς
1214 1244 1345 1295 θεῖόν
1396 1263 1514 1295 τινα
1575 1246 1663 1294 καὶ
1711 1242 1837 1315 ὑπερ

228 1329 352 1386 τοὺς
390 1326 628 1392 πολλούς.
673 1330 834 1392 Αὐτὸς
882 1328 962 1398 δὲ,
1008 1334 1073 1393 ὡς
1116 1334 1402 1407 ἄνθρωπος,
1454 1338 1592 1404 νόμῳ
1639 1334 1840 1404 φύσεως

230 1413 465 1475 ἑτελεύτη
475 1436 552 1473 σε.

304 1511 405 1559 Καὶ
453 1506 622 1559 λαϐὼν
684 1540 753 1551 -
821 1513 1047 1584 καθαρᾷ.
1096 1511 1155 1565 εΟ
1215 1509 1274 1565 δὲ
1329 1512 1573 1575 Ἰωάννης
1645 1512 1839 1567 πλατύ-

227 1614 378 1668 τερον
411 1598 659 1672 ἱστόρησε
697 1598 857 1671 λέγων
910 1622 923 1635 ·
954 1600 1138 1656 Ἦλθεν
1170 1602 1259 1654 οὖν
1293 1607 1383 1654 καὶ
1432 1598 1524 1676 ἧρε
1570 1605 1628 1654 τό
1686 1609 1839 1675 σῶμα

230 1693 328 1737 τοῦ
356 1686 555 1743 Ἰησόῦ.
590 1686 781 1760 [Ἦλθε
825 1691 943 1760 (67)
994 1687 1052 1744 δὲ
1103 1696 1191 1743 καὶ
1249 1689 1575 1764 Νικόδημος,
1609 1694 1634 1743 ό
1683 1690 1837 1744 ἐλθὼν

1647 974 1691 1026 εἰ
1742 978 1841 1026 πά-

224 1778 358 1848 πρός
423 1780 509 1828 τόν
565 1780 776 1835 Ἰησοῦν
827 1784 1011 1843 νυκτός
1056 1788 1113 1833 τὸ
1169 1790 1391 1857 πρῶτον,

228 1868 467 1939 σμύρνης
514 1871 604 1919 καὶ
655 1865 834 1934 ἀλόης,
918 1873 1036 1923 ὡσεὶ
1106 1871 1278 1940 λίτρας
1350 1872 1550 1928 ἑκατόν.
1619 1870 1836 1925 Ἔλαϐον

228 1951 322 2005 οὖν
357 1958 415 2007 τὸ
458 1964 610 2029 σῶμα
644 1965 736 2010 τοῦ
784 1959 1012 2031 Ἰησοῦ,]
1062 1966 1152 2013 καὶ
1189 1958 1388 2020 ἔδησαν
1446 1962 1573 2014 αὐτὸ
1623 1962 1670 2014 ἐν
1724 1963 1834 2017 ὀθο-

226 2049 361 2105 νίοις
413 2049 541 2116 μετά
618 2056 717 2098 τῶν
775 2047 1081 2122 ἀρωμάτων,
1143 2052 1311 2111 καθώς
1371 2054 1485 2112 ἔθος
1556 2051 1670 2105 ἐστὶ
1726 2061 1835 2117 τοῖς

229 2131 514 2197 Ἰουδαίοις
578 2135 921 2209 ἐνταφιάζειν,
990 2140 1275 2213 Ἐπίσημος
1325 2145 1414 2214 μὲν
1490 2142 1577 2194 οὖν
1636 2139 1697 2200 ἦν
1748 2148 1836 2195 καὶ

222 2230 479 2299 πρότερον
522 2228 547 2276 6
593 2226 812 2298 Ἰωσήφ,
869 2226 1246 2303 ἐπισημότερος
1300 2227 1358 2283 δὲ
1419 2236 1622 2303 γέγονεν
1671 2236 1726 2285 ἔκ
1782 2253 1835 2286 τε

216 2320 314 2365 τοῦ
346 2313 606 2385 τολμῆσαι
634 2314 806 2367 λαϐεῖν
843 2320 900 2368 τὸ
934 2326 1106 2390 σῶμα,
1157 2324 1246 2371 καὶ
1280 2330 1371 2371 τοῦ
1411 2330 1639 2393 τιμῆσαι
1684 2323 1830 2377 αὐτό.

224 2407 329 2454 Καὶ
385 2405 487 2476 γὰρ
540 2403 597 2455 οὗ
643 2409 796 2476 μόνον
837 2402 977 2480 ἦρεν,
1024 2406 1154 2460 ἀλλὰ
1192 2414 1283 2461 καὶ
1329 2410 1613 2472 πολυτελῶς
1664 2410 1833 2465 ἔνετα-

222 2496 382 2562 φίασε
458 2495 589 2563 μετά
640 2491 973 2567 Νικοδήμου.
1051 2502 1289 2570 Μίγματι
1343 2496 1403 2551 δὲ
1458 2503 1693 2573 σμύρνης
1745 2507 1835 2555 καὶ

219 2577 385 2641 ἀλόης
439 2588 587 2633 τοῦτο
650 2581 1010 2655 ἐνεταφίασαν,
1068 2588 1200 2639 ὥστε
1276 2583 1536 2659 διαμένειν
1596 2591 1833 2649 ἄσηπτον

221 2673 315 2720 καὶ
368 2666 596 2733 εὑῶδεςσ
652 2674 728 2723 ἔτι
786 2675 887 2746 γὰρ
942 2676 1011 2736 ὡς
1068 2676 1336 2748 ἄνθρωπον
1402 2677 1575 2748 ψιλὸν,
1649 2678 1833 2752 ἐτίμων

221 2759 404 2811 αὐτόν.
442 2764 540 2812 Καὶ
567 2761 717 2832 ἡμεῖς
759 2762 867 2831 οὖν,
903 2767 961 2815 τὸ
1009 2772 1163 2837 σῶμα
1204 2774 1296 2817 τοῦ
1352 2773 1545 2843 Κυρίου
1600 2766 1693 2821 διὰ
1740 2779 1835 2831 τῆς

220 2847 560 2920 μεταλήψεως
644 2849 1007 2923 λαμϐάνοντες,
1099 2858 1398 2930 μυρίσωμεν
1491 2866 1645 2911 τοῦτο
1724 2867 1834 2921 ταῖς

221 2932 471 2999 εὐωδίαις
504 2947 605 2990 τῶν
656 2938 848 3014 ἀρετῶν
886 2950 975 3003 τῆς
1024 2962 1079 2995 τε
1143 2944 1377 3018 πράξεως
1430 2952 1520 3000 καὶ
1570 2956 1666 3010 τῆς
1714 2950 1833 3001 θεω-

218 3044 359 3098 ριας.

296 3120 399 3168 Καὶ
448 3147 515 3158 --
572 3116 815 3187 ἀπῆλθεν,
878 3120 1040 3183 Οὗτος
1097 3126 1186 3194 μὲν
1243 3125 1268 3175 ὁ
1317 3124 1692 3198 εὐαγγελιστὴς
1740 3139 1831 3184 τοῦ
1863 3156 1906 3214 C

218 3203 420 3278 Ἰωσὴφ
479 3202 608 3260 εἶναι
669 3212 728 3261 τό
781 3219 1030 3283 μνημεῖον
1078 3208 1233 3280 εἶπεν,
1299 3217 1348 3267 οἱ
1417 3215 1561 3269 ἄλλοι
1621 3216 1679 3271 δὲ
1737 3219 1831 3272 οὐκ

214 3292 631 3368 ἐσημειώσαντο,
710 3304 850 3361 τίνος
930 3297 1010 3359 ἧν.
1086 3308 1223 3361 Φησὶ
1299 3307 1400 3379 γὰρ
1468 3308 1493 3359 ό
1545 3306 1825 3371 Ἰωάννης·

214 3385 321 3436 Ἤν
386 3380 446 3437 δὲ
510 3386 559 3438 ἐν
616 3396 690 3459 τῷ
774 3395 937 3463 τόπῳ,
1026 3393 1154 3445 ὅπου
1239 3392 1565 3470 ἐσταυρώθη,
1644 3406 1828 3464 κῆπος,

219 3479 314 3526 καὶ
385 3473 435 3525 ἐν
492 3484 563 3547 τῷ
629 3481 781 3549 κήπῳ
856 3488 1103 3552 μνημεῖον
1184 3488 1343 3549 κενὸν,
1424 3484 1474 3537 ἐν
1623 3483 1832 3539 οὐδέπω

217 3559 400 3625 οὐδεὶς
444 3563 612 3629 ἐτέθη,
663 3572 753 3619 καὶ
810 3570 875 3621 τὰ
930 3569 1066 3632 ἑξῆς.
1121 3572 1275 3634 Εἰκὸς
1324 3569 1430 3641 οὖν,
1486 3582 1579 3627 τοῦ
1637 3578 1830 3650 Ἰωσὴφ

216 3655 484 3726 ὑπάρχειν
535 3659 621 3707 τόν
668 3664 855 3727 κῆπον,
911 3657 958 3710 ἐν
1090 3661 1152 3718 ἦν
1205 3666 1261 3714 τὸ
1319 3684 1563 3737 μνημεον.
1618 3665 1829 3739 ’ῼκονο-

214 3744 364 3815 μήθη
418 3739 476 3796 δὲ
527 3749 668 3797 κενὸν
718 3743 846 3799 εἶναι
891 3756 1065 3814 τοῦτο,
1120 3752 1202 3802 ἶνα
1265 3761 1358 3804 τοῦ
1411 3762 1645 3828 Σωτῆρος
1705 3756 1828 3810 ἀνα-

211 3835 435 3892 στάντος
480 3838 551 3905 μὴ
608 3838 833 3909 νομισθῇ
885 3838 1054 3914 ἕτερος
1109 3838 1415 3901 ἀναστῆναι.
1476 3847 1828 3919 Προσεκύλισε

207 3926 393 3993 μέντοι
468 3923 609 3975 λίθον
683 3930 863 3997 μέγαν,
942 3934 1297 4004 συναραμένου
1370 3933 1509 4004 αὑτῲ
1577 3940 1666 3987 καὶ
1730 3945 1823 3990 τοῦ

202 4008 551 4084 Νικοδήμου.
622 4018 693 4067 T6
756 4011 814 4068 δὲ
882 4026 1130 4090 μνημεῖον
1186 4020 1550 4086 σπηλαιοειὸές
1606 4025 1667 4083 ἦν
1728 4026 1826 4079 λα-

204 4102 417 4164 ξευτόν.

280 4197 384 4244 Ἦν
426 4188 486 4280 ci":
514 4224 583 4232 —
626 4195 815 4266 τάφου.
863 4200 1072 4271 Μάρκος
1117 4195 1176 4253 δὲ
1219 4221 1414 4273 φησιν’
1442 4203 1499 4257 Ἠ
1542 4201 1601 4257 δὲ
1650 4214 1827 4280 Μαρια

200 4283 232 4339 ἡ
303 4278 634 4353 Μαγδαληνὴ
685 4290 775 4336 καὶ
826 4292 1005 4363 Μαρία
1064 4290 1094 4348 ἡ
1166 4300 1258 4343 τοῦ
1332 4292 1485 4353 Ἰωσῆ
1551 4278 1822 4371 ἐθεώρουν,

196 4379 311 4425 ποῦ
406 4374 625 4426 τίθεται.
707 4378 912 4438 Λουκᾶς
1007 4375 1067 4432 δὲ
1154 4380 1285 4453 λέγει
1318 4400 1330 4413 ·
1418 4386 1823 4449 Κατακολουθή-

1952 528 2041 579 ter
2065 521 2272 584 abluit,
2295 524 2352 576 et
2378 520 2643 592 seipsum
2676 520 2735 574 in
2757 523 3013 574 mortem
3046 516 3308 581 tradidit,
3331 517 3409 573 ob
3432 518 3610 574 bene-

1952 611 2275 667 volentiam
2295 625 2482 681 quam
2511 608 2913 678 gerebaterga
2948 612 3397 678 praeceptorem,
3428 607 3608 662 susci-

1952 700 2118 772 piens
2148 699 2206 754 in
2240 714 2301 754 se
2333 704 2686 753 cunctorum
2715 695 3088 752 inimicitiam
3119 696 3480 752 Iudaeorum.

2028 792 2182 844 Vers.
2225 791 2311 843 58.
2359 789 2517 844 Tunc
2548 820 2614 827 —
2669 803 2903 856 corpus.
2947 789 3174 843 Marcus
3208 792 3407 841 autem
3440 787 3605 856 dixit,

1952 881 2115 951 quod
2135 879 2371 935 Pilatus
2388 878 2803 934 admirabatur
2824 879 2875 932 si
2888 879 3025 947 jam
3054 882 3322 932 mortuus
3346 883 3488 933 esset
3517 894 3531 943 ;
3555 884 3609 934 et

1950 967 2229 1025 accersito
2260 968 2618 1032 centurione,
2647 965 3043 1036 interrogavit
3074 981 3226 1030 eum,
3260 981 3339 1021 an
3377 966 3609 1026 iamdu-

1950 1059 2094 1115 dum
2118 1064 2376 1113 mortuus
2397 1064 2564 1113 esset:
2592 1063 2644 1113 et
2665 1073 2772 1112 rea
2795 1055 3138 1112 centurione
3159 1058 3419 1127 cognita,
3435 1057 3611 1112 dona-

1952 1148 2035 1203 vit
2051 1163 2254 1218 corpus
2282 1148 2393 1216 ipsi
2410 1145 2627 1215 Joseph
2654 1147 2721 1200 7‘.
2753 1145 3045 1216 Sperabat
3067 1146 3227 1200 enim
3257 1146 3419 1201 tarde
3442 1145 3608 1202 illum

1952 1238 2327 1301 moriturum,
2343 1241 2637 1308 tanquam
2649 1236 2921 1291 divinum
2940 1235 3270 1308 quemdam
3298 1235 3603 1292 hominem

1949 1327 2056 1400 qui
2087 1333 2331 1384 caeteros
2362 1324 2693 1383 excederet.
2726 1326 2859 1399 Ipse
2888 1341 3029 1381 vero
3049 1325 3178 1396 lege
3196 1330 3420 1382 naturae
3452 1342 3607 1383 mor-

1950 1422 2089 1474 tuus
2120 1424 2212 1473 est
2241 1422 2534 1489 tanquam
2558 1432 2735 1472 verus
2760 1416 2965 1472 homo.

2022 1508 2181 1563 Vers.
2210 1507 2295 1563 59.
2321 1509 2748 1577 Sumptumque
2771 1535 2835 1544 —
2860 1502 3094 1560 munda.
3119 1506 3377 1560 Joannes
3403 1511 3605 1561 autem

1948 1595 2125 1652 latius
2177 1595 2404 1667 scripsit
2447 1595 2691 1652 dicens:
2737 1594 2905 1650 Venit
2951 1610 3086 1665 ergo
3130 1601 3181 1650 et
3215 1593 3350 1649 tulit
3391 1611 3608 1665 corpus

1947 1687 2103 1743 Jesu.
2148 1688 2316 1743 Venit
2347 1692 2546 1741 autem
2578 1690 2631 1742 et
2662 1684 3012 1741 Nicodemus
3058 1684 3108 1738 is
3136 1683 3241 1754 qui
3267 1693 3509 1741 venerat
3533 1687 3610 1742 ad

1449 1787 1608 1854 φέρων
1663 1787 1831 1855 μίγμα

1948 1776 2138 1833 Iesum
2171 1782 2335 1832 nocte
2351 1775 2634 1844 primum,
2666 1775 2871 1844 ferens
2912 1776 3219 1829 misturam
3261 1775 3528 1845 myrrha?
3554 1780 3609 1831 et

1948 1868 2099 1923 aloes
2110 1866 2187 1921 ad
2200 1865 2387 1922 libras
2398 1866 2589 1934 ferme
2601 1869 2857 1919 centum.
2876 1864 2925 1917 A
2936 1870 3250 1931 coeperunt
3269 1863 3468 1934 itaque
3482 1880 3608 1920 cor-

1942 1971 2056 2025 pus
2070 1956 2227 2022 Jesu,
2248 1960 2300 2011 et
2330 1954 2737 2024 objunxerunt
2764 1952 2924 2007 illud
2951 1952 3138 2008 linteis
3161 1968 3293 2009 cum
3321 1956 3604 2010 aromati-

1948 2044 2072 2115 bus,
2104 2044 2257 2100 sicut
2287 2059 2408 2100 mos
2437 2049 2521 2100 est
2549 2043 2770 2099 Judceis
2799 2043 3040 2111 sepelire
3069 2043 3138 2095 ⁷⁵.
3175 2041 3431 2112 Insignis
3462 2058 3605 2113 ergo

1946 2138 2075 2189 erat
2113 2139 2168 2189 et
2208 2141 2384 2189 antea
2421 2133 2663 2204 Joseph,
2704 2132 2807 2188 sed
2845 2131 3139 2202 insignior
3178 2132 3368 2187 factus
3408 2138 3495 2187 est
3533 2148 3603 2188 eo

1945 2224 2111 2295 quod
2138 2223 2346 2280 Christi
2378 2238 2589 2293 corpus
2615 2238 2801 2278 ausus
2824 2220 2995 2276 fuerit
3024 2222 3313 2294 accipere,
3339 2221 3603 2294 illudque

1942 2310 2261 2367 honorare.
2295 2314 2493 2382 Neque
2524 2312 2684 2365 enim
2714 2309 2908 2365 solum
2941 2309 3094 2375 tulit,
3129 2309 3233 2364 sed
3264 2314 3322 2365 et
3353 2310 3605 2381 pretiose

1944 2416 2013 2457 ac
2043 2399 2370 2457 honoriﬁce
2401 2416 2539 2455 cum
2571 2401 2891 2455 Nicodemo
2932 2399 3218 2472 sepelivit.
3262 2400 3326 2453 In
3361 2400 3606 2456 mistura

1944 2495 2145 2547 autem
2176 2489 2438 2561 myrrhae
2483 2493 2541 2545 et
2570 2489 2732 2545 aloes
2769 2488 2908 2544 illud
2951 2488 3330 2561 sepelierunt,
3375 2496 3438 2543 ut
3478 2489 3603 2545 sine

1944 2581 2321 2653 corruptione
2352 2584 2409 2635 et
2437 2579 2499 2634 in
2529 2578 2693 2634 bono
2732 2578 2916 2634 odore
2946 2584 3321 2649 permaneret
3356 2595 3368 2632 :
3403 2578 3605 2635 adhuc

1944 2669 2103 2724 enim
2138 2672 2199 2724 ut
2231 2669 2464 2723 nudum
2502 2668 2812 2723 hominem
2852 2666 3057 2739 ipsum
3094 2666 3495 2723 honorabant.
3538 2671 3605 2724 Et

1944 2774 2056 2813 nos
2095 2773 2237 2829 ergo
2284 2757 2521 2813 Domini
2564 2773 2783 2829 corpus
2834 2773 2938 2829 per
2975 2758 3489 2829 participationem
3544 2759 3603 2812 in

1946 2847 2117 2903 altari
2172 2847 2277 2919 (m)
2326 2847 2704 2919 accipientes,
2756 2847 3168 2902 odoramentis
3218 2847 3363 2902 illud
3420 2863 3605 2919 unga-

1943 2952 2098 3004 mus,
2117 2936 2406 2992 suavibus
2423 2936 2684 2993 videlicet
2704 2937 2989 2992 virtutum
3014 2936 3319 3009 operibus,
3340 2953 3407 2992 ac
3426 2953 3603 3008 opere

1943 3032 1996 3082 et
2022 3026 2542 3097 contemplatione.

2010 3144 2171 3199 Vers.
2192 3147 2276 3199 60.
2303 3143 2384 3198 Et
2418 3175 2479 3183 —
2506 3142 2674 3198 abiit.
2704 3142 2806 3198 Hic
2832 3141 3078 3214 quidem
3108 3141 3484 3213 Evangelista
3515 3142 3601 3215 ip-

1939 3233 2061 3289 sius
2081 3233 2304 3305 Joseph
2334 3232 2477 3288 dicit
2499 3233 2678 3288 fuisse
2705 3235 3203 3287 monumentum:
3230 3231 3425 3288 czeteri
3458 3248 3599 3288 vero

1940 3338 2058 3378 non
2086 3322 2575 3393 signiﬁcaverunt
2598 3321 2770 3392 cujus
2792 3321 2964 3377 fuerit
2984 3341 2995 3375 ι
3016 3323 3277 3377 Joannes
3301 3322 3457 3376 enim
3480 3322 3559 3378 ait
3583 3336 3594 3375 :

1966 3413 2117 3468 Erat
2152 3411 2417 3469 autemin
2450 3413 2576 3468 loco
2608 3411 2709 3466 ubi
2738 3412 3057 3479 cruciﬁxus
3084 3418 3161 3465 est
3191 3411 3413 3476 hortus,
3450 3418 3502 3467 et
3534 3411 3598 3467 in

1942 3502 2113 3558 horto
2143 3508 2583 3557 monumentum
2614 3516 2850 3565 novum,
2886 3503 2950 3556 in
2993 3517 3103 3571 quo
3136 3501 3395 3556 nondum
3445 3500 3600 3571 quis-

1939 3608 2117 3663 quam
2129 3592 2565 3659 positus/uerat
2582 3592 2651 3657 ⁷⁵,
2673 3597 2783 3645 etc.
2802 3589 3131 3645 Verisimile
3156 3606 3298 3659 ergo
3316 3590 3599 3660 estipsius

1935 3683 2148 3752 Joseph
2173 3681 2351 3736 fuisse
2370 3680 2681 3735 hortumin
2700 3696 2821 3751 quo
2853 3684 3472 3735 eratmonumentum.
3500 3680 3600 3733 0r-

1936 3770 2210 3826 dinatum
2243 3774 2329 3826 est
2361 3775 2560 3825 autem
2587 3776 2649 3825 ut
2677 3769 2827 3824 illud
2851 3769 3025 3825 fuerit
3055 3785 3305 3837 novum,
3344 3785 3414 3823 ne
3440 3772 3601 3841 post-

1937 3876 2123 3931 quam
2139 3859 2555 3915 resurrexisset
2570 3859 2862 3925 Salvator,
2883 3858 3151 3929 suspicio
3172 3858 3379 3914 haberi
3399 3863 3600 3930 posset

1935 3949 2121 4005 alium
2156 3950 2566 4004 resurrexisse.
2603 3948 2874 4003 Advolvit
2905 3964 3150 4020 quoque
3182 3964 3398 4003 saxum
3432 3965 3599 4020 mag—

1933 4055 2103 4103 num,
2134 4038 2423 4094 auxilium
2454 4040 2570 4109 ipsi
2596 4042 2915 4110 praestante
2941 4043 2998 4091 et
3025 4037 3367 4093 Nicodemo.
3399 4041 3599 4093 Monu-

1935 4133 2205 4184 mentum
2233 4132 2424 4183 autem
2447 4129 2504 4181 in
2540 4126 2843 4198 speluncae
2870 4125 3119 4181 modum
3152 4130 3281 4181 erat
3302 4128 3592 4181 excisum.

2002 4219 2158 4273 Vers.
2189 4218 2283 4273 60.
2325 4218 2483 4274 Erat
2523 4222 2719 4273 autem
2754 4248 2822 4255 —
2851 4215 3133 4285 sepulcri.
3164 4218 3395 4270 Marcus
3440 4230 3583 4271 vero

1932 4307 2013 4363 ait
2046 4323 2057 4361 :
2090 4308 2291 4365 Maria
2320 4313 2519 4364 autem
2554 4306 2928 4375 Magdalene,
2972 4311 3026 4361 et
3051 4305 3253 4361 Maria
3277 4304 3409 4360 Jose
3432 4304 3591 4372 aspi-

1932 4397 2162 4453 ciebant
2180 4396 2275 4451 ubi
2299 4402 2627 4465 poneretur
2648 4397 2697 4431 ⁷⁷
2722 4411 2737 4460 ;
2762 4394 2951 4451 Lucas
2977 4398 3178 4450 autem
3206 4414 3219 4449 :
3252 4393 3590 4450 Subsecutae

202 4480 381 4513 σασαι
424 4458 483 4515 δὲ
519 4471 779 4533 γυναῖκες,
827 4468 1014 4531 αἵτινες
1062 4465 1196 4528 ἦσαν
1239 4473 1639 4533 συνεληλυθυῖαι
1679 4479 1821 4551 αὐτῷ

1948 4492 2087 4553 :unt,
2106 4486 2319 4558 inquit,
2336 4486 2632 4549 mulieres,
2650 4500 2781 4557 qua:
2803 4500 2935 4540 cum
2955 4499 3017 4540 eo
3042 4489 3327 4540 venerant
3352 4482 3417 4539 de
3438 4482 3590 4539 Gali-

197 4549 261 4602 ἐκ
321 4560 422 4612 τῆς
492 4553 786 4619 Γαλιλαίας,
843 4554 1120 4612 ἐθεάσαντο
1171 4564 1227 4613 τὸ
1277 4572 1544 4636 μνημεῖον,
1602 4573 1692 4621 καὶ
1746 4549 1816 4633 ὡς

197 4640 357 4699 ἐτέθη
407 4649 478 4711 τῷ
531 4652 682 4715 σῶμα
726 4644 904 4702 αὐτοῦ.
955 4646 1382 4722 ’Υποστρέψασαι
1413 4651 1472 4707 δὲ
1520 4657 1819 4732 ἡτοίμασαν

198 4728 470 4801 ἀρώματα
496 4736 585 4784 καὶ
614 4735 775 4806 μύρα.
825 4737 887 4787 Αἱ
914 4736 1161 4811 ῥηθεῖσαι
1189 4744 1310 4813 γὰρ,
1346 4746 1821 4819 κατακολομθὴσα-

200 4838 306 4870 σαι
361 4826 468 4881 τοῖς
526 4822 832 4894 θάπτουσιν,
892 4825 1140 4881 ἐκάθισαν
1196 4831 1438 4886 ἀπέναντι
1492 4844 1583 4889 τοῦ
1631 4842 1817 4913 τάφου,

200 4910 505 4982 θεωροῦσαι
555 4919 656 4965 ποῦ
714 4916 909 4968 τίθεται
954 4920 1010 4970 τό
1062 4928 1235 4991 σῶμα,
1287 4928 1378 4976 καὶ
1429 4934 1541 4988 πῶς
1595 4910 1816 4999 τίθεται,

197 4998 311 5063 ἶνα,
347 4997 669 5054 ἀπελθοῦσαι
711 5008 800 5057 καὶ
844 5005 1193 5080 ἑτοιμάσασαι
1231 5010 1487 5087 ἀρώματα
1531 5022 1622 5070 καὶ
1652 4997 1815 5094 μύρα,

194 5086 426 5141 δώωσιν
471 5088 519 5142 ἐν
564 5099 629 5165 τῇ
670 5100 929 5170 κυριακῇ,
980 5104 1069 5151 καὶ
1119 5098 1523 5175 ἀρωματίσωσιν
1572 5114 1663 5162 καὶ

192 5182 432 5250 ρίσωσιν
463 5180 612 5237 αὐτὸ.

1934 4576 2042 4633 lava
2077 4592 2087 4629 :
2121 4574 2400 4633 viderunt
2430 4580 2897 4644 monumentum,
2935 4579 2990 4631 et
3020 4574 3311 4645 quomodo
3333 4574 3590 4643 positum

1932 4673 2062 4723 erat
2085 4682 2292 4737 corpus
2313 4666 2463 4737 ejus;
2489 4679 2742 4722 reversce
2761 4679 2894 4719 vero
2917 4669 3291 4734 paraverunt
3318 4671 3594 4720 aromata

1931 4762 1986 4812 et
2014 4761 2319 4826 unguenta
2347 4756 2417 4809 ⁷⁸.
2453 4755 2599 4810 Cum
2628 4753 2788 4809 enim
2812 4769 2915 4809 eos
2937 4754 3039 4825 qui
3070 4752 3435 4825 sepeliebant
3456 4751 3596 4807 sub-

1931 4846 2101 4917 sequi
2130 4850 2186 4901 et
2215 4861 2355 4900 cum
2384 4844 2468 4900 eis
2499 4844 2713 4900 reverti
2750 4844 3153 4899 decrevissent
3186 4843 3479 4898 sedebant
3517 4858 3593 4897 ex

1929 4935 2189 4991 adverso
2206 4934 2479 5007 sepulcri,
2506 4934 2862 5006 aspicientes
2884 4933 2988 4989 ubi
3010 4938 3331 5005 poneretur
3351 4947 3587 5003 corpus,

1928 5031 1985 5082 et
2021 5025 2333 5098 quomodo
2374 5028 2730 5097 poneretur:
2773 5029 2837 5079 ut
2874 5039 3150 5088 reverere,
3192 5021 3420 5095 paratis
3462 5036 3594 5076 aro-

1927 5114 2189 5171 matibus
2230 5129 2301 5170 ac
2344 5114 2687 5185 unguentis,
2734 5114 3004 5170 venirent
3037 5113 3133 5170 die
3178 5112 3490 5170 Dominico
3533 5113 3592 5169 et

1929 5204 2301 5262 aromatibus
2331 5209 2389 5261 et
2416 5208 2724 5275 unguento
2749 5202 2896 5260 illud
2928 5207 3244 5274 ungerent.

126 5343 137 5352 .
192 5305 247 5341 ⁷⁸
283 5308 457 5363 Marc.
492 5310 580 5378 44,
614 5311 697 5367 15.
723 5312 771 5349 ⁷⁵
799 5314 967 5372 Joan.
999 5334 1113 5375 xxx.
1146 5320 1235 5393 39,
1266 5324 1354 5379 4-0.
1386 5324 1433 5361 ⁷⁸
1465 5325 1610 5397 ibid.
1640 5331 1731 5395 41.
1766 5332 1813 5368 ⁷⁷
1850 5334 1853 5388 ξ

1948 5349 2027 5392 rc.
2058 5350 2153 5405 xv,
2183 5336 2271 5389 47.
2302 5332 2349 5368 ⁷⁸
2380 5334 2515 5389 Luc.
2544 5349 2700 5397 xxm,
2736 5337 2823 5400 55,
2858 5333 2944 5399 56,

1443 5425 1663 5497 Variae
1702 5430 2035 5501 lectiones
2069 5440 2137 5503 et
2177 5441 2383 5501 notae.

275 5550 389 5631 (67)
418 5550 659 5619 Inclusa
682 5559 1049 5635 exciderunt,
1080 5562 1160 5623 ob
1188 5567 1508 5641 repetitum
1538 5573 1733 5632 vocab
1751 5576 1925 5633 ulum
1946 5562 2145 5635 Ἰησοῦ.
2174 5581 2241 5631 Α.

274 5684 378 5759 (m)
408 5687 477 5742 In
504 5688 712 5747 altari.
754 5689 820 5746 In
860 5692 1061 5751 Graeco
1089 5708 1215 5753 non
1252 5693 1555 5770 leguntur,
1592 5698 1767 5758 Forte
1800 5701 2237 5778 perspicuitatis
2266 5716 2454 5761 causa
2488 5700 2620 5759 haec
2657 5700 2783 5761 add
2799 5696 2886 5758 dit
2924 5694 3216 5775 interpres
3243 5741 3258 5760 .
