4096 6384
538 307 642 362 743

538 521 797 595 petebat,
832 522 889 576 in
913 536 1035 592 qua
1067 536 1185 574 non
1212 518 1419 573 licebat
1447 518 1521 573 ad
1554 526 1999 575 monumentum
2030 538 2195 576 acce-

538 612 699 668 dere.
732 611 915 665 Judaei
948 611 1109 665 enim
1149 625 1435 680 vesperan
1483 609 1637 663 illius
1674 608 2025 665 Parasceves
2063 628 2192 667 ma-

535 702 696 757 xime
721 700 1101 755 honorabant
1131 715 1249 753 non
1276 698 1469 753 solum
1495 704 1777 768 tanquam
1810 699 2052 755 Sabbati
2078 701 2189 756 fes-

536 796 665 847 tum
693 789 1055 863 praecedens,
1091 788 1193 843 sed
1213 787 1387 842 etiam
1408 792 1699 860 tanquam
1723 788 1938 843 festum
1953 794 2193 861 propter

536 879 770 936 Pascha
800 896 811 945 ;
844 880 901 934 in
930 879 1043 934 hac
1075 877 1233 933 enim
1262 877 1576 948 oportebat
1612 878 1837 933 Pascha
1866 878 2185 934 immolari.

535 970 791 1027 Sabbato
832 984 999 1038 vero.
1031 968 1383 1038 quieverunt
1426 973 1661 1039 propter
1715 966 1929 1035 legem.
1982 967 2189 1023 Adhuc

535 1060 691 1115 enim
715 1058 1211 1115 consuetudinem
1234 1063 1287 1111 et
1313 1056 1506 1125 legem
1536 1056 1877 1113 servabant.
1913 1056 2189 1112 Caeterum

532 1148 628 1204 die
666 1148 974 1203 Dominico
1014 1147 1089 1202 ad
1131 1146 1471 1217 sepulcrum
1512 1148 1713 1201 venire
1762 1145 2185 1217 disponebant,

532 1238 695 1310 quod
711 1254 853 1293 sane
876 1238 1055 1293 etiam
1071 1237 1354 1301 fecerunt,
1384 1235 1557 1291 veluti
1583 1235 1765 1308 paulo
1786 1240 1917 1307 post
1934 1236 2182 1291 dicetur.

532 1327 680 1383 Cum
710 1328 871 1382 enim
904 1326 1176 1382 nondum
1204 1325 1452 1398 quidam
1484 1326 1784 1380 excelsum
1812 1326 1886 1381 de
1924 1341 2189 1381 resurre-

531 1417 724 1473 ctione
746 1415 1189 1487 cognovissent,
1210 1414 1511 1488 sepultum
1535 1431 1752 1487 corpus
1768 1432 1829 1471 se
1845 1416 2185 1472 inventuras

532 1507 878 1580 sperabant.

600 1598 765 1653 Vers.
800 1600 884 1653 62.
918 1598 1153 1653 Postero
1193 1600 1389 1652 autem
1419 1593 1515 1651 die
1546 1627 1607 1634 —
1646 1597 1805 1649 Vers.
1839 1597 1925 1651 64.
1957 1596 2180 1665 priore.

530 1687 738 1742 Muniri
779 1687 1137 1759 sepulcrum,
1171 1690 1316 1758 puta
1356 1685 1616 1755 sigillum
1650 1685 1868 1757 apponi
1902 1691 1958 1739 et
1988 1691 2183 1741 custo-

1865 298 2225 362 EUTHYMII
2265 300 2592 361 ZIGABENI

613 430 914 503 Siquidem
956 429 1199 502 quando
1240 428 1504 500 sepultus
1537 432 1623 485 est
1647 429 1775 499 jam
1816 447 2065 502 vespera
2095 448 2197 503 ap-
2228 432 2272 485 A

3808 311 3916 370 744

2376 439 2497 484 Ὅτε
2534 436 2623 504 μὲν
2673 436 2773 506 γὰρ
2820 436 3003 507 ἐτάφη,
3050 435 3242 511 ἑσπέρα
3299 432 3407 494 ἤδη
3463 436 3745 507 κατέλαϐε,
3794 441 3913 493 καθ’

2306 521 2366 579 ἦν
2429 522 2521 573 οὐκ
2580 521 2695 585 ἐξῆν
2751 524 2816 584 εἰς
2887 533 3134 597 μνημεῖον
3202 523 3473 598 βαδίζειν.
3539 526 3756 595 Ἐτίμων
3808 532 3909 603 γάρ

2310 608 2556 663 Ἰουδαῖοι
2626 613 2858 683 μάλιστα
2938 620 3029 672 τὴν
3102 616 3323 689 ἑσπέραν
3393 624 3487 676 τῆς
3566 624 3913 690 Παρασκευῆς

2304 698 2517 765 ἐκείνης,
2599 702 2657 753 οὐ
2733 710 2884 774 μόνον
2952 707 3015 764 ὡς
3082 712 3379 779 προεορτιον
3451 714 3543 757 τοῦ
3620 705 3907 775 Σαϐϐάτόυ,

2304 788 2429 840 ἀλλά
2483 796 2571 843 καὶ
2616 795 2682 852 ὡς
2737 794 2929 867 ἐὸρτιον
2978 791 3072 846 διὰ
3127 799 3184 847 τὸ
3229 798 3445 867 Πάσχα.
3480 795 3563 849 Ἐν
3596 799 3757 869 ταύτῃ
3805 800 3907 869 γὰρ

2301 876 2408 931 ἔδει
2450 882 2666 933 θύεσθαι
2715 886 2771 933 τὸ
2826 886 3044 954 Πάσχα.
3096 888 3164 937 Τὸ
3216 881 3273 936 δὲ
3319 883 3578 937 Σάϐϐατον
3627 887 3906 957 ἡσύχαζον

2302 966 2395 1020 διὰ
2435 988 2517 1020 τον
2546 975 2718 1040 νόμον.
2754 970 2872 1025 ’Έτι
2902 975 3002 1045 γὰρ
3058 979 3147 1025 καὶ
3205 976 3270 1025 τὰ
3320 976 3409 1031 ἔθη
3469 979 3559 1026 xui
3614 978 3699 1026 τὸν
3751 982 3905 1047 νομον

2300 1056 2598 1131 ἐφύλαττον.
2659 1065 2852 1113 Λοιπὸν
2932 1058 3019 1113 οὖν
3084 1062 3134 1114 ἐν
3204 1071 3263 1135 τῇ
3330 1070 3563 1137 κυριακῇ
3637 1068 3766 1136 πρὸς
3818 1069 3905 1116 τόν

2299 1151 2455 1219 τάφον
2514 1147 2671 1201 ἐλθεῖν
2719 1149 3005 1216 ἐϐούλοντο,
3062 1152 3086 1203 ὃ
3147 1149 3213 1210 δή
3271 1159 3361 1205 καὶ
3415 1159 3787 1222 πεποιήκασιν,
3844 1159 3906 1215 ὡς

2298 1237 2409 1307 μετ’
2475 1236 2647 1308 ὀλίγον
2703 1240 3009 1313 ῥηθήσεται.
3074 1245 3233 1293 Οὔπω
3308 1245 3409 1315 γὰρ
3477 1240 3628 1296 οὐδὲν
3706 1243 3904 1315 ὑψηλὸν

2297 1322 2493 1378 εἰδυῖαι
2541 1332 2656 1401 περὶ
2696 1338 2787 1390 τῆς
2836 1329 3193 1401 ἀναστάσεως,
3226 1332 3446 1393 ἤλπιζον
3474 1335 3634 1407 εὑρεῖν
3664 1337 3721 1385 τὸ
3757 1342 3907 1407 σῶμα

2296 1417 2629 1489 τεθαμμένον,

2364 1595 2437 1659 Τῇ
2489 1620 2549 1628 -
2604 1594 2834 1662 πρώτης.
2889 1590 3313 1663 Ἀσφαλίσασθαι
3369 1595 3456 1644 τὸν
3504 1595 3683 1664 τάφον,
3745 1598 3904 1666 ἤγουν

2296 1684 2588 1750 σφραγίσαι
2617 1684 2705 1731 καὶ
2738 1688 3053 1752 φρουρῆσαι.
3088 1682 3229 1734 Ἐπεὶ
3262 1678 3321 1733 δὲ
3369 1678 3477 1734 ἔδει
3530 1684 3899 1747 πιστευθῆναι,

525 1777 710 1833 diam.
746 1777 899 1842 Quia
929 1782 1130 1832 autem
1163 1776 1317 1830 credi
1350 1775 1687 1848 Oportebat,
1723 1776 1887 1846 quod
1924 1780 2176 1831 mortuus

2294 1769 2372 1818 ὅτι
2402 1774 2491 1818 καὶ
2521 1766 2757 1836 ἀπέθανε,
2790 1775 2879 1821 καὶ
2924 1768 3103 1841 ἐτάφη,
3137 1776 3226 1822 καὶ
3258 1769 3469 1835 ἀνέστη,
3520 1770 3675 1843 βλέπε
3704 1777 3797 1824 καὶ
3842 1774 3903 1824 τὰ

524 1872 681 1922 esset
710 1871 761 1923 et
793 1868 1083 1938 sepultus,
1113 1865 1396 1938 quodque
1426 1864 1867 1934 resurrexisset,
1911 1865 2045 1920 vide
2074 1865 2183 1922 tria

523 1956 653 2013 haac
682 1956 1057 2012 inimicorum
1100 1954 1455 2011 testimoniis
1486 1954 1822 2026 approbata
1852 1974 1863 2022 ;
1906 1955 2181 2011 conside-

524 2046 716 2102 randa
741 2051 880 2102 sunt
904 2046 1063 2100 enim
1098 2044 1280 2101 verba
1307 2060 1536 2099 eorum.
1572 2044 1743 2110 Quod
1772 2045 1928 2099 enim
1966 2045 2133 2100 aiunt
2165 2065 2176 2104 :

524 2136 836 2192 Recordati
855 2151 1076 2199 sumus,
1092 2135 1251 2207 quod
1270 2136 1549 2203 impostor
1568 2136 1672 2190 ille
1702 2134 1856 2190 dixit
1880 2134 2079 2191 adhuc
2102 2151 2181 2191 υι-

526 2238 684 2285 vens,
719 2229 1027 2279 attestatur
1054 2222 1221 2295 quod
1250 2229 1518 2277 mortuus
1542 2223 1632 2279 sit.
1662 2223 1829 2287 Quod
1862 2228 2063 2278 autem
2093 2240 2182 2278 se-

523 2312 757 2385 quitur:
787 2313 933 2368 Jube
950 2312 1171 2367 muniri
1190 2313 1549 2381 sepulcrum,
1577 2316 1890 2367 attestatur
1905 2313 2070 2385 quod
2094 2330 2181 2367 se-

522 2402 725 2474 pultus
751 2404 841 2458 sit.
876 2403 1058 2457 Porro
1089 2402 1249 2474 quod
1274 2403 1682 2473 subjungunt:
1716 2402 1804 2459 Ave
1824 2403 2066 2473 quando
2094 2418 2179 2459 ve-

522 2494 747 2549 nientes
775 2493 1031 2561 dicipuli
1049 2493 1178 2560 ejus
1203 2492 1489 2561 furentur
1516 2506 1732 2562 ipsum,
1766 2491 2007 2563 plenam
2039 2490 2175 2548 facit

2292 1862 2413 1931 τρία
2444 1865 2610 1908 ταυτα
2657 1862 3055 1931 μαρτυρούμενα
3104 1862 3245 1935 παρά
3298 1868 3398 1911 τῶν
3439 1859 3661 1933 ἐχθρῶν.
3703 1868 3903 1919 Σκοπη-

2292 1951 2400 1999 τέον
2449 1950 2549 2022 γὰρ
2605 1950 2724 2008 τους
2778 1947 2962 2017 λόγους
3008 1950 3191 2002 αὐτῶν.
3228 1954 3297 2002 Τὸ
3346 1953 3456 2022 μὲν,
3516 1950 3896 2022 Ἐμνήσθημεν,

2292 2038 2371 2089 ὅτι
2430 2038 2454 2087 ὁ
2510 2036 2701 2097 πλάνος
2748 2036 2935 2096 ἐκεῖνος
3003 2034 3137 2089 εἶπεν
3202 2040 3276 2089 ἔτι
3344 2040 3466 2103 ζῶν,
3519 2048 3777 2112 μαρτυρεῖ
3825 2041 3901 2091 ὅτι

2292 2125 2527 2177 ἀπέθανε·
2585 2129 2641 2176 τὸ
2694 2122 2771 2187 δε,
2836 2126 3084 2178 Κέλευσον
3135 2125 3526 2199 ἀσφαλισθῆναι
3579 2132 3665 2180 τὸν
3718 2131 3898 2200 τάφον,

2292 2215 2499 2288 βεϐαιοῖ
2552 2216 2631 2266 ὅτι
2681 2215 2839 2286 ἐτάφη
2878 2236 2889 2248 ·
2927 2220 2982 2267 τὸ
3030 2213 3107 2277 δὲ,
3158 2222 3371 2275 Μήποτε
3429 2217 3659 2277 ἐλθόντες
3696 2220 3751 2269 οἱ
3801 2239 3901 2289 μα-

2290 2308 2442 2363 θηταὶ
2495 2305 2654 2356 αὐτοῦ
2699 2304 2959 2374 κλέψωσιν
3016 2304 3192 2373 αὐτὸν,
3263 2306 3581 2381 πληροφορεί
3648 2309 3732 2359 ὅτι
3791 2307 3899 2378 (68)

2288 2395 2696 2468 ἀσφαλισθέντος
2728 2393 2839 2464 (69)
2886 2394 2944 2445 οὐ
2998 2394 3345 2454 κλαπήσεται.
3390 2400 3490 2449 Καὶ
3534 2396 3711 2449 λοιπὸν
3759 2395 3898 2448 ἀνανσ

2284 2487 2530 2562 τίρρητος
2566 2486 2593 2541 ἡ
2630 2482 2943 2545 ἀνάστασις.

523 2589 718 2658 fidem,
766 2591 923 2663 quod
965 2591 1193 2646 munito
1243 2590 1538 2662 sepulcro,
1588 2605 1711 2646 non
1743 2590 1814 2644 sit
1859 2590 2016 2647 furto
2073 2589 2377 2646 sublatum
2427 2598 2669 2654 corpus,
2713 2588 2767 2636 et
2810 2582 2889 2637 ita
2924 2583 3343 2639 resurrectioni
3406 2582 3735 2640 contradici
3782 2599 3897 2640 non

521 2685 740 2753 potest.

592 2798 849 2868 Dignum
889 2802 975 2853 est
1011 2803 1211 2853 autem
1254 2802 1316 2852 ut
1353 2796 1733 2868 inquiramus
1772 2796 1867 2852 ubi
1910 2796 2121 2852 dixerit
2153 2816 2166 2855 :

519 2889 655 2945 Post
696 2894 811 2944 tres
843 2890 964 2945 dies
1005 2904 1335 2958 resurgam.
1372 2888 1679 2959 Siquidem
1714 2887 1891 2943 variis
1935 2888 1993 2942 in
2032 2887 2177 2942 locis

518 2978 658 3035 dixit
677 2978 1013 3049 discipulis:
1039 2979 1236 3034 Tertia
1250 2978 1344 3032 die
1364 2993 1686 3047 resurgam.
1705 2977 1766 3031 Id
1788 2982 2017 3035 autem:
2040 2978 2177 3069 Post
2209 3013 2247 3069 Ο

519 3074 636 3125 tres
653 3069 771 3124 dies
786 3084 1116 3137 resurgam,
1135 3082 1437 3139 nusquam
1462 3066 1626 3121 dixit.
1646 3070 1761 3122 Hoc
1776 3065 2177 3138 itaqueJudaei

518 3160 590 3215 ab
618 3158 888 3230 exemplo
920 3160 1082 3213 JOIltB
1105 3157 1270 3230 quod
1303 3157 1379 3212 ad
1407 3173 1508 3213 eos
1535 3157 1763 3213 dixerat
1791 3155 2171 3227 colligebant.

516 3249 904 3307 Postremum
927 3264 1068 3303 vero
1090 3263 1350 3303 errorem
1369 3247 1662 3312 dicebant,
1691 3244 1858 3318 quod
1880 3263 1908 3299 a
1925 3244 2174 3300 mortuis

514 3337 900 3395 resurrexerit
927 3354 940 3404 ;
975 3338 1235 3408 priorem
1266 3351 1403 3392 vero
1432 3336 1597 3409 quod
1638 3336 1711 3392 sit
1742 3335 1919 3391 Filius
1956 3334 2077 3389 Dei.

589 3642 724 3707 Sed,
751 3656 787 3695 o
819 3638 1126 3705 insensati,
1168 3652 1290 3709 quo
1316 3636 1560 3693 tandem
1591 3638 1710 3693 ﬁne
1742 3644 1940 3695 essent
1968 3640 2171 3714 ipsum

514 3732 673 3787 furto
704 3728 988 3785 sublaturi
1014 3727 1042 3781 7
1080 3728 1199 3781 Nisi
1239 3727 1398 3781 enim
1439 3727 1606 3783 tertio
1645 3727 1741 3783 die
1782 3733 2173 3788 resurrexerit

515 3822 667 3876 sicut
702 3818 993 3891 promisit,
1038 3816 1419 3872 manifestum
1465 3822 1554 3872 est
1601 3819 1763 3889 quod
1815 3819 2062 3893 decepti,
2116 3828 2172 3877 et

512 3914 759 3984 propter
783 3924 921 3963 eum
950 3907 1027 3962 ab
1052 3906 1328 3963 omnibus
1358 3906 1634 3976 gentibus
1656 3908 1796 3964 odio
1822 3910 2023 3979 habiti,
2046 3912 2171 3967 sine

512 3998 797 4054 domibus
819 4000 875 4051 et
893 4000 1153 4051 extorres
1170 3993 1327 4058 facti,
1344 3994 1540 4065 potius
1558 3998 1994 4054 aversabuntur
2011 4017 2167 4067 eum,

514 4092 572 4144 et
600 4088 739 4142 odio
770 4086 1076 4142 habebant
1107 4091 1392 4156 tanquam
1424 4084 1835 4157 impostorem,
1872 4095 1929 4143 et
1958 4092 2039 4147 ita
2068 4109 2169 4149 no-

511 4178 786 4233 lenteum
816 4176 1021 4232 furari.
1048 4174 1162 4231 Sed
1188 4191 1383 4246 neque
1407 4176 1631 4246 populo
1661 4180 2025 4248 persuadere
2058 4198 2170 4253 po-

514 4273 723 4331 terunt,
758 4266 921 4339 quod
952 4282 988 4321 a
1020 4264 1272 4320 mortuis
1304 4266 1637 4320 surrexerit.
1678 4266 1781 4321 Cui
1821 4269 1981 4325 enim
2022 4272 2172 4326 inni-

2361 2854 2538 2917 ’Ἄξιον
2594 2848 2651 2904 δὲ
2720 2852 2973 2917 ζητῆσαι,
3036 2860 3136 2903 που
3202 2849 3359 2919 εἶπεν,
3427 2854 3507 2904 ὅτι
3566 2856 3711 2907 Μετά
3768 2862 3899 2928 τρεῖς

2288 2947 2485 3017 ἡμέρας
2536 2945 2825 3014 ἐγείρομαι.
2877 2940 2996 2993 Ὀτι
3071 2943 3161 3012 μὲν
3217 2943 3318 3012 γαρ
3396 2949 3457 3013 τῇ
3525 2947 3675 3016 τρίτη
3732 2946 3896 3017 ἡμέρᾳ

2287 3033 2658 3093 ἀναστήσεται,
2730 3028 2990 3101 διαφόρως
3048 3026 3157 3081 εἷπε
3212 3034 3342 3103 πρὸς
3408 3033 3533 3091 τοὺς
3606 3036 3892 3101 μαθητάςσ

2218 3146 2223 3151 ι
2285 3124 2365 3175 ὃτι
2442 3119 2500 3174 δὲ
2574 3122 2718 3173 Μετά
2791 3126 2927 3193 τρεῖς
2994 3120 3190 3190 ἡμέρας
3252 3118 3538 3192 ἐγείρομαι,
3608 3120 3701 3172 οὐκ
3766 3120 3893 3174 εἶπεν

2284 3210 2542 3281 οὐδαμοῦ.
2595 3211 2790 3262 Λοιπὸν
2844 3208 2931 3259 οὖν
2989 3205 3238 3260 Ἰουδαῖοι
3298 3208 3397 3260 ἀπὸ
3463 3217 3554 3261 τοῦ
3607 3215 3749 3263 κατά
3812 3216 3893 3263 τὸν

2283 3302 2457 3353 Ἰωνάν
2525 3296 2978 3371 παραδείγματος,
3047 3306 3137 3350 τοῦ
3212 3299 3453 3371 ῥηθέντος
3511 3303 3642 3373 πρὸς
3687 3301 3893 3367 αὐτοὺς,

2281 3398 2434 3442 τοῦτο
2479 3389 2897 3459 συνελογίσαντο.
2951 3388 3220 3458 Ἐσχάτην
3275 3391 3364 3459 μεν
3422 3388 3508 3439 οὖν
3566 3388 3764 3448 πλάνην
3816 3390 3896 3442 λέ-

2280 3499 2439 3551 γουσι
2486 3484 2603 3553 περὶ
2645 3484 2756 3541 τοῦ,
2810 3478 2889 3529 ὅτι
2941 3478 3135 3549 ἠγέρθη
3194 3475 3294 3529 ἀπὸ
3345 3486 3444 3529 τῶν
3492 3486 3679 3552 νεκρῶν
3713 3500 3727 3513 ·
3761 3485 3892 3551 πρῶ-

2280 3589 2373 3627 την
2402 3565 2459 3620 δε
2491 3572 2607 3641 περὶ
2640 3574 2750 3633 τοῦ,
2790 3568 2871 3618 ὅτι
2901 3569 3019 3628 Υἱὸς
3053 3574 3185 3619 Θεοῦ
3214 3568 3299 3624 ἧν.

2350 3656 2490 3712 Ἀλλ’
2524 3655 2561 3708 ὡ
2603 3656 2812 3713 ἀνόητοι
2848 3654 2857 3708 l
2911 3660 3235 3720 σκοπήσατε,
3289 3660 3431 3718 τίνος
3478 3659 3635 3710 ἕνεκεν
3674 3657 3892 3729 κλέψου-

2284 3766 2365 3799 σιν
2419 3746 2619 3812 «ira»;
2677 3747 2793 3798 Ἐὰν
2836 3748 2937 3819 γὰρ
2994 3744 3087 3797 οὐκ
3130 3744 3326 3817 ἀναστῇ
3382 3755 3444 3817 τῇ
3499 3752 3647 3821 τρίτη
3702 3750 3886 3821 ἡμέρᾳ,

2279 3838 2455 3896 καθὼς
2501 3835 2868 3907 ἐπηγγείλατο,
2914 3832 3202 3910 πρόδηλον,
3258 3836 3347 3900 ὡς,
3392 3834 3757 3903 ἀπατηθέντες,
3803 3842 3890 3889 καὶ

2282 3922 2353 3977 δι’
2410 3925 2563 3977 αὐτὸν
2614 3927 2745 3996 πρὸς
2797 3924 2909 3975 ὅλον
2967 3928 3025 3975 τὸ
3080 3926 3219 3983 ἔθνος
3285 3922 3745 3996 ἑκπολεμωθέντες,
3805 3930 3891 3977 καὶ

2280 4016 2471 4085 ἄοικοι,
2543 4018 2631 4065 καὶ
2718 4010 2965 4074 ἀπόλιδες
3034 4018 3311 4085 γενόμενοι,
3394 4013 3891 4087 ἀποστραφήσονται

2279 4105 2468 4177 μᾶλλον
2548 4108 2637 4155 καὶ
2710 4108 3034 4175 μισήσουσιν
3118 4104 3289 4169 αὐτὸν,
3370 4107 3433 4164 ὡς
3501 4104 3713 4159 πλάνον.
3796 4109 3891 4157 Καὶ

2282 4192 2376 4246 διὰ
2424 4202 2578 4245 τοῦτο
2636 4196 2724 4263 μὲν
2778 4193 2836 4243 οὐ
2894 4192 3203 4249 θελήσουσιν
3262 4192 3438 4259 αὐτὸν,
3499 4194 3612 4265 (70)
3679 4195 3887 4265 κλέψαι,

2284 4283 2418 4336 Ἀλλ’
2469 4279 2593 4334 οὐδὲ
2645 4278 2965 4340 δυνήσονται
3016 4289 3198 4334 πεῖσαι
3244 4285 3329 4332 τὸν
3382 4282 3502 4334 λαὸν
3556 4285 3635 4334 ὅτι
3693 4284 3889 4358 ἠγέρθη

512 4363 707 4413 tentur
727 4356 755 4411 ‘I
773 4372 849 4411 an
870 4353 1255 4411 vehementia;
1285 4370 1635 4410 sermonum
1650 4355 1676 4409 ‘2
1701 4358 1865 4429 atqui
1892 4359 2169 4418 illitterati

2293 4372 2381 4424 Ξιπὸ
2428 4380 2525 4423 τῶν
2595 4379 2802 4443 νεκρῶν.
2870 4375 2979 4423 Τίνι
3046 4373 3146 4442 γαρ
3212 4376 3301 4423 καὶ
3373 4370 3777 4445 θαρῥήσουσιν;
3830 4379 3888 4442 τῇ

512 4451 667 4502 sunt.
702 4448 791 4500 An
822 4446 967 4500 forte
994 4444 1383 4499 abundantiae
1404 4459 1604 4500 rerum
1632 4447 1660 4502 i’
1687 4447 1852 4519 atqui
1882 4456 2020 4505 sunt
2044 4468 2171 4507 om-

507 4537 678 4594 nium
692 4535 1077 4607 pauperrimi.
1098 4534 1341 4589 Generis
1363 4534 1628 4591 fortassis
1645 4536 1933 4595 claritati?
1961 4557 2164 4597 verum

507 4625 802 4697 ignobiles
834 4630 989 4689 sunt,
1025 4631 1081 4680 et
1111 4623 1187 4679 ab
1212 4624 1577 4693 ignobilibus
1602 4630 1919 4697 progeniti.
1957 4631 2167 4691 Utrum

512 4716 878 4787 suiipsorum
906 4714 1265 4770 multitudini
1293 4714 1318 4768 ‘P
1350 4722 1409 4769 at
1434 4730 1555 4771 non
1586 4716 1785 4787 plures
1816 4725 1953 4774 sunt
1981 4737 2169 4791 quam

510 4804 844 4860 duodecim.
868 4805 1069 4859 Utrum
1093 4803 1302 4875 patriaa
1329 4804 1677 4875 splendori?
1703 4823 1903 4862 verum
1932 4824 1967 4864 a
1986 4811 2169 4879 regio-

507 4895 688 4951 nibus
714 4900 851 4949 sunt
871 4893 1143 4950 obscuris
1166 4893 1621 4962 etignobilibus.
1647 4900 1735 4949 An
1752 4897 1972 4967 putatis
2003 4900 2169 4970 quod

506 4984 889 5057 praeceptoris
914 4982 1408 5056 promissionibus
1428 4983 1455 5038 ?
1481 4983 1706 5048 Quibus
1727 4984 1754 5039 ?
1778 4986 1833 5042 Si
1862 4986 2022 5044 enim
2050 5006 2166 5045 non

506 5075 909 5141 resurrexerit,
939 5088 1133 5145 neque
1150 5071 1260 5127 illis
1292 5071 1569 5128 credituri
1598 5080 1755 5130 sunt.
1788 5077 2167 5135 Demonstra-

503 5170 632 5221 tum
663 5171 751 5221 est
775 5165 953 5237 igitur
980 5162 1147 5235 quod
1174 5177 1323 5217 vane
1368 5163 1759 5235 suspicamini
1806 5166 1963 5221 hunc
2006 5167 2165 5225 furto

506 5255 903 5312 auferendum
928 5269 1093 5311 esse:
1118 5252 1197 5309 ob
1223 5251 1412 5308 dictas
1440 5253 1601 5309 enim
1628 5269 1840 5312 causas
1869 5261 1955 5313 est
1979 5257 2165 5316 incre-

505 5343 703 5402 dibile.

2284 4456 2543 4517 δεινότητι
2596 4469 2694 4511 τῶν
2743 4460 2905 4530 λόγων
2956 4480 2966 4517 :
3017 4465 3105 4511 xui.
3152 4464 3254 4531 μήν
3322 4462 3663 4534 ἀγράμματοί
3718 4461 3845 4514 εἰσιν
3876 4477 3887 4489 ·

2282 4548 2439 4601 Ἀλλά.
2466 4556 2527 4620 τῇ
2585 4554 2863 4621 περιουσίᾳ
2900 4557 2999 4600 τῶν
3044 4552 3338 4622 χρημάτων
3383 4568 3395 4617 ;
3443 4555 3532 4602 καὶ
3579 4554 3681 4621 μὴν
3733 4551 3888 4602 ἀπάν-

2280 4658 2379 4690 των
2432 4638 2535 4689 εἰσὶ
2594 4642 2907 4710 πενέστεροι.
2978 4638 3132 4690 Ἀλλά
3190 4647 3251 4709 τῇ
3324 4644 3627 4713 περιφανεία
3673 4648 3765 4692 τοῦ
3812 4642 3889 4710 γέ-

2279 4733 2556 4795 νους;καὶ
2606 4733 2708 4800 μὴν
2760 4728 2973 4788 εὐτελεῖς
3008 4728 3136 4779 εἰσὶν
3188 4727 3239 4789 ἐξ
3286 4728 3495 4780 εὐτελῶν
3528 4747 3539 4757 ⁸
3603 4729 3763 4784 Ἀλλά
3818 4735 3885 4796 τῷ

2280 4817 2465 4875 πλήθει
2521 4816 2713 4869 ἑαυτῶν
2762 4834 2774 4883 ;
2825 4823 2914 4869 καὶ
2964 4822 3066 4889 μήν
3137 4818 3194 4869 ου
3249 4818 3452 4878 πλείους
3509 4818 3610 4870 εἰσί
3660 4827 3760 4870 τῶν
3811 4817 3885 4867 ἐν-

2281 4903 2427 4960 δεκα.
2475 4906 2628 4959 Ἀλλά
2678 4915 2749 4977 τῷ
2791 4909 2995 4977 μεγέθει
3051 4915 3145 4969 τῆς
3190 4904 3445 4981 πατρίδος
3483 4913 3617 4973 ;καὶ
3658 4912 3761 4979 μὴν
3790 4905 3884 4957 ἀπὸ

2277 5001 2490 5069 χωρίων
2548 4996 2678 5048 εἰσὶν
2729 4994 2943 5067 ἀσήμων
2996 5014 3008 5025 ·
3066 4994 3194 5048 ἀλλά
3238 5004 3353 5058 ταῖς
3412 4995 3743 5068 ἐπαγγελίαις
3798 5000 3886 5047 τοῦ

2283 5081 2615 5137 διδασκάλου
2645 5101 2659 5153 ;
2689 5090 2915 5152 11οίαιςς
2962 5086 3021 5138 Εἰ
3074 5090 3145 5158 μὴ
3200 5084 3398 5158 ἀναστῇ
3454 5088 3575 5159 γάρ,
3618 5083 3733 5139 οὐδ’
3764 5086 3889 5137 ἐκεί-

2278 5195 2391 5237 ναις
2435 5179 2773 5231 πιστεύουσι.
2836 5171 3106 5228 Δέδεικται
3167 5180 3338 5227 τοίνυν
3404 5176 3485 5227 ὅτι
3549 5178 3720 5248 μάτην
3763 5175 3891 5225 ὑπο-

2282 5267 2491 5318 πτεύετε
2534 5264 2795 5324 κλαπῆναι
2834 5272 3036 5318 τοῦτον·
3075 5264 3170 5318 οὐκ
3208 5261 3481 5339 ἐνδέχεται
3516 5268 3617 5343 γὰρ
3669 5261 3765 5317 διὰ
3799 5264 3890 5324 τὰς

2285 5352 2559 5430 εἰρημένας
2578 5354 2772 5419 αἰτίας.

1739 5471 1962 5544 Variae
1990 5474 2319 5549 lectiones
2346 5490 2633 5550 etnotae.

577 5614 687 5690 (68)
712 5613 854 5681 Ὀτι,
883 5613 1073 5690 abest.
1108 5616 1174 5670 A.

577 5688 691 5763 (69)
731 5692 836 5740 Τοῦ
872 5688 1057 5759 τάφου.

2351 5625 2463 5702 (70)
2499 5631 2714 5695 Τοῦτον,
2745 5639 2856 5699 pro
2886 5623 3061 5684 αὐτόν.
3097 5630 3136 5682 Δ
