4096 6398
544 310 653 368 747

1884 303 2228 363 EUTHYMII
2272 303 2593 363 ZIGABENI

3827 306 3926 363 748

545 441 604 495 et
629 452 743 494 nos
774 451 1080 508 vesperam
1118 440 1221 493 aut
1265 452 1465 491 serum
1514 432 1632 491 diei
1662 434 1928 490 dicentes
1961 433 2085 489 sive
2122 449 2204 488 se-

2325 433 2473 505 ἡμεῖς
2516 435 2639 505 γὰρ,
2706 430 2800 502 ὀψε
2865 438 2955 491 τῆς
3022 433 3213 507 ἡμέρας
3283 429 3526 504 λέγοντες,
3588 436 3618 492 ἧ
3690 431 3784 503 ὀψε
3833 443 3925 495 τῆς

545 541 683 584 rum
704 526 915 593 noctis,
940 525 1430 598 ultimaipsorum
1453 523 1889 595 signiﬁcamus.
1928 523 2080 578 Finis
2108 538 2210 577 au-

546 620 669 673 tem
690 622 918 687 septem
945 615 1177 671 dierum
1206 615 1605 670 hebdomadas
1637 630 1760 669 non
1782 613 1973 668 solum
2003 612 2207 683 ipsum

550 705 792 777 proprie
830 704 1048 760 dicitur
1077 704 1432 769 Sabbatum,
1466 703 1566 759 sed
1607 709 1663 758 et
1718 703 1908 774 ipsius
1966 700 2208 758 Sabbati

550 794 707 849 ﬁnis.
740 797 819 849 Ne
846 799 1048 850 autem
1077 800 1266 864 putes,
1308 794 1473 865 quod
1504 796 1565 848 in
1606 793 1725 847 ﬁne
1746 792 1935 863 ipsius
1966 791 2205 847 Sabbati

553 884 820 940 venerint
842 884 1136 955 praedictae
1178 883 1456 939 mulieres
1487 883 1563 938 ad
1587 888 2068 945 monumentum,
2103 879 2209 935 sed

548 972 612 1027 in
651 974 943 1045 principio
968 972 1232 1038 diluculi,
1258 972 1423 1028 addit
1450 989 1467 1026 :
1498 973 1638 1038 Quae
1671 972 1926 1035 lucescit,
1964 970 2073 1025 hoe
2098 974 2204 1035 est,

550 1066 865 1133 appetente
882 1062 1008 1131 jam
1040 1062 1157 1129 die,
1185 1067 1607 1134 prospectante
1632 1067 1689 1116 et
1711 1059 1932 1116 oriente
1956 1075 1970 1125 ;
1993 1064 2050 1115 et
2090 1074 2205 1113 ser.

548 1166 791 1206 monem
815 1152 1009 1223 magis
1034 1151 1361 1223 explicans,
1388 1151 1553 1208 addit
1586 1168 1599 1206 :
1629 1152 1692 1206 In
1719 1166 1897 1205 unum
1923 1149 2208 1205 Sabbato-

543 1255 700 1296 rum.
724 1242 887 1296 Unus
913 1246 1117 1296 autem
1145 1240 1573 1309 Sabbatorum,
1591 1240 1709 1295 sive
1730 1240 1958 1311 primus
1972 1241 2204 1310 septem

542 1328 799 1395 dierum,
821 1330 1165 1385 Dominicus
1184 1335 1289 1395 est,
1326 1330 1478 1385 sicut
1494 1329 1903 1401 praediximus.
1930 1330 2077 1384 Cum
2103 1343 2206 1382 au-

544 1421 659 1472 tem
683 1418 765 1474 ita
791 1418 1755 1490 scripsitMatthasus,principium
1772 1416 2059 1471 Dominici
2092 1415 2203 1470 diei

545 1507 980 1563 manifestavit.
1002 1509 1190 1564 Omne
1205 1524 1343 1563 vero
1364 1507 1689 1562 diluculum
1705 1511 2085 1578 postsextam
2101 1520 2204 1560 no-

546 1595 654 1657 ctis
674 1597 889 1654 horam
914 1597 1215 1669 incipitur,
1244 1597 1494 1670 quando
1516 1597 1772 1669 primum
1797 1595 1936 1666 galli
1958 1600 2201 1652 canunt.

619 1824 775 1879 Idem
809 1839 1053 1896 quoque
1080 1828 1321 1894 tempus
1354 1821 1591 1895 scripsit
1613 1829 1669 1877 et
1688 1824 1919 1878 Marcus
1950 1823 2152 1879 dicens
2191 1842 2202 1878 :

542 1914 619 1969 Et
651 1913 816 1969 valde
844 1929 1014 1970 mane
1046 1930 1163 1970 uno
1190 1914 1585 1969 Sabbatorum
1616 1917 1862 1970 veniunt
1898 1914 1980 1969 ad
2006 1930 2205 1969 monu-

542 2009 801 2059 mentum
825 2010 951 2059 orto
980 2004 1099 2059 sole
1122 2004 1191 2055 τ’.
1228 2002 1407 2059 Valde
1442 2018 1619 2058 mane
1649 2003 1810 2058 enim
1840 2002 2207 2074 principium

542 2096 635 2147 est
660 2090 927 2147 diluculi.
963 2090 1183 2147 Verum
1214 2091 1263 2146 si
1288 2091 1459 2147 valde
1492 2106 1669 2147 mane
1700 2097 1841 2157 erat,
1897 2091 2208 2164 quomodo

540 2180 689 2236 dixit
718 2197 731 2235 :
766 2180 910 2237 Orto
933 2182 1057 2238 sole
1081 2179 1110 2234 ?
1136 2181 1286 2246 Quia
1308 2185 1448 2236 tunc
1474 2180 1717 2252 proprie
1749 2180 1837 2236 sol
1867 2182 2074 2245 oritur,
2103 2180 2210 2236 etsi

538 2269 715 2325 nobis
755 2271 1031 2326 nondum
1090 2274 1398 2342 appareat,
1454 2267 1802 2325 demoratus
1831 2269 2023 2324 adhuc
2056 2270 2214 2325 circa

540 2358 1056 2430 profundissimas
1113 2366 1532 2432 extremasque
1591 2360 1843 2415 Orientis
1900 2365 2110 2431 partes,
2160 2364 2216 2414 et

541 2447 836 2519 paulatim
880 2463 1225 2519 exsurgens,
1261 2450 1432 2519 cujus
1472 2449 1881 2505 testimonium
1939 2454 2025 2503 est
2057 2446 2213 2518 galli-

543 2536 787 2592 cinium.
843 2540 993 2593 Nam
1025 2537 1168 2607 galli
1206 2538 1385 2610 primi
1432 2538 1583 2593 inter
1639 2536 1847 2593 omnia
1886 2537 2214 2593 animantia

547 2625 869 2681 sentientes
896 2626 1049 2681 illius
1068 2626 1351 2690 calorem,
1375 2631 1617 2697 repente
1644 2626 1925 2692 clamant,
1957 2627 2211 2698 ejusque

546 2714 935 2786 praesentiam
965 2714 1309 2771 hominibus
1339 2716 1763 2787 praenuntiant.

614 2947 781 3004 Idem
793 2963 1036 3021 quoque
1064 2952 1301 3021 tempus
1319 2949 1671 3021 signiﬁcavit
1686 2958 1739 3006 et
1756 2951 1944 3007 Lucas
1966 2951 2199 3007 dicens:

540 3036 789 3094 Sabbato
802 3038 1038 3109 quidem
1053 3040 1402 3111 quieverunt
1415 3040 1738 3096 secundum
1751 3046 2113 3110 praeceptum
2132 3040 2200 3094 ⁸ο.

2320 527 2520 591 νυκτός,
2616 524 2683 573 τὰ
2766 520 3033 573 τελευταία
3123 524 3318 574 τούτων
3419 518 3696 595 δηλοῦμεν.
3779 522 3925 584 Τέλος

2322 607 2381 663 δὲ
2410 620 2509 663 τῶν
2562 610 2691 663 ἑπτα
2740 611 2942 684 ἡμερῶν
2991 619 3084 669 τῆς
3135 607 3449 675 ἑϐδομάδος,
3496 610 3554 662 ού
3603 616 3756 683 μόνον
3801 612 3923 664 αὐτὸ

2320 704 2374 752 τό
2422 705 2609 774 κυρίως
2668 698 2949 764 Σάϐϐατόν,
2999 698 3127 751 ἀλλὰ
3175 704 3351 751 καὶτὸ
3393 703 3580 752 τούτου
3613 700 3773 762 τέλος.
3816 700 3925 753 Ἰνα

2321 785 2380 840 δὲ
2423 793 2494 861 μὴ
2549 793 2742 861 νοήσῃς
2782 789 2862 840 ὅτι
2908 786 2956 839 ἄν
3006 795 3079 857 τῷ
3124 787 3256 841 τέλει
3294 791 3479 841 τούτου
3523 797 3617 841 τοῦ
3661 788 3922 841 Σαϐϐάτου

2319 880 2373 930 αἱ
2429 874 2753 936 δηλωθείσαι
2817 883 3059 947 γυναῖκες
3116 874 3271 935 ἦλθον
3336 878 3408 940 εἰς
3450 883 3536 931 τὸν
3576 898 3756 951 ταφον,
3816 878 3924 931 ἀλλ’

2318 965 2366 1018 ἐν
2407 966 2551 1041 ἀρχῇ
2597 974 2689 1019 τοῦ
2743 970 2931 1041 ὄρθρου
2979 974 3071 1027 τῆς
3120 969 3410 1040 Κυριακῆς,
3463 972 3803 1042 προσέθηκεν,
3846 971 3926 1021 ὅτι

2315 1063 2389 1129 Τῇ
2450 1056 2845 1128 ἐπιφωσκούσῃ,
2904 1060 3147 1109 τουτέστι
3206 1058 3267 1129 τῇ
3329 1056 3671 1131 ἐπιφαινούσῃ
3734 1060 3922 1133 ἡμέρᾳ,

2316 1153 2377 1217 τῇ
2429 1144 2825 1218 ἐπαυιγαζούσῃ,
2884 1154 2944 1215 τῇ
2998 1144 3431 1219 ἐπανατελλούσῃ.
3485 1146 3601 1200 "En
3650 1144 3709 1199 δὴ
3755 1166 3928 1219 σαφη-

2314 1236 2470 1294 νίξων
2535 1238 2623 1287 τόν
2693 1234 2865 1305 λόγον,
2924 1233 3195 1305 ἐπήγαγεν
3263 1237 3343 1287 ὅτι
3407 1236 3497 1296 Εἰς
3563 1241 3687 1309 μίαν
3754 1236 3929 1289 Σαϐϐά

2313 1343 2431 1389 των,
2496 1329 2608 1377 Μία
2661 1320 2719 1378 δὲ
2774 1322 3065 1386 Σαϐϐάτων,
3132 1328 3316 1395 ἤγουν,
3380 1331 3561 1399 πρώτη
3632 1335 3730 1378 τῶν
3801 1326 3930 1379 ἑπτὰ

2314 1414 2537 1485 ἡμερῶν,
2616 1415 2645 1471 ἡ
2724 1414 2985 1488 Κυριακή,
3059 1414 3235 1474 καθὼς
3298 1420 3700 1487 προειρήκαμεν.
3772 1415 3931 1468 Ἀλλὰ

2314 1504 2579 1562 Mareade;
2631 1505 2742 1574 μὶν,
2786 1502 2920 1555 οὕτω
2963 1500 3190 1575 γράψας,
3236 1508 3329 1560 τὴν
3378 1501 3552 1574 ἀρχὴν
3596 1512 3687 1555 τοῦ
3736 1506 3928 1578 ὄρθρου

2314 1598 2409 1652 τῆς
2442 1597 2707 1663 Κυριακῆς
2751 1589 2999 1662 ἀνέφηνεν,
3036 1589 3293 1663 ’Ἃρχεται
3334 1588 3393 1643 δὲ
3431 1598 3534 1652 πᾶς
3566 1594 3765 1665 αῇοθρος,
3798 1596 3932 1663 μετά

2314 1684 2408 1738 τὴν
2434 1680 2585 1737 ἕκτην
2615 1682 2750 1753 ὤραν
2793 1688 2889 1741 τῆς
2913 1684 3117 1740 νυκτὸς,
3171 1682 3253 1737 ὅτε
3277 1690 3480 1753 πρῶτον
3515 1683 3564 1733 οἱ
3599 1680 3931 1755 ἀλεκτρυόνες

2242 1790 2284 1846 ι
2317 1778 2564 1842 φωνοῦσι.

2387 1863 2484 1909 Τὸν
2529 1858 2684 1910 αύτὸν
2732 1854 2790 1910 δε
2834 1862 3013 1930 καιρόν
3055 1864 3143 1909 καὶ
3176 1861 3384 1931 Μάρκος
3431 1862 3706 1933 ἱστόρησεν
3746 1859 3928 1915 εἰπών.

2318 1950 2422 2003 Καὶ
2482 1948 2594 1999 λίαν
2656 1950 2791 2023 πρωί
2849 1955 2941 2008 τῆς
3002 1954 3123 2019 μιᾶς
3190 1947 3465 2006 Σαϐϐὴτων
3535 1950 3781 2023 ἔρχονται
3846 1948 3932 2002 ἐπὶ

2316 2039 2374 2090 τὸ
2434 2046 2704 2111 μνημεῖον,
2783 2039 3139 2098 ἀνατείλαντος
3397 2045 3488 2090 τοὺ
3552 2039 3720 2097 ἡλίου.
3794 2044 3933 2093 Λίαν

2317 2130 2415 2199 γὰρ
2461 2131 2597 2200 πρωί
2625 2126 2785 2188 ἐστιν,
2826 2128 2853 2184 ἠ
2900 2124 3043 2199 ἀρχὴ
3086 2127 3176 2179 τού
3218 2129 3427 2200 ὄρθρου.
3464 2132 3564 2179 Καὶ
3603 2126 3687 2180 ἐὰν
3720 2125 3780 2186 ἦν
3817 2128 3933 2181 λίαν

2783 2036 3139 2098 ἀνατείλαντος
3397 2045 3488 2090 τοὺ
3552 2038 3720 2097 ἡλίου.

2320 2220 2476 2293 πρῶῐ,
2563 2224 2667 2277 πῶς
2736 2215 2889 2279 εἶπεν,
2977 2216 3056 2269 ὄτι
3132 2214 3480 2277 ἀνατέίλαντος
3559 2224 3649 2268 τοῦ
3730 2216 3934 2290 ἡλίου;

2324 2310 2464 2358 Διότι
2514 2310 2629 2357 τότε
2686 2309 2877 2378 κυρίως
2937 2302 3191 2357 ἀνατέλλει
3245 2306 3269 2355 ὁ
3316 2305 3479 2369 ἣλιος,
3541 2305 3583 2358 εἰ
3635 2311 3722 2357 καὶ
3809 2310 3939 2379 ἡμῖν

2324 2399 2466 2447 οὔπω
2517 2400 2769 2466 φαίνεται,
2815 2391 3097 2466 διατρίϐων
3145 2396 3219 2445 ἔτι
3251 2399 3366 2468 περὶ
3412 2396 3476 2446 τὰ
3524 2393 3805 2467 βαθύτατα
3851 2403 3942 2449 καὶ

2325 2483 2588 2559 ἀκρότατα
2617 2488 2745 2556 μέρη
2797 2490 2891 2543 τῆς
2942 2482 3236 2544 Ἀνατολῆς,
3284 2489 3374 2535 καὶ
3405 2488 3539 2537 κατά
3582 2488 3766 2557 μικρὸν
3817 2485 3943 2538 ἐπα-

2320 2573 2593 2626 ναϐαίνων.
2654 2577 2753 2626 Καὶ
2797 2575 2982 2624 τούτου
3051 2576 3357 2645 μαρτύριον,
3410 2575 3439 2631 ὴ
3510 2582 3608 2624 τῶν
3659 2572 3945 2648 ἀλεκτρυό-

2319 2684 2414 2713 νων
2461 2659 2597 2733 ᾡδὴ.
2660 2668 2863 2734 Πρῶτοι
2910 2663 3011 2735 γὰρ
3062 2664 3262 2713 πάντων
3310 2671 3409 2713 τῶν
3464 2662 3628 2724 ζώων,
3678 2662 3940 2715 αἰσθανό-

2316 2772 2459 2823 μενοι
2512 2760 2606 2813 τῆς
2663 2754 2851 2824 θέρμης
2902 2751 3083 2817 αὑτοῦ,
3140 2751 3429 2823 κράξουσιν
3473 2752 3681 2816 αὐτίκα,
3711 2756 3813 2804 καὶ
3847 2756 3942 2811 τὴν

2314 2844 2501 2893 τούτου
2584 2841 2696 2912 (76)
2781 2845 3073 2914 παρουσίαν
3138 2844 3503 2913 προμηνύουσι
3569 2849 3680 2903 τοῖς
3754 2838 3943 2916 ἆινθρὼ

2320 2950 2456 2993 ποις.

2383 3023 2481 3072 Τὸν
2536 3019 2692 3071 αὐτὸν
2742 3015 2800 3071 δὲ
2852 3021 3034 3094 καιρὸν
3084 3023 3174 3070 καὶ
3222 3025 3423 3078 Λουκᾶς
3472 3015 3708 3077 ἐδήλωσε
3740 3018 3938 3092 λέγων’

548 3128 671 3184 Uno
685 3106 882 3184 autem
898 3106 1091 3184 snam}
1103 3134 1299 3185 torum
1323 3129 1616 3200 profundo
1644 3106 1903 3187 diluculo
1918 3106 2202 3186 uenerunt

2325 3109 2394 3160 Ξτι
2443 3112 2512 3161 Τό
2568 3111 2656 3178 μὲν
2717 3106 2979 3160 Σάϐϐατόν
3044 3108 3333 3180 ἡσύχασαν
3402 3110 3536 3160 κατὰ
3614 3112 3707 3166 τὴν
3798 3108 3946 3160 ἐντο-

540 3217 623 3274 ad
673 3224 1121 3274 monumentum
1164 3219 1425 3287 ferentes
1474 3234 1606 3290 qua
1655 3225 2024 3290 paraverant
2076 3233 2204 3274 aro-

541 3312 706 3363 mata
726 3307 796 3360 “.
817 3309 895 3362 De
918 3306 1093 3362 Maria
1116 3313 1319 3363 autem
1344 3307 1716 3378 Magdalene,
1740 3309 1911 3379 cujus
1934 3306 2207 3364 meminit

544 3395 806 3453 Joannes
835 3395 897 3452 in
930 3395 1315 3466 sequentibus
1337 3412 1448 3452 suo
1485 3396 1620 3453 loco
1658 3397 1955 3455 dicemus.

625 3573 794 3629 Vers.
825 3575 875 3628 2.
911 3574 991 3631 Et
1021 3589 1153 3631 ecce
1178 3604 1249 3616 --
1280 3575 1446 3630 νει-ε.
1504 3578 1560 3633 2.
1613 3576 1759 3633 Nim.
1789 3576 2052 3632 Christus
2082 3575 2211 3649 qui-

553 3662 691 3717 dem
740 3668 1079 3719 surrexerat
1107 3664 1460 3736 priusquam
1495 3664 1749 3737 angelus
1801 3667 2206 3723 descenderet.

553 3751 1065 3817 Quemadmodum
1124 3754 1283 3808 enim
1316 3758 1490 3809 natus
1544 3759 1630 3810 est
1684 3756 1927 3811 servatis
1966 3757 2209 3827 integris

549 3840 818 3897 claustris
855 3841 1127 3911 Virginis,
1170 3842 1250 3898 ita
1303 3859 1542 3915 quoque
1599 3846 1921 3900 resurrexit
1959 3848 2207 3902 servatis

547 3930 791 4001 integris
818 3932 1192 3987 monumenti
1215 3931 1561 4001 signaculis.
1586 3936 1977 3991 Terrmmotus
2005 3942 2205 3993 autem

544 4018 735 4075 factus
775 4024 865 4075 est
904 4026 1148 4093 propter
1200 4022 1531 4079 assidentes
1571 4024 1847 4096 sepulcro
1906 4026 2204 4093 custodes,

544 4113 610 4165 ut
640 4108 852 4165 timore
883 4116 1043 4167 terra:
1069 4115 1271 4167 motus
1313 4112 1507 4178 erecti,
1538 4118 1595 4169 et
1647 4113 1895 4171 horrore
1926 4122 2205 4188 aspectus

543 4199 673 4270 ejus
703 4198 809 4272 qui
850 4198 1111 4271 lapidem
1141 4199 1475 4258 revolverat
1515 4204 1900 4272 consternati,
1934 4204 2209 4274 fugerent

544 4294 599 4345 et
638 4289 766 4345 haec
813 4289 1035 4346 Iudaeis
1087 4291 1452 4357 nuntiarent,
1507 4307 1575 4348 ac
1631 4297 1807 4349 testes
1848 4294 1959 4365 ipsi
1998 4294 2209 4352 ﬁerent

544 4379 805 4434 veritatis
834 4394 846 4432 :
871 4379 998 4435 haec
1024 4379 1183 4436 enim
1215 4382 1475 4436 maxime
1505 4381 1733 4453 fulgere
1764 4383 1933 4450 solet,
1966 4386 2206 4456 quando

549 4467 628 4523 ab
658 4467 915 4523 inimicis
954 4470 1076 4524 suis
1116 4470 1439 4542 prmdicata
1478 4471 1672 4528 fuerit.
1728 4474 2016 4545 Lapidem
2066 4478 2285 4559 vero<b

548 4556 799 4613 revolvit
837 4558 1086 4628 angelus
1144 4567 1378 4632 propter
1408 4561 1707 4629 mulieres,
1753 4570 1815 4619 ut
1866 4563 2208 4637 sepulcrum

550 4646 823 4703 viderent
858 4662 1135 4718 vacuum,
1176 4666 1246 4706 ac
1287 4652 1617 4707 surrexisse
1642 4652 1966 4712 crederent.

623 4890 851 4947 Marcus
880 4893 1081 4947 autem
1118 4890 1191 4947 de
1229 4891 1323 4947 his
1369 4892 1721 4950 mulieribus
1761 4893 1859 4960 ait,
1901 4897 2066 4969 quod
2111 4897 2201 4953 dia

2314 3196 2433 3255 λὴν,

2316 3282 2471 3345 ἦλθον
2525 3284 2606 3337 ἐπὶ
2656 3288 2713 3336 τό
2765 3294 2965 3357 μνῆμα,
3024 3288 3275 3359 φέρουσαι
3354 3284 3389 3336 ἆ
3446 3286 3743 3359 ἡτοίμασαν
3802 3284 3943 3361 ἀρω-

2515 3204 2588 3270 Τῇ
2652 3192 2711 3248 δὲ
2786 3202 2884 3268 μιᾷ
2947 3204 3047 3247 τῶν
3115 3194 3412 3264 Σαϐϐάτων,
3469 3197 3656 3272 ὄρθρου
3716 3194 3940 3269 βαθέος,

2317 3395 2476 3449 ματα.
2535 3378 2658 3447 Περὶ
2718 3370 2776 3426 δὲ
2827 3378 3035 3451 Μαρίας
3092 3381 3186 3435 τῆς
3233 3371 3615 3447 Μαφδαληνῆς,
3674 3371 3739 3436 ἧς
3779 3375 3939 3448 ἐμνη-

2318 3470 2560 3538 μόνευσεν
2588 3466 2612 3516 ὁ
2638 3464 2892 3529 Ἰωάννης,
2918 3462 3128 3537 ἐροῦμεν
3151 3469 3409 3539 προϊόντες
3432 3462 3480 3515 ἐν
3504 3471 3575 3535 τῷ
3606 3470 3940 3539 προσήκοντι

2318 3561 2480 3627 τόπῳ.

2392 3648 2494 3698 Καὶ
2545 3639 2661 3695 ἰδού
2716 3674 2783 3682 -
2832 3647 2988 3715 χιών.
3038 3641 3096 3694 Ὀ
3152 3644 3241 3715 μὲν
3296 3646 3529 3718 Χριστὸς
3575 3640 3783 3715 ἀνέστη,
3835 3648 3943 3719 πρὸ

3302 3734 3543 3806 Καθάπερ
3614 3734 3713 3807 γὰρ
3798 3730 3947 3805 ἐγεν-

2318 3826 2473 3889 νήθη,
2527 3828 2671 3875 σώων
2731 3820 3119 3895 φυλαττομένων
3176 3830 3269 3881 τῶς
3318 3821 3563 3896 κλείθρων
3633 3827 3730 3882 τῆς
3802 3842 3946 3895 παρ-

2319 3742 2410 3786 τού
2468 3741 2760 3791 κατακῆναι
2816 3735 2902 3784 τὸν
2979 3732 3213 3803 ἄγγελον.

2322 3916 2507 3975 θενίας·
2608 3913 2771 3973 οὕτως
2846 3910 3043 3978 ἐξῆλθε,
3128 3916 3272 3962 σώων
3358 3911 3749 3984 φυλαττομένων
3840 3921 3947 3964 τῶν

2322 3998 2626 4078 σφραγίδων
2708 4008 2796 4053 τοῦ
2863 4005 3149 4073 μνήματος,
3223 3999 3280 4052 Ὀ
3332 3997 3390 4053 δε
3444 4003 3661 4073 σεισμὸς
3730 4000 3948 4072 ἐγένετο

2319 4089 2412 4145 διὰ
2477 4095 2597 4152 τοὺς
2652 4092 3119 4166 παρακαθημένους
3193 4098 3265 4161 τῷ
3316 4091 3459 4163 τάφῳ
3520 4088 3779 4161 φύλακας,
3859 4091 3953 4142 ἶνα

2316 4188 2388 4251 τῷ
2440 4180 2578 4253 φόϐῳ
2622 4187 2713 4232 τοῦ
2761 4199 2980 4253 σεισμου
3021 4181 3147 4250 (77)
3188 4177 3522 4247 ἀναστάντες,
3565 4184 3654 4231 καὶ
3708 4187 3788 4251 τῷ
3829 4200 3954 4253 φρι-

2317 4279 2423 4342 κτῷ
2475 4279 2568 4343 τῇς
2632 4265 2771 4330 ἰδέας
2826 4276 2918 4321 τοῦ
2992 4272 3076 4321 τόν
3124 4269 3266 4321 λίθον
3301 4267 3709 4328 ἀποκυλίσαντος
3744 4267 3957 4321 ἐκπλα-

2316 4364 2506 4432 γέντες,
2592 4362 2798 4431 φύγωσι
2862 4364 2950 4410 καὶ
3010 4357 3365 4430 ἀπαγγείλωσι
3417 4366 3585 4410 ταῦτα
3634 4365 3742 4418 τοῖς
3818 4362 3956 4412 Ἰου-

2320 4446 2509 4519 δαίοις,
2531 4455 2621 4502 καὶ
2650 4452 2909 4523 μάρτυρες
2939 4448 3084 4500 αὐτοὶ
3105 4452 3352 4517 γένωνται
3385 4449 3499 4519 (78)
3542 4455 3631 4508 τῆς
3658 4446 3954 4511 ἀληθείας.

2319 4539 2565 4593 Μάλιστα
2615 4542 2715 4613 ’γὰρ
2775 4538 2906 4595 αὕτη
2964 4538 3183 4610 λὰμπειν
3234 4540 3426 4603 εἴωθεν,
3485 4540 3604 4589 ὅταν
3670 4538 3782 4589 ὑπὸ
3847 4548 3958 4591 τὼν

2321 4628 2523 4704 ἐχθρῶν
2554 4629 2712 4690 αὐτῆς
2751 4627 3195 4703 ἀνακηρύττηται,
3218 4626 3529 4680 Ἀπεκύλισε
3575 4622 3633 4679 δὲ
3662 4630 3757 4678 τὸν
3793 4626 3957 4681 λίθον

2321 4721 2346 4771 ὁ
2403 4718 2635 4791 ἄγγελος,
2688 4715 2781 4771 διὰ
2818 4721 2913 4780 τὰς
2959 4726 3233 4789 γυναῖκας,
3284 4718 3365 4769 ἵνα
3416 4714 3579 4769 ἴδωσι
3618 4718 3706 4767 τόν
3775 4722 3958 4791 τάφον

2317 4813 2477 4880 κενὸν,
2511 4814 2601 4861 καὶ
2626 4811 2979 4862 πιστεύσωσιν
3013 4809 3092 4859 ὅτι
3122 4809 3419 4881 ἐγήγερται.

2384 4900 2600 4973 Μάρκος
2658 4894 2717 4951 δέ
2772 4917 2903 4970 φησι
2942 4900 3060 4971 περὶ
3116 4904 3217 4949 τῶν
3263 4904 3523 4967 γυναικῶν
3574 4897 3809 4953 τούτων,
3866 4898 3961 4950 ὅτι

618 5070 670 5105 τ’
699 5070 885 5131 Μαι-ο.
919 5084 1032 5136 xu,
1058 5071 1114 5125 ἰ.
1190 5071 1242 5111 ⁵ο
1271 5069 1417 5127 Luc.
1444 5082 1648 5139 xxxiii,
1693 5077 1780 5131 56.
1859 5075 1904 5112 ⁸³
1948 5075 2090 5132 Luc.
2122 5093 2281 5150 xxiv,
2316 5079 2368 5135 ί.

1801 5272 2021 5349 Varia:
2036 5281 2365 5352 lectiones
2387 5292 2452 5351 et
2470 5291 2674 5351 notaa.

618 5496 1048 5573 (15)__C0t_npara
1080 5498 1138 5551 in
1168 5497 1327 5573 banc
1361 5514 1487 5573 rem
1518 5500 2068 5573 interpretationem
2091 5509 2201 5562 Eu-

547 5569 764 5649 thymii
792 5570 1078 5649 adﬂare.
1113 5584 1153 5634 ι,
1184 5570 1274 5638 35,
1315 5571 1420 5649 ubi
1459 5569 1724 5630 similiter
1770 5578 1987 5648 ἔννυχον
2036 5582 2091 5634 οι
2119 5598 2201 5649 γε·

550 5644 761 5712 νομένης
784 5642 981 5714 ἡμέρας
1012 5646 1457 5713 comparantur.
1885 5642 1927 5648 "
2124 5642 2127 5661 ⁵

619 5710 734 5783 (76)
773 5714 970 5764 Τούτου
1000 5711 1321 5787 παῤῥησίαν.
1354 5714 1500 5771 Male
1527 5716 1592 5771 Β.

2386 5508 2552 5561 Forte
2587 5505 2741 5578 quis
2798 5503 3095 5574 conjiciat,
3151 5502 3539 5565 ἁνασταθέντες.
3600 5501 3716 5558 Sed
3780 5505 3977 5567 istud

2307 5578 2463 5634 bene
2491 5593 2553 5632 se
2583 5576 2784 5633 habet.

2382 5648 2499 5721 (78)
2527 5651 2776 5701 Γίνωνται
2797 5653 2859 5702 Α.
