4096 6402
187 341 279 402 πρ
1100 340 1462 398 COMMENT.
1507 341 1578 397 IN
1619 335 2065 405 MATTHASUM.
2106 370 2176 382 —
2218 339 2380 398 CAP.
2421 340 2672 399 XXVIII.
3441 344 3546 400 750

187 469 336 542 ᾗεγον
388 473 516 545 πρὸς
573 470 774 530 ἑαυτάς·
858 474 944 530 Τίς
1003 469 1307 522 ἀποκυλίσει
1366 472 1489 542 ἡμῖν
1552 472 1637 520 τόν
1694 469 1768 520 λί-

1932 465 2094 522 ibant
2136 465 2289 522 inter
2319 483 2450 522 sese
2484 485 2497 519 :
2533 468 2675 538 Quis
2705 465 2966 524 revolvet
3003 466 3169 523 nobis
3205 467 3444 536 lapidem
3473 469 3549 525 ab

189 560 266 611 θον
313 559 420 630 (Ῑ9)
503 557 556 611 ἐκ
612 568 706 622 τῆς
762 562 923 633 θύρας
993 566 1083 614 τού
1143 564 1444 632 μνημείου;
1499 563 1587 610 καὶ
1647 556 1768 608 ἀνα-

1936 557 2021 612 rtz‘o
2042 562 2398 612 monument:
2418 557 2447 610 ?
2466 556 2732 630 (Tumque
2746 557 3158 628 respexissent,
3186 556 3382 613 vident
3397 559 3553 630 quod

188 646 429 720 ϐλέψασαι
505 650 805 722 θεωροῦσιν,
889 650 962 700 ὅτι
1040 647 1448 700 ἀποκεκύλισται
1513 650 1538 700 6
1605 647 1768 708 λίθος.

1928 647 2181 702 evolutus
2212 652 2355 701 esset
2396 646 2544 718 lapis
2578 663 2590 701 :
2625 653 2755 704 erat
2785 647 2941 702 enim
2983 646 3221 718 grandis
3256 647 3433 704 valde
3477 649 3545 704 ⁸³.

188 737 276 790 Ἠν
323 740 421 810 γὰρ
503 743 667 810 μέγας
725 735 956 814 σφόδρα·
1013 738 1291 790 Ἐλθούσαι
1356 742 1446 810 μὲν
1499 740 1620 810 γὰρ,
1674 735 1773 788 ἔλε-

1926 749 2038 788 ιιιω
2093 733 2295 806 itaque
2351 735 2634 801 venirent,
2686 735 2767 791 ita
2815 734 3093 792 dicebant
3149 735 3304 792 inter
3343 751 3469 792 sese
3531 756 3543 796 :

185 846 269 898 γον
306 831 428 902 πρὸς
478 826 702 892 ἀλλήλας
743 828 925 890 οὕτως·
986 827 1034 880 ἐν
1078 829 1183 899 ὅσῳ
1230 824 1288 880 δὲ
1332 835 1496 879 ταῦτα
1555 824 1774 898 διελογί-

1930 823 2110 878 ιῐθΓία]
2136 838 2266 878 vero
2290 823 2438 880 dum
2463 824 2590 884 haec
2603 823 3102 897 colloquerentur,
3125 824 3316 881 factus
3337 830 3547 883 estter-

189 917 346 980 ζοντο,
376 921 550 988 γέγονε
601 921 692 989 μὲν
751 919 776 968 ὁ
827 920 1061 988 σεισμὸς,
1119 917 1416 992 προσελθὼν
1447 913 1506 969 δε
1543 917 1569 968 6
1623 917 1777 988 ἄγγε-

1930 917 2165 974 Bulotus
2204 930 2218 980 ;
2274 929 2534 986 cumque
2583 915 2940 971 accessisset
2986 913 3257 985 angelus,
3301 914 3547 973 revolvit

185 1006 268 1067 λος
315 1005 587 1061 ἀπεκύλισε
649 1010 735 1058 τὸν
791 1007 938 1060 λόθον
1010 1012 1099 1059 καὶ
1164 1006 1341 1059 λοιπον
1418 1005 1776 1078 ἀναϐλέψασαι

1926 1001 2166 1080 ιρίάθω,
2200 1006 2256 1057 et
2300 1002 2430 1073 jam
2482 1001 2560 1068 ad
2615 1009 3080 1062 monumentum
3132 1004 3543 1081 respicientes,

185 1098 302 1170 πρὸς
330 1099 413 1147 τὸν
457 1103 635 1168 ταφον,
699 1098 999 1174 θεωροῦσιν,
1060 1097 1140 1149 ὅτι
1195 1094 1598 1148 ἀποκεκύλισται
1647 1097 1672 1147 6
1701 1095 1774 1147 λί-

1392 1096 1598 1148 ύλισται
1647 1097 1672 1147 ὀ
1701 1095 1774 1147 λί-
1887 1089 2090 1156 vident
2119 1091 2278 1164 quod
2308 1091 2614 1156 revolutus
2655 1097 2809 1150 esset
2832 1091 3006 1166 lapis.

186 1187 288 1245 θος.

251 1273 306 1325 Ὀ
361 1275 569 1347 Μάρκος
647 1271 726 1344 δέ,
788 1279 1062 1348 φροντίσας
1148 1282 1243 1336 τῆς
1305 1279 1605 1347 συντομίας,
1665 1278 1781 1326 οὔτε

1963 1272 2192 1326 Marcus
2219 1285 2364 1327 sane
2405 1269 2682 1327 brevitati
2714 1271 2984 1336 studens,
3017 1288 3210 1345 neque
3251 1278 3551 1331 terraemo-

183 1367 268 1418 τὸν
324 1367 535 1440 σεισμὸν
608 1361 911 1438 ἀνέγραψεν,
980 1366 1113 1429 οὔτε,
1193 1369 1270 1424 τίς
1335 1363 1614 1418 ἀπεκύλισε
1693 1368 1780 1415 τὸν

1931 1375 2018 1414 1m
2049 1359 2302 1434 scripsit,
2327 1375 2523 1433 neque
2548 1361 2683 1431 quis
2708 1359 2970 1432 lapidem
2991 1361 3309 1420 revolverit
3329 1363 3548 1419 docuit.

181 1452 336 1516 λίθον,
399 1448 658 1514 ἐδίδαξεν.
700 1452 922 1530 Ὀμοίως
973 1450 1032 1505 δὲ
1083 1458 1172 1505 καὶ
1227 1455 1251 1506 6
1305 1459 1505 1514 Λουκᾶς
1542 1456 1782 1525 συνέτεμε

1930 1449 2174 1505 imiliter
2203 1453 2258 1504 et
2279 1447 2469 1506 Lucas
2494 1450 2903 1506 narrationem
2935 1447 3010 1506 de
3037 1450 3128 1509 his
3159 1451 3547 1517 abbreviavit,

184 1547 275 1600 τὴν
328 1547 442 1617 περὶ
520 1545 714 1600 τούτων
798 1540 1071 1614 διήγησιν,
1129 1543 1298 1596 εὶπων.
1364 1543 1524 1616 Εὗρον
1584 1539 1643 1596 δὲ
1694 1546 1781 1594 τὸν

1939 1539 2098 1596 icens
2131 1539 2521 1595 :Invenerunt
2569 1539 2828 1609 lapidem
2853 1547 3288 1598 amonumento
3328 1542 3556 1599 revolu-

182 1630 320 1683 λίθον
400 1629 864 1698 ἀποκεκυλισμένον
947 1630 1046 1684 ἀπὸ
1127 1640 1214 1684 τοῦ
1294 1637 1566 1705 μνημείου.
1654 1637 1782 1689 Πότε

1942 1645 2017 1683 tm
2032 1631 2097 1683 ⁸³.
2113 1627 2312 1698 Itaque
2327 1627 2570 1699 quando
2584 1626 2662 1682 ad
2677 1631 3133 1685 monumentum
3151 1631 3488 1687 venerintm
3501 1648 3559 1686 u-

185 1723 271 1791 μὲν
299 1715 384 1772 οὖν
432 1716 584 1777 ἦλθον
636 1721 706 1780 εἰς
758 1724 813 1772 τὸ
862 1729 1109 1792 μνημεῖον
1161 1723 1214 1772 αὶ
1261 1728 1520 1798 γυναῖκες,
1580 1718 1779 1780 ἐδήλω-

1939 1733 2082 1781 eres,
2101 1715 2589 1788 signiﬁcaverunt
2604 1716 2982 1788 evangelista!
3003 1737 3016 1788 ;
3037 1720 3287 1791 quando
3306 1736 3448 1776 vero
3469 1736 3556 1777 re-

190 1828 282 1868 σαν
324 1810 370 1870 οἱ
412 1807 793 1883 εὐαγγελισταὺ
853 1814 976 1861 ποτε
1023 1805 1080 1867 δὲ
1129 1807 1316 1868 ἀνέστη
1369 1812 1392 1872 6
1437 1813 1645 1883 Κύριος,
1700 1809 1783 1860 ού-

1937 1806 2527 1874 nrrexeritChristus,
2567 1806 2765 1863 nullus
2787 1823 2994 1863 eorum
3036 1808 3324 1866 indicavit
3350 1826 3362 1865 :
3393 1810 3554 1866 solus

190 1895 290 1970 δξὶς
339 1897 508 1950 αὐτῶν
565 1904 1058 1976 παρεσημειὼσατο.
1112 1904 1279 1960 Μόνος
1320 1901 1421 1974 γὰρ
1462 1895 1574 1952 οἶδε
1608 1907 1783 1968 τοῦτο,

1717 1919 1783 1968 το,
1894 1897 2055 1952 enim
2083 1897 2194 1952 hoc
2224 1895 2412 1963 novit,
2440 1896 2548 1968 qui
2593 1896 2754 1953 solus
2785 1898 3039 1954 surrexit
3063 1903 3124 1954 ut
3156 1899 3334 1955 novit.

187 1989 211 2038 6
235 1992 404 2060 μόνος,
439 1989 507 2049 ὡς
538 1984 700 2062 οἶδεν,
735 1985 982 2050 ἀναστάς.

260 2079 444 2140 Πάντες
489 2073 548 2130 δὲ
588 2082 873 2149 συμφώνως
921 2079 969 2129 οἱ
1020 2080 1146 2152 ἱεροὶ
1204 2082 1428 2151 Πκτέρες
1473 2083 1563 2130 καὶ
1617 2073 1784 2130 διδα-

1969 2093 2190 2150 Omnes
2219 2097 2419 2149 autem
2449 2092 2812 2150 unanimiter
2838 2094 3024 2149 sancti
3050 2092 3250 2152 Patres
3277 2101 3331 2152 et
3357 2095 3559 2154 docto-

189 2165 367 2218 σκαλοι
429 2169 610 2238 καιρὸν
689 2173 779 2227 τῆς
846 2164 1178 2228 ἀναστάσεως
1251 2167 1412 2219 αὑτοῦ
1479 2187 1628 2240 φασι,
1695 2171 1787 2226 τὴν

1946 2200 1989 2238 ιε
2030 2187 2266 2254 tempus
2292 2181 2756 2238 Resurrectionis
2784 2182 2914 2260 ejus
2952 2182 3140 2240 fuisse
3172 2183 3378 2242 dicunt
3407 2186 3563 2241 circa

188 2265 392 2332 πρώτην
445 2265 543 2308 τῶν
599 2254 946 2330 ἀλεκτρυόνων
1026 2253 1190 2328 ᾠδὴν,
1258 2261 1374 2320 ῆτις
1439 2254 1544 2315 ἤδη
1600 2260 1658 2309 τὸ
1694 2265 1788 2319 τῆς

1948 2253 2172 2327 rimumi
2188 2271 2576 2342 gallicinium,
2610 2270 2706 2343 qui
2731 2253 2856 2344 jam
2908 2272 3189 2330 Dominici
3221 2274 3337 2329 diei
3365 2274 3565 2332 lucem

189 2352 460 2420 Κυριακῆς
528 2349 932 2419 προανεκρούετο
1019 2355 1141 2420 φῶς.
1194 2349 1281 2398 Διὸ
1352 2351 1440 2398 καὶ
1517 2349 1646 2418 μετὰ
1703 2351 1790 2404 τὴν

1948 2359 2270 2416 raeferebat.
2306 2359 2442 2416 Ideo
2456 2376 2699 2434 quoque
2716 2364 2854 2433 post
2881 2365 3112 2418 sextam
3134 2364 3325 2418 noctis
3351 2363 3565 2421 horam

187 2437 337 2496 ἕκτην
390 2437 526 2510 ὤραν
593 2443 684 2495 τῆς
744 2438 926 2497 νυκτὸς
977 2437 1025 2486 οἱ
1079 2434 1341 2509 φιλάρετοι
1395 2440 1486 2493 τὴν
1549 2440 1789 2494 νηστείαν

1951 2449 2131 2506 trtutis
2146 2453 2483 2516 sectatores,
2505 2449 2698 2506 soluto
2711 2449 2943 2523 jejunio
2963 2450 3232 2509 laetitiam
3250 2454 3568 2528 auspican-

187 2525 540 2594 καταλύοντες,
576 2531 669 2587 τῆς
698 2524 1010 2598 εὐφροσύνης
1043 2522 1392 2597 ἀπάρχονται.
1866 2564 1868 2566 -
1901 2545 2012 2595 tur.
2759 2568 2761 2570 -

258 2615 478 2686 Ἀνέστη
527 2609 585 2664 δὲ
635 2621 698 2688 τῇ
757 2619 906 2689 τρίτῃ
959 2615 1148 2687 ἡμέρᾳ,
1200 2616 1371 2675 καθὼς
1424 2614 1607 2686 ἔλεγεν.
1654 2615 1793 2667 Ἐπεὶ

1977 2627 2239 2686 Surrexit
2273 2630 2473 2684 autem
2519 2627 2688 2685 tertio
2718 2627 2813 2685 die
2837 2633 3014 2704 prout
3046 2630 3298 2689 dixerat.
3333 2634 3416 2688 Ex
3443 2648 3566 2706 quo

184 2706 282 2776 γὰρ
333 2704 383 2754 ἐν
433 2712 496 2775 τῇ
548 2701 700 2776 ἐνάτῃ
779 2705 889 2776 ὥρᾳ
969 2711 1065 2766 τῆς
1118 2711 1455 2778 παρασκευῆς
1525 2705 1791 2772 ἀπέθανεν,

1952 2716 2066 2772 nim
2082 2715 2232 2773 hora
2245 2716 2780 2774 nonaParasceves
2800 2701 3073 2776 mortuus
3095 2726 3200 2786 est,
3220 2727 3569 2780 numeratur

185 2791 487 2868 ἀριθμεῖται
563 2797 742 2868 πρώτη
814 2795 904 2865 μὲν
974 2794 1142 2870 ἡμέρα
1188 2795 1216 2850 ἡ
1290 2799 1619 2869 παρασκευῇ,
1679 2790 1794 2846 δευ-

1952 2805 2631 2872 rimusdiesParasceve,
2650 2809 2951 2864 secundus
2975 2809 3334 2877 Sabbatum,
3362 2812 3569 2868 tertius

183 2887 306 2958 τέρα
356 2878 415 2934 δὲ
469 2884 526 2933 τὸ
585 2880 866 2948 Σάϐϐατον,
931 2887 1081 2958 τρίτη
1141 2878 1198 2934 δὲ
1251 2883 1280 2940 ἡ
1332 2888 1589 2957 κυριακῇ,
1642 2882 1687 2934 ἐν
1737 2883 1791 2955 ᾖ,

1954 2895 2033 2951 ies
2055 2895 2416 2964 Dominicus,
2435 2895 2495 2951 in
2513 2912 2637 2969 quo
2659 2897 2982 2969 incipiente
3001 2899 3285 2968 diluculo,
3313 2901 3571 2958 surrexit

185 2971 480 3044 ἀρχομένου
529 2979 621 3023 τοῦ
671 2973 880 3046 ὄρθρου,
943 2969 1154 3041 ἀνέστη,
1213 2977 1398 3046 μικρὸν
1455 2994 1504 3024 τι
1544 2976 1643 3048 πρὸ
1700 2979 1796 3031 τῆς

1954 2985 2087 3042 aulo
2110 2988 2430 3058 antequam
2453 2985 2731 3042 mulieres
2752 2989 3102 3044 accederent
3129 3007 3141 3044 :
3163 2994 3218 3046 et
3247 3006 3571 3046 connume-

185 3069 286 3112 τῶν
346 3068 605 3132 γυναικῶν
682 3058 916 3132 ἀφίξεως,
997 3067 1087 3113 καὶ
1190 3064 1632 3135 συναριθμοῦνται
1707 3069 1797 3121 τῆς

1954 3080 2114 3132 intur
2151 3073 2342 3147 ipsius
2373 3073 2510 3128 ﬁnis
2550 3075 2923 3147 Parasceves,
2957 3082 3011 3132 et
3036 3078 3324 3136 Dominici
3354 3080 3571 3152 princi-

185 3153 277 3224 μὲν
306 3157 649 3224 παρασκευῆς
697 3153 754 3201 τὸ
803 3149 962 3216 τελος,
1010 3159 1104 3212 τῆς
1156 3146 1214 3202 δὲ
1255 3157 1521 3223 Κυριακῆς
1558 3153 1588 3209 ἡ
1626 3149 1794 3226 ἀρχή.

1954 3164 2099 3221 ium.
2133 3146 2300 3229 Quod
2329 3165 2530 3220 autem
2563 3164 2622 3219 in
2653 3146 2929 3237 exemplo
2961 3167 3033 3222 de
3060 3165 3215 3223 Jona
3243 3146 3384 3225 dixit
3410 3187 3422 3224 :
3453 3171 3571 3226 Ita-

184 3235 331 3292 Ἐπεὶ
376 3235 435 3290 δὲ
484 3237 532 3291 ἐν
587 3245 659 3309 τῷ
712 3241 849 3291 κατά
900 3243 986 3291 τὸν
1017 3237 1187 3292 Ἰωνᾶν
1239 3237 1632 3314 παραδείγματι
1679 3241 1794 3310 ἔφη.

1956 3254 2017 3308 "it
2043 3251 2302 3309 etFilius
2327 3252 2575 3309 hominis
2594 3253 2656 3309 in
2680 3235 2856 3311 corde
2877 3261 3056 3313 teri-ce
3079 3256 3261 3314 tribus
3294 3257 3498 3314 diebus
3520 3265 3573 3315 et

185 3329 371 3390 Οὕτως
429 3330 575 3381 ἔσται
627 3333 718 3380 καὶ
769 3329 794 3379 6
847 3331 950 3389 νίὀς
998 3336 1089 3381 τοῦ
1149 3326 1420 3403 ἀνθρώπου
1467 3329 1514 3381 ἐν
1676 3348 1800 3404 καρ-

1956 3342 2100 3397 'ibus
2131 3342 2400 3398 noctibus
2427 3342 2495 3404 ⁸⁸,
2525 3339 2599 3397 de
2629 3342 2842 3398 diebus
2870 3344 3117 3416 quidem
3145 3362 3266 3402 non
3296 3352 3382 3402 est
3407 3346 3573 3418 quod

190 3414 290 3489 διᾳ
381 3427 477 3478 τῆς
541 3427 636 3490 γῆς
695 3425 834 3494 τρεῖς
928 3420 1126 3493 ἡμέρας
1207 3423 1296 3470 καὶ
1379 3425 1514 3494 τρεῖς
1588 3420 1798 3479 νύκτας

1588 3420 1798 3479 νύκτας
1909 3432 2274 3498 haesitemus,
2304 3432 2431 3504 jam
2461 3433 2622 3488 enim
2653 3434 2986 3491 enumerati
3031 3439 3189 3491 sunt.

188 3511 312 3582 περὶ
359 3510 452 3580 μὲν
492 3514 592 3559 τῶν
645 3509 850 3580 ἡμερῶν
894 3507 990 3559 οὐκ
1036 3509 1148 3562 εστι
1199 3503 1489 3580 διαπορεῖν
1545 3508 1800 3582 ὴρίθπην-

187 3613 281 3646 ται
303 3615 430 3668 γαρ.

265 3743 396 3812 Περὶ
439 3735 501 3791 δέ
554 3757 614 3810 ’γε
665 3746 764 3790 τῶν
811 3747 1009 3796 νυκτῶν
1051 3738 1282 3815 ἐροῦμεν,
1335 3742 1398 3803 ὡς
1460 3742 1509 3794 οἱ
1550 3737 1805 3795 ἰουδαίοι

1986 3739 2066 3793 De
2094 3736 2372 3802 noctibus
2419 3751 2562 3794 vero
2612 3736 2904 3804 dicemus,
2936 3738 3097 3810 quod
3127 3738 3322 3795 Judcei
3354 3739 3433 3798 ad
3465 3744 3573 3797 ter-

186 3829 289 3892 ἕως
337 3832 516 3903 τρίτης
569 3829 767 3901 ἡμέρας
827 3828 1184 3901 ἠσφαλίσαντο
1244 3833 1330 3881 τὸν
1383 3831 1560 3902 τάφον,
1613 3834 1802 3902 ἤγομν,

1959 3842 2062 3884 um
2079 3842 2274 3900 usque
2290 3825 2452 3884 diem
2467 3824 2809 3898 sepulcrum
2839 3828 3192 3899 munierant,
3209 3829 3479 3888 videlicet
3496 3831 3573 3890 ab

186 3917 284 3972 ἀπ’
359 3916 520 3978 αὐτῆς
600 3926 692 3978 τῆς
778 3927 1110 3996 παρασκευῆς
1184 3921 1277 3979 ἕως
1352 3927 1442 3979 τῆς
1515 3926 1802 3992 Κυριακῆς,

1960 3932 2045 3971 ιεει
2059 3915 2381 3972 Parasceve
2407 3931 2599 3987 usque
2617 3917 2693 3971 ad
2704 3916 2866 3976 diem
2884 3916 3258 3980 Dominicum
3280 3920 3577 3984 occidente

185 4006 346 4068 ἡλίου
380 4001 642 4074 δύνοντοςρ
699 4008 850 4062 Οὗτω
901 4011 1002 4083 γὰρ
1051 4007 1391 4080 ἐψηφίσαντο.
1448 4013 1552 4067 Τὴν
1586 4010 1700 4081 (80)
1747 4005 1802 4062 δὲ

1962 4005 2038 4062 ile
2069 4021 2082 4059 :
2127 4004 2207 4066 ita
2245 4003 2406 4064 enim
2443 4005 2851 4069 decreverant.
2886 4006 3140 4064 Tertiam
3170 4024 3312 4065 vero
3341 4013 3579 4066 noctem

183 4100 381 4170 τρίτην
428 4098 592 4158 νύκτα
636 4105 728 4164 τῆς
783 4095 1066 4170 ἀσφαλείας
1105 4096 1244 4162 ἐκτὸς
1293 4097 1516 4170 ἀφῆκαν.
1564 4103 1664 4151 Καὶ
1696 4098 1800 4150 λοι-

1964 4096 2150 4168 bsque
2168 4095 2502 4151 munitione
2516 4094 2940 4167 relinquebant
2963 4113 2976 4163 ;
2993 4112 3131 4153 nam
3153 4097 3200 4153 si
3222 4098 3403 4156 etiam
3423 4099 3581 4157 hanc

182 4191 311 4250 πον,
361 4185 408 4238 εὶ
463 4191 552 4239 καὶ
595 4188 790 4244 ταύτην
841 4185 1113 4259 ἀνέμεινεν,
1166 4187 1335 4260 ἔμελλε
1399 4191 1640 4259 γενέσθαι
1683 4189 1799 4240 ὕπο-

1964 4188 2342 4257 Lspectasset,
2394 4189 2674 4256 suspecta
2725 4185 2928 4243 habita
2967 4185 3180 4243 fuisset
3207 4190 3581 4245 resurrectio.

181 4295 320 4339 πτας
375 4278 407 4334 ἡ
474 4273 786 4337 ἀνάστασις.
834 4281 933 4330 Καὶ
984 4280 1086 4350 γὰρ
1147 4277 1379 4330 ἀντεῖπον
1430 4279 1512 4343 οἷν,
1558 4280 1644 4347 ὡς,
1698 4276 1798 4330 ἐπεῖ

1970 4275 2383 4348 espondissent
2401 4275 2582 4344 enim,
2606 4274 2772 4348 quod
2794 4292 2864 4332 ex
2885 4291 3008 4350 quo
3035 4276 3193 4334 intra
3214 4284 3434 4352 tempus
3459 4296 3587 4336 mu-

180 4365 337 4429 ὲιτός
390 4372 481 4418 τοῦ
534 4373 720 4440 καιροῦ
778 4375 873 4430 τῆς
929 4365 1214 4437 ἀσγαλείας
1264 4367 1357 4430 οὐκ
1396 4366 1603 4434 ἀνέστη,
1642 4367 1797 4420 λυθεί·

1974 4365 2161 4421 tionis
2187 4380 2310 4426 non
2356 4370 2774 4433 resurrexerat,
2807 4365 2923 4421 hac
2951 4367 3166 4433 soluta,
3202 4334 3591 4426 ﬁdeIcarebat

182 4474 299 4521 σης
355 4457 571 4524 ταύτης,
641 4455 866 4518 ἄπιστος
943 4458 972 4515 η
1043 4454 1352 4518 ἀνάστασις.
1415 4456 1641 4516 Ἐκλάπη
1705 4459 1799 4530 γὰρ

1975 4454 2269 4512 :surrectio
2302 4470 2315 4522 ;
2351 4454 2505 4509 furto
2554 4453 2716 4510 enim
2767 4453 3040 4512 sublatus
3088 4463 3230 4525 erat,
3278 4458 3441 4514 nullo
3492 4475 3592 4516 cu-

181 4540 414 4606 οὐδινὸς
473 4543 826 4616 φυλάττοντος,
873 4548 1068 4600 Λοιπὸν
1126 4541 1234 4614 οἶν,
1296 4548 1372 4599 ἔτι
1429 4545 1798 4617 φυλαττόντων,

1977 4544 2227 4601 odiente.
2257 4545 2462 4616 Itaque
2489 4560 2626 4600 cum
2653 4543 2853 4600 adhuc
2872 4546 3253 4615 custodirent,
3273 4550 3594 4605 resurrexit

182 4635 416 4698 ἀνέστη,
469 4642 752 4709 περιαιρῶν
808 4641 982 4690 πᾶσαν
1032 4635 1345 4707 ἀντιλογίαν·
1406 4640 1505 4689 Καὶ
1553 4632 1676 4689 οὐδὲ
1718 4641 1799 4694 si):

1973 4651 2165 4693 mnem
2203 4633 2412 4690 tollens
2463 4634 2993 4694 contradictionem
3026 4654 3040 4691 :
3075 4641 3131 4694 et
3169 4653 3364 4711 neque
3406 4644 3590 4696 totum

182 4727 388 4797 τρίτην
442 4723 564 4786 ὅλην
623 4723 873 4796 ἀνέμεινεν
927 4727 1143 4798 insuper»,
1205 4723 1311 4778 ἀλλ’
1370 4725 1522 4788 εὐθὺς
1585 4725 1799 4799 ἀρχομέι

1976 4724 2161 4792 rtium
2181 4725 2540 4795 exspectavit
2570 4724 2752 4792 diem,
2779 4725 2887 4781 sed
2919 4725 3116 4786 statim
3141 4744 3281 4785 cum
3306 4729 3593 4801 inciperet

183 4832 294 4874 νης
340 4813 541 4887 ἠγέρθη
588 4813 726 4885 (81),
774 4817 844 4876 T6
887 4817 976 4886 μὲν
1015 4817 1116 4888 γὰρ
1167 4812 1308 4876 ἐντὸς
1358 4822 1449 4870 τού
1496 4823 1681 4888 καιροῦ
1720 4823 1800 4875 τῆι

1974 4815 2195 4871 irrexit.
2249 4812 2415 4880 Quod
2461 4813 2615 4878 enim
2657 4814 2814 4872 intra
2868 4820 3099 4887 tempus
3129 4818 3474 4876 munitionis
3507 4835 3591 4876 re-

184 4900 492 4973 ἀσφαλείας
545 4901 855 4972 ᾆνᾳστῆναι,
905 4902 1257 4977 ἀνέγκλητοη
1305 4909 1364 4958 τὸ
1413 4901 1472 4957 6‘s
1525 4907 1801 4980 ὑστερῆσαι

1977 4907 2218 4974 ngeret,
2245 4902 2415 4973 argui
2442 4918 2563 4960 non
2584 4908 2809 4975 poterat
2835 4921 2846 4959 :
2871 4905 3034 4978 quod
3054 4907 3102 4964 si
3126 4906 3185 4962 id
3207 4908 3594 4981 postmodum

183 4994 418 5057 τούτου,
472 4991 726 5056 ὕποπτον.
794 4997 892 5052 Καὶ
944 4997 1002 5048 τὸ
1067 4996 1158 5066 μὲν
1209 4997 1499 5068 ταχύτερον
1555 5003 1646 5063 τῆς
1691 5014 1800 5069 προ-

1982 4995 2164 5060 .ceret,
2199 4997 2546 5070 suspectum
2571 4998 2715 5054 erat.
2741 4996 2887 5052 Nam
2917 4995 3083 5067 quod
3112 4995 3282 5058 citius
3307 5012 3495 5070 quam
3526 4998 3599 5054 sit

186 5083 450 5153 θεσμίοις,
513 5077 779 5154 diiungas};
818 5081 930 5148 ἐστι
974 5100 990 5116 ·
1045 5086 1103 5140 τὸ
1157 5080 1217 5148 δὲ
1269 5081 1618 5160 βραδύτερον,
1666 5083 1803 5138 6:69:-

1983 5083 2321 5141 institutum
2345 5081 2615 5150 efﬁcitur,
2639 5081 2924 5159 potentiae
2946 5088 3053 5154 est;
3079 5086 3244 5158 quod
3262 5090 3463 5152 autem
3488 5092 3600 5144 tare

180 5175 357 5239 νείρᾳ,
1931 5173 2092 5248 dius,
2163 5170 2600 5244 imbecillitatis.

271 5296 327 5334 ⁸⁸
356 5295 539 5352 Marc.
571 5307 691 5363 ενι,
726 5299 780 5366 8,
801 5299 860 5352 4.
939 5297 987 5334 ⁸³
1017 5299 1157 5356 Luc.
1187 5309 1346 5366 xxrv,
1377 5301 1430 5355 ε.
1509 5300 1557 5334 ³⁸
1582 5299 1784 5357 Matth.
1810 5316 1917 5370 xu,
1939 5300 2032 5356 40.

1861 5409 1878 5434 ι

1445 5477 1664 5546 Variae
1693 5476 2024 5546 lectiones
2057 5482 2124 5543 et
2153 5483 2358 5543 notae.

316 5672 416 5749 :19)
447 5673 598 5745 Ἀπὸ,
627 5687 738 5749 pro
768 5671 843 5749 ἐκ,
871 5678 936 5726 Α.
1833 5711 1836 5714 -
1898 5707 1931 5714 --
2013 5672 2130 5745 (Bt)
2199 5676 2424 5744 Δνέστη,
2461 5689 2572 5746 pro
2622 5676 2836 5749 ἠγέρθη,
2875 5681 2934 5730 Α.

316 5674 392 5728 79
447 5673 598 5745 Ἀπὸ,
627 5687 738 5745 pro
768 5672 843 5744 ἐκ,
871 5678 936 5726 Α.

287 5672 416 5817 ξδοξ
438 5749 544 5803 Τὴν
573 5748 755 5820 τρίτην
786 5741 864 5811 δέ,
899 5751 968 5803 Α.
