4096 6408
557 361 660 416 751
1897 354 2247 412 EUTHYMII
2289 350 2612 412 ZIGABENI
3831 367 3926 422 752

634 485 860 542 Etenim
889 502 988 542 rex
1017 501 1260 559 quoque
1299 486 1402 559 qui
1443 486 1522 543 ad
1554 491 1780 542 certum
1817 485 1971 540 diem
2007 484 2221 540 benefi-

2413 491 2513 538 Kul
2544 489 2644 558 γάρ
2677 486 2789 558 (8'2)
2849 491 2938 538 καὶ
2987 485 3257 559 βασιλεὺς,
3310 486 3740 562 ἐπαγγειλάμενος
3792 491 3927 564 εὐερ-

562 575 722 630 cium
743 575 1106 646 quibusdam
1121 573 1386 630 conferre
1405 574 1698 646 promisit,
1717 575 1762 628 si
1781 581 1913 628 ante
1928 577 2220 628 statutum

2338 581 2559 644 γετῆσαί
2606 596 2742 636 τινας
2793 576 2862 637 εἰς
2903 577 3095 649 ῥητὴν,
3155 579 3369 651 ἡμέραν,
3431 577 3541 631 εἶτα
3585 583 3681 652 πρὸ
3746 584 3927 642 ταύτης

562 663 721 720 diem
754 665 1110 719 beneficium
1146 663 1230 720 eis
1260 663 1547 730 conferat,
1583 680 1703 720 non
1736 664 1926 718 solum
1969 662 2221 734 promis-

2341 664 2681 736 εὐεργετήσας
2741 667 2950 733 αὐτοὺς,
3015 667 3071 719 οὐ
3126 672 3277 738 μόνον
3329 665 3593 743 ἐπλήρωσε
3643 673 3732 727 τὴν
3783 668 3930 740 ἐπαγ-

563 769 697 808 sum
724 753 1063 824 complevit,
1087 753 1192 808 sed
1217 759 1272 809 et
1294 754 1474 809 aliam
1500 754 1755 822 gratiam
1779 752 2104 808 velocitatis
2122 751 2223 806 ad-

2339 754 2530 824 γελίαν,
2598 753 2725 806 ἀλλὰ
2783 762 2872 807 καὶ
2925 758 3087 828 χάριν
3136 755 3292 814 άλλην
3336 755 3645 831 προσεθηκε,
3700 762 3789 816 τῆν
3840 767 3930 821 τῆς

563 842 729 897 didit.
764 842 912 898 Nihil
945 851 1145 899 autem
1172 842 1335 898 aliud
1373 842 1560 898 Judaei
1588 842 1875 915 appositis
1902 841 2223 912 signaculis

2341 847 2661 914 ταχύτητος·
2744 842 2910 897 Ούδεν
2956 842 3014 898 δε
3061 847 3228 919 ἕτερον
3293 843 3628 899 ἐσπούδασαν
3688 844 3932 900 Ἰουδαῖοι

564 947 634 989 ac
646 931 996 989 custodibus
1008 932 2025 1004 apparabant,quamutresurrectio
2040 929 2223 1002 publi-

2342 935 2430 992 τάς
2471 931 2770 1006 σφραγῖδας
2822 934 3143 997 ἐπιϐαλόντες
3201 939 3291 986 καὶ
3346 939 3460 996 τούς
3505 936 3734 1008 φύλακας
3775 957 3930 1010 παρα-

565 1028 819 1086 caretur,
846 1027 1226 1094 sumcretque
1263 1022 1336 1079 ab
1374 1023 1522 1094 ipsis
1567 1021 1919 1078 custodibus
1964 1021 2223 1077 testimo.

2341 1024 2644 1083 καθίσαντες
2694 1028 2722 1081 ἣ
2777 1026 2832 1076 τό
2889 1020 3306 1097 δημοσιευθῆναι
3350 1029 3442 1082 τὴν
3494 1023 3803 1096 ἀνάστασιν,
3850 1031 3935 1078 καὶ

565 1111 754 1167 nium.
775 1109 890 1167 Sed
907 1128 1149 1168 rursum
1166 1112 1246 1169 ad
1261 1113 1555 1168 dictorum
1580 1112 1936 1168 narrationis
1954 1110 2223 1167 ordinem

2342 1114 2742 1184 μαρτυρηθῆλαι
2807 1116 2950 1186 παρά
3035 1121 3135 1165 τῶν
3217 1113 3452 1186 φυλάκων
3539 1114 3730 1170 αὐτῶν.
3807 1114 3932 1168 Ἀλλ’

562 1201 983 1256 revertendum
1027 1207 1134 1257 est.

2343 1199 2602 1253 ἐπανιτέον
2649 1202 2800 1254 πάλιν
2857 1207 2988 1277 πρὸς
3045 1207 3138 1261 τὴν
3189 1201 3497 1256 ἀκολουθίαν
3554 1212 3651 1264 τῆς
3699 1211 3796 1255 τῶν
3852 1205 3938 1279 ρη-

2342 1298 2440 1341 τὼν
2472 1290 2787 1362 ἐξηγήσεως.

632 1397 796 1450 Vers.
828 1399 877 1451 4.
908 1395 1034 1450 Prw
1050 1397 1260 1452 timore
1288 1402 1488 1453 autem
1512 1427 1577 1436 ——
1600 1395 1838 1452 mortui.
1872 1398 1990 1450 Prte
2017 1395 2223 1451 timore

2414 1379 2541 1432 Ἀπὸ
2598 1378 2655 1432 δὲ
2693 1389 2784 1433 τοῦ
2829 1381 2986 1454 φόϐου
3059 1414 3124 1422 -
3181 1386 3368 1454 νεκροί.
3433 1381 3564 1434 Ἀπὸ
3613 1389 3707 1434 τού
3768 1381 3940 1454 φόϐου,

564 1484 1252 1551 terraamotus,fuitenim
1267 1502 1523 1556 magnus
1552 1485 1929 1558 ;autangeli,
1947 1485 2223 1540 fuitenim

2341 1476 2432 1520 τοῦ
2493 1479 2710 1542 σεισμοῦ
2759 1488 2771 1498 ’
2819 1475 2980 1542 μέγας
3035 1473 3136 1545 γάρ
3193 1468 3252 1529 ἦν
3286 1487 3296 1498 ·
3336 1471 3363 1529 ἦ
3397 1478 3488 1522 τοῦ
3521 1469 3765 1542 ἀγγέλου,
3796 1491 3944 1524 κατα-

565 1577 814 1644 aspectu
832 1572 1120 1629 terribilis.
1143 1573 1428 1630 Concussi
1441 1581 1578 1630 sunt
1595 1580 1815 1639 autem,
1840 1575 1949 1628 hoc
1971 1579 2072 1638 est,
2096 1575 2223 1628 Tre-

2341 1557 2623 1620 πληκτικός
2724 1562 2824 1634 γὰρ
2910 1557 2989 1618 ἦν.
3069 1561 3419 1618 Ἐσείσθησαν
3488 1557 3568 1627 δὲ,
3650 1560 3764 1612 ἀντὶ
3835 1581 3943 1629 του,

565 1665 880 1729 muerunt;
908 1660 1124 1717 deinde
1145 1662 1221 1718 ad
1249 1679 1311 1718 se
1339 1663 1557 1718 reversi
1583 1663 1881 1733 fugerunt,
1907 1669 1963 1717 et
1985 1662 2064 1717 ita
2095 1677 2223 1716 mu-

2339 1648 2678 1722 Ἐτρόμαξαν.
2741 1646 2871 1704 Εἶτα
2928 1649 3294 1722 ἀνανήψαντες,
3346 1653 3554 1722 ἔφυγον.
3598 1656 3689 1703 καὶ
3747 1654 3942 1723 γέγονεν

563 1748 804 1805 lieribus
827 1749 967 1806 data
999 1755 1090 1806 est
1132 1752 1436 1808 securitas.

2339 1735 2496 1792 ἄδεια
2525 1747 2637 1801 ταῖς
2661 1739 2896 1812 γυναιξίν
2909 1783 2922 1796 ,

2259 1808 2304 1864 Β
2413 1808 2740 1904 Ἀποκριθεὶς
2822 1861 2891 1870 ——
2975 1831 3140 1902 ὑμεῖς.
3244 1833 3328 1888 Μὴ
3413 1829 3680 1901 φοϐεῖσθε,
3769 1834 3940 1902 φησὶν,

637 1948 795 2003 Vers.
822 1951 871 2003 5.
903 1947 1284 2016 Respondens
1308 1978 1379 1989 —
1404 1963 1522 2004 vos.
1545 1948 1652 2013 Ne,
1681 1948 1882 2019 inquit,
1914 1949 2223 2005 timueritis

2337 1919 2498 1990 ὑμεῖς.
2555 1917 2664 1970 ἀλλ’
2716 1919 2878 1986 οὗτοι,
2952 1915 3180 1988 δηλαδὴ,
3242 1921 3289 1971 οἱ
3339 1917 3563 1990 φύλακες
3631 1924 3721 1971 καὶ
3770 1921 3944 1980 πάντες

564 2052 683 2101 vos,
717 2036 823 2091 sed
845 2035 903 2090 hi
929 2040 1074 2107 puta
1095 2037 1393 2104 custodes,
1417 2053 1751 2109 omnesque
1779 2037 2003 2093 inimici
2035 2038 2229 2094 Domi-

561 2125 646 2182 ni.
669 2125 935 2180 Primum
957 2125 1156 2198 itaque
1180 2126 1390 2182 timore
1412 2125 1543 2182 illas
1572 2126 1847 2182 liberavit
1870 2133 1925 2182 et
1952 2143 2228 2183 sermone

559 2218 616 2270 et
645 2213 876 2279 habitu,
915 2213 1130 2270 deinde
1155 2214 1230 2270 de
1256 2217 1688 2272 resurrectione
1714 2216 1973 2271 disserit.

631 2303 795 2360 Vers.
825 2303 878 2358 5.
911 2303 1039 2360 Scio
1063 2335 1131 2344 —
1157 2306 1445 2376 quaeritis.
1471 2308 1598 2361 Non
1628 2305 2010 2362 confunditur
2031 2307 2226 2363 dicere

556 2393 880 2449 Dominum
907 2409 1084 2448 suum
1117 2393 1471 2450 cruciﬁxum
1502 2412 1515 2464 ;
1546 2412 1689 2468 quia
1719 2395 1812 2450 his
1847 2396 2093 2468 quidem
2123 2396 2225 2468 qui

552 2487 686 2538 ante
703 2482 907 2554 ipsum
927 2481 1193 2538 cruciﬁxi
1217 2488 1376 2547 sunt,
1393 2499 1535 2538 crux
1563 2485 1894 2554 ignominia
1919 2490 2061 2550 erat,
2084 2501 2220 2540 cum

551 2576 977 2643 argumentum
991 2577 1144 2629 esset
1164 2573 1441 2630 maleﬁcii
1460 2590 1663 2630 eorum
1684 2592 1695 2628 :
1715 2575 1853 2630 huic
1871 2593 2003 2630 vero
2024 2576 2221 2647 potius

551 2659 763 2732 gloria,
783 2677 921 2716 cum
939 2661 1106 2718 fuerit
1133 2661 1562 2720 demonstratio
1578 2663 1850 2720 beneficii
1871 2665 1926 2720 in
1947 2665 2220 2720 homines

551 2749 768 2815 collati,
801 2755 1040 2822 propter
1068 2751 1235 2822 quod
1269 2751 1346 2807 ad
1370 2768 1607 2808 crucem
1644 2755 2082 2810 condemnatus
2112 2759 2217 2810 est.

2338 2010 2387 2059 οἱ
2430 2006 2612 2081 ἐχθροὶ
2671 2016 2763 2060 τού
2815 2013 3036 2082 Κυρίου,
3091 2015 3299 2081 Πρῶτον
3362 2011 3453 2081 μὲν
3519 2005 3607 2061 οὖν
3669 2007 3946 2071 ἀπήλλαξεν

2339 2097 2501 2158 αὑτὰς
2551 2106 2640 2149 τοῦ
2703 2095 2855 2158 δέους
2935 2102 3022 2150 καὶ
3078 2097 3213 2169 λόγῳ
3289 2103 3378 2150 καὶ
3434 2105 3706 2172 σχηματι⁸
3779 2101 3947 2150 ἔπειτα

2337 2192 2455 2260 περὶ
2487 2195 2549 2246 τῆ
2561 2209 2581 2250 ς
2615 2188 2949 2249 ἀναστάσεως
2981 2185 3303 2259 διαλέγεται.

2411 2273 2550 2328 Οἶδα
2606 2309 2672 2317 -
2708 2278 2928 2338 ζητεῖτε,
2989 2277 3100 2329 Ούκ
3149 2276 3538 2350 ἐπαισχύνεται
3570 2277 3734 2350 λέγων
3770 2276 3948 2329 ἐσταυ-

2334 2371 2558 2441 ρωμένον
2589 2371 2674 2419 τὸν
2720 2372 2980 2425 Δεσπότην
3021 2367 3198 2438 άύτοῦ,
3237 2365 3372 2420 διότι
3409 2375 3521 2430 τοῖς
3571 2371 3663 2441 μὲν
3714 2371 3813 2443 πρὸ
3866 2364 3947 2417 αύ-

2334 2463 2425 2508 τοῦ
2479 2459 2876 2530 στανρωθεῖσιν,
2940 2457 3173 2529 αἰσχύνη
3231 2459 3254 2508 6
3317 2461 3544 2530 σταυρὸς
3605 2455 3688 2515 ἦν.
3741 2456 3948 2528 ὓ-εγχος

2333 2550 2399 2596 ὤν
2456 2554 2545 2606 τῆς
2583 2552 2900 2620 κακουργίας
2958 2547 3145 2598 αὐτῶν·
3217 2549 3383 2618 τούτῳ
3435 2543 3495 2600 δὲ
3552 2544 3688 2610 δόξα
3740 2545 3943 2619 μᾶλλον,

2334 2631 2604 2698 ἀπόδειξις
2657 2641 2722 2687 ὧν
2771 2645 2864 2697 τῆς
2913 2636 3204 2710 εὐεργεσίας
3261 2645 3356 2688 τῶν
3419 2634 3732 2712 ἀνθρώπων,
3768 2632 3838 2688 δι’
3883 2636 3947 2692 ἦα

2329 2732 2504 2777 τοῦτον
2527 2721 3002 2779 καταδεδίκασται.

634 2811 874 2894 νοτείὸ.
889 2811 1020 2895 Non
1041 2811 1108 2880 -ί
1134 2840 1434 2897 Dominus.
1462 2841 1671 2898 Dicens
1694 2862 1705 2901 :
1731 2844 2012 2907 Accedite,
2029 2843 2220 2901 videte

2403 2815 2512 2868 Οὐκ
2571 2848 2635 2855 -
2693 2818 2900 2890 Κύριος.
2955 2815 3146 2879 Εἰπὼν,
3210 2822 3377 2876 Δεῦτε,
3442 2811 3588 2869 ἴδετε
3647 2819 3734 2868 τὸν
3792 2818 3939 2868 τόπον

2337 2907 2355 2916 ’ν
2519 2907 2536 2920 ιι
2733 2907 2744 2914 ⁵
2783 2913 2817 2923 -ιν
2841 2909 2850 2921 ι
3056 2901 3166 2923 ’ἢδη
3376 2906 3394 2915 ³·
3517 2901 3541 2923 θ
3569 2904 3580 2923 9
3694 2905 3706 2921 3
3757 2908 3766 2920 ι
3866 2905 3884 2917 ’ν
3935 2922 3939 2923 ,

553 2926 739 2985 locum
769 2926 872 2983 ubi
890 2929 1120 2998 positus
1147 2935 1280 2985 erat
1311 2929 1611 2998 Dominus,
1660 2931 2024 3000 significavit
2054 2932 2218 3005 quod

2335 2907 2457 2957 ὅπου
2513 2907 2673 2958 ἔκειτο
2724 2907 2991 2978 όΚύριος,
3048 2901 3307 2962 ἐδήλωσεν
3368 2906 3452 2956 ὅτι
3505 2901 3580 2957 δι’
3644 2905 3824 2973 αύτάς,
3866 2905 3943 2955 ἵνα

2335 2993 2387 3011 ’ἢ
2584 2993 2595 3006 ⁸
2720 2995 2756 3008 1‘
2919 2998 2926 3009 ε
2985 2995 3066 3011 ‘1’.

551 3023 795 3091 propter
823 2993 948 3084 ea—s,
970 3023 1032 3074 ut
1054 3018 1334 3084 viderent,
1365 2993 1625 3092 lapidein
1654 2993 1998 3077 revolverat.
2076 2993 2091 3005 ⁵

2335 2993 2538 3062 ἴδωσιν,
2574 2993 2852 3048 ἀπεκύλισε
2878 2998 2963 3047 τόν
2985 2995 3145 3048 λίθον.

623 3107 780 3163 Vers.
808 3108 858 3160 7.
882 3108 958 3164 Et
974 3108 1458 3165 cito—videbitis.
1482 3111 1800 3175 Praecedet,
1825 3113 1937 3167 hoc
1963 3118 2048 3167 est
2066 3111 2217 3169 Prae-

2409 3110 2506 3156 Καὶ
2538 3108 2680 3174 ταχύ
2730 3134 2798 3144 -
2829 3103 3036 3173 ὄψεσθε.
3093 3101 3369 3176 Προλάγει,
3408 3099 3527 3156 ἀντὶ
3555 3106 3673 3172 τόῦ,
3707 3101 3944 3176 Ηρολαμ-

543 3196 746 3253 veniet
766 3212 896 3253 vos.
925 3196 1099 3254 Jubet
1130 3205 1333 3254 autem
1359 3198 1523 3255 abire
1555 3217 1656 3255 eos
1695 3202 1756 3256 in
1791 3201 2114 3266 Galilaeam,
2153 3202 2214 3257 in

2335 3191 2467 3244 ϐάνει
2525 3194 2687 3265 ὑμᾶς.
2772 3196 2972 3245 Κελεύει
3054 3189 3113 3244 δὲ
3187 3192 3376 3252 αύτούς
3442 3191 3688 3245 ἀπελθεῖν
3739 3193 3806 3253 εἰς
3856 3195 3945 3248 τὴν

542 3301 666 3357 qua
693 3285 820 3341 sine
836 3285 1187 3342 Judaaorum
1211 3289 1422 3344 timore
1449 3290 1525 3344 ad
1545 3304 1679 3345 eum
1702 3291 1999 3346 accessuri
2022 3297 2210 3358 erant,

2335 3281 2624 3348 Γαλιλαίαν,
2669 3281 2716 3334 ἐν
2770 3283 3008 3355 ᾖχωρὶς
3065 3281 3223 3353 φόϐου
3272 3290 3368 3334 τῶν
3423 3279 3704 3335 Ἰουδαίων
3749 3280 3946 3355 ἔμελλον

545 3378 602 3431 et
631 3390 773 3430 cum
801 3389 872 3430 eo
903 3374 1277 3432 collocutari.
1337 3388 1339 3390 ·

2335 3371 2559 3444 ἐντυχεῖν
2587 3373 2752 3442 αύτῷ.

612 3465 773 3519 Vers.
801 3468 858 3518 7.
903 3462 1055 3519 Ecce
1101 3463 1233 3520 dixi
1271 3465 1448 3521 vobis.
1489 3464 1568 3521 De
1598 3466 1888 3522 omnibus
1922 3467 2206 3525 videlicet.

2397 3477 2534 3532 Ἰδοὺ
2590 3478 2728 3532 εἷπον
2787 3481 2927 3552 ὑμῖν.
2981 3484 3103 3554 Περὶ
3150 3480 3355 3531 πάντων
3427 3476 3675 3540 δηλαδή.
3736 3478 3806 3532 ’Ἡ
3861 3481 3950 3530 καὶ

543 3551 645 3607 Vel
684 3551 853 3608 aliter
885 3571 898 3610 :
932 3553 1078 3608 Ecce
1108 3552 1398 3610 admonui
1433 3570 1538 3612 vos
1578 3557 1646 3610 de
1673 3556 2001 3629 discipulis.
2029 3558 2210 3614 Nolite

2335 3569 2522 3645 ἑτέρως,
2562 3566 2724 3637 Ἰδοὺ,
2779 3568 3109 3642 παρήγγειλα
3163 3569 3306 3641 ὑμῖν,
3359 3575 3484 3641 περὶ
3539 3579 3643 3622 τῶν
3679 3571 3944 3642 μαθητῶν.

539 3640 744 3712 itaque
771 3640 1248 3698 admonitionem
1279 3643 1598 3716 negligere.
1642 3646 1745 3700 Hic
1779 3661 1922 3715 ergo
1958 3647 2209 3719 angelus

2335 3640 2517 3711 iota-6v
2575 3655 2683 3724 οὖν,
2766 3640 2862 3730 μὴ.
2911 3640 3206 3731 ἀμελὴσητε
3287 3665 3381 3717 τῆς
3436 3659 3828 3734 παραγγελίας,
3888 3657 3946 3709 Ὁ

541 3734 709 3785 extra
721 3728 1065 3821 sepulcrum
1087 3747 1266 3821 super
1282 3732 1544 3805 lapidem
1571 3734 1803 3798 sedens,
1827 3736 2110 3807 praedicta
2127 3737 2210 3794 di-

2335 3751 2409 3800 ιεν
2463 3745 2550 3800 οὖν
2604 3748 2819 3820 ἄγγελος
2862 3747 3031 3812 οὗτος,
3089 3747 3182 3810 ἔξω
3240 3755 3331 3800 τοῦ
3385 3751 3558 3821 τάφου
3629 3752 3946 3820 καθήμενος,

539 3819 626 3874 xit
657 3817 1024 3874 mulieribus.
1053 3820 1204 3885 Quia
1225 3837 1361 3878 vero
1387 3838 1509 3878 non
1539 3822 1702 3878 ausis
1719 3825 2208 3898 appropinquare

2335 3837 2488 3890 ἐπάνω
2540 3843 2632 3890 τόῡ
2695 3837 2864 3903 λίθου,
2944 3840 3010 3888 τά
3061 3838 3285 3911 ῥηθέντα
3331 3856 3461 3910 προς
3541 3841 3636 3900 τάς
3697 3844 3952 3910 γυναῖκας

541 3907 840 3979 praecepit,
861 3912 925 3963 ut
946 3908 1283 3981 sepulcrum
1306 3911 1758 3982 ingrederentur
1781 3915 1946 3984 (nam
1965 3916 2075 3971 hoc
2096 3917 2209 3987 sig-

2335 3924 2474 3982 εἶπεν.
2536 3928 2676 3980 Ἐπεὶ
2731 3924 2808 3992 δὲ,
2873 3927 2939 3985 δὴ
2995 3926 3260 3998 τολμὼσας
3330 3925 3576 4000 ἐγγίσαε,
3642 3927 3952 4004 παρεκελεύ-

541 3996 760 4058 niﬁcat,
779 3998 822 4051 Α
836 3997 1076 4065 caedite,
1095 3999 1286 4057 videte
1303 4001 1498 4058 locum
1513 4002 1616 4058 ubi
1628 4004 1855 4072 positus
1873 4011 1999 4061 erat
2014 4007 2208 4062 Domi-

2335 4036 2450 4069 τατο
2481 4016 2724 4069 εἰσελθεῖν
2775 4016 2848 4076 εἰς
2898 4019 2986 4068 τὸν
3024 4017 3204 4087 τάφον·
3250 4023 3402 4067 τοῦτο
3452 4020 3558 4089 γὰρ
3595 4015 3834 4090 ἐμφαίνει
3870 4018 3950 4080 τὸ,

537 4085 671 4158 ηιιε)
702 4086 991 4156 ingressae
1038 4095 1200 4146 sunt.

2335 4110 2488 4171 lauri,
2575 4103 2715 4159 ἴδετε
2793 4109 2879 4158 τόν
2962 4111 3117 4158 τόπον
3193 4106 3328 4157 ὃπαυ
3407 4107 3582 4159 ἔκειτο
3651 4109 3679 4159 ὁ
3739 4109 3951 4180 Κύριος·

2321 4194 2580 4254 εἰσῆλθον.

609 4286 724 4343 Sed
735 4285 1046 4343 Matthaaus
1058 4284 1296 4357 quidem
1309 4301 1500 4358 usque
1514 4287 1935 4358 adingressum
1950 4289 2206 4363 sepulcri

2392 4289 2494 4338 Καὶ
2549 4286 2575 4337 ὁ
2632 4288 2723 4358 μὲν
2779 4286 3065 4351 Ματθαῖος,
3124 4287 3192 4337 τά
3245 4288 3412 4358 μέχρι
3469 4294 3572 4349 τῆς
3617 4286 3960 4346 εἰσελεύσεως

534 4376 816 4441 narravit,
845 4375 1074 4447 reliqua
1095 4375 1462 4447 praeteriens;
1483 4377 1679 4432 caeteri
1699 4393 1838 4434 vero
1854 4379 2070 4436 relictis
2091 4380 2204 4451 his,

2335 4373 2493 4441 εἰπὼν,
2553 4377 2621 4427 τὰ
2675 4377 2873 4437 ταύτης
2922 4369 3275 4448 παρέδραμεν
3329 4375 3354 4424 ὁ
3395 4369 3458 4426 δε
3514 4378 3742 4451 Μάρκος
3798 4380 3890 4428 καὶ
3930 4375 3956 4426 ό

534 4480 671 4536 quae
692 4481 882 4536 usque
901 4464 978 4520 ad
992 4463 1244 4536 sepulcri
1263 4463 1606 4534 ingressum
1619 4467 2128 4541 acciderant,quae
2145 4471 2207 4527 in

2335 4470 2542 4531 lovxa'tg,
2610 4467 2676 4517 τά
2725 4469 2889 4537 μέχρι
2967 4471 3059 4525 τῆς
3132 4462 3465 4526 εἰσελεύσεως
3536 4465 3954 4539 παραλιπόντες,

535 4568 608 4608 eo
624 4551 781 4608 facta
793 4559 926 4609 sunt
942 4553 1507 4626 conscripserunt.Et
1520 4555 1628 4612 hoc
1641 4557 1896 4628 estquod
1911 4559 2206 4616 maximam

2335 4556 2382 4606 τὰ
2428 4556 2620 4614 ταύτης
2675 4556 2982 4628 ἱστόρησαν.
3051 4557 3152 4606 Καὶ
3203 4557 3351 4605 τοῦτό
3406 4551 3530 4606 ἐστι
3592 4561 3655 4609 τὸ
3719 4555 3960 4628 μάλιστα

535 4640 764 4713 praebet
805 4656 927 4697 non
965 4641 1414 4698 advertentibus
1447 4643 1901 4720 haesitationem.
1930 4648 2024 4704 Ait
2045 4649 2206 4704 enim

2335 4647 2551 4716 ταρέχον
2592 4650 2696 4704 τοῖς
2747 4648 2818 4716 μή
2875 4647 3212 4718 προσέχουσι
3241 4642 3335 4700 τὴν
3368 4639 3630 4716 ἀπορίαν.
3677 4649 3825 4704 Φησὶ
3854 4647 3957 4716 γὰρ

536 4732 791 4787 Marcus:
812 4731 1248 4800 Etingressaein
1275 4740 1734 4804 monumentum,
1763 4738 2033 4792 viderunt
2064 4739 2206 4794 ado-

2335 4734 2344 4785 ἱ
2397 4737 2630 4808 Μάρκος,
2686 4735 2766 4787 ὅτι
2847 4737 2947 4786 Καὶ
3029 4731 3358 4784 εἰσελθοῦσαι
3415 4731 3487 4792 εἰς
3550 4738 3615 4786 τό
3675 4740 3955 4808 μνημεῖον,

538 4818 915 4876 lescentulum
927 4820 1219 4877 sedentem
1231 4821 1294 4875 in
1307 4821 1552 4888 dextris,
1576 4823 1860 4880 amictum
1881 4827 2039 4882 stola
2068 4842 2207 4883 can-

2335 4819 2456 4876 εἶδόν
2514 4828 2778 4876 νεανίσκον
2857 4823 3144 4895 καθήμενον
3225 4819 3273 4873 ἐν
3327 4827 3432 4881 τοῖς
3505 4819 3739 4893 δεξιοῖς,
3816 4841 3959 4895 περι-

533 4908 701 4978 dida,
723 4913 778 4964 et
804 4908 1246 4979 obstupuerunt.
1275 4909 1385 4966 [tte
1409 4917 1606 4967 autem
1623 4910 1761 4966 dicit
1783 4914 1862 4968 eis
1889 4929 1901 4968 :
1926 4915 2004 4970 Ne
2015 4915 2206 4971 obstu-

2335 4911 2620 4986 ῗεϐλημένον
2716 4913 2903 4971 στολὴν
2981 4911 3187 4970 λευκὴν.
3301 4915 3392 4963 καὶ
3470 4909 3957 4986 ἐξεθαμϐήθησαν.

530 4997 997 5068 pescatisJesum
1010 4997 1261 5069 quwi'itis
1271 4999 1654 5056 Nazarenam
1667 5001 2024 5070 cruciﬁxum
2049 5019 2060 5057 :
2075 5020 2204 5060 sur-

2335 5011 2371 5055 0
2441 5001 2500 5057 δὲ
2591 5003 2727 5075 λέγει
2801 5001 3007 5063 αὐταῖς·
3089 5005 3175 5059 Μὴ
3284 4997 3672 5072 ἐκθαμϐεῖσθε,
3750 5004 3964 5063 Ἰησοῦν

527 5087 705 5152 rexit,
719 5103 840 5143 non
857 5093 939 5142 est
957 5086 1068 5143 hic.
1091 5088 1245 5143 Ecce
1260 5088 1424 5143 locus
1447 5088 1548 5143 ubi
1570 5098 1900 5157 posuerunt
1921 5106 2072 5148 eum.
2089 5094 2206 5151 Sed

2335 5098 2520 5154 ζητεῖτε
2598 5096 2686 5144 τὸν
2758 5092 3088 5164 Ναζαρηνὸν,
3166 5093 3252 5142 τὸν
3315 5088 3756 5165 ἐσταυρωμένον·
3845 5094 3969 5164 ἠγέ-

524 5175 708 5233 abite:
733 5175 910 5232 dicite
947 5175 1258 5245 discipulis
1283 5177 1406 5245 ejus
1427 5184 1480 5232 et
1504 5177 1706 5246 Petro,
1729 5179 1884 5250 quod
1910 5183 2201 5248 praecedet

2335 5184 2435 5253 νθη,
2495 5182 2589 5234 οὐκ
2642 5184 2783 5234 ἔστιν
2850 5177 2973 5233 ὧδε.
3031 5176 3144 5234 Ἴδε
3193 5181 3220 5232 ὁ
3275 5183 3448 5246 τόπος,
3530 5182 3674 5235 ὅπου
3770 5185 3969 5242 ἔθηκαν

524 5280 620 5320 vos
633 5267 695 5321 in
719 5265 1030 5322 Galilaeam
1054 5283 1067 5320 :
1088 5264 1173 5320 ibi
1188 5280 1310 5319 eum
1329 5265 1772 5331 videbitis,sicut
1786 5268 1942 5324 dixit
1954 5272 2110 5331 vobis
2127 5273 2196 5348 ‘5,

2335 5271 2488 5325 ιύτόν.
2601 5270 2736 5325 Ἀλλ’
2849 5271 3095 5342 ὑπάγετε,
3198 5271 3375 5322 εἴπατε
3475 5277 3598 5333 τοῖς
3691 5275 3972 5349 μαθηταῖς

525 5351 686 5405 αὐτοῦ
771 5354 861 5406 καὶ
932 5361 1002 5424 τῷ
1079 5358 1274 5428 Πέτρῳ,
1362 5355 1442 5406 ὅτι
1526 5358 1744 5428 προάγει
1811 5359 1942 5430 ὑμᾶς
1998 5361 2069 5422 εἰς
2149 5368 2244 5423 τὴν
2317 5363 2614 5417 Γαλιλαίαν.
2708 5361 2846 5414 Ἐκεῖ
2946 5359 3100 5413 αὐτόν
3209 5358 3419 5431 ὄψεσθε,
3539 5363 3730 5426 καθὼς
3832 5359 3972 5417 εἶπεν

524 5445 669 5513 υμὶν.

599 5542 646 5574 ³⁸
678 5542 972 5607 Marc.xv1,
1024 5545 1075 5610 5,
1103 5547 1158 5597 7.

1752 5645 1971 5714 Variae.
2000 5648 2331 5718 lectiones
2363 5660 2430 5718 et
2470 5661 2674 5718 notae.

596 5755 710 5826 (82)
733 5756 860 5826 Καὶ,
887 5755 1078 5820 abest,
1123 5759 1195 5811 A.
