4096 6386
222 372 326 431 753

311 503 430 550 Επεὶ
494 519 596 572 γαρ
651 500 676 552 ό
735 501 830 563 ἔξω
885 503 1168 573 καθήμενος
1243 500 1454 572 ἄγγελος

223 606 354 640 σατο
404 591 599 650 ταύτας
646 589 910 655 εἰσελθεῖν,
965 589 1294 643 εἰσελθοῦσαι
1344 591 1414 653 εἰς
1457 595 1514 642 τό
1559 595 1827 662 μνημεῖον,

222 674 362 730 εἶδον
421 679 586 753 ἕτερον
636 679 874 751 ἄγγελον,
919 683 1207 752 καθήμενον
1256 679 1302 732 ἐν
1347 687 1453 741 τοῖς
1509 677 1696 742 δεξιοῖς
1741 679 1830 730 αὖ·

223 774 320 819 τοῦ
379 771 578 842 μέρεσι,
651 774 762 834 καὶ,
818 772 887 831 ὡς
943 769 1095 838 εἰκός,
1167 768 1617 842 ἐξεθαμϐήθησαν,
1691 767 1828 832 ἐξαί-

224 877 352 929 φνης
402 855 722 930 ἐντυχοῦσαι
779 858 938 930 αὐτῷ.
970 859 1027 911 Ὀ
1083 855 1140 912 δε
1185 859 1320 931 λέγει
1366 859 1564 919 αὑταῖς·
1598 863 1683 916 Μὴ
1744 855 1827 909 ἐκ-

223 945 530 1019 θαμϐεῖσθε,
589 953 679 1000 καὶ
736 951 799 1001 τα
859 949 995 1012 ἑξῆς.
1054 949 1271 1022 Ὁμοίως
1313 946 1371 1001 δὲ
1427 957 1498 1019 τῷ
1547 947 1686 1008 ἐκτός
1741 947 1828 1019 ἀγ-

217 1037 374 1108 γέλῳ,
437 1041 524 1089 καὶ
573 1039 598 1090 ὁ
652 1036 808 1108 ἐντός,
863 1048 1061 1114 πρῶτον
1117 1038 1428 1092 ἀπαλλάττει
1485 1042 1672 1098 ταύτας
1734 1045 1825 1090 τοῦ

219 1125 494 1198 θάμϐους·
559 1129 736 1180 ἔπειτα
790 1133 906 1203 περὶ
958 1137 1053 1191 τῆς
1107 1127 1442 1190 ἀναστάσεως
1504 1123 1821 1199 διαλέγετσι.

219 1221 325 1268 Καὶ
363 1218 390 1268 ό
438 1220 528 1288 μὲν
580 1215 743 1282 ἐκτὸς,
792 1217 1001 1292 φοϐερός
1050 1215 1132 1285 ἦν,
1185 1216 1278 1272 διὰ
1328 1223 1446 1279 τοὺς
1497 1218 1763 1291 φύλακας
1799 1218 1824 1269 ὁ

213 1305 268 1357 δ’
319 1304 475 1373 ἐντός,
527 1307 585 1359 09
643 1315 895 1375 τοιοῦτος,
947 1305 1040 1361 διὰ
1085 1311 1179 1370 τὰς
1229 1316 1501 1380 γυναῖκας.
1554 1311 1639 1360 Διό
1697 1308 1826 1360 ἐκεῖ-

211 1416 302 1447 νον
345 1399 436 1467 μὲν
489 1393 722 1463 ἰδοῦσαι,
756 1397 1086 1470 ἐφοϐήθησαν
1132 1399 1316 1451 αὗται·
1350 1407 1530 1450 τοῦτον
1577 1395 1636 1450 δὲ
1682 1395 1824 1450 ἰδοῦ-

215 1503 312 1536 σαι
355 1484 806 1556 ἐξεθαμϐήθησαν,
863 1491 930 1540 Τὸ
965 1485 1042 1552 δὲ,
1090 1485 1196 1540 Ἱόε
1250 1490 1274 1539 ό
1323 1494 1497 1550 τόπος,
1552 1486 1664 1539 ἀντὶ
1707 1496 1818 1552 709,

213 1570 361 1627 Ἰδοὺ
409 1576 432 1626 ό
478 1581 654 1638 τόπος.
705 1575 986 1649 Ὀνομαστὶ
1035 1574 1094 1629 δὲ
1145 1580 1435 1652 προσέθηνε
1474 1581 1559 1629 τὸν
1611 1581 1820 1648 Πέτρον,

214 1665 303 1715 ἶνα
349 1672 477 1735 γνῷ,
529 1667 610 1717 ὅτι
655 1673 1064 1741 συγκεχώρηται
1094 1670 1150 1718 τό
1203 1668 1414 1739 σφάλμα
1460 1675 1555 1728 τῆς
1604 1666 1824 1740 τριπλῆς

215 1751 488 1826 ἀρνήσεως
546 1751 640 1806 διὰ
690 1761 782 1814 την
842 1759 1034 1829 θερμὴν
1089 1759 1382 1828 μετάνοιαν,
1444 1761 1531 1808 καὶ
1580 1755 1823 1808 ἀναπνεύ-

214 1861 310 1914 ση.
349 1848 448 1896 Καὶ
478 1846 580 1917 γὰρ
629 1843 930 1900 ἐϐεϐύθιστο
975 1854 1034 1918 τῇ
1071 1845 1274 1919 ἀμέτρῳ
1308 1847 1464 1919 λύπη.
1518 1847 1822 1917 Ἐπαγαγὼν

1190 374 1544 430 COMMENT.
1589 373 1657 428 IN
1699 370 2151 428 MATTHIEUM.
2193 401 2262 411 -—
2293 371 2446 426 CAP.
2483 371 2724 428 XXVIII.

3505 377 3608 432 754-

1533 498 1822 573 παρεκελεύ·

2017 496 2164 561 Quia
2193 496 2350 550 enim
2375 497 2425 550 is
2455 497 2557 569 qui
2591 497 2732 552 foris
2758 497 3001 554 sedebat
3028 496 3277 564 angelus
3311 515 3608 570 praecepe-

1939 592 2031 642 rat
2053 584 2135 639 eis
2157 585 2408 655 ingredi,
2440 586 2727 655 ingressae
2756 587 2813 642 in
2841 590 3298 643 monumentum
3333 587 3607 643 viderunt

1939 675 2186 731 alterum
2215 675 2495 747 angelum
2527 675 2835 732 sedentem
2871 693 2905 730 a
2930 681 3139 733 dextra
3170 675 3362 748 ipsius
3391 681 3555 748 parte
3587 695 3600 744 ;

1938 769 1994 821 et
2025 769 2086 820 ut
2113 764 2432 823 verisimile
2459 772 2569 828 est,
2599 766 2728 822 viso
2759 771 3003 838 repente
3028 781 3098 822 eo
3125 765 3591 838 obstupuerunt.

1937 859 2011 911 At
2049 854 2146 910 ille
2203 854 2352 910 dixit
2391 855 2473 910 eis
2509 877 2520 908 :
2563 855 2654 912 Ne
2705 856 3152 926 obstupescatis,
3185 859 3298 911 etc.
3355 857 3416 911 Et
3449 856 3602 912 sicut

1935 943 2191 1000 exterior
2221 944 2487 1014 angelus,
2531 944 2612 1000 ita
2660 951 2714 1000 et
2743 944 3004 1010 interior,
3045 945 3306 1017 primum
3353 945 3596 1018 quidem

1935 1038 2176 1106 stupore
2204 1049 2305 1090 eas
2337 1033 2550 1090 liberat
2583 1050 2596 1101 ;
2638 1034 2855 1090 deinde
2909 1051 2982 1092 ea
3037 1052 3163 1108 quas
3201 1035 3276 1090 de
3333 1051 3596 1090 resurre-

1935 1122 2128 1178 ctione
2161 1127 2330 1179 erant
2358 1123 2613 1179 disserit.
2675 1126 2741 1181 Et
2774 1128 2930 1180 certe
2993 1122 3246 1180 exterior
3295 1123 3596 1180 timendus

1933 1217 2060 1268 erat
2105 1218 2345 1285 propter
2395 1213 2714 1280 custodes;
2774 1215 3018 1270 interior
3066 1229 3211 1270 vero
3283 1212 3415 1270 talis
3472 1229 3596 1269 non

1932 1307 2074 1367 erat,
2100 1308 2339 1374 propter
2371 1301 2676 1358 mulieres.
2709 1303 2848 1359 [dco
2878 1303 2978 1359 illo
3007 1303 3255 1375 quidem
3291 1303 3439 1367 viso,
3474 1301 3596 1358 istae

1933 1391 2255 1447 timuerunt
2287 1408 2299 1457 ;
2332 1391 2446 1446 hoc
2479 1400 2682 1447 autem
2716 1392 2865 1457 viso,
2894 1391 3352 1464 obstupuerunt.
3393 1391 3592 1446 Nomi-

1929 1479 2105 1534 natim
2135 1485 2333 1535 autem
2371 1479 2608 1536 Petrum
2666 1480 2915 1546 addidit,
2951 1487 3015 1536 ut
3065 1479 3237 1536 sciret
3268 1480 3591 1535 remissum

1933 1570 2040 1624 sibi
2072 1585 2199 1624 esse
2242 1576 2405 1623 trinae
2435 1569 2768 1639 negationis
2800 1571 3059 1640 lapsum,
3097 1575 3338 1641 propter
3367 1568 3593 1624 ferven-

1929 1664 2046 1713 tem
2089 1657 2518 1730 pcenitentiam,
2553 1664 2606 1714 et
2636 1658 2959 1730 respiraret
2991 1676 3003 1713 :
3063 1658 3386 1730 absorptus
3415 1658 3595 1729 siqui-

1932 1748 2068 1801 dem
2101 1751 2227 1803 erat
2253 1749 2548 1802 immenso
2581 1763 2856 1803 mcerore.
2885 1747 3121 1802 Addens
3149 1753 3352 1802 autem
3380 1765 3392 1802 :
3425 1747 3594 1803 Sicut

1932 1837 2084 1893 dixit
2126 1836 2306 1899 vobis,
2348 1835 2578 1892 reduxit
2606 1836 2690 1890 eis
2721 1835 2800 1891 ad
2833 1837 3188 1891 memoriam
3240 1835 3299 1890 id
3341 1835 3504 1906 quod
3531 1835 3590 1890 in

214 1929 297 1996 δὲ,
332 1934 414 1984 ὅτι
461 1935 645 1996 Καθὼς
675 1931 811 1988 εἶπεν
856 1937 998 2008 ὑμῖν,
1033 1934 1312 2008 ἀνέμνησεν
1345 1936 1534 1997 αὐτοὺς
1582 1936 1641 1988 οὗ
1687 1936 1820 1987 εἶπεν

1937 1933 2134 1981 monte
2165 1925 2461 1982 Olivarum
2483 1925 2710 1981 dixerat
2735 1944 2748 1980 :
2770 1925 3090 1996 Postquam
3111 1930 3309 1980 autem
3331 1939 3594 1980 resurre-

210 2020 260 2075 ἓν
311 2030 384 2091 τῷ
417 2027 522 2094 0'95:
572 2033 672 2076 τῶν
723 2023 958 2090 Ἐλαιῶν,
1010 2026 1090 2078 ὅτι
1121 2029 1263 2078 Matr).
1304 2025 1364 2079 τὸ
1411 2024 1682 2098 ἐγερθῆναι
1736 2045 1818 2097 με,

206 2113 426 2184 προάξω
458 2114 594 2186 ὑμᾶς
626 2114 693 2176 εἰς
727 2119 821 2174 τὴν
848 2115 1144 2183 Γαλιλαίαν,
1179 2120 1242 2178 ὡς
1275 2120 1447 2190 εἴρηκε
1487 2118 1753 2178 Ματθαῖος
1773 2114 1820 2169 ἐν

207 2209 282 2272 τῷ
315 2202 587 2274 ἔξηκοστῷ
616 2206 845 2279 τετάρτῳ
875 2205 1154 2278 κεφαλαίῳ.

280 2290 340 2344 Ὀ
410 2288 469 2345 δὲ
547 2299 757 2355 Λουκᾶς
830 2295 1068 2368 ἔγραψεν,
1144 2298 1224 2348 ὅτι
1303 2300 1400 2348 Καὶ
1470 2295 1816 2362 εἰσελθοῦσαι,

207 2379 317 2451 οὐχ
367 2381 512 2455 εὖρον
561 2386 618 2434 τό
681 2392 835 2456 σῶμα
881 2392 971 2436 τοῦ
1031 2389 1226 2458 Κυρίου
1280 2385 1476 2443 Ἰησοῦ.
1551 2390 1644 2437 Καὶ
1704 2384 1818 2456 ἐγέ-

207 2489 322 2523 νετο
382 2470 448 2522 ἐν’
514 2481 587 2542 τῷ
643 2469 1014 2548 διαπορεῖσθαι
1075 2474 1231 2536 αὐτας
1288 2479 1405 2547 περὶ
1469 2478 1672 2537 τούτου,
1731 2481 1820 2528 καὶ

212 2556 358 2624 ἰδοὺ,

215 2667 364 2700 σεσιν

447 2557 634 2636 ἄνδρες
719 2559 815 2614 ὸύο
897 2561 1191 2620 ἐπέστησαν
1275 2565 1458 2625 αὐταῖς
1537 2564 1586 2616 ἐν
1665 2566 1820 2623 ἐσθή-

460 2648 909 2724 ἁστραπτούσαις.
1020 2652 1287 2724 Ἐμφόϐων
1390 2651 1449 2707 δε
1539 2657 1818 2726 γενομένων

210 2738 407 2802 αὐτῶν,
439 2744 528 2793 καὶ
558 2739 844 2793 κλινουσῶν
886 2745 942 2794 τό
970 2747 1250 2814 πρόσωπον
1281 2743 1353 2803 εἰς
1395 2748 1490 2802 τὴν
1524 2751 1644 2815 γῆν,
1680 2741 1818 2796 εἶπον

207 2832 338 2902 πρός
379 2829 550 2890 αὑτάς’
580 2835 643 2884 Τί
691 2831 895 2892 ζητεῖτε
939 2835 1027 2884 τόν
1072 2833 1243 2893 ζῶντα
1271 2835 1402 2905 μετὰ
1443 2841 1544 2885 τῶν
1585 2843 1774 2907 νεκρῶν
1795 2851 1813 2904 ;

212 2917 458 2992 Ἠγέρθη,
522 2920 636 2990 (83)
701 2920 796 2972 οὐκ
850 2923 989 2973 ἔστιν
1047 2918 1170 2977 ὧδε.
1224 2923 1337 2993 (84)
1392 2925 1694 2987 Μνήσθητε,
1748 2926 1817 2986 ως

207 3006 456 3066 ἐλάλησεν
495 3010 636 3082 ὑμῖν,
695 3012 771 3062 ἔτι
800 3015 867 3061 ὤν
907 3009 955 3063 ἐν
979 3019 1040 3084 τῇ
1093 3011 1362 3084 Γαλιλαία,
1409 3012 1566 3084 λέγων
1625 3015 1705 3065 ὅτι
1737 3021 1821 3066 Δεῖ

206 3099 296 3148 τόν
359 3099 480 3150 Υὶὸν
539 3106 630 3150 τοῦ
704 3097 969 3171 ἄνθρωπον
1051 3097 1418 3172 πυραὸοθῆναι
1491 3102 1563 3162 εἰς
1637 3111 1818 3178 χεῖρας

207 3185 492 3260 ἀνθρώπων
522 3187 858 3263 ἁμαρτωλῶν,
893 3195 983 3242 καὶ
1024 3193 1412 3265 σταυρωθῆναι,
1441 3197 1529 3244 καὶ
1569 3200 1628 3264 τῇ
1664 3197 1814 3266 τρίτη

205 3279 380 3350 ἡμέρᾳ
449 3275 760 3336 ἀναστῆναι.
831 3283 929 3333 Καὶ
1007 3278 1346 3351 ἐμνήσθησαν
1403 3289 1504 3332 τῶν
1568 3281 1816 3355 ῥημάτων
1857 3314 1900 3372 C

206 3365 392 3418 αὐτοῦ.

280 3455 338 3509 Ὀ
395 3459 486 3528 μὲν
539 3459 640 3530 γὰρ
711 3459 996 3529 καθήμενος
1052 3457 1099 3510 ἐν
1160 3465 1266 3521 τοῖς
1326 3455 1519 3522 δεξιοῖς
1580 3459 1812 3531 ἄγγελος,

206 3545 366 3598 εἰπὼν
431 3549 556 3619 πρὸς
611 3545 794 3607 αὐτὰς,
847 3549 947 3600 ὅσα
1003 3550 1215 3620 Μάρκος
1282 3547 1608 3619 ἀπήγγειλεν,
1665 3550 1814 3612 97:25-

207 3633 385 3699 ἦλθεν,
427 3636 451 3686 ὃ
499 3641 587 3686 καὶ
647 3635 770 3688 αὐτό
828 3639 1235 3709 παρασιωπηθὲν
1289 3646 1360 3707 τῷ
1415 3645 1629 3712 Μαρκῳ,
1686 3641 1813 3710 μετὰ

205 3729 299 3775 καὶ
357 3733 457 3775 τῶν
526 3721 859 3782 δηλωθέντων
939 3727 1039 3778 ὑπὸ
1111 3734 1201 3778 τοῦ
1279 3733 1476 3790 Λουκᾶ,
1550 3728 1813 3802 παρεσχεν

205 3815 402 3886 ὁμοίως
445 3811 687 3887 ἀπορίαν.
735 3815 872 3867 Ἑπεὶ
920 3812 979 3868 δὲ
1027 3815 1132 3886 οὐχ
1180 3816 1323 3888 εὗρον
1373 3817 1528 3868 αὗται
1556 3821 1611 3868 τό
1664 3826 1816 3889 σῶμα

204 3912 302 3957 τοῦ
351 3908 546 3978 Κυρίου
599 3904 796 3969 Ἰησοῦ,
849 3901 1137 3979 διηπόρουν
1186 3910 1303 3978 περὶ
1357 3906 1534 3976 αὑτοῦ,
1570 3912 1620 3958 τί
1667 3911 1813 3978 γέγο-

201 4012 325 4046 νεν·
388 3997 532 4045 οὔπω
602 3995 704 4066 γὰρ
771 3989 1028 4051 ἠδύναντο
1079 3997 1358 4060 πιστεύειν,
1433 3998 1512 4048 ὅτι
1584 3995 1812 4055 ἀνέστη·

201 4083 346 4136 οὕτω
404 4078 464 4134 δὲ
513 4079 948 4154 διαπορουμέναις
992 4083 1284 4142 ἐπέστησαν
1332 4085 1515 4147 αὐταῖς
1561 4087 1610 4137 οὶ
1658 4085 1817 4161 προρ-

196 4175 446 4248 ρηθέντες
504 4168 602 4223 δύο
655 4171 885 4244 ἄγγελοι,
941 4174 993 4225 ὃν
1050 4192 1104 4226 τε
1159 4171 1296 4226 εἶδον
1337 4175 1430 4238 ἔξω
1486 4183 1578 4227 τοῦ
1628 4178 1812 4248 τάφου,

198 4269 299 4315 καὶ
349 4264 405 4312 ὃν
460 4260 738 4314 ἐθεάσαντο
792 4258 936 4314 ἔνδον
996 4261 1174 4332 αὐτοῦ,
1227 4267 1814 4337 μετασχηματισθέντες

200 4351 256 4405 ἐν
307 4350 590 4408 ἐσθήσεσιν
641 4351 1088 4424 ἀστραπτούσαις,
1151 4355 1232 4404 ῖνα
1268 4358 1356 4405 καὶ
1413 4354 1602 4426 μᾶλλον
1662 4358 1816 4426 ἀγγε-

197 4442 288 4494 λοι
337 4448 474 4493 Θεοῦ
519 4437 738 4509 δόξωσι,
791 4450 861 4512 τῷ
899 4438 1072 4514 ῥαὸίῳ
1118 4450 1209 4494 τοῦ
1253 4453 1810 4516 μενασχηματισμοῡ·

199 4529 444 4602 ἐμφόϐων
518 4526 577 4582 δὲ
632 4535 910 4602 γενομένων
983 4530 1174 4597 αὐτῶν,
1230 4532 1314 4584 ἐπὶ
1380 4542 1451 4602 τῷ
1503 4543 1663 4606 καινῴ
1725 4544 1814 4595 τῆς

198 4621 393 4690 ὄψεως,
443 4625 532 4672 καὶ
585 4625 656 4692 μὴ
720 4617 1015 4692 δυναμένων
1071 4620 1278 4693 βλέπειν
1336 4622 1409 4684 εἰς
1456 4623 1662 4691 αὐτοὺς,
1723 4621 1814 4676 δια

207 4671 256 4690 τε
286 4671 314 4672 έν
357 4671 393 4681 ον
523 4671 527 4672 '
585 4671 593 4692 ι
643 4671 654 4678 ·
730 4671 736 4672 ί
827 4671 871 4692 ⁷(
900 4671 912 4672 ί
956 4671 962 4672 ί
1071 4671 1178 4693 1""
1209 4671 1248 4674 τί
1338 4671 1408 4684 "1
1459 4671 1662 4691 """U
1727 4671 1814 4676 ""

199 4713 264 4762 τὸ
336 4717 438 4760 τῶν
511 4707 744 4768 ἐσθήτων
799 4710 911 4779 (85)
981 4707 1398 4783 ἀστραπηϐό).ον,
1477 4709 1614 4765 εἷπον
1690 4717 1814 4787 πρὸς
1843 4671 1893 4727 D

1420 4801 1526 4853 αλλ’

199 4897 418 4950 κτικῶς,
453 4885 545 4940 διὰ
574 4893 668 4946 τὴν
709 4887 960 4940 ἀπιστίαν
992 4888 1160 4940 αὐτῶν
1186 4907 1198 4918 '
1233 4894 1296 4942 Τί
1330 4894 1527 4953 ζητεῖτε
1565 4896 1651 4944 τὸν
1685 4894 1816 4952 ζῶν-

198 4800 392 4862 αὑτὰς,
450 4799 619 4850 οὐκέτι
689 4801 883 4872 πράως,
945 4801 1013 4859 ὡς
1078 4803 1344 4875 πρότερον,
1420 4801 1526 4853 αλλ’
1594 4802 1811 4862 ἐπιπλη-

199 4998 271 5029 τα
333 4980 467 5050 μετα
550 4986 650 5030 τῶν
714 4986 925 5051 νεκρῶν,
990 4981 1173 5048 ἤγουν,
1239 4982 1306 5041 ὡς
1377 4985 1586 5054 νεκρόν;
1649 4990 1814 5036 Τοῦτο

278 5103 328 5136 ³⁵
363 5101 560 5156 Matth.
597 5115 750 5167 xxvr,
806 5104 893 5155 32.
973 5102 1019 5136 ³⁷
1047 5100 1184 5157 Luc.
1211 5117 1364 5169 xxxv,
1398 5102 1510 5158 3-8.

1929 2031 2096 2079 πονο,
2127 2014 2456 2085 praecedam
2486 2029 2579 2070 vos
2611 2017 2673 2070 in
2715 2015 3048 2080 Galilwam,
3082 2014 3234 2069 sicut
3271 2013 3419 2069 dixit
3444 2013 3587 2068 Mat-

1934 2104 2123 2160 thaeus
2161 2105 2442 2160 vicesimo
2473 2107 2640 2160 sexto
2671 2105 2866 2174 capite
2905 2103 2973 2158 ⁸⁸.

2005 2320 2190 2373 Lucas
2221 2333 2362 2372 vero
2385 2317 2658 2388 scripsit:
2691 2318 2758 2371 Et
2775 2316 3059 2387 ingressae
3078 2330 3199 2371 non
3230 2315 3590 2371 invenerunt

1931 2423 2146 2476 corpus
2190 2407 2431 2462 Domini
2470 2407 2632 2463 Jesu.
2681 2406 2760 2461 Et
2787 2405 3023 2474 factum
3071 2409 3155 2460 est
3213 2405 3355 2460 dum
3403 2409 3597 2460 mente

1930 2501 2321 2552 consternatae
2337 2501 2522 2552 essent
2546 2509 2726 2564 super
2757 2494 2889 2563 hoc,
2911 2498 2967 2550 et
2982 2508 3114 2550 ecce
3137 2493 3256 2549 duo
3279 2492 3395 2548 viri
3421 2498 3592 2548 stete-

1927 2589 2270 2656 runtjuxta
2296 2587 2438 2641 illas
2468 2586 2531 2640 in
2562 2584 2817 2641 vestibus
2841 2582 3314 2654 fulgurantibus.
3337 2583 3596 2654 Cumque

1928 2676 2326 2744 expavissent,
2355 2681 2410 2731 et
2431 2674 2797 2731 declinarent
2824 2673 3056 2728 vultum
3081 2673 3140 2726 in
3163 2677 3408 2737 terram,
3432 2671 3594 2728 dixe.

1928 2771 2071 2820 runt
2090 2766 2170 2820 ad
2188 2765 2332 2821 ittas
2351 2779 2363 2819 :
2383 2764 2538 2830 Quid
2550 2763 2817 2835 quaeritis
2831 2763 3118 2819 viventem
3137 2777 3270 2818 cum
3292 2761 3546 2816 mortuis
3565 2761 3595 2817 ‘t

1924 2854 2063 2910 Non
2075 2860 2157 2910 est
2170 2855 2286 2917 hic,
2299 2853 2403 2909 sed
2411 2853 2692 2908 surrexit.
2706 2852 3052 2908 Mementote
3061 2849 3352 2922 quomodo
3366 2851 3595 2906 locutus

1925 2944 2001 2997 sit
2026 2942 2205 3010 vobis,
2235 2957 2368 2998 cum
2391 2941 2590 2997 adhuc
2610 2947 2755 2997 esset
2779 2941 2844 2994 in
2866 2939 3118 2996 Gatitasa
3134 2938 3336 2995 dicens
3364 2954 3385 2994 .·
3410 2938 3592 3008 Opor-

1930 3038 2008 3088 tet
2021 3031 2244 3088 Fitium
2261 3031 2513 3086 hominis
2526 3029 2691 3086 tradi
2703 3030 2767 3084 in
2780 3043 2992 3084 manus
3008 3027 3312 3084 hominum
3327 3032 3595 3097 peccato-

1929 3137 2085 3188 rum,
2118 3127 2173 3178 et
2197 3121 2484 3190 cruci/Egi,
2514 3134 2586 3175 ac
2609 3118 2780 3174 tertio
2802 3118 2896 3174 die
2926 3132 3256 3188 resurgere.
3293 3117 3375 3172 Et
3396 3131 3591 3172 recor-

1928 3210 2087 3268 data:
2117 3217 2249 3266 sunt
2279 3209 2587 3266 verborum
2612 3208 2778 3264 illius
2809 3207 2884 3264 ³⁷.

1998 3459 2258 3530 Angelus
2292 3460 2483 3530 itaque
2509 3456 2612 3530 qui
2635 3455 2880 3513 sedebat
2907 3471 2944 3511 a
2972 3455 3220 3522 dextris,
3253 3453 3480 3528 quique
3507 3455 3586 3510 ad

1926 3566 2026 3605 eas
2049 3550 2274 3605 dixerat
2301 3564 2372 3604 ea
2397 3564 2532 3620 quae
2558 3545 2753 3603 retulit
2783 3547 3038 3611 Marcus,
3071 3543 3381 3616 disparuit.
3411 3543 3582 3610 Quod

1927 3640 2128 3704 etiam,
2155 3638 2301 3710 quia
2325 3654 2358 3692 a
2389 3640 2580 3693 Marco
2613 3635 2850 3692 silentio
2906 3635 3263 3708 praeteritum
3294 3639 3399 3700 est,
3443 3649 3583 3688 cum

1925 3729 2017 3784 his
2033 3745 2169 3801 quin
2191 3745 2226 3783 a
2255 3731 2405 3783 Luca
2427 3732 2668 3782 narrata
2689 3729 2844 3789 sunt,
2865 3723 3133 3780 similiter
3153 3723 3583 3779 obscuritatem

1925 3818 2165 3890 peperit.
2186 3818 2333 3872 Cum
2360 3821 2562 3872 autem
2584 3815 2732 3888 ipsae
2759 3829 2980 3886 corpus
3019 3811 3252 3868 Domini
3277 3811 3418 3868 Jesu
3461 3827 3585 3867 non

1927 3906 2310 3969 invenissent,
2343 3908 2707 3976 expaverunt
2735 3903 3088 3972 cogitantes,
3115 3901 3261 3974 quid
3290 3901 3364 3956 de
3395 3916 3466 3956 eo
3497 3899 3584 3956 fa-

1926 4001 2089 4052 ctum
2116 4001 2288 4050 esset.
2323 3994 2597 4050 Nondum
2621 3992 2784 4049 enim
2822 3991 3062 4047 credere
3103 3995 3378 4063 poterant
3416 3989 3580 4062 quod

1925 4086 2339 4142 resurrexisset
2371 4100 2386 4149 ;
2437 4083 2514 4138 ita
2543 4079 2937 4138 consternatis
2992 4078 3136 4151 ipsis
3168 4084 3583 4150 apparuerunt

1927 4176 2044 4230 duo
2078 4173 2340 4245 prtedicti
2367 4171 2586 4240 angeli,
2618 4177 2675 4226 et
2695 4170 2744 4225 is
2776 4167 3052 4226 videlicet
3077 4183 3254 4240 quem
3290 4172 3458 4224 extra
3497 4183 3586 4224 se-

1927 4265 2196 4337 pulcrum
2236 4263 2523 4325 viderant,
2552 4265 2607 4316 et
2636 4274 2819 4330 quem
2861 4258 2918 4312 in
2951 4256 3083 4328 ipso
3123 4262 3581 4328 conspexerant,

1926 4352 2333 4422 transﬁgurati
2351 4351 2411 4407 in
2433 4349 2699 4406 vestibus
2719 4347 3184 4418 fulgurantibus,
3205 4351 3268 4401 ut
3295 4346 3476 4401 etiam
3503 4346 3584 4402 ob

1927 4444 2308 4516 splendorem
2327 4441 2416 4513 (n)
2432 4435 2972 4496 transformationis
2986 4436 3246 4506 apertius
3272 4434 3466 4504 angeli
3481 4435 3584 4490 Dei

1926 4534 2285 4590 viderentur.
2321 4533 2468 4585 Cum
2512 4532 2712 4584 autem
2759 4541 2921 4582 novo
2952 4529 3198 4598 aspectu
3249 4524 3584 4581 conterrita:

1925 4628 2140 4687 essent,
2175 4637 2283 4677 nec
2314 4621 2561 4692 possent
2603 4617 2681 4672 ob
2712 4615 2967 4671 vestium
3013 4614 3492 4671 coruscationem
3522 4615 3583 4670 in

1925 4730 2027 4769 eos
2055 4712 2367 4784 respicere,
2397 4709 2674 4763 dixerunt
2699 4705 2778 4762 ad
2817 4721 2920 4761 eas
2960 4719 3080 4760 non
3103 4704 3233 4776 jam
3267 4707 3583 4759 mansuete

1925 4807 1984 4857 ut
2011 4801 2196 4873 prius,
2247 4798 2350 4854 sed
2381 4793 2744 4868 objurgandi
2775 4792 2960 4849 modo
3019 4797 3260 4866 propter
3311 4792 3581 4864 ipsarum

1925 4888 2447 4948 incredulitatem:
2499 4885 2570 4944 Ut
2612 4884 2758 4957 quid
2808 4881 3070 4955 quaeritis
3120 4883 3401 4939 viventem
3451 4896 3583 4938 cum

1926 4980 2227 5038 mortuis?
2277 4983 2566 5049 tanquam
2607 4973 2882 5030 videlicet
2921 4975 3227 5028 mortuum
3254 4971 3281 5025 ‘?
3330 4973 3478 5028 Nam
3522 4969 3584 5026 id

1455 5255 1684 5324 Variae
1717 5257 2044 5325 lectiones
2088 5261 2154 5320 et
2184 5259 2387 5318 notae.

439 5423 684 5494 Ἠγέρθη,
714 5420 998 5494 abest,_a.

279 5424 397 5567 (83;
439 5424 684 5515 Ἠγέρθη,
714 5424 903 5486 abest,
934 5424 998 5502 Α,

280 5497 373 5567 (84
436 5493 555 5548 Ἀλλ
603 5495 824 5566 ἠγέρθη,
855 5492 1042 5562 addit,
1073 5496 1140 5549 A.

280 5497 373 5568 (84

2008 5423 2124 5494 (85)
2165 5420 2218 5472 Ἀ
2231 5416 2612 5494 στραπήϐολον,
2664 5423 2702 5469 Α

283 5677 369 5748 (η)
397 5673 482 5730 0b
511 5672 909 5742 splendorem.
941 5671 1030 5728 Ob
1056 5671 1422 5739 facilitatem,
1454 5673 1835 5730 celeritatem.
1865 5673 2074 5729 Nescio
2108 5686 2255 5727 sane
2293 5669 2435 5743 quid
2467 5668 2671 5740 legerit
2700 5665 3012 5736 interpres,
3073 5663 3240 5720 Forte
3295 5670 3368 5734 τῷ
3399 5666 3598 5738 ὡραίῳ,

211 5768 346 5825 loco
374 5773 448 5838 ιῷ
474 5759 649 5840 ραδιῳ
662 5807 675 5820 .
