4096 6382
539 386 645 440 755

1854 377 2210 446 ΕΠΤΗΥΜΙΪ
2251 389 2580 446 ZIGABENI

3813 409 3916 464 756

541 516 630 566 est
659 526 790 566 esse
823 528 961 567 cum
1002 513 1271 568 mortuis.
1307 516 1378 570 Ut
1407 515 1548 585 quid
1577 530 1714 570 eum
1746 516 1851 587 qui
1881 515 2204 571 resurrexit

2335 519 2415 590 γὰρ
2478 522 2718 587 σημαίνει
2767 521 2826 570 τό
2886 522 3030 572 Μετὰ
3079 529 3178 574 τῶν
3232 534 3440 602 νεκρῶν.
3474 533 3537 581 Τί
3590 529 3786 589 ζητεῖτε
3833 537 3917 585 τόν

539 599 826 672 quaeritis,
860 617 927 657 ac
953 601 999 656 si
1022 617 1145 657 non
1176 603 1594 660 resurrexisset
1619 604 1647 658 ?
1673 604 1808 660 Non
1834 610 1919 660 est
1944 605 2057 671 hic,
2105 605 2206 660 sed

542 690 822 746 surrexit.
848 689 1068 746 Deinde
1096 689 1193 746 ubi
1216 707 1317 746 eas
1338 692 1415 747 ad
1441 693 1734 763 majorem
1757 694 2206 750 resurrectionis

544 777 729 833 ﬁdem
743 778 1139 845 induxissent,
1157 780 1942 838 aclmonueruntverborum
1959 784 2202 850 Domini,

548 867 852 923 dicentes:
893 869 1246 926 Mementote
1285 867 1576 941 quomodo
1621 873 1855 927 locutus
1891 873 1964 926 sit
2023 875 2204 940 vobis,

550 972 681 1013 cum
702 957 901 1014 adhuc
922 965 1060 1014 esset
1080 959 1144 1014 in
1167 958 1437 1024 Gatilava,
1457 960 1687 1017 dicens:
1717 963 1959 1032 Oportet
1987 963 2210 1019 Filium

553 1045 806 1103 hominis
838 1050 1004 1105 tradi
1025 1050 1087 1104 in
1127 1067 1338 1106 manus
1381 1051 1686 1108 hominum
1721 1059 2112 1124 peccatorum,
2156 1059 2211 1111 et

552 1137 832 1209 cruci/Egi,
867 1153 938 1194 ac
967 1139 1142 1195 tertio
1171 1140 1265 1196 die
1303 1156 1636 1212 resurgere.

620 1331 1018 1388 Postmodum
1037 1334 1528 1404 aitEvangelista,
1551 1337 1718 1408 quod
1735 1339 2058 1394 recordatae
2078 1345 2217 1396 sunt

547 1422 864 1477 verborum
880 1422 1028 1493 ejus,
1045 1422 1354 1492 significari
1364 1442 1408 1488 s,
1426 1427 1587 1497 quod
1599 1426 1811 1482 deinde
1827 1428 2212 1485 crediderunt.

549 1509 796 1582 Scripsit
835 1511 994 1567 enim
1048 1512 1359 1568 Matthmus
1398 1513 1631 1570 decimo
1689 1517 1944 1588 septimo
1996 1518 2212 1590 capite,

549 1598 718 1671 quod
737 1615 871 1655 cum
900 1606 1279 1658 versarentur
1293 1602 1356 1658 in
1383 1603 1642 1670 Galilaea,
1690 1605 1835 1660 dixit
1860 1606 1972 1661 illis
2005 1608 2214 1663 Jesus:

550 1689 849 1744 Futurum
865 1695 947 1745 est
968 1696 1031 1745 ut
1045 1691 1237 1746 Filius
1250 1692 1498 1749 hominis
1511 1694 1871 1751 tradaturin
1889 1712 2103 1753 manus
2119 1697 2219 1754 ho-

555 1779 804 1844 minum,
819 1785 871 1834 et
897 1780 1331 1847 occidenteum,
1359 1797 1430 1838 ac
1452 1783 1626 1838 tertio
1645 1784 1738 1840 die
1756 1793 2019 1858 resurget
2041 1788 2107 1842 ⁸⁸.
2128 1788 2219 1842 Ni—

2317 605 2631 676 όιναστιὶντα,
2713 610 2782 669 ὡς
2862 613 2934 680 μὴ
3005 607 3338 683 ἀναστάντα;
3411 615 3522 668 Οὐκ
3584 620 3720 669 ἔστιν
3798 616 3916 689 ὧδε,

2318 692 2426 745 ἀλλ’
2484 695 2714 767 ἠγέρθη·
2771 694 2881 749 εἶτα
2939 697 3012 759 εἰς
3072 700 3280 755 πλείονα
3340 709 3518 756 πίστιν
3571 715 3658 767 τῆς
3705 705 3921 761 ἀναστά-

2317 873 2563 946 ρημάτων
2645 883 2733 926 τοῦ
2815 881 3030 951 Κυρίου,

2321 803 2450 845 σεως
2524 787 2635 857 (86)
2718 785 2981 858 ἐνάγοντες
3065 791 3241 857 αὑτὰς,
3323 792 3752 866 ἀναμιμνήσκους
3827 806 3922 849 τῶν

3112 879 3381 952 λέγοντεςυ
3469 887 3767 952 Μνήσθητε,
3858 890 3923 948 ὡς

2321 960 2562 1019 ἐλάλησεν
2642 965 2781 1035 ὑμῖν,
2851 967 2927 1017 ἔτι
3006 971 3072 1018 ὧν
3153 969 3201 1020 ἐν
3410 972 3678 1045 Γαλιλαίᾳ,
3746 974 3922 1046 λέγων,

2322 1052 2402 1102 ὅτι
2464 1058 2544 1103 Δεῖ
2611 1056 2697 1104 τόν
2767 1057 2884 1106 Υἰόν
2933 1064 3024 1108 τοῦ
3074 1055 3346 1131 ἀνθρώπου
3428 1061 3799 1138 παραδοθῆναι
3858 1066 3924 1129 εἰς

2322 1148 2510 1213 χεῖρας

2323 1236 2412 1282 καὶ
2441 1238 2500 1302 τῇ
2536 1235 2682 1305 τρίτη
2723 1235 2893 1305 ἡμέρα
2919 1233 3226 1295 ἀναστῆναι.

2603 1140 2883 1216 ἀνθρώπων
2956 1145 3291 1220 ἁμαρτωλῶν,
3380 1156 3469 1204 καὶ
3561 1156 3926 1227 σταυρωθῆναι

2395 1317 2610 1371 Ἔπειτα
2659 1341 2816 1392 φησιν
2862 1324 2886 1374 6
2938 1325 3325 1398 εὐαγγελιστὴς,
3387 1331 3464 1382 ὅτι
3508 1336 3609 1384 Καὶ
3667 1331 3928 1404 ἐμνήσθη-

2329 1427 2422 1458 σαν
2465 1417 2562 1459 τὼν
2600 1411 2848 1484 ῥημάτων
2900 1414 3079 1478 αὐτοῦ,
3122 1413 3313 1481 δηλῶν,
3361 1420 3437 1470 ὅτι
3479 1419 3660 1472 λοιπόν
3702 1421 3932 1475 ἐπίστευ-

2329 1515 2443 1548 σαν.
2508 1500 2743 1570 Ἔγραψε
2799 1506 2898 1574 γὰρ
2967 1505 2990 1554 6
3050 1509 3318 1568 Ματθαῖος
3379 1507 3428 1559 ἐν
3497 1518 3570 1580 τῷ
3640 1522 3932 1585 τριακοστῷ

2325 1589 2543 1658 πέμπτῳ
2614 1590 2890 1662 κεῖναλαίω,
2970 1595 3046 1644 ότι
3126 1593 3580 1671 ἀναστρεφομένων
3641 1609 3809 1652 αῦτὼν
3887 1602 3934 1654 ἐν

2328 1683 2388 1746 τῇ
2436 1676 2702 1749 Γαλιλαίᾳ,
2762 1678 2894 1732 εἶπεν
2949 1683 3127 1745 αὐτοῖς
3183 1687 3207 1736 ό
3241 1685 3485 1750 Ἰησοῦς’
3539 1689 3724 1742 Μέλλει
3771 1692 3796 1742 6
3828 1693 3936 1753 Υἱὸς

2329 1771 2418 1814 τοῦ
2506 1763 2778 1838 ἀνθρώπου
2857 1767 3259 1840 παραδίδοσθαι
3327 1774 3394 1834 εἰς
3475 1784 3664 1851 χεῖρας
3749 1775 3937 1853 ἀνθρώ

557 1868 639 1922 hil
682 1871 880 1924 autem
921 1870 1277 1942 praecipiunt
1315 1870 1410 1928 hic
1451 1872 1651 1942 angeli
1690 1873 1759 1930 de
1805 1876 2112 1948 apostolis,
2157 1881 2220 1934 ut

2335 1873 2456 1918 πων,
2491 1859 2579 1907 καὶ
2612 1859 2981 1911 ἀποκτενοῦσιν
3016 1861 3169 1914 αὐτὸν
3201 1869 3288 1914 καὶ
3330 1871 3389 1936 τῇ
3437 1871 3590 1941 τρίτη
3622 1869 3795 1942 ἡμέρᾳ
3826 1868 3938 1940 (87)

561 1957 667 2029 qui
692 1958 812 2028 jam
842 1975 974 2031 quae
1004 1958 1162 2017 dicta
1189 1965 1327 2018 sunt
1351 1961 1426 2018 de
1456 1961 1572 2018 illis
1610 1971 2038 2038 praeceperant.

639 2205 800 2260 Vers.
845 2210 896 2262 8.
939 2208 1017 2262 Et
1054 2223 1300 2278 egressa:
1323 2239 1393 2250 —
1429 2211 1574 2281 ejus.
1617 2213 1735 2268 Etsi
1763 2213 1992 2271 nullam
2023 2216 2227 2275 fecerit

567 2293 934 2350 mentionem
975 2295 1283 2352 Matthaaus
1322 2299 1488 2370 quod
1535 2300 1595 2356 in
1635 2309 2096 2360 monumentum
2135 2306 2226 2363 in-

561 2380 887 2450 traverunt,
920 2393 1081 2440 nunc
1112 2390 1312 2442 tamen
1342 2381 1548 2445 dicens
1577 2390 1744 2462 quod
1784 2407 2038 2462 egressae
2065 2401 2222 2466 sunt,

560 2472 824 2528 ostendit
874 2473 1140 2544 primum
1190 2477 1373 2532 fuisse
1425 2478 1749 2548 ingressas.
1809 2484 1957 2538 Cum
2013 2485 2225 2541 timore

557 2562 760 2633 itaque
791 2577 1040 2632 egressae
1073 2565 1209 2620 sunt
1240 2565 1319 2621 ob
1346 2566 1700 2625 admiranda
1730 2586 1868 2642 quae
1899 2572 2174 2629 viderant
2207 2595 2218 2634 :

560 2661 699 2705 cum
731 2651 952 2720 gaudio
979 2665 1141 2717 vero,
1175 2653 1256 2710 ob
1288 2655 1490 2711 laetum
1519 2657 1790 2714 nuntium
1825 2659 1989 2732 quod
2021 2663 2225 2719 audie-

557 2737 715 2796 rant.
748 2743 967 2796 Marcus
1002 2747 1204 2799 autem
1235 2744 1423 2800 dixit:
1460 2746 1720 2819 Cumque
1748 2750 2027 2807 exiissem
2055 2753 2225 2825 fuge-

560 2835 702 2884 runt
733 2845 769 2886 α
812 2838 1193 2888 monumento
1222 2849 1236 2889 :
1271 2827 1516 2891 habebat
1544 2837 1693 2893 enim
1740 2849 1838 2896 eas
1875 2846 2098 2897 (rethor
2153 2858 2225 2900 ac

561 2925 789 2988 stupor.
822 2921 900 2975 Et
930 2922 1154 2977 nemini
1212 2924 1531 2995 quidquam
1569 2927 1850 2985 dixerunt
1879 2946 1894 2985 :
1937 2933 2224 2990 timebant

561 3010 713 3063 enim
753 3010 820 3063 ⁸ο.
857 3010 1178 3067 Considera
1208 3023 1350 3082 ergo
1380 3015 1690 3086 Quomodo
1727 3033 1850 3075 non
1889 3027 2226 3093 repugnent

560 3113 691 3166 quae
722 3093 1002 3155 dicuntur
1034 3119 1044 3159 :
1081 3110 1332 3172 egressae
1371 3106 1532 3160 enim
1571 3106 1688 3164 cito
1728 3123 1764 3165 ιι
1804 3114 2218 3177 monumento,

560 3187 890 3243 secundum
908 3188 1272 3257 Matthzeum,
1294 3191 1924 3263 fugeruntsecuudum
1936 3203 2220 3266 Marcum,

559 3281 803 3348 propter
828 3277 1086 3343 Judaeos,
1115 3297 1188 3336 ne
1211 3288 1546 3354 conspecta:
1573 3285 1914 3342 viderentur
1951 3288 2098 3359 ipsa:
2137 3290 2226 3346 fu-

558 3365 679 3421 rari
719 3368 946 3421 Iesum.

631 3455 804 3521 Quod
834 3457 881 3511 si
912 3453 1058 3512 dixit
1089 3457 1202 3523 ille,
1243 3461 1410 3531 quod
1435 3459 1731 3521 timebant
1767 3469 1825 3522 et
1849 3467 2220 3536 gaudebant,

554 3543 653 3600 hic
684 3549 884 3600 autem
915 3546 1080 3617 quod
1105 3545 1441 3605 tremebant
1471 3567 1542 3607 ac
1576 3553 1920 3627 stupebant,
1974 3567 2096 3614 non
2137 3564 2225 3617 est

557 3631 969 3698 contradictio,
1012 3638 1234 3691 tremor
1273 3653 1492 3711 nempe
1531 3639 1649 3699 illis
1690 3658 1720 3698 e
1759 3645 1961 3702 timore
1987 3662 2224 3719 proces-

559 3720 650 3777 sit.
697 3721 994 3778 Gaudium
1049 3739 1192 3780 vero
1246 3726 1428 3784 tacuit
1473 3731 1716 3797 Marcus,
1760 3733 1850 3789 vel
1900 3736 2075 3792 etiam
2126 3753 2226 3810 per

561 3813 866 3882 stuporem
893 3808 1248 3882 signiﬁcavit
1271 3831 1285 3880 ;
1309 3815 1505 3888 ipsum
1533 3820 1832 3892 siquidem
1858 3808 2224 3898 quandoque

560 3897 800 3954 vertitin
833 3904 1156 3972 stuporem.
1196 3905 1435 3962 Nemini
1471 3913 1668 3966 autem
1710 3913 2036 3984 quidquam
2067 3897 2228 3973 dire-

561 3993 725 4054 runt,
769 3987 913 4045 nulli
927 3987 1543 4064 videlicethominum,
1565 4000 1672 4072 qui
1701 4001 1813 4057 sibi
1831 4005 2102 4074 perviam
2137 4023 2227 4062 oc-

562 4081 891 4134 currerunt.
909 4081 1054 4136 Nam
1069 4080 1356 4154 apostolis
1371 4085 1650 4146 universa
1661 4090 2005 4158 retulerunt,
2021 4093 2122 4150 ubi
2148 4095 2228 4151 ad

561 4183 662 4223 eos
700 4183 948 4224 reversae
989 4176 1148 4240 sunt,
1191 4171 1341 4230 sicut
1381 4176 1616 4250 scripsit
1667 4177 1852 4237 Lucas
1901 4183 1971 4237 9°.
2031 4186 2227 4242 Causa

557 4261 751 4314 autem
773 4259 925 4329 quod
951 4259 1176 4317 nemini
1206 4259 1539 4337 quidquam
1569 4267 1864 4340 dixerunt,
1889 4279 2013 4328 erat
2044 4273 2227 4331 timor

554 4345 924 4415 Iudaeorum,
954 4350 1210 4422 neipsas
1240 4351 1597 4422 occiderent,
1632 4359 1834 4416 audito
1866 4361 2032 4432 quod
2067 4361 2225 4419 Chri-

558 4436 632 4492 sti
669 4436 1067 4507 praedicarent
1095 4444 1612 4501 resurrectionem.

2330 1941 2700 2001 ἁναστὴσεται.
2730 1943 2895 1999 Οὐδὲν
2921 1945 2978 2000 δὲ
3000 1948 3221 2003 ἐνταῦθα
3243 1953 3356 2024 (88)
3378 1960 3496 2027 περὶ
3514 1964 3615 2007 τῶν
3639 1941 3937 2011 ἀποστόλων

2331 2033 2380 2083 οἱ
2406 2032 2615 2104 ἄγγελοι
2644 2036 3093 2107 παραγγέλλουσιν
3119 2040 3254 2112 (89),
3285 2043 3370 2094 οἶα
3395 2047 3937 2119 προπαραγγείλαντες

2331 2123 2397 2173 τὰ
2426 2126 2543 2194 περὶ
2570 2123 2682 2194 (90)
2716 2124 2899 2180 αὐτῶν,

2410 2216 2508 2262 Καὶ
2570 2210 2869 2274 ἐξελθοῦσαι
2949 2247 3013 2254 —
3081 2217 3258 2272 αὐτοῦ.
3341 2220 3399 2273 Εἰ
3461 2228 3554 2276 καὶ
3628 2223 3724 2276 οῦκ
3791 2227 3940 2299 ἐμνη-

2334 2303 2576 2372 μόνευσεν
2629 2301 2964 2369 ὁΜατθαῖος,
3007 2307 3086 2358 ὅτι
3130 2306 3369 2366 εἰσῆλθον
3427 2311 3498 2372 εἰς
3551 2317 3610 2364 τὸ
3657 2323 3940 2388 μνημεῖον

2337 2387 2462 2441 ἀλλὰ
2512 2396 2599 2440 νῦν
2655 2391 2827 2452 εἰπὼν,
2889 2394 2968 2444 ὄτι
3021 2393 3250 2463 ἐξῆλθον,
3307 2397 3559 2471 ἐνέφηνεν,
3613 2404 3696 2455 ὄτι
3748 2413 3943 2479 πρῶτον

2335 2478 2593 2536 εἰσῆλθον.
2636 2483 2781 2532 Μετὰ
2830 2481 2988 2553 φόϐου
3020 2488 3110 2555 μὲν
3141 2481 3227 2537 οὖν
3280 2485 3516 2560 ἐξῆλθον,
3567 2490 3641 2565 ἐφ’
3689 2478 3945 2556 οἶςνεῖδον

2337 2565 2691 2640 παραδόξοις·
2739 2573 2871 2642 μετὰ
2917 2579 3094 2646 χαρᾶς
3148 2572 3225 2640 δὲ,
3261 2575 3333 2647 ἐφ’
3381 2580 3460 2640 οἷς
3505 2583 3746 2638 ἤκουσαν
3806 2583 3948 2656 εύαγ-

2338 2657 2633 2728 γελίοις.Ὀ
2690 2655 2748 2711 δὲ
2801 2663 3015 2736 Μάρκος
3044 2660 3179 2716 εἶπε”
3242 2671 3339 2718 Καὶ
3389 2667 3724 2742 ἐξελθοῦσαι,
3769 2675 3946 2746 ἔφυγον

2335 2745 2435 2798 ἀπὸ
2504 2756 2592 2799 τοῦ
2670 2755 2944 2822 μνημείου.
3023 2751 3158 2824 Εἶχε
3216 2751 3276 2806 δὲ
3343 2756 3512 2819 αὐτὰς
3595 2765 3786 2835 τρόμος
3865 2767 3946 2814 καὶ

2334 2839 2596 2902 ἔκστασις,
2691 2843 2780 2891 καὶ
2867 2837 3041 2893 οὐδενὶ
3133 2839 3284 2895 οὐδὲν
3377 2843 3547 2902 εἷπον.
3638 2849 3947 2924 Ἐφοϐοῦντο

2332 2928 2451 2998 γὰρ.
2519 2931 2701 2979 Σκόπει
2769 2924 2847 2996 δὲ,
2915 2938 3024 2990 πῶς
3102 2931 3196 2983 ούκ
3262 2932 3590 2990 ἐναντιοῦται
3656 2941 3723 2992 τὰ
3799 2942 3947 3017 ῥητοί.

2333 3015 2670 3078 Ἐξελθοῦσαι
2700 3020 2800 3091 γὰρ
2851 3022 2994 3090 ταχὺ
3049 3018 3150 3072 ἀπὸ
3198 3029 3290 3073 τοῦ
3341 3031 3628 3097 μνημείου,
3685 3032 3822 3082 κοιτὰ
3868 3033 3949 3082 τόν

2334 3107 2634 3159 Ματθαῐον·
2706 3109 2907 3178 ἔφυγον,
2989 3112 3120 3162 κανὰ
3185 3113 3270 3162 τὸν
3352 3116 3595 3188 Μάρκον,
3671 3115 3768 3171 διὰ
3841 3124 3954 3180 τοὺς

2267 3192 2647 3274 ρἸουὸαίους,
2699 3197 2781 3246 ἵνα
2817 3200 2889 3269 μὴ
2951 3198 3215 3251 θεαθεῖσαι
3271 3197 3505 3264 δόξωσιν
3559 3207 3720 3260 αὐταὶ
3769 3208 3952 3280 κλέψαι

2335 3286 2421 3337 τὸν
2444 3284 2671 3342 Ἰησοῦν.

2406 3373 2465 3425 Εἰ
2496 3370 2554 3425 δὲ
2585 3374 2609 3425 6
2636 3377 2725 3445 μὲν
2767 3374 2880 3447 (91)
2931 3372 3087 3445 εἶπεν,
3121 3379 3201 3429 ὃτι
3248 3377 3531 3450 ἐφοϐοῦντο
3563 3390 3657 3438 καὶ
3709 3391 3951 3461 ἔχαιρον·

2334 3463 2359 3513 6
2417 3459 2494 3529 δὲ,
2560 3465 2638 3514 ὅτι
2707 3463 2818 3534 (9‘2)
2876 3466 3083 3538 ἔτρεμον
3149 3471 3238 3519 καὶ
3301 3467 3604 3541 ἐξίσταντο,
3666 3475 3762 3529 οῦκ
3819 3477 3958 3530 ἔστιν

2335 3551 2648 3613 ἐναντίωσις.
2693 3551 2751 3604 Ὀ
2785 3558 2971 3625 τρόμος
3012 3557 3112 3627 γὰρ
3164 3554 3218 3607 ἐκ
3258 3557 3417 3628 φόϐου
3481 3568 3692 3634 γέγονεν
3741 3566 3954 3628 αὐταῖς

2336 3645 2429 3700 τὴν
2475 3644 2650 3716 χαρὰν
2704 3639 2763 3694 δὲ
2801 3648 3202 3715 παρεσιὼπησεν
3234 3647 3259 3697 6
3307 3649 3571 3720 Μάρκοςο
3622 3658 3652 3712 ἤ
3706 3659 3797 3708 καὶ
3827 3659 3959 3708 ταύ..

2335 3735 2428 3789 τὴν
2479 3728 2570 3783 διὰ
2599 3740 2694 3792 τῆς
2740 3729 3034 3793 ἐκστάσεως
3092 3732 3336 3806 ἐσήμανε.
3396 3743 3506 3793 Καὶ
3562 3744 3594 3802 ἠ
3655 3747 3809 3819 χαρὰ
3857 3747 3959 3817 γὰρ

2337 3820 2538 3892 ἐξιστᾷ.
2573 3816 2764 3872 Οὖδενὶ
2815 3816 2873 3872 δὲ
2915 3817 3066 3874 οὐδὲν
3113 3819 3253 3876 εἷπον
3295 3845 3396 3877 των
3427 3828 3608 3882 ἄλλων
3653 3831 3962 3908 ἀνθρώπων,

2335 3915 2436 3961 τῶν
2481 3906 2900 3980 ἐντυγχανόντων
2950 3910 3131 3971 αὐταῖς
3170 3916 3301 3964 κατὰ
3348 3919 3445 3972 τὴν
3495 3916 3625 3972 ὁδόν
3651 3939 3664 3951 ⁸
3715 3931 3823 3984 τοῖς
3860 3925 3961 3996 γὰρ

2338 3996 2645 4060 ἀποστόλοις
2711 3995 2850 4050 εἷπον
2903 3998 3125 4071 ἅπαντα,
3197 4002 3624 4077 ύποστπίψασαι
3688 4016 3824 4087 πρὸς
3877 4011 3964 4064 αύ-

2337 4092 2473 4155 τούς,
2533 4091 2598 4148 ὡς
2651 4089 2675 4139 6
2732 4093 2939 4150 Λουκᾶς
2995 4091 3211 4163 ἱστορεῖ.
3277 4092 3435 4146 Αἰτία
3512 4094 3576 4150 δὲ
3626 4108 3723 4152 τοῦ
3774 4099 3966 4174 μηδενὶ

2337 4174 2501 4251 μηδὲν
2533 4176 2688 4229 εἰπεῖν
2720 4178 2745 4228 ό
2778 4176 2928 4249 φόϐος
2951 4185 3050 4229 τῶν
3092 4176 3383 4249 Ἰουδαίων,
3415 4185 3505 4236 ἵνα
3535 4191 3611 4259 μὴ
3643 4187 3967 4253 ἀκούσαντες

2337 4269 2416 4319 ὅτι
2440 4270 2760 4338 κηρύττουσι
2787 4271 2880 4324 τὴν
2911 4265 3200 4320 ἀνάστασιν
3231 4277 3323 4321 τοῦ
3355 4278 3628 4345 Χριστοῦ,
3667 4283 3971 4351 φονεύσωσι

2334 4359 2549 4418 ταύτας.

2402 4445 2492 4507 Ὦς
2520 4477 2588 4485 —
2619 4445 2818 4506 αὐταῖς.
2866 4448 2972 4517 Πρὸ
3003 4448 3205 4498 πάντων
3236 4446 3585 4523 ὀρθρίσασαι,
3626 4461 3735 4531 πρὸ
3763 4462 3970 4512 πάντων

632 4526 794 4580 Vers.
836 4529 888 4580 9.
934 4528 1078 4583 Cum
1118 4559 1186 4568 —
1216 4531 1315 4586 eis.
1359 4535 1500 4598 Quae
1533 4539 1669 4592 ante
1710 4553 1920 4595 omnes
1961 4539 2220 4598 diluculo

2335 4539 2498 4612 ὁρῶσι
2521 4539 2608 4588 τὸν
2639 4538 2848 4610 Κύριον,
2894 4540 2983 4586 καὶ
3014 4543 3165 4588 τοῦτο
3192 4536 3304 4608 (93)
3346 4543 3546 4611 μισθὸν
3717 4552 3970 4610 τοιαύτης

560 4619 958 4682 surrexerunt,
994 4619 1129 4674 ante
1161 4634 1372 4676 omnes
1402 4623 1597 4680 vident
1630 4627 1962 4695 Dominum,
1997 4635 2051 4686 et
2089 4630 2223 4699 hoc,

561 4702 622 4758 in
641 4703 968 4759 mercedem
984 4706 1074 4761 sui
1087 4709 1268 4766 studii
1283 4713 1932 4785 suaeque-festinationis
1943 4715 2223 4778 referunt.

636 4790 797 4846 Vers.
841 4797 872 4848 9
918 4793 1171 4854 Dicens:
1234 4801 1510 4859 Gaudete.
1566 4803 1839 4863 Gaudere
1892 4809 1977 4864 eis
2023 4810 2229 4868 tribuit

565 4896 702 4953 qum
731 4877 810 4938 ob
835 4887 1092 4942 veterem
1128 4887 1598 4949 inobedientiam
1627 4895 2034 4954 condemnatae
2059 4905 2228 4956 erant

639 4979 686 5018 ⁸⁸
711 4981 909 5044 Matth.
940 5000 1082 5054 xvu,
1111 4989 1198 5042 22.

1279 4989 1325 5024 8°
1355 4989 1529 5048 Marc.
1557 5007 1675 5064 xw,
1707 4997 1760 5051 8.
1791 4996 1838 5031 9°
1868 4996 2006 5051 Luc.
2038 5013 2197 5066 xxiv,
2229 4998 2286 5054 9.

2339 4619 2574 4686 σπουδῆς
2597 4627 2922 4696 κομίζονται.

2409 4721 2605 4788 Λέγε-ιν,
2637 4718 2877 4788 Χαίρετε.
2907 4716 2977 4766 Τό
3023 4719 3231 4790 χαίρειν
3277 4711 3480 4770 δίδωσι
3514 4730 3640 4787 ταῖς
3685 4729 3746 4779 τὸ
3794 4726 3972 4779 λυπει-

2341 4808 2465 4860 σθαι
2494 4806 2606 4878 (94)
2636 4805 3067 4879 κατακριθείσαις
3109 4805 3250 4875 (95),
3285 4803 3337 4857 ἐκ
3377 4814 3478 4872 τῆς
3513 4800 3768 4886 ἀρχαίας
3807 4837 3968 4892 παρα-

2336 4917 2453 4972 ρας.

1816 5174 2036 5243 Variae
2082 5175 2409 5244 lectiones
2460 5183 2525 5242 et
2567 5183 2769 5240 notae.

626 5365 740 5438 (86)
769 5363 990 5438 Ἐνάγων
1022 5368 1209 5432 αὐτάς.
1247 5375 1308 5424 Δ.

623 5439 736 5506 (87)
777 5439 895 5514 rItaA
939 5454 1048 5514 pro
1102 5439 1441 5514 ἐγέρθήσεται
1505 5442 1732 5500 habent
1790 5444 1965 5500 etiam
2022 5445 2100 5502 ibi
2158 5447 2218 5502 in

553 5513 828 5564 contextu
866 5510 941 5573 A,
984 5511 1045 5563 B.

625 5580 740 5718 (88)
778 5580 1056 5651 lntelltge,
1086 5587 1228 5658 παρὰ
1254 5593 1325 5656 τῷ
1361 5591 1564 5658 Λουκᾷ.

647 5651 715 5704 89
771 5652 1239 5718 Προαγγέλλουσιν.

647 5651 738 5723 89)
771 5651 1239 5723 Προαγγέλλουσιν.

649 5723 741 5795 90)
769 5723 999 5795 Scilicet
1023 5727 1222 5782 Matth.
1255 5744 1436 5792 xxvu,
1467 5729 1501 5780 7
1545 5729 1759 5795 ;Marc.
1792 5747 1908 5793 xw,
1941 5737 1994 5786 7.

649 5723 717 5776 90
769 5723 999 5780 Scilicet
1023 5727 1222 5782 Matth.
1255 5744 1436 5792 xxvu,
1467 5729 1501 5780 7
1545 5729 1759 5795 ;Marc.
1792 5747 1908 5793 xw,
1941 5737 1994 5786 7.

627 5723 741 5864 imi
790 5794 1114 5861 Matthmus,
1163 5799 1268 5869 qui
1305 5799 1531 5857 habet:
1568 5804 1714 5854 Μετὰ
1757 5801 1915 5873 φόϐου
1956 5808 2045 5856 καὶ
2099 5823 2210 5874 χα-

2331 5392 2520 5526 Ραῗέὶβ)
2560 5443 2806 5497 Marcus.
2838 5438 2892 5491 Is
2933 5436 3096 5492 enim
3140 5434 3284 5494 dicit
3313 5453 3329 5494 :
3363 5432 3535 5510 Εἶχεν
3571 5445 3751 5512 αὐτὰς
3780 5456 3982 5526 τρόμος

2331 5520 2422 5567 καὶ
2453 5517 2721 5572 ἔκστασις.

2426 5589 2516 5655 93)
2554 5589 2623 5637 Τό
2655 5585 2777 5656 όρᾷν
2800 5584 2886 5656 τόν
2919 5581 3130 5652 Κύριον.

2426 5589 2516 5655 93)
2554 5589 2623 5637 Τό
2655 5588 2777 5656 όρᾷν
2800 5588 2886 5633 τόν
2919 5588 3130 5652 Κύριον.

2399 5588 2511 5728 (94)
2550 5654 2806 5728 Respicit
2837 5655 2981 5728 Gen,
3015 5665 3098 5721 ιιι,
3137 5651 3226 5710 ίόδ

2397 5723 2508 5801 (95)
2550 5723 2734 5782 Intell.
2765 5723 3020 5795 γυναιξίν.
