4096 6378
526 376 633 430 759

1854 370 2205 426 EUTHYMII
2244 369 2576 426 ZIGABENI

3794 373 3891 425 760

528 502 746 573 pulum
794 500 1062 557 vicerunt
1098 501 1393 575 pecuniae,
1453 498 1641 555 multo
1698 498 1891 567 magis
1948 497 2181 552 milites.

2318 498 2359 546 ’ἀ
2418 494 2662 567 ἀργύρια,
2704 494 2872 565 πολλῷ
2928 494 3118 567 μᾶλλον
3176 503 3273 548 τῶν
3337 503 3683 567 στρατιωτῶν.
3752 500 3890 565 Μέγα

528 592 673 645 Vere
712 590 912 662 itaque
952 607 1242 661 magnum
1295 595 1380 645 est
1421 588 1645 644 malum
1688 588 1958 659 pecuniae
1991 602 2181 651 amor,

529 684 587 735 et
618 695 974 751 magnorum
1010 697 1193 735 causa
1234 680 1551 735 malorum.
1597 678 1947 731 Sermonem
1986 682 2185 730 autem

528 768 903 838 divulgatum
934 770 1095 835 dicit,
1137 770 1302 843 quod
1344 769 1500 823 furto
1549 767 1818 822 sublatus
1865 766 1939 820 sit
1990 766 2181 825 Jesus,

527 858 716 913 Lucas
742 874 880 914 vero
912 860 982 915 de
1015 859 1365 915 mulieribus
1398 857 1512 913 ait:
1547 857 1625 912 Et
1652 870 1959 913 reverscea
1982 869 2189 910 monu-

527 953 725 1004 mento
776 949 1213 1005 nuntiaverunt
1272 949 1393 1004 hac
1447 946 1648 1002 omnia
1705 945 1846 1014 ipsis
1890 944 2186 1008 undecim,

529 1038 865 1109 celerisque
883 1039 1152 1095 omnibus
1164 1040 1234 1105 θί,
1254 1036 1527 1093 videlicet
1549 1034 1945 1107 septuaginta.
1971 1034 2190 1090 Deinde

530 1134 844 1184 enumerat
870 1143 973 1184 eas
996 1128 1201 1183 dicens
1238 1146 1251 1183 :
1282 1126 1467 1183 Erant
1497 1132 1691 1182 autem
1721 1125 1923 1181 Maria
1949 1125 2191 1194 Magda-

533 1217 682 1285 lene,
713 1222 767 1270 et
795 1217 1051 1286 Joanna,
1093 1223 1148 1273 et
1193 1217 1389 1274 Maria
1429 1215 1656 1280 Jacobi,
1693 1230 1763 1270 ac
1808 1220 2027 1270 eceterae
2060 1230 2192 1285 qua:

530 1319 664 1360 cum
704 1305 784 1360 eis
822 1311 1016 1373 erant,
1048 1322 1183 1376 quis
1222 1306 1493 1362 dicebant
1526 1305 1605 1360 ad
1642 1305 1925 1374 apostolos
1966 1304 2079 1358 haec
2120 1306 2187 1354 θ’.

530 1394 747 1449 Verum
780 1395 1086 1450 Mattheus
1115 1396 1362 1467 quidem
1402 1394 1644 1451 Mariam
1689 1392 2095 1465 Magdalenen,
2139 1399 2195 1448 et

534 1482 718 1539 Maria
764 1484 967 1540 Jacobi
1022 1490 1077 1539 et
1122 1485 1258 1539 Jose
1305 1483 1662 1554 conscripsit
1707 1486 1799 1538 '3:
1857 1498 1972 1537 non
2019 1482 2193 1553 quasi

534 1572 715 1636 solas,
744 1572 847 1627 sed
875 1576 1165 1645 tanquam
1198 1574 1424 1629 cieteris
1452 1588 1588 1646 quas
1617 1588 1756 1627 cum
1797 1572 1879 1627 eis
1910 1576 2080 1626 erant
2109 1571 2194 1625 in-

534 1660 823 1733 signiores
841 1677 855 1728 ;
872 1664 1099 1717 Marcus
1111 1667 1311 1717 autem
1324 1662 1503 1719 etiam
1516 1660 1872 1733 signiﬁcavit
1887 1660 2155 1717 Salomen
2178 1676 2192 1727 ;

538 1751 726 1805 Lucas
744 1765 883 1806 vero
902 1750 1179 1807 Salomen
1192 1751 1441 1823 quidem
1456 1750 1689 1822 absque
1708 1766 1776 1804 ex
1788 1765 1991 1821 presso
2006 1750 2196 1804 nomi-

534 1854 610 1894 ne
641 1839 891 1911 reliquit,
935 1839 1332 1895 manifestavit
1362 1845 1563 1896 autem
1592 1841 1913 1895 Joannem.
1948 1839 2195 1894 Addens

535 1943 674 1984 vero
695 1928 801 1984 :Et
816 1934 1041 1986 caeteras
1055 1944 1188 2001 quas
1198 1944 1330 1986 cum
1346 1930 1425 1986 eis
1441 1934 1638 1995 erant,
1655 1928 1950 1997 signiﬁcat
1963 1934 2019 1983 et
2035 1928 2199 1984 Salo-

540 2031 699 2083 men,
727 2022 784 2073 et
811 2016 1270 2091 aliasquasdam
1290 2019 1359 2072 9'.
1379 2020 1512 2074 Post
1532 2018 1756 2073 dictam
1777 2019 1978 2089 itaque
1994 2017 2198 2072 mulie-

536 2121 671 2161 rum
705 2106 1221 2162 enumerationem
1252 2122 1492 2161 rursum
1523 2106 1836 2177 subjunxit
1869 2107 2090 2161 Lucas:
2120 2107 2198 2161 Et

540 2195 668 2252 visa
696 2201 834 2250 sunt
865 2210 1065 2252 coram
1094 2196 1215 2251 illis
1233 2200 1522 2266 tanquam
1544 2195 2000 2251 deliramenlum
2023 2196 2201 2251 verba

532 2297 769 2353 carum,
801 2299 905 2341 nec
941 2284 1323 2342 crediderunt
1351 2285 1488 2354 ipsis
1528 2286 1596 2337 9°.

611 2371 759 2428 Hinc
782 2387 926 2443 ergo
953 2378 1200 2429 sumunt
1218 2373 1473 2438 initium,
1497 2389 1631 2446 quas
1655 2371 1731 2428 de
1760 2372 1941 2429 Maria
1967 2374 2200 2442 Magda-

538 2462 671 2520 lene
693 2462 852 2518 solus
872 2463 1106 2535 scripsit
1130 2464 1411 2529 Joannes,
1438 2463 1619 2519 veluti
1652 2478 1722 2519 ea
1746 2478 2009 2534 quorum
2036 2464 2203 2534 apud

538 2552 801 2625 reliquos
832 2552 997 2609 nulla
1024 2558 1113 2609 est
1141 2553 1293 2609 facta
1330 2554 1553 2609 mentio
1579 2555 1648 2606 ⁸⁷.
1693 2554 1847 2619 Quia
1872 2554 2033 2608 enim
2072 2554 2201 2609 visa

541 2646 682 2697 sunt
704 2656 908 2697 coram
929 2640 1215 2715 apostolis
1244 2647 1536 2715 tanquam
1567 2642 2031 2698 deliramentum
2062 2657 2197 2698 ver-

541 2730 624 2786 ba
652 2730 1018 2787 mulierum:
1064 2730 1199 2804 ipsa
1237 2732 1509 2802 cogitans
1554 2730 1711 2787 intra
1752 2748 1813 2787 se
1859 2733 2023 2803 quod
2068 2748 2201 2788 vere

544 2819 810 2891 deceptas
841 2825 1059 2886 essent,
1080 2820 1357 2893 quodque
1379 2836 1483 2893 per
1505 2820 1891 2893 phantasiam
1913 2821 2205 2877 vidissent

544 2923 681 2981 quas
721 2908 1013 2974 viderant,
1047 2913 1105 2964 et
1133 2908 1440 2966 audissent
1466 2925 1604 2982 quae
1636 2909 1952 2965 audierant
1984 2910 2203 2982 (neque

546 2998 706 3054 enim
744 2996 910 3053 aliter
946 3002 1238 3071 tanquam
1286 2998 1750 3055 deliramentum
1794 3000 2207 3070 apparuissent

546 3086 980 3143 cordatioribus
1019 3070 1089 3143 et
1116 3087 1602 3160 sapientioribus)
1649 3103 1770 3144 non
1807 3088 2055 3161 quievit,
2099 3090 2205 3144 sed
2251 3070 2292 3126 (ἶ

548 3172 680 3233 sola
692 3176 961 3249 protinus
972 3177 1052 3233 ad
1065 3182 1527 3234 monumentum
1547 3178 1825 3243 cucurrit,
1847 3193 1985 3233 cum
2006 3177 2207 3233 adhuc

544 3267 807 3323 tenebras
822 3270 1040 3333 essent,
1054 3268 1300 3339 opinata
1319 3266 1487 3338 quod
1518 3267 1719 3339 ipsum
1746 3267 2022 3322 clausum
2054 3270 2210 3322 esset

546 3359 871 3428 repertum.
895 3355 1118 3411 Videns
1147 3360 1349 3411 autem
1380 3356 1541 3429 quod
1574 3355 1845 3411 sublatus
1870 3361 2025 3412 esset
2050 3356 2205 3427 lapis

548 3463 587 3502 α
618 3449 1032 3510 monumento,
1079 3444 1225 3501 nihil
1268 3445 1539 3500 meminit
1582 3460 1812 3509 eorum,
1860 3460 1996 3516 quae
2043 3445 2208 3517 prius

549 3534 706 3590 facta
751 3532 1007 3599 fuerant,
1044 3536 1249 3605 utpote
1290 3533 1731 3589 renuntiatione
1770 3550 1959 3606 quam
2003 3534 2077 3589 de
2118 3534 2210 3589 his

551 3622 790 3690 fecerat,
807 3638 845 3679 a
859 3623 1168 3695 discipulis
1185 3622 1509 3694 reprobata
1535 3639 1548 3677 :
1568 3623 1877 3694 suspicata
1900 3630 1987 3679 est
2008 3628 2209 3679 autem

554 3712 983 3784 transpositum
1036 3726 1165 3768 esse
1211 3727 1430 3784 corpus
1472 3727 1509 3769 a
1560 3712 1781 3784 Joseph
1829 3712 1890 3769 in
1937 3713 2210 3769 tutiorem

554 3802 777 3857 locum.
810 3800 1003 3857 Currit
1026 3815 1169 3871 ergo
1194 3806 1251 3857 et
1275 3802 1434 3858 venit
1455 3801 1536 3857 ad
1567 3801 1872 3859 Simonem
1903 3804 2136 3859 Petrum
2159 3808 2215 3859 et

557 3891 636 3946 ad
677 3890 863 3946 alium
900 3890 1262 3963 discipulum
1291 3906 1475 3963 quem
1515 3890 1799 3961 diligebat
1827 3894 2015 3959 Jesus,
2050 3897 2107 3947 et
2136 3892 2215 3948 ait

556 3979 705 4035 illis:
747 3980 1038 4035 Tulerunt
1069 3980 1376 4036 Dominum
1399 3996 1593 4037 meum
1629 3981 1702 4037 de
1728 3987 2130 4050 monumento,
2159 3987 2214 4037 et

558 4068 850 4125 nescimus
876 4069 981 4125 ubi
1013 4075 1335 4141 posuerunt
1383 4085 1536 4135 eum,
1583 4075 1717 4135 etc.,
1747 4086 1884 4142 quas
1937 4072 2216 4143 deinceps

558 4158 711 4214 facta
742 4163 901 4224 sunt,
936 4159 1084 4215 sicut
1113 4158 1352 4231 scripsit
1387 4160 1653 4215 Joannes
1679 4160 1747 4211 93.

634 4250 1113 4305 Demonstratum
1138 4253 1225 4304 est
1249 4248 1427 4317 igitur
1451 4264 1636 4305 unam
1657 4264 1787 4304 esse
1813 4249 1978 4319 apud
2006 4265 2218 4305 omnes
2252 4257 2297 4311 D

558 4337 959 4408 evangelistas
980 4337 1389 4407 concordiam,
1412 4342 1468 4393 et
1487 4352 1705 4411 corpus
1724 4338 1985 4395 historias
2003 4355 2217 4409 unum,

559 4428 744 4484 rebus
780 4427 995 4483 scilicet
1031 4427 1409 4483 convenienti
1446 4428 1655 4484 ordine
1691 4429 2003 4484 enarratis.
2047 4429 2220 4493 Quod

562 4515 725 4571 enim
762 4515 861 4571 hic
902 4515 1271 4586 evangelista
1303 4517 1603 4589 praeteriit,
1633 4517 1745 4573 hoc
1774 4518 1869 4573 ille
1895 4517 1976 4573 ita
2014 4518 2222 4574 divina

564 4605 921 4675 disponente
950 4605 1141 4675 gratia
1169 4605 1337 4670 dixit,
1365 4609 1429 4662 ut
1456 4605 1633 4663 etiam
1664 4606 1806 4664 hinc
1833 4608 2220 4663 manifestum

567 4708 699 4749 esse
728 4693 930 4764 possit,
962 4693 1122 4765 quod
1142 4709 1267 4750 non
1291 4710 1363 4751 ex
1389 4696 1723 4768 composito
1753 4702 1857 4752 aut
1879 4702 2053 4768 pacto
2075 4696 2223 4753 scri-

566 4782 815 4857 pserint.

644 4892 803 4947 Vers.
826 4891 913 4946 16.
954 4891 1231 4947 Undecim
1260 4908 1396 4949 vero
1418 4924 1486 4933 —
1510 4892 1837 4949 Galilaeam.
1865 4894 2000 4949 Non
2024 4894 2222 4949 statim

568 4979 845 5036 abierunt
888 4978 949 5035 in
990 4980 1308 5047 Galilaeam,
1352 4981 1652 5054 siquidem
1694 4983 1753 5037 in
1785 4983 1917 5054 ipso
1963 4982 2061 5039 die
2101 4998 2223 5055 quo

2297 582 2384 636 οὖν
2432 589 2591 636 κακὸν
2634 588 2787 644 ὅντως
2836 587 2863 642 ἡ
2915 584 3250 658 φιλαργυρία,
3311 589 3401 635 καὶ
3446 584 3674 657 μεγάλων
3730 593 3891 635 κακῶν

2299 675 2458 727 αἰτία,
2522 679 2686 745 Λόγον
2738 671 2796 726 δὲ
2848 671 3269 745 ὃιαφημισθέντα
3306 675 3463 744 λέγει,
3507 678 3589 725 τὸν
3650 679 3765 744 περὶ
3807 682 3891 724 τοῦ

2298 764 2558 822 κλαπῆναι
2614 764 2787 817 αὐτὸν.
2848 764 2906 815 Ὀ
2966 761 3024 816 δὲ
3070 771 3262 824 Λουκᾶς
3322 769 3440 837 περὶ
3488 772 3585 815 των
3644 771 3893 833 γυναικῶν

2300 852 2454 918 εἶπεν,
2513 856 2594 905 ὅτι
2665 858 2764 906 Καὶ
2835 854 3237 928 ὑποστρέψασαι
3311 853 3410 904 ἀπὸ
3483 861 3574 904 του
3630 858 3893 924 μνημείου,

2299 942 2618 1014 ἀπήγγειλαν
2676 951 2843 996 ταῦτα
2890 946 3060 995 πάντα
3100 951 3209 1005 τοῖς
3264 939 3448 996 ἓνὸεκα
3502 948 3591 994 καὶ
3627 948 3759 995 πᾶσι
3796 950 3897 1003 τοῖς

2299 1031 2518 1096 λοιποῖς,
2564 1036 2743 1103 ἤγουν,
2784 1039 2893 1094 τοῖς
2938 1032 3316 1105 ἐϐδομήκοντα.
3372 1032 3498 1083 Εἶτα
3540 1030 3901 1105 ἀπαριθμείται

2300 1124 2492 1181 ταύτας
2533 1121 2712 1192 λέγων·
2760 1121 2929 1174 ἾΙσαν
2974 1121 3032 1175 δε
3092 1125 3117 1180 η
3180 1118 3505 1191 Μαγδαληνὴ
3565 1124 3761 1195 Μαρία,
3818 1125 3903 1171 καὶ

2303 1212 2533 1277 Ἰωοίννα,
2578 1216 2667 1263 καὶ
2710 1216 2889 1283 Μαρία
2948 1212 3023 1283 (7)
3080 1213 3109 1269 ἡ
3170 1208 3445 1277 Ἰακώϐου,
3498 1215 3587 1262 καὶ
3636 1212 3689 1260 αἱ
3735 1209 3903 1261 λοιπαί

2306 1305 2399 1352 σὺν
2480 1300 2682 1369 αὑταῖς,
2782 1301 2834 1352 αἲ
2911 1301 3081 1373 ἔλεγον
3175 1304 3302 1373 πρὸς
3380 1304 3501 1361 τοὺς
3594 1299 3903 1359 ἀποστόλους

2302 1398 2489 1443 ταῦτα.
2526 1389 2679 1442 Ἀλλά
2718 1392 2984 1453 Μαι-θαίος
3038 1394 3125 1461 μεν
3171 1394 3371 1462 Μαρίαν
3420 1394 3513 1447 τὴν
3558 1385 3905 1459 Μαγδαληνὴ-ν

2304 1484 2393 1531 καὶ
2440 1484 2647 1545 Μαρίαν
2697 1485 2791 1537 τὴν
2834 1488 2925 1532 τοῦ
2976 1480 3223 1533 Ἰακώϐου
3278 1485 3366 1531 καὶ
3412 1480 3563 1537 Ἰωσῆ
3610 1478 3901 1552 ἀνέγραψεν·

2306 1569 2410 1640 οὔχ
2460 1568 2524 1628 ὡς
2566 1573 2745 1641 μόνας.
2786 1569 2893 1621 ἀλλ’
2938 1572 3002 1630 ὡς
3032 1569 3409 1643 ἐπισημοτέρας
3444 1577 3544 1620 τῶν
3574 1572 3666 1620 σὺν
3713 1566 3905 1626 adrui:

2307 1661 2519 1732 Μάρκος
2579 1654 2638 1711 δὲ
2690 1664 2779 1711 καὶ
2828 1664 2921 1717 τὴν
2998 1658 3244 1731 Σαλώμην
3290 1655 3542 1716 ἐδήλωσε·
3600 1662 3799 1716 Λουκᾶς
3856 1652 3909 1708 δὲ

2308 1754 2402 1806 τὴν
2455 1752 2545 1820 μεν
2596 1748 2842 1819 Σαλώμην
2900 1748 3251 1820 ἀνονομαστον
3312 1746 3527 1819 ἀφῆκεν,
3579 1744 3810 1804 ἐδήλωσε
3857 1742 3911 1797 δὲ

2312 1838 2389 1909 (8)
2443 1843 2536 1896 τὴν
2593 1838 2851 1891 Ἰωάνναν⁶
2910 1840 3159 1913 προσθεὶς
3211 1834 3287 1902 δὲ,
3344 1838 3424 1889 ὅτι
3483 1842 3584 1890 Καὶ
3634 1839 3687 1888 αἱ
3742 1835 3913 1888 λοιπαί

2314 1931 2407 1979 σὺν
2448 1928 2648 1991 αὐταῖς,
2692 1926 2920 1999 ἐνέφηνεν
2952 1928 3114 1985 αὐτην
3144 1947 3199 1980 τε
3233 1936 3326 1985 τῆν
3368 1926 3617 1998 Σαλώμην
3649 1930 3738 1978 καὶ
3768 1925 3913 1984 ἄλλας

2312 2018 2474 2078 τινας.
2554 2020 2699 2071 Μετὰ
2767 2022 2941 2088 μέντοι
3014 2022 3107 2075 τὴν
3189 2017 3460 2090 εἰρημένην
3497 2025 3598 2068 τῶν
3668 2023 3915 2086 γυναικῶν

2315 2105 2699 2180 ἀπαρίθμησιν,
2762 2106 2993 2178 ἐπήγαγε
3067 2108 3219 2158 πάλιν
3293 2108 3318 2157 ὁ
3394 2112 3627 2169 Λουκᾶς,
3685 2108 3762 2157 ὅτι
3824 2108 3917 2156 Καὶ

2315 2195 2575 2268 ἐφάνησαν
2605 2195 2816 2248 ἐνώπιον
2867 2196 3033 2248 αὐτῶν
3062 2202 3186 2248 ώσει
3210 2195 3363 2269 λῆρος
3392 2199 3459 2247 τὰ
3487 2197 3704 2271 ῥήματα
3736 2194 3915 2259 αὐτων,

2314 2291 2405 2337 καὶ
2433 2288 2688 2343 ἠπίστουν
2720 2285 2924 2348 αὐταῖς.

2388 2376 2444 2395 ,η
2544 2383 2562 2391 -
2745 2372 2764 2390 ν
2860 2376 2882 2389 ..
3202 2376 3213 2389 .
3378 2380 3386 2393 .
3585 2379 3594 2392 .
3872 2380 3887 2389 .

2405 2376 2650 2429 Εντευθεν
2708 2396 2797 2426 ουν
2847 2394 3107 2450 αρχονται
3159 2394 3226 2427 τα
3278 2394 3394 2449 περι
3447 2382 3654 2447 Μαριας
3712 2373 3788 2445 (9)
3832 2391 3922 2431 της

2316 2462 2693 2535 Μαγδαληνῆς,
2742 2464 2776 2516 ἃ
2822 2466 3028 2537 μότοςὸ
3071 2465 3310 2525 Ἰωάννης
3366 2466 3665 2539 ἱστόρησεν,
3726 2466 3793 2524 ὡς
3838 2465 3921 2512 καὶ

2315 2554 2450 2606 αὐτά
2508 2556 2618 2625 (10)
2688 2559 2759 2627 μὴ
2833 2556 3248 2626 μνημονευθέντα
3326 2556 3474 2628 παρά
3543 2561 3656 2616 τοίς
3735 2552 3920 2611 ἀλλοις.

2316 2644 2457 2696 Ἐπεὶ
2503 2646 2605 2716 γὰρ
2673 2644 2934 2716 ἐφάνησαν
2989 2642 3202 2695 ἐνώπιον
3271 2652 3367 2696 τῶν
3433 2642 3739 2696 ἀποστόλων
3806 2643 3922 2692 ὡσεὶ

2315 2732 2478 2805 λῆρος
2547 2736 2611 2785 τὰ
2680 2735 2893 2807 ῥήματα
2956 2742 3055 2784 τῶν
3109 2742 3389 2805 γυναικῶν·
3432 2734 3570 2790 αὕτη
3611 2733 3918 2803 λογισαμένη

2314 2824 2435 2874 καθ’
2512 2823 2720 2889 ἑαυτὴν,
2801 2825 2881 2875 ὅτι
2949 2824 3103 2885 ὄντως
3174 2824 3546 2893 ἠπατήθησαν,

2316 2917 2504 2964 τασίαν
2571 2910 2803 2982 ἰδοῦσαι,
2874 2914 2976 2963 ὅσα
3042 2909 3199 2979 εἶδον,

3628 2824 3763 2874 κατὰ
3811 2839 3924 2891 φαν-

3274 2917 3364 2965 καὶ
3438 2911 3766 2979 ἀκούσασαι,
3833 2912 3927 2960 ὅσα

2318 3006 2571 3061 ἤκουσαν.
2631 3003 2689 3055 οὐ
2746 3005 2846 3075 γάρ
2894 3002 2953 3054 ἀν
3006 3005 3130 3055 ὡσεὶ
3186 3003 3339 3076 λῆρος
3403 3011 3577 3055 ταυτα
3629 3010 3739 3063 τοῖς
3812 3018 3924 3051 συν-

2320 3097 2580 3166 ετωτέροις
2655 3091 2934 3163 ἐφάνησαν·
3012 3092 3103 3143 οὐκ
3188 3092 3472 3166 ἠρέμησεν,
3558 3090 3665 3143 ἀλλ’
3747 3089 3930 3141 αὐτίκα

2320 3186 2449 3254 μόνη
2503 3179 2725 3256 ἔδραμεν
2787 3180 2871 3234 ἐπὶ
2913 3184 2972 3233 τὸ
3027 3189 3299 3254 μνημεῖον,
3342 3187 3563 3245 σκοτίας
3618 3185 3698 3234 ἔτι
3748 3183 3928 3243 οὔσης,

2320 3269 2679 3347 προσδοκῶσα
2736 3271 3089 3343 κεκλεισμένον
3170 3273 3332 3343 εὑρεῖν
3404 3271 3555 3324 αὐτὸ·
3643 3274 3928 3341 θεασαμένη

2322 3360 2381 3415 δὲ
2438 3366 2521 3415 τὸν
2574 3362 2714 3414 λίθον
2772 3363 2990 3435 ἠρμένον
3057 3360 3111 3412 ἐκ
3159 3370 3249 3413 τοῦ
3312 3366 3596 3433 μνημείου,
3642 3357 3793 3413 οὐδὲν
3848 3362 3932 3419 μὲν

2322 3452 2617 3525 ἀνεμνήσθη
2733 3459 2833 3503 τῶν
2935 3454 3405 3525 προγεγενημένων,
3502 3454 3572 3511 ὡς
3684 3446 3932 3502 ἀποδοκι-

2320 3544 2618 3615 μασθείσης
2674 3548 2761 3601 τῆς
2831 3546 2947 3614 περὶ
3012 3540 3125 3612 (Η)
3203 3540 3370 3591 αὐτῶν
3440 3539 3770 3612 ἀπαγγελίας
3838 3539 3933 3589 ὑπὸ

2322 3642 2420 3685 τῶν
2479 3634 2745 3704 μαθητῶνσ
2798 3629 3019 3702 ὑμέ).αϐε
3066 3628 3125 3682 δὴ
3173 3631 3444 3701 μετατεθὲν
3493 3630 3610 3702 (12)
3671 3634 3729 3682 τὸ
3787 3636 3939 3699 σῶμα

2733 3459 2833 3503 τῶν

2320 3724 2463 3795 παρα
2518 3730 2609 3773 του
2670 3720 2861 3791 Ἰωσὴφ
2920 3719 2991 3781 εἰς
3055 3724 3212 3771 τόπον
3278 3718 3693 3796 ἀσφαλέστερον.
3750 3720 3937 3792 Τρέχει

2324 3808 2431 3875 οὖν,
2481 3816 2571 3862 καὶ
2620 3812 2833 3882 ἔρχεται
2886 3812 3011 3883 πρὸς
3053 3813 3258 3881 Σίμωνα
3301 3813 3517 3883 Πέτρον,
3553 3815 3645 3862 καὶ
3695 3811 3828 3881 πρὸς
3854 3809 3938 3858 τὸν

2325 3901 2474 3953 ἄλλον
2532 3902 2788 3972 μαθητὴν,
2832 3900 2886 3951 ὃν
2943 3898 3104 3970 ἐφίλει
3156 3900 3181 3950 ὸ
3231 3899 3460 3962 Ἰησοῦς,
3516 3904 3609 3951 καὶ
3664 3899 3801 3970 λέγει
3855 3895 3939 3946 αὖ·

2329 3999 2446 4051 τοῖς·
2512 3991 2678 4063 Ἦραν
2726 3992 2810 4042 τὸν
2867 3991 3056 4062 Κύριον
3105 3987 3157 4040 ἐκ
3217 3996 3307 4041 τοῦ
3364 3994 3650 4061 μνημείου,
3708 3993 3799 4040 καὶ
3852 3985 3943 4039 οὐκ

2327 4078 2542 4153 οἳδαμεν
2564 4088 2665 4132 ποῦ
2690 4081 2878 4137 ἔθηκαν
2912 4078 3084 4131 αὐτόν.
3113 4083 3212 4131 Καὶ
3233 4080 3298 4129 τὰ
3323 4077 3442 4139 ἑξῆς
3470 4083 3781 4150 γεγόνασιν,
3814 4079 3883 4137 ὡς
3921 4077 3945 4125 ὁ

2328 4171 2567 4230 Ἰωάννης
2592 4168 2805 4244 ἔγραψε.

2401 4257 2670 4314 Δέδεικται
2733 4264 2901 4311 τοίνυν
2964 4258 3187 4330 ἁρμονία
3246 4261 3344 4328 μία
3421 4261 3569 4330 ποίρά
3639 4264 3778 4311 πᾶσι
3848 4262 3951 4314 τοῖς

2330 4349 2741 4421 εὐαγγελισταῖς,
2820 4353 2909 4400 καὶ
2984 4356 3137 4419 σῶμα
3215 4355 3312 4405 τῆς
3389 4349 3658 4420 ἱστορίας,
3745 4347 3815 4408 ἓν,
3868 4346 3952 4397 οἷα

2329 4449 2427 4492 τῶν
2483 4441 2653 4513 ῥητῶν
2705 4440 2840 4490 κατά
2893 4442 2985 4495 τὴν
3040 4440 3416 4507 προσήκουσαν
3477 4437 3633 4500 τάξιν
3703 4437 3951 4510 ἑρμηνευ-

2332 4533 2535 4583 θέντων.
2585 4534 2649 4579 Ὂ
2693 4530 2793 4600 γὰρ
2841 4528 2986 4587 οὗτος
3024 4534 3252 4599 παρῆκεν
3294 4527 3320 4576 ὁ
3359 4525 3765 4597 εὐαγγελιστης,
3798 4533 3951 4578 τοῦτο

2776 4618 2907 4669 οὕτω
2936 4626 3030 4677 τῆς
3062 4618 3197 4676 θείας
3235 4618 3458 4689 χάριτος
3494 4617 3952 4689 οἰκονομησάσης,

2334 4714 2416 4763 ἶνα
2457 4709 2725 4762 κάντεῦθεν
2789 4712 2866 4765 έῐη
2942 4704 3119 4769 δῆλον,
3191 4708 3261 4767 ὡς
3320 4705 3415 4756 οὐκ
3480 4705 3537 4757 ἐκ
3612 4710 3954 4779 συνθήματος

2332 4800 2589 4875 ἔγραψαν.

2406 4893 2473 4943 Οἱ
2525 4887 2582 4943 δὲ
2630 4885 2814 4941 ἕνδεκα
2873 4919 2926 4927 -
3008 4885 3303 4938 Γαλιλαίαν.
3358 4883 3467 4935 Οὐκ
3521 4885 3679 4947 εὐθὺς
3745 4885 3952 4960 ἐπορεύ-

2331 4620 2513 4680 ἒκεῖνος
2550 4618 2682 4671 εἶπεν
2716 4635 2729 4649 ⁸

2335 4984 2523 5039 θησαν.
2561 4983 2662 5033 Καὶ
2703 4980 2802 5051 γὰρ
2849 4976 2896 5029 ἐν
2945 4976 3074 5048 αὐτῇ
3122 4982 3183 5047 τῇ
3236 4976 3425 5046 ἡμέρᾳ,
3480 4976 3605 5026 καθ’
3652 4976 3718 5035 ἣν
3768 4974 3954 5029 ἀνέστη

640 5160 687 5197 ⁹¹
748 5159 889 5217 Luc.
940 5174 1103 5227 xxxv,
1169 5163 1223 5215 9.
1274 5161 1322 5196 ⁸³
1362 5158 1510 5217 Ibid.
1570 5161 1659 5215 10.
1716 5162 1762 5196 9³
1821 5161 2018 5227 Matth,
2080 5178 2204 5217 xxv;

2342 5162 2469 5228 4,“
2519 5161 2693 5217 Marc.
2750 5174 2866 5223 xiv,
2922 5156 2973 5210 1.
3024 5155 3165 5211 Luc.
3225 5170 3377 5210 xxiv.
3427 5157 3510 5209 10.
3566 5156 3619 5187 9°
3664 5153 3818 5211 ibid.
3874 5154 3959 5208 11.

570 5250 614 5283 ’τ
647 5248 821 5307 Joan.
842 5264 943 5316 xx,
977 5249 1002 5303 1
1029 5263 1198 5321 seqq.
1276 5249 1325 5285 ⁸⁸
1352 5248 1502 5305 Ibid.
1536 5248 1569 5303 2
1602 5265 1772 5323 seqq.

1796 5427 2019 5497 Variae
2051 5429 2378 5498 lectiones
2407 5437 2474 5495 et
2503 5436 2707 5494 notae.

641 5622 721 5706 (Ζ)
748 5619 829 5706 Ἦν
848 5621 1056 5706 ,δδθὲε

664 5694 699 5747 8
754 5697 877 5760 Καί,
917 5694 1085 5751 addit
1120 5697 1187 5750 Α.

640 5693 722 5836 ὶθζ
762 5769 987 5839 Μαρίας,
1025 5766 1195 5823 abest
1229 5768 1295 5821 Α.

2405 5625 2519 5694 (10)
2558 5627 2661 5688 Μή,
2695 5620 2911 5694 omittit
2936 5621 2994 5674 Β.

2408 5692 2522 5767 (11)
2564 5697 2689 5767 Περὶ
2718 5692 2873 5767 αυτὸν
2904 5694 2973 5767 Α.

2406 5765 2519 5837 (12)
2558 5765 2921 5820 Μετατεθεῖναι
2943 5766 3009 5820 Α.
