4096 6384
246 382 344 436 761
1124 381 1494 438 COMMENT.
1538 380 1608 435 ΙΝ
1648 375 1859 433 MATTI

1983 375 2083 431 JM.
2126 408 2194 417 —
2234 377 2387 432 CAP.
2434 377 2685 432 XXVIII.

247 536 304 583 ἐκ
383 542 593 605 νεκρῶν,
666 535 811 606 ὤφθη
896 535 1088 600 αὐτοῖς,
1162 531 1308 587 οὖσιν

250 621 454 693 σαλημ.
541 627 641 675 Καὶ
731 631 883 675 τοῦτο
959 623 1267 696 ἐμφαίνουσι
1338 626 1426 694 μὲν
1480 627 1569 673 xui
1650 622 1860 692 Μάρκος

248 716 340 763 καὶ
421 718 657 772 Λουκοὶς.
744 718 1091 788 Φανερώτερον
1177 710 1235 765 δὲ
1318 716 1512 765 τούτων
1586 713 1860 783 ἱστόρησεν

247 802 521 862 Ἰωάννης.
588 804 732 854 Μετά
804 806 906 876 γὰρ
965 806 1023 855 τὸ
1091 802 1423 875 ὑποστρέψαι
1478 805 1609 877 πρὸς
1676 799 1863 859 αύτούς

250 894 460 965 Μαρίαν
518 895 606 948 τὴν
658 888 1035 964 Μαγδαληνὴν,
1096 898 1257 966 φησὶν
1323 894 1403 944 ότι
1466 890 1645 952 Ούσης
1710 888 1863 961 ὀψίας

251 987 314 1051 τῇ
371 981 543 1055 ἡμέρᾳ
590 979 777 1055 ἐκείνη,
836 990 898 1055 τῇ
960 988 1058 1055 μιᾷ
1115 991 1215 1035 τῶν
1266 981 1561 1048 Σαϐϐάτων,
1620 984 1709 1033 καὶ
1764 988 1862 1032 τῶν

254 1070 423 1142 θυρῶν
526 1069 915 1143 κεκλεισμένων,
1014 1073 1143 1124 ὅπου
1242 1070 1376 1130 ἦσαν
1480 1072 1529 1123 οἱ
1628 1071 1862 1143 μαθηταὶ

256 1160 380 1215 θυνη
390 1160 689 1233 θροισμένοι
774 1161 885 1231 (13)

254 1244 439 1313 δαίων,
512 1245 661 1307 ἦλθεν
716 1251 742 1300 ὁ
801 1249 1006 1312 Ἰησοῦς
1066 1256 1155 1303 καὶ
1212 1253 1337 1309 ἔστη
1414 1250 1485 1312 εἰς
1551 1253 1608 1302 τό
1681 1254 1858 1322 μέσον,

968 1157 1063 1213 διὰ
1140 1165 1227 1214 τόν
1306 1160 1459 1234 φόϐον
1542 1168 1644 1212 τῶν
1727 1161 1861 1212 Ἰου-

248 1341 341 1387 καὶ
397 1335 532 1408 λέγει
588 1338 781 1401 αὐτοῖς,
840 1339 1031 1413 Εἰρήνη
1090 1341 1235 1413 ὑμῖν,
1310 1344 1409 1393 Καὶ
1467 1347 1620 1391 τοῦτο
1682 1339 1856 1402 εἰπών,

250 1423 443 1489 ἔδειξεν
498 1428 678 1490 αὐτοῖς
724 1430 819 1491 τάς
867 1437 1054 1504 χεῖρας
1101 1436 1191 1483 καὶ
1236 1435 1330 1489 τὴν
1382 1430 1605 1504 πλευρὰν
1648 1432 1857 1502 Κύριον,

248 1521 341 1567 καὶ
370 1518 437 1568 τά
470 1516 553 1579 ἐξῆ
565 1539 607 1579 ς.

326 1605 487 1665 Δῆλον
527 1604 637 1676 οὖν,
679 1609 760 1660 ὅτι
794 1609 1009 1684 ὕστερον
1054 1608 1411 1684 ἐπορεύθησαν
1460 1609 1526 1670 εἰς
1565 1613 1660 1668 τήν
1701 1608 1858 1661 Γαλι-

248 1695 423 1748 λαίαν.
500 1696 613 1748 Οὐκ
668 1696 925 1768 ἐψεύσατο
1002 1696 1080 1767 δὲ,
1154 1702 1327 1762 καθὼς
1402 1698 1631 1761 ἀνοήτως
1697 1699 1859 1769 ἔλεγεν

250 1786 278 1836 ό
328 1784 634 1859 παραϐάτης
688 1786 981 1851 Ἰουλιανός,
1032 1787 1080 1840 ἐν
1134 1797 1193 1861 τῇ
1256 1788 1505 1861 Γαλιλαία
1555 1792 1646 1861 μὲν
1692 1789 1859 1860 ὀφθῆ-

247 1894 335 1926 ναι
397 1883 505 1935 τοίς
552 1878 815 1947 μαθηταῖς
866 1878 1318 1951 ἐπαγγειλάμενος,

252 1960 313 2016 δε
388 1967 595 2027 τούτοις
673 1965 865 2038 ὀφθείς·
940 1966 1046 2019 ἀλλ’
1113 1968 1380 2043 ἐπλήρωσε
1438 1971 1527 2039 μεν
1601 1974 1692 2021 καὶ
1766 1974 1860 2027 τὴν

249 2056 503 2112 τοιαύτην
560 2053 890 2127 ἐπαγγελίαν,
944 2057 1111 2130 ὀφθεὶς
1165 2058 1339 2120 αὐτοῖς
1380 2059 1611 2131 ὕστερον
1678 2058 1728 2109 ἐν
1794 2066 1855 2130 τῇ

248 2142 522 2216 Γαλιλαία⁶
572 2140 879 2218 ἐδωρήσατό
916 2143 975 2199 δε
1021 2153 1110 2200 καὶ
1149 2148 1323 2223 ἑτέραν
1370 2151 1553 2223 χάριν,
1598 2168 1861 2221 προεμφα-

244 2234 442 2293 νισθεὶς
494 2233 675 2296 animi;
720 2234 771 2287 ἐν
827 2234 1221 2310 Ἱεροσολύμοις,
1275 2239 1357 2290 ἵνα
1411 2244 1500 2291 xui
1555 2243 1651 2295 τὴν
1692 2238 1858 2297 λύπην

247 2320 418 2372 αὐτῶν
464 2321 622 2391 λύση,
678 2328 765 2376 καὶ
810 2323 1077 2400 βεϐαιώσῃ
1134 2331 1253 2389 τοὺς
1301 2327 1485 2400 λόγους
1532 2336 1632 2381 τῶν
1680 2348 1857 2400 γυναι-

247 2419 371 2477 κῶν,
416 2416 507 2463 xui
534 2421 634 2464 τῶν
682 2412 846 2465 ἄλλων
889 2424 988 2467 τῶν
1037 2413 1250 2469 ἰδόντων
1295 2418 1451 2469 αὑτὸν
1497 2418 1853 2493 ἐγηγερμένον.

322 2499 380 2550 ’0
410 2503 501 2573 μὶν
546 2498 633 2553 οὖν
679 2506 945 2565 Ματθαῑος
984 2513 1186 2579 παρῆκε
1225 2510 1289 2558 τὰ
1328 2511 1492 2579 μέχρι
1531 2516 1622 2560 τοῦ
1666 2527 1858 2579 πορευ-

251 2591 407 2647 θῆναι
456 2595 580 2653 τοὺς
625 2594 867 2665 μαθητάς
918 2594 991 2656 εἰς
1038 2600 1132 2653 τὴν
1181 2595 1475 2649 Γαλιλαὶαν’
1524 2600 1572 2649 οἰ
1617 2594 1666 2649 δ’
1715 2596 1861 2650 οἷλλοι

250 2679 620 2751 εὐαγγελισταὶ
684 2687 774 2736 xui
831 2692 998 2737 ταῦτα
1054 2686 1383 2761 συνέγραψαν
1445 2687 1576 2758 (14)·
1647 2689 1861 2761 Μάρκος

248 2771 340 2840 μὲν
410 2769 793 2846 ἐπιτομότερονο
863 2780 1071 2837 Λουκᾶς
1143 2772 1221 2842 δὲ,
1287 2775 1622 2850 πλατύτερον⁸
1692 2779 1859 2830 Ἰωάν·

246 2877 340 2919 νης
374 2855 451 2924 δὲ,
486 2856 932 2936 διεξοδικώτερον.

326 2948 413 3008 Εἰς
476 2979 540 2990 —
600 2951 826 3013 Ἰησοῦς.
896 2954 973 3005 Οὗ
1035 2952 1247 3017 ἐτάξατο
1312 2955 1509 3023 αὐτοῖς,
1579 2956 1690 3009 ἀντὶ
1743 2965 1855 3024 τοῦ,

244 3036 419 3093 Ὀπου
497 3038 771 3094 ἐνετείλατο
850 3042 1024 3104 αὐτοῖς
1096 3041 1189 3097 διὰ
1262 3054 1361 3097 τῶν
1428 3056 1709 3118 γυναικῶν,
1795 3051 1859 3109 ὡς

246 3132 580 3200 προείρηται,
638 3133 973 3204 πορευθῆναι’
1057 3137 1087 3193 ἦ
1149 3136 1277 3188 ὅπου
1336 3137 1601 3209 ὑπέσχετο
1658 3138 1855 3203 αὐτοῖς,

3528 379 3633 434 762

1404 536 1476 585 ἔτι
1561 531 1607 583 ἐν
1677 531 1711 583 Ἰ
1722 548 1859 602 ερον-

1983 528 2287 584 resurrexit
2343 546 2379 585 a
2436 531 2686 586 mortuis
2732 531 2888 586 visus
2944 537 3032 587 est
3079 532 3182 597 eis,
3243 548 3379 586 cum
3436 538 3635 587 essent

1972 616 2169 672 adhuc
2199 618 2642 692 Hierosolymis.
2688 620 2752 674 lit
2787 622 2894 677 hoc
2934 637 3072 676 sane
3104 624 3327 677 Marcus
3359 625 3413 675 et
3445 620 3633 675 Lucas

1971 706 2292 761 ostendunt
2338 710 2385 742 ’9
2424 729 2435 773 ;
2481 710 2850 765 manifestius
2891 714 3093 765 tamen
3131 710 3221 765 his
3262 709 3497 780 scripsit
3541 711 3635 764 Jo-

1971 810 2179 850 annes.
2212 796 2533 869 Postquam
2564 799 2725 855 enim
2748 798 2825 854 ad
2848 799 3178 871 discipulos
3209 814 3448 854 reversa
3479 804 3637 854 esset

1972 885 2161 940 Maria
2188 886 2555 955 Magdalene,
2589 887 2669 944 ait
2701 904 2717 942 :
2760 888 2909 944 Cum
2940 894 3083 945 esset
3115 904 3240 944 sero
3279 888 3369 944 die
3397 888 3501 943 illo
3526 888 3637 959 qui

1972 981 2091 1030 erat
2129 990 2278 1029 unus
2315 975 2720 1043 Sabbatorum,
2762 984 2816 1034 et
2853 980 3007 1049 fores
3039 984 3217 1034 essent
3258 979 3489 1041 clausa},
3530 977 3637 1031 ubi

1972 1070 2140 1120 erant
2170 1062 2439 1136 discipuli
2475 1069 2836 1137 congregati,
2875 1075 3119 1138 propter
3155 1073 3375 1123 metum
3407 1066 3635 1121 Iudaeo-

1971 1171 2100 1210 rum
2129 1176 2140 1207 :
2166 1155 2322 1210 venit
2340 1155 2527 1220 Iesus,
2549 1158 2888 1230 stetitquein
2906 1159 3117 1219 medio.
3132 1164 3184 1214 et
3207 1158 3291 1213 ait
3317 1158 3439 1212 illis
3465 1173 3477 1210 :
3499 1157 3634 1211 Pax

1973 1244 2153 1300 vobis.
2182 1245 2445 1316 Cumque
2464 1246 2836 1311 hocdixisset,
2850 1248 3100 1303 ostendit
3126 1248 3203 1304 eis
3223 1262 3435 1303 manus
3452 1260 3524 1302 ac
3549 1246 3635 1301 la-

1974 1339 2066 1388 tus
2085 1349 2279 1390 suum.
2315 1335 2512 1392 Gavisi
2529 1344 2659 1391 sunt
2694 1352 2828 1407 ergo
2859 1337 3143 1405 discipuli
3174 1337 3294 1392 viso
3316 1336 3565 1391 Domino
3587 1335 3629 1386 ί.

2040 1582 2417 1642 Manifestum
2457 1590 2541 1641 est
2578 1586 2801 1659 itaque,
2842 1586 3008 1659 quod
3047 1585 3440 1657 postmodum
3478 1585 3639 1641 abie-

1969 1678 2110 1728 runt
2129 1675 2185 1729 in
2211 1673 2535 1732 Galileam.
2559 1679 2682 1732 Non
2707 1680 2905 1732 autem
2935 1676 3216 1732 mentitus
3237 1680 3323 1731 est
3344 1674 3634 1741 Christus,

1970 1763 2137 1834 quod
2177 1764 2349 1820 stulte
2389 1764 2532 1820 dixit
2566 1770 2839 1838 Apostata
2868 1765 3158 1831 Julianus,
3200 1763 3372 1837 quasi
3416 1765 3638 1836 promi-

1379 1878 1427 1931 ἐν
1485 1879 1859 1952 Ἰεροσολύμοις

1983 1850 2117 1907 serit
2140 1868 2202 1909 se
2232 1852 2292 1908 in
2322 1852 2561 1909 Galilaea
2591 1854 2913 1910 videndum
2946 1870 3100 1919 esse,
3134 1858 3189 1909 et
3216 1852 3635 1925 Hierosolymis

1973 1957 2034 1996 se
2062 1940 2146 1996 eis
2185 1941 2509 1998 videndum
2547 1943 2884 2015 praebuerit.
2928 1942 3042 1999 Sed
3085 1949 3140 1998 et
3178 1943 3292 1999 hoc
3322 1942 3637 2014 complevit

1972 2030 2356 2103 promissum,
2401 2033 2566 2087 visus
2604 2032 2683 2088 ab
2713 2032 2795 2088 eis
2827 2032 3209 2105 postmodum
3251 2033 3310 2087 in
3350 2031 3632 2098 Galilaea;

1971 2118 2220 2176 donavit
2244 2127 2445 2176 autem
2477 2126 2531 2176 et
2561 2121 2807 2178 alteram
2836 2122 3109 2191 gratiam,
3141 2121 3309 2193 prius
3342 2122 3426 2177 eis
3454 2137 3634 2193 appa-

1969 2223 2107 2263 rens
2138 2209 2582 2283 Hierosolymis,
2607 2216 2669 2266 ut
2699 2216 2756 2267 et
2781 2226 3099 2267 maerorem
3121 2226 3328 2266 eorum
3358 2209 3629 2277 solveret,

1970 2302 2027 2353 et
2064 2298 2385 2354 mulierum
2424 2299 2611 2354 verba
2650 2300 3042 2366 conﬁrmaret,
3085 2299 3486 2372 aliorumque,
3528 2299 3635 2371 qui

1969 2402 2109 2443 eum
2149 2388 2420 2444 viderant
2448 2394 2773 2462 postquam
2814 2393 3237 2446 resurrexerat.

2042 2476 2346 2533 Matthasus
2371 2493 2513 2548 ergo
2532 2479 2809 2551 praeteriit
2826 2495 2895 2535 ea
2916 2496 3049 2552 quae
3073 2478 3420 2534 acciderunt
3440 2477 3634 2533 donec

1971 2565 2197 2622 abirent
2235 2565 2510 2638 discipuli
2550 2568 2610 2622 in
2661 2568 3001 2635 Galilream;
3044 2569 3235 2624 centeri
3280 2584 3418 2623 vero
3458 2583 3633 2623 evan-

1971 2654 2199 2725 gelistaa
2238 2656 2417 2711 etiam
2448 2655 2546 2711 illa
2576 2658 3095 2729 conscripserunt;
3130 2660 3356 2713 Marcus
3395 2656 3635 2729 quidem

1969 2743 2213 2799 brevius
2238 2762 2250 2812 ;
2284 2744 2477 2800 Lucas
2505 2749 2707 2802 autem
2734 2746 2945 2813 latius;
2978 2748 3238 2803 Joannes
3261 2760 3404 2801 vero
3435 2745 3635 2802 adhuc

1974 2832 2185 2888 fusius.

2042 2939 2206 2997 Vers.
2252 2942 2337 2994 16.
2370 2941 2440 2995 In
2471 2972 2539 2980 —
2567 2939 2752 2997 Iesus.
2801 2943 2868 2996 In
2900 2958 3014 3013 quo
3046 2941 3347 2998 constituit
3380 2942 3480 3007 eis,
3523 2942 3635 2998 hoc

1970 3032 2077 3093 est,
2119 3028 2225 3084 Ubi
2266 3044 2373 3101 per
2410 3028 2691 3084 mulieres
2750 3031 3029 3102 praecepit
3070 3031 3155 3086 eis
3196 3036 3259 3085 ut
3298 3030 3636 3103 proﬁcisce-

1966 3122 2189 3183 rentur,
2224 3118 2378 3173 sicut
2414 3118 2767 3190 preedictum
2800 3126 2927 3185 est;
2969 3119 3062 3175 vel
3102 3120 3204 3174 ubi
3247 3120 3519 3191 promisit
3548 3120 3633 3176 eis

247 3219 333 3269 ὅτε
401 3214 527 3283 εἷπε,
602 3220 713 3291 (15)
792 3226 935 3275 Μετά
1017 3227 1075 3276 τό
1161 3224 1435 3300 ἐγερθῆναί
1473 3207 1571 3300 νέμε
1647 3228 1856 3301 προάξω

1983 3207 2216 3281 quando
2244 3207 2390 3263 dixit
2422 3224 2433 3263 :
2469 3210 2795 3279 Postquam
2826 3217 3017 3264 autem
3050 3224 3450 3274 resurrexero,
3478 3225 3633 3278 prte-

247 3308 385 3378 ὑμᾶς
428 3307 507 3369 εἰς
555 3314 644 3367 τὴν
690 3309 989 3370 Γαλίλαίαν,
1046 3315 1145 3367 Καὶ
1184 3320 1286 3385 μὴν
1322 3316 1389 3377 εἰς
1433 3317 1529 3377 τὴλ
1580 3318 1855 3371 Γαλιλαίαν

248 3396 365 3468 (16)
421 3396 635 3460 ἐτάξατο
693 3400 868 3463 αύτοίς
919 3406 1247 3478 πορευθῆναι⁹
1301 3411 1419 3481 περὶ
1467 3404 1526 3460 δὲ
1570 3417 1661 3461 τοῦ
1709 3410 1856 3482 ὅρους

248 3482 404 3538 οὐδὲν
462 3486 872 3560 ἀναγέγραπται.
940 3493 1078 3551 Πλὴν
1145 3495 1281 3558 εἰκός
1347 3498 1374 3556 ἦ
1446 3497 1602 3550 εἰπεῖν
1662 3499 1854 3563 αὐτοῖς,

248 3579 281 3632 ἦ
316 3579 550 3647 μηνύσαι
593 3584 682 3631 xui
722 3586 836 3654 περὶ
879 3585 1065 3635 τούτου
1099 3581 1192 3637 διά
1230 3594 1329 3637 τῶν
1369 3598 1648 3658 γυναικῶν,
1696 3590 1740 3642 εἰ
1768 3595 1857 3642 καὶ

245 3669 321 3735 μὴ
376 3663 785 3741 ἀναγέγραπται.
836 3669 1031 3734 Ἄλλως
1082 3692 1134 3726 τε
1183 3670 1371 3728 δὲκαὶ
1415 3680 1632 3740 σύνηθες
1680 3678 1858 3739 αὐτοῖς

247 3751 311 3811 ἧν
373 3753 552 3807 ἐκειῐνο
626 3761 684 3809 τό
754 3758 889 3832 όρος.
966 3762 1105 3815 Ἐκεῖ
1165 3767 1266 3839 γὰρ
1324 3765 1557 3837 μάλιστα
1619 3764 1713 3821 διὰ
1764 3774 1857 3827 την

243 3844 488 3915 ἡσυχίαν
519 3845 813 3907 ηύλιζοντο.

325 3938 426 3986 Καὶ
509 3931 706 4000 ἰδόντες
788 3970 857 3979 -
940 3940 1101 4011 αὐτῷ.
1173 3940 1393 4007 Ἰδόντες
1471 3947 1645 4015 αὐτόν,
1734 3948 1853 4002 ἐκεῖ·

243 4022 499 4096 προελαϐε
527 4028 650 4099 γάρ.

323 4114 391 4163 Οἱ
439 4109 496 4165 δε
538 4110 847 4171 ἐδίστασαν.
896 4123 1041 4181 Τινὲς
1088 4118 1148 4174 δε
1197 4122 1361 4175 αὐτῶν
1411 4122 1699 4180 ἐδίστασαν
1740 4135 1858 4204 περὶ

246 4200 434 4267 αὐτοῦ,
482 4201 788 4274 φοϐούμενοι
830 4212 921 4266 την
969 4209 1186 4269 πλάνην,
1250 4218 1364 4288 Χρὴ
1428 4212 1486 4267 δὲ
1533 4221 1605 4288 μὴ
1661 4200 1855 4286 ζητεέν,

242 4294 384 4351 τίνες
427 4287 561 4349 ἦσαν
606 4294 769 4347 οὗτοι·
823 4303 1176 4357 σεσιώπηνται
1222 4303 1345 4372 γάρ·
1396 4307 1549 4376 μόνον
1601 4303 1659 4359 δὲ
1704 4314 1857 4378 γινώ-

252 4398 412 4449 σκειν⁹
480 4383 556 4434 ὄτι
611 4389 701 4436 καὶ
744 4386 889 4439 οὗτοι
945 4388 1316 4461 προσελθόντος
1371 4394 1487 4462 (17)
1536 4395 1712 4459 αὐτοῖς
1757 4396 1860 4450 ἐϐε-

249 4466 579 4527 ϐαιωθησαν.

326 4669 426 4754 Kui
491 4664 575 4719 ἐπὶ
630 4677 746 4738 γῆς.
809 4667 1003 4730 Ἐδόθη
1052 4693 1164 4746 μοι,
1221 4681 1400 4747 φησιν,
1456 4680 1525 4739 ὡς
1583 4678 1857 4754 ἁνθρὼπῳ,

250 4757 311 4812 ἦν
338 4751 506 4827 εἶχον,
538 4759 608 4819 ὡς
646 4762 795 4820 Θεὸς.

321 4951 656 5023 Πορευθέντες

731 4984 800 4992 -
885 4956 1024 5013 ἔθνη.
1107 4963 1180 5029 Τῇ
1262 4954 1472 5033 δοθείσῃ
1551 4982 1641 5034 μοι
1717 4962 1855 5026 ἐξου-

251 5041 345 5109 σίᾳ
376 5036 696 5113 θαρῥοῡντες.
732 5044 910 5096 Πάντα
954 5044 1071 5117 (18)
1104 5042 1162 5098 δὲ
1191 5048 1256 5099 τὰ
1294 5048 1410 5107 ἔθνη
1459 5051 1634 5120 εἰπών,
1675 5058 1765 5106 καὶ
1795 5058 1852 5107 τό
1892 5060 1899 5067 ’

248 5134 348 5178 τῶν
393 5126 639 5201 Ἐϐραίων
682 5135 828 5202 γένος
870 5129 1124 5192 ἐδήλωσε.
1184 5140 1284 5189 Καὶ
1334 5140 1479 5211 παρά
1524 5148 1595 5211 τῷ
1649 5145 1847 5219 Μάρκῳ

318 5282 368 5316 ⁸⁸
402 5282 576 5339 Marc.
608 5298 727 5351 xw,
763 5284 864 5352 14;
900 5285 1040 5342 Luc.
1068 5303 1228 5355 xxiv,
1263 5292 1350 5347 36.

1466 5294 1483 5328 ¹
1513 5294 1684 5351 Joan.
1716 5313 1818 5366 xx,
1852 5300 1941 5367 19,
1972 5299 2066 5357 20.

1969 3299 2170 3354 cedam
2196 3312 2295 3354 vos
2314 3300 2373 3352 in
2398 3298 2705 3355 Galilceam
2728 3301 2768 3353 ².
2785 3299 2960 3372 Atqui
2976 3299 3035 3354 in
3060 3300 3362 3355 Galilaeam
3385 3299 3632 3371 quidem

1968 3386 2269 3443 constituit
2292 3386 2408 3442 illis
2436 3392 2499 3442 ut
2525 3387 2788 3451 abirent;
2819 3389 2887 3444 de
2916 3393 3117 3444 monte
3144 3403 3284 3442 vero
3310 3386 3455 3441 nihil
3488 3386 3633 3442 scri-

1966 3482 2137 3548 ptum
2169 3482 2274 3533 est.
2303 3478 2626 3534 Verisimile
2651 3482 2737 3534 est
2755 3485 2954 3534 tamen
2982 3484 3034 3534 et
3057 3478 3131 3534 de
3152 3478 3266 3533 hoc
3293 3477 3382 3533 vel
3413 3476 3631 3532 dixisse

1968 3565 2103 3632 illis,
2132 3566 2403 3622 velnunc
2426 3582 2530 3638 per
2550 3567 2827 3623 mulieres
2855 3567 3244 3637 significasse,
3276 3581 3629 3639 quanquam

1970 3657 2253 3728 scriptum
2300 3672 2424 3712 non
2465 3657 2556 3712 sit.
2603 3660 2886 3713 Praeterea
2941 3656 3249 3712 familiaris
3289 3656 3468 3711 etiam
3520 3654 3632 3711 illis

1970 3750 2095 3801 erat
2148 3761 2323 3801 mons
2356 3747 2495 3814 iste;
2555 3746 2637 3802 ibi
2687 3747 2847 3802 enim
2888 3752 3132 3819 propter
3186 3746 3448 3818 quietem
3507 3760 3633 3801 ma-

1969 3835 2129 3893 xime
2168 3837 2582 3892 versabantur.

2038 3944 2201 3998 Vers.
2254 3945 2339 3999 16.
2397 3943 2658 4016 Cumque
2704 3944 2984 4001 vidissent
3024 3974 3090 3986 —
3144 3959 3296 4000 eum.
3355 3946 3502 4000 Cum
3552 3942 3634 3997 vi-

1969 4033 2195 4089 dissent
2225 4033 2389 4089 illum
2422 4032 2504 4088 ibi
2540 4050 2550 4089 :
2586 4050 2685 4089 eos
2716 4033 2876 4089 enim
2906 4033 3128 4088 ibidem
3153 4036 3560 4105 praecesserat.

2040 4125 2202 4178 Vers.
2222 4124 2306 4178 17.
2326 4124 2574 4192 Quidam
2598 4138 2734 4179 vero
2750 4123 3198 4179 dubitaverunt.
3217 4122 3473 4188 Quidam
3490 4137 3635 4177 vero

1969 4228 2177 4269 eorum
2231 4211 2656 4268 dubitaverunt
2695 4211 2769 4267 de
2818 4211 2973 4283 ipso,
3018 4210 3291 4266 timentes
3344 4224 3629 4265 errorem.

1970 4305 2095 4358 Non
2151 4306 2352 4358 autem
2392 4316 2655 4372 quaerere
2704 4306 2935 4371 oportet
2975 4300 3226 4372 quinam
3269 4299 3323 4354 hi
3375 4298 3633 4363 fuerint;

1970 4407 2114 4447 nam
2168 4390 2398 4446 silentio
2454 4390 2731 4462 praeteriti
2797 4394 2953 4445 sunt.
3020 4388 3136 4445 Sed
3185 4387 3333 4443 scire
3396 4392 3632 4443 tantum

1970 4482 2224 4551 oportet,
2255 4478 2421 4551 quod
2440 4486 2493 4534 et
2514 4478 2594 4548 hi,
2618 4495 2755 4534 cum
2780 4478 3131 4535 accessisset
3150 4477 3228 4533 ad
3251 4477 3418 4550 ipsos
3437 4477 3630 4541 Jesus,

1892 4589 1939 4645 ι)
1972 4568 2309 4625 conﬁrmati
2340 4572 2499 4624 sunt.

2044 4679 2197 4732 Vers.
2242 4677 2327 4733 18.
2371 4676 2445 4731 Et
2476 4707 2543 4717 —
2581 4676 2642 4729 in
2683 4681 2865 4731 terra.
2900 4677 3047 4731 Data
3075 4680 3170 4730 est
3207 4674 3374 4739 mihi,
3415 4674 3631 4747 inquit,

1968 4772 2259 4841 tanquam
2312 4766 2564 4833 homini,
2605 4770 2872 4838 potestas
2922 4781 3109 4838 quam
3148 4765 3454 4822 habebam
3508 4771 3636 4822 tan-

1967 4872 2155 4931 quam
2189 4856 2361 4912 Deus.

2037 4964 2200 5020 Vers.
2237 4965 2322 5021 19.
2345 4964 2568 5020 Euntes
2590 4956 2652 5004 '—
2674 4968 2889 5035 gentes.
2911 4962 2975 5017 In
2998 4962 3140 5018 data
3162 4962 3309 5017 mihi
3338 4965 3633 5034 potestate

1963 5055 2252 5111 ﬁduciam
2278 5054 2588 5109 habentes.
2635 5052 2841 5108 Dicens
2882 5056 3083 5107 autem
3130 5074 3143 5104 :
3180 5050 3381 5106 Omnes
3411 5058 3629 5121 gentes,

1963 5144 2146 5202 etiam
2194 5142 2580 5199 Hebraeorum
2637 5155 2826 5211 genus
2884 5139 3264 5209 signiﬁcavit.
3324 5140 3630 5212 Siquidem

2180 5300 2202 5334 ³
2227 5295 2427 5353 Matth.
2460 5309 2618 5363 xxvi,
2645 5294 2735 5349 32.

1486 5418 1702 5489 Variae
1731 5422 2062 5517 lectiones
2095 5431 2161 5489 et
2189 5430 2393 5488 notae.

320 5550 433 5627 (13)
462 5553 799 5627 ξξδνηγμένριν
832 5565 943 5624 Pro
978 5554 1435 5627 σννηθροισμένοιο
1467 5560 1534 5626 Α,
1565 5566 1743 5621 recte.

319 5621 434 5694 (14)
473 5621 694 5694 Horum
726 5621 861 5678 loca
886 5625 1071 5681 modo
1102 5621 1307 5683 notata
1337 5634 1494 5685 sunt.

317 5692 435 5767 (15)
469 5701 590 5767 fon
628 5692 953 5767 interponit
989 5699 1057 5752 A.

316 5764 432 5838 (16)
468 5766 594 5834 Mi»,
625 5764 947 5839 interponit
971 5768 1040 5822 A.

2048 5566 2162 5638 (l7)
2212 5564 2591 5638 Πρόσελθόντες
2625 5565 2690 5627 Α,
2758 5560 2935 5617 male.
2984 5562 3376 5638 Προσελθόντος,
3418 5560 3627 5625 δηλαδή

1963 5636 2063 5691 τοῦ
2081 5636 2158 5694 ’1η
2168 5636 2265 5689 σοῦ
2293 5636 2490 5698 αὐτοῖς.

2042 5710 2155 5781 (18)
2187 5711 2266 5776 Δέ,
2300 5706 2517 5766 omittit
2539 5708 2604 5761 A.
