  <div class='ocr_page' id='page_1' title='image "/cluster/home/n/w/nwhite01/storage/ocr_20150623/129/coo.31924054870344/394.png"; bbox 0 0 4096 6386; ppageno 0'>
   <div class='ocr_carea' id='block_1_1' title="bbox 238 332 350 393">
    <p class='ocr_par' dir='ltr' id='par_1_1' title="bbox 238 332 350 393">
     <span class='ocr_line' id='line_1_1' title="bbox 238 332 350 393; baseline -0.009 -8"><span class='ocrx_word' id='word_1_1' title='bbox 238 332 350 393; x_wconf 82' lang='grc'><strong>769</strong></span> 
     </span>
    </p>
   </div>
   <div class='ocr_carea' id='block_1_2' title="bbox 236 458 691 529">
    <p class='ocr_par' dir='ltr' id='par_1_2' title="bbox 236 458 691 529">
     <span class='ocr_line' id='line_1_2' title="bbox 236 458 691 529; baseline 0.004 -23"><span class='ocrx_word' id='word_1_2' title='bbox 236 458 544 528; x_wconf 73' lang='grc' dir='ltr'>ποιούμενος</span> <span class='ocrx_word' id='word_1_3' title='bbox 556 498 567 517; x_wconf 85' lang='grc'><strong>,</strong></span> <span class='ocrx_word' id='word_1_4' title='bbox 628 465 691 529; x_wconf 80' lang='grc' dir='ltr'>τῇ</span> 
     </span>
    </p>
   </div>
   <div class='ocr_carea' id='block_1_3' title="bbox 238 542 1847 624">
    <p class='ocr_par' dir='ltr' id='par_1_3' title="bbox 238 542 1847 624">
     <span class='ocr_line' id='line_1_3' title="bbox 238 542 1847 624; baseline 0.003 -29"><span class='ocrx_word' id='word_1_5' title='bbox 238 547 490 616; x_wconf 78' lang='grc' dir='ltr'>Τιμόθεον</span> <span class='ocrx_word' id='word_1_6' title='bbox 546 542 783 618; x_wconf 73' lang='grc' dir='ltr'>δευτέρα·</span> <span class='ocrx_word' id='word_1_7' title='bbox 849 544 959 599; x_wconf 85' lang='grc' dir='ltr'>εἶτα</span> <span class='ocrx_word' id='word_1_8' title='bbox 1006 556 1079 620; x_wconf 75' lang='grc' dir='ltr'><strong>τῷ</strong></span> <span class='ocrx_word' id='word_1_9' title='bbox 1134 554 1307 624; x_wconf 82' lang='grc' dir='ltr'>Πέτρῳ</span> <span class='ocrx_word' id='word_1_10' title='bbox 1351 559 1509 609; x_wconf 83' lang='grc' dir='ltr'>συνῆν</span> <span class='ocrx_word' id='word_1_11' title='bbox 1563 548 1610 602; x_wconf 86' lang='grc' dir='ltr'>ἐν</span> <span class='ocrx_word' id='word_1_12' title='bbox 1657 550 1847 624; x_wconf 65' lang='grc' dir='ltr'>Ῥώμῃ,</span> 
     </span>
    </p>
   </div>
   <div class='ocr_carea' id='block_1_4' title="bbox 241 636 1852 713">
    <p class='ocr_par' dir='ltr' id='par_1_4' title="bbox 241 636 1852 713">
     <span class='ocr_line' id='line_1_4' title="bbox 241 636 1852 713; baseline 0.006 -31"><span class='ocrx_word' id='word_1_13' title='bbox 241 636 307 694; x_wconf 72' lang='grc' dir='ltr'><strong>ὡς</strong></span> <span class='ocrx_word' id='word_1_14' title='bbox 358 636 388 692; x_wconf 79' lang='grc' dir='ltr'>ἡ</span> <span class='ocrx_word' id='word_1_15' title='bbox 441 641 619 708; x_wconf 76' lang='grc' dir='ltr'>πρώτη</span> <span class='ocrx_word' id='word_1_16' title='bbox 691 636 850 688; x_wconf 68' lang='grc' dir='ltr'>αὑτοῦ</span> <span class='ocrx_word' id='word_1_17' title='bbox 901 636 1183 698; x_wconf 79' lang='grc' dir='ltr'>Ἐπιστολὴ</span> <span class='ocrx_word' id='word_1_18' title='bbox 1238 636 1523 706; x_wconf 75' lang='grc' dir='ltr'>δείκνυσιν,</span> <span class='ocrx_word' id='word_1_19' title='bbox 1580 640 1628 692; x_wconf 85' lang='grc' dir='ltr'>ἐν</span> <span class='ocrx_word' id='word_1_20' title='bbox 1765 646 1852 692; x_wconf 84' lang='grc' dir='ltr'><strong>καὶ</strong></span> 
     </span>
    </p>
   </div>
   <div class='ocr_carea' id='block_1_5' title="bbox 241 724 1847 803">
    <p class='ocr_par' dir='ltr' id='par_1_5' title="bbox 241 724 1847 803">
     <span class='ocr_line' id='line_1_5' title="bbox 241 724 1847 803; baseline 0.006 -29"><span class='ocrx_word' id='word_1_21' title='bbox 241 726 357 775; x_wconf 72' lang='grc' dir='ltr'>υἱὸν</span> <span class='ocrx_word' id='word_1_22' title='bbox 391 724 549 775; x_wconf 70' lang='grc' dir='ltr'>αὑτοῦ</span> <span class='ocrx_word' id='word_1_23' title='bbox 603 728 739 777; x_wconf 86' lang='grc' dir='ltr'><strong>κατά</strong></span> <span class='ocrx_word' id='word_1_24' title='bbox 789 735 991 799; x_wconf 70' lang='grc' dir='ltr'>πνεῦμα</span> <span class='ocrx_word' id='word_1_25' title='bbox 1018 731 1104 779; x_wconf 86' lang='grc' dir='ltr'>τὸν</span> <span class='ocrx_word' id='word_1_26' title='bbox 1152 730 1363 802; x_wconf 82' lang='grc' dir='ltr'>Μάρκον</span> <span class='ocrx_word' id='word_1_27' title='bbox 1409 731 1555 790; x_wconf 73' lang='grc' dir='ltr'>οὗτος</span> <span class='ocrx_word' id='word_1_28' title='bbox 1594 730 1847 803; x_wconf 80' lang='grc' dir='ltr'>ὠνόμασε,</span> 
     </span>
    </p>
   </div>
   <div class='ocr_carea' id='block_1_6' title="bbox 249 813 1852 893">
    <p class='ocr_par' dir='ltr' id='par_1_6' title="bbox 249 813 1852 893">
     <span class='ocr_line' id='line_1_6' title="bbox 249 813 1852 893; baseline 0.004 -30"><span class='ocrx_word' id='word_1_29' title='bbox 249 813 377 886; x_wconf 81' lang='grc' dir='ltr'>παρ’</span> <span class='ocrx_word' id='word_1_30' title='bbox 418 814 477 864; x_wconf 72' lang='grc' dir='ltr'><strong>οὗ</strong></span> <span class='ocrx_word' id='word_1_31' title='bbox 508 819 598 866; x_wconf 79' lang='grc' dir='ltr'><strong>καὶ</strong></span> <span class='ocrx_word' id='word_1_32' title='bbox 648 814 759 867; x_wconf 75' lang='grc' dir='ltr'>ὀλον</span> <span class='ocrx_word' id='word_1_33' title='bbox 799 820 886 868; x_wconf 77' lang='grc' dir='ltr'>τὸν</span> <span class='ocrx_word' id='word_1_34' title='bbox 942 825 1030 869; x_wconf 75' lang='grc' dir='ltr'><strong>του</strong></span> <span class='ocrx_word' id='word_1_35' title='bbox 1076 817 1391 890; x_wconf 68' lang='grc' dir='ltr'>Εὐάγγελίου</span> <span class='ocrx_word' id='word_1_36' title='bbox 1439 819 1588 890; x_wconf 73' lang='grc' dir='ltr'>λόγον</span> <span class='ocrx_word' id='word_1_37' title='bbox 1635 821 1660 871; x_wconf 91' lang='lat'><strong>6</strong></span> <span class='ocrx_word' id='word_1_38' title='bbox 1705 822 1852 893; x_wconf 81' lang='grc' dir='ltr'>Μάρ-</span> 
     </span>
    </p>
   </div>
   <div class='ocr_carea' id='block_1_7' title="bbox 246 904 1857 980">
    <p class='ocr_par' dir='ltr' id='par_1_7' title="bbox 246 904 1857 980">
     <span class='ocr_line' id='line_1_7' title="bbox 246 904 1857 980; baseline 0.006 -28"><span class='ocrx_word' id='word_1_39' title='bbox 246 921 343 962; x_wconf 84' lang='grc' dir='ltr'><strong>κος</strong></span> <span class='ocrx_word' id='word_1_40' title='bbox 395 905 690 975; x_wconf 74' lang='grc' dir='ltr'>μεμάθηκεν</span> <span class='ocrx_word' id='word_1_41' title='bbox 738 906 834 976; x_wconf 82' lang='lat'><strong>(2).</strong></span> <span class='ocrx_word' id='word_1_42' title='bbox 887 904 1102 959; x_wconf 78' lang='grc' dir='ltr'><strong>Ἔπειτα</strong></span> <span class='ocrx_word' id='word_1_43' title='bbox 1151 907 1514 980; x_wconf 70' lang='grc' dir='ltr'>συνεγράψατο</span> <span class='ocrx_word' id='word_1_44' title='bbox 1571 912 1629 960; x_wconf 82' lang='grc' dir='ltr'><strong>τὸ</strong></span> <span class='ocrx_word' id='word_1_45' title='bbox 1684 909 1857 980; x_wconf 71' lang='grc' dir='ltr'><strong>Εὐαγ-</strong></span> 
     </span>
    </p>
   </div>
   <div class='ocr_carea' id='block_1_8' title="bbox 246 990 1852 1071">
    <p class='ocr_par' dir='ltr' id='par_1_8' title="bbox 246 990 1852 1071">
     <span class='ocr_line' id='line_1_8' title="bbox 246 990 1852 1071; baseline 0.012 -31"><span class='ocrx_word' id='word_1_46' title='bbox 246 990 439 1061; x_wconf 66' lang='grc' dir='ltr'>γέλιον,</span> <span class='ocrx_word' id='word_1_47' title='bbox 496 995 565 1055; x_wconf 78' lang='grc' dir='ltr'><strong>ὡς</strong></span> <span class='ocrx_word' id='word_1_48' title='bbox 620 997 709 1065; x_wconf 70' lang='grc' dir='ltr'><strong>μὲν</strong></span> <span class='ocrx_word' id='word_1_49' title='bbox 756 997 953 1069; x_wconf 81' lang='grc' dir='ltr'>ἱστορεῖ</span> <span class='ocrx_word' id='word_1_50' title='bbox 1008 1000 1096 1048; x_wconf 82' lang='grc' dir='ltr'>καὶ</span> <span class='ocrx_word' id='word_1_51' title='bbox 1149 996 1361 1069; x_wconf 75' lang='grc' dir='ltr'>Κλήμης</span> <span class='ocrx_word' id='word_1_52' title='bbox 1414 998 1438 1048; x_wconf 78' lang='grc' dir='ltr'><em>ὁ</em></span> <span class='ocrx_word' id='word_1_53' title='bbox 1498 1001 1852 1071; x_wconf 75' lang='grc' dir='ltr'>Στρωματεὺς,</span> 
     </span>
    </p>
   </div>
   <div class='ocr_carea' id='block_1_9' title="bbox 247 1079 1853 1161">
    <p class='ocr_par' dir='ltr' id='par_1_9' title="bbox 247 1079 1853 1161">
     <span class='ocr_line' id='line_1_9' title="bbox 247 1079 1853 1161; baseline 0.004 -30"><span class='ocrx_word' id='word_1_54' title='bbox 247 1079 295 1131; x_wconf 80' lang='grc' dir='ltr'>ἐν</span> <span class='ocrx_word' id='word_1_55' title='bbox 327 1081 457 1153; x_wconf 65' lang='grc' dir='ltr'><strong>αὐτῇ</strong></span> <span class='ocrx_word' id='word_1_56' title='bbox 604 1082 797 1156; x_wconf 70' lang='grc' dir='ltr'>Ῥώμῃ,</span> <span class='ocrx_word' id='word_1_57' title='bbox 830 1086 965 1137; x_wconf 81' lang='grc' dir='ltr'>κατὰ</span> <span class='ocrx_word' id='word_1_58' title='bbox 996 1081 1054 1137; x_wconf 73' lang='grc' dir='ltr'><strong>δὲ</strong></span> <span class='ocrx_word' id='word_1_59' title='bbox 1108 1090 1193 1138; x_wconf 84' lang='grc' dir='ltr'><strong>τὸν</strong></span> <span class='ocrx_word' id='word_1_60' title='bbox 1249 1092 1626 1161; x_wconf 74' lang='grc' dir='ltr'>Χρυσόστομον</span> <span class='ocrx_word' id='word_1_61' title='bbox 1660 1088 1757 1158; x_wconf 86' lang='grc'>(3),</span> <span class='ocrx_word' id='word_1_62' title='bbox 1806 1086 1853 1138; x_wconf 80' lang='grc' dir='ltr'>ἐν</span> 
     </span>
    </p>
   </div>
   <div class='ocr_carea' id='block_1_10' title="bbox 245 1171 1854 1248">
    <p class='ocr_par' dir='ltr' id='par_1_10' title="bbox 245 1171 1854 1248">
     <span class='ocr_line' id='line_1_10' title="bbox 245 1171 1854 1248; baseline 0.006 -28"><span class='ocrx_word' id='word_1_63' title='bbox 245 1171 516 1244; x_wconf 75' lang='grc' dir='ltr'><strong>Αἰγύπτῳ,</strong></span> <span class='ocrx_word' id='word_1_64' title='bbox 568 1173 918 1248; x_wconf 74' lang='grc' dir='ltr'>παρακληθεὶς</span> <span class='ocrx_word' id='word_1_65' title='bbox 987 1176 1087 1227; x_wconf 79' lang='grc' dir='ltr'><strong>ὑπὸ</strong></span> <span class='ocrx_word' id='word_1_66' title='bbox 1144 1184 1242 1227; x_wconf 84' lang='grc' dir='ltr'>τῶν</span> <span class='ocrx_word' id='word_1_67' title='bbox 1300 1174 1401 1228; x_wconf 79' lang='grc' dir='ltr'>ἐκεῖ</span> <span class='ocrx_word' id='word_1_68' title='bbox 1459 1186 1678 1240; x_wconf 81' lang='grc' dir='ltr'><strong>πιστῶν,</strong></span> <span class='ocrx_word' id='word_1_69' title='bbox 1725 1180 1854 1248; x_wconf 80' lang='grc' dir='ltr'>μετὰ</span> 
     </span>
    </p>
   </div>
   <div class='ocr_carea' id='block_1_11' title="bbox 244 1257 1853 1339">
    <p class='ocr_par' dir='ltr' id='par_1_11' title="bbox 244 1257 1853 1339">
     <span class='ocr_line' id='line_1_11' title="bbox 244 1257 1853 1339; baseline 0.004 -27"><span class='ocrx_word' id='word_1_70' title='bbox 244 1263 330 1318; x_wconf 80' lang='grc' dir='ltr'><strong>ἔτη</strong></span> <span class='ocrx_word' id='word_1_71' title='bbox 365 1257 494 1314; x_wconf 78' lang='grc' dir='ltr'>δέκα</span> <span class='ocrx_word' id='word_1_72' title='bbox 538 1272 630 1325; x_wconf 82' lang='grc' dir='ltr'><strong>τῆς</strong></span> <span class='ocrx_word' id='word_1_73' title='bbox 685 1272 777 1315; x_wconf 82' lang='grc' dir='ltr'><strong>τοῦ</strong></span> <span class='ocrx_word' id='word_1_74' title='bbox 825 1271 1060 1337; x_wconf 85' lang='grc' dir='ltr'><strong>Σωτῆρος</strong></span> <span class='ocrx_word' id='word_1_75' title='bbox 1116 1262 1431 1336; x_wconf 65' lang='grc' dir='ltr'>ἀναλήψεως.</span> <span class='ocrx_word' id='word_1_76' title='bbox 1489 1274 1749 1339; x_wconf 74' lang='grc' dir='ltr'>Συμφνυνεί</span> <span class='ocrx_word' id='word_1_77' title='bbox 1794 1262 1853 1318; x_wconf 68' lang='grc' dir='ltr'><strong>δὲ</strong></span> 
     </span>
    </p>
   </div>
   <div class='ocr_carea' id='block_1_12' title="bbox 245 1351 1854 1422">
    <p class='ocr_par' dir='ltr' id='par_1_12' title="bbox 245 1351 1854 1422">
     <span class='ocr_line' id='line_1_12' title="bbox 245 1351 1854 1422; baseline 0.005 -23"><span class='ocrx_word' id='word_1_78' title='bbox 245 1358 320 1419; x_wconf 72' lang='grc' dir='ltr'><strong>τῷ</strong></span> <span class='ocrx_word' id='word_1_79' title='bbox 380 1354 629 1422; x_wconf 85' lang='grc' dir='ltr'>Ματθαίῳ</span> <span class='ocrx_word' id='word_1_80' title='bbox 680 1351 814 1415; x_wconf 72' lang='grc' dir='ltr'>λίαν,</span> <span class='ocrx_word' id='word_1_81' title='bbox 865 1353 997 1411; x_wconf 77' lang='grc' dir='ltr'>πλὴν</span> <span class='ocrx_word' id='word_1_82' title='bbox 1051 1356 1169 1406; x_wconf 85' lang='grc' dir='ltr'>ὅσον</span> <span class='ocrx_word' id='word_1_83' title='bbox 1210 1352 1392 1415; x_wconf 84' lang='grc' dir='ltr'>ἐκεῖνος</span> <span class='ocrx_word' id='word_1_84' title='bbox 1451 1354 1563 1407; x_wconf 86' lang='grc' dir='ltr'>ἐστι</span> <span class='ocrx_word' id='word_1_85' title='bbox 1606 1355 1854 1407; x_wconf 73' lang='grc' dir='ltr'>πλατύτε-</span> 
     </span>
    </p>
   </div>
   <div class='ocr_carea' id='block_1_13' title="bbox 240 1438 1854 1517">
    <p class='ocr_par' dir='ltr' id='par_1_13' title="bbox 240 1438 1854 1517">
     <span class='ocr_line' id='line_1_13' title="bbox 240 1438 1854 1517; baseline 0.004 -27"><span class='ocrx_word' id='word_1_86' title='bbox 240 1457 351 1509; x_wconf 81' lang='grc' dir='ltr'>ρος.</span> <span class='ocrx_word' id='word_1_87' title='bbox 388 1444 501 1513; x_wconf 76' lang='grc' dir='ltr'><strong>Χρὴ</strong></span> <span class='ocrx_word' id='word_1_88' title='bbox 559 1438 625 1500; x_wconf 73' lang='grc' dir='ltr'><strong>δὴ</strong></span> <span class='ocrx_word' id='word_1_89' title='bbox 677 1443 898 1495; x_wconf 82' lang='grc' dir='ltr'><strong>καθόλου</strong></span> <span class='ocrx_word' id='word_1_90' title='bbox 937 1450 1231 1514; x_wconf 77' lang='grc' dir='ltr'><strong>γινώσκειν,</strong></span> <span class='ocrx_word' id='word_1_91' title='bbox 1276 1448 1343 1506; x_wconf 82' lang='grc' dir='ltr'>ὡς</span> <span class='ocrx_word' id='word_1_92' title='bbox 1398 1447 1445 1496; x_wconf 83' lang='grc' dir='ltr'><strong>οὶ</strong></span> <span class='ocrx_word' id='word_1_93' title='bbox 1488 1445 1854 1517; x_wconf 67' lang='grc' dir='ltr'>εὐαγγελισταὶ</span> 
     </span>
    </p>
   </div>
   <div class='ocr_carea' id='block_1_14' title="bbox 247 1532 1853 1605">
    <p class='ocr_par' dir='ltr' id='par_1_14' title="bbox 247 1532 1853 1605">
     <span class='ocr_line' id='line_1_14' title="bbox 247 1532 1853 1605; baseline 0.006 -27"><span class='ocrx_word' id='word_1_94' title='bbox 247 1532 374 1580; x_wconf 70' lang='grc' dir='ltr'>ποτε</span> <span class='ocrx_word' id='word_1_95' title='bbox 414 1533 503 1601; x_wconf 73' lang='grc' dir='ltr'><strong>μὲν</strong></span> <span class='ocrx_word' id='word_1_96' title='bbox 552 1534 685 1583; x_wconf 82' lang='grc' dir='ltr'><strong>κατὰ</strong></span> <span class='ocrx_word' id='word_1_97' title='bbox 733 1532 877 1595; x_wconf 84' lang='grc' dir='ltr'>τάξιν</span> <span class='ocrx_word' id='word_1_98' title='bbox 922 1532 1309 1605; x_wconf 71' lang='grc' dir='ltr'>ἀπαγγέλλουσι</span> <span class='ocrx_word' id='word_1_99' title='bbox 1356 1538 1449 1596; x_wconf 74' lang='grc' dir='ltr'>τὰς</span> <span class='ocrx_word' id='word_1_100' title='bbox 1502 1532 1853 1595; x_wconf 70' lang='grc' dir='ltr'>διδασκαλίας</span> 
     </span>
    </p>
   </div>
   <div class='ocr_carea' id='block_1_15' title="bbox 246 1621 1853 1698">
    <p class='ocr_par' dir='ltr' id='par_1_15' title="bbox 246 1621 1853 1698">
     <span class='ocr_line' id='line_1_15' title="bbox 246 1621 1853 1698; baseline 0.006 -31"><span class='ocrx_word' id='word_1_101' title='bbox 246 1622 340 1669; x_wconf 85' lang='grc' dir='ltr'><strong>καὶ</strong></span> <span class='ocrx_word' id='word_1_102' title='bbox 393 1622 455 1669; x_wconf 76' lang='grc' dir='ltr'><strong>τὰ</strong></span> <span class='ocrx_word' id='word_1_103' title='bbox 513 1621 756 1692; x_wconf 75' lang='grc' dir='ltr'>θαύματα</span> <span class='ocrx_word' id='word_1_104' title='bbox 810 1629 900 1674; x_wconf 77' lang='grc' dir='ltr'>του</span> <span class='ocrx_word' id='word_1_105' title='bbox 941 1628 1194 1694; x_wconf 73' lang='grc' dir='ltr'>Χριστοῦ,</span> <span class='ocrx_word' id='word_1_106' title='bbox 1249 1629 1388 1696; x_wconf 77' lang='grc' dir='ltr'>νόμῳ</span> <span class='ocrx_word' id='word_1_107' title='bbox 1454 1627 1704 1698; x_wconf 62' lang='grc' dir='ltr'>ἱστορίας</span> <span class='ocrx_word' id='word_1_108' title='bbox 1762 1644 1853 1677; x_wconf 90' lang='grc' dir='ltr'>πο-</span> 
     </span>
    </p>
   </div>
   <div class='ocr_carea' id='block_1_16' title="bbox 247 1704 1852 1787">
    <p class='ocr_par' dir='ltr' id='par_1_16' title="bbox 247 1704 1852 1787">
     <span class='ocr_line' id='line_1_16' title="bbox 247 1704 1852 1787; baseline 0.005 -29"><span class='ocrx_word' id='word_1_109' title='bbox 247 1709 301 1758; x_wconf 72' lang='grc' dir='ltr'><strong>τε</strong></span> <span class='ocrx_word' id='word_1_110' title='bbox 352 1704 431 1775; x_wconf 72' lang='grc' dir='ltr'>δε,</span> <span class='ocrx_word' id='word_1_111' title='bbox 489 1708 547 1761; x_wconf 71' lang='grc' dir='ltr'><strong>οὗ</strong></span> <span class='ocrx_word' id='word_1_112' title='bbox 596 1718 819 1785; x_wconf 75' lang='grc' dir='ltr'>τηροῦσι</span> <span class='ocrx_word' id='word_1_113' title='bbox 872 1712 1038 1779; x_wconf 83' lang='grc' dir='ltr'>τάξιν,</span> <span class='ocrx_word' id='word_1_114' title='bbox 1096 1709 1405 1774; x_wconf 71' lang='grc' dir='ltr'>σπεύδοντες</span> <span class='ocrx_word' id='word_1_115' title='bbox 1461 1719 1613 1787; x_wconf 85' lang='grc' dir='ltr'>μόνον</span> <span class='ocrx_word' id='word_1_116' title='bbox 1672 1715 1744 1777; x_wconf 83' lang='grc' dir='ltr'>εἰς</span> <span class='ocrx_word' id='word_1_117' title='bbox 1794 1718 1852 1767; x_wconf 86' lang='grc' dir='ltr'><strong>τὸ</strong></span> 
     </span>
    </p>
   </div>
   <div class='ocr_carea' id='block_1_17' title="bbox 246 1796 769 1869">
    <p class='ocr_par' dir='ltr' id='par_1_17' title="bbox 246 1796 769 1869">
     <span class='ocr_line' id='line_1_17' title="bbox 246 1796 769 1869; baseline 0.01 -21"><span class='ocrx_word' id='word_1_118' title='bbox 246 1796 589 1869; x_wconf 68' lang='grc' dir='ltr'>ἀπαγγέλλειν</span> <span class='ocrx_word' id='word_1_119' title='bbox 615 1800 769 1855; x_wconf 70' lang='grc' dir='ltr'>αὐτά.</span> 
     </span>
    </p>
   </div>
   <div class='ocr_carea' id='block_1_18' title="bbox 320 2015 1853 2092">
    <p class='ocr_par' dir='ltr' id='par_1_18' title="bbox 320 2015 1853 2092">
     <span class='ocr_line' id='line_1_18' title="bbox 320 2015 1853 2092; baseline 0.002 -22"><span class='ocrx_word' id='word_1_120' title='bbox 320 2015 495 2089; x_wconf 80' lang='grc' dir='ltr'><strong>Ἀρχὴ</strong></span> <span class='ocrx_word' id='word_1_121' title='bbox 571 2024 660 2067; x_wconf 78' lang='grc' dir='ltr'><strong>τοῦ</strong></span> <span class='ocrx_word' id='word_1_122' title='bbox 720 2046 777 2055; x_wconf 90' lang='lat'><strong>--</strong></span> <span class='ocrx_word' id='word_1_123' title='bbox 830 2025 940 2079; x_wconf 84' lang='grc' dir='ltr'>τοῖς</span> <span class='ocrx_word' id='word_1_124' title='bbox 1014 2024 1328 2090; x_wconf 73' lang='grc' dir='ltr'><strong>προφήταις.</strong></span> <span class='ocrx_word' id='word_1_125' title='bbox 1394 2019 1706 2092; x_wconf 69' lang='grc' dir='ltr'>Εὐαγγέλιον</span> <span class='ocrx_word' id='word_1_126' title='bbox 1766 2029 1853 2073; x_wconf 77' lang='grc' dir='ltr'>νῦν</span> 
     </span>
    </p>
   </div>
   <div class='ocr_carea' id='block_1_19' title="bbox 246 2107 1857 2184">
    <p class='ocr_par' dir='ltr' id='par_1_19' title="bbox 246 2107 1857 2184">
     <span class='ocr_line' id='line_1_19' title="bbox 246 2107 1857 2184; baseline 0.004 -27"><span class='ocrx_word' id='word_1_127' title='bbox 246 2108 273 2157; x_wconf 85' lang='grc' dir='ltr'><strong><em>ὁ</em></strong></span> <span class='ocrx_word' id='word_1_128' title='bbox 341 2107 575 2179; x_wconf 83' lang='grc' dir='ltr'>Μάρκος,</span> <span class='ocrx_word' id='word_1_129' title='bbox 650 2110 742 2163; x_wconf 84' lang='grc' dir='ltr'>τὴν</span> <span class='ocrx_word' id='word_1_130' title='bbox 796 2113 981 2164; x_wconf 80' lang='grc' dir='ltr'>Καινὴν</span> <span class='ocrx_word' id='word_1_131' title='bbox 1033 2110 1311 2173; x_wconf 77' lang='grc' dir='ltr'>Διαοήκην,</span> <span class='ocrx_word' id='word_1_132' title='bbox 1372 2114 1464 2167; x_wconf 77' lang='grc' dir='ltr'>τὴν</span> <span class='ocrx_word' id='word_1_133' title='bbox 1485 2114 1598 2162; x_wconf 79' lang='grc' dir='ltr'>νέαν</span> <span class='ocrx_word' id='word_1_134' title='bbox 1650 2112 1857 2184; x_wconf 79' lang='grc' dir='ltr'>νομοθε-</span> 
     </span>
    </p>
   </div>
   <div class='ocr_carea' id='block_1_20' title="bbox 247 2196 1856 2267">
    <p class='ocr_par' dir='ltr' id='par_1_20' title="bbox 247 2196 1856 2267">
     <span class='ocr_line' id='line_1_20' title="bbox 247 2196 1856 2267; baseline 0.004 -20"><span class='ocrx_word' id='word_1_135' title='bbox 247 2200 370 2247; x_wconf 87' lang='grc' dir='ltr'>σίαν</span> <span class='ocrx_word' id='word_1_136' title='bbox 422 2204 513 2247; x_wconf 73' lang='grc' dir='ltr'><strong>τοῦ</strong></span> <span class='ocrx_word' id='word_1_137' title='bbox 566 2203 802 2267; x_wconf 78' lang='grc' dir='ltr'><strong>Χριστοῦ</strong></span> <span class='ocrx_word' id='word_1_138' title='bbox 858 2196 1091 2255; x_wconf 76' lang='grc' dir='ltr'>κέκληκε.</span> <span class='ocrx_word' id='word_1_139' title='bbox 1152 2204 1300 2250; x_wconf 84' lang='grc' dir='ltr'>Διατί</span> <span class='ocrx_word' id='word_1_140' title='bbox 1359 2196 1417 2252; x_wconf 74' lang='grc' dir='ltr'>δε</span> <span class='ocrx_word' id='word_1_141' title='bbox 1466 2199 1629 2262; x_wconf 75' lang='grc' dir='ltr'>οὕτως</span> <span class='ocrx_word' id='word_1_142' title='bbox 1693 2201 1856 2260; x_wconf 68' lang='grc' dir='ltr'>αὐτὴν</span> 
     </span>
    </p>
   </div>
   <div class='ocr_carea' id='block_1_21' title="bbox 242 2282 1856 2361">
    <p class='ocr_par' dir='ltr' id='par_1_21' title="bbox 242 2282 1856 2361">
     <span class='ocr_line' id='line_1_21' title="bbox 242 2282 1856 2361; baseline 0.005 -27"><span class='ocrx_word' id='word_1_143' title='bbox 242 2284 531 2355; x_wconf 70' lang='grc' dir='ltr'>ὠνόμασεν,</span> <span class='ocrx_word' id='word_1_144' title='bbox 602 2287 803 2356; x_wconf 76' lang='grc' dir='ltr'>εἴρηται</span> <span class='ocrx_word' id='word_1_145' title='bbox 855 2282 903 2335; x_wconf 75' lang='grc' dir='ltr'>ἐν</span> <span class='ocrx_word' id='word_1_146' title='bbox 954 2295 1027 2356; x_wconf 81' lang='grc' dir='ltr'><strong>τῷ</strong></span> <span class='ocrx_word' id='word_1_147' title='bbox 1082 2292 1341 2361; x_wconf 77' lang='grc' dir='ltr'><strong>προοιμίῳ</strong></span> <span class='ocrx_word' id='word_1_148' title='bbox 1412 2298 1507 2349; x_wconf 76' lang='grc' dir='ltr'><strong>τῆς</strong></span> <span class='ocrx_word' id='word_1_149' title='bbox 1563 2288 1856 2361; x_wconf 72' lang='grc' dir='ltr'><strong>ἐξηγήσεως</strong></span> 
     </span>
    </p>
   </div>
   <div class='ocr_carea' id='block_1_22' title="bbox 242 2374 1859 2453">
    <p class='ocr_par' dir='ltr' id='par_1_22' title="bbox 242 2374 1859 2453">
     <span class='ocr_line' id='line_1_22' title="bbox 242 2374 1859 2453; baseline 0.004 -28"><span class='ocrx_word' id='word_1_150' title='bbox 242 2382 338 2426; x_wconf 73' lang='grc' dir='ltr'><strong>τοῦ</strong></span> <span class='ocrx_word' id='word_1_151' title='bbox 388 2376 523 2425; x_wconf 84' lang='grc' dir='ltr'>κατά</span> <span class='ocrx_word' id='word_1_152' title='bbox 570 2376 838 2427; x_wconf 81' lang='grc' dir='ltr'>Ματθαῐον</span> <span class='ocrx_word' id='word_1_153' title='bbox 892 2374 1233 2447; x_wconf 69' lang='grc' dir='ltr'>Εὐάγγελίου,</span> <span class='ocrx_word' id='word_1_154' title='bbox 1295 2379 1416 2429; x_wconf 81' lang='grc' dir='ltr'>ἔνθα</span> <span class='ocrx_word' id='word_1_155' title='bbox 1457 2385 1573 2453; x_wconf 85' lang='grc' dir='ltr'>περὶ</span> <span class='ocrx_word' id='word_1_156' title='bbox 1616 2388 1704 2440; x_wconf 80' lang='grc' dir='ltr'><strong>τῆς</strong></span> <span class='ocrx_word' id='word_1_157' title='bbox 1752 2379 1859 2432; x_wconf 79' lang='grc' dir='ltr'>ἐπι-</span> 
     </span>
    </p>
   </div>
   <div class='ocr_carea' id='block_1_23' title="bbox 243 2460 1859 2537">
    <p class='ocr_par' dir='ltr' id='par_1_23' title="bbox 243 2460 1859 2537">
     <span class='ocr_line' id='line_1_23' title="bbox 243 2460 1859 2537; baseline 0.004 -24"><span class='ocrx_word' id='word_1_158' title='bbox 243 2470 454 2536; x_wconf 64' lang='grc' dir='ltr'>γραφῆς</span> <span class='ocrx_word' id='word_1_159' title='bbox 486 2470 583 2514; x_wconf 81' lang='grc' dir='ltr'>τῶν</span> <span class='ocrx_word' id='word_1_160' title='bbox 615 2462 940 2534; x_wconf 69' lang='grc' dir='ltr'>Εὗαγγελίων</span> <span class='ocrx_word' id='word_1_161' title='bbox 970 2460 1397 2537; x_wconf 65' lang='grc' dir='ltr'>προδιείληπται.</span> <span class='ocrx_word' id='word_1_162' title='bbox 1432 2472 1570 2525; x_wconf 82' lang='grc' dir='ltr'><strong>Φησὶ</strong></span> <span class='ocrx_word' id='word_1_163' title='bbox 1601 2464 1659 2520; x_wconf 73' lang='grc' dir='ltr'><strong>δὲ</strong></span> <span class='ocrx_word' id='word_1_164' title='bbox 1691 2470 1716 2519; x_wconf 86' lang='lat'><strong>6</strong></span> <span class='ocrx_word' id='word_1_165' title='bbox 1756 2489 1859 2520; x_wconf 89' lang='grc' dir='ltr'>πα-</span> 
     </span>
    </p>
   </div>
   <div class='ocr_carea' id='block_1_24' title="bbox 244 2551 1858 2630">
    <p class='ocr_par' dir='ltr' id='par_1_24' title="bbox 244 2551 1858 2630">
     <span class='ocr_line' id='line_1_24' title="bbox 244 2551 1858 2630; baseline 0.005 -28"><span class='ocrx_word' id='word_1_166' title='bbox 244 2572 350 2624; x_wconf 80' lang='grc' dir='ltr'><strong>ρων</strong></span> <span class='ocrx_word' id='word_1_167' title='bbox 384 2551 776 2623; x_wconf 63' lang='grc' dir='ltr'>εὐαγγελιστής,</span> <span class='ocrx_word' id='word_1_168' title='bbox 823 2554 903 2605; x_wconf 82' lang='grc' dir='ltr'><strong>ὅτὶ</strong></span> <span class='ocrx_word' id='word_1_169' title='bbox 950 2551 1094 2626; x_wconf 76' lang='grc' dir='ltr'><strong>ἁρχὴ</strong></span> <span class='ocrx_word' id='word_1_170' title='bbox 1139 2563 1231 2617; x_wconf 85' lang='grc' dir='ltr'><strong>τῆς</strong></span> <span class='ocrx_word' id='word_1_171' title='bbox 1282 2556 1397 2617; x_wconf 81' lang='grc' dir='ltr'>νέας</span> <span class='ocrx_word' id='word_1_172' title='bbox 1446 2557 1522 2628; x_wconf 71' lang='grc'><strong>(4)</strong></span> <span class='ocrx_word' id='word_1_173' title='bbox 1554 2560 1858 2630; x_wconf 80' lang='grc' dir='ltr'><strong>νομοθεσίας</strong></span> 
     </span>
    </p>
   </div>
   <div class='ocr_carea' id='block_1_25' title="bbox 252 2642 1859 2721">
    <p class='ocr_par' dir='ltr' id='par_1_25' title="bbox 252 2642 1859 2721">
     <span class='ocr_line' id='line_1_25' title="bbox 252 2642 1859 2721; baseline 0.004 -28"><span class='ocrx_word' id='word_1_174' title='bbox 252 2648 483 2712; x_wconf 76' lang='grc' dir='ltr'>Χριστου</span> <span class='ocrx_word' id='word_1_175' title='bbox 548 2642 681 2693; x_wconf 74' lang='grc' dir='ltr'><strong>οὕτω</strong></span> <span class='ocrx_word' id='word_1_176' title='bbox 739 2646 962 2713; x_wconf 71' lang='grc' dir='ltr'>γέγονεν,</span> <span class='ocrx_word' id='word_1_177' title='bbox 1020 2646 1089 2704; x_wconf 79' lang='grc' dir='ltr'>ὡς</span> <span class='ocrx_word' id='word_1_178' title='bbox 1137 2648 1431 2719; x_wconf 74' lang='grc' dir='ltr'>γέγραπται</span> <span class='ocrx_word' id='word_1_179' title='bbox 1482 2646 1531 2698; x_wconf 88' lang='grc' dir='ltr'>ἐν</span> <span class='ocrx_word' id='word_1_180' title='bbox 1581 2654 1691 2708; x_wconf 88' lang='grc' dir='ltr'>τοῖς</span> <span class='ocrx_word' id='word_1_181' title='bbox 1736 2667 1859 2721; x_wconf 85' lang='grc' dir='ltr'>προ-</span> 
     </span>
    </p>
   </div>
   <div class='ocr_carea' id='block_1_26' title="bbox 248 2727 1855 2805">
    <p class='ocr_par' dir='ltr' id='par_1_26' title="bbox 248 2727 1855 2805">
     <span class='ocr_line' id='line_1_26' title="bbox 248 2727 1855 2805; baseline 0.005 -25"><span class='ocrx_word' id='word_1_182' title='bbox 248 2734 438 2801; x_wconf 75' lang='grc' dir='ltr'>φήταις</span> <span class='ocrx_word' id='word_1_183' title='bbox 498 2744 515 2761; x_wconf 86' lang='grc'>⁶</span> <span class='ocrx_word' id='word_1_184' title='bbox 545 2729 681 2802; x_wconf 77' lang='grc' dir='ltr'>λέγει</span> <span class='ocrx_word' id='word_1_185' title='bbox 731 2727 790 2783; x_wconf 66' lang='grc' dir='ltr'><strong>δὲ</strong></span> <span class='ocrx_word' id='word_1_186' title='bbox 847 2732 1130 2805; x_wconf 70' lang='grc' dir='ltr'>Μαλαχίαν</span> <span class='ocrx_word' id='word_1_187' title='bbox 1185 2740 1273 2786; x_wconf 82' lang='grc' dir='ltr'>καὶ</span> <span class='ocrx_word' id='word_1_188' title='bbox 1312 2735 1550 2790; x_wconf 76' lang='grc' dir='ltr'>Ἠσαίαν.</span> <span class='ocrx_word' id='word_1_189' title='bbox 1605 2734 1731 2789; x_wconf 86' lang='grc' dir='ltr'>Εἶτα</span> <span class='ocrx_word' id='word_1_190' title='bbox 1772 2741 1855 2789; x_wconf 89' lang='grc' dir='ltr'><strong>τί-</strong></span> 
     </span>
    </p>
   </div>
   <div class='ocr_carea' id='block_1_27' title="bbox 250 2818 1857 2897">
    <p class='ocr_par' dir='ltr' id='par_1_27' title="bbox 250 2818 1857 2897">
     <span class='ocr_line' id='line_1_27' title="bbox 250 2818 1857 2897; baseline 0.006 -29"><span class='ocrx_word' id='word_1_191' title='bbox 250 2818 380 2874; x_wconf 72' lang='grc' dir='ltr'>Θησι</span> <span class='ocrx_word' id='word_1_192' title='bbox 431 2823 519 2870; x_wconf 86' lang='grc' dir='ltr'><strong>καὶ</strong></span> <span class='ocrx_word' id='word_1_193' title='bbox 562 2822 630 2871; x_wconf 79' lang='grc' dir='ltr'>τὰ</span> <span class='ocrx_word' id='word_1_194' title='bbox 676 2819 813 2892; x_wconf 81' lang='grc' dir='ltr'><strong>ῥητὰ</strong></span> <span class='ocrx_word' id='word_1_195' title='bbox 882 2830 982 2873; x_wconf 80' lang='grc' dir='ltr'><strong>τῶν</strong></span> <span class='ocrx_word' id='word_1_196' title='bbox 1062 2832 1358 2897; x_wconf 74' lang='grc' dir='ltr'><strong>προφητῶν,</strong></span> <span class='ocrx_word' id='word_1_197' title='bbox 1403 2826 1483 2877; x_wconf 83' lang='grc' dir='ltr'>ἱνα</span> <span class='ocrx_word' id='word_1_198' title='bbox 1532 2828 1720 2897; x_wconf 76' lang='grc' dir='ltr'>μάθῃς,</span> <span class='ocrx_word' id='word_1_199' title='bbox 1776 2829 1857 2878; x_wconf 81' lang='grc' dir='ltr'>ὅτι</span> 
     </span>
    </p>
   </div>
   <div class='ocr_carea' id='block_1_28' title="bbox 245 2906 1857 2985">
    <p class='ocr_par' dir='ltr' id='par_1_28' title="bbox 245 2906 1857 2985">
     <span class='ocr_line' id='line_1_28' title="bbox 245 2906 1857 2985; baseline 0.007 -28"><span class='ocrx_word' id='word_1_200' title='bbox 245 2910 466 2965; x_wconf 76' lang='grc' dir='ltr'><strong>τοιαύτη</strong></span> <span class='ocrx_word' id='word_1_201' title='bbox 524 2906 668 2982; x_wconf 74' lang='grc' dir='ltr'>ἀρχὴ</span> <span class='ocrx_word' id='word_1_202' title='bbox 738 2918 830 2961; x_wconf 72' lang='grc' dir='ltr'><strong>τοῦ</strong></span> <span class='ocrx_word' id='word_1_203' title='bbox 885 2911 1199 2983; x_wconf 71' lang='grc' dir='ltr'>Εὐαγγελίου</span> <span class='ocrx_word' id='word_1_204' title='bbox 1252 2918 1475 2985; x_wconf 71' lang='grc' dir='ltr'>γέγονεν,</span> <span class='ocrx_word' id='word_1_205' title='bbox 1533 2918 1643 2967; x_wconf 82' lang='grc' dir='ltr'>οἷαν</span> <span class='ocrx_word' id='word_1_206' title='bbox 1692 2917 1857 2968; x_wconf 78' lang='grc' dir='ltr'>ταῦτά</span> 
     </span>
    </p>
   </div>
   <div class='ocr_carea' id='block_1_29' title="bbox 246 2995 1857 3075">
    <p class='ocr_par' dir='ltr' id='par_1_29' title="bbox 246 2995 1857 3075">
     <span class='ocr_line' id='line_1_29' title="bbox 246 2995 1857 3075; baseline 0.007 -29"><span class='ocrx_word' id='word_1_207' title='bbox 246 3016 429 3066; x_wconf 72' lang='grc' dir='ltr'>φασιν.</span> <span class='ocrx_word' id='word_1_208' title='bbox 485 3003 662 3049; x_wconf 79' lang='grc' dir='ltr'>Ταυτα</span> <span class='ocrx_word' id='word_1_209' title='bbox 724 2995 783 3051; x_wconf 76' lang='grc' dir='ltr'><strong>δέ</strong></span> <span class='ocrx_word' id='word_1_210' title='bbox 842 3020 1019 3071; x_wconf 77' lang='grc' dir='ltr'>φασιν,</span> <span class='ocrx_word' id='word_1_211' title='bbox 1098 3000 1273 3073; x_wconf 74' lang='grc' dir='ltr'>ἀρχὴν</span> <span class='ocrx_word' id='word_1_212' title='bbox 1326 3004 1485 3055; x_wconf 67' lang='grc' dir='ltr'>αὐτοῦ</span> <span class='ocrx_word' id='word_1_213' title='bbox 1539 3007 1857 3075; x_wconf 73' lang='grc' dir='ltr'>γενήσεσθαι</span> 
     </span>
    </p>
   </div>
   <div class='ocr_carea' id='block_1_30' title="bbox 244 3087 1855 3165">
    <p class='ocr_par' dir='ltr' id='par_1_30' title="bbox 244 3087 1855 3165">
     <span class='ocr_line' id='line_1_30' title="bbox 244 3087 1855 3165; baseline 0.007 -29"><span class='ocrx_word' id='word_1_214' title='bbox 244 3089 333 3137; x_wconf 84' lang='grc' dir='ltr'>τὸν</span> <span class='ocrx_word' id='word_1_215' title='bbox 397 3087 660 3153; x_wconf 78' lang='grc' dir='ltr'>Ἰωάννην,</span> <span class='ocrx_word' id='word_1_216' title='bbox 716 3090 785 3151; x_wconf 83' lang='grc' dir='ltr'>ὡς</span> <span class='ocrx_word' id='word_1_217' title='bbox 842 3088 1279 3165; x_wconf 82' lang='grc' dir='ltr'>ἀναπτυσσομενα</span> <span class='ocrx_word' id='word_1_218' title='bbox 1367 3090 1649 3156; x_wconf 74' lang='grc' dir='ltr'>δείξουσιν.</span> <span class='ocrx_word' id='word_1_219' title='bbox 1717 3095 1855 3148; x_wconf 80' lang='grc' dir='ltr'>Ἐπεὶ</span> 
     </span>
    </p>
   </div>
   <div class='ocr_carea' id='block_1_31' title="bbox 1364 330 2603 394">
    <p class='ocr_par' dir='ltr' id='par_1_31' title="bbox 1364 330 2603 394">
     <span class='ocr_line' id='line_1_31' title="bbox 1364 330 2603 394; baseline 0.002 -4"><span class='ocrx_word' id='word_1_220' title='bbox 1364 334 1732 392; x_wconf 86' lang='lat' dir='ltr'><strong>COMMENT.</strong></span> <span class='ocrx_word' id='word_1_221' title='bbox 1776 336 1847 391; x_wconf 93' lang='lat' dir='ltr'><strong>IN</strong></span> <span class='ocrx_word' id='word_1_222' title='bbox 1888 330 2214 394; x_wconf 79' lang='lat' dir='ltr'><strong>MARCUM.</strong></span> <span class='ocrx_word' id='word_1_223' title='bbox 2256 368 2325 380; x_wconf 93' lang='grc'><strong><em>-</em></strong></span> <span class='ocrx_word' id='word_1_224' title='bbox 2364 337 2520 393; x_wconf 87' lang='lat' dir='ltr'><strong>CAP.</strong></span> <span class='ocrx_word' id='word_1_225' title='bbox 2561 339 2603 393; x_wconf 92' lang='grc' dir='ltr'>Ι.</span> 
     </span>
    </p>
   </div>
   <div class='ocr_carea' id='block_1_32' title="bbox 784 458 1856 538">
    <p class='ocr_par' dir='ltr' id='par_1_32' title="bbox 784 458 1851 538">
     <span class='ocr_line' id='line_1_32' title="bbox 784 458 1851 538; baseline 0.006 -29"><span class='ocrx_word' id='word_1_226' title='bbox 784 476 837 510; x_wconf 87' lang='grc' dir='ltr'>τε</span> <span class='ocrx_word' id='word_1_227' title='bbox 894 461 1024 532; x_wconf 85' lang='grc' dir='ltr'>πρὸς</span> <span class='ocrx_word' id='word_1_228' title='bbox 1084 458 1405 522; x_wconf 73' lang='grc' dir='ltr'>Κολασσαεῖς</span> <span class='ocrx_word' id='word_1_229' title='bbox 1435 467 1524 513; x_wconf 84' lang='grc' dir='ltr'>καὶ</span> <span class='ocrx_word' id='word_1_230' title='bbox 1595 470 1656 535; x_wconf 77' lang='grc' dir='ltr'>τῇ</span> <span class='ocrx_word' id='word_1_231' title='bbox 1726 466 1851 538; x_wconf 82' lang='grc' dir='ltr'>πρὸς</span> 
     </span>
    </p>
   </div>
   <div class='ocr_carea' id='block_1_33' title="bbox 1972 458 3629 538">
    <p class='ocr_par' dir='ltr' id='par_1_33' title="bbox 1972 463 3629 538">
     <span class='ocr_line' id='line_1_33' title="bbox 1972 463 3629 538; baseline 0.002 -20"><span class='ocrx_word' id='word_1_232' title='bbox 1972 463 2182 519; x_wconf 85' lang='lat' dir='ltr'><strong>Deinde</strong></span> <span class='ocrx_word' id='word_1_233' title='bbox 2230 480 2367 518; x_wconf 90' lang='lat' dir='ltr'><strong>cum</strong></span> <span class='ocrx_word' id='word_1_234' title='bbox 2401 467 2565 519; x_wconf 84' lang='lat' dir='ltr'><strong>Petro</strong></span> <span class='ocrx_word' id='word_1_235' title='bbox 2598 466 2797 520; x_wconf 72' lang='lat' dir='ltr'><strong>Romae</strong></span> <span class='ocrx_word' id='word_1_236' title='bbox 2828 468 3218 520; x_wconf 88' lang='lat' dir='ltr'><strong>conversatus</strong></span> <span class='ocrx_word' id='word_1_237' title='bbox 3264 469 3371 533; x_wconf 91' lang='lat' dir='ltr'><strong>est,</strong></span> <span class='ocrx_word' id='word_1_238' title='bbox 3422 481 3629 538; x_wconf 89' lang='lat' dir='ltr'><strong>quem-</strong></span> 
     </span>
    </p>
   </div>
   <div class='ocr_carea' id='block_1_34' title="bbox 1884 1804 2171 1873">
    <p class='ocr_par' dir='ltr' id='par_1_34' title="bbox 1884 1804 2171 1873">
     <span class='ocr_line' id='line_1_34' title="bbox 1884 1804 2171 1873; baseline 0 -21"><span class='ocrx_word' id='word_1_239' title='bbox 1884 1818 1931 1873; x_wconf 83' lang='lat' dir='ltr'><strong>B</strong></span> <span class='ocrx_word' id='word_1_240' title='bbox 1963 1804 2104 1852; x_wconf 91' lang='lat' dir='ltr'><strong>vant</strong></span> <span class='ocrx_word' id='word_1_241' title='bbox 2159 1814 2171 1852; x_wconf 91' lang='lat'><strong>:</strong></span> 
     </span>
    </p>
   </div>
   <div class='ocr_carea' id='block_1_35' title="bbox 3533 340 3639 396">
    <p class='ocr_par' dir='ltr' id='par_1_35' title="bbox 3533 340 3639 396">
     <span class='ocr_line' id='line_1_35' title="bbox 3533 340 3639 396; baseline -0.009 0"><span class='ocrx_word' id='word_1_242' title='bbox 3533 340 3639 396; x_wconf 87' lang='lat'><strong>770</strong></span> 
     </span>
    </p>
   </div>
   <div class='ocr_carea' id='block_1_36' title="bbox 1962 552 3638 626">
    <p class='ocr_par' dir='ltr' id='par_1_36' title="bbox 1962 552 3638 626">
     <span class='ocr_line' id='line_1_36' title="bbox 1962 552 3638 626; baseline 0.002 -19"><span class='ocrx_word' id='word_1_243' title='bbox 1962 552 2295 607; x_wconf 79' lang='lat' dir='ltr'><strong>admodum</strong></span> <span class='ocrx_word' id='word_1_244' title='bbox 2362 553 2519 623; x_wconf 86' lang='lat' dir='ltr'><strong>prior</strong></span> <span class='ocrx_word' id='word_1_245' title='bbox 2568 554 2698 624; x_wconf 85' lang='lat' dir='ltr'><strong>ejus</strong></span> <span class='ocrx_word' id='word_1_246' title='bbox 2748 552 3009 624; x_wconf 84' lang='lat' dir='ltr'><strong>Epistola</strong></span> <span class='ocrx_word' id='word_1_247' title='bbox 3058 553 3455 621; x_wconf 79' lang='lat' dir='ltr'><strong>demonstrat,</strong></span> <span class='ocrx_word' id='word_1_248' title='bbox 3520 573 3638 626; x_wconf 86' lang='lat' dir='ltr'><strong>qua</strong></span> 
     </span>
    </p>
   </div>
   <div class='ocr_carea' id='block_1_37' title="bbox 1964 641 3640 715">
    <p class='ocr_par' dir='ltr' id='par_1_37' title="bbox 1964 641 3640 715">
     <span class='ocr_line' id='line_1_37' title="bbox 1964 641 3640 715; baseline 0.002 -20"><span class='ocrx_word' id='word_1_249' title='bbox 1964 641 2136 695; x_wconf 82' lang='lat' dir='ltr'><strong>etiam</strong></span> <span class='ocrx_word' id='word_1_250' title='bbox 2172 642 2265 696; x_wconf 68' lang='lat' dir='ltr'><strong>llic</strong></span> <span class='ocrx_word' id='word_1_251' title='bbox 2298 642 2485 697; x_wconf 81' lang='lat' dir='ltr'><strong>ﬁlium</strong></span> <span class='ocrx_word' id='word_1_252' title='bbox 2522 659 2699 698; x_wconf 77' lang='lat' dir='ltr'><strong>suum</strong></span> <span class='ocrx_word' id='word_1_253' title='bbox 2727 643 2899 713; x_wconf 84' lang='lat' dir='ltr'><strong>juxta</strong></span> <span class='ocrx_word' id='word_1_254' title='bbox 2932 642 3207 714; x_wconf 80' lang='lat' dir='ltr'><strong>spiritum</strong></span> <span class='ocrx_word' id='word_1_255' title='bbox 3242 646 3501 698; x_wconf 82' lang='lat' dir='ltr'><strong>Marcum</strong></span> <span class='ocrx_word' id='word_1_256' title='bbox 3535 660 3640 715; x_wconf 85' lang='lat' dir='ltr'><strong>ap-</strong></span> 
     </span>
    </p>
   </div>
   <div class='ocr_carea' id='block_1_38' title="bbox 1967 730 3639 803">
    <p class='ocr_par' dir='ltr' id='par_1_38' title="bbox 1967 730 3639 803">
     <span class='ocr_line' id='line_1_38' title="bbox 1967 730 3639 803; baseline 0.001 -20"><span class='ocrx_word' id='word_1_257' title='bbox 1967 730 2198 799; x_wconf 81' lang='lat' dir='ltr'><strong>pellavit</strong></span> <span class='ocrx_word' id='word_1_258' title='bbox 2238 731 2257 763; x_wconf 79' lang='grc'>⁵</span> <span class='ocrx_word' id='word_1_259' title='bbox 2292 749 2304 788; x_wconf 90' lang='lat'>:</span> <span class='ocrx_word' id='word_1_260' title='bbox 2340 748 2371 783; x_wconf 88' lang='lat' dir='ltr'><strong>a</strong></span> <span class='ocrx_word' id='word_1_261' title='bbox 2396 747 2518 801; x_wconf 86' lang='lat' dir='ltr'><strong>quo</strong></span> <span class='ocrx_word' id='word_1_262' title='bbox 2563 748 2806 803; x_wconf 80' lang='lat' dir='ltr'><strong>msuper</strong></span> <span class='ocrx_word' id='word_1_263' title='bbox 2840 739 3029 786; x_wconf 88' lang='lat' dir='ltr'><strong>totum</strong></span> <span class='ocrx_word' id='word_1_264' title='bbox 3079 731 3373 803; x_wconf 74' lang='lat' dir='ltr'><strong>Evangelii</strong></span> <span class='ocrx_word' id='word_1_265' title='bbox 3416 749 3639 787; x_wconf 90' lang='lat' dir='ltr'><strong>sermo-</strong></span> 
     </span>
    </p>
   </div>
   <div class='ocr_carea' id='block_1_39' title="bbox 1967 818 3637 891">
    <p class='ocr_par' dir='ltr' id='par_1_39' title="bbox 1967 818 3637 891">
     <span class='ocr_line' id='line_1_39' title="bbox 1967 818 3637 891; baseline 0.002 -19"><span class='ocrx_word' id='word_1_266' title='bbox 1967 834 2104 872; x_wconf 85' lang='lat' dir='ltr'><strong>nem</strong></span> <span class='ocrx_word' id='word_1_267' title='bbox 2150 821 2374 874; x_wconf 79' lang='lat' dir='ltr'><strong>Marcus</strong></span> <span class='ocrx_word' id='word_1_268' title='bbox 2424 818 2649 887; x_wconf 74' lang='lat' dir='ltr'><strong>didicit,</strong></span> <span class='ocrx_word' id='word_1_269' title='bbox 2702 826 2757 875; x_wconf 88' lang='lat' dir='ltr'><strong>et</strong></span> <span class='ocrx_word' id='word_1_270' title='bbox 2816 820 3202 891; x_wconf 82' lang='lat' dir='ltr'><strong>postmodum</strong></span> <span class='ocrx_word' id='word_1_271' title='bbox 3252 822 3637 891; x_wconf 84' lang='lat' dir='ltr'><strong>Evangelium</strong></span> 
     </span>
    </p>
   </div>
   <div class='ocr_carea' id='block_1_40' title="bbox 1966 909 3633 978">
    <p class='ocr_par' dir='ltr' id='par_1_40' title="bbox 1966 909 3633 978">
     <span class='ocr_line' id='line_1_40' title="bbox 1966 909 3633 978; baseline 0.002 -19"><span class='ocrx_word' id='word_1_272' title='bbox 1966 909 2336 978; x_wconf 75' lang='lat' dir='ltr'><strong>conscripsit,</strong></span> <span class='ocrx_word' id='word_1_273' title='bbox 2388 909 2714 963; x_wconf 85' lang='lat' dir='ltr'><strong>secundum</strong></span> <span class='ocrx_word' id='word_1_274' title='bbox 2773 909 3138 975; x_wconf 87' lang='lat' dir='ltr'><strong>Clementem</strong></span> <span class='ocrx_word' id='word_1_275' title='bbox 3194 910 3633 973; x_wconf 88' lang='lat' dir='ltr'><strong>Stromaticum,</strong></span> 
     </span>
    </p>
   </div>
   <div class='ocr_carea' id='block_1_41' title="bbox 1964 995 3639 1069">
    <p class='ocr_par' dir='ltr' id='par_1_41' title="bbox 1964 995 3639 1069">
     <span class='ocr_line' id='line_1_41' title="bbox 1964 995 3639 1069; baseline 0.002 -19"><span class='ocrx_word' id='word_1_276' title='bbox 1964 995 2080 1050; x_wconf 88' lang='lat' dir='ltr'><strong>hoc</strong></span> <span class='ocrx_word' id='word_1_277' title='bbox 2127 1002 2229 1067; x_wconf 84' lang='lat' dir='ltr'><strong>est,</strong></span> <span class='ocrx_word' id='word_1_278' title='bbox 2283 996 2382 1066; x_wconf 89' lang='lat' dir='ltr'><strong>qui</strong></span> <span class='ocrx_word' id='word_1_279' title='bbox 2440 996 2605 1052; x_wconf 87' lang='lat' dir='ltr'><strong>varia</strong></span> <span class='ocrx_word' id='word_1_280' title='bbox 2664 999 2721 1051; x_wconf 90' lang='lat' dir='ltr'><strong>in</strong></span> <span class='ocrx_word' id='word_1_281' title='bbox 2778 1014 2966 1053; x_wconf 89' lang='lat' dir='ltr'><strong>unum</strong></span> <span class='ocrx_word' id='word_1_282' title='bbox 3022 998 3345 1061; x_wconf 83' lang='lat' dir='ltr'><strong>contexuit,</strong></span> <span class='ocrx_word' id='word_1_283' title='bbox 3393 998 3450 1052; x_wconf 91' lang='lat' dir='ltr'><strong>iu</strong></span> <span class='ocrx_word' id='word_1_284' title='bbox 3510 999 3639 1069; x_wconf 88' lang='lat' dir='ltr'><strong>ipsa</strong></span> 
     </span>
    </p>
   </div>
   <div class='ocr_carea' id='block_1_42' title="bbox 1966 1086 3639 1159">
    <p class='ocr_par' dir='ltr' id='par_1_42' title="bbox 1966 1086 3639 1159">
     <span class='ocr_line' id='line_1_42' title="bbox 1966 1086 3639 1159; baseline 0.002 -19"><span class='ocrx_word' id='word_1_285' title='bbox 1966 1087 2155 1141; x_wconf 84' lang='lat' dir='ltr'><strong>Roma</strong></span> <span class='ocrx_word' id='word_1_286' title='bbox 2183 1102 2195 1139; x_wconf 91' lang='lat'><strong>:</strong></span> <span class='ocrx_word' id='word_1_287' title='bbox 2222 1086 2390 1156; x_wconf 83' lang='lat' dir='ltr'><strong>juxta</strong></span> <span class='ocrx_word' id='word_1_288' title='bbox 2414 1086 2904 1157; x_wconf 87' lang='lat' dir='ltr'><strong>Chrysostomum</strong></span> <span class='ocrx_word' id='word_1_289' title='bbox 2929 1092 3127 1142; x_wconf 89' lang='lat' dir='ltr'><strong>autem</strong></span> <span class='ocrx_word' id='word_1_290' title='bbox 3159 1086 3218 1142; x_wconf 88' lang='lat' dir='ltr'><strong>in</strong></span> <span class='ocrx_word' id='word_1_291' title='bbox 3240 1089 3513 1159; x_wconf 64' lang='lat' dir='ltr'><strong>rEgypto,</strong></span> <span class='ocrx_word' id='word_1_292' title='bbox 3547 1104 3639 1143; x_wconf 90' lang='lat' dir='ltr'><strong>ro-</strong></span> 
     </span>
    </p>
   </div>
   <div class='ocr_carea' id='block_1_43' title="bbox 1964 1174 3639 1246">
    <p class='ocr_par' dir='ltr' id='par_1_43' title="bbox 1964 1174 3639 1246">
     <span class='ocr_line' id='line_1_43' title="bbox 1964 1174 3639 1246; baseline 0.001 -17"><span class='ocrx_word' id='word_1_293' title='bbox 1964 1180 2138 1245; x_wconf 81' lang='lat' dir='ltr'><strong>gatus</strong></span> <span class='ocrx_word' id='word_1_294' title='bbox 2172 1190 2206 1229; x_wconf 91' lang='lat' dir='ltr'><strong>a</strong></span> <span class='ocrx_word' id='word_1_295' title='bbox 2237 1174 2517 1229; x_wconf 76' lang='lat' dir='ltr'><strong>fratribus</strong></span> <span class='ocrx_word' id='word_1_296' title='bbox 2540 1175 2641 1246; x_wconf 88' lang='lat' dir='ltr'><strong>qui</strong></span> <span class='ocrx_word' id='word_1_297' title='bbox 2672 1174 2891 1230; x_wconf 89' lang='lat' dir='ltr'><strong>ibidem</strong></span> <span class='ocrx_word' id='word_1_298' title='bbox 2919 1176 3333 1245; x_wconf 80' lang='lat' dir='ltr'><strong>morabantur,</strong></span> <span class='ocrx_word' id='word_1_299' title='bbox 3372 1182 3507 1246; x_wconf 91' lang='lat' dir='ltr'><strong>post</strong></span> <span class='ocrx_word' id='word_1_300' title='bbox 3538 1175 3639 1231; x_wconf 89' lang='lat' dir='ltr'><strong>de-</strong></span> 
     </span>
    </p>
   </div>
   <div class='ocr_carea' id='block_1_44' title="bbox 1964 1262 3634 1333">
    <p class='ocr_par' dir='ltr' id='par_1_44' title="bbox 1964 1262 3634 1333">
     <span class='ocr_line' id='line_1_44' title="bbox 1964 1262 3634 1333; baseline 0.001 -16"><span class='ocrx_word' id='word_1_301' title='bbox 1964 1262 2188 1317; x_wconf 91' lang='lat' dir='ltr'><strong>cimum</strong></span> <span class='ocrx_word' id='word_1_302' title='bbox 2229 1278 2264 1317; x_wconf 90' lang='lat' dir='ltr'><strong>a</strong></span> <span class='ocrx_word' id='word_1_303' title='bbox 2314 1262 2635 1319; x_wconf 89' lang='lat' dir='ltr'><strong>Salvatoris</strong></span> <span class='ocrx_word' id='word_1_304' title='bbox 2672 1265 3097 1333; x_wconf 79' lang='lat' dir='ltr'><strong>Assumptione</strong></span> <span class='ocrx_word' id='word_1_305' title='bbox 3148 1280 3399 1319; x_wconf 87' lang='lat' dir='ltr'><strong>annum.</strong></span> <span class='ocrx_word' id='word_1_306' title='bbox 3453 1264 3634 1319; x_wconf 81' lang='lat' dir='ltr'><strong>Pluri-</strong></span> 
     </span>
    </p>
   </div>
   <div class='ocr_carea' id='block_1_45' title="bbox 1963 1352 3628 1425">
    <p class='ocr_par' dir='ltr' id='par_1_45' title="bbox 1963 1352 3628 1425">
     <span class='ocr_line' id='line_1_45' title="bbox 1963 1352 3628 1425; baseline 0.002 -20"><span class='ocrx_word' id='word_1_307' title='bbox 1963 1368 2133 1406; x_wconf 88' lang='lat' dir='ltr'><strong>mum</strong></span> <span class='ocrx_word' id='word_1_308' title='bbox 2165 1358 2367 1407; x_wconf 89' lang='lat' dir='ltr'><strong>autem</strong></span> <span class='ocrx_word' id='word_1_309' title='bbox 2396 1368 2534 1407; x_wconf 91' lang='lat' dir='ltr'><strong>cum</strong></span> <span class='ocrx_word' id='word_1_310' title='bbox 2562 1352 2840 1408; x_wconf 70' lang='lat' dir='ltr'><strong>Matthmo</strong></span> <span class='ocrx_word' id='word_1_311' title='bbox 2863 1354 3176 1414; x_wconf 83' lang='lat' dir='ltr'><strong>consentit.</strong></span> <span class='ocrx_word' id='word_1_312' title='bbox 3209 1353 3321 1407; x_wconf 88' lang='lat' dir='ltr'><strong>nisi</strong></span> <span class='ocrx_word' id='word_1_313' title='bbox 3352 1353 3519 1425; x_wconf 91' lang='lat' dir='ltr'><strong>quod</strong></span> <span class='ocrx_word' id='word_1_314' title='bbox 3544 1353 3628 1410; x_wconf 83' lang='lat' dir='ltr'><strong>la-</strong></span> 
     </span>
    </p>
   </div>
   <div class='ocr_carea' id='block_1_46' title="bbox 1963 1440 3633 1513">
    <p class='ocr_par' dir='ltr' id='par_1_46' title="bbox 1963 1440 3633 1513">
     <span class='ocr_line' id='line_1_46' title="bbox 1963 1440 3633 1513; baseline 0.001 -18"><span class='ocrx_word' id='word_1_315' title='bbox 1963 1440 2079 1496; x_wconf 90' lang='lat' dir='ltr'><strong>tius</strong></span> <span class='ocrx_word' id='word_1_316' title='bbox 2148 1440 2244 1496; x_wconf 91' lang='lat' dir='ltr'><strong>ille</strong></span> <span class='ocrx_word' id='word_1_317' title='bbox 2292 1447 2510 1496; x_wconf 85' lang='lat' dir='ltr'><strong>cuncta</strong></span> <span class='ocrx_word' id='word_1_318' title='bbox 2564 1441 2860 1497; x_wconf 83' lang='lat' dir='ltr'><strong>describit.</strong></span> <span class='ocrx_word' id='word_1_319' title='bbox 2934 1442 3159 1513; x_wconf 88' lang='lat' dir='ltr'><strong>Ubique</strong></span> <span class='ocrx_word' id='word_1_320' title='bbox 3212 1448 3413 1496; x_wconf 87' lang='lat' dir='ltr'><strong>autem</strong></span> <span class='ocrx_word' id='word_1_321' title='bbox 3482 1443 3633 1497; x_wconf 89' lang='lat' dir='ltr'><strong>scire</strong></span> 
     </span>
    </p>
   </div>
   <div class='ocr_carea' id='block_1_47' title="bbox 1963 1530 3634 1602">
    <p class='ocr_par' dir='ltr' id='par_1_47' title="bbox 1963 1530 3634 1602">
     <span class='ocr_line' id='line_1_47' title="bbox 1963 1530 3634 1602; baseline 0.001 -17"><span class='ocrx_word' id='word_1_322' title='bbox 1963 1537 2209 1602; x_wconf 87' lang='lat' dir='ltr'><strong>oportet,</strong></span> <span class='ocrx_word' id='word_1_323' title='bbox 2234 1530 2399 1602; x_wconf 91' lang='lat' dir='ltr'><strong>quod</strong></span> <span class='ocrx_word' id='word_1_324' title='bbox 2426 1531 2798 1599; x_wconf 56' lang='lat' dir='ltr'><strong>evangelista;</strong></span> <span class='ocrx_word' id='word_1_325' title='bbox 2820 1530 3123 1585; x_wconf 87' lang='lat' dir='ltr'><strong>interdum</strong></span> <span class='ocrx_word' id='word_1_326' title='bbox 3147 1530 3395 1601; x_wconf 86' lang='lat' dir='ltr'><strong>quidem</strong></span> <span class='ocrx_word' id='word_1_327' title='bbox 3419 1530 3634 1587; x_wconf 84' lang='lat' dir='ltr'><strong>Christi</strong></span> 
     </span>
    </p>
   </div>
   <div class='ocr_carea' id='block_1_48' title="bbox 1962 1619 3634 1678">
    <p class='ocr_par' dir='ltr' id='par_1_48' title="bbox 1962 1619 3634 1678">
     <span class='ocr_line' id='line_1_48' title="bbox 1962 1619 3634 1678; baseline 0.001 -4"><span class='ocrx_word' id='word_1_328' title='bbox 1962 1619 2298 1674; x_wconf 86' lang='lat' dir='ltr'><strong>doctrinam</strong></span> <span class='ocrx_word' id='word_1_329' title='bbox 2348 1636 2415 1674; x_wconf 86' lang='lat' dir='ltr'><strong>ac</strong></span> <span class='ocrx_word' id='word_1_330' title='bbox 2448 1619 2732 1678; x_wconf 89' lang='lat' dir='ltr'><strong>miracula</strong></span> <span class='ocrx_word' id='word_1_331' title='bbox 2786 1620 2996 1675; x_wconf 89' lang='lat' dir='ltr'><strong>ordine</strong></span> <span class='ocrx_word' id='word_1_332' title='bbox 3024 1620 3367 1675; x_wconf 87' lang='lat' dir='ltr'><strong>describunt</strong></span> <span class='ocrx_word' id='word_1_333' title='bbox 3397 1619 3460 1675; x_wconf 90' lang='lat' dir='ltr'><strong>in</strong></span> <span class='ocrx_word' id='word_1_334' title='bbox 3509 1636 3634 1675; x_wconf 91' lang='lat' dir='ltr'><strong>mo-</strong></span> 
     </span>
    </p>
   </div>
   <div class='ocr_carea' id='block_1_49' title="bbox 1963 1707 3635 1781">
    <p class='ocr_par' dir='ltr' id='par_1_49' title="bbox 1963 1707 3635 1781">
     <span class='ocr_line' id='line_1_49' title="bbox 1963 1707 3635 1781; baseline 0.001 -19"><span class='ocrx_word' id='word_1_335' title='bbox 1963 1707 2110 1763; x_wconf 86' lang='lat' dir='ltr'><strong>dum</strong></span> <span class='ocrx_word' id='word_1_336' title='bbox 2152 1708 2425 1777; x_wconf 71' lang='lat' dir='ltr'><strong>historiae,</strong></span> <span class='ocrx_word' id='word_1_337' title='bbox 2462 1710 2831 1781; x_wconf 88' lang='lat' dir='ltr'><strong>quandoque</strong></span> <span class='ocrx_word' id='word_1_338' title='bbox 2863 1724 3001 1764; x_wconf 89' lang='lat' dir='ltr'><strong>vero</strong></span> <span class='ocrx_word' id='word_1_339' title='bbox 3032 1708 3306 1764; x_wconf 85' lang='lat' dir='ltr'><strong>ordinem</strong></span> <span class='ocrx_word' id='word_1_340' title='bbox 3338 1724 3461 1764; x_wconf 91' lang='lat' dir='ltr'><strong>non</strong></span> <span class='ocrx_word' id='word_1_341' title='bbox 3515 1724 3635 1764; x_wconf 89' lang='lat' dir='ltr'><strong>ser-</strong></span> 
     </span>
    </p>
   </div>
   <div class='ocr_carea' id='block_1_50' title="bbox 2229 1797 3634 1870">
    <p class='ocr_par' dir='ltr' id='par_1_50' title="bbox 2229 1797 3634 1870">
     <span class='ocr_line' id='line_1_50' title="bbox 2229 1797 3634 1870; baseline 0.001 -17"><span class='ocrx_word' id='word_1_342' title='bbox 2229 1797 2289 1853; x_wconf 92' lang='lat' dir='ltr'><strong>id</strong></span> <span class='ocrx_word' id='word_1_343' title='bbox 2316 1798 2511 1853; x_wconf 92' lang='lat' dir='ltr'><strong>solum</strong></span> <span class='ocrx_word' id='word_1_344' title='bbox 2541 1798 2868 1862; x_wconf 88' lang='lat' dir='ltr'><strong>studentes,</strong></span> <span class='ocrx_word' id='word_1_345' title='bbox 2917 1802 2996 1863; x_wconf 90' lang='lat' dir='ltr'><strong>ut,</strong></span> <span class='ocrx_word' id='word_1_346' title='bbox 3031 1798 3194 1870; x_wconf 91' lang='lat' dir='ltr'><strong>quod</strong></span> <span class='ocrx_word' id='word_1_347' title='bbox 3247 1798 3475 1853; x_wconf 88' lang='lat' dir='ltr'><strong>dictum</strong></span> <span class='ocrx_word' id='word_1_348' title='bbox 3528 1801 3634 1854; x_wconf 85' lang='lat' dir='ltr'><strong>aut</strong></span> 
     </span>
    </p>
   </div>
   <div class='ocr_carea' id='block_1_51' title="bbox 1964 1886 2750 1951">
    <p class='ocr_par' dir='ltr' id='par_1_51' title="bbox 1964 1886 2750 1951">
     <span class='ocr_line' id='line_1_51' title="bbox 1964 1886 2750 1951; baseline 0.001 -10"><span class='ocrx_word' id='word_1_349' title='bbox 1964 1886 2189 1943; x_wconf 79' lang='lat' dir='ltr'><strong>factum</strong></span> <span class='ocrx_word' id='word_1_350' title='bbox 2221 1894 2329 1951; x_wconf 87' lang='lat' dir='ltr'><strong>est,</strong></span> <span class='ocrx_word' id='word_1_351' title='bbox 2374 1886 2750 1942; x_wconf 88' lang='lat' dir='ltr'><strong>annuntient.</strong></span> 
     </span>
    </p>
   </div>
   <div class='ocr_carea' id='block_1_52' title="bbox 2039 1993 3626 2062">
    <p class='ocr_par' dir='ltr' id='par_1_52' title="bbox 2039 1993 3626 2062">
     <span class='ocr_line' id='line_1_52' title="bbox 2039 1993 3626 2062; baseline -0.002 -12"><span class='ocrx_word' id='word_1_352' title='bbox 2039 1997 2188 2051; x_wconf 80' lang='lat' dir='ltr'><strong>CAP.</strong></span> <span class='ocrx_word' id='word_1_353' title='bbox 2238 1997 2277 2049; x_wconf 93' lang='lat' dir='ltr'><strong>l.</strong></span> <span class='ocrx_word' id='word_1_354' title='bbox 2313 1993 2477 2049; x_wconf 88' lang='lat' dir='ltr'><strong>Vers.</strong></span> <span class='ocrx_word' id='word_1_355' title='bbox 2519 1999 2564 2049; x_wconf 84' lang='lat' dir='ltr'><strong>l.</strong></span> <span class='ocrx_word' id='word_1_356' title='bbox 2618 1993 2864 2049; x_wconf 80' lang='lat' dir='ltr'><strong>Initium</strong></span> <span class='ocrx_word' id='word_1_357' title='bbox 2906 2024 2974 2032; x_wconf 90' lang='lat'><strong>—</strong></span> <span class='ocrx_word' id='word_1_358' title='bbox 3006 1993 3165 2047; x_wconf 88' lang='lat' dir='ltr'><strong>Vers.</strong></span> <span class='ocrx_word' id='word_1_359' title='bbox 3196 1998 3248 2047; x_wconf 85' lang='lat'><strong>2.</strong></span> <span class='ocrx_word' id='word_1_360' title='bbox 3296 1994 3626 2062; x_wconf 74' lang='lat' dir='ltr'><strong>prophetis.</strong></span> 
     </span>
    </p>
   </div>
   <div class='ocr_carea' id='block_1_53' title="bbox 1966 2081 3633 2155">
    <p class='ocr_par' dir='ltr' id='par_1_53' title="bbox 1966 2081 3633 2155">
     <span class='ocr_line' id='line_1_53' title="bbox 1966 2081 3633 2155; baseline -0.001 -16"><span class='ocrx_word' id='word_1_361' title='bbox 1966 2083 2352 2155; x_wconf 80' lang='lat' dir='ltr'><strong>Evangelium</strong></span> <span class='ocrx_word' id='word_1_362' title='bbox 2380 2100 2539 2139; x_wconf 91' lang='lat' dir='ltr'><strong>nunc</strong></span> <span class='ocrx_word' id='word_1_363' title='bbox 2568 2086 2794 2139; x_wconf 86' lang='lat' dir='ltr'><strong>Marcus</strong></span> <span class='ocrx_word' id='word_1_364' title='bbox 2821 2081 3146 2155; x_wconf 86' lang='lat' dir='ltr'><strong>appellavit</strong></span> <span class='ocrx_word' id='word_1_365' title='bbox 3176 2085 3406 2138; x_wconf 88' lang='lat' dir='ltr'><strong>Novum</strong></span> <span class='ocrx_word' id='word_1_366' title='bbox 3438 2085 3633 2139; x_wconf 82' lang='lat' dir='ltr'><strong>Testa-</strong></span> 
     </span>
    </p>
   </div>
   <div class='ocr_carea' id='block_1_54' title="bbox 1966 2171 3632 2242">
    <p class='ocr_par' dir='ltr' id='par_1_54' title="bbox 1966 2171 3632 2242">
     <span class='ocr_line' id='line_1_54' title="bbox 1966 2171 3632 2242; baseline -0.001 -13"><span class='ocrx_word' id='word_1_367' title='bbox 1966 2180 2256 2239; x_wconf 85' lang='lat' dir='ltr'><strong>mentum,</strong></span> <span class='ocrx_word' id='word_1_368' title='bbox 2292 2189 2513 2228; x_wconf 89' lang='lat' dir='ltr'><strong>novam</strong></span> <span class='ocrx_word' id='word_1_369' title='bbox 2546 2172 2755 2228; x_wconf 86' lang='lat' dir='ltr'><strong>Christi</strong></span> <span class='ocrx_word' id='word_1_370' title='bbox 2796 2171 3250 2242; x_wconf 81' lang='lat' dir='ltr'><strong>legislationem.</strong></span> <span class='ocrx_word' id='word_1_371' title='bbox 3285 2174 3400 2226; x_wconf 85' lang='lat' dir='ltr'><strong>Cur</strong></span> <span class='ocrx_word' id='word_1_372' title='bbox 3429 2177 3632 2228; x_wconf 89' lang='lat' dir='ltr'><strong>autem</strong></span> 
     </span>
    </p>
   </div>
   <div class='ocr_carea' id='block_1_55' title="bbox 1966 2261 3635 2328">
    <p class='ocr_par' dir='ltr' id='par_1_55' title="bbox 1966 2261 3635 2328">
     <span class='ocr_line' id='line_1_55' title="bbox 1966 2261 3635 2328; baseline -0.001 -9"><span class='ocrx_word' id='word_1_373' title='bbox 1966 2264 2047 2320; x_wconf 90' lang='lat' dir='ltr'><strong>ita</strong></span> <span class='ocrx_word' id='word_1_374' title='bbox 2090 2263 2511 2328; x_wconf 83' lang='lat' dir='ltr'><strong>nominaverit,</strong></span> <span class='ocrx_word' id='word_1_375' title='bbox 2564 2262 2789 2317; x_wconf 91' lang='lat' dir='ltr'><strong>dictum</strong></span> <span class='ocrx_word' id='word_1_376' title='bbox 2824 2261 3003 2317; x_wconf 83' lang='lat' dir='ltr'><strong>estin</strong></span> <span class='ocrx_word' id='word_1_377' title='bbox 3052 2261 3341 2317; x_wconf 79' lang='lat' dir='ltr'><strong>l’rommio</strong></span> <span class='ocrx_word' id='word_1_378' title='bbox 3391 2277 3635 2317; x_wconf 89' lang='lat' dir='ltr'><strong>enarra-</strong></span> 
     </span>
    </p>
   </div>
   <div class='ocr_carea' id='block_1_56' title="bbox 1967 2351 3634 2423">
    <p class='ocr_par' dir='ltr' id='par_1_56' title="bbox 1967 2351 3634 2423">
     <span class='ocr_line' id='line_1_56' title="bbox 1967 2351 3634 2423; baseline -0.002 -14"><span class='ocrx_word' id='word_1_379' title='bbox 1967 2353 2143 2409; x_wconf 87' lang='lat' dir='ltr'><strong>tionis</strong></span> <span class='ocrx_word' id='word_1_380' title='bbox 2193 2352 2496 2422; x_wconf 84' lang='lat' dir='ltr'><strong>Evangelii</strong></span> <span class='ocrx_word' id='word_1_381' title='bbox 2521 2352 2693 2423; x_wconf 82' lang='lat' dir='ltr'><strong>juxta</strong></span> <span class='ocrx_word' id='word_1_382' title='bbox 2722 2352 3087 2415; x_wconf 69' lang='lat' dir='ltr'><strong>Matthaaum,</strong></span> <span class='ocrx_word' id='word_1_383' title='bbox 3126 2351 3223 2405; x_wconf 91' lang='lat' dir='ltr'><strong>ubi</strong></span> <span class='ocrx_word' id='word_1_384' title='bbox 3256 2351 3331 2406; x_wconf 89' lang='lat' dir='ltr'><strong>de</strong></span> <span class='ocrx_word' id='word_1_385' title='bbox 3384 2365 3634 2420; x_wconf 82' lang='lat' dir='ltr'><strong>evange-</strong></span> 
     </span>
    </p>
   </div>
   <div class='ocr_carea' id='block_1_57' title="bbox 1967 2441 3632 2513">
    <p class='ocr_par' dir='ltr' id='par_1_57' title="bbox 1967 2441 3632 2513">
     <span class='ocr_line' id='line_1_57' title="bbox 1967 2441 3632 2513; baseline -0.004 -12"><span class='ocrx_word' id='word_1_386' title='bbox 1967 2444 2185 2501; x_wconf 88' lang='lat' dir='ltr'><strong>liorum</strong></span> <span class='ocrx_word' id='word_1_387' title='bbox 2211 2442 2592 2513; x_wconf 86' lang='lat' dir='ltr'><strong>inscriptione</strong></span> <span class='ocrx_word' id='word_1_388' title='bbox 2619 2446 2937 2498; x_wconf 85' lang='lat' dir='ltr'><strong>tractatum</strong></span> <span class='ocrx_word' id='word_1_389' title='bbox 2962 2445 3063 2495; x_wconf 88' lang='lat' dir='ltr'><strong>est.</strong></span> <span class='ocrx_word' id='word_1_390' title='bbox 3091 2441 3181 2495; x_wconf 88' lang='lat' dir='ltr'><strong>Ait</strong></span> <span class='ocrx_word' id='word_1_391' title='bbox 3199 2456 3339 2510; x_wconf 89' lang='lat' dir='ltr'><strong>ergo</strong></span> <span class='ocrx_word' id='word_1_392' title='bbox 3365 2455 3632 2512; x_wconf 57' lang='lat' dir='ltr'><strong>praesens</strong></span> 
     </span>
    </p>
   </div>
   <div class='ocr_carea' id='block_1_58' title="bbox 1966 2528 3635 2604">
    <p class='ocr_par' dir='ltr' id='par_1_58' title="bbox 1966 2528 3635 2604">
     <span class='ocr_line' id='line_1_58' title="bbox 1966 2528 3635 2604; baseline -0.002 -15"><span class='ocrx_word' id='word_1_393' title='bbox 1966 2532 2359 2603; x_wconf 86' lang='lat' dir='ltr'><strong>evangelista,</strong></span> <span class='ocrx_word' id='word_1_394' title='bbox 2388 2531 2553 2604; x_wconf 88' lang='lat' dir='ltr'><strong>quod</strong></span> <span class='ocrx_word' id='word_1_395' title='bbox 2583 2531 2937 2604; x_wconf 88' lang='lat' dir='ltr'><strong>principium</strong></span> <span class='ocrx_word' id='word_1_396' title='bbox 2959 2546 3129 2585; x_wconf 69' lang='lat' dir='ltr'><strong>novae</strong></span> <span class='ocrx_word' id='word_1_397' title='bbox 3156 2529 3368 2584; x_wconf 86' lang='lat' dir='ltr'><strong>Christi</strong></span> <span class='ocrx_word' id='word_1_398' title='bbox 3397 2528 3635 2599; x_wconf 83' lang='lat' dir='ltr'><strong>legisla-</strong></span> 
     </span>
    </p>
   </div>
   <div class='ocr_carea' id='block_1_59' title="bbox 1968 2618 3629 2692">
    <p class='ocr_par' dir='ltr' id='par_1_59' title="bbox 1968 2618 3629 2692">
     <span class='ocr_line' id='line_1_59' title="bbox 1968 2618 3629 2692; baseline -0.004 -14"><span class='ocrx_word' id='word_1_399' title='bbox 1968 2622 2143 2679; x_wconf 91' lang='lat' dir='ltr'><strong>tionis</strong></span> <span class='ocrx_word' id='word_1_400' title='bbox 2186 2623 2266 2677; x_wconf 89' lang='lat' dir='ltr'><strong>ita</strong></span> <span class='ocrx_word' id='word_1_401' title='bbox 2317 2622 2443 2692; x_wconf 88' lang='lat' dir='ltr'><strong>fuit,</strong></span> <span class='ocrx_word' id='word_1_402' title='bbox 2496 2623 2645 2677; x_wconf 90' lang='lat' dir='ltr'><strong>sicut</strong></span> <span class='ocrx_word' id='word_1_403' title='bbox 2683 2622 2737 2675; x_wconf 89' lang='lat' dir='ltr'><strong>in</strong></span> <span class='ocrx_word' id='word_1_404' title='bbox 2770 2619 3076 2692; x_wconf 85' lang='lat' dir='ltr'><strong>prOphetis</strong></span> <span class='ocrx_word' id='word_1_405' title='bbox 3126 2618 3414 2691; x_wconf 90' lang='lat' dir='ltr'><strong>scriptum</strong></span> <span class='ocrx_word' id='word_1_406' title='bbox 3468 2624 3559 2674; x_wconf 90' lang='lat' dir='ltr'><strong>est</strong></span> <span class='ocrx_word' id='word_1_407' title='bbox 3616 2640 3629 2672; x_wconf 87' lang='lat'><strong>:</strong></span> 
     </span>
    </p>
   </div>
   <div class='ocr_carea' id='block_1_60' title="bbox 1967 2708 3633 2781">
    <p class='ocr_par' dir='ltr' id='par_1_60' title="bbox 1967 2708 3633 2781">
     <span class='ocr_line' id='line_1_60' title="bbox 1967 2708 3633 2781; baseline -0.003 -14"><span class='ocrx_word' id='word_1_408' title='bbox 1967 2713 2321 2768; x_wconf 90' lang='lat' dir='ltr'><strong>dicitautem</strong></span> <span class='ocrx_word' id='word_1_409' title='bbox 2350 2711 2569 2766; x_wconf 90' lang='lat' dir='ltr'><strong>Isaiam</strong></span> <span class='ocrx_word' id='word_1_410' title='bbox 2594 2715 2652 2765; x_wconf 87' lang='lat' dir='ltr'><strong>et</strong></span> <span class='ocrx_word' id='word_1_411' title='bbox 2674 2710 3041 2765; x_wconf 83' lang='lat' dir='ltr'><strong>Malachiam.</strong></span> <span class='ocrx_word' id='word_1_412' title='bbox 3064 2708 3284 2764; x_wconf 88' lang='lat' dir='ltr'><strong>Deinde</strong></span> <span class='ocrx_word' id='word_1_413' title='bbox 3307 2724 3376 2764; x_wconf 90' lang='lat' dir='ltr'><strong>ea</strong></span> <span class='ocrx_word' id='word_1_414' title='bbox 3389 2724 3633 2781; x_wconf 91' lang='lat' dir='ltr'><strong>quoque</strong></span> 
     </span>
    </p>
   </div>
   <div class='ocr_carea' id='block_1_61' title="bbox 1967 2796 3634 2873">
    <p class='ocr_par' dir='ltr' id='par_1_61' title="bbox 1967 2796 3634 2873">
     <span class='ocr_line' id='line_1_61' title="bbox 1967 2796 3634 2873; baseline -0.002 -16"><span class='ocrx_word' id='word_1_415' title='bbox 1967 2801 2154 2873; x_wconf 89' lang='lat' dir='ltr'><strong>ponit,</strong></span> <span class='ocrx_word' id='word_1_416' title='bbox 2195 2816 2331 2873; x_wconf 66' lang='lat' dir='ltr'><strong>quae</strong></span> <span class='ocrx_word' id='word_1_417' title='bbox 2363 2816 2398 2855; x_wconf 90' lang='lat' dir='ltr'><strong>a</strong></span> <span class='ocrx_word' id='word_1_418' title='bbox 2430 2800 2726 2871; x_wconf 86' lang='lat' dir='ltr'><strong>prOphetis</strong></span> <span class='ocrx_word' id='word_1_419' title='bbox 2780 2799 2937 2854; x_wconf 88' lang='lat' dir='ltr'><strong>dicta</strong></span> <span class='ocrx_word' id='word_1_420' title='bbox 2968 2803 3125 2856; x_wconf 84' lang='lat' dir='ltr'><strong>sunt,</strong></span> <span class='ocrx_word' id='word_1_421' title='bbox 3163 2804 3226 2852; x_wconf 91' lang='lat' dir='ltr'><strong>ut</strong></span> <span class='ocrx_word' id='word_1_422' title='bbox 3256 2797 3461 2853; x_wconf 81' lang='lat' dir='ltr'><strong>videas</strong></span> <span class='ocrx_word' id='word_1_423' title='bbox 3524 2796 3634 2853; x_wconf 86' lang='lat' dir='ltr'><strong>tale</strong></span> 
     </span>
    </p>
   </div>
   <div class='ocr_carea' id='block_1_62' title="bbox 1965 2887 3633 2962">
    <p class='ocr_par' dir='ltr' id='par_1_62' title="bbox 1965 2887 3633 2962">
     <span class='ocr_line' id='line_1_62' title="bbox 1965 2887 3633 2962; baseline -0.003 -16"><span class='ocrx_word' id='word_1_424' title='bbox 1965 2891 2144 2947; x_wconf 89' lang='lat' dir='ltr'><strong>fuisse</strong></span> <span class='ocrx_word' id='word_1_425' title='bbox 2177 2890 2477 2960; x_wconf 81' lang='lat' dir='ltr'><strong>Evangelii</strong></span> <span class='ocrx_word' id='word_1_426' title='bbox 2506 2889 2885 2962; x_wconf 89' lang='lat' dir='ltr'><strong>principium,</strong></span> <span class='ocrx_word' id='word_1_427' title='bbox 2933 2888 3112 2959; x_wconf 89' lang='lat' dir='ltr'><strong>quale</strong></span> <span class='ocrx_word' id='word_1_428' title='bbox 3144 2887 3347 2942; x_wconf 89' lang='lat' dir='ltr'><strong>dicunt</strong></span> <span class='ocrx_word' id='word_1_429' title='bbox 3379 2888 3633 2959; x_wconf 87' lang='lat' dir='ltr'><strong>prophe-</strong></span> 
     </span>
    </p>
   </div>
   <div class='ocr_carea' id='block_1_63' title="bbox 1967 2976 3634 3049">
    <p class='ocr_par' dir='ltr' id='par_1_63' title="bbox 1967 2976 3634 3049">
     <span class='ocr_line' id='line_1_63' title="bbox 1967 2976 3634 3049; baseline -0.002 -13"><span class='ocrx_word' id='word_1_430' title='bbox 1967 2986 2060 3037; x_wconf 70' lang='lat' dir='ltr'><strong>tas.</strong></span> <span class='ocrx_word' id='word_1_431' title='bbox 2117 2981 2293 3035; x_wconf 82' lang='lat' dir='ltr'><strong>Aiunt</strong></span> <span class='ocrx_word' id='word_1_432' title='bbox 2337 2986 2537 3034; x_wconf 91' lang='lat' dir='ltr'><strong>autem</strong></span> <span class='ocrx_word' id='word_1_433' title='bbox 2570 2979 2629 3034; x_wconf 91' lang='lat' dir='ltr'><strong>hi</strong></span> <span class='ocrx_word' id='word_1_434' title='bbox 2657 2979 2950 3033; x_wconf 84' lang='lat' dir='ltr'><strong>Joannem</strong></span> <span class='ocrx_word' id='word_1_435' title='bbox 3011 2977 3195 3032; x_wconf 86' lang='lat' dir='ltr'><strong>fuisse</strong></span> <span class='ocrx_word' id='word_1_436' title='bbox 3250 2976 3634 3049; x_wconf 87' lang='lat' dir='ltr'><strong>principium,</strong></span> 
     </span>
    </p>
   </div>
   <div class='ocr_carea' id='block_1_64' title="bbox 1963 3066 3635 3139">
    <p class='ocr_par' dir='ltr' id='par_1_64' title="bbox 1963 3066 3635 3139">
     <span class='ocr_line' id='line_1_64' title="bbox 1963 3066 3635 3139; baseline -0.002 -13"><span class='ocrx_word' id='word_1_437' title='bbox 1963 3071 2143 3126; x_wconf 88' lang='lat' dir='ltr'><strong>veluti</strong></span> <span class='ocrx_word' id='word_1_438' title='bbox 2174 3071 2331 3125; x_wconf 86' lang='lat' dir='ltr'><strong>dicta</strong></span> <span class='ocrx_word' id='word_1_439' title='bbox 2361 3085 2571 3124; x_wconf 89' lang='lat' dir='ltr'><strong>eorum</strong></span> <span class='ocrx_word' id='word_1_440' title='bbox 2611 3068 2903 3139; x_wconf 85' lang='lat' dir='ltr'><strong>explicata</strong></span> <span class='ocrx_word' id='word_1_441' title='bbox 2934 3066 3452 3121; x_wconf 88' lang='lat' dir='ltr'><strong>demonstrabunt.</strong></span> <span class='ocrx_word' id='word_1_442' title='bbox 3490 3066 3635 3130; x_wconf 85' lang='lat' dir='ltr'><strong>Quia</strong></span> 
     </span>
    </p>
   </div>
   <div class='ocr_carea' id='block_1_65' title="bbox 240 3155 1856 3255">
    <p class='ocr_par' dir='ltr' id='par_1_65' title="bbox 240 3177 1853 3255">
     <span class='ocr_line' id='line_1_65' title="bbox 240 3177 1853 3255; baseline 0.007 -29"><span class='ocrx_word' id='word_1_443' title='bbox 240 3177 346 3247; x_wconf 74' lang='grc' dir='ltr'><strong>γὰρ</strong></span> <span class='ocrx_word' id='word_1_444' title='bbox 394 3178 583 3240; x_wconf 85' lang='grc' dir='ltr'>πάντες</span> <span class='ocrx_word' id='word_1_445' title='bbox 640 3180 688 3230; x_wconf 82' lang='grc' dir='ltr'><strong>οἱ</strong></span> <span class='ocrx_word' id='word_1_446' title='bbox 730 3189 996 3251; x_wconf 84' lang='grc' dir='ltr'><strong>προφῆται</strong></span> <span class='ocrx_word' id='word_1_447' title='bbox 1044 3186 1134 3233; x_wconf 83' lang='grc' dir='ltr'>καὶ</span> <span class='ocrx_word' id='word_1_448' title='bbox 1187 3184 1211 3233; x_wconf 90' lang='lat'><strong>6</strong></span> <span class='ocrx_word' id='word_1_449' title='bbox 1268 3187 1424 3255; x_wconf 84' lang='grc' dir='ltr'>νόμος</span> <span class='ocrx_word' id='word_1_450' title='bbox 1472 3185 1564 3247; x_wconf 79' lang='grc' dir='ltr'>ἕως</span> <span class='ocrx_word' id='word_1_451' title='bbox 1617 3185 1853 3238; x_wconf 82' lang='grc' dir='ltr'>Ἰωάννου</span> 
     </span>
    </p>
   </div>
   <div class='ocr_carea' id='block_1_66' title="bbox 1972 3155 3634 3255">
    <p class='ocr_par' dir='ltr' id='par_1_66' title="bbox 1972 3155 3634 3227">
     <span class='ocr_line' id='line_1_66' title="bbox 1972 3155 3634 3227; baseline -0.003 -11"><span class='ocrx_word' id='word_1_452' title='bbox 1972 3161 2120 3216; x_wconf 86' lang='lat' dir='ltr'><strong>enim</strong></span> <span class='ocrx_word' id='word_1_453' title='bbox 2146 3175 2342 3215; x_wconf 88' lang='lat' dir='ltr'><strong>omnes</strong></span> <span class='ocrx_word' id='word_1_454' title='bbox 2362 3158 2670 3227; x_wconf 62' lang='lat' dir='ltr'><strong>prophetae</strong></span> <span class='ocrx_word' id='word_1_455' title='bbox 2692 3162 2742 3213; x_wconf 89' lang='lat' dir='ltr'><strong>et</strong></span> <span class='ocrx_word' id='word_1_456' title='bbox 2766 3157 2866 3212; x_wconf 77' lang='lat' dir='ltr'><strong>lea:</strong></span> <span class='ocrx_word' id='word_1_457' title='bbox 2888 3170 3070 3227; x_wconf 83' lang='lat' dir='ltr'><strong>usque</strong></span> <span class='ocrx_word' id='word_1_458' title='bbox 3083 3155 3163 3211; x_wconf 82' lang='lat' dir='ltr'><strong>ad</strong></span> <span class='ocrx_word' id='word_1_459' title='bbox 3179 3156 3473 3211; x_wconf 83' lang='lat' dir='ltr'><strong>Joannem</strong></span> <span class='ocrx_word' id='word_1_460' title='bbox 3490 3171 3634 3225; x_wconf 81' lang='lat' dir='ltr'><strong>pro-</strong></span> 
     </span>
    </p>
   </div>
   <div class='ocr_carea' id='block_1_67' title="bbox 242 3270 1855 3347">
    <p class='ocr_par' dir='ltr' id='par_1_67' title="bbox 242 3270 1855 3347">
     <span class='ocr_line' id='line_1_67' title="bbox 242 3270 1855 3347; baseline 0.007 -31"><span class='ocrx_word' id='word_1_461' title='bbox 242 3270 656 3337; x_wconf 62' lang='grc' dir='ltr'>προεφήτευσαν,</span> <span class='ocrx_word' id='word_1_462' title='bbox 738 3271 874 3321; x_wconf 79' lang='grc' dir='ltr'>κατὰ</span> <span class='ocrx_word' id='word_1_463' title='bbox 952 3274 1037 3322; x_wconf 84' lang='grc' dir='ltr'><strong>τὸν</strong></span> <span class='ocrx_word' id='word_1_464' title='bbox 1104 3279 1193 3324; x_wconf 80' lang='grc' dir='ltr'><strong>τοῦ</strong></span> <span class='ocrx_word' id='word_1_465' title='bbox 1272 3277 1467 3347; x_wconf 79' lang='grc' dir='ltr'>Κυρίου</span> <span class='ocrx_word' id='word_1_466' title='bbox 1524 3273 1696 3346; x_wconf 72' lang='grc' dir='ltr'>λόγον,</span> <span class='ocrx_word' id='word_1_467' title='bbox 1751 3272 1855 3328; x_wconf 78' lang='grc' dir='ltr'>ἔδει</span> 
     </span>
    </p>
   </div>
   <div class='ocr_carea' id='block_1_68' title="bbox 246 3355 1857 3435">
    <p class='ocr_par' dir='ltr' id='par_1_68' title="bbox 246 3355 1857 3435">
     <span class='ocr_line' id='line_1_68' title="bbox 246 3355 1857 3435; baseline 0.007 -30"><span class='ocrx_word' id='word_1_468' title='bbox 246 3362 450 3419; x_wconf 79' lang='grc' dir='ltr'>τοῦτον,</span> <span class='ocrx_word' id='word_1_469' title='bbox 503 3355 640 3417; x_wconf 72' lang='grc' dir='ltr'>τέλος</span> <span class='ocrx_word' id='word_1_470' title='bbox 721 3362 841 3410; x_wconf 82' lang='grc' dir='ltr'>ὄντα</span> <span class='ocrx_word' id='word_1_471' title='bbox 905 3368 995 3420; x_wconf 79' lang='grc' dir='ltr'><strong>τῆς</strong></span> <span class='ocrx_word' id='word_1_472' title='bbox 1080 3360 1329 3429; x_wconf 78' lang='grc' dir='ltr'>Παλαιοὶς,</span> <span class='ocrx_word' id='word_1_473' title='bbox 1388 3362 1563 3435; x_wconf 78' lang='grc' dir='ltr'>ἀρχὴν</span> <span class='ocrx_word' id='word_1_474' title='bbox 1620 3367 1857 3435; x_wconf 76' lang='grc' dir='ltr'>γενέσθαι</span> 
     </span>
    </p>
   </div>
   <div class='ocr_carea' id='block_1_69' title="bbox 249 3444 1856 3529">
    <p class='ocr_par' dir='ltr' id='par_1_69' title="bbox 249 3444 1856 3529">
     <span class='ocr_line' id='line_1_69' title="bbox 249 3444 1856 3529; baseline 0.007 -35"><span class='ocrx_word' id='word_1_475' title='bbox 249 3453 347 3506; x_wconf 80' lang='grc' dir='ltr'>τῆς</span> <span class='ocrx_word' id='word_1_476' title='bbox 376 3449 529 3507; x_wconf 78' lang='grc' dir='ltr'>Νέας.</span> <span class='ocrx_word' id='word_1_477' title='bbox 563 3446 725 3501; x_wconf 79' lang='grc' dir='ltr'><strong>Ἀλλὰ</strong></span> <span class='ocrx_word' id='word_1_478' title='bbox 778 3444 1060 3524; x_wconf 75' lang='grc' dir='ltr'>διαιρετέον</span> <span class='ocrx_word' id='word_1_479' title='bbox 1117 3447 1231 3524; x_wconf 70' lang='grc' dir='ltr'><strong>ἰδίᾳ</strong></span> <span class='ocrx_word' id='word_1_480' title='bbox 1278 3460 1376 3504; x_wconf 83' lang='grc' dir='ltr'>τῶν</span> <span class='ocrx_word' id='word_1_481' title='bbox 1429 3450 1526 3505; x_wconf 75' lang='grc' dir='ltr'><strong>δύο</strong></span> <span class='ocrx_word' id='word_1_482' title='bbox 1583 3464 1856 3529; x_wconf 79' lang='grc' dir='ltr'>προφητῶν</span> 
     </span>
    </p>
   </div>
   <div class='ocr_carea' id='block_1_70' title="bbox 253 3535 501 3607">
    <p class='ocr_par' dir='ltr' id='par_1_70' title="bbox 253 3535 501 3607">
     <span class='ocr_line' id='line_1_70' title="bbox 253 3535 501 3607; baseline 0.012 -22"><span class='ocrx_word' id='word_1_483' title='bbox 253 3536 321 3585; x_wconf 79' lang='grc' dir='ltr'>τὰ</span> <span class='ocrx_word' id='word_1_484' title='bbox 347 3535 501 3607; x_wconf 77' lang='grc' dir='ltr'>ῥητά.</span> 
     </span>
    </p>
   </div>
   <div class='ocr_carea' id='block_1_71' title="bbox 326 3619 1856 3705">
    <p class='ocr_par' dir='ltr' id='par_1_71' title="bbox 326 3619 1856 3705">
     <span class='ocr_line' id='line_1_71' title="bbox 326 3619 1856 3705; baseline 0.007 -30"><span class='ocrx_word' id='word_1_485' title='bbox 326 3619 493 3689; x_wconf 80' lang='grc' dir='ltr'>Ἰδοὺ,</span> <span class='ocrx_word' id='word_1_486' title='bbox 530 3623 631 3696; x_wconf 69' lang='grc' dir='ltr'><strong>ἐγὼ</strong></span> <span class='ocrx_word' id='word_1_487' title='bbox 679 3657 749 3666; x_wconf 93' lang='grc'><strong>-</strong></span> <span class='ocrx_word' id='word_1_488' title='bbox 806 3630 1096 3702; x_wconf 80' lang='grc' dir='ltr'>ἔμπροσθέν</span> <span class='ocrx_word' id='word_1_489' title='bbox 1164 3648 1282 3686; x_wconf 87' lang='grc' dir='ltr'>σου.</span> <span class='ocrx_word' id='word_1_490' title='bbox 1330 3631 1613 3704; x_wconf 78' lang='grc' dir='ltr'>Μαλαχίου</span> <span class='ocrx_word' id='word_1_491' title='bbox 1669 3637 1758 3705; x_wconf 74' lang='grc' dir='ltr'><strong>μὲν</strong></span> <span class='ocrx_word' id='word_1_492' title='bbox 1800 3636 1856 3685; x_wconf 84' lang='grc' dir='ltr'>τὸ</span> 
     </span>
    </p>
   </div>
   <div class='ocr_carea' id='block_1_72' title="bbox 249 3713 1855 3795">
    <p class='ocr_par' dir='ltr' id='par_1_72' title="bbox 249 3713 1855 3795">
     <span class='ocr_line' id='line_1_72' title="bbox 249 3713 1855 3795; baseline 0.006 -30"><span class='ocrx_word' id='word_1_493' title='bbox 249 3714 427 3787; x_wconf 71' lang='grc' dir='ltr'><strong>ῥητόν*</strong></span> <span class='ocrx_word' id='word_1_494' title='bbox 480 3718 683 3789; x_wconf 79' lang='grc' dir='ltr'>εἴρηται</span> <span class='ocrx_word' id='word_1_495' title='bbox 742 3713 800 3769; x_wconf 71' lang='grc' dir='ltr'><strong>δὲ</strong></span> <span class='ocrx_word' id='word_1_496' title='bbox 854 3723 972 3793; x_wconf 83' lang='grc' dir='ltr'>περὶ</span> <span class='ocrx_word' id='word_1_497' title='bbox 1024 3722 1207 3772; x_wconf 89' lang='grc' dir='ltr'>τούτου</span> <span class='ocrx_word' id='word_1_498' title='bbox 1258 3720 1511 3793; x_wconf 78' lang='grc' dir='ltr'>σαφώςέν</span> <span class='ocrx_word' id='word_1_499' title='bbox 1550 3731 1611 3795; x_wconf 76' lang='grc' dir='ltr'><strong>τῇ</strong></span> <span class='ocrx_word' id='word_1_500' title='bbox 1664 3722 1855 3795; x_wconf 69' lang='grc' dir='ltr'><strong>ἐξηγή-</strong></span> 
     </span>
    </p>
   </div>
   <div class='ocr_carea' id='block_1_73' title="bbox 249 3803 1858 3884">
    <p class='ocr_par' dir='ltr' id='par_1_73' title="bbox 249 3803 1858 3884">
     <span class='ocr_line' id='line_1_73' title="bbox 249 3803 1858 3884; baseline 0.006 -31"><span class='ocrx_word' id='word_1_501' title='bbox 249 3820 331 3853; x_wconf 87' lang='grc' dir='ltr'><strong>σει</strong></span> <span class='ocrx_word' id='word_1_502' title='bbox 368 3810 456 3855; x_wconf 75' lang='grc' dir='ltr'><strong>τοῦ</strong></span> <span class='ocrx_word' id='word_1_503' title='bbox 484 3803 722 3856; x_wconf 79' lang='grc' dir='ltr'>εἰκοστοῦ</span> <span class='ocrx_word' id='word_1_504' title='bbox 770 3806 1048 3877; x_wconf 81' lang='grc' dir='ltr'>κεφα)αίου</span> <span class='ocrx_word' id='word_1_505' title='bbox 1083 3816 1176 3861; x_wconf 79' lang='grc' dir='ltr'><strong>τοῦ</strong></span> <span class='ocrx_word' id='word_1_506' title='bbox 1206 3812 1341 3862; x_wconf 88' lang='grc' dir='ltr'><strong>κατά</strong></span> <span class='ocrx_word' id='word_1_507' title='bbox 1380 3813 1646 3864; x_wconf 78' lang='grc' dir='ltr'>Ματθαῖον</span> <span class='ocrx_word' id='word_1_508' title='bbox 1688 3812 1858 3884; x_wconf 64' lang='grc' dir='ltr'><strong>Εὐαγ-</strong></span> 
     </span>
    </p>
   </div>
   <div class='ocr_carea' id='block_1_74' title="bbox 244 3890 1857 3974">
    <p class='ocr_par' dir='ltr' id='par_1_74' title="bbox 244 3890 1857 3974">
     <span class='ocr_line' id='line_1_74' title="bbox 244 3890 1857 3974; baseline 0.007 -32"><span class='ocrx_word' id='word_1_509' title='bbox 244 3890 440 3961; x_wconf 73' lang='grc' dir='ltr'>γελίου.</span> <span class='ocrx_word' id='word_1_510' title='bbox 516 3898 615 3945; x_wconf 82' lang='grc' dir='ltr'><strong>Καὶ</strong></span> <span class='ocrx_word' id='word_1_511' title='bbox 693 3898 932 3969; x_wconf 86' lang='grc' dir='ltr'>περιττὸν</span> <span class='ocrx_word' id='word_1_512' title='bbox 996 3898 1060 3949; x_wconf 84' lang='grc' dir='ltr'>τὰ</span> <span class='ocrx_word' id='word_1_513' title='bbox 1117 3898 1252 3950; x_wconf 75' lang='grc' dir='ltr'>αὐτὰ</span> <span class='ocrx_word' id='word_1_514' title='bbox 1328 3899 1480 3951; x_wconf 82' lang='grc' dir='ltr'>πάλιν</span> <span class='ocrx_word' id='word_1_515' title='bbox 1562 3901 1632 3962; x_wconf 89' lang='grc' dir='ltr'>εἰς</span> <span class='ocrx_word' id='word_1_516' title='bbox 1702 3906 1857 3974; x_wconf 81' lang='grc' dir='ltr'>μέσον</span> 
     </span>
    </p>
   </div>
   <div class='ocr_carea' id='block_1_75' title="bbox 246 3982 414 4052">
    <p class='ocr_par' dir='ltr' id='par_1_75' title="bbox 246 3982 414 4052">
     <span class='ocr_line' id='line_1_75' title="bbox 246 3982 414 4052; baseline 0.012 -21"><span class='ocrx_word' id='word_1_517' title='bbox 246 3982 414 4052; x_wconf 75' lang='grc' dir='ltr'>οἴγειν.</span> 
     </span>
    </p>
   </div>
   <div class='ocr_carea' id='block_1_76' title="bbox 319 4071 1858 4152">
    <p class='ocr_par' dir='ltr' id='par_1_76' title="bbox 319 4071 1858 4152">
     <span class='ocr_line' id='line_1_76' title="bbox 319 4071 1858 4152; baseline 0.007 -31"><span class='ocrx_word' id='word_1_518' title='bbox 319 4075 466 4129; x_wconf 76' lang='grc' dir='ltr'><strong>Φωνὴ</strong></span> <span class='ocrx_word' id='word_1_519' title='bbox 535 4102 604 4111; x_wconf 91' lang='grc'><strong>-</strong></span> <span class='ocrx_word' id='word_1_520' title='bbox 665 4071 877 4147; x_wconf 78' lang='grc' dir='ltr'>τρίϐους</span> <span class='ocrx_word' id='word_1_521' title='bbox 948 4074 1129 4132; x_wconf 74' lang='grc' dir='ltr'>αὐτοῦ.</span> <span class='ocrx_word' id='word_1_522' title='bbox 1230 4076 1556 4150; x_wconf 78' lang='grc' dir='ltr'>[Ἑτοιμάξει</span> <span class='ocrx_word' id='word_1_523' title='bbox 1617 4082 1689 4152; x_wconf 80' lang='grc'><strong>(5)</strong></span> <span class='ocrx_word' id='word_1_524' title='bbox 1768 4084 1858 4152; x_wconf 77' lang='grc' dir='ltr'><strong>μεν</strong></span> 
     </span>
    </p>
   </div>
   <div class='ocr_carea' id='block_1_77' title="bbox 244 4156 1857 4240">
    <p class='ocr_par' dir='ltr' id='par_1_77' title="bbox 244 4156 1857 4240">
     <span class='ocr_line' id='line_1_77' title="bbox 244 4156 1857 4240; baseline 0.007 -29"><span class='ocrx_word' id='word_1_525' title='bbox 244 4164 342 4218; x_wconf 83' lang='grc' dir='ltr'>τὴν</span> <span class='ocrx_word' id='word_1_526' title='bbox 372 4156 496 4213; x_wconf 80' lang='grc' dir='ltr'><strong>ὁδὸν</strong></span> <span class='ocrx_word' id='word_1_527' title='bbox 530 4166 750 4237; x_wconf 76' lang='grc' dir='ltr'>Κυρίου,</span> <span class='ocrx_word' id='word_1_528' title='bbox 800 4164 825 4214; x_wconf 89' lang='lat'><strong>6</strong></span> <span class='ocrx_word' id='word_1_529' title='bbox 874 4168 967 4223; x_wconf 74' lang='grc' dir='ltr'>τὴν</span> <span class='ocrx_word' id='word_1_530' title='bbox 1017 4164 1203 4240; x_wconf 77' lang='grc' dir='ltr'>ἀρετὴν</span> <span class='ocrx_word' id='word_1_531' title='bbox 1246 4165 1604 4240; x_wconf 69' lang='grc' dir='ltr'>ἐργαζόμενος·</span> <span class='ocrx_word' id='word_1_532' title='bbox 1638 4170 1733 4222; x_wconf 78' lang='grc' dir='ltr'>οὐκ</span> <span class='ocrx_word' id='word_1_533' title='bbox 1781 4170 1857 4222; x_wconf 67' lang='grc' dir='ltr'><strong>εὖ·</strong></span> 
     </span>
    </p>
   </div>
   <div class='ocr_carea' id='block_1_78' title="bbox 248 4246 1860 4334">
    <p class='ocr_par' dir='ltr' id='par_1_78' title="bbox 248 4246 1860 4334">
     <span class='ocr_line' id='line_1_78' title="bbox 248 4246 1860 4334; baseline 0.007 -33"><span class='ocrx_word' id='word_1_534' title='bbox 248 4251 387 4310; x_wconf 80' lang='grc' dir='ltr'>θείας</span> <span class='ocrx_word' id='word_1_535' title='bbox 444 4246 503 4303; x_wconf 69' lang='grc' dir='ltr'><strong>δὲ</strong></span> <span class='ocrx_word' id='word_1_536' title='bbox 550 4260 689 4304; x_wconf 86' lang='grc' dir='ltr'>ποιεῖ</span> <span class='ocrx_word' id='word_1_537' title='bbox 734 4254 829 4315; x_wconf 83' lang='grc' dir='ltr'><strong>τὰς</strong></span> <span class='ocrx_word' id='word_1_538' title='bbox 872 4252 1080 4328; x_wconf 84' lang='grc' dir='ltr'>τρίϐους</span> <span class='ocrx_word' id='word_1_539' title='bbox 1125 4255 1308 4326; x_wconf 78' lang='grc' dir='ltr'>αὐτοῦ,</span> <span class='ocrx_word' id='word_1_540' title='bbox 1358 4259 1383 4309; x_wconf 90' lang='lat'><strong>6</strong></span> <span class='ocrx_word' id='word_1_541' title='bbox 1436 4263 1507 4329; x_wconf 81' lang='grc' dir='ltr'>μὴ</span> <span class='ocrx_word' id='word_1_542' title='bbox 1559 4262 1687 4334; x_wconf 87' lang='grc' dir='ltr'>πρὸς</span> <span class='ocrx_word' id='word_1_543' title='bbox 1741 4260 1860 4312; x_wconf 72' lang='grc' dir='ltr'>εὐα-</span> 
     </span>
    </p>
   </div>
   <div class='ocr_carea' id='block_1_79' title="bbox 245 4339 1863 4421">
    <p class='ocr_par' dir='ltr' id='par_1_79' title="bbox 245 4339 1863 4421">
     <span class='ocr_line' id='line_1_79' title="bbox 245 4339 1863 4421; baseline 0.007 -31"><span class='ocrx_word' id='word_1_544' title='bbox 245 4342 497 4412; x_wconf 78' lang='grc' dir='ltr'>ρέστησιν</span> <span class='ocrx_word' id='word_1_545' title='bbox 552 4348 707 4407; x_wconf 82' lang='grc' dir='ltr'>Θεοῦ,</span> <span class='ocrx_word' id='word_1_546' title='bbox 780 4341 908 4395; x_wconf 79' lang='grc' dir='ltr'>ἀλλὰ</span> <span class='ocrx_word' id='word_1_547' title='bbox 962 4339 1039 4395; x_wconf 76' lang='grc' dir='ltr'><strong>δι’</strong></span> <span class='ocrx_word' id='word_1_548' title='bbox 1088 4343 1595 4421; x_wconf 83' lang='grc' dir='ltr'>ἀνθρωπαρέσκειαν,</span> <span class='ocrx_word' id='word_1_549' title='bbox 1654 4350 1683 4407; x_wconf 77' lang='grc' dir='ltr'><strong><em>ἦ</em></strong></span> <span class='ocrx_word' id='word_1_550' title='bbox 1746 4368 1863 4401; x_wconf 88' lang='grc' dir='ltr'>τινα</span> 
     </span>
    </p>
   </div>
   <div class='ocr_carea' id='block_1_80' title="bbox 252 4429 1863 4508">
    <p class='ocr_par' dir='ltr' id='par_1_80' title="bbox 252 4429 1863 4508">
     <span class='ocr_line' id='line_1_80' title="bbox 252 4429 1863 4508; baseline 0.007 -29"><span class='ocrx_word' id='word_1_551' title='bbox 252 4432 467 4500; x_wconf 84' lang='grc' dir='ltr'>σκοπὸν,</span> <span class='ocrx_word' id='word_1_552' title='bbox 549 4430 643 4482; x_wconf 74' lang='grc' dir='ltr'>οὐκ</span> <span class='ocrx_word' id='word_1_553' title='bbox 742 4429 956 4503; x_wconf 74' lang='grc' dir='ltr'>ἀγαθὸν,</span> <span class='ocrx_word' id='word_1_554' title='bbox 1032 4436 1224 4492; x_wconf 82' lang='grc' dir='ltr'>ταύτην</span> <span class='ocrx_word' id='word_1_555' title='bbox 1286 4433 1645 4508; x_wconf 76' lang='grc' dir='ltr'>ἐργαζόμενος.</span> <span class='ocrx_word' id='word_1_556' title='bbox 1699 4438 1863 4500; x_wconf 78' lang='grc' dir='ltr'>Οὗτος</span> 
     </span>
    </p>
   </div>
   <div class='ocr_carea' id='block_1_81' title="bbox 1964 3244 3633 3320">
    <p class='ocr_par' dir='ltr' id='par_1_81' title="bbox 1964 3244 3633 3320">
     <span class='ocr_line' id='line_1_81' title="bbox 1964 3244 3633 3320; baseline -0.003 -14"><span class='ocrx_word' id='word_1_557' title='bbox 1964 3252 2377 3320; x_wconf 79' lang='lat' dir='ltr'><strong>phetaverunt,</strong></span> <span class='ocrx_word' id='word_1_558' title='bbox 2428 3248 2597 3318; x_wconf 82' lang='lat' dir='ltr'><strong>juxta</strong></span> <span class='ocrx_word' id='word_1_559' title='bbox 2659 3246 2888 3302; x_wconf 88' lang='lat' dir='ltr'><strong>Domini</strong></span> <span class='ocrx_word' id='word_1_560' title='bbox 2920 3244 3170 3300; x_wconf 90' lang='lat' dir='ltr'><strong>verbum</strong></span> <span class='ocrx_word' id='word_1_561' title='bbox 3219 3246 3261 3311; x_wconf 73' lang='grc'>⁸,</span> <span class='ocrx_word' id='word_1_562' title='bbox 3316 3244 3633 3316; x_wconf 87' lang='lat' dir='ltr'><strong>oportebat</strong></span> 
     </span>
    </p>
   </div>
   <div class='ocr_carea' id='block_1_82' title="bbox 1963 3333 3635 3411">
    <p class='ocr_par' dir='ltr' id='par_1_82' title="bbox 1963 3333 3635 3411">
     <span class='ocr_line' id='line_1_82' title="bbox 1963 3333 3635 3411; baseline -0.004 -15"><span class='ocrx_word' id='word_1_563' title='bbox 1963 3340 2144 3405; x_wconf 85' lang='lat' dir='ltr'><strong>hunc,</strong></span> <span class='ocrx_word' id='word_1_564' title='bbox 2185 3338 2283 3411; x_wconf 88' lang='lat' dir='ltr'><strong>qui</strong></span> <span class='ocrx_word' id='word_1_565' title='bbox 2312 3338 2448 3392; x_wconf 86' lang='lat' dir='ltr'><strong>ﬁnis</strong></span> <span class='ocrx_word' id='word_1_566' title='bbox 2480 3342 2602 3392; x_wconf 88' lang='lat' dir='ltr'><strong>erat</strong></span> <span class='ocrx_word' id='word_1_567' title='bbox 2636 3336 2850 3391; x_wconf 81' lang='lat' dir='ltr'><strong>Veteris</strong></span> <span class='ocrx_word' id='word_1_568' title='bbox 2881 3335 3258 3402; x_wconf 89' lang='lat' dir='ltr'><strong>Testamenti,</strong></span> <span class='ocrx_word' id='word_1_569' title='bbox 3294 3333 3440 3389; x_wconf 82' lang='lat' dir='ltr'><strong>Novi</strong></span> <span class='ocrx_word' id='word_1_570' title='bbox 3478 3349 3635 3406; x_wconf 93' lang='lat' dir='ltr'><strong>quo-</strong></span> 
     </span>
    </p>
   </div>
   <div class='ocr_carea' id='block_1_83' title="bbox 1964 3422 3636 3502">
    <p class='ocr_par' dir='ltr' id='par_1_83' title="bbox 1964 3422 3636 3502">
     <span class='ocr_line' id='line_1_83' title="bbox 1964 3422 3636 3502; baseline -0.004 -17"><span class='ocrx_word' id='word_1_571' title='bbox 1964 3446 2082 3502; x_wconf 90' lang='lat' dir='ltr'><strong>que</strong></span> <span class='ocrx_word' id='word_1_572' title='bbox 2100 3445 2226 3484; x_wconf 91' lang='lat' dir='ltr'><strong>esse</strong></span> <span class='ocrx_word' id='word_1_573' title='bbox 2251 3428 2629 3500; x_wconf 91' lang='lat' dir='ltr'><strong>principium.</strong></span> <span class='ocrx_word' id='word_1_574' title='bbox 2646 3426 2866 3481; x_wconf 89' lang='lat' dir='ltr'><strong>Verum</strong></span> <span class='ocrx_word' id='word_1_575' title='bbox 2892 3422 3319 3493; x_wconf 82' lang='lat' dir='ltr'><strong>distinguenda</strong></span> <span class='ocrx_word' id='word_1_576' title='bbox 3337 3427 3479 3479; x_wconf 89' lang='lat' dir='ltr'><strong>sunt</strong></span> <span class='ocrx_word' id='word_1_577' title='bbox 3505 3438 3636 3494; x_wconf 91' lang='lat' dir='ltr'><strong>pro-</strong></span> 
     </span>
    </p>
   </div>
   <div class='ocr_carea' id='block_1_84' title="bbox 1965 3513 3138 3591">
    <p class='ocr_par' dir='ltr' id='par_1_84' title="bbox 1965 3513 3138 3591">
     <span class='ocr_line' id='line_1_84' title="bbox 1965 3513 3138 3591; baseline -0.006 -17"><span class='ocrx_word' id='word_1_578' title='bbox 1965 3520 2095 3591; x_wconf 89' lang='lat' dir='ltr'><strong>pria</strong></span> <span class='ocrx_word' id='word_1_579' title='bbox 2119 3519 2379 3573; x_wconf 90' lang='lat' dir='ltr'><strong>duorum</strong></span> <span class='ocrx_word' id='word_1_580' title='bbox 2419 3517 2848 3588; x_wconf 88' lang='lat' dir='ltr'><strong>prophetarum</strong></span> <span class='ocrx_word' id='word_1_581' title='bbox 2876 3513 3138 3570; x_wconf 90' lang='lat' dir='ltr'><strong>oracula.</strong></span> 
     </span>
    </p>
   </div>
   <div class='ocr_carea' id='block_1_85' title="bbox 2040 3601 3636 3675">
    <p class='ocr_par' dir='ltr' id='par_1_85' title="bbox 2040 3601 3636 3675">
     <span class='ocr_line' id='line_1_85' title="bbox 2040 3601 3636 3675; baseline -0.004 -11"><span class='ocrx_word' id='word_1_582' title='bbox 2040 3608 2202 3663; x_wconf 87' lang='lat' dir='ltr'><strong>Vers.</strong></span> <span class='ocrx_word' id='word_1_583' title='bbox 2254 3612 2306 3661; x_wconf 87' lang='lat'><strong>2.</strong></span> <span class='ocrx_word' id='word_1_584' title='bbox 2361 3607 2504 3662; x_wconf 83' lang='lat' dir='ltr'><strong>Ecce</strong></span> <span class='ocrx_word' id='word_1_585' title='bbox 2544 3621 2643 3675; x_wconf 86' lang='lat' dir='ltr'><strong>ego</strong></span> <span class='ocrx_word' id='word_1_586' title='bbox 2682 3636 2743 3643; x_wconf 89' lang='lat'><strong>-—</strong></span> <span class='ocrx_word' id='word_1_587' title='bbox 2781 3619 2983 3660; x_wconf 87' lang='lat' dir='ltr'><strong>coram</strong></span> <span class='ocrx_word' id='word_1_588' title='bbox 3041 3608 3113 3658; x_wconf 86' lang='lat' dir='ltr'><strong>te.</strong></span> <span class='ocrx_word' id='word_1_589' title='bbox 3173 3601 3477 3659; x_wconf 74' lang='lat' dir='ltr'><strong>Malachim</strong></span> <span class='ocrx_word' id='word_1_590' title='bbox 3537 3615 3636 3658; x_wconf 87' lang='lat' dir='ltr'><strong>va-</strong></span> 
     </span>
    </p>
   </div>
   <div class='ocr_carea' id='block_1_86' title="bbox 1968 3691 3635 3753">
    <p class='ocr_par' dir='ltr' id='par_1_86' title="bbox 1968 3691 3635 3753">
     <span class='ocr_line' id='line_1_86' title="bbox 1968 3691 3635 3753; baseline -0.005 0"><span class='ocrx_word' id='word_1_591' title='bbox 1968 3697 2233 3753; x_wconf 82' lang='lat' dir='ltr'><strong>ticinium</strong></span> <span class='ocrx_word' id='word_1_592' title='bbox 2281 3701 2386 3752; x_wconf 83' lang='lat' dir='ltr'><strong>est.</strong></span> <span class='ocrx_word' id='word_1_593' title='bbox 2447 3696 2525 3749; x_wconf 91' lang='lat' dir='ltr'><strong>De</strong></span> <span class='ocrx_word' id='word_1_594' title='bbox 2592 3695 2705 3749; x_wconf 86' lang='lat' dir='ltr'><strong>hoc</strong></span> <span class='ocrx_word' id='word_1_595' title='bbox 2770 3697 2972 3749; x_wconf 88' lang='lat' dir='ltr'><strong>autem</strong></span> <span class='ocrx_word' id='word_1_596' title='bbox 3031 3691 3347 3748; x_wconf 85' lang='lat' dir='ltr'><strong>manifeste</strong></span> <span class='ocrx_word' id='word_1_597' title='bbox 3408 3691 3635 3746; x_wconf 84' lang='lat' dir='ltr'><strong>dictum</strong></span> 
     </span>
    </p>
   </div>
   <div class='ocr_carea' id='block_1_87' title="bbox 1966 3780 3632 3856">
    <p class='ocr_par' dir='ltr' id='par_1_87' title="bbox 1966 3780 3632 3856">
     <span class='ocr_line' id='line_1_87' title="bbox 1966 3780 3632 3856; baseline -0.004 -15"><span class='ocrx_word' id='word_1_598' title='bbox 1966 3793 2058 3842; x_wconf 88' lang='lat' dir='ltr'><strong>est</strong></span> <span class='ocrx_word' id='word_1_599' title='bbox 2109 3785 2393 3841; x_wconf 91' lang='lat' dir='ltr'><strong>vicesimo</strong></span> <span class='ocrx_word' id='word_1_600' title='bbox 2450 3784 2642 3856; x_wconf 87' lang='lat' dir='ltr'><strong>capite</strong></span> <span class='ocrx_word' id='word_1_601' title='bbox 2699 3780 2998 3852; x_wconf 80' lang='lat' dir='ltr'><strong>Evangelii</strong></span> <span class='ocrx_word' id='word_1_602' title='bbox 3050 3781 3220 3852; x_wconf 85' lang='lat' dir='ltr'><strong>juxta</strong></span> <span class='ocrx_word' id='word_1_603' title='bbox 3278 3781 3632 3846; x_wconf 63' lang='lat' dir='ltr'><strong>Matthmum,</strong></span> 
     </span>
    </p>
   </div>
   <div class='ocr_carea' id='block_1_88' title="bbox 1967 3869 3634 3946">
    <p class='ocr_par' dir='ltr' id='par_1_88' title="bbox 1967 3869 3634 3946">
     <span class='ocr_line' id='line_1_88' title="bbox 1967 3869 3634 3946; baseline -0.005 -15"><span class='ocrx_word' id='word_1_604' title='bbox 1967 3874 2127 3931; x_wconf 91' lang='lat' dir='ltr'><strong>unde</strong></span> <span class='ocrx_word' id='word_1_605' title='bbox 2159 3873 2531 3946; x_wconf 86' lang='lat' dir='ltr'><strong>superﬂuum</strong></span> <span class='ocrx_word' id='word_1_606' title='bbox 2563 3876 2717 3928; x_wconf 89' lang='lat' dir='ltr'><strong>esset</strong></span> <span class='ocrx_word' id='word_1_607' title='bbox 2758 3872 2971 3927; x_wconf 89' lang='lat' dir='ltr'><strong>eadem</strong></span> <span class='ocrx_word' id='word_1_608' title='bbox 3002 3886 3241 3926; x_wconf 92' lang='lat' dir='ltr'><strong>rursum</strong></span> <span class='ocrx_word' id='word_1_609' title='bbox 3274 3869 3334 3925; x_wconf 90' lang='lat' dir='ltr'><strong>in</strong></span> <span class='ocrx_word' id='word_1_610' title='bbox 3367 3869 3634 3925; x_wconf 90' lang='lat' dir='ltr'><strong>medium</strong></span> 
     </span>
    </p>
   </div>
   <div class='ocr_carea' id='block_1_89' title="bbox 1969 3965 2285 4021">
    <p class='ocr_par' dir='ltr' id='par_1_89' title="bbox 1969 3965 2285 4021">
     <span class='ocr_line' id='line_1_89' title="bbox 1969 3965 2285 4021; baseline -0.006 -1"><span class='ocrx_word' id='word_1_611' title='bbox 1969 3965 2285 4021; x_wconf 89' lang='lat' dir='ltr'><strong>adducere.</strong></span> 
     </span>
    </p>
   </div>
   <div class='ocr_carea' id='block_1_90' title="bbox 2042 4066 3638 4139">
    <p class='ocr_par' dir='ltr' id='par_1_90' title="bbox 2042 4066 3638 4139">
     <span class='ocr_line' id='line_1_90' title="bbox 2042 4066 3638 4139; baseline -0.004 -11"><span class='ocrx_word' id='word_1_612' title='bbox 2042 4075 2201 4128; x_wconf 84' lang='lat' dir='ltr'><strong>Vers.</strong></span> <span class='ocrx_word' id='word_1_613' title='bbox 2258 4076 2309 4127; x_wconf 89' lang='lat'><strong>3.</strong></span> <span class='ocrx_word' id='word_1_614' title='bbox 2370 4072 2492 4127; x_wconf 76' lang='lat' dir='ltr'><strong>V01.</strong></span> <span class='ocrx_word' id='word_1_615' title='bbox 2524 4101 2592 4110; x_wconf 91' lang='lat'><strong>—-</strong></span> <span class='ocrx_word' id='word_1_616' title='bbox 2620 4070 2859 4127; x_wconf 75' lang='lat' dir='ltr'><strong>semitas</strong></span> <span class='ocrx_word' id='word_1_617' title='bbox 2890 4068 3032 4139; x_wconf 82' lang='lat' dir='ltr'><strong>ejus.</strong></span> <span class='ocrx_word' id='word_1_618' title='bbox 3063 4069 3104 4137; x_wconf 84' lang='grc' dir='ltr'><strong>-ι-</strong></span> <span class='ocrx_word' id='word_1_619' title='bbox 3154 4070 3455 4138; x_wconf 74' lang='lat' dir='ltr'><strong>Praeparat</strong></span> <span class='ocrx_word' id='word_1_620' title='bbox 3507 4066 3638 4139; x_wconf 86' lang='lat' dir='ltr'><strong>qui-</strong></span> 
     </span>
    </p>
   </div>
   <div class='ocr_carea' id='block_1_91' title="bbox 1968 4154 3635 4231">
    <p class='ocr_par' dir='ltr' id='par_1_91' title="bbox 1968 4154 3635 4231">
     <span class='ocr_line' id='line_1_91' title="bbox 1968 4154 3635 4231; baseline -0.006 -12"><span class='ocrx_word' id='word_1_621' title='bbox 1968 4163 2107 4219; x_wconf 92' lang='lat' dir='ltr'><strong>dem</strong></span> <span class='ocrx_word' id='word_1_622' title='bbox 2142 4161 2395 4218; x_wconf 90' lang='lat' dir='ltr'><strong>Domino</strong></span> <span class='ocrx_word' id='word_1_623' title='bbox 2424 4162 2605 4225; x_wconf 88' lang='lat' dir='ltr'><strong>viam,</strong></span> <span class='ocrx_word' id='word_1_624' title='bbox 2640 4159 2745 4231; x_wconf 90' lang='lat' dir='ltr'><strong>qui</strong></span> <span class='ocrx_word' id='word_1_625' title='bbox 2775 4157 3055 4214; x_wconf 87' lang='lat' dir='ltr'><strong>virtutem</strong></span> <span class='ocrx_word' id='word_1_626' title='bbox 3083 4162 3387 4228; x_wconf 90' lang='lat' dir='ltr'><strong>operatur.</strong></span> <span class='ocrx_word' id='word_1_627' title='bbox 3425 4154 3635 4211; x_wconf 87' lang='lat' dir='ltr'><strong>Verum</strong></span> 
     </span>
    </p>
   </div>
   <div class='ocr_carea' id='block_1_92' title="bbox 1967 4244 3635 4320">
    <p class='ocr_par' dir='ltr' id='par_1_92' title="bbox 1967 4244 3635 4320">
     <span class='ocr_line' id='line_1_92' title="bbox 1967 4244 3635 4320; baseline -0.006 -11"><span class='ocrx_word' id='word_1_628' title='bbox 1967 4268 2092 4309; x_wconf 87' lang='lat' dir='ltr'><strong>non</strong></span> <span class='ocrx_word' id='word_1_629' title='bbox 2130 4257 2322 4308; x_wconf 89' lang='lat' dir='ltr'><strong>rectas</strong></span> <span class='ocrx_word' id='word_1_630' title='bbox 2351 4250 2490 4306; x_wconf 84' lang='lat' dir='ltr'><strong>facit</strong></span> <span class='ocrx_word' id='word_1_631' title='bbox 2519 4249 2761 4305; x_wconf 90' lang='lat' dir='ltr'><strong>semitas</strong></span> <span class='ocrx_word' id='word_1_632' title='bbox 2816 4247 2965 4320; x_wconf 88' lang='lat' dir='ltr'><strong>ejus,</strong></span> <span class='ocrx_word' id='word_1_633' title='bbox 2995 4245 3097 4315; x_wconf 91' lang='lat' dir='ltr'><strong>qui</strong></span> <span class='ocrx_word' id='word_1_634' title='bbox 3128 4261 3250 4301; x_wconf 92' lang='lat' dir='ltr'><strong>non</strong></span> <span class='ocrx_word' id='word_1_635' title='bbox 3281 4245 3360 4300; x_wconf 90' lang='lat' dir='ltr'><strong>ad</strong></span> <span class='ocrx_word' id='word_1_636' title='bbox 3392 4244 3495 4300; x_wconf 91' lang='lat' dir='ltr'><strong>Dei</strong></span> <span class='ocrx_word' id='word_1_637' title='bbox 3535 4244 3635 4299; x_wconf 88' lang='lat' dir='ltr'><strong>be-</strong></span> 
     </span>
    </p>
   </div>
   <div class='ocr_carea' id='block_1_93' title="bbox 1968 4334 3633 4417">
    <p class='ocr_par' dir='ltr' id='par_1_93' title="bbox 1968 4334 3633 4417">
     <span class='ocr_line' id='line_1_93' title="bbox 1968 4334 3633 4417; baseline -0.007 -16"><span class='ocrx_word' id='word_1_638' title='bbox 1968 4343 2357 4417; x_wconf 89' lang='lat' dir='ltr'><strong>neplacitum,</strong></span> <span class='ocrx_word' id='word_1_639' title='bbox 2398 4341 2499 4397; x_wconf 91' lang='lat' dir='ltr'><strong>sed</strong></span> <span class='ocrx_word' id='word_1_640' title='bbox 2531 4342 2607 4395; x_wconf 89' lang='lat' dir='ltr'><strong>ad</strong></span> <span class='ocrx_word' id='word_1_641' title='bbox 2641 4338 2908 4396; x_wconf 90' lang='lat' dir='ltr'><strong>studium</strong></span> <span class='ocrx_word' id='word_1_642' title='bbox 2941 4335 3293 4394; x_wconf 90' lang='lat' dir='ltr'><strong>hominibus</strong></span> <span class='ocrx_word' id='word_1_643' title='bbox 3330 4334 3633 4406; x_wconf 89' lang='lat' dir='ltr'><strong>placendi,</strong></span> 
     </span>
    </p>
   </div>
   <div class='ocr_carea' id='block_1_94' title="bbox 1970 4424 3636 4505">
    <p class='ocr_par' dir='ltr' id='par_1_94' title="bbox 1970 4424 3636 4505">
     <span class='ocr_line' id='line_1_94' title="bbox 1970 4424 3636 4505; baseline -0.007 -14"><span class='ocrx_word' id='word_1_644' title='bbox 1970 4438 2073 4492; x_wconf 88' lang='lat' dir='ltr'><strong>aut</strong></span> <span class='ocrx_word' id='word_1_645' title='bbox 2096 4431 2358 4505; x_wconf 90' lang='lat' dir='ltr'><strong>aliquem</strong></span> <span class='ocrx_word' id='word_1_646' title='bbox 2384 4430 2569 4487; x_wconf 89' lang='lat' dir='ltr'><strong>alium</strong></span> <span class='ocrx_word' id='word_1_647' title='bbox 2599 4430 2783 4485; x_wconf 81' lang='lat' dir='ltr'><strong>tinem</strong></span> <span class='ocrx_word' id='word_1_648' title='bbox 2812 4444 2935 4484; x_wconf 90' lang='lat' dir='ltr'><strong>non</strong></span> <span class='ocrx_word' id='word_1_649' title='bbox 2965 4427 3219 4495; x_wconf 89' lang='lat' dir='ltr'><strong>bonum,</strong></span> <span class='ocrx_word' id='word_1_650' title='bbox 3243 4424 3400 4480; x_wconf 89' lang='lat' dir='ltr'><strong>hanc</strong></span> <span class='ocrx_word' id='word_1_651' title='bbox 3426 4439 3636 4496; x_wconf 87' lang='lat' dir='ltr'><strong>opera-</strong></span> 
     </span>
    </p>
   </div>
   <div class='ocr_carea' id='block_1_95' title="bbox 248 4513 1856 4596">
    <p class='ocr_par' dir='ltr' id='par_1_95' title="bbox 248 4520 1856 4596">
     <span class='ocr_line' id='line_1_95' title="bbox 248 4520 1856 4596; baseline 0.007 -27"><span class='ocrx_word' id='word_1_652' title='bbox 248 4520 338 4569; x_wconf 85' lang='grc' dir='ltr'><strong>τὸν</strong></span> <span class='ocrx_word' id='word_1_653' title='bbox 387 4521 476 4589; x_wconf 72' lang='grc' dir='ltr'><strong>μὲν</strong></span> <span class='ocrx_word' id='word_1_654' title='bbox 554 4524 709 4572; x_wconf 84' lang='grc' dir='ltr'>πόνον</span> <span class='ocrx_word' id='word_1_655' title='bbox 760 4530 855 4583; x_wconf 80' lang='grc' dir='ltr'>τῆς</span> <span class='ocrx_word' id='word_1_656' title='bbox 916 4520 1217 4595; x_wconf 85' lang='grc' dir='ltr'>ἐτοιμασίας</span> <span class='ocrx_word' id='word_1_657' title='bbox 1296 4525 1600 4596; x_wconf 77' lang='grc' dir='ltr'>ὑφίσταται,</span> <span class='ocrx_word' id='word_1_658' title='bbox 1657 4530 1744 4579; x_wconf 88' lang='grc' dir='ltr'><strong>τὸν</strong></span> <span class='ocrx_word' id='word_1_659' title='bbox 1802 4526 1856 4581; x_wconf 67' lang='grc' dir='ltr'><strong>δὲ</strong></span> 
     </span>
    </p>
   </div>
   <div class='ocr_carea' id='block_1_96' title="bbox 1972 4513 3638 4596">
    <p class='ocr_par' dir='ltr' id='par_1_96' title="bbox 1972 4513 3638 4591">
     <span class='ocr_line' id='line_1_96' title="bbox 1972 4513 3638 4591; baseline -0.007 -11"><span class='ocrx_word' id='word_1_660' title='bbox 1972 4529 2083 4580; x_wconf 90' lang='lat' dir='ltr'><strong>tur.</strong></span> <span class='ocrx_word' id='word_1_661' title='bbox 2117 4523 2219 4579; x_wconf 85' lang='lat' dir='ltr'><strong>Hic</strong></span> <span class='ocrx_word' id='word_1_662' title='bbox 2243 4522 2402 4577; x_wconf 89' lang='lat' dir='ltr'><strong>enim</strong></span> <span class='ocrx_word' id='word_1_663' title='bbox 2427 4520 2701 4576; x_wconf 89' lang='lat' dir='ltr'><strong>laborem</strong></span> <span class='ocrx_word' id='word_1_664' title='bbox 2751 4518 2996 4591; x_wconf 87' lang='lat' dir='ltr'><strong>quidem</strong></span> <span class='ocrx_word' id='word_1_665' title='bbox 3029 4513 3477 4589; x_wconf 69' lang='lat' dir='ltr'><strong>praeparationis</strong></span> <span class='ocrx_word' id='word_1_666' title='bbox 3510 4530 3638 4570; x_wconf 86' lang='lat' dir='ltr'><strong>sus-</strong></span> 
     </span>
    </p>
   </div>
   <div class='ocr_carea' id='block_1_97' title="bbox 251 4608 1862 4689">
    <p class='ocr_par' dir='ltr' id='par_1_97' title="bbox 251 4608 1862 4689">
     <span class='ocr_line' id='line_1_97' title="bbox 251 4608 1862 4689; baseline 0.006 -29"><span class='ocrx_word' id='word_1_667' title='bbox 251 4609 384 4660; x_wconf 81' lang='grc' dir='ltr'><strong>Θεόν</strong></span> <span class='ocrx_word' id='word_1_668' title='bbox 428 4608 523 4660; x_wconf 78' lang='grc' dir='ltr'>οὐκ</span> <span class='ocrx_word' id='word_1_669' title='bbox 561 4611 675 4682; x_wconf 82' lang='grc' dir='ltr'>ἔχει</span> <span class='ocrx_word' id='word_1_670' title='bbox 741 4618 857 4673; x_wconf 87' lang='grc' dir='ltr'>ταῖς</span> <span class='ocrx_word' id='word_1_671' title='bbox 902 4614 1168 4673; x_wconf 85' lang='grc' dir='ltr'>τοιαύταις</span> <span class='ocrx_word' id='word_1_672' title='bbox 1218 4612 1415 4689; x_wconf 83' lang='grc' dir='ltr'>τρίϐοις</span> <span class='ocrx_word' id='word_1_673' title='bbox 1457 4613 1862 4688; x_wconf 75' lang='grc' dir='ltr'>ἕμπεριπατοῦν-</span> 
     </span>
    </p>
   </div>
   <div class='ocr_carea' id='block_1_98' title="bbox 248 4698 360 4767">
    <p class='ocr_par' dir='ltr' id='par_1_98' title="bbox 248 4698 360 4767">
     <span class='ocr_line' id='line_1_98' title="bbox 248 4698 360 4767; baseline 0.018 -18"><span class='ocrx_word' id='word_1_674' title='bbox 248 4698 360 4767; x_wconf 83' lang='grc' dir='ltr'>τα.]</span> 
     </span>
    </p>
   </div>
   <div class='ocr_carea' id='block_1_99' title="bbox 322 4788 1863 4866">
    <p class='ocr_par' dir='ltr' id='par_1_99' title="bbox 322 4788 1863 4866">
     <span class='ocr_line' id='line_1_99' title="bbox 322 4788 1863 4866; baseline 0.008 -28"><span class='ocrx_word' id='word_1_675' title='bbox 322 4792 489 4839; x_wconf 77' lang='grc' dir='ltr'>Τοῦτο</span> <span class='ocrx_word' id='word_1_676' title='bbox 541 4796 633 4840; x_wconf 83' lang='grc' dir='ltr'><strong>τοῦ</strong></span> <span class='ocrx_word' id='word_1_677' title='bbox 684 4788 901 4842; x_wconf 79' lang='grc' dir='ltr'>Ἠσαίου</span> <span class='ocrx_word' id='word_1_678' title='bbox 946 4789 1109 4844; x_wconf 77' lang='grc' dir='ltr'>ἐστίν·</span> <span class='ocrx_word' id='word_1_679' title='bbox 1142 4793 1464 4866; x_wconf 78' lang='grc' dir='ltr'>ἡρμήνευται</span> <span class='ocrx_word' id='word_1_680' title='bbox 1508 4790 1567 4847; x_wconf 69' lang='grc' dir='ltr'><strong>δὲ</strong></span> <span class='ocrx_word' id='word_1_681' title='bbox 1618 4801 1708 4848; x_wconf 85' lang='grc' dir='ltr'>καὶ</span> <span class='ocrx_word' id='word_1_682' title='bbox 1746 4804 1863 4850; x_wconf 81' lang='grc' dir='ltr'><strong>τοῦ·</strong></span> 
     </span>
    </p>
   </div>
   <div class='ocr_carea' id='block_1_100' title="bbox 247 4875 1861 4958">
    <p class='ocr_par' dir='ltr' id='par_1_100' title="bbox 247 4875 1861 4958">
     <span class='ocr_line' id='line_1_100' title="bbox 247 4875 1861 4958; baseline 0.007 -31"><span class='ocrx_word' id='word_1_683' title='bbox 247 4895 311 4927; x_wconf 88' lang='grc' dir='ltr'><strong>το</strong></span> <span class='ocrx_word' id='word_1_684' title='bbox 364 4875 519 4929; x_wconf 78' lang='grc' dir='ltr'>πάλιν</span> <span class='ocrx_word' id='word_1_685' title='bbox 560 4878 611 4930; x_wconf 74' lang='grc' dir='ltr'>ἐν</span> <span class='ocrx_word' id='word_1_686' title='bbox 651 4886 714 4952; x_wconf 77' lang='grc' dir='ltr'>τῇ</span> <span class='ocrx_word' id='word_1_687' title='bbox 765 4878 1014 4952; x_wconf 57' lang='grc' dir='ltr'><strong>ἐξηγήσει</strong></span> <span class='ocrx_word' id='word_1_688' title='bbox 1070 4888 1162 4935; x_wconf 85' lang='grc' dir='ltr'><strong>τοῦ</strong></span> <span class='ocrx_word' id='word_1_689' title='bbox 1217 4887 1397 4958; x_wconf 84' lang='grc' dir='ltr'>τρίτου</span> <span class='ocrx_word' id='word_1_690' title='bbox 1446 4883 1723 4956; x_wconf 78' lang='grc' dir='ltr'>κεφαλαίου</span> <span class='ocrx_word' id='word_1_691' title='bbox 1768 4894 1861 4939; x_wconf 76' lang='grc' dir='ltr'><strong>τοῦ</strong></span> 
     </span>
    </p>
   </div>
   <div class='ocr_carea' id='block_1_101' title="bbox 246 4967 1861 5049">
    <p class='ocr_par' dir='ltr' id='par_1_101' title="bbox 246 4967 1861 5049">
     <span class='ocr_line' id='line_1_101' title="bbox 246 4967 1861 5049; baseline 0.009 -34"><span class='ocrx_word' id='word_1_692' title='bbox 246 4967 387 5017; x_wconf 83' lang='grc' dir='ltr'>κατά</span> <span class='ocrx_word' id='word_1_693' title='bbox 438 4968 707 5021; x_wconf 84' lang='grc' dir='ltr'>Ματθαῖον</span> <span class='ocrx_word' id='word_1_694' title='bbox 755 4969 1091 5041; x_wconf 73' lang='grc' dir='ltr'>Εὐαγγελίου,</span> <span class='ocrx_word' id='word_1_695' title='bbox 1134 4976 1224 5025; x_wconf 82' lang='grc' dir='ltr'><strong>καὶ</strong></span> <span class='ocrx_word' id='word_1_696' title='bbox 1288 4976 1428 5035; x_wconf 80' lang='grc' dir='ltr'>ζήτει</span> <span class='ocrx_word' id='word_1_697' title='bbox 1476 4972 1595 5026; x_wconf 77' lang='grc' dir='ltr'>ἐκεῖ.</span> <span class='ocrx_word' id='word_1_698' title='bbox 1644 4977 1725 5027; x_wconf 81' lang='grc' dir='ltr'><strong>Τὰ</strong></span> <span class='ocrx_word' id='word_1_699' title='bbox 1770 4978 1861 5049; x_wconf 71' lang='grc' dir='ltr'><strong>μεν</strong></span> 
     </span>
    </p>
   </div>
   <div class='ocr_carea' id='block_1_102' title="bbox 246 5050 1857 5136">
    <p class='ocr_par' dir='ltr' id='par_1_102' title="bbox 246 5050 1857 5136">
     <span class='ocr_line' id='line_1_102' title="bbox 246 5050 1857 5136; baseline 0.007 -31"><span class='ocrx_word' id='word_1_700' title='bbox 246 5050 339 5106; x_wconf 76' lang='grc' dir='ltr'>οὖν</span> <span class='ocrx_word' id='word_1_701' title='bbox 404 5059 706 5129; x_wconf 80' lang='grc' dir='ltr'>προφητικὰ</span> <span class='ocrx_word' id='word_1_702' title='bbox 762 5066 932 5112; x_wconf 80' lang='grc' dir='ltr'>ταῦτα</span> <span class='ocrx_word' id='word_1_703' title='bbox 982 5061 1119 5135; x_wconf 79' lang='grc' dir='ltr'><strong>ῥητὰ</strong></span> <span class='ocrx_word' id='word_1_704' title='bbox 1174 5068 1463 5134; x_wconf 73' lang='grc' dir='ltr'>συμφώνως</span> <span class='ocrx_word' id='word_1_705' title='bbox 1516 5065 1857 5136; x_wconf 67' lang='grc' dir='ltr'>κεκράγασιν,</span> 
     </span>
    </p>
   </div>
   <div class='ocr_carea' id='block_1_103' title="bbox 244 5145 1859 5229">
    <p class='ocr_par' dir='ltr' id='par_1_103' title="bbox 244 5145 1859 5229">
     <span class='ocr_line' id='line_1_103' title="bbox 244 5145 1859 5229; baseline 0.008 -34"><span class='ocrx_word' id='word_1_706' title='bbox 244 5145 328 5196; x_wconf 82' lang='grc' dir='ltr'>ὅτι</span> <span class='ocrx_word' id='word_1_707' title='bbox 367 5145 394 5196; x_wconf 87' lang='grc' dir='ltr'><strong><em>ὁ</em></strong></span> <span class='ocrx_word' id='word_1_708' title='bbox 447 5146 683 5208; x_wconf 66' lang='grc' dir='ltr'>Ἰωάκνης</span> <span class='ocrx_word' id='word_1_709' title='bbox 732 5145 1045 5222; x_wconf 77' lang='grc' dir='ltr'>προοδεύσει</span> <span class='ocrx_word' id='word_1_710' title='bbox 1102 5160 1193 5204; x_wconf 81' lang='grc' dir='ltr'><strong>τοῦ</strong></span> <span class='ocrx_word' id='word_1_711' title='bbox 1240 5159 1497 5225; x_wconf 83' lang='grc' dir='ltr'>Χριστοῦ,</span> <span class='ocrx_word' id='word_1_712' title='bbox 1552 5158 1641 5205; x_wconf 77' lang='grc' dir='ltr'>καὶ</span> <span class='ocrx_word' id='word_1_713' title='bbox 1689 5154 1859 5229; x_wconf 70' lang='grc' dir='ltr'>εὐτρε-</span> 
     </span>
    </p>
   </div>
   <div class='ocr_carea' id='block_1_104' title="bbox 322 5324 1387 5398">
    <p class='ocr_par' dir='ltr' id='par_1_104' title="bbox 322 5324 1387 5398">
     <span class='ocr_line' id='line_1_104' title="bbox 322 5324 1387 5398; baseline 0.007 -19"><span class='ocrx_word' id='word_1_714' title='bbox 322 5324 344 5357; x_wconf 75' lang='grc'>⁵</span> <span class='ocrx_word' id='word_1_715' title='bbox 378 5324 398 5379; x_wconf 89' lang='grc'><strong>1</strong></span> <span class='ocrx_word' id='word_1_716' title='bbox 428 5324 582 5382; x_wconf 85' lang='lat' dir='ltr'><strong>Petr.</strong></span> <span class='ocrx_word' id='word_1_717' title='bbox 612 5341 671 5392; x_wconf 87' lang='lat' dir='ltr'><strong>v,</strong></span> <span class='ocrx_word' id='word_1_718' title='bbox 705 5327 791 5384; x_wconf 89' lang='grc'><strong>13.</strong></span> <span class='ocrx_word' id='word_1_719' title='bbox 906 5329 928 5364; x_wconf 80' lang='grc'>⁸</span> <span class='ocrx_word' id='word_1_720' title='bbox 954 5329 1153 5387; x_wconf 85' lang='lat' dir='ltr'><strong>Matth.</strong></span> <span class='ocrx_word' id='word_1_721' title='bbox 1184 5347 1267 5398; x_wconf 70' lang='grc' dir='ltr'>χι,</span> <span class='ocrx_word' id='word_1_722' title='bbox 1302 5330 1387 5386; x_wconf 85' lang='grc'><strong>13.</strong></span> 
     </span>
    </p>
   </div>
   <div class='ocr_carea' id='block_1_105' title="bbox 1971 4601 3637 4680">
    <p class='ocr_par' dir='ltr' id='par_1_105' title="bbox 1971 4601 3637 4680">
     <span class='ocr_line' id='line_1_105' title="bbox 1971 4601 3637 4680; baseline -0.008 -10"><span class='ocrx_word' id='word_1_723' title='bbox 1971 4614 2132 4680; x_wconf 87' lang='lat' dir='ltr'><strong>tinet,</strong></span> <span class='ocrx_word' id='word_1_724' title='bbox 2179 4613 2365 4667; x_wconf 89' lang='lat' dir='ltr'><strong>Deum</strong></span> <span class='ocrx_word' id='word_1_725' title='bbox 2399 4618 2596 4666; x_wconf 87' lang='lat' dir='ltr'><strong>autem</strong></span> <span class='ocrx_word' id='word_1_726' title='bbox 2629 4623 2750 4663; x_wconf 91' lang='lat' dir='ltr'><strong>non</strong></span> <span class='ocrx_word' id='word_1_727' title='bbox 2780 4605 2965 4663; x_wconf 88' lang='lat' dir='ltr'><strong>habet</strong></span> <span class='ocrx_word' id='word_1_728' title='bbox 2992 4604 3337 4676; x_wconf 90' lang='lat' dir='ltr'><strong>hujusmodi</strong></span> <span class='ocrx_word' id='word_1_729' title='bbox 3389 4601 3637 4660; x_wconf 88' lang='lat' dir='ltr'><strong>semitas</strong></span> 
     </span>
    </p>
   </div>
   <div class='ocr_carea' id='block_1_106' title="bbox 1971 4700 2518 4775">
    <p class='ocr_par' dir='ltr' id='par_1_106' title="bbox 1971 4700 2518 4775">
     <span class='ocr_line' id='line_1_106' title="bbox 1971 4700 2518 4775; baseline -0.011 -15"><span class='ocrx_word' id='word_1_730' title='bbox 1971 4700 2518 4775; x_wconf 87' lang='lat' dir='ltr'><strong>perambulantem.</strong></span> 
     </span>
    </p>
   </div>
   <div class='ocr_carea' id='block_1_107' title="bbox 2043 4783 3639 4859">
    <p class='ocr_par' dir='ltr' id='par_1_107' title="bbox 2043 4783 3639 4859">
     <span class='ocr_line' id='line_1_107' title="bbox 2043 4783 3639 4859; baseline -0.004 -14"><span class='ocrx_word' id='word_1_731' title='bbox 2043 4791 2207 4848; x_wconf 82' lang='lat' dir='ltr'><strong>Isaiae</strong></span> <span class='ocrx_word' id='word_1_732' title='bbox 2240 4788 2649 4847; x_wconf 90' lang='lat' dir='ltr'><strong>testimonium</strong></span> <span class='ocrx_word' id='word_1_733' title='bbox 2678 4791 2789 4855; x_wconf 90' lang='lat' dir='ltr'><strong>est,</strong></span> <span class='ocrx_word' id='word_1_734' title='bbox 2830 4784 2998 4859; x_wconf 93' lang='lat' dir='ltr'><strong>quod</strong></span> <span class='ocrx_word' id='word_1_735' title='bbox 3027 4786 3207 4841; x_wconf 86' lang='lat' dir='ltr'><strong>etiam</strong></span> <span class='ocrx_word' id='word_1_736' title='bbox 3238 4783 3639 4856; x_wconf 87' lang='lat' dir='ltr'><strong>explanatum</strong></span> 
     </span>
    </p>
   </div>
   <div class='ocr_carea' id='block_1_108' title="bbox 1970 4872 3641 4948">
    <p class='ocr_par' dir='ltr' id='par_1_108' title="bbox 1970 4872 3641 4948">
     <span class='ocr_line' id='line_1_108' title="bbox 1970 4872 3641 4948; baseline -0.005 -10"><span class='ocrx_word' id='word_1_737' title='bbox 1970 4886 2059 4939; x_wconf 89' lang='lat' dir='ltr'><strong>est</strong></span> <span class='ocrx_word' id='word_1_738' title='bbox 2108 4881 2168 4938; x_wconf 89' lang='lat' dir='ltr'><strong>in</strong></span> <span class='ocrx_word' id='word_1_739' title='bbox 2221 4880 2596 4937; x_wconf 88' lang='lat' dir='ltr'><strong>enarratione</strong></span> <span class='ocrx_word' id='word_1_740' title='bbox 2656 4876 2805 4934; x_wconf 90' lang='lat' dir='ltr'><strong>tertii</strong></span> <span class='ocrx_word' id='word_1_741' title='bbox 2857 4875 3069 4948; x_wconf 91' lang='lat' dir='ltr'><strong>capitis</strong></span> <span class='ocrx_word' id='word_1_742' title='bbox 3120 4872 3416 4946; x_wconf 83' lang='lat' dir='ltr'><strong>Evangelii</strong></span> <span class='ocrx_word' id='word_1_743' title='bbox 3466 4873 3641 4943; x_wconf 86' lang='lat' dir='ltr'><strong>juxta</strong></span> 
     </span>
    </p>
   </div>
   <div class='ocr_carea' id='block_1_109' title="bbox 1971 4960 3640 5040">
    <p class='ocr_par' dir='ltr' id='par_1_109' title="bbox 1971 4960 3640 5040">
     <span class='ocr_line' id='line_1_109' title="bbox 1971 4960 3640 5040; baseline -0.007 -11"><span class='ocrx_word' id='word_1_744' title='bbox 1971 4972 2331 5036; x_wconf 66' lang='lat' dir='ltr'><strong>Matthaaum,</strong></span> <span class='ocrx_word' id='word_1_745' title='bbox 2351 4969 2430 5025; x_wconf 91' lang='lat' dir='ltr'><strong>ibi</strong></span> <span class='ocrx_word' id='word_1_746' title='bbox 2454 4984 2595 5039; x_wconf 82' lang='lat' dir='ltr'><strong>ergo</strong></span> <span class='ocrx_word' id='word_1_747' title='bbox 2616 4966 2887 5040; x_wconf 77' lang='lat' dir='ltr'><strong>quaerito.</strong></span> <span class='ocrx_word' id='word_1_748' title='bbox 2920 4965 3052 5020; x_wconf 64' lang='lat' dir='ltr'><strong>Hinc</strong></span> <span class='ocrx_word' id='word_1_749' title='bbox 3069 4964 3271 5036; x_wconf 88' lang='lat' dir='ltr'><strong>itaque</strong></span> <span class='ocrx_word' id='word_1_750' title='bbox 3294 4960 3640 5035; x_wconf 87' lang='lat' dir='ltr'><strong>prophetica</strong></span> 
     </span>
    </p>
   </div>
   <div class='ocr_carea' id='block_1_110' title="bbox 1970 5053 3639 5127">
    <p class='ocr_par' dir='ltr' id='par_1_110' title="bbox 1970 5053 3639 5127">
     <span class='ocr_line' id='line_1_110' title="bbox 1970 5053 3639 5127; baseline -0.007 -8"><span class='ocrx_word' id='word_1_751' title='bbox 1970 5062 2129 5119; x_wconf 87' lang='lat' dir='ltr'><strong>dicta</strong></span> <span class='ocrx_word' id='word_1_752' title='bbox 2141 5059 2516 5118; x_wconf 87' lang='lat' dir='ltr'><strong>concorditer</strong></span> <span class='ocrx_word' id='word_1_753' title='bbox 2536 5058 2819 5121; x_wconf 90' lang='lat' dir='ltr'><strong>clamant,</strong></span> <span class='ocrx_word' id='word_1_754' title='bbox 2838 5053 3001 5127; x_wconf 88' lang='lat' dir='ltr'><strong>quod</strong></span> <span class='ocrx_word' id='word_1_755' title='bbox 3016 5054 3279 5109; x_wconf 85' lang='lat' dir='ltr'><strong>Joannes</strong></span> <span class='ocrx_word' id='word_1_756' title='bbox 3312 5066 3639 5124; x_wconf 85' lang='lat' dir='ltr'><strong>praecessu-</strong></span> 
     </span>
    </p>
   </div>
   <div class='ocr_carea' id='block_1_111' title="bbox 1970 5142 3636 5217">
    <p class='ocr_par' dir='ltr' id='par_1_111' title="bbox 1970 5142 3636 5217">
     <span class='ocr_line' id='line_1_111' title="bbox 1970 5142 3636 5217; baseline -0.008 -8"><span class='ocrx_word' id='word_1_757' title='bbox 1970 5168 2073 5209; x_wconf 91' lang='lat' dir='ltr'><strong>rus</strong></span> <span class='ocrx_word' id='word_1_758' title='bbox 2138 5155 2266 5207; x_wconf 88' lang='lat' dir='ltr'><strong>erat</strong></span> <span class='ocrx_word' id='word_1_759' title='bbox 2330 5148 2649 5214; x_wconf 87' lang='lat' dir='ltr'><strong>Christum,</strong></span> <span class='ocrx_word' id='word_1_760' title='bbox 2716 5146 2996 5217; x_wconf 85' lang='lat' dir='ltr'><strong>viamque</strong></span> <span class='ocrx_word' id='word_1_761' title='bbox 3063 5142 3115 5198; x_wconf 90' lang='lat' dir='ltr'><strong>ei</strong></span> <span class='ocrx_word' id='word_1_762' title='bbox 3182 5145 3636 5213; x_wconf 65' lang='lat' dir='ltr'><strong>praeparaturus</strong></span> 
     </span>
    </p>
   </div>
   <div class='ocr_carea' id='block_1_112' title="bbox 1482 5455 2406 5524">
    <p class='ocr_par' dir='ltr' id='par_1_112' title="bbox 1482 5455 2406 5524">
     <span class='ocr_line' id='line_1_112' title="bbox 1482 5455 2406 5524; baseline -0.005 0"><span class='ocrx_word' id='word_1_763' title='bbox 1482 5455 1708 5524; x_wconf 65' lang='lat' dir='ltr'><strong>Variae</strong></span> <span class='ocrx_word' id='word_1_764' title='bbox 1727 5455 2062 5524; x_wconf 88' lang='lat' dir='ltr'><strong>lectiones</strong></span> <span class='ocrx_word' id='word_1_765' title='bbox 2104 5465 2169 5522; x_wconf 94' lang='lat' dir='ltr'><strong>et</strong></span> <span class='ocrx_word' id='word_1_766' title='bbox 2204 5462 2406 5521; x_wconf 66' lang='lat' dir='ltr'><strong>notae.</strong></span> 
     </span>
    </p>
   </div>
   <div class='ocr_carea' id='block_1_113' title="bbox 276 5592 1862 5675">
    <p class='ocr_par' dir='ltr' id='par_1_113' title="bbox 276 5592 1862 5675">
     <span class='ocr_line' id='line_1_113' title="bbox 276 5592 1862 5675; baseline 0.005 -28"><span class='ocrx_word' id='word_1_767' title='bbox 276 5669 283 5673; x_wconf 87' lang='lat'>_</span> <span class='ocrx_word' id='word_1_768' title='bbox 325 5592 406 5665; x_wconf 86' lang='lat'><strong>(2)</strong></span> <span class='ocrx_word' id='word_1_769' title='bbox 436 5597 513 5675; x_wconf 57' lang='lat' dir='ltr'><strong>tit</strong></span> <span class='ocrx_word' id='word_1_770' title='bbox 538 5611 614 5652; x_wconf 88' lang='lat' dir='ltr'><strong>ex</strong></span> <span class='ocrx_word' id='word_1_771' title='bbox 642 5596 960 5675; x_wconf 71' lang='lat' dir='ltr'><strong>sophronii</strong></span> <span class='ocrx_word' id='word_1_772' title='bbox 989 5598 1051 5654; x_wconf 90' lang='lat' dir='ltr'><strong>in</strong></span> <span class='ocrx_word' id='word_1_773' title='bbox 1081 5602 1337 5656; x_wconf 82' lang='lat' dir='ltr'><strong>Marcum</strong></span> <span class='ocrx_word' id='word_1_774' title='bbox 1366 5598 1717 5656; x_wconf 70' lang='lat' dir='ltr'><strong>Praefatione</strong></span> <span class='ocrx_word' id='word_1_775' title='bbox 1747 5600 1862 5658; x_wconf 88' lang='lat' dir='ltr'><strong>col-</strong></span> 
     </span>
    </p>
   </div>
   <div class='ocr_carea' id='block_1_114' title="bbox 247 5666 980 5740">
    <p class='ocr_par' dir='ltr' id='par_1_114' title="bbox 247 5666 980 5740">
     <span class='ocr_line' id='line_1_114' title="bbox 247 5666 980 5740; baseline 0.007 -18"><span class='ocrx_word' id='word_1_776' title='bbox 247 5667 397 5740; x_wconf 80' lang='lat' dir='ltr'><strong>ligo,</strong></span> <span class='ocrx_word' id='word_1_777' title='bbox 432 5666 540 5722; x_wconf 87' lang='lat' dir='ltr'><strong>lib.</strong></span> <span class='ocrx_word' id='word_1_778' title='bbox 578 5686 628 5723; x_wconf 74' lang='lat' dir='ltr'><strong>vr</strong></span> <span class='ocrx_word' id='word_1_779' title='bbox 672 5666 980 5740; x_wconf 77' lang='lat' dir='ltr'><strong>Hypotyp.</strong></span> 
     </span>
    </p>
   </div>
   <div class='ocr_carea' id='block_1_115' title="bbox 328 5738 940 5812">
    <p class='ocr_par' dir='ltr' id='par_1_115' title="bbox 328 5738 940 5812">
     <span class='ocr_line' id='line_1_115' title="bbox 328 5738 940 5812; baseline 0.008 -21"><span class='ocrx_word' id='word_1_780' title='bbox 328 5738 407 5809; x_wconf 80' lang='lat'><strong>(&#39;2)</strong></span> <span class='ocrx_word' id='word_1_781' title='bbox 433 5740 593 5795; x_wconf 90' lang='lat' dir='ltr'><strong>Tom.</strong></span> <span class='ocrx_word' id='word_1_782' title='bbox 632 5740 745 5804; x_wconf 85' lang='lat' dir='ltr'><strong>VII,</strong></span> <span class='ocrx_word' id='word_1_783' title='bbox 771 5756 836 5812; x_wconf 91' lang='lat' dir='ltr'><strong>p.</strong></span> <span class='ocrx_word' id='word_1_784' title='bbox 882 5738 940 5796; x_wconf 23' lang='lat'><strong>‘9’.</strong></span> 
     </span>
    </p>
   </div>
   <div class='ocr_carea' id='block_1_116' title="bbox 2057 5594 2620 5667">
    <p class='ocr_par' dir='ltr' id='par_1_116' title="bbox 2057 5594 2620 5667">
     <span class='ocr_line' id='line_1_116' title="bbox 2057 5594 2620 5667; baseline -0.007 -14"><span class='ocrx_word' id='word_1_785' title='bbox 2057 5600 2134 5667; x_wconf 69' lang='grc'><strong>(4)</strong></span> <span class='ocrx_word' id='word_1_786' title='bbox 2159 5602 2309 5663; x_wconf 80' lang='grc' dir='ltr'>Νέας,</span> <span class='ocrx_word' id='word_1_787' title='bbox 2337 5596 2526 5653; x_wconf 87' lang='lat' dir='ltr'><strong>abest.</strong></span> <span class='ocrx_word' id='word_1_788' title='bbox 2554 5594 2620 5649; x_wconf 87' lang='lat' dir='ltr'><strong>A.</strong></span> 
     </span>
    </p>
   </div>
   <div class='ocr_carea' id='block_1_117' title="bbox 2056 5660 3241 5740">
    <p class='ocr_par' dir='ltr' id='par_1_117' title="bbox 2056 5660 3241 5740">
     <span class='ocr_line' id='line_1_117' title="bbox 2056 5660 3241 5740; baseline -0.008 -15"><span class='ocrx_word' id='word_1_789' title='bbox 2056 5660 2132 5740; x_wconf 66' lang='grc' dir='ltr'><strong>(ὅ)</strong></span> <span class='ocrx_word' id='word_1_790' title='bbox 2166 5660 2302 5725; x_wconf 71' lang='lat' dir='ltr'><strong>Htee</strong></span> <span class='ocrx_word' id='word_1_791' title='bbox 2327 5673 2571 5739; x_wconf 91' lang='lat' dir='ltr'><strong>uterque</strong></span> <span class='ocrx_word' id='word_1_792' title='bbox 2598 5666 2660 5721; x_wconf 90' lang='lat' dir='ltr'><strong>in</strong></span> <span class='ocrx_word' id='word_1_793' title='bbox 2689 5662 2960 5733; x_wconf 79' lang='lat' dir='ltr'><strong>margine</strong></span> <span class='ocrx_word' id='word_1_794' title='bbox 2985 5660 3241 5719; x_wconf 85' lang='lat' dir='ltr'><strong>exhibet.</strong></span> 
     </span>
    </p>
   </div>
  </div>
