  <div class='ocr_page' id='page_1' title='image "/cluster/home/n/w/nwhite01/storage/ocr_20150623/129/coo.31924054870344/397.png"; bbox 0 0 4096 6378; ppageno 0'>
   <div class='ocr_carea' id='block_1_1' title="bbox 539 290 643 347">
    <p class='ocr_par' dir='ltr' id='par_1_1' title="bbox 539 290 643 347">
     <span class='ocr_line' id='line_1_1' title="bbox 539 290 643 347; baseline 0.019 -2"><span class='ocrx_word' id='word_1_1' title='bbox 539 290 643 347; x_wconf 77' lang='lat'>773</span> 
     </span>
    </p>
   </div>
   <div class='ocr_carea' id='block_1_2' title="bbox 616 413 2206 486">
    <p class='ocr_par' dir='ltr' id='par_1_2' title="bbox 616 413 2206 486">
     <span class='ocr_line' id='line_1_2' title="bbox 616 413 2206 486; baseline -0.003 -15"><span class='ocrx_word' id='word_1_2' title='bbox 616 416 775 472; x_wconf 87' lang='lat' dir='ltr'>Vers.</span> <span class='ocrx_word' id='word_1_3' title='bbox 817 419 903 471; x_wconf 77' lang='grc'>11.</span> <span class='ocrx_word' id='word_1_4' title='bbox 936 417 1012 472; x_wconf 82' lang='lat' dir='ltr'>Et</span> <span class='ocrx_word' id='word_1_5' title='bbox 1042 433 1149 474; x_wconf 74' lang='lat' dir='ltr'>vox</span> <span class='ocrx_word' id='word_1_6' title='bbox 1179 448 1245 457; x_wconf 95' lang='lat'><strong><em>—</em></strong></span> <span class='ocrx_word' id='word_1_7' title='bbox 1285 415 1688 486; x_wconf 82' lang='lat' dir='ltr'>complacitum</span> <span class='ocrx_word' id='word_1_8' title='bbox 1727 419 1831 470; x_wconf 82' lang='lat' dir='ltr'>est.</span> <span class='ocrx_word' id='word_1_9' title='bbox 1891 413 1957 468; x_wconf 88' lang='lat' dir='ltr'>In</span> <span class='ocrx_word' id='word_1_10' title='bbox 2015 414 2206 468; x_wconf 87' lang='lat' dir='ltr'>Evan-</span> 
     </span>
    </p>
   </div>
   <div class='ocr_carea' id='block_1_3' title="bbox 542 503 2207 578">
    <p class='ocr_par' dir='ltr' id='par_1_3' title="bbox 542 503 2207 578">
     <span class='ocr_line' id='line_1_3' title="bbox 542 503 2207 578; baseline -0.002 -18"><span class='ocrx_word' id='word_1_11' title='bbox 542 506 693 574; x_wconf 77' lang='lat' dir='ltr'>gelio</span> <span class='ocrx_word' id='word_1_12' title='bbox 746 506 918 577; x_wconf 81' lang='lat' dir='ltr'>juxta</span> <span class='ocrx_word' id='word_1_13' title='bbox 981 507 1316 563; x_wconf 67' lang='lat' dir='ltr'>Matthreum</span> <span class='ocrx_word' id='word_1_14' title='bbox 1383 507 1675 578; x_wconf 86' lang='lat' dir='ltr'>scriptum</span> <span class='ocrx_word' id='word_1_15' title='bbox 1735 509 1822 559; x_wconf 88' lang='lat' dir='ltr'>est</span> <span class='ocrx_word' id='word_1_16' title='bbox 1887 503 2057 558; x_wconf 81' lang='lat' dir='ltr'>:Hic</span> <span class='ocrx_word' id='word_1_17' title='bbox 2124 507 2207 558; x_wconf 83' lang='lat' dir='ltr'>est</span> 
     </span>
    </p>
   </div>
   <div class='ocr_carea' id='block_1_4' title="bbox 544 591 2202 652">
    <p class='ocr_par' dir='ltr' id='par_1_4' title="bbox 544 591 2202 652">
     <span class='ocr_line' id='line_1_4' title="bbox 544 591 2202 652; baseline -0.002 -3"><span class='ocrx_word' id='word_1_18' title='bbox 544 596 732 650; x_wconf 76' lang='lat' dir='ltr'>Filius</span> <span class='ocrx_word' id='word_1_19' title='bbox 775 611 935 652; x_wconf 82' lang='lat' dir='ltr'>meus</span> <span class='ocrx_word' id='word_1_20' title='bbox 968 598 1034 648; x_wconf 66' lang='grc'>1³.</span> <span class='ocrx_word' id='word_1_21' title='bbox 1099 599 1325 650; x_wconf 83' lang='lat' dir='ltr'>Marcus</span> <span class='ocrx_word' id='word_1_22' title='bbox 1356 603 1554 652; x_wconf 88' lang='lat' dir='ltr'>autem</span> <span class='ocrx_word' id='word_1_23' title='bbox 1586 600 1640 649; x_wconf 90' lang='lat' dir='ltr'>et</span> <span class='ocrx_word' id='word_1_24' title='bbox 1702 593 1892 648; x_wconf 87' lang='lat' dir='ltr'>Lucas</span> <span class='ocrx_word' id='word_1_25' title='bbox 1944 591 2202 647; x_wconf 87' lang='lat' dir='ltr'>habent:</span> 
     </span>
    </p>
   </div>
   <div class='ocr_carea' id='block_1_5' title="bbox 548 679 2207 756">
    <p class='ocr_par' dir='ltr' id='par_1_5' title="bbox 548 679 2207 756">
     <span class='ocr_line' id='line_1_5' title="bbox 548 679 2207 756; baseline -0.002 -17"><span class='ocrx_word' id='word_1_26' title='bbox 548 685 634 740; x_wconf 88' lang='lat' dir='ltr'>Tu</span> <span class='ocrx_word' id='word_1_27' title='bbox 661 701 715 740; x_wconf 82' lang='lat' dir='ltr'>es</span> <span class='ocrx_word' id='word_1_28' title='bbox 765 686 954 740; x_wconf 71' lang='lat' dir='ltr'>Filius</span> <span class='ocrx_word' id='word_1_29' title='bbox 1004 702 1164 741; x_wconf 73' lang='lat' dir='ltr'>meus</span> <span class='ocrx_word' id='word_1_30' title='bbox 1199 688 1268 740; x_wconf 69' lang='grc'>³³.</span> <span class='ocrx_word' id='word_1_31' title='bbox 1319 685 1473 754; x_wconf 83' lang='lat' dir='ltr'>Quid</span> <span class='ocrx_word' id='word_1_32' title='bbox 1530 699 1668 756; x_wconf 88' lang='lat' dir='ltr'>ergo</span> <span class='ocrx_word' id='word_1_33' title='bbox 1699 683 1964 738; x_wconf 82' lang='lat' dir='ltr'>dicemus</span> <span class='ocrx_word' id='word_1_34' title='bbox 1991 686 2014 732; x_wconf 91' lang='lat'><strong>?</strong></span> <span class='ocrx_word' id='word_1_35' title='bbox 2051 679 2207 736; x_wconf 85' lang='lat' dir='ltr'>Nihil</span> 
     </span>
    </p>
   </div>
   <div class='ocr_carea' id='block_1_6' title="bbox 540 769 2206 845">
    <p class='ocr_par' dir='ltr' id='par_1_6' title="bbox 540 769 2206 845">
     <span class='ocr_line' id='line_1_6' title="bbox 540 769 2206 845; baseline -0.003 -16"><span class='ocrx_word' id='word_1_36' title='bbox 540 774 703 830; x_wconf 94' lang='lat' dir='ltr'>aliud</span> <span class='ocrx_word' id='word_1_37' title='bbox 730 790 915 845; x_wconf 89' lang='lat' dir='ltr'>quam</span> <span class='ocrx_word' id='word_1_38' title='bbox 947 775 1110 845; x_wconf 89' lang='lat' dir='ltr'>quod</span> <span class='ocrx_word' id='word_1_39' title='bbox 1135 775 1298 845; x_wconf 88' lang='lat' dir='ltr'>apud</span> <span class='ocrx_word' id='word_1_40' title='bbox 1329 774 1671 830; x_wconf 68' lang='lat' dir='ltr'>Matthaeum</span> <span class='ocrx_word' id='word_1_41' title='bbox 1696 771 1955 826; x_wconf 80' lang='lat' dir='ltr'>diximus</span> <span class='ocrx_word' id='word_1_42' title='bbox 1985 786 1998 826; x_wconf 91' lang='lat'><strong>:</strong></span> <span class='ocrx_word' id='word_1_43' title='bbox 2041 769 2206 842; x_wconf 92' lang='lat' dir='ltr'>quod</span> 
     </span>
    </p>
   </div>
   <div class='ocr_carea' id='block_1_7' title="bbox 538 858 2207 935">
    <p class='ocr_par' dir='ltr' id='par_1_7' title="bbox 538 858 2207 935">
     <span class='ocr_line' id='line_1_7' title="bbox 538 858 2207 935; baseline -0.003 -16"><span class='ocrx_word' id='word_1_44' title='bbox 538 863 908 933; x_wconf 59' lang='lat' dir='ltr'>evangelista:</span> <span class='ocrx_word' id='word_1_45' title='bbox 963 865 1258 919; x_wconf 86' lang='lat' dir='ltr'>interdum</span> <span class='ocrx_word' id='word_1_46' title='bbox 1293 865 1533 935; x_wconf 85' lang='lat' dir='ltr'>quidem</span> <span class='ocrx_word' id='word_1_47' title='bbox 1585 863 1805 932; x_wconf 79' lang='lat' dir='ltr'>integre</span> <span class='ocrx_word' id='word_1_48' title='bbox 1853 858 2207 932; x_wconf 90' lang='lat' dir='ltr'>hujusmodi</span> 
     </span>
    </p>
   </div>
   <div class='ocr_carea' id='block_1_8' title="bbox 538 951 2204 1024">
    <p class='ocr_par' dir='ltr' id='par_1_8' title="bbox 538 951 2204 1024">
     <span class='ocr_line' id='line_1_8' title="bbox 538 951 2204 1024; baseline -0.002 -16"><span class='ocrx_word' id='word_1_49' title='bbox 538 954 856 1010; x_wconf 78' lang='lat' dir='ltr'>verborum</span> <span class='ocrx_word' id='word_1_50' title='bbox 925 953 1291 1009; x_wconf 88' lang='lat' dir='ltr'>mentionem</span> <span class='ocrx_word' id='word_1_51' title='bbox 1342 952 1567 1008; x_wconf 79' lang='lat' dir='ltr'>faciunt</span> <span class='ocrx_word' id='word_1_52' title='bbox 1609 951 2015 1024; x_wconf 85' lang='lat' dir='ltr'>:quandoque</span> <span class='ocrx_word' id='word_1_53' title='bbox 2061 963 2204 1006; x_wconf 85' lang='lat' dir='ltr'>vero</span> 
     </span>
    </p>
   </div>
   <div class='ocr_carea' id='block_1_9' title="bbox 541 1038 2202 1115">
    <p class='ocr_par' dir='ltr' id='par_1_9' title="bbox 541 1038 2202 1115">
     <span class='ocr_line' id='line_1_9' title="bbox 541 1038 2202 1115; baseline -0.002 -17"><span class='ocrx_word' id='word_1_54' title='bbox 541 1043 896 1098; x_wconf 87' lang='lat' dir='ltr'>sententiam</span> <span class='ocrx_word' id='word_1_55' title='bbox 931 1043 1173 1115; x_wconf 89' lang='lat' dir='ltr'>quidem</span> <span class='ocrx_word' id='word_1_56' title='bbox 1232 1046 1470 1098; x_wconf 80' lang='lat' dir='ltr'>servant</span> <span class='ocrx_word' id='word_1_57' title='bbox 1521 1043 1816 1110; x_wconf 82' lang='lat' dir='ltr'>integram</span> <span class='ocrx_word' id='word_1_58' title='bbox 1850 1057 1862 1094; x_wconf 94' lang='lat'>:</span> <span class='ocrx_word' id='word_1_59' title='bbox 1895 1038 2202 1111; x_wconf 86' lang='lat' dir='ltr'>quasdam</span> 
     </span>
    </p>
   </div>
   <div class='ocr_carea' id='block_1_10' title="bbox 540 1128 2203 1194">
    <p class='ocr_par' dir='ltr' id='par_1_10' title="bbox 540 1128 2203 1194">
     <span class='ocr_line' id='line_1_10' title="bbox 540 1128 2203 1194; baseline -0.003 -6"><span class='ocrx_word' id='word_1_60' title='bbox 540 1138 742 1188; x_wconf 88' lang='lat' dir='ltr'>autem</span> <span class='ocrx_word' id='word_1_61' title='bbox 765 1133 1055 1188; x_wconf 88' lang='lat' dir='ltr'>dictiones</span> <span class='ocrx_word' id='word_1_62' title='bbox 1088 1148 1205 1189; x_wconf 88' lang='lat' dir='ltr'>non</span> <span class='ocrx_word' id='word_1_63' title='bbox 1230 1137 1509 1188; x_wconf 84' lang='lat' dir='ltr'>curantes</span> <span class='ocrx_word' id='word_1_64' title='bbox 1540 1132 1879 1194; x_wconf 85' lang='lat' dir='ltr'>immutant,</span> <span class='ocrx_word' id='word_1_65' title='bbox 1908 1129 2057 1184; x_wconf 90' lang='lat' dir='ltr'>dum</span> <span class='ocrx_word' id='word_1_66' title='bbox 2086 1128 2203 1184; x_wconf 93' lang='lat' dir='ltr'>hoc</span> 
     </span>
    </p>
   </div>
   <div class='ocr_carea' id='block_1_11' title="bbox 541 1219 2202 1293">
    <p class='ocr_par' dir='ltr' id='par_1_11' title="bbox 541 1219 2202 1293">
     <span class='ocr_line' id='line_1_11' title="bbox 541 1219 2202 1293; baseline 0.001 -18"><span class='ocrx_word' id='word_1_67' title='bbox 541 1221 801 1277; x_wconf 87' lang='lat' dir='ltr'>sermoni</span> <span class='ocrx_word' id='word_1_68' title='bbox 825 1222 971 1278; x_wconf 83' lang='lat' dir='ltr'>nihil</span> <span class='ocrx_word' id='word_1_69' title='bbox 993 1227 1184 1293; x_wconf 83' lang='lat' dir='ltr'>potest</span> <span class='ocrx_word' id='word_1_70' title='bbox 1209 1225 1440 1285; x_wconf 86' lang='lat' dir='ltr'>obesse,</span> <span class='ocrx_word' id='word_1_71' title='bbox 1469 1221 1634 1293; x_wconf 90' lang='lat' dir='ltr'>quod</span> <span class='ocrx_word' id='word_1_72' title='bbox 1667 1236 1774 1292; x_wconf 92' lang='lat' dir='ltr'>pro</span> <span class='ocrx_word' id='word_1_73' title='bbox 1799 1236 1919 1276; x_wconf 87' lang='lat' dir='ltr'>una</span> <span class='ocrx_word' id='word_1_74' title='bbox 1943 1219 2202 1276; x_wconf 83' lang='lat' dir='ltr'>dictione</span> 
     </span>
    </p>
   </div>
   <div class='ocr_carea' id='block_1_12' title="bbox 537 1308 2202 1382">
    <p class='ocr_par' dir='ltr' id='par_1_12' title="bbox 537 1308 2202 1382">
     <span class='ocr_line' id='line_1_12' title="bbox 537 1308 2202 1382; baseline -0.002 -14"><span class='ocrx_word' id='word_1_75' title='bbox 537 1313 655 1368; x_wconf 86' lang='lat' dir='ltr'>alia</span> <span class='ocrx_word' id='word_1_76' title='bbox 685 1312 842 1368; x_wconf 91' lang='lat' dir='ltr'>idem</span> <span class='ocrx_word' id='word_1_77' title='bbox 868 1312 1214 1382; x_wconf 83' lang='lat' dir='ltr'>signiﬁcans</span> <span class='ocrx_word' id='word_1_78' title='bbox 1242 1312 1579 1368; x_wconf 86' lang='lat' dir='ltr'>adducitur.</span> <span class='ocrx_word' id='word_1_79' title='bbox 1615 1313 1757 1365; x_wconf 86' lang='lat' dir='ltr'>Nam</span> <span class='ocrx_word' id='word_1_80' title='bbox 1778 1309 1934 1364; x_wconf 86' lang='lat' dir='ltr'>idem</span> <span class='ocrx_word' id='word_1_81' title='bbox 1956 1308 2202 1366; x_wconf 89' lang='lat' dir='ltr'>demon-</span> 
     </span>
    </p>
   </div>
   <div class='ocr_carea' id='block_1_13' title="bbox 540 1403 1092 1458">
    <p class='ocr_par' dir='ltr' id='par_1_13' title="bbox 540 1403 1092 1458">
     <span class='ocr_line' id='line_1_13' title="bbox 540 1403 1092 1458; baseline -0.004 0"><span class='ocrx_word' id='word_1_82' title='bbox 540 1407 730 1458; x_wconf 86' lang='lat' dir='ltr'>strant</span> <span class='ocrx_word' id='word_1_83' title='bbox 761 1403 868 1458; x_wconf 80' lang='lat' dir='ltr'>Hic</span> <span class='ocrx_word' id='word_1_84' title='bbox 898 1408 954 1458; x_wconf 91' lang='lat' dir='ltr'>et</span> <span class='ocrx_word' id='word_1_85' title='bbox 987 1403 1092 1457; x_wconf 83' lang='lat' dir='ltr'>Tu.</span> 
     </span>
    </p>
   </div>
   <div class='ocr_carea' id='block_1_14' title="bbox 612 1490 2201 1563">
    <p class='ocr_par' dir='ltr' id='par_1_14' title="bbox 612 1490 2201 1563">
     <span class='ocr_line' id='line_1_14' title="bbox 612 1490 2201 1563; baseline -0.003 -16"><span class='ocrx_word' id='word_1_86' title='bbox 612 1495 868 1547; x_wconf 77' lang='lat' dir='ltr'>Rursum</span> <span class='ocrx_word' id='word_1_87' title='bbox 901 1491 1094 1547; x_wconf 89' lang='lat' dir='ltr'>simile</span> <span class='ocrx_word' id='word_1_88' title='bbox 1142 1497 1229 1547; x_wconf 91' lang='lat' dir='ltr'>est</span> <span class='ocrx_word' id='word_1_89' title='bbox 1271 1491 1433 1563; x_wconf 91' lang='lat' dir='ltr'>quod</span> <span class='ocrx_word' id='word_1_90' title='bbox 1492 1490 1796 1547; x_wconf 68' lang='lat' dir='ltr'>Matthseus</span> <span class='ocrx_word' id='word_1_91' title='bbox 1853 1494 1908 1545; x_wconf 90' lang='lat' dir='ltr'>et</span> <span class='ocrx_word' id='word_1_92' title='bbox 1973 1491 2201 1545; x_wconf 87' lang='lat' dir='ltr'>Marcus</span> 
     </span>
    </p>
   </div>
   <div class='ocr_carea' id='block_1_15' title="bbox 540 1577 2197 1653">
    <p class='ocr_par' dir='ltr' id='par_1_15' title="bbox 540 1577 2197 1653">
     <span class='ocr_line' id='line_1_15' title="bbox 540 1577 2197 1653; baseline -0.001 -18"><span class='ocrx_word' id='word_1_93' title='bbox 540 1581 932 1653; x_wconf 88' lang='lat' dir='ltr'>scripserunt:</span> <span class='ocrx_word' id='word_1_94' title='bbox 970 1582 1037 1635; x_wconf 84' lang='lat' dir='ltr'>In</span> <span class='ocrx_word' id='word_1_95' title='bbox 1066 1596 1182 1652; x_wconf 83' lang='lat' dir='ltr'>quo</span> <span class='ocrx_word' id='word_1_96' title='bbox 1208 1580 1356 1635; x_wconf 79' lang='lat' dir='ltr'>mihi</span> <span class='ocrx_word' id='word_1_97' title='bbox 1382 1581 1524 1636; x_wconf 84' lang='lat' dir='ltr'>bene</span> <span class='ocrx_word' id='word_1_98' title='bbox 1543 1581 1962 1648; x_wconf 80' lang='lat' dir='ltr'>complacitum</span> <span class='ocrx_word' id='word_1_99' title='bbox 1992 1584 2073 1634; x_wconf 84' lang='lat' dir='ltr'>est</span> <span class='ocrx_word' id='word_1_100' title='bbox 2128 1577 2197 1646; x_wconf 69' lang='lat'>1‘,</span> 
     </span>
    </p>
   </div>
   <div class='ocr_carea' id='block_1_16' title="bbox 538 1669 2199 1744">
    <p class='ocr_par' dir='ltr' id='par_1_16' title="bbox 538 1669 2199 1744">
     <span class='ocr_line' id='line_1_16' title="bbox 538 1669 2199 1744; baseline -0.003 -17"><span class='ocrx_word' id='word_1_101' title='bbox 538 1677 595 1728; x_wconf 89' lang='lat' dir='ltr'>et</span> <span class='ocrx_word' id='word_1_102' title='bbox 618 1671 777 1744; x_wconf 90' lang='lat' dir='ltr'>quod</span> <span class='ocrx_word' id='word_1_103' title='bbox 810 1671 995 1726; x_wconf 87' lang='lat' dir='ltr'>Lucas</span> <span class='ocrx_word' id='word_1_104' title='bbox 1029 1672 1136 1729; x_wconf 88' lang='lat' dir='ltr'>:In</span> <span class='ocrx_word' id='word_1_105' title='bbox 1197 1677 1252 1727; x_wconf 83' lang='lat' dir='ltr'>te</span> <span class='ocrx_word' id='word_1_106' title='bbox 1279 1670 1424 1725; x_wconf 78' lang='lat' dir='ltr'>mihi</span> <span class='ocrx_word' id='word_1_107' title='bbox 1479 1670 1612 1726; x_wconf 88' lang='lat' dir='ltr'>bene</span> <span class='ocrx_word' id='word_1_108' title='bbox 1649 1669 2068 1738; x_wconf 78' lang='lat' dir='ltr'>complacitum</span> <span class='ocrx_word' id='word_1_109' title='bbox 2117 1674 2199 1724; x_wconf 76' lang='lat' dir='ltr'>est</span> 
     </span>
    </p>
   </div>
   <div class='ocr_carea' id='block_1_17' title="bbox 613 1848 2202 1921">
    <p class='ocr_par' dir='ltr' id='par_1_17' title="bbox 613 1848 2202 1921">
     <span class='ocr_line' id='line_1_17' title="bbox 613 1848 2202 1921; baseline -0.001 -17"><span class='ocrx_word' id='word_1_110' title='bbox 613 1850 775 1906; x_wconf 90' lang='lat' dir='ltr'>Vers.</span> <span class='ocrx_word' id='word_1_111' title='bbox 808 1850 894 1903; x_wconf 82' lang='grc'>12.</span> <span class='ocrx_word' id='word_1_112' title='bbox 920 1881 985 1890; x_wconf 94' lang='grc'><strong>-</strong></span> <span class='ocrx_word' id='word_1_113' title='bbox 1017 1851 1359 1921; x_wconf 57' lang='lat' dir='ltr'>Statimque.</span> <span class='ocrx_word' id='word_1_114' title='bbox 1395 1850 1558 1906; x_wconf 85' lang='lat' dir='ltr'>Vers.</span> <span class='ocrx_word' id='word_1_115' title='bbox 1599 1848 1938 1905; x_wconf 75' lang='lat' dir='ltr'>13.Satana.</span> <span class='ocrx_word' id='word_1_116' title='bbox 1970 1848 2202 1903; x_wconf 88' lang='lat' dir='ltr'>Dictum</span> 
     </span>
    </p>
   </div>
   <div class='ocr_carea' id='block_1_18' title="bbox 534 1938 2202 2011">
    <p class='ocr_par' dir='ltr' id='par_1_18' title="bbox 534 1938 2202 2011">
     <span class='ocr_line' id='line_1_18' title="bbox 534 1938 2202 2011; baseline -0.002 -15"><span class='ocrx_word' id='word_1_117' title='bbox 534 1939 715 1997; x_wconf 88' lang='lat' dir='ltr'>estde</span> <span class='ocrx_word' id='word_1_118' title='bbox 745 1939 838 1996; x_wconf 84' lang='lat' dir='ltr'>his</span> <span class='ocrx_word' id='word_1_119' title='bbox 869 1939 1035 1996; x_wconf 90' lang='lat' dir='ltr'>tertio</span> <span class='ocrx_word' id='word_1_120' title='bbox 1047 1939 1216 2010; x_wconf 80' lang='lat' dir='ltr'>juxta</span> <span class='ocrx_word' id='word_1_121' title='bbox 1246 1939 1584 1995; x_wconf 82' lang='lat' dir='ltr'>Matthseum</span> <span class='ocrx_word' id='word_1_122' title='bbox 1609 1939 1819 2011; x_wconf 82' lang='lat' dir='ltr'>capite.</span> <span class='ocrx_word' id='word_1_123' title='bbox 1854 1938 1953 1994; x_wconf 86' lang='lat' dir='ltr'>Ille</span> <span class='ocrx_word' id='word_1_124' title='bbox 1982 1944 2202 2001; x_wconf 89' lang='lat' dir='ltr'>tamen,</span> 
     </span>
    </p>
   </div>
   <div class='ocr_carea' id='block_1_19' title="bbox 537 2027 2200 2091">
    <p class='ocr_par' dir='ltr' id='par_1_19' title="bbox 537 2027 2200 2091">
     <span class='ocr_line' id='line_1_19' title="bbox 537 2027 2200 2091; baseline -0.002 -6"><span class='ocrx_word' id='word_1_125' title='bbox 537 2029 718 2085; x_wconf 86' lang='lat' dir='ltr'>simul</span> <span class='ocrx_word' id='word_1_126' title='bbox 749 2035 804 2084; x_wconf 93' lang='lat' dir='ltr'>et</span> <span class='ocrx_word' id='word_1_127' title='bbox 833 2031 1018 2086; x_wconf 80' lang='lat' dir='ltr'>Lucas</span> <span class='ocrx_word' id='word_1_128' title='bbox 1059 2028 1366 2084; x_wconf 83' lang='lat' dir='ltr'>dixerunt:</span> <span class='ocrx_word' id='word_1_129' title='bbox 1402 2029 1447 2083; x_wconf 75' lang='grc' dir='ltr'><strong><em>Α</em></strong></span> <span class='ocrx_word' id='word_1_130' title='bbox 1486 2027 1716 2085; x_wconf 74' lang='lat' dir='ltr'>diabolo</span> <span class='ocrx_word' id='word_1_131' title='bbox 1746 2029 1812 2089; x_wconf 71' lang='grc' dir='ltr'>η,</span> <span class='ocrx_word' id='word_1_132' title='bbox 1856 2027 1950 2082; x_wconf 88' lang='lat' dir='ltr'>hic</span> <span class='ocrx_word' id='word_1_133' title='bbox 1977 2034 2200 2091; x_wconf 86' lang='lat' dir='ltr'>autem,</span> 
     </span>
    </p>
   </div>
   <div class='ocr_carea' id='block_1_20' title="bbox 537 2116 2205 2174">
    <p class='ocr_par' dir='ltr' id='par_1_20' title="bbox 537 2116 2205 2174">
     <span class='ocr_line' id='line_1_20' title="bbox 537 2116 2205 2174; baseline -0.002 0"><span class='ocrx_word' id='word_1_134' title='bbox 537 2121 586 2174; x_wconf 86' lang='lat' dir='ltr'><strong><em>A</em></strong></span> <span class='ocrx_word' id='word_1_135' title='bbox 608 2118 849 2174; x_wconf 87' lang='lat' dir='ltr'>Salana.</span> <span class='ocrx_word' id='word_1_136' title='bbox 883 2119 1032 2173; x_wconf 89' lang='lat' dir='ltr'>Cum</span> <span class='ocrx_word' id='word_1_137' title='bbox 1065 2118 1223 2172; x_wconf 90' lang='lat' dir='ltr'>enim</span> <span class='ocrx_word' id='word_1_138' title='bbox 1256 2117 1497 2172; x_wconf 78' lang='lat' dir='ltr'>daemon</span> <span class='ocrx_word' id='word_1_139' title='bbox 1551 2117 1740 2173; x_wconf 86' lang='lat' dir='ltr'>multa</span> <span class='ocrx_word' id='word_1_140' title='bbox 1770 2116 1990 2172; x_wconf 83' lang='lat' dir='ltr'>habeat</span> <span class='ocrx_word' id='word_1_141' title='bbox 2014 2116 2205 2172; x_wconf 88' lang='lat' dir='ltr'>nomi-</span> 
     </span>
    </p>
   </div>
   <div class='ocr_carea' id='block_1_21' title="bbox 538 2206 2204 2279">
    <p class='ocr_par' dir='ltr' id='par_1_21' title="bbox 538 2206 2204 2279">
     <span class='ocr_line' id='line_1_21' title="bbox 538 2206 2204 2279; baseline -0.001 -16"><span class='ocrx_word' id='word_1_142' title='bbox 538 2223 638 2274; x_wconf 88' lang='lat' dir='ltr'>na,</span> <span class='ocrx_word' id='word_1_143' title='bbox 665 2212 717 2262; x_wconf 91' lang='lat' dir='ltr'>et</span> <span class='ocrx_word' id='word_1_144' title='bbox 740 2207 818 2263; x_wconf 86' lang='lat' dir='ltr'>ab</span> <span class='ocrx_word' id='word_1_145' title='bbox 850 2223 1209 2279; x_wconf 86' lang='lat' dir='ltr'>unaquaque</span> <span class='ocrx_word' id='word_1_146' title='bbox 1256 2206 1479 2262; x_wconf 86' lang='lat' dir='ltr'>malitia</span> <span class='ocrx_word' id='word_1_147' title='bbox 1519 2222 1630 2262; x_wconf 88' lang='lat' dir='ltr'>sua</span> <span class='ocrx_word' id='word_1_148' title='bbox 1663 2206 1906 2278; x_wconf 83' lang='lat' dir='ltr'>recipiat</span> <span class='ocrx_word' id='word_1_149' title='bbox 1935 2206 2204 2278; x_wconf 86' lang='lat' dir='ltr'>appella-</span> 
     </span>
    </p>
   </div>
   <div class='ocr_carea' id='block_1_22' title="bbox 538 2295 2200 2368">
    <p class='ocr_par' dir='ltr' id='par_1_22' title="bbox 538 2295 2200 2368">
     <span class='ocr_line' id='line_1_22' title="bbox 538 2295 2200 2368; baseline -0.001 -15"><span class='ocrx_word' id='word_1_150' title='bbox 538 2297 762 2354; x_wconf 89' lang='lat' dir='ltr'>tionem</span> <span class='ocrx_word' id='word_1_151' title='bbox 786 2313 798 2352; x_wconf 92' lang='lat'><strong>:</strong></span> <span class='ocrx_word' id='word_1_152' title='bbox 815 2296 892 2352; x_wconf 89' lang='lat' dir='ltr'>illi</span> <span class='ocrx_word' id='word_1_153' title='bbox 911 2297 1156 2368; x_wconf 91' lang='lat' dir='ltr'>quidem</span> <span class='ocrx_word' id='word_1_154' title='bbox 1174 2313 1363 2352; x_wconf 90' lang='lat' dir='ltr'>unum</span> <span class='ocrx_word' id='word_1_155' title='bbox 1383 2302 1731 2368; x_wconf 84' lang='lat' dir='ltr'>posuerunt,</span> <span class='ocrx_word' id='word_1_156' title='bbox 1753 2296 1847 2352; x_wconf 81' lang='lat' dir='ltr'>hic</span> <span class='ocrx_word' id='word_1_157' title='bbox 1864 2311 2003 2351; x_wconf 89' lang='lat' dir='ltr'>vero</span> <span class='ocrx_word' id='word_1_158' title='bbox 2017 2295 2200 2352; x_wconf 87' lang='lat' dir='ltr'>aliud.</span> 
     </span>
    </p>
   </div>
   <div class='ocr_carea' id='block_1_23' title="bbox 613 2492 2201 2560">
    <p class='ocr_par' dir='ltr' id='par_1_23' title="bbox 613 2492 2201 2560">
     <span class='ocr_line' id='line_1_23' title="bbox 613 2492 2201 2560; baseline 0 -12"><span class='ocrx_word' id='word_1_159' title='bbox 613 2493 806 2548; x_wconf 87' lang='lat' dir='ltr'>Dictus</span> <span class='ocrx_word' id='word_1_160' title='bbox 837 2497 922 2548; x_wconf 89' lang='lat' dir='ltr'>est</span> <span class='ocrx_word' id='word_1_161' title='bbox 967 2499 1167 2548; x_wconf 87' lang='lat' dir='ltr'>autem</span> <span class='ocrx_word' id='word_1_162' title='bbox 1229 2492 1504 2557; x_wconf 82' lang='lat' dir='ltr'>Satanas,</span> <span class='ocrx_word' id='word_1_163' title='bbox 1535 2492 1650 2548; x_wconf 91' lang='lat' dir='ltr'>hoc</span> <span class='ocrx_word' id='word_1_164' title='bbox 1705 2497 1794 2549; x_wconf 92' lang='lat' dir='ltr'>est</span> <span class='ocrx_word' id='word_1_165' title='bbox 1847 2492 2201 2560; x_wconf 88' lang='lat' dir='ltr'>contrarius,</span> 
     </span>
    </p>
   </div>
   <div class='ocr_carea' id='block_1_24' title="bbox 538 2581 2202 2649">
    <p class='ocr_par' dir='ltr' id='par_1_24' title="bbox 538 2581 2202 2649">
     <span class='ocr_line' id='line_1_24' title="bbox 538 2581 2202 2649; baseline 0.002 -13"><span class='ocrx_word' id='word_1_166' title='bbox 538 2582 686 2638; x_wconf 89' lang='lat' dir='ltr'>Nam</span> <span class='ocrx_word' id='word_1_167' title='bbox 719 2583 833 2637; x_wconf 91' lang='lat' dir='ltr'>Deo</span> <span class='ocrx_word' id='word_1_168' title='bbox 856 2581 1194 2638; x_wconf 90' lang='lat' dir='ltr'>contrarius</span> <span class='ocrx_word' id='word_1_169' title='bbox 1225 2588 1311 2638; x_wconf 91' lang='lat' dir='ltr'>est</span> <span class='ocrx_word' id='word_1_170' title='bbox 1337 2583 1598 2649; x_wconf 80' lang='lat' dir='ltr'>daemon,</span> <span class='ocrx_word' id='word_1_171' title='bbox 1642 2589 1697 2638; x_wconf 91' lang='lat' dir='ltr'>et</span> <span class='ocrx_word' id='word_1_172' title='bbox 1737 2583 2034 2640; x_wconf 89' lang='lat' dir='ltr'>contraria</span> <span class='ocrx_word' id='word_1_173' title='bbox 2080 2589 2202 2640; x_wconf 85' lang='lat' dir='ltr'>sta-</span> 
     </span>
    </p>
   </div>
   <div class='ocr_carea' id='block_1_25' title="bbox 538 2677 735 2727">
    <p class='ocr_par' dir='ltr' id='par_1_25' title="bbox 538 2677 735 2727">
     <span class='ocr_line' id='line_1_25' title="bbox 538 2677 735 2727; baseline -0.005 -2"><span class='ocrx_word' id='word_1_174' title='bbox 538 2677 735 2727; x_wconf 89' lang='lat' dir='ltr'>tuens.</span> 
     </span>
    </p>
   </div>
   <div class='ocr_carea' id='block_1_26' title="bbox 611 2761 2199 2818">
    <p class='ocr_par' dir='ltr' id='par_1_26' title="bbox 611 2761 2199 2818">
     <span class='ocr_line' id='line_1_26' title="bbox 611 2761 2199 2818; baseline 0.003 -4"><span class='ocrx_word' id='word_1_175' title='bbox 611 2763 770 2817; x_wconf 88' lang='lat' dir='ltr'>Vers.</span> <span class='ocrx_word' id='word_1_176' title='bbox 819 2761 899 2816; x_wconf 87' lang='lat' dir='ltr'>l3.</span> <span class='ocrx_word' id='word_1_177' title='bbox 930 2761 1007 2816; x_wconf 83' lang='lat' dir='ltr'>Et</span> <span class='ocrx_word' id='word_1_178' title='bbox 1034 2767 1161 2817; x_wconf 84' lang='lat' dir='ltr'>erat</span> <span class='ocrx_word' id='word_1_179' title='bbox 1189 2777 1322 2818; x_wconf 88' lang='lat' dir='ltr'>cum</span> <span class='ocrx_word' id='word_1_180' title='bbox 1351 2761 1562 2817; x_wconf 78' lang='lat' dir='ltr'>bestiis.</span> <span class='ocrx_word' id='word_1_181' title='bbox 1591 2763 1897 2818; x_wconf 73' lang='lat' dir='ltr'>Matthrnus</span> <span class='ocrx_word' id='word_1_182' title='bbox 1929 2767 1983 2818; x_wconf 89' lang='lat' dir='ltr'>et</span> <span class='ocrx_word' id='word_1_183' title='bbox 2009 2763 2199 2818; x_wconf 89' lang='lat' dir='ltr'>Lucas</span> 
     </span>
    </p>
   </div>
   <div class='ocr_carea' id='block_1_27' title="bbox 544 2851 2200 2923">
    <p class='ocr_par' dir='ltr' id='par_1_27' title="bbox 544 2851 2200 2923">
     <span class='ocr_line' id='line_1_27' title="bbox 544 2851 2200 2923; baseline 0.001 -17"><span class='ocrx_word' id='word_1_184' title='bbox 544 2865 763 2920; x_wconf 87' lang='lat' dir='ltr'>genera</span> <span class='ocrx_word' id='word_1_185' title='bbox 788 2867 1030 2922; x_wconf 90' lang='lat' dir='ltr'>quoque</span> <span class='ocrx_word' id='word_1_186' title='bbox 1063 2851 1453 2907; x_wconf 83' lang='lat' dir='ltr'>tentationum</span> <span class='ocrx_word' id='word_1_187' title='bbox 1487 2851 1842 2923; x_wconf 86' lang='lat' dir='ltr'>scripserunt</span> <span class='ocrx_word' id='word_1_188' title='bbox 1875 2853 1942 2904; x_wconf 70' lang='grc'>³⁷.</span> <span class='ocrx_word' id='word_1_189' title='bbox 1977 2855 2200 2908; x_wconf 85' lang='lat' dir='ltr'>Marcus</span> 
     </span>
    </p>
   </div>
   <div class='ocr_carea' id='block_1_28' title="bbox 536 2939 2195 3010">
    <p class='ocr_par' dir='ltr' id='par_1_28' title="bbox 536 2939 2195 3010">
     <span class='ocr_line' id='line_1_28' title="bbox 536 2939 2195 3010; baseline 0.002 -17"><span class='ocrx_word' id='word_1_190' title='bbox 536 2955 675 2994; x_wconf 88' lang='lat' dir='ltr'>vero</span> <span class='ocrx_word' id='word_1_191' title='bbox 697 2953 832 2994; x_wconf 89' lang='lat' dir='ltr'>cum</span> <span class='ocrx_word' id='word_1_192' title='bbox 874 2955 1059 3010; x_wconf 87' lang='lat' dir='ltr'>supra</span> <span class='ocrx_word' id='word_1_193' title='bbox 1115 2944 1362 2994; x_wconf 66' lang='lat' dir='ltr'>caeteros</span> <span class='ocrx_word' id='word_1_194' title='bbox 1416 2939 1718 2996; x_wconf 88' lang='lat' dir='ltr'>brevitatis</span> <span class='ocrx_word' id='word_1_195' title='bbox 1765 2946 1916 2996; x_wconf 86' lang='lat' dir='ltr'>esset</span> <span class='ocrx_word' id='word_1_196' title='bbox 1941 2947 2195 3008; x_wconf 87' lang='lat' dir='ltr'>amator,</span> 
     </span>
    </p>
   </div>
   <div class='ocr_carea' id='block_1_29' title="bbox 535 3027 2196 3099">
    <p class='ocr_par' dir='ltr' id='par_1_29' title="bbox 535 3027 2196 3099">
     <span class='ocr_line' id='line_1_29' title="bbox 535 3027 2196 3099; baseline 0.001 -17"><span class='ocrx_word' id='word_1_197' title='bbox 535 3027 680 3083; x_wconf 89' lang='lat' dir='ltr'>satis</span> <span class='ocrx_word' id='word_1_198' title='bbox 710 3029 936 3099; x_wconf 87' lang='lat' dir='ltr'>putavit</span> <span class='ocrx_word' id='word_1_199' title='bbox 984 3027 1181 3084; x_wconf 90' lang='lat' dir='ltr'>dicere</span> <span class='ocrx_word' id='word_1_200' title='bbox 1213 3030 1330 3084; x_wconf 79' lang='lat' dir='ltr'>:Et</span> <span class='ocrx_word' id='word_1_201' title='bbox 1384 3029 1748 3084; x_wconf 78' lang='lat' dir='ltr'>tentabatur.</span> <span class='ocrx_word' id='word_1_202' title='bbox 1780 3029 1842 3084; x_wconf 91' lang='lat' dir='ltr'>In</span> <span class='ocrx_word' id='word_1_203' title='bbox 1895 3029 2010 3086; x_wconf 91' lang='lat' dir='ltr'>hoc</span> <span class='ocrx_word' id='word_1_204' title='bbox 2039 3031 2196 3086; x_wconf 91' lang='lat' dir='ltr'>enim</span> 
     </span>
    </p>
   </div>
   <div class='ocr_carea' id='block_1_30' title="bbox 534 3118 2200 3190">
    <p class='ocr_par' dir='ltr' id='par_1_30' title="bbox 534 3118 2200 3190">
     <span class='ocr_line' id='line_1_30' title="bbox 534 3118 2200 3190; baseline 0.003 -19"><span class='ocrx_word' id='word_1_205' title='bbox 534 3131 754 3188; x_wconf 89' lang='lat' dir='ltr'>genera</span> <span class='ocrx_word' id='word_1_206' title='bbox 783 3133 1026 3190; x_wconf 87' lang='lat' dir='ltr'>quoque</span> <span class='ocrx_word' id='word_1_207' title='bbox 1074 3119 1423 3190; x_wconf 82' lang='lat' dir='ltr'>complexus</span> <span class='ocrx_word' id='word_1_208' title='bbox 1453 3124 1564 3174; x_wconf 88' lang='lat' dir='ltr'>est.</span> <span class='ocrx_word' id='word_1_209' title='bbox 1602 3118 1768 3186; x_wconf 92' lang='lat' dir='ltr'>Quod</span> <span class='ocrx_word' id='word_1_210' title='bbox 1813 3124 2014 3175; x_wconf 90' lang='lat' dir='ltr'>autem</span> <span class='ocrx_word' id='word_1_211' title='bbox 2073 3126 2200 3176; x_wconf 88' lang='lat' dir='ltr'>erat</span> 
     </span>
    </p>
   </div>
   <div class='ocr_carea' id='block_1_31' title="bbox 533 3206 2197 3280">
    <p class='ocr_par' dir='ltr' id='par_1_31' title="bbox 533 3206 2197 3280">
     <span class='ocr_line' id='line_1_31' title="bbox 533 3206 2197 3280; baseline 0.001 -18"><span class='ocrx_word' id='word_1_212' title='bbox 533 3222 670 3262; x_wconf 92' lang='lat' dir='ltr'>cum</span> <span class='ocrx_word' id='word_1_213' title='bbox 702 3206 926 3272; x_wconf 89' lang='lat' dir='ltr'>bestiis,</span> <span class='ocrx_word' id='word_1_214' title='bbox 949 3214 1188 3280; x_wconf 87' lang='lat' dir='ltr'>propter</span> <span class='ocrx_word' id='word_1_215' title='bbox 1201 3208 1613 3276; x_wconf 84' lang='lat' dir='ltr'>magnamloci</span> <span class='ocrx_word' id='word_1_216' title='bbox 1640 3209 2022 3264; x_wconf 89' lang='lat' dir='ltr'>solitudinem</span> <span class='ocrx_word' id='word_1_217' title='bbox 2046 3210 2197 3266; x_wconf 90' lang='lat' dir='ltr'>acci-</span> 
     </span>
    </p>
   </div>
   <div class='ocr_carea' id='block_1_32' title="bbox 533 3295 2198 3371">
    <p class='ocr_par' dir='ltr' id='par_1_32' title="bbox 533 3295 2198 3371">
     <span class='ocr_line' id='line_1_32' title="bbox 533 3295 2198 3371; baseline 0.002 -20"><span class='ocrx_word' id='word_1_218' title='bbox 533 3295 617 3352; x_wconf 89' lang='lat' dir='ltr'>dit</span> <span class='ocrx_word' id='word_1_219' title='bbox 659 3315 672 3363; x_wconf 92' lang='lat'>;</span> <span class='ocrx_word' id='word_1_220' title='bbox 708 3303 770 3352; x_wconf 91' lang='lat' dir='ltr'>ut</span> <span class='ocrx_word' id='word_1_221' title='bbox 799 3297 977 3353; x_wconf 85' lang='lat' dir='ltr'>etiam</span> <span class='ocrx_word' id='word_1_222' title='bbox 1004 3297 1082 3352; x_wconf 86' lang='lat' dir='ltr'>ab</span> <span class='ocrx_word' id='word_1_223' title='bbox 1112 3298 1225 3353; x_wconf 88' lang='lat' dir='ltr'>hoc</span> <span class='ocrx_word' id='word_1_224' title='bbox 1264 3297 1477 3364; x_wconf 90' lang='lat' dir='ltr'>discas,</span> <span class='ocrx_word' id='word_1_225' title='bbox 1537 3297 1698 3370; x_wconf 91' lang='lat' dir='ltr'>quod</span> <span class='ocrx_word' id='word_1_226' title='bbox 1755 3299 1804 3352; x_wconf 90' lang='lat' dir='ltr'>is</span> <span class='ocrx_word' id='word_1_227' title='bbox 1846 3299 1948 3371; x_wconf 90' lang='lat' dir='ltr'>qui</span> <span class='ocrx_word' id='word_1_228' title='bbox 2005 3304 2198 3355; x_wconf 87' lang='lat' dir='ltr'>tuetur</span> 
     </span>
    </p>
   </div>
   <div class='ocr_carea' id='block_1_33' title="bbox 533 3385 2245 3458">
    <p class='ocr_par' dir='ltr' id='par_1_33' title="bbox 533 3385 2245 3458">
     <span class='ocr_line' id='line_1_33' title="bbox 533 3385 2245 3458; baseline 0.002 -18"><span class='ocrx_word' id='word_1_229' title='bbox 533 3385 753 3441; x_wconf 74' lang='lat' dir='ltr'>animae</span> <span class='ocrx_word' id='word_1_230' title='bbox 774 3385 1152 3457; x_wconf 86' lang='lat' dir='ltr'>dignitatem,</span> <span class='ocrx_word' id='word_1_231' title='bbox 1182 3386 1382 3441; x_wconf 92' lang='lat' dir='ltr'>bestiis</span> <span class='ocrx_word' id='word_1_232' title='bbox 1417 3387 1607 3458; x_wconf 85' lang='lat' dir='ltr'>potius</span> <span class='ocrx_word' id='word_1_233' title='bbox 1659 3386 2054 3443; x_wconf 82' lang='lat' dir='ltr'>formidabilis</span> <span class='ocrx_word' id='word_1_234' title='bbox 2085 3392 2194 3444; x_wconf 90' lang='lat' dir='ltr'>est.</span> <span class='ocrx_word' id='word_1_235' title='bbox 2235 3418 2245 3426; x_wconf 81' lang='grc'><strong>-</strong></span> 
     </span>
    </p>
   </div>
   <div class='ocr_carea' id='block_1_34' title="bbox 531 3474 2194 3546">
    <p class='ocr_par' dir='ltr' id='par_1_34' title="bbox 531 3474 2194 3546">
     <span class='ocr_line' id='line_1_34' title="bbox 531 3474 2194 3546; baseline 0.003 -18"><span class='ocrx_word' id='word_1_236' title='bbox 531 3477 681 3530; x_wconf 83' lang='lat' dir='ltr'>Ante</span> <span class='ocrx_word' id='word_1_237' title='bbox 712 3474 1182 3530; x_wconf 88' lang='lat' dir='ltr'>inobcdientiam</span> <span class='ocrx_word' id='word_1_238' title='bbox 1223 3477 1371 3531; x_wconf 91' lang='lat' dir='ltr'>enim</span> <span class='ocrx_word' id='word_1_239' title='bbox 1395 3477 1631 3546; x_wconf 90' lang='lat' dir='ltr'>jussum</span> <span class='ocrx_word' id='word_1_240' title='bbox 1659 3481 1784 3532; x_wconf 87' lang='lat' dir='ltr'>erat</span> <span class='ocrx_word' id='word_1_241' title='bbox 1815 3483 1877 3534; x_wconf 93' lang='lat' dir='ltr'>ut</span> <span class='ocrx_word' id='word_1_242' title='bbox 1916 3477 2194 3533; x_wconf 89' lang='lat' dir='ltr'>omnibus</span> 
     </span>
    </p>
   </div>
   <div class='ocr_carea' id='block_1_35' title="bbox 529 3563 1182 3620">
    <p class='ocr_par' dir='ltr' id='par_1_35' title="bbox 529 3563 1182 3620">
     <span class='ocr_line' id='line_1_35' title="bbox 529 3563 1182 3620; baseline -0.005 0"><span class='ocrx_word' id='word_1_243' title='bbox 529 3563 717 3620; x_wconf 89' lang='lat' dir='ltr'>homo</span> <span class='ocrx_word' id='word_1_244' title='bbox 757 3563 1182 3620; x_wconf 87' lang='lat' dir='ltr'>dominaretur.</span> 
     </span>
    </p>
   </div>
   <div class='ocr_carea' id='block_1_36' title="bbox 604 3653 2194 3724">
    <p class='ocr_par' dir='ltr' id='par_1_36' title="bbox 604 3653 2194 3724">
     <span class='ocr_line' id='line_1_36' title="bbox 604 3653 2194 3724; baseline 0.002 -14"><span class='ocrx_word' id='word_1_245' title='bbox 604 3653 765 3710; x_wconf 88' lang='lat' dir='ltr'>Vers.</span> <span class='ocrx_word' id='word_1_246' title='bbox 799 3656 883 3710; x_wconf 88' lang='grc'>13.</span> <span class='ocrx_word' id='word_1_247' title='bbox 913 3655 992 3710; x_wconf 85' lang='grc' dir='ltr'>Ει</span> <span class='ocrx_word' id='word_1_248' title='bbox 1021 3655 1224 3724; x_wconf 78' lang='lat' dir='ltr'>angeli</span> <span class='ocrx_word' id='word_1_249' title='bbox 1253 3686 1320 3695; x_wconf 95' lang='lat'>—</span> <span class='ocrx_word' id='word_1_250' title='bbox 1352 3655 1426 3712; x_wconf 80' lang='lat' dir='ltr'>ei.</span> <span class='ocrx_word' id='word_1_251' title='bbox 1459 3656 1592 3712; x_wconf 91' lang='lat' dir='ltr'>Post</span> <span class='ocrx_word' id='word_1_252' title='bbox 1617 3656 1970 3713; x_wconf 87' lang='lat' dir='ltr'>tentationes</span> <span class='ocrx_word' id='word_1_253' title='bbox 1992 3656 2194 3715; x_wconf 82' lang='lat' dir='ltr'>videli-</span> 
     </span>
    </p>
   </div>
   <div class='ocr_carea' id='block_1_37' title="bbox 531 3744 2194 3820">
    <p class='ocr_par' dir='ltr' id='par_1_37' title="bbox 531 3744 2194 3820">
     <span class='ocr_line' id='line_1_37' title="bbox 531 3744 2194 3820; baseline 0.002 -21"><span class='ocrx_word' id='word_1_254' title='bbox 531 3747 642 3808; x_wconf 87' lang='lat' dir='ltr'>cet,</span> <span class='ocrx_word' id='word_1_255' title='bbox 668 3749 800 3815; x_wconf 88' lang='lat' dir='ltr'>post</span> <span class='ocrx_word' id='word_1_256' title='bbox 832 3745 1203 3800; x_wconf 87' lang='lat' dir='ltr'>manifestam</span> <span class='ocrx_word' id='word_1_257' title='bbox 1227 3744 1301 3800; x_wconf 92' lang='lat' dir='ltr'>de</span> <span class='ocrx_word' id='word_1_258' title='bbox 1320 3750 1606 3801; x_wconf 89' lang='lat' dir='ltr'>tentatore</span> <span class='ocrx_word' id='word_1_259' title='bbox 1639 3747 2194 3820; x_wconf 88' lang='lat' dir='ltr'>victoriam,quem-</span> 
     </span>
    </p>
   </div>
   <div class='ocr_carea' id='block_1_38' title="bbox 531 3831 1620 3904">
    <p class='ocr_par' dir='ltr' id='par_1_38' title="bbox 531 3831 1620 3904">
     <span class='ocr_line' id='line_1_38' title="bbox 531 3831 1620 3904; baseline -0.001 -16"><span class='ocrx_word' id='word_1_260' title='bbox 531 3831 866 3888; x_wconf 87' lang='lat' dir='ltr'>admodum</span> <span class='ocrx_word' id='word_1_261' title='bbox 895 3833 1250 3904; x_wconf 85' lang='lat' dir='ltr'>signiﬁcavit</span> <span class='ocrx_word' id='word_1_262' title='bbox 1288 3832 1620 3890; x_wconf 69' lang='lat' dir='ltr'>Matthaaus.</span> 
     </span>
    </p>
   </div>
   <div class='ocr_carea' id='block_1_39' title="bbox 603 3923 2196 3993">
    <p class='ocr_par' dir='ltr' id='par_1_39' title="bbox 603 3923 2196 3993">
     <span class='ocr_line' id='line_1_39' title="bbox 603 3923 2196 3993; baseline 0.006 -18"><span class='ocrx_word' id='word_1_263' title='bbox 603 3924 761 3977; x_wconf 89' lang='lat' dir='ltr'>Vers.</span> <span class='ocrx_word' id='word_1_264' title='bbox 793 3923 879 3977; x_wconf 79' lang='grc'>14.</span> <span class='ocrx_word' id='word_1_265' title='bbox 910 3925 1230 3993; x_wconf 78' lang='lat' dir='ltr'>Postquam</span> <span class='ocrx_word' id='word_1_266' title='bbox 1256 3930 1445 3980; x_wconf 77' lang='lat' dir='ltr'>autem</span> <span class='ocrx_word' id='word_1_267' title='bbox 1480 3956 1548 3964; x_wconf 93' lang='lat'>—</span> <span class='ocrx_word' id='word_1_268' title='bbox 1577 3925 1702 3980; x_wconf 83' lang='lat' dir='ltr'>Dei.</span> <span class='ocrx_word' id='word_1_269' title='bbox 1745 3926 1980 3983; x_wconf 89' lang='lat' dir='ltr'>Dictum</span> <span class='ocrx_word' id='word_1_270' title='bbox 2011 3933 2100 3984; x_wconf 91' lang='lat' dir='ltr'>est</span> <span class='ocrx_word' id='word_1_271' title='bbox 2137 3933 2196 3985; x_wconf 89' lang='lat' dir='ltr'>et</span> 
     </span>
    </p>
   </div>
   <div class='ocr_carea' id='block_1_40' title="bbox 529 4010 2194 4086">
    <p class='ocr_par' dir='ltr' id='par_1_40' title="bbox 529 4010 2194 4086">
     <span class='ocr_line' id='line_1_40' title="bbox 529 4010 2194 4086; baseline 0.004 -20"><span class='ocrx_word' id='word_1_272' title='bbox 529 4010 604 4067; x_wconf 92' lang='lat' dir='ltr'>de</span> <span class='ocrx_word' id='word_1_273' title='bbox 629 4011 722 4067; x_wconf 91' lang='lat' dir='ltr'>his</span> <span class='ocrx_word' id='word_1_274' title='bbox 753 4013 965 4068; x_wconf 90' lang='lat' dir='ltr'>eodem</span> <span class='ocrx_word' id='word_1_275' title='bbox 997 4012 1212 4085; x_wconf 89' lang='lat' dir='ltr'>capite,</span> <span class='ocrx_word' id='word_1_276' title='bbox 1246 4014 1632 4085; x_wconf 86' lang='lat' dir='ltr'>Evangelium</span> <span class='ocrx_word' id='word_1_277' title='bbox 1656 4019 1857 4071; x_wconf 89' lang='lat' dir='ltr'>autem</span> <span class='ocrx_word' id='word_1_278' title='bbox 1893 4017 2062 4086; x_wconf 86' lang='lat' dir='ltr'>regni</span> <span class='ocrx_word' id='word_1_279' title='bbox 2095 4017 2194 4074; x_wconf 92' lang='lat' dir='ltr'>Dei</span> 
     </span>
    </p>
   </div>
   <div class='ocr_carea' id='block_1_41' title="bbox 528 4099 2197 4178">
    <p class='ocr_par' dir='ltr' id='par_1_41' title="bbox 528 4099 2197 4178">
     <span class='ocr_line' id='line_1_41' title="bbox 528 4099 2197 4178; baseline 0.005 -22"><span class='ocrx_word' id='word_1_280' title='bbox 528 4099 672 4157; x_wconf 89' lang='lat' dir='ltr'>dicit</span> <span class='ocrx_word' id='word_1_281' title='bbox 701 4117 858 4158; x_wconf 90' lang='lat' dir='ltr'>nunc</span> <span class='ocrx_word' id='word_1_282' title='bbox 903 4105 1134 4158; x_wconf 81' lang='lat' dir='ltr'>Novum</span> <span class='ocrx_word' id='word_1_283' title='bbox 1196 4109 1641 4169; x_wconf 85' lang='lat' dir='ltr'>testamentum,</span> <span class='ocrx_word' id='word_1_284' title='bbox 1697 4111 1897 4178; x_wconf 87' lang='lat' dir='ltr'>utpote</span> <span class='ocrx_word' id='word_1_285' title='bbox 1963 4123 2197 4163; x_wconf 82' lang='lat' dir='ltr'>annuu-</span> 
     </span>
    </p>
   </div>
   <div class='ocr_carea' id='block_1_42' title="bbox 528 4190 2193 4269">
    <p class='ocr_par' dir='ltr' id='par_1_42' title="bbox 528 4190 2193 4269">
     <span class='ocr_line' id='line_1_42' title="bbox 528 4190 2193 4269; baseline 0.003 -22"><span class='ocrx_word' id='word_1_286' title='bbox 528 4190 685 4247; x_wconf 87' lang='lat' dir='ltr'>tians</span> <span class='ocrx_word' id='word_1_287' title='bbox 752 4190 826 4246; x_wconf 92' lang='lat' dir='ltr'>de</span> <span class='ocrx_word' id='word_1_288' title='bbox 893 4207 1073 4261; x_wconf 86' lang='lat' dir='ltr'>regno</span> <span class='ocrx_word' id='word_1_289' title='bbox 1148 4192 1264 4263; x_wconf 86' lang='lat' dir='ltr'>Dei,</span> <span class='ocrx_word' id='word_1_290' title='bbox 1339 4197 1393 4248; x_wconf 89' lang='lat' dir='ltr'>et</span> <span class='ocrx_word' id='word_1_291' title='bbox 1461 4193 1753 4250; x_wconf 90' lang='lat' dir='ltr'>inducens</span> <span class='ocrx_word' id='word_1_292' title='bbox 1787 4195 1865 4250; x_wconf 87' lang='lat' dir='ltr'>ad</span> <span class='ocrx_word' id='word_1_293' title='bbox 1939 4211 2193 4269; x_wconf 85' lang='lat' dir='ltr'>regnum</span> 
     </span>
    </p>
   </div>
   <div class='ocr_carea' id='block_1_43' title="bbox 530 4277 651 4336">
    <p class='ocr_par' dir='ltr' id='par_1_43' title="bbox 530 4277 651 4336">
     <span class='ocr_line' id='line_1_43' title="bbox 530 4277 651 4336; baseline -0.025 -1"><span class='ocrx_word' id='word_1_294' title='bbox 530 4277 651 4336; x_wconf 90' lang='lat' dir='ltr'>Dei.</span> 
     </span>
    </p>
   </div>
   <div class='ocr_carea' id='block_1_44' title="bbox 601 4368 2194 4446">
    <p class='ocr_par' dir='ltr' id='par_1_44' title="bbox 601 4368 2194 4446">
     <span class='ocr_line' id='line_1_44' title="bbox 601 4368 2194 4446; baseline 0.005 -22"><span class='ocrx_word' id='word_1_295' title='bbox 601 4368 766 4425; x_wconf 90' lang='lat' dir='ltr'>Vers.</span> <span class='ocrx_word' id='word_1_296' title='bbox 797 4371 884 4426; x_wconf 76' lang='lat' dir='ltr'>l5.</span> <span class='ocrx_word' id='word_1_297' title='bbox 918 4370 996 4426; x_wconf 83' lang='lat' dir='ltr'>Et</span> <span class='ocrx_word' id='word_1_298' title='bbox 1039 4371 1232 4427; x_wconf 79' lang='lat' dir='ltr'>dicens</span> <span class='ocrx_word' id='word_1_299' title='bbox 1295 4402 1340 4411; x_wconf 91' lang='lat'>-—</span> <span class='ocrx_word' id='word_1_300' title='bbox 1414 4379 1654 4440; x_wconf 79' lang='lat' dir='ltr'>tempus.</span> <span class='ocrx_word' id='word_1_301' title='bbox 1702 4373 1952 4446; x_wconf 90' lang='lat' dir='ltr'>Tempus</span> <span class='ocrx_word' id='word_1_302' title='bbox 1983 4391 2019 4430; x_wconf 89' lang='lat' dir='ltr'>a</span> <span class='ocrx_word' id='word_1_303' title='bbox 2074 4375 2194 4432; x_wconf 89' lang='lat' dir='ltr'>Deo</span> 
     </span>
    </p>
   </div>
   <div class='ocr_carea' id='block_1_45' title="bbox 527 4458 2191 4530">
    <p class='ocr_par' dir='ltr' id='par_1_45' title="bbox 527 4458 2191 4530">
     <span class='ocr_line' id='line_1_45' title="bbox 527 4458 2191 4530; baseline 0.005 -18"><span class='ocrx_word' id='word_1_304' title='bbox 527 4458 906 4514; x_wconf 89' lang='lat' dir='ltr'>constitutum</span> <span class='ocrx_word' id='word_1_305' title='bbox 953 4459 1386 4516; x_wconf 90' lang='lat' dir='ltr'>conversationi</span> <span class='ocrx_word' id='word_1_306' title='bbox 1437 4461 1650 4517; x_wconf 89' lang='lat' dir='ltr'>Veteris</span> <span class='ocrx_word' id='word_1_307' title='bbox 1701 4465 2073 4530; x_wconf 83' lang='lat' dir='ltr'>&#39;l‘estamenti,</span> <span class='ocrx_word' id='word_1_308' title='bbox 2117 4465 2191 4521; x_wconf 91' lang='lat' dir='ltr'>de</span> 
     </span>
    </p>
   </div>
   <div class='ocr_carea' id='block_1_46' title="bbox 527 4547 2186 4628">
    <p class='ocr_par' dir='ltr' id='par_1_46' title="bbox 527 4547 2186 4628">
     <span class='ocr_line' id='line_1_46' title="bbox 527 4547 2186 4628; baseline 0.007 -27"><span class='ocrx_word' id='word_1_309' title='bbox 527 4563 647 4619; x_wconf 89' lang='lat' dir='ltr'>quo</span> <span class='ocrx_word' id='word_1_310' title='bbox 675 4547 820 4603; x_wconf 86' lang='lat' dir='ltr'>dicit</span> <span class='ocrx_word' id='word_1_311' title='bbox 849 4551 1161 4620; x_wconf 86' lang='lat' dir='ltr'>Apostolus</span> <span class='ocrx_word' id='word_1_312' title='bbox 1192 4567 1208 4604; x_wconf 88' lang='lat'><em>:</em></span> <span class='ocrx_word' id='word_1_313' title='bbox 1242 4551 1352 4606; x_wconf 80' lang='lat' dir='ltr'>Ubi</span> <span class='ocrx_word' id='word_1_314' title='bbox 1372 4551 1528 4607; x_wconf 80' lang='lat' dir='ltr'>venit</span> <span class='ocrx_word' id='word_1_315' title='bbox 1560 4553 1864 4624; x_wconf 82' lang='lat' dir='ltr'>completio</span> <span class='ocrx_word' id='word_1_316' title='bbox 1887 4555 2186 4628; x_wconf 83' lang='lat' dir='ltr'>temporis,</span> 
     </span>
    </p>
   </div>
   <div class='ocr_carea' id='block_1_47' title="bbox 529 4634 1378 4694">
    <p class='ocr_par' dir='ltr' id='par_1_47' title="bbox 529 4634 1378 4694">
     <span class='ocr_line' id='line_1_47' title="bbox 529 4634 1378 4694; baseline 0.005 -4"><span class='ocrx_word' id='word_1_317' title='bbox 529 4634 683 4691; x_wconf 80' lang='lat' dir='ltr'>misit</span> <span class='ocrx_word' id='word_1_318' title='bbox 708 4636 854 4692; x_wconf 84' lang='lat' dir='ltr'>Deus</span> <span class='ocrx_word' id='word_1_319' title='bbox 876 4638 1096 4693; x_wconf 80' lang='lat' dir='ltr'>Filium</span> <span class='ocrx_word' id='word_1_320' title='bbox 1117 4654 1288 4694; x_wconf 89' lang='lat' dir='ltr'>suum</span> <span class='ocrx_word' id='word_1_321' title='bbox 1311 4639 1378 4693; x_wconf 73' lang='grc'>1⁸.</span> 
     </span>
    </p>
   </div>
   <div class='ocr_carea' id='block_1_48' title="bbox 603 4849 2187 4932">
    <p class='ocr_par' dir='ltr' id='par_1_48' title="bbox 603 4849 2187 4932">
     <span class='ocr_line' id='line_1_48' title="bbox 603 4849 2187 4932; baseline 0.006 -27"><span class='ocrx_word' id='word_1_322' title='bbox 603 4849 979 4908; x_wconf 69' lang='lat' dir='ltr'>Vers.15.Et</span> <span class='ocrx_word' id='word_1_323' title='bbox 1025 4854 1244 4910; x_wconf 82' lang='lat' dir='ltr'>—Dei.</span> <span class='ocrx_word' id='word_1_324' title='bbox 1300 4856 1818 4929; x_wconf 85' lang='lat' dir='ltr'>Appropinquavit</span> <span class='ocrx_word' id='word_1_325' title='bbox 1869 4862 1934 4913; x_wconf 89' lang='lat' dir='ltr'>ut</span> <span class='ocrx_word' id='word_1_326' title='bbox 1980 4867 2187 4932; x_wconf 83' lang='lat' dir='ltr'>regnet</span> 
     </span>
    </p>
   </div>
   <div class='ocr_carea' id='block_1_49' title="bbox 527 4941 2183 5020">
    <p class='ocr_par' dir='ltr' id='par_1_49' title="bbox 527 4941 2183 5020">
     <span class='ocr_line' id='line_1_49' title="bbox 527 4941 2183 5020; baseline 0.006 -25"><span class='ocrx_word' id='word_1_327' title='bbox 527 4955 703 5012; x_wconf 90' lang='lat' dir='ltr'>super</span> <span class='ocrx_word' id='word_1_328' title='bbox 727 4941 1055 5014; x_wconf 87' lang='lat' dir='ltr'>credentes,</span> <span class='ocrx_word' id='word_1_329' title='bbox 1098 4943 1250 4999; x_wconf 90' lang='lat' dir='ltr'>sicut</span> <span class='ocrx_word' id='word_1_330' title='bbox 1277 4944 1649 5002; x_wconf 85' lang='lat' dir='ltr'>manifestius</span> <span class='ocrx_word' id='word_1_331' title='bbox 1695 4947 2058 5020; x_wconf 84' lang='lat' dir='ltr'>interpretati</span> <span class='ocrx_word' id='word_1_332' title='bbox 2090 4966 2183 5006; x_wconf 89' lang='lat' dir='ltr'>su-</span> 
     </span>
    </p>
   </div>
   <div class='ocr_carea' id='block_1_50' title="bbox 503 5031 1219 5105">
    <p class='ocr_par' dir='ltr' id='par_1_50' title="bbox 503 5031 1219 5105">
     <span class='ocr_line' id='line_1_50' title="bbox 503 5031 1219 5105; baseline 0.006 -20"><span class='ocrx_word' id='word_1_333' title='bbox 503 5045 663 5086; x_wconf 49' lang='lat' dir='ltr'>«mus</span> <span class='ocrx_word' id='word_1_334' title='bbox 689 5031 976 5102; x_wconf 63' lang='lat' dir='ltr'>praedicto</span> <span class='ocrx_word' id='word_1_335' title='bbox 1007 5032 1219 5105; x_wconf 86' lang='lat' dir='ltr'>capite.</span> 
     </span>
    </p>
   </div>
   <div class='ocr_carea' id='block_1_51' title="bbox 600 5157 1672 5228">
    <p class='ocr_par' dir='ltr' id='par_1_51' title="bbox 600 5157 1672 5228">
     <span class='ocr_line' id='line_1_51' title="bbox 600 5157 1672 5228; baseline 0.003 -15"><span class='ocrx_word' id='word_1_336' title='bbox 600 5160 645 5192; x_wconf 83' lang='grc'>¹²</span> <span class='ocrx_word' id='word_1_337' title='bbox 686 5157 884 5214; x_wconf 82' lang='lat' dir='ltr'>Matth.</span> <span class='ocrx_word' id='word_1_338' title='bbox 920 5177 999 5224; x_wconf 91' lang='grc' dir='ltr'><strong><em>ιιι,</em></strong></span> <span class='ocrx_word' id='word_1_339' title='bbox 1045 5166 1127 5215; x_wconf 86' lang='lat' dir='ltr'>l7.</span> <span class='ocrx_word' id='word_1_340' title='bbox 1208 5161 1254 5196; x_wconf 72' lang='grc'>³³</span> <span class='ocrx_word' id='word_1_341' title='bbox 1296 5161 1434 5217; x_wconf 90' lang='lat' dir='ltr'>Luc.</span> <span class='ocrx_word' id='word_1_342' title='bbox 1468 5179 1545 5228; x_wconf 89' lang='grc' dir='ltr'><strong><em>ιιι,</em></strong></span> <span class='ocrx_word' id='word_1_343' title='bbox 1585 5163 1672 5218; x_wconf 90' lang='lat'>22.</span> 
     </span>
    </p>
   </div>
   <div class='ocr_carea' id='block_1_52' title="bbox 528 5248 2032 5326">
    <p class='ocr_par' dir='ltr' id='par_1_52' title="bbox 528 5248 2032 5326">
     <span class='ocr_line' id='line_1_52' title="bbox 528 5248 2032 5326; baseline 0.008 -24"><span class='ocrx_word' id='word_1_344' title='bbox 528 5248 726 5305; x_wconf 83' lang='lat' dir='ltr'>Matth.</span> <span class='ocrx_word' id='word_1_345' title='bbox 761 5266 837 5320; x_wconf 81' lang='grc' dir='ltr'>ιν,</span> <span class='ocrx_word' id='word_1_346' title='bbox 864 5248 898 5304; x_wconf 89' lang='grc'><strong>3</strong></span> <span class='ocrx_word' id='word_1_347' title='bbox 926 5268 944 5320; x_wconf 76' lang='lat'>;</span> <span class='ocrx_word' id='word_1_348' title='bbox 980 5251 1120 5306; x_wconf 87' lang='lat' dir='ltr'>Luc.</span> <span class='ocrx_word' id='word_1_349' title='bbox 1157 5267 1231 5318; x_wconf 81' lang='lat' dir='ltr'>Iv,</span> <span class='ocrx_word' id='word_1_350' title='bbox 1274 5255 1304 5306; x_wconf 91' lang='lat'>3</span> <span class='ocrx_word' id='word_1_351' title='bbox 1331 5267 1499 5324; x_wconf 88' lang='lat' dir='ltr'>seqq.</span> <span class='ocrx_word' id='word_1_352' title='bbox 1582 5254 1628 5288; x_wconf 81' lang='grc'>¹⁸</span> <span class='ocrx_word' id='word_1_353' title='bbox 1661 5255 1850 5312; x_wconf 87' lang='lat' dir='ltr'>Gatat.</span> <span class='ocrx_word' id='word_1_354' title='bbox 1880 5273 1954 5326; x_wconf 80' lang='grc' dir='ltr'>ιν,</span> <span class='ocrx_word' id='word_1_355' title='bbox 1979 5261 2032 5314; x_wconf 80' lang='grc'>4.</span> 
     </span>
    </p>
   </div>
   <div class='ocr_carea' id='block_1_53' title="bbox 1869 281 2594 344">
    <p class='ocr_par' dir='ltr' id='par_1_53' title="bbox 1869 281 2594 344">
     <span class='ocr_line' id='line_1_53' title="bbox 1869 281 2594 344; baseline 0.004 -3"><span class='ocrx_word' id='word_1_356' title='bbox 1869 283 2221 344; x_wconf 85' lang='lat' dir='ltr'>EUTHYMII</span> <span class='ocrx_word' id='word_1_357' title='bbox 2261 281 2594 344; x_wconf 84' lang='lat' dir='ltr'>ZIGABENI</span> 
     </span>
    </p>
   </div>
   <div class='ocr_carea' id='block_1_54' title="bbox 540 1756 2271 1829">
    <p class='ocr_par' dir='ltr' id='par_1_54' title="bbox 540 1756 2271 1829">
     <span class='ocr_line' id='line_1_54' title="bbox 540 1756 2271 1829; baseline -0.003 -13"><span class='ocrx_word' id='word_1_358' title='bbox 540 1763 610 1816; x_wconf 79' lang='grc'>³⁵.</span> <span class='ocrx_word' id='word_1_359' title='bbox 652 1764 716 1816; x_wconf 85' lang='lat' dir='ltr'>Et</span> <span class='ocrx_word' id='word_1_360' title='bbox 744 1761 955 1816; x_wconf 90' lang='lat' dir='ltr'>hictibi</span> <span class='ocrx_word' id='word_1_361' title='bbox 970 1776 1164 1817; x_wconf 89' lang='lat' dir='ltr'>canon</span> <span class='ocrx_word' id='word_1_362' title='bbox 1189 1759 1484 1829; x_wconf 86' lang='lat' dir='ltr'>generalis</span> <span class='ocrx_word' id='word_1_363' title='bbox 1497 1766 1622 1815; x_wconf 91' lang='lat' dir='ltr'>esto</span> <span class='ocrx_word' id='word_1_364' title='bbox 1643 1759 1716 1814; x_wconf 86' lang='lat' dir='ltr'>ad</span> <span class='ocrx_word' id='word_1_365' title='bbox 1743 1756 2196 1814; x_wconf 84' lang='lat' dir='ltr'>omniasimilia.</span> <span class='ocrx_word' id='word_1_366' title='bbox 2228 1763 2271 1818; x_wconf 81' lang='grc' dir='ltr'>Β</span> 
     </span>
    </p>
   </div>
   <div class='ocr_carea' id='block_1_55' title="bbox 1753 5165 2267 5242">
    <p class='ocr_par' dir='ltr' id='par_1_55' title="bbox 1753 5165 2267 5242">
     <span class='ocr_line' id='line_1_55' title="bbox 1753 5165 2267 5242; baseline 0.01 -21"><span class='ocrx_word' id='word_1_367' title='bbox 1753 5165 2029 5223; x_wconf 79' lang='lat' dir='ltr'>“Matth.</span> <span class='ocrx_word' id='word_1_368' title='bbox 2071 5187 2146 5242; x_wconf 82' lang='lat' dir='ltr'>1x,</span> <span class='ocrx_word' id='word_1_369' title='bbox 2178 5170 2267 5226; x_wconf 81' lang='grc'>17.</span> 
     </span>
    </p>
   </div>
   <div class='ocr_carea' id='block_1_56' title="bbox 3818 295 3917 356">
    <p class='ocr_par' dir='ltr' id='par_1_56' title="bbox 3818 295 3917 356">
     <span class='ocr_line' id='line_1_56' title="bbox 3818 295 3917 356; baseline 0.03 -3"><span class='ocrx_word' id='word_1_370' title='bbox 3818 295 3917 356; x_wconf 86' lang='lat'>776</span> 
     </span>
    </p>
   </div>
   <div class='ocr_carea' id='block_1_57' title="bbox 2241 410 3916 490">
    <p class='ocr_par' dir='ltr' id='par_1_57' title="bbox 2241 410 3916 490">
     <span class='ocr_line' id='line_1_57' title="bbox 2241 410 3916 490; baseline 0.007 -26"><span class='ocrx_word' id='word_1_371' title='bbox 2241 410 2286 464; x_wconf 83' lang='lat' dir='ltr'><strong>A</strong></span> <span class='ocrx_word' id='word_1_372' title='bbox 2395 418 2493 466; x_wconf 84' lang='lat' dir='ltr'>Kal</span> <span class='ocrx_word' id='word_1_373' title='bbox 2546 417 2682 487; x_wconf 71' lang='grc' dir='ltr'>φωνὴ</span> <span class='ocrx_word' id='word_1_374' title='bbox 2735 442 2804 455; x_wconf 82' lang='grc'>-</span> <span class='ocrx_word' id='word_1_375' title='bbox 2854 411 3140 476; x_wconf 68' lang='grc' dir='ltr'>εὐδόκησα.</span> <span class='ocrx_word' id='word_1_376' title='bbox 3199 417 3283 471; x_wconf 81' lang='grc' dir='ltr'>Ἐν</span> <span class='ocrx_word' id='word_1_377' title='bbox 3331 428 3404 490; x_wconf 78' lang='grc' dir='ltr'>τῷ</span> <span class='ocrx_word' id='word_1_378' title='bbox 3471 425 3604 472; x_wconf 77' lang='grc' dir='ltr'>κατα</span> <span class='ocrx_word' id='word_1_379' title='bbox 3658 425 3916 476; x_wconf 83' lang='grc' dir='ltr'>Ματθαῖον</span> 
     </span>
    </p>
   </div>
   <div class='ocr_carea' id='block_1_58' title="bbox 2318 504 3921 586">
    <p class='ocr_par' dir='ltr' id='par_1_58' title="bbox 2318 504 3921 586">
     <span class='ocr_line' id='line_1_58' title="bbox 2318 504 3921 586; baseline 0.006 -32"><span class='ocrx_word' id='word_1_380' title='bbox 2318 505 2429 574; x_wconf 72' lang='grc' dir='ltr'>μὲν,</span> <span class='ocrx_word' id='word_1_381' title='bbox 2499 504 2661 566; x_wconf 78' lang='grc' dir='ltr'>Οὗτός</span> <span class='ocrx_word' id='word_1_382' title='bbox 2706 504 2846 558; x_wconf 73' lang='grc' dir='ltr'>ἔστιν</span> <span class='ocrx_word' id='word_1_383' title='bbox 2901 508 2926 558; x_wconf 93' lang='lat'>6</span> <span class='ocrx_word' id='word_1_384' title='bbox 2978 511 3098 570; x_wconf 76' lang='grc' dir='ltr'>Υἱὸς</span> <span class='ocrx_word' id='word_1_385' title='bbox 3149 528 3271 580; x_wconf 80' lang='grc' dir='ltr'>μου,</span> <span class='ocrx_word' id='word_1_386' title='bbox 3344 514 3661 584; x_wconf 68' lang='grc' dir='ltr'>γέγραπταυ</span> <span class='ocrx_word' id='word_1_387' title='bbox 3718 514 3921 586; x_wconf 72' lang='grc' dir='ltr'>Μάρκος</span> 
     </span>
    </p>
   </div>
   <div class='ocr_carea' id='block_1_59' title="bbox 2319 589 3922 673">
    <p class='ocr_par' dir='ltr' id='par_1_59' title="bbox 2319 589 3922 673">
     <span class='ocr_line' id='line_1_59' title="bbox 2319 589 3922 673; baseline 0.005 -28"><span class='ocrx_word' id='word_1_388' title='bbox 2319 589 2496 647; x_wconf 79' lang='grc' dir='ltr'>δὲκαὶ</span> <span class='ocrx_word' id='word_1_389' title='bbox 2537 601 2765 662; x_wconf 87' lang='grc' dir='ltr'>Λουκᾶς,</span> <span class='ocrx_word' id='word_1_390' title='bbox 2818 601 2883 649; x_wconf 85' lang='grc' dir='ltr'>Σύ</span> <span class='ocrx_word' id='word_1_391' title='bbox 2931 594 3026 650; x_wconf 84' lang='grc' dir='ltr'>εἶό</span> <span class='ocrx_word' id='word_1_392' title='bbox 3073 601 3191 661; x_wconf 76' lang='grc' dir='ltr'>Υίος</span> <span class='ocrx_word' id='word_1_393' title='bbox 3239 619 3357 671; x_wconf 78' lang='grc' dir='ltr'>μον,</span> <span class='ocrx_word' id='word_1_394' title='bbox 3409 603 3698 673; x_wconf 64' lang='grc' dir='ltr'>γράφουσι.</span> <span class='ocrx_word' id='word_1_395' title='bbox 3752 604 3812 657; x_wconf 86' lang='grc' dir='ltr'>Τί</span> <span class='ocrx_word' id='word_1_396' title='bbox 3841 599 3922 654; x_wconf 83' lang='grc' dir='ltr'>οὖν</span> 
     </span>
    </p>
   </div>
   <div class='ocr_carea' id='block_1_60' title="bbox 2318 681 3918 764">
    <p class='ocr_par' dir='ltr' id='par_1_60' title="bbox 2318 681 3918 764">
     <span class='ocr_line' id='line_1_60' title="bbox 2318 681 3918 764; baseline 0.006 -31"><span class='ocrx_word' id='word_1_397' title='bbox 2318 681 2573 756; x_wconf 83' lang='grc' dir='ltr'>ἐροῦμεν;</span> <span class='ocrx_word' id='word_1_398' title='bbox 2623 682 2791 737; x_wconf 75' lang='grc' dir='ltr'>Ούδὶν</span> <span class='ocrx_word' id='word_1_399' title='bbox 2846 687 3033 760; x_wconf 81' lang='grc' dir='ltr'>ἕτερον,</span> <span class='ocrx_word' id='word_1_400' title='bbox 3109 689 3138 746; x_wconf 73' lang='grc' dir='ltr'><em>ἦ</em></span> <span class='ocrx_word' id='word_1_401' title='bbox 3200 691 3320 764; x_wconf 78' lang='grc' dir='ltr'>ὅπερ</span> <span class='ocrx_word' id='word_1_402' title='bbox 3381 690 3497 759; x_wconf 69' lang='grc'>(12)</span> <span class='ocrx_word' id='word_1_403' title='bbox 3565 688 3614 741; x_wconf 81' lang='grc' dir='ltr'>ἐν</span> <span class='ocrx_word' id='word_1_404' title='bbox 3669 691 3737 760; x_wconf 79' lang='grc' dir='ltr'><em>τῷ</em></span> <span class='ocrx_word' id='word_1_405' title='bbox 3790 693 3918 743; x_wconf 85' lang='grc' dir='ltr'>κατὰ</span> 
     </span>
    </p>
   </div>
   <div class='ocr_carea' id='block_1_61' title="bbox 2317 775 3914 851">
    <p class='ocr_par' dir='ltr' id='par_1_61' title="bbox 2317 775 3914 851">
     <span class='ocr_line' id='line_1_61' title="bbox 2317 775 3914 851; baseline 0.004 -27"><span class='ocrx_word' id='word_1_406' title='bbox 2317 775 2588 826; x_wconf 77' lang='grc' dir='ltr'>Ματθαίου</span> <span class='ocrx_word' id='word_1_407' title='bbox 2637 775 2930 848; x_wconf 73' lang='grc' dir='ltr'>εἰρήκαμεν,</span> <span class='ocrx_word' id='word_1_408' title='bbox 2983 779 3064 829; x_wconf 87' lang='grc' dir='ltr'>ὃτι</span> <span class='ocrx_word' id='word_1_409' title='bbox 3122 780 3170 830; x_wconf 87' lang='grc' dir='ltr'>οἱ</span> <span class='ocrx_word' id='word_1_410' title='bbox 3221 777 3585 850; x_wconf 70' lang='grc' dir='ltr'>εύαγγελισταὶ</span> <span class='ocrx_word' id='word_1_411' title='bbox 3635 783 3755 831; x_wconf 76' lang='grc' dir='ltr'>ποτε</span> <span class='ocrx_word' id='word_1_412' title='bbox 3809 783 3914 851; x_wconf 69' lang='grc' dir='ltr'>μὲν,</span> 
     </span>
    </p>
   </div>
   <div class='ocr_carea' id='block_1_62' title="bbox 3150 868 3320 941">
    <p class='ocr_par' dir='ltr' id='par_1_62' title="bbox 3150 868 3320 941">
     <span class='ocr_line' id='line_1_62' title="bbox 3150 868 3320 941; baseline -0.012 -21"><span class='ocrx_word' id='word_1_413' title='bbox 3150 868 3320 941; x_wconf 80' lang='grc' dir='ltr'>ῥητῶν</span> 
     </span>
    </p>
   </div>
   <div class='ocr_carea' id='block_1_63' title="bbox 2313 948 3915 1031">
    <p class='ocr_par' dir='ltr' id='par_1_63' title="bbox 2313 948 3915 1031">
     <span class='ocr_line' id='line_1_63' title="bbox 2313 948 3915 1031; baseline 0.005 -29"><span class='ocrx_word' id='word_1_414' title='bbox 2313 954 2437 1003; x_wconf 73' lang='grc' dir='ltr'>ποτε</span> <span class='ocrx_word' id='word_1_415' title='bbox 2496 948 2574 1018; x_wconf 72' lang='grc' dir='ltr'>δὲ,</span> <span class='ocrx_word' id='word_1_416' title='bbox 2607 957 2698 1011; x_wconf 76' lang='grc' dir='ltr'>τὴν</span> <span class='ocrx_word' id='word_1_417' title='bbox 2729 956 2818 1026; x_wconf 82' lang='grc' dir='ltr'>μεν</span> <span class='ocrx_word' id='word_1_418' title='bbox 2876 963 2966 1008; x_wconf 91' lang='grc' dir='ltr'>τοῦ</span> <span class='ocrx_word' id='word_1_419' title='bbox 3013 957 3175 1031; x_wconf 78' lang='grc' dir='ltr'>ῥητοῦ</span> <span class='ocrx_word' id='word_1_420' title='bbox 3227 953 3462 1009; x_wconf 64' lang='grc' dir='ltr'>διάνοιαν</span> <span class='ocrx_word' id='word_1_421' title='bbox 3486 957 3764 1029; x_wconf 70' lang='grc' dir='ltr'>ὀλόκλτίρον</span> <span class='ocrx_word' id='word_1_422' title='bbox 3790 957 3915 1010; x_wconf 81' lang='grc' dir='ltr'>ἁπο-</span> 
     </span>
    </p>
   </div>
   <div class='ocr_carea' id='block_1_64' title="bbox 2317 858 3911 940">
    <p class='ocr_par' dir='ltr' id='par_1_64' title="bbox 2317 858 3911 940">
     <span class='ocr_line' id='line_1_64' title="bbox 2317 858 3911 940; baseline 0.006 -29"><span class='ocrx_word' id='word_1_423' title='bbox 2317 858 2568 933; x_wconf 80' lang='grc' dir='ltr'>ἀκεραίων</span> <span class='ocrx_word' id='word_1_424' title='bbox 2639 873 2739 916; x_wconf 83' lang='grc' dir='ltr'>τῶν</span> <span class='ocrx_word' id='word_1_425' title='bbox 2807 869 3052 918; x_wconf 75' lang='grc' dir='ltr'>τοιούτων</span> <span class='ocrx_word' id='word_1_426' title='bbox 3150 868 3320 940; x_wconf 79' lang='grc' dir='ltr'>ῥητῶν</span> <span class='ocrx_word' id='word_1_427' title='bbox 3418 867 3911 940; x_wconf 73' lang='grc' dir='ltr'>ἀπομνημονεύουσι·</span> 
     </span>
    </p>
   </div>
   <div class='ocr_carea' id='block_1_65' title="bbox 2315 1040 3915 1120">
    <p class='ocr_par' dir='ltr' id='par_1_65' title="bbox 2315 1040 3915 1120">
     <span class='ocr_line' id='line_1_65' title="bbox 2315 1040 3915 1120; baseline 0.005 -29"><span class='ocrx_word' id='word_1_428' title='bbox 2315 1040 2570 1108; x_wconf 79' lang='grc' dir='ltr'>σώζουσι,</span> <span class='ocrx_word' id='word_1_429' title='bbox 2630 1041 2785 1106; x_wconf 79' lang='grc' dir='ltr'>λέξεις</span> <span class='ocrx_word' id='word_1_430' title='bbox 2863 1041 2920 1097; x_wconf 82' lang='grc' dir='ltr'>δέ</span> <span class='ocrx_word' id='word_1_431' title='bbox 2975 1065 3118 1107; x_wconf 86' lang='grc' dir='ltr'>τινας</span> <span class='ocrx_word' id='word_1_432' title='bbox 3192 1045 3605 1120; x_wconf 78' lang='grc' dir='ltr'>ἀπαρατηρήτως</span> <span class='ocrx_word' id='word_1_433' title='bbox 3658 1045 3915 1098; x_wconf 75' lang='grc' dir='ltr'>ὑπαλλάτ-</span> 
     </span>
    </p>
   </div>
   <div class='ocr_carea' id='block_1_66' title="bbox 2312 1130 3917 1208">
    <p class='ocr_par' dir='ltr' id='par_1_66' title="bbox 2312 1130 3917 1208">
     <span class='ocr_line' id='line_1_66' title="bbox 2312 1130 3917 1208; baseline 0.004 -27"><span class='ocrx_word' id='word_1_434' title='bbox 2312 1148 2512 1196; x_wconf 86' lang='grc' dir='ltr'>τουσιν,</span> <span class='ocrx_word' id='word_1_435' title='bbox 2565 1133 2685 1184; x_wconf 86' lang='grc' dir='ltr'>ὅταν</span> <span class='ocrx_word' id='word_1_436' title='bbox 2726 1130 2877 1186; x_wconf 73' lang='grc' dir='ltr'>οὐδέν</span> <span class='ocrx_word' id='word_1_437' title='bbox 2935 1154 2986 1186; x_wconf 89' lang='grc' dir='ltr'>τι</span> <span class='ocrx_word' id='word_1_438' title='bbox 3033 1134 3188 1208; x_wconf 79' lang='grc' dir='ltr'>μέλλη</span> <span class='ocrx_word' id='word_1_439' title='bbox 3249 1143 3319 1205; x_wconf 81' lang='grc' dir='ltr'>τῷ</span> <span class='ocrx_word' id='word_1_440' title='bbox 3367 1135 3502 1207; x_wconf 74' lang='grc' dir='ltr'>λόγῳ</span> <span class='ocrx_word' id='word_1_441' title='bbox 3537 1143 3688 1188; x_wconf 83' lang='grc' dir='ltr'>τοῦτο</span> <span class='ocrx_word' id='word_1_442' title='bbox 3739 1135 3917 1208; x_wconf 83' lang='grc' dir='ltr'>λυμαι-</span> 
     </span>
    </p>
   </div>
   <div class='ocr_carea' id='block_1_67' title="bbox 2311 1221 3918 1297">
    <p class='ocr_par' dir='ltr' id='par_1_67' title="bbox 2311 1221 3918 1297">
     <span class='ocr_line' id='line_1_67' title="bbox 2311 1221 3918 1297; baseline 0.004 -27"><span class='ocrx_word' id='word_1_443' title='bbox 2311 1221 2510 1277; x_wconf 84' lang='grc' dir='ltr'>νεσθαι.</span> <span class='ocrx_word' id='word_1_444' title='bbox 2569 1229 2665 1284; x_wconf 86' lang='grc' dir='ltr'>τῆς</span> <span class='ocrx_word' id='word_1_445' title='bbox 2734 1221 3182 1296; x_wconf 77' lang='grc' dir='ltr'>ἀντεισαχθείσης</span> <span class='ocrx_word' id='word_1_446' title='bbox 3232 1225 3411 1288; x_wconf 81' lang='grc' dir='ltr'>λέξεως</span> <span class='ocrx_word' id='word_1_447' title='bbox 3463 1224 3649 1276; x_wconf 81' lang='grc' dir='ltr'>ταύτον</span> <span class='ocrx_word' id='word_1_448' title='bbox 3731 1245 3918 1297; x_wconf 84' lang='grc' dir='ltr'>σημαι-</span> 
     </span>
    </p>
   </div>
   <div class='ocr_carea' id='block_1_68' title="bbox 2311 1311 2524 1370">
    <p class='ocr_par' dir='ltr' id='par_1_68' title="bbox 2311 1311 2524 1370">
     <span class='ocr_line' id='line_1_68' title="bbox 2311 1311 2524 1370; baseline 0.028 -11"><span class='ocrx_word' id='word_1_449' title='bbox 2311 1311 2524 1370; x_wconf 81' lang='grc' dir='ltr'>νούσης.</span> 
     </span>
    </p>
   </div>
   <div class='ocr_carea' id='block_1_69' title="bbox 2313 1399 2402 1452">
    <p class='ocr_par' dir='ltr' id='par_1_69' title="bbox 2313 1399 2402 1452">
     <span class='ocr_line' id='line_1_69' title="bbox 2313 1399 2402 1452; baseline 0.034 -4"><span class='ocrx_word' id='word_1_450' title='bbox 2313 1399 2402 1452; x_wconf 85' lang='grc' dir='ltr'>Σύ.</span> 
     </span>
    </p>
   </div>
   <div class='ocr_carea' id='block_1_70' title="bbox 2603 1313 3913 1388">
    <p class='ocr_par' dir='ltr' id='par_1_70' title="bbox 2603 1313 3913 1388">
     <span class='ocr_line' id='line_1_70' title="bbox 2603 1313 3913 1388; baseline 0.002 -24"><span class='ocrx_word' id='word_1_451' title='bbox 2603 1315 2843 1365; x_wconf 80' lang='grc' dir='ltr'>Δεικτικά</span> <span class='ocrx_word' id='word_1_452' title='bbox 2889 1317 2988 1388; x_wconf 77' lang='grc' dir='ltr'>γὰρ</span> <span class='ocrx_word' id='word_1_453' title='bbox 3039 1315 3214 1386; x_wconf 69' lang='grc' dir='ltr'>ἄμφω,</span> <span class='ocrx_word' id='word_1_454' title='bbox 3263 1317 3457 1379; x_wconf 81' lang='grc' dir='ltr'>καὶτὸ,</span> <span class='ocrx_word' id='word_1_455' title='bbox 3493 1313 3674 1380; x_wconf 80' lang='grc' dir='ltr'>Οὗτος,</span> <span class='ocrx_word' id='word_1_456' title='bbox 3715 1318 3802 1366; x_wconf 85' lang='grc' dir='ltr'>καὶ</span> <span class='ocrx_word' id='word_1_457' title='bbox 3840 1318 3913 1382; x_wconf 83' lang='grc' dir='ltr'>τὸ,</span> 
     </span>
    </p>
   </div>
   <div class='ocr_carea' id='block_1_71' title="bbox 2384 1504 3914 1585">
    <p class='ocr_par' dir='ltr' id='par_1_71' title="bbox 2384 1504 3914 1585">
     <span class='ocr_line' id='line_1_71' title="bbox 2384 1504 3914 1585; baseline -0.001 -23"><span class='ocrx_word' id='word_1_458' title='bbox 2384 1507 2550 1570; x_wconf 79' lang='grc' dir='ltr'>Αὖθις</span> <span class='ocrx_word' id='word_1_459' title='bbox 2599 1504 2685 1560; x_wconf 79' lang='grc' dir='ltr'>οὖν</span> <span class='ocrx_word' id='word_1_460' title='bbox 2737 1517 2828 1561; x_wconf 88' lang='grc' dir='ltr'>τοῦ</span> <span class='ocrx_word' id='word_1_461' title='bbox 2904 1512 3178 1564; x_wconf 83' lang='grc' dir='ltr'>Ματθαίου</span> <span class='ocrx_word' id='word_1_462' title='bbox 3245 1514 3336 1584; x_wconf 73' lang='grc' dir='ltr'>μεν</span> <span class='ocrx_word' id='word_1_463' title='bbox 3390 1517 3480 1564; x_wconf 83' lang='grc' dir='ltr'>καὶ</span> <span class='ocrx_word' id='word_1_464' title='bbox 3557 1518 3648 1563; x_wconf 83' lang='grc' dir='ltr'>τοῦ</span> <span class='ocrx_word' id='word_1_465' title='bbox 3709 1512 3914 1585; x_wconf 70' lang='grc' dir='ltr'>Μάρκου</span> 
     </span>
    </p>
   </div>
   <div class='ocr_carea' id='block_1_72' title="bbox 2313 1596 3914 1671">
    <p class='ocr_par' dir='ltr' id='par_1_72' title="bbox 2313 1596 3914 1671">
     <span class='ocr_line' id='line_1_72' title="bbox 2313 1596 3914 1671; baseline 0.002 -23"><span class='ocrx_word' id='word_1_466' title='bbox 2313 1596 2641 1671; x_wconf 68' lang='grc' dir='ltr'>γραψάντων·</span> <span class='ocrx_word' id='word_1_467' title='bbox 2693 1600 2778 1652; x_wconf 86' lang='grc' dir='ltr'>Ἐν</span> <span class='ocrx_word' id='word_1_468' title='bbox 2832 1601 2871 1670; x_wconf 83' lang='grc' dir='ltr'><strong><em>ᾧ</em></strong></span> <span class='ocrx_word' id='word_1_469' title='bbox 2921 1597 3210 1659; x_wconf 71' lang='grc' dir='ltr'>εὐδόκησαο</span> <span class='ocrx_word' id='word_1_470' title='bbox 3290 1603 3314 1652; x_wconf 88' lang='lat'>6</span> <span class='ocrx_word' id='word_1_471' title='bbox 3394 1607 3618 1662; x_wconf 88' lang='grc' dir='ltr'>Λουκᾶς.</span> <span class='ocrx_word' id='word_1_472' title='bbox 3703 1600 3782 1653; x_wconf 88' lang='grc' dir='ltr'>Ἐν</span> <span class='ocrx_word' id='word_1_473' title='bbox 3839 1604 3914 1652; x_wconf 84' lang='grc' dir='ltr'>σοὶ</span> 
     </span>
    </p>
   </div>
   <div class='ocr_carea' id='block_1_73' title="bbox 2316 1683 3914 1762">
    <p class='ocr_par' dir='ltr' id='par_1_73' title="bbox 2316 1683 3914 1762">
     <span class='ocr_line' id='line_1_73' title="bbox 2316 1683 3914 1762; baseline 0.001 -24"><span class='ocrx_word' id='word_1_474' title='bbox 2316 1683 2606 1758; x_wconf 72' lang='grc' dir='ltr'>εὐδόκησα,</span> <span class='ocrx_word' id='word_1_475' title='bbox 2637 1692 2829 1762; x_wconf 84' lang='grc' dir='ltr'>εἴρηκε.</span> <span class='ocrx_word' id='word_1_476' title='bbox 2869 1694 2966 1742; x_wconf 81' lang='grc' dir='ltr'>Καὶ</span> <span class='ocrx_word' id='word_1_477' title='bbox 2996 1698 3149 1743; x_wconf 87' lang='grc' dir='ltr'>τοῦτο</span> <span class='ocrx_word' id='word_1_478' title='bbox 3176 1696 3340 1742; x_wconf 84' lang='grc' dir='ltr'>κανὼν</span> <span class='ocrx_word' id='word_1_479' title='bbox 3373 1693 3507 1744; x_wconf 85' lang='grc' dir='ltr'><em>ἔστω</em></span> <span class='ocrx_word' id='word_1_480' title='bbox 3542 1710 3625 1743; x_wconf 91' lang='grc' dir='ltr'>σοι</span> <span class='ocrx_word' id='word_1_481' title='bbox 3655 1689 3914 1748; x_wconf 78' lang='grc' dir='ltr'>καθολικὸς</span> 
     </span>
    </p>
   </div>
   <div class='ocr_carea' id='block_1_74' title="bbox 2315 1774 3044 1832">
    <p class='ocr_par' dir='ltr' id='par_1_74' title="bbox 2315 1774 3044 1832">
     <span class='ocr_line' id='line_1_74' title="bbox 2315 1774 3044 1832; baseline 0.005 -4"><span class='ocrx_word' id='word_1_482' title='bbox 2315 1774 2398 1829; x_wconf 80' lang='grc' dir='ltr'>ἐπὶ</span> <span class='ocrx_word' id='word_1_483' title='bbox 2429 1785 2528 1829; x_wconf 87' lang='grc' dir='ltr'>τῶν</span> <span class='ocrx_word' id='word_1_484' title='bbox 2551 1781 2793 1831; x_wconf 88' lang='grc' dir='ltr'>τοιούτών</span> <span class='ocrx_word' id='word_1_485' title='bbox 2821 1781 3044 1832; x_wconf 78' lang='grc' dir='ltr'>πάντων.</span> 
     </span>
    </p>
   </div>
   <div class='ocr_carea' id='block_1_75' title="bbox 2389 1868 3913 1945">
    <p class='ocr_par' dir='ltr' id='par_1_75' title="bbox 2389 1868 3913 1945">
     <span class='ocr_line' id='line_1_75' title="bbox 2389 1868 3913 1945; baseline -0.001 -25"><span class='ocrx_word' id='word_1_486' title='bbox 2389 1872 2489 1920; x_wconf 82' lang='grc' dir='ltr'>Καὶ</span> <span class='ocrx_word' id='word_1_487' title='bbox 2547 1868 2699 1931; x_wconf 69' lang='grc' dir='ltr'>εὐθὺς</span> <span class='ocrx_word' id='word_1_488' title='bbox 2748 1900 2814 1908; x_wconf 91' lang='grc'>--</span> <span class='ocrx_word' id='word_1_489' title='bbox 2870 1877 3091 1922; x_wconf 78' lang='grc' dir='ltr'>Σατανᾶ.</span> <span class='ocrx_word' id='word_1_490' title='bbox 3164 1874 3387 1944; x_wconf 78' lang='grc' dir='ltr'>Εἴρηται</span> <span class='ocrx_word' id='word_1_491' title='bbox 3445 1877 3534 1923; x_wconf 82' lang='grc' dir='ltr'>καὶ</span> <span class='ocrx_word' id='word_1_492' title='bbox 3582 1874 3699 1945; x_wconf 89' lang='grc' dir='ltr'>περὶ</span> <span class='ocrx_word' id='word_1_493' title='bbox 3733 1871 3913 1921; x_wconf 83' lang='grc' dir='ltr'>τούτων</span> 
     </span>
    </p>
   </div>
   <div class='ocr_carea' id='block_1_76' title="bbox 2315 1955 3912 2032">
    <p class='ocr_par' dir='ltr' id='par_1_76' title="bbox 2315 1955 3912 2032">
     <span class='ocr_line' id='line_1_76' title="bbox 2315 1955 3912 2032; baseline -0.001 -23"><span class='ocrx_word' id='word_1_494' title='bbox 2315 1955 2364 2009; x_wconf 80' lang='grc' dir='ltr'>ἐν</span> <span class='ocrx_word' id='word_1_495' title='bbox 2430 1965 2502 2028; x_wconf 80' lang='grc' dir='ltr'>τῷ</span> <span class='ocrx_word' id='word_1_496' title='bbox 2568 1963 2727 2031; x_wconf 83' lang='grc' dir='ltr'>τρίτῳ</span> <span class='ocrx_word' id='word_1_497' title='bbox 2784 1959 3042 2032; x_wconf 70' lang='grc' dir='ltr'>κεφαλαίῳ</span> <span class='ocrx_word' id='word_1_498' title='bbox 3092 1968 3184 2012; x_wconf 89' lang='grc' dir='ltr'>τοῦ</span> <span class='ocrx_word' id='word_1_499' title='bbox 3237 1963 3371 2012; x_wconf 79' lang='grc' dir='ltr'>κατὰ</span> <span class='ocrx_word' id='word_1_500' title='bbox 3435 1962 3724 2014; x_wconf 60' lang='grc' dir='ltr'>Μαι-δαῖον.</span> <span class='ocrx_word' id='word_1_501' title='bbox 3789 1957 3912 2009; x_wconf 82' lang='grc' dir='ltr'>’Λλλ⁹</span> 
     </span>
    </p>
   </div>
   <div class='ocr_carea' id='block_1_77' title="bbox 2314 2045 3916 2120">
    <p class='ocr_par' dir='ltr' id='par_1_77' title="bbox 2314 2045 3916 2120">
     <span class='ocr_line' id='line_1_77' title="bbox 2314 2045 3916 2120; baseline -0.001 -20"><span class='ocrx_word' id='word_1_502' title='bbox 2314 2046 2501 2110; x_wconf 68' lang='grc' dir='ltr'>ἐκεῖνος</span> <span class='ocrx_word' id='word_1_503' title='bbox 2546 2051 2657 2120; x_wconf 73' lang='grc' dir='ltr'>μὲν,</span> <span class='ocrx_word' id='word_1_504' title='bbox 2717 2051 2792 2100; x_wconf 84' lang='grc' dir='ltr'>ἔτι</span> <span class='ocrx_word' id='word_1_505' title='bbox 2847 2046 2904 2101; x_wconf 75' lang='grc' dir='ltr'>δε</span> <span class='ocrx_word' id='word_1_506' title='bbox 2965 2055 3054 2102; x_wconf 86' lang='grc' dir='ltr'>καὶ</span> <span class='ocrx_word' id='word_1_507' title='bbox 3103 2056 3326 2117; x_wconf 71' lang='grc' dir='ltr'>Λουκᾶς,</span> <span class='ocrx_word' id='word_1_508' title='bbox 3400 2050 3526 2104; x_wconf 80' lang='grc' dir='ltr'>’Υπό</span> <span class='ocrx_word' id='word_1_509' title='bbox 3590 2058 3679 2102; x_wconf 80' lang='grc' dir='ltr'>τοῦ</span> <span class='ocrx_word' id='word_1_510' title='bbox 3747 2045 3916 2100; x_wconf 68' lang='grc' dir='ltr'>διαϐό-</span> 
     </span>
    </p>
   </div>
   <div class='ocr_carea' id='block_1_78' title="bbox 2311 2135 3916 2213">
    <p class='ocr_par' dir='ltr' id='par_1_78' title="bbox 2311 2135 3916 2213">
     <span class='ocr_line' id='line_1_78' title="bbox 2311 2135 3916 2213; baseline -0.001 -23"><span class='ocrx_word' id='word_1_511' title='bbox 2311 2137 2422 2191; x_wconf 87' lang='grc' dir='ltr'>λου·</span> <span class='ocrx_word' id='word_1_512' title='bbox 2495 2139 2653 2204; x_wconf 84' lang='grc' dir='ltr'>εἷπον,</span> <span class='ocrx_word' id='word_1_513' title='bbox 2706 2142 2913 2213; x_wconf 72' lang='grc' dir='ltr'>Μᾶρκος</span> <span class='ocrx_word' id='word_1_514' title='bbox 2967 2135 3044 2199; x_wconf 72' lang='grc' dir='ltr'>δε,</span> <span class='ocrx_word' id='word_1_515' title='bbox 3095 2140 3215 2192; x_wconf 76' lang='grc' dir='ltr'>Ὑπὸ</span> <span class='ocrx_word' id='word_1_516' title='bbox 3284 2149 3374 2193; x_wconf 81' lang='grc' dir='ltr'>τοῦ</span> <span class='ocrx_word' id='word_1_517' title='bbox 3437 2147 3657 2193; x_wconf 85' lang='grc' dir='ltr'>Σατανᾶ.</span> <span class='ocrx_word' id='word_1_518' title='bbox 3725 2137 3916 2191; x_wconf 87' lang='grc' dir='ltr'>Πολυω-</span> 
     </span>
    </p>
   </div>
   <div class='ocr_carea' id='block_1_79' title="bbox 2313 2225 3917 2303">
    <p class='ocr_par' dir='ltr' id='par_1_79' title="bbox 2313 2225 3917 2303">
     <span class='ocr_line' id='line_1_79' title="bbox 2313 2225 3917 2303; baseline -0.001 -25"><span class='ocrx_word' id='word_1_519' title='bbox 2313 2230 2476 2299; x_wconf 87' lang='grc' dir='ltr'>νύμου</span> <span class='ocrx_word' id='word_1_520' title='bbox 2528 2229 2629 2302; x_wconf 73' lang='grc' dir='ltr'>γὰρ</span> <span class='ocrx_word' id='word_1_521' title='bbox 2675 2231 2817 2290; x_wconf 77' lang='grc' dir='ltr'>ὄντος</span> <span class='ocrx_word' id='word_1_522' title='bbox 2853 2235 2944 2280; x_wconf 89' lang='grc' dir='ltr'>τοῦ</span> <span class='ocrx_word' id='word_1_523' title='bbox 2987 2225 3256 2302; x_wconf 73' lang='grc' dir='ltr'>δαίμονος,</span> <span class='ocrx_word' id='word_1_524' title='bbox 3307 2234 3393 2281; x_wconf 86' lang='grc' dir='ltr'>καὶ</span> <span class='ocrx_word' id='word_1_525' title='bbox 3450 2229 3535 2303; x_wconf 65' lang='grc' dir='ltr'>ἀφ’</span> <span class='ocrx_word' id='word_1_526' title='bbox 3577 2229 3796 2289; x_wconf 73' lang='grc' dir='ltr'>ἑκάστης</span> <span class='ocrx_word' id='word_1_527' title='bbox 3827 2226 3917 2278; x_wconf 77' lang='grc' dir='ltr'>αύ-</span> 
     </span>
    </p>
   </div>
   <div class='ocr_carea' id='block_1_80' title="bbox 2315 2316 3916 2392">
    <p class='ocr_par' dir='ltr' id='par_1_80' title="bbox 2315 2316 3916 2392">
     <span class='ocr_line' id='line_1_80' title="bbox 2315 2316 3916 2392; baseline -0.001 -23"><span class='ocrx_word' id='word_1_528' title='bbox 2315 2325 2405 2370; x_wconf 93' lang='grc' dir='ltr'>τοῦ</span> <span class='ocrx_word' id='word_1_529' title='bbox 2435 2322 2618 2377; x_wconf 86' lang='grc' dir='ltr'>κακίας</span> <span class='ocrx_word' id='word_1_530' title='bbox 2650 2316 3051 2391; x_wconf 75' lang='grc' dir='ltr'>ὀνομαζομένου,</span> <span class='ocrx_word' id='word_1_531' title='bbox 3101 2323 3158 2371; x_wconf 83' lang='grc' dir='ltr'>τὸ</span> <span class='ocrx_word' id='word_1_532' title='bbox 3191 2323 3279 2392; x_wconf 79' lang='grc' dir='ltr'>μεν</span> <span class='ocrx_word' id='word_1_533' title='bbox 3321 2319 3487 2386; x_wconf 80' lang='grc' dir='ltr'>οὗτοι,</span> <span class='ocrx_word' id='word_1_534' title='bbox 3542 2323 3599 2371; x_wconf 84' lang='grc' dir='ltr'>τὸ</span> <span class='ocrx_word' id='word_1_535' title='bbox 3652 2316 3730 2389; x_wconf 72' lang='grc' dir='ltr'>δε,</span> <span class='ocrx_word' id='word_1_536' title='bbox 3776 2317 3916 2377; x_wconf 79' lang='grc' dir='ltr'>οὗτος</span> 
     </span>
    </p>
   </div>
   <div class='ocr_carea' id='block_1_81' title="bbox 2315 2407 2578 2482">
    <p class='ocr_par' dir='ltr' id='par_1_81' title="bbox 2315 2407 2578 2482">
     <span class='ocr_line' id='line_1_81' title="bbox 2315 2407 2578 2482; baseline 0.008 -24"><span class='ocrx_word' id='word_1_537' title='bbox 2315 2407 2578 2482; x_wconf 84' lang='grc' dir='ltr'>εἰρήκασι.</span> 
     </span>
    </p>
   </div>
   <div class='ocr_carea' id='block_1_82' title="bbox 2389 2493 3910 2571">
    <p class='ocr_par' dir='ltr' id='par_1_82' title="bbox 2389 2493 3910 2571">
     <span class='ocr_line' id='line_1_82' title="bbox 2389 2493 3910 2571; baseline -0.002 -21"><span class='ocrx_word' id='word_1_538' title='bbox 2389 2502 2608 2568; x_wconf 74' lang='grc' dir='ltr'>Λέγεται</span> <span class='ocrx_word' id='word_1_539' title='bbox 2635 2493 2692 2549; x_wconf 78' lang='grc' dir='ltr'>δε</span> <span class='ocrx_word' id='word_1_540' title='bbox 2720 2504 2970 2562; x_wconf 81' lang='grc' dir='ltr'>Σατανᾶς,</span> <span class='ocrx_word' id='word_1_541' title='bbox 3012 2499 3036 2549; x_wconf 98' lang='lat'>6</span> <span class='ocrx_word' id='word_1_542' title='bbox 3069 2497 3436 2571; x_wconf 78' lang='grc' dir='ltr'>ἀντικείμενος.</span> <span class='ocrx_word' id='word_1_543' title='bbox 3480 2497 3789 2554; x_wconf 80' lang='grc' dir='ltr'>Ἀντίκειται</span> <span class='ocrx_word' id='word_1_544' title='bbox 3816 2498 3910 2569; x_wconf 75' lang='grc' dir='ltr'>γὰρ</span> 
     </span>
    </p>
   </div>
   <div class='ocr_carea' id='block_1_83' title="bbox 2314 2581 3500 2660">
    <p class='ocr_par' dir='ltr' id='par_1_83' title="bbox 2314 2581 3500 2660">
     <span class='ocr_line' id='line_1_83' title="bbox 2314 2581 3500 2660; baseline 0.004 -24"><span class='ocrx_word' id='word_1_545' title='bbox 2314 2585 2338 2636; x_wconf 94' lang='lat'>6</span> <span class='ocrx_word' id='word_1_546' title='bbox 2362 2581 2562 2658; x_wconf 88' lang='grc' dir='ltr'>δαίμων</span> <span class='ocrx_word' id='word_1_547' title='bbox 2592 2595 2664 2658; x_wconf 79' lang='grc' dir='ltr'>τῷ</span> <span class='ocrx_word' id='word_1_548' title='bbox 2698 2595 2834 2658; x_wconf 77' lang='grc' dir='ltr'>Θεῷ,</span> <span class='ocrx_word' id='word_1_549' title='bbox 2866 2589 2932 2640; x_wconf 80' lang='grc' dir='ltr'>τὰ</span> <span class='ocrx_word' id='word_1_550' title='bbox 2961 2587 3164 2640; x_wconf 82' lang='grc' dir='ltr'>ἐναντία</span> <span class='ocrx_word' id='word_1_551' title='bbox 3190 2590 3500 2660; x_wconf 79' lang='grc' dir='ltr'>νομοθετῶν.</span> 
     </span>
    </p>
   </div>
   <div class='ocr_carea' id='block_1_84' title="bbox 2385 2797 3913 2875">
    <p class='ocr_par' dir='ltr' id='par_1_84' title="bbox 2385 2797 3913 2875">
     <span class='ocr_line' id='line_1_84' title="bbox 2385 2797 3913 2875; baseline -0.001 -22"><span class='ocrx_word' id='word_1_552' title='bbox 2385 2805 2484 2854; x_wconf 87' lang='lat' dir='ltr'>Kal</span> <span class='ocrx_word' id='word_1_553' title='bbox 2533 2797 2595 2859; x_wconf 76' lang='grc' dir='ltr'>ἦν</span> <span class='ocrx_word' id='word_1_554' title='bbox 2669 2803 2800 2873; x_wconf 84' lang='grc' dir='ltr'>μετὰ</span> <span class='ocrx_word' id='word_1_555' title='bbox 2855 2811 2954 2853; x_wconf 74' lang='grc' dir='ltr'>τῶν</span> <span class='ocrx_word' id='word_1_556' title='bbox 3033 2803 3245 2875; x_wconf 80' lang='grc' dir='ltr'>θηρίων.</span> <span class='ocrx_word' id='word_1_557' title='bbox 3318 2805 3595 2864; x_wconf 70' lang='lat' dir='ltr'>Mat-Gaio;</span> <span class='ocrx_word' id='word_1_558' title='bbox 3673 2805 3761 2874; x_wconf 63' lang='grc' dir='ltr'>μὲν</span> <span class='ocrx_word' id='word_1_559' title='bbox 3830 2805 3913 2852; x_wconf 86' lang='grc' dir='ltr'>καὶ</span> 
     </span>
    </p>
   </div>
   <div class='ocr_carea' id='block_1_85' title="bbox 2311 2887 3913 2966">
    <p class='ocr_par' dir='ltr' id='par_1_85' title="bbox 2311 2887 3913 2966">
     <span class='ocr_line' id='line_1_85' title="bbox 2311 2887 3913 2966; baseline -0.002 -22"><span class='ocrx_word' id='word_1_560' title='bbox 2311 2898 2515 2952; x_wconf 81' lang='grc' dir='ltr'>Λουκᾶς</span> <span class='ocrx_word' id='word_1_561' title='bbox 2571 2895 2661 2943; x_wconf 80' lang='grc' dir='ltr'>καὶ</span> <span class='ocrx_word' id='word_1_562' title='bbox 2728 2893 2795 2943; x_wconf 81' lang='grc' dir='ltr'>τα</span> <span class='ocrx_word' id='word_1_563' title='bbox 2859 2887 2974 2949; x_wconf 82' lang='grc' dir='ltr'>εῖδη</span> <span class='ocrx_word' id='word_1_564' title='bbox 3056 2899 3156 2943; x_wconf 83' lang='grc' dir='ltr'>τῶν</span> <span class='ocrx_word' id='word_1_565' title='bbox 3214 2902 3518 2966; x_wconf 80' lang='grc' dir='ltr'>πειρασμῶν</span> <span class='ocrx_word' id='word_1_566' title='bbox 3588 2895 3748 2944; x_wconf 81' lang='grc' dir='ltr'>αὐτοῦ</span> <span class='ocrx_word' id='word_1_567' title='bbox 3802 2888 3913 2942; x_wconf 79' lang='grc' dir='ltr'>ἀνέ-</span> 
     </span>
    </p>
   </div>
   <div class='ocr_carea' id='block_1_86' title="bbox 2307 2977 3911 3056">
    <p class='ocr_par' dir='ltr' id='par_1_86' title="bbox 2307 2977 3911 3056">
     <span class='ocr_line' id='line_1_86' title="bbox 2307 2977 3911 3056; baseline -0.001 -22"><span class='ocrx_word' id='word_1_568' title='bbox 2307 2981 2518 3054; x_wconf 74' lang='grc' dir='ltr'>γραψαν</span> <span class='ocrx_word' id='word_1_569' title='bbox 2574 2982 2707 3054; x_wconf 80' lang='grc'><strong>(13)·</strong></span> <span class='ocrx_word' id='word_1_570' title='bbox 2769 2983 2794 3032; x_wconf 93' lang='lat'>6</span> <span class='ocrx_word' id='word_1_571' title='bbox 2844 2977 2902 3034; x_wconf 75' lang='grc' dir='ltr'>δε</span> <span class='ocrx_word' id='word_1_572' title='bbox 2957 2984 3188 3056; x_wconf 76' lang='grc' dir='ltr'>Μάρκος,</span> <span class='ocrx_word' id='word_1_573' title='bbox 3245 2981 3627 3055; x_wconf 53' lang='grc' dir='ltr'>⁴φιλοσύντομος</span> <span class='ocrx_word' id='word_1_574' title='bbox 3676 2983 3741 3033; x_wconf 85' lang='grc' dir='ltr'>ὠν</span> <span class='ocrx_word' id='word_1_575' title='bbox 3793 2982 3911 3054; x_wconf 69' lang='grc' dir='ltr'>ὑπὲρ</span> 
     </span>
    </p>
   </div>
   <div class='ocr_carea' id='block_1_87' title="bbox 2231 3069 3915 3143">
    <p class='ocr_par' dir='ltr' id='par_1_87' title="bbox 2231 3069 3915 3143">
     <span class='ocr_line' id='line_1_87' title="bbox 2231 3069 3915 3143; baseline -0.002 -20"><span class='ocrx_word' id='word_1_576' title='bbox 2231 3083 2274 3140; x_wconf 80' lang='lat' dir='ltr'>C</span> <span class='ocrx_word' id='word_1_577' title='bbox 2308 3077 2428 3133; x_wconf 78' lang='grc' dir='ltr'>τούς</span> <span class='ocrx_word' id='word_1_578' title='bbox 2452 3069 2655 3137; x_wconf 74' lang='grc' dir='ltr'>ἄλλους,</span> <span class='ocrx_word' id='word_1_579' title='bbox 2707 3071 2936 3143; x_wconf 73' lang='grc' dir='ltr'>ἠρκέσθη</span> <span class='ocrx_word' id='word_1_580' title='bbox 2991 3079 3061 3140; x_wconf 77' lang='grc' dir='ltr'>τῷ</span> <span class='ocrx_word' id='word_1_581' title='bbox 3093 3073 3208 3142; x_wconf 76' lang='grc'>(14)</span> <span class='ocrx_word' id='word_1_582' title='bbox 3239 3070 3418 3138; x_wconf 83' lang='grc' dir='ltr'>εἰπεῖν,</span> <span class='ocrx_word' id='word_1_583' title='bbox 3473 3074 3551 3124; x_wconf 89' lang='grc' dir='ltr'>ὃτι</span> <span class='ocrx_word' id='word_1_584' title='bbox 3585 3076 3684 3125; x_wconf 82' lang='grc' dir='ltr'>Καὶ</span> <span class='ocrx_word' id='word_1_585' title='bbox 3724 3071 3783 3128; x_wconf 74' lang='grc' dir='ltr'>ἧν</span> <span class='ocrx_word' id='word_1_586' title='bbox 3813 3088 3915 3122; x_wconf 87' lang='grc' dir='ltr'>πει-</span> 
     </span>
    </p>
   </div>
   <div class='ocr_carea' id='block_1_88' title="bbox 2306 3157 3911 3234">
    <p class='ocr_par' dir='ltr' id='par_1_88' title="bbox 2306 3157 3911 3234">
     <span class='ocr_line' id='line_1_88' title="bbox 2306 3157 3911 3234; baseline -0.002 -22"><span class='ocrx_word' id='word_1_587' title='bbox 2306 3163 2604 3234; x_wconf 84' lang='grc' dir='ltr'>ραζόμενος.</span> <span class='ocrx_word' id='word_1_588' title='bbox 2659 3161 2726 3214; x_wconf 88' lang='grc' dir='ltr'>Εν</span> <span class='ocrx_word' id='word_1_589' title='bbox 2767 3161 2933 3230; x_wconf 87' lang='grc' dir='ltr'>τούτῳ</span> <span class='ocrx_word' id='word_1_590' title='bbox 2989 3162 3090 3232; x_wconf 73' lang='grc' dir='ltr'>γὰρ</span> <span class='ocrx_word' id='word_1_591' title='bbox 3145 3163 3234 3211; x_wconf 85' lang='grc' dir='ltr'>καὶ</span> <span class='ocrx_word' id='word_1_592' title='bbox 3290 3161 3353 3212; x_wconf 75' lang='grc' dir='ltr'>τά</span> <span class='ocrx_word' id='word_1_593' title='bbox 3403 3157 3522 3220; x_wconf 75' lang='grc' dir='ltr'>εἴδη</span> <span class='ocrx_word' id='word_1_594' title='bbox 3580 3158 3911 3234; x_wconf 83' lang='grc' dir='ltr'>συμπεριέλα·</span> 
     </span>
    </p>
   </div>
   <div class='ocr_carea' id='block_1_89' title="bbox 2308 3245 3913 3321">
    <p class='ocr_par' dir='ltr' id='par_1_89' title="bbox 2308 3245 3913 3321">
     <span class='ocr_line' id='line_1_89' title="bbox 2308 3245 3913 3321; baseline -0.001 -22"><span class='ocrx_word' id='word_1_595' title='bbox 2308 3247 2410 3301; x_wconf 77' lang='grc' dir='ltr'>ϐεν.</span> <span class='ocrx_word' id='word_1_596' title='bbox 2461 3248 2556 3301; x_wconf 82' lang='grc' dir='ltr'>Ἦν</span> <span class='ocrx_word' id='word_1_597' title='bbox 2613 3245 2670 3301; x_wconf 69' lang='grc' dir='ltr'>δὲ</span> <span class='ocrx_word' id='word_1_598' title='bbox 2723 3247 2856 3321; x_wconf 83' lang='grc' dir='ltr'>μετὰ</span> <span class='ocrx_word' id='word_1_599' title='bbox 2900 3257 2999 3301; x_wconf 82' lang='grc' dir='ltr'>τῶν</span> <span class='ocrx_word' id='word_1_600' title='bbox 3074 3251 3287 3321; x_wconf 86' lang='grc' dir='ltr'>θηρίων,</span> <span class='ocrx_word' id='word_1_601' title='bbox 3349 3245 3445 3302; x_wconf 78' lang='grc' dir='ltr'>διὰ</span> <span class='ocrx_word' id='word_1_602' title='bbox 3523 3270 3578 3303; x_wconf 90' lang='grc' dir='ltr'>τε</span> <span class='ocrx_word' id='word_1_603' title='bbox 3643 3255 3735 3308; x_wconf 85' lang='grc' dir='ltr'>τὴν</span> <span class='ocrx_word' id='word_1_604' title='bbox 3787 3249 3913 3319; x_wconf 70' lang='grc' dir='ltr'>ἄγαν</span> 
     </span>
    </p>
   </div>
   <div class='ocr_carea' id='block_1_90' title="bbox 2307 3336 3913 3412">
    <p class='ocr_par' dir='ltr' id='par_1_90' title="bbox 2307 3336 3913 3412">
     <span class='ocr_line' id='line_1_90' title="bbox 2307 3336 3913 3412; baseline -0.001 -23"><span class='ocrx_word' id='word_1_605' title='bbox 2307 3336 2524 3411; x_wconf 82' lang='grc' dir='ltr'>ἐρημίαν</span> <span class='ocrx_word' id='word_1_606' title='bbox 2578 3346 2668 3390; x_wconf 84' lang='grc' dir='ltr'>τοῦ</span> <span class='ocrx_word' id='word_1_607' title='bbox 2717 3342 2900 3402; x_wconf 85' lang='grc' dir='ltr'>τόπου,</span> <span class='ocrx_word' id='word_1_608' title='bbox 2952 3342 3041 3390; x_wconf 82' lang='grc' dir='ltr'>καὶ</span> <span class='ocrx_word' id='word_1_609' title='bbox 3095 3339 3178 3390; x_wconf 79' lang='grc' dir='ltr'>ἵνα</span> <span class='ocrx_word' id='word_1_610' title='bbox 3223 3339 3394 3412; x_wconf 64' lang='grc' dir='ltr'>μάθῃς</span> <span class='ocrx_word' id='word_1_611' title='bbox 3449 3342 3528 3392; x_wconf 83' lang='grc' dir='ltr'>ὅτι</span> <span class='ocrx_word' id='word_1_612' title='bbox 3582 3342 3607 3392; x_wconf 93' lang='lat'>6</span> <span class='ocrx_word' id='word_1_613' title='bbox 3655 3338 3913 3412; x_wconf 74' lang='grc' dir='ltr'>φυλάττων</span> 
     </span>
    </p>
   </div>
   <div class='ocr_carea' id='block_1_91' title="bbox 2304 3427 3912 3501">
    <p class='ocr_par' dir='ltr' id='par_1_91' title="bbox 2304 3427 3912 3501">
     <span class='ocr_line' id='line_1_91' title="bbox 2304 3427 3912 3501; baseline -0.002 -21"><span class='ocrx_word' id='word_1_614' title='bbox 2304 3431 2363 3480; x_wconf 80' lang='grc' dir='ltr'>τὸ</span> <span class='ocrx_word' id='word_1_615' title='bbox 2404 3427 2608 3500; x_wconf 81' lang='grc' dir='ltr'>ἀξίωμα</span> <span class='ocrx_word' id='word_1_616' title='bbox 2649 3435 2742 3490; x_wconf 85' lang='grc' dir='ltr'>τῆς</span> <span class='ocrx_word' id='word_1_617' title='bbox 2794 3427 2998 3500; x_wconf 73' lang='grc' dir='ltr'>ψυχῇς,</span> <span class='ocrx_word' id='word_1_618' title='bbox 3049 3427 3257 3501; x_wconf 74' lang='grc' dir='ltr'>φοϐερὸς</span> <span class='ocrx_word' id='word_1_619' title='bbox 3311 3427 3504 3482; x_wconf 81' lang='grc' dir='ltr'>πᾶλλον</span> <span class='ocrx_word' id='word_1_620' title='bbox 3551 3437 3663 3491; x_wconf 89' lang='grc' dir='ltr'>τοῖς</span> <span class='ocrx_word' id='word_1_621' title='bbox 3717 3430 3912 3500; x_wconf 84' lang='grc' dir='ltr'>Θηρίοις</span> 
     </span>
    </p>
   </div>
   <div class='ocr_carea' id='block_1_92' title="bbox 2305 3515 3912 3594">
    <p class='ocr_par' dir='ltr' id='par_1_92' title="bbox 2305 3515 3912 3594">
     <span class='ocr_line' id='line_1_92' title="bbox 2305 3515 3912 3594; baseline -0.001 -24"><span class='ocrx_word' id='word_1_622' title='bbox 2305 3515 2465 3570; x_wconf 85' lang='grc' dir='ltr'>ἐστίν.</span> <span class='ocrx_word' id='word_1_623' title='bbox 2514 3517 2732 3593; x_wconf 72' lang='grc' dir='ltr'>’Ἃρχειν</span> <span class='ocrx_word' id='word_1_624' title='bbox 2785 3520 2886 3592; x_wconf 75' lang='grc' dir='ltr'>γὰρ</span> <span class='ocrx_word' id='word_1_625' title='bbox 2917 3519 3122 3570; x_wconf 82' lang='grc' dir='ltr'>πάντων</span> <span class='ocrx_word' id='word_1_626' title='bbox 3175 3517 3343 3570; x_wconf 83' lang='grc' dir='ltr'>αύτὼν</span> <span class='ocrx_word' id='word_1_627' title='bbox 3381 3523 3484 3592; x_wconf 77' lang='grc' dir='ltr'>πρὸ</span> <span class='ocrx_word' id='word_1_628' title='bbox 3517 3529 3614 3582; x_wconf 82' lang='grc' dir='ltr'>τῆς</span> <span class='ocrx_word' id='word_1_629' title='bbox 3647 3523 3912 3594; x_wconf 77' lang='grc' dir='ltr'>παρακοῆς</span> 
     </span>
    </p>
   </div>
   <div class='ocr_carea' id='block_1_93' title="bbox 2304 3605 2950 3680">
    <p class='ocr_par' dir='ltr' id='par_1_93' title="bbox 2304 3605 2950 3680">
     <span class='ocr_line' id='line_1_93' title="bbox 2304 3605 2950 3680; baseline 0 -21"><span class='ocrx_word' id='word_1_630' title='bbox 2304 3609 2329 3659; x_wconf 95' lang='lat'>6</span> <span class='ocrx_word' id='word_1_631' title='bbox 2356 3610 2626 3680; x_wconf 76' lang='grc' dir='ltr'>ἄνθρωπος</span> <span class='ocrx_word' id='word_1_632' title='bbox 2655 3605 2950 3666; x_wconf 77' lang='grc' dir='ltr'>ἐκελεύσθη.</span> 
     </span>
    </p>
   </div>
   <div class='ocr_carea' id='block_1_94' title="bbox 2377 3696 3907 3773">
    <p class='ocr_par' dir='ltr' id='par_1_94' title="bbox 2377 3696 3907 3773">
     <span class='ocr_line' id='line_1_94' title="bbox 2377 3696 3907 3773; baseline -0.003 -23"><span class='ocrx_word' id='word_1_633' title='bbox 2377 3703 2478 3750; x_wconf 82' lang='grc' dir='ltr'>Καὶ</span> <span class='ocrx_word' id='word_1_634' title='bbox 2538 3699 2586 3748; x_wconf 81' lang='grc' dir='ltr'>οἱ</span> <span class='ocrx_word' id='word_1_635' title='bbox 2641 3698 2852 3769; x_wconf 73' lang='grc' dir='ltr'>ἄγγελοι</span> <span class='ocrx_word' id='word_1_636' title='bbox 2910 3728 2978 3737; x_wconf 88' lang='grc'><strong><em>-</em></strong></span> <span class='ocrx_word' id='word_1_637' title='bbox 3018 3696 3180 3767; x_wconf 83' lang='grc' dir='ltr'>αύτῷ.</span> <span class='ocrx_word' id='word_1_638' title='bbox 3238 3699 3382 3750; x_wconf 80' lang='grc' dir='ltr'>Μετὰ</span> <span class='ocrx_word' id='word_1_639' title='bbox 3425 3702 3551 3759; x_wconf 84' lang='grc' dir='ltr'>τοὺς</span> <span class='ocrx_word' id='word_1_640' title='bbox 3589 3698 3907 3773; x_wconf 85' lang='grc' dir='ltr'>πειρασμοὺς</span> 
     </span>
    </p>
   </div>
   <div class='ocr_carea' id='block_1_95' title="bbox 2305 3782 3904 3861">
    <p class='ocr_par' dir='ltr' id='par_1_95' title="bbox 2305 3782 3904 3861">
     <span class='ocr_line' id='line_1_95' title="bbox 2305 3782 3904 3861; baseline 0.001 -23"><span class='ocrx_word' id='word_1_641' title='bbox 2305 3782 2564 3853; x_wconf 79' lang='grc' dir='ltr'>δηλονότι,</span> <span class='ocrx_word' id='word_1_642' title='bbox 2597 3789 2688 3838; x_wconf 77' lang='grc' dir='ltr'>καὶ</span> <span class='ocrx_word' id='word_1_643' title='bbox 2713 3788 2845 3858; x_wconf 84' lang='grc' dir='ltr'>μετὰ</span> <span class='ocrx_word' id='word_1_644' title='bbox 2885 3790 2980 3844; x_wconf 81' lang='grc' dir='ltr'>τὴν</span> <span class='ocrx_word' id='word_1_645' title='bbox 3028 3789 3161 3838; x_wconf 87' lang='grc' dir='ltr'>κατὰ</span> <span class='ocrx_word' id='word_1_646' title='bbox 3191 3794 3283 3838; x_wconf 69' lang='grc' dir='ltr'>τοῦ</span> <span class='ocrx_word' id='word_1_647' title='bbox 3333 3796 3623 3860; x_wconf 84' lang='grc' dir='ltr'>πειραστοῦ</span> <span class='ocrx_word' id='word_1_648' title='bbox 3656 3790 3904 3861; x_wconf 69' lang='grc' dir='ltr'>περιφανῆ</span> 
     </span>
    </p>
   </div>
   <div class='ocr_carea' id='block_1_96' title="bbox 2301 3875 3335 3948">
    <p class='ocr_par' dir='ltr' id='par_1_96' title="bbox 2301 3875 3335 3948">
     <span class='ocr_line' id='line_1_96' title="bbox 2301 3875 3335 3948; baseline 0 -20"><span class='ocrx_word' id='word_1_649' title='bbox 2301 3881 2472 3941; x_wconf 86' lang='grc' dir='ltr'>νίκην,</span> <span class='ocrx_word' id='word_1_650' title='bbox 2505 3879 2575 3939; x_wconf 86' lang='grc' dir='ltr'>ὡς</span> <span class='ocrx_word' id='word_1_651' title='bbox 2603 3878 2629 3928; x_wconf 93' lang='lat'>6</span> <span class='ocrx_word' id='word_1_652' title='bbox 2660 3878 2928 3938; x_wconf 85' lang='grc' dir='ltr'>Ματθαῐος</span> <span class='ocrx_word' id='word_1_653' title='bbox 2958 3875 3335 3948; x_wconf 79' lang='grc' dir='ltr'>ἐπεσημήνατο.</span> 
     </span>
    </p>
   </div>
   <div class='ocr_carea' id='block_1_97' title="bbox 2376 3962 3910 4042">
    <p class='ocr_par' dir='ltr' id='par_1_97' title="bbox 2376 3962 3910 4042">
     <span class='ocr_line' id='line_1_97' title="bbox 2376 3962 3910 4042; baseline -0.005 -23"><span class='ocrx_word' id='word_1_654' title='bbox 2376 3969 2517 4020; x_wconf 85' lang='grc' dir='ltr'>Μετά</span> <span class='ocrx_word' id='word_1_655' title='bbox 2570 3962 2629 4018; x_wconf 76' lang='grc' dir='ltr'>δε</span> <span class='ocrx_word' id='word_1_656' title='bbox 2680 3997 2748 4006; x_wconf 94' lang='grc'><strong>-</strong></span> <span class='ocrx_word' id='word_1_657' title='bbox 2800 3973 2891 4018; x_wconf 92' lang='grc' dir='ltr'>τοῦ</span> <span class='ocrx_word' id='word_1_658' title='bbox 2941 3973 3095 4019; x_wconf 90' lang='grc' dir='ltr'>Θεοῦ.</span> <span class='ocrx_word' id='word_1_659' title='bbox 3142 3969 3362 4040; x_wconf 80' lang='grc' dir='ltr'>Εἴρηται</span> <span class='ocrx_word' id='word_1_660' title='bbox 3409 3972 3498 4020; x_wconf 79' lang='grc' dir='ltr'>καὶ</span> <span class='ocrx_word' id='word_1_661' title='bbox 3555 3972 3675 4042; x_wconf 87' lang='grc' dir='ltr'>περὶ</span> <span class='ocrx_word' id='word_1_662' title='bbox 3723 3967 3910 4017; x_wconf 86' lang='grc' dir='ltr'>τούτων</span> 
     </span>
    </p>
   </div>
   <div class='ocr_carea' id='block_1_98' title="bbox 2305 4053 3913 4128">
    <p class='ocr_par' dir='ltr' id='par_1_98' title="bbox 2305 4053 3913 4128">
     <span class='ocr_line' id='line_1_98' title="bbox 2305 4053 3913 4128; baseline -0.003 -20"><span class='ocrx_word' id='word_1_663' title='bbox 2305 4054 2352 4108; x_wconf 74' lang='grc' dir='ltr'>ἓν</span> <span class='ocrx_word' id='word_1_664' title='bbox 2399 4065 2470 4128; x_wconf 82' lang='grc' dir='ltr'>τῷ</span> <span class='ocrx_word' id='word_1_665' title='bbox 2546 4055 2688 4126; x_wconf 83' lang='grc' dir='ltr'>αύτῷ</span> <span class='ocrx_word' id='word_1_666' title='bbox 2747 4054 3028 4128; x_wconf 77' lang='grc' dir='ltr'>κεφαλαίῳ.</span> <span class='ocrx_word' id='word_1_667' title='bbox 3111 4055 3424 4127; x_wconf 72' lang='grc' dir='ltr'>Εύαγγέλιον</span> <span class='ocrx_word' id='word_1_668' title='bbox 3477 4054 3538 4109; x_wconf 76' lang='grc' dir='ltr'>δὲ</span> <span class='ocrx_word' id='word_1_669' title='bbox 3595 4064 3690 4118; x_wconf 84' lang='grc' dir='ltr'>τῆς</span> <span class='ocrx_word' id='word_1_670' title='bbox 3758 4053 3913 4127; x_wconf 87' lang='grc' dir='ltr'>βασι-</span> 
     </span>
    </p>
   </div>
   <div class='ocr_carea' id='block_1_99' title="bbox 2303 4143 3911 4216">
    <p class='ocr_par' dir='ltr' id='par_1_99' title="bbox 2303 4143 3911 4216">
     <span class='ocr_line' id='line_1_99' title="bbox 2303 4143 3911 4216; baseline -0.002 -19"><span class='ocrx_word' id='word_1_671' title='bbox 2303 4144 2442 4205; x_wconf 83' lang='grc' dir='ltr'>λείας</span> <span class='ocrx_word' id='word_1_672' title='bbox 2493 4153 2584 4198; x_wconf 88' lang='grc' dir='ltr'>τοῦ</span> <span class='ocrx_word' id='word_1_673' title='bbox 2634 4149 2760 4198; x_wconf 90' lang='grc' dir='ltr'>Θεοῦ</span> <span class='ocrx_word' id='word_1_674' title='bbox 2789 4153 2898 4209; x_wconf 86' lang='grc' dir='ltr'>νῦν,</span> <span class='ocrx_word' id='word_1_675' title='bbox 2947 4149 3036 4202; x_wconf 80' lang='grc' dir='ltr'>τὴν</span> <span class='ocrx_word' id='word_1_676' title='bbox 3089 4148 3280 4203; x_wconf 76' lang='grc' dir='ltr'>Καινὴν</span> <span class='ocrx_word' id='word_1_677' title='bbox 3332 4147 3600 4204; x_wconf 79' lang='grc' dir='ltr'>Διαθηκην</span> <span class='ocrx_word' id='word_1_678' title='bbox 3632 4143 3787 4216; x_wconf 73' lang='grc' dir='ltr'>λέγει,</span> <span class='ocrx_word' id='word_1_679' title='bbox 3847 4143 3911 4201; x_wconf 85' lang='grc' dir='ltr'>ὡς</span> 
     </span>
    </p>
   </div>
   <div class='ocr_carea' id='block_1_100' title="bbox 2303 4230 3912 4308">
    <p class='ocr_par' dir='ltr' id='par_1_100' title="bbox 2303 4230 3912 4308">
     <span class='ocr_line' id='line_1_100' title="bbox 2303 4230 3912 4308; baseline -0.003 -23"><span class='ocrx_word' id='word_1_680' title='bbox 2303 4236 2604 4306; x_wconf 89' lang='grc' dir='ltr'>μηνύουσαν</span> <span class='ocrx_word' id='word_1_681' title='bbox 2633 4237 2750 4308; x_wconf 70' lang='grc' dir='ltr'>περὶ</span> <span class='ocrx_word' id='word_1_682' title='bbox 2799 4243 2894 4295; x_wconf 84' lang='grc' dir='ltr'>τῆς</span> <span class='ocrx_word' id='word_1_683' title='bbox 2947 4231 3222 4306; x_wconf 82' lang='grc' dir='ltr'>βασιλείας</span> <span class='ocrx_word' id='word_1_684' title='bbox 3263 4241 3356 4286; x_wconf 87' lang='grc' dir='ltr'>τοῦ</span> <span class='ocrx_word' id='word_1_685' title='bbox 3401 4242 3559 4301; x_wconf 90' lang='grc' dir='ltr'>Θεοῦ,</span> <span class='ocrx_word' id='word_1_686' title='bbox 3603 4238 3632 4292; x_wconf 80' lang='grc' dir='ltr'>ἧ</span> <span class='ocrx_word' id='word_1_687' title='bbox 3669 4235 3738 4296; x_wconf 84' lang='grc' dir='ltr'>ὡς</span> <span class='ocrx_word' id='word_1_688' title='bbox 3775 4230 3912 4284; x_wconf 73' lang='grc' dir='ltr'>εἱσά-</span> 
     </span>
    </p>
   </div>
   <div class='ocr_carea' id='block_1_101' title="bbox 2302 4321 3334 4396">
    <p class='ocr_par' dir='ltr' id='par_1_101' title="bbox 2302 4321 3334 4396">
     <span class='ocr_line' id='line_1_101' title="bbox 2302 4321 3334 4396; baseline -0.001 -19"><span class='ocrx_word' id='word_1_689' title='bbox 2302 4343 2501 4395; x_wconf 80' lang='grc' dir='ltr'>γουσαν</span> <span class='ocrx_word' id='word_1_690' title='bbox 2532 4324 2605 4387; x_wconf 83' lang='grc' dir='ltr'>εἰς</span> <span class='ocrx_word' id='word_1_691' title='bbox 2631 4329 2726 4382; x_wconf 79' lang='grc' dir='ltr'>τὴν</span> <span class='ocrx_word' id='word_1_692' title='bbox 2753 4321 3028 4396; x_wconf 79' lang='grc' dir='ltr'>βασιλείαν</span> <span class='ocrx_word' id='word_1_693' title='bbox 3059 4331 3151 4376; x_wconf 88' lang='grc' dir='ltr'>τοῦ</span> <span class='ocrx_word' id='word_1_694' title='bbox 3179 4331 3334 4377; x_wconf 85' lang='grc' dir='ltr'>Θεοῦ.</span> 
     </span>
    </p>
   </div>
   <div class='ocr_carea' id='block_1_102' title="bbox 2224 4411 3912 4498">
    <p class='ocr_par' dir='ltr' id='par_1_102' title="bbox 2224 4411 3912 4498">
     <span class='ocr_line' id='line_1_102' title="bbox 2224 4411 3912 4498; baseline -0.004 -31"><span class='ocrx_word' id='word_1_695' title='bbox 2224 4441 2274 4498; x_wconf 82' lang='lat' dir='ltr'><strong>D</strong></span> <span class='ocrx_word' id='word_1_696' title='bbox 2379 4418 2477 4467; x_wconf 85' lang='lat' dir='ltr'>Kal</span> <span class='ocrx_word' id='word_1_697' title='bbox 2527 4413 2688 4485; x_wconf 74' lang='grc' dir='ltr'>λέγων</span> <span class='ocrx_word' id='word_1_698' title='bbox 2754 4444 2822 4452; x_wconf 90' lang='grc'><strong><em>-</em></strong></span> <span class='ocrx_word' id='word_1_699' title='bbox 2896 4416 3094 4488; x_wconf 80' lang='grc' dir='ltr'>καιρὸς.</span> <span class='ocrx_word' id='word_1_700' title='bbox 3154 4413 3213 4466; x_wconf 75' lang='grc' dir='ltr'>Ὀ</span> <span class='ocrx_word' id='word_1_701' title='bbox 3288 4416 3473 4487; x_wconf 86' lang='grc' dir='ltr'>καιρὸς</span> <span class='ocrx_word' id='word_1_702' title='bbox 3530 4415 3557 4466; x_wconf 88' lang='lat'>6</span> <span class='ocrx_word' id='word_1_703' title='bbox 3611 4411 3912 4487; x_wconf 76' lang='grc' dir='ltr'>ἀφορισθεὶς</span> 
     </span>
    </p>
   </div>
   <div class='ocr_carea' id='block_1_103' title="bbox 2301 4501 3904 4578">
    <p class='ocr_par' dir='ltr' id='par_1_103' title="bbox 2301 4501 3904 4578">
     <span class='ocr_line' id='line_1_103' title="bbox 2301 4501 3904 4578; baseline 0 -22"><span class='ocrx_word' id='word_1_704' title='bbox 2301 4507 2443 4578; x_wconf 75' lang='grc' dir='ltr'>παρὰ</span> <span class='ocrx_word' id='word_1_705' title='bbox 2516 4508 2643 4557; x_wconf 88' lang='grc' dir='ltr'>Θεοῦ</span> <span class='ocrx_word' id='word_1_706' title='bbox 2713 4511 2775 4576; x_wconf 74' lang='grc' dir='ltr'>τῇ</span> <span class='ocrx_word' id='word_1_707' title='bbox 2844 4501 3079 4575; x_wconf 84' lang='grc' dir='ltr'>πολιτείᾳ</span> <span class='ocrx_word' id='word_1_708' title='bbox 3157 4510 3251 4565; x_wconf 83' lang='grc' dir='ltr'>τῆς</span> <span class='ocrx_word' id='word_1_709' title='bbox 3307 4502 3542 4566; x_wconf 89' lang='grc' dir='ltr'>Παλαιᾶς</span> <span class='ocrx_word' id='word_1_710' title='bbox 3627 4503 3904 4562; x_wconf 77' lang='grc' dir='ltr'>Διαθήκης,</span> 
     </span>
    </p>
   </div>
   <div class='ocr_carea' id='block_1_104' title="bbox 2300 4588 3905 4668">
    <p class='ocr_par' dir='ltr' id='par_1_104' title="bbox 2300 4588 3905 4668">
     <span class='ocr_line' id='line_1_104' title="bbox 2300 4588 3905 4668; baseline -0.006 -21"><span class='ocrx_word' id='word_1_711' title='bbox 2300 4599 2418 4668; x_wconf 82' lang='grc' dir='ltr'>περὶ</span> <span class='ocrx_word' id='word_1_712' title='bbox 2499 4589 2558 4646; x_wconf 76' lang='grc' dir='ltr'>οὗ</span> <span class='ocrx_word' id='word_1_713' title='bbox 2634 4612 2792 4666; x_wconf 71' lang='grc' dir='ltr'>φησιν</span> <span class='ocrx_word' id='word_1_714' title='bbox 2851 4594 2876 4644; x_wconf 90' lang='lat'>6</span> <span class='ocrx_word' id='word_1_715' title='bbox 2949 4592 3285 4655; x_wconf 75' lang='grc' dir='ltr'>Ἀπόστολοςο</span> <span class='ocrx_word' id='word_1_716' title='bbox 3365 4594 3444 4646; x_wconf 86' lang='grc' dir='ltr'>ὅτι</span> <span class='ocrx_word' id='word_1_717' title='bbox 3496 4592 3624 4646; x_wconf 83' lang='grc' dir='ltr'>Ὀτε</span> <span class='ocrx_word' id='word_1_718' title='bbox 3677 4588 3799 4650; x_wconf 79' lang='grc' dir='ltr'>ἦλθε</span> <span class='ocrx_word' id='word_1_719' title='bbox 3848 4589 3905 4639; x_wconf 88' lang='grc' dir='ltr'>τὸ</span> 
     </span>
    </p>
   </div>
   <div class='ocr_carea' id='block_1_105' title="bbox 2298 4679 3904 4758">
    <p class='ocr_par' dir='ltr' id='par_1_105' title="bbox 2298 4679 3904 4758">
     <span class='ocr_line' id='line_1_105' title="bbox 2298 4679 3904 4758; baseline -0.006 -21"><span class='ocrx_word' id='word_1_720' title='bbox 2298 4683 2557 4757; x_wconf 83' lang='grc' dir='ltr'>πλήρωμα</span> <span class='ocrx_word' id='word_1_721' title='bbox 2603 4691 2696 4736; x_wconf 89' lang='grc' dir='ltr'>τοῦ</span> <span class='ocrx_word' id='word_1_722' title='bbox 2752 4688 2972 4758; x_wconf 79' lang='grc' dir='ltr'>χρόνου,</span> <span class='ocrx_word' id='word_1_723' title='bbox 3021 4681 3372 4747; x_wconf 83' lang='grc' dir='ltr'>ἐξαπέστειλεν</span> <span class='ocrx_word' id='word_1_724' title='bbox 3425 4683 3451 4734; x_wconf 88' lang='lat'>6</span> <span class='ocrx_word' id='word_1_725' title='bbox 3500 4686 3628 4744; x_wconf 87' lang='grc' dir='ltr'>Θεὸς</span> <span class='ocrx_word' id='word_1_726' title='bbox 3675 4684 3761 4734; x_wconf 87' lang='grc' dir='ltr'>τὸν</span> <span class='ocrx_word' id='word_1_727' title='bbox 3792 4679 3904 4732; x_wconf 82' lang='grc' dir='ltr'>Υἰόν</span> 
     </span>
    </p>
   </div>
   <div class='ocr_carea' id='block_1_106' title="bbox 2298 4773 2479 4826">
    <p class='ocr_par' dir='ltr' id='par_1_106' title="bbox 2298 4773 2479 4826">
     <span class='ocr_line' id='line_1_106' title="bbox 2298 4773 2479 4826; baseline 0 0"><span class='ocrx_word' id='word_1_728' title='bbox 2298 4773 2479 4826; x_wconf 73' lang='grc' dir='ltr'>αὐτοῦ.</span> 
     </span>
    </p>
   </div>
   <div class='ocr_carea' id='block_1_107' title="bbox 2370 4859 3902 4936">
    <p class='ocr_par' dir='ltr' id='par_1_107' title="bbox 2370 4859 3902 4936">
     <span class='ocr_line' id='line_1_107' title="bbox 2370 4859 3902 4936; baseline -0.007 -20"><span class='ocrx_word' id='word_1_729' title='bbox 2370 4868 2470 4916; x_wconf 88' lang='lat' dir='ltr'>Kal</span> <span class='ocrx_word' id='word_1_730' title='bbox 2517 4893 2588 4904; x_wconf 93' lang='lat'>—</span> <span class='ocrx_word' id='word_1_731' title='bbox 2640 4870 2794 4917; x_wconf 88' lang='grc' dir='ltr'>Θεοῦ.</span> <span class='ocrx_word' id='word_1_732' title='bbox 2852 4862 3101 4935; x_wconf 73' lang='grc' dir='ltr'>Ἤγγικεν</span> <span class='ocrx_word' id='word_1_733' title='bbox 3155 4865 3239 4914; x_wconf 79' lang='grc' dir='ltr'>ἵνα</span> <span class='ocrx_word' id='word_1_734' title='bbox 3289 4859 3587 4936; x_wconf 77' lang='grc' dir='ltr'>βασιλεύσῃ</span> <span class='ocrx_word' id='word_1_735' title='bbox 3664 4867 3763 4914; x_wconf 86' lang='grc' dir='ltr'>τῶν</span> <span class='ocrx_word' id='word_1_736' title='bbox 3816 4873 3902 4907; x_wconf 81' lang='grc' dir='ltr'>πι-</span> 
     </span>
    </p>
   </div>
   <div class='ocr_carea' id='block_1_108' title="bbox 2296 4943 3907 5026">
    <p class='ocr_par' dir='ltr' id='par_1_108' title="bbox 2296 4943 3907 5026">
     <span class='ocr_line' id='line_1_108' title="bbox 2296 4943 3907 5026; baseline -0.002 -19"><span class='ocrx_word' id='word_1_737' title='bbox 2296 4958 2596 5023; x_wconf 80' lang='grc' dir='ltr'>στευόντων,</span> <span class='ocrx_word' id='word_1_738' title='bbox 2649 4955 2714 5014; x_wconf 86' lang='grc' dir='ltr'>ὡς</span> <span class='ocrx_word' id='word_1_739' title='bbox 2759 4954 3057 5026; x_wconf 80' lang='grc' dir='ltr'>ἡρμηνεύθη</span> <span class='ocrx_word' id='word_1_740' title='bbox 3117 4958 3488 5026; x_wconf 79' lang='grc' dir='ltr'>φανεροὼτερον</span> <span class='ocrx_word' id='word_1_741' title='bbox 3526 4950 3576 5003; x_wconf 76' lang='grc' dir='ltr'>ἐν</span> <span class='ocrx_word' id='word_1_742' title='bbox 3625 4958 3698 5020; x_wconf 81' lang='grc' dir='ltr'>τῷ</span> <span class='ocrx_word' id='word_1_743' title='bbox 3744 4943 3907 5004; x_wconf 75' lang='grc' dir='ltr'>δηλω-</span> 
     </span>
    </p>
   </div>
   <div class='ocr_carea' id='block_1_109' title="bbox 2301 5041 2758 5116">
    <p class='ocr_par' dir='ltr' id='par_1_109' title="bbox 2301 5041 2758 5116">
     <span class='ocr_line' id='line_1_109' title="bbox 2301 5041 2758 5116; baseline -0.002 -20"><span class='ocrx_word' id='word_1_744' title='bbox 2301 5045 2436 5097; x_wconf 80' lang='grc' dir='ltr'>θέντι</span> <span class='ocrx_word' id='word_1_745' title='bbox 2475 5041 2758 5116; x_wconf 74' lang='grc' dir='ltr'>κεφαλαίῳ.</span> 
     </span>
    </p>
   </div>
   <div class='ocr_carea' id='block_1_110' title="bbox 2349 5161 3908 5238">
    <p class='ocr_par' dir='ltr' id='par_1_110' title="bbox 2349 5161 3908 5238">
     <span class='ocr_line' id='line_1_110' title="bbox 2349 5161 3908 5238; baseline -0.008 -11"><span class='ocrx_word' id='word_1_746' title='bbox 2349 5173 2396 5208; x_wconf 79' lang='grc'>¹⁵</span> <span class='ocrx_word' id='word_1_747' title='bbox 2453 5171 2589 5226; x_wconf 90' lang='lat' dir='ltr'>Luc.</span> <span class='ocrx_word' id='word_1_748' title='bbox 2647 5187 2723 5238; x_wconf 89' lang='grc' dir='ltr'><strong><em>ιιι,</em></strong></span> <span class='ocrx_word' id='word_1_749' title='bbox 2754 5173 2842 5224; x_wconf 83' lang='lat'>22.</span> <span class='ocrx_word' id='word_1_750' title='bbox 2924 5171 2971 5204; x_wconf 81' lang='grc'>¹⁶</span> <span class='ocrx_word' id='word_1_751' title='bbox 2996 5169 3198 5226; x_wconf 85' lang='lat' dir='ltr'>Matth.</span> <span class='ocrx_word' id='word_1_752' title='bbox 3226 5185 3305 5235; x_wconf 82' lang='lat' dir='ltr'>iv,</span> <span class='ocrx_word' id='word_1_753' title='bbox 3345 5169 3380 5223; x_wconf 79' lang='lat'><strong>5</strong></span> <span class='ocrx_word' id='word_1_754' title='bbox 3414 5187 3427 5238; x_wconf 91' lang='lat'><strong>;</strong></span> <span class='ocrx_word' id='word_1_755' title='bbox 3460 5169 3602 5223; x_wconf 88' lang='lat' dir='ltr'>Luc.</span> <span class='ocrx_word' id='word_1_756' title='bbox 3637 5168 3784 5233; x_wconf 84' lang='lat' dir='ltr'>1v,2.</span> <span class='ocrx_word' id='word_1_757' title='bbox 3863 5161 3908 5196; x_wconf 82' lang='grc'>¹⁷</span> 
     </span>
    </p>
   </div>
   <div class='ocr_carea' id='block_1_111' title="bbox 2924 5168 3784 5238">
    <p class='ocr_par' dir='ltr' id='par_1_111' title="bbox 2924 5168 3784 5238">
     <span class='ocr_line' id='line_1_111' title="bbox 2924 5168 3784 5238; baseline -0.01 -13"><span class='ocrx_word' id='word_1_758' title='bbox 2924 5171 2971 5204; x_wconf 81' lang='grc'>¹⁶</span> <span class='ocrx_word' id='word_1_759' title='bbox 2996 5169 3198 5226; x_wconf 85' lang='lat' dir='ltr'>Matth.</span> <span class='ocrx_word' id='word_1_760' title='bbox 3226 5185 3305 5235; x_wconf 82' lang='lat' dir='ltr'>iv,</span> <span class='ocrx_word' id='word_1_761' title='bbox 3345 5169 3380 5223; x_wconf 79' lang='lat'><strong>5</strong></span> <span class='ocrx_word' id='word_1_762' title='bbox 3414 5187 3427 5238; x_wconf 91' lang='lat'><strong>;</strong></span> <span class='ocrx_word' id='word_1_763' title='bbox 3460 5169 3602 5223; x_wconf 88' lang='lat' dir='ltr'>Luc.</span> <span class='ocrx_word' id='word_1_764' title='bbox 3637 5168 3784 5233; x_wconf 84' lang='lat' dir='ltr'>1v,2.</span> 
     </span>
    </p>
   </div>
   <div class='ocr_carea' id='block_1_112' title="bbox 1750 5433 2684 5510">
    <p class='ocr_par' dir='ltr' id='par_1_112' title="bbox 1750 5433 2684 5510">
     <span class='ocr_line' id='line_1_112' title="bbox 1750 5433 2684 5510; baseline 0.011 -12"><span class='ocrx_word' id='word_1_765' title='bbox 1750 5433 1973 5505; x_wconf 68' lang='lat' dir='ltr'>Varia:</span> <span class='ocrx_word' id='word_1_766' title='bbox 2011 5439 2344 5508; x_wconf 85' lang='lat' dir='ltr'>lectiones</span> <span class='ocrx_word' id='word_1_767' title='bbox 2384 5449 2450 5510; x_wconf 90' lang='lat' dir='ltr'>et</span> <span class='ocrx_word' id='word_1_768' title='bbox 2481 5451 2684 5508; x_wconf 76' lang='lat' dir='ltr'>notae.</span> 
     </span>
    </p>
   </div>
   <div class='ocr_carea' id='block_1_113' title="bbox 602 5622 1195 5763">
    <p class='ocr_par' dir='ltr' id='par_1_113' title="bbox 602 5622 1195 5763">
     <span class='ocr_line' id='line_1_113' title="bbox 602 5622 1195 5763; baseline 0.003 -87"><span class='ocrx_word' id='word_1_769' title='bbox 602 5623 714 5763; x_wconf 36' lang='lat' dir='ltr'>él‘l)</span> <span class='ocrx_word' id='word_1_770' title='bbox 746 5622 907 5694; x_wconf 66' lang='grc' dir='ltr'>’Ὅπερ</span> <span class='ocrx_word' id='word_1_771' title='bbox 940 5631 1027 5678; x_wconf 81' lang='grc' dir='ltr'>καὶ</span> <span class='ocrx_word' id='word_1_772' title='bbox 1065 5624 1112 5678; x_wconf 82' lang='grc' dir='ltr'>ἐν</span> <span class='ocrx_word' id='word_1_773' title='bbox 1138 5629 1195 5683; x_wconf 83' lang='grc' dir='ltr'>Β.</span> 
     </span>
     <span class='ocr_line' id='line_1_114' title="bbox 633 5693 1103 5763; baseline 0.015 -16"><span class='ocrx_word' id='word_1_774' title='bbox 633 5693 716 5763; x_wconf 81' lang='grc'>13)</span> <span class='ocrx_word' id='word_1_775' title='bbox 745 5693 1019 5763; x_wconf 66' lang='grc' dir='ltr'>Ἕγραψαν</span> <span class='ocrx_word' id='word_1_776' title='bbox 1047 5699 1103 5754; x_wconf 87' lang='grc' dir='ltr'>Β.</span> 
     </span>
    </p>
   </div>
   <div class='ocr_carea' id='block_1_114' title="bbox 633 5693 1103 5768">
    <p class='ocr_par' dir='ltr' id='par_1_114' title="bbox 633 5693 1103 5768">
     <span class='ocr_line' id='line_1_115' title="bbox 633 5693 1103 5768; baseline 0.015 -21"><span class='ocrx_word' id='word_1_777' title='bbox 633 5693 716 5766; x_wconf 81' lang='grc'>13)</span> <span class='ocrx_word' id='word_1_778' title='bbox 745 5693 1019 5768; x_wconf 65' lang='grc' dir='ltr'>Ἔγραψαν</span> <span class='ocrx_word' id='word_1_779' title='bbox 1047 5699 1103 5754; x_wconf 87' lang='grc' dir='ltr'>Β.</span> 
     </span>
    </p>
   </div>
   <div class='ocr_carea' id='block_1_115' title="bbox 2367 5637 2894 5710">
    <p class='ocr_par' dir='ltr' id='par_1_115' title="bbox 2367 5637 2894 5710">
     <span class='ocr_line' id='line_1_116' title="bbox 2367 5637 2894 5710; baseline -0.011 -16"><span class='ocrx_word' id='word_1_780' title='bbox 2367 5639 2480 5710; x_wconf 68' lang='grc'>(14)</span> <span class='ocrx_word' id='word_1_781' title='bbox 2509 5642 2612 5708; x_wconf 73' lang='grc' dir='ltr'>Τῷ,</span> <span class='ocrx_word' id='word_1_782' title='bbox 2637 5637 2803 5694; x_wconf 86' lang='lat' dir='ltr'>abest</span> <span class='ocrx_word' id='word_1_783' title='bbox 2831 5639 2894 5689; x_wconf 80' lang='grc' dir='ltr'>Α.</span> 
     </span>
    </p>
   </div>
  </div>
