4096 6378
146 370 238 431 777
1249 357 1620 426 COMMENT.
1665 353 1733 412 IN
1762 350 2094 415 MARCUM.
2136 391 2204 405 —
2242 360 2400 424 CAP.
2440 362 2484 420 Ι,

1175 494 1334 549 Πάλιν
1424 490 1490 546 Εύ
1498 486 1733 562 αγγέλιον

1922 482 2081 541 Vers.
2120 487 2202 554 15,
2231 489 2566 559 Resipiscite
2588 487 3016 561 —Evangelio.
3040 491 3298 548 Rursum
3320 490 3513 549 Evan-

212 503 498 552 Μετανοεῖτε
578 527 648 537 -
755 493 1072 568 Εύαγγελίῳ.

150 588 370 652 ἐνταῦθα,
441 590 539 645 τὴν
627 588 817 643 Καινήν
894 586 1156 643 Διαθήκην
1216 584 1474 655 ὠνόμασε,
1546 596 1735 652 παραι-

146 686 253 744 νῶν,
305 681 379 729 ὅτι
432 676 708 728 Πιστεύετε
763 681 825 747 τῇ
888 680 1048 747 Καινῇ
1105 675 1365 746 Διαθὴκῃ,
1422 675 1604 742 ἤγουν,
1665 669 1734 728 ὡς

150 768 269 824 αὕτη
291 766 508 823 ύποτίθη
518 783 594 817 σι.

214 862 507 929 Περιπατῶν
570 883 639 894 —
695 851 872 914 ἀλιείς.
931 855 1148 929 Εἴρηται
1206 855 1296 905 καὶ
1367 854 1486 925 περὶ
1539 850 1735 901 τούτων

149 942 192 997 έν
225 952 293 1014 τῷ
320 946 540 1015 τοιούτῳ
568 942 851 1015 κεφαλαίῳ.

212 1037 306 1087 Καὶ
366 1030 500 1085 εἶπεν
554 1061 627 1073 -
675 1030 1039 1090 ἠκολούθησαν
1092 1031 1250 1103 αύτῷ.
1308 1034 1408 1084 Καὶ
1449 1032 1567 1103 περὶ
1617 1026 1735 1078 τού-

146 1142 235 1175 των
258 1124 445 1195 ὁμοίως
469 1120 518 1173 ἄν
543 1120 718 1194 ἐκείνῳ
748 1124 971 1196 εἴρηται.

209 1215 303 1265 Καὶ
358 1209 559 1285 προϐὰς
615 1241 683 1252 -
734 1210 917 1264 αὐτοῦ.
991 1214 1212 1280 Εἴρηται
1274 1214 1366 1263 καὶ
1425 1211 1543 1282 περὶ
1613 1208 1735 1259 τού-

140 1319 228 1354 των
254 1300 376 1353 iaci.

208 1394 304 1444 Καὶ
380 1389 772 1464 εἰσπορεύονται
840 1421 910 1429 -
984 1386 1262 1442 ἐδίδασκε.
1329 1394 1509 1441 Ταῦτα
1566 1385 1657 1439 καί
1708 1387 1735 1438 6

145 1483 342 1541 Λουκᾶς
400 1482 695 1552 ἱστόρησεν.
756 1479 949 1531 Ἦλθον
1007 1476 1068 1531 δέ
1118 1478 1191 1541 εἰς
1243 1480 1585 1553 Καπερναούμ
1630 1477 1733 1529 ἀπὸ

142 1575 226 1628 τῆς
294 1568 559 1643 Ναζαρετ,
625 1570 695 1630 ὡς
773 1569 801 1621 6
866 1568 1020 1629 αὐτὸς
1088 1568 1208 1638 (l5)
1290 1566 1733 1640 ὶπεσημειώσατο.

3408 362 3519 423 778

1846 572 2070 641 gelium
2097 579 2431 635 nominavit
2447 579 2541 635 hic
2560 582 2998 637 Testamentum
3019 583 3274 650 Novum,
3294 581 3513 639 adhor-

1846 665 1975 717 tans
2018 668 2081 719 ut
2108 668 2270 723 Novo
2296 671 2675 727 Testamento
2706 671 2968 728 credant.
3004 670 3130 739 Vel,
3175 671 3327 729 sicut
3356 669 3507 729 illud

1845 752 2085 809 credere
2118 757 2347 814 suadet.

1916 840 2084 899 Vers.
2114 845 2200 900 16.
2240 848 2562 906 Ambulans
2591 880 2656 893 -
2683 852 3027 922 piscatores.
3061 854 3142 909 De
3165 850 3261 908 his
3290 850 3507 910 eodem

1844 931 2040 1003 capite
2070 933 2297 992 dictum
2328 942 2437 994 est.

1916 1022 2074 1078 Vers.
2110 1025 2195 1081 17.
2236 1027 2318 1082 Et
2349 1028 2506 1085 dixit
2538 1061 2603 1071 —
2628 1029 2790 1088 Vers.
2833 1032 2916 1087 18.
2959 1031 3147 1091 secuti
3174 1038 3313 1089 sunt
3351 1047 3501 1090 eum.

1844 1110 2126 1169 Similiter
2150 1120 2207 1171 et
2230 1115 2304 1172 de
2330 1117 2419 1174 his
2451 1118 2665 1176 eodem
2694 1122 2881 1195 capite
2902 1121 3131 1179 dictum
3157 1126 3263 1180 est.

1913 1200 2075 1258 Vers.
2108 1205 2195 1260 19.
2224 1206 2303 1261 Et
2328 1222 2671 1281 progressus
2693 1241 2765 1253 —
2792 1211 2954 1268 Vers.
2973 1212 3238 1271 20.eum.
3270 1211 3506 1271 Dictum

1842 1293 1929 1346 est
1952 1290 2028 1347 de
2056 1292 2150 1349 his
2179 1294 2423 1355 ibidem.

1914 1380 2078 1437 Vers.
2110 1386 2199 1440 2t.
2223 1385 2303 1441 Et
2332 1387 2850 1458 ingrediuntur—
2872 1390 3136 1450 docebat.
3160 1391 3303 1449 Haec
3333 1392 3505 1452 etiam

1842 1468 2033 1527 Lucas
2064 1474 2314 1547 scripsit.
2348 1478 2645 1536 Venerunt
2675 1484 2879 1538 autem
2917 1480 3297 1556 Capernaum
3326 1497 3363 1538 a
3390 1483 3509 1538 Na-

1844 1560 2067 1632 zareth,
2098 1563 2249 1621 sicut
2277 1564 2372 1622 ille
2404 1565 2770 1639 signiﬁcavit
2794 1571 2861 1624 υ.
2892 1570 3175 1630 Sabbatis'
3198 1584 3358 1638 vero,
3390 1570 3511 1628 hoc

142 1663 247 1718 Τοῖς
304 1655 541 1710 Σάϐϐασι
592 1656 674 1721 δε,
732 1655 846 1711 ἀντὶ
897 1665 1011 1723 τοῦ,
1070 1657 1150 1711 Ἐν
1200 1664 1312 1717 ταῖς
1367 1658 1582 1730 ἡμέραις
1636 1664 1733 1709 τῶν

1857 1654 1953 1715 est,
1983 1651 2198 1708 diebus
2235 1654 2637 1715 Sabbatorum
2667 1663 2814 1715 erat.
2844 1664 2910 1716 In
2946 1661 3042 1717 his
3082 1660 3243 1719 enim
3274 1659 3509 1730 diebus,

141 1744 428 1813 Σαϐϐάτων,
490 1748 574 1799 ὅτε
631 1743 693 1805 ἧν
748 1743 958 1805 δηλαδὴ
1032 1745 1315 1799 Σαϐϐαῖον.
1390 1746 1470 1798 Ἐν
1524 1746 1733 1804 ταύταις

1857 1741 1995 1797 dum
2020 1742 2131 1799 illis
2156 1744 2342 1802 otium
2375 1752 2517 1814 erat,
2552 1750 2932 1821 permittebat
2964 1751 3059 1809 lex
3088 1756 3155 1808 ut
3184 1767 3513 1824 congrega-

141 1837 233 1909 γάρ
286 1843 406 1897 ταῖς
461 1837 680 1910 ἡμέραις
734 1834 984 1910 ἀργοῦσιν
1037 1835 1210 1891 αὐτοῖς
1262 1834 1527 1909 ἐπέτρεπεν
1578 1835 1606 1886 6
1652 1839 1733 1887 νό-

1857 1836 2051 1888 rentur
2076 1848 2147 1889 ac
2169 1834 2331 1905 leges
2361 1836 2694 1894 recitarent.
2713 1840 2873 1896 Tunc
2898 1855 3043 1911 ergo
3063 1843 3366 1915 ingressus
3395 1845 3509 1909 est,

142 1943 226 1997 μος
293 1926 644 1996 συνάγεσθαι,
716 1930 806 1977 καί
879 1928 995 1986 τοὺς
1066 1930 1252 1997 νόμους
1346 1924 1736 1995 ἀναγινώσκειν.

140 2018 254 2067 Τότε
320 2010 416 2066 οὖν
466 2013 770 2088 εἰσήρχετο,
838 2014 921 2067 ἵνα
984 2017 1168 2075 πάντες
1229 2012 1526 2067 ἀκούσωσιν
1579 2013 1740 2067 αὐτοῦ

142 2106 259 2155 κατὰ
284 2102 514 2175 σχολὴν.

207 2197 300 2246 Καὶ
348 2191 733 2255 έξεπλήσσοντο
765 2224 831 2237 --
877 2194 926 2245 οἱ
970 2198 1321 2269 Γραμματεῖς.
1364 2200 1544 2247 Ταῦτα
1581 2198 1671 2247 καὶ
1713 2198 1739 2248 6

142 2284 404 2343 Ματθαΐος
451 2284 741 2354 παρέθηκεν
786 2280 834 2334 ἓν
879 2290 951 2353 τῷ
994 2282 1127 2335 τέλει
1172 2291 1263 2336 τοῦ
1314 2287 1549 2356 πέμπτου
1586 2301 1740 2357 κεφα-

139 2370 293 2424 λαίου.
337 2370 480 2423 Ἀλλ’
523 2369 732 2437 ἂκείνος,
784 2371 856 2434 εἰς
899 2376 958 2424 τὸ
996 2376 1116 2444 ὅρος
1164 2371 1417 2432 ἀναϐῆναι
1462 2372 1599 2445 λέγει
1649 2377 1737 2425 τὸν

140 2464 389 2532 Χριστὸν,
429 2459 581 2512 κάκεῖ
614 2462 908 2513 καθίσαντα
951 2457 1173 2524 διδάξαι
1214 2466 1329 2523 τούς
1370 2464 1610 2534 μαθητὰς
1650 2461 1737 2514 αύ-

138 2557 240 2614 τοῦ,
266 2555 617 2623 παρεστώτων
651 2559 751 2603 τῶν
783 2550 974 2622 ὄχλων.
1011 2549 1135 2605 Εἶτα
1177 2554 1309 2624 μετά
1345 2554 1549 2626 μακρὰν
1581 2547 1737 2605 διδαο

140 2638 344 2691 σκαλίαν
395 2638 576 2711 έποὶγει
602 2642 683 2692 ὃτι
729 2645 819 2692 καὶ
849 2639 1227 2703 ἰξεπλήσσοντο
1264 2644 1313 2693 οἱ
1344 2641 1497 2714 ὄχλοι
1546 2642 1629 2695 ἐπὶ
1668 2649 1731 2715 τῇ

138 2723 335 2801 διδαχῇ
396 2728 578 2796 αὐτοῦ,
609 2734 701 2782 καὶ
741 2732 805 2782 τὰ
848 2729 983 2793 ἑξῆς.
1020 2729 1181 2789 Δῆλον
1210 2727 1298 2783 οὖν
1329 2730 1490 2799 ἐστιν,
1533 2733 1611 2785 ὃτι
1648 2737 1736 2785 καὶ

138 2814 398 2892 ἀμφότερα
436 2822 735 2891 γεγόνασιν.

429 2971 575 3020 ΚΕΦ.
611 2962 684 3020 A‘.
720 2970 843 3043 Περὶ
866 2972 956 3019 τοῦ
982 2961 1436 3041 δαιμονιζομένου.

201 3058 297 3107 Καὶ
331 3051 401 3113 ἦν
440 3086 507 3095 -
550 3062 643 3109 τοῦ
674 3060 821 3110 Θεού.
871 3062 1051 3109 Ταῦτα
1094 3062 1183 3110 καὶ
1226 3058 1253 3109 6
1300 3064 1507 3120 Λουκᾶς
1536 3060 1736 3132 εἴρηκεν

134 3138 449 3221 Ἀκοξθαρτον
506 3139 565 3197 δὲ
615 3143 838 3198 καλοῦσι
887 3148 945 3198 τὸ
1004 3142 1296 3220 δαιμόνιον,
1357 3151 1421 3209 ὡς
1486 3144 1735 3221 ἔφηδυνό-

134 3251 269 3302 μενον
337 3239 461 3293 ταῖς
536 3231 888 3308 ἁκαθαρσίαις
967 3240 1058 3288 καὶ
1127 3240 1386 3310 μιαρίαις.
1464 3237 1735 3313 ’Δνέκραξε

135 3316 188 3373 δὲ
220 3323 244 3375 6
282 3324 574 3397 ἄνθρωπος,
626 3327 699 3396 μὴ
750 3328 983 3397 φέροντος
1037 3332 1128 3377 τοῦ
1177 3323 1225 3377 ἐν
1267 3325 1407 3397 αὐτῷ
1458 3322 1733 3400 δαιμονίου

133 3414 219 3469 τὴν
246 3410 550 3486 προσϐολὴν
580 3419 677 3475 τῆς
707 3414 965 3474 θεότητος.
1002 3412 1100 3468 Ἔα
1131 3410 1212 3483 δὲ,
1256 3413 1372 3468 ἀντὶ
1413 3424 1525 3469 τοῦ.
1578 3416 1734 3490 ’Δφες

133 3499 283 3571 ἡμᾶς.
334 3506 407 3556 Τί
450 3505 619 3555 κοινὸν
676 3503 801 3575 ἡμῖν
850 3506 939 3555 καὶ
988 3508 1117 3572 act;
1166 3505 1476 3581 Ναζαρηνὸν
1532 3502 1591 3559 δέ
1646 3510 1733 3559 τὸν

133 3594 355 3664 Χριστὸν
437 3592 723 3665 ὠνόμασεν,
795 3593 864 3654 ὡς
932 3591 1285 3669 ἀνατραφέντα
1351 3594 1398 3647 έν
1456 3603 1517 3669 τῇ
1588 3596 1733 3650 πόλει

129 3681 392 3757 Ναζαρετ,
422 3682 595 3743 καθώς
621 3680 737 3754 (16)
767 3682 793 3734 6
823 3684 1093 3746 Ματθαίος
1124 3685 1417 3759 ἱστόρησεν.

189 3856 477 3914 ’Δπὼλειαν
526 3856 586 3914 δε
629 3858 852 3914 ίνταῦθα
889 3861 1004 3936 (17)
1055 3863 1080 3915 6
1129 3859 1354 3936 δαίμων,
1395 3868 1491 3924 τὴν
1530 3862 1731 3939 ἐποχὴν

128 3956 211 4013 τῆς
268 3947 548 4023 δυνάμεως
598 3954 687 4003 καὶ
739 3950 1107 4028 ἁνενεργησίαν
1158 3959 1248 4007 καὶ
1303 3952 1484 4018 δίωξιν
1537 3956 1731 4009 ἑαυτῶν

125 4040 278 4093 καλεῖ.
332 4043 410 4095 Τὸ
460 4036 537 4093 δέ·
590 4034 730 4093 Οἶδά
780 4059 837 4094 σε
885 4046 965 4102 τίς
1016 4039 1080 4112 εἷ,
1128 4039 1254 4111 εἷπε,
1313 4044 1601 4097 κολακεύων
1642 4045 1732 4097 αύ-

123 4132 219 4196 τὸν,
272 4131 358 4182 ἵνα
418 4134 663 4202 φείσηται
711 4129 891 4183 αὐτοῦ·
950 4131 1045 4183 οὐκ
1093 4129 1201 4185 εἶπε
1258 4129 1317 4186 δε
1365 4130 1570 4205 Ἀγιος,
1622 4132 1729 4187 ἀλλ’

124 4214 176 4270 ’0
219 4218 400 4292 ἅγιος,
455 4221 586 4291 μετά
635 4227 731 4281 τῆς
785 4227 879 4273 τοῦ
927 4222 1126 4294 ἄρθρου
1174 4224 1501 4295 προσθήκης.
1556 4222 1731 4297 ’Δγιοι

125 4311 205 4380 μὲν
248 4314 351 4386 γὰρ
402 4315 493 4363 καὶ
543 4312 594 4363 οἱ
636 4320 919 4387 προφῆται,
970 4310 1098 4365 ἀλλά
1145 4316 1280 4367 κατὰ
1329 4321 1583 4388 μετοχὴν·
1637 4321 1730 4390 μό-

124 4416 203 4462 νος
228 4396 289 4453 δε
318 4402 346 4453 6
382 4403 511 4461 Θεὸς
540 4403 693 4473 φύσει
717 4406 807 4453 καὶ
844 4404 1035 4476 κυρίως
1066 4401 1234 4475 ἅγιος.
1260 4408 1354 4458 Διὰ
1380 4414 1532 4459 τοῦτο
1557 4412 1729 4461 τοίνυν

126 4484 273 4559 εἶπεν,
344 4488 412 4543 '0
482 4488 650 4563 ἅγιος,
724 4487 839 4544 ἀντὶ
910 4498 1025 4562 τοῦ,
1071 4493 1099 4545 6
1168 4496 1321 4567 φύσει
1386 4500 1476 4548 καὶ
1540 4502 1730 4572 κυρίως

126 4574 284 4647 ἅγιος.

192 4672 290 4721 Καὶ
341 4666 653 4742 έπετίμησεν
710 4667 767 4733 ἕξ
815 4667 999 4724 αὐτοῦ.
1067 4702 1136 4713 -
1183 4671 1550 4749 Ἐπετίμησεν,
1621 4678 1731 4731 ἀντι

127 4762 228 4821 τοῦ,
283 4754 684 4830 Ἐπεστόμισεν.
733 4756 871 4833 Ὀρα
927 4755 1009 4825 δε,
1064 4768 1175 4823 πῶς
1226 4762 1320 4815 οὐκ
1372 4759 1586 4828 έδέξατο
1637 4772 1731 4825 τὴν

127 4840 219 4897 ἀπὸ
263 4855 360 4900 τοῦ
412 4843 664 4921 δαίμονος
693 4853 982 4923 μαρτυρίαν
1028 4851 1057 4902 6
1103 4855 1353 4927 Χριστὸς,
1388 4860 1564 4909 καίτοι
1610 4856 1733 4916 ἁλη-

130 4934 426 5003 θεύουτπν;
480 4946 685 5013 πρῶτον
743 4942 854 5011 μὲν,
899 4941 981 4992 ὅτι
1029 4939 1122 4992 ούκ
1168 4942 1394 5014 ἔχρῃζεν
1440 4946 1469 5003 ἡ
1517 4944 1733 5005 ἀλήθεια

129 5029 526 5100 μαρτυρηθῆναι
578 5030 725 5102 παρὰ
787 5036 878 5081 τοῦ
945 5026 1196 5101 ψεύδους⁸
1259 5034 1435 5084 ἔπειτα
1492 5032 1733 5099 ἐδίδαξεν

129 5114 277 5183 ἡμᾶς,
312 5122 387 5189 μὴ
444 5120 707 5171 πιστεύειν
750 5126 861 5179 τοῖς
891 5115 1135 5191 δαίμοσι,
1179 5119 1273 5173 κᾶν
1322 5120 1477 5182 auo-5
1519 5123 1731 5195 λέγωσι.

132 5202 462 5275 Φιλοψευδείς
510 5209 611 5281 γάρ
693 5211 832 5270 ὄντες
896 5212 987 5260 καὶ
1072 5209 1470 5282 πολεμιώτατοι,
1526 5212 1619 5264 ούκ
1675 5215 1734 5265 ἄν

1848 1925 1913 1979 ut
1942 1938 2049 1996 per
2072 1922 2259 1980 otium
2289 1940 2501 1983 omnes
2526 1927 2807 1985 audirent
2832 1930 3056 2004 ipsum.

1919 2156 2081 2214 Vers.
2114 2162 2204 2215 22.
2236 2160 2317 2216 Et
2340 2162 2655 2232 stupebant
2684 2194 2753 2205 —
2776 2164 3010 2221 Scriba.
3045 2167 3178 2222 Huic
3195 2164 3510 2229 Matthmus

1844 2262 2089 2321 quoque
2114 2250 2318 2322 posuit
2344 2252 2406 2306 in
2429 2252 2549 2308 ﬁne
2577 2253 2771 2327 quinti
2810 2255 3023 2327 capitis
3051 2257 3120 2310 ³ο.
3155 2257 3374 2312 Verum
3410 2254 3513 2313 illa

1844 2336 2144 2396 Christum
2182 2340 2243 2397 in
2283 2348 2549 2399 montem
2589 2344 2939 2400 ascendisse
2975 2345 3132 2416 dicit,
3174 2345 3379 2420 ibique
3421 2361 3514 2403 se-

1843 2426 2086 2485 dentem
2113 2431 2433 2503 discipulos
2463 2448 2609 2489 suos
2629 2433 2928 2505 docuisse,
2951 2436 3288 2492 astantibus
3309 2440 3367 2492 et
3385 2440 3511 2493 tur-

1842 2516 1937 2573 bis
1970 2534 1985 2584 ;
2012 2518 2230 2577 deinde
2254 2526 2392 2593 post
2408 2521 2660 2593 longum
2688 2538 3030 2581 sermonem
3063 2524 3309 2592 inducit,
3342 2524 3511 2599 quod

1841 2606 2025 2664 etiam
2066 2610 2252 2667 turba
2290 2616 2643 2684 stupuerunt
2670 2629 2854 2686 super
2888 2615 3163 2673 doctrina
3199 2615 3391 2689 ipsius
3433 2617 3506 2683 ",

1840 2704 1952 2755 etc.
1980 2699 2349 2758 Manifestum
2376 2716 2520 2773 ergo
2543 2707 2652 2769 est,
2684 2707 3005 2778 utrumque
3028 2705 3254 2767 factum
3282 2720 3433 2764 esse.

2292 2951 2449 3011 CAP.
2482 2952 2536 3007 1.
2565 2953 2649 3010 De
2677 2954 3060 3013 dzemoniaco.

1917 3051 2074 3107 Vers.
2118 3051 2205 3106 23.
2242 3051 2320 3107 Et
2358 3058 2509 3108 erat.
2550 3082 2617 3093 -—
2648 3055 2814 3110 Vers.
2851 3057 2941 3110 24.
2976 3054 3102 3112 Dei.
3148 3056 3285 3112 Haec
3325 3054 3506 3113 etiam

1844 3139 1991 3197 dixit
2020 3140 2209 3197 Lucas
2238 3144 2312 3196 ".
2351 3140 2579 3199 Vocant
2608 3148 2811 3200 autem
2849 3143 3218 3200 daemonium
3245 3145 3508 3203 immun-

1842 3229 2010 3299 dum,
2035 3232 2209 3304 quasi
2239 3231 2632 3288 immunditiis
2671 3248 2743 3290 ac
2772 3232 3092 3290 sceleribus
3122 3234 3505 3305 gaudentem.

1843 3320 2130 3378 Clamavit
2159 3337 2307 3378 sane
2331 3321 2533 3389 homo,
2564 3337 2690 3378 non
2728 3322 2950 3380 ferente
2979 3323 3146 3397 quod
3176 3324 3238 3380 in
3265 3339 3339 3381 eo
3377 3329 3508 3383 erat

1841 3410 2144 3466 daemonio
2169 3411 2287 3466 vim
2314 3411 2828 3478 divinitatis.Sine,
2852 3413 2967 3469 hoc
2985 3418 3091 3479 est,
3121 3413 3350 3470 Dimitte
3369 3428 3504 3469 nos.

1843 3498 1998 3566 Quid
2029 3500 2133 3556 tibi
2162 3500 2479 3557 nobiscum
2505 3516 2827 3559 commune
2857 3506 2946 3558 est
2969 3502 2999 3559 τ
3029 3502 3327 3560 Christum
3356 3518 3507 3576 quo-

1840 3605 1960 3663 que
1983 3582 2221 3648 vocavit
2251 3593 2645 3658 Nazarenum,
2674 3608 2745 3649 eo
2774 3593 2942 3666 quod
2972 3593 3030 3649 in
3062 3594 3297 3649 civitate
3329 3595 3507 3651 Naza-

1840 3679 1969 3736 reth
2010 3681 2267 3737 nutritus
2313 3684 2488 3751 esset,
2532 3682 3050 3755 quemadmodum
3094 3682 3330 3755 scripsit
3369 3683 3509 3740 ﬂat-

1841 3769 2030 3826 thaeus
2060 3772 2130 3831 ³³.

1912 3859 2311 3917 Perditionem
2343 3866 2566 3930 autem,
2593 3866 2767 3919 vocat
2790 3862 2887 3918 hic
2916 3862 3159 3919 daemon
3190 3862 3505 3920 cohibitio-

1840 3964 1980 4006 nem
2019 3966 2141 4007 suas
2186 3952 2513 4024 potestatis,
2565 3952 2964 4025 virtutemque
3003 3953 3389 4021 contrariam,
3431 3967 3504 4010 ac

1840 4041 2341 4112 persecutionem.
2366 4041 2429 4096 id
2441 4040 2622 4097 etiam
2640 4041 2806 4114 quod
2824 4041 3065 4098 additur
3093 4058 3106 4098 :
3126 4042 3282 4099 Novi
3297 4047 3353 4100 te
3372 4043 3504 4114 quis

1839 4131 1938 4199 sis,
1972 4130 2281 4187 adulando
2310 4130 2362 4187 ei
2394 4130 2558 4197 dixit,
2593 4135 2657 4186 ut
2683 4130 2795 4203 ipsi
2826 4135 3114 4203 parceret.
3147 4134 3276 4188 Non
3303 4131 3501 4188 solum

1840 4224 2042 4277 autem
2064 4220 2209 4277 dixit
2230 4220 2495 4286 Sanctus,
2518 4219 2645 4287 sed,
2672 4219 2780 4277 ille
2798 4221 3079 4287 Sanctus,
3103 4236 3243 4277 eum
3268 4221 3502 4278 articuli

1840 4309 2164 4367 additione.
2199 4308 2509 4383 Siquidem
2538 4314 2596 4366 et
2634 4309 2942 4383 prophetas
2975 4309 3171 4367 sancti
3196 4314 3358 4376 sunt,
3393 4308 3501 4367 sed

1838 4414 1946 4475 per
1976 4400 2482 4473 participationem
2515 4414 2528 4454 :
2563 4398 2726 4456 solus
2756 4404 2956 4457 autem
2985 4401 3140 4457 Deus
3172 4398 3415 4473 proprie
3446 4401 3505 4457 et

1838 4495 2057 4547 natura
2094 4493 2337 4547 sanctus
2368 4492 2474 4545 est.
2508 4488 2592 4546 0b
2621 4488 2681 4545 id
2712 4503 2856 4560 ergo
2877 4488 3056 4547 dixit:
3095 4492 3348 4547 Sanctus
3381 4488 3500 4556 ille,

1839 4580 1956 4639 hoc
1984 4584 2071 4637 est
2095 4583 2309 4637 natura
2333 4577 2572 4653 proprie
2603 4583 2866 4636 sanctus.

1909 4672 2071 4728 Vers.
2102 4670 2190 4727 25.
2236 4670 2315 4726 Et
2351 4668 2688 4739 increpavit
2716 4699 2786 4712 —
2816 4668 2893 4727 ab
2941 4684 3028 4730 eo.
3057 4700 3129 4712 —
3154 4669 3503 4742 Increpavit,

1842 4760 1955 4818 hoc
1985 4764 2091 4824 est,
2122 4760 2199 4815 Os
2219 4759 2542 4816 obturavit.
2571 4757 2716 4815 Vide
2738 4764 2937 4815 autem
2969 4759 3135 4832 quod
3160 4775 3285 4818 non
3307 4775 3506 4817 susce-

1842 4849 1990 4924 perit
2019 4849 2285 4906 Christus
2318 4866 2355 4907 a
2382 4848 2659 4906 daemone
2688 4850 3115 4919 testimonium,
3147 4866 3505 4923 quanquam

1841 4957 1979 4997 vera
1999 4940 2511 4997 diceret.Primum
2538 4939 2785 5011 quidem
2815 4940 2959 5012 quia
2992 4955 3113 4995 non
3146 4939 3271 4996 vult
3292 4940 3507 4995 veritas

1846 5036 1908 5087 ut
1935 5030 2049 5086 sibi
2080 5048 2116 5087 a
2144 5030 2403 5086 falsitate
2428 5028 2806 5101 perhibeatur
2828 5029 3260 5085 testimonium.
3288 5028 3508 5084 Deinde

1845 5120 2045 5178 docuit
2094 5136 2205 5177 nos
2257 5136 2331 5175 ne
2378 5120 2755 5176 daemonibus
2827 5134 3099 5192 unquam
3166 5117 3506 5184 credamus,

1846 5214 2023 5269 etiam
2102 5226 2244 5267 vera
2330 5209 2666 5266 dicentibus
2748 5224 2760 5263 :
2840 5225 2980 5265 cum
3058 5207 3217 5264 enim
3306 5213 3510 5265 ament

194 5350 238 5383 ¹⁹
266 5350 408 5405 Luc.
441 5363 522 5416 1v,
587 5351 669 5405 16.
749 5352 799 5386 ³ο
829 5350 1036 5408 Matth.
1070 5368 1124 5421 γ,
1163 5358 1211 5412 1.
1288 5356 1331 5390 ³³
1360 5356 1561 5411 Matth.
1592 5373 1691 5418 vn.
1724 5358 1733 5412 ε

1892 5360 1939 5394 ³³
1970 5358 2105 5412 Luc.
2140 5372 2216 5421 IV,
2246 5356 2335 5410 33.
2415 5357 2461 5389 ³³
2503 5356 2639 5409 Luc.
2662 5369 2741 5421 1v,
2778 5353 2859 5409 16.

1346 5498 1569 5567 Variae
1600 5498 1927 5569 lectiones
1960 5510 2025 5568 et
2067 5510 2268 5566 notae.

352 5656 858 5728 Παρεσημειώσατο.

221 5650 287 5705 15
352 5656 858 5728 Παρεσημειώσατο.
892 5655 951 5710 Β.

197 5649 316 5799 Emi
356 5728 586 5793 Λουκᾶς,
614 5726 1069 5798 corrigendum.

424 5821 642 5881 Parnm.
678 5824 784 5883 GR.
826 5824 1073 5885 CXXIX.

1896 5660 2015 5734 (17)
2038 5662 2347 5736 Λόγει,ροεῑ
2374 5658 2613 5728 ἐνταῦθα,
2643 5656 2809 5719 addit
2837 5660 2905 5718 Δ.
