4096 6396
513 339 627 415 ξτθ

1676 360 1689 377 .
1772 362 1779 377 π
1847 320 2193 403 EUIHYMII
2233 317 2570 378 ZIGABENI

3789 316 3894 375 780

516 458 925 527 mendacium,
953 456 1188 531 sintque
1213 453 1386 512 nobis
1416 452 1829 519 inimicissimi,
1866 464 2177 523 nunquam

2300 466 2409 499 τοτε
2459 446 2815 514 ἀληθεύσαιεν,
2886 447 2927 500 εἰ
2976 450 3045 517 μὴ
3119 448 3244 518 πρὸς
3302 443 3503 502 ἀπάτην
3561 451 3623 516 τῇ
3682 442 3894 516 ἀληθείᾳ

513 566 659 619 yera
685 549 1034 621 loquuntur,
1063 545 1179 603 nisi
1207 550 1269 602 ut
1291 545 1366 601 ad
1383 543 1735 608 fallendum,
1760 542 1996 597 veritate
2009 536 2178 612 quasi

517 655 657 696 esca
685 638 951 711 quadam
984 641 1246 693 utantur.

588 726 752 785 Vers.
799 726 886 782 26.
948 727 1025 782 Et
1066 712 1213 782 cum
1253 723 1656 793 discerpsisset
1698 752 1766 761 --
1816 719 1890 775 ab
1936 733 2019 773 eo.
2069 716 2178 770 Pro

516 817 926 886 Discerpsisse:
969 815 1111 871 dicit
1140 814 1352 878 Lucas,
1378 812 1729 883 Projecisset
1754 812 1813 865 in
1830 808 2080 864 medium
2106 807 2175 861 ³⁵.

517 907 747 963 addens
764 905 930 979 quod
960 892 1105 961 nihil
1134 902 1214 958 illi
1236 903 1458 959 nocuit.
1494 901 1551 954 Ei
1576 899 1871 972 siquidem
1909 895 2179 968 permisit

514 995 825 1061 Dominus,
851 1000 914 1051 ut
925 993 1229 1050 hominem
1247 991 1577 1065 projiceret,
1597 1006 1717 1062 quo
1732 988 2177 1043 demonstratur

513 1084 883 1157 projicientis
919 1081 1147 1139 malitia
1179 1100 1192 1146 ;
1228 1095 1440 1136 nocere
1485 1084 1685 1134 autem
1730 1092 1850 1132 non
1888 1073 2173 1146 permisit,

513 1178 579 1230 ut
608 1164 921 1246 appareret
960 1170 1307 1244 expellentis
1344 1168 1623 1241 potentia.
1668 1165 1958 1223 Clamavit
1996 1162 2174 1218 etiam

512 1278 655 1320 voce
678 1276 902 1333 magna
921 1258 1260 1332 ﬂagellatus
1290 1256 1541 1330 imperio
1572 1254 1897 1311 Dominico.
1930 1253 2061 1308 Non
2088 1250 2175 1305 di-

511 1351 593 1407 xit
622 1356 826 1408 tamen
853 1349 1001 1423 quid
1026 1348 1393 1414 clamaverit,
1418 1362 1488 1403 eo
1518 1338 1682 1419 quod
1723 1359 1901 1400 voces
1932 1340 2079 1423 nihil
2100 1340 2174 1395 si-

513 1440 871 1519 gniﬁcantes
899 1438 1168 1496 ediderit.

526 1586 533 1592 .
585 1533 747 1589 Vers.
775 1530 864 1586 27.
892 1530 973 1586 Et
1002 1527 1284 1586 admirati
1309 1533 1444 1583 sunt
1477 1556 1546 1568 ——
1576 1524 1853 1582 obediant
1882 1523 1939 1579 ei
1964 1523 1992 1577 ἵ
2022 1519 2174 1588 Quid

513 1625 623 1688 est,
643 1621 760 1677 hoc
771 1618 937 1693 quod
949 1618 1221 1675 videmus
1243 1617 1270 1672 ?
1294 1615 1794 1672 Dicebantautem
1809 1613 1988 1669 etiam
2012 1626 2173 1667 nunc

513 1701 587 1784 (ε)
619 1709 831 1767 Christi
852 1707 1203 1773 doctrinam,
1236 1710 1434 1778 utpote
1456 1703 1825 1759 difi’erentem
1842 1718 1878 1758 a
1899 1700 2173 1757 doctrina

511 1798 875 1895 ἐούρει-μευ,
896 1801 1001 1895 aut
1028 1796 1217 1895 etiam.
1242 1812 1276 1895 a
1298 1791 1838 1895 doctrinanloannis
1865 1790 2167 1888 Baptistae.
2206 1801 2253 1875 β
2283 1825 2348 1875 Οἱ
2400 1790 2489 1895 μιὲρ

508 1878 592 1944 Illi
612 1886 910 1960 siquidem
925 1883 1226 1941 docebant
1244 1888 1460 1940 tantum
1488 1899 1502 1948 ;
1534 1880 1803 1937 Christus
1827 1895 1962 1936 vero
1992 1877 2172 1934 etiam

508 1976 808 2033 daemones
852 1968 992 2031 cuni
1032 1976 1328 2046 potestate
1385 1970 1735 2045 expellebat.
1788 1967 2171 2024 Auctoritatis

508 2080 774 2138 namque
786 2070 875 2122 est
899 2080 910 2119 :
933 2064 1277 2121 Obmutesce
1302 2062 1482 2119 eteari.
1508 2062 1699 2117 Lucas
1716 2075 1857 2115 vero
1886 2058 2019 2114 loco
2042 2057 2090 2128 ej
2104 2073 2171 2111 us

509 2155 676 2229 quod
702 2153 918 2212 dicitur
946 2168 963 2210 :
1001 2153 1141 2222 Quae
1160 2152 1427 2210 doctrina
1445 2166 1600 2208 nova
1626 2151 1760 2216 lucc,
1782 2149 1930 2206 dixit
1962 2165 1973 2203 ε
2007 2146 2177 2214 Quod

510 2251 591 2302 est
630 2243 740 2301 hoc
779 2242 1016 2300 verbum
1044 2243 1090 2279 ³⁵
1114 2242 1142 2298 ‘I
1172 2242 1492 2298 nominans
1520 2239 1795 2302 verbum,
1838 2236 2174 2293 doctrinam

510 2349 647 2407 quas
666 2349 774 2406 per
795 2332 1048 2390 verbum
1079 2332 1171 2399 ﬁt;
1203 2336 1309 2389 aut
1325 2331 1532 2387 dicens
1552 2330 1821 2393 verbum,
1846 2326 1993 2382 illud
2009 2324 2176 2398 quod

511 2422 592 2481 ad
616 2423 956 2480 demonem
995 2422 1221 2479 factum
1252 2428 1359 2487 est,
1392 2426 1556 2493 puta,
1602 2420 1935 2475 Obmutesce
1971 2422 2026 2473 et
2057 2416 2173 2472 exi.

514 2513 680 2571 Unde
703 2514 885 2570 etiam
907 2512 1142 2569 addidit
1170 2527 1184 2567 :
1213 2511 1356 2579 Quia
1377 2527 1507 2567 cum
1531 2510 1890 2565 auctoritate
1911 2522 1979 2563 ac
1996 2512 2176 2577 potes-

513 2606 636 2661 tate
658 2603 915 2672 imperat
943 2601 1253 2672 spiritibus
1264 2599 1584 2657 immundis
1600 2603 1655 2655 et
1672 2597 2059 2655 exeunt.Cum
2078 2611 2181 2650 au-

511 2694 745 2750 toritate
772 2691 1044 2766 quidem,
1090 2706 1163 2747 eo
1191 2691 1356 2764 quod
1382 2689 1616 2761 juberet
1659 2705 1672 2756 ;
1706 2704 1845 2744 cum
1885 2690 2179 2760 potestate

511 2797 674 2849 vero,
703 2797 771 2838 eo
802 2780 956 2855 quod
984 2780 1261 2846 efﬁceret,
1295 2778 1464 2852 quod
1490 2777 1683 2835 vellet.

582 2891 747 2947 Vers.
778 2889 868 2946 28.
897 2889 1105 2947 Exivit
1130 2894 1321 2945 autem
1345 2886 1703 2943 -Οαιίιωεε,
1730 2883 1957 2940 Dictum
1990 2886 2075 2939 est
2100 2881 2175 2938 de

509 2977 627 3036 hoc
657 2982 873 3052 quarto
895 2978 1067 3051 juxta
1092 2976 1435 3034 Matthaaum
1465 2974 1679 3047 capite.

888 3120 1045 3175 CAP.
1080 3122 1144 3175 Ιῐ.
1171 3119 1253 3175 De
1282 3133 1455 3176 socru
1484 3117 1756 3176 Simonis.

512 3299 1024 3373 veneritsuperius
1052 3298 1279 3355 dictum
1300 3302 1389 3354 est
1407 3302 1622 3354 octavo
1636 3297 1811 3367 juxta
1834 3293 2178 3351 Matthaaum

514 3390 734 3463 capite.

588 3480 751 3537 Vers.
791 3478 881 3535 30.
922 3478 1139 3535 Socrus
1168 3482 1365 3534 autem
1399 3507 1465 3519 —
1486 3474 1646 3531 Vers.
1671 3476 1758 3531 31.
1786 3474 1945 3544 ipsis.
1980 3474 2058 3529 De
2088 3472 2181 3528 his

519 3584 761 3642 quoque
780 3568 1009 3624 dictum
1028 3571 1119 3623 est
1139 3567 1352 3623 eodem
1381 3564 1594 3638 capite.
1619 3563 1768 3619 Vide
1790 3568 1990 3620 autem
2019 3562 2180 3635 quod

520 3657 791 3714 Christus
858 3656 1199 3730 saepiusyb
1239 3655 1495 3711 aliorum
1547 3653 1729 3709 fidem
1791 3652 2020 3708 confert
2054 3652 2184 3707 aliis

523 3746 862 3813 sanitatem,
895 3745 1138 3818 quando
1168 3744 1436 3800 futurum
1467 3747 1569 3808 est,
1606 3748 1667 3798 ut
1692 3742 1741 3797 is
1771 3757 2015 3815 quoque
2064 3757 2186 3797 cre-

524 3835 631 3892 dat
689 3834 792 3908 qui
824 3838 1086 3899 curatur,
1115 3839 1172 3890 et
1203 3849 1323 3890 non
1357 3838 1549 3905 potest
1604 3832 1678 3889 ad
1724 3848 1786 3889 se
1815 3832 2033 3896 venire,
2082 3836 2186 3888 aut

524 3928 771 3998 propter
808 3923 1248 3994 aegritudinem,
1290 3927 1395 3979 aut
1423 3927 1662 3995 propter
1701 3921 2185 3993 intempestivam

527 4018 787 4081 atatem,
806 4018 909 4070 aut
931 4012 1113 4070 etiam
1138 4011 1808 4085 propterignorantiam.
1836 4014 1985 4067 Nam
2017 4016 2073 4067 et
2092 4010 2185 4067 hic

528 4103 627 4162 alii
655 4118 795 4160 eum
820 4102 1122 4175 deprecati
1149 4106 1308 4158 sunt.

600 4192 1012 4265 Suscipiamus
1040 4190 1220 4263 igitur
1245 4196 1302 4248 et
1341 4208 1450 4247 nos
1480 4190 1775 4249 Christum
1806 4190 1927 4246 sive
1970 4205 2187 4247 sermo-

526 4296 668 4339 nem
694 4282 844 4355 ejus,
879 4286 943 4337 ut
970 4281 1184 4337 febrim
1210 4280 1594 4337 atfectionnm
1637 4281 1696 4335 in
1746 4279 1919 4335 nobis
1972 4279 2184 4335 exstin-

528 4376 691 4443 guat.
728 4374 1011 4444 Suscepto
1028 4375 1228 4427 autem
1246 4369 1539 4426 beneﬁcio
1564 4370 1970 4425 ministremus
2001 4370 2074 4434 ei,
2095 4384 2190 4424 cu-

586 3211 749 3269 Vers.
780 3209 869 3268 29.
907 3209 987 3283 Et
1018 3210 1222 3266 statim
1248 3240 1317 3249 —
1344 3210 1574 3265 Joanne.
1611 3208 1738 3273 Qua
1771 3204 1845 3262 de
1880 3219 2066 3261 causa
2106 3218 2178 3260 eo

2359 3170 2459 3220 Καὶ
2511 3166 2691 3226 εὐθέως
2742 3196 2812 3204 -
2864 3164 3122 3217 Ἰωάννου.

2300 3260 2593 3283 ,---ι-..-..-
2652 3254 2697 3283 ζ..
2745 3262 2814 3283 -.ἡ
2875 3250 3046 3283 .2-..i‘.‘..
3104 3274 3122 3283 -

2285 542 2584 610 χρήσονται
2616 537 2728 609 (l8)
2756 538 2986 611 καθάπερ
3013 540 3115 588 τινὶ
3149 531 3371 587 δελέατι.

2361 755 2460 804 Καὶ
2542 750 2812 823 σπαράξαν
2901 782 2969 790 -
3049 748 3101 812 ἐξ
3180 749 3361 801 αὐτοῦ.
3442 751 3511 800 Τὸ
3593 746 3886 819 σπαράξαν,

2283 839 2439 913 ῥίψαν
2482 839 2614 892 εἶπεν
2666 842 2690 891 ὀ
2736 846 2964 905 Λουκᾶς,
3021 841 3287 914 προσθείς·
3333 840 3412 889 ὅτι
3462 833 3627 909 μηδὲν
3680 835 3888 909 βλάψαν

2285 929 2458 981 αὐτόν.
2503 928 2679 1000 Ῥίψαι
2726 932 2815 1000 μὲν
2863 932 2963 1001 ’γὰρ
3013 933 3098 980 τὸν
3149 930 3414 1001 ἄνθρωπον
3463 932 3831 1000 συνεχώρησεν
3863 927 3889 977 ό

2282 1023 2505 1092 χριστός
2527 1020 2657 1088 (19),
2681 1020 2763 1070 ἱνα
2781 1016 2973 1091 δειχθῇ
3004 1026 3094 1070 τοι)
3121 1017 3369 1092 ῥίψαντος
3396 1018 3424 1075 ἡ
3451 1020 3615 1068 κακία
3644 1036 3655 1047 ·
3686 1014 3891 1087 βλάψαι

2286 1104 2345 1159 δὲ
2402 1108 2495 1159 οὐκ
2552 1111 2739 1173 εἴασεν,
2787 1111 2871 1159 ἵνα
2924 1115 3053 1180 φανῇ
3103 1115 3194 1159 τοῦ
3238 1105 3605 1165 ἀπελαύνοντος
3656 1105 3813 1157 αὑτὸν
3862 1107 3889 1163 ὁ

2286 1194 2529 1269 δύναμις.
2583 1196 2801 1269 ’Ἑκραξε
2860 1192 2920 1248 δὲ
2968 1205 3105 1269 φωνῇ
3158 1196 3381 1269 μεγάλη,
3434 1196 3733 1266 μαστιχθεν
3791 1194 3893 1246 ὑπὸ

2283 1296 2374 1347 τῆς
2430 1295 2749 1349 Δεσποτικῆς
2800 1295 2985 1360 φωνῆς.
3027 1287 3138 1339 Οὐκ
3185 1285 3291 1339 εἶπε
3332 1282 3409 1356 δὲ,
3455 1290 3505 1338 τί
3553 1285 3781 1357 ἔκραξεν,
3829 1287 3895 1345 ὡς

2284 1374 2562 1448 ἀσήμαντα
2586 1376 2893 1449 κράξαντος.

2359 1469 2457 1517 Καὶ
2539 1464 2913 1537 ἐθαμϐήθησαν
3004 1496 3072 1505 -
3129 1466 3491 1516 ὑπακούουσιν
3560 1463 3742 1533 αὐτῷς
3831 1466 3897 1514 Τί

2282 1552 2394 1606 ἔστι
2440 1561 2593 1606 τοῦτο
2652 1556 2678 1607 ὅ
2722 1553 3017 1627 βλέπομενς
3068 1550 3309 1625 Διδαχήν
3360 1550 3419 1605 δὲ
3469 1557 3652 1610 καινὴν
3692 1550 3891 1627 ἔλεγον,

2281 1648 2375 1702 τὴν
2416 1652 2508 1696 τοῦ
2565 1624 2821 1717 Χριστοῦ,
2868 1624 2937 1706 ως
2991 1624 3457 1719 παραλλάττουσαν
3501 1650 3598 1703 τῆς
3647 1624 3898 1713 δίὸαχῆς

2280 1742 2381 1786 τῶν
2436 1739 2807 1807 Γραμματέων,
2870 1739 2900 1793 ἤ
2960 1741 3051 1794 τῆς
3102 1742 3193 1786 τοῦ
3262 1740 3560 1786 Βαπτιστοῦ
3629 1732 3893 1784 Ἰωάννου.

2530 1826 2629 1898 γὰρ
2671 1820 2957 1877 ἐδίδασκον
3007 1829 3183 1895 μόνον,
3234 1824 3258 1875 ὁ
3306 1820 3365 1875 δε
3410 1826 3635 1896 Χριστὸς
3678 1824 3755 1873 ἔτι
3802 1826 3898 1874 καὶ

2284 1909 2537 1985 δαίμονας
2618 1911 2879 1971 ἀπήλαυνε
2949 1913 3063 1965 κατ’
3136 1911 3391 1975 ἐξουσίαν.
3465 1910 3897 1973 Ἐξουσιαστικὸν

2280 2004 2382 2073 γὰρ
2441 2005 2520 2067 τὸ,
2573 2004 2863 2074 Φιμώθητι,
2918 2007 3005 2053 καὶ
3061 2005 3140 2067 τὸ,
3185 2000 3408 2064 Ἔξελθε.
3454 2000 3511 2052 Ὀ
3560 1997 3619 2053 δὲ
3658 2005 3896 2066 Λουκᾶς,

2284 2088 2393 2142 ἀντὶ
2437 2098 2529 2143 τοῦ
2559 2111 2570 2123 ⁸
2613 2096 2706 2153 Τίς
2750 2093 2778 2149 ἡ
2833 2088 3042 2163 διδαχὴ
3091 2093 3121 2149 ἠ
3174 2095 3324 2149 καινὴ
3378 2091 3552 2155 αὖτης
3595 2094 3687 2151 Τίς
3728 2090 3754 2141 ὁ
3800 2088 3899 2140 λό-

2281 2200 2375 2251 γος
2421 2180 2587 2247 οὗτος,
2652 2184 2825 2255 εἴρηκε
2858 2200 2870 2213 ·
2918 2180 3068 2252 λόγον
3116 2180 3400 2253 ὀνομάσας,
3450 2184 3545 2237 τὴν
3595 2176 3687 2232 διὰ
3736 2177 3902 2249 λόγου

2286 2266 2547 2341 διδαχὴν·
2582 2274 2611 2329 ἤ
2658 2270 2807 2342 λόγον
2863 2269 3042 2341 λέγων,
3089 2274 3175 2322 τόν
3218 2269 3471 2342 λεχθέντα
3508 2272 3641 2342 πρὸς
3676 2272 3735 2320 τό
3777 2264 3907 2320 δαι-

3289 2358 3519 2422 "Rides.
3598 2358 3910 2433 Προσεθηκε

2508 2449 2627 2502 Ὀτι
2720 2448 2767 2500 iv
2860 2448 3071 2520 ἐξουσίᾳ
3156 2453 3245 2501 καὶ
3325 2446 3546 2520 δυνάμει
3625 2448 3910 2499 ἐπιτάσσει

2286 2364 2481 2433 μόνιον,
2532 2363 2591 2412 τὸ
2642 2362 2932 2433 Φιμώθητι,
2990 2364 3080 2412 καὶ
3132 2362 3213 2428 τὸ,

2285 2450 2383 2523 γάρ
2419 2468 2431 2481 ’

2285 2546 2393 2601 τοῖς
2465 2538 2782 2611 ἀκαθάρτοις
2852 2542 3164 2611 πνεύμασιν.
3238 2540 3317 2591 Ἐν
3376 2537 3589 2610 ἐξουσίᾳ
3641 2541 3753 2610 μεν,
3808 2533 3914 2590 διὰ

2288 2632 2345 2680 τὸ
2385 2631 2760 2702 προστάσσειν·
2796 2625 2844 2679 iv
2877 2624 3097 2700 δυνάμει
3129 2623 3207 2695 δὲ,
3244 2623 3339 2679 διὰ
3368 2631 3425 2679 τὸ
3457 2626 3644 2680 ἀνύειν.

2358 2898 2569 2961 Ἐξῆλθε
2619 2894 2677 2950 δε
2738 2926 2801 2933 -
2859 2895 3149 2957 Γαλιλαίας.
3228 2898 3450 2967 Εἴρηται
3526 2900 3645 2968 περὶ
3708 2897 3905 2949 τούτου

2286 2986 2334 3040 iv
2364 2996 2437 3059 τῷ
2467 2988 2695 3060 τετάρτῳ
2719 2984 2977 3058 κεφαλαίῳ
3003 2992 3094 3037 τοῦ
3120 2987 3256 3037 κατὰ
3280 2986 3570 3037 Ματθαῖον.

2572 3082 2719 3129 ΚΕΦ.
2751 3074 2821 3127 Β’.
2851 3080 2975 3147 Περὶ
3006 3082 3096 3134 τῆς
3116 3076 3359 3148 πενθερᾶς
3386 3077 3603 3148 Πέτρου.

3174 3167 3325 3224 Τίνος
3377 3163 3538 3216 ἕνεκεν
3584 3159 3733 3221 ἦλθεν
3778 3160 3917 3231 ἐκεῖ,

2290 3260 2596 3332 προείρηται
2651 3254 2697 3307 iv
2745 3262 2817 3326 τῷ
2874 3250 3048 3326 ὀγδόῳ
3104 3252 3361 3327 κεφαλαίῳ
3427 3261 3518 3306 τοῦ
3572 3254 3706 3305 κατὰ
3760 3258 3922 3307 Ματ-

2292 3347 2436 3399 θαῖον
2446 3385 2457 3398 .

2359 3435 2419 3489 ’Π
2464 3432 2523 3487 δὲ
2566 3434 3059 3508 πενθερὰ-αὐτοῖς.
3120 3435 3343 3507 Εἰρηται
3392 3432 3483 3485 καί
3537 3436 3655 3505 περὶ
3710 3434 3923 3485 τούτων

2293 3523 2341 3577 iv
2398 3532 2469 3595 τῷ
2532 3524 2674 3594 αὐτῷ
2722 3522 2999 3595 κεφαλαίῳ*
3061 3527 3246 3575 σκόπει
3306 3518 3384 3593 δὲ,
3446 3523 3525 3574 ὅτι
3576 3521 3829 3583 πολλάκις
3897 3525 3927 3575 ὁ

2292 3618 2524 3688 Χριστὸς
2586 3621 2646 3686 τῇ
2717 3612 2895 3685 ἐτέρων
2966 3616 3143 3665 πίστει
3223 3612 3512 3686 χαρίζεται
3578 3616 3671 3669 τὴν
3725 3612 3928 3685 ἑτέρων

2294 3703 2457 3769 ἲασιν,
2517 3705 2637 3755 ὅταν
2704 3701 2877 3774 με’λλοι
2938 3704 3202 3754 πιστεύειν
3259 3707 3349 3753 καὶ
3398 3703 3423 3753 ὁ
3481 3702 3926 3776 θεραπευόμενος,

2293 3799 2385 3846 καὶ
2426 3797 2498 3866 μὴ
2552 3789 2771 3850 δύνηται
2822 3795 2953 3865 πρός
3002 3791 3159 3843 αὐτὸν
3210 3789 3389 3859 ἐλθεῖν,
3442 3790 3472 3849 ἣ
3518 3786 3611 3842 διὰ
3650 3794 3829 3859 νόσον,
3891 3797 3926 3851 ἤ

2297 3880 2367 3935 δι’
2409 3885 2575 3958 ἄωρον
2624 3883 2851 3948 ἡλικίαν,
2904 3885 2933 3940 ἦ
2984 3886 3074 3933 καὶ
3126 3878 3200 3933 δι’
3247 3882 3479 3952 ἄγνοιαν.
3539 3885 3638 3933 Καὶ
3690 3883 3788 3954 γάρ
3839 3881 3932 3935 iv—

2295 3975 2465 4026 ταῦθα
2490 3973 2650 4048 ἕτεροι
2681 3972 2835 4025 αὐτόν
2871 3970 3243 4045 παρεκάλεσαν.

2367 4202 2762 4277 ’Υποδεξὼμεθα
2826 4200 2913 4257 οὖν
2976 4208 3067 4256 καὶ
3133 4206 3284 4276 ἡμεῖς
3347 4206 3432 4256 τὸν
3495 4205 3747 4277 Χριστὸν,
3806 4206 3938 4256 εἶτ-

2300 4314 2410 4363 ουν,
2451 4298 2537 4346 τόν
2592 4294 2742 4366 λόγον
2796 4294 2978 4360 αὐτου,
3019 4295 3100 4345 ἰνα
3154 4302 3252 4345 τῶν
3315 4292 3366 4344 ἐν
3414 4294 3538 4365 ἡμῖν
3592 4292 3769 4344 παθῶν
3820 4296 3937 4351 τὴν

2298 4388 2533 4460 πύρωσιν
2593 4382 2885 4456 ἀποσϐέση*
2950 4387 3195 4454 τυχόντες
3255 4378 3314 4435 δὲ
3358 4382 3673 4455 εὐεργεσίας,
3726 4376 3936 4433 διακο-

528 4460 723 4533 rando
753 4476 1067 4533 pauperes.
1089 4460 1394 4531 Quidquid
1405 4460 1576 4525 enim,
1612 4460 1803 4532 inquit
1825 4458 2054 4529 fecistis
2082 4474 2179 4514 una

2300 4480 2536 4547 νήσωμεν
2615 4473 2779 4544 αὐτῷ,
2850 4474 3212 4548 θεραπεύοντες
3273 4476 3393 4534 τοὺς
3467 4476 3716 4531 πένητας.
3806 4472 3937 4545 Ἐφ’

530 4565 606 4607 ex
619 4549 709 4605 his
726 4549 1021 4620 fratribus
1038 4548 1173 4604 meis
1186 4549 1466 4614 minimis,
1485 4549 1631 4605 mihi
1644 4548 1864 4619 fecistis
1879 4550 1926 4583 ²⁶
1954 4564 1967 4613 ;
1991 4548 2191 4602 minis-

532 4645 758 4695 tremus
790 4643 846 4694 et
864 4638 956 4693 his
973 4636 1073 4709 qui
1096 4653 1235 4693 eum
1252 4637 1559 4693 imitantur
1576 4638 1748 4709 quasi
1778 4637 2191 4710 discipulisip-

534 4728 681 4794 sius,
708 4730 770 4783 ut
796 4730 856 4782 et
876 4726 958 4782 illi
976 4741 1085 4798 pro
1104 4727 1278 4782 nobis
1317 4727 1723 4798 deprecentur.

713 4925 872 4981 CAP.
903 4923 998 4982 IIl.
1038 4924 1123 4982 De
1141 4925 1360 4981 curatis
1389 4938 1427 4982 a
1453 4924 1632 4982 variis
1655 4924 2016 4997 langoribus.

605 5121 766 5180 Vers.
795 5123 881 5180 32.
914 5122 1103 5180 Facta
1155 5126 1350 5179 autem
1378 5135 1619 5191 vespera
1645 5151 1714 5163 —
1769 5123 1931 5178 Vers.
1982 5126 2188 5196 33.ja-

607 5258 655 5295 “
678 5257 824 5316 ibid.
856 5262 946 5316 35.
1025 5255 1071 5295 ³⁸
1103 5256 1253 5314 Ibid.
1286 5260 1373 5314 36.
1452 5257 1500 5293 ³⁸
1553 5255 1757 5313 Matth.
1791 5273 1928 5325 xxv,
1961 5262 2053 5316 40.

2301 4566 2420 4616 οσον
2477 4566 2598 4638 γὰρ,
2662 4568 2842 4635 φησίν,
2904 4560 3185 4621 ἐποιήσατε
3245 4562 3315 4614 ἐνὶ
3364 4564 3557 4614 τούτων
3612 4570 3709 4612 τῶν
3768 4558 3938 4613 ἀδελ-

2300 4663 2404 4728 φῶν
2474 4673 2573 4725 μου
2631 4660 2733 4705 τῶν
2792 4651 3106 4724 ἐλαχίστων,
3162 4654 3290 4724 ἐμοὶ
3358 4649 3664 4709 ἐποιήσατε.
3731 4657 3935 4703 Διακο-

2298 4750 2535 4817 νὴσωμεν
2583 4740 2642 4796 δὲ
2688 4747 2778 4795 καὶ
2830 4750 2939 4803 τοῖς
2984 4742 3141 4794 αὐτοῦ
3200 4748 3478 4814 μιμηταῖς,
3527 4742 3597 4801 ὡς
3642 4741 3932 4811 μαθηταῖς

2300 4834 2461 4887 αὐτοῦ
2498 4838 2589 4885 καὶ
2627 4835 2695 4893 ὡς
2734 4834 2861 4906 ὑπὲρ
2892 4834 3038 4904 ἡμῶν
3065 4833 3399 4885 ἱκετεύουσιν,

2497 4928 2646 4978 ΚΕΦ.
2677 4920 2747 4976 Γ’.
2776 4926 2902 4995 Περὶ
2930 4930 3031 4975 τῶν
3060 4921 3299 4974 ἱαθέντων
3328 4917 3429 4972 ἀπὸ
3459 4918 3705 4973 ποικίλων

3003 5033 3167 5082 νόσων
3181 5073 3194 5086 .

2370 5120 2561 5193 Ὀψίας
2624 5120 2684 5174 δε
2734 5122 3011 5193 γενομένης
3066 5150 3136 5161 -
3186 5122 3281 5178 την
3323 5119 3503 5194 θύραν.
3547 5118 3769 5191 Εἴρηται
3824 5119 3944 5171 καὶ

1739 5402 1966 5472 Variae
1998 5402 2329 5472 lectiones
2362 5412 2428 5472 et
2467 5411 2670 5471 notae.

608 5560 722 5633 (18)
753 5561 939 5631 Forte,
972 5564 1081 5638 χρή
1092 5578 1291 5618 σαιντο.

2374 5560 2486 5634 (19)
2524 5553 2583 5615 ‘o
2621 5563 2839 5636 Κύριος.
2879 5562 2939 5616 Β.

613 5685 682 5761 (ς)
722 5684 907 5746 Etiam
933 5704 1111 5746 nunc.
1140 5687 1397 5761 Corrige,
1426 5701 1662 5746 novam.
1696 5683 2014 5747 Hentenius
2043 5686 2179 5749 loco

2301 5692 2392 5748 νήν
2419 5688 2654 5746 videtur
2682 5685 2977 5773 invenisse
3002 5687 3093 5740 καὶ
3116 5688 3227 5739 νῦν.
