4096 6376
225 335 319 396 781
1317 336 1683 399 COMMENT.
1726 334 1798 393 IN
1836 337 1838 389 ξ

1960 335 2158 394 ἰΟυΜ.
2195 368 2265 380 -
2294 337 2449 397 CAP.
2494 339 2545 395 Ι.

3491 342 3599 399 782

229 470 341 541 περὶ
393 466 582 518 τούτου
641 463 690 517 ἐν
733 473 806 536 τῷ
857 463 1017 538 ἐνάτῳ
1066 465 1320 539 κεφαλαὶῳ
1386 473 1476 519 τοῦ
1524 467 1658 517 κατὰ
1684 468 1829 517 Ματ-

1960 478 2139 520 mam.
2173 465 2406 523 Dictum
2434 470 2520 523 est
2549 468 2606 522 et
2630 465 2705 523 de
2733 465 2825 523 his
2855 466 3047 540 capite
3076 480 3239 524 nono
3260 467 3435 538 juxta
3457 469 3600 533 Mat-

233 556 390 607 θαῖον.

300 649 398 699 Καὶ
428 642 741 717 ἐθεράπευσε
817 674 886 686 -
934 642 1153 708 ἐξέϐαλε.
1228 645 1287 696 ’0
1345 648 1434 717 μὲν
1492 645 1696 717 Μᾶρκος
1762 641 1829 694 εἴ·

232 753 337 799 πεν,
391 735 472 786 ὅτι
543 732 852 806 ἐθεράπευσε
919 734 1154 796 πολλούς·
1213 736 1237 786 6
1289 732 1347 787 δὲ
1404 735 1688 799 Μαι·θαίος,
1749 733 1830 783 ὅτι

231 824 438 883 πάντας.
488 823 711 896 Ὁμοίως
763 820 820 876 δε
878 828 965 876 καὶ
1010 830 1129 898 περὶ
1178 832 1275 877 τῶν
1323 820 1628 897 δαιμονίων,
1670 824 1696 873 ό

232 913 460 986 Μάρκος,
529 916 611 965 ὅτι
652 910 902 986 δαιμόνια
942 914 1107 967 πολλὰ
1155 913 1383 977 ἐξέϐαλεν
1427 934 1438 945 ·
1493 916 1518 966 6
1569 910 1627 965 δὲ
1685 912 1830 967 Ματ-

235 1005 394 1071 θαίος,
444 1005 524 1055 ὅτι
581 1002 782 1066 ἐξέϐαλε
852 1007 918 1056 τὰ
978 1006 1266 1076 πνεύματα,
1319 1000 1579 1069 δηλονότι,
1641 1004 1829 1054 πάντα.

299 1097 361 1145 Τί
411 1092 498 1144 οὗν
550 1098 752 1165 φαμέν;
798 1098 868 1146 T6
918 1092 1136 1153 πολλοὺς
1186 1092 1407 1145 ἐνταῦθα
1459 1098 1545 1144 καὶ
1591 1095 1650 1143 τὸ
1700 1090 1835 1143 Πολὦ

230 1181 293 1234 λὰ
336 1184 656 1257 προσέθηκεν
714 1184 739 1234 ό
787 1182 1183 1254 εὐαγγελιστης,
1254 1182 1359 1253 οὐχ
1441 1183 1521 1234 ότι
1584 1180 1835 1253 παρέλιπέ

233 1292 373 1333 τινας
402 1271 804 1347 ἁθεραπεύτους,
851 1274 876 1324 6
928 1276 1117 1347 Κύριος
1149 1268 1263 1324 οὐδ’
1308 1274 1387 1323 ὅτι
1423 1269 1673 1343 δαιμόνια
1716 1289 1835 1322 τινα

236 1361 443 1434 ἀφῆκεν,
500 1360 625 1425 ἀλλ’,
672 1364 755 1413 ἶνα
784 1358 929 1434 δείξῃ
974 1367 1126 1433 μόνον
1178 1364 1202 1412 6
1246 1363 1469 1435 Μάρκος,
1514 1363 1595 1413 ὅτι
1636 1360 1834 1421 πλῆθος

236 1449 364 1510 ἦσαν
414 1453 461 1503 οἱ
494 1453 904 1523 θεραπευθέντες,
962 1456 1052 1504 καὶ
1111 1454 1192 1504 ότι
1238 1452 1400 1503 πολλὰ
1448 1448 1508 1509 ἧν
1558 1452 1625 1502 τὰ
1653 1448 1835 1507 ἐκϐλη-

240 1542 381 1592 θέντα
410 1536 682 1613 δαιμόνια.
732 1546 915 1595 Σκόπει
947 1537 1028 1607 δὲ,
1069 1550 1175 1601 πῶς
1217 1544 1276 1592 τό
1327 1537 1580 1613 δαιμονᾶν
1611 1539 1669 1592 οὐ
1715 1559 1835 1591 συν-

237 1632 407 1683 τάττει
458 1637 575 1693 ταῖς
620 1630 801 1693 οἰλλαις
850 1635 1019 1692 νόσοις
1072 1629 1180 1683 ἀλλ’
1231 1627 1381 1693 ἰδίως
1422 1630 1548 1682 αύτὸ
1597 1631 1830 1695 τίθησιν,

235 1723 297 1781 ὡς
333 1718 723 1791 χαλεπώτατον.

307 1918 407 1967 Καὶ
450 1913 546 1966 ούκ
598 1945 665 1954 -
724 1914 898 1967 ari-r66.
954 1914 1201 1968 Ἐκώλυεν
1271 1916 1387 1988 (ἿΟ)
1452 1917 1586 1969 αὐτὰ
1643 1916 1831 1985 λαλεῖν,

241 2008 349 2077 περὶ
395 2002 580 2056 ἑαυτοῦ
635 2005 918 2078 κράζοντα,
965 2006 1102 2057 καθά
1134 2004 1248 2077 ('21)
1305 2005 1581 2081 ἱστόρησεν
1633 2008 1657 2059 6
1702 2013 1837 2060 Λου-

235 2100 346 2157 κᾶς,
405 2097 495 2145 καὶ
546 2092 778 2165 λέγοντα,
834 2095 914 2146 ὅτι
973 2098 1039 2146 Σὺ
1072 2091 1121 2146 εἶ
1163 2096 1469 2169 όΧριστός,
1513 2098 1538 2147 ό
1588 2098 1707 2158 Υἱὸς
1745 2101 1835 2149 τόῦ

237 2190 392 2236 Θεοῦ.
419 2182 660 2236 Ἐλᾶλουν
691 2178 751 2236 δὲ
803 2188 922 2257 περὶ
948 2184 1106 2236 αὐτοῦ
1140 2184 1279 2255 ('22),
1327 2186 1409 2237 ὅτι
1450 2182 1650 2258 ᾔδεσαν
1682 2186 1837 2238 αὑτὸν

240 2275 364 2324 ὄντα
420 2275 503 2324 τὸν
570 2276 825 2347 Χριστὸν,
912 2276 982 2336 ὡς
1034 2275 1059 2325 ό
1127 2279 1332 2335 Λουκᾶς
1382 2274 1536 2327 πάλιν
1613 2279 1834 2349 εἴρηκεν.

236 2364 546 2435 Ἐγίνωσκον
620 2358 679 2415 δὲ
758 2362 933 2432 αὐτόν,
1000 2362 1401 2435 προσϐαλούσης
1476 2364 1655 2427 αὐτοῖς
1716 2384 1840 2438 σφο-

237 2450 374 2529 δρῶς
417 2461 511 2515 τῆς
563 2450 766 2512 ἀκτῖνος
810 2460 907 2514 τῆς
966 2453 1221 2522 θεότητος,
1265 2457 1431 2524 πυρός
1462 2451 1616 2513 δίκην
1671 2474 1683 2487 ι
1745 2456 1839 2507 ούκ

237 2547 317 2596 εἷα
346 2538 407 2597 δὲ
448 2541 583 2594 αὐτὰ
627 2540 816 2608 λαλεῖν,
864 2538 958 2594 διὰ
1003 2546 1095 2601 τὴν
1143 2542 1334 2608 αἰτίαν,
1382 2547 1443 2601 ἣν
1491 2540 1837 2597 ἀποδεδώκα-

237 2653 325 2707 μεν
387 2630 642 2706 benigni,
698 2632 820 2684 ἔνθα
887 2630 1114 2705 ἕφίμωσε
1177 2635 1236 2685 τό
1304 2631 1589 2709 ἆκάθαρτον
1641 2641 1841 2707 πνεῦμα

238 2730 324 2775 τοῦ
353 2720 403 2774 ἐν
433 2729 499 2794 τῇ
533 2728 812 2794 συναγωγῇ
841 2724 984 2785 ὄντος
1015 2719 1310 2794 ἀνθρώπου.

308 2816 411 2865 Καὶ
484 2812 624 2884 πρωί
703 2812 917 2882 ἔννυχον
982 2842 1051 2851 —
1117 2814 1475 2885 προσηύχετο.
1561 2811 1837 2886 Ἐννυχον,

237 2900 350 2954 ἀντὶ
403 2909 516 2966 τοῦ,
574 2903 777 2962 Νυκτὸς
848 2902 921 2953 ἔτι
969 2903 1152 2963 οὔσης.
1228 2905 1297 2954 Τὸ
1362 2904 1463 2977 γὰρ
1516 2902 1630 2954 λίαν
1678 2904 1835 2976 πρωΐ,

237 2994 451 3062 ἓννυχόν
520 2988 681 3060 ἐστιν,
742 2994 931 3057 εῖτ-ουν,
998 2992 1257 3043 ἓνσκοτον.
1325 2995 1477 3044 Οὕτω
1524 2995 1624 3065 γὰρ
1664 2997 1754 3044 καὶ
1811 2993 1837 3044 6

237 3083 457 3140 Ιωᾶννης
510 3082 708 3154 εἶρηκεν
772 3077 820 3131 ἐν
868 3078 1060 3147 ἄλλοις,
1139 3082 1220 3132 ὅτι
1290 3080 1475 3155 Μαρία
1528 3084 1558 3140 ἡ
1619 3079 1838 3153 Μαγδα-

1934 552 2181 611 tbteum.

2010 644 2168 700 Vers.
2186 644 2274 701 34.
2290 646 2365 701 Et
2382 648 2619 704 curavit
2632 679 2702 689 -
2718 647 2907 717 ejecit.
2932 649 3158 704 Marcus
3169 646 3417 720 quidem
3429 646 3596 714 dixit,

1938 733 2103 803 quod
2116 735 2336 791 multos
2351 737 2975 794 curaverit.Matthaaus
2991 752 3128 793 vero
3140 736 3300 809 quod
3314 737 3572 793 omnes”
3584 777 3599 793 .

1942 822 2218 879 Similiter
2248 831 2446 881 autem
2474 826 2619 882 etde
2644 826 2957 883 daemoniis
2987 826 3131 883 dixit
3152 828 3399 901 Marcus,
3433 824 3601 899 quod

1940 911 2243 969 daemonia
2256 914 2444 971 multa
2464 916 2637 987 ejecit
2656 934 2674 981 ;
2690 915 2997 972 Matthaeus
3017 931 3154 972 vero
3180 916 3343 989 quod
3361 916 3601 988 spiritus

1942 1001 2113 1072 ejecit
2141 1004 2212 1071 ³⁸,
2244 1008 2390 1075 puta
2421 1020 2654 1061 omnes.

2015 1091 2169 1156 Quid
2227 1108 2366 1163 ergo
2420 1092 2717 1151 dicimus?
2770 1094 2942 1162 Quod
2996 1096 3219 1152 Multos
3276 1100 3335 1152 et
3382 1094 3598 1161 Multa,

1942 1180 2171 1237 addidit
2196 1181 2294 1237 hic
2324 1182 2719 1252 Evangelista,
2751 1199 2874 1240 non
2900 1185 3063 1256 quod
3095 1185 3332 1256 aliquos
3364 1188 3602 1257 praster-

1942 1269 2167 1326 miserit
2195 1271 2509 1337 Dominus,
2532 1273 2679 1346 quin
2708 1275 3020 1345 curaverit,
3047 1277 3148 1330 aut
3167 1274 3472 1331 daemonia
3500 1273 3604 1330 ali-

1942 1374 2066 1433 qua
2106 1360 2431 1434 reliquerit,
2467 1363 2573 1418 sed
2607 1366 2862 1427 tantum,
2908 1367 2973 1419 ut
3022 1363 3303 1420 ostendat
3342 1364 3602 1429 Marcus,

1942 1449 2109 1522 quod
2139 1450 2304 1506 multi
2335 1452 2573 1507 fuerunt
2601 1452 2707 1525 qui
2735 1452 2929 1509 sanati
2957 1458 3117 1519 sunt,
3149 1453 3458 1525 multaque
3489 1453 3606 1524 eje-

1943 1545 2039 1596 cta
2080 1539 2403 1597 daemonia.
2439 1540 2756 1598 Considera
2785 1545 2988 1598 autem
3020 1542 3328 1614 quomodo
3366 1542 3603 1599 daemo-

1942 1628 2185 1685 niacum
2234 1644 2381 1696 esse,
2435 1644 2559 1686 non
2588 1630 2920 1701 conjungat
2953 1630 3086 1687 aliis
3133 1631 3606 1697 inﬁrmitatibus,

1944 1718 2050 1773 sed
2068 1717 2183 1775 hoc
2203 1733 2310 1792 per
2334 1734 2396 1774 se
2416 1724 2604 1791 ponat
2625 1723 2917 1792 tanquam
2934 1719 2996 1776 id
3015 1720 3179 1793 quod
3197 1720 3609 1780 miserrimum

1862 1817 1913 1879 Β
1943 1811 2055 1864 est.

2014 1896 2179 1953 Vers.
2212 1897 2300 1953 34.
2325 1897 2403 1953 Et
2427 1913 2543 1955 non
2572 1928 2642 1940 —
2664 1897 2875 1969 ipsum.
2898 1898 3257 1975 Prohibepbat
3279 1899 3415 1971 ipsa
3436 1899 3511 1957 de
3542 1915 3611 1957 se

1943 1986 2132 2058 loqui,
2182 1986 2508 2045 clamantia
2552 1988 2697 2044 sicut
2742 1988 2892 2044 dixit
2941 1990 3126 2045 Lucas
3174 1988 3542 2068 etdicentia
3588 2004 3606 2046 :

1952 2076 2039 2132 Tu
2063 2091 2119 2133 es
2150 2077 2420 2134 Christus
2449 2077 2643 2133 Filius
2674 2077 2781 2135 Dei
2809 2080 2879 2153 ‘?.
2915 2077 3335 2151 Loquebantur
3365 2093 3507 2134 vero
3535 2079 3609 2134 de

1946 2181 2017 2222 eo
2056 2167 2344 2238 quoniam
2376 2172 2665 2224 noverant
2705 2167 2906 2239 ipsum
2932 2182 3062 2222 esse
3095 2166 3409 2234 Christum,
3455 2166 3610 2225 sicut

1946 2272 2187 2312 rursum
2226 2256 2370 2312 dixit
2402 2259 2608 2313 Lucas.
2646 2256 3101 2330 Cognoscebant
3131 2262 3333 2314 autem
3362 2272 3471 2331 per
3507 2272 3611 2314 ra-

1947 2346 2116 2402 dium
2148 2345 2498 2412 divinitatis,
2527 2346 2633 2420 qui
2658 2347 2718 2403 in
2741 2363 2842 2403 eos
2865 2346 2943 2403 ad
2966 2346 3219 2403 modum
3243 2346 3399 2418 ignis
3424 2346 3606 2418 jacie-

1945 2433 2145 2491 batur.
2186 2437 2315 2491 Non
2358 2434 2593 2492 sinebat
2630 2435 2810 2492 etiam
2867 2451 2939 2493 ea
2978 2435 3145 2509 loqui
3183 2438 3428 2508 propter
3465 2451 3611 2492 cau-

1948 2540 2079 2581 sam
2107 2539 2291 2597 quam
2322 2524 2594 2596 superius
2631 2524 3028 2593 reddidimus,
3064 2524 3165 2581 ubi
3196 2524 3611 2593 obmutescere

1948 2613 2085 2671 fecit
2098 2614 2374 2688 spiritum
2394 2613 2781 2673 immundum
2799 2614 3064 2672 hominis
3086 2614 3147 2672 in
3170 2616 3494 2689 Synagoga
3510 2614 3613 2673 ve-

1944 2704 2089 2762 xati.

2018 2813 2189 2870 Vers.
2231 2814 2319 2870 35.
2359 2811 2435 2866 Et
2466 2823 2692 2870 summo
2718 2828 2897 2870 mane
2924 2843 2994 2856 --
3029 2812 3252 2872 orabat.
3292 2813 3359 2870 In
3383 2822 3610 2885 .crepu-

1948 2902 2135 2969 sculo,
2153 2901 2269 2958 hoc
2290 2907 2397 2968 est,
2420 2918 2560 2958 cum
2578 2902 2778 2959 adhuc
2799 2918 2919 2959 nox
2940 2908 3125 2969 esset;
3152 2918 3465 2961 summum
3485 2912 3620 2960 mas.

1946 3008 2023 3049 ne
2052 2991 2215 3048 enim
2251 2990 2673 3063 crepusculum
2700 2996 2789 3047 est
2819 2992 2945 3047 sive
2970 2990 3310 3048 diluculum.
3344 2992 3436 3049 Sic
3460 2991 3619 3049 enim.

1948 3081 2090 3138 alibi
2115 3096 2358 3154 quoque
2380 3080 2526 3136 dixit
2550 3081 2831 3149 Joannes,
2858 3081 3023 3152 quod
3046 3082 3238 3137 Maria
3256 3081 3614 3152 Magdalene

234 3170 360 3229 ληνη
423 3172 638 3244 ἔρχεται
724 3171 881 3243 πρωί,
964 3175 1178 3233 σκοτίας
1226 3172 1296 3222 ἔτι
1374 3173 1555 3235 οὔσης,
1637 3172 1708 3233 εἰς
1782 3174 1838 3224 τό

1960 3172 2103 3230 venit
2128 3187 2354 3227 summo
2374 3186 2544 3228 mane
2563 3187 2687 3226 cum
2711 3170 2911 3227 adhuc
2933 3171 3188 3228 tenebrae
3211 3178 3388 3228 essent
3410 3174 3481 3230 ³ο.
3504 3171 3619 3247 νοτ

234 3266 483 3333 μνημεῖον
536 3278 549 3290 ·
612 3256 739 3309 ἀλλὰ
790 3259 904 3330 ('23)
981 3264 1071 3312 καὶ
1153 3261 1357 3336 Μάρκος
1413 3263 1523 3333 μεν,
1584 3259 1840 3333 Ἐννυχον

237 3352 347 3402 εἰπε
393 3368 407 3380 ⁸
461 3353 666 3409 Λουκᾶς
727 3343 805 3415 δὲ,
856 3352 1129 3421 γενομένης
1186 3350 1402 3423 ἡμέρας.
1463 3350 1575 3403 Οὔκ
1618 3352 1728 3403 ἔστι
1783 3347 1842 3403 δε

237 3436 621 3509 ἔναντιοφωνία.
701 3439 770 3489 T6
835 3438 936 3511 γὰρ
1022 3436 1136 3490 λίαν
1220 3442 1377 3512 πρωί,
1476 3442 1715 3492 ἔνσκοτόν
1788 3459 1842 3493 τε

238 3526 372 3591 ἐστὶ,
402 3534 493 3579 καὶ
524 3525 667 3599 ἁρχὴ
701 3534 791 3587 τῆς
816 3527 1028 3601 ἡμέρας.

319 3616 544 3677 Ἀπῆλθε
592 3611 651 3669 δὲ
716 3615 788 3678 εἰς
838 3614 1076 3693 ἐρημίαν,
1134 3614 1407 3671 διδάσκων
1470 3618 1623 3693 ἡμᾶς,
1676 3617 1759 3671 ἐάν
1791 3623 1843 3671 τί

228 3725 355 3760 ποτε
417 3711 720 3779 ποιήσωμεν
804 3704 1247 3780 ἀξιοθαύμαστόν,
1298 3710 1501 3781 φεύγειν
1561 3713 1647 3762 τὸν
1732 3707 1832 3761 ἀπὸ

226 3806 330 3850 τῶν
384 3794 666 3869 ἀνθρώπων
732 3798 957 3860 ἔπαινον,
1029 3801 1121 3849 καὶ
1190 3800 1325 3850 κατὰ
1388 3802 1579 3871 μόνους
1629 3803 1838 3873 γινομέ-

226 3905 349 3946 νους
400 3884 736 3959 εὐχαριστεῖν
766 3904 818 3938 τε
865 3892 937 3955 τῷ
989 3893 1124 3957 Θεῷ,
1179 3895 1251 3958 τῷ
1297 3882 1443 3940 δόντι
1494 3891 1655 3962 χάριν
1692 3891 1838 3961 ἡμῖν,

226 3979 321 4027 καὶ
387 3976 789 4047 προσεύχεσθαι
875 3970 1310 4048 ἐνδυναμωθῆναι
1376 3978 1470 4030 ἔτι.
1533 3974 1844 4036 Ἐπιτηδεία

232 4059 293 4117 δε
326 4063 395 4125 εἰς
425 4068 733 4137 προσευχὴν
754 4064 783 4121 ἠ
815 4062 1025 4138 ἐρημία,
1061 4062 1154 4117 διὰ
1178 4068 1235 4118 τὸ
1260 4067 1673 4142 ἀπερίσπαστον.

309 4157 410 4205 Καὶ
460 4149 786 4216 κατεδίωξαν
844 4185 912 4195 -
952 4154 1198 4215 ζητοῦσι,
1272 4157 1481 4231 Μᾶρκος
1537 4160 1626 4229 μὲν
1684 4157 1842 4229 λέγει,

232 4241 319 4294 ὅτι
380 4238 439 4294 Ὀ
490 4245 658 4315 Σίμων
724 4247 812 4295 καὶ
886 4246 935 4295 οἱ
991 4244 1101 4317 μετ’
1153 4243 1312 4296 αὐτοῦ
1387 4248 1623 4318 μαθηταὶ
1686 4266 1844 4299 κατα-

235 4326 517 4393 διώξαντες
560 4330 705 4407 εὗρον
760 4331 913 4385 αὐτόν
944 4352 955 4364 ·
1002 4335 1027 4385 6
1078 4329 1137 4386 δὲ
1190 4340 1394 4395 Λουκᾶς
1439 4336 1521 4388 ὅτι
1577 4338 1625 4388 οἰ
1694 4336 1847 4408 ὄχλοι

234 4419 395 4482 Εἰκὸς
450 4418 529 4490 δε,
574 4426 661 4473 καὶ
712 4423 885 4496 ,ἄμφω
942 4430 1109 4475 ταῦτα
1186 4416 1450 4495 γενέσθαι,
1491 4430 1580 4478 καὶ
1644 4436 1846 4502 πρῶτον

1948 3277 2083 3317 rum
2110 3264 2332 3319 Marcus
2365 3260 2602 3333 quidem
2627 3260 2742 3316 hoc
2770 3259 2904 3317 loco
2923 3258 3089 3327 dixit,
3124 3260 3186 3316 In
3217 3259 3621 3333 crepusculo;

1950 3350 2140 3407 Lucas
2171 3366 2308 3406 vero
2340 3367 2358 3405 :
2392 3349 2569 3406 Facto
2595 3350 2690 3406 die
2719 3350 2786 3403 ³¹.
2814 3348 2943 3405 Non
2968 3353 3057 3405 est
3083 3353 3287 3405 autem
3316 3349 3625 3407 contradi-.

1948 3439 2098 3505 ctio;
2136 3455 2280 3496 nam
2311 3437 2483 3496 valde
2512 3454 2692 3495 mane
2721 3442 2778 3495 et
2814 3437 3235 3510 crepusculum
3263 3443 3372 3509 est,
3404 3442 3463 3495 et
3494 3437 3626 3497 diei.

1949 3528 2340 3602 principium.
2697 3586 2701 3590 .
3618 3576 3625 3589 .

2020 3618 2178 3675 Abiit
2206 3624 2407 3675 autem
2439 3619 2501 3675 in
2531 3617 2833 3675 desertum
2863 3616 3084 3684 locum,
3118 3620 3182 3674 ut
3210 3634 3322 3674 nos
3351 3617 3614 3689 doceret,

1950 3709 2117 3787 quod
2142 3710 2190 3765 si
2220 3709 2467 3782 quando
2493 3708 2880 3766 admiratione
2911 3707 3097 3780 digna
3124 3707 3461 3785 fecerimus,
3487 3708 3617 3766 lau-

1950 3800 2089 3855 dem
2125 3799 2202 3855 ab
2219 3798 2568 3856 hominibus
2594 3798 2898 3869 fugiamus
2922 3816 2934 3853 :
2961 3803 3015 3854 et
3036 3797 3110 3855 ab
3133 3798 3263 3854 aliis
3295 3799 3630 3877 segregati,

1951 3891 2070 3953 Deo
2095 3889 2201 3961 qui
2222 3887 2397 3945 nobis
2415 3887 2777 3944 beneﬁcium
2804 3887 3051 3944 contulit
3079 3888 3303 3959 gratias
3336 3903 3613 3963 agamus,

1951 3992 2021 4033 ac
2064 3977 2455 4048 deprecemur
2498 3981 2562 4032 ut
2609 3974 2759 4033 illud
2805 3976 2867 4032 in
2918 3980 3223 4049 posterum
3277 3976 3631 4057 confirmet.1

1953 4065 2118 4123 Unde
2130 4064 2294 4121 locus
2316 4065 2582 4121 desertus
2598 4064 2848 4121 orationi
2860 4063 3219 4121 conveniens
3238 4068 3346 4131 est,
3366 4080 3437 4122 eo
3450 4066 3629 4140 quod.

1952 4142 2400 4212 distractionem
2430 4169 2548 4211 non
2579 4152 2809 4211 afferat.

2025 4262 2192 4319 Vers.
2221 4266 2308 4319 36.
2332 4262 2407 4317 Et
2428 4261 2877 4333 prosecutisunt
2904 4291 2971 4300 —
2996 4259 3159 4317 Vers.
3192 4260 3279 4316 37.
3311 4258 3617 4328 Quaerunt.
3631 4227 3639 4317 ‘.

1954 4356 2181 4411 Marcus
2220 4352 2464 4424 quidem
2504 4351 2584 4406 ait
2616 4368 2630 4405 :
2661 4351 2886 4416 Simon,
2920 4357 2973 4405 et
3002 4350 3102 4422 qui
3139 4365 3273 4406 cum
3312 4349 3409 4405 illo
3447 4352 3622 4406 erant

1954 4443 2249 4513 prosecuti
2310 4443 2661 4497 invenerunt
2708 4455 2859 4499 eum.
2926 4439 3120 4496 Lucas
3167 4444 3391 4504 autem,
3454 4437 3643 4512 quod:

235 4512 355 4581 μὲν,
388 4512 505 4572 τοὺς
536 4512 779 4582 μαθητὰς
830 4519 983 4564 τοῦτο
1021 4519 1245 4570 ποιῆσαι
1288 4532 1299 4545 ·
1335 4510 1448 4566 εἶτα
1485 4518 1606 4575 τοὺς
1632 4515 1838 4587 ὄχλους.

1960 4510 2151 4588 turbm
2198 4531 2269 4586 ³³.
2311 4529 2638 4586 Verisimile
2695 4545 2837 4600 ergo
2877 4536 2986 4598 est,
3029 4535 3350 4602 utrumque
3398 4510 3623 4587 factum

240 4604 349 4651 Καὶ
404 4603 506 4675 γὰρ
577 4599 921 4676 προλαϐόντες
976 4603 1025 4654 οἱ
1078 4604 1334 4679 μαθηταὶ,
1400 4604 1485 4657 οἵα
1552 4607 1850 4680 θερμότερον

240 4687 403 4741 αὐτὸν
454 4689 772 4761 ἀγαπῶντές,
823 4687 961 4743 εἶπον
1015 4697 1132 4765 περὶ
1189 4701 1288 4745 τῶν
1347 4692 1540 4765 ὄχλων,
1586 4696 1665 4747 ὅτι
1720 4698 1851 4749 Πάν-

239 4798 328 4840 τες
380 4798 436 4831 σε
483 4778 755 4839 ζητοῦσιν.
808 4776 945 4855 Ὀρα
1002 4776 1061 4833 δὲ
1109 4782 1245 4844 ὅπως
1302 4784 1328 4841 ἡ
1383 4781 1725 4859 ἀναχώρησις
1764 4805 1858 4839 πο-

244 4870 529 4944 θεινότερον
559 4867 716 4921 αὐτὸν
747 4871 896 4929 ἑποίη
907 4889 985 4924 σε.

321 5069 423 5118 Καὶ
484 5062 639 5138 λέγει.
696 5096 767 5106 --
839 5064 1143 5129 ἐξελήλυθα.
1232 5066 1385 5129 Πόλις
1441 5073 1530 5141 μέν
1590 5067 1751 5139 ἐστιν,
1820 5073 1849 5131 ἡ

238 5158 636 5229 τετειχισμένηο
669 5160 821 5229 κώμη
873 5152 952 5220 δὲ,
998 5159 1029 5215 ὴ
1070 5154 1399 5229 ἀτείχιστος.
1432 5158 1727 5232 κωμόπολις
1772 5155 1850 5225 δε,

322 5282 370 5317 ³⁷
397 5281 594 5339 Matth.
628 5297 746 5347 vm,
782 5281 871 5339 16.
984 5284 1033 5318 ’⁸
1063 5281 1215 5339 Ibid.
1329 5285 1377 5320 ²⁹
1403 5283 1544 5339 Luc.
1576 5301 1653 5350 IV,
1685 5287 1774 5342 41.

1889 5286 1937 5322 ³ο
1967 5287 2136 5342 Joan.
2165 5300 2266 5353 xx,
2300 5288 2348 5341 l.

1960 4637 2111 4688 esse,
2160 4626 2216 4677 et
2265 4620 2525 4691 primum
2564 4618 2811 4692 quidem
2850 4618 3176 4691 discipulos
3226 4618 3344 4674 hoc
3390 4616 3646 4685 fecisse“

1963 4711 2179 4768 deinde
2209 4725 2347 4766 vero
2378 4709 2603 4766 turbas.
2638 4709 2869 4766 Etenim
2915 4708 3248 4780 discipulis,
3284 4714 3348 4765 ut
3374 4708 3480 4780 qui
3508 4707 3626 4764 fer-

1969 4804 2201 4858 ventius
2231 4817 2369 4856 eum
2401 4799 2688 4856 amabant
2726 4798 3222 4869 anticipaverunt,
3256 4798 3522 4854 dicentes
3549 4796 3649 4860 de.

1967 4890 2155 4947 turbis
2179 4908 2192 4946 :
2213 4890 2421 4947 Omnes
2441 4894 2719 4961 quaerunt
2742 4895 2814 4945 te.
2844 4888 2981 4945 Vide
2997 4892 3199 4944 autem
3216 4888 3522 4960 quomodo
3539 4902 3629 4944 se-

1966 4980 2158 5039 cessio
2190 4979 2743 5036 desiderabiliorem
2781 4994 2919 5034 eum
2950 4976 3303 5033 reddiderat.
3650 5023 3655 5028 .

2034 5073 2198 5127 Vers.
2241 5068 2328 5126 38.
2368 5069 2445 5125 Et
2484 5069 2570 5125 ait
2608 5098 2676 5109 —
2705 5082 2968 5138 egressus
3006 5082 3156 5122 sum.
3199 5064 3502 5138 Oppidum
3539 5063 3649 5120 vel

1964 5159 2170 5217 civitas
2209 5163 2319 5225 est,
2359 5173 2491 5231 quae
2530 5172 2736 5213 muros
2766 5156 2985 5222 habet;
3027 5170 3221 5227 pagus
3263 5158 3469 5211 autem
3507 5152 3658 5210 sive.

2462 5283 2507 5320 ³1
2542 5287 2678 5339 Luc.
2708 5297 2783 5347 ιν,
2816 5280 2909 5339 42.
3021 5280 3067 5317 ³³
3100 5277 3240 5335 Luc.
3272 5293 3352 5352 1v,
3387 5279 3477 5337 42·

1454 5462 1681 5535 Varia
1716 5462 2048 5534 lectiones
2097 5474 2163 5533 et
2200 5472 2401 5532 notae.

334 5658 443 5733 (20)
472 5655 784 5733 Ἐκὼλυσν.
819 5664 886 5714 Α.

334 5660 423 5733 (20
472 5660 716 5715 Ἐκὼλυσ
736 5677 784 5712 ν.

329 5660 443 5810 (21)
476 5733 686 5795 Καθὼς.
719 5731 789 5787 Β.

1909 5553 1950 5609 δ]
1990 5571 2008 5587 ι.

1986 5682 2013 5734 η]
2054 5662 2170 5734 (22)
2210 5665 2379 5734 Διότι.
2406 5663 2463 5716 Β.

1984 5731 2096 5808 (23)
2131 5731 2233 5789 Καί
2260 5732 2489 5817 omittit.
2508 5733 2573 5791 Β.
