4096 6388
524 340 633 422 ,δὲ

1837 344 2184 415 EUTHYMII
2235 332 2590 410 ZAGABENI

3801 356 3901 413 784

522 488 666 546 Vilia
702 488 809 545 aut
844 485 1036 552 victis,
1076 484 1214 559 Quae
1253 482 1437 542 muris
1475 480 1668 552 caret;
1709 482 2004 557 κωμοπολις
2040 492 2173 534 verc

2298 480 2326 537 ἦ
2378 478 2425 530 ἐν
2476 484 2618 553 μέρει
2686 482 2776 555 μιν
2819 481 3119 553 ἀτείχιστος
3161 501 3172 513 ·
3227 480 3275 534 ἐν
3343 485 3486 555 μέρει
3549 476 3608 533 δε
3682 498 3902 552 τετειχι-

524 577 687 648 quod
701 577 799 634 hic
813 577 1075 650 ponitur,
1095 576 1259 632 vicos
1282 574 1572 647 signiﬁcat
1591 575 1870 647 majores,
1892 574 1997 627 aut
2017 566 2185 641 oppi—

524 666 999 732 dularusticana,
1014 681 1151 738 quin
1172 670 1227 722 et
1240 666 1353 721 vici
1378 670 1435 721 et
1454 664 1680 738 oppida
1692 663 1875 719 videri
1891 662 2145 734 possunt
2168 674 2179 712 :

2298 573 2479 636 σμένη.
2558 572 2851 643 Ἐχομένας
2926 569 2985 624 δέ
3048 570 3203 642 λέγει,
3312 574 3404 632 τὰς
3478 569 3896 633 πλησιαζούσας.

2292 658 2637 730 Ἀπελθωμεν,
2695 666 2845 733 φησὶ,
2914 665 3004 713 καὶ
3058 660 3131 722 εἰς
3172 663 3385 721 ταύτας.
3456 661 3551 712 Διά
3588 667 3741 712 τοῦτο
3801 662 3899 734 γὰρ

524 757 744 830 partim
774 756 1021 829 quidem
1050 754 1239 811 muris
1282 754 1492 821 cincta,
1522 754 1736 826 partim
1771 757 1966 807 autem
1999 749 2173 804 muris

2298 745 2589 811 ἐξελήλυθα,
2639 745 2733 801 διὰ
2783 753 2841 802 τὸ
2899 750 3141 825 κηρύξαι,
3202 746 3434 818 δηλαδὴ,
3468 755 3557 801 καὶ
3608 748 3656 800 ἐν
3698 749 3895 809 αὐταῖς.

525 847 807 903 carentia.
839 844 1161 911 Abeamus,
1184 845 1393 916 inquit,
1415 843 1476 899 in
1503 843 1613 899 hos
1640 844 1819 899 etiam
1841 842 2028 904 vicos,
2060 839 2182 892 sive

525 935 605 993 ad
634 935 764 992 haec
791 934 1099 1008 oppidula,
1122 938 1186 990 ut
1212 934 1273 989 in
1299 934 1413 990 illis
1440 948 1683 1006 quoque
1708 931 2046 1004 prtedicem.
2076 928 2183 982 Lu-

524 1040 627 1082 cas
638 1040 779 1081 vero
800 1039 989 1094 genus
1004 1038 1239 1095 quoque
1261 1022 1689 1096 praedicationis
1709 1020 1926 1076 addidit
1945 1019 2142 1073 dicens
2163 1031 2175 1071 :

2290 833 2347 886 Ὀ
2398 832 2456 887 δὲ
2514 842 2713 899 Λουκᾶς
2754 844 2843 891 καὶ
2912 844 2968 891 τὸ
3024 836 3163 901 εἶδος
3209 847 3297 891 τοῦ
3346 838 3681 911 κηρύγματος
3728 857 3896 912 προσ-

2291 926 2488 990 έθηκεν,
2554 927 2707 979 εἰπών
2750 948 2762 960 ·
2824 931 2905 981 ὅτι
2969 928 3426 1000 Εύαγγελίσασθαί
3499 948 3563 1001 με
3652 925 3735 980 δεῖ
3802 932 3896 987 τὴν

2292 1012 2565 1085 βασιλείαν
2629 1025 2721 1069 τοῦ
2774 1024 2928 1088 Θεοῦ,
2980 1015 3187 1077 δηλαδὴ
3237 1020 3319 1070 ὃτι
3370 1019 3602 1089 ἤγγικεν,
3664 1018 3746 1069 ἶνα
3800 1016 3897 1091 βα-

2292 1103 2507 1176 σιλεύσῃ
2558 1114 2655 1158 τῶν
2705 1112 3073 1175 πιστευόντων,
3144 1110 3211 1169 ὡς
3260 1109 3375 1159 κατ’
3434 1106 3609 1179 ἀρχάς
3654 1114 3746 1159 τοῦ
3804 1126 3898 1165 κη-

2288 1194 2553 1266 ρύγματος
2634 1204 2725 1248 τού
2810 1204 3047 1271 Χριστοῦ
3138 1194 3186 1248 ἓν
3260 1205 3331 1267 τῷ
3410 1199 3546 1249 κατὰ
3631 1197 3895 1253 Ματθαίον

2290 1281 2590 1355 Εύαγγελίῳ
2654 1290 2981 1358 προείρηται.
3051 1285 3205 1339 Ἀλλὰ
3261 1288 3467 1361 Μάρκος
3532 1289 3622 1358 μέν
3676 1304 3836 1357 φησιν
3879 1305 3892 1317 ·

2290 1370 2371 1422 ὅτι
2436 1371 2747 1435 Ἐξελήλυθα
2811 1392 2825 1406 ⁶
2886 1380 3094 1436 Λουκᾶς
3171 1372 3249 1441 δὲ,
3328 1377 3409 1427 ὅτι
3501 1373 3888 1447 Ἀπέστα).μαι.

2289 1458 2443 1523 Εἰκὸς
2491 1458 2550 1514 δὲ
2601 1467 2690 1515 καὶ
2745 1462 2898 1537 ἄμφω
2948 1464 3175 1539 ῥηθῆναι
3224 1471 3312 1515 νῦν
3365 1467 3455 1537 μὶν
3504 1471 3675 1532 τοῦτο,
3717 1471 3805 1515 νῦν
3838 1460 3899 1517 δὶ

2289 1549 2466 1602 ἰκείνο.
2539 1556 2639 1605 Καὶ
2706 1550 2813 1605 ἐπεὶ
2885 1549 3104 1615 διπλοῦς
3161 1549 3224 1611 ἦν
3275 1554 3300 1605 ό
3355 1557 3607 1626 Χριστὸς,
3681 1556 3738 1605 τὸ
3806 1556 3898 1625 μεν

2291 1639 2664 1712 ’Λπέσταλμαι,
2717 1644 2786 1704 ὡς
2843 1640 3109 1716 ἅνθρωπος
3187 1644 3360 1717 εἴρηκε
3393 1661 3404 1674 ·
3461 1645 3520 1695 τὸ
3575 1638 3635 1694 δι
3688 1640 3901 1705 Ἐξελό-

525 1114 751 1187 Oportet
780 1129 872 1171 me
899 1112 1257 1170 annuntiare
1282 1128 1534 1183 regnum
1557 1111 1667 1167 Dei
1694 1111 1762 1175 ³³,
1791 1108 1958 1182 quod
1984 1105 2179 1162 videli-

521 1208 612 1260 cet
654 1202 1245 1276 appropinquaverit,
1280 1207 1345 1258 ut
1382 1217 1562 1273 super
1595 1199 1901 1257 credentes
1950 1202 2178 1266 regnet,

518 1290 1041 1366 quemadmodum
1063 1292 1221 1348 circa
1245 1291 1540 1364 principia
1564 1286 2006 1362 praedicationis
2023 1283 2182 1341 Chri-

517 1382 592 1437 sti
639 1382 700 1438 in
732 1380 1051 1452 Evangelio
1076 1380 1247 1452 juxta
1292 1380 1631 1437 Matthaaum
1662 1379 1885 1434 dictum
1917 1382 2022 1432 est.
2065 1372 2181 1430 Sed

517 1470 747 1529 Marcus
774 1470 1023 1544 quidem
1048 1469 1231 1527 habet
1257 1488 1270 1526 :
1300 1470 1590 1540 Egressus
1613 1483 1739 1523 sum
1765 1488 1776 1532 ;
1808 1467 1989 1521 Lucas
2013 1479 2176 1532 vero,

516 1548 731 1617 Missus
758 1577 881 1617 sum
911 1560 982 1617 “.
1013 1560 1127 1617 Sed
1153 1558 1466 1616 verisimile
1488 1564 1575 1614 est
1603 1564 1923 1629 utrumque
1951 1554 2178 1610 dictum

516 1644 725 1721 fuisse,
768 1664 931 1707 nunc
973 1648 1103 1716 hoc,
1136 1665 1297 1705 nunc
1329 1655 1526 1705 autem
1556 1647 1720 1703 illud.
1756 1648 1821 1701 Et
1868 1645 2010 1718 quia
2055 1644 2177 1700 duo

515 1734 799 1814 quaedam
839 1743 1005 1795 erant
1043 1740 1104 1795 in
1144 1739 1394 1807 Christo,
1446 1736 1612 1810 quod
1650 1735 1865 1792 dicitur
1907 1751 1919 1791 :
1961 1734 2173 1792 Missus

2298 1730 2437 1795 λυθα,
2463 1732 2532 1791 ὡς
2563 1734 2716 1792 Θεὸς.

511 1844 662 1895 sum,
716 1827 1061 1898 intelligitur
1116 1833 1408 1900 tanquam
1446 1827 1669 1893 homo;
1728 1825 1897 1898 quod
1949 1828 2172 1890 autem,
2207 1814 2254 1884 Β

511 1914 799 1990 Egressus
825 1933 977 1985 sum,
1010 1916 1185 1990 quasi
1214 1917 1379 1972 Deus.

581 2008 745 2064 Vers.
778 2009 867 2065 39.
899 2007 976 2064 Et
1000 2006 1376 2077 praedicabat
1403 2034 1473 2048 —-
1501 2003 1791 2076 ejiciebat.
1823 2007 1870 2059 Α
1899 2002 2172 2109 doctrina

2358 2038 2461 2087 Καὶ
2518 2031 2577 2092 ἧν
2658 2036 2941 2109 κηρύσσων
2999 2067 3067 2076 -
3123 2034 3397 2089 ἕκϐάλλων.
3445 2035 3576 2090 Ἀπὸ
3643 2045 3739 2099 τῆς
3809 2032 3902 2091 δι-

510 2096 805 2154 transibat
849 2094 930 2153 ad
976 2094 1287 2161 miracula,
1342 2098 1408 2151 ut
1456 2108 1612 2166 quos
1669 2108 1788 2149 non
1839 2092 2173 2149 attrahebat

2298 2118 2576 2183 ΐασκαλίας
2639 2092 2929 2196 μετ-’ἔϐαινεν
3000 2123 3082 2177 ἐπὶ
3147 2128 3212 2178 τὰ
3283 2128 3526 2199 θαύματα

511 2200 732 2258 sermo,
759 2184 1083 2243 attraheret
1110 2183 1541 2241 miraculorum
1567 2182 1853 2255 potentia,
1879 2186 1936 2238 et
1962 2185 2027 2238 ut
2058 2196 2173 2236 ser-

2639 2170 2922 2196 Γ--η---η-
3000 2170 3082 2177 --ν-
3155 2170 3212 2178 --
3286 2170 3545 2199 -—~,---—,
3657 2170 3739 2179 -νν-
3804 2170 3899 2190 νντ

2298 2209 2572 2265 ἱπισπᾶται
2622 2213 2733 2285 (24)
2796 2215 2821 2265 ό
2884 2213 3059 2285 λόγος,
3121 2213 3309 2288 ἑλκύσῃ
3367 2224 3466 2268 τῶν
3532 2217 3809 2289 θαυμάτων
3868 2219 3899 2277 ἡ

509 2283 757 2334 monem
786 2274 1188 2335 conﬁrmaret.

2298 2297 2525 2375 ῗύναμις,
2576 2306 2665 2355 καὶ
2722 2303 2805 2355 ἶνα
2856 2301 3135 2378 βαϐαιώσῃ
3212 2308 3297 2358 τὸν
3366 2304 3516 2377 λόγον
3586 2312 3693 2368 τοῖς
3770 2307 3907 2360 θαεύ-

3657 2126 3739 2179 ἳνα
3803 2128 3905 2190 οὖς

2282 2410 2437 2464 μασι.

2357 2486 2454 2534 Καὶ
2508 2481 2618 2555 ἅμα
2677 2484 2835 2543 τύπος
2887 2483 3013 2555 ἡμῖν
3061 2481 3272 2555 ἐγίνετο,
3326 2492 3418 2538 τού
3470 2489 3543 2560 μὴ
3612 2489 3763 2560 μόνον
3812 2485 3905 2541 λέ-

2279 2590 2386 2643 γειν
2414 2576 2532 2646 περὶ
2565 2570 2769 2646 ἀρετῆς,
2805 2569 2930 2624 ἀλλὰ
2960 2576 3048 2625 καὶ
3074 2575 3340 2649 πράττειν.

552 2471 773 2545 ⁹Ξίῑῑιιιι
818 2470 1002 2530 etiam
1030 2470 1227 2543 ﬁgura
1256 2468 1431 2528 nobis
1463 2468 1590 2537 fuit,
1624 2473 1689 2526 ut
1717 2485 1839 2526 non
1863 2468 2055 2526 solum
2098 2468 2173 2525 de

506 2561 724 2621 Virtute
750 2561 1099 2637 loquamur,
1132 2576 1339 2618 verum
1371 2560 1549 2617 etiam
1580 2575 1920 2633 operemur.

998 2705 1147 2762 CAP.
1172 2704 1269 2761 IV.
1299 2706 1387 2761 De
1417 2704 1667 2774 leproso.

576 2811 745 2871 Vers.
792 2810 881 2869 40.
912 2812 993 2869 Et
1020 2813 1173 2870 venit
1204 2841 1272 2853 —
1315 2811 1624 2913 mu‘ndare.
1658 2812 1738 2867 De
1766 2810 1882 2867 hoc
1930 2812 2168 2913 leproso

2352 2836 2448 2885 Καὶ
2533 2833 2743 2905 ἔρχεται
2802 2864 2871 2873 -
2937 2835 3249 2907 καθαρίσαι.
3329 2839 3548 2908 Εἴρηται
3632 2842 3750 2913 περὶ
3803 2848 3899 2893 τοῦ

504 2900 735 2959 dictum
764 2906 855 2959 est
878 2906 1045 2958 sexto
1068 2901 1244 2973 juxta
1274 2900 1615 2959 Mattheum
1642 2901 1850 2972 capite.
1887 2900 2169 2958 Videntur

2298 2920 2554 2994 εεφαλαίου
2604 2925 2791 2974 τούτου
2848 2920 2896 2974 ἕν
2953 2931 3026 2974 τῶ
3090 2925 3221 2996 ἕκτῳ
3284 2925 3541 2999 κεφαλαίῳ
3599 2935 3692 2980 τοῦ
3758 2932 3898 2983 κατὰ

504 2996 707 3050 autem
736 2988 1125 3064 Evangelistae
1151 2990 1585 3064 aliquantulum
1616 2991 1773 3048 circa
1803 2997 2041 3064 tempus
2075 3006 2171 3047 sa-

502 3080 764 3139 nationis
784 3080 887 3153 huj
896 3096 966 3137 us
980 3080 1320 3153 discrepare
1336 3097 1350 3148 ;
1375 3080 1680 3138 Matthreus
1697 3081 1994 3153 siquidem
2008 3086 2171 3138 ante-

2710 2722 2857 2771 ΚΕΦ.
2892 2715 2957 2771 Δ’.
3002 2721 3128 2789 Περὶ
3158 2726 3253 2771 τοῦ
3281 2717 3491 2793 λεπροῦ.

2280 3010 2575 3066 Ματθαίον.
2641 3016 2911 3065 Φαίνονται
2988 3008 3047 3065 δε
3102 3011 3324 3067 ἐνταῦθα
3397 3020 3515 3089 περὶ
3566 3020 3649 3069 τὸν
3705 3023 3897 3095 καιρὸν

837 3099 966 3183 ξηιιε
980 3099 1680 3183 αιδθτθρεπθξκδῖυξφυδ
1697 3099 1994 3183 διαυιξιθ-αι
2008 3099 2171 3138 θυῖε·
2213 3160 2249 3183 η
2278 3107 2375 3162 τῆς
2422 3099 2609 3163 ἰάσεως
2679 3102 2727 3152 οἱ
2805 3101 3172 3173 εὐαγγελισταὶ
3242 3109 3427 3181 μικρὸν
3481 3125 3532 3158 τι
3596 3106 3901 3181 παραλλάτ-

500 3170 1106 3271 quamﬁtrisocrum
1128 3170 1568 3271 οιιιιξιιςθῑφοιιίῐ
1834 3169 2168 3271 ἐθίέρτοξο
2210 3165 2472 3253 Οτοντις.
2539 3192 2798 3251 Ματθαῖος
2851 3165 2950 3264 μέν,
3010 3194 3134 3267 γὰρ,
3199 3165 3299 3266 πρὸ
3339 3165 3443 3247 Ιτοῦ
3505 3165 3899 3271 θεραπευθῆναι

500 3264 640 3318 sunt
666 3260 736 3316 ³⁵.
768 3262 998 3319 Marcus
1027 3274 1168 3317 vero
1194 3264 1253 3317 et
1283 3260 1471 3316 Lucas
1498 3264 1708 3333 postea
1738 3262 1805 3315 ³⁸.
1834 3258 2165 3317 Verisimile

2298 3283 2371 3339 ’ὴν
2426 3281 2670 3355 πενθερὰν
2748 3283 2964 3354 Πέτρου,
3028 3284 3374 3354 παρατίθεται
3457 3286 3521 3336 τὰ
3582 3288 3718 3338 κατὰ
3805 3291 3898 3341 τὸν

498 3354 588 3407 est
610 3354 816 3409 autem
826 3349 940 3407 hos
954 3348 1313 3407 miraculum
1336 3353 1568 3405 tantum
1582 3354 1985 3422 perscrutatos
2012 3365 2163 3416 esse,

2298 3374 2457 3445 .mpév
2504 3389 2516 3402 ι
2554 3371 2762 3443 Μάρκος
2798 3369 2857 3423 6's
2904 3375 2995 3423 καὶ
3042 3378 3271 3435 Λουκᾶς,
3330 3372 3443 3445 μετ’
3494 3374 3675 3433 αὐτὴν.
3732 3377 3901 3442 Εἰκὸς

496 3443 557 3497 et
577 3438 655 3497 de
684 3444 956 3512 tempore
976 3453 1099 3496 non
1121 3452 1490 3511 magnopere
1511 3453 1776 3507 curasse,
1798 3454 1861 3495 re
1892 3438 2166 3497 videlicet

2298 3454 2336 3511 it
2369 3438 2378 3445 I
2409 3438 2647 3531 αὐτούς,
2702 3462 2761 3512 τὸ
2835 3461 3012 3533 θαῦμα
3060 3466 3215 3535 μόνον
3282 3438 3893 3538 ἀκριϐολογησαμὲνους,

496 3543 624 3587 non
645 3528 991 3586 necessaria
1016 3550 1030 3584 :
1056 3526 1226 3601 quod
1252 3531 1311 3585 et
1334 3527 1484 3585 alias
1508 3527 1849 3602 frequenter
1874 3526 2159 3585 fecerunt.

2298 3552 2344 3607 ιὴ
2385 3546 2895 3623 πολυπραγμονῆσαι
2942 3552 3029 3601 τὸν
3076 3554 3277 3627 καιρὸν,
3330 3555 3401 3614 ὡς
3452 3552 3546 3605 οὐκ
3579 3552 3895 3627 ἀναγκαῖον,

2271 3637 2298 3689 ὅ
2322 3641 2412 3689 καὶ
2437 3636 2707 3709 πολλαχοῦ
2734 3641 3104 3696 πεποιήκασιν.

2338 3725 2397 3778 ’0
2450 3723 2511 3779 δε
2570 3728 2776 3788 Ἰησοῦς
2826 3757 2896 3769 -
2931 3726 3277 3803 ἐκαθαρίσθη.
3341 3732 3561 3803 Εἴρηται
3611 3736 3702 3785 καὶ
3765 3740 3896 3810 περὶ

2266 3818 2464 3869 τούτὼν
2492 3818 2685 3889 ὁμοίως
2714 3820 2762 3869 iv
2802 3825 2875 3888 τῷ
2912 3818 3123 3892 ῥηθέντι
3154 3818 3441 3891 κεφαλαίῳ.

2340 3910 2439 3959 Καὶ
2531 3905 2983 3982 ἐμϐριμησάμενος
3073 3939 3141 3949 -
3210 3908 3407 3969 αὐτοῖς.
3474 3909 3896 3985 Ἐνεϐριμήσατο

2264 4000 2353 4048 καὶ
2405 4002 2513 4059 τοῖς
2568 3993 2697 4049 δυσὶ
2754 3996 2982 4069 τυφλοῖς,
3044 4002 3133 4049 καὶ
3200 3997 3433 4058 ζήτησον
3481 4003 3577 4057 τὴν
3632 4000 3895 4074 ἐξήγησιν

2263 4093 2357 4138 τοῦ
2409 4082 2857 4139 ἑπτακαιδεκάτου
2902 4084 3180 4158 κεφαλαίου
3231 4094 3322 4140 τοῦ
3392 4092 3524 4140 κατά
3583 4091 3891 4163 Ματθοιῖον,

2264 4173 2313 4226 ἐν
2458 4179 2661 4249 εἴρηται
2734 4180 2852 4249 περὶ
2908 4184 2999 4237 τῆς
3063 4175 3439 4251 ἐμϐριμὴσεως.
3517 4178 3754 4243 Ἐξέϐκλε
3827 4182 3894 4239 δᾶ

2263 4264 2418 4317 αὐτόν
2441 4265 2727 4318 ἁπενὼπιον
2759 4265 2940 4331 αὑτοῦ,
2966 4269 3254 4331 τουτέστιν,
3285 4265 3528 4321 ἀπέλυσε.

2334 4355 2455 4425 Ηερὶ
2510 4348 2569 4404 δέ
2615 4359 2714 4403 τῶν
2786 4350 2905 4414 ἑξῆς
2964 4352 3288 4427 ἡρμήνευται
3341 4354 3392 4404 ἓν
3452 4361 3523 4425 τῷ
3584 4349 3893 4413 δηλωθέντι

2261 4441 2390 4512 ἕκτῳ
2420 4440 2700 4513 κεφαλαίῳ.

2329 4529 2388 4582 Ὀ
2452 4526 2510 4583 δὲ
2576 4561 2643 4570 -
2698 4530 3050 4603 πανταχόθεν.
3113 4527 3401 4604 Εύγνώμων
3451 4529 3519 4583 ὢν
3576 4533 3602 4584 ό
3659 4531 3888 4607 λεπρὸς,

566 3724 732 3781 Vers.
759 3722 851 3780 H.
876 3724 1041 3781 Iesus
1066 3729 1261 3781 autem
1292 3753 1361 3764 --
1390 3724 1549 3780 Vers.
1582 3727 1669 3780 42.
1702 3724 2027 3782 mundatus
2055 3730 2157 3785 est.

494 3810 778 3871 Similiter
806 3817 862 3870 et
885 3812 961 3870 de
990 3813 1107 3871 hoc
1130 3811 1355 3869 ibidem
1390 3811 1615 3869 dictum
1645 3817 1752 3870 est.

567 3903 731 3961 Vers.
757 3902 850 3961 43.
876 3903 953 3959 Et
979 3904 1365 3960 comminatus
1394 3933 1463 3943 —
1489 3902 1651 3959 Vers.
1683 3904 1773 3959 44.
1805 3903 1951 3975 illis,
1987 3903 2157 3962 Com-

491 3992 750 4052 minatus
786 3998 878 4051 est
908 3996 964 4050 et
991 3992 1234 4050 duobus
1266 3993 1459 4050 cacis.
1492 3994 1699 4059 Quaere
1730 3998 1929 4050 autem
1980 4010 2155 4052 enar-

490 4083 787 4141 rationem
830 4082 1050 4140 decimi
1084 4082 1317 4155 septimi
1348 4082 1555 4155 capitis
1584 4083 1747 4155 juxta
1790 4084 2150 4154 Matthaeum,

486 4172 550 4230 in
592 4188 713 4247 quo
758 4172 835 4230 de
859 4171 1329 4230 comminatione
1354 4172 1583 4229 dictum
1612 4177 1721 4228 est.
1771 4171 1977 4231 Emisit
2010 4190 2153 4232 vero

483 4276 626 4320 eum
651 4278 689 4319 a
714 4268 1037 4335 conspectu
1066 4277 1197 4327 suo,
1237 4261 1353 4317 hoc
1380 4266 1471 4318 est
1495 4262 1865 4319 amandavit.

552 4352 634 4409 De
670 4352 765 4409 bis
789 4357 991 4410 autem
1020 4366 1158 4425 qum
1199 4357 1534 4424 sequuntur
1563 4351 1704 4408 data
1730 4356 1822 4408 est
1862 4352 2151 4427 interpre-

481 4438 625 4499 tatio
652 4441 937 4513 pradicto
963 4446 1133 4497 sexto
1161 4441 1379 4512 capite.

552 4530 716 4587 Vers.
765 4533 856 4587 45.
902 4530 1011 4587 ιιιε
1055 4537 1251 4588 autem
1305 4560 1378 4572 —
1418 4530 1699 4602 undique.
1744 4530 1891 4589 Cum
1944 4538 2148 4604 gratus
2180 4515 2229 4574 Ῑ)

479 4634 609 4677 esse
636 4618 817 4677 vellet
835 4619 1127 4692 leprosus,
1158 4634 1275 4676 non
1297 4618 1424 4676 tulit
1445 4624 1508 4675 ut
1526 4619 1884 4677 beneﬁcium
1910 4621 2147 4685 silentio

2298 4619 2353 4672 ix
2408 4621 2662 4693 ἠνέσχετο
2720 4627 2844 4692 σιγῇ
2921 4618 3155 4691 καλύψαι
3202 4626 3297 4679 τὴν
3363 4619 3681 4694 εὐεργεσίαι,
3762 4623 3887 4679 ἀλλ’

478 4713 794 4781 tegeretur,
833 4709 942 4766 sed
976 4708 1339 4782 praedicabat
1392 4708 1585 4766 multa
1612 4709 1686 4766 de
1729 4709 1941 4767 Christi
1981 4717 2143 4783 pote-

2298 4714 2506 4782 ιήρυττε
2562 4708 2729 4762 πολλὰ
2790 4714 2907 4784 περὶ
2972 4716 3067 4770 τῆς
3131 4706 3396 4782 δυνάμεως
3453 4718 3542 4763 τοῦ
3606 4718 3881 4785 Χριστοῦ,

478 4803 651 4866 state,
670 4802 730 4856 et
746 4798 1180 4855 disseminabat
1194 4798 1467 4861 verbum,
1484 4797 1649 4870 quod
1662 4798 1741 4854 ad
1760 4815 1897 4854 eum
1912 4800 2143 4858 dixerat

2298 4804 2343 4851 αἱ
2392 4796 2671 4872 διεφήμιζε
2710 4802 2796 4852 τὸν
2856 4799 3025 4871 λόγον,
3095 4799 3148 4851 ὄν
3216 4801 3415 4873 εἴρηκεν
3476 4799 3617 4871 αὐτῷ
3658 4803 3683 4853 ό
3733 4808 3877 4875 Χρι-

475 4888 762 4956 Christus,
794 4895 933 4960 puta
961 4909 974 4943 :
1020 4888 1175 4954 Volo,
1230 4888 1545 4953 mundare,
1576 4894 1870 4960 tanquam
1903 4905 2009 4960 per
2039 4906 2142 4946 au-

2298 4893 2394 4959 τὸς,
2446 4886 2680 4956 δηλαδὴ,
2721 4893 2779 4941 τὸ
2825 4889 2980 4955 Θελω,
3039 4890 3418 4961 καθαρίσθητι,
3458 4892 3524 4950 ὡς
3578 4890 3691 4963 μετ’
3723 4889 3885 4953 ἐξου-

472 4979 807 5035 ctoritatem
850 4978 1097 5044 factum,
1132 4978 1458 5050 statimque
1484 4978 1544 5033 in
1576 4994 1728 5049 opus
1774 4978 2127 5036 deductum.

2298 4984 2371 5043 ῐας
2423 4984 2712 5053 γενόμενον,
2770 4982 2860 5031 καὶ
2924 4980 3041 5051 (25)
3116 4979 3264 5038 εὐθὺς
3318 4979 3389 5040 εἰς
3449 4982 3596 5053 ἔργον
3652 4978 3882 5042 ἐκϐεϐη-

471 5067 802 5126 Veniebant
816 5074 1017 5125 autem
1039 5067 1307 5139 undique
1329 5068 1405 5121 ad
1419 5067 1738 5133 Christum,
1760 5073 1960 5139 utpote
1973 5067 2137 5126 fama

2298 5074 2393 5122 ira.
2450 5068 2716 5143 Ἦρχοντο
2776 5066 2835 5120 δὲ
2890 5072 3019 5142 πρὸς
3068 5072 3154 5121 τὸν
3218 5072 3447 5143 Χριστόν
3497 5073 3882 5141 πανταχόθεν,

468 5158 549 5215 ad
599 5174 811 5215 omnes
856 5161 1257 5230 percurrente.
1310 5156 1454 5211 Dicit
1501 5157 1661 5211 enim
1714 5159 1917 5227 Lucas,
1967 5159 2133 5230 quod

2298 5180 2327 5213 α
2374 5168 2463 5220 τῆς
2517 5164 2693 5231 φήμης
2732 5157 2815 5211 ἐπὶ
2867 5160 3063 5219 πάντας
3125 5155 3473 5219 διαθεὸδύσης.
3522 5164 3659 5217 Φησὶ
3698 5162 3812 5235 γὰρ
3851 5165 3881 5216 ὁ

464 5250 912 5322 pervagabatur
937 5247 1129 5319 magis
1154 5246 1227 5302 de
1249 5246 1348 5303 illo
1370 5262 1575 5302 rumor
1596 5248 1663 5311 ³⁷,
1689 5247 1802 5302 hoc
1825 5255 1910 5303 est
1929 5248 2122 5309 fama:

2298 5256 2445 5309 ουκᾶς
2498 5251 2577 5301 ότι
2636 5244 2891 5319 διήρχετο
2961 5247 3152 5319 μᾶλλον
3202 5249 3227 5299 ό
3282 5246 3437 5319 λόγος
3502 5253 3622 5323 περὶ
3672 5247 3881 5317 αὑτοῦ,

462 5343 521 5394 et
562 5338 825 5394 laborem
875 5337 1151 5393 vincebat
1199 5336 1495 5407 cupiditas
1523 5336 1763 5392 videndi
1816 5354 1975 5405 eum,
2020 5340 2125 5413 qui

2300 5342 2530 5405 υτέστιν,
2586 5340 2614 5395 ἡ
2672 5342 2840 5410 φήμη,
2906 5342 2997 5388 καὶ
3046 5335 3188 5388 ἐνίκα
3250 5340 3339 5389 τὸν
3388 5341 3546 5390 κόπον
3597 5338 3626 5396 ἠ
3680 5336 3884 5391 ἐπιθυ-

462 5426 616 5484 adeo
646 5428 989 5497 divulgatus
1018 5430 1193 5483 esset.

2298 5450 2331 5482 α
2356 5436 2443 5482 τοῦ
2478 5425 2605 5480 ἰδεῖν
2631 5430 2719 5479 τὸν
2751 5429 3127 5499 φημιζόμενον,

532 5537 580 5572 ³⁸
611 5535 753 5592 ibid.
785 5538 876 5592 48.
988 5537 1037 5572 ⁸⁸
1066 5534 1213 5593 ibid.
1329 5536 1375 5570 ³⁵
1401 5534 1603 5592 Matth.
1639 5552 1755 5593 Vlll.
1788 5538 1841 5604 4,
1877 5539 1965 5595 14.
2089 5540 2139 5577 ⁸⁸

2304 5582 2316 5594 .
2350 5554 2429 5609 1v,
2456 5537 2565 5603 38;
2599 5552 2655 5603 v,
2686 5539 2774 5593 12.
2888 5535 2935 5570 ⁸⁷
2964 5537 3099 5591 Luc.
3129 5550 3185 5603 v,
3220 5537 3309 5594 15.

1681 5636 1907 5707 Variae
1942 5639 2278 5710 lectiones
2312 5648 2380 5705 et
2409 5646 2610 5704 notae.

525 5752 640 5829 (24)
664 5754 854 5823 Forte,
886 5755 1146 5807 ἐπεσπᾶτο
1172 5766 1277 5809 seu
1312 5749 1679 5810 ἆπεσπάσατο.

2312 5753 2426 5829 (25)
2455 5751 2562 5821 Ὦς,
2594 5751 2729 5810 loco
2757 5754 2848 5806 καί
2871 5749 3056 5809 habet
3080 5750 3146 5807 Β.
