  <div class='ocr_page' id='page_1' title='image "/cluster/home/n/w/nwhite01/storage/ocr_20150623/129/coo.31924054870344/402.png"; bbox 0 0 4096 6378; ppageno 0'>
   <div class='ocr_carea' id='block_1_1' title="bbox 195 327 3554 434">
    <p class='ocr_par' dir='ltr' id='par_1_1' title="bbox 195 327 3554 434">
     <span class='ocr_line' id='line_1_1' title="bbox 195 327 3554 434; baseline -0.012 -9"><span class='ocrx_word' id='word_1_1' title='bbox 195 367 285 434; x_wconf 75' lang='grc' dir='ltr'><strong>ἵ85</strong></span> <span class='ocrx_word' id='word_1_2' title='bbox 1266 344 1635 410; x_wconf 86' lang='lat' dir='ltr'><strong>COMMENT.</strong></span> <span class='ocrx_word' id='word_1_3' title='bbox 1675 339 1754 399; x_wconf 90' lang='lat' dir='ltr'><strong>IN</strong></span> <span class='ocrx_word' id='word_1_4' title='bbox 1790 338 2132 398; x_wconf 80' lang='lat' dir='ltr'><strong>MARCUM.</strong></span> <span class='ocrx_word' id='word_1_5' title='bbox 2172 369 2240 382; x_wconf 90' lang='lat'><strong>—</strong></span> <span class='ocrx_word' id='word_1_6' title='bbox 2280 337 2440 396; x_wconf 85' lang='lat' dir='ltr'><strong>CAP.</strong></span> <span class='ocrx_word' id='word_1_7' title='bbox 2473 338 2545 394; x_wconf 92' lang='lat' dir='ltr'><strong>II.</strong></span> <span class='ocrx_word' id='word_1_8' title='bbox 3443 327 3554 388; x_wconf 83' lang='lat'><strong>786</strong></span> 
     </span>
    </p>
   </div>
   <div class='ocr_carea' id='block_1_2' title="bbox 255 452 1784 559">
    <p class='ocr_par' dir='ltr' id='par_1_2' title="bbox 255 468 1782 559">
     <span class='ocr_line' id='line_1_2' title="bbox 255 468 1782 559; baseline -0.014 -16"><span class='ocrx_word' id='word_1_9' title='bbox 255 493 351 547; x_wconf 83' lang='grc' dir='ltr'><strong>Καὶ</strong></span> <span class='ocrx_word' id='word_1_10' title='bbox 392 519 460 530; x_wconf 92' lang='grc'><strong><em>-</em></strong></span> <span class='ocrx_word' id='word_1_11' title='bbox 507 484 582 540; x_wconf 75' lang='grc' dir='ltr'>δι’</span> <span class='ocrx_word' id='word_1_12' title='bbox 643 487 866 559; x_wconf 78' lang='grc' dir='ltr'>ἡμερῶν.</span> <span class='ocrx_word' id='word_1_13' title='bbox 923 482 996 537; x_wconf 90' lang='grc' dir='ltr'><strong>Δι’</strong></span> <span class='ocrx_word' id='word_1_14' title='bbox 1049 500 1274 557; x_wconf 84' lang='grc' dir='ltr'>ημερων,</span> <span class='ocrx_word' id='word_1_15' title='bbox 1329 481 1444 532; x_wconf 85' lang='grc' dir='ltr'>αντὶ</span> <span class='ocrx_word' id='word_1_16' title='bbox 1483 480 1594 540; x_wconf 83' lang='grc' dir='ltr'>τοῦ,</span> <span class='ocrx_word' id='word_1_17' title='bbox 1645 468 1782 524; x_wconf 87' lang='grc' dir='ltr'>Διελ-</span> 
     </span>
    </p>
   </div>
   <div class='ocr_carea' id='block_1_3' title="bbox 1902 452 3553 559">
    <p class='ocr_par' dir='ltr' id='par_1_3' title="bbox 1909 452 3553 559">
     <span class='ocr_line' id='line_1_3' title="bbox 1909 452 3553 559; baseline -0.002 -41"><span class='ocrx_word' id='word_1_18' title='bbox 1909 466 2118 559; x_wconf 37' lang='grc' dir='ltr'><strong>ᾘΟΑΡ.</strong></span> <span class='ocrx_word' id='word_1_19' title='bbox 2150 465 2219 522; x_wconf 94' lang='grc' dir='ltr'><strong>ΙΙ.</strong></span> <span class='ocrx_word' id='word_1_20' title='bbox 2253 465 2420 522; x_wconf 88' lang='lat' dir='ltr'><strong>Vers.</strong></span> <span class='ocrx_word' id='word_1_21' title='bbox 2467 468 2521 520; x_wconf 88' lang='grc'><strong>1.</strong></span> <span class='ocrx_word' id='word_1_22' title='bbox 2561 462 2636 519; x_wconf 89' lang='lat' dir='ltr'><strong>Et</strong></span> <span class='ocrx_word' id='word_1_23' title='bbox 2675 492 2743 502; x_wconf 93' lang='lat'><strong>-—</strong></span> <span class='ocrx_word' id='word_1_24' title='bbox 2772 464 2904 533; x_wconf 79' lang='lat' dir='ltr'><strong>post</strong></span> <span class='ocrx_word' id='word_1_25' title='bbox 2955 458 3078 516; x_wconf 83' lang='lat' dir='ltr'><strong>dies</strong></span> <span class='ocrx_word' id='word_1_26' title='bbox 3123 453 3376 531; x_wconf 82' lang='lat' dir='ltr'><strong>aliquot.</strong></span> <span class='ocrx_word' id='word_1_27' title='bbox 3411 452 3553 530; x_wconf 86' lang='lat' dir='ltr'><strong>Post</strong></span> 
     </span>
    </p>
   </div>
   <div class='ocr_carea' id='block_1_4' title="bbox 196 546 1784 650">
    <p class='ocr_par' dir='ltr' id='par_1_4' title="bbox 196 580 815 650">
     <span class='ocr_line' id='line_1_4' title="bbox 196 580 815 650; baseline -0.015 -16"><span class='ocrx_word' id='word_1_28' title='bbox 196 584 376 635; x_wconf 81' lang='grc' dir='ltr'>θουσῶν</span> <span class='ocrx_word' id='word_1_29' title='bbox 406 580 610 650; x_wconf 78' lang='grc' dir='ltr'>ἡμερῶν</span> <span class='ocrx_word' id='word_1_30' title='bbox 646 583 815 627; x_wconf 87' lang='grc' dir='ltr'>τινῶν.</span> 
     </span>
    </p>
   </div>
   <div class='ocr_carea' id='block_1_5' title="bbox 1902 546 3203 650">
    <p class='ocr_par' dir='ltr' id='par_1_5' title="bbox 1902 546 3203 628">
     <span class='ocr_line' id='line_1_5' title="bbox 1902 546 3203 628; baseline -0.006 -18"><span class='ocrx_word' id='word_1_31' title='bbox 1902 555 2038 622; x_wconf 78' lang='lat' dir='ltr'><strong>iies,</strong></span> <span class='ocrx_word' id='word_1_32' title='bbox 2089 555 2204 612; x_wconf 92' lang='lat' dir='ltr'><strong>hoc</strong></span> <span class='ocrx_word' id='word_1_33' title='bbox 2237 560 2342 621; x_wconf 87' lang='lat' dir='ltr'><strong>est,</strong></span> <span class='ocrx_word' id='word_1_34' title='bbox 2377 552 2686 628; x_wconf 63' lang='lat' dir='ltr'><strong>praeteritis</strong></span> <span class='ocrx_word' id='word_1_35' title='bbox 2703 550 2934 622; x_wconf 85' lang='lat' dir='ltr'><strong>aliquot</strong></span> <span class='ocrx_word' id='word_1_36' title='bbox 2964 546 3203 605; x_wconf 88' lang='lat' dir='ltr'><strong>diebus.</strong></span> 
     </span>
    </p>
   </div>
   <div class='ocr_carea' id='block_1_6' title="bbox 257 635 1784 729">
    <p class='ocr_par' dir='ltr' id='par_1_6' title="bbox 257 659 1360 729">
     <span class='ocr_line' id='line_1_6' title="bbox 257 659 1360 729; baseline -0.011 -7"><span class='ocrx_word' id='word_1_37' title='bbox 257 674 349 724; x_wconf 75' lang='grc' dir='ltr'><strong>Καὶ</strong></span> <span class='ocrx_word' id='word_1_38' title='bbox 378 668 614 729; x_wconf 77' lang='grc' dir='ltr'><strong>ἠκούσθη</strong></span> <span class='ocrx_word' id='word_1_39' title='bbox 651 696 714 706; x_wconf 96' lang='grc'><strong><em>-</em></strong></span> <span class='ocrx_word' id='word_1_40' title='bbox 741 663 901 716; x_wconf 73' lang='grc' dir='ltr'>ἐστιν.</span> <span class='ocrx_word' id='word_1_41' title='bbox 939 661 1027 724; x_wconf 81' lang='grc' dir='ltr'>Εἰς</span> <span class='ocrx_word' id='word_1_42' title='bbox 1052 659 1192 714; x_wconf 83' lang='grc' dir='ltr'>οἶκόν</span> <span class='ocrx_word' id='word_1_43' title='bbox 1224 677 1360 712; x_wconf 90' lang='grc' dir='ltr'>τινα.</span> 
     </span>
    </p>
   </div>
   <div class='ocr_carea' id='block_1_7' title="bbox 1902 635 3553 729">
    <p class='ocr_par' dir='ltr' id='par_1_7' title="bbox 1961 635 3553 706">
     <span class='ocr_line' id='line_1_7' title="bbox 1961 635 3553 706; baseline -0.007 -6"><span class='ocrx_word' id='word_1_44' title='bbox 1961 646 2123 700; x_wconf 86' lang='lat' dir='ltr'><strong>Vers.</strong></span> <span class='ocrx_word' id='word_1_45' title='bbox 2153 653 2200 700; x_wconf 86' lang='grc'><strong>1.</strong></span> <span class='ocrx_word' id='word_1_46' title='bbox 2243 645 2321 700; x_wconf 89' lang='lat' dir='ltr'><strong>Et</strong></span> <span class='ocrx_word' id='word_1_47' title='bbox 2378 644 2650 702; x_wconf 76' lang='lat' dir='ltr'><strong>aud-itum</strong></span> <span class='ocrx_word' id='word_1_48' title='bbox 2683 646 2855 698; x_wconf 83' lang='lat' dir='ltr'><strong>est:</strong></span> <span class='ocrx_word' id='word_1_49' title='bbox 2885 643 3051 696; x_wconf 83' lang='lat' dir='ltr'><strong>esset.</strong></span> <span class='ocrx_word' id='word_1_50' title='bbox 3077 637 3146 693; x_wconf 85' lang='lat' dir='ltr'><strong>In</strong></span> <span class='ocrx_word' id='word_1_51' title='bbox 3205 635 3375 692; x_wconf 87' lang='lat' dir='ltr'><strong>domo</strong></span> <span class='ocrx_word' id='word_1_52' title='bbox 3401 648 3553 706; x_wconf 85' lang='lat' dir='ltr'><strong>qua-</strong></span> 
     </span>
    </p>
   </div>
   <div class='ocr_carea' id='block_1_8' title="bbox 1886 735 2041 791">
    <p class='ocr_par' dir='ltr' id='par_1_8' title="bbox 1886 735 2041 791">
     <span class='ocr_line' id='line_1_8' title="bbox 1886 735 2041 791; baseline 0 0"><span class='ocrx_word' id='word_1_53' title='bbox 1886 735 2041 791; x_wconf 82' lang='lat' dir='ltr'><strong>dum.</strong></span> 
     </span>
    </p>
   </div>
   <div class='ocr_carea' id='block_1_9' title="bbox 1958 810 3552 894">
    <p class='ocr_par' dir='ltr' id='par_1_9' title="bbox 1958 810 3552 894">
     <span class='ocr_line' id='line_1_9' title="bbox 1958 810 3552 894; baseline -0.006 -15"><span class='ocrx_word' id='word_1_54' title='bbox 1958 826 2125 883; x_wconf 89' lang='lat' dir='ltr'><strong>Vers.</strong></span> <span class='ocrx_word' id='word_1_55' title='bbox 2158 828 2208 878; x_wconf 87' lang='grc'><strong>2.</strong></span> <span class='ocrx_word' id='word_1_56' title='bbox 2242 825 2316 880; x_wconf 89' lang='lat' dir='ltr'><strong>Et</strong></span> <span class='ocrx_word' id='word_1_57' title='bbox 2332 823 2908 894; x_wconf 81' lang='lat' dir='ltr'><strong>statim—januam.</strong></span> <span class='ocrx_word' id='word_1_58' title='bbox 2935 816 3045 874; x_wconf 91' lang='lat' dir='ltr'><strong>Ubi</strong></span> <span class='ocrx_word' id='word_1_59' title='bbox 3066 810 3552 888; x_wconf 89' lang='lat' dir='ltr'><strong>audissentquod</strong></span> 
     </span>
    </p>
   </div>
   <div class='ocr_carea' id='block_1_10' title="bbox 1883 901 3551 980">
    <p class='ocr_par' dir='ltr' id='par_1_10' title="bbox 1883 901 3551 980">
     <span class='ocr_line' id='line_1_10' title="bbox 1883 901 3551 980; baseline -0.009 -8"><span class='ocrx_word' id='word_1_60' title='bbox 1883 915 1946 973; x_wconf 92' lang='lat' dir='ltr'><strong>in</strong></span> <span class='ocrx_word' id='word_1_61' title='bbox 2017 915 2201 971; x_wconf 91' lang='lat' dir='ltr'><strong>domo</strong></span> <span class='ocrx_word' id='word_1_62' title='bbox 2249 917 2393 980; x_wconf 90' lang='lat' dir='ltr'><strong>erat,</strong></span> <span class='ocrx_word' id='word_1_63' title='bbox 2435 913 2864 969; x_wconf 83' lang='lat' dir='ltr'><strong>concurrerunt</strong></span> <span class='ocrx_word' id='word_1_64' title='bbox 2910 909 3187 979; x_wconf 81' lang='lat' dir='ltr'><strong>putantes</strong></span> <span class='ocrx_word' id='word_1_65' title='bbox 3250 901 3413 976; x_wconf 91' lang='lat' dir='ltr'><strong>quod</strong></span> <span class='ocrx_word' id='word_1_66' title='bbox 3466 901 3551 958; x_wconf 84' lang='lat' dir='ltr'><strong>ita</strong></span> 
     </span>
    </p>
   </div>
   <div class='ocr_carea' id='block_1_11' title="bbox 1886 998 3549 1064">
    <p class='ocr_par' dir='ltr' id='par_1_11' title="bbox 1886 998 3549 1064">
     <span class='ocr_line' id='line_1_11' title="bbox 1886 998 3549 1064; baseline -0.01 -3"><span class='ocrx_word' id='word_1_67' title='bbox 1886 1007 2121 1061; x_wconf 80' lang='lat' dir='ltr'><strong>facilius</strong></span> <span class='ocrx_word' id='word_1_68' title='bbox 2164 1003 2242 1060; x_wconf 87' lang='lat' dir='ltr'><strong>ad</strong></span> <span class='ocrx_word' id='word_1_69' title='bbox 2283 1019 2421 1060; x_wconf 90' lang='lat' dir='ltr'><strong>eum</strong></span> <span class='ocrx_word' id='word_1_70' title='bbox 2452 1001 2824 1059; x_wconf 82' lang='lat' dir='ltr'><strong>accederent.</strong></span> <span class='ocrx_word' id='word_1_71' title='bbox 2886 998 2992 1053; x_wconf 91' lang='lat' dir='ltr'><strong>Tot</strong></span> <span class='ocrx_word' id='word_1_72' title='bbox 3040 998 3243 1052; x_wconf 86' lang='lat' dir='ltr'><strong>autem</strong></span> <span class='ocrx_word' id='word_1_73' title='bbox 3297 1006 3549 1064; x_wconf 86' lang='lat' dir='ltr'><strong>congre-</strong></span> 
     </span>
    </p>
   </div>
   <div class='ocr_carea' id='block_1_12' title="bbox 1887 1082 3549 1165">
    <p class='ocr_par' dir='ltr' id='par_1_12' title="bbox 1887 1082 3549 1165">
     <span class='ocr_line' id='line_1_12' title="bbox 1887 1082 3549 1165; baseline -0.01 -14"><span class='ocrx_word' id='word_1_74' title='bbox 1887 1095 2007 1165; x_wconf 90' lang='lat' dir='ltr'><strong>gati</strong></span> <span class='ocrx_word' id='word_1_75' title='bbox 2040 1097 2196 1158; x_wconf 79' lang='lat' dir='ltr'><strong>sunt,</strong></span> <span class='ocrx_word' id='word_1_76' title='bbox 2231 1097 2294 1150; x_wconf 90' lang='lat' dir='ltr'><strong>ut</strong></span> <span class='ocrx_word' id='word_1_77' title='bbox 2313 1093 2444 1164; x_wconf 88' lang='lat' dir='ltr'><strong>jam</strong></span> <span class='ocrx_word' id='word_1_78' title='bbox 2482 1106 2679 1164; x_wconf 91' lang='lat' dir='ltr'><strong>neque</strong></span> <span class='ocrx_word' id='word_1_79' title='bbox 2717 1089 2848 1146; x_wconf 86' lang='lat' dir='ltr'><strong>loca</strong></span> <span class='ocrx_word' id='word_1_80' title='bbox 2895 1101 3031 1160; x_wconf 61' lang='lat' dir='ltr'><strong>qua</strong></span> <span class='ocrx_word' id='word_1_81' title='bbox 3081 1083 3242 1140; x_wconf 89' lang='lat' dir='ltr'><strong>circa</strong></span> <span class='ocrx_word' id='word_1_82' title='bbox 3293 1082 3549 1155; x_wconf 81' lang='lat' dir='ltr'><strong>januam</strong></span> 
     </span>
    </p>
   </div>
   <div class='ocr_carea' id='block_1_13' title="bbox 1885 1171 3548 1257">
    <p class='ocr_par' dir='ltr' id='par_1_13' title="bbox 1885 1171 3548 1257">
     <span class='ocr_line' id='line_1_13' title="bbox 1885 1171 3548 1257; baseline -0.009 -16"><span class='ocrx_word' id='word_1_83' title='bbox 1885 1183 2205 1257; x_wconf 86' lang='lat' dir='ltr'><strong>erant(hoc</strong></span> <span class='ocrx_word' id='word_1_84' title='bbox 2222 1188 2310 1239; x_wconf 90' lang='lat' dir='ltr'><strong>est</strong></span> <span class='ocrx_word' id='word_1_85' title='bbox 2325 1181 2688 1238; x_wconf 87' lang='lat' dir='ltr'><strong>vestibulum</strong></span> <span class='ocrx_word' id='word_1_86' title='bbox 2709 1178 2950 1248; x_wconf 87' lang='lat' dir='ltr'><strong>domus)</strong></span> <span class='ocrx_word' id='word_1_87' title='bbox 2968 1177 3247 1247; x_wconf 83' lang='lat' dir='ltr'><strong>caperent</strong></span> <span class='ocrx_word' id='word_1_88' title='bbox 3260 1171 3548 1245; x_wconf 87' lang='lat' dir='ltr'><strong>reliquos,</strong></span> 
     </span>
    </p>
   </div>
   <div class='ocr_carea' id='block_1_14' title="bbox 1885 1271 2685 1346">
    <p class='ocr_par' dir='ltr' id='par_1_14' title="bbox 1885 1271 2685 1346">
     <span class='ocr_line' id='line_1_14' title="bbox 1885 1271 2685 1346; baseline -0.008 -15"><span class='ocrx_word' id='word_1_89' title='bbox 1885 1273 2129 1346; x_wconf 89' lang='lat' dir='ltr'><strong>impleta</strong></span> <span class='ocrx_word' id='word_1_90' title='bbox 2138 1275 2270 1346; x_wconf 87' lang='lat' dir='ltr'><strong>jam</strong></span> <span class='ocrx_word' id='word_1_91' title='bbox 2308 1273 2445 1345; x_wconf 88' lang='lat' dir='ltr'><strong>ipsa</strong></span> <span class='ocrx_word' id='word_1_92' title='bbox 2481 1271 2685 1328; x_wconf 89' lang='lat' dir='ltr'><strong>domo.</strong></span> 
     </span>
    </p>
   </div>
   <div class='ocr_carea' id='block_1_15' title="bbox 1960 1351 3366 1420">
    <p class='ocr_par' dir='ltr' id='par_1_15' title="bbox 1960 1351 3366 1420">
     <span class='ocr_line' id='line_1_15' title="bbox 1960 1351 3366 1420; baseline -0.009 0"><span class='ocrx_word' id='word_1_93' title='bbox 1960 1365 2116 1420; x_wconf 82' lang='lat' dir='ltr'><strong>Vers.</strong></span> <span class='ocrx_word' id='word_1_94' title='bbox 2158 1367 2210 1419; x_wconf 87' lang='lat'><strong>2.</strong></span> <span class='ocrx_word' id='word_1_95' title='bbox 2251 1363 2328 1420; x_wconf 88' lang='lat' dir='ltr'><strong>Et</strong></span> <span class='ocrx_word' id='word_1_96' title='bbox 2353 1393 2424 1404; x_wconf 93' lang='lat'><strong><em>—</em></strong></span> <span class='ocrx_word' id='word_1_97' title='bbox 2451 1360 2716 1419; x_wconf 85' lang='lat' dir='ltr'><strong>verbum.</strong></span> <span class='ocrx_word' id='word_1_98' title='bbox 2747 1355 3032 1414; x_wconf 80' lang='lat' dir='ltr'><strong>Videlicet</strong></span> <span class='ocrx_word' id='word_1_99' title='bbox 3059 1351 3366 1412; x_wconf 69' lang='lat' dir='ltr'><strong>doctrina.</strong></span> 
     </span>
    </p>
   </div>
   <div class='ocr_carea' id='block_1_16' title="bbox 2351 1480 3085 1555">
    <p class='ocr_par' dir='ltr' id='par_1_16' title="bbox 2351 1480 3085 1555">
     <span class='ocr_line' id='line_1_16' title="bbox 2351 1480 3085 1555; baseline -0.011 -10"><span class='ocrx_word' id='word_1_100' title='bbox 2351 1486 2506 1546; x_wconf 84' lang='lat' dir='ltr'><strong>CAP.</strong></span> <span class='ocrx_word' id='word_1_101' title='bbox 2522 1488 2585 1544; x_wconf 78' lang='grc' dir='ltr'><strong>ν.</strong></span> <span class='ocrx_word' id='word_1_102' title='bbox 2620 1487 2703 1542; x_wconf 90' lang='lat' dir='ltr'><strong>De</strong></span> <span class='ocrx_word' id='word_1_103' title='bbox 2722 1480 3085 1555; x_wconf 81' lang='lat' dir='ltr'><strong>paralytico.</strong></span> 
     </span>
    </p>
   </div>
   <div class='ocr_carea' id='block_1_17' title="bbox 1958 1583 3551 1660">
    <p class='ocr_par' dir='ltr' id='par_1_17' title="bbox 1958 1583 3551 1660">
     <span class='ocr_line' id='line_1_17' title="bbox 1958 1583 3551 1660; baseline -0.006 -8"><span class='ocrx_word' id='word_1_104' title='bbox 1958 1599 2119 1653; x_wconf 89' lang='lat' dir='ltr'><strong>Vers.</strong></span> <span class='ocrx_word' id='word_1_105' title='bbox 2162 1598 2214 1653; x_wconf 85' lang='lat'><strong>3.</strong></span> <span class='ocrx_word' id='word_1_106' title='bbox 2237 1595 2315 1652; x_wconf 88' lang='lat' dir='ltr'><strong>Et</strong></span> <span class='ocrx_word' id='word_1_107' title='bbox 2352 1624 2423 1636; x_wconf 93' lang='lat'><strong><em>—</em></strong></span> <span class='ocrx_word' id='word_1_108' title='bbox 2449 1595 2606 1649; x_wconf 86' lang='lat' dir='ltr'><strong>Vers.</strong></span> <span class='ocrx_word' id='word_1_109' title='bbox 2643 1592 2727 1646; x_wconf 78' lang='grc'><strong>14.</strong></span> <span class='ocrx_word' id='word_1_110' title='bbox 2751 1588 3009 1660; x_wconf 76' lang='lat' dir='ltr'><strong>jacebat.</strong></span> <span class='ocrx_word' id='word_1_111' title='bbox 3054 1583 3288 1644; x_wconf 80' lang='lat' dir='ltr'><strong>Similia</strong></span> <span class='ocrx_word' id='word_1_112' title='bbox 3304 1596 3551 1658; x_wconf 83' lang='lat' dir='ltr'><strong>quoque</strong></span> 
     </span>
    </p>
   </div>
   <div class='ocr_carea' id='block_1_18' title="bbox 1887 1676 3548 1760">
    <p class='ocr_par' dir='ltr' id='par_1_18' title="bbox 1887 1676 3548 1760">
     <span class='ocr_line' id='line_1_18' title="bbox 1887 1676 3548 1760; baseline -0.011 -16"><span class='ocrx_word' id='word_1_113' title='bbox 1887 1687 1981 1744; x_wconf 90' lang='lat' dir='ltr'><strong>his</strong></span> <span class='ocrx_word' id='word_1_114' title='bbox 2011 1686 2212 1760; x_wconf 87' lang='lat' dir='ltr'><strong>posuit</strong></span> <span class='ocrx_word' id='word_1_115' title='bbox 2241 1685 2519 1750; x_wconf 74' lang='lat' dir='ltr'><strong>Lucas”;</strong></span> <span class='ocrx_word' id='word_1_116' title='bbox 2553 1680 2865 1738; x_wconf 76' lang='lat' dir='ltr'><strong>Matthqu</strong></span> <span class='ocrx_word' id='word_1_117' title='bbox 2885 1676 3117 1736; x_wconf 85' lang='lat' dir='ltr'><strong>verode</strong></span> <span class='ocrx_word' id='word_1_118' title='bbox 3146 1679 3302 1733; x_wconf 91' lang='lat' dir='ltr'><strong>tecto</strong></span> <span class='ocrx_word' id='word_1_119' title='bbox 3325 1678 3548 1742; x_wconf 81' lang='lat' dir='ltr'><strong>tacens,</strong></span> 
     </span>
    </p>
   </div>
   <div class='ocr_carea' id='block_1_19' title="bbox 1886 1771 2745 1850">
    <p class='ocr_par' dir='ltr' id='par_1_19' title="bbox 1886 1771 2745 1850">
     <span class='ocr_line' id='line_1_19' title="bbox 1886 1771 2745 1850; baseline -0.009 -16"><span class='ocrx_word' id='word_1_120' title='bbox 1886 1777 2116 1850; x_wconf 89' lang='lat' dir='ltr'><strong>reliqua</strong></span> <span class='ocrx_word' id='word_1_121' title='bbox 2154 1774 2422 1832; x_wconf 78' lang='lat' dir='ltr'><strong>similiter</strong></span> <span class='ocrx_word' id='word_1_122' title='bbox 2453 1771 2649 1830; x_wconf 86' lang='lat' dir='ltr'><strong>retulit</strong></span> <span class='ocrx_word' id='word_1_123' title='bbox 2675 1773 2745 1826; x_wconf 72' lang='grc'><strong>³³.</strong></span> 
     </span>
    </p>
   </div>
   <div class='ocr_carea' id='block_1_20' title="bbox 1957 1849 3547 1932">
    <p class='ocr_par' dir='ltr' id='par_1_20' title="bbox 1957 1849 3547 1932">
     <span class='ocr_line' id='line_1_20' title="bbox 1957 1849 3547 1932; baseline -0.009 -9"><span class='ocrx_word' id='word_1_124' title='bbox 1957 1849 2118 1923; x_wconf 85' lang='lat' dir='ltr'><strong>Vers.</strong></span> <span class='ocrx_word' id='word_1_125' title='bbox 2155 1870 2206 1921; x_wconf 87' lang='lat'><strong>5.</strong></span> <span class='ocrx_word' id='word_1_126' title='bbox 2244 1862 2494 1920; x_wconf 82' lang='lat' dir='ltr'><strong>Intuitus</strong></span> <span class='ocrx_word' id='word_1_127' title='bbox 2521 1893 2591 1902; x_wconf 92' lang='lat'>—</span> <span class='ocrx_word' id='word_1_128' title='bbox 2613 1863 2849 1932; x_wconf 86' lang='lat' dir='ltr'><strong>peccata</strong></span> <span class='ocrx_word' id='word_1_129' title='bbox 2884 1862 3009 1913; x_wconf 86' lang='lat' dir='ltr'><strong>tua.</strong></span> <span class='ocrx_word' id='word_1_130' title='bbox 3058 1853 3292 1912; x_wconf 80' lang='lat' dir='ltr'><strong>Dictum</strong></span> <span class='ocrx_word' id='word_1_131' title='bbox 3342 1855 3434 1908; x_wconf 85' lang='lat' dir='ltr'><strong>est</strong></span> <span class='ocrx_word' id='word_1_132' title='bbox 3470 1849 3547 1920; x_wconf 74' lang='lat' dir='ltr'><strong>de</strong></span> 
     </span>
    </p>
   </div>
   <div class='ocr_carea' id='block_1_21' title="bbox 1884 1943 3543 2022">
    <p class='ocr_par' dir='ltr' id='par_1_21' title="bbox 1884 1943 3543 2022">
     <span class='ocr_line' id='line_1_21' title="bbox 1884 1943 3543 2022; baseline -0.01 -9"><span class='ocrx_word' id='word_1_133' title='bbox 1884 1956 1977 2014; x_wconf 96' lang='lat' dir='ltr'><strong>his</strong></span> <span class='ocrx_word' id='word_1_134' title='bbox 2002 1955 2240 2013; x_wconf 92' lang='lat' dir='ltr'><strong>decimo</strong></span> <span class='ocrx_word' id='word_1_135' title='bbox 2277 1952 2449 2010; x_wconf 88' lang='lat' dir='ltr'><strong>tertio</strong></span> <span class='ocrx_word' id='word_1_136' title='bbox 2475 1952 2648 2022; x_wconf 81' lang='lat' dir='ltr'><strong>juxta</strong></span> <span class='ocrx_word' id='word_1_137' title='bbox 2669 1947 3010 2009; x_wconf 77' lang='lat' dir='ltr'><strong>Matthaeum</strong></span> <span class='ocrx_word' id='word_1_138' title='bbox 3048 1943 3264 2016; x_wconf 90' lang='lat' dir='ltr'><strong>capite.</strong></span> <span class='ocrx_word' id='word_1_139' title='bbox 3296 1943 3400 2000; x_wconf 87' lang='lat' dir='ltr'><strong>Est</strong></span> <span class='ocrx_word' id='word_1_140' title='bbox 3426 1956 3543 2002; x_wconf 79' lang='lat' dir='ltr'><strong>au-</strong></span> 
     </span>
    </p>
   </div>
   <div class='ocr_carea' id='block_1_22' title="bbox 1886 2032 3550 2119">
    <p class='ocr_par' dir='ltr' id='par_1_22' title="bbox 1886 2032 3550 2119">
     <span class='ocr_line' id='line_1_22' title="bbox 1886 2032 3550 2119; baseline -0.011 -15"><span class='ocrx_word' id='word_1_141' title='bbox 1886 2051 2005 2104; x_wconf 89' lang='lat' dir='ltr'><strong>tem</strong></span> <span class='ocrx_word' id='word_1_142' title='bbox 2031 2043 2398 2119; x_wconf 87' lang='lat' dir='ltr'><strong>paralyticus</strong></span> <span class='ocrx_word' id='word_1_143' title='bbox 2424 2040 2690 2098; x_wconf 84' lang='lat' dir='ltr'><strong>similiter</strong></span> <span class='ocrx_word' id='word_1_144' title='bbox 2711 2037 3062 2110; x_wconf 86' lang='lat' dir='ltr'><strong>quicunque</strong></span> <span class='ocrx_word' id='word_1_145' title='bbox 3091 2032 3310 2092; x_wconf 67' lang='lat' dir='ltr'><strong>animae</strong></span> <span class='ocrx_word' id='word_1_146' title='bbox 3339 2033 3550 2105; x_wconf 87' lang='lat' dir='ltr'><strong>poten-</strong></span> 
     </span>
    </p>
   </div>
   <div class='ocr_carea' id='block_1_23' title="bbox 1887 2119 3548 2203">
    <p class='ocr_par' dir='ltr' id='par_1_23' title="bbox 1887 2119 3548 2203">
     <span class='ocr_line' id='line_1_23' title="bbox 1887 2119 3548 2203; baseline -0.008 -11"><span class='ocrx_word' id='word_1_147' title='bbox 1887 2135 1998 2192; x_wconf 88' lang='lat' dir='ltr'><strong>tias</strong></span> <span class='ocrx_word' id='word_1_148' title='bbox 2018 2134 2096 2191; x_wconf 90' lang='lat' dir='ltr'><strong>ad</strong></span> <span class='ocrx_word' id='word_1_149' title='bbox 2125 2133 2355 2190; x_wconf 82' lang='lat' dir='ltr'><strong>virtutis</strong></span> <span class='ocrx_word' id='word_1_150' title='bbox 2380 2146 2534 2203; x_wconf 89' lang='lat' dir='ltr'><strong>opus</strong></span> <span class='ocrx_word' id='word_1_151' title='bbox 2552 2128 2737 2186; x_wconf 86' lang='lat' dir='ltr'><strong>habet</strong></span> <span class='ocrx_word' id='word_1_152' title='bbox 2758 2123 3122 2183; x_wconf 88' lang='lat' dir='ltr'><strong>immobiles.</strong></span> <span class='ocrx_word' id='word_1_153' title='bbox 3168 2119 3337 2189; x_wconf 86' lang='lat' dir='ltr'><strong>Quod</strong></span> <span class='ocrx_word' id='word_1_154' title='bbox 3367 2119 3418 2176; x_wconf 91' lang='lat' dir='ltr'><strong>si</strong></span> <span class='ocrx_word' id='word_1_155' title='bbox 3441 2133 3548 2193; x_wconf 79' lang='lat' dir='ltr'><strong>per</strong></span> 
     </span>
    </p>
   </div>
   <div class='ocr_carea' id='block_1_24' title="bbox 1885 2207 3549 2300">
    <p class='ocr_par' dir='ltr' id='par_1_24' title="bbox 1885 2207 3549 2300">
     <span class='ocr_line' id='line_1_24' title="bbox 1885 2207 3549 2300; baseline -0.011 -18"><span class='ocrx_word' id='word_1_156' title='bbox 1885 2230 2146 2300; x_wconf 86' lang='lat' dir='ltr'><strong>quatuor</strong></span> <span class='ocrx_word' id='word_1_157' title='bbox 2171 2219 2571 2292; x_wconf 87' lang='lat' dir='ltr'><strong>evangelistas</strong></span> <span class='ocrx_word' id='word_1_158' title='bbox 2599 2234 2635 2276; x_wconf 91' lang='lat' dir='ltr'><strong>a</strong></span> <span class='ocrx_word' id='word_1_159' title='bbox 2665 2215 2911 2274; x_wconf 81' lang='lat' dir='ltr'><strong>terrenis</strong></span> <span class='ocrx_word' id='word_1_160' title='bbox 2940 2213 3218 2279; x_wconf 84' lang='lat' dir='ltr'><strong>elevetnr,</strong></span> <span class='ocrx_word' id='word_1_161' title='bbox 3254 2213 3312 2268; x_wconf 91' lang='lat' dir='ltr'><strong>et</strong></span> <span class='ocrx_word' id='word_1_162' title='bbox 3333 2207 3549 2300; x_wconf 74' lang='lat' dir='ltr'><strong>demit-</strong></span> 
     </span>
    </p>
   </div>
   <div class='ocr_carea' id='block_1_25' title="bbox 1885 2298 3549 2381">
    <p class='ocr_par' dir='ltr' id='par_1_25' title="bbox 1885 2298 3549 2381">
     <span class='ocr_line' id='line_1_25' title="bbox 1885 2298 3549 2381; baseline -0.008 -11"><span class='ocrx_word' id='word_1_163' title='bbox 1885 2298 2062 2381; x_wconf 80' lang='lat' dir='ltr'><strong>tatur,</strong></span> <span class='ocrx_word' id='word_1_164' title='bbox 2112 2312 2238 2369; x_wconf 92' lang='lat' dir='ltr'><strong>sive</strong></span> <span class='ocrx_word' id='word_1_165' title='bbox 2276 2309 2622 2367; x_wconf 79' lang='lat' dir='ltr'><strong>humiliatur</strong></span> <span class='ocrx_word' id='word_1_166' title='bbox 2684 2322 2891 2365; x_wconf 85' lang='lat' dir='ltr'><strong>coram</strong></span> <span class='ocrx_word' id='word_1_167' title='bbox 2931 2303 3178 2372; x_wconf 85' lang='lat' dir='ltr'><strong>Christo,</strong></span> <span class='ocrx_word' id='word_1_168' title='bbox 3230 2298 3435 2371; x_wconf 76' lang='lat' dir='ltr'><strong>audiet</strong></span> <span class='ocrx_word' id='word_1_169' title='bbox 3488 2301 3549 2373; x_wconf 85' lang='lat' dir='ltr'><strong>et</strong></span> 
     </span>
    </p>
   </div>
   <div class='ocr_carea' id='block_1_26' title="bbox 1884 2398 3090 2479">
    <p class='ocr_par' dir='ltr' id='par_1_26' title="bbox 1884 2398 3090 2479">
     <span class='ocr_line' id='line_1_26' title="bbox 1884 2398 3090 2479; baseline -0.01 -16"><span class='ocrx_word' id='word_1_170' title='bbox 1884 2404 2015 2479; x_wconf 88' lang='lat' dir='ltr'><strong>ipse</strong></span> <span class='ocrx_word' id='word_1_171' title='bbox 2047 2419 2061 2460; x_wconf 88' lang='lat'><strong>:</strong></span> <span class='ocrx_word' id='word_1_172' title='bbox 2092 2402 2362 2461; x_wconf 77' lang='lat' dir='ltr'><strong>Remissa</strong></span> <span class='ocrx_word' id='word_1_173' title='bbox 2383 2403 2518 2459; x_wconf 83' lang='lat' dir='ltr'><strong>sunt</strong></span> <span class='ocrx_word' id='word_1_174' title='bbox 2545 2398 2654 2455; x_wconf 79' lang='lat' dir='ltr'><strong>tibi</strong></span> <span class='ocrx_word' id='word_1_175' title='bbox 2677 2401 2924 2468; x_wconf 83' lang='lat' dir='ltr'><strong>peccata</strong></span> <span class='ocrx_word' id='word_1_176' title='bbox 2959 2401 3090 2452; x_wconf 81' lang='lat' dir='ltr'><strong>tua.</strong></span> 
     </span>
    </p>
   </div>
   <div class='ocr_carea' id='block_1_27' title="bbox 255 849 1776 934">
    <p class='ocr_par' dir='ltr' id='par_1_27' title="bbox 255 849 1776 934">
     <span class='ocr_line' id='line_1_27' title="bbox 255 849 1776 934; baseline -0.014 -13"><span class='ocrx_word' id='word_1_177' title='bbox 255 871 349 921; x_wconf 75' lang='grc' dir='ltr'><strong>Καὶ</strong></span> <span class='ocrx_word' id='word_1_178' title='bbox 398 864 583 927; x_wconf 74' lang='grc' dir='ltr'>εὐθέως</span> <span class='ocrx_word' id='word_1_179' title='bbox 635 894 704 905; x_wconf 91' lang='grc'><strong><em>-</em></strong></span> <span class='ocrx_word' id='word_1_180' title='bbox 754 863 932 934; x_wconf 88' lang='grc' dir='ltr'>θύραν.</span> <span class='ocrx_word' id='word_1_181' title='bbox 990 859 1356 922; x_wconf 85' lang='grc' dir='ltr'>Ἀκούσαντες,</span> <span class='ocrx_word' id='word_1_182' title='bbox 1420 853 1500 906; x_wconf 84' lang='grc' dir='ltr'>ὃτι</span> <span class='ocrx_word' id='word_1_183' title='bbox 1547 849 1595 905; x_wconf 81' lang='grc' dir='ltr'>ἐν</span> <span class='ocrx_word' id='word_1_184' title='bbox 1651 850 1776 921; x_wconf 82' lang='grc' dir='ltr'>οἴκῳ</span> 
     </span>
    </p>
   </div>
   <div class='ocr_carea' id='block_1_28' title="bbox 191 940 1776 1028">
    <p class='ocr_par' dir='ltr' id='par_1_28' title="bbox 191 940 1776 1028">
     <span class='ocr_line' id='line_1_28' title="bbox 191 940 1776 1028; baseline -0.013 -18"><span class='ocrx_word' id='word_1_185' title='bbox 191 956 307 1021; x_wconf 69' lang='grc' dir='ltr'>ἐστὶ,</span> <span class='ocrx_word' id='word_1_186' title='bbox 395 951 741 1028; x_wconf 77' lang='grc' dir='ltr'><strong>συνέδραμον,</strong></span> <span class='ocrx_word' id='word_1_187' title='bbox 816 945 1281 1023; x_wconf 79' lang='grc' dir='ltr'><strong>προσδοκήσαντες</strong></span> <span class='ocrx_word' id='word_1_188' title='bbox 1343 945 1466 1018; x_wconf 79' lang='grc' dir='ltr'>ῥᾷον</span> <span class='ocrx_word' id='word_1_189' title='bbox 1543 940 1776 1011; x_wconf 79' lang='grc' dir='ltr'>ἐντυχεῖν</span> 
     </span>
    </p>
   </div>
   <div class='ocr_carea' id='block_1_29' title="bbox 190 1026 1778 1116">
    <p class='ocr_par' dir='ltr' id='par_1_29' title="bbox 190 1026 1778 1116">
     <span class='ocr_line' id='line_1_29' title="bbox 190 1026 1778 1116; baseline -0.013 -17"><span class='ocrx_word' id='word_1_190' title='bbox 190 1047 336 1116; x_wconf 82' lang='grc' dir='ltr'>αύτῷ.</span> <span class='ocrx_word' id='word_1_191' title='bbox 373 1026 630 1099; x_wconf 82' lang='grc' dir='ltr'>Τοσοῦτοι</span> <span class='ocrx_word' id='word_1_192' title='bbox 671 1037 729 1095; x_wconf 71' lang='grc' dir='ltr'>δι</span> <span class='ocrx_word' id='word_1_193' title='bbox 779 1041 1150 1113; x_wconf 82' lang='grc' dir='ltr'><strong>συνήχθησαν,</strong></span> <span class='ocrx_word' id='word_1_194' title='bbox 1193 1038 1262 1098; x_wconf 82' lang='grc' dir='ltr'>ὡς</span> <span class='ocrx_word' id='word_1_195' title='bbox 1310 1037 1497 1108; x_wconf 82' lang='grc' dir='ltr'><strong>μηκέτι</strong></span> <span class='ocrx_word' id='word_1_196' title='bbox 1545 1026 1684 1104; x_wconf 78' lang='grc' dir='ltr'>μηδὲ</span> <span class='ocrx_word' id='word_1_197' title='bbox 1716 1032 1778 1079; x_wconf 77' lang='grc' dir='ltr'>-α</span> 
     </span>
    </p>
   </div>
   <div class='ocr_carea' id='block_1_30' title="bbox 189 1120 1778 1212">
    <p class='ocr_par' dir='ltr' id='par_1_30' title="bbox 189 1120 1778 1212">
     <span class='ocr_line' id='line_1_30' title="bbox 189 1120 1778 1212; baseline -0.012 -24"><span class='ocrx_word' id='word_1_198' title='bbox 189 1139 305 1212; x_wconf 88' lang='grc' dir='ltr'>πρός</span> <span class='ocrx_word' id='word_1_199' title='bbox 353 1139 446 1194; x_wconf 77' lang='grc' dir='ltr'><strong>την</strong></span> <span class='ocrx_word' id='word_1_200' title='bbox 502 1135 661 1206; x_wconf 89' lang='grc' dir='ltr'>θύραν</span> <span class='ocrx_word' id='word_1_201' title='bbox 727 1134 856 1204; x_wconf 81' lang='grc' dir='ltr'>μέρη</span> <span class='ocrx_word' id='word_1_202' title='bbox 926 1134 1119 1201; x_wconf 89' lang='grc' dir='ltr'>χωρεῖν</span> <span class='ocrx_word' id='word_1_203' title='bbox 1187 1125 1406 1198; x_wconf 74' lang='grc' dir='ltr'>ἑτέρους,</span> <span class='ocrx_word' id='word_1_204' title='bbox 1466 1125 1651 1185; x_wconf 82' lang='grc' dir='ltr'>εἶτουν,</span> <span class='ocrx_word' id='word_1_205' title='bbox 1714 1120 1778 1170; x_wconf 79' lang='grc' dir='ltr'>τὰ</span> 
     </span>
    </p>
   </div>
   <div class='ocr_carea' id='block_1_31' title="bbox 187 1217 1329 1302">
    <p class='ocr_par' dir='ltr' id='par_1_31' title="bbox 187 1217 1329 1302">
     <span class='ocr_line' id='line_1_31' title="bbox 187 1217 1329 1302; baseline -0.011 -22"><span class='ocrx_word' id='word_1_206' title='bbox 187 1226 432 1302; x_wconf 81' lang='grc' dir='ltr'>πρόθυρα,</span> <span class='ocrx_word' id='word_1_207' title='bbox 466 1219 574 1283; x_wconf 74' lang='grc' dir='ltr'><strong>ἤδη</strong></span> <span class='ocrx_word' id='word_1_208' title='bbox 601 1229 701 1275; x_wconf 87' lang='grc' dir='ltr'>τῶν</span> <span class='ocrx_word' id='word_1_209' title='bbox 734 1217 878 1276; x_wconf 71' lang='grc' dir='ltr'>ἔνδον</span> <span class='ocrx_word' id='word_1_210' title='bbox 902 1217 1329 1293; x_wconf 75' lang='grc' dir='ltr'><strong>πεπληρωμένων.</strong></span> 
     </span>
    </p>
   </div>
   <div class='ocr_carea' id='block_1_32' title="bbox 252 1391 1295 1473">
    <p class='ocr_par' dir='ltr' id='par_1_32' title="bbox 252 1391 1295 1473">
     <span class='ocr_line' id='line_1_32' title="bbox 252 1391 1295 1473; baseline -0.012 -17"><span class='ocrx_word' id='word_1_211' title='bbox 252 1405 347 1457; x_wconf 75' lang='grc' dir='ltr'><strong>Καὶ</strong></span> <span class='ocrx_word' id='word_1_212' title='bbox 373 1432 442 1442; x_wconf 90' lang='grc'><strong><em>-</em></strong></span> <span class='ocrx_word' id='word_1_213' title='bbox 470 1399 640 1473; x_wconf 88' lang='grc' dir='ltr'>λόγον.</span> <span class='ocrx_word' id='word_1_214' title='bbox 672 1400 770 1452; x_wconf 85' lang='grc' dir='ltr'><strong>Τὸν</strong></span> <span class='ocrx_word' id='word_1_215' title='bbox 799 1405 893 1459; x_wconf 81' lang='grc' dir='ltr'>τῆς</span> <span class='ocrx_word' id='word_1_216' title='bbox 924 1391 1295 1453; x_wconf 77' lang='grc' dir='ltr'>διδασκαλίας.</span> 
     </span>
    </p>
   </div>
   <div class='ocr_carea' id='block_1_33' title="bbox 497 1516 1456 1596">
    <p class='ocr_par' dir='ltr' id='par_1_33' title="bbox 497 1516 1456 1596">
     <span class='ocr_line' id='line_1_33' title="bbox 497 1516 1456 1596; baseline -0.015 -16"><span class='ocrx_word' id='word_1_217' title='bbox 497 1531 643 1579; x_wconf 72' lang='grc' dir='ltr'>ΚΕΦ.</span> <span class='ocrx_word' id='word_1_218' title='bbox 675 1521 745 1578; x_wconf 86' lang='grc' dir='ltr'><strong>Ε’.</strong></span> <span class='ocrx_word' id='word_1_219' title='bbox 779 1525 905 1596; x_wconf 86' lang='grc' dir='ltr'>Περὶ</span> <span class='ocrx_word' id='word_1_220' title='bbox 941 1527 1033 1574; x_wconf 85' lang='grc' dir='ltr'>τοῦ</span> <span class='ocrx_word' id='word_1_221' title='bbox 1079 1516 1456 1591; x_wconf 84' lang='grc' dir='ltr'>παραλυτικοῦ.</span> 
     </span>
    </p>
   </div>
   <div class='ocr_carea' id='block_1_34' title="bbox 252 1623 1779 1702">
    <p class='ocr_par' dir='ltr' id='par_1_34' title="bbox 252 1623 1779 1702">
     <span class='ocr_line' id='line_1_34' title="bbox 252 1623 1779 1702; baseline -0.011 -14"><span class='ocrx_word' id='word_1_222' title='bbox 252 1638 346 1688; x_wconf 80' lang='grc' dir='ltr'><strong>Καὶ</strong></span> <span class='ocrx_word' id='word_1_223' title='bbox 398 1663 467 1675; x_wconf 93' lang='lat'><strong><em>—</em></strong></span> <span class='ocrx_word' id='word_1_224' title='bbox 514 1635 795 1686; x_wconf 79' lang='grc' dir='ltr'>κατέκειτο.</span> <span class='ocrx_word' id='word_1_225' title='bbox 855 1635 1052 1702; x_wconf 89' lang='grc' dir='ltr'>Ὅμοια</span> <span class='ocrx_word' id='word_1_226' title='bbox 1095 1628 1298 1687; x_wconf 75' lang='grc' dir='ltr'>τούτοις</span> <span class='ocrx_word' id='word_1_227' title='bbox 1346 1626 1436 1676; x_wconf 85' lang='grc' dir='ltr'>καὶ</span> <span class='ocrx_word' id='word_1_228' title='bbox 1488 1623 1514 1674; x_wconf 91' lang='lat'><strong>6</strong></span> <span class='ocrx_word' id='word_1_229' title='bbox 1570 1625 1779 1681; x_wconf 84' lang='grc' dir='ltr'>Λουκᾶς</span> 
     </span>
    </p>
   </div>
   <div class='ocr_carea' id='block_1_35' title="bbox 188 1715 1780 1798">
    <p class='ocr_par' dir='ltr' id='par_1_35' title="bbox 188 1715 1780 1798">
     <span class='ocr_line' id='line_1_35' title="bbox 188 1715 1780 1798; baseline -0.01 -21"><span class='ocrx_word' id='word_1_230' title='bbox 188 1726 454 1798; x_wconf 80' lang='grc' dir='ltr'>παρέθετο”</span> <span class='ocrx_word' id='word_1_231' title='bbox 509 1724 781 1781; x_wconf 85' lang='grc' dir='ltr'>Ματθαῖος</span> <span class='ocrx_word' id='word_1_232' title='bbox 835 1715 913 1785; x_wconf 75' lang='grc' dir='ltr'><strong>δε,</strong></span> <span class='ocrx_word' id='word_1_233' title='bbox 979 1719 1044 1770; x_wconf 84' lang='grc' dir='ltr'><strong>τὰ</strong></span> <span class='ocrx_word' id='word_1_234' title='bbox 1095 1722 1213 1792; x_wconf 85' lang='grc' dir='ltr'>περὶ</span> <span class='ocrx_word' id='word_1_235' title='bbox 1269 1723 1364 1776; x_wconf 81' lang='grc' dir='ltr'>τῆς</span> <span class='ocrx_word' id='word_1_236' title='bbox 1417 1716 1607 1785; x_wconf 85' lang='grc' dir='ltr'>στέγης</span> <span class='ocrx_word' id='word_1_237' title='bbox 1658 1729 1780 1762; x_wconf 90' lang='grc' dir='ltr'>σιω-</span> 
     </span>
    </p>
   </div>
   <div class='ocr_carea' id='block_1_36' title="bbox 188 1810 1860 1882">
    <p class='ocr_par' dir='ltr' id='par_1_36' title="bbox 188 1810 1860 1882">
     <span class='ocr_line' id='line_1_36' title="bbox 188 1810 1860 1882; baseline -0.006 -16"><span class='ocrx_word' id='word_1_238' title='bbox 188 1819 370 1880; x_wconf 76' lang='grc' dir='ltr'>πήσας,</span> <span class='ocrx_word' id='word_1_239' title='bbox 405 1813 470 1865; x_wconf 85' lang='grc' dir='ltr'>τὰ</span> <span class='ocrx_word' id='word_1_240' title='bbox 500 1811 620 1874; x_wconf 81' lang='grc' dir='ltr'><strong>ἑξῆς</strong></span> <span class='ocrx_word' id='word_1_241' title='bbox 650 1812 840 1882; x_wconf 85' lang='grc' dir='ltr'>ὁμοίως</span> <span class='ocrx_word' id='word_1_242' title='bbox 871 1810 1167 1880; x_wconf 86' lang='grc' dir='ltr'>ἱστόρησεν.</span> <span class='ocrx_word' id='word_1_243' title='bbox 1817 1818 1860 1878; x_wconf 72' lang='grc' dir='ltr'><strong>Β</strong></span> 
     </span>
    </p>
   </div>
   <div class='ocr_carea' id='block_1_37' title="bbox 252 1887 1778 1975">
    <p class='ocr_par' dir='ltr' id='par_1_37' title="bbox 252 1887 1778 1975">
     <span class='ocr_line' id='line_1_37' title="bbox 252 1887 1778 1975; baseline -0.01 -20"><span class='ocrx_word' id='word_1_244' title='bbox 252 1899 398 1956; x_wconf 81' lang='grc' dir='ltr'>Ἰδὼν</span> <span class='ocrx_word' id='word_1_245' title='bbox 445 1933 512 1942; x_wconf 89' lang='grc'><strong>-</strong></span> <span class='ocrx_word' id='word_1_246' title='bbox 554 1901 810 1975; x_wconf 79' lang='grc' dir='ltr'>ἁμαρτίαι</span> <span class='ocrx_word' id='word_1_247' title='bbox 869 1916 983 1950; x_wconf 92' lang='grc' dir='ltr'>σου.</span> <span class='ocrx_word' id='word_1_248' title='bbox 1039 1900 1262 1970; x_wconf 82' lang='grc' dir='ltr'>Εἰρηται</span> <span class='ocrx_word' id='word_1_249' title='bbox 1309 1897 1426 1967; x_wconf 81' lang='grc' dir='ltr'>περὶ</span> <span class='ocrx_word' id='word_1_250' title='bbox 1479 1893 1674 1944; x_wconf 88' lang='grc' dir='ltr'>τούτων</span> <span class='ocrx_word' id='word_1_251' title='bbox 1730 1887 1778 1940; x_wconf 79' lang='grc' dir='ltr'>ἓν</span> 
     </span>
    </p>
   </div>
   <div class='ocr_carea' id='block_1_38' title="bbox 191 1981 1774 2066">
    <p class='ocr_par' dir='ltr' id='par_1_38' title="bbox 191 1981 1774 2066">
     <span class='ocr_line' id='line_1_38' title="bbox 191 1981 1774 2066; baseline -0.007 -23"><span class='ocrx_word' id='word_1_252' title='bbox 191 2000 250 2062; x_wconf 82' lang='grc' dir='ltr'>τῷ</span> <span class='ocrx_word' id='word_1_253' title='bbox 307 1987 732 2066; x_wconf 76' lang='grc' dir='ltr'>τρισκαιδεκάτῳ</span> <span class='ocrx_word' id='word_1_254' title='bbox 798 1985 1055 2058; x_wconf 76' lang='grc' dir='ltr'>κεφαλαίῳ</span> <span class='ocrx_word' id='word_1_255' title='bbox 1120 1992 1211 2038; x_wconf 84' lang='grc' dir='ltr'>τοῦ</span> <span class='ocrx_word' id='word_1_256' title='bbox 1278 1985 1414 2035; x_wconf 86' lang='grc' dir='ltr'>κατὰ</span> <span class='ocrx_word' id='word_1_257' title='bbox 1486 1981 1774 2033; x_wconf 86' lang='grc' dir='ltr'>Ματθαίον.</span> 
     </span>
    </p>
   </div>
   <div class='ocr_carea' id='block_1_39' title="bbox 191 2067 1778 2154">
    <p class='ocr_par' dir='ltr' id='par_1_39' title="bbox 191 2067 1778 2154">
     <span class='ocr_line' id='line_1_39' title="bbox 191 2067 1778 2154; baseline -0.01 -20"><span class='ocrx_word' id='word_1_258' title='bbox 191 2081 478 2154; x_wconf 75' lang='grc' dir='ltr'>Παραλυτος</span> <span class='ocrx_word' id='word_1_259' title='bbox 531 2076 592 2133; x_wconf 74' lang='grc' dir='ltr'><strong>δέ</strong></span> <span class='ocrx_word' id='word_1_260' title='bbox 641 2077 772 2142; x_wconf 71' lang='grc' dir='ltr'>ἔστι,</span> <span class='ocrx_word' id='word_1_261' title='bbox 827 2080 916 2128; x_wconf 82' lang='grc' dir='ltr'>καὶ</span> <span class='ocrx_word' id='word_1_262' title='bbox 967 2080 1072 2136; x_wconf 85' lang='grc' dir='ltr'>πᾶς</span> <span class='ocrx_word' id='word_1_263' title='bbox 1116 2075 1141 2126; x_wconf 98' lang='lat'><strong>6</strong></span> <span class='ocrx_word' id='word_1_264' title='bbox 1189 2076 1327 2145; x_wconf 80' lang='grc' dir='ltr'>ἔχων</span> <span class='ocrx_word' id='word_1_265' title='bbox 1380 2073 1471 2132; x_wconf 84' lang='grc' dir='ltr'><strong>τὰς</strong></span> <span class='ocrx_word' id='word_1_266' title='bbox 1528 2067 1778 2140; x_wconf 80' lang='grc' dir='ltr'>δυνάμεις</span> 
     </span>
    </p>
   </div>
   <div class='ocr_carea' id='block_1_40' title="bbox 188 2155 1776 2241">
    <p class='ocr_par' dir='ltr' id='par_1_40' title="bbox 188 2155 1776 2241">
     <span class='ocr_line' id='line_1_40' title="bbox 188 2155 1776 2241; baseline -0.009 -19"><span class='ocrx_word' id='word_1_267' title='bbox 188 2178 268 2230; x_wconf 78' lang='grc' dir='ltr'>τῆς</span> <span class='ocrx_word' id='word_1_268' title='bbox 305 2169 497 2241; x_wconf 73' lang='grc' dir='ltr'>ψυχῆς</span> <span class='ocrx_word' id='word_1_269' title='bbox 538 2169 820 2228; x_wconf 81' lang='grc' dir='ltr'>ἀκινήτους</span> <span class='ocrx_word' id='word_1_270' title='bbox 858 2164 927 2226; x_wconf 84' lang='grc' dir='ltr'>εἰς</span> <span class='ocrx_word' id='word_1_271' title='bbox 964 2162 1210 2239; x_wconf 72' lang='grc' dir='ltr'>ἐργασίαν</span> <span class='ocrx_word' id='word_1_272' title='bbox 1264 2163 1484 2234; x_wconf 79' lang='grc' dir='ltr'>ἀρετῆς-</span> <span class='ocrx_word' id='word_1_273' title='bbox 1538 2157 1645 2210; x_wconf 81' lang='grc' dir='ltr'>ἀλλ’</span> <span class='ocrx_word' id='word_1_274' title='bbox 1694 2155 1776 2209; x_wconf 75' lang='grc' dir='ltr'><strong>ἐὰν</strong></span> 
     </span>
    </p>
   </div>
   <div class='ocr_carea' id='block_1_41' title="bbox 191 2247 1778 2330">
    <p class='ocr_par' dir='ltr' id='par_1_41' title="bbox 191 2247 1778 2330">
     <span class='ocr_line' id='line_1_41' title="bbox 191 2247 1778 2330; baseline -0.009 -18"><span class='ocrx_word' id='word_1_275' title='bbox 191 2257 280 2312; x_wconf 77' lang='grc' dir='ltr'><strong>ἀπὸ</strong></span> <span class='ocrx_word' id='word_1_276' title='bbox 332 2267 434 2312; x_wconf 84' lang='grc' dir='ltr'>τῶν</span> <span class='ocrx_word' id='word_1_277' title='bbox 493 2259 682 2330; x_wconf 84' lang='grc' dir='ltr'>γηίνων</span> <span class='ocrx_word' id='word_1_278' title='bbox 735 2255 864 2329; x_wconf 70' lang='grc' dir='ltr'>ἀρθῇ</span> <span class='ocrx_word' id='word_1_279' title='bbox 917 2254 1017 2306; x_wconf 83' lang='grc' dir='ltr'>ὑπὸ</span> <span class='ocrx_word' id='word_1_280' title='bbox 1067 2261 1167 2305; x_wconf 85' lang='grc' dir='ltr'>τῶν</span> <span class='ocrx_word' id='word_1_281' title='bbox 1223 2253 1491 2326; x_wconf 77' lang='grc' dir='ltr'>τεσσάρων</span> <span class='ocrx_word' id='word_1_282' title='bbox 1554 2247 1778 2318; x_wconf 83' lang='grc' dir='ltr'>Εύαγγε-</span> 
     </span>
    </p>
   </div>
   <div class='ocr_carea' id='block_1_42' title="bbox 188 2339 1777 2419">
    <p class='ocr_par' dir='ltr' id='par_1_42' title="bbox 188 2339 1777 2419">
     <span class='ocr_line' id='line_1_42' title="bbox 188 2339 1777 2419; baseline -0.008 -18"><span class='ocrx_word' id='word_1_283' title='bbox 188 2347 314 2416; x_wconf 82' lang='grc' dir='ltr'>λίων,</span> <span class='ocrx_word' id='word_1_284' title='bbox 363 2353 458 2400; x_wconf 79' lang='grc' dir='ltr'>καὶ</span> <span class='ocrx_word' id='word_1_285' title='bbox 505 2346 780 2419; x_wconf 79' lang='grc' dir='ltr'>χαλασθῇ,</span> <span class='ocrx_word' id='word_1_286' title='bbox 834 2346 1021 2409; x_wconf 85' lang='grc' dir='ltr'>εἶτουν,</span> <span class='ocrx_word' id='word_1_287' title='bbox 1080 2342 1370 2414; x_wconf 75' lang='grc' dir='ltr'>ταπεινωθῇ</span> <span class='ocrx_word' id='word_1_288' title='bbox 1415 2339 1629 2392; x_wconf 79' lang='grc' dir='ltr'>ἐνώπιον</span> <span class='ocrx_word' id='word_1_289' title='bbox 1687 2343 1777 2389; x_wconf 87' lang='grc' dir='ltr'>τοῦ</span> 
     </span>
    </p>
   </div>
   <div class='ocr_carea' id='block_1_43' title="bbox 188 2426 1779 2513">
    <p class='ocr_par' dir='ltr' id='par_1_43' title="bbox 188 2426 1779 2513">
     <span class='ocr_line' id='line_1_43' title="bbox 188 2426 1779 2513; baseline -0.009 -20"><span class='ocrx_word' id='word_1_290' title='bbox 188 2439 434 2513; x_wconf 73' lang='grc' dir='ltr'>Χριστοῦ,</span> <span class='ocrx_word' id='word_1_291' title='bbox 489 2434 705 2489; x_wconf 81' lang='grc' dir='ltr'>ἀκούσει</span> <span class='ocrx_word' id='word_1_292' title='bbox 756 2437 846 2486; x_wconf 83' lang='grc' dir='ltr'>καὶ</span> <span class='ocrx_word' id='word_1_293' title='bbox 903 2431 1054 2493; x_wconf 80' lang='grc' dir='ltr'>οὗτος</span> <span class='ocrx_word' id='word_1_294' title='bbox 1105 2434 1182 2496; x_wconf 84' lang='grc' dir='ltr'>τὸ,</span> <span class='ocrx_word' id='word_1_295' title='bbox 1243 2431 1524 2504; x_wconf 78' lang='grc' dir='ltr'>Ἀφέωνταί</span> <span class='ocrx_word' id='word_1_296' title='bbox 1585 2446 1670 2480; x_wconf 90' lang='grc' dir='ltr'><strong>σοι</strong></span> <span class='ocrx_word' id='word_1_297' title='bbox 1724 2426 1779 2479; x_wconf 79' lang='grc' dir='ltr'>αἱ</span> 
     </span>
    </p>
   </div>
   <div class='ocr_carea' id='block_1_44' title="bbox 188 2527 581 2602">
    <p class='ocr_par' dir='ltr' id='par_1_44' title="bbox 188 2527 581 2602">
     <span class='ocr_line' id='line_1_44' title="bbox 188 2527 581 2602; baseline -0.005 -22"><span class='ocrx_word' id='word_1_298' title='bbox 188 2527 428 2602; x_wconf 78' lang='grc' dir='ltr'>ἁμαρτίαι</span> <span class='ocrx_word' id='word_1_299' title='bbox 464 2546 581 2579; x_wconf 83' lang='grc' dir='ltr'>σου.</span> 
     </span>
    </p>
   </div>
   <div class='ocr_carea' id='block_1_45' title="bbox 195 2605 1784 2720">
    <p class='ocr_par' dir='ltr' id='par_1_45' title="bbox 247 2609 1779 2686">
     <span class='ocr_line' id='line_1_45' title="bbox 247 2609 1779 2686; baseline -0.009 -14"><span class='ocrx_word' id='word_1_300' title='bbox 247 2618 412 2672; x_wconf 86' lang='grc' dir='ltr'>Ἦσαν</span> <span class='ocrx_word' id='word_1_301' title='bbox 473 2612 532 2671; x_wconf 72' lang='grc' dir='ltr'>δὲ</span> <span class='ocrx_word' id='word_1_302' title='bbox 587 2647 641 2658; x_wconf 94' lang='grc'><strong>--</strong></span> <span class='ocrx_word' id='word_1_303' title='bbox 701 2615 728 2667; x_wconf 86' lang='grc' dir='ltr'><strong><em>ὁ</em></strong></span> <span class='ocrx_word' id='word_1_304' title='bbox 775 2617 942 2683; x_wconf 85' lang='grc' dir='ltr'>Θεός;</span> <span class='ocrx_word' id='word_1_305' title='bbox 1001 2615 1223 2686; x_wconf 79' lang='grc' dir='ltr'>Εἴρηται</span> <span class='ocrx_word' id='word_1_306' title='bbox 1273 2614 1362 2663; x_wconf 85' lang='grc' dir='ltr'>καὶ</span> <span class='ocrx_word' id='word_1_307' title='bbox 1410 2613 1528 2685; x_wconf 87' lang='grc' dir='ltr'>περὶ</span> <span class='ocrx_word' id='word_1_308' title='bbox 1585 2609 1779 2660; x_wconf 90' lang='grc' dir='ltr'>τούτων</span> 
     </span>
    </p>
   </div>
   <div class='ocr_carea' id='block_1_46' title="bbox 1902 2605 3550 2720">
    <p class='ocr_par' dir='ltr' id='par_1_46' title="bbox 1957 2605 3550 2676">
     <span class='ocr_line' id='line_1_46' title="bbox 1957 2605 3550 2676; baseline -0.008 0"><span class='ocrx_word' id='word_1_309' title='bbox 1957 2620 2122 2676; x_wconf 83' lang='lat' dir='ltr'><strong>Vers.</strong></span> <span class='ocrx_word' id='word_1_310' title='bbox 2145 2618 2199 2674; x_wconf 92' lang='lat'><strong>6.</strong></span> <span class='ocrx_word' id='word_1_311' title='bbox 2229 2618 2425 2674; x_wconf 83' lang='lat' dir='ltr'><strong>Erant</strong></span> <span class='ocrx_word' id='word_1_312' title='bbox 2449 2620 2642 2673; x_wconf 88' lang='lat' dir='ltr'><strong>autem</strong></span> <span class='ocrx_word' id='word_1_313' title='bbox 2671 2643 2742 2656; x_wconf 91' lang='lat'><strong>—</strong></span> <span class='ocrx_word' id='word_1_314' title='bbox 2767 2611 2930 2669; x_wconf 89' lang='lat' dir='ltr'><strong>Vers.</strong></span> <span class='ocrx_word' id='word_1_315' title='bbox 2969 2614 3026 2666; x_wconf 91' lang='grc'>7.</span> <span class='ocrx_word' id='word_1_316' title='bbox 3054 2610 3242 2667; x_wconf 84' lang='lat' dir='ltr'><strong>Deum</strong></span> <span class='ocrx_word' id='word_1_317' title='bbox 3267 2606 3296 2666; x_wconf 66' lang='grc' dir='ltr'><strong><em>Γ</em></strong></span> <span class='ocrx_word' id='word_1_318' title='bbox 3317 2605 3550 2665; x_wconf 83' lang='lat' dir='ltr'><strong>Dictum</strong></span> 
     </span>
    </p>
   </div>
   <div class='ocr_carea' id='block_1_47' title="bbox 185 2707 1784 2768">
    <p class='ocr_par' dir='ltr' id='par_1_47' title="bbox 185 2707 294 2761">
     <span class='ocr_line' id='line_1_47' title="bbox 185 2707 294 2761; baseline -0.009 0"><span class='ocrx_word' id='word_1_319' title='bbox 185 2707 294 2761; x_wconf 79' lang='grc' dir='ltr'>ἐκεῖ.</span> 
     </span>
    </p>
   </div>
   <div class='ocr_carea' id='block_1_48' title="bbox 1902 2707 2487 2768">
    <p class='ocr_par' dir='ltr' id='par_1_48' title="bbox 1902 2707 2487 2768">
     <span class='ocr_line' id='line_1_48' title="bbox 1902 2707 2487 2768; baseline -0.01 -1"><span class='ocrx_word' id='word_1_320' title='bbox 1902 2715 1977 2768; x_wconf 73' lang='lat' dir='ltr'><strong>est</strong></span> <span class='ocrx_word' id='word_1_321' title='bbox 2016 2709 2090 2766; x_wconf 92' lang='lat' dir='ltr'><strong>de</strong></span> <span class='ocrx_word' id='word_1_322' title='bbox 2115 2708 2207 2765; x_wconf 90' lang='lat' dir='ltr'><strong>his</strong></span> <span class='ocrx_word' id='word_1_323' title='bbox 2239 2707 2487 2764; x_wconf 90' lang='lat' dir='ltr'><strong>ibidem.</strong></span> 
     </span>
    </p>
   </div>
   <div class='ocr_carea' id='block_1_49' title="bbox 251 2780 1784 2863">
    <p class='ocr_par' dir='ltr' id='par_1_49' title="bbox 251 2787 1780 2863">
     <span class='ocr_line' id='line_1_49' title="bbox 251 2787 1780 2863; baseline -0.009 -12"><span class='ocrx_word' id='word_1_324' title='bbox 251 2803 345 2851; x_wconf 74' lang='grc' dir='ltr'><strong>Καὶ</strong></span> <span class='ocrx_word' id='word_1_325' title='bbox 404 2796 592 2855; x_wconf 75' lang='grc' dir='ltr'>εὐθέως</span> <span class='ocrx_word' id='word_1_326' title='bbox 659 2826 726 2834; x_wconf 94' lang='grc'><strong><em>-</em></strong></span> <span class='ocrx_word' id='word_1_327' title='bbox 793 2796 989 2855; x_wconf 75' lang='grc' dir='ltr'>αὐτοῖς.</span> <span class='ocrx_word' id='word_1_328' title='bbox 1071 2797 1280 2863; x_wconf 79' lang='grc' dir='ltr'>Πνεῦμα</span> <span class='ocrx_word' id='word_1_329' title='bbox 1362 2787 1602 2854; x_wconf 77' lang='grc' dir='ltr'>ἐνταῦθα,</span> <span class='ocrx_word' id='word_1_330' title='bbox 1687 2790 1780 2845; x_wconf 79' lang='grc' dir='ltr'>τὴν</span> 
     </span>
    </p>
   </div>
   <div class='ocr_carea' id='block_1_50' title="bbox 1902 2780 3554 2863">
    <p class='ocr_par' dir='ltr' id='par_1_50' title="bbox 1960 2780 3554 2860">
     <span class='ocr_line' id='line_1_50' title="bbox 1960 2780 3554 2860; baseline -0.008 -10"><span class='ocrx_word' id='word_1_331' title='bbox 1960 2798 2120 2852; x_wconf 85' lang='lat' dir='ltr'><strong>Vers.</strong></span> <span class='ocrx_word' id='word_1_332' title='bbox 2156 2797 2210 2851; x_wconf 91' lang='lat'><strong>8.</strong></span> <span class='ocrx_word' id='word_1_333' title='bbox 2229 2795 2306 2850; x_wconf 86' lang='lat' dir='ltr'><strong>Et</strong></span> <span class='ocrx_word' id='word_1_334' title='bbox 2327 2794 2527 2850; x_wconf 81' lang='lat' dir='ltr'><strong>statim</strong></span> <span class='ocrx_word' id='word_1_335' title='bbox 2556 2819 2625 2832; x_wconf 88' lang='lat'>——</span> <span class='ocrx_word' id='word_1_336' title='bbox 2657 2787 2757 2848; x_wconf 78' lang='lat' dir='ltr'><strong>eis.</strong></span> <span class='ocrx_word' id='word_1_337' title='bbox 2787 2785 3078 2860; x_wconf 89' lang='lat' dir='ltr'><strong>Spiritum</strong></span> <span class='ocrx_word' id='word_1_338' title='bbox 3092 2781 3380 2842; x_wconf 83' lang='lat' dir='ltr'><strong>vocathic</strong></span> <span class='ocrx_word' id='word_1_339' title='bbox 3405 2780 3554 2839; x_wconf 89' lang='lat' dir='ltr'><strong>divi-</strong></span> 
     </span>
    </p>
   </div>
   <div class='ocr_carea' id='block_1_51' title="bbox 190 2871 1784 2957">
    <p class='ocr_par' dir='ltr' id='par_1_51' title="bbox 190 2875 1782 2956">
     <span class='ocr_line' id='line_1_51' title="bbox 190 2875 1782 2956; baseline -0.007 -17"><span class='ocrx_word' id='word_1_340' title='bbox 190 2888 389 2946; x_wconf 86' lang='grc' dir='ltr'>θεότητὰ</span> <span class='ocrx_word' id='word_1_341' title='bbox 439 2886 605 2940; x_wconf 84' lang='grc' dir='ltr'>καλεῖ.</span> <span class='ocrx_word' id='word_1_342' title='bbox 651 2884 734 2947; x_wconf 83' lang='grc' dir='ltr'>Ὠς</span> <span class='ocrx_word' id='word_1_343' title='bbox 761 2887 889 2946; x_wconf 86' lang='grc' dir='ltr'>Θεὸς</span> <span class='ocrx_word' id='word_1_344' title='bbox 938 2885 1040 2956; x_wconf 79' lang='grc' dir='ltr'>γὰρ</span> <span class='ocrx_word' id='word_1_345' title='bbox 1100 2883 1228 2953; x_wconf 78' lang='grc' dir='ltr'>ἔγνω</span> <span class='ocrx_word' id='word_1_346' title='bbox 1257 2881 1349 2941; x_wconf 84' lang='grc' dir='ltr'><strong>τὰς</strong></span> <span class='ocrx_word' id='word_1_347' title='bbox 1406 2875 1644 2940; x_wconf 82' lang='grc' dir='ltr'>διανοίας</span> <span class='ocrx_word' id='word_1_348' title='bbox 1692 2876 1782 2929; x_wconf 82' lang='grc' dir='ltr'>αύ-</span> 
     </span>
    </p>
   </div>
   <div class='ocr_carea' id='block_1_52' title="bbox 1902 2871 3554 2957">
    <p class='ocr_par' dir='ltr' id='par_1_52' title="bbox 1902 2871 3554 2957">
     <span class='ocr_line' id='line_1_52' title="bbox 1902 2871 3554 2957; baseline -0.007 -15"><span class='ocrx_word' id='word_1_349' title='bbox 1902 2886 2137 2942; x_wconf 74' lang='lat' dir='ltr'><strong>Jitatem</strong></span> <span class='ocrx_word' id='word_1_350' title='bbox 2179 2888 2502 2957; x_wconf 88' lang='lat' dir='ltr'><strong>:tanquam</strong></span> <span class='ocrx_word' id='word_1_351' title='bbox 2530 2881 2685 2936; x_wconf 88' lang='lat' dir='ltr'><strong>Deus</strong></span> <span class='ocrx_word' id='word_1_352' title='bbox 2736 2876 2896 2935; x_wconf 90' lang='lat' dir='ltr'><strong>enim</strong></span> <span class='ocrx_word' id='word_1_353' title='bbox 2939 2874 3218 2947; x_wconf 78' lang='lat' dir='ltr'><strong>cognovit</strong></span> <span class='ocrx_word' id='word_1_354' title='bbox 3245 2871 3554 2944; x_wconf 82' lang='lat' dir='ltr'><strong>cogitatio-</strong></span> 
     </span>
    </p>
   </div>
   <div class='ocr_carea' id='block_1_53' title="bbox 187 2985 1784 3032">
    <p class='ocr_par' dir='ltr' id='par_1_53' title="bbox 187 2985 294 3028">
     <span class='ocr_line' id='line_1_53' title="bbox 187 2985 294 3028; baseline -0.009 0"><span class='ocrx_word' id='word_1_355' title='bbox 187 2985 294 3028; x_wconf 87' lang='grc' dir='ltr'>τῶν.</span> 
     </span>
    </p>
   </div>
   <div class='ocr_carea' id='block_1_54' title="bbox 1902 2985 2255 3032">
    <p class='ocr_par' dir='ltr' id='par_1_54' title="bbox 1902 2990 2255 3031">
     <span class='ocr_line' id='line_1_54' title="bbox 1902 2990 2255 3031; baseline -0.003 0"><span class='ocrx_word' id='word_1_356' title='bbox 1902 2992 1997 3031; x_wconf 80' lang='lat' dir='ltr'><strong>nes</strong></span> <span class='ocrx_word' id='word_1_357' title='bbox 2022 2990 2255 3031; x_wconf 87' lang='lat' dir='ltr'><strong>eorum.</strong></span> 
     </span>
    </p>
   </div>
   <div class='ocr_carea' id='block_1_55' title="bbox 251 3049 1784 3140">
    <p class='ocr_par' dir='ltr' id='par_1_55' title="bbox 251 3059 1781 3140">
     <span class='ocr_line' id='line_1_55' title="bbox 251 3059 1781 3140; baseline -0.008 -22"><span class='ocrx_word' id='word_1_358' title='bbox 251 3069 308 3118; x_wconf 84' lang='grc' dir='ltr'>Τί</span> <span class='ocrx_word' id='word_1_359' title='bbox 343 3072 518 3118; x_wconf 74' lang='grc' dir='ltr'>ταῦτα</span> <span class='ocrx_word' id='word_1_360' title='bbox 561 3095 628 3105; x_wconf 89' lang='lat'><strong>-—-</strong></span> <span class='ocrx_word' id='word_1_361' title='bbox 657 3065 966 3140; x_wconf 78' lang='grc' dir='ltr'>περιπάτει;</span> <span class='ocrx_word' id='word_1_362' title='bbox 1022 3064 1242 3135; x_wconf 81' lang='grc' dir='ltr'>Εἴρηται</span> <span class='ocrx_word' id='word_1_363' title='bbox 1289 3063 1376 3111; x_wconf 86' lang='grc' dir='ltr'>καὶ</span> <span class='ocrx_word' id='word_1_364' title='bbox 1401 3062 1518 3132; x_wconf 86' lang='grc' dir='ltr'>περὶ</span> <span class='ocrx_word' id='word_1_365' title='bbox 1565 3059 1781 3120; x_wconf 88' lang='grc' dir='ltr'>τούτων,</span> 
     </span>
    </p>
   </div>
   <div class='ocr_carea' id='block_1_56' title="bbox 1902 3049 3554 3140">
    <p class='ocr_par' dir='ltr' id='par_1_56' title="bbox 1963 3049 3554 3134">
     <span class='ocr_line' id='line_1_56' title="bbox 1963 3049 3554 3134; baseline -0.007 -16"><span class='ocrx_word' id='word_1_366' title='bbox 1963 3066 2122 3120; x_wconf 85' lang='lat' dir='ltr'><strong>Vers.</strong></span> <span class='ocrx_word' id='word_1_367' title='bbox 2151 3064 2205 3118; x_wconf 93' lang='lat'><strong>8.</strong></span> <span class='ocrx_word' id='word_1_368' title='bbox 2243 3063 2313 3120; x_wconf 88' lang='lat' dir='ltr'><strong>Ut</strong></span> <span class='ocrx_word' id='word_1_369' title='bbox 2337 3061 2481 3134; x_wconf 84' lang='lat' dir='ltr'><strong>quid</strong></span> <span class='ocrx_word' id='word_1_370' title='bbox 2511 3059 2718 3116; x_wconf 76' lang='lat' dir='ltr'><strong>hwc—</strong></span> <span class='ocrx_word' id='word_1_371' title='bbox 2751 3055 2919 3113; x_wconf 89' lang='lat' dir='ltr'><strong>Vers.</strong></span> <span class='ocrx_word' id='word_1_372' title='bbox 2948 3056 3004 3111; x_wconf 89' lang='lat'><strong>9.</strong></span> <span class='ocrx_word' id='word_1_373' title='bbox 3061 3049 3356 3111; x_wconf 80' lang='lat' dir='ltr'><strong>ambula?</strong></span> <span class='ocrx_word' id='word_1_374' title='bbox 3385 3049 3554 3109; x_wconf 90' lang='lat' dir='ltr'><strong>Simi-</strong></span> 
     </span>
    </p>
   </div>
   <div class='ocr_carea' id='block_1_57' title="bbox 190 3149 1784 3235">
    <p class='ocr_par' dir='ltr' id='par_1_57' title="bbox 190 3155 390 3227">
     <span class='ocr_line' id='line_1_57' title="bbox 190 3155 390 3227; baseline 0.02 -21"><span class='ocrx_word' id='word_1_375' title='bbox 190 3155 390 3227; x_wconf 85' lang='grc' dir='ltr'>ὁμοίως.</span> 
     </span>
    </p>
   </div>
   <div class='ocr_carea' id='block_1_58' title="bbox 1902 3149 2752 3235">
    <p class='ocr_par' dir='ltr' id='par_1_58' title="bbox 1902 3149 2752 3210">
     <span class='ocr_line' id='line_1_58' title="bbox 1902 3149 2752 3210; baseline -0.007 -3"><span class='ocrx_word' id='word_1_376' title='bbox 1902 3152 2026 3210; x_wconf 89' lang='lat' dir='ltr'><strong>liter</strong></span> <span class='ocrx_word' id='word_1_377' title='bbox 2053 3159 2111 3209; x_wconf 88' lang='lat' dir='ltr'><strong>et</strong></span> <span class='ocrx_word' id='word_1_378' title='bbox 2137 3152 2214 3209; x_wconf 91' lang='lat' dir='ltr'><strong>de</strong></span> <span class='ocrx_word' id='word_1_379' title='bbox 2242 3151 2358 3207; x_wconf 88' lang='lat' dir='ltr'><strong>hoc</strong></span> <span class='ocrx_word' id='word_1_380' title='bbox 2387 3149 2612 3206; x_wconf 90' lang='lat' dir='ltr'><strong>dictum</strong></span> <span class='ocrx_word' id='word_1_381' title='bbox 2642 3149 2752 3203; x_wconf 85' lang='lat' dir='ltr'><strong>est.</strong></span> 
     </span>
    </p>
   </div>
   <div class='ocr_carea' id='block_1_59' title="bbox 250 3229 1784 3316">
    <p class='ocr_par' dir='ltr' id='par_1_59' title="bbox 250 3235 1784 3316">
     <span class='ocr_line' id='line_1_59' title="bbox 250 3235 1784 3316; baseline -0.006 -18"><span class='ocrx_word' id='word_1_382' title='bbox 250 3244 354 3298; x_wconf 83' lang='grc' dir='ltr'>Ἰνα</span> <span class='ocrx_word' id='word_1_383' title='bbox 383 3277 456 3286; x_wconf 96' lang='grc'><strong><em>-</em></strong></span> <span class='ocrx_word' id='word_1_384' title='bbox 488 3241 628 3297; x_wconf 81' lang='grc' dir='ltr'>οἶκόν</span> <span class='ocrx_word' id='word_1_385' title='bbox 661 3263 777 3297; x_wconf 92' lang='grc' dir='ltr'>σου.</span> <span class='ocrx_word' id='word_1_386' title='bbox 813 3247 913 3296; x_wconf 81' lang='grc' dir='ltr'><strong>Καὶ</strong></span> <span class='ocrx_word' id='word_1_387' title='bbox 950 3245 1070 3316; x_wconf 86' lang='grc' dir='ltr'>περὶ</span> <span class='ocrx_word' id='word_1_388' title='bbox 1099 3242 1294 3294; x_wconf 86' lang='grc' dir='ltr'>τούτων</span> <span class='ocrx_word' id='word_1_389' title='bbox 1325 3239 1375 3292; x_wconf 83' lang='grc' dir='ltr'>ἐν</span> <span class='ocrx_word' id='word_1_390' title='bbox 1407 3247 1478 3311; x_wconf 84' lang='grc' dir='ltr'>τῷ</span> <span class='ocrx_word' id='word_1_391' title='bbox 1501 3235 1536 3292; x_wconf 85' lang='grc' dir='ltr'><strong>δ</strong></span> <span class='ocrx_word' id='word_1_392' title='bbox 1541 3237 1784 3297; x_wconf 84' lang='grc' dir='ltr'>ηλωθέντι</span> 
     </span>
    </p>
   </div>
   <div class='ocr_carea' id='block_1_60' title="bbox 1902 3229 3560 3316">
    <p class='ocr_par' dir='ltr' id='par_1_60' title="bbox 1968 3229 3560 3300">
     <span class='ocr_line' id='line_1_60' title="bbox 1968 3229 3560 3300; baseline -0.01 1"><span class='ocrx_word' id='word_1_393' title='bbox 1968 3245 2130 3300; x_wconf 87' lang='lat' dir='ltr'><strong>Vers.</strong></span> <span class='ocrx_word' id='word_1_394' title='bbox 2189 3245 2274 3298; x_wconf 83' lang='grc'>10.</span> <span class='ocrx_word' id='word_1_395' title='bbox 2343 3240 2418 3298; x_wconf 91' lang='lat' dir='ltr'><strong>Ut</strong></span> <span class='ocrx_word' id='word_1_396' title='bbox 2465 3269 2536 3279; x_wconf 89' lang='lat'>—</span> <span class='ocrx_word' id='word_1_397' title='bbox 2589 3239 2747 3293; x_wconf 89' lang='lat' dir='ltr'><strong>Vers.</strong></span> <span class='ocrx_word' id='word_1_398' title='bbox 2808 3239 2893 3290; x_wconf 75' lang='lat' dir='ltr'><strong>lt.</strong></span> <span class='ocrx_word' id='word_1_399' title='bbox 2952 3233 3188 3290; x_wconf 84' lang='lat' dir='ltr'><strong>domum</strong></span> <span class='ocrx_word' id='word_1_400' title='bbox 3241 3235 3432 3287; x_wconf 85' lang='lat' dir='ltr'><strong>tuam.</strong></span> <span class='ocrx_word' id='word_1_401' title='bbox 3491 3229 3560 3285; x_wconf 89' lang='lat' dir='ltr'><strong>Et</strong></span> 
     </span>
    </p>
   </div>
   <div class='ocr_carea' id='block_1_61' title="bbox 192 3320 1784 3410">
    <p class='ocr_par' dir='ltr' id='par_1_61' title="bbox 192 3334 822 3410">
     <span class='ocr_line' id='line_1_61' title="bbox 192 3334 822 3410; baseline 0.002 -26"><span class='ocrx_word' id='word_1_402' title='bbox 192 3334 436 3408; x_wconf 81' lang='grc' dir='ltr'>κεφαλαίῳ</span> <span class='ocrx_word' id='word_1_403' title='bbox 481 3335 822 3410; x_wconf 75' lang='grc' dir='ltr'>ἡρμήνευται.</span> 
     </span>
    </p>
   </div>
   <div class='ocr_carea' id='block_1_62' title="bbox 1902 3320 3558 3410">
    <p class='ocr_par' dir='ltr' id='par_1_62' title="bbox 1902 3320 3558 3405">
     <span class='ocr_line' id='line_1_62' title="bbox 1902 3320 3558 3405; baseline -0.01 -13"><span class='ocrx_word' id='word_1_404' title='bbox 1902 3336 1974 3394; x_wconf 89' lang='lat' dir='ltr'><strong>de</strong></span> <span class='ocrx_word' id='word_1_405' title='bbox 2007 3333 2100 3390; x_wconf 89' lang='lat' dir='ltr'><strong>his</strong></span> <span class='ocrx_word' id='word_1_406' title='bbox 2141 3344 2387 3405; x_wconf 90' lang='lat' dir='ltr'><strong>quoque</strong></span> <span class='ocrx_word' id='word_1_407' title='bbox 2417 3328 2558 3384; x_wconf 88' lang='lat' dir='ltr'><strong>data</strong></span> <span class='ocrx_word' id='word_1_408' title='bbox 2597 3329 2685 3383; x_wconf 92' lang='lat' dir='ltr'><strong>est</strong></span> <span class='ocrx_word' id='word_1_409' title='bbox 2708 3322 2995 3398; x_wconf 72' lang='lat' dir='ltr'><strong>praedicto</strong></span> <span class='ocrx_word' id='word_1_410' title='bbox 3037 3321 3230 3395; x_wconf 88' lang='lat' dir='ltr'><strong>capite</strong></span> <span class='ocrx_word' id='word_1_411' title='bbox 3267 3320 3558 3393; x_wconf 83' lang='lat' dir='ltr'><strong>interpre-</strong></span> 
     </span>
    </p>
   </div>
   <div class='ocr_carea' id='block_1_63' title="bbox 1901 3426 2064 3484">
    <p class='ocr_par' dir='ltr' id='par_1_63' title="bbox 1901 3426 2064 3484">
     <span class='ocr_line' id='line_1_63' title="bbox 1901 3426 2064 3484; baseline -0.031 0"><span class='ocrx_word' id='word_1_412' title='bbox 1901 3426 2064 3484; x_wconf 88' lang='lat' dir='ltr'><strong>tatio.</strong></span> 
     </span>
    </p>
   </div>
   <div class='ocr_carea' id='block_1_64' title="bbox 258 3497 1784 3584">
    <p class='ocr_par' dir='ltr' id='par_1_64' title="bbox 258 3503 1784 3584">
     <span class='ocr_line' id='line_1_64' title="bbox 258 3503 1784 3584; baseline -0.005 -18"><span class='ocrx_word' id='word_1_413' title='bbox 258 3517 350 3566; x_wconf 76' lang='grc' dir='ltr'><strong>Καὶ</strong></span> <span class='ocrx_word' id='word_1_414' title='bbox 407 3513 612 3584; x_wconf 75' lang='grc' dir='ltr'>ἠγέρθη</span> <span class='ocrx_word' id='word_1_415' title='bbox 670 3541 738 3552; x_wconf 89' lang='grc'><strong><em>-</em></strong></span> <span class='ocrx_word' id='word_1_416' title='bbox 796 3506 1020 3582; x_wconf 80' lang='grc' dir='ltr'>εἴδομεν.</span> <span class='ocrx_word' id='word_1_417' title='bbox 1089 3513 1188 3563; x_wconf 80' lang='grc' dir='ltr'><strong>Καὶ</strong></span> <span class='ocrx_word' id='word_1_418' title='bbox 1235 3515 1404 3560; x_wconf 85' lang='grc' dir='ltr'>ταῦτα</span> <span class='ocrx_word' id='word_1_419' title='bbox 1451 3505 1623 3579; x_wconf 78' lang='grc' dir='ltr'>ἐκείνῳ</span> <span class='ocrx_word' id='word_1_420' title='bbox 1673 3503 1784 3559; x_wconf 85' lang='grc' dir='ltr'>δια-</span> 
     </span>
    </p>
   </div>
   <div class='ocr_carea' id='block_1_65' title="bbox 1902 3497 3562 3584">
    <p class='ocr_par' dir='ltr' id='par_1_65' title="bbox 1971 3497 3562 3570">
     <span class='ocr_line' id='line_1_65' title="bbox 1971 3497 3562 3570; baseline -0.01 0"><span class='ocrx_word' id='word_1_421' title='bbox 1971 3517 2131 3570; x_wconf 88' lang='lat' dir='ltr'><strong>Vers.</strong></span> <span class='ocrx_word' id='word_1_422' title='bbox 2170 3514 2251 3567; x_wconf 85' lang='grc'><strong>12.</strong></span> <span class='ocrx_word' id='word_1_423' title='bbox 2280 3509 2356 3566; x_wconf 91' lang='lat' dir='ltr'><strong>Et</strong></span> <span class='ocrx_word' id='word_1_424' title='bbox 2380 3505 2650 3564; x_wconf 72' lang='lat' dir='ltr'><strong>surrexit</strong></span> <span class='ocrx_word' id='word_1_425' title='bbox 2678 3536 2746 3546; x_wconf 97' lang='lat'><strong>—</strong></span> <span class='ocrx_word' id='word_1_426' title='bbox 2776 3502 3049 3560; x_wconf 75' lang='lat' dir='ltr'><strong>vidimus.</strong></span> <span class='ocrx_word' id='word_1_427' title='bbox 3081 3502 3147 3557; x_wconf 88' lang='lat' dir='ltr'><strong>Et</strong></span> <span class='ocrx_word' id='word_1_428' title='bbox 3174 3500 3304 3558; x_wconf 71' lang='lat' dir='ltr'><strong>haec</strong></span> <span class='ocrx_word' id='word_1_429' title='bbox 3334 3497 3562 3556; x_wconf 90' lang='lat' dir='ltr'><strong>ibidem</strong></span> 
     </span>
    </p>
   </div>
   <div class='ocr_carea' id='block_1_66' title="bbox 197 3587 1784 3677">
    <p class='ocr_par' dir='ltr' id='par_1_66' title="bbox 197 3594 1784 3673">
     <span class='ocr_line' id='line_1_66' title="bbox 197 3594 1784 3673; baseline -0.002 -22"><span class='ocrx_word' id='word_1_430' title='bbox 197 3604 504 3673; x_wconf 73' lang='grc' dir='ltr'>σεσάφηται.</span> <span class='ocrx_word' id='word_1_431' title='bbox 555 3597 822 3654; x_wconf 79' lang='grc' dir='ltr'>Οὐδέποτε</span> <span class='ocrx_word' id='word_1_432' title='bbox 872 3597 931 3652; x_wconf 66' lang='grc' dir='ltr'><strong>δε</strong></span> <span class='ocrx_word' id='word_1_433' title='bbox 979 3598 1142 3660; x_wconf 82' lang='grc' dir='ltr'>οὕτως</span> <span class='ocrx_word' id='word_1_434' title='bbox 1191 3594 1414 3670; x_wconf 78' lang='grc' dir='ltr'>εἴδομεν,</span> <span class='ocrx_word' id='word_1_435' title='bbox 1469 3595 1543 3669; x_wconf 79' lang='grc' dir='ltr'><strong>ἐφ’</strong></span> <span class='ocrx_word' id='word_1_436' title='bbox 1594 3596 1784 3670; x_wconf 80' lang='grc' dir='ltr'>ἐτέρου,</span> 
     </span>
    </p>
   </div>
   <div class='ocr_carea' id='block_1_67' title="bbox 1902 3587 3566 3677">
    <p class='ocr_par' dir='ltr' id='par_1_67' title="bbox 1902 3587 3566 3677">
     <span class='ocr_line' id='line_1_67' title="bbox 1902 3587 3566 3677; baseline -0.009 -16"><span class='ocrx_word' id='word_1_437' title='bbox 1902 3604 2219 3677; x_wconf 81' lang='lat' dir='ltr'><strong>explanata</strong></span> <span class='ocrx_word' id='word_1_438' title='bbox 2240 3602 2396 3655; x_wconf 85' lang='lat' dir='ltr'><strong>sunt.</strong></span> <span class='ocrx_word' id='word_1_439' title='bbox 2421 3600 2743 3668; x_wconf 88' lang='lat' dir='ltr'><strong>Nunquam</strong></span> <span class='ocrx_word' id='word_1_440' title='bbox 2756 3597 2958 3650; x_wconf 88' lang='lat' dir='ltr'><strong>autem</strong></span> <span class='ocrx_word' id='word_1_441' title='bbox 2978 3589 3268 3659; x_wconf 81' lang='lat' dir='ltr'><strong>vidimus,</strong></span> <span class='ocrx_word' id='word_1_442' title='bbox 3291 3587 3566 3646; x_wconf 82' lang='lat' dir='ltr'><strong>videlicet</strong></span> 
     </span>
    </p>
   </div>
   <div class='ocr_carea' id='block_1_68' title="bbox 196 3685 1784 3763">
    <p class='ocr_par' dir='ltr' id='par_1_68' title="bbox 196 3685 975 3763">
     <span class='ocr_line' id='line_1_68' title="bbox 196 3685 975 3763; baseline -0.001 -21"><span class='ocrx_word' id='word_1_443' title='bbox 196 3685 444 3756; x_wconf 78' lang='grc' dir='ltr'>δηλονότι,</span> <span class='ocrx_word' id='word_1_444' title='bbox 485 3697 975 3763; x_wconf 77' lang='grc' dir='ltr'>τερατουργοῦντος.</span> 
     </span>
    </p>
   </div>
   <div class='ocr_carea' id='block_1_69' title="bbox 1902 3685 3072 3763">
    <p class='ocr_par' dir='ltr' id='par_1_69' title="bbox 1903 3685 3072 3762">
     <span class='ocr_line' id='line_1_69' title="bbox 1903 3685 3072 3762; baseline -0.013 -10"><span class='ocrx_word' id='word_1_445' title='bbox 1903 3696 1982 3753; x_wconf 90' lang='lat' dir='ltr'><strong>ab</strong></span> <span class='ocrx_word' id='word_1_446' title='bbox 2012 3694 2156 3758; x_wconf 78' lang='lat' dir='ltr'><strong>alio,</strong></span> <span class='ocrx_word' id='word_1_447' title='bbox 2189 3689 2291 3762; x_wconf 91' lang='lat' dir='ltr'><strong>qui</strong></span> <span class='ocrx_word' id='word_1_448' title='bbox 2327 3685 2678 3744; x_wconf 85' lang='lat' dir='ltr'><strong>admiranda</strong></span> <span class='ocrx_word' id='word_1_449' title='bbox 2706 3692 3072 3756; x_wconf 85' lang='lat' dir='ltr'><strong>operaretur.</strong></span> 
     </span>
    </p>
   </div>
   <div class='ocr_carea' id='block_1_70' title="bbox 259 3767 1784 3850">
    <p class='ocr_par' dir='ltr' id='par_1_70' title="bbox 259 3775 1784 3850">
     <span class='ocr_line' id='line_1_70' title="bbox 259 3775 1784 3850; baseline -0.003 -17"><span class='ocrx_word' id='word_1_450' title='bbox 259 3787 353 3834; x_wconf 83' lang='grc' dir='ltr'>Καὶ</span> <span class='ocrx_word' id='word_1_451' title='bbox 401 3812 482 3821; x_wconf 93' lang='lat'><strong>—</strong></span> <span class='ocrx_word' id='word_1_452' title='bbox 538 3780 748 3841; x_wconf 88' lang='grc' dir='ltr'>αύτούς.</span> <span class='ocrx_word' id='word_1_453' title='bbox 795 3778 1028 3846; x_wconf 84' lang='grc' dir='ltr'>Ἐξῆλθε,</span> <span class='ocrx_word' id='word_1_454' title='bbox 1085 3781 1282 3850; x_wconf 78' lang='grc' dir='ltr'>φεύγων</span> <span class='ocrx_word' id='word_1_455' title='bbox 1338 3797 1392 3830; x_wconf 90' lang='grc' dir='ltr'><strong>τε</strong></span> <span class='ocrx_word' id='word_1_456' title='bbox 1443 3780 1530 3829; x_wconf 90' lang='grc' dir='ltr'><strong>τόν</strong></span> <span class='ocrx_word' id='word_1_457' title='bbox 1583 3775 1667 3830; x_wconf 83' lang='grc' dir='ltr'><strong>ἐπὶ</strong></span> <span class='ocrx_word' id='word_1_458' title='bbox 1718 3784 1784 3848; x_wconf 79' lang='grc' dir='ltr'>τῷ</span> 
     </span>
    </p>
   </div>
   <div class='ocr_carea' id='block_1_71' title="bbox 1902 3767 3566 3850">
    <p class='ocr_par' dir='ltr' id='par_1_71' title="bbox 1979 3767 3566 3848">
     <span class='ocr_line' id='line_1_71' title="bbox 1979 3767 3566 3848; baseline -0.011 -7"><span class='ocrx_word' id='word_1_459' title='bbox 1979 3788 2136 3841; x_wconf 87' lang='lat' dir='ltr'><strong>Vers.</strong></span> <span class='ocrx_word' id='word_1_460' title='bbox 2161 3784 2248 3837; x_wconf 90' lang='grc'>13.</span> <span class='ocrx_word' id='word_1_461' title='bbox 2273 3780 2347 3836; x_wconf 86' lang='grc' dir='ltr'>Ει</span> <span class='ocrx_word' id='word_1_462' title='bbox 2368 3811 2437 3819; x_wconf 90' lang='grc'><strong><em>-</em></strong></span> <span class='ocrx_word' id='word_1_463' title='bbox 2459 3793 2573 3835; x_wconf 81' lang='lat' dir='ltr'><strong>eos.</strong></span> <span class='ocrx_word' id='word_1_464' title='bbox 2599 3779 2883 3848; x_wconf 83' lang='lat' dir='ltr'><strong>Egressus</strong></span> <span class='ocrx_word' id='word_1_465' title='bbox 2905 3778 2996 3829; x_wconf 92' lang='lat' dir='ltr'><strong>est</strong></span> <span class='ocrx_word' id='word_1_466' title='bbox 3014 3769 3254 3842; x_wconf 83' lang='lat' dir='ltr'><strong>fugiens</strong></span> <span class='ocrx_word' id='word_1_467' title='bbox 3277 3767 3566 3842; x_wconf 88' lang='lat' dir='ltr'><strong>plausum</strong></span> 
     </span>
    </p>
   </div>
   <div class='ocr_carea' id='block_1_72' title="bbox 199 3859 1784 3943">
    <p class='ocr_par' dir='ltr' id='par_1_72' title="bbox 199 3864 1361 3943">
     <span class='ocr_line' id='line_1_72' title="bbox 199 3864 1361 3943; baseline 0.002 -23"><span class='ocrx_word' id='word_1_468' title='bbox 199 3869 410 3943; x_wconf 82' lang='grc' dir='ltr'>θαύματι</span> <span class='ocrx_word' id='word_1_469' title='bbox 439 3875 652 3943; x_wconf 79' lang='grc' dir='ltr'>κρότον,</span> <span class='ocrx_word' id='word_1_470' title='bbox 685 3873 771 3920; x_wconf 84' lang='grc' dir='ltr'>καὶ</span> <span class='ocrx_word' id='word_1_471' title='bbox 795 3864 1004 3920; x_wconf 80' lang='grc' dir='ltr'>ὶδιάσαι</span> <span class='ocrx_word' id='word_1_472' title='bbox 1035 3865 1361 3940; x_wconf 85' lang='grc' dir='ltr'>βουλόμενος.</span> 
     </span>
    </p>
   </div>
   <div class='ocr_carea' id='block_1_73' title="bbox 1902 3859 3280 3943">
    <p class='ocr_par' dir='ltr' id='par_1_73' title="bbox 1904 3859 3280 3940">
     <span class='ocr_line' id='line_1_73' title="bbox 1904 3859 3280 3940; baseline -0.013 -7"><span class='ocrx_word' id='word_1_473' title='bbox 1904 3876 1980 3932; x_wconf 90' lang='lat' dir='ltr'><strong>de</strong></span> <span class='ocrx_word' id='word_1_474' title='bbox 2009 3871 2320 3938; x_wconf 88' lang='lat' dir='ltr'><strong>miraculo,</strong></span> <span class='ocrx_word' id='word_1_475' title='bbox 2357 3873 2412 3925; x_wconf 90' lang='lat' dir='ltr'><strong>et</strong></span> <span class='ocrx_word' id='word_1_476' title='bbox 2442 3867 2687 3940; x_wconf 90' lang='lat' dir='ltr'><strong>cupiens</strong></span> <span class='ocrx_word' id='word_1_477' title='bbox 2719 3881 2756 3922; x_wconf 88' lang='lat' dir='ltr'><strong>a</strong></span> <span class='ocrx_word' id='word_1_478' title='bbox 2785 3861 2961 3920; x_wconf 89' lang='lat' dir='ltr'><strong>turba</strong></span> <span class='ocrx_word' id='word_1_479' title='bbox 2990 3859 3280 3934; x_wconf 89' lang='lat' dir='ltr'><strong>separari.</strong></span> 
     </span>
    </p>
   </div>
   <div class='ocr_carea' id='block_1_74' title="bbox 529 3987 1784 4067">
    <p class='ocr_par' dir='ltr' id='par_1_74' title="bbox 529 3991 1460 4067">
     <span class='ocr_line' id='line_1_74' title="bbox 529 3991 1460 4067; baseline -0.001 -19"><span class='ocrx_word' id='word_1_480' title='bbox 529 3999 673 4048; x_wconf 77' lang='grc' dir='ltr'>ΚΕΦ.</span> <span class='ocrx_word' id='word_1_481' title='bbox 713 3991 764 4056; x_wconf 86' lang='grc' dir='ltr'>ς’.</span> <span class='ocrx_word' id='word_1_482' title='bbox 795 3998 921 4067; x_wconf 86' lang='grc' dir='ltr'>Περὶ</span> <span class='ocrx_word' id='word_1_483' title='bbox 953 3995 1079 4046; x_wconf 75' lang='grc' dir='ltr'>Λευὶ</span> <span class='ocrx_word' id='word_1_484' title='bbox 1103 3999 1194 4045; x_wconf 84' lang='grc' dir='ltr'>τοῦ</span> <span class='ocrx_word' id='word_1_485' title='bbox 1220 3992 1460 4048; x_wconf 84' lang='grc' dir='ltr'>τελώνου.</span> 
     </span>
    </p>
   </div>
   <div class='ocr_carea' id='block_1_75' title="bbox 1902 3987 3207 4067">
    <p class='ocr_par' dir='ltr' id='par_1_75' title="bbox 2266 3987 3207 4059">
     <span class='ocr_line' id='line_1_75' title="bbox 2266 3987 3207 4059; baseline -0.011 -9"><span class='ocrx_word' id='word_1_486' title='bbox 2266 3994 2422 4052; x_wconf 80' lang='lat' dir='ltr'><strong>CAP.</strong></span> <span class='ocrx_word' id='word_1_487' title='bbox 2454 3992 2545 4048; x_wconf 87' lang='lat' dir='ltr'><strong>VI.</strong></span> <span class='ocrx_word' id='word_1_488' title='bbox 2588 3993 2669 4046; x_wconf 84' lang='lat' dir='ltr'><strong>De</strong></span> <span class='ocrx_word' id='word_1_489' title='bbox 2699 3988 2840 4046; x_wconf 87' lang='lat' dir='ltr'><strong>Levi</strong></span> <span class='ocrx_word' id='word_1_490' title='bbox 2866 3987 3207 4059; x_wconf 84' lang='lat' dir='ltr'><strong>publicano.</strong></span> 
     </span>
    </p>
   </div>
   <div class='ocr_carea' id='block_1_76' title="bbox 262 4088 1784 4176">
    <p class='ocr_par' dir='ltr' id='par_1_76' title="bbox 262 4099 1784 4176">
     <span class='ocr_line' id='line_1_76' title="bbox 262 4099 1784 4176; baseline -0.001 -20"><span class='ocrx_word' id='word_1_491' title='bbox 262 4109 357 4156; x_wconf 83' lang='grc' dir='ltr'><strong>Καὶ</strong></span> <span class='ocrx_word' id='word_1_492' title='bbox 410 4105 667 4176; x_wconf 76' lang='grc' dir='ltr'>παράγων</span> <span class='ocrx_word' id='word_1_493' title='bbox 717 4132 784 4142; x_wconf 84' lang='lat'><strong>-—-</strong></span> <span class='ocrx_word' id='word_1_494' title='bbox 836 4101 998 4170; x_wconf 83' lang='grc' dir='ltr'>αύτῷ.</span> <span class='ocrx_word' id='word_1_495' title='bbox 1038 4099 1098 4152; x_wconf 75' lang='grc' dir='ltr'>Ὀ</span> <span class='ocrx_word' id='word_1_496' title='bbox 1162 4104 1312 4160; x_wconf 80' lang='grc' dir='ltr'>Λευὶς</span> <span class='ocrx_word' id='word_1_497' title='bbox 1361 4101 1529 4165; x_wconf 79' lang='grc' dir='ltr'>οὗτος,</span> <span class='ocrx_word' id='word_1_498' title='bbox 1588 4102 1784 4156; x_wconf 90' lang='grc' dir='ltr'>ὀΜατ-</span> 
     </span>
    </p>
   </div>
   <div class='ocr_carea' id='block_1_77' title="bbox 1902 4088 3574 4176">
    <p class='ocr_par' dir='ltr' id='par_1_77' title="bbox 1978 4088 3574 4172">
     <span class='ocr_line' id='line_1_77' title="bbox 1978 4088 3574 4172; baseline -0.009 -11"><span class='ocrx_word' id='word_1_499' title='bbox 1978 4109 2137 4161; x_wconf 82' lang='lat' dir='ltr'><strong>Vers.</strong></span> <span class='ocrx_word' id='word_1_500' title='bbox 2187 4104 2271 4159; x_wconf 77' lang='grc'>14.</span> <span class='ocrx_word' id='word_1_501' title='bbox 2323 4103 2402 4157; x_wconf 89' lang='lat' dir='ltr'><strong>Et</strong></span> <span class='ocrx_word' id='word_1_502' title='bbox 2450 4097 2783 4172; x_wconf 65' lang='lat' dir='ltr'><strong>praeteriens</strong></span> <span class='ocrx_word' id='word_1_503' title='bbox 2826 4124 2898 4136; x_wconf 92' lang='lat'>—</span> <span class='ocrx_word' id='word_1_504' title='bbox 2946 4108 3099 4150; x_wconf 86' lang='lat' dir='ltr'><strong>eum.</strong></span> <span class='ocrx_word' id='word_1_505' title='bbox 3151 4091 3289 4148; x_wconf 86' lang='lat' dir='ltr'><strong>Levi</strong></span> <span class='ocrx_word' id='word_1_506' title='bbox 3341 4088 3438 4146; x_wconf 91' lang='lat' dir='ltr'><strong>hic</strong></span> <span class='ocrx_word' id='word_1_507' title='bbox 3482 4095 3574 4148; x_wconf 90' lang='lat' dir='ltr'><strong>est</strong></span> 
     </span>
    </p>
   </div>
   <div class='ocr_carea' id='block_1_78' title="bbox 199 4179 1784 4266">
    <p class='ocr_par' dir='ltr' id='par_1_78' title="bbox 199 4186 1784 4266">
     <span class='ocr_line' id='line_1_78' title="bbox 199 4186 1784 4266; baseline 0.002 -25"><span class='ocrx_word' id='word_1_508' title='bbox 199 4192 334 4254; x_wconf 83' lang='grc' dir='ltr'>θαῐός</span> <span class='ocrx_word' id='word_1_509' title='bbox 386 4192 523 4246; x_wconf 77' lang='grc' dir='ltr'>ἔστι.</span> <span class='ocrx_word' id='word_1_510' title='bbox 574 4196 835 4262; x_wconf 84' lang='grc' dir='ltr'>Διώνυμος</span> <span class='ocrx_word' id='word_1_511' title='bbox 891 4194 992 4265; x_wconf 81' lang='grc' dir='ltr'>γὰρ</span> <span class='ocrx_word' id='word_1_512' title='bbox 1199 4194 1323 4264; x_wconf 89' lang='grc' dir='ltr'>Περὶ</span> <span class='ocrx_word' id='word_1_513' title='bbox 1372 4190 1432 4242; x_wconf 78' lang='grc' dir='ltr'>οὗ</span> <span class='ocrx_word' id='word_1_514' title='bbox 1487 4190 1784 4266; x_wconf 84' lang='grc' dir='ltr'>λεπτομερέ-</span> 
     </span>
    </p>
   </div>
   <div class='ocr_carea' id='block_1_79' title="bbox 1902 4179 3573 4266">
    <p class='ocr_par' dir='ltr' id='par_1_79' title="bbox 1909 4179 3573 4258">
     <span class='ocr_line' id='line_1_79' title="bbox 1909 4179 3573 4258; baseline -0.011 -6"><span class='ocrx_word' id='word_1_515' title='bbox 1909 4194 2221 4252; x_wconf 74' lang='lat' dir='ltr'><strong>Matthseus</strong></span> <span class='ocrx_word' id='word_1_516' title='bbox 2248 4209 2261 4258; x_wconf 95' lang='lat'>;</span> <span class='ocrx_word' id='word_1_517' title='bbox 2296 4195 2421 4247; x_wconf 89' lang='lat' dir='ltr'><strong>erat</strong></span> <span class='ocrx_word' id='word_1_518' title='bbox 2445 4188 2606 4245; x_wconf 90' lang='lat' dir='ltr'><strong>enim</strong></span> <span class='ocrx_word' id='word_1_519' title='bbox 2631 4183 2978 4249; x_wconf 88' lang='lat' dir='ltr'><strong>binominis,</strong></span> <span class='ocrx_word' id='word_1_520' title='bbox 3006 4182 3082 4237; x_wconf 90' lang='lat' dir='ltr'><strong>de</strong></span> <span class='ocrx_word' id='word_1_521' title='bbox 3111 4196 3234 4253; x_wconf 89' lang='lat' dir='ltr'><strong>quo</strong></span> <span class='ocrx_word' id='word_1_522' title='bbox 3259 4179 3573 4252; x_wconf 83' lang='lat' dir='ltr'><strong>particula-</strong></span> 
     </span>
    </p>
   </div>
   <div class='ocr_carea' id='block_1_80' title="bbox 199 4269 1784 4354">
    <p class='ocr_par' dir='ltr' id='par_1_80' title="bbox 199 4275 1784 4354">
     <span class='ocr_line' id='line_1_80' title="bbox 199 4275 1784 4354; baseline -0.001 -20"><span class='ocrx_word' id='word_1_523' title='bbox 199 4301 366 4354; x_wconf 80' lang='grc' dir='ltr'>στερον</span> <span class='ocrx_word' id='word_1_524' title='bbox 447 4281 497 4334; x_wconf 81' lang='grc' dir='ltr'>ἐν</span> <span class='ocrx_word' id='word_1_525' title='bbox 574 4288 645 4351; x_wconf 79' lang='grc' dir='ltr'>τῷ</span> <span class='ocrx_word' id='word_1_526' title='bbox 731 4275 1290 4352; x_wconf 73' lang='grc' dir='ltr'>τεσσαρεσκαιδεκάτῳ</span> <span class='ocrx_word' id='word_1_527' title='bbox 1370 4279 1628 4351; x_wconf 75' lang='grc' dir='ltr'>κεφαλαίῳ</span> <span class='ocrx_word' id='word_1_528' title='bbox 1708 4290 1784 4333; x_wconf 71' lang='grc' dir='ltr'><strong>τοί</strong></span> 
     </span>
    </p>
   </div>
   <div class='ocr_carea' id='block_1_81' title="bbox 1902 4269 3574 4354">
    <p class='ocr_par' dir='ltr' id='par_1_81' title="bbox 1909 4269 3574 4347">
     <span class='ocr_line' id='line_1_81' title="bbox 1909 4269 3574 4347; baseline -0.01 -5"><span class='ocrx_word' id='word_1_529' title='bbox 1909 4288 2028 4343; x_wconf 88' lang='lat' dir='ltr'><strong>rius</strong></span> <span class='ocrx_word' id='word_1_530' title='bbox 2076 4285 2304 4340; x_wconf 89' lang='lat' dir='ltr'><strong>dictum</strong></span> <span class='ocrx_word' id='word_1_531' title='bbox 2357 4288 2444 4337; x_wconf 89' lang='lat' dir='ltr'><strong>est</strong></span> <span class='ocrx_word' id='word_1_532' title='bbox 2486 4278 2721 4335; x_wconf 89' lang='lat' dir='ltr'><strong>decimo</strong></span> <span class='ocrx_word' id='word_1_533' title='bbox 2770 4278 2986 4347; x_wconf 87' lang='lat' dir='ltr'><strong>quarto</strong></span> <span class='ocrx_word' id='word_1_534' title='bbox 3033 4271 3226 4345; x_wconf 90' lang='lat' dir='ltr'><strong>capite</strong></span> <span class='ocrx_word' id='word_1_535' title='bbox 3269 4269 3574 4340; x_wconf 85' lang='lat' dir='ltr'><strong>Evangelii</strong></span> 
     </span>
    </p>
   </div>
   <div class='ocr_carea' id='block_1_82' title="bbox 195 4359 1784 4444">
    <p class='ocr_par' dir='ltr' id='par_1_82' title="bbox 195 4367 1784 4444">
     <span class='ocr_line' id='line_1_82' title="bbox 195 4367 1784 4444; baseline 0.002 -24"><span class='ocrx_word' id='word_1_536' title='bbox 195 4375 319 4423; x_wconf 82' lang='grc' dir='ltr'>κατὰ</span> <span class='ocrx_word' id='word_1_537' title='bbox 389 4373 665 4424; x_wconf 86' lang='grc' dir='ltr'>Ματθαίον</span> <span class='ocrx_word' id='word_1_538' title='bbox 739 4369 1058 4441; x_wconf 81' lang='grc' dir='ltr'>Εύαγγελίου</span> <span class='ocrx_word' id='word_1_539' title='bbox 1128 4373 1455 4443; x_wconf 84' lang='grc' dir='ltr'>προείρηται.</span> <span class='ocrx_word' id='word_1_540' title='bbox 1515 4368 1650 4444; x_wconf 90' lang='grc' dir='ltr'>Ὀρα</span> <span class='ocrx_word' id='word_1_541' title='bbox 1718 4367 1784 4434; x_wconf 68' lang='grc' dir='ltr'><strong>δὲ⁴</strong></span> 
     </span>
    </p>
   </div>
   <div class='ocr_carea' id='block_1_83' title="bbox 1902 4359 3574 4444">
    <p class='ocr_par' dir='ltr' id='par_1_83' title="bbox 1911 4359 3574 4435">
     <span class='ocr_line' id='line_1_83' title="bbox 1911 4359 3574 4435; baseline -0.011 -2"><span class='ocrx_word' id='word_1_542' title='bbox 1911 4375 2244 4432; x_wconf 89' lang='lat' dir='ltr'><strong>secundum</strong></span> <span class='ocrx_word' id='word_1_543' title='bbox 2289 4370 2653 4427; x_wconf 79' lang='lat' dir='ltr'><strong>Matthaeum.</strong></span> <span class='ocrx_word' id='word_1_544' title='bbox 2697 4366 2836 4422; x_wconf 86' lang='lat' dir='ltr'><strong>Vide</strong></span> <span class='ocrx_word' id='word_1_545' title='bbox 2876 4367 3080 4420; x_wconf 90' lang='lat' dir='ltr'><strong>autem</strong></span> <span class='ocrx_word' id='word_1_546' title='bbox 3119 4359 3430 4435; x_wconf 89' lang='lat' dir='ltr'><strong>quomodo</strong></span> <span class='ocrx_word' id='word_1_547' title='bbox 3468 4375 3574 4416; x_wconf 88' lang='lat' dir='ltr'><strong>eos</strong></span> 
     </span>
    </p>
   </div>
   <div class='ocr_carea' id='block_1_84' title="bbox 192 4448 1784 4539">
    <p class='ocr_par' dir='ltr' id='par_1_84' title="bbox 192 4457 1784 4534">
     <span class='ocr_line' id='line_1_84' title="bbox 192 4457 1784 4534; baseline 0.001 -22"><span class='ocrx_word' id='word_1_548' title='bbox 192 4470 297 4522; x_wconf 84' lang='grc' dir='ltr'>πῶς</span> <span class='ocrx_word' id='word_1_549' title='bbox 346 4460 613 4532; x_wconf 78' lang='grc' dir='ltr'>ἐκλέγεται</span> <span class='ocrx_word' id='word_1_550' title='bbox 664 4462 788 4520; x_wconf 79' lang='grc' dir='ltr'>τοὺς</span> <span class='ocrx_word' id='word_1_551' title='bbox 857 4457 1053 4524; x_wconf 81' lang='grc' dir='ltr'>ἀξίους,</span> <span class='ocrx_word' id='word_1_552' title='bbox 1117 4461 1290 4531; x_wconf 81' lang='grc' dir='ltr'>ὥσπερ</span> <span class='ocrx_word' id='word_1_553' title='bbox 1353 4464 1682 4534; x_wconf 83' lang='grc' dir='ltr'>μαργαρίτας</span> <span class='ocrx_word' id='word_1_554' title='bbox 1752 4459 1784 4512; x_wconf 62' lang='grc' dir='ltr'><strong>ἐπ</strong></span> 
     </span>
    </p>
   </div>
   <div class='ocr_carea' id='block_1_85' title="bbox 1902 4448 3574 4539">
    <p class='ocr_par' dir='ltr' id='par_1_85' title="bbox 1911 4448 3574 4539">
     <span class='ocr_line' id='line_1_85' title="bbox 1911 4448 3574 4539; baseline -0.008 -18"><span class='ocrx_word' id='word_1_555' title='bbox 1911 4466 2017 4539; x_wconf 88' lang='lat' dir='ltr'><strong>qui</strong></span> <span class='ocrx_word' id='word_1_556' title='bbox 2065 4462 2232 4534; x_wconf 90' lang='lat' dir='ltr'><strong>digni</strong></span> <span class='ocrx_word' id='word_1_557' title='bbox 2280 4464 2418 4517; x_wconf 88' lang='lat' dir='ltr'><strong>sunt</strong></span> <span class='ocrx_word' id='word_1_558' title='bbox 2458 4457 2657 4528; x_wconf 89' lang='lat' dir='ltr'><strong>eligat,</strong></span> <span class='ocrx_word' id='word_1_559' title='bbox 2700 4453 2876 4529; x_wconf 88' lang='lat' dir='ltr'><strong>quasi</strong></span> <span class='ocrx_word' id='word_1_560' title='bbox 2928 4451 3287 4524; x_wconf 89' lang='lat' dir='ltr'><strong>margaritas</strong></span> <span class='ocrx_word' id='word_1_561' title='bbox 3333 4449 3397 4506; x_wconf 94' lang='lat' dir='ltr'><strong>in</strong></span> <span class='ocrx_word' id='word_1_562' title='bbox 3448 4448 3574 4507; x_wconf 89' lang='lat' dir='ltr'><strong>luto</strong></span> 
     </span>
    </p>
   </div>
   <div class='ocr_carea' id='block_1_86' title="bbox 197 4530 1784 4628">
    <p class='ocr_par' dir='ltr' id='par_1_86' title="bbox 197 4530 1544 4623">
     <span class='ocr_line' id='line_1_86' title="bbox 197 4530 1544 4623; baseline -0.006 -21"><span class='ocrx_word' id='word_1_563' title='bbox 197 4548 436 4623; x_wconf 77' lang='grc' dir='ltr'>βορϐόρῳ</span> <span class='ocrx_word' id='word_1_564' title='bbox 463 4530 752 4621; x_wconf 77' lang='grc' dir='ltr'>κειμένους.</span> <span class='ocrx_word' id='word_1_565' title='bbox 1264 4530 1269 4531; x_wconf 16' lang='grc'><strong><em>⁷</em></strong></span> <span class='ocrx_word' id='word_1_566' title='bbox 1356 4530 1360 4531; x_wconf 13' lang='lat'><em>7</em></span> <span class='ocrx_word' id='word_1_567' title='bbox 1429 4530 1438 4534; x_wconf 37' lang='lat'>&#39;</span> <span class='ocrx_word' id='word_1_568' title='bbox 1535 4530 1544 4534; x_wconf 26' lang='lat' dir='ltr'><strong>v</strong></span> 
     </span>
    </p>
   </div>
   <div class='ocr_carea' id='block_1_87' title="bbox 1902 4530 2197 4628">
    <p class='ocr_par' dir='ltr' id='par_1_87' title="bbox 1908 4530 2197 4628">
     <span class='ocr_line' id='line_1_87' title="bbox 1908 4530 2197 4628; baseline -0.017 -16"><span class='ocrx_word' id='word_1_569' title='bbox 1908 4530 2197 4628; x_wconf 45' lang='lat' dir='ltr'><strong>jacente&#39;s.</strong></span> 
     </span>
    </p>
   </div>
   <div class='ocr_carea' id='block_1_88' title="bbox 265 4628 1784 4712">
    <p class='ocr_par' dir='ltr' id='par_1_88' title="bbox 265 4637 1784 4712">
     <span class='ocr_line' id='line_1_88' title="bbox 265 4637 1784 4712; baseline -0.003 -18"><span class='ocrx_word' id='word_1_570' title='bbox 265 4646 365 4694; x_wconf 80' lang='grc' dir='ltr'><strong>Καὶ</strong></span> <span class='ocrx_word' id='word_1_571' title='bbox 395 4640 595 4712; x_wconf 73' lang='grc' dir='ltr'>ἐγένετο</span> <span class='ocrx_word' id='word_1_572' title='bbox 630 4669 694 4680; x_wconf 92' lang='lat'><strong>-—-</strong></span> <span class='ocrx_word' id='word_1_573' title='bbox 740 4637 900 4709; x_wconf 76' lang='grc' dir='ltr'>αὐτῷ.</span> <span class='ocrx_word' id='word_1_574' title='bbox 961 4642 1061 4691; x_wconf 82' lang='grc' dir='ltr'><strong>Καὶ</strong></span> <span class='ocrx_word' id='word_1_575' title='bbox 1104 4641 1223 4711; x_wconf 86' lang='grc' dir='ltr'>περὶ</span> <span class='ocrx_word' id='word_1_576' title='bbox 1276 4641 1469 4690; x_wconf 85' lang='grc' dir='ltr'>τούτων</span> <span class='ocrx_word' id='word_1_577' title='bbox 1508 4640 1714 4692; x_wconf 76' lang='grc' dir='ltr'>πάντων</span> <span class='ocrx_word' id='word_1_578' title='bbox 1754 4639 1784 4690; x_wconf 74' lang='lat' dir='ltr'><strong>in</strong></span> 
     </span>
    </p>
   </div>
   <div class='ocr_carea' id='block_1_89' title="bbox 1902 4628 3575 4712">
    <p class='ocr_par' dir='ltr' id='par_1_89' title="bbox 1981 4628 3575 4708">
     <span class='ocr_line' id='line_1_89' title="bbox 1981 4628 3575 4708; baseline -0.008 -9"><span class='ocrx_word' id='word_1_579' title='bbox 1981 4644 2144 4699; x_wconf 85' lang='lat' dir='ltr'><strong>Vers.</strong></span> <span class='ocrx_word' id='word_1_580' title='bbox 2197 4641 2279 4696; x_wconf 79' lang='grc'><strong>15.</strong></span> <span class='ocrx_word' id='word_1_581' title='bbox 2329 4639 2408 4694; x_wconf 89' lang='lat' dir='ltr'><strong>Et</strong></span> <span class='ocrx_word' id='word_1_582' title='bbox 2437 4638 2665 4708; x_wconf 83' lang='lat' dir='ltr'><strong>factum</strong></span> <span class='ocrx_word' id='word_1_583' title='bbox 2703 4639 2787 4691; x_wconf 82' lang='lat' dir='ltr'><strong>est</strong></span> <span class='ocrx_word' id='word_1_584' title='bbox 2829 4663 2900 4676; x_wconf 92' lang='lat'><strong>—</strong></span> <span class='ocrx_word' id='word_1_585' title='bbox 2933 4646 3082 4688; x_wconf 81' lang='lat' dir='ltr'><strong>eum.</strong></span> <span class='ocrx_word' id='word_1_586' title='bbox 3126 4630 3320 4690; x_wconf 88' lang='lat' dir='ltr'><strong>Etiam</strong></span> <span class='ocrx_word' id='word_1_587' title='bbox 3364 4629 3440 4687; x_wconf 90' lang='lat' dir='ltr'><strong>de</strong></span> <span class='ocrx_word' id='word_1_588' title='bbox 3477 4628 3575 4688; x_wconf 87' lang='lat' dir='ltr'><strong>his</strong></span> 
     </span>
    </p>
   </div>
   <div class='ocr_carea' id='block_1_90' title="bbox 196 4725 1784 4801">
    <p class='ocr_par' dir='ltr' id='par_1_90' title="bbox 196 4728 1052 4801">
     <span class='ocr_line' id='line_1_90' title="bbox 196 4728 1052 4801; baseline -0.002 -20"><span class='ocrx_word' id='word_1_589' title='bbox 196 4728 365 4801; x_wconf 74' lang='grc' dir='ltr'>ἐκείνῳ</span> <span class='ocrx_word' id='word_1_590' title='bbox 393 4737 470 4800; x_wconf 77' lang='grc' dir='ltr'>τῷ</span> <span class='ocrx_word' id='word_1_591' title='bbox 507 4728 767 4800; x_wconf 77' lang='grc' dir='ltr'>κεφαλαίῳ</span> <span class='ocrx_word' id='word_1_592' title='bbox 800 4731 1052 4790; x_wconf 77' lang='grc' dir='ltr'>ζήτησον.</span> 
     </span>
    </p>
   </div>
   <div class='ocr_carea' id='block_1_91' title="bbox 1902 4725 2889 4801">
    <p class='ocr_par' dir='ltr' id='par_1_91' title="bbox 1911 4725 2889 4799">
     <span class='ocr_line' id='line_1_91' title="bbox 1911 4725 2889 4799; baseline -0.011 -9"><span class='ocrx_word' id='word_1_593' title='bbox 1911 4733 2194 4791; x_wconf 88' lang='lat' dir='ltr'><strong>omnibus</strong></span> <span class='ocrx_word' id='word_1_594' title='bbox 2224 4731 2285 4786; x_wconf 91' lang='lat' dir='ltr'><strong>in</strong></span> <span class='ocrx_word' id='word_1_595' title='bbox 2315 4744 2384 4785; x_wconf 91' lang='lat' dir='ltr'><strong>eo</strong></span> <span class='ocrx_word' id='word_1_596' title='bbox 2413 4728 2608 4799; x_wconf 86' lang='lat' dir='ltr'><strong>capite</strong></span> <span class='ocrx_word' id='word_1_597' title='bbox 2633 4725 2889 4797; x_wconf 88' lang='lat' dir='ltr'><strong>require.</strong></span> 
     </span>
    </p>
   </div>
   <div class='ocr_carea' id='block_1_92' title="bbox 267 4808 1784 4891">
    <p class='ocr_par' dir='ltr' id='par_1_92' title="bbox 267 4815 1784 4891">
     <span class='ocr_line' id='line_1_92' title="bbox 267 4815 1784 4891; baseline -0.002 -19"><span class='ocrx_word' id='word_1_598' title='bbox 267 4825 366 4872; x_wconf 82' lang='grc' dir='ltr'><strong>Καὶ</strong></span> <span class='ocrx_word' id='word_1_599' title='bbox 412 4849 486 4859; x_wconf 90' lang='grc'><strong>--</strong></span> <span class='ocrx_word' id='word_1_600' title='bbox 540 4817 876 4891; x_wconf 83' lang='grc' dir='ltr'>ἁμαρτωλούς</span> <span class='ocrx_word' id='word_1_601' title='bbox 909 4817 1044 4888; x_wconf 78' lang='lat'><strong>(‘26).</strong></span> <span class='ocrx_word' id='word_1_602' title='bbox 1095 4818 1178 4868; x_wconf 86' lang='grc' dir='ltr'>Ἐν</span> <span class='ocrx_word' id='word_1_603' title='bbox 1218 4815 1389 4888; x_wconf 79' lang='grc' dir='ltr'>ἐκείνῳ</span> <span class='ocrx_word' id='word_1_604' title='bbox 1434 4825 1504 4886; x_wconf 84' lang='grc' dir='ltr'>τῷ</span> <span class='ocrx_word' id='word_1_605' title='bbox 1545 4818 1784 4890; x_wconf 61' lang='grc' dir='ltr'>κεφαλαίο</span> 
     </span>
    </p>
   </div>
   <div class='ocr_carea' id='block_1_93' title="bbox 1902 4808 3579 4891">
    <p class='ocr_par' dir='ltr' id='par_1_93' title="bbox 1989 4808 3579 4882">
     <span class='ocr_line' id='line_1_93' title="bbox 1989 4808 3579 4882; baseline -0.006 -8"><span class='ocrx_word' id='word_1_606' title='bbox 1989 4823 2142 4875; x_wconf 88' lang='lat' dir='ltr'><strong>Vers.</strong></span> <span class='ocrx_word' id='word_1_607' title='bbox 2192 4819 2271 4874; x_wconf 90' lang='lat' dir='ltr'><strong>l6.</strong></span> <span class='ocrx_word' id='word_1_608' title='bbox 2303 4819 2378 4873; x_wconf 89' lang='lat' dir='ltr'><strong>Et</strong></span> <span class='ocrx_word' id='word_1_609' title='bbox 2404 4847 2475 4856; x_wconf 92' lang='lat'><strong>—-</strong></span> <span class='ocrx_word' id='word_1_610' title='bbox 2503 4817 2664 4870; x_wconf 85' lang='lat' dir='ltr'><strong>Vers.</strong></span> <span class='ocrx_word' id='word_1_611' title='bbox 2700 4815 2783 4868; x_wconf 84' lang='lat'><strong>17.</strong></span> <span class='ocrx_word' id='word_1_612' title='bbox 2814 4812 2891 4868; x_wconf 87' lang='lat' dir='ltr'><strong>ad</strong></span> <span class='ocrx_word' id='word_1_613' title='bbox 2915 4811 3340 4882; x_wconf 75' lang='lat' dir='ltr'><strong>paenitentiam.</strong></span> <span class='ocrx_word' id='word_1_614' title='bbox 3388 4808 3579 4864; x_wconf 86' lang='lat' dir='ltr'><strong>Etiam</strong></span> 
     </span>
    </p>
   </div>
   <div class='ocr_carea' id='block_1_94' title="bbox 195 4897 1784 5006">
    <p class='ocr_par' dir='ltr' id='par_1_94' title="bbox 195 4904 1784 4979">
     <span class='ocr_line' id='line_1_94' title="bbox 195 4904 1784 4979; baseline -0.001 -19"><span class='ocrx_word' id='word_1_615' title='bbox 195 4914 281 4960; x_wconf 85' lang='grc' dir='ltr'>καὶ</span> <span class='ocrx_word' id='word_1_616' title='bbox 351 4916 529 4960; x_wconf 80' lang='grc' dir='ltr'>ταῦτα</span> <span class='ocrx_word' id='word_1_617' title='bbox 599 4904 1084 4979; x_wconf 83' lang='grc' dir='ltr'>διηρμηνεύθησαν.</span> <span class='ocrx_word' id='word_1_618' title='bbox 1159 4905 1496 4959; x_wconf 75' lang='grc' dir='ltr'>Ἐπελάϐοντο</span> <span class='ocrx_word' id='word_1_619' title='bbox 1574 4904 1633 4960; x_wconf 72' lang='grc' dir='ltr'>δὲ</span> <span class='ocrx_word' id='word_1_620' title='bbox 1713 4928 1784 4959; x_wconf 81' lang='grc' dir='ltr'><strong>τοι</strong></span> 
     </span>
    </p>
   </div>
   <div class='ocr_carea' id='block_1_95' title="bbox 1902 4897 3578 5006">
    <p class='ocr_par' dir='ltr' id='par_1_95' title="bbox 1914 4897 3578 4978">
     <span class='ocr_line' id='line_1_95' title="bbox 1914 4897 3578 4978; baseline -0.008 -12"><span class='ocrx_word' id='word_1_621' title='bbox 1914 4911 2043 4966; x_wconf 76' lang='lat' dir='ltr'><strong>haec</strong></span> <span class='ocrx_word' id='word_1_622' title='bbox 2082 4909 2142 4964; x_wconf 92' lang='lat' dir='ltr'><strong>in</strong></span> <span class='ocrx_word' id='word_1_623' title='bbox 2178 4924 2249 4964; x_wconf 90' lang='lat' dir='ltr'><strong>eo</strong></span> <span class='ocrx_word' id='word_1_624' title='bbox 2289 4905 2477 4978; x_wconf 88' lang='lat' dir='ltr'><strong>capite</strong></span> <span class='ocrx_word' id='word_1_625' title='bbox 2507 4903 2806 4960; x_wconf 88' lang='lat' dir='ltr'><strong>declarata</strong></span> <span class='ocrx_word' id='word_1_626' title='bbox 2845 4905 2996 4957; x_wconf 90' lang='lat' dir='ltr'><strong>sunt.</strong></span> <span class='ocrx_word' id='word_1_627' title='bbox 3038 4897 3578 4971; x_wconf 81' lang='lat' dir='ltr'><strong>Reprehendehant</strong></span> 
     </span>
    </p>
   </div>
   <div class='ocr_carea' id='block_1_96' title="bbox 199 4987 1784 5072">
    <p class='ocr_par' dir='ltr' id='par_1_96' title="bbox 199 4993 1784 5072">
     <span class='ocr_line' id='line_1_96' title="bbox 199 4993 1784 5072; baseline -0.003 -20"><span class='ocrx_word' id='word_1_628' title='bbox 199 4998 456 5072; x_wconf 75' lang='grc' dir='ltr'>Χριστοῦ,</span> <span class='ocrx_word' id='word_1_629' title='bbox 531 4999 600 5058; x_wconf 87' lang='grc' dir='ltr'>ὡς</span> <span class='ocrx_word' id='word_1_630' title='bbox 674 5001 746 5069; x_wconf 81' lang='grc' dir='ltr'>μὴ</span> <span class='ocrx_word' id='word_1_631' title='bbox 814 4993 1200 5056; x_wconf 75' lang='grc' dir='ltr'>διαστέλλοντος</span> <span class='ocrx_word' id='word_1_632' title='bbox 1266 4994 1362 5047; x_wconf 78' lang='grc' dir='ltr'><strong>ἀνὰ</strong></span> <span class='ocrx_word' id='word_1_633' title='bbox 1426 5001 1583 5067; x_wconf 86' lang='grc' dir='ltr'>μέσον</span> <span class='ocrx_word' id='word_1_634' title='bbox 1656 4997 1784 5069; x_wconf 81' lang='grc' dir='ltr'>ἁγίοι</span> 
     </span>
    </p>
   </div>
   <div class='ocr_carea' id='block_1_97' title="bbox 1902 4987 3578 5072">
    <p class='ocr_par' dir='ltr' id='par_1_97' title="bbox 1918 4987 3578 5066">
     <span class='ocr_line' id='line_1_97' title="bbox 1918 4987 3578 5066; baseline -0.01 -10"><span class='ocrx_word' id='word_1_635' title='bbox 1918 5005 2117 5056; x_wconf 88' lang='lat' dir='ltr'><strong>autem</strong></span> <span class='ocrx_word' id='word_1_636' title='bbox 2149 4998 2464 5060; x_wconf 87' lang='lat' dir='ltr'><strong>Christum,</strong></span> <span class='ocrx_word' id='word_1_637' title='bbox 2493 4993 2659 5066; x_wconf 83' lang='lat' dir='ltr'><strong>quasi</strong></span> <span class='ocrx_word' id='word_1_638' title='bbox 2685 4991 2834 5048; x_wconf 90' lang='lat' dir='ltr'><strong>nihil</strong></span> <span class='ocrx_word' id='word_1_639' title='bbox 2864 4989 3226 5048; x_wconf 89' lang='lat' dir='ltr'><strong>discriminis</strong></span> <span class='ocrx_word' id='word_1_640' title='bbox 3255 4987 3578 5044; x_wconf 86' lang='lat' dir='ltr'><strong>facientem</strong></span> 
     </span>
    </p>
   </div>
   <div class='ocr_carea' id='block_1_98' title="bbox 197 5074 1784 5185">
    <p class='ocr_par' dir='ltr' id='par_1_98' title="bbox 197 5085 1782 5160">
     <span class='ocr_line' id='line_1_98' title="bbox 197 5085 1782 5160; baseline 0.001 -23"><span class='ocrx_word' id='word_1_641' title='bbox 197 5093 282 5139; x_wconf 82' lang='grc' dir='ltr'>καὶ</span> <span class='ocrx_word' id='word_1_642' title='bbox 341 5085 576 5160; x_wconf 77' lang='grc' dir='ltr'>βεϐήλου</span> <span class='ocrx_word' id='word_1_643' title='bbox 631 5089 765 5138; x_wconf 77' lang='grc' dir='ltr'>κατὰ</span> <span class='ocrx_word' id='word_1_644' title='bbox 815 5089 902 5137; x_wconf 78' lang='grc' dir='ltr'><strong>τόν</strong></span> <span class='ocrx_word' id='word_1_645' title='bbox 965 5089 1139 5156; x_wconf 89' lang='grc' dir='ltr'>νόμον,</span> <span class='ocrx_word' id='word_1_646' title='bbox 1191 5089 1263 5156; x_wconf 80' lang='grc' dir='ltr'>μὴ</span> <span class='ocrx_word' id='word_1_647' title='bbox 1326 5091 1686 5155; x_wconf 87' lang='grc' dir='ltr'>γινώσκοντες,</span> <span class='ocrx_word' id='word_1_648' title='bbox 1743 5089 1782 5138; x_wconf 82' lang='grc' dir='ltr'><strong>ὡ</strong></span> 
     </span>
    </p>
   </div>
   <div class='ocr_carea' id='block_1_99' title="bbox 1902 5074 3578 5185">
    <p class='ocr_par' dir='ltr' id='par_1_99' title="bbox 1917 5074 3578 5155">
     <span class='ocr_line' id='line_1_99' title="bbox 1917 5074 3578 5155; baseline -0.01 -10"><span class='ocrx_word' id='word_1_649' title='bbox 1917 5089 2069 5145; x_wconf 90' lang='lat' dir='ltr'><strong>inter</strong></span> <span class='ocrx_word' id='word_1_650' title='bbox 2113 5092 2390 5144; x_wconf 87' lang='lat' dir='ltr'><strong>sanctum</strong></span> <span class='ocrx_word' id='word_1_651' title='bbox 2435 5089 2491 5141; x_wconf 90' lang='lat' dir='ltr'><strong>et</strong></span> <span class='ocrx_word' id='word_1_652' title='bbox 2528 5099 2663 5139; x_wconf 89' lang='lat' dir='ltr'><strong>eum</strong></span> <span class='ocrx_word' id='word_1_653' title='bbox 2693 5081 2796 5155; x_wconf 90' lang='lat' dir='ltr'><strong>qui</strong></span> <span class='ocrx_word' id='word_1_654' title='bbox 2834 5081 3009 5153; x_wconf 83' lang='lat' dir='ltr'><strong>juxta</strong></span> <span class='ocrx_word' id='word_1_655' title='bbox 3049 5080 3244 5151; x_wconf 89' lang='lat' dir='ltr'><strong>legem</strong></span> <span class='ocrx_word' id='word_1_656' title='bbox 3286 5074 3578 5149; x_wconf 82' lang='lat' dir='ltr'><strong>profanus</strong></span> 
     </span>
    </p>
   </div>
   <div class='ocr_carea' id='block_1_100' title="bbox 195 5165 1784 5250">
    <p class='ocr_par' dir='ltr' id='par_1_100' title="bbox 195 5174 1784 5250">
     <span class='ocr_line' id='line_1_100' title="bbox 195 5174 1784 5250; baseline 0.002 -24"><span class='ocrx_word' id='word_1_657' title='bbox 195 5175 314 5250; x_wconf 75' lang='grc' dir='ltr'>ὑπερ</span> <span class='ocrx_word' id='word_1_658' title='bbox 362 5181 461 5234; x_wconf 83' lang='grc' dir='ltr'>τὴν</span> <span class='ocrx_word' id='word_1_659' title='bbox 515 5180 734 5246; x_wconf 77' lang='grc' dir='ltr'>νομικὴν</span> <span class='ocrx_word' id='word_1_660' title='bbox 789 5183 996 5247; x_wconf 82' lang='grc' dir='ltr'>χρῆσιν</span> <span class='ocrx_word' id='word_1_661' title='bbox 1039 5178 1262 5247; x_wconf 84' lang='grc' dir='ltr'>παρέχει</span> <span class='ocrx_word' id='word_1_662' title='bbox 1312 5179 1399 5232; x_wconf 81' lang='grc' dir='ltr'>τὴν</span> <span class='ocrx_word' id='word_1_663' title='bbox 1451 5174 1784 5248; x_wconf 58' lang='grc' dir='ltr'>φιλάνθρωποί</span> 
     </span>
    </p>
   </div>
   <div class='ocr_carea' id='block_1_101' title="bbox 1902 5165 3582 5250">
    <p class='ocr_par' dir='ltr' id='par_1_101' title="bbox 1918 5165 3582 5246">
     <span class='ocr_line' id='line_1_101' title="bbox 1918 5165 3582 5246; baseline -0.009 -12"><span class='ocrx_word' id='word_1_664' title='bbox 1918 5177 2392 5243; x_wconf 86' lang='lat' dir='ltr'><strong>habebatur,non</strong></span> <span class='ocrx_word' id='word_1_665' title='bbox 2405 5176 2791 5246; x_wconf 84' lang='lat' dir='ltr'><strong>agnoscentes</strong></span> <span class='ocrx_word' id='word_1_666' title='bbox 2804 5170 2957 5243; x_wconf 91' lang='lat' dir='ltr'><strong>quod</strong></span> <span class='ocrx_word' id='word_1_667' title='bbox 2975 5184 3153 5240; x_wconf 89' lang='lat' dir='ltr'><strong>supra</strong></span> <span class='ocrx_word' id='word_1_668' title='bbox 3164 5165 3313 5239; x_wconf 86' lang='lat' dir='ltr'><strong>legis</strong></span> <span class='ocrx_word' id='word_1_669' title='bbox 3326 5177 3582 5222; x_wconf 81' lang='lat' dir='ltr'><strong>consue-</strong></span> 
     </span>
    </p>
   </div>
   <div class='ocr_carea' id='block_1_102' title="bbox 199 5252 1784 5338">
    <p class='ocr_par' dir='ltr' id='par_1_102' title="bbox 199 5261 1782 5338">
     <span class='ocr_line' id='line_1_102' title="bbox 199 5261 1782 5338; baseline 0.001 -23"><span class='ocrx_word' id='word_1_670' title='bbox 199 5267 378 5338; x_wconf 79' lang='grc' dir='ltr'>χάριν.</span> <span class='ocrx_word' id='word_1_671' title='bbox 432 5264 496 5316; x_wconf 65' lang='grc' dir='ltr'><strong>τΟ</strong></span> <span class='ocrx_word' id='word_1_672' title='bbox 544 5267 634 5335; x_wconf 73' lang='grc' dir='ltr'>μὲν</span> <span class='ocrx_word' id='word_1_673' title='bbox 687 5267 788 5334; x_wconf 85' lang='grc' dir='ltr'><strong>γὰρ</strong></span> <span class='ocrx_word' id='word_1_674' title='bbox 848 5269 997 5336; x_wconf 87' lang='grc' dir='ltr'>νόμος</span> <span class='ocrx_word' id='word_1_675' title='bbox 1050 5261 1281 5325; x_wconf 77' lang='grc' dir='ltr'>ἐξέϐαλλε</span> <span class='ocrx_word' id='word_1_676' title='bbox 1330 5266 1388 5314; x_wconf 84' lang='grc' dir='ltr'>τὸ</span> <span class='ocrx_word' id='word_1_677' title='bbox 1442 5267 1621 5333; x_wconf 80' lang='grc' dir='ltr'>κακόν,</span> <span class='ocrx_word' id='word_1_678' title='bbox 1674 5267 1698 5316; x_wconf 89' lang='lat'><strong>6</strong></span> <span class='ocrx_word' id='word_1_679' title='bbox 1749 5264 1782 5317; x_wconf 84' lang='grc' dir='ltr'><strong>δ</strong></span> 
     </span>
    </p>
   </div>
   <div class='ocr_carea' id='block_1_103' title="bbox 1902 5252 3585 5338">
    <p class='ocr_par' dir='ltr' id='par_1_103' title="bbox 1921 5252 3585 5336">
     <span class='ocr_line' id='line_1_103' title="bbox 1921 5252 3585 5336; baseline -0.008 -13"><span class='ocrx_word' id='word_1_680' title='bbox 1921 5267 2189 5324; x_wconf 90' lang='lat' dir='ltr'><strong>tudinem</strong></span> <span class='ocrx_word' id='word_1_681' title='bbox 2221 5267 2523 5336; x_wconf 71' lang='lat' dir='ltr'><strong>praestaret</strong></span> <span class='ocrx_word' id='word_1_682' title='bbox 2541 5260 2932 5319; x_wconf 88' lang='lat' dir='ltr'><strong>humanitatis</strong></span> <span class='ocrx_word' id='word_1_683' title='bbox 2958 5257 3234 5330; x_wconf 84' lang='lat' dir='ltr'><strong>gratiam.</strong></span> <span class='ocrx_word' id='word_1_684' title='bbox 3258 5256 3378 5332; x_wconf 60' lang='lat' dir='ltr'><strong>hex</strong></span> <span class='ocrx_word' id='word_1_685' title='bbox 3401 5252 3585 5326; x_wconf 85' lang='lat' dir='ltr'><strong>siqui-</strong></span> 
     </span>
    </p>
   </div>
   <div class='ocr_carea' id='block_1_104' title="bbox 201 5343 1784 5429">
    <p class='ocr_par' dir='ltr' id='par_1_104' title="bbox 201 5349 1776 5429">
     <span class='ocr_line' id='line_1_104' title="bbox 201 5349 1776 5429; baseline 0.001 -23"><span class='ocrx_word' id='word_1_686' title='bbox 201 5357 434 5428; x_wconf 76' lang='grc' dir='ltr'>Χριστὸς</span> <span class='ocrx_word' id='word_1_687' title='bbox 485 5352 806 5424; x_wconf 80' lang='grc' dir='ltr'>μετέϐαλλεν.</span> <span class='ocrx_word' id='word_1_688' title='bbox 852 5349 1083 5415; x_wconf 77' lang='grc' dir='ltr'>’Ἐδειξεν</span> <span class='ocrx_word' id='word_1_689' title='bbox 1111 5349 1197 5404; x_wconf 82' lang='grc' dir='ltr'>οὖν</span> <span class='ocrx_word' id='word_1_690' title='bbox 1228 5354 1308 5404; x_wconf 80' lang='grc' dir='ltr'>ὃτι</span> <span class='ocrx_word' id='word_1_691' title='bbox 1350 5351 1455 5424; x_wconf 70' lang='grc' dir='ltr'>οὐχ</span> <span class='ocrx_word' id='word_1_692' title='bbox 1513 5353 1580 5416; x_wconf 83' lang='grc' dir='ltr'>ὠς</span> <span class='ocrx_word' id='word_1_693' title='bbox 1625 5359 1776 5429; x_wconf 85' lang='grc' dir='ltr'>κριτὴ</span> 
     </span>
    </p>
   </div>
   <div class='ocr_carea' id='block_1_105' title="bbox 1902 5343 3582 5429">
    <p class='ocr_par' dir='ltr' id='par_1_105' title="bbox 1921 5343 3582 5427">
     <span class='ocr_line' id='line_1_105' title="bbox 1921 5343 3582 5427; baseline -0.005 -14"><span class='ocrx_word' id='word_1_694' title='bbox 1921 5357 2060 5414; x_wconf 90' lang='lat' dir='ltr'><strong>dem</strong></span> <span class='ocrx_word' id='word_1_695' title='bbox 2092 5370 2344 5427; x_wconf 89' lang='lat' dir='ltr'><strong>pravum</strong></span> <span class='ocrx_word' id='word_1_696' title='bbox 2373 5352 2687 5425; x_wconf 89' lang='lat' dir='ltr'><strong>ejiciebat;</strong></span> <span class='ocrx_word' id='word_1_697' title='bbox 2736 5350 2997 5408; x_wconf 89' lang='lat' dir='ltr'><strong>Christus</strong></span> <span class='ocrx_word' id='word_1_698' title='bbox 3026 5362 3169 5408; x_wconf 84' lang='lat' dir='ltr'><strong>vero</strong></span> <span class='ocrx_word' id='word_1_699' title='bbox 3197 5343 3582 5406; x_wconf 78' lang='lat' dir='ltr'><strong>immutabat.</strong></span> 
     </span>
    </p>
   </div>
   <div class='ocr_carea' id='block_1_106' title="bbox 270 5479 1292 5553">
    <p class='ocr_par' dir='ltr' id='par_1_106' title="bbox 270 5479 1292 5553">
     <span class='ocr_line' id='line_1_106' title="bbox 270 5479 1292 5553; baseline -0.003 -16"><span class='ocrx_word' id='word_1_700' title='bbox 270 5483 316 5517; x_wconf 80' lang='grc'><strong>³⁸</strong></span> <span class='ocrx_word' id='word_1_701' title='bbox 350 5482 498 5537; x_wconf 90' lang='lat' dir='ltr'><strong>Luc.</strong></span> <span class='ocrx_word' id='word_1_702' title='bbox 537 5498 584 5553; x_wconf 89' lang='lat' dir='ltr'><strong>v,</strong></span> <span class='ocrx_word' id='word_1_703' title='bbox 614 5480 706 5539; x_wconf 86' lang='grc'><strong>18.</strong></span> <span class='ocrx_word' id='word_1_704' title='bbox 819 5483 865 5516; x_wconf 73' lang='grc'><strong>³⁸</strong></span> <span class='ocrx_word' id='word_1_705' title='bbox 897 5479 1097 5537; x_wconf 87' lang='lat' dir='ltr'><strong>Matth.</strong></span> <span class='ocrx_word' id='word_1_706' title='bbox 1130 5496 1209 5545; x_wconf 80' lang='lat' dir='ltr'><strong>ix,</strong></span> <span class='ocrx_word' id='word_1_707' title='bbox 1238 5483 1292 5534; x_wconf 85' lang='lat'><strong>2.</strong></span> 
     </span>
    </p>
   </div>
   <div class='ocr_carea' id='block_1_107' title="bbox 1439 5602 2351 5675">
    <p class='ocr_par' dir='ltr' id='par_1_107' title="bbox 1439 5602 2351 5675">
     <span class='ocr_line' id='line_1_107' title="bbox 1439 5602 2351 5675; baseline 0 -3"><span class='ocrx_word' id='word_1_708' title='bbox 1439 5602 1661 5672; x_wconf 64' lang='lat' dir='ltr'><strong>Variae</strong></span> <span class='ocrx_word' id='word_1_709' title='bbox 1692 5605 2021 5675; x_wconf 89' lang='lat' dir='ltr'><strong>lectiones</strong></span> <span class='ocrx_word' id='word_1_710' title='bbox 2043 5614 2108 5673; x_wconf 89' lang='lat' dir='ltr'><strong>et</strong></span> <span class='ocrx_word' id='word_1_711' title='bbox 2147 5612 2351 5674; x_wconf 76' lang='lat' dir='ltr'><strong>notae.</strong></span> 
     </span>
    </p>
   </div>
   <div class='ocr_carea' id='block_1_108' title="bbox 276 5743 2634 5822">
    <p class='ocr_par' dir='ltr' id='par_1_108' title="bbox 276 5743 2634 5822">
     <span class='ocr_line' id='line_1_108' title="bbox 276 5743 2634 5822; baseline -0.001 -16"><span class='ocrx_word' id='word_1_712' title='bbox 276 5747 393 5821; x_wconf 86' lang='lat'><strong>(26)</strong></span> <span class='ocrx_word' id='word_1_713' title='bbox 425 5745 526 5806; x_wconf 83' lang='lat' dir='ltr'><strong>Ad</strong></span> <span class='ocrx_word' id='word_1_714' title='bbox 554 5747 986 5821; x_wconf 67' lang='lat' dir='ltr'><strong>pmitmtiam,</strong></span> <span class='ocrx_word' id='word_1_715' title='bbox 1021 5746 1187 5822; x_wconf 90' lang='lat' dir='ltr'><strong>quod</strong></span> <span class='ocrx_word' id='word_1_716' title='bbox 1217 5745 1542 5805; x_wconf 87' lang='lat' dir='ltr'><strong>Hentenius</strong></span> <span class='ocrx_word' id='word_1_717' title='bbox 1569 5745 1773 5818; x_wconf 89' lang='lat' dir='ltr'><strong>habet,</strong></span> <span class='ocrx_word' id='word_1_718' title='bbox 1805 5752 2008 5810; x_wconf 84' lang='lat' dir='ltr'><strong>neuter</strong></span> <span class='ocrx_word' id='word_1_719' title='bbox 2031 5763 2307 5809; x_wconf 89' lang='lat' dir='ltr'><strong>meorum</strong></span> <span class='ocrx_word' id='word_1_720' title='bbox 2335 5743 2634 5820; x_wconf 81' lang='lat' dir='ltr'><strong>agnoscit.</strong></span> 
     </span>
    </p>
   </div>
  </div>
