4096 6410
504 354 637 483 ιιεῑ

1827 379 2183 443 EUTHYMII
2232 348 2558 436 ZIGABENI

3778 392 3884 450 788

508 480 781 575 bslendlt
822 480 964 587 ergo
1009 482 1174 588 quod
1222 528 1345 571 non
1390 513 1566 586 quasi
1598 512 1804 585 judex,
1838 512 1953 568 sed
1994 509 2172 583 quasi

2323 510 2648 579 αραγέγονεν,
2694 507 2801 561 ἀλλ’
2851 510 2917 571 ὧς
2964 510 3161 584 ἰατρός.
3219 517 3306 566 Διὸ
3352 522 3459 578 τοῖς
3503 524 3722 570 νοσοῦσι
3757 537 3883 573 συν-

514 606 786 664 medicus
830 604 1139 661 advenerit
1164 619 1178 670 ;
1209 603 1345 659 ideo
1370 602 1555 660 etiam
1582 619 1721 659 cum
1746 602 1999 659 inﬁrmis
2041 616 2169 657 ver-

506 690 783 753 sabatur.
1009 700 1020 709 ’

516 839 523 843 .
587 786 754 842 Vers.
800 788 882 843 18..
929 785 1007 840 Et
1050 787 1221 841 erant
1266 814 1334 823 —-
1378 784 1541 839 Vers.
1583 786 1669 840 20.
1712 783 1934 840 diebus.
1982 781 2172 838 Etiam

517 875 593 933 de
623 875 716 933 his
745 874 1009 932 invenies
1043 872 1388 946 supradicto
1417 873 1631 946 capite.

518 1049 523 1053 ’
591 1072 757 1129 Vers.
798 1070 885 1126 21.
919 1071 997 1127 Et
1026 1084 1194 1126 nemo
1223 1101 1293 1109 —
1331 1070 1421 1141 ﬁt.
1456 1072 1521 1127 Et
1548 1069 1677 1126 haec
1707 1084 1950 1142 quoque
1992 1084 2173 1143 para-

517 1161 661 1249 bola
691 1161 901 1218 eodem
927 1160 1120 1233 capite
1149 1159 1453 1217 declarata
1482 1165 1593 1216 est.

590 1262 746 1325 vers.
779 1273 868 1325 22.
899 1269 1126 1325 Nullus
1151 1274 1444 1338 praeterea
1486 1296 1549 1309 -
1576 1267 1929 1325 mittendum
1959 1275 2061 1325 est.
2094 1266 2176 1323 De

516 1358 634 1416 hac
665 1358 929 1426 similiter
957 1355 1251 1430 parabola
1274 1372 1477 1428 quaere
1507 1356 1719 1412 eodem
1744 1358 1959 1428 capite.

590 1448 753 1505 Vers.
782 1447 873 1503 23.
900 1445 979 1502 Et
1006 1446 1236 1515 factum
1258 1452 1339 1501 est
1365 1475 1433 1485 —
1453 1447 1614 1502 Vers.
1643 1448 1730 1503 24.
1769 1445 1947 1503 licet?
1973 1447 2181 1513 Quaere

519 1538 597 1594 de
637 1536 735 1593 his
775 1535 935 1609 circa
962 1530 1163 1613 ﬁnem!
1204 1533 1720 1607 vicesimi‘capitis
1756 1534 1818 1589 in
1862 1534 2179 1606 Evangelio

522 1625 861 1684 secundum
889 1624 1250 1682 Mattheum.

528 1744 535 1760 .
593 1716 632 1783 1-
669 1713 778 1781 Qui
818 1718 955 1786 post
992 1712 1406 1785 operationem
1435 1712 1498 1769 in
1535 1712 1953 1769 immobilitate
1992 1713 2181 1770 animi

525 1803 829 1862 constituti
870 1806 1031 1868 sunt,
1072 1817 1383 1858 sermones
1431 1803 1762 1881 decerpunt
1800 1802 2008 1883 abhis
2046 1820 2182 1878 quae
2214 1833 2239 1883 g-

524 1894 681 1951 facta
718 1899 873 1960 sunt,
900 1891 1115 1963 hisque
1135 1890 1231 1963 pie
1255 1891 1524 1960 aluntur;
1554 1891 1884 1949 Sabbatum
1916 1894 2077 1949 enim
2105 1894 2184 1951 ad

524 1984 715 2042 otium
727 1980 1414 2059 factu‘m,immobilitatis
1426 1980 1613 2037 animi
1627 1981 1755 2052 sign
1765 1998 1867 2038 um
1880 1988 2184 2055 estquem-

523 2072 860 2131 admodum
899 2071 1027 2128 dies
1055 2070 1482 2144 praecedentes,
1516 2072 1893 2142 operationis,
1942 2077 2186 2145 propter

527 2164 819 2220 laborem.

530 2262 548 2272 ‘
599 2252 763 2327 Vers.
804 2255 891 2307 25.
929 2251 1004 2308 Et
1042 2279 1112 2291 —
1152 2252 1311 2306 Vers.
1351 2250 1439 2306 26.
1483 2252 1700 2307 erant?
1742 2255 1904 2310 Hanc
1941 2269 2187 2327 quoque

525 2341 839 2400 historiam
869 2356 941 2398 eo
971 2342 1104 2397 loco
1128 2332 1338 2413 quaere.

600 2435 784 2488 Istum
801 2439 1003 2487 autem
1013 2430 1300 2486 Abiathar
1314 2432 1543 2500 Regum
1554 2430 1800 2487 historia
1812 2426 2191 2490 Achimelech

527 2526 743 2589 vocat;
783 2521 928 2577 liber
954 2526 1155 2577 autem
1195 2519 1569 2577 Psalmorum
1597 2520 1941 2579 Abimelech
1968 2525 2034 2578 ⁸ο.
2077 2526 2191 2580 Ma-

530 2610 813 2681 nifestum
853 2624 997 2681 ergo
1026 2614 1114 2680 est
1142 2609 1309 2681 quod
1336 2609 1668 2666 binominis
1697 2610 1890 2679 fuerit,
1939 2618 2191 2685 utroque

528 2700 717 2758 modo
729 2697 1067 2772 appellatus
1093 2698 1469 2755 Achimelech
1488 2698 1577 2754 vel
1600 2698 1964 2770 Abimelecb,
1986 2717 2194 2774 quem-

532 2788 868 2848 admodum
900 2793 958 2845 et
977 2787 1071 2844 alii
1095 2786 1344 2851 Hebraei.
1372 2790 1720 2858 Cognomen
1742 2805 1884 2845 vero
1910 2789 2195 2849 Abiathar

530 2878 747 2937 habuit
776 2894 811 2933 a
831 2877 1313 2950 progenitoribus
1329 2876 1671 2934 deductum.
1696 2878 1837 2936 Ideo
1860 2878 2017 2937 ﬁlius
2046 2896 2195 2953 quo-

531 2984 645 3042 que
676 2968 807 3039 ejus
837 2966 1108 3023 similiter
1130 2966 1419 3023 Abiathar
1444 2970 1693 3023 vocatus
1725 2974 1832 3024 est.

532 3106 545 3113 -
602 3059 644 3129 -ι-
681 3056 969 3127 Abiathar
996 3056 1123 3119 iste
1164 3055 1444 3129 princeps
1485 3058 1866 3116 sacerdotum
1904 3059 2122 3117 dicitur
2177 3081 2189 3115 :

2281 601 2615 670 ανεστρέφετο
2648 600 2783 669 (‘27).

2356 815 2456 901 Kal
2517 808 2686 901 ἦσαν-
2726 844 2793 854 -—-
2849 816 3084 889 ἡμέραις.
3159 824 3258 875 Καὶ
3324 826 3441 896 περὶ
3492 831 3673 877 τοῦτον
3727 827 3883 901 εύρή-

2285 917 2393 962 σεις
2437 899 2485 952 e’v
2537 910 2606 972 τῷ
2661 898 2946 961 δηλωθέντι
2994 906 3272 981 κεφαλαίῳ.
3322 914 3391 964 Τὸ
3424 908 3483 964 δὲ
3540 914 3622 966 Ἐν
3661 915 3720 984 ᾧ,
3773 898 3887 969 ἆντὶ

2281 997 2391 1056 τοῦ,
2423 990 2536 1063 Ἐφ’
2568 992 2708 1044 ὅσον.

2358 1084 2458 1131 Καὶ
2489 1076 2656 1142 οὐδεὶς
2686 1114 2754 1121 -
2798 1087 3014 1153 γίνεται.
3062 1090 3161 1139 Καὶ
3188 1088 3319 1147 αὕτη
3353 1091 3382 1148 ἡ
3411 1092 3680 1164 παραϐολὴ
3732 1092 3781 1147 ἐν
3815 1103 3885 1169 τῷ

2284 1171 2502 1241 τοιούτῳ
2532 1169 2791 1243 κεφαλαίῳ
2818 1179 3215 1243 σεσαφήνισται.

2360 1263 2457 1311 Καὶ
2520 1257 2690 1321 οὐδεὶς
2737 1256 2819 1302 ’-
2887 1261 3125 1334 βλητέον.
3199 1272 3297 1320 Kal
3363 1275 3480 1343 περὶ
3545 1274 3741 1337 ταύτης

2286 1347 2588 1421 παραϐολῆς
2610 1351 2800 1423 ὁμοίως
2830 1350 2876 1402 ἐν
2902 1351 3073 1426 ἐκείνῳ
3106 1355 3356 1417 ζήτησον.

2363 1442 2463 1490 Καὶ
2509 1437 2702 1511 ἐγένετο
2733 1473 2796 1482 -
2826 1442 3037 1511 ἔξεστι;
3090 1451 3329 1505 Ζήτησον
3378 1454 3496 1523 περὶ
3540 1454 3730 1505 τούτων
3777 1455 3891 1528 (28)

2288 1529 2419 1599 πρὸς
2484 1536 2556 1599 τῷ
2618 1529 2749 1582 τέλει
2810 1539 2902 1583 τοῦ
2964 1533 3204 1587 εἰκοστοῦ
3264 1538 3545 1610 κεφαλαίου
3606 1550 3696 1595 τοῦ
3756 1547 3895 1597 κατὰ

2289 1618 2578 1672 Ματθαίον.

2362 1705 2683 1779 [Τίλλοντες’
2740 1711 2789 1762 οἱ
2859 1710 2972 1783 (29)
3032 1717 3166 1786 μετὰ
3232 1720 3327 1775 τὴν
3376 1724 3668 1792 πρακτικὴν
3727 1719 3775 1773 ἰν
3832 1731 3897 1796 τῇ

2295 1791 2518 1868 ἀπαθείᾳ
2583 1801 2865 1870 γενόμενοι,
2939 1805 3060 1863 τοὺς
3130 1803 3314 1876 λόγους
3569 1791 3903 1883 ἀναλέγονται

2291 1892 2389 1937 τῶν
2436 1890 2734 1956 γεγονότων,
2802 1894 2893 1941 καὶ
2946 1894 3152 1954 τούτοις
3202 1894 3426 1958 εὐσεϐῶς
3489 1903 3775 1971 τρέφονται.
3829 1905 3903 1955 Τὸ

2292 1976 2393 2048 γὰρ
2442 1974 2723 2043 Σάϐϐατον,
2772 1976 3024 2043 ἀπαθείας
3068 1982 3345 2054 σύμϐολον,
3398 1983 3493 2038 διὰ
3540 1993 3633 2047 τὴν
3688 1988 3901 2063 ἀργίαν,

2295 2065 2467 2139 ὥσπερ
2494 2069 2583 2116 καὶ
2616 2076 2931 2139 πρακτικῆς,
2960 2072 3015 2122 αἱ
3044 2076 3145 2147 πρὸ
3175 2076 3369 2132 ταύτην
3400 2077 3609 2150 ἡμέραι,
3664 2075 3758 2131 διὰ
3803 2086 3904 2140 τὴν

2295 2153 2593 2228 ἐργασίαι]

2328 2284 2331 2286 .
2370 2245 2470 2294 Kal
2503 2273 2567 2283 —
2607 2242 2763 2297 οὖσι·
2823 2252 2923 2300 Καὶ
2979 2252 3172 2309 ταύτην
3210 2256 3303 2311 τὴν
3359 2255 3592 2329 ἱστορίαν
3644 2255 3692 2309 ἓν
3723 2256 3907 2331 ἐκείνῳ

2300 2329 2552 2391 ζήτησον.

2371 2426 2560 2473 Τοῦτον
2614 2419 2673 2476 δι
2721 2428 2807 2477 τόν
2857 2426 3133 2505 Ἀϐιάθαρ,
3182 2433 3211 2489 ἡ
3267 2436 3357 2503 μὲν
3390 2432 3572 2506 βίϐλος
3601 2444 3700 2488 τῶν
3748 2443 3916 2492 Βασι-

2299 2508 2447 2561 λειῶν
2503 2513 2798 2586 ’Δχιμέλεχ
2856 2514 3130 2590 ὀνομάζει·
3187 2522 3217 2579 ἡ
3271 2518 3330 2575 δὲ
3391 2522 3576 2595 βίϐλος
3624 2534 3724 2577 τῶν
3769 2526 3919 2582 Ψαλ-

2302 2607 2430 2671 μῶν,
2474 2600 2774 2674 Ἀϐιμελεχ.
2820 2605 2979 2664 Δῆλον
3030 2604 3138 2673 οὖν,
3181 2611 3261 2663 ὅτι
3307 2608 3566 2684 διώνυμος
3615 2612 3695 2684 ἦν,
3746 2614 3921 2690 ἀμφό-

2302 2708 2426 2761 τερα
2504 2691 2832 2764 καλούμενος,
2912 2696 3205 2771 Ἀχιμίλεχ
3290 2710 3380 2753 καί
3455 2702 3760 2776 Ἀϐιμελεχ,
3856 2709 3925 2770 ὡς

2304 2783 2392 2831 καὶ
2458 2780 2604 2833 ἄλλοι
2667 2782 2845 2874 πολλοὶ
2900 2795 3001 2839 τῶν
3059 2787 3329 2863 Ἐϐραίων.
3390 2796 3459 2845 Τὸ
3528 2790 3587 2847 δὲ
3651 2794 3922 2874 Ἀϐιάθαρ

2304 2876 2674 2942 προσωνυμίαν
2742 2870 2874 2945 εἶχε,
2938 2882 3297 2951 καταγομένην
3358 2880 3411 2933 ἐκ
3476 2888 3763 2957 προγόνων.
3831 2870 3921 2940 Διῦ

2304 2964 2395 3011 καὶ
2416 2960 2442 3010 ὁ
2465 2962 2573 3021 υἱὸς
2604 2961 2761 3015 αύτού
2795 2964 2984 3035 ὁμοίως
3007 2967 3261 3036 Ἀϐιάθαρ
3290 2968 3550 3030 ἐκέκλητο.

2376 3047 2521 3122 [Ἐπὶ
2748 3052 3030 3126 ’Δϐιάθαρ⁸
3089 3058 3114 3108 ὁ
3171 3061 3262 3129 μὶν
3321 3058 3575 3137 Ἀϐιάθαρ
3632 3061 3924 3140 ἀρχιερεὺς

532 3149 762 3218 Regum
826 3150 1027 3203 autem
1087 3144 1343 3211 historia~
1388 3146 1767 3203 Achimelech
1825 3149 2191 3206 sacerdotem

2322 3134 2525 3190 ἓνταῡθα
2600 3139 3021 3215 ἀναγέγραπται·
3100 3150 3183 3199 τὸν
3265 3145 3324 3201 δὲ
3402 3151 3697 3224 Ἀχιμέλεχ
3775 3156 3925 3229 ἱερέα

531 3212 715 3307 fuisse
763 3235 941 3292 tradit
979 3235 1046 3288 ¹ο¹.
1090 3233 1418 3302 Verisimile
1469 3252 1610 3305 ergo
1649 3243 1739 3299 est
1775 3236 2062 3304 Ablathar
2108 3254 2191 3295 re-

2322 3223 2682 3301 ταραδίδωσιν
2740 3233 2769 3290 ἡ
2822 3241 2919 3285 τῶν
2966 3235 3246 3288 Βασιλειῶν
3306 3240 3533 3313 ἱστορία.
3585 3242 3740 3304 Εἰκὸς
3797 3212 3919 3311 οιῦν,

530 3326 845 3400 quievisse,
881 3340 1019 3381 cum
1045 3324 1233 3381 David
1259 3324 1592 3391 indomum
1617 3325 1719 3381 Dei
1750 3326 2054 3397 ingressus
2082 3333 2194 3399 est,

532 3415 628 3471 vel
654 3410 901 3487 propter
932 3413 1158 3468 summi
1200 3413 1506 3469 sacerdotii
1532 3417 1958 3486 praestantiam,
1994 3417 2083 3473 vel
2116 3416 2195 3475 ob

533 3502 1009 3567 imbecillitatem
1022 3517 1145 3575 prae
1169 3506 1489 3559 senectute.
1506 3504 1885 3560 Acbimelech
1899 3522 2037 3562 vero
2055 3511 2197 3564 tunc

530 3609 609 3665 ea
644 3608 781 3665 quae
816 3592 1002 3648 divini
1043 3592 1238 3648 cultus
1268 3596 1438 3649 erant
1475 3593 1810 3650 exercuisse
1839 3610 1852 3648 :
1896 3600 1996 3650 aut
2032 3594 2197 3667 quod

539 3683 671 3740 aliis
701 3682 1114 3750 sacerdotibus
1140 3682 1513 3753 praestantior
1556 3688 1729 3751 esset,
1762 3688 1866 3741 aut
1893 3684 2059 3757 quod
2086 3702 2199 3745 sua

539 3777 697 3830 sorte
727 3771 839 3829 iliis
868 3771 1083 3828 diebus
1115 3787 1325 3828 curam
1352 3772 1621 3829 haberet.

608 3862 771 3919 Vers.
813 3866 902 3931 27.
944 3860 1233 3934 Dixitque
1262 3893 1327 3902 —
1367 3861 1527 3918 Vers.
1562 3866 1650 3919 28.
1691 3862 1959 3921 Sabbati.
2005 3864 2197 3924 Etiam

540 3952 672 4010 haec
701 3952 763 4008 in
788 3951 948 4009 dicto
988 3952 1176 4023 capite
1205 3950 1508 4011 declarata
1540 3955 1696 4009 sunt.

643 4078 794 4137 CAP.
825 4048 943 4134 VI'I.
975 4080 1060 4135 De
1086 4093 1148 4134 eo
1178 4078 1282 4150 qui
1312 4078 1562 4135 habebat
1591 4096 1836 4137 manum
1865 4082 2105 4140 aridam

617 4186 769 4243 CAP.
834 4185 931 4241 III.
990 4186 1154 4265 Vers.
1223 4186 1271 4239 1.
1320 4186 1499 4241 Et—
1560 4188 1724 4244 Vers.
1766 4188 1820 4243 2.
1883 4204 2034 4246 eum.
2104 4192 2202 4246 Di-

543 4280 709 4334 ctum
747 4274 936 4332 estde
963 4274 1077 4331 hoc
1106 4274 1394 4331 vicesimo
1434 4275 1629 4347 primo
1650 4277 1823 4348 juxta
1858 4280 2203 4337 Matthaeum

529 4370 777 4523 .0832;
824 4458 877 4511 3.
924 4454 1001 4510 Et
1030 4453 1117 4511 ait
1148 4485 1215 4495 —
1245 4456 1405 4511 Vers.
1522 4456 1818 4514 tacebant.
1856 4459 2082 4517 Horum
2119 4460 2207 4518 in-

2308 3319 2392 3367 τὸν
2437 3320 2526 3388 μὲν
2569 3318 2821 3396 Ἀϐιάθαρ
2858 3320 3235 3393 ἀναπαύεσθαι,
3294 3330 3376 3380 ὅτε
3428 3331 3453 3381 ὁ
3514 3329 3681 3384 Δαυίδ
3737 3332 3923 3393 εἰσῆλ-

2310 3407 2389 3457 θεν
2417 3406 2485 3468 εἰς
2514 3411 2600 3460 τὸν
2650 3407 2787 3462 οἷκον
2842 3420 2932 3464 τοῦ
2972 3418 3119 3480 Θεοῦ,
3182 3419 3210 3474 ἦ
3246 3418 3310 3477 ὡς
3344 3419 3666 3493 ὑπερέχοντα
3692 3430 3752 3494 τῇ
3816 3422 3928 3496 ἆρ-

2306 3500 2630 3586 χιερῳσύνῃ,
2665 3504 2695 3558 ἧ
2728 3503 2797 3562 ὡς
2836 3499 3023 3563 ἀσθενῆ
3059 3500 3154 3557 διὰ
3195 3510 3253 3557 τὸ
3306 3516 3509 3580 γῆρας’
3556 3514 3642 3562 τὸν
3689 3512 3927 3586 Ἀχιμέ-

2306 3583 2403 3657 λεχ
2450 3582 2612 3674 dita
2648 3596 2739 3651 τῆς
2791 3589 3026 3666 λατρείας
3079 3602 3367 3652 τηνικαῦτα
3422 3582 3921 3674 μεταχειρίζεσᾶαι,

2307 3678 2337 3762 ἦ
2401 3676 2471 3737 ὡς
2502 3672 2815 3752 διαφέροντα
2866 3689 2964 3733 τῶν
3013 3681 3176 3735 ἄλλων
3233 3687 3421 3759 ἱερέων,
3469 3691 3499 3747 ἤ
3556 3672 3653 3751 ὡςτ
3681 3689 3923 3762 λαχόντα

2308 3760 2638 3837 ἐφημερεύειν
2668 3764 2716 3817 ἐν
2738 3766 2951 3830 ἐκείναις
2981 3777 3098 3832 ταῖς
3127 3772 3399 3846 ἡμέραις.]

2385 3857 2484 3905 Kal
2514 3852 2650 3924 λέγει
2695 3886 2761 3896 -
2813 3857 3100 3913 Σαϐϐάτου.
3165 3866 3265 3914 Kal
3303 3870 3472 3915 ταῦτα
3514 3862 3563 3916 ἐν
3605 3872 3678 3936 τῷ
3707 3865 3924 3940 ῥηθέντι

2309 3941 2569 4015 κεφαλαίῳ
2598 3950 2951 4017 τετυχήκασιν
2992 3948 3307 4021 ἐξηγήσεως.

2385 4057 2531 4105 ΚΕΦ.
2574 4051 2643 4107 Ζ’.
2680 4059 2803 4124 Περὶ
2826 4062 2916 4107 τοῦ
2949 4055 3109 4131 ξηρὰν
3140 4059 3349 4129 ἔχοντος
3378 4063 3472 4119 τὴν
3497 4068 3676 4136 χεῖρα.

2388 4146 2487 4193 Καὶ
2536 4172 2603 4182 -
2662 4143 2842 4198 αὐτοῦ.
2899 4149 3116 4221 Εἴρηται
3167 4152 3286 4222 περὶ
3339 4152 3525 4202 τούτου
3571 4151 3619 4203 ἐν
3679 4159 3751 4223 τῷ
3788 4154 3928 4208 εἰκο-

2317 4237 2423 4301 στῷ
2452 4237 2639 4307 πρώτῳ
2671 4234 2929 4307 κεφαλαίῳ
2956 4243 3048 4288 τοῦ
3077 4239 3212 4290 κατὰ
3241 4240 3529 4295 Ματθαῖον.

2391 4461 2491 4510 Kal
2576 4457 2712 4529 λέγει
2810 4490 2868 4499 -
2958 4457 3215 4514 ἐσιώπων.
3313 4459 3747 4536 Ἠρμηνεύθησαν
3835 4472 3930 4520 καὶ

546 4545 885 4617 terpretatio
908 4543 1049 4600 data
1069 4544 1451 4616 estpraedicto
1474 4546 1680 4617 capite.
1700 4548 1981 4607 Animam
2004 4554 2191 4608 autem

2322 4553 2480 4598 ταῦτα
2520 4545 2570 4598 ἐν
2602 4555 2673 4618 τῷ
2716 4551 2935 4619 τοιούτῳ
2993 4547 3275 4620 κεφαλαίῳ.
3330 4556 3521 4622 Ψυχὴν
3554 4549 3613 4605 δὲ
3664 4560 3773 4618 νῦν,
3838 4559 3930 4607 τὸν

534 4632 691 4703 dicit
718 4646 880 4687 nunc
910 4631 1239 4700 hominem,
1272 4648 1308 4688 a
1328 4636 1495 4705 parte
1520 4638 1708 4691 totum
1740 4635 2096 4710 intelligens.
2125 4642 2209 4695 ln-

549 4728 811 4791 terrogat
840 4720 1001 4776 enim
1032 4736 1109 4777 an
1129 4720 1438 4779 hominem
1462 4723 1636 4782 liceat
1662 4741 1697 4781 a
1726 4732 1917 4783 morte
1948 4744 2205 4797 servare,

553 4828 631 4869 an
670 4811 954 4879 occidere.

624 4901 784 4957 Vers.
822 4905 871 4956 5.
908 4899 1167 4973 Cumque
1200 4901 1704 4973 circumspexisset
1742 4936 1811 4948 —
1842 4907 2047 4964 altera.
2076 4909 2207 4966 Jam

538 4990 681 5057 haec
707 4990 979 5047 similiter
1003 4990 1163 5047 dicto
1187 4991 1319 5049 loco
1345 4992 1668 5065 explanata
1694 4998 1850 5052 sunt.

536 5131 543 5137 .
627 5081 789 5139 Vers.
827 5081 882 5137 6.
917 5081 996 5139 Et
1035 5080 1254 5152 egressi
1289 5112 1359 5124 —
1406 5083 1573 5140 Vers.
1610 5085 1664 5140 7.
1701 5100 1881 5143 mare.
1924 5090 2211 5147 Praeterea

532 5173 732 5231 etiam
758 5171 907 5230 haec.

531 5312 546 5317 κ
623 5298 673 5337 ιο
697 5298 854 5356 Psal.
886 5313 1082 5369 χχχιιι,
1118 5303 1167 5355 1.
1283 5299 1328 5337 ⁴¹
1360 5299 1386 5357 Ι
1416 5300 1559 5389 Beg.
1590 5316 1705 5370 xxi,
1740 5303 1794 5371 1,
1826 5302 1880 5359 8.

2318 4637 2587 4710 ἄνθρωπον
2639 4636 2803 4708 λέγει·
2862 4636 2962 4689 ἀπὸ
3010 4642 3218 4710 μέρους,
3257 4642 3315 4690 τὸ
3374 4639 3505 4692 ὅλον.
3542 4641 3741 4715 Ἐρωτᾷ
3797 4646 3927 4719 γὰρ,

2318 4724 2515 4788 ἔξεστιν
2574 4727 2842 4802 ἄνθρωπον
2910 4734 3083 4779 σῶσαι
3149 4726 3251 4780 ἀπὸ
3321 4730 3543 4783 θανάτου
3583 4734 3614 4788 ἦ
3685 4730 3927 4786 ἀποκτεῖ-

2318 4836 2402 4868 ναι
2427 4833 2439 4884 ;

2393 4910 2495 4961 Καὶ
2556 4905 2992 4979 περιϐλεψάμενος
3084 4936 3155 4949 -
3220 4909 3249 4965 ἡ
3337 4906 3487 4967 ἄλλη.
3549 4908 3773 4983 Ὁμοίως
3834 4914 3928 4963 καὶ

2319 5006 2505 5051 ταῦτα.

2395 5092 2495 5141 Kal
2518 5085 2801 5152 ἐξελθόντες
2834 5116 2900 5127 --
2935 5085 3223 5139 θάλασσαν.
3257 5085 3376 5142 "Et:
3406 5106 3493 5140 και
3526 5095 3712 5141 ταῦτα.

1757 5428 1984 5499 Varia;
2022 5429 2352 5499 lectiones
2393 5438 2458 5497 et
2507 5438 2707 5497 nota.

772 5574 1165 5645 Iuvca‘rpéot‘ro.
1194 5572 1261 5626 Α.

650 5640 742 5715 ξε)
774 5646 899 5715 ῃερὶ
932 5640 992 5697 δέ
1020 5640 1119 5695 τῶν
1148 5641 1339 5715 λοιπῶν
1370 5641 1624 5704 ζήτησον.
1656 5645 1715 5699 Β.
1794 5656 1797 5657 ⁷

654 5712 744 5784 29)
773 5712 906 5784 Haec
937 5714 996 5769 in
1031 5714 1301 5784 margine
1330 5714 1607 5777 habetA.

654 5782 743 5856 30)
772 5782 1138 5861 ’Δναλίγοντες.
1166 5782 1235 5844 Α.
1483 5796 1499 5812 ⁸
1534 5798 1545 5808 ‘

2400 5574 2513 5647 (3t)
2552 5574 2687 5647 Haec
2718 5571 2971 5647 inferius
3021 5571 3083 5647 in
3140 5574 3311 5647 te_xtu_
3347 5570 3601 5647 habetiB
3651 5571 3788 5644 post
3830 5565 3942 5647 ἐ·κρ-

2325 5639 2505 5705 κλητοξ
2549 5644 2759 5720 Incipit
2788 5643 3138 5720 autemsic:
3175 5642 3256 5720 _"H
3289 5642 3499 5720 ἑτέρως·
3534 5646 3559 5696 ὀ
3590 5639 3680 5717 μιν
3710 5662 3762 5697 κ.
3798 5657 3853 5696 τ.
3887 5639 3942 5694 λ.

2326 5722 2394 5780 In
2420 5714 2694 5799 margine
2718 5715 2849 5776 haec
2881 5714 3121 5777 exhibet
3157 5715 3225 5776 Α.
3254 5742 3257 5747 ν
3312 5778 3316 5783 ,
