4096 6388
249 387 348 445 789

1280 374 1652 438 COMMENT.
1695 372 1766 430 IN
1803 336 2133 464 mancum.
2175 404 2245 418 —
2283 375 2442 436 CAP.
2484 376 2580 435 ιιι.

3511 362 3617 435 790'

312 517 415 568 Καὶ
475 511 603 566 πολὺ
652 511 850 575 πλῆθος
896 542 962 554 -—
1020 511 1171 565 αὐτόν
1229 542 1298 551 -
1348 512 1511 583 Πέραν
1567 510 1659 558 τοῦ
1714 502 1824 575 ’Ῑορι

1954 492 1959 497 ’
2022 500 2182 557 Vers.
2224 501 2278 556 7-
2319 510 2399 564 Et
2430 503 2737 561 multitudo
2774 519 3075 577 magna—
3112 503 3281 561 Vers.
3314 507 3366 561 8.
3398 478 3524 560 eum
3548 484 3620 547 -ὲ-

244 599 424 672 δάνου,
478 606 638 673 ἤγουν
696 604 744 654 οἱ
799 608 954 677 πέραν
1001 610 1090 654 τού
1151 596 1437 675 Ἰορδάνου.
1498 594 1841 649 Ἠκολούθουν

244 689 320 757 δὲ,
364 695 413 745 οἱ
456 695 544 765 μὲν
575 690 877 768 ἀρρώστους
927 692 1249 765 κομίζοντες,
1282 691 1330 742 οἰ
1385 685 1464 757 δὲ,
1516 688 1648 744 ὅπως
1693 681 1841 733 αὐτοὶ

240 785 478 854 τύχωσιν
538 781 742 843 ἰάσεως·
799 783 848 836 οἱ
911 779 988 849 δὲ,
1047 782 1129 832 ἵνα
1213 780 1498 833 θεάσωνται
1574 775 1836 833 θαύματα.

242 877 340 925 Καὶ
387 871 494 942 οὐχ
540 870 770 946 Ἐϐραῖοι
816 875 989 945 μόνον,
1020 870 1149 922 ἀλλὰ
1196 874 1286 922 καὶ
1328 865 1618 941 ἀλλόφυλοι,
1674 858 1841 916 Ἰδου-

234 969 383 1035 μαῖοι
428 966 516 1014 καὶ
559 964 741 1034 Τύριοι
786 965 874 1013 καὶ
908 956 1164 1013 Σιδώνιοι.
1201 963 1300 1012 Καὶ
1330 958 1378 1009 οἱ
1564 952 1841 1024 ἀλλογενεῖς

234 1054 468 1128 ἤρχοντο
494 1054 625 1124 πρὸς
663 1050 837 1105 αὐτόν·
881 1053 930 1103 οἰ
960 1046 1019 1103 δὲ
1060 1056 1327 1121 συγγενεῖς
1357 1042 1611 1101 Ἰουδαῖοι
1649 1042 1836 1117 μᾶλλον

232 1145 515 1215 ἀρχόμενον
540 1144 670 1215 πρὸς
692 1140 878 1201 αύτούς
907 1136 1119 1193 ἐδίωκον
1158 1139 1335 1191 αύτὸν.

306 1236 409 1287 Καὶ
459 1228 566 1286 εἷπε
630 1262 695 1271 -
762 1232 907 1303 εἶχον
982 1232 1264 1303 μάστιγας.
1316 1260 1383 1269 -
1461 1231 1832 1300 Προσκαρτερῇ

228 1321 367 1394 (32),
398 1323 513 1374 ἀντὶ
559 1328 672 1389 τού,
702 1319 977 1395 Ὑπηρετῇ.
1014 1318 1221 1391 Ἔμελλε
1240 1319 1362 1392 γὰρ,
1396 1315 1556 1389 ἐμϐὰς
1586 1314 1654 1378 εἰς
1684 1313 1832 1382 αὐτὸ,

226 1416 300 1483 μὴ
353 1410 705 1483 ἐνοχλεῖσθαι.
749 1408 933 1482 Θλίψιν
976 1404 1033 1463 δὲ
1075 1412 1174 1462 νόει
1224 1414 1332 1471 νῦν,
1387 1410 1480 1467 τὴν
1528 1402 1830 1478 Σύσφιγξιν·

224 1502 503 1574 Μάστιγας
542 1496 620 1568 δε,
652 1502 742 1562 τὰς
762 1503 968 1562 νόσους.

302 1596 404 1645 Καὶ
482 1592 549 1643 τὰ
618 1592 888 1663 πνεύματα
964 1619 1034 1631 -
1118 1591 1434 1647 ποιήσωσιν.

222 1685 321 1740 τήν
382 1682 522 1733 θείαν
575 1676 799 1751 δύναμιν
870 1681 918 1731 οἱ
977 1674 1242 1750 δαίμονες,
1319 1679 1671 1749 προσέπιπτον
1743 1678 1834 1726 καὶ

224 1770 563 1844 ἀνεκήρυττον
637 1770 790 1823 αύτόν
847 1771 967 1822 Υἱὸν
1024 1775 1113 1822 τοῦ
1160 1774 1313 1821 Θεοῦο
1363 1774 1514 1819 τούτο
1737 1767 1832 1822 τὴν

1512 1584 1835 1656 Ἐπιγνόντις

222 1863 492 1932 ὑποταγὴν
524 1856 802 1920 δηλοῦντες
850 1863 939 1910 καὶ
987 1858 1213 1922 ἄκοντες,
1267 1863 1420 1909 τοῦτο
1475 1851 1534 1907 δε
1576 1864 1665 1906 καί
1704 1854 1910 1926 ύπερΒ

221 1957 317 2003 τοῦ
343 1955 415 2022 μὴ
448 1948 841 2023 βασανισθῆναι
865 1944 1117 2020 δεόμενοι.
1148 1945 1490 2018 Ἐπεστόμιζε
1520 1940 1579 1997 δε
1618 1943 1828 2011 αύτούς,

221 2041 310 2092 ἵνα
331 2044 428 2111 μὴ,
466 2041 677 2112 φανερόν
702 2038 857 2092 αύτὸν
885 2042 1215 2101 ποιήσαντες,
1246 2034 1490 2106 ἀνάψωσι
1519 2037 1605 2086 τὸν
1647 2034 1829 2106 φθόνον

217 2137 320 2181 τῶν
343 2125 617 2183 Ἰουδαίων
629 2173 642 2185 .

287 2224 530 2277 Ζήτησόν
584 2214 644 2271 δε
696 2222 783 2270 καὶ
836 2216 885 2269 ἄν
943 2218 1089 2290 ἀρχῇ
1141 2222 1232 2268 τού
1288 2219 1495 2289 πρώτου
1546 2211 1824 2285 κεφαλαίου

214 2306 391 2382 [διατί
458 2308 569 2381 (33)
633 2308 917 2381 ἐπετίμησε
956 2316 1029 2377 τῷ
1086 2305 1364 2380 ἀκαθάρτῳ
1410 2306 1683 2376 πνεύματι,
1736 2307 1825 2356 καὶ

211 2400 456 2469 εὑρήσεις
513 2397 666 2460 αὖθις
717 2397 892 2472 ἐτέρας
947 2395 1136 2457 αἰτίας.
1188 2394 1346 2447 Ἀλλά
1396 2398 1486 2445 καὶ
1536 2391 1583 2445 έν
1640 2400 1713 2464 τῷ
1758 2391 1823 2444 εἰ-

208 2496 388 2556 κοστῷ
409 2492 598 2561 πρώτῳ
619 2485 903 2560 κεφαλαίῳ]
932 2493 1024 2539 τοῦ
1054 2488 1191 2538 κατά
1224 2484 1492 2538 Ματθαίον
1544 2480 1823 2555 ἐπετίμησε

205 2586 321 2638 τοῖς
365 2576 564 2649 ὄχλοις,
612 2578 695 2629 ἶνα
740 2582 813 2649 μὴ
861 2579 1074 2652 φανερὸν
1144 2574 1295 2629 αύτον
1352 2577 1640 2633 ποιήσωσι.
1720 2576 1822 2626 Καὶ

208 2668 447 2729 ζήτησον
474 2664 627 2721 κάκεῖ
644 2671 739 2725 τὴν
778 2665 1052 2738 ἐξήγησιν,

442 2814 591 2868 ΚΕΦ.
627 2809 702 2867 Η’.
732 2815 857 2887 Περὶ
881 2819 969 2872 τῆς
989 2808 1207 2881 ἐκλογῆς
1236 2829 1335 2863 των
1359 2803 1589 2866 δώδεκα.

288 2923 390 2972 Καὶ
448 2917 711 2971 ἀναϐαίνει
781 2949 848 2959 -
906 2914 1175 2990 δαιμόνια.
1249 2922 1452 2977 Λουκᾶς
1527 2911 1586 2969 δὲ
1662 2934 1819 2987 φησιν

210 3010 297 3061 ὅτι
353 3007 593 3071 Ἐξῆλθεν
647 3008 719 3071 εἰς
779 3011 837 3061 τὸ
913 3012 1031 3083 ὄρος
1101 3006 1515 3080 προσεύξασθαι,
1588 3009 1677 3057 καὶ
1756 3004 1819 3063 ἦν

210 3094 623 3173 διανυκτερεύων
698 3097 747 3151 ἕν
819 3106 881 3172 τῇ
963 3104 1238 3171 προσευχῇ
1316 3103 1410 3149 τοῦ
1481 3103 1635 3150 Θεοῦ.
1718 3098 1818 3147 Καὶ

1959 591 2145 646 Trans
2156 593 2499 661 Jordanem,
2516 596 2698 661 idest,
2715 598 2816 668 qui
2836 594 3197 651 habitabant
3218 594 3375 652 ultra
3404 594 3621 651 Jorda—

1952 695 2109 737 nem.
2130 684 2319 738 Secuti
2339 690 2478 739 sunt
2500 691 2697 741 autem
2726 685 3078 757 :hiquidem
3100 685 3423 757 languidos
3457 684 3622 741 defe-

1948 775 2145 825 rentes
2170 790 2184 841 ;
2221 772 2458 830 illivero
2477 778 2542 830 ut
2566 775 2944 848 ipsisalutem
2972 781 3499 847 consequerentur,
3516 779 3620 832 aut

1949 860 2241 918 miracula
2252 863 2530 919 viderent.
2551 868 2664 921 Nec
2678 866 2785 921 soli
2804 864 3025 921 Hebraei
3036 905 3050 931 ,
3064 879 3276 921 verum
3290 865 3465 921 etiam
3479 863 3616 921 alie-

1948 949 2177 1018 nigenae
2204 951 2470 1009 Idumaei.
2502 954 2682 1027 Tyrii,
2713 960 2769 1010 et
2798 955 3046 1011 Sidonii.
3079 953 3444 1027 Alienigena;
3470 968 3615 1024 ergo

1948 1040 2267 1098 veniebant
2281 1043 2360 1099 ad
2384 1057 2547 1108 eum,
2572 1044 2812 1113 cognati
2833 1060 2971 1102 vero
2988 1042 3179 1101 Judmi
3197 1044 3278 1102 ad
3295 1056 3357 1101 se
3374 1044 3615 1102 venien~

1946 1132 2066 1186 tem
2097 1130 2291 1201 magis
2320 1132 2857 1205 persequebantur.
3588 1162 3591 1167 ν

2020 1222 2180 1275 Vers.
2222 1224 2272 1277 9.
2313 1222 2388 1277 Et
2427 1222 2583 1279 dixit
2614 1252 2683 1263 —
2712 1224 2870 1280 νοτε.
2907 1225 2997 1281 10.
3028 1221 3500 1295 inﬁrmabantur.
3542 1224 3616 1281 Ut

1946 1308 2060 1365 sibi
2080 1309 2422 1383 deserviret,
2452 1311 2529 1369 ad
2571 1312 3024 1370 ascendendum
3061 1312 3125 1371 in
3162 1311 3433 1382 illam,ne
3470 1326 3613 1371 eum

1946 1398 2273 1458 turbarent.

2014 1612 2181 1671 Vers.
2218 1615 2305 1680 11,
2333 1613 2600 1685 Spiritus
2626 1629 2859 1688 quoque
2897 1634 2968 1658 -'—
3004 1614 3170 1673 Vers.
3208 1614 3292 1671 12.
3318 1615 3609 1687 facerent.

1944 1701 2093 1760 Cum
2111 1704 2379 1761 divinam
2401 1705 2451 1776 ej
2463 1721 2530 1760 us
2546 1704 2873 1778 potentiam
2888 1705 3611 1777 cognovissentdaemones

1941 1793 2331 1865 procidebant
2352 1809 2422 1849 ac
2453 1794 2865 1867 praedicabant
2890 1810 3028 1851 eum
3060 1810 3189 1850 esse
3217 1793 3321 1850 Dei
3347 1793 3559 1852 Filium
3590 1810 3608 1852 :

1942 1882 2089 1939 illud
2124 1884 2393 1956 quidem,
2436 1884 2756 1957 imperium
2787 1883 2944 1939 illius
2984 1883 3460 1952 manifestando;
3492 1883 3610 1941 hoc

1942 1978 2162 2036 autem.
2186 1990 2261 2030 ne
2280 1990 2343 2039 se
2368 1977 2671 2046 torqueret
2694 1972 3099 2046 deprecando.
3128 1970 3442 2029 Silentium
3463 1986 3608 2045 ergo

1938 2061 2049 2118 illis
2071 2062 2442 2135 imponebat,
2464 2078 2541 2120 ne
2572 2079 2634 2119 se
2657 2061 3044 2121 manifestum
3064 2061 3351 2128 facerent,
3370 2063 3401 2117 Ι
3407 2062 3608 2120 11ιίωο-

1936 2167 2073 2208 rum
2104 2150 2394 2208 invidiam
2424 2151 2797 2209 accedentes.

2008 2243 2217 2309 Quaere
2262 2245 2462 2299 autem
2493 2242 2553 2297 in
2592 2239 2881 2313 principio
2922 2238 3102 2313 primi
3143 2237 3371 2313 capitis,
3414 2253 3604 2313 quare

1926 2331 2253 2389 immundo
2282 2331 2516 2405 spiritui
2542 2329 2619 2387 sit
2636 2329 3073 2395 interminatus,
3096 2332 3154 2386 et
3169 2328 3318 2386 alias
3332 2328 3599 2387 invenies

1934 2438 2190 2489 causas;
2224 2422 2329 2479 sed
2362 2425 2418 2479 et
2435 2420 2727 2477 vicesimo
2743 2419 2937 2492 capite
2948 2417 3476 2491 juxtaMatthmum
3505 2417 3601 2476 in-

1929 2513 2291 2570 terminatus
2324 2516 2412 2570 est
2442 2511 2628 2568 turbis
2660 2526 2737 2568 ne
2768 2526 2830 2567 se
2852 2510 3237 2569 manifestum
3250 2509 3595 2581 facerent",

1930 2618 2129 2676 quaere
2159 2602 2235 2660 ibi
2267 2618 2502 2676 quoque
2529 2601 2996 2660 enarrationem.

2182 2818 2330 2874 CAP.
2365 2816 2504 2873 VIII.
2522 2816 2605 2875 De
2628 2815 2901 2875 electione
2924 2816 3342 2887 apostolorum.
3394 2814 3400 2821 ’

2002 2928 2160 2983 Vers.
2194 2925 2282 2980 13.
2315 2924 2391 2981 Ει
2430 2923 2689 2981 ascendit
2718 2954 2785 2965 —
2816 2925 2974 2980 Vers.
3008 2924 3109 2979 15.
3139 2922 3453 2980 dcemonia.
3484 2923 3599 2981 Lu-

1929 3031 2032 3072 cas
2055 3019 2254 3071 autem
2274 3014 2434 3079 dicit,
2450 3012 2615 3086 quod
2633 3012 2808 3069 exivit
2830 3012 2891 3067 in
2902 3018 3154 3069 montem
3172 3011 3557 3070 adorandum
3577 3030 3593 3083 ;

1927 3112 1979 3161 et
2012 3110 2141 3162 erat
2169 3111 2520 3174 pernoctans
2542 3102 2605 3158 in
2637 3102 2892 3159 oratione
2928 3101 3052 3157 Dei.
3098 3102 3366 3174 Cumque
3397 3102 3596 3173 factus

207 3188 296 3238 ὅτε
374 3185 566 3259 ἐγένετο
648 3188 839 3261 ἡμέρα,
922 3192 1293 3263 προσεφώνησε
1372 3189 1494 3248 τούς
1576 3185 1817 3258 μαθητὰς

1938 3201 2071 3253 esset
2093 3195 2236 3260 dies,
2260 3192 2564 3250 advocavit
2592 3191 2907 3259 discipulos
2932 3206 3088 3257 suos,
3114 3198 3166 3247 et
3186 3190 3350 3263 elegit
3371 3191 3595 3250 duode-

206 3275 391 3344 αὐτοῦ,
462 3280 551 3329 καὶ
617 3275 943 3350 ἐκλεξάμενος
1020 3275 1110 3329 ἀπ’
1181 3276 1346 3328 αὐτῶν
1419 3272 1648 3341 δώδεκα,
1726 3273 1814 3337 οὓς

204 3368 298 3417 καὶ
350 3364 673 3427 ἀποστόλους
738 3367 997 3440 ὠνόμασε,
1055 3371 1145 3419 καὶ
1220 3368 1285 3419 τὰ
1342 3365 1478 3428 ἑξῆς.
1556 3368 1815 3418 Διενυκτέ-

203 3473 360 3527 ρευσε
397 3458 499 3527 γὰρ
549 3453 596 3508 ἐν
645 3464 706 3529 τῇ
762 3464 1062 3530 προσευχῇ,
1094 3464 1157 3529 τῇ
1203 3458 1329 3529 πρὸς
1368 3458 1516 3521 Θεὸν,
1551 3451 1813 3507 παιδεύων

210 3544 372 3616 ἡμᾶς,
429 3547 551 3598 ὅταν
602 3548 720 3599 τινὰ
774 3548 884 3615 (34)
932 3545 1313 3621 προκαλλεσθαι
1359 3545 1636 3618 μέλλωμεν,
1698 3541 1815 3598 δια-

204 3638 524 3708 νυκτερεύειν
576 3639 1057 3709 προσευχομένους,
1116 3636 1199 3688 ἵνα
1239 3637 1263 3687 ό
1304 3636 1451 3698 ἄξιος
1498 3637 1623 3707 ἡμῖν
1672 3656 1813 3706 γνω-

205 3726 390 3795 ρισθῇ,
446 3730 536 3777 καὶ
587 3729 659 3798 μὴ
720 3730 1112 3798 κοινωνήσωμεν
1180 3724 1472 3798 ἀλλοτρίαις
1510 3724 1808 3799 ἁμαρτίαις.

209 3812 501 3876 Ἐξελέξατο
580 3810 639 3866 δὲ
717 3813 771 3867 ἐκ
840 3817 1044 3867 πάντων
1110 3822 1210 3867 τῶν
1275 3816 1663 3867 πιστευσάντων
1741 3814 1813 3877 εἰς

208 3902 384 3971 αὐτόν,
447 3903 538 3965 οὓς
614 3903 779 3967 ἤθελε,
845 3901 1080 3971 δηλαδὴ,
1164 3907 1287 3965 τούς
1358 3903 1809 3977 ἀξιολογωτέρους.

207 3990 477 4055 ἐπελέξατο
535 3990 595 4045 δε
634 3993 723 4045 καὶ
770 3990 976 4047 Ἰούδαν
1029 3998 1115 4045 τὸν
1168 3994 1532 4068 Ἰσκαριώτην,
1600 3998 1671 4055 ὡς
1718 4014 1811 4051 τη-

204 4089 427 4134 νικαῦτα
482 4083 655 4135 καλόν⁸
724 4080 949 4149 δεικνύς,
1008 4086 1088 4136 ὃτι
1138 4089 1412 4158 προσίεται
1475 4087 1560 4136 τόν
1632 4084 1807 4156 καλὸν,

202 4175 401 4245 μχρις
453 4171 513 4223 ἂν
565 4176 779 4244 ’γένηται
844 4176 1023 4239 κακὸς,
1097 4173 1142 4225 εἰ
1200 4179 1289 4226 καὶ
1347 4178 1697 4246 προ-γινώσκει
1750 4174 1809 4224 τὸ

202 4260 407 4333 μέλλον,
438 4267 531 4315 καί
554 4262 648 4315 οὐκ
671 4261 771 4315 ἀπὸ
798 4270 888 4323 τῆς
910 4263 982 4324 εἰς
1002 4263 1217 4338 ὕστερον
1238 4268 1429 4323 κακίας
1450 4262 1810 4335 ἀποπέμπεται

200 4354 293 4403 τὸν
341 4352 432 4423 ἄρι
475 4352 651 4405 καλόν·
685 4351 813 4405 ἀλλὰ
863 4352 964 4406 ἀπὸ
994 4360 1090 4415 τῆς
1136 4361 1225 4406 νῦν
1272 4352 1478 4428 ἀρετῆς,
1528 4353 1811 4405 οἰκειοῦται

199 4443 291 4492 τὸν
320 4440 393 4501 εἰς
416 4442 633 4515 ὕστερον
659 4446 901 4517 πονηρόν.

280 4528 554 4593 Ἐξουσίαν
600 4529 660 4585 δε
687 4536 811 4599 νόςι,
862 4536 957 4592 τήν
1002 4528 1225 4606 δύναμιν
1261 4541 1359 4586 τοῦ
1398 4536 1692 4609 θεραπεύειν
1721 4537 1810 4596 τὰς

197 4623 388 4680 νόσους
418 4626 508 4673 καὶ
539 4620 797 4674 ἐκϐάλλειν
827 4624 893 4674 τά
939 4619 1209 4695 δαιμόνια.
1256 4624 1384 4676 Εἶτα
1433 4623 1569 4696 λέγει
1610 4630 1698 4678 καὶ
1746 4628 1812 4679 τά

198 4708 434 4781 ὀνόματα
457 4706 553 4762 διὰ
575 4714 695 4774 τούς
720 4708 1202 4782 ψευδαποστόλους.

276 4938 380 4987 Καὶ
429 4932 643 4993 ἐπέθηκε
703 4968 768 4977 -
828 4940 1040 5011 Πέτρον.
1104 4940 1204 4990 Καὶ
1257 4942 1359 5009 μὴν
1429 4937 1477 4989 ἐν
1537 4946 1608 5010 τῷ
1678 4942 1812 4993 κατὰ

200 5026 427 5081 Ιωάννην
508 5024 802 5097 Εύαγγελίῳ
878 5026 1219 5099 μανθάνομεν,
1299 5028 1397 5093 ὅτι,
1464 5028 1545 5080 ὅτε
1608 5038 1810 5104 πρῶτον

196 5114 225 5164 ὀ
276 5110 501 5185 ἀδελφὸς
560 5114 721 5167 αὐτοῦ
771 5111 1017 5191 Ἀνδρέας
1083 5119 1277 5188 ἤγαγεν
1331 5116 1486 5169 αὐτόν
1546 5122 1672 5191 πρὸς
1724 5122 1810 5172 τὸν

199 5204 431 5269 Ἰησοῦν,
491 5208 606 5256 τότε
664 5203 921 5277 ἐμϐλέψας
974 5205 1114 5277 αύτῷ
1187 5208 1211 5257 ό
1275 5207 1502 5274 Ἰησοῦς,
1556 5207 1680 5262 εἶπε·
1744 5212 1810 5263 Σύ

198 5290 248 5344 εἶ
296 5300 485 5365 Σιμων,
543 5294 568 5345 ὁ
642 5296 748 5357 νὶὸς
813 5294 977 5364 Ἰωνᾶ,
1050 5297 1115 5347 σύ
1182 5294 1424 5370 κληθήσῃ
1506 5303 1707 5371 Κηφᾶς,
1784 5300 1810 5353 ὃ

272 5444 319 5480 ⁴²
351 5443 549 5502 Matth.
591 5460 695 5510 xu,
727 5446 810 5501 16.
844 5446 893 5482 ⁴³
928 5447 1060 5503 Luc.
1084 5463 1165 5517 v1,
1197 5450 1283 5513 12,
1317 5447 1405 5503 13.
1439 5448 1486 5485 ιι
1514 5450 1690 5506 Joan.
1720 5465 1761 5507 I.
1789 5452 1879 5507 42.

1925 3286 2039 3343 cim
2070 3300 2140 3340 ea:
2163 3286 2264 3350 eis,
2297 3299 2440 3356 quos
2466 3288 2518 3339 et
2541 3282 2833 3352 apostolos
2859 3279 3187 3337 nominavit
3213 3282 3288 3348 ⁴³,
3320 3285 3430 3337 etc.
3464 3280 3595 3338 Per-

1924 3375 2205 3431 noctabat
2243 3373 2405 3429 enim
2459 3373 2520 3428 in
2563 3371 2830 3428 oratione
2887 3370 2965 3426 ad
3014 3372 3238 3426 Deum:
3286 3370 3590 3427 instruens

1923 3480 2052 3532 nos,
2079 3468 2143 3521 ut
2168 3464 2215 3520 si
2251 3462 2500 3536 quando
2530 3461 2790 3533 aliquem
2831 3458 3073 3516 electuri
3111 3474 3345 3524 sumus,
3368 3459 3429 3515 in
3460 3475 3592 3518 ora-

1920 3555 2081 3629 tione
2099 3558 2538 3629 pernoctemus,
2556 3566 2678 3625 quo
2694 3551 2744 3607 is
2768 3548 2870 3623 qui
2884 3548 3107 3620 dignus
3125 3552 3214 3605 est
3234 3548 3586 3617 innotescat,

1918 3644 1997 3701 'ne
2026 3643 2542 3701 communicemus
2565 3640 2824 3714 peccatis
2837 3638 3068 3695 alienis.
3096 3636 3285 3709 Elegit
3301 3642 3499 3695 autem
3515 3653 3591 3695 ex

1918 3724 2201 3791 omnibus
2240 3730 2620 3790 credentibus
2657 3730 2718 3787 in
2758 3729 2959 3802 ipsum
2998 3744 3148 3801 quos
3186 3727 3394 3795 voluit,
3440 3732 3591 3802 puto.

1917 3824 2243 3897 digniores.
2275 3823 2457 3893 Elegit
2485 3822 2625 3878 item
2655 3824 2709 3876 et
2737 3819 2951 3876 ludam
2984 3818 3342 3883 Iscariotem,
3389 3822 3453 3874 ut
3482 3818 3588 3891 qui

1916 3912 2063 3970 tunc
2101 3914 2291 3969 bonus
2342 3917 2501 3978 erat;
2546 3909 2870 3967 ostendens
2918 3922 2980 3963 se
3031 3906 3260 3963 bonum
3306 3907 3587 3980 recipere,

1920 4003 2111 4059 donec
2130 4003 2323 4058 malus
2341 4001 2649 4057 efﬁciatur.
2671 4002 2735 4053 Et
2754 4012 3108 4071 quanquam
3137 4001 3591 4068 praecognoscat

1920 4092 2083 4165 quod
2112 4088 2378 4149 futurum
2410 4095 2515 4157 est,
2541 4105 2659 4145 non
2692 4092 2895 4144 tamen
2924 4086 3004 4141 ob
3034 4085 3298 4142 futuram
3328 4087 3589 4158 pravita-

1921 4186 2039 4238 tem
2066 4198 2206 4237 eum
2235 4180 2474 4253 abjecit,
2505 4179 2608 4252 qui
2647 4193 2806 4233 nunc
2832 4177 3027 4232 bonus
3065 4179 3170 4241 est,
3205 4174 3311 4230 sed
3341 4181 3587 4248 propter

1920 4271 2195 4329 virtutem
2209 4276 2559 4344 praesentem
2578 4267 2693 4325 sibi
2710 4264 3067 4325 familiarem
3080 4263 3395 4337 Iacitillum
3411 4265 3587 4321 etiam

1920 4361 2024 4433 qui
2048 4361 2247 4419 malus
2286 4360 2517 4417 futurus
2545 4363 2655 4416 est.

1843 4576 1889 4635 D
1992 4579 2353 4635 Potestatem
2384 4588 2527 4631 vero
2552 4570 2825 4641 intelligit
2853 4568 3135 4625 virtutem
3175 4540 3586 4625 cUrandarum

1921 4667 2342 4742 aegritudinum
2360 4662 2915 4737 ejiciendorumque
2946 4658 3315 4714 daemonum.
3359 4655 3587 4715 Deinde

1919 4763 2160 4833 propter
2175 4756 2358 4813 falsos
2373 4751 2703 4828 apostolos,
2723 4748 2971 4807 nomina
2989 4762 3232 4822 quoque
3254 4748 3424 4822 ponit
3441 4761 3587 4821 apo-

1922 4849 2271 4995 “(32:36.
2304 4934 2377 4990 Et
2399 4932 2677 5004 imposuit
2699 4940 2766 4972 -ι
2787 4930 3010 4986 Petrus.
3036 4927 3217 5000 Atqui
3239 4926 3300 4983 in
3322 4929 3585 4997 Evange-

1918 5028 1998 5085 lio
2015 5028 2183 5098 juxta
2204 5026 2497 5080 Joannem
2520 5020 2832 5086 discimus,
2854 5017 3020 5092 quod
3044 5014 3293 5089 quando
3315 5014 3581 5086 primum

1920 5116 2097 5173 frater
2127 5115 2256 5186 ejus
2284 5114 2547 5169 Andreas
2574 5110 2743 5167 duxit
2767 5108 2933 5165 illum
2963 5106 3039 5163 ad
3069 5108 3297 5171 Jesum,
3330 5103 3581 5160 intuitus

1921 5222 2059 5263 eum
2089 5206 2259 5260 Jesus
2290 5203 2437 5259 dixit
2465 5218 2477 5256 :
2518 5202 2604 5258 Tu
2630 5214 2688 5261 es
2714 5198 2913 5257 Simon
2936 5197 3103 5268 ﬁlius
3123 5194 3296 5264 Jona,
3322 5201 3386 5249 tu
3412 5202 3578 5251 voca-

1908 5296 2075 5354 beris
2091 5294 2328 5365 Cephas,
2353 5291 2510 5365 quod
2525 5297 2627 5359 est,
2650 5290 2700 5346 si
2712 5287 2834 5363 quis
2850 5288 3270 5359 interpretetur
3281 5284 3494 5342 Petrus
3508 5282 3578 5351 ιξ.

1421 5575 1645 5644 Variae
1678 5574 2005 5667 lectiones
2046 5582 2113 5642 et
2141 5580 2344 5642 notas.

274 5714 385 5784 (32)
423 5716 597 5771 Multa
622 5715 719 5771 hic
737 5714 957 5787 desunt
985 5715 1147 5787 apud
1183 5717 1562 5774 llentenium.

276 5790 388 5858 (33)
413 5787 551 5853 Quae
567 5787 663 5844 hic
684 5786 923 5843 inclusa
943 5786 1106 5853 sunt,
1130 5788 1472 5847 exciderant
1493 5805 1564 5847 ex
1586 5788 1722 5848 cod.
1742 5790 1815 5859 Α,

1924 5717 2003 5774 ob
2033 5714 2450 5788 repetitionem
2480 5716 2593 5788 τού,
2625 5711 2726 5788 τοῦ.
2754 5706 2971 5788 πρώτου,
2997 5721 3112 5781 aug).
3223 5748 3237 5788 ιν

1994 5778 2119 5862 (34ἳ
2143 5787 2433 5845 Nimirum
2475 5778 2607 5860 ἱερέα
2639 5782 2671 5844 ἡ
2704 5778 2986 5835 ίπιθκσπον
3063 5778 3079 5781 -
3134 5792 3137 5797 .
3168 5795 3179 5799 ,
3223 5783 3231 5791 .
