4096 6388
515 315 621 387 791

1872 312 2225 383 ΕΠΤΗΥΜΙΙ
2273 312 2615 381 ZIGABENI

3788 333 3897 391 792

519 438 849 499 Verisimile
865 442 956 498 est
970 456 1115 514 ergo
1125 444 1268 502 tunc
1285 443 1526 514 dixisse,
1546 444 1891 503 vocandum
1908 459 2043 501 esse
2069 443 2175 499 Pe-

2312 448 2620 515 ρμηνεύεται
2669 452 2882 525 Πέτρος,
2949 449 3097 512 Εἰκὸς
3145 451 3233 504 οὖν
3281 455 3394 505 τότε
3437 454 3528 525 μὲν
3586 453 3763 519 εἰπεῖν,
3816 459 3894 511 ὅτι

511 533 702 598 ,ει-ιιω,
745 546 908 587 nunc
947 538 1148 589 autem
1180 550 1394 590 vocare
1420 551 1560 591 eum
1597 536 1854 595 Petrum.

510 680 519 685 ,
594 621 798 685 Quaere
839 626 1038 677 autem
1094 622 1327 680 decimo
1375 640 1537 680 nono
1591 627 1785 697 capite
1827 626 1999 698 juxta
2038 628 2175 682 Mat-

524 707 747 766 thaeum
769 710 1201 782 expositionem
1220 715 1683 769 enumerationis
1698 716 2011 770 nominum
2030 714 2177 770 duo-

522 797 714 856 decim
739 800 1169 873 apostolorum,
1202 807 1256 858 et
1282 802 1488 860 omnia
1517 819 1625 860 suo
1652 803 1922 861 invenies
1943 805 2172 872 ordine,

595 1012 757 1072 Vers.
789 1015 880 1072 17.
910 1013 992 1072 Et
1017 1013 1298 1073 Iacobum
1320 1018 1659 1088 —-fratrem
1692 1018 1912 1077 Jacobi.
1934 1023 1982 1077 Α
2016 1037 2179 1080 com-

521 1102 694 1160 muni
721 1118 1057 1175 cognomen
1084 1105 1395 1164 asciscitur
1421 1121 1435 1163 :
1468 1112 1527 1164 et
1552 1113 1798 1182 propter
1824 1126 1929 1167 eos
1959 1112 2067 1185 qui
2089 1128 2178 1170 se-

516 1196 788 1265 quuntur
814 1193 931 1251 hoc
967 1192 1319 1252 assumitur.

595 1283 758 1339 Vers.
794 1283 878 1340 Et
900 1284 1172 1357 imposuit
1199 1315 1268 1328 --
1300 1286 1560 1345 tonitrui.
1587 1287 1749 1345 Sicut
1777 1288 1933 1347 ﬁlius
1962 1292 2180 1366 iniqui-

520 1371 658 1429 tatis
682 1370 900 1429 dieitur
931 1374 1037 1446 qui
1074 1373 1317 1448 iniquus
1355 1381 1483 1434 est:
1517 1380 1573 1434 et
1609 1377 1767 1435 ﬁlius
1804 1381 2174 1452 perditionis,

522 1461 797 1535 perditus
825 1480 839 1530 ;
873 1466 931 1520 et
958 1462 1118 1520 ﬁlius
1140 1464 1330 1536 pacis,
1358 1465 1681 1537 paciﬁcus:
1709 1468 1792 1526 ita
1813 1486 2055 1544 quoque
2074 1472 2179 1529 ﬁlii

523 1550 773 1609 tonitrui
799 1551 904 1629 qui
934 1555 1188 1621 tonant;
1231 1557 1522 1628 tanquam
1563 1558 1887 1616 tonitruum
1906 1561 2066 1617 enim
2105 1562 2180 1618 de

526 1639 679 1698 cmlo
710 1639 1005 1707 auditum,
1036 1640 1099 1698 hi
1126 1641 1325 1700 divina
1352 1650 1632 1703 tonarunt
1662 1646 1952 1719 dogmata
1975 1667 1989 1719 ;
2012 1651 2181 1708 Jaco-

512 1728 643 1807 _.bus
662 1729 910 1801 quidem
926 1730 1051 1787 sine
1070 1731 1382 1804 scriptura,
1400 1733 1662 1792 Joannes
1680 1752 1816 1795 vero
1839 1740 2178 1807 scribendo,

511 1798 871 1890 'Boan'erges
900 1824 1101 1878 autem
1124 1821 1477 1881 Hebraicum
1500 1840 1727 1884 nomen
1756 1832 1863 1896 est,
1890 1831 2183 1904 quemad-

524 1907 781 1967 modum
822 1912 879 1967 et
917 1909 1168 1982 Cephas.

503 2056 517 2064 ,
600 1998 765 2056 Vers.
795 1999 885 2056 18.
916 2001 995 2057 Et
1014 2000 1310 2059 Andream
1339 2033 1411 2045 —
1440 2002 1606 2064 Vers.
1634 2008 1721 2063 19.
1755 2006 1951 2066 illum.
1983 2010 2062 2067 De
2091 2010 2184 2069 his

527 2087 810 2145 omnibus
836 2088 1063 2146 dictum
1101 2095 1193 2148 est
1220 2092 1509 2165 praedicto
1533 2094 1768 2155 decimo
1797 2113 1960 2157 nono
1992 2101 2183 2174 capite

520 2175 697 2250 juxta
732 2176 1100 2236 Matthmum.

511 2328 514 2333 .
597 2285 759 2343 Vers.
790 2285 970 2345 20.Et
987 2287 1230 2345 veniunt
1248 2319 1311 2332 -
1328 2289 1713 2352 manducare.
1735 2295 1805 2354 In
1822 2295 2073 2356 domum
2087 2316 2185 2357 cu-

508 2372 770 2446 Jusdam
808 2372 1021 2441 ﬁdelis,
1922 2422 1925 2425 γ

595 2464 756 2519 'Vers.
770 2464 834 2519 2t
848 2504 861 2518 .
888 2463 1109 2522 Etcum
1123 2466 1431 2526 audissent
1444 2500 1515 2513 —
1536 2486 1684 2529 eum.
1701 2472 1847 2531 Cum
1874 2476 2186 2539 audissent

525 2551 839 2609 domestici
862 2554 994 2623 ejus
1015 2554 1269 2621 multam
1290 2561 1888 2632 convenireturbam,
1913 2567 2184 2626 exierunt

522 2644 591 2697 ut
619 2656 757 2697 eum
790 2641 1152 2710 cohiberent,
1183 2661 1252 2702 ac
1282 2649 1672 2721 prohiberent
1690 2668 1765 2710 ne
1796 2656 2055 2729 amplius
2084 2675 2181 2717 sa-

523 2732 1032 2822 naret._Fortassis
1059 2738 1261 2822 autem
1291 2742 1460 2797 erant
1496 2739 1560 2797 hi
1596 2740 1808 2801 fratres
1834 2760 1905 2803 ex
1942 2747 2179 2822 Josepb,

523 2824 630 2878 aut
667 2819 815 2876 alias
849 2821 1109 2892 cognati.

510 2993 519 3001 ι
594 2926 757 2984 vers.
799 2929 888 2984 2i.
920 2929 1201 2989 Dicebant
1224 2965 1289 2987 ς-
1318 2934 1382 2992 in
1413 2951 1674 2997 exessum
1712 2957 1911 3000 versus
1941 2949 2040 3003 est.
2084 2948 2180 3004 Di-

524 3015 1005 3092 cebantquidam
1020 3020 1226 3091 invidi,
1250 3026 1416 3097 quod
1428 3027 1741 3101 desiperet,
1758 3034 1901 3105 quia
1915 3051 1975 3091 se
1990 3040 2181 3094 totum

504 3105 603 3191 'ad
627 3106 864 3215 dantdas
896 3110 1535 3215 sanitates'tradiderat
1564 3141 1578 3174 :
1611 3119 2046 3215 humanitatem
2074 3127 2182 3185 du-
2216 3155 2257 3215 ρ

519 3199 720 3252 centes
736 3195 1016 3271 furorem,
1042 3205 1098 3257 et
1120 3203 1593 3263 misericordiam
1619 3208 1904 3267 facientes
1932 3216 2175 3273 crimen.

503 3274 590 3344 "Et
625 3302 762 3344 vere
811 3288 871 3363 hi
928 3290 1331 3351 insaniebant.
1377 3296 1469 3353 Sic
1520 3313 1662 3370 ergo
1700 3301 2045 3375 intelligitur
2082 3307 2179 3364 hic

522 3392 741 3448 sermo,
773 3379 938 3451 quOd
967 3381 1237 3439 exierunt
1266 3384 1377 3449 sui,
1404 3390 1466 3442 ut
1495 3388 1880 3460 prohiberent
1906 3410 2066 3451 eum.

506 3456 511 3459 ’
589 3466 701 3522 Alii
743 3482 883 3523 vero
924 3485 1059 3541 quae
1099 3471 1259 3530 dicta
1303 3480 1443 3532 sunt
1483 3456 1652 3534 aliter
1692 3480 2175 3555 interpretantur,

517 3556 685 3630 quod
715 3556 988 3615 exierunt
1017 3561 1110 3616 sui
1136 3565 1201 3618 ut
1230 3566 1500 3625 tenerent
1530 3583 1667 3624 eum
1695 3585 1769 3626 ne
1796 3573 2134 3631 discederet
2160 3598 2174 3633 :

517 3644 971 3703 dicebantenim
992 3649 1435 3725 quidam,quod
1458 3658 1805 3717 excessisset
1826 3662 1949 3719 sive
1962 3664 2178 3721 disces-

516 3732 692 3791 sisset
720 3751 758 3792 a
797 3752 859 3792 se
897 3743 1135 3811 propter
1166 3740 1422 3800 turbam.

590 3823 714 3892 Vel,
748 3823 1015 3883 exierunt
1045 3831 1105 3884 ut
1142 3832 1406 3889 tenerent
1443 3850 1581 3891 cum
1608 3836 1730 3894 sive
1769 3840 2129 3913 adjuvarent
2160 3862 2176 3914 ;

508 3909 802 3971 dicebant
817 3916 977 3972 enim
991 3918 1156 3989 quod
1177 3923 1678 3999 excessisset‘sive
1696 3909 2019 3990 dissolutus
2031 3909 2181 3994 esset

518 4018 557 4061 a
592 4002 799 4075 vigore
832 4006 1099 4079 corporis
1136 4025 1261 4081 prie
1293 4011 1480 4070 nimio
1519 4014 1745 4073 labore.

591 4092 760 4150 Vers.
790 4096 876 4150 22.
902 4096 1129 4155 Scriba?
1165 4099 1341 4157 etiam
1370 4134 1439 4144 —
1461 4104 1767 4164 daemonia.
1804 4112 1918 4167 Hoc
1950 4117 2007 4170 et
2038 4114 2179 4173 Pha-

517 4181 675 4240 risaei
714 4182 994 4242 dicebant
1032 4187 1316 4246 vicesimo
1357 4195 1621 4252 secundo
1637 4197 1811 4268 juxta
1834 4201 2178 4263 Matthesum

504 4272 711 4347 'capite
736 4290 751 4342 ;
778 4278 834 4333 et
869 4274 953 4332 ibi
991 4293 1195 4350 quaere
1221 4282 1675 4353 expositionem.

590 4496 1107 4595 vers-.‘23.-_Qu_ibus
1122 4502 1198 4559 ad
1224 4518 1285 4562 se
1307 4508 1524 4565 vocatis
1545 4541 1608 4553 -
1631 4510 1772 4569 illis.
1802 4513 1869 4572 In
1891 4522 2180 4595 exemplis

520 4589 579 4643 et
616 4585 1124 4647 similitudinibus.

506 4740 509 4741 ν
593 4675 757 4732 Vers.
798 4678 1186 4745 23.0uomodo
1208 4687 1396 4754 potest
1436 4687 1648 4762 ejicere
1671 4689 1699 4747 7
1729 4692 1963 4754 Dictum
1989 4704 2076 4757 est
2104 4701 2179 4759 de

521 4762 613 4820 his
642 4764 756 4822 hoc
785 4766 993 4840 capite,

591 4852 755 4911 Vers.
780 4856 868 4912 24.
894 4858 1043 4915 Etsi
1069 4891 1139 4902 —
1164 4862 1329 4920 Vers.
1363 4866 1596 4926 25.1'lla.
1632 4870 1822 4929 Etiam
1839 4872 1914 4930 de
1943 4876 2036 4933 his
2064 4878 2179 4936 dis-

517 4947 792 5017 putatum
824 4950 930 5004 est.

589 5033 753 5093 Vers.
782 5037 871 5130 2b.
903 5037 982 5094 Et
998 5038 1139 5111 si_—
1165 5039 1354 5101 habet.
1384 5045 1587 5112 Qumre
1612 5048 1794 5107 etiam
1810 5051 1886 5109 de
1915 5052 2010 5111 his
2031 5072 2179 5130 pras-

516 5122 676 5182 dicto
712 5126 925 5198 capite.

590 5213 751 5271 Vers.
782 5216 871 5273 27.
898 5216 1087 5275 Nemo
1117 5249 1185 5260 —
1215 5219 1474 5293 diripiet.
1514 5224 1649 5282 Haec
1677 5243 1920 5303 quoque
1948 5232 2175 5293 ibidem

513 5300 742 5374 integre
778 5304 1085 5364 declarata
1120 5313 1281 5366 sunt.

588 5391 752 5451 Vers.
772 5394 861 5451 28.
889 5396 1083 5453 Amen
1110 5429 1177 5441 —
1208 5399 1372 5457 Vers.
1404 5404 1495 5460 29.
1516 5403 1747 5474 judicii.
1772 5410 1905 5465 Haec
1934 5418 2171 5483 praeter-

516 5495 587 5538 ca
624 5483 917 5555 optimam
956 5486 1039 5544 ibi
1078 5492 1255 5548 nacta
1304 5500 1443 5550 sunt
1488 5494 2057 5569 interpretationem.
2098 5506 2169 5562 In

2208 4565 2256 4626 ι)

2289 531 2541 607 κληθήσῃ
2572 541 2781 608 Πέτρος.
2810 548 2897 593 νῦν
2926 537 2984 594 δε
3013 540 3231 594 καλέσαι
3255 550 3433 595 τοῦτον
3465 546 3676 615 Πέτρον.

2358 628 2596 681 Ζήτησον
2643 627 2753 700 (35)
2817 627 2875 681 δὲ
2919 628 2966 681 ἐν
3020 639 3090 699 τῷ
3147 628 3586 703 ἐννεακαιδεκάτῳ
3633 632 3890 708 κεφαλαίῳ

2285 730 2343 763 το
2397 717 2530 766 κατὰ
2582 719 2848 770 Ματθαῐον
2903 729 2995 778 τῆν
3058 719 3306 790 ἐξήγησιν
3356 730 3447 782 τῆς
3486 719 3891 795 ἀπαριθμήσεως

2285 809 2383 852 τῶν
2438 802 2698 875 ὀνομάτων
2746 815 2839 869 τῆς
2901 804 3210 871 δωδεκάδος
3271 818 3369 862 τῶν
3418 810 3737 878 ἀποστόλων,
3801 820 3889 867 καὶ

2286 892 2523 964 εὑρήσεις
2552 896 2723 947 πάντα
2750 900 2885 949 κατὰ
2912 898 3061 967 λόγον
3100 904 3405 971 τεταγμένα.

2356 981 2459 1035 Καὶ
2490 981 2734 1036 Ἰάκωϐον
2759 1016 2827 1027 -
2868 984 3085 1060 ἀδελφὸν
3124 996 3216 1040 τοῦ
3244 987 3517 1046 Ἰακώϐου.
3554 987 3683 1043 Ἀπὸ
3714 999 3887 1044 κοινοῦ

2283 1070 2362 1140 τὸ,
2396 1072 2787 1144 προσκαλεῖται.
2832 1081 2932 1130 Καὶ
2980 1080 3083 1150 γὰρ
3138 1082 3228 1131 καὶ
3284 1077 3370 1132 ἐπὶ
3417 1082 3535 1141 τούς
3574 1078 3693 1143 ἑξῆς
3738 1088 3887 1135 τοῦτο

2286 1158 2621 1232 λαμϐάνεται.

2358 1254 2459 1303 Καὶ
2516 1250 2760 1310 έπέθηκεν
2814 1285 2880 1295 -
2935 1254 3179 1328 βροντῆς,
3238 1254 3441 1332 Ὠσπερ
3481 1260 3593 1321 υἱὸς
3648 1256 3883 1332 ἀνομίας,

2287 1337 2314 1389 ὁ
2370 1339 2579 1412 ἄνομος,
2630 1346 2719 1394 καὶ
2770 1343 2877 1404 υίὸς
2930 1344 3205 1412 ἀπωλείας,
3256 1348 3282 1399 6
3322 1346 3617 1414 ἀπολωλὼς,
3661 1352 3748 1401 καὶ
3782 1350 3890 1409 υἱός

2287 1426 2513 1501 εἰρήνης,
2581 1431 2607 1482 6
2658 1430 2935 1504 εἰρηνικός·
3008 1435 3143 1487 οὕτω
3218 1440 3307 1488 καὶ
3371 1439 3477 1489 υἱοὶ
3541 1435 3784 1511 βροντῆς,
3842 1439 3892 1490 οἱ

2290 1514 2623 1589 βροντῶντες.
2672 1525 2829 1578 Δίκην
2871 1524 2972 1598 γὰρ
3018 1522 3243 1599 βροντῆς
3273 1523 3546 1597 οὐρανόθεν
3577 1525 3891 1589 ἐξάκουστον

2289 1602 2605 1679 ἐϐρόντησαν
2627 1610 2768 1661 οὗτοι
2787 1612 2854 1662 τὰ
2876 1611 3145 1684 θεολογικά
3172 1610 3435 1686 δόγματα,
3460 1615 3485 1666 ό
3507 1618 3597 1688 μεν
3624 1614 3891 1681 Ἰάκωϐος,

2291 1691 2555 1767 ἀγράφως
2606 1699 2632 1749 6
2683 1694 2741 1751 δι
2781 1700 3036 1767 Ἰωάννης,
3070 1700 3361 1775 ἐγγράφως.
3406 1702 3674 1779 Ἐϐραῐκόν
3724 1701 3783 1758 δε
3833 1709 3894 1758 τό

2217 1796 2261 1855 Β
2292 1788 2582 1859 Βοανεργες,
2616 1789 2789 1865 ὥσπερ
2824 1794 2915 1842 καὶ
2946 1794 3003 1843 τὸ
3039 1797 3238 1865 Κηφᾶς.

2365 2039 2466 2087 Καὶ
2492 2034 2740 2109 Ἀνδρέαν
2767 2070 2832 2080 -
2864 2041 3040 2096 αὑτὸν.
3084 2047 3209 2116 Περὶ
3238 2045 3431 2096 τούτων
3461 2046 3660 2098 πάντων
3689 2048 3902 2121 εἴρηται

2292 2121 2340 2175 ἕν
2370 2132 2443 2196 τῷ
2475 2121 2757 2185 δηλωθέντι
2787 2127 3225 2206 ἐννεακαιδεκάτῳ
3254 2133 3531 2207 κεφαλαίῳ.

2366 2346 2467 2397 Καὶ
2497 2344 2745 2417 ἔρχονται
2776 2378 2845 2388 -
2876 2354 3072 2420 φαγεῖν.
3106 2347 3196 2413 Εἰς
3223 2345 3364 2402 οἶκόν
3393 2369 3530 2416 τινος
3572 2358 3781 2409 πιστοῦ.

2365 2562 2467 2610 Καὶ
2521 2556 2835 2623 ἀκούσαντες
2903 2593 2973 2603 --
3040 2563 3222 2621 αὐτόν.
3305 2564 3641 2633 Ἀκούσαντες
3715 2571 3765 2622 ei
3826 2570 3909 2625 οὶ-

2290 2652 2420 2698 κεῖοι
2482 2647 2660 2712 αὑτοῦ,
2722 2652 2802 2703 ὅτι
2869 2656 3183 2727 συνέρχεται
3243 2655 3399 2719 πολὺς
3456 2657 3631 2729 ὄχλος,
3685 2657 3910 2722 ἐξῆλθον

2289 2733 2532 2808 ἐπισχεῖν
2584 2738 2761 2806 αύτόν,
2815 2746 2905 2794 καὶ
2960 2743 3191 2797 κωλίσαι
3242 2748 3538 2821 θεραπεύειν
3588 2752 3909 2824 περαιτέρω.

2287 2821 2399 2877 Εἶεν
2431 2822 2481 2879 δ’
2513 2825 2572 2878 ἃν
2607 2824 2771 2896 οὗτοι,
2805 2833 2904 2883 εἴτε
2933 2833 2981 2884 οἱ
3024 2830 3077 2897 ἐξ
3106 2833 3301 2908 Ἰωσὴφ
3332 2832 3547 2909 ἀδελφοὶ
3576 2836 3759 2906 αὑτοῦ,
3797 2842 3913 2892 εἴτε

2287 2918 2378 2966 καὶ
2408 2915 2570 2989 ἕτεροι
2602 2926 2884 2989 συγγενεῖς.

2361 3003 2571 3076 Ἔλεγον
2624 3038 2685 3047 --
2751 3006 2952 3071 ἐξέστη.
3010 3011 3219 3083 Ἔλεγον
3283 3016 3386 3086 γὰρ
3434 3034 3563 3077 τινες
3636 3018 3909 3089 φθονεροὶ,

2289 3094 2371 3145 ὅτι
2440 3101 2817 3171 παρεφρόνησε,
2878 3095 3018 3152 διότι
3078 3101 3191 3154 ὅλον
3267 3103 3446 3157 ἑαυτὸν
3510 3102 3762 3160 ἐπέδωκεν
3838 3108 3913 3170 εἰς

2288 3185 2346 3235 τὸ
2406 3186 2723 3258 θεραπεύειν,
2768 3192 2862 3245 τὴν
2913 3189 3297 3264 φιλανθρωπίαν
3340 3195 3633 3266 νομίζοντες
3678 3201 3907 3269 μανίαν,

2287 3279 2375 3325 καὶ
2418 3277 2505 3326 τὸν
2535 3274 2690 3339 ἔλεον,
2740 3277 2975 3350 ἔγκλημα
3030 3284 3351 3353 ποιούμενοι,
3394 3288 3484 3337 καὶ
3534 3288 3689 3347 ὅντως
3741 3285 3915 3341 αὐτοὶ

2286 3367 2603 3435 μαινόμενοι.
2639 3368 2734 3418 Διὰ
2769 3374 2894 3437 γοῦν
2936 3371 3024 3420 τὸν
3049 3368 3199 3442 λόγον
3243 3379 3423 3425 τοῦτον
3452 3371 3643 3447 μᾶλλον
3681 3374 3911 3439 ἐξῆλθον

2286 3454 2334 3505 οἱ
2365 3452 2527 3505 αὐτοῦ
2556 3453 2792 3507 κωλῦσαι
2822 3456 2997 3512 αὐτόν.

2355 3540 2558 3617 Ἐτεροι
2603 3540 2661 3596 δὲ
2690 3548 2754 3597 τὰ
2778 3546 2916 3621 ῥητὰ
2958 3552 3148 3622 τρόπον
3177 3549 3345 3625 ἕτερον
3391 3550 3787 3625 ἑρμηνεύουσιν,
3823 3560 3911 3611 ὅτι

2287 3629 2496 3693 ἐξῆλθον
2551 3635 2600 3685 οἱ
2647 3633 2827 3686 οἰκεῖοι
2885 3637 3044 3689 αὐτοῦ
3107 3648 3371 3713 κρατῆσαι
3431 3642 3609 3710 αὐτόν,
3669 3646 3753 3697 ἶνα
3825 3653 3907 3720 μὴ

2286 3720 2641 3794 ύποχωρήση.
2675 3722 2883 3795 Ἔλεγον
2934 3728 3034 3801 γάρ
3082 3745 3232 3793 τινες,
3290 3731 3372 3782 ὅτι
3420 3731 3656 3799 Ἐξέστη,
3709 3737 3908 3807 ἤγουν,

2290 3808 2515 3868 Ἀπέστη
2551 3808 2638 3862 ἀπ’
2666 3812 2834 3865 αὐτῶν
2867 3810 2901 3865 δ
2908 3817 2961 3867 ιὰ
2994 3818 3079 3868 τόν
3112 3817 3289 3889 ὄχλον.

2358 3904 2425 3951 Ἦ
2486 3899 2734 3963 Ἐξῆλθον
2790 3912 3056 3976 κρατῆσαι
3119 3905 3295 3975 αὐτὸν,
3372 3914 3633 3978 τουτέστι,
3716 3920 3919 3988 Παρα-

2287 3986 2570 4045 ϐοηθῆσαι.
2620 3988 2828 4061 Ἔλεγον
2856 3995 2957 4067 γὰρ
3008 3995 3089 4045 ὅτι
3134 3995 3371 4063 Ἐξέστη,
3421 3999 3592 4053 ὅέστι
3623 3986 3914 4078 Παρελύθη

2286 4081 2374 4129 τὸν
2403 4082 2548 4129 τόνον
2580 4086 2671 4130 τοῦ
2701 4085 2963 4152 σώματος,
2995 4084 3128 4154 ἄγαν
3159 4088 3435 4148 κοπιάσας.

2363 4171 2461 4220 Καὶ
2522 4169 2570 4218 οἰ
2632 4173 2955 4242 Γραμματεῖς
3026 4202 3092 4214 -ι
3163 4170 3433 4247 δαιμόνια.
3506 4176 3662 4232 Εἶπον
3739 4190 3918 4239 τοῦτο

2286 4259 2377 4306 καὶ
2429 4257 2478 4307 οἱ
2533 4263 2810 4329 Φαρισαῖοι
2856 4257 2904 4311 έν
2958 4269 3030 4331 τῷ
3083 4261 3301 4335 εἰκοστῷ
3354 4262 3581 4340 δευτέρῳ
3632 4270 3919 4347 κεφαλαίῳ

2285 4351 2379 4396 τοῦ
2435 4348 2571 4397 κατὰ
2617 4349 2907 4417 Ματθαῖον,
2966 4354 3055 4403 καὶ
3108 4352 3340 4413 ζήτησον
3395 4352 3501 4408 ἕκεῖ
3551 4362 3647 4417 τὴν
3706 4357 3921 4435 65137»:-

2291 4452 2394 4486 σιν.

2361 4526 2462 4576 Καὶ
2527 4523 3015 4601 προσκαλεσάμενος
3096 4529 3287 4594 αὐτούς
3363 4563 3431 4575 --
3512 4536 3715 4600 αὐτοῖς.
3821 4541 3921 4599 Ἐν

2287 4608 2717 4686 παραδείγμασιν

2362 4708 2479 4763 Πῶς
2506 4698 2728 4755 δύναται
2759 4735 2824 4744 -
2865 4703 3122 4760 ἐκϐάλλειν
3152 4724 3165 4775 ;
3195 4712 3415 4785 Εἴρηται
3444 4717 3561 4787 περὶ
3596 4716 3799 4769 τούτων
3861 4718 3920 4773 ἓν

2288 4789 2459 4863 ἐκείνῳ
2490 4799 2562 4862 τῷ
2588 4792 2776 4864 κεφαλά
2785 4798 2862 4865 ίῳ.

2363 4885 2462 4933 Καὶ
2519 4878 2603 4932 ἐὰν
2654 4913 2723 4922 -ο
2780 4881 2967 4943 ἐκείνη.
3023 4890 3123 4939 Καὶ
3190 4894 3305 4961 περὶ
3359 4894 3553 4944 τούτων
3610 4892 3660 4947 ἐν
3715 4895 3919 4973 ἐκείνῳ

2290 4965 2612 5027 διείληπται.

2360 5062 2461 5110 Καὶ
2489 5057 2532 5110 εἰ
2571 5088 2638 5098 —
2675 5061 2808 5131 ἕχει.
2850 5065 3090 5121 Ζήτησον
3137 5062 3186 5116 ἓν
3220 5073 3291 5138 τῷ
3322 5063 3608 5127 δηλωθέντι
3632 5073 3925 5154 κεφαλαίῳ

2285 5151 2374 5199 καὶ
2401 5151 2512 5221 περὶ
2546 5150 2735 5201 τούτων
2749 5193 2762 5205 .

2357 5233 2543 5297 Οὐδεὶς
2590 5268 2659 5277 —-
2691 5234 2988 5314 διαρπάση.
3044 5242 3150 5298 Καὶ
3188 5252 3355 5299 ταῦτα
3398 5245 3605 5311 ἐντελῶς
3647 5249 3694 5303 ἓν
3747 5254 3928 5332 αὐτῷ

2284 5322 2767 5400 ὃιηρμηνεύθησαν.

2314 5417 2519 5487 ,Ἀμὴν
2579 5446 2645 5467 .—-
2696 5422 2940 5491 κρίσεως.
3007 5418 3124 5476 Ἔτι
3205 5426 3292 5477 καὶ
3369 5435 3536 5481 ταῦτα
3612 5429 3936 5501 καλλίστης

2282 5505 2385 5558 ἐκεῖ
2452 5514 2547 5566 τῆς
2620 5504 2912 5579 ἐξηγήσεως
2986 5516 3368 5585 τετυχήκασιν.
3442 5518 3529 5581 Εἰς
3586 5523 3670 5572 τόν
3731 5520 3941 5583 αἰῶνα

1732 5597 1963 5669 Varias
1999 5600 2329 5677 lectiones
2357 5610 2425 5673 et
2454 5612 2656 5671 notae.

589 5699 707 5773 (35)
741 5704 842 5757 Καὶ
872 5700 1241 5791 ζήτησονλνῦν.
1276 5714 1347 5775 Δ.
