4096 6382
295 363 401 422 793
1261 368 1640 427 COMMENT.
1689 366 1763 423 IN
1804 364 2135 427 MARCUM.
2181 400 2248 411 —
2290 370 2449 428 CAP.
2491 370 2586 428 IV.
3561 372 3666 430 79‘

291 491 382 561 μὲν
441 485 549 557 οὖν,
611 495 726 543 αντὶ
781 499 894 559 τοῦ,
950 492 1236 551 Οὐδέποτε.
1291 502 1479 572 Κρίσιν
1528 492 1586 549 δὲ
1641 503 1748 563 νῦν,
1803 500 1896 556 τὴν

2048 499 2313 565 rternum,
2349 498 2464 555 hoc
2496 502 2600 566 est,
2634 501 2974 573 Nunquam.
3009 496 3312 558 Judicium
3343 513 3484 555 vero
3518 497 3665 556 dixit

289 579 602 649 κατάκρισιν
679 576 835 635 εἶπεν.
912 580 1041 637 Εἶτα
1093 588 1406 660 προσέθηκε,
1457 592 1546 638 καὶ
1617 583 1764 640 διατί
1829 590 1894 639 τὰ

2053 602 2166 641 unc
2189 586 2770 643 condemnationem.
2826 587 3047 642 Deinde
3079 585 3248 642 addit
3276 585 3457 642 etiam
3483 603 3663 659 quare

289 667 356 743 ῥη
368 668 514 718 θέντα
542 672 761 740 εἴρηκεν.

2005 676 2291 748 ρεωόὶοιθ.
2342 676 2565 733 dixerit.

362 756 482 809 Ὀτι
513 790 581 800 -
621 761 754 831 ἔχει.
797 759 1002 834 Ἔλεγον
1060 773 1234 833 τοῦτο⁷
1268 766 1315 818 οἱ
1371 765 1622 837 λέγοντες,
1681 768 1761 819 ὅτι
1809 773 1892 820 Βε-

2076 766 2236 821 Vers.
2281 765 2365 821 30.
2393 768 2537 834 Quia
2570 798 2635 806 —-
2656 766 2853 822 habet.
2884 765 3167 822 Dicebant
3197 765 3327 833 hoc,
3360 765 3663 822 affirman-

295 845 531 908 ελζεϐοὐλ
562 852 695 920 ἔχει.

2005 858 2106 919 tes,
2141 855 2301 927 quod
2333 856 2634 912 Beelzebul
2664 856 2928 912 haberet.

363 935 654 1011 Ἐρχονται
707 970 771 980 -
826 941 1050 1002 ζητοῦσί
1104 963 1180 998 σε.
1236 951 1470 1005 Ζήτησον
1527 951 1645 1020 περὶ
1697 949 1890 999 τούτων

2072 945 2234 1000 Vers.
2255 950 2341 1001 31.
2359 946 2432 1001 Et
2451 947 2696 1001 veniunt
2714 976 2779 987 ——
2796 947 2949 1000 Vers.
2965 946 3056 1000 32.
3070 951 3348 1018 quaerunt
3365 950 3437 1002 te.
3455 947 3662 1011 Quaere

291 1029 419 1096 πρὸς
484 1037 556 1098 τῷ
611 1028 742 1081 τέλει
806 1039 895 1083 του
944 1031 1183 1086 εἰκοστοῦ
1241 1040 1418 1110 τρίτου
1472 1035 1750 1110 κεφαλαίου
1797 1045 1889 1090 τοῦ

2046 1051 2068 1091 e
2093 1035 2186 1091 his
2216 1035 2370 1091 circa
2390 1034 2571 1090 ﬁnem
2595 1036 2860 1092 vicesimi
2889 1035 3042 1092 tertii
3072 1035 3286 1108 capitis
3325 1035 3663 1092 secundum

290 1118 427 1166 κατά
452 1119 739 1170 Ματθαῖον.
1997 1125 2326 1182 Matthaaum
2337 1167 2350 1182 .

367 1209 466 1258 Καὶ
519 1204 774 1280 ἀπεκρίθη
830 1240 898 1250 —
940 1215 1116 1288 μήτηρ
1177 1211 1306 1272 ἔστί,
1363 1219 1462 1268 Καὶ
1521 1219 1638 1290 περὶ
1693 1218 1888 1269 τούτων

2067 1218 2229 1272 Vers.
2277 1215 2366 1272 33.
2413 1216 2479 1270 Et
2529 1212 2822 1285 respondit
2867 1242 2937 1255 —
2982 1215 3145 1270 Vers.
3187 1213 3276 1272 35.
3329 1217 3514 1271 mater
3554 1219 3659 1272 est.

289 1295 494 1346 πάντων
577 1294 798 1359 ἀκοιϐῶς
879 1300 1111 1374 εὑρήσεις
1187 1302 1238 1354 ἐν
1327 1305 1498 1377 ἐκείνῳ
1581 1313 1651 1376 τῷ
1737 1326 1885 1380 κεφα-

2048 1322 2256 1363 ursum
2278 1321 2421 1361 sane
2448 1309 2505 1361 et
2538 1303 2612 1361 de
2632 1303 2725 1361 his
2749 1302 3037 1362 omnibus
3058 1308 3260 1361 exacte
3285 1304 3550 1361 invenies
3568 1320 3663 1361 su-

289 1381 418 1454 λαὶῳ
446 1386 584 1456 (36).
1996 1395 2270 1469 pradicto
2308 1394 2518 1467 capite.

360 1474 402 1542 -ι-
418 1474 547 1529 Haec
561 1480 762 1532 autem
774 1477 1052 1535 dixitnon
1067 1479 1354 1552 abjiciens
1384 1482 1634 1539 omnino
1657 1488 1910 1542 matrem
1925 1492 1981 1542 et
1999 1486 2234 1552 fratres,
2260 1484 2366 1541 sed
2388 1483 2702 1540 ostendens
2723 1482 2889 1558 quod
2904 1482 3070 1541 omni
3094 1481 3441 1554 cognationi
3467 1497 3667 1556 corpo-

287 1560 397 1616 rali
434 1565 701 1636 praponi
732 1566 912 1622 debet
945 1569 1162 1626 animae
1197 1571 1592 1630 familiaritas.

365 1656 464 1703 Καὶ
519 1653 673 1705 πάλιν
721 1686 790 1697 -
850 1657 1109 1734 θαλάσση.
1184 1662 1320 1714 Ἐκεῖ
1381 1668 1470 1715 καὶ
1531 1668 1649 1738 περὶ
1697 1668 1889 1718 τούτων
1929 1665 1972 1720 Β

2075 1666 2225 1723 CAP.
2255 1663 2346 1721 IV.
2382 1663 2546 1720 Vers.
2577 1667 2627 1720 1.
2654 1663 2732 1720 Et
2753 1661 2964 1720 iterum
2991 1693 3056 1703 —
3077 1662 3141 1718 in
3171 1661 3346 1719 mari.
3371 1661 3456 1718 Ibi
3484 1662 3662 1722 etiam

290 1739 542 1800 ζήτησον.
622 1745 867 1798 Ἐκάθισε
943 1743 1002 1799 δε
1087 1749 1242 1814 οὕτω,
1339 1749 1650 1824 βουλόμενος
1698 1756 1890 1817 πάντας

2044 1771 2075 1812 e
2096 1755 2188 1810 his
2204 1769 2422 1827 quaere.
2442 1753 2602 1809 Sedit
2619 1758 2842 1818 autem,
2863 1753 3071 1808 volens
3090 1751 3172 1807 ita
3189 1767 3400 1807 omnes
3417 1751 3490 1807 ha
3503 1752 3658 1822 bere,

289 1831 426 1880 κατὰ
453 1836 733 1902 πρόσωπον
769 1837 929 1906 ἔχειν,
952 1842 1036 1889 καὶ
1059 1835 1264 1910 μηδένα
1294 1844 1428 1894 κατά
1457 1848 1641 1911 νώτου,
1670 1848 1758 1896 καὶ
1790 1843 1890 1897 ἀπὸ

2047 1841 2356 1912 ullumque
2389 1844 2520 1910 post
2551 1843 2782 1908 tergum
2811 1853 2825 1892 :
2854 1842 2909 1892 et
2940 1852 2976 1893 a
3003 1836 3151 1892 mari
3184 1836 3531 1909 piscabatur
3560 1853 3663 1895 eos

288 1926 384 1979 τῆς
417 1919 688 1982 θαλάσσης
711 1923 881 1981 ἡλίευε
910 1929 1030 1988 τοὺς
1055 1926 1104 1979 ἐν
1135 1937 1194 2001 τῇ
1227 1937 1318 1999 γῆ.

972 1929 1030 1988 ὐς
1055 1926 1104 1979 ἓν
1135 1937 1194 2001 τῇ
1227 1937 1318 1999 γῆ.
2000 1929 2103 2001 qui
2133 1928 2193 1983 in
2219 1934 2372 1983 terra
2396 1931 2585 1982 erant.

369 2014 467 2062 Καὶ
502 2017 597 2071 πᾶς
639 2044 708 2052 -
855 2013 1051 2087 Ἦγουν
1097 2016 1181 2071 ἐπὶ
1219 2022 1304 2071 τὸν
1353 2020 1588 2092 αἰγιαλὸν
1637 2025 1888 2090 εἱστήκει,

2073 2019 2241 2073 Vers.
2276 2022 2323 2072 1.
2350 2016 2651 2088 Omnisque
2671 2047 2740 2056 —
2760 2021 2909 2072 erat.
2941 2017 3057 2071 Hoc
3085 2018 3192 2080 est,
3223 2013 3467 2071 stabant
3485 2014 3546 2070 in
3576 2013 3665 2071 lit-

291 2099 465 2160 καθὼς
496 2098 602 2153 εἷπε
623 2105 910 2166 Ματθαίος.

2001 2112 2142 2174 tore,
2179 2106 2331 2164 sicut
2359 2106 2507 2162 dixit
2545 2105 2854 2162 Mattheus
2884 2105 2955 2160 “.

545 2251 690 2300 ΚΕΦ.
729 2245 807 2299 ϐ’.
842 2254 967 2323 Περὶ
997 2258 1090 2304 τοῦ
1116 2255 1314 2326 σπόρου
1348 2255 1642 2327 παραϐολή.

2325 2231 2477 2289 CAP.
2528 2232 2614 2287 IX.
2648 2232 2736 2288 De
2776 2230 2984 2287 semine
3027 2228 3337 2301 parabota.

369 2337 468 2386 Καὶ
493 2331 774 2388 ἐδίδασκεν
807 2368 872 2377 -
900 2339 1079 2394 πολλά.
1125 2345 1345 2416 Εἴρηται
1376 2349 1495 2417 περὶ
1526 2354 1627 2398 τῶν
1657 2346 1892 2422 παραϐο-

2073 2339 2237 2394 Vers.
2275 2341 2327 2393 2.
2359 2339 2436 2393 Et
2465 2337 2705 2395 docebat
2744 2368 2810 2378 —
2836 2337 3039 2393 multa.
3073 2337 3302 2391 Dictum
3340 2338 3429 2392 est
3468 2335 3542 2392 de
3569 2334 3664 2392 his

289 2421 389 2473 λῶν
417 2426 610 2476 τούτων
637 2423 686 2477 ἐν
732 2435 804 2498 τῷ
836 2427 1055 2500 εἰκοστῷ
1086 2434 1311 2507 τετάρτῳ
1340 2434 1599 2508 κεφαλαίῳ
1637 2421 1739 2489 τοῦγ
1758 2440 1895 2490 κατά

2045 2428 2306 2487 arabolis
2341 2427 2618 2486 vicesimo
2647 2430 2864 2502 quarto
2894 2426 3085 2500 capite
3103 2426 3267 2498 juxta
3295 2426 3660 2484 Mattheum.

291 2514 584 2569 Ματθαῖον.

361 2607 464 2655 Καὶ
494 2602 659 2678 ἔλεγεν
697 2637 763 2647 -
795 2604 1020 2664 ἀκούετε.
1057 2608 1275 2683 Ἠγουν,
1308 2619 1614 2688 προσέχετε.

2072 2643 2235 2698 Vers.
2259 2645 2313 2698 2.
2337 2642 2413 2698 Et
2435 2640 2663 2699 dicebat
2681 2672 2752 2681 —
2771 2640 2936 2698 Vers.
2966 2638 3273 2696 LAudite.
3299 2639 3450 2705 Sive,
3476 2639 3665 2696 anim-

1999 2731 2309 2789 advertite.

360 2817 500 2874 ’ἰδοὺ
530 2853 598 2863 -
639 2822 839 2878 ἑκατόν.
883 2830 1007 2899 Περὶ
1035 2829 1230 2880 τούτων
1282 2830 1483 2882 πάντων
1531 2830 1801 2906 εἰρήκαμεν
1844 2831 1892 2886 ἐν

2073 2821 2234 2878 Vers.
2260 2825 2311 2878 3.
2343 2821 2496 2878 Ecce
2518 2851 2587 2864 —-
2605 2820 2764 2876 Vers.
2799 2823 2852 2876 8.
2884 2825 3137 2877 centum.
3163 2818 3243 2874 De
3268 2817 3363 2874 his
3380 2817 3663 2875 omnibus

290 2919 362 2981 τῷ
391 2911 600 2985 ῥηθέντι
630 2913 889 2985 κεφαλαίῳ
929 2915 1044 2968 καθ’
1070 2918 1288 2970 ἕκαστον
1319 2920 1496 2994 ῥητόν.

2000 2910 2152 2966 dicto
2182 2910 2370 2982 capite
2415 2911 2493 2966 ad
2523 2910 2705 2967 verba
2735 2909 2968 2980 singula
2998 2909 3291 2966 diximus.

366 3006 466 3053 Καὶ
496 3000 658 3072 ἔλεγεν
699 3034 770 3043 -
815 3002 1060 3058 ἀκουέτω.
1108 3005 1168 3059 ’0
1197 3010 1333 3079 ἔχων
1364 3007 1472 3062 ὦτα
1509 3014 1688 3078 νοητὰ,
1732 3011 1804 3074 εἰς
1834 3016 1890 3064 τὸ
1929 3028 1970 3086 C

2071 3001 2238 3055 Vers.
2272 3000 2324 3056 9.
2353 3002 2419 3056 Et
2441 2999 2664 3056 dicebat
2694 3029 2758 3040 —
2785 2998 3012 3055 audiat.
3045 2998 3154 3064 Qui
3177 2998 3360 3055 habet
3379 3012 3554 3054 aures
3580 2995 3666 3053 in-

293 3094 542 3156 συνιέναι,
578 3099 812 3146 συνιέτω.

1948 3085 1951 3086 ⁷
2003 3088 2363 3145 tellectuales
2389 3089 2461 3143 ad
2489 3087 2944 3157 intelligendum
2983 3085 3297 3156 intelligat.

362 3178 485 3231 Ὀτε
518 3211 586 3221 -
613 3181 935 3252 παραϐολήν.
981 3186 1048 3236 Οἱ
1086 3191 1203 3260 περὶ
1249 3187 1424 3252 αὐτὸν,
1477 3192 1658 3261 ἤγουν,
1707 3194 1755 3243 οἱ
1803 3200 1894 3253 τῆς

2074 3179 2242 3235 Vers.
2289 3182 2375 3234 10.
2419 3178 2558 3235 Cum
2591 3209 2659 3218 -—
2688 3177 3059 3248 parabolam.
3113 3176 3224 3242 Qui
3256 3174 3418 3232 circa
3463 3175 3664 3247 ipsum

293 3265 753 3339 ἱϐδομηκοντάδος
795 3280 894 3323 τῶν
942 3272 1106 3326 ἄλλων
1153 3277 1419 3347 μαθητῶν.
1472 3278 1779 3352 Ἐπηρώτων
1836 3278 1896 3334 δε

2049 3273 2193 3332 rant,
2226 3268 2340 3324 hoc
2362 3273 2448 3323 est
2471 3266 2851 3339 septuaginta
2873 3265 3176 3338 discipuli.
3216 3264 3666 3334 interrogabant

290 3357 448 3410 αὑτὸν
486 3364 605 3431 περὶ
653 3367 747 3422 τῆς
791 3361 1112 3433 παραϐολῆς,
1168 3366 1247 3417 ὅτι
1299 3371 1374 3427 τίς
1420 3371 1497 3425 εἴη
1549 3371 1577 3427 ἠ
1622 3369 1891 3443 παραϐολὴ

2048 3362 2206 3414 utem
2237 3357 2311 3412 de
2344 3355 2654 3429 parabola,
2683 3371 2818 3429 qua;
2846 3355 3118 3412 videlicet
3149 3359 3303 3411 esset
3332 3353 3462 3410 haec
3493 3369 3663 3426 para-

291 3448 450 3513 αὕτη,
490 3449 666 3510 καθὼς
692 3449 912 3523 ἔγραψεν
941 3453 968 3503 ὁ
1000 3457 1227 3516 Λουκᾶς.

2006 3447 2168 3512 bola,
2203 3447 2356 3502 sicut
2381 3446 2611 3518 scripsit
2640 3447 2827 3502 Lucas
2867 3446 2940 3503 ⁸⁸.

367 3541 467 3590 Καὶ
495 3537 661 3608 ἔλεγεν
692 3570 759 3578 -
784 3547 876 3592 τοῦ
915 3545 1062 3596 Θεοῦ.
1099 3547 1316 3616 Εῖρηται
1358 3551 1447 3598 καὶ
1480 3553 1597 3621 περὶ
1634 3553 1820 3603 τούτου
1849 3549 1896 3603 ἐν

2080 3538 2245 3593 Vers.
2291 3541 2378 3594 11.
2417 3537 2490 3593 Ει
2518 3536 2742 3592 dicebat
2769 3566 2836 3578 —-
2859 3535 2986 3594 Dei.
3028 3533 3262 3591 Dictum
3293 3537 3383 3591 est
3431 3533 3506 3590 de
3526 3532 3664 3602 hoc,

293 3625 466 3697 ἕκεινῳ
497 3635 567 3679 τῶ
591 3627 870 3701 κεφαλαίῳ.

846 3655 870 3684 ι.
2006 3627 2221 3683 eodem
2250 3626 2463 3699 capite.

367 3717 613 3779 Ἐκείνοις
645 3749 714 3759 -
750 3724 972 3790 γίνεται.
1019 3721 1162 3785 Ἒξω
1189 3723 1324 3796 λέγει
1375 3730 1491 3787 τοὺς
1538 3728 1632 3791 ἔξω
1683 3737 1774 3792 τῆς
1827 3730 1897 3792 εἰς

2080 3719 2243 3774 Vers.
2283 3721 2371 3772 11.
2433 3715 2566 3772 litis
2604 3716 2855 3784 —ﬁunt.
2903 3713 3070 3771 Foris
3103 3729 3233 3770 esse
3261 3713 3404 3770 dicit
3433 3728 3537 3770 eos
3559 3709 3666 3785 qui

294 3806 452 3858 αὑτὸν
478 3811 705 3870 πίστεως
728 3829 740 3841 ·
771 3812 819 3859 ἐν
849 3810 1169 3883 παραϐολαῖς
1205 3810 1266 3867 δὲ
1302 3817 1366 3868 τὰ
1387 3818 1555 3868 πάντα
1580 3823 1798 3890 γίνεται,
1833 3822 1898 3872 τὰ

2053 3810 2145 3862 int
2169 3810 2336 3862 extra
2357 3804 2543 3862 ﬁdem
2574 3805 2634 3861 in
2662 3804 2880 3876 ipsum.
2915 3805 2980 3859 Iu
3013 3803 3312 3874 parabolis
3345 3818 3488 3859 vero
3519 3801 3670 3859 ﬁunt

295 3905 391 3957 τῆς
423 3892 797 3964 διδασκαλίας,
830 3895 1092 3958 δηλονότι,

2006 3896 2231 3962 omnia,
2263 3911 2400 3968 quae
2416 3894 2688 3950 videlicet
2713 3895 2790 3950 ad
2815 3893 3151 3949 doctrinam
3177 3892 3486 3963 pertinent.

365 3985 478 4039 Ἵνα
541 4017 608 4026 -
675 3997 914 4041 συνιώσι.
981 3993 1074 4057 Τὸ,
1127 3989 1236 4044 Ἵνα
1289 3991 1558 4066 βλέποντες
1611 3995 1894 4068 βλέπωσιν,

2080 3986 2244 4042 Vers.
2271 3989 2351 4040 12.
2383 3985 2457 4041 Ut
2475 3982 2907 4053 -—intetligant.
2932 3981 3079 4037 [llud
3109 3998 3121 4036 :
3145 3982 3216 4038 Ut
3245 3982 3487 4038 videntes
3516 3980 3669 4038 vide-

297 4071 654 4136 ἀναδίπλωσίς
685 4074 817 4140 ἐστι,
867 4076 982 4131 ἀντὶ
1033 4088 1146 4148 τοῦ,
1177 4079 1287 4134 Ὶνα
1344 4082 1626 4155 βλέπωσιν.
1681 4085 1899 4159 Ὁμοίως

2051 4080 2132 4141 nt,
2161 4071 2549 4144 reduplicatio
2578 4076 2685 4137 est,
2717 4087 2822 4142 pro
2865 4086 2936 4127 eo
2967 4070 3128 4144 quod
3153 4073 3262 4135 est,
3295 4072 3364 4126 Ut
3403 4069 3668 4128 videant.

297 4160 358 4216 6’s
414 4171 505 4217 καὶ
555 4169 632 4234 τὸ,
683 4166 987 4230 Ἀκούοντες
1039 4170 1317 4234 ἀκούωσιν,
1375 4171 1488 4226 ἀντὶ
1544 4184 1654 4245 τοὺ,
1710 4175 1899 4230 Ἀκού-

2054 4162 2290 4218 imiliter
2319 4162 2465 4218 illud
2500 4178 2511 4217 :
2541 4161 2878 4225 Audientes,
2910 4159 3025 4216 hoc
3052 4164 3164 4228 est,
3217 4160 3492 4216 Audiant-
3525 4157 3671 4214 Dicit

299 4273 419 4307 ωσι.
465 4259 621 4326 Λέγει
676 4251 754 4316 δὲ,
806 4258 887 4308 ὅτι
945 4259 1026 4309 ἵνα
1080 4257 1314 4331 βλέπωσι
1365 4266 1454 4334 μεν
1499 4269 1587 4322 τὴν
1637 4262 1900 4318 διδασκα-

2053 4268 2189 4322 rgo:
2224 4255 2291 4308 Ut
2328 4252 2570 4307 videant
2598 4250 2841 4323 quidem
2871 4249 3227 4316 doctrinam,
3263 4253 3554 4320 tanquam
3587 4251 3670 4304 at-

297 4342 428 4406 λίαν,
513 4344 604 4396 οἷτε
692 4343 1046 4419 ἕνωτιζόμενοι
1127 4355 1358 4409 ταυτην·
1440 4357 1513 4424 μὴ
1597 4351 1758 4408 ἴδωσι
1844 4353 1901 4410 δε

2053 4342 2153 4399 inti
2201 4341 2280 4398 ad
2331 4357 2465 4398 eam
2502 4356 2516 4407 ;
2549 4356 2671 4396 non
2718 4344 2965 4396 cernant
3012 4343 3214 4395 autem
3247 4353 3400 4404 eam,
3464 4341 3670 4409 utpote

299 4432 482 4498 αὐτὴν,
569 4433 659 4486 οἷτε
737 4435 1126 4509 κεκαλυμμένην
1203 4448 1264 4512 τῇ
1342 4445 1450 4511 (37)
1525 4441 1750 4517 ἀσαφείᾳ
1806 4456 1902 4508 τῆς

2054 4431 2311 4490 ιιι-εδοιω
2365 4429 2725 4487 obscuritate
2775 4433 3133 4493 contectam,
3203 4443 3275 4484 eo
3340 4427 3507 4500 quod
3573 4442 3671 4484 co-

297 4521 620 4596 παραϐολῆς,
669 4518 764 4576 διὰ
808 4529 865 4578 τὸ
924 4525 1054 4579 ιίναι
1101 4527 1288 4592 αὐτοὺς
1339 4531 1580 4596 ἀναξίους
1635 4543 1730 4597 τῆς
1773 4542 1902 4608 γνὼ-

2049 4520 2276 4576 Πὶιίοῑιθ
2307 4518 2434 4590 ejus
2458 4517 2689 4587 indigni
2721 4520 2938 4582 essent,
2969 4515 3147 4588 quasi
3171 4514 3666 4573 immedicabiles.

302 4629 428 4672 σεως
451 4611 635 4678 αὐτῆς,
681 4616 749 4676 ὡς
789 4612 1050 4677 ἀνιάτους.
1099 4620 1174 4670 Τά
1218 4618 1352 4672 αὐτὰ
1409 4617 1470 4674 δὲ
1519 4619 1670 4682 δηλοὶ
1716 4605 1806 4678 κατι
1844 4630 1901 4679 τὸ

1766 4605 1806 4678 ιὶ
1844 4630 1901 4679 τε,
2012 4612 2147 4666 Haec
2165 4609 2307 4665 item
2336 4607 2678 4664 manifestat
2703 4606 2882 4664 etiam
2901 4606 3068 4680 quod
3099 4605 3383 4678 sequitur.

301 4699 438 4763 ἑξῆς.

373 4791 454 4842 Ἐν
485 4787 544 4844 δέ
587 4799 658 4862 τῷ
691 4788 974 4851 δηλωθέντι
1013 4795 1274 4869 κεφαλαίῳ
1315 4807 1408 4851 τοῦ
1457 4803 1592 4854 κατά
1633 4807 1902 4858 Ματθαίον

2085 4811 2148 4863 In
2179 4806 2334 4862 dicto
2366 4811 2566 4861 autem
2593 4803 2927 4861 secundum
2955 4802 3291 4860 Matthmum
3316 4803 3527 4875 capite,
3556 4799 3675 4858 alia

297 4878 448 4952 ἑτέρα
490 4888 658 4934 κεῖται
698 4881 972 4955 ἀπολογία,
1006 4891 1095 4937 καὶ
1125 4886 1280 4953 εἰκὸς,
1329 4887 1622 4964 ἀμφοτέρας
1676 4894 1902 4968 ῥηθῆναι

2058 4897 2253 4954 onitur
2298 4895 2630 4968 responsio,
2664 4899 2721 4950 et
2745 4893 3064 4950 verisimile
3094 4898 3184 4949 est
3229 4898 3549 4964 utrumque
3594 4889 3675 4946 di-

299 4972 442 5042 παρά
468 4978 558 5022 τοῦ
586 4979 837 5045 Χριστοῦ.

2012 4992 2176 5043 ctum
2214 4985 2396 5041 fuisse
2427 5001 2463 5040 a
2493 4983 2739 5040 Christo.

372 5065 586 5118 Μήποτε
617 5092 684 5101 -
714 5063 1090 5137 ἁμαρτήματα.
1124 5069 1344 5141 Εἴρηται
1373 5073 1462 5121 καὶ
1494 5075 1581 5123 πεί
1638 5075 1826 5127 τούτου
1853 5074 1903 5127 ἄν

2084 5078 2246 5132 Vers.
2295 5078 2380 5131 12.
2422 5074 2753 5146 Nequando
2806 5104 2872 5116 —
2916 5077 3176 5143 peccata.
3214 5069 3444 5126 Dictum
3476 5068 3674 5126 estde

299 5156 372 5217 τῷ
400 5153 620 5222 τοιούτῳ
648 5150 928 5224 κεφαλαίῳ.

2012 5165 2151 5232 hoc,
2181 5164 2316 5222 loco
2347 5179 2535 5235 supra
2562 5162 2743 5220 dicto.

372 5266 422 5300 ⁴⁵
450 5266 652 5323 Matth.
684 5283 785 5333 xn,
816 5273 869 5324 2.
947 5269 997 5305 “
1021 5270 1159 5326 Luc.
1205 5287 1322 5339 vm,
1356 5277 1409 5329 9.

1532 5374 1750 5444 Variae
1779 5377 2109 5448 lectiones
2137 5388 2202 5446 et
2232 5386 2430 5444 notae.

372 5481 931 5572 ex
963 5486 1054 5541 sui
1100 5486 1326 5572 codicis
1357 5490 1626 5559 margine
1673 5493 1908 5572 addidit

2058 5501 2328 5569 ωματικῆς
2399 5499 2635 5568 προτιμᾷ
2688 5497 2782 5572 την
2839 5499 2932 5554 τῆς
2984 5491 3168 5572 φυχῆς
3224 5489 3538 5572 οἰκειότητα..
3593 5489 3675 5546 Ita

297 5553 1810 5638 scholiuqnpllenﬁnius.neuterineorum'agnoscit.
1842 5567 1905 5638 I_n
2016 5553 2326 5631 Po'ssinus,
2368 5553 2449 5638 p.'
2485 5553 2573 5632 75,
2615 5553 2677 5621 ἐι
2728 5564 2788 5619 in
2834 5553 2968 5620 mea
2997 5553 3342 5637 'Mo'squensi
3394 5562 3672 5634 editione,

298 5622 521 5711 Catena
550 5625 798 5711 Victoris
842 5628 1192 5711 Antiocheni
1232 5631 1313 5686 ita
1335 5622 1593 5711 legitur?
1627 5637 1805 5692 Ταῦτα
1846 5635 1905 5692 δὲ
2017 5622 2198 5711 p.56.

299 5698 390 5779 ἔφη
461 5697 575 5784 οἱῆ
633 5694 1040 5784 ἀποδοκιμαζῳν
1114 5704 1314 5784 πάντως
1377 5694 1470 5784 τήν
1545 5711 1748 5779 μητέρα
1814 5715 1902 5763 καὶ
2017 5694 2515 5784 Ἀσφαλείῳ
2543 5707 2613 5764 Α⁸

298 5764 418 5829 τοὺς
459 5764 732 5842 ἀδελφοὺς,
794 5764 922 5826 ἀλλὰ
970 5769 1171 5837 δεικνὺς
1207 5764 1309 5844 ,ᾆὲι
1360 5764 1554 5841 «deus
1597 5764 1901 5854 vv'quta;
