4096 6400
465 387 570 447 795
1787 384 2141 445 EUTHYMII
2178 369 2518 449 ZIGAB’ENI
3734 398 3848 453 796

541 516 701 571 Vers.
734 517 814 571 t3.
842 515 913 571 Et
932 516 1010 572 ait
1032 546 1096 558 —
1119 514 1460 587 cognoscetis
1489 517 1516 573 ?
1539 517 1757 573 Omnes
1782 513 2125 589 parabolas,

2310 518 2412 568 Καὶ
2459 515 2590 588 λέγει
2645 548 2709 557 -
2767 520 3072 590 γνώσεσθε;
3133 520 3317 581 Ιίάσας
3372 520 3465 582 τὰς
3521 519 3844 594 παραϐολὰς,

469 620 622 676 quas
661 605 883 661 scilicet
929 606 986 661 in
1031 621 1317 677 processu
1364 606 1632 662 dicturus
1679 611 1823 662 erat.
1873 605 1928 660 Si
1972 604 2086 659 han

2238 605 2299 665 ἇς
2362 605 2528 677 μέλλει
2571 612 2762 682 προῖὼν
2822 607 2971 682 ἐρεῖν.
3006 609 3063 662 Εἰ
3112 612 3308 667 ταύτην
3362 609 3456 663 οὐκ
3506 607 3705 682 οἴδατε,
3740 620 3844 674 πῶς

468 694 732 761 nescitis,
782 695 1091 767 quomodo
1133 695 1263 751 illas
1307 696 1680 765 cognoscetis
1709 695 1736 749 ?
1764 698 1881 750 Hoc
1927 698 2085 749 auter

2239 692 2429 757 ἐκείνας
2469 700 2764 767 γνώσεσθε;
2797 704 2961 752 Τοῦτο
3015 694 3073 751 δε
3107 695 3259 766 εἶπεν,
3289 696 3496 773 ἐγείρων
3537 699 3725 762 αὐτοὺς
3756 708 3842 756 καὶ

468 782 635 849 dixit,
668 800 789 855 quo
820 786 1159 841 attentiores
1205 801 1307 841 eos
1340 785 1631 851 redderet,
1666 786 1950 857 ipsosque
1979 798 2083 838 exc

2241 780 2704 862 διορατικωτέρους
2750 797 2930 841 ποιῶν.
2984 785 3114 844 Εἶτα
3157 789 3424 865 ἑρμηνεύει
3452 794 3544 849 τὴν
3591 791 3839 866 ῥηθεῖσαν

471 872 639 926 taret.
674 870 894 925 Deinde
916 870 1329 939 interpretatur
1353 871 1575 927 dictam
1602 869 1982 944 parabolam.
2238 873 2560 946 παραϐολήν.

541 959 705 1016 Vers.
741 964 823 1017 14.
859 961 969 1026 Qui
992 994 1056 1002 —
1083 963 1346 1019 seminat.
1389 962 1614 1019 Scilicet
1644 961 1947 1018 doctrinas.

1740 961 1947 1017 :trinaa.
2309 961 2366 1014 Ὀ
2392 994 2461 1002 —
2490 968 2710 1039 σπείρει.
2742 968 2840 1018 Τόν
2868 974 2956 1027 τῆς
2984 962 3357 1028 διδασκαλίας.

540 1068 701 1124 Vers.
754 1072 836 1124 15.
882 1070 966 1125 Hi
992 1075 1183 1127 autem
1217 1080 1299 1111 '—-
1346 1071 1501 1127 viam
1547 1070 1634 1136 Hi,
1671 1069 1878 1143 quales
1918 1067 1945 1123 ?
1975 1082 2131 1140 quos

1944 1078 1945 1085 η
1975 1082 2131 1140 quos
2312 1053 2471 1105 Οὗτοι
2504 1051 2563 1107 δὲ
2598 1086 2645 1094 ——
2686 1051 2830 1110 ὁδόν.
2864 1056 3045 1123 Οὗτοι,
3085 1064 3261 1123 ποῖοι;
3304 1056 3408 1119 Ούς
3439 1055 3561 1132 ἐρεῖ.

471 1157 737 1213 dicturus
777 1162 883 1213 est.

467 1236 486 1327 ξ
540 1248 709 1304 Vers.
737 1248 823 1303 15.
855 1248 964 1305 Ubi
986 1280 1054 1289 —
1074 1265 1298 1308 eorum.
1320 1281 1385 1295 --
1415 1251 1523 1308 Ubi
1535 1250 1858 1308 seminatur
1872 1242 2084 1306 verbun

2318 1248 2474 1303 Ὀπου
2541 1274 2597 1285 -
2668 1250 2855 1306 αὐτῶν.
2922 1282 2983 1293 -
3048 1252 3217 1306 Ὀπου
3272 1257 3538 1325 σπείρεται
3587 1255 3612 1306 ὁ
3672 1252 3840 1326 λόγος,

467 1335 584 1393 hoc
622 1342 727 1393 est.
772 1339 834 1393 In
856 1354 1009 1410 quos
1041 1339 1388 1397 seminatur.
1422 1338 1654 1397 Dictum
1680 1342 1767 1397 est
1795 1343 1992 1395 autem
2056 1337 2084 1392 d

2241 1336 2356 1392 ἀντὶ
2381 1348 2493 1405 τοῦ,
2529 1340 2621 1403 Εἰς
2648 1341 2733 1403 οὖς
2762 1345 3048 1415 σπείρεται.
3082 1345 3303 1416 Εἴρηται
3336 1340 3369 1396 δ
3375 1346 3395 1396 ὲ
3426 1348 3542 1417 περὶ
3568 1347 3769 1398 ’τούτων
3792 1343 3842 1398 ἓν

469 1425 564 1482 his
596 1426 878 1498 praedicto
926 1429 1138 1501 capite.

2241 1437 2314 1500 τῷ
2345 1430 2689 1506 προρῥηθέντι
2719 1431 2994 1505 κεφαλαίῳ.

542 1515 706 1572 Vers.
745 1522 827 1573 16.
874 1519 950 1573 Et
978 1519 1041 1575 hi
1060 1550 1129 1559 —
1172 1519 1335 1575 Vers.
1365 1520 1453 1575 17.
1482 1519 1869 1590 offenduntur,
1900 1519 2131 1575 Dictum

2315 1524 2415 1573 Κοέὶ
2450 1520 2594 1572 οὗτοι
2625 1552 2689 1561 -
2718 1519 3176 1583 σκανδαλίζονται.
3218 1524 3438 1592 Εἴρηται
3465 1526 3556 1576 καὶ
3587 1526 3704 1597 περὶ
3728 1526 3845 1577 τού-

473 1606 561 1657 est
597 1600 672 1656 de
697 1600 987 1658 hisdicto
1017 1603 1229 1676 capite.

1028 1603 1229 1676 capite.
2240 1629 2341 1661 των
2371 1607 2419 1661 ἐν
2451 1608 2645 1681 ἐκείνῳ.

544 1690 706 1748 Vers.
745 1694 826 1747 18.
856 1694 934 1749 Et
971 1693 1031 1749 hi
1073 1724 1140 1733 —
1184 1693 1348 1749 Vers.
1403 1695 1492 1750 t9.
1541 1693 1811 1766 efficitur.
1857 1693 2132 1751 Similiter

2316 1703 2416 1751 Καὶ
2466 1698 2611 1752 οὗτοι
2664 1729 2736 1740 —-
2786 1703 3004 1772 γίνεται.
3065 1702 3281 1773 Εἴρηται
3338 1705 3429 1754 καὶ
3479 1706 3599 1776 περὶ
3649 1705 3843 1757 τούτων

472 1795 715 1853 quoque
740 1781 815 1837 de
846 1782 936 1838 his
977 1782 1203 1839 dictum
1233 1789 1342 1841 est.

846 1782 936 1838 his
977 1782 1203 1839 dictum
1233 1789 1342 1841 est.
2167 1836 2207 1860 η
2242 1788 2453 1860 ὁμοίως.

544 1836 1340 1941 νὲιιεεοῇερὲνὶέὶὲνῖαἶζ
1390 1873 1893 1960 centumDictum
1932 1876 2021 1930 est
2056 1871 2130 1929 de

2248 1836 2454 1860 ,Γηην

2062 1871 2130 1929 de
2167 1836 2211 1892 Β
2317 1882 2416 1930 Καὶ
2447 1878 2588 1932 οὗτοι
2626 1909 2694 1920 -
2725 1878 2921 1933 ἑκατόν.
2957 1881 3174 1954 Εἴρηται
3198 1884 3287 1934 καὶ
3317 1884 3435 1955 περὶ
3463 1882 3679 1938 τούτων.

469 1957 585 2017 his.

470 2034 478 2039 '
546 2068 710 2124 Vers.
732 2071 818 2125 21.
842 2070 921 2125 Et
938 2070 1161 2127 dicebat
1183 2101 1251 2113 --
1270 2072 1561 2141 ponatur?
1585 2103 1652 2113 —
1684 2072 1871 2143 Venit,
1890 2072 2003 2129 hoc
2024 2087 2087 2127 es

2314 2061 2417 2110 Καὶ
2444 2057 2605 2129 ἔλεγεν
2643 2090 2702 2098 -
2730 2061 2848 2131 τεθῇ
2873 2076 2887 2125 ;
2921 2089 2989 2100 —
3013 2058 3292 2132 Ἔρχεται,
3324 2058 3437 2113 ἀντὶ
3466 2066 3576 2131 τοῦ,
3602 2058 3841 2131 Ἀγεται,

474 2156 816 2227 adducitur,
838 2157 1097 2227 aﬂertur,
1116 2160 1346 2216 Dictum
1368 2168 1455 2217 est
1474 2166 1672 2218 autem
1690 2162 1763 2217 de
1781 2162 1917 2227 hoc,
1942 2161 2091 2233 capit

2241 2150 2533 2219 κομίζεται.
2574 2150 2788 2221 Εἴρηται
2824 2144 2883 2200 δὲ
2921 2152 3004 2199 καὶ
3058 2153 3175 2222 περὶ
3219 2151 3404 2201 τούτου
3450 2147 3498 2201 ἐν
3529 2157 3599 2220 τῷ
3629 2151 3844 2220 πέμπτῳ

476 2246 678 2320 quinto
691 2247 989 2319 Evangelii
1004 2249 1340 2306 secundum
1357 2250 1714 2319 Matthaeur‘n,
1736 2256 1869 2323 post
1882 2250 2093 2307 beatitt

1480 2250 1714 2319 magum,
1736 2256 1869 2323 post
1882 2250 2131 2307 δεθείη).
2241 2235 2501 2309 κεφαλαίῳ
2529 2244 2621 2289 τοῦ
2647 2239 2781 2289 κατὰ
2809 2240 3097 2293 Ματθαῖον.

474 2336 670 2392 dines.
1808 2362 1813 2369 ·

545 2425 706 2481 Vers.
732 2425 824 2495 22,
847 2428 968 2483 Non
988 2458 1056 2469 —-
1081 2429 1514 2500 manifestetur.
1545 2428 1719 2499 Quod
1743 2444 1862 2486 non
1886 2428 2136 2486 manife-

1916 2428 2136 2486 nanife—
2313 2432 2390 2485 Ού
2420 2462 2481 2474 -
2516 2435 2803 2507 φανερωθῇ.
2828 2432 2894 2486 Ὀ
2920 2435 2981 2486 ἄν
3010 2433 3123 2506 (38)
3157 2433 3214 2487 ού
3244 2436 3533 2508 φανερωθῇ.

476 2518 680 2571 stetur.

470 2656 475 2659 »
546 2622 710 2678 Vers.
755 2624 843 2678 22.
872 2622 1067 2696 Neque
1096 2654 1170 2668 -
1198 2626 1407 2683 veniat.
1432 2622 1639 2700 Neque
1654 2626 1782 2695 fuit,
1807 2626 2014 2700 inquit,
2041 2642 2087 2684 St

2314 2616 2454 2674 Ούδὶ
2488 2652 2550 2661 -
2582 2622 2727 2694 ἔλθη.
2761 2617 2901 2674 Ούδε
2932 2619 3145 2694 ἐγένετο,
3186 2626 3364 2694 φησὶν.
3399 2620 3717 2695 ἀπόκρυφον,
3763 2621 3845 2673 ἴνα

476 2714 725 2778 cretum,
756 2716 814 2769 ut
845 2714 1090 2769 omnino
1116 2721 1408 2772 secretum
1433 2721 1609 2784 esset,
1638 2715 1740 2772 sed
1771 2722 1835 2772 ut
1858 2716 2093 2789 quando

2240 2713 2442 2784 κρυφθῇ
2478 2711 2588 2783 (39)
2640 2707 2733 2763 διὰ
2785 2715 2998 2777 παντὸς,
3049 2710 3154 2763 ἀλλ’
3204 2714 3286 2764 ἴνα
3328 2714 3451 2765 ποτε
3507 2712 3578 2775 εἰς
3630 2713 3843 2785 φανερόν

473 2814 594 2871 que
610 2800 670 2855 in
691 2802 1068 2873 propatulum
1099 2805 1313 2862 veniat.
1340 2805 1421 2861 De
1443 2806 1556 2861 hoc
1574 2809 1772 2862 autem
1793 2806 2019 2863 dictum
2045 2821 2090 2862 es

2238 2801 2382 2873 ἔλθη.
2435 2805 2560 2874 Περὶ
2606 2803 2792 2853 τούτου
2844 2797 2903 2853 δὲ
2943 2804 3147 2874 εἴρηται
3196 2800 3243 2853 ἐν
3292 2808 3364 2872 τῷ
3404 2797 3842 2873 ἐννεακαιδεκάτῳ

474 2887 712 2947 decimo
736 2906 899 2947 nono
926 2894 1118 2964 capite
1150 2894 1485 2951 secundum
1515 2895 1875 2953 Matthmum.

1478 2917 1485 2951 ι
1515 2895 1875 2953 Matthmum.
2239 2895 2496 2961 κεφαλαίῳ
2527 2898 2617 2943 τοῦ
2648 2893 2783 2943 κατὰ
2806 2893 3095 2945 Ματθαῑον.

467 3010 475 3017 ~
543 2978 711 3036 Vers.
760 2985 813 3036 2.
873 2981 933 3036 Si
978 2983 1109 3053 quis
1162 2984 1228 3025 -'
1271 2984 1501 3041 audiat.
1555 2985 1837 3057 Superius
1895 2986 1972 3041 de
2016 2985 2084 3042 ho

2308 2981 2369 3032 Εἴ
2409 2998 2485 3041 τις
2525 3010 2590 3020 -
2636 2979 2883 3033 ἀκουέτω.
2931 2979 3191 3056 Ἀνωτέρω
3237 2984 3354 3056 περὶ
3399 2982 3585 3033 τούτου
3644 2976 3842 3039 διείλη-

473 3074 790 3127 tractatum
822 3077 931 3128 est.

766 3089 790 3127 3
822 3077 931 3128 est.
2237 3087 2383 3123 πται.

544 3160 711 3216 Vers.
737 3163 827 3217 24.
860 3163 938 3217 Et
963 3162 1183 3221 dicebat
1222 3195 1289 3205 --
1337 3164 1599 3222 audiatis
1638 3196 1708 3209 —
1748 3167 1970 3239 Videte,
2013 3166 2130 3223 hoc

2314 3162 2413 3211 Καὶ
2444 3156 2577 3230 λέγει
2615 3189 2681 3199 -
2710 3157 2937 3214 ἀκούετε.
2980 3188 3046 3199 —
3078 3157 3309 3226 Βλέπετε,
3344 3158 3457 3212 ἀντὶ
3498 3166 3613 3227 τοῦ,
3665 3165 3841 3231 Προσ-

472 3253 582 3317 est,
620 3251 939 3307 Attendite.

787 3251 939 3307 ldite.
2239 3245 2404 3319 ἔχετε.

468 3370 474 3375 -
534 3340 698 3397 Vers.
729 3344 819 3396 24.
848 3341 977 3409 Qua
1013 3358 1296 3400 mensura
1352 3375 1421 3386 —
1468 3344 1643 3401 vobis.
1680 3347 1806 3410 Qua
1845 3361 2085 3401 mensur

2310 3338 2392 3390 ’Ev
2517 3341 2686 3411 μέτρῳ
2731 3369 2799 3379 -
2846 3339 2989 3407 ύμῖν.
3036 3342 3118 3392 Ἐν
3248 3342 3419 3414 μέτρῳ
3465 3344 3693 3411 μετρεῖτε
3750 3342 3845 3398 τὴν

471 3430 766 3487 metimini
796 3432 1205 3501 attentionem,
1239 3433 1299 3489 in
1329 3434 1543 3490 eadem
1575 3436 1850 3491 metietur
1878 3435 2085 3491 vobisi

2239 3431 2536 3501 προσοχὴν,
2570 3429 2618 3479 ἓν
2666 3436 2734 3498 τῷ
2765 3427 2906 3498 αύτῷ
2938 3429 3326 3501 μετρηθήσεται
3364 3429 3485 3501 ὑμῖν
3543 3430 3572 3485 ὴ
3631 3436 3843 3499 γνῶσις,

471 3520 833 3589 cognitione,
850 3520 963 3576 hoc
980 3526 1086 3587 est,
1113 3528 1406 3594 quantum
1430 3523 1740 3581 intuleritis
1762 3524 2088 3582 attentionii

2240 3521 2523 3580 τουτέστιν,
2570 3517 2699 3575 ὅσην
2747 3517 3003 3592 εἰσφέρετε
3058 3521 3358 3591 προσοχὴν,
3400 3520 3632 3575 τοσαύτη
3676 3536 3849 3590 παρα-

470 3613 706 3665 tantum
728 3609 1065 3665 conferetur
1092 3611 1265 3668 vobis
1294 3613 1678 3683 cognitionis.

1339 3613 1596 3683 cgnition
1604 3614 1652 3669 is
1666 3658 1678 3671 ,
2243 3608 2563 3678 σχεθήσεται
2594 3607 2715 3679 ὑμῖν
2740 3614 2956 3678 γνῶσις.

473 3692 480 3702 ”
545 3699 710 3753 Vers.
737 3702 825 3754 24.
857 3700 937 3755 Εε
960 3699 1213 3757 addetur
1232 3702 1393 3757 vobis
1414 3702 1519 3774 qui
1531 3696 1772 3760 auditis.
1801 3707 1917 3761 Nec
1934 3705 2090 3761 solut

2314 3700 2414 3748 Καὶ
2436 3697 2856 3770 προστεθήσεται
2885 3697 3007 3767 ὑμῖν
3036 3702 3143 3757 τοῖς
3175 3694 3446 3751 ἀκούουσι.
3482 3700 3583 3749 Καὶ
3604 3695 3662 3748 ού
3689 3700 3850 3769 μόνον

470 3802 578 3861 per
605 3788 762 3844 hanc
794 3804 1167 3855 mensuram,
1190 3807 1400 3847 verum
1441 3792 1618 3849 etiam
1660 3795 1949 3866 amplius.

1660 3795 1949 3866 amplius.
2241 3791 2289 3845 ἐν
2315 3800 2387 3863 τῷ
2419 3792 2558 3864 αὐτῷ
2589 3797 2781 3868 μέτρῳ,
2816 3792 2942 3844 ἀλλὰ
2965 3797 3056 3845 καὶ
3078 3792 3246 3846 πλέον.

544 3878 705 3933 Vers.
740 3880 825 3933 25.
859 3879 1251 3952 Quincunque
1272 3881 1425 3939 enim
1456 3914 1523 3925 —
1553 3884 1624 3939 ab
1655 3899 1738 3941 eo.
1775 3885 2129 3957 Quicunque

2311 3881 2406 3943 ’ος
2461 3885 2561 3955 γὰρ
2623 3914 2687 3922 -
2751 3881 2840 3934 ἀπ’
2898 3882 3073 3936 αὐτοῦ.
3126 3890 3217 3943 Ὀς
3262 3883 3323 3935 ἄν
3384 3886 3485 3956 ἔχῃ
3538 3887 3851 3958 προσοχὴν,

470 3966 749 4024 habuerit
772 3969 1160 4025 attentionem
1201 3970 1443 4028 dabitur
1485 3973 1534 4028 ei
1603 3974 1864 4043 cognitio
1896 3992 1910 4042 ;
1944 3981 1998 4031 et
2027 3991 2087 4048 qi

2242 3969 2529 4030 δοθήσεται
2560 3971 2700 4042 αύτῷ
2747 3979 2962 4043 γνῶσις,
3009 3978 3098 4024 καὶ
3130 3973 3183 4034 ὃς
3216 3972 3309 4024 οὐκ
3337 3975 3470 4045 ἔχει,
3519 3978 3629 4039 καὶ,
3672 3974 3697 4025 ὅ
3729 3977 3856 4045 ἔχει

473 4071 597 4113 non
653 4056 852 4124 habet,
911 4074 1115 4116 semen
1154 4062 1515 4132 cognitionis
1567 4064 1867 4121 auferetur
1910 4066 1988 4121 ab
2037 4081 2090 4121 et

2244 4066 2453 4134 σπέρμα
2481 4067 2741 4133 γνώσεως,
2769 4062 3060 4133 ἀρθήσεται
3095 4058 3186 4114 ἀπ’
3207 4070 3386 4115 αυτοῦ.
3420 4063 3662 4135 Καθάπερ
3688 4066 3803 4138 γὰρ
3822 4065 3851 4120 ὴ

473 4145 1002 4215 Quemadmodum
1059 4150 1218 4207 enim
1251 4151 1514 4209 studium
1547 4159 1728 4224 auget
1757 4154 1870 4211 tale
1901 4170 2090 4212 semet

2243 4149 2450 4210 σπουδὴ
2482 4150 2627 4214 αὔξει
2669 4154 2727 4203 τό
2756 4158 3009 4216 τοιοῦτον,
3063 4151 3197 4203 οὕτω
3226 4155 3315 4203 καὶ
3359 4151 3473 4223 (40)
3523 4153 3553 4209 ἠ
3609 4152 3852 4227 ῥᾳθυμία

472 4237 557 4294 ita
582 4238 860 4308 segnities
887 4239 1236 4312 corrumpit.
2053 4270 2058 4276 ~

935 4239 1236 4312 orrumpit.
2053 4270 2058 4276 ~
2244 4237 2552 4313 διαφθείρει.

544 4327 611 4383 In
637 4328 955 4399 Evangelio
981 4334 1182 4385 autem
1222 4331 1553 4388 secundum
1607 4333 1950 4390 Matthteum
2000 4334 2132 4391 hmo

2313 4331 2395 4384 ’Ev
2418 4339 2491 4402 τῷ
2529 4331 2665 4381 κατὰ
2689 4330 2959 4383 Ματθαῖον
3010 4325 3088 4396 δε,
3121 4332 3311 4404 τρόπον
3350 4330 3517 4405 ἕτερον
3548 4328 3847 4405 ἐρρήθησαν

468 4416 593 4473 alio
623 4418 808 4474 modo
829 4418 987 4474 dicta
1017 4424 1171 4486 sunt,
1206 4423 1265 4475 et
1300 4420 1472 4491 juxta
1516 4420 1701 4477 alium
1740 4422 2085 4481 intellectuu

1516 4420 1701 4477 alium
1740 4422 2127 4481 intellectum.
2240 4427 2428 4485 ταῦτα,
2458 4423 2549 4472 καὶ
2578 4420 2692 4471 κατ’
2726 4417 2883 4476 ἄλλην
2914 4419 3128 4475 ἔννοιαν.

546 4508 707 4562 Vers.
742 4511 831 4562 26.
864 4508 942 4562 Et
971 4508 1198 4564 dicebat
1229 4540 1296 4550 —
1326 4510 1491 4566 Vers.
1521 4512 1610 4566 27.
1643 4512 1816 4569 nescit
1862 4514 1988 4570 itte.
2027 4516 2131 4569 Re-

2316 4513 2417 4563 Καὶ
2466 4508 2631 4579 ἔλεγεν
2676 4536 2741 4549 --
2802 4503 2941 4560 οἶδεν
2992 4506 3163 4568 αὐτός.
3224 4507 3495 4561 Βασιλείαν
3525 4515 3617 4561 τοῦ
3670 4516 3845 4563 Θεοῦ·

478 4610 666 4665 gnum
697 4610 858 4650 nunc
883 4596 986 4652 Dei
1013 4596 1278 4668 seipsum
1301 4599 1580 4672 appellat,
1622 4606 1905 4673 tanquam
1929 4618 2095 4673 regem

2240 4602 2327 4652 νύν
2368 4598 2611 4670 ὀνομαζει
2652 4597 2853 4662 ἑαυτὸν,
2908 4599 2978 4658 ὡς
3033 4595 3259 4669 βασιλέα
3312 4602 3402 4650 καὶ
3433 4602 3599 4651 Θεόνο
3659 4600 3850 4671 ὁμοίως

479 4690 535 4741 et
568 4686 778 4740 Deum.
838 4685 1110 4742 Similiter
1148 4694 1204 4743 et
1244 4687 1551 4746 hominem
1598 4707 1658 4746 se
1695 4698 1883 4758 vocat,
1930 4699 2096 4765 utpot

2244 4686 2303 4742 δὲ
2342 4693 2431 4741 καὶ
2471 4688 2584 4758 (41)
2645 4688 2937 4761 ἄνθρωπον,
2987 4689 3055 4747 ὡς
3098 4684 3587 4759 ἐνανθρωπήσαντα.
3652 4693 3848 4761 Σπόρον

479 4775 877 4831 incarnatum.
913 4775 1118 4832 Semen
1162 4784 1364 4834 autem
1403 4772 1749 4850 evangelica
1806 4789 2096 4856 prmeepta

2244 4776 2303 4832 δε
2348 4778 2503 4849 λέγει,
2571 4779 2664 4839 τὰς
2723 4775 3056 4848 εὐαγγελικόκ
3128 4774 3367 4837 ἐντολάςο
3424 4784 3523 4848 γῆν
3592 4772 3669 4846 δε,
3731 4781 3850 4838 τούς

477 4866 718 4920 Terram
769 4879 910 4919 vero
958 4865 1232 4921 homines
1264 4872 1548 4934 terrenos,
1590 4874 1852 4926 attamen
1895 4870 2092 4927 bonos

2242 4868 2499 4939 ἐπιγείους
2554 4865 2876 4941 ἀνθρώπους,
2936 4865 3065 4917 ἀλλὰ
3102 4869 3223 4926 τοὺς
3283 4864 3536 4937 ἀγαθούςο
3589 4870 3704 4941 περὶ
3756 4872 3849 4938 μό-

476 4969 621 5010 nam
653 4953 725 5009 de
764 4953 906 5009 solis
934 4954 1030 5009 his
1062 4954 1128 5011 ﬁt
1151 4956 1243 5012 hic
1272 4974 1489 5014 sermo.
1542 4961 1834 5016 Somnum
1863 4977 2093 5034 quoqut

2242 4980 2337 5010 νων
2385 4960 2485 5031 γὰρ
2544 4958 2738 5007 τούτων
2797 4956 2821 5005 ό
2869 4953 3023 5025 λόγος
3080 4955 3329 5008 ἐνταῦθα·
3386 4951 3709 5013 καθεύδησιν
3766 4953 3844 5028 δὲ,

476 5044 767 5115 requiem.
798 5043 1086 5101 Excitatur
1115 5061 1275 5115 ergo,
1332 5051 1504 5103 nocte
1533 5048 1802 5119 quidem,
1835 5050 1974 5105 dum
2004 5067 2093 5123 ρει

2244 5052 2337 5106 τὴν
2386 5045 2681 5117 ἀναμονήνο
2716 5046 2969 5119 ἐγείρεται
3015 5041 3090 5110 δὲ,
3141 5047 3302 5097 νύκτα
3357 5047 3466 5117 μεν,
3518 5046 3639 5097 ὅταν
3677 5064 3849 5119 παρα-

479 5133 658 5189 mittit
684 5131 888 5189 induci
925 5134 1301 5203 tentationes,
1330 5151 1467 5207 quas
1496 5151 1608 5193 nos
1636 5137 1716 5194 ad
1742 5145 1982 5209 gratum
2013 5141 2094 5197 De

2244 5143 2396 5210 χωρῇ
2484 5138 2602 5194 τοὺς
2687 5137 3007 5206 πειρασμοὺς
3082 5132 3391 5205 ἐπάγεσθαι,
3472 5130 3850 5194 διανιστῶντας

480 5221 835 5295 obsequium
854 5228 1204 5295 provocant.
1240 5226 1366 5280 Nox
1394 5225 1555 5282 enim
1583 5228 1941 5285 tentationes
1970 5238 2097 5286 sunt

2245 5230 2385 5300 ἡμᾶς
2430 5225 2502 5285 εἰς
2554 5222 2893 5297 εὐαρέστησιν
2942 5227 3088 5276 Θεου·
3135 5222 3228 5287 νὺξ
3274 5225 3399 5297 γὰρ,
3427 5225 3476 5277 οἱ
3541 5228 3847 5297 πειρασμοὶ,

481 5316 722 5384 propter
746 5311 1172 5371 obscuritatem
1211 5313 1483 5370 tristitiae.
1516 5315 1617 5372 Die
1654 5332 1818 5385 vero,
1851 5317 1997 5375 dum
2026 5334 2098 5392 pe

2246 5314 2343 5371 διὰ
2378 5319 2464 5367 τὸν
2506 5315 2788 5385 σκοτισμόν
2827 5320 2919 5372 τῆς
2946 5310 3148 5376 λύπης·
3200 5314 3395 5387 ἡμέραν
3453 5310 3532 5379 δε,
3585 5314 3706 5366 όταν
3757 5308 3853 5364 δια

1704 5471 1929 5541 Variae
1958 5472 2286 5541 lectiones
2323 5477 2391 5539 et
2430 5477 2632 5536 notae.

2344 5638 2435 5708 39)
2478 5635 2679 5711 Κρυϐῇ,
2717 5641 2773 5690 Β.

2347 5706 2437 5773 40)
2479 5706 2600 5773 Καί,
2627 5706 2816 5763 abest.
2844 5711 2901 5759 B.

2238 5784 2241 5787 Α
2347 5716 2414 5766 40
2479 5716 2600 5773 Καί,
2627 5716 2816 5763 abest.
2845 5716 2901 5759 B.
3066 5782 3067 5785 η

2240 5813 2247 5819 -
2320 5716 2693 5854 inimcos»;
2720 5775 2799 5852 δέ,
2828 5777 3049 5837 absunt
3075 5777 3143 5834 Δ.

557 5634 672 5707 (38)
697 5636 869 5707 Apud
898 5636 1249 5694 Hentenium
1275 5638 1374 5695 hic
1399 5655 1606 5699 versus
1638 5656 1761 5696 uno
1791 5642 2013 5697 scholio
2042 5658 2136 5697 ex-

485 5704 937 5787 plicaturifjjr‘go
977 5710 1191 5787 desunt
1226 5711 1351 5767 haec
1376 5708 1633 5784 quatuor
1662 5712 1977 5780 vocabula,
2002 5730 2139 5787 qua:

487 5776 787 5851 explicant
810 5780 894 5831 ὲαν
924 5784 1018 5852 μή.

2320 5638 2342 5855 Ξ
