4096 6386
255 400 362 458 ⁸197

243 535 343 579 τῶν
430 544 542 600 χρη
550 528 808 601 στοτέρων

247 619 379 689 ἡμᾶς
418 616 485 677 εἰς
538 614 726 691 ἀρετήν
769 635 781 647 ο

937 526 1337 601 παραμυθῆται,

830 617 1001 690 ἡμέρα
1051 619 1152 690 γὰρ
1203 624 1389 683 ταῦτα,
1426 612 1520 668 διὰ
1557 618 1643 666 τὸν
1698 632 1852 685 φωτι-

247 712 375 781 σμόν
407 715 497 768 τῆς
528 706 848 781 εὐφροσύνης
891 726 903 740 ⁵
958 706 1269 780 βλαστάνειν
1311 704 1370 761 δὲ
1408 712 1496 759 καὶ
1526 707 1852 779 μηκύνεσθαι

244 800 333 850 τόν
386 799 579 871 σπόρον
633 795 684 848 ἐν
741 795 928 869 ἀγνοίᾳ
1000 804 1089 849 τοῦ
1178 802 1511 873 σπείραντος·
1544 793 1697 865 εἶπεν,
1767 794 1853 866 ἐμ-

248 890 437 959 φαίνων
487 889 545 937 τό
597 885 889 958 αὐτόματον
939 893 1035 947 τῆς
1083 889 1327 948 τοιαύτης
1382 886 1723 959 βλαστήσεως
1763 887 1853 936 καὶ

250 974 528 1038 αὐξήσεως,
591 980 678 1027 καὶ
726 977 807 1027 ὅτι
860 978 996 1028 κατὰ
1049 981 1377 1051 προαίρεσιν,
1433 980 1524 1028 καὶ
1590 976 1649 1028 οὐ
1718 976 1855 1026 κατὰ

250 1063 479 1135 ἀνάγκην
510 1062 795 1137 βλαστάνει
822 1069 912 1118 καὶ
952 1064 1182 1129 αὒξεται.
1238 1072 1338 1120 Καὶ
1369 1073 1518 1119 τοῦτο
1567 1062 1724 1125 δῆλον
1752 1063 1853 1117 ἀπό

248 1162 347 1207 τῶν
375 1153 509 1225 ἑξῆς.

322 1243 603 1316 Αὐτομάτη
650 1274 721 1285 —
775 1247 996 1317 στάχυϊ.
1063 1250 1263 1319 Χόρτον
1306 1251 1396 1319 μεν
1447 1245 1852 1319 βλαστάνουσιν,

252 1335 299 1385 οἱ
366 1330 541 1408 ἀρχὴν
620 1342 710 1394 τῆς
794 1333 977 1409 ἀρετῆς
1035 1341 1462 1411 παραφαίνοντες,
1522 1342 1612 1389 καὶ
1667 1336 1857 1389 ἁπαλοὶ

250 1425 380 1495 πρός
407 1420 611 1494 ἀγῶνας
664 1426 796 1485 ὄντες
852 1426 927 1477 ἔτι
961 1443 972 1455 ·
1036 1429 1241 1498 στάχυν
1292 1423 1371 1495 δὲ’,
1427 1425 1858 1502 οἱπροκόψαντες

252 1512 319 1573 είς
372 1515 431 1564 τό
478 1510 674 1584 ἀγαθόν
744 1516 834 1566 καὶ
893 1513 1218 1590 στερρότεροι
1278 1518 1406 1589 πρός
1470 1518 1561 1577 τὰς
1612 1519 1857 1590 ἐπηρείας

247 1606 518 1673 γεγονότες
569 1606 657 1655 καὶ
708 1606 810 1677 γὰρ
856 1605 882 1656 ὁ
935 1607 1143 1677 Στάχυς
1196 1610 1286 1658 καὶ
1334 1605 1445 1678 (42)
1499 1610 1687 1677 γόνασι
1740 1602 1855 1659 δια-

251 1691 526 1757 ζώννυται,
554 1696 645 1745 καὶ
700 1693 869 1768 ὄρθιος
901 1694 1159 1766 ἵσταται).
1202 1694 1374 1769 πλήρη
1408 1692 1467 1749 δε
1513 1698 1759 1762 σῖτον,ὀὶ
1798 1698 1854 1748 τό

252 1779 440 1833 τέλειον
470 1790 935 1858 καρποφοροῦντες.

1882 1802 1925 1858 Β

320 1993 482 2047 Ὀταν
516 1992 574 2049 δὲ
632 2028 698 2038 --
749 1998 775 2050 ό
834 2000 1099 2074 θερισμός.
1138 2030 1207 2040 -
1262 1998 1425 2052 Ὀταν
1456 1996 1700 2072 παραδῷ,
1744 1999 1857 2053 ἀντὶ

253 2092 365 2149 τοῦ,
419 2084 582 2138 Ὀταν
622 2088 816 2160 ὥριμος
867 2092 1103 2160 γένηται,
1158 2093 1447 2155 τουτέστιν,
1508 2092 1625 2143 ὅταν
1674 2092 1857 2152 πάντες

255 2176 304 2225 οἱ
361 2184 761 2248 καρποφορῆσαι
854 2177 1119 2249 μέλλοντες
1203 2185 1670 2254 καρποφορήσωσι.
1733 2185 1858 2255 Δρέ-

254 2282 413 2316 πανον
458 2260 537 2329 δὲ,
571 2267 596 2316 ὁ
625 2264 798 2338 λόγος,
852 2268 878 2318 ὁ
925 2272 1019 2325 τὴν
1070 2270 1358 2322 συντέλειαν
1401 2278 1492 2323 τοῦ
1540 2275 1741 2344 κόσμου
1771 2291 1861 2324 κε-

255 2352 430 2404 λεύων
493 2356 738 2428 θερισμός
822 2352 900 2422 δὲ,
985 2359 1014 2415 ἠ
1075 2355 1375 2429 συγκομιδὴ
1438 2368 1536 2411 τῶν
1617 2357 1857 2417 δικαίων.

257 2443 414 2507 Οὗτοι
442 2446 545 2517 γὰρ
585 2449 778 2517 καρποὶ
796 2453 887 2498 τοῦ
916 2446 1250 2519 εὐαγγελικού
1285 2452 1598 2524 σπέρματος.

330 2535 431 2584 Καὶ
463 2531 600 2604 ἔλεγε
632 2565 695 2575 -—
745 2534 944 2602 αὐτήνς
986 2566 1053 2579 --
1094 2536 1499 2611 Παραϐαλοῡμεν
1559 2541 1693 2611 (43),
1748 2540 1860 2593 ἀντὶ

253 2628 369 2686 τοῦ,
400 2618 811 2696 Παραδείξομεν.

324 2709 439 2773 Ὠς
542 2716 728 2765 κόκκον
809 2715 1083 2778 σινάπεως.
1190 2714 1577 2791 Παραδείξομεν
1675 2718 1859 2785 αὐτὴν,

256 2795 517 2857 δηλονότι.
556 2807 796 2862 Ζήτησον
856 2801 916 2857 δὲ
966 2809 1060 2865 τήν
1118 2805 1365 2879 ἐξήγησιν
1428 2817 1523 2871 τῆς
1567 2808 1863 2884 παραϐολῆς

256 2892 454 2955 ταύτης
509 2890 632 2954 ὅλης
674 2890 724 2946 ἐν
780 2900 852 2964 τῷ
903 2894 1121 2968 εἰκοστῷ
1196 2899 1424 2971 τετάρτῳ
1475 2898 1731 2972 κεφαλαίῳ
1772 2906 1864 2953 τοῦ

258 2981 393 3032 κατὰ
425 2982 711 3035 Ματθαῖον.

542 2716 728 2765 κόκκον
809 2715 1083 2778 σινάπεως.

329 3068 424 3132 ’ος
500 3072 620 3124 ὅταν
660 3103 729 3113 --
785 3082 1164 3133 κατασκηνοῡν.
1224 3081 1418 3152 Τρίτήν
1476 3078 1715 3150 εὑρήσεις
1775 3083 1866 3137 τὴν

260 3158 564 3233 παραϐολήν
639 3165 831 3222 ταύτην
903 3170 1218 3237 τεταγμένην
1274 3168 1321 3218 ἐν
1386 3174 1496 3228 ταῖς
1549 3165 1866 3243 παραϐολαῖς
1897 3158 1936 3215 C

262 3257 355 3300 τοῦ
378 3248 622 3324 ῥηθέντος
647 3252 883 3305 εἰκοστοῦ
914 3256 1162 3331 τετάρτου
1193 3256 1490 3329 κεφαλαίου.

336 3344 438 3391 Καὶ
503 3344 770 3404 τοιαύταις
838 3374 906 3383 —-
960 3342 1182 3396 ἀκούειν.
1255 3347 1441 3409 Καθὼς
1520 3343 1654 3404 ἦσαν
1730 3346 1869 3409 ἄξιοι

265 3425 493 3485 ἀκούειν,
552 3433 772 3504 Εἴρηται
831 3428 890 3487 δὲ
952 3438 1040 3486 καὶ
1089 3439 1202 3507 περὶ
1242 3438 1427 3488 τούτου
1477 3434 1524 3489 ἐν
1571 3444 1643 3508 τῷ
1701 3432 1870 3496 δηλω-

266 3518 403 3569 θέντι
423 3518 705 3591 κεφαλαίῳ,
742 3519 826 3573 ἐπὶ
852 3521 1028 3584 τέλους
1053 3532 1151 3575 τῶν
1182 3524 1507 3600 παραϐολῶν.

335 3613 513 3683 Χωρὶς
563 3640 629 3649 -
682 3613 869 3666 πάντα.
922 3616 1003 3666 Ἐν
1055 3611 1229 3686 ἐκείνῳ
1282 3622 1448 3669 ταῦτα
1501 3617 1668 3669 πάντα
1716 3635 1870 3670 σεσα-

265 3700 536 3768 φήνισται.

441 3845 590 3893 ΚΕΦ.
620 3839 673 3894 Ι’.
707 3847 831 3916 Περὶ
860 3850 956 3905 τῆς
982 3841 1323 3916 ἐπιτιμήσεως
1352 3854 1452 3898 τῶν
1478 3843 1706 3900 ὑδάτων.

340 3951 441 4000 Καὶ
478 3946 616 4020 λέγει
643 3980 711 3989 -
740 3949 922 4022 πλοίῳ.
956 3982 1025 3992 -
1065 3951 1154 4014 Ὠς
1200 3954 1283 4018 ἧν,
1330 3952 1443 4006 ἀντὶ
1474 3960 1583 4020 τοῦ,
1633 3954 1717 4016 Ὠς
1748 3955 1872 4007 ἐκά-

268 4038 397 4093 θητο
449 4035 498 4088 ἐν
552 4045 624 4107 τῷ
679 4038 860 4111 πλοίῳ.
918 4042 1003 4094 Ἔν
1043 4044 1207 4112 τούτῳ
1259 4045 1356 4119 γὰρ
1425 4045 1713 4115 καθήμενος
1761 4040 1871 4097 ἐδί-

269 4120 486 4192 δασκεν,
563 4129 633 4189 ὡς
687 4133 1012 4205 προείρηται.
1105 4135 1174 4183 Τό
1265 4128 1343 4198 δε,

268 4217 459 4289 ἡμέρᾳ,
503 4219 617 4269 ἴσον
648 4215 759 4269 ἐστὶ
814 4228 906 4290 τῷ,
940 4218 1022 4273 Ἐν
1075 4226 1172 4293 μιᾶ
1226 4228 1324 4272 τῶν
1374 4223 1595 4295 ἡμερῶν,
1649 4224 1719 4285 ὡς
1768 4221 1873 4276 εἶπε

271 4310 501 4366 Λουκᾶς.
561 4303 702 4359 Οὐδὲ
752 4308 868 4379 (44)
917 4311 1016 4381 γὰρ
1071 4308 1267 4368 ἐκείνην
1312 4307 1483 4377 δηλοῖ,
1516 4313 1635 4364 καθ’
1665 4316 1726 4371 ἧν
1768 4310 1874 4365 εἷπε

266 4398 357 4456 τὰς
422 4395 724 4469 παραϐολὰς
803 4397 911 4450 ἀλλ’
973 4398 1169 4473 ἑτέραν,

1426 4132 1509 4185 Ἐν
1568 4132 1731 4207 ἐκείνῃ
1806 4142 1868 4208 τῇ

1259 4401 1378 4452 καθ’
1440 4405 1501 4460 ἦν
1585 4405 1651 4455 τὰ
1711 4404 1874 4479 ῥηθη-

1213 397 1580 455 COMMENT.
1627 388 1701 451 [Nl
1734 389 2067 449 MARCUM.
2105 421 2175 431 -—
2213 390 2372 447 CAP.
2414 392 2506 450 IV.

1441 525 1849 599 παραθηγόντων

1989 517 2195 575 utiliora
2217 519 2580 586 consolatur,
2596 510 2731 595 quae
2752 535 2864 577 nos
2884 519 2968 578 ad
2985 508 3256 577 virtutem
3273 502 3571 578 exacuunt
3598 535 3612 578 :

3510 381 3616 453 798

1960 622 2104 662 nam
2129 608 2258 663 haec
2288 611 2441 666 diem
2469 610 2823 681 signiﬁcant,
2850 617 3091 684 propter
3118 611 3616 667 illuminationem

1959 694 2195 752 laetitiae.
2229 697 2575 755 Germinare
2606 715 2742 755 vero
2775 706 3055 770 segetem,
3103 705 3158 757 et
3182 701 3239 756 in
3273 700 3458 756 altum
3493 716 3619 756 sur-

1962 799 2100 854 gere
2120 785 2285 853 dixit,
2333 788 2479 843 dum
2510 789 2744 859 ignorat
2784 790 2834 845 is
2863 790 2965 862 qui
3014 790 3348 859 seminavit,
3380 794 3621 862 sponta-

1961 890 2142 931 neum
2175 893 2328 948 opus
2362 880 2752 935 manifestans
2782 880 3229 951 germinationis
3274 886 3450 953 atque
3496 894 3615 935 cre-

1962 966 2150 1021 menti
2204 967 2535 1039 :quodque
2575 968 2746 1039 juxta
2775 968 3141 1025 voluntatem
3188 976 3247 1027 et
3294 984 3415 1025 non
3449 969 3620 1039 juxta

1963 1055 2378 1111 necessitatem
2395 1057 2692 1127 germinat
2705 1074 2773 1114 ac
2787 1059 2995 1115 crescit
3015 1074 3029 1125 ;
3046 1063 3101 1115 et
3116 1059 3231 1115 hoc
3244 1058 3622 1115 manifestum

1965 1148 2053 1200 est
2074 1160 2147 1201 ex
2175 1144 2267 1201 his
2296 1161 2433 1218 quae
2464 1152 2814 1219 sequuntur.

2036 1235 2199 1291 Vers.
2226 1236 2314 1290 28.
2351 1236 2519 1293 Ultro
2544 1267 2612 1277 —
2638 1239 2695 1291 in
2725 1237 2903 1307 spica.
2938 1237 3195 1294 Herbam
3213 1237 3461 1311 quidem
3493 1242 3621 1309 ger;

1965 1325 2218 1389 minant,
2238 1325 2341 1397 qui
2367 1325 2976 1404 virtutisprincipium
3007 1328 3512 1394 demonstrantes,
3541 1328 3621 1384 ad

1966 1414 2293 1471 certamina
2323 1415 2701 1472 sunt'adhue
2745 1415 3001 1473 delicati.
3045 1419 3283 1488 Spicam
3321 1433 3484 1483 vero,
3517 1417 3625 1491 qui

1964 1504 2026 1559 in
2053 1503 2209 1559 bono
2240 1505 2553 1574 progressi,
2588 1510 2646 1561 et
2678 1505 2757 1562 ad
2803 1503 3181 1562 sufferendas
3239 1506 3625 1562 contumelias

1964 1592 2234 1650 duriores
2262 1592 2450 1650 effecti
2486 1599 2621 1651 sunt
2653 1611 2665 1651 :
2710 1595 2877 1669 spica
2916 1595 3216 1667 siquidem
3268 1595 3624 1652 internodiis

1964 1683 2367 1754 distinguitur,
2415 1688 2471 1739 et
2520 1689 2683 1741 recta
2733 1685 2794 1741 in
2829 1685 3015 1741 altum
3054 1686 3318 1755 erigitur.
3373 1685 3625 1742 Plenum

1964 1778 2165 1829 autem
2224 1764 2611 1841 frumentum,
2656 1774 2761 1846 qui
2808 1773 3132 1848 perfectam
3183 1775 3461 1831 virtutem
3509 1773 3625 1831 fru-

1964 1862 2244 1918 ctiﬁcant.

1982 1987 1989 1993 -
2040 1953 2202 2007 Vers.
2230 1955 2322 2007 29.
2351 1953 2498 2009 Cum
2522 1959 2712 2009 autem
2727 1985 2792 1995 —
2808 1954 3005 2011 messis
3030 1984 3117 2008 .-—
3135 1954 3285 2011 Cum
3304 1953 3627 2022 productus

1962 2041 2305 2111 fuerit,sive
2318 2057 2455 2097 cum
2479 2042 2990 2099 maturuerit:hoc
3013 2048 3118 2107 est,
3146 2042 3244 2097 ubi
3278 2057 3487 2098 omnes
3520 2040 3628 2116 qui

1967 2130 2224 2187 fructum
2238 2137 2374 2186 sunt
2387 2118 2620 2187 allaturi
2634 2131 3376 2189 fructiﬁcaverint.Falcem
3390 2147 3531 2187 vero
3545 2131 3627 2187 di-

1969 2220 2045 2276 cit
2058 2220 2324 2285 verbum,
2342 2236 2463 2293 quo
2484 2222 2690 2277 mundi
2706 2222 3626 2295 imperabitconsummationem.

1968 2310 2171 2366 Messis
2229 2314 2448 2377 autem,
2508 2310 2774 2368 collectio
2817 2311 3114 2381 justorum
3172 2309 3412 2377 est;'hi
3468 2310 3631 2367 enim

1968 2398 2194 2454 fructus
2222 2404 2361 2454 sunt
2386 2400 2747 2472 evangelicae
2771 2402 3007 2473 segetis.

2038 2488 2206 2545 Vere.
2247 2488 2336 2545 30.
2367 2488 2447 2545 Et
2492 2489 2718 2547 dicebat
2747 2522 2816 2532 —
2843 2490 2990 2546 illud
3027 2490 3056 2545 ἲ
3102 2490 3486 2560 Conferemus
3515 2488 3631 2545 hoc

1970 2584 2080 2645 est,
2098 2578 2373 2651 exemplo
2399 2580 2929 2637 manifestabimus.

2044 2670 2207 2725 Vers.
2242 2672 2331 2727 31.
2361 2668 2463 2725 Est
2490 2670 2643 2727 sicut
2655 2686 2908 2742 granum
2932 2669 3174 2743 sinapis.
3201 2670 3405 2736 Quaere
3432 2673 3630 2725 autem

1971 2759 2148 2814 totius
2165 2758 2342 2829 hujus
2358 2759 2663 2832 parabolas
2679 2760 3106 2831 expositionem
3121 2759 3408 2816 vicesimo
3422 2762 3633 2831 quarto

1973 2849 2164 2920 capite
2196 2849 2664 2922 Evangeliijuxta
2698 2850 3057 2907 Matthaaum.

2049 3103 2207 3158 Vers.
2248 3100 2340 3157 31.
2385 3100 2551 3168 Quod
2578 3100 2715 3156 dum
2740 3131 2803 3145 —-
2838 3098 3001 3155 Vers.
3035 3101 3121 3155 33.
3150 3098 3470 3170 nidiﬁcant.
3502 3099 3633 3155 Ter-

1976 3192 2058 3248 tio
2082 3190 2216 3247 loco
2236 3189 2594 3264 parabolam
2624 3190 2780 3246 hanc
2827 3188 3094 3245 invenies
3126 3187 3280 3244 inter
3308 3187 3634 3260 parabolas

1977 3281 2117 3338 dicti
2139 3280 2402 3337 vicesimi
2429 3280 2627 3353 quarti
2658 3279 2882 3350 capitis.

2050 3372 2216 3427 Vers.
2252 3374 2338 3427 33.
2396 3370 2471 3425 Et
2506 3368 2840 3439 huiusmodi
2870 3397 2936 3409 —
2966 3367 3202 3424 audire.
3262 3367 3442 3423 Prout
3470 3365 3639 3438 digni

1977 3465 2149 3517 erant
2175 3464 2232 3516 et
2257 3460 2379 3533 apti
2406 3458 2485 3516 ad
2514 3457 2905 3515 audiendum.
2932 3459 3165 3514 Dictum
3196 3460 3282 3513 est
3321 3460 3522 3512 autem
3560 3454 3637 3512 de

1978 3551 2093 3607 hoc
2119 3550 2394 3623 praedicto
2424 3550 2619 3621 capite
2648 3550 2806 3605 circa
2832 3548 3015 3604 ﬁnem
3042 3546 3492 3620 parabolarum.

2053 3643 2210 3697 Vers.
2256 3644 2342 3697 34.
2371 3639 2599 3696 Sine—
2628 3640 2847 3695 omnia.
2873 3637 3106 3694 Ibidem
3136 3636 3351 3693 omnia
3383 3635 3513 3692 haec
3540 3633 3642 3691 de-

1980 3729 2205 3787 clarata
2235 3734 2390 3785 sunt.

2162 3873 2315 3930 CAP.
2370 3873 2427 3929 X.
2461 3872 2542 3928 De
2564 3871 2963 3942 increpatione
2991 3871 3155 3927 venti
3183 3874 3236 3926 et
3261 3868 3462 3926 maris.

2052 3962 2211 4017 Vers.
2263 3964 2351 4017 35.
2386 3964 2453 4017 Et
2481 3964 2567 4018 ait
2599 3994 2665 4002 —
2690 3963 2847 4015 Vers.
2880 3960 2969 4015 36.
2997 3959 3252 4030 navigio.
3295 3990 3348 3999 —
3376 3958 3463 4041 ‘Ut
3492 3962 3639 4030 erat,

1981 4050 2095 4107 hoc
2118 4055 2224 4119 est,
2262 4052 2420 4109 Sicut
2449 4050 2698 4113 sedebat
2716 4051 2775 4106 in
2800 4049 3042 4121 navigio
3064 4064 3078 4115 ;
3102 4049 3161 4103 in
3184 4063 3255 4103 eo
3286 4047 3469 4114 enim,
3491 4047 3643 4129 sicut

1983 4138 2207 4195 dictum
2244 4148 2352 4208 est,
2396 4140 2606 4196 sedens
2637 4139 2912 4195 docebat.
2940 4139 3102 4205 Quod
3145 4141 3351 4193 autem
3377 4136 3591 4191 dicitur
3620 4152 3641 4193 :

1983 4228 2066 4293 In
2104 4233 2340 4297 dieillo,
2370 4230 2616 4305 perinde
2646 4233 2738 4286 est
2767 4244 2837 4286 ac
2868 4230 2916 4285 si
2945 4228 3189 4284 dixisset
3222 4244 3234 4279 :
3261 4226 3331 4281 In
3378 4241 3489 4281 uno
3522 4226 3639 4281 die-

1983 4343 2139 4391 rum,
2164 4320 2709 4391 sicuthabetLucas
2725 4320 2792 4373 ‘7.
2811 4320 3015 4391 Neque
3040 4316 3200 4372 enim
3223 4314 3391 4370 illum
3422 4313 3638 4386 innuit,

1985 4416 2045 4472 in
2083 4430 2206 4489 quo
2226 4412 2375 4468 dixit
2416 4408 2761 4484 parabolas,
2814 4407 2918 4463 sed
2941 4406 3143 4471 alium,
3180 4420 3298 4477 quo
3326 4405 3482 4461 facta
3501 4408 3644 4461 sunt

271 4490 464 4559 σόμενα
518 4490 713 4559 γέγονε,
780 4489 955 4550 καθὼς
1028 4494 1118 4541 καὶ
1194 4488 1241 4541 ἐν
1314 4492 1458 4563 ἀρχῇ
1549 4498 1641 4543 τοῦ
1695 4495 1865 4565 τρίτοι.

1989 4522 2056 4564 ea
2085 4488 2221 4578 qua:
2276 4501 2567 4566 dicentur,
2625 4496 2781 4554 sicut
2830 4497 3007 4553 etiam
3051 4495 3108 4551 in
3161 4493 3458 4567 principio
3488 4491 3643 4549 tertii

266 4575 547 4647 κεφαλαίου
644 4583 735 4629 τοῦ
844 4581 981 4631 κατὰ
1084 4580 1353 4633 Ματθαῖον
1446 4586 1878 4656 παρεσημειωσά-

266 4667 423 4738 μεθα.

343 4760 445 4809 Καὶ
491 4754 622 4808 ἄλλα
669 4788 737 4797 -
788 4757 968 4811 αὐτοῦ.
1029 4758 1153 4812 Μετ’
1204 4758 1363 4812 αὐτοῦ
1406 4766 1497 4812 τοῦ
1548 4760 1743 4825 πλοίου,
1778 4758 1880 4821 δη-

269 4850 459 4901 λονότι,
510 4848 809 4918 Προσέθηκε
855 4844 913 4900 δε
962 4852 1080 4920 περὶ
1136 4856 1236 4900 τῶν
1283 4849 1467 4917 ἄλλων,
1522 4850 1626 4922 οὐχ
1682 4850 1873 4923 ἁπλῶς,

268 4934 400 4987 ἀλλά
483 4931 654 4999 δεῖξαι
720 4936 893 5004 θέλων,
953 4938 1034 4990 ὅτι
1108 4946 1259 4991 τοῦτο
1316 4943 1468 5012 μόνον
1517 4937 1873 5001 ἑκλυδωνίσθη

267 5024 387 5076 κατ’
417 5025 734 5099 οἰκονομίαν.

345 5245 447 5293 Καὶ
544 5244 747 5312 γίνεται
838 5272 903 5281 -
1006 5241 1338 5315 γεμίζεσθαι.
1444 5245 1665 5319 Εἴρηται
1756 5250 1876 5321 περὶ

244 5332 463 5393 τούτων
533 5329 583 5383 ἓν
656 5338 731 5402 τῷ
787 5326 1043 5403 ἑνδεκάτῳ
1103 5330 1364 5405 κεφαλαίῳ
1394 5339 1486 5385 τοῦ
1542 5335 1680 5387 κατὰ
1733 5340 1877 5389 Ματ-

267 5422 437 5476 θαῖον.

337 5521 389 5557 ⁶⁷
419 5520 561 5577 Luc.
594 5524 720 5590 vui,
746 5522 836 5576 22.

1986 4595 2196 4668 capitis
2221 4593 2393 4665 juxta
2424 4588 2763 4647 Matthteum
2796 4585 3282 4657 signiﬁcavimus.

2056 4792 2219 4847 Vers.
2245 4791 2331 4853 36,
2360 4785 2479 4843 Sed
2502 4791 2555 4842 et
2581 4783 2716 4841 alia?
2749 4814 2813 4824 -
2842 4782 2968 4838 illo.
2994 4780 3141 4836 Cum
3172 4779 3270 4836 illo
3307 4782 3454 4851 puta
3479 4777 3645 4834 navi-

1987 4882 2083 4953 gio
2097 4881 2261 4953 (nam
2279 4876 2474 4945 πλοῖον,
2497 4873 2660 4947 quod
2681 4873 2884 4929 navim
2904 4872 3027 4927 sive
3040 4870 3325 4941 navigium
3348 4867 3645 4938 signiﬁcat

1986 4970 2200 5029 Graacis
2241 4970 2518 5024 neutrum
2550 4964 2679 5035 est).
2710 4961 2959 5018 Addidit
2999 4966 3202 5017 autem
3232 4958 3308 5015 de
3332 4956 3489 5021 aliis,
3520 4971 3645 5012 non

1986 5064 2219 5134 absque
2245 5074 2443 5124 causa,
2477 5054 2584 5112 sed
2614 5058 2678 5111 ut
2704 5052 3001 5119 ostendat,
3030 5050 3194 5124 quod
3232 5064 3342 5105 sua
3380 5045 3645 5117 disposi-

1985 5153 2143 5210 tione
2166 5148 2360 5205 solum
2393 5152 2505 5203 hoc
2528 5143 2834 5215 navigium
2877 5139 3208 5214 periculum
3264 5135 3634 5194 sustinuerit.

2056 5239 2221 5294 Vers.
2254 5240 2341 5293 37.
2372 5236 2446 5291 Et
2468 5232 2662 5290 oritur
2690 5261 2748 5272 —
2784 5229 3151 5300 impleretur.
3192 5227 3425 5281 Dictum
3452 5228 3544 5280 est
3575 5223 3645 5280 de

1986 5331 2124 5397 hoc,
2151 5326 2343 5399 capite
2368 5322 2686 5381 undecimo
2712 5320 2884 5394 juxta
2913 5317 3267 5376 Matthaaum.

1490 5620 1716 5703 Variae
1754 5621 2083 5693 lectiones
2123 5627 2188 5687 et
2230 5622 2432 5685 notae.

489 5736 685 5810 Gloss.
716 5735 901 5810 Labb.
933 5735 1176 5810 Nodus:
1204 5741 1329 5809 γόνυ
1360 5736 1619 5810 καλάμου.

364 5740 433 5793 42
489 5739 679 5792 Gloss.
716 5739 901 5792 Labb.
933 5739 1138 5791 Nodus
1164 5754 1176 5792 :
1204 5741 1329 5809 γόνυ
1360 5739 1619 5810 καλάμου.

337 5739 455 5885 243;
484 5809 575 5868 ita
592 5808 756 5867 enim
782 5808 988 5881 legunt
1014 5808 1249 5866 codices
1269 5810 1337 5878 Α,
1360 5810 1420 5877 Β,
1439 5810 1499 5867 in
1525 5814 1706 5869 textu.
1721 5812 1874 5886 Ergo

1982 5729 2556 5885 ρειᾶὃιὲιέιξάῗιὶεὶω
2607 5724 2890 5804 exhibere
2944 5721 3263 5821 debebant,
3291 5721 3642 5811 ὁμονωσομεν.
