4096 6382
475 363 583 420 799

1798 353 2148 414 EUTHYMII
2186 353 2519 414 ZIGABENI

3744 359 3848 415 800

487 537 492 542 .
541 489 705 545 Vers.
731 491 817 546 38.
851 489 928 545 Et
953 492 1109 546 erat.
1143 518 1212 530 -
1232 488 1396 543 Vers.
1417 488 1503 544 39.
1527 501 1767 560 magna.
1796 485 2027 542 Dictum
2046 486 2133 540 est

2318 487 2423 537 Καί
2460 485 2523 542 ἦν
2569 515 2638 527 -
2710 483 2935 558 μεγάλη.
2992 482 3219 558 Ἐῥρήθη
3287 485 3378 535 καὶ
3467 485 3586 556 περὶ
3655 483 3846 536 τούτων

471 578 690 636 ibidem
724 579 797 633 de
831 578 922 633 his
957 578 1259 633 omnibus.

545 670 706 724 Vers.
738 669 828 738 40,
855 669 933 724 Et
955 668 1109 724 dixit
1141 699 1210 707 —
1260 666 1340 721 ita
1365 667 1394 720 i’
1423 665 1497 722 Ut
1551 665 1698 738 quid
1737 665 1820 722 ita
1859 663 2073 720 timetis
2102 662 2130 717 ?

472 775 609 815 cum
638 774 731 813 me
762 757 1078 813 vobiscum
1108 755 1526 828 habeatis,qui
1548 771 1803 827 possum
1834 754 1908 810 de
1940 757 2130 809 morte

474 863 726 917 servare,
762 852 818 903 et
841 845 1050 902 omnia
1082 862 1343 916 possum.

543 939 700 992 Vers.
744 939 832 992 40.
869 935 1162 1004 Quomodo
1188 965 1258 975 —
1277 933 1559 1004 ﬁduciam
1594 935 1621 993 ἵ
1649 933 1912 991 Firmam
1953 947 2025 988 ac
2046 931 2132 989 in-

473 1025 834 1083 dubitatam.

543 1115 709 1172 Vers.
742 1118 829 1170 41.
862 1115 939 1170 Et
998 1113 1326 1172 timuerunt
1371 1143 1441 1156 -—
1498 1113 1575 1170 ei.
1609 1113 1798 1171 Etiam
1828 1111 1903 1169 de
1926 1110 2021 1168 his
2049 1108 2133 1167 ibi

473 1204 698 1262 dictum
738 1209 845 1260 est.

980 1383 1128 1438 CAP.
1157 1381 1244 1437 XI.
1276 1383 1359 1440 De
1385 1378 1632 1453 legione.

545 1473 710 1532 CAP.
749 1475 812 1529 V.
843 1472 1008 1530 Vers.
1032 1473 1086 1527 1.
1131 1473 1214 1530 Et
1257 1477 1540 1528 venerunt
1567 1503 1637 1514 —
1665 1471 2130 1537 Gadarenorum,

479 1563 712 1619 Dictum
739 1567 826 1619 est
845 1561 920 1618 de
951 1563 1043 1618 his
1086 1561 1447 1618 duodecimo
1477 1561 1772 1632 Evangelii
1793 1561 1965 1633 juxta
1990 1561 2136 1617 Mat-

477 1652 693 1711 thzeum
723 1652 938 1724 capite.

550 1741 716 1799 Vers.
742 1745 795 1795 2.
837 1742 913 1797 Et
943 1756 1164 1812 egresso
1207 1771 1276 1782 —
1303 1739 1462 1796 Vers.
1511 1740 1565 1807 3,
1603 1739 2013 1798 monumentis.
2046 1737 2133 1794 [bi

477 1831 658 1888 etiam
680 1831 809 1887 haec
841 1847 1066 1902 quaere.

551 1923 714 1978 Vers.
743 1924 794 1977 3.
844 1922 913 1977 Et
971 1935 1152 1992 neque
1201 1951 1269 1961 —
1329 1921 1490 1976 νοτε.
1523 1918 1576 1975 6.
1639 1919 1908 1976 adoravit
1967 1934 2124 1976 eum.

478 2010 652 2069 Clara
680 2011 957 2068 sunthaec
982 2017 1038 2066 et
1063 2009 1396 2067 manifesta.

550 2100 718 2158 Vers.
749 2106 803 2156 7.
831 2100 907 2156 Et
945 2101 1208 2157 clamans
1234 2131 1303 2142 -
1331 2098 1566 2158 Excetsi
1590 2099 1619 2156 ἵ
1647 2100 1857 2167 Quaere
1887 2098 1949 2156 in
1977 2097 2136 2156 dicto

479 2190 637 2249 loco.

553 2281 712 2336 Vers.
741 2284 794 2335 7.
848 2279 1080 2349 Adjuro
1107 2308 1176 2320 —
1225 2284 1509 2352 torqueas.
1572 2279 1726 2338 Sane
1754 2277 1874 2336 hoc
1897 2293 2140 2353 quoque

481 2368 684 2427 licebit
710 2373 772 2425 ut
795 2369 932 2424 inde
973 2383 1323 2439 cognoscas.

555 2461 710 2515 Vers.
753 2461 806 2514 8.
851 2458 1098 2515 Dicebat
1131 2488 1192 2500 --
1225 2456 1477 2514 homine.
1536 2457 1727 2514 Multis
1774 2455 2142 2514 daemonibus

483 2547 739 2620 imperat
766 2547 940 2621 quasi
980 2563 1137 2603 unus
1184 2552 1359 2614 esset,
1403 2552 1649 2620 propter
1672 2547 2142 2605 imbecillitatem

485 2637 781 2712 ipsorum.

557 2727 726 2782 Vers.
768 2730 819 2782 9.
854 2726 933 2782 Et
983 2725 1386 2797 interrogabat
1430 2757 1500 2767 —
1540 2741 1765 2783 sumus.
1835 2726 2142 2783 Hominem

488 2815 1168 2889 quideminterrogabat,
1187 2816 1289 2871 sed
1320 2815 1582 2887 pervenit
1610 2815 1860 2888 quaestio
1873 2816 1943 2872 ad
1962 2814 2145 2872 multi-

487 2905 757 2964 tudinem
787 2905 1153 2970 daamonum,
1170 2906 1268 2976 qui
1292 2907 1354 2960 in
1372 2906 1502 2978 ipso
1515 2909 1685 2961 erant
1711 2906 1876 2962 :ideo
1902 2921 2142 2978 quoque

486 2994 796 3067 respondit
825 2993 1144 3049 multitudo
1178 2993 1436 3049 illorum.
1471 2995 1644 3064 Legio
1685 2999 1881 3050 autem
1903 2999 2143 3067 propter

488 3083 930 3140 multitudinem
964 3082 1104 3138 dicti
1131 3087 1286 3138 sunt.
1321 3083 1559 3156 Proprie
1606 3084 1766 3139 enim
1797 3083 1953 3154 legio
1997 3083 2144 3139 mili-

2241 573 2445 626 πάντων
2469 573 2516 627 ἐν
2548 573 2722 646 ἐκείνῳ
2735 619 2746 632 ,

2317 668 2416 716 Kal
2462 660 2595 716 εἶπεν
2641 695 2709 705 —-
2761 664 2921 725 οὕτως
2955 681 2968 732 ;
2997 666 3145 716 Διατί
3199 662 3438 734 φοϐεῖσθε
3483 661 3663 730 οὕτως,
3702 663 3848 732 ἔχον-

2241 772 2318 813 τες
2346 752 2456 825 μεθ’
2508 754 2700 807 ἑαυτῶν
2741 753 2846 826 ἔμε,
2905 757 2992 808 τόν
3053 753 3236 814 σώζειν
3295 752 3349 805 ἐκ
3399 753 3625 806 θανάτου
3683 751 3845 825 ἰσχύ-

2240 862 2382 910 οντα,
2413 848 2501 896 καὶ
2535 846 2698 896 πάντα
2729 841 3010 916 δυνάμενον
3035 860 3048 910 ;

2313 940 2498 995 Πῶς-
2531 938 2731 1000 πίστιν,
2763 930 3129 1002 Ἀδίστακτον,
3164 929 3529 1006 ἀναμφίϐολον.

2317 1152 2418 1202 Καὶ
2475 1145 2806 1221 ἐφοϐήθησαν
2873 1178 2940 1190 -
2988 1145 3151 1219 αὐτῷ.
3195 1148 3301 1203 Καὶ
3348 1149 3467 1219 περὶ
3503 1145 3699 1197 τούτων
3749 1141 3852 1197 but

2245 1236 2272 1292 ὁ
2283 1233 2542 1296 εδήλωται
2554 1282 2567 1296 .

2602 1369 2753 1420 ΚΕΦ.
2795 1361 2893 1418 ῙΑ’.
2928 1367 3051 1437 Περὶ
3080 1369 3172 1415 τοῦ
3197 1360 3463 1434 λεγεῶνος.

2316 1453 2424 1508 Καὶ
2486 1450 2640 1512 ἦλθον
2707 1483 2777 1494 —
2843 1449 3178 1527 Γαδαρηνῶν.
3267 1454 3490 1524 Εἴρηται
3554 1453 3669 1524 περὶ
3735 1449 3850 1500 τού·

2243 1562 2342 1595 των
2409 1542 2457 1595 ἐν
2527 1553 2597 1616 τῷ
2655 1538 2940 1614 δωδεκάτῳ
3010 1541 3268 1617 κεφαλαίῳ
3354 1547 3446 1594 τοῦ
3504 1541 3637 1592 κατὰ
3701 1545 3849 1593 Ματ-

2245 1635 2408 1688 θαῑον.

2319 1728 2418 1776 Kal
2499 1721 2772 1785 ἐξελθόντι,
2861 1752 2930 1762 -
2993 1726 3279 1795 μνήμασιν.
3352 1720 3487 1775 Ἐκεῖ
3534 1724 3624 1773 καὶ
3684 1725 3852 1773 ταῦτα

2170 1839 2214 1895 Β
2247 1812 2498 1873 ζήτησον.

2320 1906 2420 1955 Καὶ
2478 1905 2594 1955 οὔτε
2682 1933 2740 1942 --
2789 1903 3172 1977 προσεκύνησεν
3267 1899 3424 1970 αὐτῷ.
3487 1907 3624 1974 Σαφῆ
3685 1905 3851 1950 ταῦτα

2246 1997 2335 2045 καὶ
2369 1989 2634 2066 πρόδηλα.

2321 2087 2423 2134 Καὶ
2471 2081 2662 2156 κράξας
2715 2111 2780 2122 -
2836 2079 3136 2152 ’Υψίστους
3223 2082 3464 2137 Ζήτησον
3517 2076 3565 2131 ἕν
3621 2084 3692 2148 τῷ
3749 2076 3846 2151 ῥη-

2251 2171 2386 2223 θέντι
2414 2170 2693 2243 κεφαλαίῳ.

2317 2259 2546 2336 Ὁρκίζω
2631 2291 2700 2300 -
2803 2258 3117 2333 βασανίσῃς.
3240 2258 3460 2311 Ἐκεῖθεν
3538 2275 3628 2308 και
3701 2260 3852 2306 τοῦτο

2249 2355 2429 2423 γνοίης
2449 2351 2530 2404 ἄν.

2323 2437 2494 2511 Ἔλεγε
2557 2470 2622 2480 -
2674 2437 2966 2511 ἀνθρώπου.
3024 2435 3108 2497 Ὠς
3163 2436 3254 2502 ἐνὶ,
3303 2441 3414 2496 τοῖς
3469 2433 3674 2495 πολλοῖς
3733 2428 3856 2484 δαί-

2252 2547 2427 2602 μοσιν,
2465 2526 2745 2592 ἱπιτάττει,
2781 2524 2816 2580 δ
2822 2528 2874 2579 ιὰ
2896 2531 2989 2586 τήν
3021 2525 3286 2579 ἀσθένειαν
3315 2525 3503 2578 αὐτῶν.

2329 2731 2428 2780 Καὶ
2473 2725 2716 2798 ἔπηρὼτα
2769 2757 2835 2766 -
2888 2723 3059 2797 ἐσμέν.
3115 2726 3214 2776 Τὸν
3268 2724 3536 2797 ἄνθρωπον
3595 2724 3689 2793 μεν
3744 2720 3866 2779 ἕπη-

2253 2821 2396 2892 ρώτα
2445 2835 2457 2849 ο
2500 2818 2630 2890 πρὸς
2686 2818 2742 2866 τέ
2805 2813 2997 2874 πλῆθος
3064 2809 3123 2865 δὲ
3180 2821 3278 2864 τῶν
3311 2812 3360 2863 ἐν
3413 2812 3554 2882 αὐτῷ
3596 2807 3864 2884 δαιμόνων

2256 2902 2507 2958 διέϐαινεν
2557 2907 2586 2963 ἡ
2651 2903 2922 2977 ἐρώτησις.
3002 2905 3088 2953 Διὸ
3137 2907 3226 2953 καὶ
3283 2904 3341 2952 τό
3395 2900 3590 2962 πλῆθος
3666 2903 3866 2953 τούτων

2253 2996 2531 3066 ἀπεκρίθη.
2604 2997 2805 3064 Λεγιὼν
2862 2989 2920 3045 δε
2995 2991 3310 3062 ὠνομάζετο,
3387 2986 3480 3042 διὰ
3537 2992 3594 3041 τό
3644 2989 3864 3048 πλῆθος.

2255 3089 2454 3156 Λεγέὼν
2538 3085 2640 3158 γὰρ
2716 3087 2928 3154 κυρίως,
3010 3085 3188 3152 τάγμα
3267 3080 3385 3151 (45)
3460 3082 3866 3152 στρατιωτικόν.

487 3178 615 3231 tum
629 3189 848 3244 agmen
873 3177 980 3229 est.
998 3172 1587 3243 lnterrogabatvero,
1623 3179 1686 3230 ut
1710 3178 2145 3244 cognoscerent

2288 3176 2534 3248 Ξπηρωτα
2591 3169 2668 3243 δι,
2714 3173 2797 3224 ἱνα
2849 3179 3042 3243 γνῶσιν
3096 3172 3143 3223 οἱ
3200 3175 3470 3242 παρόντες,
3536 3169 3617 3222 ὅτι
3665 3168 3869 3222 πολλῶν

487 3264 591 3336 qui
631 3268 954 3334 prensantes
986 3269 1172 3329 erant,
1201 3262 1369 3336 quod
1417 3262 1742 3320 multorum
1795 3263 2144 3321 daemonum

486 3351 893 3411 habitaculum
922 3356 1048 3408 erat
1080 3366 1236 3407 unus
1269 3351 1476 3408 homo.

557 3443 724 3499 Vers.
755 3443 844 3497 10.
899 3442 976 3497 Et
1031 3440 1461 3510 deprecabatur
1494 3470 1566 3482 —
1593 3440 1914 3511 regionem.
1959 3442 2146 3498 Lucas

489 3547 628 3587 vero
658 3530 826 3596 dixit,
849 3530 1016 3603 quod
1037 3531 1217 3587 etiam
1247 3530 1727 3602 deprecabantur
1773 3547 1934 3597 eum,
1963 3547 2036 3586 ne
2052 3532 2145 3602 ju-

489 3621 656 3678 beret
685 3621 824 3692 ipsis
876 3625 937 3676 ut
971 3620 1030 3674 in
1063 3620 1356 3690 abyssum
1387 3621 1540 3676 irent
1570 3621 1637 3673 “.
1689 3620 2017 3677 Verisimile
2055 3625 2149 3678 est

491 3715 706 3774 autem,
735 3708 897 3781 quod
941 3713 997 3764 et
1026 3709 1140 3764 boc
1166 3713 1222 3765 et
1255 3708 1399 3764 illud
1431 3709 1932 3780 deprecabantur.

570 3802 728 3855 Vers.
765 3803 848 3853 tt.
884 3800 1026 3854 Erat
1051 3803 1247 3854 autem
1303 3829 1372 3839 —
1406 3801 1568 3854 Vers.
1630 3803 1691 3855 l3
1766 3799 1826 3854 in
1855 3802 2034 3856 mari.
2069 3802 2150 3856 De

493 3889 585 3944 his
630 3886 1048 3959 particularius
1079 3887 1309 3944 dictum
1339 3892 1426 3945 est
1456 3887 1737 3961 praedicto
1787 3891 1979 3962 capite
2005 3891 2152 3948 duo-

493 3978 750 4035 decimo.

568 4069 730 4123 Vers.
753 4069 841 4123 14.
906 4065 1016 4134 Qui
1035 4082 1170 4124 vero
1202 4066 1511 4130 pascebant
1535 4099 1600 4109 —
1646 4069 1806 4141 quod
1833 4069 2149 4127 acciderat.

495 4157 776 4216 Similiter
797 4161 854 4213 et
873 4157 946 4212 de
977 4157 1070 4212 his
1101 4157 1327 4213 dictum
1362 4162 1468 4213 est.

569 4249 725 4302 Vers.
759 4247 846 4304 15.
881 4247 955 4302 Et
982 4248 1220 4302 veniunt
1242 4278 1308 4286 —
1340 4247 1683 4303 timuerunt.
1727 4249 1915 4304 Lucas
1953 4252 2154 4305 autem

495 4336 638 4393 dixit
668 4338 841 4393 etiam
881 4353 892 4390 :
923 4336 1034 4392 Ubi
1057 4338 1411 4392 invenerunt
1437 4351 1565 4392 eum
1591 4336 1873 4394 sedentem
1907 4339 1977 4404 ",
2010 4343 2158 4411 puta

497 4427 576 4484 ad
606 4427 788 4498 pedes
812 4425 972 4482 Jesu.

570 4515 734 4571 Vers.
767 4517 857 4572 19.
891 4515 1247 4572 Narrabant
1296 4546 1367 4558 —
1404 4514 1786 4573 dcemoniaco.
1839 4518 2157 4583 Quomodo
2192 4545 2238 4603 Ι)

500 4603 654 4661 facta
679 4603 872 4659 fuerat
902 4603 961 4657 in
980 4620 1050 4659 eo
1083 4604 1332 4660 mutatio
1363 4620 1432 4660 ac
1465 4621 1613 4661 sana
1645 4621 1834 4661 mens.

572 4694 733 4747 Vers.
773 4693 855 4748 16.
903 4693 976 4747 Ει
1014 4693 1086 4749 de
1114 4696 1325 4761 porcis.
1385 4695 1701 4760 Quomodo
1742 4695 1802 4751 hi
1834 4695 2152 4766 perierant.

573 4782 736 4838 Vers.
771 4787 852 4837 17.
883 4782 1320 4854 preruntque
1345 4815 1412 4824 —
1440 4775 1662 4840 eorum.
1700 4783 1977 4841 Similiter
2002 4791 2058 4842 et
2083 4786 2158 4843 de

503 4872 597 4932 his
630 4871 805 4926 docet
843 4871 1166 4944 capitulum
1206 4873 1371 4928 illud.

575 4961 738 5018 Vers.
773 4963 857 5016 18.
889 4961 1147 5033 Cumque
1170 4962 1515 5018 ascendisset
1549 4993 1618 5003 —
1647 4979 1773 5019 cum
1825 4979 1908 5020 eo.
1941 4963 2158 5020 Gratus

506 5051 704 5117 simul,
736 5056 793 5108 et
819 5052 1128 5107 daemones
1159 5052 1394 5118 timens,
1427 5068 1499 5109 ne
1538 5053 1661 5109 sine
1709 5053 1810 5110 illo
1855 5054 2157 5122 inventus,

505 5158 747 5199 rursum
777 5142 864 5198 eis
896 5143 1244 5198 traderetur.

579 5321 745 5378 Vers.
789 5321 876 5376 19.
908 5322 1073 5377 Jesus
1097 5326 1294 5377 autem
1325 5350 1395 5363 —
1426 5321 1703 5378 misertus
1732 5324 1807 5379 sit
1834 5324 1940 5379 tui.
1991 5323 2164 5381 Dimi-

510 5409 582 5464 sit
607 5425 747 5465 eum
769 5409 1004 5481 abjecto
1029 5425 1174 5467 sane
1189 5409 1267 5466 ab
1284 5426 1354 5467 eo
1375 5410 1479 5483 huj
1491 5412 1730 5469 usmodi
1751 5412 1981 5484 timore,
2000 5414 2162 5487 quod

584 5517 632 5551 ⁴⁸
663 5517 803 5571 Luc.
833 5517 1038 5572 νιιι31.
1118 5519 1163 5554 ⁸³
1192 5517 1341 5574 Ibid.
1375 5517 1464 5574 35.

2257 3259 2516 3335 δαιμόνων
2538 3262 2839 3338 οἰκητήριον
2871 3262 2896 3313 ό
2928 3261 2998 3322 εἷς
3028 3262 3297 3334 ἄνθρωπος
3327 3267 3410 3319 ἧν.

2331 3447 2430 3496 Καὶ
2500 3440 2778 3516 παρεκάλει
2827 3471 2894 3482 -
2944 3444 3141 3513 χώρας.
3186 3439 3244 3492 '0
3301 3435 3360 3492 δὲ
3412 3444 3621 3500 Λουκᾶς
3684 3438 3824 3492 εἶπεν
3858 3459 3870 3472 ·

2258 3535 2338 3586 ὅτι
2376 3537 2464 3585 καὶ
2493 3531 2769 3607 παρεκάλει
2818 3530 2992 3600 αὐτὸν,
3054 3532 3135 3582 ἱνα
3185 3534 3256 3602 μὴ
3310 3527 3525 3601 ἐπιτάξῃ
3571 3527 3758 3591 αὐτοῖς
3809 3527 3878 3589 εἰς

2256 3627 2349 3681 τὴν
2379 3620 2612 3674 ἄϐυσσον
2662 3619 2915 3673 ἀπελθεῖν.
2976 3617 3122 3679 Εἰκὸς
3178 3619 3300 3692 γὰρ,
3361 3621 3450 3670 καὶ
3507 3622 3627 3691 περὶ
3687 3621 3875 3670 τούτου

2258 3711 2497 3764 κάκείνου
2533 3708 2868 3784 παρακαλεῖν.

2330 3801 2427 3854 Ἦν
2473 3797 2530 3854 δε
2589 3831 2656 3839 -
2714 3798 2763 3852 ἐν
2926 3796 3190 3869 θαλάσσῃ.
3248 3801 3372 3870 Περὶ
3410 3797 3608 3848 τούτων
3664 3799 3877 3870 εἶρητα,

2260 3892 2584 3963 λεπτομεροῦς
2666 3887 2714 3941 ἓν
2806 3896 2878 3959 τῷ
2945 3886 3286 3962 προρῥηθέντι
3375 3881 3660 3958 δωδεκάτῳ
3723 3906 3880 3960 κεφα-

2261 3980 2411 4052 λαίῳ.

2337 4071 2404 4126 Οἱ
2463 4066 2521 4122 δε
2580 4067 2864 4141 βόσκοντες
2938 4095 3009 4109 -
3059 4069 3288 4138 γεγονός.
3343 4064 3561 4138 Ὀμοίως
3615 4069 3710 4119 καὶ
3762 4068 3886 4138 περὶ

2264 4163 2457 4212 τούτων
2468 4199 2479 4212 .

3433 4243 3491 4295 Ὀ
3541 4239 3600 4296 δε
3669 4249 3888 4306 Λουκᾶς

2269 4336 2395 4408 εἶπε,
2449 4343 2536 4390 καὶ
2591 4344 2698 4390 Ποῦ
2766 4332 2908 4410 εὖρον
2967 4334 3122 4386 αὐτόν
3179 4334 3488 4405 καθήμενον,
3587 4333 3671 4385 ὅτι
3737 4338 3891 4408 παρά

2340 4253 2440 4302 Kal
2511 4251 2754 4320 ἔρχονται
2844 4277 2912 4286 —
2996 4243 3347 4318 ἐφοϐήθησαν.

2267 4433 2383 4489 τοὺς
2412 4425 2581 4490 πόδας
2608 4434 2698 4479 τοῦ
2727 4426 2930 4484 Ἰησοῦ.

2341 4521 2670 4590 Διηγήσαντο
2724 4546 2787 4554 -
2843 4510 3277 4585 δαιμονιζομένῳ.
3330 4518 3443 4573 Πῶς
3493 4509 3696 4582 ἐγένετο
3739 4510 3890 4581 αὐτῷ

2268 4609 2297 4667 ἡ
2328 4605 2581 4680 μεταϐολὴ
2616 4609 2705 4657 καὶ
2728 4605 3058 4678 σωφροσύνη.

2343 4702 2442 4751 Καὶ
2473 4701 2590 4768 περὶ
2621 4703 2714 4753 τῆν
2745 4699 2962 4768 χοίρων.
2991 4699 3105 4754 Πῶς
3135 4687 3279 4743 οὗτοι
3310 4688 3596 4742 ἀπώλοντο.

2342 4790 2441 4840 Καὶ
2471 4784 2693 4859 ἤρξαντο
2738 4813 2799 4823 --
2845 4781 3034 4835 αὐτῶν.
3072 4786 3170 4833 Kal
3225 4784 3342 4853 περὶ
3374 4782 3567 4831 τούτων
3600 4779 3807 4850 ὁμοίως
3832 4781 3895 4848 τό

2268 4877 2540 4950 κεφάλαιον
2572 4873 2727 4926 ἐκεῖνο
2757 4868 3029 4927 διδάσκει.

2342 4970 2442 5019 Kal
2499 4962 2741 5036 ἐμϐάντος
2800 4992 2866 5000 —
2920 4959 3029 5031 μετ’
3083 4959 3259 5014 αὐτοῦ.
3335 4957 3480 5029 ’Λμα
3530 4959 3620 5028 μὲν
3701 4957 3900 5029 εὐγνω-

2271 5064 2456 5130 μονὼν,
2519 5053 2629 5125 οἶμα
2678 5047 2736 5103 δὲ
2792 5054 2878 5100 καὶ
2930 5047 3242 5120 φοϐούμενος
3298 5051 3419 5108 τοὺς
3483 5042 3768 5116 δαίμονας³
3820 5051 3896 5118 μὴ

2272 5149 2441 5218 χωρὶς
2496 5142 2657 5194 αὐτοῦ
2717 5146 2897 5193 τοῦτον
2955 5139 3204 5211 εὑρόντες,
3272 5135 3424 5188 πάλιν
3474 5130 3902 5192 ἐπιπηδήσωσιν

2273 5235 2434 5304 αὐτῷ·

2341 5323 2400 5376 Ὀ
2452 5317 2510 5374 δε
2587 5319 2794 5380 Ἰησοῦς
2874 5347 2940 5357 -
3019 5315 3290 5375 ἡλίησέσε.
3370 5312 3646 5366 Ἀπέλυσεν
3711 5312 3904 5377 αὑτὸν,

2273 5421 2425 5466 τοῦτο
2483 5413 2572 5483 μὲν
2623 5412 2708 5461 τὸν
2764 5413 2994 5460 νοιοῦτον
3059 5403 3212 5477 φόϐον
3269 5403 3495 5457 ἐκϐαλών
3548 5400 3638 5454 ἀπ’
3708 5402 3906 5469 αὐτοῦ,

1725 5619 1951 5688 Variae
1979 5621 2309 5691 lectiones
2350 5628 2418 5686 et
2441 5626 2645 5685 notas.

589 5729 701 5803 (45)
739 5729 997 5802 Tal-ruam
1030 5734 1404 5809 στρατιωτικοί.
1433 5740 1496 5792 Δ.
