4096 6388
227 348 326 406 801

1356 333 1704 398 COMMENT
1743 329 1813 389 IN
1852 323 2178 395 MARCUM.
2219 370 2287 382 -
2324 339 2483 397 CAP.
2526 333 2595 397 ν.

3502 338 3609 402 802

233 485 300 546 ὡς
373 486 564 556 μηκέτι
641 487 743 532 τῶν
814 474 1078 550 δαιμόνων
1143 477 1578 548 κατατολμωντων
1659 466 1838 523 αύτοῦ.

1963 477 2075 518 non
2105 464 2394 522 auderent
2411 467 2486 522 ad
2502 483 2638 522 eum
2653 465 2962 524 daemones
2980 468 3282 535 accedere,
3303 473 3432 526 etut
3452 469 3608 536 illos,

232 554 384 625 τοῦτο
440 568 518 639 δε,
571 573 660 621 καὶ
711 570 795 620 ἵνα
843 574 946 628 τοῖς
1000 565 1046 618 ἐν
1101 576 1171 638 τῷ
1219 570 1342 637 οἴκῳ
1388 569 1474 616 καὶ
1509 571 1569 635 τῇ
1626 554 1844 634 πατρίδι

235 661 396 713 ἁύτοῦ
455 656 784 717 διδάσκαλος
837 663 929 708 τοῦ
981 658 1244 728 θαύματος
1295 659 1524 727 γένηται.
1578 651 1687 703 Οὐκ
1737 646 1844 701 εἷπε

237 747 316 816 δὲ,
374 751 454 801 ὅτι
501 755 646 800 Ὅσα
678 765 763 798 σοι
793 747 1072 809 πεποίηκα,
1124 744 1229 796 ἀλλ’
1263 747 1342 796 ὅτι
1371 742 1512 795 Ὀσα
1556 759 1640 793 σοι
1679 741 1704 790 6
1741 745 1840 791 Κυ-

235 857 348 911 ριος
419 843 696 900 πεποίηκε,
761 844 833 906 τῷ
905 839 1074 910 Πατρὶ
1129 837 1187 886 τὸ
1262 836 1436 906 θαῦμα
1505 831 1844 904 ἐπιγραφόμε-

235 948 340 992 νος,
389 931 482 980 καὶ
540 922 804 979 παιδεύων
857 926 1010 997 ἡμᾶς,
1079 932 1150 995 τῷ
1191 927 1304 994 atq.
1361 923 1425 975 τὰ
1463 922 1847 995 κατορθώματα

239 1016 642 1090 ἐπιγράφεσθαι.

314 1110 415 1159 Καὶ
472 1103 670 1164 ἀπῆλθε
708 1135 776 1144 -——
841 1102 1152 1176 ἐθαύμαζον.
1210 1101 1269 1155 Ὀ
1326 1104 1414 1172 μὲν
1472 1102 1704 1174 Χριστὸς
1761 1101 1846 1170 μί-

237 1203 576 1270 τριοφρονῶν,
629 1201 702 1265 τῷ
777 1198 946 1266 Πατρὶ
1003 1195 1063 1245 τὸ
1130 1194 1278 1267 ἔργον
1349 1190 1611 1248 ἀνέθηκενο
1680 1191 1706 1241 6
1784 1185 1842 1240 δε

240 1284 569 1356 θεραπευθεὶς
655 1282 1008 1354 εύγνωμονῶν,
1088 1289 1160 1352 τῷ
1246 1287 1460 1355 Χριστῷ
1539 1286 1692 1332 τοῦτο
1759 1277 1844 1330 ἁν-

239 1373 415 1425 ετίθει.

312 1501 456 1548 ΚΕΦ·
488 1493 586 1547 ῙΒ’.
623 1499 746 1568 Περὶ
775 1501 865 1554 τῆς
894 1495 1150 1567 θυγατρὸς
1180 1501 1268 1546 τοῦ
1302 1491 1768 1568 ἀρχισυναγώγου.

311 1589 413 1637 Καὶ
465 1580 886 1658 διαπεράσαντος
941 1590 1034 1636 τοῦ
1093 1584 1269 1641 Ἰησοῦ
1303 1614 1370 1623 -
1425 1582 1668 1655 ἐσχάτώς
1707 1585 1839 1655 ἔχει.
1871 1604 1910 1658 Β

242 1677 366 1748 Περὶ
437 1676 624 1726 τούτου
711 1670 1012 1745 διελάϐομεν
1087 1672 1135 1724 ἐν
1221 1680 1294 1743 τῷ
1396 1671 1841 1744 πεντεκαιδεκάτῳ

238 1763 497 1836 κεφαλαίῳ
528 1770 620 1815 τοῦ
657 1765 795 1815 κατὰ
842 1765 1135 1820 Ματθαίον.
1169 1766 1239 1816 T6
1294 1759 1352 1815 δε
1384 1762 1661 1836 Ἐσχάτῶς
1704 1765 1837 1835 ἔχει,

239 1851 353 1905 ἀντὶ
379 1861 493 1920 τοῦ,
523 1852 802 1906 Τελευταῖα
829 1856 984 1908 πνέει.

308 1941 424 1996 Ἵνα
475 1940 630 1995 ἐλθὼν
680 1973 750 1982 —
807 1942 1050 2003 ζήσεται.
1122 1941 1251 1995 Καθ’
1289 1940 1575 2016 ὑπερϐατόν
1619 1941 1759 1995 ἐστιν
1808 1945 1837 2002 ἡ

240 2038 339 2084 τῶν
390 2031 564 2106 ῥητῶν
596 2030 859 2097 σύνταξις,
905 2033 986 2083 ὅτι
1016 2030 1294 2106 παρεκάλει
1325 2031 1480 2084 αὐτὸν
1525 2031 1706 2098 πολλὰ,
1760 2032 1842 2083 ἵνα

238 2118 396 2172 ἐλθὼν
424 2118 574 2191 ἐπιθῇ
617 2120 758 2192 αύτῷ
786 2123 880 2182 τὰς
921 2127 1124 2195 χεῖρας,
1157 2124 1246 2172 καὶ
1278 2123 1343 2173 τὰ
1381 2119 1512 2183 ἐξῆς.
1546 2118 1673 2175 Εἶτα
1702 2124 1760 2174 τὸ
1792 2119 1840 2173 ἐν

236 2213 402 2283 μέσῳ.

313 2304 413 2353 Καὶ
445 2297 643 2357 ἀπῆλθε
671 2329 743 2341 —
792 2299 967 2354 αὐτὸν.
1009 2303 1331 2373 Συνέπνιγον,
1375 2301 1510 2353 εἶπεν
1550 2301 1576 2352 6
1609 2307 1835 2366 Λουκᾶς,

239 2392 405 2442 εἰτουν
437 2390 702 2442 συνώθουν
715 2432 728 2445 .

543 2538 687 2587 lii-11'.
718 2530 812 2586 II'.
843 2535 964 2606 Περὶ
995 2540 1089 2595 τῆς
1115 2531 1519 2608 αἱμορῥοούσης.

311 2626 412 2676 Καὶ
450 2628 582 2695 γυνὴ
614 2655 683 2663 -
714 2623 893 2676 αὑτοῦ.
925 2626 994 2676 Τὸ
1019 2623 1292 2695 κεφάλαιον
1321 2632 1470 2677 τοῦτο
1494 2630 1838 2700 φανερώτερον

237 2711 473 2776 ἐξέθηκεν
493 2715 518 2765 ὀ
545 2719 774 2778 Λουκᾶς,
799 2717 888 2764 καὶ
911 2713 1139 2774 ζήτησον
1161 2713 1282 2788 παρ’
1306 2714 1445 2784 αύτῷ
1467 2719 1560 2773 τήν
1587 2714 1838 2788 ἐξήγησιν
1870 2747 1911 2802 C

237 2809 326 2855 τοῦ
354 2803 594 2856 εἰκοστοῦ
629 2804 779 2855 ἕκτου
810 2801 1110 2874 κεφαλαίου.

307 2997 486 3069 Ἔλεγε
536 3029 605 3037 -
660 2999 993 3071 σωθήσομαι.
1045 3001 1263 3070 Εἴρηται
1310 3004 1427 3073 περὶ
1464 3003 1648 3054 τούτου
1691 3000 1738 3054 ἐν
1767 3011 1841 3076 τῷ

237 3084 587 3159 ἐξκαιδεκάτῳ
617 3087 874 3161 κεφαλαίῳ
899 3095 990 3140 τοῦ
1019 3091 1154 3142 κατὰ
1180 3090 1465 3146 Ματθαῖον.

307 3307 408 3355 Καὶ
449 3302 636 3365 εύθίως
687 3335 755 3344 -
798 3305 1077 3376 μάστιγος.
1115 3303 1285 3378 Ἐγνώ
1331 3301 1424 3358 διὰ
1453 3313 1543 3359 τοῦ
1575 3311 1836 3380 σώματος,

230 3397 420 3464 μηκέτι
457 3392 759 3466 ῥαινομένου
790 3401 895 3454 τοῖς
928 3393 1268 3465 σταλαγμοῖς,
1316 3396 1396 3448 ὄτι
1447 3399 1834 3472 τεθεράπευται.

230 3479 486 3553 Μάστιγα
504 3479 583 3546 δε,
616 3487 710 3541 τήν
731 3488 881 3536 νόσον
907 3483 1160 3551 ἐκάλεσεν,
1186 3488 1250 3547 ὡς
1269 3486 1634 3559 μαστίζουσαν
1651 3487 1834 3558 αὐτὴν,

229 3573 413 3642 καὶτῷ
443 3575 582 3644 πόνῳ
612 3577 701 3625 καὶ
728 3580 789 3646 τῇ
816 3573 1075 3646 αἰσχύνῃ.

304 3771 405 3820 Καὶ
445 3767 626 3829 εύθίως
682 3799 751 3809 —
795 3773 890 3828 τὴν
925 3776 1075 3823 τοῦτο
1106 3774 1436 3829 ποιήσασαν.
1478 3777 1718 3832 Ζήτησον
1747 3778 1835 3827 καὶ

231 3862 344 3930 περὶ
362 3860 558 3909 τούτων
582 3857 630 3909 ἐν
651 3866 711 3931 τῇ
739 3857 985 3930 ἐξηγήσει
1005 3867 1095 3912 τοῦ
1124 3860 1356 3914 εἰκοστοῦ
1378 3862 1526 3914 ἕκτου
1557 3863 1835 3935 κεφαλαίου

229 3954 319 3998 τοῦ
350 3952 486 3998 κατὰ
518 3953 724 4000 Λουκᾶν
746 3948 1080 4020 Εύαγγελίου.
1109 3953 1178 4002 T6
1208 3946 1287 4018 δὲ,
1322 3949 1563 4023 ἐπιγνοὺς
1592 3951 1640 4004 ἐν
1671 3953 1836 4026 ἐαυτῷ

1953 553 2057 624 qui
2086 556 2325 610 erantin
2342 555 2526 611 domo
2545 561 2598 611 et
2617 555 2803 628 patria
2823 573 2950 623 sua,
2971 557 3209 614 doceret
3234 559 3610 614 miraculum.

1952 643 2078 696 Non
2098 642 2247 698 dixit
2275 650 2472 700 autem
2505 662 2517 700 :
2544 647 2772 710 Quanta
2794 646 2897 702 tibi
2913 647 3172 717 fecerim,
3203 649 3308 702 sed
3343 667 3356 703 :
3383 648 3614 712 Quanta

1957 731 2064 786 tibi
2093 733 2376 789 Dominus
2393 736 2626 804 fecerit,
2652 735 2804 790 Patri
2831 736 3182 792 miraculum
3214 738 3517 792 ascribens
3544 753 3614 793 ac

1956 820 2180 878 docens
2224 839 2358 890 nos,
2404 830 2467 880 ut
2493 825 2732 896 egregia
2761 826 3042 882 virtutum
3071 842 3252 900 opera
3287 828 3407 883 Deo
3452 827 3614 883 attri-

1955 910 2233 967 buamus.

2026 1160 2186 1216 Vers.
2225 1164 2312 1217 20.
2359 1161 2433 1218 Et
2459 1160 2610 1219 abiit
2637 1193 2706 1203 —
2734 1163 3125 1222 mirabantur.
3174 1163 3443 1223 Christus
3480 1183 3612 1224 mo-

1953 1248 2156 1305 destia:
2201 1265 2385 1308 causa
2434 1251 2590 1308 Patri
2638 1251 2997 1310 miraculum
3040 1255 3453 1312 attribuebat:
3503 1257 3611 1330 qui

1955 1342 2153 1394 autem
2193 1344 2436 1396 curatus
2472 1338 2684 1408 fuerat,
2737 1357 2875 1397 cum
2921 1348 3125 1412 gratus
3164 1348 3335 1412 esset,
3381 1343 3611 1403 Christo

1954 1426 2314 1485 ascribebat.

2239 1553 2388 1610 CAP.
2433 1554 2538 1610 ΧΗ.
2571 1555 2654 1610 De
2681 1555 2814 1625 ﬁlia
2851 1556 3325 1630 archisynagogi.

2023 1658 2191 1716 Vers.
2223 1663 2312 1716 2i.
2349 1661 2614 1733 Cumque
2634 1663 2798 1719 Jesus
2821 1664 2965 1720 navi
2990 1665 3314 1736 trajecisset
3344 1697 3413 1706 —
3443 1665 3610 1724 Vers.

1951 1751 2039 1804 23.
2085 1751 2149 1804 in
2178 1753 2459 1807 extremis
2489 1758 2591 1807 est.
2640 1753 2720 1807 De
2749 1752 2864 1808 hoc
2894 1753 3336 1823 disputavimus
3381 1755 3612 1813 decimo

1951 1838 2158 1910 quinto
2197 1841 2388 1912 capite
2429 1841 2732 1910 Evangelii
2764 1841 3099 1898 secundum
3138 1843 3494 1900 Mattheeum.
3537 1845 3612 1901 In

1951 1929 2234 1985 extremis
2265 1934 2368 1994 est,
2385 1929 2498 1985 hoc
2515 1935 2604 1985 est
2624 1930 2958 1987 novissimu
2971 1949 3024 1986 m
3045 1931 3284 1988 exhalat
3313 1934 3608 2006 spiritum.

2023 2017 2183 2075 Vers.
2216 2022 2304 2076 23.
2346 2020 2417 2076 Ut
2452 2021 2679 2077 veniens
2722 2051 2786 2064 —
2821 2022 3060 2079 viveret.
3099 2023 3203 2079 Per
3228 2023 3610 2097 hyperbaton

1950 2112 2042 2164 est
2074 2110 2224 2165 ordo
2261 2110 2580 2166 verborum
2614 2129 2627 2168 :
2660 2110 2821 2183 quod
2865 2111 3135 2168 videlicet
3177 2113 3611 2185 deprecabatur

1949 2212 2090 2255 eum
2137 2199 2414 2265 multum,
2456 2205 2516 2255 ut
2553 2202 2817 2267 veniens,
2859 2201 3196 2274 imponeret
3233 2203 3314 2258 illi
3371 2218 3608 2276 manus,

1949 2292 2084 2353 etc.,
2117 2288 2335 2344 deinde
2363 2289 2641 2360 addatur,
2674 2290 2837 2362 quod
2866 2290 2926 2346 in
2957 2291 3160 2348 medio
3189 2297 3299 2348 est.

2021 2377 2192 2434 Vers.
2222 2381 2309 2434 24.
2339 2378 2416 2434 Et
2445 2379 2614 2434 abiit.
2643 2409 2713 2421 —
2733 2395 2886 2437 eum.
2919 2380 3314 2438 Coarctabant
3341 2398 3496 2450 eum,
3531 2383 3611 2440 ait

1949 2467 2135 2522 Lucas
2164 2465 2234 2536 ⁸ο,
2277 2467 2402 2524 sive
2433 2467 2842 2540 impellebant.

1949 2589 2105 2646 CAP.
2138 2590 2300 2645 XIII.
2337 2591 2410 2647 De
2435 2591 2682 2648 muliere
2696 2590 2930 2663 sanguis
2959 2593 3249 2664 proﬂuvio
3278 2592 3610 2654 laborante.

2020 2697 2181 2754 Vers.
2239 2702 2328 2754 25.
2386 2699 2454 2754 Et
2518 2700 2756 2756 mulier.
2823 2729 2893 2740 —-
2963 2702 3121 2756 Vers.
3185 2705 3275 2757 27.
3335 2703 3478 2773 ejus.
3540 2733 3614 2746 ~—

1950 2788 2142 2859 Caput
2204 2787 2321 2843 hoc
2351 2788 2727 2844 manifestius
2768 2789 3080 2860 proposuit
3109 2790 3297 2847 Lucas
3328 2808 3343 2846 :
3409 2807 3612 2865 quaere

1950 2892 2088 2947 ergo
2153 2876 2310 2947 apud
2375 2892 2515 2934 eum
2581 2878 3019 2936 enarrationem
3087 2879 3376 2937 vicesimo
3443 2888 3611 2940 sexto

1950 2966 2162 3037 capite.

2021 3057 2190 3112 Vers.
2223 3057 2312 3110 28.
2347 3055 2590 3112 Dicebat
2615 3086 2684 3098 -—
2709 3056 2866 3111 salva
2885 3072 3003 3113 ero.
3022 3057 3255 3113 Dictum
3280 3063 3367 3114 est
3391 3059 3465 3114 de
3495 3061 3609 3117 hoc

1948 3145 2186 3202 decimo
2235 3151 2400 3202 sexto
2466 3145 2662 3217 capite
2723 3145 3031 3216 Evangelii
3083 3147 3419 3205 secundum
3472 3151 3613 3206 Mat-

1948 3235 2189 3292 meum.

2021 3325 2192 3381 Vers.
2245 3324 2332 3380 29.
2384 3325 2459 3381 Et
2499 3324 2773 3382 continuo
2809 3353 2882 3366 -
2915 3326 3170 3396 ﬂagello.
3213 3327 3500 3397 Cognovit
3547 3329 3609 3384 in

1946 3429 2216 3487 corpore,
2240 3415 2428 3487 quod,
2451 3431 2524 3470 ex
2543 3430 2666 3487 quo
2687 3415 2818 3485 jam
2845 3429 2968 3471 non
2993 3415 3245 3472 ﬂuerent
3274 3421 3453 3487 guttae
3475 3433 3610 3474 san-

1946 3505 2164 3577 guinis,
2214 3511 2425 3562 sanata
2453 3512 2626 3561 esset.
2655 3503 2982 3576 Flagellum
3013 3521 3157 3562 vero
3199 3506 3604 3564 inﬁrmitatem

1946 3594 2303 3659 nominavit,
2332 3600 2396 3651 ut
2423 3610 2560 3667 quas
2586 3595 2784 3667 ipsam
2807 3600 2934 3652 tum
2964 3594 3190 3663 labore,
3219 3601 3346 3652 tum
3376 3597 3609 3669 pudore

1945 3682 2372 3754 ﬂagellaverat.

2017 3774 2181 3830 Vers.
2211 3774 2302 3829 30.
2322 3773 2651 3847 Statimque
2673 3804 2738 3815 —
2760 3775 2924 3834 Vers.
2947 3775 3035 3830 32.
3067 3790 3198 3847 quae
3225 3776 3335 3832 hoc
3357 3777 3607 3847 fecerat.

1948 3865 2154 3930 Quaere
2175 3863 2356 3919 etiam
2378 3863 2558 3919 dehis
2583 3864 2644 3919 in
2659 3864 3031 3935 expositione
3052 3865 3319 3921 vicesimi
3342 3866 3493 3922 sexti
3514 3883 3611 3924 ca-

1948 3952 2086 4026 pitis
2117 3952 2417 4022 Evangelii
2456 3952 2789 4008 secundum
2826 3954 3069 4009 Lucam.

227 4044 321 4094 τῆν
376 4035 428 4099 ἐξ
495 4037 656 4090 αὑτοῦ
711 4035 933 4110 δύναμιν
991 4038 1314 4108 ἐξελθοῦσαν,
1350 4042 1470 4093 καθ’
1515 4042 1800 4117 ὑπερϐατὸν
1839 4043 2216 4119 ἀναγνωστέον,
2245 4044 2325 4094 ὅτι
2365 4040 2601 4113 ἐπιγνούς
2631 4041 2678 4094 ἐν
2705 4045 2865 4114 ἐουτῷ
2894 4049 2988 4101 τήν
3019 4042 3325 4107 ἐξελθοῦσαν
3352 4043 3404 4108 ἐξ
3449 4046 3610 4100 αὐτοῦ

227 4121 454 4198 δύναμιν
462 4169 474 4180 .

296 4214 353 4268 Ἠ
426 4211 488 4268 δε
567 4221 698 4288 γυνὴ
783 4247 853 4258 —-
921 4217 1148 4291 εἰρήνην.
1242 4223 1340 4271 Καὶ
1422 4227 1592 4273 ταῦτα
1663 4224 1831 4276 πάντα

223 4299 692 4378 διηρμηνεύθησαν
744 4305 794 4359 ἐν
841 4314 914 4378 τῷ
963 4307 1172 4382 ῥηθέντι
1220 4307 1438 4380 εἰκοστῷ
1484 4312 1615 4382 ἕκτῷ
1672 4330 1830 4385 κεφα-

220 4393 374 4466 λείῳ.

298 4490 398 4538 Καὶ
453 4485 566 4538 ισθι
621 4515 682 4525 -
735 4486 992 4558 μάστιγός
1042 4506 1157 4539 σου.
1208 4494 1372 4540 Τοῦτο
1434 4487 1549 4542 οὒτε
1604 4492 1630 4541 6
1683 4496 1829 4544 Ματ-

221 4575 388 4636 θαίος,
433 4573 551 4626 οὗτε
593 4575 620 4625 ὁ
677 4580 884 4637 Λουκᾶς
931 4578 1352 4649 προστεθείκασι,
1401 4582 1492 4629 καὶ
1527 4581 1703 4630 καινὸν
1733 4578 1828 4632 66-

218 4659 331 4715 δέν.
378 4666 596 4736 Εἴρηται
640 4665 765 4737 γὰρ,
798 4665 880 4716 ὅτε
919 4667 986 4716 τὰ
1029 4669 1101 4736 μή
1135 4664 1416 4738 ἀναγκαῖα,
1449 4668 1578 4728 τινες
1607 4670 1696 4740 μὶν
1725 4676 1826 4722 τῶν

215 4751 598 4823 εὐαγγελιστῶν
628 4753 1032 4827 παρελίμπανον,
1068 4759 1349 4827 συντομίας
1379 4757 1560 4830 χάριν-
1603 4760 1736 4820 τινες
1767 4753 1828 4811 δε

214 4846 310 4893 καὶ
367 4850 535 4894 ταῦτα
592 4848 926 4917 συνέγραφον,
996 4841 1262 4917 ἀκριϐείας
1309 4846 1489 4901 ἕνεκεν.
1545 4845 1691 4908 Εἰκὸς
1740 4844 1820 4914 δε,

216 4931 407 4993 αύτούς
448 4935 540 4984 καὶ
588 4941 688 4984 τῶν
734 4937 824 5006 μεν
873 4935 1151 5006 θαυμάτων
1203 4937 1563 5008 μνημονεύειν·
1623 4943 1721 4988 τῶν
1766 4933 1825 4989 δε

1860 4440 1902 4495 1)

209 5021 466 5098 ῥημάτων
492 5026 564 5095 μὴ
598 5025 819 5076 πάντων.

288 5198 405 5253 Ἐτι
458 5231 526 5241 -
576 5196 940 5267 διδάσκαλον;
973 5232 1042 5241 --
1096 5199 1385 5278 Ἐρχονται
1443 5201 1544 5255 ἀπὸ
1596 5210 1686 5256 τοῦ
1737 5201 1825 5278 ἂρ-

207 5296 618 5363 χισυναγώγου,
712 5294 1006 5347 τουτέστιν.
1097 5289 1197 5344 ἀπὸ
1278 5299 1374 5353 τῆς
1472 5292 1642 5355 οἰκίας
1732 5300 1824 5345 τοῦ

207 5379 684 5455 ἀρχισυναγώγου.
744 5379 977 5441 Σκύλλεις
1036 5374 1115 5444 δὲ,
1182 5378 1292 5434 ἀντὶ
1352 5389 1462 5447 τοῦ,
1535 5387 1820 5455 Περισπᾷς,

207 5469 463 5541 ἐνοχλεῖς.
525 5471 590 5521 0i
651 5472 751 5542 γὰρ
808 5474 927 5542 περὶ
990 5473 1074 5522 τὸν
1143 5468 1580 5543 ἀρχισυνάγωγον
1673 5470 1824 5531 item

204 5564 389 5612 πίστιν
433 5558 506 5621 εἰς
554 5562 784 5633 Χριστὸν
827 5561 1052 5630 ἔχοντες,
1103 5559 1480 5633 ὑπελάμϐανον,
1532 5561 1612 5612 ὅτι
1657 5565 1823 5619 νοσή-

204 5667 355 5725 ματα
555 5649 727 5702 πάντα
763 5645 988 5702 δύναται
1045 5651 1362 5726 θεραπεύειν,
1403 5647 1703 5709 ἀναστῆσαι
1762 5646 1823 5703 δε

281 5749 331 5786 ⁸ο
365 5747 506 5805 Luc.
539 5751 654 5822 vni,
682 5751 772 5805 42.
885 5749 929 5785 ¹¹
962 5748 1160 5808 Matth.
1188 5764 1268 5817 ix,
1305 5751 1395 5806 22.

2012 4225 2170 4280 Vers.
2225 4225 2315 4277 33.
2365 4221 2585 4278 Mulier
2623 4227 2822 4278 autem
2862 4251 2931 4263 -
2970 4221 3134 4279 Vers.
3178 4226 3266 4280 34.
3318 4220 3391 4278 In
3437 4239 3605 4295 pace.

1937 4313 2073 4369 Hinc
2101 4325 2345 4385 quoque
2374 4311 2583 4366 omnia
2611 4310 2918 4368 declarata
2939 4317 3079 4369 sunt
3109 4312 3170 4368 in
3202 4312 3492 4385 praedicto
3523 4314 3608 4370 vi-

1937 4403 2161 4459 cesimo
2203 4405 2372 4457 sexto
2411 4399 2628 4472 capite.

2008 4491 2174 4548 Vers.
2229 4493 2316 4546 34.
2376 4491 2438 4545 Et
2479 4495 2596 4545 esto
2633 4517 2706 4530 —
2751 4488 2994 4560 ﬂagello
3037 4496 3158 4546 tuo.
3215 4492 3416 4564 Neque
3469 4491 3608 4549 llat-

1935 4580 2128 4638 thaaus
2139 4581 2412 4651 ",neque
2423 4578 2616 4636 Lucas
2634 4579 2681 4614 ⁸²
2694 4578 2810 4635 hoc
2821 4578 3212 4636 addiderunt:
3230 4594 3341 4636 nec
3355 4579 3573 4637 mirum
3592 4623 3606 4638 .

1937 4669 2246 4742 Siquidem
2266 4668 2495 4724 dictum
2515 4671 2626 4734 est,
2654 4667 2821 4740 quod
2843 4683 2929 4735 ea,
2961 4685 3093 4742 quas
3110 4670 3443 4727 necessaria
3474 4686 3602 4727 non

1933 4767 2121 4826 erant,
2161 4758 2413 4833 quidam
2443 4757 2832 4829 Evangelistaa
2871 4760 3423 4831 praetermittebant,
3467 4761 3595 4818 bre-

1933 4848 2132 4904 vitatis
2170 4849 2365 4918 gratia
2405 4863 2417 4902 :
2461 4847 2717 4920 quidam
2757 4863 2898 4904 vero
2937 4849 3118 4905 etiam
3158 4849 3286 4905 haec
3328 4849 3600 4906 ascribe-

1932 4935 2100 5003 bant,
2133 4935 2454 5006 diligentias
2485 4951 2693 4992 causa.
2726 4935 3050 4992 Verisimile
3077 4953 3323 5010 quoque
3355 4944 3464 5007 est,
3497 4954 3602 4994 eos

1934 5026 2365 5082 miraculorum
2395 5026 2641 5098 quidem
2677 5027 3042 5098 meminisse,
3087 5043 3209 5083 non
3239 5031 3439 5083 autem
3472 5043 3601 5084 om-

1933 5115 2103 5171 nium
2146 5116 2485 5171 verborum.

2005 5204 2483 5261 Vers.35.Adhuc
2501 5236 2568 5244 —
2582 5204 2936 5274 magistrum
2955 5207 2982 5258 Ρ
3007 5204 3260 5259 Veniunt
3274 5219 3309 5259 a
3321 5205 3600 5274 principe

1933 5295 2282 5365 Synagogte,
2314 5295 2425 5350 hoc
2456 5300 2561 5362 est,
2597 5301 2638 5349 A
2679 5294 2862 5349 domo
2893 5293 3102 5366 ipsius.
3149 5295 3336 5350 Vexas
3367 5300 3594 5362 autem,

1932 5381 2048 5439 hoc
2087 5390 2195 5450 est,
2228 5383 2515 5449 Molestus,
2551 5385 2775 5439 turbas.
2823 5383 3142 5440 Domestici
3176 5384 3334 5439 enim
3381 5385 3600 5457 princi-

1932 5472 2026 5542 pis
2042 5472 2408 5546 Synagogua,
2425 5489 2562 5529 cum
2590 5472 3004 5544 imperfectam
3028 5473 3086 5528 in
3103 5473 3399 5530 Christum
3410 5473 3597 5531 ﬁdem

1931 5560 2240 5628 haberent,
2274 5561 2758 5636 suspicabantur,
2790 5562 2957 5635 quod
2973 5578 3218 5619 omnem
3246 5569 3399 5621 certe
3429 5563 3599 5635 aegri-

1933 5649 2207 5710 tudinem
2237 5667 2450 5712 sanare
2480 5655 2702 5728 posset,
2733 5657 3039 5710 mortuum
3065 5656 3272 5711 autem
3303 5653 3596 5716 suscitare

1511 5751 1558 5786 ⁵³
1585 5749 1726 5807 Luc.
1754 5764 1881 5822 vin,
1910 5751 2000 5808 48.
