4096 6392
493 308 599 367 803

1853 302 2217 375 EUTHYMII
2238 304 2591 383 'ZIGABENI

3763 332 3869 393 804

494 452 616 501 non
630 438 1149 508 posset.Nondum
1176 440 1335 498 enim
1366 442 1589 500 factum
1615 444 2144 516 abeobujusmodi

2263 451 2436 520 νεκρὸν
2466 450 2524 502 οὐ
2558 447 2798 505 δύναται.
2835 452 2995 506 Οὓπω
3019 455 3121 526 γὰρ
3154 452 3292 508 εἶδον
3330 461 3563 510 τοιοῦτον
3594 457 3679 511 ὑπ’
3706 459 3868 515 αὐτοῦ

496 525 852 582 miraculum
885 528 1174 583 viderant.
1208 530 1469 603 Ideoque
1495 533 1776 590 dicebant
1811 553 1823 587 :
1856 535 2019 591 [vilia
2051 540 2153 590 tua

495 624 733 671 mortua
762 622 863 682 est,
887 618 1028 689 quid
1042 618 1237 675 adhuc
1257 636 1434 678 vexas
1451 623 1819 694 Magistrum,
1846 640 1986 681 cum
2016 639 2153 683 eam

494 719 617 760 non
648 708 838 776 possit
867 707 1150 763 suscitare
1174 710 1201 765 ?

567 795 731 850 Vers.
772 800 859 852 36.
900 796 1068 852 Jesus
1101 804 1298 856 autem
1347 831 1415 840 —
1454 802 1634 859 crede.
1677 804 1946 873 Cognito,
1987 803 2155 877 quod

495 883 1010 956 archisynagogus
1043 886 1196 943 circa
1226 888 1406 945 tidem
1448 890 1766 958 dubitaret,
1803 898 2005 965 utpote
2036 908 2156 948 ser-

493 973 775 1028 monibus
815 974 1049 1030 illorum
1091 976 1392 1045 seductus,
1424 980 1716 1037 confortat
1754 998 1911 1050 eum,
1958 998 2028 1039 ac
2066 997 2153 1038 re-

494 1060 650 1116 fovet
679 1062 818 1117 tidei
853 1062 1009 1117 illius
1041 1064 1526 1124 imbecillitatem.

564 1168 723 1223 Vers.
757 1168 845 1225 37.
874 1172 940 1225 Et
972 1187 1088 1226 non
1118 1205 1187 1212 —
1215 1173 1434 1231 Jacobi.
1480 1176 1646 1232 Solos
1677 1177 1789 1234 hos
1815 1178 1967 1234 inter
1997 1178 2150 1235 alios

492 1256 814 1329 discipulos
827 1263 1245 1333 coassumpsit,
1262 1264 1429 1335 quasi
1445 1266 1668 1321 caeteris
1685 1265 2147 1337 praestantiores.

492 1346 643 1402 Nam
674 1350 729 1403 et
758 1349 820 1403 in
848 1364 959 1405 sua
988 1349 1502 1421 transﬁguratione
1531 1354 1691 1411 solos
1718 1355 1829 1410 hos
1862 1360 2150 1428 spectato-

489 1450 585 1491 res
615 1452 824 1493 secum
856 1440 1205 1510 assumpsit.
1794 1454 1805 1467 '

566 1526 776 1591 Quaere
805 1526 993 1583 etiam
1023 1528 1320 1587 tricesimo
1357 1536 1573 1603 quarto
1603 1533 1796 1605 capite
1845 1532 2146 1604 Evangelii

487 1613 662 1686 juxta
690 1615 1026 1673 Matthmum
1050 1632 1293 1691 causas,
1308 1618 1386 1675 ob
1398 1636 1551 1692 quas
1567 1620 1709 1677 istos
1736 1628 2145 1694 praeponeret:

492 1704 550 1756 et
587 1706 801 1772 praeter
840 1700 970 1757 illas
1001 1706 1179 1759 etiam
1206 1705 1567 1777 praeferebat
1594 1722 1717 1773 eos,
1752 1713 1817 1764 ut
1856 1714 1913 1765 et
1954 1710 2148 1765 caeteri

490 1789 637 1847 tales
666 1789 818 1846 efﬁci
850 1799 1227 1850 conarentur.

498 1957 510 1971 .
564 1898 725 1953 Vers.
755 1901 842 1953 38.
870 1899 948 1954 Et
976 1902 1135 1956 venit
1168 1933 1234 1942 —
1261 1904 1629 1976 multumque
1659 1907 1970 1975 ejulantes.
1995 1907 2149 1963 Tibi-

489 1986 651 2043 cines
682 1986 1026 2044 luctuosum
1059 1995 1300 2047 cantum
1321 1992 1648 2064 pulsabant
1669 1994 1901 2067 (quihis
1925 1995 2149 2054 .dicitur

488 2074 764 2146 ejulatus,
805 2092 1161 2149 quanquam
1204 2082 1441 2152 prOprie
1469 2080 1763 2147 ἀλαλάζειν,
1807 2089 1897 2140 est
1938 2100 2146 2157 perpe-

490 2169 592 2220 tuo
650 2164 851 2221 sonitu
908 2171 1167 2237 strepere
1221 2184 1291 2225 ac
1331 2170 1545 2227 tinnire

488 2253 750 2309 diximus
781 2253 1017 2327 decimo
1046 2260 1213 2313 sexto
1239 2258 1411 2328 juxta
1442 2260 1783 2316 Mattheeum
1815 2262 2029 2335 capite.

559 2344 718 2398 Vers.
745 2343 831 2398 39.
865 2344 939 2399 Et
954 2346 1579 2415 ingressus—dormit.
1610 2349 1874 2407 Primum
1900 2352 2145 2424 quidem

486 2431 603 2488 hoc
649 2431 816 2500 dixit,
881 2433 1176 2491 tristitiam
1218 2451 1439 2493 eorum
1480 2438 1875 2496 consolando.
1924 2440 2148 2498 Deinde

489 2522 692 2592 etiam,
733 2524 897 2594 quod
932 2523 1044 2578 illis
1074 2524 1321 2596 quidem
1364 2533 1597 2584 mortua
1628 2534 1771 2594 erat,
1800 2529 1912 2585 sibi
1948 2536 2148 2588 autem

488 2610 827 2667 dormiebat
865 2627 877 2667 :
926 2611 1007 2667 illi
1036 2628 1299 2687 namque
1330 2618 1612 2673 suscitare
1642 2634 1775 2673 eam
1808 2618 1940 2674 non
1986 2627 2149 2692 pote-

486 2705 641 2766 rant,
683 2700 994 2771 ipse-vero
1024 2703 1299 2773 perfacile
1330 2721 1342 2759 :
1378 2706 1644 2762 tribuens
1683 2712 1971 2780 praeterea
2010 2725 2149 2768 con-

487 2788 813 2855 ﬁdentiam,
855 2792 1021 2863 quod
1048 2798 1298 2849 mortem
1341 2795 1511 2866 quasi
1541 2812 1821 2853 somnum
1859 2798 2144 2871 abigeret,

486 2883 691 2952 utpote
718 2880 929 2935 mortis
957 2895 1027 2937 ac
1065 2881 1199 2938 vitae
1223 2884 1528 2942 Dominus.

563 3110 722 3165 Vers.
760 3115 847 3166 40.
889 3112 962 3166 Et
990 3113 1320 3171 irridebant
1358 3132 1510 3173 eum.
1542 3120 1721 3183 Quasi
1763 3122 2021 3181 dormire
2061 3124 2146 3179 di-

487 3206 717 3256 centem
748 3201 906 3257 illam
935 3218 1069 3272 quae
1095 3211 1329 3260 mortua
1346 3212 1491 3273 erat,
1522 3208 1772 3265 scientes
1798 3212 1957 3283 quod
1987 3230 2143 3270 mor-

485 3293 589 3347 tua
622 3294 732 3356 est,
770 3290 919 3346 sicut
948 3290 1086 3347 dicit
1127 3294 1313 3350 Lucas
1358 3296 1427 3351 ⁸³.
1462 3295 1657 3354 Voluit
1682 3304 1885 3357 autem
1913 3308 1979 3359 .et
2018 3303 2144 3375 ipse

484 3380 739 3448 irrideri,
782 3384 844 3434 ut
881 3385 938 3435 et
976 3379 1248 3437 tibicines
1287 3388 1345 3439 et
1382 3385 1485 3457 qui
1524 3385 1864 3458 irrisissent,
1907 3391 2145 3465 aliaque

485 3468 725 3538 similia,
751 3467 1182 3525 demonstratio
1206 3469 1415 3527 ﬁerent
1436 3475 1774 3544 manifesta,
1797 3480 1959 3552 quod
1990 3497 2149 3538 mor-

484 3561 588 3613 tua
642 3557 846 3612 fuisset
894 3557 1114 3628 puella,
1164 3574 1271 3614 nec
1324 3568 1529 3632 posset
1574 3564 1769 3622 dicere
1821 3568 2145 3641 quisquam

484 3644 898 3717 postmodum,
920 3645 1087 3717 quod
1112 3653 1347 3704 mortua
1373 3666 1493 3705 non
1516 3650 1709 3709 fuerit.
1732 3657 1876 3715 Nam
1907 3664 2147 3730 propter

483 3732 601 3811 hoc
621 3748 865 3805 quoque
886 3733 1244 3790 immoratus
1261 3742 1347 3793 est
1362 3738 1517 3795 circa
1537 3740 1898 3800 miraculum
1920 3744 2143 3809 factum

482 3822 546 3879 in
584 3822 852 3889 muliere,
885 3838 1023 3894 quae
1056 3826 1369 3895 sanguinis
1397 3826 1632 3886 ﬂuxum
1665 3832 1995 3903 patiebatur
2027 3856 2039 3895 :
2087 3843 2149 3892 ut

484 3909 798 3967 manifeste
816 3912 1010 3983 puella
1029 3921 1377 3983 moreretur,
1403 3922 1459 3974 et
1486 3919 1754 3979 tibicines
1767 3922 2145 3996 inferrentur,

484 4004 816 4073 cteteraque
850 4017 958 4057 suo
996 4003 1207 4060 ﬂerent
1236 4005 1466 4063 ordine.

555 4090 716 4146 Vers.
748 4093 837 4146 40.
869 4091 947 4146 Et
972 4093 1169 4161 ejectis
1197 4096 1467 4153 omnibus
1499 4129 1565 4138 —
1590 4114 1797 4172 eosque
1822 4105 1926 4173 qui
1947 4119 2145 4162 secum

481 4185 677 4259 erant.
717 4182 844 4255 Eos.
869 4181 972 4253 qui
1004 4197 1210 4239 secum
1240 4184 1496 4256 ingressi
1530 4193 1714 4245 erant.
1760 4191 1909 4249 Dicit
1934 4201 2145 4259 autem

482 4270 742 4332 Petrum,
782 4270 1077 4327 Jacobum
1118 4278 1174 4328 et
1217 4273 1535 4331 Joannem.
1577 4276 1805 4336 Patrem
1848 4282 2146 4355 siquidem

483 4366 853 4433 matremque
877 4360 1105 4431 puellae,
1126 4362 1396 4418 miraculi
1418 4370 1771 4436 spectatores
1792 4375 2143 4445 assumpsit,

480 4453 773 4521 tanquam
786 4448 1001 4520 puellae
1029 4452 1223 4523 magis
1246 4452 1608 4512 domesticos
1630 4472 1643 4523 ;
1668 4458 1991 4533 discipulos
2006 4479 2143 4520 vero

478 4543 776 4611 tanquam
806 4538 1055 4611 sibiipsi
1080 4542 1275 4611 magis
1299 4543 1638 4601 familiares.
1671 4548 1925 4613 Caeteros
1942 4558 2144 4610 autem

480 4640 694 4682 omnes
735 4626 924 4696 ejecit,
964 4628 1201 4699 fugiens
1239 4646 1449 4688 eorum
1489 4633 1753 4693 laudem.
1798 4641 1941 4695 Cum
1981 4645 2144 4700 enim

481 4730 797 4785 nunquam
842 4719 955 4772 tale
985 4718 1300 4790 quidpiam
1334 4720 1399 4793 (t)
1433 4722 1741 4793 vidissent,
1791 4730 2145 4801 appiausuri

482 4810 674 4871 erant,
706 4810 763 4860 et
791 4821 975 4876 supra
1002 4808 1253 4865 modum
1283 4809 1608 4869 laudaturi.

557 4895 719 4950 Vers.
738 4896 828 4950 40.
844 4894 918 4949 Ει
935 4896 1269 4969 ingreditur
1282 4930 1353 4940 —
1365 4902 1520 4956 Vers.
1535 4904 1622 4959 42.
1643 4906 2013 4968 ambulabat.
2030 4913 2143 4986 Ap-

502 5040 510 5049 σ
554 5020 604 5056 ⁸⁸
632 5019 768 5077 Luc.
804 5036 923 5088 vni,
953 5024 1049 5078 53.

2265 538 2441 610 θαῦμα
2480 547 2834 613 γεγενημένον.
2873 547 2960 595 Διὸ
3010 548 3099 596 καὶ
3154 541 3319 602 εἷπον,
3370 543 3428 597 Ἡ
3480 548 3716 621 θυγάτηρ
3764 570 3866 623 σομ

2265 624 2500 696 ἀπέθανε,
2530 634 2580 681 τί
2610 632 2684 683 ἔτι
2718 631 2951 693 σκύλλεις
2982 636 3069 685 τὸν
3100 629 3449 695 διδάσκαλον,
3483 640 3555 708 μὴ
3582 633 3865 711 δυνάμενον

2265 716 2425 775 αὐτὴν
2455 720 2653 777 οἴναστῆ
2665 740 2751 772 σαι
2774 737 2787 787 ;

2334 806 2392 863 Ὁ
2424 804 2483 860 δὲ
2516 809 2721 871 Ἰησοῦς
2759 842 2826 850 -
2857 815 3088 864 πίστευε.
3124 816 3282 876 Γνοὺς
3310 817 3395 865 τὸν
3428 814 3865 889 ἀρχισυνάγωγον

2264 893 2621 967 ἀμϐλυνθέντα
2658 905 2776 974 περὶ
2830 905 2923 959 την
2954 906 3153 969 πίστιν,
3202 901 3288 955 οἶα
3319 907 3726 976 συναπαχθέντα
3760 916 3867 970 τοῖς

2261 984 2431 1056 λόγοις
2458 987 2644 1051 αὐτῶν,
2682 988 3006 1066 έπιθαῤῥύνει
3035 996 3126 1043 καὶ
3154 990 3440 1046 (ἔνεικε-ἆται
3465 999 3558 1052 τὴν
3602 994 3866 1050 ἀσθένειαν

2260 1093 2349 1135 της
2372 1095 2531 1128 αυτου
2557 1097 2803 1140 πιστεως.

2335 1188 2434 1236 Καὶ
2487 1185 2581 1237 οὐκ
2636 1217 2702 1225 -
2752 1186 3023 1253 Ἰακώϐου,
3091 1191 3286 1251 Μόνους
3340 1192 3558 1252 τούτους
3610 1190 3712 1245 ἀπὸ
3769 1202 3867 1246 τῶν

2259 1273 2422 1326 ἄλλων
2452 1277 2698 1347 μαθητῶν
2735 1277 3148 1350 συμπαρέλαϐεν,
3182 1281 3251 1341 ὡς
3278 1276 3695 1356 διαφορωτέρους
3747 1292 3869 1335 τῶνι

2258 1363 2445 1419 ἄλλων.
2503 1370 2603 1418 Καὶ
2649 1368 2750 1439 γὰρ
2802 1371 2892 1418 καὶ
2945 1368 3027 1419 ἐπὶ
3078 1376 3169 1429 τῆς
3210 1375 3654 1442 μεταμορφώσεως
3683 1371 3862 1444 αὐτοῦ,

2259 1458 2448 1525 μόνους
2476 1458 2690 1518 τούτους
2730 1455 2985 1531 παρελαϐε
3018 1458 3221 1520 θεατας.

2334 1548 2433 1597 Καὶ
2484 1548 2714 1607 ζήτησον
2745 1544 2802 1603 ,ἐν
2859 1553 2932 1615 τῷ
2979 1555 3279 1618 τριακοστῷ
3326 1549 3555 1624 τετάρτῳ
3607 1550 3865 1623 κεφαλαίῳ

2259 1642 2349 1687 τοῦ
2377 1637 2512 1687 κατὰ
2537 1637 2805 1688 Ματθαῖον
2836 1636 2928 1696 τὰς
2965 1635 3130 1697 αἰτίας
3159 1645 3253 1699 τῆς
3278 1643 3642 1711 προτιμήσεως
3673 1640 3862 1693 αὐτῶν.

2262 1729 2524 1797 Προετίμα
2586 1721 2646 1777 δε
2720 1726 2953 1790 τούτους,
3025 1727 3108 1778 ἱνα
3156 1730 3247 1778 καὶ
3326 1728 3375 1779 οἱ
3427 1727 3574 1781 ἄλλοι
3644 1736 3866 1783 τοιοῦτοι

2257 1819 2521 1887 γένωνται.

2332 1910 2433 1958 Καὶ
2465 1906 2680 1979 ἔρχεται
2708 1934 2771 1943 -
2798 1908 2889 1955 καὶ
2923 1902 3269 1965 ἀλαλάζοντας
3290 1904 3473 1958 πολλά.
3499 1905 3785 1968 Ἠλάλαξον
3814 1910 3865 1963 οἱ

2258 1995 2503 2061 αὐληταὶ,
2535 1999 2652 2069 περὶ
2678 1993 2744 2044 ὧν
2772 1993 3047 2065 εἰρήκαμεν
3072 1992 3119 2044 ἐν
3141 2002 3213 2065 τῷ
3232 1990 3582 2066 ἑξκαιδεκάτῳ
3604 1996 3863 2068 κεφαλαίῳ

2257 2091 2349 2138 τοῦ
2387 2087 2522 2136 κατὰ
2554 2086 2835 2135 Ματθαῐον.

1589 2188 1601 2226 :
1644 2187 1793 2228 sono
1831 2188 2047 2229 sonum
2088 2176 2435 2248 excipiente,
2480 2172 2997 2245 quemadmodum
3039 2172 3101 2227 ﬁt
3154 2170 3215 2227 in
3275 2172 3592 2240 lebetibus)
3648 2174 3723 2230 de
3773 2174 3868 2231 his

2334 2375 2434 2425 Καί
2491 2368 2730 2423 εἰσελθὼν
2789 2400 2857 2408 -
2927 2364 3191 2420 καθεύδει.
3254 2369 3376 2422 Εἶπε
3436 2376 3610 2435 τοῦτο,
3684 2377 3866 2445 πρῶτα

2258 2464 2368 2533 μεν,
2435 2464 2528 2518 τήν
2605 2458 2772 2515 λύπην
2861 2458 3030 2508 αὐτῶν
3112 2459 3596 2531 παραμυθούμενος
3691 2462 3866 2511 ἔπειτα

2256 2554 2347 2603 καὶ
2395 2545 2688 2611 διδάσκων,
2736 2548 2817 2598 ὄτι
2854 2545 2977 2621 παρ’
3044 2544 3253 2608 έκείνοις
3311 2549 3399 2620 μεν
3457 2550 3689 2619 τέθνηκε,
3742 2548 3864 2623 παρ’

2258 2639 2398 2709 αύτῷ
2457 2634 2516 2692 δὲ
2564 2643 2834 2710 κοιμᾶται·
2899 2640 2988 2687 καὶ
3030 2637 3131 2711 γὰρ
3182 2635 3364 2688 ἐκεῖνοι
3415 2639 3525 2709 μὲν,
3587 2637 3684 2689 ούκ
3734 2633 3864 2695 ἡδύ-

2256 2748 2405 2781 ναντο
2472 2727 2773 2785 ἀναστῆσαι
2830 2728 3045 2783 ταύτην
3121 2725 3277 2788 αὐτὸς
3345 2722 3405 2779 δὲ
3470 2731 3559 2778 καὶ
3606 2727 3861 2800 μάλισταο

2257 2815 2369 2873 εἶτα
2422 2822 2512 2869 καὶ
2572 2812 2760 2876 διδοὺς
2811 2811 3013 2889 θαρρεῖν
3072 2814 3184 2886 (46)
3240 2816 3321 2867 ὁτι
3394 2817 3626 2888 καθάπερ
3708 2820 3864 2868 ὕπνον

2258 2907 2503 2961 ἀπελάσει
2556 2909 2641 2959 τὸν
2703 2907 2938 2969 θάνατον,
2990 2907 3057 2967 ὡς
3117 2906 3307 2977 Κύριος
3356 2906 3598 2971 θανάτου,
3656 2926 3749 2958 και
3798 2909 3867 2966 ὡς

2180 3000 2221 3057 C
2256 2998 2388 3058 ζωή.

2328 3091 2428 3139 Καὶ
2478 3083 2762 3156 κατεγέλων
2828 3082 3016 3138 αὐτοῦ.
3107 3081 3196 3144 Ὠς
3275 3083 3507 3154 λέγοντος
3588 3080 3870 3137 καθεύδειν

2252 3181 2347 3234 τὴν
2399 3177 2727 3242 τεθνηκυῖαν,
2786 3169 2989 3235 εἰδότος
3044 3174 3124 3224 ὅτι
3191 3171 3458 3241 ἀπέθανεν,
3492 3174 3608 3233 ὡςὸ
3667 3180 3871 3234 Λουκᾶς

2255 3268 2408 3319 εἶπεν.
2468 3263 2733 3319 Ἐϐούλετο
2791 3258 2851 3315 δὲ
2896 3266 2986 3314 καὶ
3040 3261 3193 3323 αύτός
3247 3262 3733 3334 καταγελασθῆναι,
3789 3264 3872 3315 ἶνα

2252 3360 2342 3408 καὶ
2389 3356 2437 3406 οἰ
2489 3352 2710 3411 αὐληταὶ
2754 3355 2843 3403 καὶ
2901 3349 3281 3422 ὁκατάγελως,
3348 3356 3438 3404 καὶ
3496 3354 3560 3405 τὰ
3619 3360 3869 3417 τοιαῦτα,

2257 3448 2425 3516 σαφὴς
2484 3442 2576 3495 εἷεν
2636 3438 2899 3503 ἀπόδειξις
2954 3448 3045 3493 τοῦ
3105 3444 3403 3498 τεθνηκέναι
3455 3444 3513 3493 τὸ
3592 3445 3871 3515 κοράσιον,

2252 3538 2343 3585 καὶ
2372 3529 2559 3605 μηδεὶς
2589 3532 2801 3604 ὕστερον
2844 3528 3091 3588 δυνηθείη
3147 3530 3331 3602 λέγειν,
3383 3532 3459 3582 ὅτι
3517 3530 3575 3582 ού
3625 3534 3870 3589 τέθνηκε·

2255 3618 2348 3673 διὰ
2392 3629 2542 3673 τοῦτο
2588 3623 2689 3695 γὰρ
2723 3624 2812 3671 καὶ
2868 3627 2941 3690 τῷ
2991 3621 3126 3671 κατὰ
3170 3623 3264 3678 τὴν
3309 3618 3590 3694 αἱμοῤῥόυν
3635 3623 3869 3693 θαύματι

2254 3707 2604 3784 ἐνεϐράδυνενσ
2665 3711 2748 3761 ἶνα
2812 3704 3090 3782 προδήλως
3160 3712 3219 3760 τὸ
3292 3705 3507 3760 παιδίον
3598 3708 3867 3784 ἀποθάνῃ,

2253 3804 2344 3851 καὶ
2378 3799 2716 3872 εἰσενεχθῶσι
2751 3800 2840 3871 μὲν
2889 3800 2937 3849 οἱ
2982 3796 3224 3865 αὐληταὶ,
3256 3802 3501 3870 γένωνται
3561 3794 3622 3851 δὲ
3666 3803 3759 3852 καὶ
3803 3801 3871 3851 τὰ

2256 3888 2388 3952 έξης.

2325 4109 2383 4162 Ὀ
2438 4106 2497 4163 δὲ
2546 4108 2773 4162 ἐκϐαλὼν
2825 4111 3025 4173 πάντας
3072 4140 3142 4151 --
3198 4114 3287 4163 καὶ
3336 4112 3454 4171 τοὺς
3503 4111 3619 4162 πετ’
3689 4110 3876 4167 αὐτοῦ.

2254 4203 2388 4261 Τοὺς
2436 4199 2547 4272 μετ’
2578 4199 2738 4252 αὐτοῦ
2785 4200 3230 4265 συνεισελθὸντας,
3273 4198 3409 4271 λέγει
3442 4195 3502 4251 δε
3550 4204 3752 4273 Πέτρον
3784 4204 3877 4252 καὶ

2257 4288 2498 4344 Ἰάκωϐον
2556 4294 2645 4341 καὶ
2709 4292 2969 4348 Ἰωάννην.
3040 4292 3139 4341 Τὸν
3196 4292 3287 4362 μὲν
3360 4289 3447 4341 οὖν
3502 4295 3712 4363 πατέρα
3786 4293 3877 4343 καὶ

2177 4358 2221 4443 D
2255 4384 2347 4438 τὴν
2401 4383 2601 4452 μητέρα
2652 4386 2746 4440 τῆς
2802 4384 2962 4452 κόρης
3019 4358 3275 4452 παρελαϐε
3330 4380 3516 4440 θεατὰς
3571 4358 3669 4431 τού
3751 4382 3878 4432 θαύ-

2253 4487 2418 4542 ματος
2477 4471 2547 4530 ὡς
2603 4468 2819 4529 οἰκείούς
2886 4468 3071 4541 iusim"
3145 4472 3264 4531 τοὺς
3338 4464 3397 4521 δὲ
3474 4469 3745 4540 μαθητὰς,
3805 4471 3879 4531 ὡς

2255 4557 2472 4619 οἰκείους
2527 4557 2713 4628 ἑαυτῷ·
2785 4561 2899 4618 τοὺς
2956 4556 3140 4619 ἄλλους
3215 4554 3274 4609 δε
3347 4559 3545 4619 πάντας
3637 4556 3872 4630 ἐξέϐαλε,

2255 4650 2453 4721 φεύγων
2519 4651 2606 4700 τὸν
2644 4646 2769 4721 παρ’
2857 4646 3024 4699 αὐτῶν
3102 4648 3327 4699 ἔπαινον.
3420 4641 3696 4700 Οὐδέποτε
3769 4650 3875 4722 γὰρ

2252 4744 2487 4789 τοιοῦτον
2548 4734 2760 4797 ἰδόντες.
2812 4736 3014 4810 ἔμελλον
3067 4736 3221 4790 αὐτόν
3268 4742 3530 4810 κροτῆσαι
3579 4742 3676 4790 καὶ
3718 4738 3880 4813 ὑπερ-

2256 4846 2381 4900 ευφη
2390 4835 2461 4900 μῆ
2471 4846 2581 4880 σαι.

2326 4917 2433 4973 Καὶ
2485 4917 2840 4993 εἰσπορεύεται
2892 4946 2961 4958 —-
3014 4916 3130 4990 (4-7)
3178 4917 3503 4992 περιεπάτει.
3573 4914 3882 4991 Ἐκράτησε

2857 4646 3024 4699 αὐτῶν
3102 4648 3327 4699 ἔπαινον.

1692 5157 1919 5227 Variae
1945 5160 2273 5235 lectiones
2305 5176 2371 5235 et
2409 5174 2612 5235 notae.

576 5289 667 5361 46)
699 5288 940 5364 Θαρῥεῖν,
976 5289 1165 5345 abest.
1199 5290 1267 5343 A.

553 5290 669 5432 ξω)
719 5362 1041 5417 Hentenius
1079 5360 1159 5417 ad
1196 5375 1266 5417 ve

501 5396 511 5405 -
554 5360 1041 5434 (47)ῌΗιξέιῑθηὶιιξι
1079 5360 1159 5417 ad
1196 5375 1348 5417 vers.
1388 5367 1451 5419 41
1496 5373 1701 5425 monet
1754 5372 2143 5434 scribendum

482 5432 882 5514 essetaliatha,
915 5432 1156 5514 addens
1180 5448 1194 5489 :
1220 5434 1412 5514 Atque
1424 5436 1553 5514 _hoc
1564 5441 1736 5497 modo
1750 5447 2038 5514 scriptum
2053 5432 2146 5506 in:

482 5502 721 5579 uenitur
764 5503 828 5559 in
874 5504 1182 5561 nonnullis
1220 5502 1461 5565 vetustis
1507 5502 1970 5586 exemplaribus,
1999 5502 2163 5580 tam

555 5626 651 5700 (i)'
679 5626 818 5683 Tale
864 5628 1191 5702 quidpiam.
1247 5630 1482 5691 Videtur
1533 5650 1674 5711 ergo
1702 5637 1927 5712 legisse
1958 5647 2193 5703 τοιοῦτὸν
2219 5668 2273 5702 τι

513 5715 589 5774 de
617 5731 678 5775 re
707 5715 915 5774 eadem
945 5722 1052 5787 est,
1080 5715 1315 5773 τοιοῦτον
1341 5723 1538 5798 θαῦμα.

2256 5308 2495 5374 Graecis,
2528 5323 2706 5381 quam
2737 5308 2989 5367 Latinis.
3017 5309 3153 5371 Quae
3173 5324 3310 5381 vero
3342 5312 3482 5381 sunt
3509 5307 3626 5365 ista
3641 5312 3886 5367 vetusta

2254 5380 2619 5454 exemplaria
2646 5381 2673 5437 ‘2
2709 5380 2859 5454 fAlibi
2911 5385 3208 5439 memorat
3250 5380 3758 5454 Complutensem
3826 5385 3886 5439 et

2254 5452 2625 5509 Erasmicam
2654 5452 3011 5510 editionem.

2274 5693 2292 5717 ,
2322 5650 2629 5724 quod‘nec
2682 5649 2831 5708 mihi
2884 5649 3181 5725 displicet.
3240 5650 3435 5726 Supra
3495 5647 3763 5709 advers.
3816 5652 3901 5709 35‘.
