4096 6390
217 333 323 392 805
1271 317 1652 379 COMMENT.
1699 310 1768 369 IN
1808 308 2134 366 MARCUM.
2179 341 2240 351 —
2287 311 2447 367 CAP.
2497 309 2594 367 VI.
3487 311 3591 367 806

221 468 312 519 τῆς
367 457 548 531 χειρὸς
619 451 778 512 αὐτῆς
837 454 927 502 καὶ
985 448 1263 522 ἐφώνησεν,
1320 449 1402 500 ἶνα
1452 447 1482 503 ἡ
1546 441 1681 516 φωνὴ
1740 439 1828 511 μὲν

1984 435 2255 492 rehendit
2283 451 2535 491 manum
2569 434 2699 505 ejus
2729 438 2786 490 et
2814 434 3070 500 vocavit.
3102 439 3168 492 ut
3185 451 3299 492 vox
3325 436 3588 492 animam

223 545 513 621 ἐπιστρέψῃ
565 547 659 601 τὴν
700 541 979 614 οἰχομένην
1033 539 1240 611 ψυχὴν,
1272 539 1301 596 ἡ
1352 533 1410 589 δὲ
1453 539 1573 609 χεὶρ
1619 535 1829 603 συμπή-

1988 541 2076 579 uae
2108 524 2472 590 discedebat,
2515 531 2834 591 revocaret,
2872 541 3089 582 manus
3137 531 3338 582 autem
3377 541 3597 598 corpus

227 638 284 706 ξη
318 615 388 687 τὸ.
406 615 579 706 σῶμα.

1987 616 2297 687 isponeret.

296 726 368 778 Ἦ
423 728 513 776 καὶ
563 722 759 797 ἑτέρως,
808 719 1064 792 ἐκράτησε
1115 725 1206 778 τῆς
1259 720 1435 790 χειρὸς
1492 714 1676 775 αὐτῆς,
1732 707 1837 764 δει-

2018 705 2116 759 Vel
2146 706 2325 760 etiam
2353 705 2514 760 aliter
2561 727 2572 758 :
2607 705 2811 760 Tenuit
2859 721 3104 761 manum
3138 707 3283 778 ejus,
3315 711 3380 762 ut
3408 710 3599 762 osten-

228 819 352 876 κνύς
397 818 474 866 ὅτι
527 817 616 864 καὶ
659 813 689 868 ἡ
730 815 962 880 παναγία
1017 807 1150 882 σαρξ
1207 807 1364 859 αὑτοῦ
1427 806 1668 866 ζωοποιεῖ
1716 805 1837 860 τοὺς

1983 799 2132 863 .eret,
2160 796 2321 866 quod
2339 795 2718 851 sanctissima
2744 812 2982 868 quoque
3005 813 3144 853 caro
3175 797 3302 867 ejus
3337 801 3601 852 mortuos

231 907 461 965 νεκρούς.

1990 883 2288 940 iviﬁcaret.

305 963 401 1046 "‘Hv
433 1011 534 1066 γαρ
587 1022 654 1030 --
699 985 928 1042 δώδεκα.
974 983 1191 1045 Ἐπειδὴ
1239 983 1452 1038 παιδίον
1497 986 1601 1036 ἄνω
1645 983 1837 1038 ταύτην

2021 976 2179 1030 Vers.
2203 977 2291 1029 42.
2327 976 2463 1030 Erat
2487 977 2641 1031 enim
2669 1005 2735 1016 —
2757 975 3070 1033 duodecim.
3095 977 3246 1043 Quia
3267 993 3400 1032 eam
3430 991 3604 1048 supe-

233 1085 391 1155 c'hyt,
423 1090 510 1134 νῦν
552 1079 826 1152 σαφηνίζει
852 1083 940 1130 καὶ
970 1082 1054 1136 τὴν
1081 1077 1286 1136 ἡλικίαν
1317 1076 1498 1137 αὐτῆς.

1983 1063 2075 1118 ius
2095 1064 2274 1119 modo
2289 1064 2547 1135 puellam
2565 1065 2904 1137 appellavit,
2933 1067 3114 1123 modo
3133 1067 3456 1139 puellulam
3477 1066 3564 1138 (α)
3587 1081 3600 1122 :

1952 1169 2113 1209 nunc
2143 1154 2323 1208 etiam
2358 1159 2594 1209 aetatem
2626 1156 2756 1226 ejus
2787 1158 3144 1212 manifestat.

2025 1243 2186 1298 Vers.
2201 1242 2288 1297 42.
2304 1243 2380 1298 Et
2397 1244 2826 1312 obstupuerunt
2845 1276 2908 1284 ——
2924 1245 3031 1301 hoc
3042 1248 3230 1302 sciret.
3248 1277 3313 1286 —
3325 1244 3608 1314 Prcecepit

1952 1333 2062 1389 hoc
2093 1337 2199 1398 est,
2233 1333 2559 1388 Admonuit
2593 1349 2606 1398 ;
2641 1334 2723 1389 sic
2757 1335 2918 1389 enim
2949 1335 3130 1390 habet
3177 1334 3369 1390 Lucas
3423 1336 3491 1400 ⁸³,
3520 1333 3609 1389 Ob

1954 1422 2065 1478 hoc
2090 1421 2249 1478 enim
2304 1421 2480 1478 etiam
2512 1421 2662 1477 alios
2692 1439 2903 1479 omnes
2945 1423 3134 1495 ejecit.
3167 1425 3228 1480 Et
3259 1439 3612 1496 quanquam

1955 1512 2130 1568 sciret
2165 1510 2429 1567 futurum
2458 1526 2604 1576 esse,
2630 1518 2693 1568 ut
2733 1513 3005 1569 miraculi
3048 1529 3247 1570 sermo
3279 1513 3498 1585 ubique
3527 1511 3614 1567 di-

1954 1601 2336 1672 vulgaretur:
2384 1618 2528 1658 nam
2568 1607 2623 1657 et
2653 1603 2965 1660 Matthaaus
3018 1605 3164 1660 dixit
3194 1605 3262 1670 ⁵⁵,
3303 1603 3465 1676 quod
3488 1601 3616 1658 exi-

1956 1691 2040 1746 vit
2061 1690 2224 1747 fama
2256 1692 2385 1747 haec
2411 1692 2470 1746 in
2496 1693 2835 1748 universam
2860 1695 3153 1765 regionem
3181 1689 3342 1748 illam
3370 1713 3382 1749 :
3415 1697 3616 1748 tamen

1882 1793 1928 1850 Β
1958 1781 2123 1852 quod
2155 1797 2331 1834 suum
2361 1787 2445 1835 est
2478 1781 2692 1851 ubique
2724 1782 2881 1837 facit.

2032 1870 2199 1926 Vers.
2245 1873 2332 1925 43.
2396 1870 2771 1942 Βὶχίιᾳιιθ-
2815 1871 2886 1927 ad
2924 1871 3432 1928 manducandum.
3497 1869 3620 1925 Hoc

1959 1958 2150 2030 jussit,
2184 1975 2257 2014 ne
2288 1959 2371 2013 eis
2404 1959 2773 2030 phantastice
2801 1961 3083 2016 suscitata
3112 1958 3428 2016 videretur.
3450 1959 3619 2016 Unde

1962 2054 2204 2120 propter
2235 2048 2388 2103 hanc
2419 2064 2666 2104 causam
2699 2065 2893 2122 neque
2923 2051 3052 2121 ipse
3079 2049 3184 2105 dat
3209 2048 3290 2104 illi
3333 2048 3410 2104 ad
3449 2064 3620 2103 man-

1965 2139 2330 2204 ducandum,
2400 2139 2505 2194 sed
2559 2139 2907 2211 parentibus
2967 2145 3030 2195 ut
3067 2139 3182 2196 hoc
3221 2138 3446 2196 faciant
3492 2154 3625 2210 per-

1963 2227 2158 2284 mittit.
3407 2223 3414 2230 ’

313 1302 413 1352 Καὶ
488 1295 766 1359 ἐξέστησαν
828 1325 896 1334 -
956 1301 1061 1365 γνῷ
1122 1299 1295 1344 τοῦτο.
1362 1322 1428 1330 -
1494 1287 1839 1351 Διεστείλατο,

236 1387 351 1442 ἀντὶ
410 1394 526 1455 τοῦ,
577 1383 949 1458 Παρήγγειλεν.
1001 1383 1153 1435 Ούτω
1207 1384 1309 1456 γὰρ
1364 1377 1497 1433 εἶπεν
1547 1381 1572 1431 6
1613 1383 1841 1438 Λουκᾶς.

239 1480 336 1531 Διὰ
385 1484 536 1529 τοῦτο
593 1478 695 1546 γὰρ
768 1478 858 1526 καὶ
923 1476 1044 1535 τοὺς
1116 1471 1295 1532 ἄλλους
1362 1469 1555 1530 πάντας
1623 1466 1842 1531 ἐξέϐαλε.

243 1573 517 1620 Γινώσκων
569 1562 629 1617 δὲ
677 1565 758 1616 ὅτι
804 1569 1079 1635 πανταχοῦ
1130 1558 1411 1636 δραμεῖται
1448 1567 1537 1612 τοῦ
1582 1560 1847 1629 θαύματος

243 1659 270 1710 6
321 1657 493 1728 λόγος·
547 1659 634 1707 καὶ
674 1655 772 1729 γάρ
827 1655 853 1704 6
905 1654 1169 1712 Ματθαῐος
1225 1650 1380 1718 εἶπεν,
1436 1652 1516 1702 ὅτι
1565 1649 1770 1712 ἐξῆλθεν
1813 1648 1842 1704 ἠ

245 1752 388 1819 φήμη
442 1745 573 1802 αὕτη
629 1743 701 1805 εἰς
753 1741 873 1800 ὅλην
931 1747 1024 1800 τὴν
1063 1750 1162 1814 γῆν
1214 1744 1428 1798 ἐκείνην·
1480 1741 1614 1810 ὅμως
1659 1742 1716 1791 το
1769 1738 1847 1790 οἰ-

244 1845 382 1888 κεῖον
425 1837 537 1906 (48)
569 1839 845 1904 πανταχοῦ
873 1839 1026 1885 ποιεῖ.

323 1929 426 1978 Καὶ
483 1919 589 1976 εἷπε
645 1952 713 1963 -
773 1928 968 1993 φαγεῖν.
1029 1927 1192 1974 Τοῦτο
1249 1921 1580 1994 προσέταξεν,
1643 1922 1724 1972 ἵνα
1777 1922 1846 1991 μὴ

250 2018 436 2088 φάσμα
467 2009 594 2085 δόξῃ
628 2015 832 2073 τούτοις
871 2014 900 2070 ἡ
949 2010 1243 2064 ἀναστᾶσα.
1287 2014 1381 2064 Διά
1409 2021 1560 2064 τοῦτο
1603 2014 1704 2085 γὰρ
1736 2005 1850 2062 οὐδ’

249 2106 408 2166 αύτός
458 2099 684 2155 δίδωσιν
734 2102 864 2174 αὐτῇ
916 2109 1114 2175 φαγεῖν,
1160 2101 1287 2154 ἀλλὰ
1324 2110 1428 2163 τοίς
1470 2109 1707 2173 γονεῦσιν
1747 2098 1852 2151 ἐπι-

246 2196 423 2267 τρέπει
461 2200 614 2245 τοῦτο
641 2200 884 2252 ποιῆσαι.

2036 2355 2193 2410 ΟΑΡ.
2221 2354 2310 2408 VI.
2343 2355 2501 2409 Vers.
2544 2358 2588 2408 ι.
2616 2356 2694 2410 Et
2719 2355 2904 2412 exivit
2931 2385 2997 2396 —
3029 2357 3189 2410 Vers.
3215 2358 3269 2410 3.
3299 2369 3406 2423 per
3429 2354 3622 2409 illum.

1967 2443 2248 2523 Ascendit
2271 2443 2332 2498 in
2381 2444 2627 2516 patriam
2659 2460 2855 2510 suam,
2888 2460 3010 2500 non
3050 2445 3336 2514 ignorans
3360 2443 3627 2499 futurum

1968 2537 2033 2588 ut
2054 2549 2118 2588 se
2132 2532 2522 2605 despicerent,
2544 2533 2648 2589 sed
2662 2549 2736 2590 ne
2754 2534 3144 2606 postmodum
3165 2534 3359 2588 dicere
3383 2535 3631 2603 possent

1969 2623 2133 2696 quod
2162 2638 2281 2678 non
2312 2623 2617 2678 docuisset
2655 2638 2776 2679 eos.
2812 2622 2999 2679 Simul
3027 2622 3206 2679 etiam
3232 2621 3521 2678 invidiam
3535 2635 3634 2676 eo-

1970 2728 2107 2768 rum
2133 2712 2489 2768 convincens
2513 2731 2528 2782 ;
2558 2729 2697 2770 cum
2723 2712 2882 2768 enim
2909 2712 2984 2769 de
3005 2728 3076 2768 eo
3093 2713 3286 2784 potius
3311 2712 3456 2785 ipsis
3481 2713 3638 2767 esset

1974 2801 2389 2872 gaudendum,
2417 2803 2521 2874 qui
2572 2804 2821 2873 patriam
2873 2818 3039 2857 suam
3072 2802 3344 2859 doctrina
3379 2806 3434 2857 et
3459 2801 3642 2856 mira-

1978 2889 2125 2946 culis
2178 2895 2455 2947 ornaret:
2490 2891 2688 2961 magis
2745 2890 3200 2948 oﬂendebantur
3241 2907 3350 2963 per
3388 2907 3526 2946 eum
3558 2888 3638 2947 ob

1979 2980 2211 3053 generis
2238 2980 2425 3052 ipsius
2453 2980 2912 3050 ignobilitatem.

2053 3070 2226 3136 Quod
2252 3076 2453 3125 autem
2492 3069 2726 3125 additur
2762 3085 2774 3124 :
2803 3070 2882 3125 Et
2913 3069 3153 3126 virtutes
3203 3071 3348 3126 tales
3373 3086 3500 3141 qua?
3532 3085 3643 3141 per

1906 3146 1950 3206 Ο
1982 3175 2190 3216 manus
2214 3160 2337 3231 ejus
2373 3161 2550 3227 ﬁunt,
2583 3158 2871 3214 defectiva
2899 3157 3089 3214 oratio
3121 3164 3228 3214 est.
3257 3160 3458 3215 Deﬁcit
3478 3159 3643 3215 enim

1987 3250 2175 3315 Unde,
2210 3255 2273 3304 ut
2301 3249 2533 3304 dicatur
2575 3264 2586 3303 :
2623 3251 2690 3304 Et
2720 3248 2880 3305 unde
2910 3247 3160 3305 virtutes
3193 3247 3337 3305 tales
3375 3265 3508 3322 quae
3541 3264 3645 3322 per

1986 3354 2204 3395 manus
2233 3339 2282 3410 ej
2296 3354 2360 3393 us
2380 3337 2550 3393 fiunt.

2057 3428 2285 3483 Dictum
2315 3433 2403 3484 est
2445 3434 2646 3484 autem
2672 3428 2745 3482 de
2778 3427 2870 3482 his
2895 3427 3180 3483 vicesimo
3209 3433 3416 3500 quarto
3457 3428 3645 3499 capite

1988 3517 2288 3588 Evangelii
2311 3517 2643 3572 secundum
2662 3517 2999 3573 Matthasum
3014 3518 3171 3574 circa
3194 3517 3378 3572 ﬁnem
3399 3523 3529 3588 post
3553 3533 3650 3572 ex-

1990 3607 2180 3680 pletas
2213 3607 2553 3679 parabolas.

325 2410 428 2460 Καὶ
476 2405 684 2468 ὶξῆλθεν
741 2435 806 2446 -
858 2404 937 2457 ἐπ’
979 2405 1140 2476 αύτῷ.
1197 2404 1478 2458 Ἐπιϐαίνει
1529 2413 1620 2466 τῆς
1670 2409 1855 2480 πατρί·

252 2492 362 2565 δος,
424 2495 518 2547 οὐκ
573 2494 786 2566 ἀγνοῶν,
841 2497 918 2546 ὅτι
964 2499 1451 2569 καταφρονήσουσιν
1512 2495 1692 2560 αὑτοῦ,
1750 2495 1857 2547 ἀλλ’

251 2586 336 2636 ἶνα
396 2589 468 2656 μὴ
519 2580 778 2635 δύνωνται
830 2583 988 2655 λέγειν
1041 2585 1275 2657 ὕστερον,
1339 2588 1418 2636 ὅτι
1469 2584 1563 2636 ούκ
1615 2581 1857 2647 ἐδίδαξεν

253 2674 460 2743 αύτούς,
515 2674 626 2746 ἅμα
685 2669 744 2726 δὲ
795 2679 883 2725 καὶ
937 2677 1023 2725 τὸν
1082 2675 1264 2746 φθόνον
1332 2674 1498 2726 αὐτῶν
1553 2675 1855 2746 ἐξελέγχων.

252 2767 372 2816 Δέον
416 2766 515 2835 γὰρ
569 2768 777 2836 χαίρειν
819 2762 897 2814 ἐπ’
937 2762 1098 2834 αύτῷ,
1154 2771 1439 2836 κοσμοῦντι
1486 2768 1580 2822 τὴν
1626 2761 1863 2838 πατρίδα

257 2853 428 2905 αὐτῶν
494 2848 869 2912 διδασκαλίαις
924 2857 1014 2903 καὶ
1076 2855 1358 2924 θαύμασιν,
1428 2850 1864 2914 ἐσκανδαλίζοντο

257 2941 450 3015 μᾶλλον
503 2939 579 2993 ἐπ’
635 2941 775 3012 αύτῷ
831 2937 926 2994 διὰ
979 2945 1072 2999 τὴν
1133 2949 1226 2994 τοῦ
1272 2946 1446 3013 γένους
1506 2943 1666 2995 αὐτοῦ
1724 2943 1868 2996 εύτί-

258 3031 420 3085 λειαν.

334 3123 405 3173 Τὸ
457 3117 535 3190 δε,
590 3124 692 3172 Καὶ
731 3115 980 3190 δυνάμεις
1015 3127 1257 3172 τοιαῦται
1309 3124 1417 3193 (49)
1469 3118 1562 3174 διά
1618 3130 1719 3175 τῶν
1748 3143 1870 3196 χει-

262 3217 367 3283 ρῶν
433 3208 595 3260 αἰτοῦ
670 3213 916 3280 γίνονται,
995 3207 1300 3262 ἐλλειπτικόν
1380 3209 1547 3268 ἐστιν.
1631 3212 1874 3265 Ἐλλείπει

262 3300 366 3371 γὰρ
417 3301 497 3359 τὸ,
551 3299 732 3350 Ποθενο
780 3298 905 3362 οἷον,
943 3304 1043 3351 Καὶ
1079 3301 1232 3351 ποθεν
1277 3296 1522 3373 δυνάμεις
1551 3301 1665 3374 (50)
1696 3309 1877 3353 τοιαῦ-

266 3406 353 3439 ται
382 3383 477 3439 διὰ
499 3395 600 3438 τῶν
628 3395 829 3460 χειρῶν
855 3386 1017 3439 αὐτοῦ
1046 3393 1314 3459 γίνονται;

338 3479 561 3548 Εἴρηται
620 3472 679 3528 δε
728 3481 846 3544 περὶ
908 3479 1103 3529 τούτων
1153 3476 1202 3529 ἐν
1254 3485 1326 3548 τῷ
1368 3483 1582 3550 εἰκοστῷ
1656 3482 1876 3554 τετάρτῳ

265 3565 526 3639 κεφαλαίῳ
569 3573 662 3617 τοῦ
711 3568 847 3618 κατὰ
893 3569 1180 3638 Ματθαῖον,
1236 3572 1366 3642 πρός
1414 3578 1486 3641 τῷ
1535 3570 1685 3639 τέλει,
1750 3575 1879 3644 μετὰ

267 3661 356 3713 τήν
383 3655 757 3727 συμπλήρωσιν
783 3664 880 3707 τῶν
910 3655 1236 3730 παραϐολῶν.

339 3696 354 3706 .
383 3696 755 3727 ..-μημηηηυ
791 3696 878 3707 ...η
913 3696 1236 3730 ....,....-,......

339 3743 516 3815 Ἔλεγε
561 3740 620 3796 δε
668 3775 736 3783 —
789 3745 973 3797 αὐτοῦ.
1029 3751 1129 3799 Καὶ
1175 3751 1292 3819 περὶ
1353 3750 1546 3800 τούτων
1605 3748 1655 3801 ἐν
1707 3749 1858 3823 έκείνο

2063 3700 2228 3753 Vers.
2261 3698 2314 3750 4.
2346 3698 2587 3753 Dicebat
2634 3703 2821 3754 autem
2852 3727 2921 3738 —
2945 3713 3068 3754 sua.
3097 3697 3288 3754 Etiam
3329 3697 3404 3752 de
3435 3696 3529 3752 his
3557 3711 3654 3752 eo-

1992 3787 2130 3844 dem
2163 3788 2356 3844 canite
2385 3788 2759 3844 disnutatum
2790 3793 2896 3843 est.

367 3788 515 3815 _...-,-
563 3788 619 3796 --
790 3788 973 3797 ..μνη
1031 3788 1129 3799 .-.η
1178 3788 1292 3819 ..-ρ
1360 3788 1544 3800 .--η-η
1605 3788 1653 3801 υ
1707 3788 1858 3823 ης...

270 3841 339 3903 τῷ
372 3833 634 3905 κεφαλαίω
666 3829 986 3892 διείληπται.

1992 3788 2130 3844 dem
2163 3788 2356 3859 capite
2385 3788 2759 3858 disputatum
2790 3793 2896 3843 est.

2063 3887 2202 3905 ..-μ
2261 3891 2287 3905 ..
2374 3885 2481 3905 ,νη
2606 3887 2743 3905 πη-
2823 3887 2853 3905 η
3469 3885 3619 3905 ..-ιι

346 3928 447 3976 Καὶ
497 3923 591 3974 οὐκ
643 3955 711 3964 -
755 3924 942 3976 αὐτῶν.
990 3929 1090 3978 Καὶ
1141 3930 1252 3997 περὶ
1309 3929 1500 3979 τούτων
1552 3936 1729 3999 σαφῶς
1783 3928 1858 3981 έκε

2063 3887 2224 3941 Vers.
2261 3891 2310 3940 5.
2361 3885 2483 3941 Nec
2517 3917 2581 3927 -—
2606 3887 2765 3941 Vers.
2821 3887 2874 3940 6.
2913 3885 3172 3941 illorum.
3226 3886 3416 3942 Etiam
3460 3885 3534 3941 de
3563 3885 3656 3941 his

1997 3974 2304 3999 __-_;.-_.-
2347 3981 2661 3999 ._--.-..._
2717 3981 2800 3999 Α-.
2852 3975 3202 3999 :...-u;_:..-_
3244 3983 3436 3999 _.-.-_.
3475 3992 3485 3999 .
3534 3976 3654 3999 λγω

349 3974 386 3976 ε-
760 3974 786 3976 η
991 3974 1088 3978 --νη
1317 3974 1491 3979 -η--ν
1556 3974 1728 3999 -Ἳη,
1784 3974 1858 3981 ----

275 4008 679 4087 διηρμὴνευται.
723 4020 933 4066 Νοεῖται
982 4010 1040 4067 δὲ
1081 4018 1160 4080 τὸ,
1195 4015 1306 4066 Ούκ
1353 4013 1602 4081 ἠδύνατο,
1635 4023 1724 4070 καὶ
1773 4017 1858 4071 ἀντ

1997 3974 2306 4031 manifeste
2347 3981 2664 4030 tractatum
2714 3981 2818 4029 est.
2852 3975 3202 4047 lntelligitur
3241 3983 3441 4032 autem
3475 3992 3485 4028 :
3523 3976 3657 4030 Non

2000 4070 2231 4087 ..-ΑΑμηι
2281 4064 2392 4087 ι.--
2431 4070 2510 4087 --.ι
2564 4071 2849 4087 ε,.--...--.μ,.
2884 4065 3247 4087 ζμ----;ι-;1-
3285 4063 3538 4087 -]._--L_a

289 4063 292 4064 ν
343 4063 473 4087 τμη.
988 4063 1037 4067 η
1089 4063 1160 4080 --,
1204 4063 1305 4066 --η
1356 4063 1602 4081 -.-ην-η,
1636 4063 1724 4070 --η-
1774 4063 1854 4071 η-.

274 4109 390 4166 τοῦ,
427 4102 538 4153 Ούκ
571 4098 907 4174 ἐνδεχόμενον
940 4101 1162 4175 ἐνόμιζε.

1995 4070 2250 4135 poterat,
2280 4064 2395 4118 hoc
2427 4070 2532 4128 est,
2564 4071 2854 4135 tanquam
2884 4065 3250 4136 impossibile
3279 4063 3558 4120 ducebat.

349 4143 390 4166 ’ν
430 4143 538 4153 νπ-
571 4143 904 4174 ’νννμπνν
940 4143 1162 4175 νυν-’ν’

349 4195 482 4247 Φησὶ
518 4194 619 4262 γὰρ
664 4192 688 4242 6
722 4191 969 4263 Θεολόγος
1019 4193 1129 4263 (51)
1165 4197 1469 4268 Γρηγόριος,
1513 4195 1610 4266 ὅτι³
1655 4194 1758 4248 ἐπεὶ
1797 4216 1853 4249 το

2072 4155 2161 4210 Ait
2176 4155 2333 4210 enim
2347 4153 2666 4225 Gregorius
2679 4153 3036 4222 Theologus,
3056 4153 3217 4224 quod
3234 4153 3416 4208 simul
3431 4158 3663 4210 utrum-

2003 4260 2114 4268 ---Α
2164 4243 2561 4268 ...ιλιι-...ι-Σ...ν.
2614 4251 2694 4268 -..ε
2750 4242 2822 4268 ..Α
2910 4242 3300 4268 κληΩΑεΑηᾹ..-
3352 4243 3635 4268 ηλ-ςζιειεηη

359 4242 374 4244 “
409 4242 417 4247 ”
525 4242 599 4262 ιι
734 4242 811 4245 ⁷’ίῦ
865 4242 967 4263 ⁷Ι“⁴
1021 4242 1128 4263 \"l
1165 4242 1469 4268 “Γ⁷”ΙΤ’“³⁷
1516 4242 1610 4266 “““’
1656 4242 1758 4248 ”“⁷’
1804 4242 1850 4249 ’⁷

278 4282 669 4351 συναμφοτέρου
735 4284 893 4353 χρεία
958 4283 1088 4354 πρὸς
1134 4284 1225 4342 τάς
1267 4285 1454 4345 ἰάσεις,
1504 4288 1592 4335 καὶ
1640 4291 1732 4346 τῆς
1789 4293 1858 4336 τῶ

2000 4260 2118 4316 que
2147 4243 2567 4317 necessarium
2611 4251 2699 4297 est
2749 4242 2826 4298 ad
2910 4242 3302 4314 perﬁciendas
3352 4243 3654 4306 sanitates,

2008 4339 2056 4354 Αι
2086 4333 2233 4354 134--
2267 4349 2463 4354 _-..___._
2517 4333 2612 4354 _.-_:
2656 4331 2896 4354 Α--..-..,Ιέ
2931 4338 3063 4354 -..μι
3123 4337 3172 4354 ,ι
3220 4331 3479 4354 ..-ι-..ι2-
3534 4331 3654 4354 ΑΖ..-

411 4331 470 4350 ιι
576 4331 584 4351 ι
735 4331 789 4353 Au
825 4331 872 4332 "
963 4331 1007 4354 ’t
1074 4331 1087 4342 '
1146 4331 1176 4332 "
1211 4331 1224 4342 '
1271 4331 1454 4345 """"
1507 4331 1592 4335 ""‘
1647 4331 1731 4346 ""
1798 4331 1856 4336 "'

277 4368 695 4442 θεραπευομένων
770 4375 1013 4438 πίστεως,
1085 4375 1173 4422 καὶ
1244 4379 1334 4431 τῆς
1398 4381 1489 4424 τοῦ
1576 4375 1856 4446 θεραπευτο

2001 4339 2058 4390 et
2086 4333 2235 4388 ﬁdes
2262 4349 2469 4388 eorum
2513 4333 2616 4404 qui
2650 4331 2898 4387 curandi
2929 4338 3088 4399 sunt,
3118 4337 3173 4387 et
3220 4331 3486 4404 potentia
3531 4331 3663 4401 ejus

2008 4424 2104 4446 ..ηε
2153 4439 2352 4446 ---..,...-
2390 4423 2562 4446 ,J-L-A.
2595 4421 2997 4446 ._-..__A.J--e
3025 4437 3209 4446 .-.ι--..η
3248 4423 3292 4446 ...ε
3330 4419 3636 4446 ..Ιλιὲιιεηιηι

289 4419 342 4442 η,
410 4419 458 4420 η
533 4419 589 4440 ,κ
1407 4419 1483 4424 --ν
1579 4419 1853 4446 --Γπ-η-.-

277 4454 566 4530 δυνάμεως,
610 4457 703 4509 ούκ
764 4455 1031 4530 ἐνεδέχετο
1080 4463 1137 4511 τὸ
1189 4461 1376 4532 ἕτερον,
1411 4469 1502 4512 τοῦ
1549 4463 1782 4535 συζύγου
1817 4464 1858 4515 ἐ)

2003 4424 2106 4496 qui
2147 4439 2355 4479 curare
2385 4423 2562 4477 debet
2595 4437 2736 4477 :nec
2754 4421 3003 4493 prodest
3025 4437 3213 4477 unum
3247 4423 3293 4476 si
3326 4420 3564 4477 deﬁciat
3583 4419 3666 4475 al—

2005 4519 2192 4535 A-_-___
2253 4513 2403 4535 ---ΑΔ
2440 4511 2514 4535 2112
2567 4513 2946 4535 --_2.-...-l--.._
2987 4527 3108 4535 ---Α
3162 4511 3326 4535 Δ..1.Αι
3384 4511 3506 4535 Ιμιι
3555 4526 3664 4535 ...ι-Α

284 4505 566 4530 ’τ”Τντπυ
615 4505 703 4509 ""
765 4505 1027 4530 ""‘I."'
1088 4505 1134 4511 "
1190 4505 1376 4532 "1'",
1419 4505 1498 4512 "'
1551 4505 1780 4535 ""I"
1817 4505 1855 4515 "'

274 4545 560 4607 λείποντος.
607 4545 719 4600 Ούκ
917 4543 1040 4599 οῖδα
1072 4544 1150 4614 δὲ,
1198 4549 1240 4600 εἰ
1279 4555 1349 4619 μὴ
1384 4555 1474 4601 καὶ
1514 4559 1665 4603 τοῦτο
1698 4561 1768 4619 τῷ
1808 4554 1858 4605 eu’

2005 4519 2218 4579 terum,
2247 4513 2403 4585 quod
2438 4511 2516 4567 illi
2561 4513 2950 4582 conjunctum
2983 4527 3111 4566 esse
3157 4511 3348 4567 debet.
3383 4511 3510 4567 lmo
3555 4526 3666 4567 nec

277 4635 414 4706 λόγῳ
458 4638 794 4708 προσθετέον.
858 4637 934 4689 Ού
979 4641 1079 4710 γὰρ
1112 4601 1316 4709 εὔλογος
1359 4641 1504 4701 ἴασις
1546 4648 1656 4703 τοῖς
1687 4610 1857 4714 βλαϐη

2007 4606 2150 4672 scio,
2181 4603 2329 4658 sitne
2359 4601 2536 4657 etiam
2577 4601 2687 4657 hoc
2720 4601 3094 4670 addendum,
3122 4607 3186 4656 ut
3220 4603 3381 4672 justa
3408 4607 3464 4656 et
3493 4601 3670 4657 ratio-

2008 4692 2224 4714 __L:I:_
2261 4691 2329 4714 ,ει
2388 4692 2611 4714 _._..:A-_
2669 4693 2865 4714 κτλ---Α
2919 4691 3070 4714 -..ζμ
3108 4691 3259 4714 :.--a..
3313 4690 3537 4714 _.....:&-_
3587 4694 3669 4714 ..-ι

284 4692 602 4787 cauenda:
633 4723 899 4787 ἀπιςτίας,
986 4692 999 4708 ’
1050 4692 1059 4710 ⁸
1235 4692 1248 4709 ”
1302 4692 1314 4698 ’
1489 4692 1503 4701 ’
2007 4692 2226 4787 nabilis
2259 4692 2332 4746 sit
2386 4692 2635 4787 sanitas.
2668 4693 2869 4787 Neque
2915 4692 3266 4787 en‘imjusta
3311 4692 3540 4787 sanitas
3583 4694 3670 4745 est

350 4777 360 4796 ⁸
507 4777 520 4785 ’
584 4777 599 4787 ’
865 4777 896 4787 ’ί
2009 4799 2145 4854 quae
2165 4782 2257 4836 his
2283 4781 2602 4848 confertur,
2622 4779 2844 4851 quibus
2865 4779 3457 4852 perincredulitatem
3486 4795 3670 4835 nocu-

2014 4879 2286 4929 mentum
2316 4876 2402 4929 est
2431 4870 2703 4928 allatura.

358 4991 408 5028 ⁸⁴
438 4991 578 5048 Luc.
620 5007 739 5059 vni,
771 4993 863 5052 56.
940 4994 989 5029 ⁵⁵
1017 4993 1214 5053 Matth.
1241 5010 1321 5062 ιχ,
1354 4998 1444 5053 26.

1515 5123 1739 5193 Varia
1763 5124 2094 5196 lectiones
2122 5131 2187 5192 et
2222 5132 2425 5191 notae.

358 5261 452 5404 E48
490 5261 777 5332 lntellige,
811 5266 988 5336 φεύγει
1015 5267 1102 5318 τὸν
1133 5267 1359 5320 ἔπαινον.

387 5333 480 5404 49)
523 5339 624 5386 Καί
665 5334 988 5404 interponit
1017 5340 1085 5392 Α.

2088 5268 2202 5341 (51)
2233 5282 2373 5340 pag.
2413 5268 2535 5322 215.

2085 5341 2197 5404 (52)
2238 5341 2426 5396 Etiam
2444 5339 2535 5395 ᾖξε

523 5339 624 5386 Καί
665 5333 1085 5413 ἱηῑθιιρορἱᾼ.
2085 5333 2197 5413 (52)
2233 5333 2426 5396 Etiam
2444 5339 2573 5395 haec
2603 5341 2742 5395 sunt
2780 5335 3063 5409 Gregorii.

360 5405 482 5477 (50)
523 5413 772 5459 Τοιαῦται
797 5405 1014 5465 omittit
1053 5412 1117 5465 Β.

370 5580 457 5660 _(u)
498 5580 674 5660 Modo
703 5582 1056 5660 puellulam.
1103 5579 1273 5660 Forte
1303 5601 1446 5659 ergo
1485 5585 1645 5660 legit,
1689 5585 1903 5649 Ἐπειδὴ
2018 5605 2089 5646 ex
2118 5589 2325 5646 codice
2351 5605 2484 5656 suo,
2515 5587 2608 5646 vel
2638 5587 2979 5660 explicandi
3009 5601 3208 5660 causa
3236 5585 3312 5643 de
3344 5601 3456 5644 suo
3501 5583 3671 5644 addi-

297 5647 399 5734 καί
415 5647 634 5734 παιδίου
665 5647 756 5707 καὶ
786 5655 1033 5726 κοράσιον
1061 5658 1278 5717 ταύτην.
1369 5647 1404 5659 υ
1545 5647 1580 5659 ν
1630 5647 1645 5660 ³

2017 5661 2122 5734 dit,
2151 5677 2287 5734 quis
2318 5677 2428 5734 nec
2459 5647 2626 5734 apud
2655 5647 3025 5731 Gregorium,
3053 5675 3163 5716 nec
3197 5659 3261 5716 in
3307 5660 3457 5716 meis
3503 5674 3672 5734 repe-

377 5724 455 5797 (υ)
478 5726 599 5783 [mo
626 5757 694 5767 —
725 5732 807 5782 est
831 5724 1126 5804 allatura.
1150 5729 1332 5788 Multa
1349 5729 1449 5789 hic
1475 5733 1795 5792 Hentenius
1815 5732 1912 5792 vel
2018 5724 2253 5793 riunfur
2281 5724 2612 5812 codicibus.
2768 5724 2799 5731 ⁷
3011 5724 3022 5729 ’
3569 5724 3593 5734 “
3689 5753 3703 5779 -'
