4096 6378
213 357 319 432 309
1227 340 1606 422 COMMENT.
1653 355 1727 413 IN
1769 328 2100 430 mancum.
2139 378 2211 390 —
2249 345 2408 404 CAP.
2450 325 2549 405 vI.
3487 316 3594 395 sui

291 513 331 559 Η
386 501 443 557 δὲ
497 493 764 576 Ἡρωδιὰς
826 525 894 536 --
952 499 1128 554 ἤκουι.
1189 492 1307 546 Ἔτι
1368 495 1457 543 καὶ
1520 490 1639 563 περὶ
1703 483 1834 552 τού-Ι

2005 478 2168 533 Vers.
2213 479 2296 531 t9.
2328 470 2618 531 Herodias
2646 471 2839 529 autem
2878 499 2948 512 —
2977 469 3140 525 Vers.
3172 469 3261 524 20.
3295 464 3592 524 audiebat.

213 617 332 649 των.
560 563 570 576 ’
1936 567 2227 622 Praeterea
2257 568 2314 621 et
2343 563 2418 620 de
2446 563 2558 619 his.

296 645 394 738 Kal
453 713 521 723 —
598 686 694 740 τῆς
774 674 1040 750 βασιλείας
1096 692 1218 746 μου.
1296 669 1515 741 Ὁμοίως
1567 669 1658 718 καὶ
1708 666 1827 737 περὶ

2011 656 2168 710 Vers.
2209 659 2298 711 21.
2340 654 2416 710 Et
2454 684 2523 695 —
2551 653 2709 709 Vers.
2749 653 2838 708 23.
2868 648 3027 722 regni
3063 645 3189 706 mei.
3231 645 3506 705 Similiter
3542 651 3602 704 et

217 778 411 828 τούτων
420 816 432 828 .

1961 745 2011 801 le
2036 744 2148 800 bis.
2288 833 2296 834 ί
2386 833 2400 834 7
3095 828 3155 834 μ
3291 757 3296 764 ’

293 865 352 918 Ἠ
397 859 456 916 δί
496 892 564 902 -
611 862 776 932 μητρὶ
801 855 984 916 αὐτῆς.
1041 855 1141 906 Kal
1183 855 1302 925 περὶ
1339 850 1533 902 τούτων
1562 847 1765 898 πάντων
1795 843 1824 900 ἡ

2008 835 2190 914 Vers.
2230 833 2320 888 24.
2376 833 2492 890 Illa
2542 837 2740 889 autem
2766 861 2836 873 —
2872 831 3032 886 Vers.
3090 828 3180 885 28.
3231 829 3411 885 matri
3451 840 3598 885 suae.

226 956 478 1027 ἐξήγησις
509 949 703 1002 ἐκείνου
727 953 817 999 τοῦ
844 943 1120 1017 κεφαλαίου
1148 937 1386 1002 διέξεισι.

1961 922 2132 979 Etiam
2161 921 2236 978 de
2261 921 2354 978 his
2379 919 2662 978 omnibus
2690 919 2900 994 capitis
2925 918 3082 976 illius
3112 916 3412 976 enarratio
3440 922 3604 974 eom-

1940 1015 2257 1068 memorat.
3388 1027 3392 1032 '
3551 1083 3555 1088 ν

965 1163 986 1175 .
1297 1159 1305 1174 .
1374 1155 1486 1175 ,ηρ
1534 1153 1725 1175 ___.__,__
1786 1147 1833 1175 ευ
2013 1103 2172 1158 Vers.
2205 1102 2294 1158 29.
2326 1101 2401 1157 Et
2431 1105 2909 1158 -—monumento.
2937 1098 3170 1156 Dictum
3199 1102 3291 1156 est
3315 1096 3391 1156 de
3415 1093 3510 1155 his
3539 1097 3603 1154 in

304 1171 404 1221 Kal
469 1195 536 1204 —
609 1165 863 1236 μνημείῳ.
927 1163 1146 1232 Εἴρηται
1226 1159 1314 1207 καὶ
1368 1155 1486 1225 περί
1531 1155 1726 1204 τούτων
1785 1155 1833 1200 ιν

1964 1155 2043 1248 ιιό
2067 1155 2232 1250 ego;

225 1275 401 1309 εκεινω
413 1300 426 1312 ,

2016 1279 2183 1337 Vers.
2225 1283 2311 1336 30.
2354 1278 2431 1335 Et
2461 1283 2895 1351 congregantur
2922 1308 2991 1320 —
3016 1278 3175 1334 Vers.
3218 1281 3307 1334 3i.
3348 1280 3600 1335 vacaret.

1945 1370 2030 1426 lbi
2059 1369 2232 1426 etiam
2262 1371 2336 1426 de
2366 1369 2459 1425 his
2479 1385 2702 1442 quaere.
2730 1368 2874 1424 Hinc
2900 1371 3101 1424 autem
3126 1367 3414 1422 dbcemnr
3430 1381 3607 1439 opor‘

1945 1465 2065 1516 tere
2109 1459 2376 1516 Ecclesiae
2409 1459 2729 1529 magistros
2757 1474 2879 1514 non
2909 1471 3145 1529 semper
3175 1470 3472 1528 exponere
3513 1471 3608 1511 se-

1945 1550 2108 1621 ipsos
2122 1547 2494 1618 multitudini,
2506 1547 2613 1602 sed
2630 1563 2755 1602 cum
2771 1546 2948 1603 datur
2963 1533 3611 1618 opportunitas,retrahl

1947 1654 2018 1696 ac
2061 1638 2354 1696 solitarios
2382 1654 2533 1703 esse,
2567 1641 2947 1709 mentemque
2979 1637 3052 1692 ab
3083 1634 3357 1693 exteriori
3399 1633 3614 1690 distra-

1949 1727 2144 1784 ctione
2169 1742 2471 1791 revocare,
2501 1731 2557 1783 et
2583 1725 2748 1799 quod
2770 1741 2875 1782 eos
2902 1724 3005 1797 qui
3032 1721 3372 1780 ministrant
3402 1738 3618 1780 conve-

1877 1838 1921 1895 Β
1951 1819 2075 1874 niat
2114 1816 2503 1890 requiescere,
2546 1821 2600 1872 et
2640 1821 2777 1887 post
2815 1812 3232 1871 ministerium
3257 1813 3438 1870 etiam
3476 1826 3614 1869 cor-

1951 1907 2232 1982 poraliter
2271 1905 2590 1963 consolari.
3289 1897 3294 1902 ’

2021 2018 2184 2071 Vers.
2256 2018 2342 2071 32.
2395 2014 2474 2069 Et
2516 2012 2726 2084 egressi
2761 2017 2922 2070 sunt.
2975 2043 3044 2053 —
3092 2012 3252 2068 Vers.
3299 2014 3387 2069 33.
3451 2008 3613 2067 illuc.

1950 2106 2132 2178 Eque
2145 2104 2319 2162 etiam
2338 2110 2394 2161 et
2418 2104 2492 2160 de
2504 2104 2620 2160 his.
2636 2102 2725 2160 Ab
2737 2101 3019 2160 omnibus
3033 2106 3237 2160 autem
3248 2099 3613 2188 civitatibus,

1949 2211 2088 2268 quas
2117 2194 2392 2252 videlicet
2428 2193 2818 2252 circumcirca
2845 2191 3224 2272 adjacebant.
3305 2253 3308 2256 ,

304 1350 404 1398 Kal
482 1345 796 1413 συνάγονται
854 1369 920 1380 -ο
983 1337 1254 1409 εὐκαίρουν
1530 1332 1668 1382 Ἐκεῖ
1743 1332 1833 1380 καὶ

217 1436 580 1510 περὶτούτων
614 1433 862 1492 ζήτησον.
923 1423 1291 1495 Διδασκομιθα
1345 1419 1403 1474 δὲ
1460 1420 1703 1490 ἐντεῦθεν,
1755 1420 1834 1471 ὅτι

227 1506 339 1594 χρὴ
378 1526 498 1583 τοὺς
530 1517 886 1578 διδασκάλους
941 1524 1031 1576 τῆς
1088 1513 1396 1572 Έκκλησίας
1436 1515 1505 1583 μὴ
1551 1506 1837 1569 διαπαντὸς

224 1615 447 1674 ἑαυτούς
490 1605 759 1662 ἐκδιδόναι
817 1614 924 1668 τοῖς
980 1605 1251 1672 πλήθεσιν,
1299 1600 1403 1653 ἀλλ’
1455 1599 1502 1652 ἐν
1546 1606 1712 1673 καιρῷ
1747 1617 1838 1650 συ-

227 1702 552 1766 στέλλεσθαι,
585 1705 675 1750 καὶ
718 1694 962 1761 ἰδιάζειν,
1007 1699 1097 1746 καὶ
1156 1695 1394 1763 συνάγειν
1453 1693 1540 1742 τὸν
1590 1696 1705 1741 νοῦν
1737 1686 1837 1740 ἀπὸ

225 1802 329 1855 τῆς
383 1791 477 1854 ἔξω
524 1794 809 1865 περιφορᾶς
850 1807 862 1818 ο
914 1789 1002 1837 καὶ
1053 1786 1131 1836 ὅτι
1198 1786 1454 1855 προσήκει
1499 1776 1839 1832 διαναπαύιιν

228 1887 352 1942 τοὺς
406 1877 796 1942 διακονοῦντας,
856 1881 945 1928 καὶ
1006 1881 1312 1947 σωματικῶς
1358 1875 1672 1945 παρηγορεῖν
1711 1871 1842 1940 μετὰ

230 1977 329 2030 τὴν
361 1967 649 2023 διακονίαν.

311 2064 413 2113 Kal
469 2057 697 2117 ἀπῆλθον
748 2087 817 2096 ——
869 2053 990 2108 ἐκεῖ.
1071 2052 1339 2111 Ὡσαύτως
1413 2053 1502 2101 καὶ
1553 2053 1671 2124 περὶ
1723 2049 1841 2099 τού-

233 2170 358 2204 των.
388 2150 518 2202 Ἀπὸ
573 2153 756 2199 πασῶν
816 2141 875 2197 δὴ
928 2152 1026 2196 τῶν
1087 2141 1300 2208 πολεων,
1329 2148 1429 2192 τῶν
1466 2138 1618 2212 πέριξ
1660 2134 1843 2196 δηλονο

233 2245 340 2294 ὁτι.

384 2368 528 2417 ΚΕΦ.
568 2359 662 2422 ις’.
700 2363 823 2433 Περὶ
851 2366 952 2410 τῶν
981 2361 1127 2411 πέντε
1157 2357 1326 2432 ἄρτων
1349 2359 1558 2408 καὶτῶν
1592 2351 1689 2408 δύο

2025 2357 2181 2414 CAP.
2199 2354 2337 2414 XVI.
2355 2354 2438 2413 De
2462 2354 2715 2429 quinque
2737 2352 2990 2426 panibus
3022 2357 3078 2410 et
3097 2351 3327 2410 duobus
3339 2348 3618 2424 piscibus.

937 2447 1156 2519 ἰχθύων.
3171 2443 3175 2450 ’
3225 2454 3232 2460 ⁷
3476 2453 3478 2458 ’

309 2548 414 2598 Kal
472 2541 681 2605 ἐξελθὼν
727 2571 792 2580 -
823 2541 1060 2612 ποιμένα.
1116 2541 1216 2590 Καὶ
1271 2540 1389 2610 περὶ
1439 2536 1633 2588 τούτων
1689 2530 1736 2585 ἐν
1771 2540 1844 2604 τῷ

232 2631 680 2706 προδιαληφθέντι
759 2627 1017 2700 κιφαλαίῳ
1099 2623 1420 2683 διείληπται.
1504 2627 1730 2696 Ποιμένα
1788 2618 1848 2675 δὴ

232 2724 374 2794 λέγει
406 2723 748 2796 φροντίζοντα
772 2726 868 2779 τῆς
900 2720 1160 2790 σωτηρίας
1192 2715 1381 2767 αὐτῶν.

2027 2569 2188 2626 Vers.
2231 2571 2320 2624 34.
2352 2568 2428 2624 Et
2454 2583 2720 2640 egressus
2746 2596 2814 2611 —
2851 2571 3169 2638 pastorem.
3199 2567 3389 2626 Etiam
3420 2566 3497 2624 de
3533 2562 3624 2624 his

1955 2659 2236 2732 praedicto
2260 2657 2453 2730 capite
2474 2657 2889 2714 disseruimus.
2908 2645 3209 2716 Pastorem
3242 2662 3450 2716 autem
3480 2657 3628 2726 dicit

470 2747 748 2828 ξνζιψντα
772 2747 868 2779 "’9
900 2747 1074 2828 “1:”?
1083 2747 1444 2828 ἶξῗυίξῖέξη
1503 2802 1685 2828 ,__m__
1737 2798 1826 2828 λῃ
1959 2764 2118 2812 eum,
2153 2747 2258 2821 qui
2287 2747 2364 2803 de
2394 2747 2584 2804 salute
2624 2763 2835 2806 earum
2866 2763 3074 2806 curam
3103 2748 3374 2806 haberet.

315 2816 418 2865 Kal
466 2809 660 2880 ἤρξατο
721 2839 790 2847 -
856 2815 1052 2880 φαγεῖν.
1108 2810 1206 2858 Καὶ
1279 2813 1446 2857 ταῦτα
1500 2802 1686 2856 ἔκιῖθεν
1735 2798 1842 2855 δια-

1962 2798 3074 2906 ’ῙέιιεῖᾟιιῗέῖᾎὶῆοεὲἶῖυιῖεῗΞῖ
3101 2798 3522 2896 gigas...
3563 2837 3630 2898 Et

239 2902 549 2974 ⁴γνωσθῆναι
579 2900 787 2973 ῥᾴδιον.

320 2997 355 3006 ,,
403 2995 412 3006 ι
476 2986 492 3000 ιι
521 2992 530 3002 ι
658 3005 663 3006 γ
943 3005 963 3006 η
1017 2993 1050 3006 7-
1177 2990 1336 3006 m_,~__
1407 2982 1522 3006 _A_A__Q
1601 2980 1838 3006 2‘}_____“

1964 2927 2094 2985 haec
2123 2941 2368 2999 quoque
2398 2926 2540 2984 inde
2564 2900 2826 2998 cognitu
2856 2927 3056 2986 facilia
3086 2933 3247 2984 sunt.

320 2995 422 3044 Kal
476 2990 714 3058 λέγουσιν
772 3017 840 3025 -
898 2993 1122 3058 φαγεῐνς
1177 2990 1342 3036 Τοῦτο
1407 2990 1522 3034 κατ’
1598 2990 1842 3055 ἑρὼτησιι

540 3081 548 3090 .
673 3083 702 3092 ,,
921 3079 930 3089 .
1082 3071 1114 3092 ς..
1168 3075 1179 3086 .
1339 3080 1355 3088 _
1471 3072 1520 3092 η.
1577 3091 1583 3092 ί

2035 2990 2199 3072 Vers.
2235 2990 2322 3071 3:1.
2353 3016 2427 3070 Et
2458 2990 2762 3071 dicuntv—
2779 3016 2860 3073 ad
2884 3017 3343 3075 comedendum?
3373 3017 3494 3074 Hoc
3522 3032 3630 3092 per

1964 3104 2492 3174 interrogationem
2531 3104 2854 3177 legendum
2895 3111 3000 3161 est.
3035 3105 3141 3160 Est
3171 3112 3373 3162 autem
3412 3106 3630 3178 hujus-

1894 3192 1934 3248 C
1966 3195 2127 3251 modi
2159 3210 2354 3249 sermo
2381 3209 2610 3260 eorum,
2645 3194 2747 3266 qui
2778 3185 3503 3267 se'gravari‘quasruntur.

244 3076 625 3148 ἀναγνωστέον.
671 3079 1029 3150 Βαρυνομένων
1070 3071 1129 3127 δὲ
1158 3075 1183 3126 ὁ
1214 3080 1446 3134 τοιοῦτος
1471 3072 1636 3144 λόγος.

317 3291 378 3343 Ὀ
433 3287 493 3342 δὲ
562 3321 616 3331 -
676 3294 1017 3347 πεντήκοντα.
1086 3292 1208 3362 Πιρὶ
1267 3290 1460 3341 τούτων
1538 3290 1740 3361 εἴρηται
1806 3283 1842 3338 ἒ]

2035 3287 2192 3340 Vers.
2235 3286 2322 3340 38.
2369 3285 2482 3340 Ille
2520 3290 2715 3340 autem
2754 3314 2824 3325 —
2863 3285 3023 3340 Vers.
3065 3287 3156 3340 40.
3198 3283 3628 3356 quinquageni.

244 3391 319 3452 τῷ
345 3381 571 3452 εἰκοστῷ
597 3382 725 3450 ἕκτῳ
754 3379 1012 3451 κεφαλαίῳ
1043 3386 1135 3431 τοῦ
1160 3381 1294 3431 κατὰ
1321 3380 1611 3434 Ματθαῖον.

1964 3375 2046 3430 De
2084 3373 2175 3429 his
2206 3372 2432 3428 dictum
2463 3377 2550 3428 est
2587 3372 2872 3430 vicesimo
2903 3377 3072 3430 sexto
3102 3375 3292 3446 capite
3329 3373 3633 3446 Evangelii

1970 3463 2306 3519 secundum
2343 3461 2710 3518 Matthasum.

323 3585 425 3632 Kal
477 3577 648 3629 λαϐὼν
705 3607 773 3618 -
830 3572 1037 3651 ἄνδρες.
1095 3576 1177 3629 Ἐν
1234 3574 1405 3649 facing.)
1463 3581 1550 3630 καὶ
1587 3580 1704 3649 περὶ
1742 3578 1842 3628 τού·

2041 3554 2200 3607 Vers.
2226 3555 2313 3606 41.
2335 3551 2409 3606 Et
2431 3555 2685 3621 acceptis
2715 3582 2782 3594 —
2813 3551 2980 3608 Vers.
3008 3552 3078 3606 44
3099 3551 3386 3611 virorum.
3408 3552 3636 3609 Ibidem

934 3633 942 3651 ι
1005 3633 1018 3639 -
1378 3633 1386 3649 ι
1651 3633 1659 3649 ι

245 3687 347 3720 των
379 3669 586 3720 πάντων
621 3665 834 3742 ἐρρήθη.

1971 3642 2046 3698 de
2074 3641 2167 3697 his
2206 3657 2448 3714 quoque
2479 3641 2706 3697 dictum
2733 3648 2842 3698 est.

327 3763 430 3811 Kal
480 3729 684 3816 εὐθέως.
719 3787 787 3797 —
861 3756 1270 3831 προσεύξασθαι.
1321 3755 1541 3829 Ὁμοίως
1599 3761 1688 3808 καὶ
1744 3776 1836 3830 περ

1974 3820 2008 3831 η
2043 3731 2205 3787 Vers.
2236 3734 2325 3786 45.
2354 3729 2688 3803 Statimque
2715 3761 2784 3775 --
2803 3731 2966 3789 Vers.
2999 3733 3087 3789 46.
3117 3737 3184 3789 ιιι
3214 3739 3432 3792 oraret.
3469 3732 3639 3790 Simi-

253 3850 471 3900 τούτων.
532 3845 942 3918 Ἀποταξάμενος
1015 3841 1073 3898 δὴ
1126 3846 1321 3913 αὐτοῖς,
1395 3845 1510 3899 ἀντὶ
1565 3854 1679 3916 τοῦ,
1737 3843 1838 3899 ἀπο

1974 3820 2104 3878 liter
2133 3826 2190 3879 et
2227 3821 2302 3878 de
2341 3821 2434 3877 his
2460 3821 2531 3878 ⁸ο.

253 3936 421 3999 λύσας
452 3935 664 4002 αύτούς,
704 3931 912 3994 δηλαδή
955 3938 1072 3996 τοὺς
1102 3934 1316 4008 ὄχλους.
1375 3936 1527 3989 Ούτω
1577 3938 1679 4008 γὰρ
1729 3931 1864 3988 εἶπεν

255 4028 283 4078 ὁ
314 4027 558 4080 Ματθαίο
569 4045 607 4086 ς.
1218 4022 1220 4026 ’

333 4159 481 4207 ΚΕΦ.
515 4151 617 4207 ΙΖ’.
655 4155 778 4224 Περὶ
799 4158 890 4204 τοῦ
912 4150 959 4203 ἐν
994 4151 1231 4225 θαλάσσῃ
1259 4155 1572 4225 περιπάτου.

2123 4159 2270 4215 CAP.
2303 4158 2476 4212 XVII.
2519 4157 2596 4212 De
2636 4156 3044 4216 ambulatione
3080 4175 3252 4230 super
3281 4175 3497 4234 aquas.

333 4248 434 4296 Kal
484 4241 641 4312 ὀψίας
693 4272 759 4282 -
814 4241 1112 4302 θαλάσσης.
1175 4247 1414 4301 Ζήτησον
1491 4247 1608 4317 περὶ
1676 4245 1840 4296 τούτω

2049 4249 2214 4304 Vers.
2277 4249 2367 4303 47.
2420 4248 2670 4317 Vespera
2735 4255 2927 4304 autem
2967 4279 3036 4291 —-
3095 4248 3256 4305 Vers.
3323 4250 3412 4310 48.
3455 4265 3640 4308 mare.

259 4333 308 4384 ἐν
364 4341 438 4402 τῷ
498 4331 717 4402 εἰκοστῷ
777 4327 985 4405 ἑϐδόμῳ
1059 4331 1316 4404 κεφαλαίῳ
1381 4340 1473 4385 τοῦ
1529 4336 1666 4386 κατὰ
1722 4341 1840 4388 Ματ

1983 4341 2188 4405 Quaere
2227 4337 2301 4393 de
2329 4337 2425 4393 his
2456 4336 2740 4393 vicesimo
2772 4337 3028 4410 septimo
3053 4339 3247 4413 capite
3279 4339 3448 4411 juxta
3490 4339 3646 4397 Mat-

262 4425 430 4479 θαίον.
1983 4429 2205 4485 thmum
2216 4471 2228 4484 .

339 4516 436 4563 Kal
507 4509 656 4569 ἤθελε
731 4541 796 4550 —
870 4510 1080 4574 αύτούς.
1150 4509 1262 4565 Ἰνα
1352 4512 1500 4566 πλέον
1571 4511 1842 4586 ἁγωνιάσω

2055 4521 2218 4574 Vers.
2253 4520 2342 4572 48.
2388 4515 2741 4588 Volebatque
2769 4547 2837 4558 —
2864 4517 3014 4574 illos.
3050 4517 3118 4576 Ut
3142 4517 3355 4576 fortius
3385 4523 3540 4577 esset
3564 4519 3650 4577 eis

259 4615 368 4653 σιν.

1986 4613 2310 4665 certamen.

337 4690 404 4741 Oi
435 4685 495 4741 δὴ
542 4719 609 4729 --
653 4693 725 4762 μὴ
773 4689 1036 4763 φοϐεῖσθε.
1083 4695 1182 4745 Kal
1229 4696 1346 4765 περὶ
1390 4695 1583 4746 τούτων
1615 4693 1662 4746 ἐν
1703 4693 1842 4748 ἐκείνη

2057 4701 2220 4754 Vers.
2261 4700 2348 4753 49.
2386 4695 2489 4752 Illi
2524 4701 2723 4753 autem
2763 4727 2831 4736 —-
2871 4698 3033 4756 Vers.
3076 4701 3164 4755 50.
3206 4698 3385 4756 nolite
3422 4697 3645 4756 limere.

261 4781 493 4854 εἴρηται.

1986 4788 2176 4845 Etiam
2205 4786 2280 4843 de
2311 4786 2403 4843 his
2433 4785 2660 4841 ibidem
2692 4786 2918 4842 dictum
2949 4792 3058 4843 est.
3359 4782 3362 4786 ’
3493 4773 3497 4782 ’

343 4873 442 4920 Καὶ
500 4865 652 4926 ἀνέϐη
709 4899 776 4910 -
831 4870 1034 4942 ἀνιμος.
1095 4875 1364 4944 Συνίτιμεν
1427 4874 1453 4925 ὁ
1529 4875 1741 4948 Μάρκος
1811 4895 1839 4928 τ

2058 4877 2226 4932 Vers.
2271 4877 2357 4932 51.
2406 4877 2483 4932 Et
2513 4875 2766 4932 ascendit
2795 4906 2864 4916 —
2899 4882 3123 4934 ventus.
3174 4876 3382 4934 Omisit
3425 4880 3654 4935 Marcus

262 4959 401 5009 κατὰ
455 4961 540 5010 τὸν
599 4962 812 5029 Πέτρον,
867 4961 940 5012 ἔτι
997 4956 1057 5012 δὴ
1087 4966 1176 5014 καὶ
1207 4963 1233 5012 ὁ
1266 4963 1502 5024 Ἰωάννης
1537 4981 1548 4992 ⁸
1579 4965 1603 5016 ό
1637 4961 1695 5017 δὲ
1729 4971 1842 5018 Ματ

1986 4985 2122 5040 quae
2179 4967 2255 5023 de
2294 4967 2462 5021 Petro
2501 4964 2886 5031 acciderunt;
2956 4965 3220 5022 similiter
3258 4970 3316 5022 et
3365 4965 3652 5022 Joannes.

267 5048 416 5109 θαῑος
438 5052 530 5100 καὶ
554 5055 722 5101 ταῦτα
754 5056 928 5122 σαφῶς
959 5047 1269 5125 ἀνέγραψεν.

1987 5057 2291 5116 Μειὶῐὴεευε
2323 5071 2463 5110 vero
2490 5054 2800 5126 diligenter
2825 5054 2926 5110 illa
2952 5055 3328 5128 conscripsit.

338 5142 442 5189 Καὶ
462 5136 578 5189 λίαν
607 5168 674 5180 -
725 5142 1103 5212 πεπωρωμένη.
1147 5145 1248 5194 Kal
1289 5149 1458 5195 ταῦτα
1496 5144 1544 5194 ἓν
1592 5151 1660 5214 τῷ
1710 5147 1842 5197 τοιού

2060 5146 2226 5202 Vers.
2261 5149 2346 5199 5i.
2375 5145 2449 5198 Et
2478 5144 2847 5200 vehementer
2878 5175 2944 5183 —
2983 5145 3144 5200 Vers.
3182 5148 3267 5199 5'2.
3299 5144 3656 5203 obcaecatum

259 5245 334 5298 τῳ
365 5226 627 5299 κεφαλαίῳ
657 5223 692 5279 δ
698 5230 1070 5300 ιασισάφηται.

1990 5243 2131 5294 erat.
2167 5233 2356 5291 Etiam
2388 5235 2516 5289 haec
2547 5232 2761 5288 eodem
2793 5233 2986 5306 capite
3018 5238 3156 5289 sunt
3185 5232 3528 5305 explanata.

336 5321 439 5368 Kal
499 5312 908 5390 διαπεράσαντες
960 5349 1030 5360 -
1080 5320 1356 5383 ισὼζοντο.
1410 5323 1552 5377 Ἐκεῖ
1620 5328 1709 5376 καὶ
1763 5343 1842 5401 πεί

2067 5326 2229 5382 Vers.
2245 5327 2332 5380 53.
2356 5322 2995 5395 Cumquetrajecissent
3017 5354 3085 5363 —
3107 5323 3268 5381 Vers.
3287 5323 3372 5381 56.
3393 5321 3546 5381 salvi
3560 5324 3661 5396 ﬁe-

330 5441 380 5476 ⁶⁹
411 5439 622 5499 Matth.
667 5457 762 5511 xv,
801 5445 894 5500 23.

1529 5581 1756 5652 Variae
1789 5581 2122 5654 lectiones
2159 5591 2224 5651 et
2251 5593 2455 5652 notae.

246 5809 252 5818 ι
333 5727 452 5800 (55)
485 5727 803 5784 Hentenius
833 5728 1068 5786 videtur
1095 5729 1308 5804 legisse
1338 5730 1589 5808 ιύκαίριι,
1622 5735 1789 5811 quod
1817 5739 2119 5816 repugnat
2149 5737 2383 5810 utrique
2413 5750 2712 5795 meorum.

564 5827 804 5882 PATROL.
848 5828 952 5886 Gn.
993 5827 1240 5888 CXXIX.
1655 5825 1678 5834 ”
1793 5829 1796 5832 ’

3305 5835 3380 5890 26
