  <div class='ocr_page' id='page_1' title='image "/cluster/home/n/w/nwhite01/storage/ocr_20150623/129/coo.31924054870344/416.png"; bbox 0 0 4074 6420; ppageno 0'>
   <div class='ocr_carea' id='block_1_1' title="bbox 210 407 316 462">
    <p class='ocr_par' dir='ltr' id='par_1_1' title="bbox 210 407 316 462">
     <span class='ocr_line' id='line_1_1' title="bbox 210 407 316 462; baseline -0.028 0"><span class='ocrx_word' id='word_1_1' title='bbox 210 407 316 462; x_wconf 75' lang='grc'><strong>813</strong></span> 
     </span>
    </p>
   </div>
   <div class='ocr_carea' id='block_1_2' title="bbox 207 525 1304 603">
    <p class='ocr_par' dir='ltr' id='par_1_2' title="bbox 207 525 1304 603">
     <span class='ocr_line' id='line_1_2' title="bbox 207 525 1304 603; baseline -0.012 -19"><span class='ocrx_word' id='word_1_2' title='bbox 207 540 312 603; x_wconf 75' lang='grc' dir='ltr'><strong>γεί,</strong></span> <span class='ocrx_word' id='word_1_3' title='bbox 393 527 466 582; x_wconf 86' lang='grc' dir='ltr'><strong>δι’</strong></span> <span class='ocrx_word' id='word_1_4' title='bbox 535 527 779 600; x_wconf 72' lang='grc' dir='ltr'>ὠφέλειαν</span> <span class='ocrx_word' id='word_1_5' title='bbox 860 533 960 579; x_wconf 85' lang='grc' dir='ltr'>τῶν</span> <span class='ocrx_word' id='word_1_6' title='bbox 1027 525 1260 600; x_wconf 78' lang='grc' dir='ltr'><strong>ὁρώντων</strong></span> <span class='ocrx_word' id='word_1_7' title='bbox 1293 537 1304 551; x_wconf 89' lang='grc'><strong>·</strong></span> 
     </span>
    </p>
   </div>
   <div class='ocr_carea' id='block_1_3' title="bbox 213 609 1823 691">
    <p class='ocr_par' dir='ltr' id='par_1_3' title="bbox 213 609 1823 691">
     <span class='ocr_line' id='line_1_3' title="bbox 213 609 1823 691; baseline -0.012 -18"><span class='ocrx_word' id='word_1_8' title='bbox 213 619 376 689; x_wconf 73' lang='grc' dir='ltr'>ἰδίαν,</span> <span class='ocrx_word' id='word_1_9' title='bbox 422 617 514 672; x_wconf 70' lang='grc' dir='ltr'><strong>διὰ</strong></span> <span class='ocrx_word' id='word_1_10' title='bbox 560 621 620 670; x_wconf 88' lang='grc' dir='ltr'>τὸ</span> <span class='ocrx_word' id='word_1_11' title='bbox 666 621 864 691; x_wconf 70' lang='grc' dir='ltr'>φεύγειν</span> <span class='ocrx_word' id='word_1_12' title='bbox 909 619 995 668; x_wconf 86' lang='grc' dir='ltr'>τὸν</span> <span class='ocrx_word' id='word_1_13' title='bbox 1046 617 1274 677; x_wconf 73' lang='grc' dir='ltr'>ἔπαινον,</span> <span class='ocrx_word' id='word_1_14' title='bbox 1335 611 1405 669; x_wconf 83' lang='grc' dir='ltr'><strong>ὡς</strong></span> <span class='ocrx_word' id='word_1_15' title='bbox 1452 609 1616 678; x_wconf 75' lang='grc' dir='ltr'>τύφου</span> <span class='ocrx_word' id='word_1_16' title='bbox 1643 622 1823 676; x_wconf 72' lang='grc' dir='ltr'>γεννη-</span> 
     </span>
    </p>
   </div>
   <div class='ocr_carea' id='block_1_4' title="bbox 213 689 1823 766">
    <p class='ocr_par' dir='ltr' id='par_1_4' title="bbox 213 689 1823 766">
     <span class='ocr_line' id='line_1_4' title="bbox 213 689 1823 766; baseline -0.013 -3"><span class='ocrx_word' id='word_1_17' title='bbox 213 717 378 764; x_wconf 83' lang='grc' dir='ltr'>τικόν.</span> <span class='ocrx_word' id='word_1_18' title='bbox 421 706 612 764; x_wconf 80' lang='grc' dir='ltr'>Ἐϐαλε</span> <span class='ocrx_word' id='word_1_19' title='bbox 666 704 725 759; x_wconf 75' lang='grc' dir='ltr'><strong>δε</strong></span> <span class='ocrx_word' id='word_1_20' title='bbox 776 710 892 766; x_wconf 86' lang='grc' dir='ltr'>τούς</span> <span class='ocrx_word' id='word_1_21' title='bbox 945 701 1234 762; x_wconf 77' lang='grc' dir='ltr'><strong>δακτύλους</strong></span> <span class='ocrx_word' id='word_1_22' title='bbox 1275 699 1433 752; x_wconf 75' lang='grc' dir='ltr'>αύτού</span> <span class='ocrx_word' id='word_1_23' title='bbox 1481 697 1546 756; x_wconf 85' lang='grc' dir='ltr'><strong>εἰς</strong></span> <span class='ocrx_word' id='word_1_24' title='bbox 1598 697 1664 746; x_wconf 84' lang='grc' dir='ltr'>τὰ</span> <span class='ocrx_word' id='word_1_25' title='bbox 1716 689 1823 743; x_wconf 81' lang='grc' dir='ltr'>ὦτα</span> 
     </span>
    </p>
   </div>
   <div class='ocr_carea' id='block_1_5' title="bbox 216 779 1818 870">
    <p class='ocr_par' dir='ltr' id='par_1_5' title="bbox 216 779 1818 870">
     <span class='ocr_line' id='line_1_5' title="bbox 216 779 1818 870; baseline -0.011 -18"><span class='ocrx_word' id='word_1_26' title='bbox 216 800 399 863; x_wconf 72' lang='grc' dir='ltr'>αὑτοῦ,</span> <span class='ocrx_word' id='word_1_27' title='bbox 429 799 515 850; x_wconf 77' lang='grc' dir='ltr'>ἕνα</span> <span class='ocrx_word' id='word_1_28' title='bbox 556 799 647 870; x_wconf 68' lang='grc' dir='ltr'><strong>μὲν</strong></span> <span class='ocrx_word' id='word_1_29' title='bbox 686 804 778 858; x_wconf 83' lang='grc' dir='ltr'>τῆς</span> <span class='ocrx_word' id='word_1_30' title='bbox 827 794 998 857; x_wconf 76' lang='grc' dir='ltr'>δεξιᾶς</span> <span class='ocrx_word' id='word_1_31' title='bbox 1042 797 1242 865; x_wconf 81' lang='grc' dir='ltr'>χειρὸς,</span> <span class='ocrx_word' id='word_1_32' title='bbox 1286 791 1356 851; x_wconf 87' lang='grc' dir='ltr'><strong>εἰς</strong></span> <span class='ocrx_word' id='word_1_33' title='bbox 1398 795 1547 840; x_wconf 75' lang='grc' dir='ltr'>τοῦτο</span> <span class='ocrx_word' id='word_1_34' title='bbox 1591 787 1648 837; x_wconf 87' lang='grc' dir='ltr'><strong>τό</strong></span> <span class='ocrx_word' id='word_1_35' title='bbox 1689 779 1818 843; x_wconf 81' lang='grc' dir='ltr'>οὖς·</span> 
     </span>
    </p>
   </div>
   <div class='ocr_carea' id='block_1_6' title="bbox 217 876 1824 961">
    <p class='ocr_par' dir='ltr' id='par_1_6' title="bbox 217 876 1824 961">
     <span class='ocr_line' id='line_1_6' title="bbox 217 876 1824 961; baseline -0.012 -19"><span class='ocrx_word' id='word_1_36' title='bbox 217 894 306 942; x_wconf 79' lang='grc' dir='ltr'>ἕνα</span> <span class='ocrx_word' id='word_1_37' title='bbox 344 886 403 942; x_wconf 76' lang='grc' dir='ltr'><strong>δε</strong></span> <span class='ocrx_word' id='word_1_38' title='bbox 438 895 528 947; x_wconf 76' lang='grc' dir='ltr'>τῆς</span> <span class='ocrx_word' id='word_1_39' title='bbox 578 887 872 961; x_wconf 67' lang='grc' dir='ltr'>ἀριστερᾶς,</span> <span class='ocrx_word' id='word_1_40' title='bbox 924 883 995 945; x_wconf 84' lang='grc' dir='ltr'>εἰς</span> <span class='ocrx_word' id='word_1_41' title='bbox 1034 883 1214 946; x_wconf 86' lang='grc' dir='ltr'>ἐκεῖνο,</span> <span class='ocrx_word' id='word_1_42' title='bbox 1263 876 1356 932; x_wconf 81' lang='grc' dir='ltr'>διὰ</span> <span class='ocrx_word' id='word_1_43' title='bbox 1411 879 1467 929; x_wconf 77' lang='grc' dir='ltr'><strong>τό</strong></span> <span class='ocrx_word' id='word_1_44' title='bbox 1513 877 1686 927; x_wconf 84' lang='grc' dir='ltr'>στενόν</span> <span class='ocrx_word' id='word_1_45' title='bbox 1735 877 1824 924; x_wconf 87' lang='grc' dir='ltr'>καὶ</span> 
     </span>
    </p>
   </div>
   <div class='ocr_carea' id='block_1_7' title="bbox 219 961 1824 1052">
    <p class='ocr_par' dir='ltr' id='par_1_7' title="bbox 219 961 1824 1052">
     <span class='ocr_line' id='line_1_7' title="bbox 219 961 1824 1052; baseline -0.011 -21"><span class='ocrx_word' id='word_1_46' title='bbox 219 979 360 1052; x_wconf 73' lang='grc' dir='ltr'>βαθύ</span> <span class='ocrx_word' id='word_1_47' title='bbox 391 987 486 1038; x_wconf 77' lang='grc' dir='ltr'>τῆς</span> <span class='ocrx_word' id='word_1_48' title='bbox 516 978 694 1039; x_wconf 69' lang='grc' dir='ltr'>ἀκοῆς,</span> <span class='ocrx_word' id='word_1_49' title='bbox 729 976 811 1025; x_wconf 86' lang='grc' dir='ltr'>ἶνα</span> <span class='ocrx_word' id='word_1_50' title='bbox 855 973 969 1045; x_wconf 81' lang='grc' dir='ltr'>θίξη</span> <span class='ocrx_word' id='word_1_51' title='bbox 1024 975 1216 1031; x_wconf 89' lang='grc' dir='ltr'>ταύτης</span> <span class='ocrx_word' id='word_1_52' title='bbox 1257 1013 1267 1023; x_wconf 94' lang='grc'><strong>.</strong></span> <span class='ocrx_word' id='word_1_53' title='bbox 1316 963 1576 1020; x_wconf 81' lang='grc' dir='ltr'>Ἠδύνατο</span> <span class='ocrx_word' id='word_1_54' title='bbox 1622 961 1680 1016; x_wconf 76' lang='grc' dir='ltr'>δὲ</span> <span class='ocrx_word' id='word_1_55' title='bbox 1735 968 1824 1014; x_wconf 82' lang='grc' dir='ltr'>καὶ</span> 
     </span>
    </p>
   </div>
   <div class='ocr_carea' id='block_1_8' title="bbox 224 1057 1823 1142">
    <p class='ocr_par' dir='ltr' id='par_1_8' title="bbox 224 1057 1823 1142">
     <span class='ocr_line' id='line_1_8' title="bbox 224 1057 1823 1142; baseline -0.011 -22"><span class='ocrx_word' id='word_1_56' title='bbox 224 1074 408 1142; x_wconf 82' lang='grc' dir='ltr'>τρόπον</span> <span class='ocrx_word' id='word_1_57' title='bbox 459 1067 623 1139; x_wconf 79' lang='grc' dir='ltr'>ἕτερον</span> <span class='ocrx_word' id='word_1_58' title='bbox 683 1067 998 1136; x_wconf 80' lang='grc' dir='ltr'>θεραπεῦσαι</span> <span class='ocrx_word' id='word_1_59' title='bbox 1058 1061 1234 1128; x_wconf 70' lang='grc' dir='ltr'>αὐτόν,</span> <span class='ocrx_word' id='word_1_60' title='bbox 1296 1057 1402 1109; x_wconf 79' lang='grc' dir='ltr'>ἀλλ’</span> <span class='ocrx_word' id='word_1_61' title='bbox 1465 1058 1546 1106; x_wconf 86' lang='grc' dir='ltr'><strong>ἱνα</strong></span> <span class='ocrx_word' id='word_1_62' title='bbox 1605 1062 1823 1125; x_wconf 66' lang='grc' dir='ltr'>γνῶμεν,</span> 
     </span>
    </p>
   </div>
   <div class='ocr_carea' id='block_1_9' title="bbox 219 1138 1828 1228">
    <p class='ocr_par' dir='ltr' id='par_1_9' title="bbox 219 1138 1828 1228">
     <span class='ocr_line' id='line_1_9' title="bbox 219 1138 1828 1228; baseline -0.011 -19"><span class='ocrx_word' id='word_1_63' title='bbox 219 1161 301 1210; x_wconf 82' lang='grc' dir='ltr'>ὅτι</span> <span class='ocrx_word' id='word_1_64' title='bbox 344 1164 445 1209; x_wconf 79' lang='grc' dir='ltr'>πᾶν</span> <span class='ocrx_word' id='word_1_65' title='bbox 493 1160 648 1228; x_wconf 78' lang='grc' dir='ltr'>μέρος</span> <span class='ocrx_word' id='word_1_66' title='bbox 701 1161 791 1205; x_wconf 78' lang='grc' dir='ltr'>τοῦ</span> <span class='ocrx_word' id='word_1_67' title='bbox 839 1152 990 1224; x_wconf 75' lang='grc' dir='ltr'>ἁγίου</span> <span class='ocrx_word' id='word_1_68' title='bbox 1043 1157 1284 1223; x_wconf 72' lang='grc' dir='ltr'>σώματος</span> <span class='ocrx_word' id='word_1_69' title='bbox 1337 1147 1496 1198; x_wconf 67' lang='grc' dir='ltr'>αὐτού</span> <span class='ocrx_word' id='word_1_70' title='bbox 1553 1147 1690 1205; x_wconf 83' lang='grc' dir='ltr'><strong>θείας</strong></span> <span class='ocrx_word' id='word_1_71' title='bbox 1736 1138 1828 1194; x_wconf 88' lang='grc' dir='ltr'>δυ-</span> 
     </span>
    </p>
   </div>
   <div class='ocr_carea' id='block_1_10' title="bbox 220 1233 1828 1319">
    <p class='ocr_par' dir='ltr' id='par_1_10' title="bbox 220 1233 1828 1319">
     <span class='ocr_line' id='line_1_10' title="bbox 220 1233 1828 1319; baseline -0.01 -20"><span class='ocrx_word' id='word_1_72' title='bbox 220 1251 416 1319; x_wconf 71' lang='grc' dir='ltr'>νάμεως</span> <span class='ocrx_word' id='word_1_73' title='bbox 455 1248 646 1317; x_wconf 75' lang='grc' dir='ltr'>μεστόν</span> <span class='ocrx_word' id='word_1_74' title='bbox 687 1240 747 1301; x_wconf 69' lang='grc' dir='ltr'>ἦν</span> <span class='ocrx_word' id='word_1_75' title='bbox 801 1285 813 1296; x_wconf 94' lang='grc'><strong>.</strong></span> <span class='ocrx_word' id='word_1_76' title='bbox 868 1239 1010 1295; x_wconf 81' lang='grc' dir='ltr'>Ἰδού</span> <span class='ocrx_word' id='word_1_77' title='bbox 1069 1243 1170 1314; x_wconf 72' lang='grc' dir='ltr'><strong>γὰρ</strong></span> <span class='ocrx_word' id='word_1_78' title='bbox 1227 1243 1315 1290; x_wconf 88' lang='grc' dir='ltr'>καὶ</span> <span class='ocrx_word' id='word_1_79' title='bbox 1365 1240 1420 1288; x_wconf 88' lang='grc' dir='ltr'><strong>τό</strong></span> <span class='ocrx_word' id='word_1_80' title='bbox 1463 1233 1674 1288; x_wconf 88' lang='grc' dir='ltr'>πτύελον</span> <span class='ocrx_word' id='word_1_81' title='bbox 1736 1239 1828 1284; x_wconf 75' lang='grc' dir='ltr'>τοῦ</span> 
     </span>
    </p>
   </div>
   <div class='ocr_carea' id='block_1_11' title="bbox 223 1323 1828 1410">
    <p class='ocr_par' dir='ltr' id='par_1_11' title="bbox 223 1323 1828 1410">
     <span class='ocr_line' id='line_1_11' title="bbox 223 1323 1828 1410; baseline -0.011 -21"><span class='ocrx_word' id='word_1_82' title='bbox 223 1337 496 1410; x_wconf 80' lang='grc' dir='ltr'>ἁχράντού</span> <span class='ocrx_word' id='word_1_83' title='bbox 552 1337 830 1405; x_wconf 78' lang='grc' dir='ltr'>στόματος,</span> <span class='ocrx_word' id='word_1_84' title='bbox 890 1331 1002 1403; x_wconf 79' lang='grc' dir='ltr'>μεθ’</span> <span class='ocrx_word' id='word_1_85' title='bbox 1064 1330 1123 1380; x_wconf 80' lang='grc' dir='ltr'><strong>ού</strong></span> <span class='ocrx_word' id='word_1_86' title='bbox 1177 1337 1267 1389; x_wconf 71' lang='grc' dir='ltr'>τῆς</span> <span class='ocrx_word' id='word_1_87' title='bbox 1335 1334 1534 1398; x_wconf 73' lang='grc' dir='ltr'><strong>μογγῆς</strong></span> <span class='ocrx_word' id='word_1_88' title='bbox 1585 1323 1828 1393; x_wconf 74' lang='grc' dir='ltr'>γλώσσης</span> 
     </span>
    </p>
   </div>
   <div class='ocr_carea' id='block_1_12' title="bbox 224 1409 1829 1496">
    <p class='ocr_par' dir='ltr' id='par_1_12' title="bbox 224 1409 1829 1496">
     <span class='ocr_line' id='line_1_12' title="bbox 224 1409 1829 1496; baseline -0.01 -19"><span class='ocrx_word' id='word_1_89' title='bbox 224 1427 421 1496; x_wconf 70' lang='grc' dir='ltr'>ἣψατο,</span> <span class='ocrx_word' id='word_1_90' title='bbox 473 1425 607 1483; x_wconf 82' lang='grc' dir='ltr'>Θείας</span> <span class='ocrx_word' id='word_1_91' title='bbox 645 1429 855 1494; x_wconf 78' lang='grc' dir='ltr'>μετεῖχε</span> <span class='ocrx_word' id='word_1_92' title='bbox 899 1417 1183 1491; x_wconf 74' lang='grc' dir='ltr'>δυνάμεως,</span> <span class='ocrx_word' id='word_1_93' title='bbox 1238 1421 1325 1468; x_wconf 84' lang='grc' dir='ltr'>καὶ</span> <span class='ocrx_word' id='word_1_94' title='bbox 1372 1418 1542 1467; x_wconf 74' lang='grc' dir='ltr'>πάντα</span> <span class='ocrx_word' id='word_1_95' title='bbox 1590 1409 1647 1464; x_wconf 78' lang='grc' dir='ltr'><strong>δε</strong></span> <span class='ocrx_word' id='word_1_96' title='bbox 1703 1413 1829 1464; x_wconf 77' lang='grc' dir='ltr'>πάν-</span> 
     </span>
    </p>
   </div>
   <div class='ocr_carea' id='block_1_13' title="bbox 222 1497 1825 1584">
    <p class='ocr_par' dir='ltr' id='par_1_13' title="bbox 222 1497 1825 1584">
     <span class='ocr_line' id='line_1_13' title="bbox 222 1497 1825 1584; baseline -0.01 -18"><span class='ocrx_word' id='word_1_97' title='bbox 222 1535 325 1574; x_wconf 89' lang='grc' dir='ltr'><strong>τως</strong></span> <span class='ocrx_word' id='word_1_98' title='bbox 356 1517 422 1565; x_wconf 84' lang='grc' dir='ltr'>τὰ</span> <span class='ocrx_word' id='word_1_99' title='bbox 450 1517 820 1584; x_wconf 72' lang='grc' dir='ltr'>περιττώματα</span> <span class='ocrx_word' id='word_1_100' title='bbox 847 1517 938 1562; x_wconf 75' lang='grc' dir='ltr'>τοῦ</span> <span class='ocrx_word' id='word_1_101' title='bbox 972 1505 1278 1580; x_wconf 82' lang='grc' dir='ltr'>θεανδρικοῡ</span> <span class='ocrx_word' id='word_1_102' title='bbox 1320 1511 1557 1575; x_wconf 64' lang='grc' dir='ltr'>σώματος</span> <span class='ocrx_word' id='word_1_103' title='bbox 1588 1501 1717 1573; x_wconf 74' lang='grc' dir='ltr'>οἷσγια</span> <span class='ocrx_word' id='word_1_104' title='bbox 1745 1497 1825 1566; x_wconf 74' lang='grc' dir='ltr'>ἦν,</span> 
     </span>
    </p>
   </div>
   <div class='ocr_carea' id='block_1_14' title="bbox 225 1591 1830 1672">
    <p class='ocr_par' dir='ltr' id='par_1_14' title="bbox 225 1591 1830 1672">
     <span class='ocr_line' id='line_1_14' title="bbox 225 1591 1830 1672; baseline -0.009 -17"><span class='ocrx_word' id='word_1_105' title='bbox 225 1607 297 1666; x_wconf 81' lang='grc' dir='ltr'>ὡς</span> <span class='ocrx_word' id='word_1_106' title='bbox 330 1605 574 1654; x_wconf 83' lang='grc' dir='ltr'>τοιούτου</span> <span class='ocrx_word' id='word_1_107' title='bbox 626 1606 887 1672; x_wconf 81' lang='grc' dir='ltr'>σώματος.</span> <span class='ocrx_word' id='word_1_108' title='bbox 934 1598 1214 1671; x_wconf 73' lang='grc' dir='ltr'>Ἐνηργουν</span> <span class='ocrx_word' id='word_1_109' title='bbox 1269 1591 1328 1648; x_wconf 78' lang='grc' dir='ltr'><strong>δε</strong></span> <span class='ocrx_word' id='word_1_110' title='bbox 1376 1599 1527 1666; x_wconf 73' lang='grc' dir='ltr'>μόνον</span> <span class='ocrx_word' id='word_1_111' title='bbox 1586 1591 1720 1662; x_wconf 82' lang='grc'>(58),</span> <span class='ocrx_word' id='word_1_112' title='bbox 1749 1591 1830 1642; x_wconf 82' lang='grc' dir='ltr'>ὅτε</span> 
     </span>
    </p>
   </div>
   <div class='ocr_carea' id='block_1_15' title="bbox 224 1691 396 1751">
    <p class='ocr_par' dir='ltr' id='par_1_15' title="bbox 224 1691 396 1751">
     <span class='ocr_line' id='line_1_15' title="bbox 224 1691 396 1751; baseline 0 -7"><span class='ocrx_word' id='word_1_113' title='bbox 224 1691 396 1751; x_wconf 78' lang='grc' dir='ltr'>ἤθελε.</span> 
     </span>
    </p>
   </div>
   <div class='ocr_carea' id='block_1_16' title="bbox 307 1772 1834 1850">
    <p class='ocr_par' dir='ltr' id='par_1_16' title="bbox 307 1772 1834 1850">
     <span class='ocr_line' id='line_1_16' title="bbox 307 1772 1834 1850; baseline -0.008 -17"><span class='ocrx_word' id='word_1_114' title='bbox 307 1785 407 1834; x_wconf 69' lang='grc' dir='ltr'><strong>Καὶ</strong></span> <span class='ocrx_word' id='word_1_115' title='bbox 453 1778 502 1831; x_wconf 81' lang='grc' dir='ltr'>ἐν</span> <span class='ocrx_word' id='word_1_116' title='bbox 550 1788 620 1849; x_wconf 79' lang='grc' dir='ltr'>τῷ</span> <span class='ocrx_word' id='word_1_117' title='bbox 672 1779 887 1848; x_wconf 81' lang='grc' dir='ltr'>εἰκοστῷ</span> <span class='ocrx_word' id='word_1_118' title='bbox 946 1772 1004 1829; x_wconf 74' lang='grc' dir='ltr'><strong>δε</strong></span> <span class='ocrx_word' id='word_1_119' title='bbox 1047 1780 1203 1850; x_wconf 80' lang='grc' dir='ltr'>τρίτῳ</span> <span class='ocrx_word' id='word_1_120' title='bbox 1250 1772 1508 1845; x_wconf 66' lang='grc' dir='ltr'>κεφαλαίῳ</span> <span class='ocrx_word' id='word_1_121' title='bbox 1557 1778 1647 1822; x_wconf 82' lang='grc' dir='ltr'>τοῦ</span> <span class='ocrx_word' id='word_1_122' title='bbox 1700 1788 1834 1844; x_wconf 87' lang='grc' dir='ltr'>παρ-</span> 
     </span>
    </p>
   </div>
   <div class='ocr_carea' id='block_1_17' title="bbox 226 1865 1307 1940">
    <p class='ocr_par' dir='ltr' id='par_1_17' title="bbox 226 1865 1307 1940">
     <span class='ocr_line' id='line_1_17' title="bbox 226 1865 1307 1940; baseline -0.009 -16"><span class='ocrx_word' id='word_1_123' title='bbox 226 1879 376 1932; x_wconf 87' lang='grc' dir='ltr'>όντος</span> <span class='ocrx_word' id='word_1_124' title='bbox 445 1868 830 1940; x_wconf 73' lang='grc' dir='ltr'>Εύαγγελιστοῡ</span> <span class='ocrx_word' id='word_1_125' title='bbox 903 1865 1103 1936; x_wconf 83' lang='grc' dir='ltr'>πτυέλῳ</span> <span class='ocrx_word' id='word_1_126' title='bbox 1176 1868 1307 1938; x_wconf 86' lang='grc' dir='ltr'>πρός</span> 
     </span>
    </p>
   </div>
   <div class='ocr_carea' id='block_1_18' title="bbox 229 1947 1835 2035">
    <p class='ocr_par' dir='ltr' id='par_1_18' title="bbox 229 1947 1835 2035">
     <span class='ocr_line' id='line_1_18' title="bbox 229 1947 1835 2035; baseline -0.008 -22"><span class='ocrx_word' id='word_1_127' title='bbox 229 1965 508 2035; x_wconf 73' lang='grc' dir='ltr'>ἐχρήσατο</span> <span class='ocrx_word' id='word_1_128' title='bbox 537 1965 628 2009; x_wconf 79' lang='grc' dir='ltr'>τοῦ</span> <span class='ocrx_word' id='word_1_129' title='bbox 675 1955 888 2028; x_wconf 67' lang='grc' dir='ltr'>τυφλοῦ,</span> <span class='ocrx_word' id='word_1_130' title='bbox 922 1960 1007 2007; x_wconf 83' lang='grc' dir='ltr'>καὶ</span> <span class='ocrx_word' id='word_1_131' title='bbox 1058 1953 1106 2005; x_wconf 83' lang='grc' dir='ltr'>ἐν</span> <span class='ocrx_word' id='word_1_132' title='bbox 1150 1961 1221 2023; x_wconf 79' lang='grc' dir='ltr'><strong>τῳ</strong></span> <span class='ocrx_word' id='word_1_133' title='bbox 1255 1950 1456 2022; x_wconf 75' lang='grc' dir='ltr'>δικάτῳ</span> <span class='ocrx_word' id='word_1_134' title='bbox 1507 1947 1564 2002; x_wconf 74' lang='grc' dir='ltr'>δὲ</span> <span class='ocrx_word' id='word_1_135' title='bbox 1605 1957 1695 2001; x_wconf 80' lang='grc' dir='ltr'><strong>τού</strong></span> <span class='ocrx_word' id='word_1_136' title='bbox 1725 1950 1835 2001; x_wconf 86' lang='grc' dir='ltr'><strong>Ἰω-</strong></span> 
     </span>
    </p>
   </div>
   <div class='ocr_carea' id='block_1_19' title="bbox 229 2040 1840 2117">
    <p class='ocr_par' dir='ltr' id='par_1_19' title="bbox 229 2040 1840 2117">
     <span class='ocr_line' id='line_1_19' title="bbox 229 2040 1840 2117; baseline -0.008 -15"><span class='ocrx_word' id='word_1_137' title='bbox 229 2055 409 2114; x_wconf 78' lang='grc' dir='ltr'>άννου,</span> <span class='ocrx_word' id='word_1_138' title='bbox 455 2051 536 2100; x_wconf 83' lang='grc' dir='ltr'>ὅτε</span> <span class='ocrx_word' id='word_1_139' title='bbox 566 2051 652 2098; x_wconf 84' lang='grc' dir='ltr'>τὸν</span> <span class='ocrx_word' id='word_1_140' title='bbox 696 2044 752 2097; x_wconf 80' lang='grc' dir='ltr'>ἐκ</span> <span class='ocrx_word' id='word_1_141' title='bbox 794 2054 997 2117; x_wconf 66' lang='grc' dir='ltr'>γενετῆς</span> <span class='ocrx_word' id='word_1_142' title='bbox 1054 2045 1170 2113; x_wconf 70' lang='grc'><strong>(59)</strong></span> <span class='ocrx_word' id='word_1_143' title='bbox 1219 2041 1406 2113; x_wconf 79' lang='grc' dir='ltr'>τυφλόν</span> <span class='ocrx_word' id='word_1_144' title='bbox 1450 2040 1654 2092; x_wconf 77' lang='grc' dir='ltr'>ἰάσατο.</span> <span class='ocrx_word' id='word_1_145' title='bbox 1702 2045 1840 2090; x_wconf 85' lang='grc' dir='ltr'><strong>Τοῦ-</strong></span> 
     </span>
    </p>
   </div>
   <div class='ocr_carea' id='block_1_20' title="bbox 229 2128 1840 2209">
    <p class='ocr_par' dir='ltr' id='par_1_20' title="bbox 229 2128 1840 2209">
     <span class='ocr_line' id='line_1_20' title="bbox 229 2128 1840 2209; baseline -0.008 -18"><span class='ocrx_word' id='word_1_146' title='bbox 229 2159 290 2192; x_wconf 90' lang='grc' dir='ltr'><strong>το</strong></span> <span class='ocrx_word' id='word_1_147' title='bbox 351 2135 410 2189; x_wconf 78' lang='grc' dir='ltr'><strong>δε</strong></span> <span class='ocrx_word' id='word_1_148' title='bbox 462 2135 623 2188; x_wconf 68' lang='grc' dir='ltr'>ἐποίει</span> <span class='ocrx_word' id='word_1_149' title='bbox 679 2139 804 2209; x_wconf 83' lang='grc' dir='ltr'>πρὸς</span> <span class='ocrx_word' id='word_1_150' title='bbox 878 2139 1136 2186; x_wconf 88' lang='grc' dir='ltr'>πίστωσιν</span> <span class='ocrx_word' id='word_1_151' title='bbox 1198 2139 1291 2192; x_wconf 83' lang='grc' dir='ltr'>τῆς</span> <span class='ocrx_word' id='word_1_152' title='bbox 1360 2132 1626 2201; x_wconf 78' lang='grc' dir='ltr'>ἡνωμένης</span> <span class='ocrx_word' id='word_1_153' title='bbox 1699 2128 1840 2198; x_wconf 75' lang='grc' dir='ltr'>αύτῲ</span> 
     </span>
    </p>
   </div>
   <div class='ocr_carea' id='block_1_21' title="bbox 234 2218 1844 2298">
    <p class='ocr_par' dir='ltr' id='par_1_21' title="bbox 234 2218 1844 2298">
     <span class='ocr_line' id='line_1_21' title="bbox 234 2218 1844 2298; baseline -0.009 -16"><span class='ocrx_word' id='word_1_154' title='bbox 234 2231 499 2287; x_wconf 78' lang='grc' dir='ltr'>θεότητος.</span> <span class='ocrx_word' id='word_1_155' title='bbox 552 2233 667 2287; x_wconf 83' lang='grc' dir='ltr'><strong>Πῶς</strong></span> <span class='ocrx_word' id='word_1_156' title='bbox 705 2227 806 2298; x_wconf 77' lang='grc' dir='ltr'><strong>’γὰρ</strong></span> <span class='ocrx_word' id='word_1_157' title='bbox 865 2224 926 2274; x_wconf 82' lang='grc' dir='ltr'>ἄν</span> <span class='ocrx_word' id='word_1_158' title='bbox 968 2221 1216 2297; x_wconf 71' lang='grc' dir='ltr'>ἐνήργουν</span> <span class='ocrx_word' id='word_1_159' title='bbox 1275 2227 1458 2288; x_wconf 77' lang='grc' dir='ltr'>ταῦτα,</span> <span class='ocrx_word' id='word_1_160' title='bbox 1502 2218 1544 2271; x_wconf 82' lang='grc' dir='ltr'><strong>εἰ</strong></span> <span class='ocrx_word' id='word_1_161' title='bbox 1587 2223 1658 2291; x_wconf 80' lang='grc' dir='ltr'><strong>μή</strong></span> <span class='ocrx_word' id='word_1_162' title='bbox 1712 2221 1844 2278; x_wconf 84' lang='grc' dir='ltr'>Θεὸς</span> 
     </span>
    </p>
   </div>
   <div class='ocr_carea' id='block_1_22' title="bbox 234 2316 346 2382">
    <p class='ocr_par' dir='ltr' id='par_1_22' title="bbox 234 2316 346 2382">
     <span class='ocr_line' id='line_1_22' title="bbox 234 2316 346 2382; baseline 0 -6"><span class='ocrx_word' id='word_1_163' title='bbox 234 2316 346 2382; x_wconf 61' lang='lat' dir='ltr'><strong>iv;</strong></span> 
     </span>
    </p>
   </div>
   <div class='ocr_carea' id='block_1_23' title="bbox 314 2396 1845 2479">
    <p class='ocr_par' dir='ltr' id='par_1_23' title="bbox 314 2396 1845 2479">
     <span class='ocr_line' id='line_1_23' title="bbox 314 2396 1845 2479; baseline -0.008 -19"><span class='ocrx_word' id='word_1_164' title='bbox 314 2411 414 2460; x_wconf 79' lang='grc' dir='ltr'><strong>Καὶ</strong></span> <span class='ocrx_word' id='word_1_165' title='bbox 446 2403 740 2475; x_wconf 72' lang='grc' dir='ltr'>ἀναϐλέψας</span> <span class='ocrx_word' id='word_1_166' title='bbox 781 2434 848 2444; x_wconf 89' lang='grc'><strong><em>-</em></strong></span> <span class='ocrx_word' id='word_1_167' title='bbox 881 2401 1066 2477; x_wconf 84' lang='grc' dir='ltr'>ὀρθῶς.</span> <span class='ocrx_word' id='word_1_168' title='bbox 1099 2398 1371 2470; x_wconf 74' lang='grc' dir='ltr'>’Λνέϐλεψε</span> <span class='ocrx_word' id='word_1_169' title='bbox 1400 2402 1489 2471; x_wconf 70' lang='grc' dir='ltr'><strong>μὲν</strong></span> <span class='ocrx_word' id='word_1_170' title='bbox 1519 2398 1591 2459; x_wconf 87' lang='grc' dir='ltr'><strong>εἰς</strong></span> <span class='ocrx_word' id='word_1_171' title='bbox 1639 2400 1724 2479; x_wconf 83' lang='grc' dir='ltr'><strong>τόν</strong></span> <span class='ocrx_word' id='word_1_172' title='bbox 1755 2396 1845 2448; x_wconf 80' lang='grc' dir='ltr'>ού-</span> 
     </span>
    </p>
   </div>
   <div class='ocr_carea' id='block_1_24' title="bbox 233 2490 1844 2573">
    <p class='ocr_par' dir='ltr' id='par_1_24' title="bbox 233 2490 1844 2573">
     <span class='ocr_line' id='line_1_24' title="bbox 233 2490 1844 2573; baseline -0.008 -24"><span class='ocrx_word' id='word_1_173' title='bbox 233 2500 412 2573; x_wconf 75' lang='grc' dir='ltr'>ρανόν,</span> <span class='ocrx_word' id='word_1_174' title='bbox 448 2491 722 2546; x_wconf 80' lang='grc' dir='ltr'>διδάσκων</span> <span class='ocrx_word' id='word_1_175' title='bbox 751 2496 872 2552; x_wconf 88' lang='grc' dir='ltr'>τούς</span> <span class='ocrx_word' id='word_1_176' title='bbox 910 2491 1180 2564; x_wconf 71' lang='grc' dir='ltr'>μέλλοντας</span> <span class='ocrx_word' id='word_1_177' title='bbox 1231 2491 1524 2564; x_wconf 75' lang='grc' dir='ltr'>θεραπεύειν</span> <span class='ocrx_word' id='word_1_178' title='bbox 1555 2490 1684 2560; x_wconf 87' lang='grc' dir='ltr'>πρὸς</span> <span class='ocrx_word' id='word_1_179' title='bbox 1717 2490 1844 2540; x_wconf 85' lang='grc' dir='ltr'>Θεὸν</span> 
     </span>
    </p>
   </div>
   <div class='ocr_carea' id='block_1_25' title="bbox 239 2572 1843 2659">
    <p class='ocr_par' dir='ltr' id='par_1_25' title="bbox 239 2572 1843 2659">
     <span class='ocr_line' id='line_1_25' title="bbox 239 2572 1843 2659; baseline -0.006 -23"><span class='ocrx_word' id='word_1_180' title='bbox 239 2585 459 2659; x_wconf 63' lang='grc' dir='ltr'>ἁφορᾲν,</span> <span class='ocrx_word' id='word_1_181' title='bbox 495 2589 584 2635; x_wconf 81' lang='grc' dir='ltr'>καὶ</span> <span class='ocrx_word' id='word_1_182' title='bbox 611 2582 730 2657; x_wconf 83' lang='grc' dir='ltr'>παρ’</span> <span class='ocrx_word' id='word_1_183' title='bbox 786 2581 944 2634; x_wconf 70' lang='grc' dir='ltr'>αὑτοῦ</span> <span class='ocrx_word' id='word_1_184' title='bbox 990 2577 1211 2652; x_wconf 78' lang='grc' dir='ltr'>δύναμιν</span> <span class='ocrx_word' id='word_1_185' title='bbox 1265 2579 1423 2631; x_wconf 85' lang='grc' dir='ltr'>αἰτεῖν</span> <span class='ocrx_word' id='word_1_186' title='bbox 1458 2597 1468 2608; x_wconf 80' lang='lat'>&#39;</span> <span class='ocrx_word' id='word_1_187' title='bbox 1505 2575 1737 2638; x_wconf 80' lang='grc' dir='ltr'>ἐστέναξε</span> <span class='ocrx_word' id='word_1_188' title='bbox 1765 2572 1843 2640; x_wconf 74' lang='grc' dir='ltr'><strong>δε,</strong></span> 
     </span>
    </p>
   </div>
   <div class='ocr_carea' id='block_1_26' title="bbox 240 2667 1845 2746">
    <p class='ocr_par' dir='ltr' id='par_1_26' title="bbox 240 2667 1845 2746">
     <span class='ocr_line' id='line_1_26' title="bbox 240 2667 1845 2746; baseline -0.008 -19"><span class='ocrx_word' id='word_1_189' title='bbox 240 2675 694 2746; x_wconf 73' lang='grc' dir='ltr'>ἔπικαμπτόμενος</span> <span class='ocrx_word' id='word_1_190' title='bbox 723 2679 831 2733; x_wconf 86' lang='grc' dir='ltr'>τοῖς</span> <span class='ocrx_word' id='word_1_191' title='bbox 857 2673 1048 2723; x_wconf 77' lang='grc' dir='ltr'>πάθεσι</span> <span class='ocrx_word' id='word_1_192' title='bbox 1076 2677 1166 2722; x_wconf 76' lang='grc' dir='ltr'>τοῦ</span> <span class='ocrx_word' id='word_1_193' title='bbox 1203 2667 1496 2740; x_wconf 73' lang='grc' dir='ltr'>ἀνθρώπου,</span> <span class='ocrx_word' id='word_1_194' title='bbox 1518 2670 1602 2717; x_wconf 79' lang='grc' dir='ltr'>καὶ</span> <span class='ocrx_word' id='word_1_195' title='bbox 1635 2683 1845 2716; x_wconf 86' lang='grc' dir='ltr'>κατοικ-</span> 
     </span>
    </p>
   </div>
   <div class='ocr_carea' id='block_1_27' title="bbox 240 2756 1846 2839">
    <p class='ocr_par' dir='ltr' id='par_1_27' title="bbox 240 2756 1846 2839">
     <span class='ocr_line' id='line_1_27' title="bbox 240 2756 1846 2839; baseline -0.008 -23"><span class='ocrx_word' id='word_1_196' title='bbox 240 2771 422 2839; x_wconf 84' lang='grc' dir='ltr'>τείρων</span> <span class='ocrx_word' id='word_1_197' title='bbox 476 2767 571 2821; x_wconf 74' lang='grc' dir='ltr'>τὴν</span> <span class='ocrx_word' id='word_1_198' title='bbox 621 2760 942 2836; x_wconf 79' lang='grc' dir='ltr'>ἀνθρωπίνην</span> <span class='ocrx_word' id='word_1_199' title='bbox 983 2763 1157 2832; x_wconf 75' lang='grc' dir='ltr'>φύσιν,</span> <span class='ocrx_word' id='word_1_200' title='bbox 1216 2759 1378 2820; x_wconf 73' lang='grc' dir='ltr'>οὕτως</span> <span class='ocrx_word' id='word_1_201' title='bbox 1432 2756 1846 2831; x_wconf 74' lang='grc' dir='ltr'>ἐπηρεαζομίνην</span> 
     </span>
    </p>
   </div>
   <div class='ocr_carea' id='block_1_28' title="bbox 241 2845 1850 2924">
    <p class='ocr_par' dir='ltr' id='par_1_28' title="bbox 241 2845 1850 2924">
     <span class='ocr_line' id='line_1_28' title="bbox 241 2845 1850 2924; baseline -0.007 -18"><span class='ocrx_word' id='word_1_202' title='bbox 241 2857 343 2906; x_wconf 88' lang='grc' dir='ltr'><strong>ύπό</strong></span> <span class='ocrx_word' id='word_1_203' title='bbox 383 2872 438 2906; x_wconf 86' lang='grc' dir='ltr'><strong>τι</strong></span> <span class='ocrx_word' id='word_1_204' title='bbox 470 2857 635 2907; x_wconf 84' lang='grc' dir='ltr'>νόσων</span> <span class='ocrx_word' id='word_1_205' title='bbox 666 2856 755 2904; x_wconf 79' lang='grc' dir='ltr'>καὶ</span> <span class='ocrx_word' id='word_1_206' title='bbox 787 2847 1069 2924; x_wconf 71' lang='grc' dir='ltr'>δαιμόνων,</span> <span class='ocrx_word' id='word_1_207' title='bbox 1101 2846 1193 2902; x_wconf 76' lang='grc' dir='ltr'><strong>διὰ</strong></span> <span class='ocrx_word' id='word_1_208' title='bbox 1223 2854 1315 2907; x_wconf 81' lang='grc' dir='ltr'><strong>την</strong></span> <span class='ocrx_word' id='word_1_209' title='bbox 1338 2855 1426 2908; x_wconf 76' lang='grc' dir='ltr'>τῆς</span> <span class='ocrx_word' id='word_1_210' title='bbox 1454 2846 1655 2906; x_wconf 79' lang='grc' dir='ltr'>ἐντολῆς</span> <span class='ocrx_word' id='word_1_211' title='bbox 1686 2845 1850 2916; x_wconf 76' lang='grc' dir='ltr'>παρά-</span> 
     </span>
    </p>
   </div>
   <div class='ocr_carea' id='block_1_29' title="bbox 246 2943 422 2998">
    <p class='ocr_par' dir='ltr' id='par_1_29' title="bbox 246 2943 422 2998">
     <span class='ocr_line' id='line_1_29' title="bbox 246 2943 422 2998; baseline 0.017 -3"><span class='ocrx_word' id='word_1_212' title='bbox 246 2943 422 2998; x_wconf 76' lang='grc' dir='ltr'>ϐασιν.</span> 
     </span>
    </p>
   </div>
   <div class='ocr_carea' id='block_1_30' title="bbox 323 3022 1850 3096">
    <p class='ocr_par' dir='ltr' id='par_1_30' title="bbox 323 3022 1850 3096">
     <span class='ocr_line' id='line_1_30' title="bbox 323 3022 1850 3096; baseline -0.007 -11"><span class='ocrx_word' id='word_1_213' title='bbox 323 3037 422 3085; x_wconf 76' lang='grc' dir='ltr'><strong>Καὶ</strong></span> <span class='ocrx_word' id='word_1_214' title='bbox 450 3028 775 3084; x_wconf 77' lang='grc' dir='ltr'>διεστείλατο</span> <span class='ocrx_word' id='word_1_215' title='bbox 805 3059 866 3070; x_wconf 88' lang='lat'><strong>-—</strong></span> <span class='ocrx_word' id='word_1_216' title='bbox 895 3028 1083 3081; x_wconf 89' lang='grc' dir='ltr'>λαλεῖν.</span> <span class='ocrx_word' id='word_1_217' title='bbox 1115 3033 1219 3086; x_wconf 78' lang='grc' dir='ltr'><strong>Τὴν</strong></span> <span class='ocrx_word' id='word_1_218' title='bbox 1242 3027 1434 3095; x_wconf 83' lang='grc' dir='ltr'>αἰτίαν,</span> <span class='ocrx_word' id='word_1_219' title='bbox 1462 3022 1532 3078; x_wconf 81' lang='grc' dir='ltr'><strong>δι’</strong></span> <span class='ocrx_word' id='word_1_220' title='bbox 1559 3025 1620 3084; x_wconf 74' lang='grc' dir='ltr'>ἣν</span> <span class='ocrx_word' id='word_1_221' title='bbox 1643 3029 1850 3096; x_wconf 75' lang='grc' dir='ltr'>παρηγο</span> 
     </span>
    </p>
   </div>
   <div class='ocr_carea' id='block_1_31' title="bbox 247 3115 1236 3195">
    <p class='ocr_par' dir='ltr' id='par_1_31' title="bbox 247 3115 1236 3195">
     <span class='ocr_line' id='line_1_31' title="bbox 247 3115 1236 3195; baseline -0.001 -21"><span class='ocrx_word' id='word_1_222' title='bbox 247 3121 383 3194; x_wconf 71' lang='grc' dir='ltr'>γειλε</span> <span class='ocrx_word' id='word_1_223' title='bbox 426 3126 602 3193; x_wconf 75' lang='grc' dir='ltr'>σιγᾷν,</span> <span class='ocrx_word' id='word_1_224' title='bbox 640 3120 916 3195; x_wconf 73' lang='grc' dir='ltr'>εἰρήκαμεν</span> <span class='ocrx_word' id='word_1_225' title='bbox 958 3115 1236 3190; x_wconf 78' lang='grc' dir='ltr'>διαφόρως.</span> 
     </span>
    </p>
   </div>
   <div class='ocr_carea' id='block_1_32' title="bbox 554 3313 1542 3388">
    <p class='ocr_par' dir='ltr' id='par_1_32' title="bbox 554 3313 1542 3388">
     <span class='ocr_line' id='line_1_32' title="bbox 554 3313 1542 3388; baseline -0.002 -19"><span class='ocrx_word' id='word_1_226' title='bbox 554 3321 699 3370; x_wconf 74' lang='grc' dir='ltr'>ΚΕΦ.</span> <span class='ocrx_word' id='word_1_227' title='bbox 734 3313 853 3371; x_wconf 68' lang='lat' dir='ltr'><strong>KA&#39;.</strong></span> <span class='ocrx_word' id='word_1_228' title='bbox 890 3320 1014 3388; x_wconf 76' lang='grc' dir='ltr'>Περὶ</span> <span class='ocrx_word' id='word_1_229' title='bbox 1052 3335 1153 3367; x_wconf 88' lang='grc' dir='ltr'><strong>των</strong></span> <span class='ocrx_word' id='word_1_230' title='bbox 1194 3313 1320 3368; x_wconf 74' lang='grc' dir='ltr'><strong>ἐπτά</strong></span> <span class='ocrx_word' id='word_1_231' title='bbox 1353 3314 1542 3385; x_wconf 83' lang='grc' dir='ltr'>ἄρτων.</span> 
     </span>
    </p>
   </div>
   <div class='ocr_carea' id='block_1_33' title="bbox 323 3422 1856 3496">
    <p class='ocr_par' dir='ltr' id='par_1_33' title="bbox 323 3422 1856 3496">
     <span class='ocr_line' id='line_1_33' title="bbox 323 3422 1856 3496; baseline -0.003 -20"><span class='ocrx_word' id='word_1_232' title='bbox 323 3425 404 3476; x_wconf 88' lang='grc' dir='ltr'>Ἐν</span> <span class='ocrx_word' id='word_1_233' title='bbox 478 3423 693 3485; x_wconf 81' lang='grc' dir='ltr'>ἐκείναις</span> <span class='ocrx_word' id='word_1_234' title='bbox 761 3454 828 3465; x_wconf 93' lang='grc'><strong><em>-</em></strong></span> <span class='ocrx_word' id='word_1_235' title='bbox 886 3425 1126 3480; x_wconf 73' lang='grc' dir='ltr'>ἣκουσιν.</span> <span class='ocrx_word' id='word_1_236' title='bbox 1205 3425 1424 3496; x_wconf 80' lang='grc' dir='ltr'>Εἴρηται</span> <span class='ocrx_word' id='word_1_237' title='bbox 1485 3425 1603 3492; x_wconf 85' lang='grc' dir='ltr'>περὶ</span> <span class='ocrx_word' id='word_1_238' title='bbox 1661 3422 1856 3472; x_wconf 82' lang='grc' dir='ltr'>τούτων</span> 
     </span>
    </p>
   </div>
   <div class='ocr_carea' id='block_1_34' title="bbox 245 3511 1858 3586">
    <p class='ocr_par' dir='ltr' id='par_1_34' title="bbox 245 3511 1858 3586">
     <span class='ocr_line' id='line_1_34' title="bbox 245 3511 1858 3586; baseline -0.003 -20"><span class='ocrx_word' id='word_1_239' title='bbox 245 3516 338 3566; x_wconf 76' lang='grc' dir='ltr'><strong>ἐπὶ</strong></span> <span class='ocrx_word' id='word_1_240' title='bbox 405 3513 582 3575; x_wconf 78' lang='grc' dir='ltr'>τελους</span> <span class='ocrx_word' id='word_1_241' title='bbox 663 3519 754 3565; x_wconf 81' lang='grc' dir='ltr'>τοῦ</span> <span class='ocrx_word' id='word_1_242' title='bbox 829 3518 1144 3586; x_wconf 83' lang='grc' dir='ltr'>τριακοστοῦ</span> <span class='ocrx_word' id='word_1_243' title='bbox 1223 3511 1500 3584; x_wconf 71' lang='grc' dir='ltr'>κεφαλαίου</span> <span class='ocrx_word' id='word_1_244' title='bbox 1567 3518 1657 3563; x_wconf 78' lang='grc' dir='ltr'>τοῦ</span> <span class='ocrx_word' id='word_1_245' title='bbox 1724 3512 1858 3562; x_wconf 82' lang='grc' dir='ltr'>κατὰ</span> 
     </span>
    </p>
   </div>
   <div class='ocr_carea' id='block_1_35' title="bbox 244 3605 540 3660">
    <p class='ocr_par' dir='ltr' id='par_1_35' title="bbox 244 3605 540 3660">
     <span class='ocr_line' id='line_1_35' title="bbox 244 3605 540 3660; baseline 0 -6"><span class='ocrx_word' id='word_1_246' title='bbox 244 3605 540 3660; x_wconf 76' lang='grc' dir='ltr'>Ματθαῐον,</span> 
     </span>
    </p>
   </div>
   <div class='ocr_carea' id='block_1_36' title="bbox 325 3689 1861 3765">
    <p class='ocr_par' dir='ltr' id='par_1_36' title="bbox 325 3689 1861 3765">
     <span class='ocr_line' id='line_1_36' title="bbox 325 3689 1861 3765; baseline -0.005 -18"><span class='ocrx_word' id='word_1_247' title='bbox 325 3696 428 3748; x_wconf 81' lang='grc' dir='ltr'><strong>Καὶ</strong></span> <span class='ocrx_word' id='word_1_248' title='bbox 481 3693 841 3765; x_wconf 83' lang='grc' dir='ltr'>ἀπεκρίθησαν</span> <span class='ocrx_word' id='word_1_249' title='bbox 895 3722 963 3730; x_wconf 88' lang='grc'><strong><em>-</em></strong></span> <span class='ocrx_word' id='word_1_250' title='bbox 1011 3699 1083 3761; x_wconf 79' lang='grc' dir='ltr'>τῷ</span> <span class='ocrx_word' id='word_1_251' title='bbox 1141 3689 1303 3761; x_wconf 77' lang='grc' dir='ltr'>ὄχλῳ.</span> <span class='ocrx_word' id='word_1_252' title='bbox 1361 3689 1581 3753; x_wconf 77' lang='grc' dir='ltr'>Διίξεισι</span> <span class='ocrx_word' id='word_1_253' title='bbox 1615 3693 1705 3741; x_wconf 82' lang='grc' dir='ltr'><strong>καὶ</strong></span> <span class='ocrx_word' id='word_1_254' title='bbox 1747 3694 1861 3763; x_wconf 86' lang='grc' dir='ltr'>περὶ</span> 
     </span>
    </p>
   </div>
   <div class='ocr_carea' id='block_1_37' title="bbox 248 3780 1860 3854">
    <p class='ocr_par' dir='ltr' id='par_1_37' title="bbox 248 3780 1860 3854">
     <span class='ocr_line' id='line_1_37' title="bbox 248 3780 1860 3854; baseline -0.003 -17"><span class='ocrx_word' id='word_1_255' title='bbox 248 3787 450 3837; x_wconf 84' lang='grc' dir='ltr'>τούτων</span> <span class='ocrx_word' id='word_1_256' title='bbox 473 3787 531 3834; x_wconf 86' lang='grc' dir='ltr'><strong>τό</strong></span> <span class='ocrx_word' id='word_1_257' title='bbox 555 3784 866 3854; x_wconf 87' lang='grc' dir='ltr'>τριακοστὸν</span> <span class='ocrx_word' id='word_1_258' title='bbox 905 3789 1109 3852; x_wconf 84' lang='grc' dir='ltr'>πρῶτον</span> <span class='ocrx_word' id='word_1_259' title='bbox 1141 3780 1414 3852; x_wconf 78' lang='grc' dir='ltr'>κεφάλαιον</span> <span class='ocrx_word' id='word_1_260' title='bbox 1443 3787 1533 3833; x_wconf 78' lang='grc' dir='ltr'>τοῦ</span> <span class='ocrx_word' id='word_1_261' title='bbox 1562 3781 1696 3832; x_wconf 80' lang='grc' dir='ltr'>κατὰ</span> <span class='ocrx_word' id='word_1_262' title='bbox 1727 3781 1860 3835; x_wconf 75' lang='grc' dir='ltr'>Ματ-</span> 
     </span>
    </p>
   </div>
   <div class='ocr_carea' id='block_1_38' title="bbox 255 3874 426 3926">
    <p class='ocr_par' dir='ltr' id='par_1_38' title="bbox 255 3874 426 3926">
     <span class='ocr_line' id='line_1_38' title="bbox 255 3874 426 3926; baseline 0.012 -2"><span class='ocrx_word' id='word_1_263' title='bbox 255 3874 403 3924; x_wconf 85' lang='grc' dir='ltr'>θαῑον</span> <span class='ocrx_word' id='word_1_264' title='bbox 414 3914 426 3926; x_wconf 93' lang='grc'><strong>.</strong></span> 
     </span>
    </p>
   </div>
   <div class='ocr_carea' id='block_1_39' title="bbox 332 3956 1868 4034">
    <p class='ocr_par' dir='ltr' id='par_1_39' title="bbox 332 3956 1868 4034">
     <span class='ocr_line' id='line_1_39' title="bbox 332 3956 1868 4034; baseline -0.001 -22"><span class='ocrx_word' id='word_1_265' title='bbox 332 3965 431 4012; x_wconf 76' lang='grc' dir='ltr'><strong>Καὶ</strong></span> <span class='ocrx_word' id='word_1_266' title='bbox 476 3956 620 4031; x_wconf 80' lang='grc' dir='ltr'>εἶχον</span> <span class='ocrx_word' id='word_1_267' title='bbox 651 3990 720 4000; x_wconf 94' lang='grc'><strong><em>-</em></strong></span> <span class='ocrx_word' id='word_1_268' title='bbox 779 3959 986 4020; x_wconf 87' lang='grc' dir='ltr'>αύτούς.</span> <span class='ocrx_word' id='word_1_269' title='bbox 1033 3964 1134 4012; x_wconf 78' lang='grc' dir='ltr'><strong>Καὶ</strong></span> <span class='ocrx_word' id='word_1_270' title='bbox 1176 3966 1342 4012; x_wconf 79' lang='grc' dir='ltr'>ταῦτα</span> <span class='ocrx_word' id='word_1_271' title='bbox 1377 3958 1424 4010; x_wconf 74' lang='grc' dir='ltr'>ἐν</span> <span class='ocrx_word' id='word_1_272' title='bbox 1477 3958 1652 4030; x_wconf 71' lang='grc' dir='ltr'>ἐκείνῳ</span> <span class='ocrx_word' id='word_1_273' title='bbox 1691 3962 1868 4034; x_wconf 72' lang='grc' dir='ltr'>ἡρμή-</span> 
     </span>
    </p>
   </div>
   <div class='ocr_carea' id='block_1_40' title="bbox 252 4067 451 4101">
    <p class='ocr_par' dir='ltr' id='par_1_40' title="bbox 252 4067 451 4101">
     <span class='ocr_line' id='line_1_40' title="bbox 252 4067 451 4101; baseline -0.005 -2"><span class='ocrx_word' id='word_1_274' title='bbox 252 4067 451 4101; x_wconf 82' lang='grc' dir='ltr'>νευται.</span> 
     </span>
    </p>
   </div>
   <div class='ocr_carea' id='block_1_41' title="bbox 336 4137 1870 4214">
    <p class='ocr_par' dir='ltr' id='par_1_41' title="bbox 336 4137 1870 4214">
     <span class='ocr_line' id='line_1_41' title="bbox 336 4137 1870 4214; baseline 0 -24"><span class='ocrx_word' id='word_1_275' title='bbox 336 4143 436 4190; x_wconf 78' lang='grc' dir='ltr'><strong>Καὶ</strong></span> <span class='ocrx_word' id='word_1_276' title='bbox 481 4137 663 4198; x_wconf 70' lang='grc' dir='ltr'>εὐθέως</span> <span class='ocrx_word' id='word_1_277' title='bbox 713 4169 780 4179; x_wconf 92' lang='lat'><strong><em>——</em></strong></span> <span class='ocrx_word' id='word_1_278' title='bbox 840 4138 1014 4192; x_wconf 75' lang='grc' dir='ltr'>αὐτόν.</span> <span class='ocrx_word' id='word_1_279' title='bbox 1058 4137 1197 4191; x_wconf 85' lang='grc' dir='ltr'>Ἐκεῖ</span> <span class='ocrx_word' id='word_1_280' title='bbox 1240 4138 1330 4190; x_wconf 84' lang='grc' dir='ltr'>καὶ</span> <span class='ocrx_word' id='word_1_281' title='bbox 1372 4143 1488 4213; x_wconf 85' lang='grc' dir='ltr'>περὶ</span> <span class='ocrx_word' id='word_1_282' title='bbox 1544 4141 1739 4191; x_wconf 91' lang='grc' dir='ltr'>τούτων</span> <span class='ocrx_word' id='word_1_283' title='bbox 1794 4138 1870 4214; x_wconf 76' lang='grc' dir='ltr'><strong>έρ-</strong></span> 
     </span>
    </p>
   </div>
   <div class='ocr_carea' id='block_1_42' title="bbox 257 4227 421 4301">
    <p class='ocr_par' dir='ltr' id='par_1_42' title="bbox 257 4227 421 4301">
     <span class='ocr_line' id='line_1_42' title="bbox 257 4227 421 4301; baseline -0.012 -17"><span class='ocrx_word' id='word_1_284' title='bbox 257 4227 421 4301; x_wconf 72' lang='grc' dir='ltr'>ῥήθη.</span> 
     </span>
    </p>
   </div>
   <div class='ocr_carea' id='block_1_43' title="bbox 339 4315 1871 4391">
    <p class='ocr_par' dir='ltr' id='par_1_43' title="bbox 339 4315 1871 4391">
     <span class='ocr_line' id='line_1_43' title="bbox 339 4315 1871 4391; baseline -0.001 -22"><span class='ocrx_word' id='word_1_285' title='bbox 339 4321 437 4369; x_wconf 79' lang='grc' dir='ltr'><strong>Καὶ</strong></span> <span class='ocrx_word' id='word_1_286' title='bbox 480 4315 828 4379; x_wconf 77' lang='grc' dir='ltr'>ἀναστενάξας</span> <span class='ocrx_word' id='word_1_287' title='bbox 882 4349 946 4359; x_wconf 94' lang='grc'><strong><em>-</em></strong></span> <span class='ocrx_word' id='word_1_288' title='bbox 1002 4316 1240 4378; x_wconf 79' lang='grc' dir='ltr'>ἐπιζητεί</span> <span class='ocrx_word' id='word_1_289' title='bbox 1297 4317 1562 4389; x_wconf 80' lang='grc' dir='ltr'>;Ὀμοίως</span> <span class='ocrx_word' id='word_1_290' title='bbox 1613 4322 1701 4369; x_wconf 86' lang='grc' dir='ltr'>καὶ</span> <span class='ocrx_word' id='word_1_291' title='bbox 1753 4321 1871 4391; x_wconf 83' lang='grc' dir='ltr'>περὶ</span> 
     </span>
    </p>
   </div>
   <div class='ocr_carea' id='block_1_44' title="bbox 260 4403 1870 4480">
    <p class='ocr_par' dir='ltr' id='par_1_44' title="bbox 260 4403 1870 4480">
     <span class='ocr_line' id='line_1_44' title="bbox 260 4403 1870 4480; baseline 0.001 -23"><span class='ocrx_word' id='word_1_292' title='bbox 260 4409 476 4460; x_wconf 84' lang='grc' dir='ltr'>τούτων.</span> <span class='ocrx_word' id='word_1_293' title='bbox 527 4410 596 4459; x_wconf 89' lang='grc' dir='ltr'><strong>Τὸ</strong></span> <span class='ocrx_word' id='word_1_294' title='bbox 639 4403 716 4476; x_wconf 78' lang='grc' dir='ltr'><strong>δε,</strong></span> <span class='ocrx_word' id='word_1_295' title='bbox 750 4412 812 4458; x_wconf 89' lang='grc' dir='ltr'>Τί</span> <span class='ocrx_word' id='word_1_296' title='bbox 845 4413 1080 4478; x_wconf 81' lang='grc' dir='ltr'>σημεῖον,</span> <span class='ocrx_word' id='word_1_297' title='bbox 1121 4406 1233 4460; x_wconf 78' lang='grc' dir='ltr'>ἀντὶ</span> <span class='ocrx_word' id='word_1_298' title='bbox 1265 4415 1375 4473; x_wconf 82' lang='grc' dir='ltr'>τοῦ,</span> <span class='ocrx_word' id='word_1_299' title='bbox 1410 4408 1584 4460; x_wconf 87' lang='grc' dir='ltr'>ὁποῖον</span> <span class='ocrx_word' id='word_1_300' title='bbox 1634 4414 1870 4480; x_wconf 77' lang='grc' dir='ltr'>σημεῖον.</span> 
     </span>
    </p>
   </div>
   <div class='ocr_carea' id='block_1_45' title="bbox 262 4491 1872 4571">
    <p class='ocr_par' dir='ltr' id='par_1_45' title="bbox 262 4491 1872 4571">
     <span class='ocr_line' id='line_1_45' title="bbox 262 4491 1872 4571; baseline 0.001 -24"><span class='ocrx_word' id='word_1_301' title='bbox 262 4494 329 4547; x_wconf 83' lang='grc' dir='ltr'>Ἠ</span> <span class='ocrx_word' id='word_1_302' title='bbox 353 4501 425 4561; x_wconf 83' lang='grc' dir='ltr'><strong>τί,</strong></span> <span class='ocrx_word' id='word_1_303' title='bbox 455 4493 571 4546; x_wconf 79' lang='grc' dir='ltr'>ἀντὶ</span> <span class='ocrx_word' id='word_1_304' title='bbox 612 4502 725 4562; x_wconf 80' lang='grc' dir='ltr'>τοῦ,</span> <span class='ocrx_word' id='word_1_305' title='bbox 755 4491 928 4554; x_wconf 85' lang='grc' dir='ltr'>διατί.</span> <span class='ocrx_word' id='word_1_306' title='bbox 965 4503 1134 4567; x_wconf 74' lang='grc' dir='ltr'>Ἔγνω</span> <span class='ocrx_word' id='word_1_307' title='bbox 1165 4497 1279 4568; x_wconf 88' lang='grc'><strong>(60)</strong></span> <span class='ocrx_word' id='word_1_308' title='bbox 1309 4499 1408 4571; x_wconf 76' lang='grc' dir='ltr'><strong>γὰρ</strong></span> <span class='ocrx_word' id='word_1_309' title='bbox 1440 4501 1533 4555; x_wconf 79' lang='grc' dir='ltr'>τὴν</span> <span class='ocrx_word' id='word_1_310' title='bbox 1570 4496 1760 4568; x_wconf 78' lang='grc' dir='ltr'>αἰτίαν,</span> <span class='ocrx_word' id='word_1_311' title='bbox 1799 4493 1872 4548; x_wconf 79' lang='grc' dir='ltr'>δι’</span> 
     </span>
    </p>
   </div>
   <div class='ocr_carea' id='block_1_46' title="bbox 266 4583 1167 4657">
    <p class='ocr_par' dir='ltr' id='par_1_46' title="bbox 266 4583 1167 4657">
     <span class='ocr_line' id='line_1_46' title="bbox 266 4583 1167 4657; baseline 0.003 -22"><span class='ocrx_word' id='word_1_312' title='bbox 266 4583 324 4641; x_wconf 69' lang='grc' dir='ltr'>ἣν</span> <span class='ocrx_word' id='word_1_313' title='bbox 353 4593 592 4637; x_wconf 75' lang='grc' dir='ltr'>τοιούτου</span> <span class='ocrx_word' id='word_1_314' title='bbox 623 4593 835 4657; x_wconf 82' lang='grc' dir='ltr'>σημεῖον</span> <span class='ocrx_word' id='word_1_315' title='bbox 865 4585 1167 4646; x_wconf 72' lang='grc' dir='ltr'>ἐπεζήτουν.</span> 
     </span>
    </p>
   </div>
   <div class='ocr_carea' id='block_1_47' title="bbox 337 4760 1879 4836">
    <p class='ocr_par' dir='ltr' id='par_1_47' title="bbox 337 4760 1879 4836">
     <span class='ocr_line' id='line_1_47' title="bbox 337 4760 1879 4836; baseline -0.001 -19"><span class='ocrx_word' id='word_1_316' title='bbox 337 4763 506 4835; x_wconf 77' lang='grc' dir='ltr'>Ἀμην</span> <span class='ocrx_word' id='word_1_317' title='bbox 540 4762 673 4834; x_wconf 70' lang='grc' dir='ltr'>λέγω</span> <span class='ocrx_word' id='word_1_318' title='bbox 699 4794 766 4806; x_wconf 90' lang='lat'><strong>—-</strong></span> <span class='ocrx_word' id='word_1_319' title='bbox 796 4767 959 4836; x_wconf 80' lang='grc' dir='ltr'>ταύτῃ</span> <span class='ocrx_word' id='word_1_320' title='bbox 1006 4771 1240 4836; x_wconf 85' lang='grc' dir='ltr'>σημεῖον.</span> <span class='ocrx_word' id='word_1_321' title='bbox 1300 4763 1388 4836; x_wconf 83' lang='grc' dir='ltr'><strong>[Εἰ</strong></span> <span class='ocrx_word' id='word_1_322' title='bbox 1419 4760 1729 4829; x_wconf 77' lang='grc' dir='ltr'>δοθήσεται,</span> <span class='ocrx_word' id='word_1_323' title='bbox 1762 4762 1879 4816; x_wconf 77' lang='grc' dir='ltr'><strong>ἀντὶ</strong></span> 
     </span>
    </p>
   </div>
   <div class='ocr_carea' id='block_1_48' title="bbox 266 4849 1880 4928">
    <p class='ocr_par' dir='ltr' id='par_1_48' title="bbox 266 4849 1880 4928">
     <span class='ocr_line' id='line_1_48' title="bbox 266 4849 1880 4928; baseline 0.001 -24"><span class='ocrx_word' id='word_1_324' title='bbox 266 4862 381 4923; x_wconf 75' lang='grc' dir='ltr'>τοῦ,</span> <span class='ocrx_word' id='word_1_325' title='bbox 422 4853 482 4904; x_wconf 81' lang='grc' dir='ltr'><strong>ού</strong></span> <span class='ocrx_word' id='word_1_326' title='bbox 545 4849 845 4911; x_wconf 81' lang='grc' dir='ltr'>δοθήσεται.</span> <span class='ocrx_word' id='word_1_327' title='bbox 889 4851 1112 4926; x_wconf 75' lang='grc' dir='ltr'>’ἰδίωμα</span> <span class='ocrx_word' id='word_1_328' title='bbox 1144 4856 1246 4926; x_wconf 74' lang='grc' dir='ltr'><strong>γὰρ</strong></span> <span class='ocrx_word' id='word_1_329' title='bbox 1287 4860 1440 4906; x_wconf 80' lang='grc' dir='ltr'>τοῦτο</span> <span class='ocrx_word' id='word_1_330' title='bbox 1483 4861 1579 4915; x_wconf 80' lang='grc' dir='ltr'>τῆς</span> <span class='ocrx_word' id='word_1_331' title='bbox 1605 4849 1880 4928; x_wconf 80' lang='grc' dir='ltr'>Ἐϐραίδος</span> 
     </span>
    </p>
   </div>
   <div class='ocr_carea' id='block_1_49' title="bbox 272 4941 574 4996">
    <p class='ocr_par' dir='ltr' id='par_1_49' title="bbox 272 4941 574 4996">
     <span class='ocr_line' id='line_1_49' title="bbox 272 4941 574 4996; baseline -0.007 0"><span class='ocrx_word' id='word_1_332' title='bbox 272 4941 551 4996; x_wconf 78' lang='grc' dir='ltr'>διαλέκτου</span> <span class='ocrx_word' id='word_1_333' title='bbox 561 4983 574 4994; x_wconf 94' lang='grc'><strong>.</strong></span> 
     </span>
    </p>
   </div>
   <div class='ocr_carea' id='block_1_50' title="bbox 348 5032 1885 5110">
    <p class='ocr_par' dir='ltr' id='par_1_50' title="bbox 348 5032 1885 5110">
     <span class='ocr_line' id='line_1_50' title="bbox 348 5032 1885 5110; baseline 0.001 -23"><span class='ocrx_word' id='word_1_334' title='bbox 348 5038 449 5087; x_wconf 76' lang='grc' dir='ltr'><strong>Καὶ</strong></span> <span class='ocrx_word' id='word_1_335' title='bbox 520 5032 666 5104; x_wconf 76' lang='grc' dir='ltr'>ἀφεὶς</span> <span class='ocrx_word' id='word_1_336' title='bbox 736 5033 925 5096; x_wconf 75' lang='grc' dir='ltr'>αὐτούς</span> <span class='ocrx_word' id='word_1_337' title='bbox 991 5065 1056 5075; x_wconf 92' lang='grc'><strong><em>--</em></strong></span> <span class='ocrx_word' id='word_1_338' title='bbox 1108 5035 1179 5096; x_wconf 79' lang='grc' dir='ltr'><strong>εἰς</strong></span> <span class='ocrx_word' id='word_1_339' title='bbox 1246 5039 1301 5088; x_wconf 78' lang='grc' dir='ltr'>τὸ</span> <span class='ocrx_word' id='word_1_340' title='bbox 1366 5039 1545 5110; x_wconf 76' lang='grc' dir='ltr'>πέραν.</span> <span class='ocrx_word' id='word_1_341' title='bbox 1616 5035 1730 5090; x_wconf 60' lang='lat' dir='ltr'><strong>&quot;Eri</strong></span> <span class='ocrx_word' id='word_1_342' title='bbox 1796 5043 1885 5089; x_wconf 83' lang='grc' dir='ltr'>καὶ</span> 
     </span>
    </p>
   </div>
   <div class='ocr_carea' id='block_1_51' title="bbox 275 5121 1648 5198">
    <p class='ocr_par' dir='ltr' id='par_1_51' title="bbox 275 5121 1648 5198">
     <span class='ocr_line' id='line_1_51' title="bbox 275 5121 1648 5198; baseline 0.004 -24"><span class='ocrx_word' id='word_1_343' title='bbox 275 5131 393 5198; x_wconf 83' lang='grc' dir='ltr'>περι</span> <span class='ocrx_word' id='word_1_344' title='bbox 422 5125 615 5175; x_wconf 86' lang='grc' dir='ltr'>τούτων</span> <span class='ocrx_word' id='word_1_345' title='bbox 655 5122 703 5175; x_wconf 79' lang='grc' dir='ltr'>ἐν</span> <span class='ocrx_word' id='word_1_346' title='bbox 734 5121 906 5194; x_wconf 73' lang='grc' dir='ltr'>ἇγείνῳ</span> <span class='ocrx_word' id='word_1_347' title='bbox 936 5132 1008 5194; x_wconf 85' lang='grc' dir='ltr'>τῷ</span> <span class='ocrx_word' id='word_1_348' title='bbox 1039 5125 1298 5197; x_wconf 73' lang='grc' dir='ltr'>κεφαλαίῳ</span> <span class='ocrx_word' id='word_1_349' title='bbox 1329 5121 1363 5178; x_wconf 88' lang='grc' dir='ltr'><strong>δ</strong></span> <span class='ocrx_word' id='word_1_350' title='bbox 1370 5125 1648 5184; x_wconf 85' lang='grc' dir='ltr'>ιεί).ηπται.</span> 
     </span>
    </p>
   </div>
   <div class='ocr_carea' id='block_1_52' title="bbox 1372 380 2723 449">
    <p class='ocr_par' dir='ltr' id='par_1_52' title="bbox 1372 380 2723 449">
     <span class='ocr_line' id='line_1_52' title="bbox 1372 380 2723 449; baseline -0.007 0"><span class='ocrx_word' id='word_1_351' title='bbox 1372 387 1743 449; x_wconf 83' lang='lat' dir='ltr'><strong>COMMENT.</strong></span> <span class='ocrx_word' id='word_1_352' title='bbox 1790 383 1858 440; x_wconf 88' lang='lat' dir='ltr'><strong>IN</strong></span> <span class='ocrx_word' id='word_1_353' title='bbox 1900 380 2228 439; x_wconf 78' lang='lat' dir='ltr'><strong>MARCUM.</strong></span> <span class='ocrx_word' id='word_1_354' title='bbox 2271 412 2338 423; x_wconf 84' lang='lat'><strong>-—</strong></span> <span class='ocrx_word' id='word_1_355' title='bbox 2379 381 2535 438; x_wconf 84' lang='lat' dir='ltr'><strong>CAP.</strong></span> <span class='ocrx_word' id='word_1_356' title='bbox 2579 381 2723 439; x_wconf 86' lang='lat' dir='ltr'><strong>VIII.</strong></span> 
     </span>
    </p>
   </div>
   <div class='ocr_carea' id='block_1_53' title="bbox 1372 507 1848 584">
    <p class='ocr_par' dir='ltr' id='par_1_53' title="bbox 1372 513 1821 584">
     <span class='ocr_line' id='line_1_53' title="bbox 1372 513 1821 584; baseline -0.02 -12"><span class='ocrx_word' id='word_1_357' title='bbox 1372 521 1496 572; x_wconf 72' lang='grc' dir='ltr'>ποτε</span> <span class='ocrx_word' id='word_1_358' title='bbox 1575 513 1608 567; x_wconf 87' lang='grc' dir='ltr'><strong>δ</strong></span> <span class='ocrx_word' id='word_1_359' title='bbox 1611 519 1655 584; x_wconf 79' lang='lat' dir='ltr'><strong>‘s,</strong></span> <span class='ocrx_word' id='word_1_360' title='bbox 1722 530 1821 564; x_wconf 86' lang='grc' dir='ltr'><strong>κατ</strong></span> 
     </span>
    </p>
   </div>
   <div class='ocr_carea' id='block_1_54' title="bbox 1980 507 3587 584">
    <p class='ocr_par' dir='ltr' id='par_1_54' title="bbox 1980 507 3587 582">
     <span class='ocr_line' id='line_1_54' title="bbox 1980 507 3587 582; baseline 0.001 -18"><span class='ocrx_word' id='word_1_361' title='bbox 1980 509 2192 573; x_wconf 74' lang='lat' dir='ltr'><strong>ibatur,</strong></span> <span class='ocrx_word' id='word_1_362' title='bbox 2216 513 2461 582; x_wconf 77' lang='lat' dir='ltr'><strong>propter</strong></span> <span class='ocrx_word' id='word_1_363' title='bbox 2474 508 2873 581; x_wconf 83' lang='lat' dir='ltr'><strong>spectantium</strong></span> <span class='ocrx_word' id='word_1_364' title='bbox 2905 507 3214 566; x_wconf 75' lang='lat' dir='ltr'><strong>utilitatem</strong></span> <span class='ocrx_word' id='word_1_365' title='bbox 3248 507 3587 566; x_wconf 88' lang='lat' dir='ltr'><strong>:interdum</strong></span> 
     </span>
    </p>
   </div>
   <div class='ocr_carea' id='block_1_55' title="bbox 3484 382 3587 438">
    <p class='ocr_par' dir='ltr' id='par_1_55' title="bbox 3484 382 3587 438">
     <span class='ocr_line' id='line_1_55' title="bbox 3484 382 3587 438; baseline 0.019 -2"><span class='ocrx_word' id='word_1_366' title='bbox 3484 382 3587 438; x_wconf 72' lang='lat' dir='ltr'><strong>8H</strong></span> 
     </span>
    </p>
   </div>
   <div class='ocr_carea' id='block_1_56' title="bbox 1931 597 3592 671">
    <p class='ocr_par' dir='ltr' id='par_1_56' title="bbox 1931 597 3592 671">
     <span class='ocr_line' id='line_1_56' title="bbox 1931 597 3592 671; baseline 0.001 -18"><span class='ocrx_word' id='word_1_367' title='bbox 1931 614 2072 654; x_wconf 88' lang='lat' dir='ltr'><strong>vero</strong></span> <span class='ocrx_word' id='word_1_368' title='bbox 2103 597 2446 670; x_wconf 82' lang='lat' dir='ltr'><strong>separatim,</strong></span> <span class='ocrx_word' id='word_1_369' title='bbox 2481 602 2543 654; x_wconf 88' lang='lat' dir='ltr'><strong>ut</strong></span> <span class='ocrx_word' id='word_1_370' title='bbox 2571 597 2810 655; x_wconf 86' lang='lat' dir='ltr'><strong>laudem</strong></span> <span class='ocrx_word' id='word_1_371' title='bbox 2839 597 3088 671; x_wconf 78' lang='lat' dir='ltr'><strong>fugeret,</strong></span> <span class='ocrx_word' id='word_1_372' title='bbox 3109 602 3398 671; x_wconf 78' lang='lat' dir='ltr'><strong>tanquam</strong></span> <span class='ocrx_word' id='word_1_373' title='bbox 3416 613 3592 670; x_wconf 89' lang='lat' dir='ltr'><strong>gene-</strong></span> 
     </span>
    </p>
   </div>
   <div class='ocr_carea' id='block_1_57' title="bbox 1933 686 3591 760">
    <p class='ocr_par' dir='ltr' id='par_1_57' title="bbox 1933 686 3591 760">
     <span class='ocr_line' id='line_1_57' title="bbox 1933 686 3591 760; baseline 0 -17"><span class='ocrx_word' id='word_1_374' title='bbox 1933 687 2186 744; x_wconf 89' lang='lat' dir='ltr'><strong>rativam</strong></span> <span class='ocrx_word' id='word_1_375' title='bbox 2199 686 2508 760; x_wconf 54' lang='lat' dir='ltr'><strong>superbia.</strong></span> <span class='ocrx_word' id='word_1_376' title='bbox 2536 688 2698 745; x_wconf 83' lang='lat' dir='ltr'><strong>Misit</strong></span> <span class='ocrx_word' id='word_1_377' title='bbox 2723 692 2920 744; x_wconf 91' lang='lat' dir='ltr'><strong>autem</strong></span> <span class='ocrx_word' id='word_1_378' title='bbox 2946 687 3162 760; x_wconf 78' lang='lat' dir='ltr'><strong>digitos</strong></span> <span class='ocrx_word' id='word_1_379' title='bbox 3182 703 3324 744; x_wconf 89' lang='lat' dir='ltr'><strong>suos</strong></span> <span class='ocrx_word' id='word_1_380' title='bbox 3341 687 3402 743; x_wconf 93' lang='lat' dir='ltr'><strong>in</strong></span> <span class='ocrx_word' id='word_1_381' title='bbox 3415 703 3591 745; x_wconf 86' lang='lat' dir='ltr'><strong>aures</strong></span> 
     </span>
    </p>
   </div>
   <div class='ocr_carea' id='block_1_58' title="bbox 1933 776 3592 848">
    <p class='ocr_par' dir='ltr' id='par_1_58' title="bbox 1933 776 3592 848">
     <span class='ocr_line' id='line_1_58' title="bbox 1933 776 3592 848; baseline 0.001 -18"><span class='ocrx_word' id='word_1_382' title='bbox 1933 777 2062 848; x_wconf 87' lang='lat' dir='ltr'><strong>ejus</strong></span> <span class='ocrx_word' id='word_1_383' title='bbox 2097 798 2107 829; x_wconf 90' lang='lat'><strong>:</strong></span> <span class='ocrx_word' id='word_1_384' title='bbox 2134 791 2316 831; x_wconf 88' lang='lat' dir='ltr'><strong>unum</strong></span> <span class='ocrx_word' id='word_1_385' title='bbox 2344 776 2588 848; x_wconf 88' lang='lat' dir='ltr'><strong>quidem</strong></span> <span class='ocrx_word' id='word_1_386' title='bbox 2611 777 2833 832; x_wconf 77' lang='lat' dir='ltr'><strong>dextrae</strong></span> <span class='ocrx_word' id='word_1_387' title='bbox 2860 792 3079 833; x_wconf 89' lang='lat' dir='ltr'><strong>manus</strong></span> <span class='ocrx_word' id='word_1_388' title='bbox 3110 776 3170 833; x_wconf 90' lang='lat' dir='ltr'><strong>in</strong></span> <span class='ocrx_word' id='word_1_389' title='bbox 3193 776 3465 834; x_wconf 79' lang='lat' dir='ltr'><strong>dextram</strong></span> <span class='ocrx_word' id='word_1_390' title='bbox 3488 793 3592 833; x_wconf 90' lang='lat' dir='ltr'><strong>au-</strong></span> 
     </span>
    </p>
   </div>
   <div class='ocr_carea' id='block_1_59' title="bbox 1933 865 3590 939">
    <p class='ocr_par' dir='ltr' id='par_1_59' title="bbox 1933 865 3590 939">
     <span class='ocr_line' id='line_1_59' title="bbox 1933 865 3590 939; baseline 0 -17"><span class='ocrx_word' id='word_1_391' title='bbox 1933 881 2080 929; x_wconf 90' lang='lat' dir='ltr'><strong>rem,</strong></span> <span class='ocrx_word' id='word_1_392' title='bbox 2107 881 2417 937; x_wconf 87' lang='lat' dir='ltr'><strong>unumque</strong></span> <span class='ocrx_word' id='word_1_393' title='bbox 2436 865 2685 921; x_wconf 67' lang='lat' dir='ltr'><strong>sinistrae</strong></span> <span class='ocrx_word' id='word_1_394' title='bbox 2717 866 2777 922; x_wconf 89' lang='lat' dir='ltr'><strong>in</strong></span> <span class='ocrx_word' id='word_1_395' title='bbox 2796 865 3371 939; x_wconf 86' lang='lat' dir='ltr'><strong>sinistram,propler</strong></span> <span class='ocrx_word' id='word_1_396' title='bbox 3400 881 3590 939; x_wconf 89' lang='lat' dir='ltr'><strong>angu-</strong></span> 
     </span>
    </p>
   </div>
   <div class='ocr_carea' id='block_1_60' title="bbox 1935 954 3588 1027">
    <p class='ocr_par' dir='ltr' id='par_1_60' title="bbox 1935 954 3588 1027">
     <span class='ocr_line' id='line_1_60' title="bbox 1935 954 3588 1027; baseline 0.002 -17"><span class='ocrx_word' id='word_1_397' title='bbox 1935 955 2109 1011; x_wconf 88' lang='lat' dir='ltr'><strong>stiam</strong></span> <span class='ocrx_word' id='word_1_398' title='bbox 2158 970 2222 1010; x_wconf 91' lang='lat' dir='ltr'><strong>ac</strong></span> <span class='ocrx_word' id='word_1_399' title='bbox 2275 954 2739 1027; x_wconf 81' lang='lat' dir='ltr'><strong>profunditatem</strong></span> <span class='ocrx_word' id='word_1_400' title='bbox 2793 956 3047 1022; x_wconf 89' lang='lat' dir='ltr'><strong>auditus,</strong></span> <span class='ocrx_word' id='word_1_401' title='bbox 3091 961 3147 1013; x_wconf 91' lang='lat' dir='ltr'><strong>et</strong></span> <span class='ocrx_word' id='word_1_402' title='bbox 3189 956 3351 1012; x_wconf 87' lang='lat' dir='ltr'><strong>hunc</strong></span> <span class='ocrx_word' id='word_1_403' title='bbox 3390 959 3588 1014; x_wconf 83' lang='lat' dir='ltr'><strong>acuat.</strong></span> 
     </span>
    </p>
   </div>
   <div class='ocr_carea' id='block_1_61' title="bbox 1936 1045 3593 1117">
    <p class='ocr_par' dir='ltr' id='par_1_61' title="bbox 1936 1045 3593 1117">
     <span class='ocr_line' id='line_1_61' title="bbox 1936 1045 3593 1117; baseline 0.001 -16"><span class='ocrx_word' id='word_1_404' title='bbox 1936 1048 2166 1101; x_wconf 83' lang='lat' dir='ltr'><strong>Poterat</strong></span> <span class='ocrx_word' id='word_1_405' title='bbox 2193 1060 2433 1117; x_wconf 90' lang='lat' dir='ltr'><strong>quoque</strong></span> <span class='ocrx_word' id='word_1_406' title='bbox 2458 1049 2513 1101; x_wconf 91' lang='lat' dir='ltr'><strong>et</strong></span> <span class='ocrx_word' id='word_1_407' title='bbox 2538 1045 2654 1101; x_wconf 90' lang='lat' dir='ltr'><strong>alio</strong></span> <span class='ocrx_word' id='word_1_408' title='bbox 2694 1045 2876 1102; x_wconf 93' lang='lat' dir='ltr'><strong>modo</strong></span> <span class='ocrx_word' id='word_1_409' title='bbox 2899 1047 3062 1103; x_wconf 92' lang='lat' dir='ltr'><strong>hunc</strong></span> <span class='ocrx_word' id='word_1_410' title='bbox 3093 1062 3300 1104; x_wconf 90' lang='lat' dir='ltr'><strong>curare</strong></span> <span class='ocrx_word' id='word_1_411' title='bbox 3334 1064 3346 1103; x_wconf 90' lang='lat'>:</span> <span class='ocrx_word' id='word_1_412' title='bbox 3381 1046 3487 1103; x_wconf 90' lang='lat' dir='ltr'><strong>sed</strong></span> <span class='ocrx_word' id='word_1_413' title='bbox 3511 1047 3593 1103; x_wconf 90' lang='lat' dir='ltr'><strong>ita</strong></span> 
     </span>
    </p>
   </div>
   <div class='ocr_carea' id='block_1_62' title="bbox 1937 1135 3591 1208">
    <p class='ocr_par' dir='ltr' id='par_1_62' title="bbox 1937 1135 3591 1208">
     <span class='ocr_line' id='line_1_62' title="bbox 1937 1135 3591 1208; baseline 0.001 -17"><span class='ocrx_word' id='word_1_414' title='bbox 1937 1135 2182 1200; x_wconf 84' lang='lat' dir='ltr'><strong>curavit,</strong></span> <span class='ocrx_word' id='word_1_415' title='bbox 2212 1139 2269 1190; x_wconf 92' lang='lat' dir='ltr'><strong>ut</strong></span> <span class='ocrx_word' id='word_1_416' title='bbox 2297 1135 2584 1191; x_wconf 86' lang='lat' dir='ltr'><strong>sciremus</strong></span> <span class='ocrx_word' id='word_1_417' title='bbox 2623 1151 2864 1192; x_wconf 90' lang='lat' dir='ltr'><strong>omnem</strong></span> <span class='ocrx_word' id='word_1_418' title='bbox 2896 1142 3129 1208; x_wconf 89' lang='lat' dir='ltr'><strong>partem</strong></span> <span class='ocrx_word' id='word_1_419' title='bbox 3157 1136 3348 1193; x_wconf 87' lang='lat' dir='ltr'><strong>sancti</strong></span> <span class='ocrx_word' id='word_1_420' title='bbox 3382 1151 3591 1208; x_wconf 88' lang='lat' dir='ltr'><strong>corpo-</strong></span> 
     </span>
    </p>
   </div>
   <div class='ocr_carea' id='block_1_63' title="bbox 1937 1223 3593 1298">
    <p class='ocr_par' dir='ltr' id='par_1_63' title="bbox 1937 1223 3593 1298">
     <span class='ocr_line' id='line_1_63' title="bbox 1937 1223 3593 1298; baseline 0.001 -17"><span class='ocrx_word' id='word_1_421' title='bbox 1937 1226 2018 1282; x_wconf 88' lang='lat' dir='ltr'><strong>ris</strong></span> <span class='ocrx_word' id='word_1_422' title='bbox 2051 1225 2234 1298; x_wconf 76' lang='lat' dir='ltr'><strong>ipsius</strong></span> <span class='ocrx_word' id='word_1_423' title='bbox 2264 1223 2467 1280; x_wconf 87' lang='lat' dir='ltr'><strong>divina</strong></span> <span class='ocrx_word' id='word_1_424' title='bbox 2510 1224 2752 1297; x_wconf 90' lang='lat' dir='ltr'><strong>plenam</strong></span> <span class='ocrx_word' id='word_1_425' title='bbox 2791 1241 2920 1282; x_wconf 91' lang='lat' dir='ltr'><strong>esse</strong></span> <span class='ocrx_word' id='word_1_426' title='bbox 2957 1225 3183 1283; x_wconf 88' lang='lat' dir='ltr'><strong>virtute.</strong></span> <span class='ocrx_word' id='word_1_427' title='bbox 3235 1226 3382 1283; x_wconf 89' lang='lat' dir='ltr'><strong>Ecce</strong></span> <span class='ocrx_word' id='word_1_428' title='bbox 3434 1225 3593 1282; x_wconf 91' lang='lat' dir='ltr'><strong>enim</strong></span> 
     </span>
    </p>
   </div>
   <div class='ocr_carea' id='block_1_64' title="bbox 1938 1314 3596 1388">
    <p class='ocr_par' dir='ltr' id='par_1_64' title="bbox 1938 1314 3596 1388">
     <span class='ocr_line' id='line_1_64' title="bbox 1938 1314 3596 1388; baseline 0 -18"><span class='ocrx_word' id='word_1_429' title='bbox 1938 1321 2175 1387; x_wconf 89' lang='lat' dir='ltr'><strong>sputum</strong></span> <span class='ocrx_word' id='word_1_430' title='bbox 2207 1315 2385 1370; x_wconf 91' lang='lat' dir='ltr'><strong>etiam</strong></span> <span class='ocrx_word' id='word_1_431' title='bbox 2437 1314 2808 1371; x_wconf 90' lang='lat' dir='ltr'><strong>immaculati</strong></span> <span class='ocrx_word' id='word_1_432' title='bbox 2839 1315 2960 1371; x_wconf 89' lang='lat' dir='ltr'><strong>oris</strong></span> <span class='ocrx_word' id='word_1_433' title='bbox 3001 1316 3111 1383; x_wconf 91' lang='lat' dir='ltr'><strong>sui,</strong></span> <span class='ocrx_word' id='word_1_434' title='bbox 3156 1332 3279 1388; x_wconf 89' lang='lat' dir='ltr'><strong>quo</strong></span> <span class='ocrx_word' id='word_1_435' title='bbox 3326 1315 3596 1386; x_wconf 83' lang='lat' dir='ltr'><strong>linguam</strong></span> 
     </span>
    </p>
   </div>
   <div class='ocr_carea' id='block_1_65' title="bbox 1940 1403 3601 1477">
    <p class='ocr_par' dir='ltr' id='par_1_65' title="bbox 1940 1403 3601 1477">
     <span class='ocr_line' id='line_1_65' title="bbox 1940 1403 3601 1477; baseline -0.001 -19"><span class='ocrx_word' id='word_1_436' title='bbox 1940 1404 2126 1473; x_wconf 82' lang='lat' dir='ltr'><strong>tetigit</strong></span> <span class='ocrx_word' id='word_1_437' title='bbox 2176 1403 2548 1476; x_wconf 89' lang='lat' dir='ltr'><strong>impeditam,</strong></span> <span class='ocrx_word' id='word_1_438' title='bbox 2597 1403 2865 1460; x_wconf 85' lang='lat' dir='ltr'><strong>divinam</strong></span> <span class='ocrx_word' id='word_1_439' title='bbox 2911 1419 3156 1477; x_wconf 89' lang='lat' dir='ltr'><strong>quoque</strong></span> <span class='ocrx_word' id='word_1_440' title='bbox 3203 1404 3601 1477; x_wconf 88' lang='lat' dir='ltr'><strong>participabat</strong></span> 
     </span>
    </p>
   </div>
   <div class='ocr_carea' id='block_1_66' title="bbox 1941 1494 3602 1566">
    <p class='ocr_par' dir='ltr' id='par_1_66' title="bbox 1941 1494 3602 1566">
     <span class='ocr_line' id='line_1_66' title="bbox 1941 1494 3602 1566; baseline -0.001 -17"><span class='ocrx_word' id='word_1_441' title='bbox 1941 1494 2240 1560; x_wconf 85' lang='lat' dir='ltr'><strong>virtutem,</strong></span> <span class='ocrx_word' id='word_1_442' title='bbox 2275 1508 2344 1548; x_wconf 89' lang='lat' dir='ltr'><strong>ac</strong></span> <span class='ocrx_word' id='word_1_443' title='bbox 2374 1495 2624 1549; x_wconf 88' lang='lat' dir='ltr'><strong>omnino</strong></span> <span class='ocrx_word' id='word_1_444' title='bbox 2668 1499 3042 1550; x_wconf 88' lang='lat' dir='ltr'><strong>excrementa</strong></span> <span class='ocrx_word' id='word_1_445' title='bbox 3093 1494 3273 1550; x_wconf 88' lang='lat' dir='ltr'><strong>divini</strong></span> <span class='ocrx_word' id='word_1_446' title='bbox 3332 1494 3602 1566; x_wconf 90' lang='lat' dir='ltr'><strong>corporis</strong></span> 
     </span>
    </p>
   </div>
   <div class='ocr_carea' id='block_1_67' title="bbox 1940 1581 3600 1656">
    <p class='ocr_par' dir='ltr' id='par_1_67' title="bbox 1940 1581 3600 1656">
     <span class='ocr_line' id='line_1_67' title="bbox 1940 1581 3600 1656; baseline 0.001 -18"><span class='ocrx_word' id='word_1_447' title='bbox 1940 1582 2148 1638; x_wconf 90' lang='lat' dir='ltr'><strong>omnia</strong></span> <span class='ocrx_word' id='word_1_448' title='bbox 2177 1586 2388 1638; x_wconf 88' lang='lat' dir='ltr'><strong>sancta</strong></span> <span class='ocrx_word' id='word_1_449' title='bbox 2434 1587 2618 1650; x_wconf 90' lang='lat' dir='ltr'><strong>erant,</strong></span> <span class='ocrx_word' id='word_1_450' title='bbox 2653 1588 2858 1655; x_wconf 91' lang='lat' dir='ltr'><strong>utpote</strong></span> <span class='ocrx_word' id='word_1_451' title='bbox 2898 1583 3028 1639; x_wconf 89' lang='lat' dir='ltr'><strong>talis</strong></span> <span class='ocrx_word' id='word_1_452' title='bbox 3068 1582 3338 1656; x_wconf 90' lang='lat' dir='ltr'><strong>corporis</strong></span> <span class='ocrx_word' id='word_1_453' title='bbox 3369 1599 3381 1638; x_wconf 91' lang='lat'><strong>:</strong></span> <span class='ocrx_word' id='word_1_454' title='bbox 3407 1581 3600 1640; x_wconf 89' lang='lat' dir='ltr'><strong>solum</strong></span> 
     </span>
    </p>
   </div>
   <div class='ocr_carea' id='block_1_68' title="bbox 1943 1670 3002 1744">
    <p class='ocr_par' dir='ltr' id='par_1_68' title="bbox 1943 1670 3002 1744">
     <span class='ocr_line' id='line_1_68' title="bbox 1943 1670 3002 1744; baseline 0.002 -18"><span class='ocrx_word' id='word_1_455' title='bbox 1943 1676 2143 1727; x_wconf 91' lang='lat' dir='ltr'><strong>autem</strong></span> <span class='ocrx_word' id='word_1_456' title='bbox 2176 1670 2597 1744; x_wconf 89' lang='lat' dir='ltr'><strong>operabantur,</strong></span> <span class='ocrx_word' id='word_1_457' title='bbox 2630 1671 2778 1727; x_wconf 91' lang='lat' dir='ltr'><strong>dum</strong></span> <span class='ocrx_word' id='word_1_458' title='bbox 2808 1671 3002 1729; x_wconf 85' lang='lat' dir='ltr'><strong>vellet.</strong></span> 
     </span>
    </p>
   </div>
   <div class='ocr_carea' id='block_1_69' title="bbox 2013 1759 3604 1833">
    <p class='ocr_par' dir='ltr' id='par_1_69' title="bbox 2013 1759 3604 1833">
     <span class='ocr_line' id='line_1_69' title="bbox 2013 1759 3604 1833; baseline 0.002 -19"><span class='ocrx_word' id='word_1_459' title='bbox 2013 1761 2305 1816; x_wconf 72' lang='lat' dir='ltr'><strong>Praeterea</strong></span> <span class='ocrx_word' id='word_1_460' title='bbox 2344 1761 2628 1817; x_wconf 91' lang='lat' dir='ltr'><strong>vicesimo</strong></span> <span class='ocrx_word' id='word_1_461' title='bbox 2667 1760 2836 1816; x_wconf 90' lang='lat' dir='ltr'><strong>tertio</strong></span> <span class='ocrx_word' id='word_1_462' title='bbox 2867 1759 3169 1832; x_wconf 68' lang='lat' dir='ltr'><strong>praesentis</strong></span> <span class='ocrx_word' id='word_1_463' title='bbox 3217 1760 3604 1833; x_wconf 71' lang='lat' dir='ltr'><strong>Evangelistaa</strong></span> 
     </span>
    </p>
   </div>
   <div class='ocr_carea' id='block_1_70' title="bbox 1395 1849 1848 1932">
    <p class='ocr_par' dir='ltr' id='par_1_70' title="bbox 1395 1863 1834 1932">
     <span class='ocr_line' id='line_1_70' title="bbox 1395 1863 1834 1932; baseline -0.009 -20"><span class='ocrx_word' id='word_1_464' title='bbox 1395 1866 1486 1919; x_wconf 68' lang='grc' dir='ltr'>τὴν</span> <span class='ocrx_word' id='word_1_465' title='bbox 1565 1863 1834 1932; x_wconf 84' lang='grc' dir='ltr'>θεραπείαν</span> 
     </span>
    </p>
   </div>
   <div class='ocr_carea' id='block_1_71' title="bbox 1980 1849 3602 1932">
    <p class='ocr_par' dir='ltr' id='par_1_71' title="bbox 1982 1849 3602 1921">
     <span class='ocr_line' id='line_1_71' title="bbox 1982 1849 3602 1921; baseline 0.001 -17"><span class='ocrx_word' id='word_1_466' title='bbox 1982 1849 2158 1921; x_wconf 90' lang='lat' dir='ltr'><strong>apite,</strong></span> <span class='ocrx_word' id='word_1_467' title='bbox 2194 1855 2372 1921; x_wconf 91' lang='lat' dir='ltr'><strong>sputo</strong></span> <span class='ocrx_word' id='word_1_468' title='bbox 2403 1849 2582 1905; x_wconf 90' lang='lat' dir='ltr'><strong>etiam</strong></span> <span class='ocrx_word' id='word_1_469' title='bbox 2609 1866 2748 1905; x_wconf 90' lang='lat' dir='ltr'><strong>usus</strong></span> <span class='ocrx_word' id='word_1_470' title='bbox 2781 1854 2870 1905; x_wconf 88' lang='lat' dir='ltr'><strong>est</strong></span> <span class='ocrx_word' id='word_1_471' title='bbox 2902 1849 2980 1906; x_wconf 90' lang='lat' dir='ltr'><strong>ad</strong></span> <span class='ocrx_word' id='word_1_472' title='bbox 3037 1850 3177 1906; x_wconf 67' lang='lat' dir='ltr'><strong>caeci</strong></span> <span class='ocrx_word' id='word_1_473' title='bbox 3211 1851 3602 1917; x_wconf 80' lang='lat' dir='ltr'><strong>curationem,</strong></span> 
     </span>
    </p>
   </div>
   <div class='ocr_carea' id='block_1_72' title="bbox 1948 1937 3608 2011">
    <p class='ocr_par' dir='ltr' id='par_1_72' title="bbox 1948 1937 3608 2011">
     <span class='ocr_line' id='line_1_72' title="bbox 1948 1937 3608 2011; baseline 0 -16"><span class='ocrx_word' id='word_1_474' title='bbox 1948 1937 2044 1995; x_wconf 84' lang='lat' dir='ltr'><strong>Ad</strong></span> <span class='ocrx_word' id='word_1_475' title='bbox 2072 1939 2194 1993; x_wconf 64' lang='lat' dir='ltr'><strong>haec</strong></span> <span class='ocrx_word' id='word_1_476' title='bbox 2224 1939 2471 1994; x_wconf 80' lang='lat' dir='ltr'><strong>Joannis</strong></span> <span class='ocrx_word' id='word_1_477' title='bbox 2501 1939 2694 2010; x_wconf 91' lang='lat' dir='ltr'><strong>capite</strong></span> <span class='ocrx_word' id='word_1_478' title='bbox 2724 1938 2976 2005; x_wconf 91' lang='lat' dir='ltr'><strong>decimo,</strong></span> <span class='ocrx_word' id='word_1_479' title='bbox 3021 1937 3269 2011; x_wconf 90' lang='lat' dir='ltr'><strong>quando</strong></span> <span class='ocrx_word' id='word_1_480' title='bbox 3317 1954 3543 1995; x_wconf 65' lang='lat' dir='ltr'><strong>caecum</strong></span> <span class='ocrx_word' id='word_1_481' title='bbox 3571 1955 3608 1996; x_wconf 92' lang='lat' dir='ltr'><strong>a</strong></span> 
     </span>
    </p>
   </div>
   <div class='ocr_carea' id='block_1_73' title="bbox 1949 2027 3607 2098">
    <p class='ocr_par' dir='ltr' id='par_1_73' title="bbox 1949 2027 3607 2098">
     <span class='ocr_line' id='line_1_73' title="bbox 1949 2027 3607 2098; baseline 0 -15"><span class='ocrx_word' id='word_1_482' title='bbox 1949 2028 2253 2083; x_wconf 88' lang='lat' dir='ltr'><strong>nativitate</strong></span> <span class='ocrx_word' id='word_1_483' title='bbox 2279 2028 2526 2084; x_wconf 88' lang='lat' dir='ltr'><strong>curavit.</strong></span> <span class='ocrx_word' id='word_1_484' title='bbox 2559 2027 2679 2084; x_wconf 89' lang='lat' dir='ltr'><strong>Hoc</strong></span> <span class='ocrx_word' id='word_1_485' title='bbox 2708 2034 2904 2084; x_wconf 90' lang='lat' dir='ltr'><strong>autem</strong></span> <span class='ocrx_word' id='word_1_486' title='bbox 2935 2029 3166 2098; x_wconf 80' lang='lat' dir='ltr'><strong>agebat,</strong></span> <span class='ocrx_word' id='word_1_487' title='bbox 3209 2032 3273 2083; x_wconf 91' lang='lat' dir='ltr'><strong>ut</strong></span> <span class='ocrx_word' id='word_1_488' title='bbox 3310 2027 3496 2084; x_wconf 88' lang='lat' dir='ltr'><strong>ﬁdem</strong></span> <span class='ocrx_word' id='word_1_489' title='bbox 3526 2027 3607 2083; x_wconf 83' lang='lat' dir='ltr'><strong>fa-</strong></span> 
     </span>
    </p>
   </div>
   <div class='ocr_carea' id='block_1_74' title="bbox 1951 2117 3608 2191">
    <p class='ocr_par' dir='ltr' id='par_1_74' title="bbox 1951 2117 3608 2191">
     <span class='ocr_line' id='line_1_74' title="bbox 1951 2117 3608 2191; baseline -0.001 -19"><span class='ocrx_word' id='word_1_490' title='bbox 1951 2122 2109 2172; x_wconf 88' lang='lat' dir='ltr'><strong>ceret</strong></span> <span class='ocrx_word' id='word_1_491' title='bbox 2134 2117 2313 2172; x_wconf 81' lang='lat' dir='ltr'><strong>unitae</strong></span> <span class='ocrx_word' id='word_1_492' title='bbox 2343 2117 2455 2172; x_wconf 89' lang='lat' dir='ltr'><strong>sibi</strong></span> <span class='ocrx_word' id='word_1_493' title='bbox 2495 2117 2818 2174; x_wconf 87' lang='lat' dir='ltr'><strong>divinitatis</strong></span> <span class='ocrx_word' id='word_1_494' title='bbox 2849 2135 2866 2172; x_wconf 92' lang='lat'><strong><em>:</em></strong></span> <span class='ocrx_word' id='word_1_495' title='bbox 2898 2134 3022 2191; x_wconf 88' lang='lat' dir='ltr'><strong>quo</strong></span> <span class='ocrx_word' id='word_1_496' title='bbox 3060 2118 3219 2174; x_wconf 92' lang='lat' dir='ltr'><strong>enim</strong></span> <span class='ocrx_word' id='word_1_497' title='bbox 3250 2120 3427 2191; x_wconf 89' lang='lat' dir='ltr'><strong>pacto</strong></span> <span class='ocrx_word' id='word_1_498' title='bbox 3478 2117 3608 2172; x_wconf 67' lang='lat' dir='ltr'><strong>haec</strong></span> 
     </span>
    </p>
   </div>
   <div class='ocr_carea' id='block_1_75' title="bbox 1950 2206 2861 2278">
    <p class='ocr_par' dir='ltr' id='par_1_75' title="bbox 1950 2206 2861 2278">
     <span class='ocr_line' id='line_1_75' title="bbox 1950 2206 2861 2278; baseline 0.001 -15"><span class='ocrx_word' id='word_1_499' title='bbox 1950 2212 2317 2278; x_wconf 87' lang='lat' dir='ltr'><strong>operaretur,</strong></span> <span class='ocrx_word' id='word_1_500' title='bbox 2344 2206 2456 2262; x_wconf 90' lang='lat' dir='ltr'><strong>nisi</strong></span> <span class='ocrx_word' id='word_1_501' title='bbox 2477 2207 2630 2263; x_wconf 90' lang='lat' dir='ltr'><strong>Deus</strong></span> <span class='ocrx_word' id='word_1_502' title='bbox 2650 2211 2807 2264; x_wconf 89' lang='lat' dir='ltr'><strong>esset</strong></span> <span class='ocrx_word' id='word_1_503' title='bbox 2833 2208 2861 2263; x_wconf 88' lang='lat'><strong>?</strong></span> 
     </span>
    </p>
   </div>
   <div class='ocr_carea' id='block_1_76' title="bbox 2025 2385 3615 2461">
    <p class='ocr_par' dir='ltr' id='par_1_76' title="bbox 2025 2385 3615 2461">
     <span class='ocr_line' id='line_1_76' title="bbox 2025 2385 3615 2461; baseline 0.003 -21"><span class='ocrx_word' id='word_1_504' title='bbox 2025 2387 2189 2442; x_wconf 85' lang='lat' dir='ltr'><strong>Vers.</strong></span> <span class='ocrx_word' id='word_1_505' title='bbox 2221 2387 2309 2442; x_wconf 78' lang='grc'><strong>34.</strong></span> <span class='ocrx_word' id='word_1_506' title='bbox 2337 2386 2410 2441; x_wconf 87' lang='lat' dir='ltr'><strong>Et</strong></span> <span class='ocrx_word' id='word_1_507' title='bbox 2439 2385 2754 2458; x_wconf 73' lang='lat' dir='ltr'><strong>suspiciens</strong></span> <span class='ocrx_word' id='word_1_508' title='bbox 2776 2419 2842 2428; x_wconf 93' lang='lat'><strong>—</strong></span> <span class='ocrx_word' id='word_1_509' title='bbox 2868 2387 3033 2444; x_wconf 86' lang='lat' dir='ltr'><strong>Vers.</strong></span> <span class='ocrx_word' id='word_1_510' title='bbox 3064 2387 3152 2442; x_wconf 88' lang='grc'><strong>35.</strong></span> <span class='ocrx_word' id='word_1_511' title='bbox 3187 2391 3363 2444; x_wconf 78' lang='lat' dir='ltr'><strong>recte.</strong></span> <span class='ocrx_word' id='word_1_512' title='bbox 3401 2387 3615 2461; x_wconf 89' lang='lat' dir='ltr'><strong>Suspe-</strong></span> 
     </span>
    </p>
   </div>
   <div class='ocr_carea' id='block_1_77' title="bbox 1953 2471 3614 2549">
    <p class='ocr_par' dir='ltr' id='par_1_77' title="bbox 1953 2471 3614 2549">
     <span class='ocr_line' id='line_1_77' title="bbox 1953 2471 3614 2549; baseline 0.002 -18"><span class='ocrx_word' id='word_1_513' title='bbox 1953 2476 2038 2531; x_wconf 89' lang='lat' dir='ltr'><strong>xit</strong></span> <span class='ocrx_word' id='word_1_514' title='bbox 2061 2477 2120 2532; x_wconf 93' lang='lat' dir='ltr'><strong>in</strong></span> <span class='ocrx_word' id='word_1_515' title='bbox 2150 2477 2390 2543; x_wconf 66' lang='lat' dir='ltr'><strong>caelum,</strong></span> <span class='ocrx_word' id='word_1_516' title='bbox 2422 2476 2646 2532; x_wconf 89' lang='lat' dir='ltr'><strong>docens</strong></span> <span class='ocrx_word' id='word_1_517' title='bbox 2671 2493 2794 2542; x_wconf 83' lang='lat' dir='ltr'><strong>eos,</strong></span> <span class='ocrx_word' id='word_1_518' title='bbox 2823 2477 2927 2549; x_wconf 87' lang='lat' dir='ltr'><strong>qui</strong></span> <span class='ocrx_word' id='word_1_519' title='bbox 2949 2476 3096 2534; x_wconf 87' lang='lat' dir='ltr'><strong>alios</strong></span> <span class='ocrx_word' id='word_1_520' title='bbox 3121 2481 3294 2533; x_wconf 89' lang='lat' dir='ltr'><strong>erant</strong></span> <span class='ocrx_word' id='word_1_521' title='bbox 3323 2471 3614 2546; x_wconf 82' lang='lat' dir='ltr'><strong>sanaturi,</strong></span> 
     </span>
    </p>
   </div>
   <div class='ocr_carea' id='block_1_78' title="bbox 1955 2566 3619 2640">
    <p class='ocr_par' dir='ltr' id='par_1_78' title="bbox 1955 2566 3619 2640">
     <span class='ocr_line' id='line_1_78' title="bbox 1955 2566 3619 2640; baseline 0.002 -20"><span class='ocrx_word' id='word_1_522' title='bbox 1955 2566 2034 2620; x_wconf 87' lang='lat' dir='ltr'><strong>ad</strong></span> <span class='ocrx_word' id='word_1_523' title='bbox 2067 2567 2252 2622; x_wconf 88' lang='lat' dir='ltr'><strong>Deum</strong></span> <span class='ocrx_word' id='word_1_524' title='bbox 2278 2581 2562 2637; x_wconf 77' lang='lat' dir='ltr'><strong>aspicere,</strong></span> <span class='ocrx_word' id='word_1_525' title='bbox 2594 2571 2652 2622; x_wconf 89' lang='lat' dir='ltr'><strong>et</strong></span> <span class='ocrx_word' id='word_1_526' title='bbox 2680 2567 2959 2622; x_wconf 84' lang='lat' dir='ltr'><strong>virtutem</strong></span> <span class='ocrx_word' id='word_1_527' title='bbox 2991 2566 3069 2622; x_wconf 91' lang='lat' dir='ltr'><strong>ab</strong></span> <span class='ocrx_word' id='word_1_528' title='bbox 3100 2583 3172 2623; x_wconf 93' lang='lat' dir='ltr'><strong>eo</strong></span> <span class='ocrx_word' id='word_1_529' title='bbox 3202 2573 3420 2640; x_wconf 89' lang='lat' dir='ltr'><strong>petere.</strong></span> <span class='ocrx_word' id='word_1_530' title='bbox 3450 2570 3619 2637; x_wconf 89' lang='lat' dir='ltr'><strong>lngc-</strong></span> 
     </span>
    </p>
   </div>
   <div class='ocr_carea' id='block_1_79' title="bbox 1956 2655 3616 2724">
    <p class='ocr_par' dir='ltr' id='par_1_79' title="bbox 1956 2655 3616 2724">
     <span class='ocr_line' id='line_1_79' title="bbox 1956 2655 3616 2724; baseline 0.001 -14"><span class='ocrx_word' id='word_1_531' title='bbox 1956 2656 2098 2712; x_wconf 91' lang='lat' dir='ltr'><strong>muit</strong></span> <span class='ocrx_word' id='word_1_532' title='bbox 2129 2661 2353 2724; x_wconf 89' lang='lat' dir='ltr'><strong>autem,</strong></span> <span class='ocrx_word' id='word_1_533' title='bbox 2389 2663 2586 2711; x_wconf 89' lang='lat' dir='ltr'><strong>motus</strong></span> <span class='ocrx_word' id='word_1_534' title='bbox 2612 2655 2876 2711; x_wconf 87' lang='lat' dir='ltr'><strong>hominis</strong></span> <span class='ocrx_word' id='word_1_535' title='bbox 2922 2656 3363 2722; x_wconf 87' lang='lat' dir='ltr'><strong>afﬂictionibus,</strong></span> <span class='ocrx_word' id='word_1_536' title='bbox 3406 2671 3478 2712; x_wconf 90' lang='lat' dir='ltr'><strong>ac</strong></span> <span class='ocrx_word' id='word_1_537' title='bbox 3508 2656 3616 2712; x_wconf 88' lang='lat' dir='ltr'><strong>hu-</strong></span> 
     </span>
    </p>
   </div>
   <div class='ocr_carea' id='block_1_80' title="bbox 1958 2745 3616 2817">
    <p class='ocr_par' dir='ltr' id='par_1_80' title="bbox 1958 2745 3616 2817">
     <span class='ocr_line' id='line_1_80' title="bbox 1958 2745 3616 2817; baseline -0.001 -15"><span class='ocrx_word' id='word_1_538' title='bbox 1958 2761 2149 2802; x_wconf 76' lang='lat' dir='ltr'><strong>manae</strong></span> <span class='ocrx_word' id='word_1_539' title='bbox 2179 2745 2453 2800; x_wconf 86' lang='lat' dir='ltr'><strong>misertus</strong></span> <span class='ocrx_word' id='word_1_540' title='bbox 2493 2750 2738 2811; x_wconf 77' lang='lat' dir='ltr'><strong>naturae,</strong></span> <span class='ocrx_word' id='word_1_541' title='bbox 2781 2761 2913 2817; x_wconf 67' lang='lat' dir='ltr'><strong>quas</strong></span> <span class='ocrx_word' id='word_1_542' title='bbox 2944 2751 3068 2801; x_wconf 90' lang='lat' dir='ltr'><strong>tum</strong></span> <span class='ocrx_word' id='word_1_543' title='bbox 3128 2760 3166 2802; x_wconf 87' lang='lat' dir='ltr'><strong>a</strong></span> <span class='ocrx_word' id='word_1_544' title='bbox 3208 2745 3616 2810; x_wconf 71' lang='lat' dir='ltr'><strong>daemonibus,</strong></span> 
     </span>
    </p>
   </div>
   <div class='ocr_carea' id='block_1_81' title="bbox 1964 2833 3620 2908">
    <p class='ocr_par' dir='ltr' id='par_1_81' title="bbox 1964 2833 3620 2908">
     <span class='ocr_line' id='line_1_81' title="bbox 1964 2833 3620 2908; baseline 0.001 -17"><span class='ocrx_word' id='word_1_545' title='bbox 1964 2841 2090 2891; x_wconf 91' lang='lat' dir='ltr'><strong>tum</strong></span> <span class='ocrx_word' id='word_1_546' title='bbox 2116 2833 2654 2890; x_wconf 84' lang='lat' dir='ltr'><strong>abinﬁrmitatibus</strong></span> <span class='ocrx_word' id='word_1_547' title='bbox 2681 2834 2835 2892; x_wconf 92' lang='lat' dir='ltr'><strong>adeo</strong></span> <span class='ocrx_word' id='word_1_548' title='bbox 2859 2834 3180 2907; x_wconf 90' lang='lat' dir='ltr'><strong>impetitur,</strong></span> <span class='ocrx_word' id='word_1_549' title='bbox 3213 2843 3448 2907; x_wconf 82' lang='lat' dir='ltr'><strong>prapter</strong></span> <span class='ocrx_word' id='word_1_550' title='bbox 3468 2850 3620 2908; x_wconf 74' lang='lat' dir='ltr'><strong>prm-</strong></span> 
     </span>
    </p>
   </div>
   <div class='ocr_carea' id='block_1_82' title="bbox 1961 2922 2703 2997">
    <p class='ocr_par' dir='ltr' id='par_1_82' title="bbox 1961 2922 2703 2997">
     <span class='ocr_line' id='line_1_82' title="bbox 1961 2922 2703 2997; baseline -0.003 -17"><span class='ocrx_word' id='word_1_551' title='bbox 1961 2925 2114 2997; x_wconf 91' lang='lat' dir='ltr'><strong>cepti</strong></span> <span class='ocrx_word' id='word_1_552' title='bbox 2143 2922 2703 2992; x_wconf 88' lang='lat' dir='ltr'><strong>transgressionem.</strong></span> 
     </span>
    </p>
   </div>
   <div class='ocr_carea' id='block_1_83' title="bbox 2033 3011 3620 3084">
    <p class='ocr_par' dir='ltr' id='par_1_83' title="bbox 2033 3011 3620 3084">
     <span class='ocr_line' id='line_1_83' title="bbox 2033 3011 3620 3084; baseline 0.002 -17"><span class='ocrx_word' id='word_1_553' title='bbox 2033 3016 2194 3068; x_wconf 87' lang='lat' dir='ltr'><strong>Vers.</strong></span> <span class='ocrx_word' id='word_1_554' title='bbox 2226 3012 2308 3067; x_wconf 87' lang='lat'><strong>35.</strong></span> <span class='ocrx_word' id='word_1_555' title='bbox 2340 3011 2413 3066; x_wconf 86' lang='lat' dir='ltr'><strong>Et</strong></span> <span class='ocrx_word' id='word_1_556' title='bbox 2437 3013 2714 3082; x_wconf 50' lang='lat' dir='ltr'><strong>praecepit</strong></span> <span class='ocrx_word' id='word_1_557' title='bbox 2736 3014 2970 3068; x_wconf 85' lang='lat' dir='ltr'><strong>—Vers.</strong></span> <span class='ocrx_word' id='word_1_558' title='bbox 3000 3017 3094 3070; x_wconf 86' lang='lat'><strong>37.</strong></span> <span class='ocrx_word' id='word_1_559' title='bbox 3131 3012 3311 3084; x_wconf 84' lang='lat' dir='ltr'><strong>loqui.</strong></span> <span class='ocrx_word' id='word_1_560' title='bbox 3339 3013 3620 3080; x_wconf 88' lang='lat' dir='ltr'><strong>Causam,</strong></span> 
     </span>
    </p>
   </div>
   <div class='ocr_carea' id='block_1_84' title="bbox 1962 3100 3625 3175">
    <p class='ocr_par' dir='ltr' id='par_1_84' title="bbox 1962 3100 3625 3175">
     <span class='ocr_line' id='line_1_84' title="bbox 1962 3100 3625 3175; baseline 0 -15"><span class='ocrx_word' id='word_1_561' title='bbox 1962 3103 2041 3160; x_wconf 92' lang='lat' dir='ltr'><strong>ob</strong></span> <span class='ocrx_word' id='word_1_562' title='bbox 2071 3117 2257 3175; x_wconf 90' lang='lat' dir='ltr'><strong>quam</strong></span> <span class='ocrx_word' id='word_1_563' title='bbox 2283 3105 2477 3157; x_wconf 88' lang='lat' dir='ltr'><strong>tacere</strong></span> <span class='ocrx_word' id='word_1_564' title='bbox 2509 3100 2906 3174; x_wconf 69' lang='lat' dir='ltr'><strong>prmcipiebat,</strong></span> <span class='ocrx_word' id='word_1_565' title='bbox 2937 3101 3116 3158; x_wconf 91' lang='lat' dir='ltr'><strong>variis</strong></span> <span class='ocrx_word' id='word_1_566' title='bbox 3146 3102 3208 3158; x_wconf 92' lang='lat' dir='ltr'><strong>in</strong></span> <span class='ocrx_word' id='word_1_567' title='bbox 3272 3102 3417 3159; x_wconf 86' lang='lat' dir='ltr'><strong>locis</strong></span> <span class='ocrx_word' id='word_1_568' title='bbox 3464 3101 3625 3160; x_wconf 83' lang='lat' dir='ltr'><strong>dixi-</strong></span> 
     </span>
    </p>
   </div>
   <div class='ocr_carea' id='block_1_85' title="bbox 1890 3209 2126 3272">
    <p class='ocr_par' dir='ltr' id='par_1_85' title="bbox 1890 3209 2126 3272">
     <span class='ocr_line' id='line_1_85' title="bbox 1890 3209 2126 3272; baseline 0.013 -24"><span class='ocrx_word' id='word_1_569' title='bbox 1890 3215 1931 3272; x_wconf 83' lang='lat' dir='ltr'>C</span> <span class='ocrx_word' id='word_1_570' title='bbox 1967 3209 2099 3249; x_wconf 88' lang='lat' dir='ltr'><strong>mus</strong></span> <span class='ocrx_word' id='word_1_571' title='bbox 2111 3237 2126 3251; x_wconf 85' lang='lat'><strong>.</strong></span> 
     </span>
    </p>
   </div>
   <div class='ocr_carea' id='block_1_86' title="bbox 2303 3333 3264 3405">
    <p class='ocr_par' dir='ltr' id='par_1_86' title="bbox 2303 3333 3264 3405">
     <span class='ocr_line' id='line_1_86' title="bbox 2303 3333 3264 3405; baseline 0.001 -18"><span class='ocrx_word' id='word_1_572' title='bbox 2303 3334 2454 3390; x_wconf 80' lang='lat' dir='ltr'><strong>CAP.</strong></span> <span class='ocrx_word' id='word_1_573' title='bbox 2483 3335 2624 3390; x_wconf 82' lang='lat' dir='ltr'><strong>XXI.</strong></span> <span class='ocrx_word' id='word_1_574' title='bbox 2657 3335 2742 3390; x_wconf 88' lang='lat' dir='ltr'><strong>De</strong></span> <span class='ocrx_word' id='word_1_575' title='bbox 2763 3339 2980 3404; x_wconf 81' lang='lat' dir='ltr'><strong>septem</strong></span> <span class='ocrx_word' id='word_1_576' title='bbox 3002 3333 3264 3405; x_wconf 79' lang='lat' dir='ltr'><strong>panibus.</strong></span> 
     </span>
    </p>
   </div>
   <div class='ocr_carea' id='block_1_87' title="bbox 2039 3423 3624 3483">
    <p class='ocr_par' dir='ltr' id='par_1_87' title="bbox 2039 3423 3624 3483">
     <span class='ocr_line' id='line_1_87' title="bbox 2039 3423 3624 3483; baseline -0.002 0"><span class='ocrx_word' id='word_1_577' title='bbox 2039 3424 2209 3483; x_wconf 82' lang='lat' dir='ltr'><strong>CAP.</strong></span> <span class='ocrx_word' id='word_1_578' title='bbox 2245 3423 2361 3480; x_wconf 87' lang='lat' dir='ltr'><strong>Vll.</strong></span> <span class='ocrx_word' id='word_1_579' title='bbox 2398 3426 2553 3480; x_wconf 89' lang='lat' dir='ltr'><strong>Vers.</strong></span> <span class='ocrx_word' id='word_1_580' title='bbox 2584 3427 2640 3481; x_wconf 83' lang='lat'><strong>1.</strong></span> <span class='ocrx_word' id='word_1_581' title='bbox 2679 3424 2750 3479; x_wconf 85' lang='lat' dir='ltr'><strong>In</strong></span> <span class='ocrx_word' id='word_1_582' title='bbox 2778 3424 2922 3483; x_wconf 82' lang='lat' dir='ltr'><strong>illis.</strong></span> <span class='ocrx_word' id='word_1_583' title='bbox 2950 3455 3018 3465; x_wconf 95' lang='lat'><strong><em>—</em></strong></span> <span class='ocrx_word' id='word_1_584' title='bbox 3047 3425 3205 3479; x_wconf 90' lang='lat' dir='ltr'><strong>Vcrs.</strong></span> <span class='ocrx_word' id='word_1_585' title='bbox 3242 3429 3296 3482; x_wconf 86' lang='lat'><strong>3.</strong></span> <span class='ocrx_word' id='word_1_586' title='bbox 3322 3430 3624 3481; x_wconf 81' lang='lat' dir='ltr'><strong>venerunt.</strong></span> 
     </span>
    </p>
   </div>
   <div class='ocr_carea' id='block_1_88' title="bbox 1968 3513 3626 3585">
    <p class='ocr_par' dir='ltr' id='par_1_88' title="bbox 1968 3513 3626 3585">
     <span class='ocr_line' id='line_1_88' title="bbox 1968 3513 3626 3585; baseline -0.001 -15"><span class='ocrx_word' id='word_1_587' title='bbox 1968 3516 2200 3571; x_wconf 90' lang='lat' dir='ltr'><strong>Dictum</strong></span> <span class='ocrx_word' id='word_1_588' title='bbox 2225 3520 2316 3571; x_wconf 88' lang='lat' dir='ltr'><strong>est</strong></span> <span class='ocrx_word' id='word_1_589' title='bbox 2345 3514 2419 3571; x_wconf 91' lang='lat' dir='ltr'><strong>de</strong></span> <span class='ocrx_word' id='word_1_590' title='bbox 2450 3514 2541 3570; x_wconf 91' lang='lat' dir='ltr'><strong>his</strong></span> <span class='ocrx_word' id='word_1_591' title='bbox 2568 3513 2628 3570; x_wconf 91' lang='lat' dir='ltr'><strong>in</strong></span> <span class='ocrx_word' id='word_1_592' title='bbox 2663 3513 2781 3569; x_wconf 86' lang='lat' dir='ltr'><strong>ﬁne</strong></span> <span class='ocrx_word' id='word_1_593' title='bbox 2803 3514 3078 3570; x_wconf 89' lang='lat' dir='ltr'><strong>tricesimi</strong></span> <span class='ocrx_word' id='word_1_594' title='bbox 3099 3513 3269 3585; x_wconf 82' lang='lat' dir='ltr'><strong>juxta</strong></span> <span class='ocrx_word' id='word_1_595' title='bbox 3289 3514 3626 3571; x_wconf 73' lang='lat' dir='ltr'><strong>Matthaeum</strong></span> 
     </span>
    </p>
   </div>
   <div class='ocr_carea' id='block_1_89' title="bbox 1970 3605 2203 3679">
    <p class='ocr_par' dir='ltr' id='par_1_89' title="bbox 1970 3605 2203 3679">
     <span class='ocr_line' id='line_1_89' title="bbox 1970 3605 2203 3679; baseline -0.013 -17"><span class='ocrx_word' id='word_1_596' title='bbox 1970 3605 2203 3679; x_wconf 86' lang='lat' dir='ltr'><strong>capitis.</strong></span> 
     </span>
    </p>
   </div>
   <div class='ocr_carea' id='block_1_90' title="bbox 2043 3691 3633 3763">
    <p class='ocr_par' dir='ltr' id='par_1_90' title="bbox 2043 3691 3633 3763">
     <span class='ocr_line' id='line_1_90' title="bbox 2043 3691 3633 3763; baseline -0.001 -15"><span class='ocrx_word' id='word_1_597' title='bbox 2043 3697 2183 3750; x_wconf 91' lang='lat' dir='ltr'><strong>Vers</strong></span> <span class='ocrx_word' id='word_1_598' title='bbox 2211 3696 2264 3749; x_wconf 80' lang='grc'><strong>4.</strong></span> <span class='ocrx_word' id='word_1_599' title='bbox 2299 3693 2371 3749; x_wconf 87' lang='lat' dir='ltr'><strong>Et</strong></span> <span class='ocrx_word' id='word_1_600' title='bbox 2401 3693 2859 3763; x_wconf 83' lang='lat' dir='ltr'><strong>responderunt.</strong></span> <span class='ocrx_word' id='word_1_601' title='bbox 2905 3723 2974 3734; x_wconf 90' lang='lat'>—</span> <span class='ocrx_word' id='word_1_602' title='bbox 2996 3691 3166 3750; x_wconf 88' lang='lat' dir='ltr'><strong>Vers.</strong></span> <span class='ocrx_word' id='word_1_603' title='bbox 3209 3697 3260 3748; x_wconf 89' lang='lat'><strong>6.</strong></span> <span class='ocrx_word' id='word_1_604' title='bbox 3313 3692 3522 3749; x_wconf 73' lang='lat' dir='ltr'><strong>turbae.</strong></span> <span class='ocrx_word' id='word_1_605' title='bbox 3551 3693 3633 3747; x_wconf 93' lang='lat' dir='ltr'><strong>De</strong></span> 
     </span>
    </p>
   </div>
   <div class='ocr_carea' id='block_1_91' title="bbox 1971 3783 3636 3856">
    <p class='ocr_par' dir='ltr' id='par_1_91' title="bbox 1971 3783 3636 3856">
     <span class='ocr_line' id='line_1_91' title="bbox 1971 3783 3636 3856; baseline -0.001 -16"><span class='ocrx_word' id='word_1_606' title='bbox 1971 3784 2063 3840; x_wconf 87' lang='lat' dir='ltr'><strong>his</strong></span> <span class='ocrx_word' id='word_1_607' title='bbox 2095 3783 2251 3839; x_wconf 88' lang='lat' dir='ltr'><strong>facta</strong></span> <span class='ocrx_word' id='word_1_608' title='bbox 2275 3788 2362 3839; x_wconf 92' lang='lat' dir='ltr'><strong>est</strong></span> <span class='ocrx_word' id='word_1_609' title='bbox 2390 3783 2616 3839; x_wconf 90' lang='lat' dir='ltr'><strong>mentio</strong></span> <span class='ocrx_word' id='word_1_610' title='bbox 2655 3783 2956 3839; x_wconf 89' lang='lat' dir='ltr'><strong>tricesimo</strong></span> <span class='ocrx_word' id='word_1_611' title='bbox 2993 3784 3193 3856; x_wconf 89' lang='lat' dir='ltr'><strong>primo</strong></span> <span class='ocrx_word' id='word_1_612' title='bbox 3223 3783 3417 3856; x_wconf 88' lang='lat' dir='ltr'><strong>capite</strong></span> <span class='ocrx_word' id='word_1_613' title='bbox 3449 3785 3636 3839; x_wconf 87' lang='lat' dir='ltr'><strong>Evan-</strong></span> 
     </span>
    </p>
   </div>
   <div class='ocr_carea' id='block_1_92' title="bbox 1973 3872 2864 3944">
    <p class='ocr_par' dir='ltr' id='par_1_92' title="bbox 1973 3872 2864 3944">
     <span class='ocr_line' id='line_1_92' title="bbox 1973 3872 2864 3944; baseline -0.002 -16"><span class='ocrx_word' id='word_1_614' title='bbox 1973 3872 2108 3944; x_wconf 80' lang='lat' dir='ltr'><strong>gelii</strong></span> <span class='ocrx_word' id='word_1_615' title='bbox 2142 3872 2478 3929; x_wconf 89' lang='lat' dir='ltr'><strong>secundum</strong></span> <span class='ocrx_word' id='word_1_616' title='bbox 2505 3872 2864 3929; x_wconf 72' lang='lat' dir='ltr'><strong>Matthmum.</strong></span> 
     </span>
    </p>
   </div>
   <div class='ocr_carea' id='block_1_93' title="bbox 2047 3960 3638 4020">
    <p class='ocr_par' dir='ltr' id='par_1_93' title="bbox 2047 3960 3638 4020">
     <span class='ocr_line' id='line_1_93' title="bbox 2047 3960 3638 4020; baseline -0.001 -2"><span class='ocrx_word' id='word_1_617' title='bbox 2047 3964 2210 4018; x_wconf 88' lang='lat' dir='ltr'><strong>Vers-</strong></span> <span class='ocrx_word' id='word_1_618' title='bbox 2235 3967 2265 4016; x_wconf 81' lang='lat'><strong>7</strong></span> <span class='ocrx_word' id='word_1_619' title='bbox 2291 3962 2367 4016; x_wconf 86' lang='lat' dir='ltr'><strong>Et</strong></span> <span class='ocrx_word' id='word_1_620' title='bbox 2403 3960 2687 4018; x_wconf 86' lang='lat' dir='ltr'><strong>habebant</strong></span> <span class='ocrx_word' id='word_1_621' title='bbox 2735 3992 2805 4004; x_wconf 92' lang='lat'><strong><em>—</em></strong></span> <span class='ocrx_word' id='word_1_622' title='bbox 2838 3960 3002 4018; x_wconf 88' lang='lat' dir='ltr'><strong>Vers.</strong></span> <span class='ocrx_word' id='word_1_623' title='bbox 3054 3965 3104 4017; x_wconf 89' lang='lat'><strong>9.</strong></span> <span class='ocrx_word' id='word_1_624' title='bbox 3139 3977 3251 4019; x_wconf 85' lang='lat' dir='ltr'><strong>eos.</strong></span> <span class='ocrx_word' id='word_1_625' title='bbox 3287 3963 3479 4020; x_wconf 88' lang='lat' dir='ltr'><strong>Etiam</strong></span> <span class='ocrx_word' id='word_1_626' title='bbox 3507 3960 3638 4018; x_wconf 73' lang='lat' dir='ltr'><strong>hmc</strong></span> 
     </span>
    </p>
   </div>
   <div class='ocr_carea' id='block_1_94' title="bbox 1976 4050 2576 4109">
    <p class='ocr_par' dir='ltr' id='par_1_94' title="bbox 1976 4050 2576 4109">
     <span class='ocr_line' id='line_1_94' title="bbox 1976 4050 2576 4109; baseline -0.008 0"><span class='ocrx_word' id='word_1_627' title='bbox 1976 4052 2058 4109; x_wconf 88' lang='lat' dir='ltr'><strong>ibi</strong></span> <span class='ocrx_word' id='word_1_628' title='bbox 2091 4050 2388 4108; x_wconf 87' lang='lat' dir='ltr'><strong>declarata</strong></span> <span class='ocrx_word' id='word_1_629' title='bbox 2421 4055 2576 4106; x_wconf 92' lang='lat' dir='ltr'><strong>sunt.</strong></span> 
     </span>
    </p>
   </div>
   <div class='ocr_carea' id='block_1_95' title="bbox 2051 4138 3640 4213">
    <p class='ocr_par' dir='ltr' id='par_1_95' title="bbox 2051 4138 3640 4213">
     <span class='ocr_line' id='line_1_95' title="bbox 2051 4138 3640 4213; baseline -0.001 -17"><span class='ocrx_word' id='word_1_630' title='bbox 2051 4141 2212 4197; x_wconf 89' lang='lat' dir='ltr'><strong>Vers.</strong></span> <span class='ocrx_word' id='word_1_631' title='bbox 2244 4143 2334 4198; x_wconf 87' lang='grc'><strong>10.</strong></span> <span class='ocrx_word' id='word_1_632' title='bbox 2361 4140 2436 4194; x_wconf 80' lang='lat' dir='ltr'><strong>Et</strong></span> <span class='ocrx_word' id='word_1_633' title='bbox 2465 4138 2668 4196; x_wconf 81' lang='lat' dir='ltr'><strong>statim</strong></span> <span class='ocrx_word' id='word_1_634' title='bbox 2698 4169 2764 4180; x_wconf 91' lang='lat'>—</span> <span class='ocrx_word' id='word_1_635' title='bbox 2790 4138 2955 4195; x_wconf 88' lang='lat' dir='ltr'><strong>Vers.</strong></span> <span class='ocrx_word' id='word_1_636' title='bbox 2987 4143 3069 4198; x_wconf 78' lang='grc'><strong>11.</strong></span> <span class='ocrx_word' id='word_1_637' title='bbox 3093 4155 3242 4196; x_wconf 84' lang='lat' dir='ltr'><strong>eum.</strong></span> <span class='ocrx_word' id='word_1_638' title='bbox 3284 4140 3366 4197; x_wconf 86' lang='lat' dir='ltr'><strong>Ibi</strong></span> <span class='ocrx_word' id='word_1_639' title='bbox 3395 4155 3640 4213; x_wconf 86' lang='lat' dir='ltr'><strong>quoque</strong></span> 
     </span>
    </p>
   </div>
   <div class='ocr_carea' id='block_1_96' title="bbox 1977 4229 2560 4288">
    <p class='ocr_par' dir='ltr' id='par_1_96' title="bbox 1977 4229 2560 4288">
     <span class='ocr_line' id='line_1_96' title="bbox 1977 4229 2560 4288; baseline -0.009 0"><span class='ocrx_word' id='word_1_640' title='bbox 1977 4232 2051 4288; x_wconf 87' lang='lat' dir='ltr'><strong>de</strong></span> <span class='ocrx_word' id='word_1_641' title='bbox 2076 4230 2168 4286; x_wconf 88' lang='lat' dir='ltr'><strong>his</strong></span> <span class='ocrx_word' id='word_1_642' title='bbox 2198 4229 2423 4285; x_wconf 90' lang='lat' dir='ltr'><strong>dictum</strong></span> <span class='ocrx_word' id='word_1_643' title='bbox 2454 4235 2560 4283; x_wconf 88' lang='lat' dir='ltr'><strong>est.</strong></span> 
     </span>
    </p>
   </div>
   <div class='ocr_carea' id='block_1_97' title="bbox 2053 4307 3645 4390">
    <p class='ocr_par' dir='ltr' id='par_1_97' title="bbox 2053 4307 3645 4390">
     <span class='ocr_line' id='line_1_97' title="bbox 2053 4307 3645 4390; baseline -0.001 -15"><span class='ocrx_word' id='word_1_644' title='bbox 2053 4321 2220 4375; x_wconf 90' lang='lat' dir='ltr'><strong>Vers.</strong></span> <span class='ocrx_word' id='word_1_645' title='bbox 2266 4323 2347 4374; x_wconf 82' lang='lat' dir='ltr'><strong>t2.</strong></span> <span class='ocrx_word' id='word_1_646' title='bbox 2383 4320 2643 4389; x_wconf 86' lang='lat' dir='ltr'><strong>Cumque</strong></span> <span class='ocrx_word' id='word_1_647' title='bbox 2662 4318 3036 4389; x_wconf 81' lang='lat' dir='ltr'><strong>ingemuisset</strong></span> <span class='ocrx_word' id='word_1_648' title='bbox 3065 4350 3133 4357; x_wconf 92' lang='lat'><strong><em>—</em></strong></span> <span class='ocrx_word' id='word_1_649' title='bbox 3155 4307 3406 4390; x_wconf 81' lang='lat' dir='ltr'><strong>requirit</strong></span> <span class='ocrx_word' id='word_1_650' title='bbox 3432 4316 3645 4374; x_wconf 82' lang='lat' dir='ltr'><strong>?Simi-</strong></span> 
     </span>
    </p>
   </div>
   <div class='ocr_carea' id='block_1_98' title="bbox 1981 4407 3642 4479">
    <p class='ocr_par' dir='ltr' id='par_1_98' title="bbox 1981 4407 3642 4479">
     <span class='ocr_line' id='line_1_98' title="bbox 1981 4407 3642 4479; baseline -0.002 -13"><span class='ocrx_word' id='word_1_651' title='bbox 1981 4412 2113 4466; x_wconf 89' lang='lat' dir='ltr'><strong>liter</strong></span> <span class='ocrx_word' id='word_1_652' title='bbox 2137 4414 2195 4465; x_wconf 90' lang='lat' dir='ltr'><strong>et</strong></span> <span class='ocrx_word' id='word_1_653' title='bbox 2244 4407 2319 4463; x_wconf 90' lang='lat' dir='ltr'><strong>de</strong></span> <span class='ocrx_word' id='word_1_654' title='bbox 2361 4407 2476 4462; x_wconf 87' lang='lat' dir='ltr'><strong>his.</strong></span> <span class='ocrx_word' id='word_1_655' title='bbox 2522 4412 2585 4459; x_wconf 86' lang='grc' dir='ltr'>Τί</span> <span class='ocrx_word' id='word_1_656' title='bbox 2631 4424 2771 4463; x_wconf 88' lang='lat' dir='ltr'><strong>vero</strong></span> <span class='ocrx_word' id='word_1_657' title='bbox 2825 4407 3162 4477; x_wconf 80' lang='lat' dir='ltr'><strong>signiﬁcare</strong></span> <span class='ocrx_word' id='word_1_658' title='bbox 3205 4413 3402 4479; x_wconf 88' lang='lat' dir='ltr'><strong>potest</strong></span> <span class='ocrx_word' id='word_1_659' title='bbox 3449 4407 3642 4479; x_wconf 84' lang='lat' dir='ltr'><strong>quid:</strong></span> 
     </span>
    </p>
   </div>
   <div class='ocr_carea' id='block_1_99' title="bbox 1984 4489 3650 4570">
    <p class='ocr_par' dir='ltr' id='par_1_99' title="bbox 1984 4489 3650 4570">
     <span class='ocr_line' id='line_1_99' title="bbox 1984 4489 3650 4570; baseline -0.002 -14"><span class='ocrx_word' id='word_1_660' title='bbox 1984 4500 2046 4556; x_wconf 90' lang='lat' dir='ltr'><strong>id</strong></span> <span class='ocrx_word' id='word_1_661' title='bbox 2076 4504 2180 4569; x_wconf 88' lang='lat' dir='ltr'><strong>est,</strong></span> <span class='ocrx_word' id='word_1_662' title='bbox 2215 4499 2289 4554; x_wconf 87' lang='lat' dir='ltr'><strong>ad</strong></span> <span class='ocrx_word' id='word_1_663' title='bbox 2318 4495 2466 4570; x_wconf 90' lang='lat' dir='ltr'><strong>quid</strong></span> <span class='ocrx_word' id='word_1_664' title='bbox 2495 4495 2523 4550; x_wconf 74' lang='grc'><strong>7</strong></span> <span class='ocrx_word' id='word_1_665' title='bbox 2545 4512 2734 4568; x_wconf 88' lang='lat' dir='ltr'><strong>quare</strong></span> <span class='ocrx_word' id='word_1_666' title='bbox 2757 4496 2784 4550; x_wconf 88' lang='lat'><strong>?</strong></span> <span class='ocrx_word' id='word_1_667' title='bbox 2812 4496 2980 4563; x_wconf 82' lang='lat' dir='ltr'><strong>Quod</strong></span> <span class='ocrx_word' id='word_1_668' title='bbox 3014 4510 3025 4548; x_wconf 92' lang='lat'><strong>:</strong></span> <span class='ocrx_word' id='word_1_669' title='bbox 3064 4497 3178 4552; x_wconf 89' lang='lat' dir='ltr'><strong>hoc</strong></span> <span class='ocrx_word' id='word_1_670' title='bbox 3213 4500 3324 4560; x_wconf 89' lang='lat' dir='ltr'><strong>est,</strong></span> <span class='ocrx_word' id='word_1_671' title='bbox 3363 4489 3541 4570; x_wconf 86' lang='lat' dir='ltr'><strong>quale</strong></span> <span class='ocrx_word' id='word_1_672' title='bbox 3574 4498 3650 4553; x_wconf 88' lang='lat' dir='ltr'><strong>si-</strong></span> 
     </span>
    </p>
   </div>
   <div class='ocr_carea' id='block_1_100' title="bbox 1985 4586 3653 4661">
    <p class='ocr_par' dir='ltr' id='par_1_100' title="bbox 1985 4586 3653 4661">
     <span class='ocr_line' id='line_1_100' title="bbox 1985 4586 3653 4661; baseline -0.001 -17"><span class='ocrx_word' id='word_1_673' title='bbox 1985 4587 2216 4661; x_wconf 80' lang='lat' dir='ltr'><strong>gnum?</strong></span> <span class='ocrx_word' id='word_1_674' title='bbox 2246 4587 2471 4643; x_wconf 89' lang='lat' dir='ltr'><strong>sciebat</strong></span> <span class='ocrx_word' id='word_1_675' title='bbox 2501 4602 2782 4658; x_wconf 90' lang='lat' dir='ltr'><strong>namque,</strong></span> <span class='ocrx_word' id='word_1_676' title='bbox 2820 4586 2894 4642; x_wconf 92' lang='lat' dir='ltr'><strong>ob</strong></span> <span class='ocrx_word' id='word_1_677' title='bbox 2939 4602 3126 4658; x_wconf 91' lang='lat' dir='ltr'><strong>quam</strong></span> <span class='ocrx_word' id='word_1_678' title='bbox 3147 4601 3397 4642; x_wconf 88' lang='lat' dir='ltr'><strong>causam</strong></span> <span class='ocrx_word' id='word_1_679' title='bbox 3449 4587 3653 4659; x_wconf 85' lang='lat' dir='ltr'><strong>hujus-</strong></span> 
     </span>
    </p>
   </div>
   <div class='ocr_carea' id='block_1_101' title="bbox 1988 4675 2836 4747">
    <p class='ocr_par' dir='ltr' id='par_1_101' title="bbox 1988 4675 2836 4747">
     <span class='ocr_line' id='line_1_101' title="bbox 1988 4675 2836 4747; baseline -0.007 -12"><span class='ocrx_word' id='word_1_680' title='bbox 1988 4678 2152 4734; x_wconf 92' lang='lat' dir='ltr'><strong>modi</strong></span> <span class='ocrx_word' id='word_1_681' title='bbox 2180 4678 2421 4747; x_wconf 91' lang='lat' dir='ltr'><strong>signum</strong></span> <span class='ocrx_word' id='word_1_682' title='bbox 2451 4675 2836 4746; x_wconf 89' lang='lat' dir='ltr'><strong>requirerent.</strong></span> 
     </span>
    </p>
   </div>
   <div class='ocr_carea' id='block_1_102' title="bbox 2060 4765 3655 4836">
    <p class='ocr_par' dir='ltr' id='par_1_102' title="bbox 2060 4765 3655 4836">
     <span class='ocr_line' id='line_1_102' title="bbox 2060 4765 3655 4836; baseline -0.001 -14"><span class='ocrx_word' id='word_1_683' title='bbox 2060 4770 2224 4822; x_wconf 91' lang='lat' dir='ltr'><strong>Vers.</strong></span> <span class='ocrx_word' id='word_1_684' title='bbox 2266 4766 2353 4820; x_wconf 77' lang='grc'>12.</span> <span class='ocrx_word' id='word_1_685' title='bbox 2378 4767 2550 4822; x_wconf 85' lang='lat' dir='ltr'><strong>Amen</strong></span> <span class='ocrx_word' id='word_1_686' title='bbox 2576 4765 2702 4820; x_wconf 81' lang='lat' dir='ltr'><strong>dico</strong></span> <span class='ocrx_word' id='word_1_687' title='bbox 2725 4795 2792 4806; x_wconf 97' lang='lat'><strong>—</strong></span> <span class='ocrx_word' id='word_1_688' title='bbox 2827 4765 2959 4820; x_wconf 85' lang='lat' dir='ltr'><strong>huic</strong></span> <span class='ocrx_word' id='word_1_689' title='bbox 2997 4767 3248 4836; x_wconf 86' lang='lat' dir='ltr'><strong>signum.</strong></span> <span class='ocrx_word' id='word_1_690' title='bbox 3298 4765 3357 4820; x_wconf 78' lang='lat' dir='ltr'><strong>Si</strong></span> <span class='ocrx_word' id='word_1_691' title='bbox 3393 4766 3655 4830; x_wconf 77' lang='lat' dir='ltr'><strong>dabitur,</strong></span> 
     </span>
    </p>
   </div>
   <div class='ocr_carea' id='block_1_103' title="bbox 1993 4853 3659 4928">
    <p class='ocr_par' dir='ltr' id='par_1_103' title="bbox 1993 4853 3659 4928">
     <span class='ocr_line' id='line_1_103' title="bbox 1993 4853 3659 4928; baseline -0.002 -15"><span class='ocrx_word' id='word_1_692' title='bbox 1993 4859 2054 4914; x_wconf 92' lang='lat' dir='ltr'><strong>id</strong></span> <span class='ocrx_word' id='word_1_693' title='bbox 2084 4862 2192 4921; x_wconf 91' lang='lat' dir='ltr'><strong>est,</strong></span> <span class='ocrx_word' id='word_1_694' title='bbox 2233 4871 2354 4912; x_wconf 92' lang='lat' dir='ltr'><strong>non</strong></span> <span class='ocrx_word' id='word_1_695' title='bbox 2386 4854 2661 4912; x_wconf 89' lang='lat' dir='ltr'><strong>dabitur:</strong></span> <span class='ocrx_word' id='word_1_696' title='bbox 2712 4855 2828 4910; x_wconf 91' lang='lat' dir='ltr'><strong>hoc</strong></span> <span class='ocrx_word' id='word_1_697' title='bbox 2881 4853 3043 4910; x_wconf 91' lang='lat' dir='ltr'><strong>enim</strong></span> <span class='ocrx_word' id='word_1_698' title='bbox 3080 4855 3300 4928; x_wconf 64' lang='lat' dir='ltr'><strong>linguae</strong></span> <span class='ocrx_word' id='word_1_699' title='bbox 3355 4853 3659 4911; x_wconf 72' lang='lat' dir='ltr'><strong>Hebraicis</strong></span> 
     </span>
    </p>
   </div>
   <div class='ocr_carea' id='block_1_104' title="bbox 1995 4948 2358 5005">
    <p class='ocr_par' dir='ltr' id='par_1_104' title="bbox 1995 4948 2358 5005">
     <span class='ocr_line' id='line_1_104' title="bbox 1995 4948 2358 5005; baseline -0.014 0"><span class='ocrx_word' id='word_1_700' title='bbox 1995 4948 2222 5005; x_wconf 87' lang='lat' dir='ltr'><strong>idioma</strong></span> <span class='ocrx_word' id='word_1_701' title='bbox 2252 4951 2358 5002; x_wconf 89' lang='lat' dir='ltr'><strong>est.</strong></span> 
     </span>
    </p>
   </div>
   <div class='ocr_carea' id='block_1_105' title="bbox 2070 5034 3657 5103">
    <p class='ocr_par' dir='ltr' id='par_1_105' title="bbox 2070 5034 3657 5103">
     <span class='ocr_line' id='line_1_105' title="bbox 2070 5034 3657 5103; baseline -0.003 -11"><span class='ocrx_word' id='word_1_702' title='bbox 2070 5040 2230 5103; x_wconf 81' lang='lat' dir='ltr'><strong>Vers,</strong></span> <span class='ocrx_word' id='word_1_703' title='bbox 2262 5038 2350 5091; x_wconf 79' lang='lat' dir='ltr'><strong>l3.</strong></span> <span class='ocrx_word' id='word_1_704' title='bbox 2385 5036 2459 5090; x_wconf 88' lang='lat' dir='ltr'><strong>Et</strong></span> <span class='ocrx_word' id='word_1_705' title='bbox 2481 5035 2729 5091; x_wconf 75' lang='lat' dir='ltr'><strong>dimissis</strong></span> <span class='ocrx_word' id='word_1_706' title='bbox 2758 5035 2835 5090; x_wconf 83' lang='lat' dir='ltr'><strong>eis</strong></span> <span class='ocrx_word' id='word_1_707' title='bbox 2864 5065 2934 5074; x_wconf 96' lang='lat'>—</span> <span class='ocrx_word' id='word_1_708' title='bbox 2974 5035 3031 5089; x_wconf 84' lang='lat' dir='ltr'><strong>in</strong></span> <span class='ocrx_word' id='word_1_709' title='bbox 3061 5034 3400 5090; x_wconf 80' lang='lat' dir='ltr'><strong>ulteriorem</strong></span> <span class='ocrx_word' id='word_1_710' title='bbox 3441 5048 3657 5101; x_wconf 77' lang='lat' dir='ltr'><strong>ripam.</strong></span> 
     </span>
    </p>
   </div>
   <div class='ocr_carea' id='block_1_106' title="bbox 2003 5121 3590 5195">
    <p class='ocr_par' dir='ltr' id='par_1_106' title="bbox 2003 5121 3590 5195">
     <span class='ocr_line' id='line_1_106' title="bbox 2003 5121 3590 5195; baseline -0.006 -12"><span class='ocrx_word' id='word_1_711' title='bbox 2003 5127 2296 5183; x_wconf 84' lang='lat' dir='ltr'><strong>Praeterea</strong></span> <span class='ocrx_word' id='word_1_712' title='bbox 2325 5129 2381 5180; x_wconf 91' lang='lat' dir='ltr'><strong>et</strong></span> <span class='ocrx_word' id='word_1_713' title='bbox 2401 5124 2476 5180; x_wconf 90' lang='lat' dir='ltr'><strong>de</strong></span> <span class='ocrx_word' id='word_1_714' title='bbox 2503 5123 2595 5178; x_wconf 91' lang='lat' dir='ltr'><strong>his</strong></span> <span class='ocrx_word' id='word_1_715' title='bbox 2634 5124 2696 5178; x_wconf 92' lang='lat' dir='ltr'><strong>in</strong></span> <span class='ocrx_word' id='word_1_716' title='bbox 2725 5122 2824 5179; x_wconf 90' lang='lat' dir='ltr'><strong>illo</strong></span> <span class='ocrx_word' id='word_1_717' title='bbox 2860 5123 3049 5195; x_wconf 88' lang='lat' dir='ltr'><strong>capite</strong></span> <span class='ocrx_word' id='word_1_718' title='bbox 3079 5121 3454 5194; x_wconf 88' lang='lat' dir='ltr'><strong>disputatum</strong></span> <span class='ocrx_word' id='word_1_719' title='bbox 3482 5127 3590 5176; x_wconf 88' lang='lat' dir='ltr'><strong>est.</strong></span> 
     </span>
    </p>
   </div>
   <div class='ocr_carea' id='block_1_107' title="bbox 1492 5304 2457 5377">
    <p class='ocr_par' dir='ltr' id='par_1_107' title="bbox 1492 5304 2457 5377">
     <span class='ocr_line' id='line_1_107' title="bbox 1492 5304 2457 5377; baseline -0.003 -4"><span class='ocrx_word' id='word_1_720' title='bbox 1492 5304 1721 5374; x_wconf 62' lang='lat' dir='ltr'><strong>Variis</strong></span> <span class='ocrx_word' id='word_1_721' title='bbox 1779 5305 2112 5377; x_wconf 89' lang='lat' dir='ltr'><strong>lectiones</strong></span> <span class='ocrx_word' id='word_1_722' title='bbox 2145 5315 2216 5376; x_wconf 86' lang='lat' dir='ltr'><strong>et</strong></span> <span class='ocrx_word' id='word_1_723' title='bbox 2254 5313 2457 5372; x_wconf 64' lang='lat' dir='ltr'><strong>notae.</strong></span> 
     </span>
    </p>
   </div>
   <div class='ocr_carea' id='block_1_108' title="bbox 355 5499 1021 5573">
    <p class='ocr_par' dir='ltr' id='par_1_108' title="bbox 355 5499 1021 5573">
     <span class='ocr_line' id='line_1_108' title="bbox 355 5499 1021 5573; baseline 0 -18"><span class='ocrx_word' id='word_1_724' title='bbox 355 5500 469 5573; x_wconf 82' lang='lat'><strong>(58)</strong></span> <span class='ocrx_word' id='word_1_725' title='bbox 512 5505 698 5568; x_wconf 84' lang='grc' dir='ltr'>Μόνον,</span> <span class='ocrx_word' id='word_1_726' title='bbox 728 5499 920 5567; x_wconf 86' lang='lat' dir='ltr'><strong>abest,</strong></span> <span class='ocrx_word' id='word_1_727' title='bbox 953 5502 1021 5555; x_wconf 80' lang='grc' dir='ltr'>Α.</span> 
     </span>
    </p>
   </div>
   <div class='ocr_carea' id='block_1_109' title="bbox 382 5577 898 5644">
    <p class='ocr_par' dir='ltr' id='par_1_109' title="bbox 382 5577 898 5644">
     <span class='ocr_line' id='line_1_109' title="bbox 382 5577 898 5644; baseline -0.002 -16"><span class='ocrx_word' id='word_1_728' title='bbox 382 5577 473 5644; x_wconf 88' lang='grc'>59)</span> <span class='ocrx_word' id='word_1_729' title='bbox 516 5579 786 5641; x_wconf 82' lang='grc' dir='ltr'>Γεννητῆς,</span> <span class='ocrx_word' id='word_1_730' title='bbox 833 5579 898 5627; x_wconf 79' lang='grc' dir='ltr'>Α.</span> 
     </span>
    </p>
   </div>
   <div class='ocr_carea' id='block_1_110' title="bbox 383 5643 1910 5717">
    <p class='ocr_par' dir='ltr' id='par_1_110' title="bbox 383 5643 1910 5717">
     <span class='ocr_line' id='line_1_110' title="bbox 383 5643 1910 5717; baseline 0 -17"><span class='ocrx_word' id='word_1_731' title='bbox 383 5643 472 5717; x_wconf 79' lang='lat'><strong>60)</strong></span> <span class='ocrx_word' id='word_1_732' title='bbox 514 5648 644 5700; x_wconf 62' lang='lat' dir='ltr'><strong>Haec</strong></span> <span class='ocrx_word' id='word_1_733' title='bbox 669 5645 882 5717; x_wconf 87' lang='lat' dir='ltr'><strong>ultima</strong></span> <span class='ocrx_word' id='word_1_734' title='bbox 913 5659 1056 5717; x_wconf 81' lang='lat' dir='ltr'><strong>pars</strong></span> <span class='ocrx_word' id='word_1_735' title='bbox 1087 5643 1268 5715; x_wconf 87' lang='lat' dir='ltr'><strong>hujus</strong></span> <span class='ocrx_word' id='word_1_736' title='bbox 1310 5643 1910 5717; x_wconf 80' lang='lat' dir='ltr'><strong>interpretationisin</strong></span> 
     </span>
    </p>
   </div>
   <div class='ocr_carea' id='block_1_111' title="bbox 2011 5494 3675 5573">
    <p class='ocr_par' dir='ltr' id='par_1_111' title="bbox 2011 5494 3675 5573">
     <span class='ocr_line' id='line_1_111' title="bbox 2011 5494 3675 5573; baseline -0.006 -13"><span class='ocrx_word' id='word_1_737' title='bbox 2011 5503 2295 5573; x_wconf 88' lang='lat' dir='ltr'><strong>leguntur</strong></span> <span class='ocrx_word' id='word_1_738' title='bbox 2324 5515 2360 5557; x_wconf 90' lang='lat' dir='ltr'><strong>a</strong></span> <span class='ocrx_word' id='word_1_739' title='bbox 2387 5514 2518 5573; x_wconf 87' lang='lat' dir='ltr'><strong>cap,</strong></span> <span class='ocrx_word' id='word_1_740' title='bbox 2574 5514 2668 5556; x_wconf 80' lang='lat' dir='ltr'><strong>Vill</strong></span> <span class='ocrx_word' id='word_1_741' title='bbox 2703 5514 2852 5563; x_wconf 85' lang='lat' dir='ltr'><strong>vers,</strong></span> <span class='ocrx_word' id='word_1_742' title='bbox 2891 5497 2974 5573; x_wconf 63' lang='grc'><strong>12,</strong></span> <span class='ocrx_word' id='word_1_743' title='bbox 3019 5513 3056 5554; x_wconf 91' lang='lat' dir='ltr'><strong>a</strong></span> <span class='ocrx_word' id='word_1_744' title='bbox 3092 5494 3290 5573; x_wconf 80' lang='lat' dir='ltr'><strong>verbis</strong></span> <span class='ocrx_word' id='word_1_745' title='bbox 3331 5495 3489 5573; x_wconf 75' lang='grc' dir='ltr'>ᾀμὴν,</span> <span class='ocrx_word' id='word_1_746' title='bbox 3541 5495 3675 5568; x_wconf 70' lang='grc' dir='ltr'>λέγω</span> 
     </span>
    </p>
   </div>
   <div class='ocr_carea' id='block_1_112' title="bbox 2015 5568 3677 5646">
    <p class='ocr_par' dir='ltr' id='par_1_112' title="bbox 2015 5568 3677 5646">
     <span class='ocr_line' id='line_1_112' title="bbox 2015 5568 3677 5646; baseline -0.004 -20"><span class='ocrx_word' id='word_1_747' title='bbox 2015 5568 2270 5646; x_wconf 32' lang='grc' dir='ltr'>ὑμῆνηίιό</span> <span class='ocrx_word' id='word_1_748' title='bbox 2319 5568 2476 5646; x_wconf 60' lang='lat' dir='ltr'><strong>cap.&quot;</strong></span> <span class='ocrx_word' id='word_1_749' title='bbox 2508 5587 2628 5636; x_wconf 77' lang='lat' dir='ltr'><strong>Vill,</strong></span> <span class='ocrx_word' id='word_1_750' title='bbox 2677 5586 2830 5646; x_wconf 82' lang='lat' dir='ltr'><strong>vers.</strong></span> <span class='ocrx_word' id='word_1_751' title='bbox 2884 5571 2973 5638; x_wconf 72' lang='lat'><strong>34,</strong></span> <span class='ocrx_word' id='word_1_752' title='bbox 3015 5568 3215 5632; x_wconf 88' lang='lat' dir='ltr'><strong>verba,</strong></span> <span class='ocrx_word' id='word_1_753' title='bbox 3261 5570 3525 5646; x_wconf 67' lang='grc' dir='ltr'>μαθηταίς</span> <span class='ocrx_word' id='word_1_754' title='bbox 3571 5574 3677 5646; x_wconf 58' lang='grc' dir='ltr'>ἀι)-</span> 
     </span>
    </p>
   </div>
   <div class='ocr_carea' id='block_1_113' title="bbox 2019 5639 3679 5716">
    <p class='ocr_par' dir='ltr' id='par_1_113' title="bbox 2019 5639 3679 5716">
     <span class='ocr_line' id='line_1_113' title="bbox 2019 5639 3679 5716; baseline -0.001 -18"><span class='ocrx_word' id='word_1_755' title='bbox 2019 5639 2113 5698; x_wconf 68' lang='grc' dir='ltr'>τοῦ</span> <span class='ocrx_word' id='word_1_756' title='bbox 2146 5644 2303 5697; x_wconf 81' lang='grc' dir='ltr'>εἶπεν.</span> <span class='ocrx_word' id='word_1_757' title='bbox 2345 5639 2409 5716; x_wconf 54' lang='lat' dir='ltr'><strong>in&quot;</strong></span> <span class='ocrx_word' id='word_1_758' title='bbox 2435 5641 2913 5716; x_wconf 76' lang='lat' dir='ltr'><strong>interpretatione</strong></span> <span class='ocrx_word' id='word_1_759' title='bbox 2938 5647 3138 5698; x_wconf 88' lang='lat' dir='ltr'><strong>autem</strong></span> <span class='ocrx_word' id='word_1_760' title='bbox 3163 5639 3294 5715; x_wconf 76' lang='lat' dir='ltr'><strong>quas</strong></span> <span class='ocrx_word' id='word_1_761' title='bbox 3325 5639 3679 5707; x_wconf 80' lang='lat' dir='ltr'><strong>exciderint,</strong></span> 
     </span>
    </p>
   </div>
   <div class='ocr_carea' id='block_1_114' title="bbox 288 5712 2791 5788">
    <p class='ocr_par' dir='ltr' id='par_1_114' title="bbox 288 5712 2791 5788">
     <span class='ocr_line' id='line_1_114' title="bbox 288 5712 2791 5788; baseline -0.001 -16"><span class='ocrx_word' id='word_1_762' title='bbox 288 5712 493 5772; x_wconf 84' lang='lat' dir='ltr'><strong>codice</strong></span> <span class='ocrx_word' id='word_1_763' title='bbox 522 5717 562 5770; x_wconf 86' lang='grc' dir='ltr'><strong>Β</strong></span> <span class='ocrx_word' id='word_1_764' title='bbox 588 5715 863 5773; x_wconf 84' lang='lat' dir='ltr'><strong>radendo</strong></span> <span class='ocrx_word' id='word_1_765' title='bbox 893 5712 1132 5772; x_wconf 72' lang='lat' dir='ltr'><strong>sublata</strong></span> <span class='ocrx_word' id='word_1_766' title='bbox 1173 5712 1288 5772; x_wconf 80' lang='lat' dir='ltr'><strong>est.</strong></span> <span class='ocrx_word' id='word_1_767' title='bbox 1315 5712 1661 5788; x_wconf 13' lang='lat' dir='ltr'><strong>APraa&#39;terea,</strong></span> <span class='ocrx_word' id='word_1_768' title='bbox 1684 5716 1916 5773; x_wconf 80' lang='lat' dir='ltr'><strong>excide-</strong></span> <span class='ocrx_word' id='word_1_769' title='bbox 2023 5717 2119 5777; x_wconf 81' lang='lat' dir='ltr'><strong>his</strong></span> <span class='ocrx_word' id='word_1_770' title='bbox 2148 5716 2338 5788; x_wconf 72' lang='lat' dir='ltr'><strong>signis</strong></span> <span class='ocrx_word' id='word_1_771' title='bbox 2382 5714 2471 5788; x_wconf 81' lang='lat'><strong>[&quot;]</strong></span> <span class='ocrx_word' id='word_1_772' title='bbox 2509 5712 2791 5772; x_wconf 86' lang='lat' dir='ltr'><strong>indicavi.</strong></span> 
     </span>
    </p>
   </div>
   <div class='ocr_carea' id='block_1_115' title="bbox 287 5785 1917 5862">
    <p class='ocr_par' dir='ltr' id='par_1_115' title="bbox 287 5785 1917 5862">
     <span class='ocr_line' id='line_1_115' title="bbox 287 5785 1917 5862; baseline 0.001 -17"><span class='ocrx_word' id='word_1_773' title='bbox 287 5793 428 5845; x_wconf 87' lang='lat' dir='ltr'><strong>runt</strong></span> <span class='ocrx_word' id='word_1_774' title='bbox 462 5789 683 5846; x_wconf 70' lang='lat' dir='ltr'><strong>haeczln</strong></span> <span class='ocrx_word' id='word_1_775' title='bbox 715 5790 997 5845; x_wconf 85' lang='lat' dir='ltr'><strong>contextu</strong></span> <span class='ocrx_word' id='word_1_776' title='bbox 1027 5802 1195 5845; x_wconf 87' lang='lat' dir='ltr'><strong>sacro</strong></span> <span class='ocrx_word' id='word_1_777' title='bbox 1224 5785 1468 5861; x_wconf 77' lang='lat' dir='ltr'><strong>quidem</strong></span> <span class='ocrx_word' id='word_1_778' title='bbox 1496 5787 1917 5862; x_wconf 83' lang='lat' dir='ltr'><strong>omnino,quae</strong></span> 
     </span>
    </p>
   </div>
  </div>
