4074 6378
567 416 675 478 8-15

781 518 935 604 CAP.
972 548 1130 605 xxu.
1150 548 1232 605 De
1259 546 1546 619 fermento
1575 548 2006 605 Pharisaeorum.

639 638 799 693 Vers.
833 637 919 693 14.
951 638 1024 693 Et
1052 638 1224 693 obliti
1262 641 1400 693 sunt
1428 668 1494 677 —
1529 639 1687 693 Vers.
1722 638 1809 693 15.
1844 637 2117 694 Herodis.
2145 639 2222 692 De

561 725 655 782 his
675 726 848 799 plene
867 727 1132 783 invenies
1181 726 1481 784 tricesimo
1507 725 1773 783 secundo
1814 727 2006 799 capite
2037 726 2222 783 Evan-

559 814 700 886 gelii
723 814 1061 873 secundum
1097 816 1469 873 Mattheeum.

632 903 801 961 Vers.
832 908 922 964 16.
951 905 1031 961 Et
1059 905 1444 976 conferebant
1483 936 1551 945 —
1590 906 1747 961 Vers.
1785 906 1869 963 18.
1902 921 2007 963 nec
2036 920 2219 962 recor-

559 992 831 1067 damini?
855 997 1142 1052 Praeterea
1179 998 1235 1051 et
1271 994 1345 1052 de
1370 994 1484 1051 his.

632 1084 790 1139 Vers.
824 1084 911 1142 l9.
941 1083 1190 1151 Quando
1212 1115 1282 1126 —
1312 1084 1473 1141 Vers.
1506 1088 1594 1140 2i.
1615 1083 2000 1141 consideratis
2027 1082 2221 1139 7Prae-

555 1187 693 1229 sens
723 1179 905 1247 caput
944 1174 1318 1232 manifestius
1349 1174 1586 1247 scripsit
1623 1174 1929 1231 Matthaeus
1966 1192 1980 1227 :
2016 1188 2219 1247 quaere

556 1276 698 1335 ergo
727 1261 811 1320 ibi
848 1261 926 1320 de
949 1263 1254 1321 omnibus.

1030 1406 1186 1463 CAP.
1230 1406 1418 1464 XXIII.
1460 1407 1545 1463 De
1564 1420 1735 1463 caeco.

623 1492 789 1553 Vers.
828 1498 918 1553 22.
953 1496 1029 1551 Et
1055 1496 1210 1553 venit
1239 1526 1307 1537 —
1338 1495 1504 1552 Vers.
1546 1497 1825 1565 23.fexti'a
1854 1496 2059 1551 vicum.
2089 1497 2214 1551 Non

554 1585 716 1642 enim
741 1585 907 1656 digni
925 1590 1092 1642 erant
1108 1586 1215 1641 vici
1248 1584 1403 1641 illius
1434 1585 1667 1654 incolae,
1702 1588 1765 1640 ut
1790 1584 1911 1639 fieri
1939 1583 2215 1641 viderent

549 1674 889 1745 hujusmoni
925 1674 1305 1731 miraculum.
1336 1678 1482 1731 Nam
1500 1691 1641 1731 cum
1684 1674 1797 1731 alia
1815 1673 2003 1730 multa
2031 1672 2213 1729 vidis-

551 1769 700 1836 sent,
742 1770 1091 1821 manserant
1120 1764 1430 1821 increduli.

617 1854 782 1911 Vers.
824 1859 913 1912 23.
939 1856 1161 1912 Etcum
1193 1855 1507 1927 exspuisset
1548 1887 1614 1897 —
1646 1854 1889 1911 videret.
1927 1855 2112 1926 Sputo
2144 1871 2208 1910 ac

548 1944 829 2001 manibus
860 1944 1021 2000 hunc
1053 1951 1238 2009 sanat,
1273 1945 1616 2009 oslendens,
1644 1944 1811 2016 quod
1843 1958 2039 1999 sermo
2070 1960 2209 1999 con-

539 2036 784 2105 junctus
814 2034 1096 2107 operibus
1128 2034 1489 2091 miraculum
1528 2036 1767 2105 operari
1820 2037 2039 2105 potest.
2082 2034 2207 2089 Ser—

544 2123 743 2180 monis
768 2123 1009 2195 quidem
1022 2122 1264 2193 signum
1290 2128 1633 2196 estsputum
1660 2138 1672 2177 :
1696 2126 2019 2193 utrumque
2047 2122 2206 2178 enim

543 2212 622 2269 ab
652 2227 754 2268 ore
783 2211 1084 2283 egreditur
1110 2230 1123 2265 :
1156 2212 1355 2284 operis
1383 2226 1546 2278 vero,
1580 2224 1817 2265 manus.
1855 2210 2204 2265 Sermonem

541 2306 745 2359 autem
768 2302 905 2361 dico
932 2302 1114 2360 laude
1152 2302 1405 2375 dignum
1439 2318 1451 2357 :
1497 2300 1766 2361 similiter
1815 2304 1871 2357 et
1909 2300 2205 2371 speratio-

540 2404 701 2449 nem.

610 2480 835 2538 Dictum
861 2485 951 2538 est
980 2484 1183 2539 autem
1201 2479 1274 2536 de
1302 2478 1480 2535 simili
1511 2478 1693 2535 altero
1720 2492 1963 2551 quoque
1996 2477 2200 2543 modo,

528 2570 824 2627 vicesimo
853 2571 1051 2643 capite
1088 2570 1402 2643 praesentis
1433 2567 1748 2639 Evangelii.

610 2660 805 2717 Primo
852 2676 994 2717 vero
1051 2668 1272 2716 caecum
1329 2660 1490 2715 hunc
1548 2657 1888 2729 imperfecte
1948 2656 2194 2723 curavit,

522 2755 740 2823 ‘utpote
770 2750 1116 2824 imperfecte
1146 2749 1492 2806 credentem
1517 2764 1529 2803 :
1574 2748 1709 2804 ideo
1740 2747 1921 2803 etiam
1953 2746 2197 2803 interro-

536 2842 700 2912 gavit
738 2856 896 2912 eum,
924 2840 972 2896 si
1003 2839 1152 2913 quid
1181 2840 1438 2904 vederet,
1483 2844 1548 2894 ut
1578 2838 1681 2910 qui
1720 2853 1938 2910 parum
1996 2837 2195 2893 adhuc

532 2929 904 3003 respiciebat,
937 2945 1043 3003 per
1078 2928 1375 2985 modicum
1418 2932 1734 3001 aspectum
1770 2929 2033 2983 crederet
2063 2940 2195 2998 per-

531 3017 743 3076 fectius
776 3036 845 3076 ac
877 3023 1190 3077 sanaretur
1217 3017 1536 3092 perfectius
1562 3035 1575 3074 :
1619 3017 1860 3090 sapiens
1887 3016 2050 3073 enim
2073 3021 2198 3073 erat

512 3104 824 3166 ‘medicus.

600 3200 762 3258 Vers.
800 3202 889 3257 24.
920 3200 998 3256 Et
1020 3200 1324 3272 respiciens
1353 3228 1424 3242 —
1468 3198 1731 3255 homines
1781 3196 2064 3265 Obscure,
2110 3196 2196 3253 vi-

522 3282 766 3346 delicat.

593 3379 759 3436 Vers.
796 3380 887 3436 24.
922 3378 1214 3446 Quoniam
1233 3378 1390 3435 vetui
1415 3408 1478 3419 -
1515 3377 1901 3435 ambulantes.
1950 3378 2195 3449 Propter

519 3468 686 3527 visus
715 3467 1146 3527 obscuritatem
1179 3469 1260 3540 (ν)

596 3665 763 3723 Vers.
794 3665 883 3721 25.
933 3664 1146 3722 Deinde
1190 3680 1399 3721 rursus
1446 3694 1516 3707 -
1543 3680 1748 3721 omnes.
1783 3666 2187 3734 Augmentum

523 3756 664 3813 ﬁdei
682 3760 1079 3827 augmentum
1095 3754 1423 3827 promeruit
1453 3754 1747 3811 sanitatis.

594 3854 751 3911 Vers.
793 3856 883 3910 26.
911 3853 991 3909 Et
1028 3853 1251 3909 dimisit
1288 3883 1349 3894 -
1388 3855 1450 3908 in
1500 3854 1638 3908 vico-
1701 3853 1951 3924 Propter
1974 3867 2185 3909 eorum

519 3942 1019 4012 incredulitatem,
1059 3943 1165 4016 qui
1204 3943 1263 3998 in
1293 3942 1391 4000 illo
1421 3947 1610 4009 erant,
1656 3948 1713 3998 et
1740 3958 1815 3999 ne
1846 3940 2027 3998 ﬁdem
2052 3942 2182 4013 ejus

520 4039 934 4107 perverterent.

658 4142 809 4197 CAP.
840 4137 1018 4197 XXIV.
1060 4141 1146 4197 De
1171 4140 1625 4212 interrogatione
1649 4139 1712 4194 in
1749 4139 2031 4196 Casarea.

593 4231 751 4300 Vers,
785 4231 874 4286 27.
904 4231 984 4287 Ει
1010 4230 1192 4287 exivit
1217 4261 1285 4270 -—
1312 4229 1476 4285 Vers.
1511 4234 1579 4285 28
1608 4229 2055 4298 prophetarum.
2091 4228 2184 4284 Di-

518 4327 683 4380 ctum
712 4325 805 4377 est
843 4320 919 4376 de
955 4319 1048 4376 his
1079 4319 1382 4376 tricesimo
1422 4318 1589 4376 tertio
1630 4318 1819 4391 capite
1844 4319 2017 4391 juxta
2042 4319 2185 4374 Mat-

520 4412 766 4556 “1:21;:
786 4502 875 4555 29.
908 4500 985 4556 Et
1011 4500 1133 4570 ipse
1170 4529 1226 4540 -
1266 4499 1427 4555 Vers.
1460 4501 1548 4555 30.
1590 4498 1655 4555 de
1702 4514 1776 4554 se.
1829 4496 2019 4554 Etiam
2059 4498 2183 4554 haec

517 4589 597 4647 ad
619 4604 885 4659 unguem
910 4588 1213 4645 declarata
1234 4594 1370 4644 sunt
1390 4588 1601 4644 eodem
1634 4588 1849 4660 capite.

591 4680 750 4735 Vers.
785 4680 871 4734 31.
941 4678 1239 4750 Οκρίιᾳιιε
1290 4708 1358 4718 -
1410 4691 1739 4757 resurgere.
1789 4676 1873 4732 Ibi
1934 4692 2180 4750 quoque

520 4768 595 4825 de
616 4766 711 4825 his
744 4767 973 4825 dictum
1003 4773 1107 4824 est.

592 4857 758 4913 Vers.
792 4861 879 4913 32.
937 4857 1013 4911 Et
1038 4862 1238 4926 aperte
1262 4887 1331 4895 —
1361 4854 1726 4927 loquebatur.
1779 4855 2078 4912 Manifesta
2108 4871 2178 4913 ac

520 4947 649 5004 sine
680 4946 800 5003 ullo
822 4950 1163 5017 tegumento
1194 4946 1355 5001 hunc
1387 4944 1623 5000 dicebat
1649 4960 2012 5001 sermonem.

592 5039 755 5095 Vers.
788 5042 873 5094 32.
911 5037 989 5092 Et
1013 5035 1403 5106 apprehendit
1428 5065 1495 5075 —
1525 5034 1686 5091 Vers.
1730 5039 1817 5091 33.
1853 5035 2174 5093 hominum.

520 5128 799 5187 Similiter
827 5132 884 5184 et
903 5127 977 5182 de
1002 5126 1116 5182 his.

589 5222 747 5276 Vers.
788 5218 876 5273 34.
908 5218 984 5272 Et
1009 5214 1307 5273 advocatis
1336 5244 1406 5255 —
1428 5214 1595 5272 Vers.
1630 5215 1720 5272 35.
1748 5214 1999 5272 servabit
2026 5231 2171 5274 eam.

516 5314 803 5367 Prmterea
832 5310 891 5362 et
918 5305 992 5361 de
1022 5304 1116 5360 his
1147 5303 1373 5359 dictum
1401 5306 1507 5360 est.

588 5400 749 5455 Vers.
778 5398 866 5454 36.
901 5394 1057 5465 Quid
1089 5395 1242 5452 enim
1295 5394 1559 5450 —Vers.
1615 5396 1704 5451 37.
1754 5393 1949 5452 anima
2006 5411 2112 5453 sua
2144 5396 2173 5455 τ

516 5488 707 5547 Etiam
736 5488 811 5545 de
841 5487 956 5544 his.

1905 419 2253 479 EUTHYMII
2306 412 2642 477 ZIGABENI

3842 427 3949 484 816

2256 547 2303 601 Α
2503 553 2655 602 ΚΕΦ.
2699 548 2797 600 KB’
2832 553 2955 622 Περὶ
2988 554 3083 610 τῆς
3115 547 3287 621 ζύμης
3317 556 3416 601 τῶν
3448 555 3766 625 Φαρισαίων.

2409 641 2507 689 Καὶ
2566 635 2867 689 ἐπελάθοντο
2940 670 2999 677 ——
3046 638 3217 710 ζύμης
3267 636 3525 711 Ἡρώδου.
3583 644 3707 715 Περὶ
3750 645 3944 694 τούτων

2333 727 2571 799 εὑρήσεις
2612 723 2837 798 ἀκριϐῶς
2882 725 2928 777 ἐν
2959 736 3028 798 τῷ
3076 737 3371 799 τριακοστῷ
3432 725 3655 802 δευτέρῳ
3685 730 3944 803 κεφαλαίῳ

2330 821 2422 866 τοῦ
2445 816 2579 865 κατὰ
2602 817 2890 870 Ματθαῖον.

2406 908 2506 956 Καὶ
2538 901 2891 977 διελογίζοντο
2925 937 2986 945 -
3025 906 3082 958 ού
3109 908 3449 979 μνημονεύετε
3482 924 3495 973 ;
3542 912 3641 960 Kal
3674 912 3791 985 περὶ
3819 913 3940 962 τού-

2331 1012 2449 1046 τοημ

2400 1080 2522 1134 Ὀτε
2554 1114 2615 1123 —-
2669 1083 2727 1134 ού
2777 1089 2975 1136 συνίετε
3005 1104 3021 1156 ;
3056 1090 3367 1160 Σαφέστερον
3395 1086 3420 1137 ὁ
3448 1088 3718 1150 Mareade;
3746 1091 3803 1140 τό
3834 1109 3934 1141 πα-

2328 1173 2419 1244 ρὸν
2448 1171 2722 1243 κεφάλαιον
2753 1171 3029 1246 ἀνέγραψε.
3082 1179 3181 1228 Καὶ
3232 1175 3465 1236 ζήτησον
3523 1175 3629 1228 ἐκεῖ
3658 1183 3776 1250 περὶ
3801 1182 3938 1231 πάν-

2329 1279 2446 1311 τοηκ

2722 1410 2868 1459 ΚΕΦ.
2905 1404 3021 1460 ΚΓ.
3052 1410 3177 1479 Περὶ
3210 1414 3303 1459 τοῦ
3327 1406 3541 1479 τυφλοῦ.

2402 1496 2502 1544 Kal
2534 1494 2748 1567 ἔρχεται
2799 1526 2861 1535 —
2900 1495 2995 1557 ἔξω
3047 1504 3138 1557 τῆς
3168 1502 3369 1567 κώμης.
3425 1497 3501 1549 Ού
3552 1500 3656 1571 γὰρ
3696 1495 3831 1557 ἦσαν
3887 1504 3934 1554 οἱ

2325 1588 2421 1642 τῆς
2449 1587 2626 1655 κώμης
2650 1586 2848 1645 ταύτης
2878 1584 3147 1658 οἰκήτορες
3176 1585 3314 1648 ἄξιοι
3348 1588 3637 1639 θεάσασθαι
3665 1594 3932 1663 γινόμενον

2323 1674 2382 1723 τό
2407 1678 2640 1724 τοιοῦτον
2673 1674 2866 1744 θαῦμα.
2902 1673 3073 1726 Πολ.λὰ
3110 1677 3211 1748 γὰρ
3239 1675 3368 1727 ἄλλα
3401 1677 3728 1749 θεασάμενοι,
3769 1698 3929 1751 μεμε-

2321 1764 2542 1817 νήκασιν
2570 1763 2805 1814 ἄπιστοι.

2395 1855 2495 1902 Καὶ
2534 1854 2739 1912 πτύσας
2771 1883 2837 1893 --
2876 1850 3073 1924 βλέπει.
3113 1855 3391 1925 Πτύσματι
3447 1858 3538 1906 καί
3566 1862 3725 1929 χερσὶ
3790 1867 3883 1911 τού
3913 1880 3924 1893 ⁸

2319 1957 2404 1990 τον
2441 1938 2601 2003 ἰᾶται,
2635 1936 2860 2002 δεικνὺς,
2888 1943 2968 1993 ὅτι
3004 1942 3393 2014 συζευγνύμενα
3417 1942 3567 2015 λόγος
3612 1950 3700 1997 καὶ
3738 1948 3929 2020 πρᾶξις

2322 2029 2564 2101 θαύματα
2594 2028 2910 2101 ἐργάζεσθαι
2933 2027 3202 2083 δύνανται.
3233 2031 3469 2105 Σύμϐολα
3493 2036 3594 2106 γὰρ
3630 2033 3783 2105 λόγου
3810 2039 3923 2106 μεν,

2316 2120 2375 2169 τὸ
2406 2120 2643 2190 πτύσμα’
2672 2123 2761 2171 καὶ
2801 2121 2955 2191 ἄμφω
2983 2122 3081 2192 γὰρ
3113 2119 3213 2172 ἀπὸ
3273 2130 3364 2174 τοῦ
3395 2126 3652 2194 στόματος
3683 2122 3928 2197 ἐξέρχον-

2317 2226 2405 2259 ται
2439 2230 2450 2241 ·
2478 2208 2713 2283 πράξεως
2742 2205 2819 2279 δε,
2856 2212 2911 2261 αἱ
2936 2217 3132 2282 χεζοες.
3162 2215 3331 2283 Λόγον
3361 2208 3421 2265 δε
3450 2212 3581 2284 λέγω
3611 2217 3697 2265 τὸν
3727 2212 3924 2267 ἑπαινε-

2315 2300 2425 2366 τὸν,
2453 2303 2541 2350 καὶ
2561 2298 2749 2373 πρᾶξιν
2776 2300 2981 2370 ὁμοίως.

2386 2496 2605 2568 Εἴρηται
2632 2488 2690 2545 δε
2708 2498 2797 2546 καὶ
2823 2498 3011 2569 τρόπον
3030 2492 3197 2570 ἓτερον
3223 2494 3272 2547 ἐν
3302 2504 3371 2549 τῶ
3411 2496 3629 2569 εἰκοστῷ
3660 2498 3918 2573 κεφαλαίῳ

2311 2590 2402 2635 τοῦ
2432 2586 2686 2655 παρέντος
2714 2582 3047 2654 Εύαγγελίου.

2380 2672 2598 2732 Ἀτελῶς
2628 2669 2685 2723 δὲ
2710 2675 2798 2723 τόν
2828 2674 3015 2744 τυφλὸν
3038 2681 3214 2725 τοῦτον
3247 2673 3602 2747 ἐθεράπευσεν,
3634 2680 3701 2739 ὡς
3725 2675 3917 2741 ἀτελῶς

2307 2764 2640 2815 πιστεύοντα.
2676 2765 2762 2812 Διὸ
2798 2766 2887 2813 καὶ
2920 2760 3254 2835 ἐπηρώτησεν
3311 2764 3485 2833 αὐτὸν,
3531 2769 3575 2817 εἶ
3611 2786 3660 2818 τι
3710 2764 3912 2838 βλέπει,

2310 2851 2392 2902 ἵνα
2416 2855 2601 2925 μικρὸν
2636 2848 2945 2921 ἀναϐλέψας,
2978 2851 3079 2904 ἀπό
3109 2860 3202 2914 τῆς
3233 2860 3426 2925 μικρᾶς
3458 2854 3621 2926 ὅψεως
3652 2859 3913 2929 πιστεύσῃ

2308 2939 2624 3013 τελεώτερον,
2689 2944 2776 2992 καὶ
2830 2941 2947 3014 ἰαθῇ
3014 2941 3328 3017 τελεώτερον.
3401 2948 3559 3017 Σοφός
3616 2947 3717 3017 γὰρ
3775 2944 3916 2998 ἐστιν

2310 3027 2504 3102 ἰατρός.

2380 3228 2483 3281 Καὶ
2506 3224 2795 3297 ἀναϐλέψας
2826 3256 2889 3266 -
2924 3229 3040 3288 τούς
3059 3224 3393 3302 ἆνθρὼποως.
3430 3226 3708 3303 Αμυδρῶς,
3744 3228 3915 3291 δηλο-

2303 3336 2431 3370 νοτι.

2372 3404 2492 3457 Ὀτι
2530 3406 2600 3466 ὡς
2649 3436 2717 3444 —
2768 3413 3201 3479 περιπατοῦντας.
3255 3409 3349 3459 Διά
3402 3412 3497 3466 τὴν
3570 3404 3920 3484 ἆμυδρότητα

2300 3492 2395 3556 τῆς
2461 3494 2646 3565 ὄψεως.
2697 3496 2767 3547 Τὸ
2821 3496 2900 3547 ὅτι
2964 3495 3228 3569 παρέλκει,
3277 3495 3393 3549 καθ’
3439 3496 3707 3573 Ἐϐραῑκὸν
3768 3496 3916 3553 ἰδίω-

2301 3604 2395 3656 ιια.

2371 3671 2496 3727 Εἶτα
2520 3673 2671 3725 πάλιν
2694 3703 2766 3713 -
2803 3672 3055 3735 ἅπαντας.
3080 3673 3137 3725 Ἠ
3170 3671 3410 3736 ἐπίδοσις
3430 3683 3527 3737 τῆς
3551 3681 3785 3739 πίστεως
3801 3676 3913 3731 ἐπί-

2299 3759 2451 3815 δοσιν
2481 3762 2621 3833 αύτῷ
2651 3770 2739 3823 τῆς
2770 3764 2942 3833 ύγείας
2972 3768 3399 3837 περιεποιήσατο.

2370 3856 2470 3904 Καὶ
2511 3850 2806 3904 ἀπέστειλεν
2852 3883 2917 3892 —
2949 3850 2997 3903 ἐν
3035 3860 3096 3923 τῇ
3151 3862 3324 3925 κῶμη.
3382 3856 3475 3906 Διὰ
3515 3858 3610 3913 τὴν
3657 3853 3911 3909 ἀπιστίαν

2295 3950 2392 3994 τῶν
2424 3940 2472 3993 ἄν
2500 3940 2651 4014 αύτῇ,
2686 3946 2776 3994 καὶ
2807 3944 2891 3994 ἵνα
2918 3946 2989 4014 μὴ
3049 3938 3419 4017 διαστρέψωσι
3462 3948 3557 4003 τήν
3609 3949 3793 3998 πίστιν
3824 3947 3912 3999 αύ·

2294 4051 2408 4085 του.

2404 4145 2548 4193 ΚΕΦ.
2587 4137 2706 4195 KA'.
2734 4141 2859 4213 Περὶ
2892 4146 2988 4201 τῆς
3019 4137 3065 4190 ἐν
3092 4144 3384 4214 Καισαρείᾳ
3409 4138 3802 4213 ἐπερωτήσεως,

2368 4234 2469 4283 Καὶ
2541 4227 2746 4291 ἐξῆλθεν
2816 4260 2883 4267 -
2962 4237 3061 4280 τῶν
3126 4236 3426 4301 προφητῶν.
3499 4233 3719 4304 Εἴρηται
3788 4237 3906 4306 περὶ

2294 4322 2487 4371 τούτων
2520 4318 2567 4370 ἐν
2596 4326 2665 4388 τῷ
2698 4326 2990 4390 τριακοστῲ
3006 4321 3160 4391 τρίτῳ
3191 4318 3450 4391 κεφαλαίῳ
3480 4327 3571 4371 τοῦ
3598 4322 3733 4372 κατὰ
3762 4328 3905 4375 Mar»

2298 4410 2462 4462 Θαῖον.

2371 4501 2469 4549 Καὶ
2496 4495 2649 4558 αύτός
2682 4525 2749 4537 -
2776 4500 2892 4571 περὶ
2920 4495 3099 4551 αύτοῦ.
3143 4498 3243 4548 Καὶ
3274 4502 3439 4548 ταῦτα
3468 4494 3515 4548 ἓν
3548 4494 3719 4569 ἐκείνῳ
3749 4496 3903 4573 διηρ-

2215 4621 2262 4676 D
2293 4588 2523 4661 μηνεύθη
2534 4605 2629 4676 σαν
2645 4585 2987 4676 λεπτομερῶς.

2366 4681 2466 4729 Kal
2510 4675 2705 4750 ηρξατο
2769 4706 2831 4714 -
2888 4673 3195 4733 ἀναστῆναι.
3232 4674 3365 4728 Ἐκεῖ
3429 4679 3517 4727 καὶ
3549 4680 3665 4750 περὶ
3706 4680 3902 4730 τούτων

2292 4766 2412 4842 ἐρῥή
2424 4768 2511 4824 θη.

2364 4862 2464 4909 Καὶ
2489 4854 2761 4930 παρρησίᾳ
2780 4885 2851 4895 -
2867 4853 3047 4909 ἐλάλει.
3077 4858 3309 4927 Φανερῶς
3329 4857 3419 4906 καὶ
3442 4850 3893 4927 ἀπαρακαλύπτως

2288 4950 2375 5000 τόν
2401 4946 2551 5018 λόγον
2575 4952 2756 4997 τοῦτον
2788 4943 2971 4998 ἐλάλει.

2364 5041 2464 5090 Kal
2494 5032 2913 5109 προσλαϐόμενος
2945 5062 3013 5073 -—
3060 5040 3159 5085 τῶν
3213 5030 3514 5106 ἀνθρώπων.
3557 5030 3781 5107 Ὁμοίως
3810 5036 3896 5086 καὶ

2288 5131 2406 5202 περὶ
2435 5128 2647 5180 τούτων.
2686 5124 2725 5193 ’]

2362 5220 2463 5269 Καὶ
2492 5212 2976 5287 προσκαλεσάμενος
3003 5242 3071 5252 -
3100 5214 3260 5263 σώσει
3290 5208 3474 5270 αὐτὴν.
3520 5209 3631 5267 Ἔτι
3651 5217 3741 5266 καὶ
3776 5214 3895 5288 περὶ

2288 5309 2483 5360 τούτων
2498 5350 2510 5361 .

2354 5398 2418 5447 Τί
2441 5396 2543 5467 γὰρ
2573 5424 2643 5434 —
2666 5391 2855 5465 ψυχῆς
2876 5389 3035 5444 αὐτοῦ
3073 5406 3087 5458 ;
3124 5394 3224 5445 Kal
3248 5394 3366 5466 περὶ
3386 5393 3606 5447 τούτων.

1741 5609 1966 5679 Variae
1996 5611 2326 5683 lectiones
2358 5620 2425 5680 et
2453 5620 2659 5681 notas.

594 5807 679 5883 (ῃ)
708 5808 942 5867 Partem
967 5807 1243 5868 ultimam
1262 5807 1472 5870 scholii
1498 5823 1626 5870 non
1662 5810 1959 5885 expressit
2016 5806 2335 5885 interpi‘es.
