  <div class='ocr_page' id='page_1' title='image "/cluster/home/n/w/nwhite01/storage/ocr_20150623/129/coo.31924054870344/418.png"; bbox 0 0 4074 6424; ppageno 0'>
   <div class='ocr_carea' id='block_1_1' title="bbox 290 345 391 402">
    <p class='ocr_par' dir='ltr' id='par_1_1' title="bbox 290 345 391 402">
     <span class='ocr_line' id='line_1_1' title="bbox 290 345 391 402; baseline -0.02 -2"><span class='ocrx_word' id='word_1_1' title='bbox 290 345 391 402; x_wconf 87' lang='grc'><strong><em>817</em></strong></span> 
     </span>
    </p>
   </div>
   <div class='ocr_carea' id='block_1_2' title="bbox 1371 321 2660 393">
    <p class='ocr_par' dir='ltr' id='par_1_2' title="bbox 1371 321 2660 393">
     <span class='ocr_line' id='line_1_2' title="bbox 1371 321 2660 393; baseline -0.011 -3"><span class='ocrx_word' id='word_1_2' title='bbox 1371 328 1739 390; x_wconf 83' lang='grc' dir='ltr'><strong><em>ΟΟΜΜΕΝΤ.</em></strong></span> <span class='ocrx_word' id='word_1_3' title='bbox 1784 326 1852 384; x_wconf 88' lang='lat' dir='ltr'><strong>IN</strong></span> <span class='ocrx_word' id='word_1_4' title='bbox 1890 322 2217 393; x_wconf 79' lang='lat' dir='ltr'><strong><em>MARCUM.</em></strong></span> <span class='ocrx_word' id='word_1_5' title='bbox 2260 353 2328 364; x_wconf 97' lang='lat'><strong>—</strong></span> <span class='ocrx_word' id='word_1_6' title='bbox 2366 321 2523 380; x_wconf 87' lang='lat' dir='ltr'><strong><em>CAP.</em></strong></span> <span class='ocrx_word' id='word_1_7' title='bbox 2565 321 2660 377; x_wconf 87' lang='lat' dir='ltr'><strong><em>IX.</em></strong></span> 
     </span>
    </p>
   </div>
   <div class='ocr_carea' id='block_1_3' title="bbox 3554 316 3661 374">
    <p class='ocr_par' dir='ltr' id='par_1_3' title="bbox 3554 316 3661 374">
     <span class='ocr_line' id='line_1_3' title="bbox 3554 316 3661 374; baseline -0.009 0"><span class='ocrx_word' id='word_1_8' title='bbox 3554 316 3661 374; x_wconf 74' lang='lat'><strong><em>818</em></strong></span> 
     </span>
    </p>
   </div>
   <div class='ocr_carea' id='block_1_4' title="bbox 356 442 1886 543">
    <p class='ocr_par' dir='ltr' id='par_1_4' title="bbox 356 455 1886 543">
     <span class='ocr_line' id='line_1_4' title="bbox 356 455 1886 543; baseline -0.01 -22"><span class='ocrx_word' id='word_1_9' title='bbox 356 469 453 532; x_wconf 73' lang='grc' dir='ltr'><strong>’ος</strong></span> <span class='ocrx_word' id='word_1_10' title='bbox 477 469 578 543; x_wconf 72' lang='grc' dir='ltr'><strong><em>γὰρ</em></strong></span> <span class='ocrx_word' id='word_1_11' title='bbox 622 497 692 506; x_wconf 91' lang='grc'><strong><em>-</em></strong></span> <span class='ocrx_word' id='word_1_12' title='bbox 722 473 822 519; x_wconf 87' lang='grc' dir='ltr'><strong><em>τῶν</em></strong></span> <span class='ocrx_word' id='word_1_13' title='bbox 870 463 1096 537; x_wconf 70' lang='grc' dir='ltr'><strong>ἀγγέλων</strong></span> <span class='ocrx_word' id='word_1_14' title='bbox 1142 470 1241 515; x_wconf 85' lang='grc' dir='ltr'><strong><em>τῶν</em></strong></span> <span class='ocrx_word' id='word_1_15' title='bbox 1290 460 1475 536; x_wconf 76' lang='grc' dir='ltr'><strong>ἁγίων.</strong></span> <span class='ocrx_word' id='word_1_16' title='bbox 1516 456 1703 520; x_wconf 83' lang='grc' dir='ltr'><strong><em>Ὅστις</em></strong></span> <span class='ocrx_word' id='word_1_17' title='bbox 1752 455 1886 509; x_wconf 80' lang='grc' dir='ltr'><strong><em>ἐπαὶ-</em></strong></span> 
     </span>
    </p>
   </div>
   <div class='ocr_carea' id='block_1_5' title="bbox 2019 442 3665 543">
    <p class='ocr_par' dir='ltr' id='par_1_5' title="bbox 2075 442 3665 521">
     <span class='ocr_line' id='line_1_5' title="bbox 2075 442 3665 521; baseline -0.005 -15"><span class='ocrx_word' id='word_1_18' title='bbox 2075 452 2238 507; x_wconf 89' lang='lat' dir='ltr'><strong><em>Vers.</em></strong></span> <span class='ocrx_word' id='word_1_19' title='bbox 2274 453 2363 517; x_wconf 85' lang='lat'><strong><em>38.</em></strong></span> <span class='ocrx_word' id='word_1_20' title='bbox 2398 450 2801 521; x_wconf 76' lang='lat' dir='ltr'><strong><em>Quemcunque</em></strong></span> <span class='ocrx_word' id='word_1_21' title='bbox 2836 477 2906 486; x_wconf 91' lang='lat'>—</span> <span class='ocrx_word' id='word_1_22' title='bbox 2963 443 3184 516; x_wconf 76' lang='lat' dir='ltr'><strong><em>angelis</em></strong></span> <span class='ocrx_word' id='word_1_23' title='bbox 3213 442 3451 515; x_wconf 75' lang='lat' dir='ltr'><strong><em>sanctis.</em></strong></span> <span class='ocrx_word' id='word_1_24' title='bbox 3494 443 3665 519; x_wconf 86' lang='lat' dir='ltr'><strong><em>Quis-</em></strong></span> 
     </span>
    </p>
   </div>
   <div class='ocr_carea' id='block_1_6' title="bbox 291 545 1896 632">
    <p class='ocr_par' dir='ltr' id='par_1_6' title="bbox 291 545 1896 632">
     <span class='ocr_line' id='line_1_6' title="bbox 291 545 1896 632; baseline -0.009 -21"><span class='ocrx_word' id='word_1_25' title='bbox 291 560 496 632; x_wconf 75' lang='grc' dir='ltr'><strong>σχυνθῇ</strong></span> <span class='ocrx_word' id='word_1_26' title='bbox 530 576 593 630; x_wconf 89' lang='grc' dir='ltr'><strong><em>με</em></strong></span> <span class='ocrx_word' id='word_1_27' title='bbox 636 555 965 630; x_wconf 75' lang='grc' dir='ltr'><strong>ὁμολογῆσαι</strong></span> <span class='ocrx_word' id='word_1_28' title='bbox 1005 558 1155 619; x_wconf 71' lang='grc' dir='ltr'><strong>Θεὸν,</strong></span> <span class='ocrx_word' id='word_1_29' title='bbox 1201 557 1290 605; x_wconf 83' lang='grc' dir='ltr'><strong>καὶ</strong></span> <span class='ocrx_word' id='word_1_30' title='bbox 1338 554 1458 612; x_wconf 81' lang='grc' dir='ltr'><strong>τοὺς</strong></span> <span class='ocrx_word' id='word_1_31' title='bbox 1507 549 1661 621; x_wconf 79' lang='grc' dir='ltr'><strong>ἐμοὺς</strong></span> <span class='ocrx_word' id='word_1_32' title='bbox 1710 545 1896 617; x_wconf 77' lang='grc' dir='ltr'><strong>λόγους</strong></span> 
     </span>
    </p>
   </div>
   <div class='ocr_carea' id='block_1_7' title="bbox 288 635 1893 723">
    <p class='ocr_par' dir='ltr' id='par_1_7' title="bbox 288 635 1893 723">
     <span class='ocr_line' id='line_1_7' title="bbox 288 635 1893 723; baseline -0.01 -21"><span class='ocrx_word' id='word_1_33' title='bbox 288 648 612 723; x_wconf 72' lang='grc' dir='ltr'><strong>ὁμολογῆσαι</strong></span> <span class='ocrx_word' id='word_1_34' title='bbox 669 650 798 699; x_wconf 76' lang='grc' dir='ltr'><strong>Θεοῦ</strong></span> <span class='ocrx_word' id='word_1_35' title='bbox 844 644 975 717; x_wconf 75' lang='grc'><strong>(61),</strong></span> <span class='ocrx_word' id='word_1_36' title='bbox 1026 639 1119 696; x_wconf 81' lang='grc' dir='ltr'><strong><em>διὰ</em></strong></span> <span class='ocrx_word' id='word_1_37' title='bbox 1161 647 1255 701; x_wconf 83' lang='grc' dir='ltr'><strong>τὴν</strong></span> <span class='ocrx_word' id='word_1_38' title='bbox 1313 640 1563 694; x_wconf 63' lang='grc' dir='ltr'><strong>εὐτελειαν</strong></span> <span class='ocrx_word' id='word_1_39' title='bbox 1616 646 1705 697; x_wconf 84' lang='grc' dir='ltr'><strong>τῆς</strong></span> <span class='ocrx_word' id='word_1_40' title='bbox 1760 635 1893 688; x_wconf 84' lang='grc' dir='ltr'><strong>ἐναν-</strong></span> 
     </span>
    </p>
   </div>
   <div class='ocr_carea' id='block_1_8' title="bbox 289 725 1891 812">
    <p class='ocr_par' dir='ltr' id='par_1_8' title="bbox 289 725 1891 812">
     <span class='ocr_line' id='line_1_8' title="bbox 289 725 1891 812; baseline -0.01 -21"><span class='ocrx_word' id='word_1_41' title='bbox 289 741 625 812; x_wconf 82' lang='grc' dir='ltr'><strong>Θρωπήσεως,</strong></span> <span class='ocrx_word' id='word_1_42' title='bbox 678 739 769 787; x_wconf 81' lang='grc' dir='ltr'><strong><em>καὶ</em></strong></span> <span class='ocrx_word' id='word_1_43' title='bbox 818 731 910 787; x_wconf 83' lang='grc' dir='ltr'><strong>ὀιά</strong></span> <span class='ocrx_word' id='word_1_44' title='bbox 938 736 1004 786; x_wconf 84' lang='grc' dir='ltr'><strong>τὰ</strong></span> <span class='ocrx_word' id='word_1_45' title='bbox 1044 734 1182 791; x_wconf 81' lang='grc' dir='ltr'><strong>πάθη</strong></span> <span class='ocrx_word' id='word_1_46' title='bbox 1232 736 1321 785; x_wconf 99' lang='lat' dir='ltr'><strong><em>xui</em></strong></span> <span class='ocrx_word' id='word_1_47' title='bbox 1351 733 1437 783; x_wconf 88' lang='grc' dir='ltr'><strong>τὸν</strong></span> <span class='ocrx_word' id='word_1_48' title='bbox 1470 729 1715 803; x_wconf 78' lang='grc' dir='ltr'><strong>σταυρὸν,</strong></span> <span class='ocrx_word' id='word_1_49' title='bbox 1746 725 1891 799; x_wconf 71' lang='grc' dir='ltr'><strong>κάγώ</strong></span> 
     </span>
    </p>
   </div>
   <div class='ocr_carea' id='block_1_9' title="bbox 286 816 1887 899">
    <p class='ocr_par' dir='ltr' id='par_1_9' title="bbox 286 816 1887 899">
     <span class='ocr_line' id='line_1_9' title="bbox 286 816 1887 899; baseline -0.009 -19"><span class='ocrx_word' id='word_1_50' title='bbox 286 827 790 899; x_wconf 68' lang='grc' dir='ltr'><strong><em>ἐπαισχυνθήσομαι</em></strong></span> <span class='ocrx_word' id='word_1_51' title='bbox 831 823 984 876; x_wconf 72' lang='grc' dir='ltr'><strong>αὐτὸν</strong></span> <span class='ocrx_word' id='word_1_52' title='bbox 1037 821 1362 895; x_wconf 70' lang='grc' dir='ltr'><strong>ὁμολογῆσαι</strong></span> <span class='ocrx_word' id='word_1_53' title='bbox 1405 822 1542 893; x_wconf 81' lang='grc' dir='ltr'><strong>ἐμὸν,</strong></span> <span class='ocrx_word' id='word_1_54' title='bbox 1589 820 1708 869; x_wconf 85' lang='grc' dir='ltr'><strong>ὅταν</strong></span> <span class='ocrx_word' id='word_1_55' title='bbox 1740 816 1887 880; x_wconf 79' lang='grc' dir='ltr'><strong>ἔλθω,</strong></span> 
     </span>
    </p>
   </div>
   <div class='ocr_carea' id='block_1_10' title="bbox 285 908 1887 982">
    <p class='ocr_par' dir='ltr' id='par_1_10' title="bbox 285 908 1887 982">
     <span class='ocr_line' id='line_1_10' title="bbox 285 908 1887 982; baseline -0.008 -12"><span class='ocrx_word' id='word_1_56' title='bbox 285 918 459 971; x_wconf 68' lang='grc' dir='ltr'><strong>οὐκέτι</strong></span> <span class='ocrx_word' id='word_1_57' title='bbox 509 917 760 978; x_wconf 79' lang='grc' dir='ltr'><strong>ταπεινὸς,</strong></span> <span class='ocrx_word' id='word_1_58' title='bbox 812 915 876 974; x_wconf 86' lang='grc' dir='ltr'><strong>ὡς</strong></span> <span class='ocrx_word' id='word_1_59' title='bbox 924 920 1032 982; x_wconf 71' lang='grc' dir='ltr'><strong>νῦν,</strong></span> <span class='ocrx_word' id='word_1_60' title='bbox 1076 910 1184 964; x_wconf 84' lang='grc' dir='ltr'><strong>ἀλλ’</strong></span> <span class='ocrx_word' id='word_1_61' title='bbox 1233 908 1460 978; x_wconf 79' lang='grc' dir='ltr'><strong>ἔνδοξος,</strong></span> <span class='ocrx_word' id='word_1_62' title='bbox 1514 910 1585 969; x_wconf 84' lang='grc' dir='ltr'><strong>ὡς</strong></span> <span class='ocrx_word' id='word_1_63' title='bbox 1632 909 1657 958; x_wconf 86' lang='grc' dir='ltr'><strong>ὁ</strong></span> <span class='ocrx_word' id='word_1_64' title='bbox 1708 910 1887 977; x_wconf 73' lang='grc' dir='ltr'><strong>Πατήρ</strong></span> 
     </span>
    </p>
   </div>
   <div class='ocr_carea' id='block_1_11' title="bbox 284 994 1887 1079">
    <p class='ocr_par' dir='ltr' id='par_1_11' title="bbox 284 994 1887 1079">
     <span class='ocr_line' id='line_1_11' title="bbox 284 994 1887 1079; baseline -0.005 -20"><span class='ocrx_word' id='word_1_65' title='bbox 284 1027 406 1079; x_wconf 88' lang='grc' dir='ltr'><strong>μου.</strong></span> <span class='ocrx_word' id='word_1_66' title='bbox 466 1012 549 1058; x_wconf 85' lang='grc' dir='ltr'><strong><em>Δεῖ</em></strong></span> <span class='ocrx_word' id='word_1_67' title='bbox 602 1006 705 1078; x_wconf 74' lang='grc' dir='ltr'><strong><em>’γὰρ</em></strong></span> <span class='ocrx_word' id='word_1_68' title='bbox 747 1007 819 1077; x_wconf 79' lang='grc' dir='ltr'><strong>μὴ</strong></span> <span class='ocrx_word' id='word_1_69' title='bbox 866 1007 1017 1076; x_wconf 87' lang='grc' dir='ltr'><strong>μόνον</strong></span> <span class='ocrx_word' id='word_1_70' title='bbox 1046 1004 1325 1065; x_wconf 76' lang='grc' dir='ltr'><strong><em>πιστεύειν,</em></strong></span> <span class='ocrx_word' id='word_1_71' title='bbox 1379 999 1508 1052; x_wconf 82' lang='grc' dir='ltr'><strong>ἄλλά</strong></span> <span class='ocrx_word' id='word_1_72' title='bbox 1553 1002 1642 1050; x_wconf 83' lang='grc' dir='ltr'><strong>καὶ</strong></span> <span class='ocrx_word' id='word_1_73' title='bbox 1689 994 1887 1069; x_wconf 74' lang='grc' dir='ltr'><strong>παρρη-</strong></span> 
     </span>
    </p>
   </div>
   <div class='ocr_carea' id='block_1_12' title="bbox 286 1097 717 1169">
    <p class='ocr_par' dir='ltr' id='par_1_12' title="bbox 286 1097 717 1169">
     <span class='ocr_line' id='line_1_12' title="bbox 286 1097 717 1169; baseline -0.002 -20"><span class='ocrx_word' id='word_1_74' title='bbox 286 1100 380 1169; x_wconf 68' lang='grc' dir='ltr'><strong>σία</strong></span> <span class='ocrx_word' id='word_1_75' title='bbox 402 1097 690 1167; x_wconf 76' lang='grc' dir='ltr'><strong><em>κηρύσσειν</em></strong></span> <span class='ocrx_word' id='word_1_76' title='bbox 704 1134 717 1148; x_wconf 96' lang='grc'><strong><em>.</em></strong></span> 
     </span>
    </p>
   </div>
   <div class='ocr_carea' id='block_1_13' title="bbox 355 1178 1885 1256">
    <p class='ocr_par' dir='ltr' id='par_1_13' title="bbox 355 1178 1885 1256">
     <span class='ocr_line' id='line_1_13' title="bbox 355 1178 1885 1256; baseline -0.007 -18"><span class='ocrx_word' id='word_1_77' title='bbox 355 1179 672 1256; x_wconf 78' lang='grc' dir='ltr'><strong>Μοιχαλίδα</strong></span> <span class='ocrx_word' id='word_1_78' title='bbox 724 1179 785 1236; x_wconf 72' lang='grc' dir='ltr'><strong>δε</strong></span> <span class='ocrx_word' id='word_1_79' title='bbox 823 1187 918 1243; x_wconf 80' lang='grc' dir='ltr'><strong>τὴν</strong></span> <span class='ocrx_word' id='word_1_80' title='bbox 969 1184 1145 1254; x_wconf 76' lang='grc' dir='ltr'><strong>γενεὰν</strong></span> <span class='ocrx_word' id='word_1_81' title='bbox 1199 1189 1299 1233; x_wconf 87' lang='grc' dir='ltr'><strong><em>τῶν</em></strong></span> <span class='ocrx_word' id='word_1_82' title='bbox 1354 1178 1550 1233; x_wconf 77' lang='grc' dir='ltr'><strong>ἀσεϐῶν</strong></span> <span class='ocrx_word' id='word_1_83' title='bbox 1601 1178 1885 1250; x_wconf 76' lang='grc' dir='ltr'><strong><em>ὠνόμασεν,</em></strong></span> 
     </span>
    </p>
   </div>
   <div class='ocr_carea' id='block_1_14' title="bbox 281 1265 1891 1346">
    <p class='ocr_par' dir='ltr' id='par_1_14' title="bbox 281 1265 1891 1346">
     <span class='ocr_line' id='line_1_14' title="bbox 281 1265 1891 1346; baseline -0.006 -19"><span class='ocrx_word' id='word_1_84' title='bbox 281 1278 349 1336; x_wconf 79' lang='grc' dir='ltr'><strong>ὡς</strong></span> <span class='ocrx_word' id='word_1_85' title='bbox 398 1274 712 1327; x_wconf 79' lang='grc' dir='ltr'><strong><em>ἀποστᾶσαν</em></strong></span> <span class='ocrx_word' id='word_1_86' title='bbox 750 1276 840 1346; x_wconf 67' lang='grc' dir='ltr'><strong><em>μὲν</em></strong></span> <span class='ocrx_word' id='word_1_87' title='bbox 888 1279 1018 1325; x_wconf 80' lang='grc' dir='ltr'><strong>Οεοῦ</strong></span> <span class='ocrx_word' id='word_1_88' title='bbox 1067 1278 1158 1323; x_wconf 76' lang='grc' dir='ltr'><strong>τοῦ</strong></span> <span class='ocrx_word' id='word_1_89' title='bbox 1216 1273 1446 1343; x_wconf 76' lang='grc' dir='ltr'><strong>σπορέως</strong></span> <span class='ocrx_word' id='word_1_90' title='bbox 1500 1277 1591 1329; x_wconf 82' lang='grc' dir='ltr'><strong>τῆς</strong></span> <span class='ocrx_word' id='word_1_91' title='bbox 1635 1265 1891 1326; x_wconf 72' lang='grc' dir='ltr'><strong>εὐσεϐείας</strong></span> 
     </span>
    </p>
   </div>
   <div class='ocr_carea' id='block_1_15' title="bbox 282 1356 1895 1432">
    <p class='ocr_par' dir='ltr' id='par_1_15' title="bbox 282 1356 1895 1432">
     <span class='ocr_line' id='line_1_15' title="bbox 282 1356 1895 1432; baseline -0.004 -18"><span class='ocrx_word' id='word_1_92' title='bbox 282 1367 375 1415; x_wconf 76' lang='grc' dir='ltr'><strong><em>καὶ</em></strong></span> <span class='ocrx_word' id='word_1_93' title='bbox 427 1362 668 1424; x_wconf 80' lang='grc' dir='ltr'><strong><em>ἀληθείας</em></strong></span> <span class='ocrx_word' id='word_1_94' title='bbox 700 1381 712 1392; x_wconf 87' lang='grc'><strong>·</strong></span> <span class='ocrx_word' id='word_1_95' title='bbox 746 1362 1085 1421; x_wconf 84' lang='grc' dir='ltr'><strong>κολληθεῖσαν</strong></span> <span class='ocrx_word' id='word_1_96' title='bbox 1118 1357 1178 1414; x_wconf 67' lang='grc' dir='ltr'><strong><em>δὲ</em></strong></span> <span class='ocrx_word' id='word_1_97' title='bbox 1206 1368 1275 1431; x_wconf 84' lang='grc' dir='ltr'><strong>τῷ</strong></span> <span class='ocrx_word' id='word_1_98' title='bbox 1314 1356 1548 1432; x_wconf 78' lang='grc' dir='ltr'><strong><em>δαίμονι,</em></strong></span> <span class='ocrx_word' id='word_1_99' title='bbox 1599 1366 1672 1429; x_wconf 82' lang='grc' dir='ltr'><strong>τῷ</strong></span> <span class='ocrx_word' id='word_1_100' title='bbox 1710 1362 1895 1431; x_wconf 86' lang='grc' dir='ltr'><strong>σπορεί</strong></span> 
     </span>
    </p>
   </div>
   <div class='ocr_carea' id='block_1_16' title="bbox 283 1451 999 1514">
    <p class='ocr_par' dir='ltr' id='par_1_16' title="bbox 283 1451 999 1514">
     <span class='ocr_line' id='line_1_16' title="bbox 283 1451 999 1514; baseline -0.004 -9"><span class='ocrx_word' id='word_1_101' title='bbox 283 1461 377 1514; x_wconf 79' lang='grc' dir='ltr'><strong>τῆς</strong></span> <span class='ocrx_word' id='word_1_102' title='bbox 406 1451 642 1513; x_wconf 76' lang='grc' dir='ltr'><strong>ἀσεϐείας</strong></span> <span class='ocrx_word' id='word_1_103' title='bbox 671 1457 761 1505; x_wconf 90' lang='lat' dir='ltr'><strong><em>xui</em></strong></span> <span class='ocrx_word' id='word_1_104' title='bbox 790 1455 999 1514; x_wconf 81' lang='grc' dir='ltr'><strong><em>κακίας.</em></strong></span> 
     </span>
    </p>
   </div>
   <div class='ocr_carea' id='block_1_17' title="bbox 360 1537 1893 1614">
    <p class='ocr_par' dir='ltr' id='par_1_17' title="bbox 360 1537 1893 1614">
     <span class='ocr_line' id='line_1_17' title="bbox 360 1537 1893 1614; baseline -0.005 -19"><span class='ocrx_word' id='word_1_105' title='bbox 360 1547 462 1595; x_wconf 76' lang='grc' dir='ltr'><strong>Καὶ</strong></span> <span class='ocrx_word' id='word_1_106' title='bbox 491 1542 655 1614; x_wconf 72' lang='grc' dir='ltr'><strong>ἔλεγεν</strong></span> <span class='ocrx_word' id='word_1_107' title='bbox 686 1573 754 1582; x_wconf 91' lang='lat'><strong><em>-—</em></strong></span> <span class='ocrx_word' id='word_1_108' title='bbox 799 1541 849 1594; x_wconf 81' lang='grc' dir='ltr'><strong>ἐν</strong></span> <span class='ocrx_word' id='word_1_109' title='bbox 905 1537 1143 1613; x_wconf 81' lang='grc' dir='ltr'><strong>δυνάμει.</strong></span> <span class='ocrx_word' id='word_1_110' title='bbox 1196 1543 1296 1593; x_wconf 75' lang='grc' dir='ltr'><strong><em>Καὶ</em></strong></span> <span class='ocrx_word' id='word_1_111' title='bbox 1348 1542 1466 1613; x_wconf 82' lang='grc' dir='ltr'><strong>περὶ</strong></span> <span class='ocrx_word' id='word_1_112' title='bbox 1499 1539 1690 1590; x_wconf 84' lang='grc' dir='ltr'><strong>τούτων</strong></span> <span class='ocrx_word' id='word_1_113' title='bbox 1742 1538 1792 1590; x_wconf 76' lang='grc' dir='ltr'><strong>ἓν</strong></span> <span class='ocrx_word' id='word_1_114' title='bbox 1821 1544 1893 1608; x_wconf 82' lang='grc' dir='ltr'><strong>τῷ</strong></span> 
     </span>
    </p>
   </div>
   <div class='ocr_carea' id='block_1_18' title="bbox 279 1627 1218 1706">
    <p class='ocr_par' dir='ltr' id='par_1_18' title="bbox 279 1627 1218 1706">
     <span class='ocr_line' id='line_1_18' title="bbox 279 1627 1218 1706; baseline -0.002 -17"><span class='ocrx_word' id='word_1_115' title='bbox 279 1632 495 1706; x_wconf 64' lang='grc' dir='ltr'><strong>ῥηθέντι</strong></span> <span class='ocrx_word' id='word_1_116' title='bbox 524 1631 785 1703; x_wconf 84' lang='grc' dir='ltr'><strong>κεφαλαίῳ</strong></span> <span class='ocrx_word' id='word_1_117' title='bbox 810 1627 846 1684; x_wconf 84' lang='grc' dir='ltr'><em>δ</em></span> <span class='ocrx_word' id='word_1_118' title='bbox 852 1631 1218 1703; x_wconf 80' lang='grc' dir='ltr'><strong>ιασεσάφηται.</strong></span> 
     </span>
    </p>
   </div>
   <div class='ocr_carea' id='block_1_19' title="bbox 551 1771 1629 1848">
    <p class='ocr_par' dir='ltr' id='par_1_19' title="bbox 551 1771 1629 1848">
     <span class='ocr_line' id='line_1_19' title="bbox 551 1771 1629 1848; baseline -0.003 -21"><span class='ocrx_word' id='word_1_119' title='bbox 551 1779 698 1827; x_wconf 76' lang='grc' dir='ltr'><strong><em>ΚΕΦ.</em></strong></span> <span class='ocrx_word' id='word_1_120' title='bbox 732 1771 845 1827; x_wconf 72' lang='lat' dir='ltr'><strong><em>KE&#39;.</em></strong></span> <span class='ocrx_word' id='word_1_121' title='bbox 877 1776 1002 1848; x_wconf 85' lang='grc' dir='ltr'><strong>Περὶ</strong></span> <span class='ocrx_word' id='word_1_122' title='bbox 1035 1779 1130 1835; x_wconf 77' lang='grc' dir='ltr'><strong>τῆς</strong></span> <span class='ocrx_word' id='word_1_123' title='bbox 1160 1776 1629 1845; x_wconf 88' lang='grc' dir='ltr'><strong>μεταμορφώσεως.</strong></span> 
     </span>
    </p>
   </div>
   <div class='ocr_carea' id='block_1_20' title="bbox 361 1856 1896 1935">
    <p class='ocr_par' dir='ltr' id='par_1_20' title="bbox 361 1856 1896 1935">
     <span class='ocr_line' id='line_1_20' title="bbox 361 1856 1896 1935; baseline -0.003 -19"><span class='ocrx_word' id='word_1_124' title='bbox 361 1868 463 1917; x_wconf 78' lang='grc' dir='ltr'><strong><em>Καὶ</em></strong></span> <span class='ocrx_word' id='word_1_125' title='bbox 498 1863 611 1935; x_wconf 87' lang='grc' dir='ltr'><strong>μεθ’</strong></span> <span class='ocrx_word' id='word_1_126' title='bbox 658 1894 727 1903; x_wconf 93' lang='grc'><strong>-</strong></span> <span class='ocrx_word' id='word_1_127' title='bbox 783 1862 977 1920; x_wconf 82' lang='grc' dir='ltr'><strong>Ἰησοῦ.</strong></span> <span class='ocrx_word' id='word_1_128' title='bbox 1034 1864 1253 1929; x_wconf 80' lang='grc' dir='ltr'><strong><em>Εἴρηται</em></strong></span> <span class='ocrx_word' id='word_1_129' title='bbox 1310 1864 1426 1934; x_wconf 84' lang='grc' dir='ltr'><strong>περὶ</strong></span> <span class='ocrx_word' id='word_1_130' title='bbox 1477 1862 1671 1911; x_wconf 80' lang='grc' dir='ltr'><strong>τούτων</strong></span> <span class='ocrx_word' id='word_1_131' title='bbox 1724 1856 1772 1911; x_wconf 81' lang='grc' dir='ltr'><strong>ἐν</strong></span> <span class='ocrx_word' id='word_1_132' title='bbox 1826 1867 1896 1932; x_wconf 83' lang='grc' dir='ltr'><strong>τῷ</strong></span> 
     </span>
    </p>
   </div>
   <div class='ocr_carea' id='block_1_21' title="bbox 282 1950 1750 2030">
    <p class='ocr_par' dir='ltr' id='par_1_21' title="bbox 282 1950 1750 2030">
     <span class='ocr_line' id='line_1_21' title="bbox 282 1950 1750 2030; baseline -0.003 -24"><span class='ocrx_word' id='word_1_133' title='bbox 282 1972 584 2030; x_wconf 85' lang='grc' dir='ltr'><strong>τριακοστῳ</strong></span> <span class='ocrx_word' id='word_1_134' title='bbox 615 1953 843 2027; x_wconf 75' lang='grc' dir='ltr'><strong>τετάρτῳ</strong></span> <span class='ocrx_word' id='word_1_135' title='bbox 883 1950 1141 2025; x_wconf 73' lang='grc' dir='ltr'><strong><em>κεφαλαίῳ</em></strong></span> <span class='ocrx_word' id='word_1_136' title='bbox 1172 1957 1263 2002; x_wconf 86' lang='grc' dir='ltr'><strong>τοῦ</strong></span> <span class='ocrx_word' id='word_1_137' title='bbox 1299 1952 1435 2002; x_wconf 87' lang='grc' dir='ltr'><strong><em>κατά</em></strong></span> <span class='ocrx_word' id='word_1_138' title='bbox 1465 1951 1750 2007; x_wconf 63' lang='grc' dir='ltr'><strong>ὒῙατθαίον.</strong></span> 
     </span>
    </p>
   </div>
   <div class='ocr_carea' id='block_1_22' title="bbox 357 2040 1897 2117">
    <p class='ocr_par' dir='ltr' id='par_1_22' title="bbox 357 2040 1897 2117">
     <span class='ocr_line' id='line_1_22' title="bbox 357 2040 1897 2117; baseline -0.003 -22"><span class='ocrx_word' id='word_1_139' title='bbox 357 2049 459 2096; x_wconf 81' lang='grc' dir='ltr'><strong>Καὶ</strong></span> <span class='ocrx_word' id='word_1_140' title='bbox 503 2040 805 2117; x_wconf 76' lang='grc' dir='ltr'><strong><em>ἀποκριθεὶς</em></strong></span> <span class='ocrx_word' id='word_1_141' title='bbox 857 2073 924 2083; x_wconf 92' lang='lat'><strong><em>—</em></strong></span> <span class='ocrx_word' id='word_1_142' title='bbox 979 2040 1208 2115; x_wconf 77' lang='grc' dir='ltr'><strong>ἔκφοϐοι,</strong></span> <span class='ocrx_word' id='word_1_143' title='bbox 1243 2046 1359 2094; x_wconf 84' lang='grc' dir='ltr'><strong>Ἔτι</strong></span> <span class='ocrx_word' id='word_1_144' title='bbox 1434 2044 1524 2093; x_wconf 87' lang='grc' dir='ltr'><strong><em>καὶ</em></strong></span> <span class='ocrx_word' id='word_1_145' title='bbox 1590 2043 1709 2114; x_wconf 84' lang='grc' dir='ltr'><strong>περὶ</strong></span> <span class='ocrx_word' id='word_1_146' title='bbox 1780 2040 1897 2092; x_wconf 85' lang='grc' dir='ltr'><strong>τού-</strong></span> 
     </span>
    </p>
   </div>
   <div class='ocr_carea' id='block_1_23' title="bbox 281 2130 678 2206">
    <p class='ocr_par' dir='ltr' id='par_1_23' title="bbox 281 2130 678 2206">
     <span class='ocr_line' id='line_1_23' title="bbox 281 2130 678 2206; baseline -0.005 -21"><span class='ocrx_word' id='word_1_147' title='bbox 281 2153 386 2185; x_wconf 89' lang='grc' dir='ltr'><strong><em>των</em></strong></span> <span class='ocrx_word' id='word_1_148' title='bbox 427 2130 678 2206; x_wconf 79' lang='grc' dir='ltr'><strong>ἀκριϐῶς.</strong></span> 
     </span>
    </p>
   </div>
   <div class='ocr_carea' id='block_1_24' title="bbox 358 2219 1897 2294">
    <p class='ocr_par' dir='ltr' id='par_1_24' title="bbox 358 2219 1897 2294">
     <span class='ocr_line' id='line_1_24' title="bbox 358 2219 1897 2294; baseline -0.003 -19"><span class='ocrx_word' id='word_1_149' title='bbox 358 2227 460 2276; x_wconf 80' lang='grc' dir='ltr'><strong><em>Καὶ</em></strong></span> <span class='ocrx_word' id='word_1_150' title='bbox 490 2221 682 2294; x_wconf 73' lang='grc' dir='ltr'><strong>ἐγένετο</strong></span> <span class='ocrx_word' id='word_1_151' title='bbox 721 2252 791 2263; x_wconf 91' lang='grc'><strong>-</strong></span> <span class='ocrx_word' id='word_1_152' title='bbox 834 2219 946 2293; x_wconf 81' lang='grc' dir='ltr'><strong>μεθ’</strong></span> <span class='ocrx_word' id='word_1_153' title='bbox 990 2220 1207 2276; x_wconf 75' lang='grc' dir='ltr'><strong>ἑαυτῶν.</strong></span> <span class='ocrx_word' id='word_1_154' title='bbox 1254 2220 1477 2294; x_wconf 84' lang='grc' dir='ltr'><strong>Ὀμοίως</strong></span> <span class='ocrx_word' id='word_1_155' title='bbox 1514 2224 1602 2272; x_wconf 82' lang='grc' dir='ltr'><strong>καὶ</strong></span> <span class='ocrx_word' id='word_1_156' title='bbox 1631 2238 1749 2293; x_wconf 87' lang='grc' dir='ltr'><strong>περι</strong></span> <span class='ocrx_word' id='word_1_157' title='bbox 1780 2219 1897 2272; x_wconf 83' lang='grc' dir='ltr'><strong>τού-</strong></span> 
     </span>
    </p>
   </div>
   <div class='ocr_carea' id='block_1_25' title="bbox 278 2306 1401 2383">
    <p class='ocr_par' dir='ltr' id='par_1_25' title="bbox 278 2306 1401 2383">
     <span class='ocr_line' id='line_1_25' title="bbox 278 2306 1401 2383; baseline -0.003 -19"><span class='ocrx_word' id='word_1_158' title='bbox 278 2331 410 2368; x_wconf 85' lang='grc' dir='ltr'><strong>των,</strong></span> <span class='ocrx_word' id='word_1_159' title='bbox 454 2310 703 2375; x_wconf 76' lang='grc' dir='ltr'><strong>Ἐξάπινα</strong></span> <span class='ocrx_word' id='word_1_160' title='bbox 733 2306 813 2375; x_wconf 71' lang='grc' dir='ltr'><strong>δὲ,</strong></span> <span class='ocrx_word' id='word_1_161' title='bbox 842 2309 957 2363; x_wconf 85' lang='grc' dir='ltr'><strong>ἀντὶ</strong></span> <span class='ocrx_word' id='word_1_162' title='bbox 989 2318 1101 2377; x_wconf 83' lang='grc' dir='ltr'><strong>τοῦ,</strong></span> <span class='ocrx_word' id='word_1_163' title='bbox 1141 2309 1401 2383; x_wconf 78' lang='grc' dir='ltr'><strong>ἐξαίφνης.</strong></span> 
     </span>
    </p>
   </div>
   <div class='ocr_carea' id='block_1_26' title="bbox 356 2398 1898 2473">
    <p class='ocr_par' dir='ltr' id='par_1_26' title="bbox 356 2398 1898 2473">
     <span class='ocr_line' id='line_1_26' title="bbox 356 2398 1898 2473; baseline -0.003 -18"><span class='ocrx_word' id='word_1_164' title='bbox 356 2399 784 2455; x_wconf 78' lang='grc' dir='ltr'><strong>Καταϐαινόντων</strong></span> <span class='ocrx_word' id='word_1_165' title='bbox 841 2430 909 2440; x_wconf 93' lang='grc'><strong>--</strong></span> <span class='ocrx_word' id='word_1_166' title='bbox 976 2398 1197 2473; x_wconf 77' lang='grc' dir='ltr'><strong>ἀναστῇ.</strong></span> <span class='ocrx_word' id='word_1_167' title='bbox 1258 2398 1375 2453; x_wconf 81' lang='grc' dir='ltr'><strong>Ἔτι</strong></span> <span class='ocrx_word' id='word_1_168' title='bbox 1448 2403 1538 2451; x_wconf 85' lang='grc' dir='ltr'><strong><em>καὶ</em></strong></span> <span class='ocrx_word' id='word_1_169' title='bbox 1594 2402 1711 2473; x_wconf 85' lang='grc' dir='ltr'><strong>περὶ</strong></span> <span class='ocrx_word' id='word_1_170' title='bbox 1767 2400 1898 2451; x_wconf 81' lang='grc' dir='ltr'><strong>τού-</strong></span> 
     </span>
    </p>
   </div>
   <div class='ocr_carea' id='block_1_27' title="bbox 281 2510 412 2547">
    <p class='ocr_par' dir='ltr' id='par_1_27' title="bbox 281 2510 412 2547">
     <span class='ocr_line' id='line_1_27' title="bbox 281 2510 412 2547; baseline -0.008 -5"><span class='ocrx_word' id='word_1_171' title='bbox 281 2510 412 2547; x_wconf 85' lang='grc' dir='ltr'><strong>των.</strong></span> 
     </span>
    </p>
   </div>
   <div class='ocr_carea' id='block_1_28' title="bbox 358 2576 1893 2653">
    <p class='ocr_par' dir='ltr' id='par_1_28' title="bbox 358 2576 1893 2653">
     <span class='ocr_line' id='line_1_28' title="bbox 358 2576 1893 2653; baseline -0.002 -21"><span class='ocrx_word' id='word_1_172' title='bbox 358 2584 460 2632; x_wconf 77' lang='grc' dir='ltr'><strong><em>Καὶ</em></strong></span> <span class='ocrx_word' id='word_1_173' title='bbox 501 2611 560 2619; x_wconf 95' lang='grc'><strong>-</strong></span> <span class='ocrx_word' id='word_1_174' title='bbox 596 2581 727 2653; x_wconf 86' lang='grc' dir='ltr'><strong>πρὸς</strong></span> <span class='ocrx_word' id='word_1_175' title='bbox 756 2577 988 2648; x_wconf 76' lang='grc' dir='ltr'><strong>ἑαυτούς,</strong></span> <span class='ocrx_word' id='word_1_176' title='bbox 1037 2582 1136 2630; x_wconf 85' lang='grc' dir='ltr'><strong><em>Τὸν</em></strong></span> <span class='ocrx_word' id='word_1_177' title='bbox 1188 2576 1358 2645; x_wconf 80' lang='grc' dir='ltr'><strong>λόγον,</strong></span> <span class='ocrx_word' id='word_1_178' title='bbox 1404 2580 1490 2630; x_wconf 87' lang='grc' dir='ltr'><strong>τὸν</strong></span> <span class='ocrx_word' id='word_1_179' title='bbox 1546 2582 1663 2653; x_wconf 84' lang='grc' dir='ltr'><strong>περὶ</strong></span> <span class='ocrx_word' id='word_1_180' title='bbox 1718 2584 1807 2630; x_wconf 83' lang='grc' dir='ltr'><strong>τοῦ</strong></span> <span class='ocrx_word' id='word_1_181' title='bbox 1840 2576 1893 2630; x_wconf 74' lang='grc' dir='ltr'><strong>ἐκ</strong></span> 
     </span>
    </p>
   </div>
   <div class='ocr_carea' id='block_1_29' title="bbox 280 2665 1890 2743">
    <p class='ocr_par' dir='ltr' id='par_1_29' title="bbox 280 2665 1890 2743">
     <span class='ocr_line' id='line_1_29' title="bbox 280 2665 1890 2743; baseline 0.001 -26"><span class='ocrx_word' id='word_1_182' title='bbox 280 2676 474 2740; x_wconf 80' lang='grc' dir='ltr'><strong>νεκρῶν</strong></span> <span class='ocrx_word' id='word_1_183' title='bbox 535 2665 823 2726; x_wconf 79' lang='grc' dir='ltr'><strong>ἀναστῆναι</strong></span> <span class='ocrx_word' id='word_1_184' title='bbox 872 2668 1047 2723; x_wconf 76' lang='grc' dir='ltr'><strong>αὐτόν.</strong></span> <span class='ocrx_word' id='word_1_185' title='bbox 1103 2666 1430 2743; x_wconf 81' lang='grc' dir='ltr'><strong>Ἐκράτησαν</strong></span> <span class='ocrx_word' id='word_1_186' title='bbox 1475 2670 1600 2741; x_wconf 89' lang='grc' dir='ltr'><strong>πρὸς</strong></span> <span class='ocrx_word' id='word_1_187' title='bbox 1656 2666 1890 2733; x_wconf 81' lang='grc' dir='ltr'><strong>ἑαυτοὺς,</strong></span> 
     </span>
    </p>
   </div>
   <div class='ocr_carea' id='block_1_30' title="bbox 278 2753 1390 2830">
    <p class='ocr_par' dir='ltr' id='par_1_30' title="bbox 278 2753 1390 2830">
     <span class='ocr_line' id='line_1_30' title="bbox 278 2753 1390 2830; baseline 0.004 -23"><span class='ocrx_word' id='word_1_188' title='bbox 278 2760 415 2829; x_wconf 80' lang='grc' dir='ltr'><strong>πρὸς</strong></span> <span class='ocrx_word' id='word_1_189' title='bbox 443 2753 649 2827; x_wconf 83' lang='grc' dir='ltr'><strong>μηδένα</strong></span> <span class='ocrx_word' id='word_1_190' title='bbox 678 2758 847 2830; x_wconf 82' lang='grc' dir='ltr'><strong>ἕτερον</strong></span> <span class='ocrx_word' id='word_1_191' title='bbox 879 2766 1058 2810; x_wconf 83' lang='grc' dir='ltr'><strong>τοῦτον</strong></span> <span class='ocrx_word' id='word_1_192' title='bbox 1091 2755 1390 2820; x_wconf 76' lang='grc' dir='ltr'><strong>ἐξειπόντες.</strong></span> 
     </span>
    </p>
   </div>
   <div class='ocr_carea' id='block_1_31' title="bbox 351 2845 1603 2921">
    <p class='ocr_par' dir='ltr' id='par_1_31' title="bbox 351 2845 1603 2921">
     <span class='ocr_line' id='line_1_31' title="bbox 351 2845 1603 2921; baseline 0.002 -22"><span class='ocrx_word' id='word_1_193' title='bbox 351 2846 417 2899; x_wconf 84' lang='grc' dir='ltr'><strong><em>Ἥ</em></strong></span> <span class='ocrx_word' id='word_1_194' title='bbox 446 2849 534 2898; x_wconf 88' lang='grc' dir='ltr'><strong>τὸν</strong></span> <span class='ocrx_word' id='word_1_195' title='bbox 558 2845 730 2918; x_wconf 71' lang='grc' dir='ltr'><strong>λόγον,</strong></span> <span class='ocrx_word' id='word_1_196' title='bbox 759 2850 846 2901; x_wconf 92' lang='grc' dir='ltr'><strong>τὸν</strong></span> <span class='ocrx_word' id='word_1_197' title='bbox 876 2851 995 2921; x_wconf 85' lang='grc' dir='ltr'><strong>περὶ</strong></span> <span class='ocrx_word' id='word_1_198' title='bbox 1020 2854 1111 2909; x_wconf 84' lang='grc' dir='ltr'><strong>τῆς</strong></span> <span class='ocrx_word' id='word_1_199' title='bbox 1134 2850 1603 2921; x_wconf 78' lang='grc' dir='ltr'><strong><em>μεταμορφώσεως.</em></strong></span> 
     </span>
    </p>
   </div>
   <div class='ocr_carea' id='block_1_32' title="bbox 348 3038 1886 3118">
    <p class='ocr_par' dir='ltr' id='par_1_32' title="bbox 348 3038 1886 3118">
     <span class='ocr_line' id='line_1_32' title="bbox 348 3038 1886 3118; baseline 0.001 -23"><span class='ocrx_word' id='word_1_200' title='bbox 348 3046 698 3107; x_wconf 80' lang='grc' dir='ltr'><strong>Συζητοῡντες</strong></span> <span class='ocrx_word' id='word_1_201' title='bbox 774 3075 841 3085; x_wconf 88' lang='grc'><strong>-</strong></span> <span class='ocrx_word' id='word_1_202' title='bbox 920 3042 1228 3103; x_wconf 84' lang='grc' dir='ltr'><strong>ἀναστῆναι.</strong></span> <span class='ocrx_word' id='word_1_203' title='bbox 1296 3047 1442 3101; x_wconf 84' lang='grc' dir='ltr'><strong>Μήτε</strong></span> <span class='ocrx_word' id='word_1_204' title='bbox 1515 3046 1616 3118; x_wconf 74' lang='grc' dir='ltr'><strong><em>γὰρ</em></strong></span> <span class='ocrx_word' id='word_1_205' title='bbox 1693 3038 1886 3105; x_wconf 78' lang='grc' dir='ltr'><strong>ἰδόντες</strong></span> 
     </span>
    </p>
   </div>
   <div class='ocr_carea' id='block_1_33' title="bbox 274 3132 1883 3207">
    <p class='ocr_par' dir='ltr' id='par_1_33' title="bbox 274 3132 1883 3207">
     <span class='ocr_line' id='line_1_33' title="bbox 274 3132 1883 3207; baseline 0.001 -22"><span class='ocrx_word' id='word_1_206' title='bbox 274 3136 392 3185; x_wconf 67' lang='lat' dir='ltr'><strong><em>me</em></strong></span> <span class='ocrx_word' id='word_1_207' title='bbox 473 3132 849 3193; x_wconf 77' lang='grc' dir='ltr'><strong>ἀναστήσαντα</strong></span> <span class='ocrx_word' id='word_1_208' title='bbox 922 3132 1098 3187; x_wconf 78' lang='grc' dir='ltr'><strong>ἑαυτὸν</strong></span> <span class='ocrx_word' id='word_1_209' title='bbox 1176 3132 1230 3185; x_wconf 82' lang='grc' dir='ltr'><strong>ἐκ</strong></span> <span class='ocrx_word' id='word_1_210' title='bbox 1302 3142 1510 3207; x_wconf 80' lang='grc' dir='ltr'><strong>νεκρῶν,</strong></span> <span class='ocrx_word' id='word_1_211' title='bbox 1574 3137 1707 3206; x_wconf 78' lang='grc' dir='ltr'><strong>μήτε</strong></span> <span class='ocrx_word' id='word_1_212' title='bbox 1780 3139 1883 3207; x_wconf 78' lang='grc' dir='ltr'><strong>μὴν</strong></span> 
     </span>
    </p>
   </div>
   <div class='ocr_carea' id='block_1_34' title="bbox 272 3220 1883 3299">
    <p class='ocr_par' dir='ltr' id='par_1_34' title="bbox 272 3220 1883 3299">
     <span class='ocr_line' id='line_1_34' title="bbox 272 3220 1883 3299; baseline 0.001 -24"><span class='ocrx_word' id='word_1_213' title='bbox 272 3222 591 3286; x_wconf 68' lang='grc' dir='ltr'><strong>ἀκοῦσαντες</strong></span> <span class='ocrx_word' id='word_1_214' title='bbox 646 3228 806 3294; x_wconf 84' lang='grc' dir='ltr'><strong>ᾤοντο</strong></span> <span class='ocrx_word' id='word_1_215' title='bbox 864 3222 1160 3299; x_wconf 81' lang='grc' dir='ltr'><strong>παραϐολὴν</strong></span> <span class='ocrx_word' id='word_1_216' title='bbox 1226 3220 1355 3276; x_wconf 83' lang='grc' dir='ltr'><strong>εἶναι</strong></span> <span class='ocrx_word' id='word_1_217' title='bbox 1427 3228 1515 3275; x_wconf 84' lang='grc' dir='ltr'><strong>καὶ</strong></span> <span class='ocrx_word' id='word_1_218' title='bbox 1574 3230 1748 3289; x_wconf 79' lang='grc' dir='ltr'><strong>τοῦτο,</strong></span> <span class='ocrx_word' id='word_1_219' title='bbox 1794 3228 1883 3278; x_wconf 84' lang='grc' dir='ltr'><strong><em>καὶ</em></strong></span> 
     </span>
    </p>
   </div>
   <div class='ocr_carea' id='block_1_35' title="bbox 274 3309 912 3379">
    <p class='ocr_par' dir='ltr' id='par_1_35' title="bbox 274 3309 912 3379">
     <span class='ocr_line' id='line_1_35' title="bbox 274 3309 912 3379; baseline 0 -15"><span class='ocrx_word' id='word_1_220' title='bbox 274 3312 596 3372; x_wconf 81' lang='grc' dir='ltr'><strong>συνεζήτουν</strong></span> <span class='ocrx_word' id='word_1_221' title='bbox 626 3317 676 3365; x_wconf 87' lang='grc' dir='ltr'><strong><em>τί</em></strong></span> <span class='ocrx_word' id='word_1_222' title='bbox 710 3309 866 3370; x_wconf 78' lang='grc' dir='ltr'><strong>δηλοῖ</strong></span> <span class='ocrx_word' id='word_1_223' title='bbox 899 3330 912 3379; x_wconf 89' lang='grc'>;</span> 
     </span>
    </p>
   </div>
   <div class='ocr_carea' id='block_1_36' title="bbox 344 3396 1885 3477">
    <p class='ocr_par' dir='ltr' id='par_1_36' title="bbox 344 3396 1885 3477">
     <span class='ocr_line' id='line_1_36' title="bbox 344 3396 1885 3477; baseline 0.001 -26"><span class='ocrx_word' id='word_1_224' title='bbox 344 3404 565 3475; x_wconf 84' lang='grc' dir='ltr'><strong>Εῖρηται</strong></span> <span class='ocrx_word' id='word_1_225' title='bbox 619 3396 679 3453; x_wconf 75' lang='grc' dir='ltr'><strong><em>δὲ</em></strong></span> <span class='ocrx_word' id='word_1_226' title='bbox 725 3407 844 3477; x_wconf 78' lang='grc' dir='ltr'><strong>περὶ</strong></span> <span class='ocrx_word' id='word_1_227' title='bbox 902 3403 1087 3453; x_wconf 80' lang='grc' dir='ltr'><strong>τούτου</strong></span> <span class='ocrx_word' id='word_1_228' title='bbox 1141 3404 1227 3453; x_wconf 78' lang='grc' dir='ltr'><strong>καὶ</strong></span> <span class='ocrx_word' id='word_1_229' title='bbox 1280 3400 1327 3453; x_wconf 81' lang='grc' dir='ltr'><strong>ἐν</strong></span> <span class='ocrx_word' id='word_1_230' title='bbox 1370 3410 1442 3474; x_wconf 84' lang='grc' dir='ltr'><strong>τῷ</strong></span> <span class='ocrx_word' id='word_1_231' title='bbox 1490 3400 1617 3454; x_wconf 84' lang='grc' dir='ltr'><strong>τέλει</strong></span> <span class='ocrx_word' id='word_1_232' title='bbox 1646 3409 1742 3463; x_wconf 84' lang='grc' dir='ltr'><strong>τῆς</strong></span> <span class='ocrx_word' id='word_1_233' title='bbox 1772 3400 1885 3465; x_wconf 82' lang='grc' dir='ltr'><strong><em>ἐξη-</em></strong></span> 
     </span>
    </p>
   </div>
   <div class='ocr_carea' id='block_1_37' title="bbox 270 3490 1885 3566">
    <p class='ocr_par' dir='ltr' id='par_1_37' title="bbox 270 3490 1885 3566">
     <span class='ocr_line' id='line_1_37' title="bbox 270 3490 1885 3566; baseline 0.002 -24"><span class='ocrx_word' id='word_1_234' title='bbox 270 3497 463 3562; x_wconf 69' lang='grc' dir='ltr'><strong>γώσως</strong></span> <span class='ocrx_word' id='word_1_235' title='bbox 504 3497 596 3543; x_wconf 82' lang='grc' dir='ltr'><strong>τοῦ</strong></span> <span class='ocrx_word' id='word_1_236' title='bbox 645 3498 961 3566; x_wconf 83' lang='grc' dir='ltr'><strong>τριακοστοῦ</strong></span> <span class='ocrx_word' id='word_1_237' title='bbox 1011 3495 1247 3564; x_wconf 82' lang='grc' dir='ltr'><strong>πέμπτου</strong></span> <span class='ocrx_word' id='word_1_238' title='bbox 1288 3490 1568 3564; x_wconf 80' lang='grc' dir='ltr'><strong>κεφαλαίου</strong></span> <span class='ocrx_word' id='word_1_239' title='bbox 1615 3498 1704 3544; x_wconf 84' lang='grc' dir='ltr'><strong>τοῦ</strong></span> <span class='ocrx_word' id='word_1_240' title='bbox 1749 3494 1885 3545; x_wconf 85' lang='grc' dir='ltr'><strong><em>κατά</em></strong></span> 
     </span>
    </p>
   </div>
   <div class='ocr_carea' id='block_1_38' title="bbox 272 3582 564 3637">
    <p class='ocr_par' dir='ltr' id='par_1_38' title="bbox 272 3582 564 3637">
     <span class='ocr_line' id='line_1_38' title="bbox 272 3582 564 3637; baseline -0.007 0"><span class='ocrx_word' id='word_1_241' title='bbox 272 3582 564 3637; x_wconf 71' lang='grc' dir='ltr'><strong>Ματθαῖον.</strong></span> 
     </span>
    </p>
   </div>
   <div class='ocr_carea' id='block_1_39' title="bbox 350 3668 1884 3746">
    <p class='ocr_par' dir='ltr' id='par_1_39' title="bbox 350 3668 1884 3746">
     <span class='ocr_line' id='line_1_39' title="bbox 350 3668 1884 3746; baseline 0 -22"><span class='ocrx_word' id='word_1_242' title='bbox 350 3674 452 3724; x_wconf 77' lang='grc' dir='ltr'><strong><em>Καὶ</em></strong></span> <span class='ocrx_word' id='word_1_243' title='bbox 495 3668 769 3743; x_wconf 76' lang='grc' dir='ltr'><strong>ἐπηρώτων</strong></span> <span class='ocrx_word' id='word_1_244' title='bbox 814 3700 882 3711; x_wconf 92' lang='lat'><strong>—</strong></span> <span class='ocrx_word' id='word_1_245' title='bbox 927 3672 1111 3726; x_wconf 79' lang='grc' dir='ltr'><strong>πάντα.</strong></span> <span class='ocrx_word' id='word_1_246' title='bbox 1164 3669 1388 3746; x_wconf 81' lang='grc' dir='ltr'><strong><em>Ἐῥρἠθη</em></strong></span> <span class='ocrx_word' id='word_1_247' title='bbox 1447 3675 1537 3723; x_wconf 83' lang='grc' dir='ltr'><strong><em>καὶ</em></strong></span> <span class='ocrx_word' id='word_1_248' title='bbox 1595 3675 1712 3746; x_wconf 87' lang='grc' dir='ltr'><strong>περὶ</strong></span> <span class='ocrx_word' id='word_1_249' title='bbox 1765 3674 1884 3724; x_wconf 79' lang='grc' dir='ltr'><strong>τού-</strong></span> 
     </span>
    </p>
   </div>
   <div class='ocr_carea' id='block_1_40' title="bbox 276 3758 1883 3835">
    <p class='ocr_par' dir='ltr' id='par_1_40' title="bbox 276 3758 1883 3835">
     <span class='ocr_line' id='line_1_40' title="bbox 276 3758 1883 3835; baseline 0.002 -24"><span class='ocrx_word' id='word_1_250' title='bbox 276 3779 374 3811; x_wconf 87' lang='grc' dir='ltr'><strong>των</strong></span> <span class='ocrx_word' id='word_1_251' title='bbox 429 3758 477 3811; x_wconf 83' lang='grc' dir='ltr'><strong><em>ἐν</em></strong></span> <span class='ocrx_word' id='word_1_252' title='bbox 531 3767 603 3830; x_wconf 80' lang='grc' dir='ltr'><strong>τῷ</strong></span> <span class='ocrx_word' id='word_1_253' title='bbox 680 3763 1035 3835; x_wconf 82' lang='grc' dir='ltr'><strong>προειρημένῳ</strong></span> <span class='ocrx_word' id='word_1_254' title='bbox 1092 3769 1389 3835; x_wconf 87' lang='grc' dir='ltr'><strong>τριακοστῶ</strong></span> <span class='ocrx_word' id='word_1_255' title='bbox 1453 3761 1672 3833; x_wconf 81' lang='grc' dir='ltr'><strong>τετοξοτῳ</strong></span> <span class='ocrx_word' id='word_1_256' title='bbox 1732 3780 1883 3834; x_wconf 82' lang='grc' dir='ltr'><strong>κεφα-</strong></span> 
     </span>
    </p>
   </div>
   <div class='ocr_carea' id='block_1_41' title="bbox 274 3866 423 3920">
    <p class='ocr_par' dir='ltr' id='par_1_41' title="bbox 274 3866 423 3920">
     <span class='ocr_line' id='line_1_41' title="bbox 274 3866 423 3920; baseline 0.027 -21"><span class='ocrx_word' id='word_1_257' title='bbox 274 3866 405 3920; x_wconf 70' lang='grc' dir='ltr'><strong>λαιῳ</strong></span> <span class='ocrx_word' id='word_1_258' title='bbox 412 3891 423 3903; x_wconf 86' lang='grc'><strong><em>.</em></strong></span> 
     </span>
    </p>
   </div>
   <div class='ocr_carea' id='block_1_42' title="bbox 348 3935 1881 4014">
    <p class='ocr_par' dir='ltr' id='par_1_42' title="bbox 348 3935 1881 4014">
     <span class='ocr_line' id='line_1_42' title="bbox 348 3935 1881 4014; baseline 0.001 -23"><span class='ocrx_word' id='word_1_259' title='bbox 348 3941 451 3991; x_wconf 77' lang='lat' dir='ltr'><strong><em>Kui</em></strong></span> <span class='ocrx_word' id='word_1_260' title='bbox 493 3946 602 4000; x_wconf 89' lang='grc' dir='ltr'><strong><em>πῶς</em></strong></span> <span class='ocrx_word' id='word_1_261' title='bbox 653 3970 716 3979; x_wconf 88' lang='grc'><strong><em>-</em></strong></span> <span class='ocrx_word' id='word_1_262' title='bbox 775 3935 1117 4012; x_wconf 77' lang='grc' dir='ltr'><strong>ἐξουδενωθῇ.</strong></span> <span class='ocrx_word' id='word_1_263' title='bbox 1182 3945 1345 3992; x_wconf 81' lang='grc' dir='ltr'><strong>Τοῦτο</strong></span> <span class='ocrx_word' id='word_1_264' title='bbox 1414 3938 1548 3993; x_wconf 83' lang='grc' dir='ltr'><strong>εἶπεν</strong></span> <span class='ocrx_word' id='word_1_265' title='bbox 1621 3938 1881 4014; x_wconf 74' lang='grc' dir='ltr'><strong>ἐμϐάλλων</strong></span> 
     </span>
    </p>
   </div>
   <div class='ocr_carea' id='block_1_43' title="bbox 276 4025 1881 4105">
    <p class='ocr_par' dir='ltr' id='par_1_43' title="bbox 276 4025 1881 4105">
     <span class='ocr_line' id='line_1_43' title="bbox 276 4025 1881 4105; baseline 0.002 -26"><span class='ocrx_word' id='word_1_266' title='bbox 276 4026 349 4088; x_wconf 88' lang='grc' dir='ltr'><strong><em>εἰς</em></strong></span> <span class='ocrx_word' id='word_1_267' title='bbox 413 4025 633 4102; x_wconf 75' lang='grc' dir='ltr'><strong>ἀπορίαν</strong></span> <span class='ocrx_word' id='word_1_268' title='bbox 704 4026 987 4100; x_wconf 72' lang='grc' dir='ltr'><strong>ἀπολογίας</strong></span> <span class='ocrx_word' id='word_1_269' title='bbox 1056 4032 1173 4090; x_wconf 84' lang='grc' dir='ltr'><strong>τοὺς</strong></span> <span class='ocrx_word' id='word_1_270' title='bbox 1246 4035 1575 4105; x_wconf 83' lang='grc' dir='ltr'><strong>Γραμματεῖς</strong></span> <span class='ocrx_word' id='word_1_271' title='bbox 1625 4047 1637 4060; x_wconf 78' lang='grc'>⁸</span> <span class='ocrx_word' id='word_1_272' title='bbox 1683 4031 1725 4082; x_wconf 88' lang='grc' dir='ltr'><strong><em>εἰ</em></strong></span> <span class='ocrx_word' id='word_1_273' title='bbox 1779 4032 1881 4104; x_wconf 72' lang='grc' dir='ltr'><strong><em>γὰρ</em></strong></span> 
     </span>
    </p>
   </div>
   <div class='ocr_carea' id='block_1_44' title="bbox 274 4116 1881 4190">
    <p class='ocr_par' dir='ltr' id='par_1_44' title="bbox 274 4116 1881 4190">
     <span class='ocr_line' id='line_1_44' title="bbox 274 4116 1881 4190; baseline 0.002 -22"><span class='ocrx_word' id='word_1_274' title='bbox 274 4116 390 4169; x_wconf 85' lang='grc' dir='ltr'><strong>κατ’</strong></span> <span class='ocrx_word' id='word_1_275' title='bbox 420 4117 631 4185; x_wconf 76' lang='grc' dir='ltr'><strong>αὐτοὺς,</strong></span> <span class='ocrx_word' id='word_1_276' title='bbox 678 4122 836 4190; x_wconf 75' lang='grc' dir='ltr'><strong>μήπω</strong></span> <span class='ocrx_word' id='word_1_277' title='bbox 884 4117 1114 4181; x_wconf 79' lang='grc' dir='ltr'><strong>ἐλθόντος</strong></span> <span class='ocrx_word' id='word_1_278' title='bbox 1161 4125 1249 4172; x_wconf 84' lang='grc' dir='ltr'><strong>τοῦ</strong></span> <span class='ocrx_word' id='word_1_279' title='bbox 1296 4120 1516 4187; x_wconf 84' lang='grc' dir='ltr'><strong>Ἥλιοῦ,,</strong></span> <span class='ocrx_word' id='word_1_280' title='bbox 1559 4122 1701 4172; x_wconf 76' lang='grc' dir='ltr'><strong>οὔπω</strong></span> <span class='ocrx_word' id='word_1_281' title='bbox 1734 4117 1881 4178; x_wconf 75' lang='grc' dir='ltr'><strong>ἦλθεν</strong></span> 
     </span>
    </p>
   </div>
   <div class='ocr_carea' id='block_1_45' title="bbox 275 4205 1884 4282">
    <p class='ocr_par' dir='ltr' id='par_1_45' title="bbox 275 4205 1884 4282">
     <span class='ocr_line' id='line_1_45' title="bbox 275 4205 1884 4282; baseline 0.002 -24"><span class='ocrx_word' id='word_1_282' title='bbox 275 4208 300 4258; x_wconf 84' lang='grc' dir='ltr'><strong>ὁ</strong></span> <span class='ocrx_word' id='word_1_283' title='bbox 359 4210 614 4281; x_wconf 74' lang='grc' dir='ltr'><strong>Χριστὸς,</strong></span> <span class='ocrx_word' id='word_1_284' title='bbox 679 4207 861 4269; x_wconf 76' lang='grc' dir='ltr'><strong>Ἠλίας</strong></span> <span class='ocrx_word' id='word_1_285' title='bbox 924 4205 983 4261; x_wconf 73' lang='grc' dir='ltr'><strong><em>δὲ</em></strong></span> <span class='ocrx_word' id='word_1_286' title='bbox 1050 4206 1204 4261; x_wconf 76' lang='grc' dir='ltr'><strong>ἐλθὼν</strong></span> <span class='ocrx_word' id='word_1_287' title='bbox 1276 4218 1477 4282; x_wconf 88' lang='grc' dir='ltr'><strong>πρῶτον</strong></span> <span class='ocrx_word' id='word_1_288' title='bbox 1550 4208 1884 4282; x_wconf 82' lang='grc' dir='ltr'><strong>ἀποκαθιστᾷ</strong></span> 
     </span>
    </p>
   </div>
   <div class='ocr_carea' id='block_1_46' title="bbox 273 4296 1882 4372">
    <p class='ocr_par' dir='ltr' id='par_1_46' title="bbox 273 4296 1882 4372">
     <span class='ocr_line' id='line_1_46' title="bbox 273 4296 1882 4372; baseline 0.002 -24"><span class='ocrx_word' id='word_1_289' title='bbox 273 4298 464 4359; x_wconf 81' lang='grc' dir='ltr'><strong>πάντα,</strong></span> <span class='ocrx_word' id='word_1_290' title='bbox 518 4299 807 4363; x_wconf 86' lang='grc' dir='ltr'><strong>τουτέστιν,</strong></span> <span class='ocrx_word' id='word_1_291' title='bbox 879 4297 1098 4350; x_wconf 79' lang='grc' dir='ltr'><strong>ἑνοποιεῖ</strong></span> <span class='ocrx_word' id='word_1_292' title='bbox 1169 4296 1462 4372; x_wconf 80' lang='grc' dir='ltr'><strong>ἐπιστρέφει</strong></span> <span class='ocrx_word' id='word_1_293' title='bbox 1522 4302 1693 4352; x_wconf 78' lang='grc' dir='ltr'><strong>πάντα</strong></span> <span class='ocrx_word' id='word_1_294' title='bbox 1742 4303 1882 4352; x_wconf 92' lang='grc' dir='ltr'><strong>Ἰου-</strong></span> 
     </span>
    </p>
   </div>
   <div class='ocr_carea' id='block_1_47' title="bbox 276 4382 1881 4463">
    <p class='ocr_par' dir='ltr' id='par_1_47' title="bbox 276 4382 1881 4463">
     <span class='ocr_line' id='line_1_47' title="bbox 276 4382 1881 4463; baseline 0.003 -26"><span class='ocrx_word' id='word_1_295' title='bbox 276 4382 425 4437; x_wconf 73' lang='grc' dir='ltr'><strong>δαῖον</strong></span> <span class='ocrx_word' id='word_1_296' title='bbox 485 4389 617 4460; x_wconf 86' lang='grc' dir='ltr'><strong>πρὸς</strong></span> <span class='ocrx_word' id='word_1_297' title='bbox 667 4389 752 4438; x_wconf 82' lang='grc' dir='ltr'><strong>τὸν</strong></span> <span class='ocrx_word' id='word_1_298' title='bbox 822 4391 1075 4462; x_wconf 80' lang='grc' dir='ltr'><strong>Χριστὸν,</strong></span> <span class='ocrx_word' id='word_1_299' title='bbox 1148 4396 1259 4450; x_wconf 89' lang='grc' dir='ltr'><strong><em>πῶς</em></strong></span> <span class='ocrx_word' id='word_1_300' title='bbox 1310 4394 1601 4463; x_wconf 75' lang='grc' dir='ltr'><strong>’γέγραπται</strong></span> <span class='ocrx_word' id='word_1_301' title='bbox 1657 4388 1740 4442; x_wconf 76' lang='grc' dir='ltr'><strong>ἐπὶ</strong></span> <span class='ocrx_word' id='word_1_302' title='bbox 1795 4394 1881 4442; x_wconf 86' lang='grc' dir='ltr'><strong>τὸν</strong></span> 
     </span>
    </p>
   </div>
   <div class='ocr_carea' id='block_1_48' title="bbox 274 4474 1884 4553">
    <p class='ocr_par' dir='ltr' id='par_1_48' title="bbox 274 4474 1884 4553">
     <span class='ocr_line' id='line_1_48' title="bbox 274 4474 1884 4553; baseline 0.002 -26"><span class='ocrx_word' id='word_1_303' title='bbox 274 4477 396 4527; x_wconf 86' lang='grc' dir='ltr'><strong>Υἱόν</strong></span> <span class='ocrx_word' id='word_1_304' title='bbox 449 4482 542 4526; x_wconf 83' lang='grc' dir='ltr'><strong>τοῦ</strong></span> <span class='ocrx_word' id='word_1_305' title='bbox 592 4474 884 4548; x_wconf 86' lang='grc' dir='ltr'><strong>ἀνθρώπου,</strong></span> <span class='ocrx_word' id='word_1_306' title='bbox 932 4480 1115 4547; x_wconf 79' lang='grc' dir='ltr'><strong>ἤγουν,</strong></span> <span class='ocrx_word' id='word_1_307' title='bbox 1168 4481 1281 4551; x_wconf 74' lang='grc' dir='ltr'><strong>περὶ</strong></span> <span class='ocrx_word' id='word_1_308' title='bbox 1338 4485 1430 4530; x_wconf 85' lang='grc' dir='ltr'><strong>τοῦ</strong></span> <span class='ocrx_word' id='word_1_309' title='bbox 1486 4485 1743 4553; x_wconf 78' lang='grc' dir='ltr'><strong>Χριστοῦ,</strong></span> <span class='ocrx_word' id='word_1_310' title='bbox 1802 4481 1884 4531; x_wconf 82' lang='grc' dir='ltr'><strong>ἵνα</strong></span> 
     </span>
    </p>
   </div>
   <div class='ocr_carea' id='block_1_49' title="bbox 273 4561 1881 4643">
    <p class='ocr_par' dir='ltr' id='par_1_49' title="bbox 273 4561 1881 4643">
     <span class='ocr_line' id='line_1_49' title="bbox 273 4561 1881 4643; baseline 0.004 -27"><span class='ocrx_word' id='word_1_311' title='bbox 273 4563 442 4616; x_wconf 79' lang='grc' dir='ltr'><strong>πολλά</strong></span> <span class='ocrx_word' id='word_1_312' title='bbox 488 4566 628 4635; x_wconf 76' lang='grc' dir='ltr'><strong>πάθη</strong></span> <span class='ocrx_word' id='word_1_313' title='bbox 674 4568 971 4639; x_wconf 38' lang='grc' dir='ltr'><strong>παράλτῶν</strong></span> <span class='ocrx_word' id='word_1_314' title='bbox 1017 4561 1290 4619; x_wconf 66' lang='grc' dir='ltr'><strong>Ἰουδαίων</strong></span> <span class='ocrx_word' id='word_1_315' title='bbox 1326 4584 1338 4633; x_wconf 89' lang='grc'><strong>;</strong></span> <span class='ocrx_word' id='word_1_316' title='bbox 1372 4567 1436 4621; x_wconf 84' lang='grc' dir='ltr'>Εἰ</span> <span class='ocrx_word' id='word_1_317' title='bbox 1486 4570 1584 4642; x_wconf 78' lang='grc' dir='ltr'><strong><em>γὰρ</em></strong></span> <span class='ocrx_word' id='word_1_318' title='bbox 1636 4568 1881 4643; x_wconf 79' lang='grc' dir='ltr'><strong>ἐπιστρα-</strong></span> 
     </span>
    </p>
   </div>
   <div class='ocr_carea' id='block_1_50' title="bbox 274 4653 1879 4731">
    <p class='ocr_par' dir='ltr' id='par_1_50' title="bbox 274 4653 1879 4731">
     <span class='ocr_line' id='line_1_50' title="bbox 274 4653 1879 4731; baseline 0.004 -26"><span class='ocrx_word' id='word_1_319' title='bbox 274 4658 537 4725; x_wconf 82' lang='grc' dir='ltr'><strong>φήσονται</strong></span> <span class='ocrx_word' id='word_1_320' title='bbox 565 4656 697 4727; x_wconf 87' lang='grc' dir='ltr'><strong>πρὸς</strong></span> <span class='ocrx_word' id='word_1_321' title='bbox 726 4653 900 4721; x_wconf 77' lang='grc' dir='ltr'><strong>αὐτὸν,</strong></span> <span class='ocrx_word' id='word_1_322' title='bbox 940 4663 1052 4717; x_wconf 87' lang='grc' dir='ltr'><strong><em>πῶς</em></strong></span> <span class='ocrx_word' id='word_1_323' title='bbox 1100 4654 1262 4707; x_wconf 85' lang='grc' dir='ltr'><strong>πολλὰ</strong></span> <span class='ocrx_word' id='word_1_324' title='bbox 1299 4658 1439 4729; x_wconf 74' lang='grc' dir='ltr'><strong><em>πάθῃ</em></strong></span> <span class='ocrx_word' id='word_1_325' title='bbox 1487 4659 1610 4731; x_wconf 90' lang='grc' dir='ltr'><strong>παρ’</strong></span> <span class='ocrx_word' id='word_1_326' title='bbox 1664 4658 1832 4711; x_wconf 68' lang='grc' dir='ltr'><strong>αὐτῶν</strong></span> <span class='ocrx_word' id='word_1_327' title='bbox 1866 4677 1879 4731; x_wconf 88' lang='grc'>;</span> 
     </span>
    </p>
   </div>
   <div class='ocr_carea' id='block_1_51' title="bbox 272 4741 1884 4824">
    <p class='ocr_par' dir='ltr' id='par_1_51' title="bbox 272 4741 1884 4824">
     <span class='ocr_line' id='line_1_51' title="bbox 272 4741 1884 4824; baseline 0.004 -29"><span class='ocrx_word' id='word_1_328' title='bbox 272 4741 437 4795; x_wconf 83' lang='grc' dir='ltr'><strong>Ὠστε</strong></span> <span class='ocrx_word' id='word_1_329' title='bbox 470 4742 698 4803; x_wconf 83' lang='grc' dir='ltr'><strong>Ἠλίαςὸ</strong></span> <span class='ocrx_word' id='word_1_330' title='bbox 733 4743 990 4806; x_wconf 82' lang='grc' dir='ltr'><strong>Θεσϐίτης</strong></span> <span class='ocrx_word' id='word_1_331' title='bbox 1042 4747 1142 4818; x_wconf 84' lang='grc' dir='ltr'><strong>πρὸ</strong></span> <span class='ocrx_word' id='word_1_332' title='bbox 1177 4753 1268 4806; x_wconf 84' lang='grc' dir='ltr'><strong>τῆς</strong></span> <span class='ocrx_word' id='word_1_333' title='bbox 1314 4742 1556 4818; x_wconf 76' lang='grc' dir='ltr'><strong>δευτέρας</strong></span> <span class='ocrx_word' id='word_1_334' title='bbox 1602 4756 1694 4801; x_wconf 83' lang='grc' dir='ltr'><strong>τοῦ</strong></span> <span class='ocrx_word' id='word_1_335' title='bbox 1750 4757 1884 4824; x_wconf 79' lang='grc' dir='ltr'><strong>Χρι-</strong></span> 
     </span>
    </p>
   </div>
   <div class='ocr_carea' id='block_1_52' title="bbox 276 4831 1883 4904">
    <p class='ocr_par' dir='ltr' id='par_1_52' title="bbox 276 4831 1883 4904">
     <span class='ocr_line' id='line_1_52' title="bbox 276 4831 1883 4904; baseline 0.005 -20"><span class='ocrx_word' id='word_1_336' title='bbox 276 4838 406 4884; x_wconf 78' lang='grc' dir='ltr'><strong>στοῦ</strong></span> <span class='ocrx_word' id='word_1_337' title='bbox 436 4837 733 4904; x_wconf 79' lang='grc' dir='ltr'><strong>παροῦσίας</strong></span> <span class='ocrx_word' id='word_1_338' title='bbox 775 4831 1055 4895; x_wconf 77' lang='grc' dir='ltr'><strong>ἐλεύσεται,</strong></span> <span class='ocrx_word' id='word_1_339' title='bbox 1102 4834 1184 4886; x_wconf 84' lang='grc' dir='ltr'><strong>ὅτε</strong></span> <span class='ocrx_word' id='word_1_340' title='bbox 1213 4836 1262 4886; x_wconf 85' lang='grc' dir='ltr'><strong><em>οἱ</em></strong></span> <span class='ocrx_word' id='word_1_341' title='bbox 1304 4844 1594 4893; x_wconf 77' lang='grc' dir='ltr'><strong>τηνικαῦτα</strong></span> <span class='ocrx_word' id='word_1_342' title='bbox 1631 4835 1883 4892; x_wconf 79' lang='grc' dir='ltr'><strong>Ἰουδαῖοι</strong></span> 
     </span>
    </p>
   </div>
   <div class='ocr_carea' id='block_1_53' title="bbox 275 4920 1876 5003">
    <p class='ocr_par' dir='ltr' id='par_1_53' title="bbox 275 4920 1876 5003">
     <span class='ocr_line' id='line_1_53' title="bbox 275 4920 1876 5003; baseline 0.004 -29"><span class='ocrx_word' id='word_1_343' title='bbox 275 4920 761 4996; x_wconf 74' lang='grc' dir='ltr'><strong>ἕπιστραφὴσονται</strong></span> <span class='ocrx_word' id='word_1_344' title='bbox 835 4926 968 4997; x_wconf 83' lang='grc' dir='ltr'><strong>πρὸς</strong></span> <span class='ocrx_word' id='word_1_345' title='bbox 1037 4922 1191 4975; x_wconf 73' lang='grc' dir='ltr'><strong>αὐτόν</strong></span> <span class='ocrx_word' id='word_1_346' title='bbox 1248 4941 1259 4953; x_wconf 87' lang='lat'><strong>&#39;</strong></span> <span class='ocrx_word' id='word_1_347' title='bbox 1311 4931 1399 4975; x_wconf 84' lang='grc' dir='ltr'><strong>νῦν</strong></span> <span class='ocrx_word' id='word_1_348' title='bbox 1470 4922 1528 4978; x_wconf 78' lang='grc' dir='ltr'><strong>δε</strong></span> <span class='ocrx_word' id='word_1_349' title='bbox 1602 4928 1631 4985; x_wconf 77' lang='grc' dir='ltr'><strong>ἠ</strong></span> <span class='ocrx_word' id='word_1_350' title='bbox 1697 4935 1876 5003; x_wconf 84' lang='grc' dir='ltr'><strong>πρώτη</strong></span> 
     </span>
    </p>
   </div>
   <div class='ocr_carea' id='block_1_54' title="bbox 277 5011 1887 5093">
    <p class='ocr_par' dir='ltr' id='par_1_54' title="bbox 277 5011 1887 5093">
     <span class='ocr_line' id='line_1_54' title="bbox 277 5011 1887 5093; baseline 0.004 -30"><span class='ocrx_word' id='word_1_351' title='bbox 277 5017 545 5084; x_wconf 86' lang='grc' dir='ltr'><strong>παρουσία</strong></span> <span class='ocrx_word' id='word_1_352' title='bbox 574 5019 666 5064; x_wconf 82' lang='grc' dir='ltr'><strong>τοῦ</strong></span> <span class='ocrx_word' id='word_1_353' title='bbox 699 5020 931 5085; x_wconf 81' lang='grc' dir='ltr'><strong>Χριστοῦ</strong></span> <span class='ocrx_word' id='word_1_354' title='bbox 962 5011 1121 5083; x_wconf 82' lang='grc' dir='ltr'><strong>ἐστιν,</strong></span> <span class='ocrx_word' id='word_1_355' title='bbox 1173 5014 1253 5066; x_wconf 83' lang='grc' dir='ltr'><strong>ὅτε</strong></span> <span class='ocrx_word' id='word_1_356' title='bbox 1300 5014 1462 5067; x_wconf 83' lang='grc' dir='ltr'><strong>πολλὰ</strong></span> <span class='ocrx_word' id='word_1_357' title='bbox 1512 5017 1716 5089; x_wconf 78' lang='grc' dir='ltr'><strong>πάσχει</strong></span> <span class='ocrx_word' id='word_1_358' title='bbox 1742 5020 1887 5093; x_wconf 87' lang='grc' dir='ltr'><strong><em>παρά</em></strong></span> 
     </span>
    </p>
   </div>
   <div class='ocr_carea' id='block_1_55' title="bbox 274 5097 1886 5178">
    <p class='ocr_par' dir='ltr' id='par_1_55' title="bbox 274 5097 1886 5178">
     <span class='ocr_line' id='line_1_55' title="bbox 274 5097 1886 5178; baseline 0.005 -25"><span class='ocrx_word' id='word_1_359' title='bbox 274 5109 375 5153; x_wconf 82' lang='grc' dir='ltr'><strong><em>τῶν</em></strong></span> <span class='ocrx_word' id='word_1_360' title='bbox 424 5097 718 5171; x_wconf 84' lang='grc' dir='ltr'><strong>Ἰουδαίων,</strong></span> <span class='ocrx_word' id='word_1_361' title='bbox 768 5103 832 5163; x_wconf 80' lang='grc' dir='ltr'><strong>ἧς</strong></span> <span class='ocrx_word' id='word_1_362' title='bbox 864 5098 1169 5178; x_wconf 84' lang='grc' dir='ltr'><strong>Πρόδρομος</strong></span> <span class='ocrx_word' id='word_1_363' title='bbox 1198 5103 1305 5176; x_wconf 77' lang='grc' dir='ltr'><strong><em>οὐχ</em></strong></span> <span class='ocrx_word' id='word_1_364' title='bbox 1330 5105 1355 5155; x_wconf 86' lang='grc' dir='ltr'><em>ὁ</em></span> <span class='ocrx_word' id='word_1_365' title='bbox 1388 5103 1666 5172; x_wconf 81' lang='grc' dir='ltr'><strong>Θεσϐίτης,</strong></span> <span class='ocrx_word' id='word_1_366' title='bbox 1717 5105 1826 5159; x_wconf 82' lang='grc' dir='ltr'><strong>ἀλλ’</strong></span> <span class='ocrx_word' id='word_1_367' title='bbox 1860 5108 1886 5161; x_wconf 88' lang='grc' dir='ltr'><strong><em>ὁ</em></strong></span> 
     </span>
    </p>
   </div>
   <div class='ocr_carea' id='block_1_56' title="bbox 276 5190 539 5253">
    <p class='ocr_par' dir='ltr' id='par_1_56' title="bbox 276 5190 539 5253">
     <span class='ocr_line' id='line_1_56' title="bbox 276 5190 539 5253; baseline -0.004 -9"><span class='ocrx_word' id='word_1_368' title='bbox 276 5190 486 5250; x_wconf 78' lang='grc' dir='ltr'><strong>Ἰωάννη</strong></span> <span class='ocrx_word' id='word_1_369' title='bbox 498 5212 539 5253; x_wconf 90' lang='grc' dir='ltr'><strong><em>ς.</em></strong></span> 
     </span>
    </p>
   </div>
   <div class='ocr_carea' id='block_1_57' title="bbox 344 5278 1887 5359">
    <p class='ocr_par' dir='ltr' id='par_1_57' title="bbox 344 5278 1887 5359">
     <span class='ocr_line' id='line_1_57' title="bbox 344 5278 1887 5359; baseline 0.001 -25"><span class='ocrx_word' id='word_1_370' title='bbox 344 5280 511 5334; x_wconf 82' lang='grc' dir='ltr'><strong><em>Ἀλλά</em></strong></span> <span class='ocrx_word' id='word_1_371' title='bbox 557 5278 689 5352; x_wconf 72' lang='grc' dir='ltr'><strong>λέγω</strong></span> <span class='ocrx_word' id='word_1_372' title='bbox 734 5311 803 5322; x_wconf 90' lang='grc'><strong><em>-</em></strong></span> <span class='ocrx_word' id='word_1_373' title='bbox 849 5280 1117 5339; x_wconf 75' lang='grc' dir='ltr'><strong>ἕθέλησαν.</strong></span> <span class='ocrx_word' id='word_1_374' title='bbox 1171 5286 1483 5359; x_wconf 86' lang='grc' dir='ltr'><strong>Σαφέστερον</strong></span> <span class='ocrx_word' id='word_1_375' title='bbox 1541 5286 1566 5336; x_wconf 89' lang='grc' dir='ltr'><strong><em>ὁ</em></strong></span> <span class='ocrx_word' id='word_1_376' title='bbox 1619 5285 1887 5347; x_wconf 84' lang='grc' dir='ltr'><strong>Ματθαίος</strong></span> 
     </span>
    </p>
   </div>
   <div class='ocr_carea' id='block_1_58' title="bbox 272 5369 1887 5444">
    <p class='ocr_par' dir='ltr' id='par_1_58' title="bbox 272 5369 1887 5444">
     <span class='ocr_line' id='line_1_58' title="bbox 272 5369 1887 5444; baseline 0.002 -21"><span class='ocrx_word' id='word_1_377' title='bbox 272 5372 448 5442; x_wconf 78' lang='grc' dir='ltr'><strong>εἴρηκε</strong></span> <span class='ocrx_word' id='word_1_378' title='bbox 502 5374 621 5443; x_wconf 82' lang='grc' dir='ltr'><strong>περὶ</strong></span> <span class='ocrx_word' id='word_1_379' title='bbox 674 5371 883 5438; x_wconf 79' lang='grc' dir='ltr'><strong>τούτου,</strong></span> <span class='ocrx_word' id='word_1_380' title='bbox 938 5375 1028 5423; x_wconf 88' lang='lat' dir='ltr'><strong><em>xui</em></strong></span> <span class='ocrx_word' id='word_1_381' title='bbox 1081 5371 1313 5432; x_wconf 77' lang='grc' dir='ltr'><strong>ζήτησον</strong></span> <span class='ocrx_word' id='word_1_382' title='bbox 1368 5371 1416 5424; x_wconf 79' lang='grc' dir='ltr'><strong>ἕν</strong></span> <span class='ocrx_word' id='word_1_383' title='bbox 1473 5380 1546 5444; x_wconf 86' lang='grc' dir='ltr'><strong>τῷ</strong></span> <span class='ocrx_word' id='word_1_384' title='bbox 1602 5369 1887 5433; x_wconf 76' lang='grc' dir='ltr'><strong>δηλωθέντι</strong></span> 
     </span>
    </p>
   </div>
   <div class='ocr_carea' id='block_1_59' title="bbox 272 5459 1139 5534">
    <p class='ocr_par' dir='ltr' id='par_1_59' title="bbox 272 5459 1139 5534">
     <span class='ocr_line' id='line_1_59' title="bbox 272 5459 1139 5534; baseline 0.001 -21"><span class='ocrx_word' id='word_1_385' title='bbox 272 5467 573 5532; x_wconf 85' lang='grc' dir='ltr'><strong>τριακοστῷ</strong></span> <span class='ocrx_word' id='word_1_386' title='bbox 604 5460 833 5534; x_wconf 80' lang='grc' dir='ltr'><strong>τετάρτῳ</strong></span> <span class='ocrx_word' id='word_1_387' title='bbox 861 5459 1139 5533; x_wconf 80' lang='grc' dir='ltr'><strong>κεφαλαίῳ.</strong></span> 
     </span>
    </p>
   </div>
   <div class='ocr_carea' id='block_1_60' title="bbox 2004 530 3665 614">
    <p class='ocr_par' dir='ltr' id='par_1_60' title="bbox 2004 530 3665 614">
     <span class='ocr_line' id='line_1_60' title="bbox 2004 530 3665 614; baseline -0.004 -19"><span class='ocrx_word' id='word_1_388' title='bbox 2004 540 2141 614; x_wconf 87' lang='lat' dir='ltr'><strong><em>quis</em></strong></span> <span class='ocrx_word' id='word_1_389' title='bbox 2197 539 2429 613; x_wconf 90' lang='lat' dir='ltr'><strong><em>pudore</em></strong></span> <span class='ocrx_word' id='word_1_390' title='bbox 2488 543 2672 594; x_wconf 88' lang='lat' dir='ltr'><strong><em>tactus</em></strong></span> <span class='ocrx_word' id='word_1_391' title='bbox 2735 550 2858 592; x_wconf 89' lang='lat' dir='ltr'><strong><em>non</em></strong></span> <span class='ocrx_word' id='word_1_392' title='bbox 2935 551 3120 592; x_wconf 88' lang='lat' dir='ltr'><strong><em>ausus</em></strong></span> <span class='ocrx_word' id='word_1_393' title='bbox 3164 531 3346 589; x_wconf 83' lang='lat' dir='ltr'><strong><em>fuerit</em></strong></span> <span class='ocrx_word' id='word_1_394' title='bbox 3393 530 3665 589; x_wconf 87' lang='lat' dir='ltr'><strong><em>conﬁteri</em></strong></span> 
     </span>
    </p>
   </div>
   <div class='ocr_carea' id='block_1_61' title="bbox 2003 621 3666 697">
    <p class='ocr_par' dir='ltr' id='par_1_61' title="bbox 2003 621 3666 697">
     <span class='ocr_line' id='line_1_61' title="bbox 2003 621 3666 697; baseline -0.004 -12"><span class='ocrx_word' id='word_1_395' title='bbox 2003 646 2099 685; x_wconf 91' lang='lat' dir='ltr'><strong><em>me</em></strong></span> <span class='ocrx_word' id='word_1_396' title='bbox 2130 645 2258 685; x_wconf 89' lang='lat' dir='ltr'><strong><em>esse</em></strong></span> <span class='ocrx_word' id='word_1_397' title='bbox 2290 628 2499 692; x_wconf 89' lang='lat' dir='ltr'><strong><em>Deum,</em></strong></span> <span class='ocrx_word' id='word_1_398' title='bbox 2527 641 2812 697; x_wconf 84' lang='lat' dir='ltr'><strong><em>meosque</em></strong></span> <span class='ocrx_word' id='word_1_399' title='bbox 2877 638 3185 680; x_wconf 81' lang='lat' dir='ltr'><strong><em>sermones</em></strong></span> <span class='ocrx_word' id='word_1_400' title='bbox 3215 637 3341 678; x_wconf 88' lang='lat' dir='ltr'><strong><em>esse</em></strong></span> <span class='ocrx_word' id='word_1_401' title='bbox 3378 621 3496 697; x_wconf 87' lang='lat' dir='ltr'><strong><em>Dei,</em></strong></span> <span class='ocrx_word' id='word_1_402' title='bbox 3523 636 3666 694; x_wconf 84' lang='lat' dir='ltr'><strong><em>pro-</em></strong></span> 
     </span>
    </p>
   </div>
   <div class='ocr_carea' id='block_1_62' title="bbox 2003 712 3669 791">
    <p class='ocr_par' dir='ltr' id='par_1_62' title="bbox 2003 712 3669 791">
     <span class='ocr_line' id='line_1_62' title="bbox 2003 712 3669 791; baseline -0.004 -17"><span class='ocrx_word' id='word_1_403' title='bbox 2003 724 2134 791; x_wconf 85' lang='lat' dir='ltr'><strong><em>pter</em></strong></span> <span class='ocrx_word' id='word_1_404' title='bbox 2163 717 2593 774; x_wconf 76' lang='lat' dir='ltr'><strong><em>incarnationis</em></strong></span> <span class='ocrx_word' id='word_1_405' title='bbox 2618 716 3042 779; x_wconf 85' lang='lat' dir='ltr'><strong><em>humilitatem,</em></strong></span> <span class='ocrx_word' id='word_1_406' title='bbox 3063 712 3417 770; x_wconf 77' lang='lat' dir='ltr'><strong><em>atﬂictiones</em></strong></span> <span class='ocrx_word' id='word_1_407' title='bbox 3442 725 3513 767; x_wconf 91' lang='lat' dir='ltr'><strong><em>ac</em></strong></span> <span class='ocrx_word' id='word_1_408' title='bbox 3536 726 3669 767; x_wconf 80' lang='lat' dir='ltr'><strong><em>cru-</em></strong></span> 
     </span>
    </p>
   </div>
   <div class='ocr_carea' id='block_1_63' title="bbox 2002 802 3662 879">
    <p class='ocr_par' dir='ltr' id='par_1_63' title="bbox 2002 802 3662 879">
     <span class='ocr_line' id='line_1_63' title="bbox 2002 802 3662 879; baseline -0.004 -16"><span class='ocrx_word' id='word_1_409' title='bbox 2002 824 2129 863; x_wconf 88' lang='lat' dir='ltr'><strong>cem</strong></span> <span class='ocrx_word' id='word_1_410' title='bbox 2150 824 2161 862; x_wconf 90' lang='lat'>:</span> <span class='ocrx_word' id='word_1_411' title='bbox 2180 823 2273 863; x_wconf 90' lang='lat' dir='ltr'><strong><em>me</em></strong></span> <span class='ocrx_word' id='word_1_412' title='bbox 2290 823 2526 879; x_wconf 87' lang='lat' dir='ltr'><strong><em>quoque</em></strong></span> <span class='ocrx_word' id='word_1_413' title='bbox 2543 805 2789 879; x_wconf 82' lang='lat' dir='ltr'><strong><em>pudebit</em></strong></span> <span class='ocrx_word' id='word_1_414' title='bbox 2803 803 3091 870; x_wconf 83' lang='lat' dir='ltr'><strong><em>conﬁteri,</em></strong></span> <span class='ocrx_word' id='word_1_415' title='bbox 3110 802 3277 858; x_wconf 90' lang='lat' dir='ltr'><strong><em>illum</em></strong></span> <span class='ocrx_word' id='word_1_416' title='bbox 3291 817 3419 858; x_wconf 89' lang='lat' dir='ltr'><strong><em>esse</em></strong></span> <span class='ocrx_word' id='word_1_417' title='bbox 3434 816 3662 867; x_wconf 90' lang='lat' dir='ltr'><strong><em>meum,</em></strong></span> 
     </span>
    </p>
   </div>
   <div class='ocr_carea' id='block_1_64' title="bbox 2000 888 3666 966">
    <p class='ocr_par' dir='ltr' id='par_1_64' title="bbox 2000 888 3666 966">
     <span class='ocr_line' id='line_1_64' title="bbox 2000 888 3666 966; baseline -0.003 -15"><span class='ocrx_word' id='word_1_418' title='bbox 2000 912 2135 951; x_wconf 92' lang='lat' dir='ltr'><strong><em>cum</em></strong></span> <span class='ocrx_word' id='word_1_419' title='bbox 2170 912 2408 960; x_wconf 91' lang='lat' dir='ltr'><strong><em>venero,</em></strong></span> <span class='ocrx_word' id='word_1_420' title='bbox 2438 911 2560 951; x_wconf 92' lang='lat' dir='ltr'><strong><em>non</em></strong></span> <span class='ocrx_word' id='word_1_421' title='bbox 2596 895 2722 966; x_wconf 86' lang='lat' dir='ltr'><strong><em>jam</em></strong></span> <span class='ocrx_word' id='word_1_422' title='bbox 2751 894 3040 965; x_wconf 79' lang='lat' dir='ltr'><strong><em>abjectus,</em></strong></span> <span class='ocrx_word' id='word_1_423' title='bbox 3076 896 3141 947; x_wconf 90' lang='lat' dir='ltr'><strong><em>ut</em></strong></span> <span class='ocrx_word' id='word_1_424' title='bbox 3171 906 3349 955; x_wconf 90' lang='lat' dir='ltr'><strong><em>nunc,</em></strong></span> <span class='ocrx_word' id='word_1_425' title='bbox 3412 889 3515 945; x_wconf 91' lang='lat' dir='ltr'><strong><em>sed</em></strong></span> <span class='ocrx_word' id='word_1_426' title='bbox 3544 888 3666 963; x_wconf 78' lang='lat' dir='ltr'><strong><em>glo-</em></strong></span> 
     </span>
    </p>
   </div>
   <div class='ocr_carea' id='block_1_65' title="bbox 1998 976 3663 1055">
    <p class='ocr_par' dir='ltr' id='par_1_65' title="bbox 1998 976 3663 1055">
     <span class='ocr_line' id='line_1_65' title="bbox 1998 976 3663 1055; baseline -0.004 -15"><span class='ocrx_word' id='word_1_427' title='bbox 1998 984 2209 1046; x_wconf 72' lang='lat' dir='ltr'><strong><em>riosns.</em></strong></span> <span class='ocrx_word' id='word_1_428' title='bbox 2234 987 2380 1041; x_wconf 73' lang='lat' dir='ltr'><strong><em>sicut</em></strong></span> <span class='ocrx_word' id='word_1_429' title='bbox 2418 986 2588 1041; x_wconf 87' lang='lat' dir='ltr'><strong><em>Pater</em></strong></span> <span class='ocrx_word' id='word_1_430' title='bbox 2626 999 2813 1039; x_wconf 90' lang='lat' dir='ltr'><strong><em>meus.</em></strong></span> <span class='ocrx_word' id='word_1_431' title='bbox 2846 985 3088 1055; x_wconf 86' lang='lat' dir='ltr'><strong><em>Oportet</em></strong></span> <span class='ocrx_word' id='word_1_432' title='bbox 3124 980 3275 1037; x_wconf 90' lang='lat' dir='ltr'><strong><em>enim</em></strong></span> <span class='ocrx_word' id='word_1_433' title='bbox 3325 994 3449 1035; x_wconf 91' lang='lat' dir='ltr'><strong><em>non</em></strong></span> <span class='ocrx_word' id='word_1_434' title='bbox 3480 976 3663 1035; x_wconf 92' lang='lat' dir='ltr'><strong><em>modo</em></strong></span> 
     </span>
    </p>
   </div>
   <div class='ocr_carea' id='block_1_66' title="bbox 1998 1069 3283 1146">
    <p class='ocr_par' dir='ltr' id='par_1_66' title="bbox 1998 1069 3283 1146">
     <span class='ocr_line' id='line_1_66' title="bbox 1998 1069 3283 1146; baseline -0.008 -15"><span class='ocrx_word' id='word_1_435' title='bbox 1998 1078 2257 1146; x_wconf 85' lang='lat' dir='ltr'><strong><em>credere,</em></strong></span> <span class='ocrx_word' id='word_1_436' title='bbox 2296 1091 2501 1130; x_wconf 89' lang='lat' dir='ltr'><strong><em>verum</em></strong></span> <span class='ocrx_word' id='word_1_437' title='bbox 2527 1074 2706 1131; x_wconf 88' lang='lat' dir='ltr'><strong><em>etiam</em></strong></span> <span class='ocrx_word' id='word_1_438' title='bbox 2732 1072 2913 1130; x_wconf 82' lang='lat' dir='ltr'><strong><em>libere</em></strong></span> <span class='ocrx_word' id='word_1_439' title='bbox 2940 1069 3283 1145; x_wconf 82' lang='lat' dir='ltr'><strong><em>praedicare.</em></strong></span> 
     </span>
    </p>
   </div>
   <div class='ocr_carea' id='block_1_67' title="bbox 2071 1156 3665 1236">
    <p class='ocr_par' dir='ltr' id='par_1_67' title="bbox 2071 1156 3665 1236">
     <span class='ocr_line' id='line_1_67' title="bbox 2071 1156 3665 1236; baseline -0.004 -16"><span class='ocrx_word' id='word_1_440' title='bbox 2071 1166 2415 1221; x_wconf 79' lang='lat' dir='ltr'><strong><em>Adulteram</em></strong></span> <span class='ocrx_word' id='word_1_441' title='bbox 2446 1180 2602 1234; x_wconf 87' lang='lat' dir='ltr'><strong><em>vero,</em></strong></span> <span class='ocrx_word' id='word_1_442' title='bbox 2632 1164 2955 1236; x_wconf 90' lang='lat' dir='ltr'><strong><em>impiorum</em></strong></span> <span class='ocrx_word' id='word_1_443' title='bbox 2984 1159 3428 1231; x_wconf 79' lang='lat' dir='ltr'><strong><em>generationem</em></strong></span> <span class='ocrx_word' id='word_1_444' title='bbox 3454 1156 3665 1231; x_wconf 86' lang='lat' dir='ltr'><strong><em>appel-</em></strong></span> 
     </span>
    </p>
   </div>
   <div class='ocr_carea' id='block_1_68' title="bbox 1998 1248 3665 1327">
    <p class='ocr_par' dir='ltr' id='par_1_68' title="bbox 1998 1248 3665 1327">
     <span class='ocr_line' id='line_1_68' title="bbox 1998 1248 3665 1327; baseline -0.004 -17"><span class='ocrx_word' id='word_1_445' title='bbox 1998 1255 2181 1311; x_wconf 89' lang='lat' dir='ltr'><strong><em>lavit:</em></strong></span> <span class='ocrx_word' id='word_1_446' title='bbox 2212 1259 2409 1327; x_wconf 86' lang='lat' dir='ltr'><strong><em>utpote</em></strong></span> <span class='ocrx_word' id='word_1_447' title='bbox 2435 1270 2469 1309; x_wconf 90' lang='lat' dir='ltr'><strong><em>a</em></strong></span> <span class='ocrx_word' id='word_1_448' title='bbox 2509 1256 2647 1320; x_wconf 91' lang='lat' dir='ltr'><strong><em>Deo,</em></strong></span> <span class='ocrx_word' id='word_1_449' title='bbox 2682 1252 2787 1325; x_wconf 89' lang='lat' dir='ltr'><strong><em>qui</em></strong></span> <span class='ocrx_word' id='word_1_450' title='bbox 2817 1249 3052 1324; x_wconf 89' lang='lat' dir='ltr'><strong><em>pietatis</em></strong></span> <span class='ocrx_word' id='word_1_451' title='bbox 3106 1264 3174 1305; x_wconf 89' lang='lat' dir='ltr'><strong><em>ac</em></strong></span> <span class='ocrx_word' id='word_1_452' title='bbox 3224 1248 3455 1305; x_wconf 86' lang='lat' dir='ltr'><strong><em>virtutis</em></strong></span> <span class='ocrx_word' id='word_1_453' title='bbox 3502 1250 3665 1304; x_wconf 80' lang='lat' dir='ltr'><strong><em>sator</em></strong></span> 
     </span>
    </p>
   </div>
   <div class='ocr_carea' id='block_1_69' title="bbox 2000 1335 3665 1410">
    <p class='ocr_par' dir='ltr' id='par_1_69' title="bbox 2000 1335 3665 1410">
     <span class='ocr_line' id='line_1_69' title="bbox 2000 1335 3665 1410; baseline -0.005 -9"><span class='ocrx_word' id='word_1_454' title='bbox 2000 1348 2107 1410; x_wconf 86' lang='lat' dir='ltr'><strong><em>est,</em></strong></span> <span class='ocrx_word' id='word_1_455' title='bbox 2131 1344 2508 1400; x_wconf 90' lang='lat' dir='ltr'><strong><em>deﬁcientem</em></strong></span> <span class='ocrx_word' id='word_1_456' title='bbox 2538 1358 2607 1399; x_wconf 90' lang='lat' dir='ltr'><strong><em>ac</em></strong></span> <span class='ocrx_word' id='word_1_457' title='bbox 2635 1340 2894 1398; x_wconf 75' lang='lat' dir='ltr'><strong><em>daemoni</em></strong></span> <span class='ocrx_word' id='word_1_458' title='bbox 2947 1339 3375 1403; x_wconf 75' lang='lat' dir='ltr'><strong><em>adhaerentem,</em></strong></span> <span class='ocrx_word' id='word_1_459' title='bbox 3401 1335 3509 1410; x_wconf 89' lang='lat' dir='ltr'><strong><em>qui</em></strong></span> <span class='ocrx_word' id='word_1_460' title='bbox 3554 1336 3665 1394; x_wconf 88' lang='lat' dir='ltr'><strong><em>im-</em></strong></span> 
     </span>
    </p>
   </div>
   <div class='ocr_carea' id='block_1_70' title="bbox 2000 1429 3019 1506">
    <p class='ocr_par' dir='ltr' id='par_1_70' title="bbox 2000 1429 3019 1506">
     <span class='ocr_line' id='line_1_70' title="bbox 2000 1429 3019 1506; baseline -0.005 -17"><span class='ocrx_word' id='word_1_461' title='bbox 2000 1435 2279 1506; x_wconf 86' lang='lat' dir='ltr'><strong><em>pietatem</em></strong></span> <span class='ocrx_word' id='word_1_462' title='bbox 2322 1450 2390 1490; x_wconf 88' lang='lat' dir='ltr'><strong><em>ac</em></strong></span> <span class='ocrx_word' id='word_1_463' title='bbox 2421 1432 2714 1489; x_wconf 87' lang='lat' dir='ltr'><strong><em>malitiam</em></strong></span> <span class='ocrx_word' id='word_1_464' title='bbox 2745 1429 3019 1487; x_wconf 89' lang='lat' dir='ltr'><strong><em>seminat.</em></strong></span> 
     </span>
    </p>
   </div>
   <div class='ocr_carea' id='block_1_71' title="bbox 2073 1515 3665 1585">
    <p class='ocr_par' dir='ltr' id='par_1_71' title="bbox 2073 1515 3665 1585">
     <span class='ocr_line' id='line_1_71' title="bbox 2073 1515 3665 1585; baseline -0.004 -6"><span class='ocrx_word' id='word_1_465' title='bbox 2073 1524 2226 1580; x_wconf 89' lang='lat' dir='ltr'><strong><em>CAP.</em></strong></span> <span class='ocrx_word' id='word_1_466' title='bbox 2258 1524 2348 1579; x_wconf 83' lang='lat' dir='ltr'><strong><em>IX.</em></strong></span> <span class='ocrx_word' id='word_1_467' title='bbox 2379 1524 2548 1581; x_wconf 88' lang='lat' dir='ltr'><strong><em>Vers.</em></strong></span> <span class='ocrx_word' id='word_1_468' title='bbox 2606 1525 2660 1580; x_wconf 89' lang='grc'><strong><em>1.</em></strong></span> <span class='ocrx_word' id='word_1_469' title='bbox 2715 1522 2792 1577; x_wconf 84' lang='lat' dir='ltr'><strong><em>Et</em></strong></span> <span class='ocrx_word' id='word_1_470' title='bbox 2828 1519 3056 1576; x_wconf 82' lang='lat' dir='ltr'><strong><em>dicebat</em></strong></span> <span class='ocrx_word' id='word_1_471' title='bbox 3110 1548 3180 1559; x_wconf 92' lang='lat'><strong><em>—</em></strong></span> <span class='ocrx_word' id='word_1_472' title='bbox 3202 1515 3267 1585; x_wconf 79' lang='lat' dir='ltr'><strong><em>in</em></strong></span> <span class='ocrx_word' id='word_1_473' title='bbox 3324 1515 3556 1573; x_wconf 74' lang='lat' dir='ltr'><strong><em>virtute.</em></strong></span> <span class='ocrx_word' id='word_1_474' title='bbox 3585 1517 3665 1573; x_wconf 83' lang='lat' dir='ltr'><strong><em>De</em></strong></span> 
     </span>
    </p>
   </div>
   <div class='ocr_carea' id='block_1_72' title="bbox 2003 1608 3447 1686">
    <p class='ocr_par' dir='ltr' id='par_1_72' title="bbox 2003 1608 3447 1686">
     <span class='ocr_line' id='line_1_72' title="bbox 2003 1608 3447 1686; baseline -0.006 -16"><span class='ocrx_word' id='word_1_475' title='bbox 2003 1613 2097 1671; x_wconf 87' lang='lat' dir='ltr'><strong><em>his</em></strong></span> <span class='ocrx_word' id='word_1_476' title='bbox 2131 1629 2367 1686; x_wconf 89' lang='lat' dir='ltr'><strong><em>quoque</em></strong></span> <span class='ocrx_word' id='word_1_477' title='bbox 2397 1611 2683 1685; x_wconf 82' lang='lat' dir='ltr'><strong><em>praedicto</em></strong></span> <span class='ocrx_word' id='word_1_478' title='bbox 2710 1610 2903 1682; x_wconf 89' lang='lat' dir='ltr'><strong><em>capite</em></strong></span> <span class='ocrx_word' id='word_1_479' title='bbox 2929 1608 3305 1680; x_wconf 81' lang='lat' dir='ltr'><strong><em>disputatum</em></strong></span> <span class='ocrx_word' id='word_1_480' title='bbox 3335 1609 3447 1662; x_wconf 67' lang='lat' dir='ltr'><strong><em>est.-</em></strong></span> 
     </span>
    </p>
   </div>
   <div class='ocr_carea' id='block_1_73' title="bbox 2177 1694 3490 1805">
    <p class='ocr_par' dir='ltr' id='par_1_73' title="bbox 2177 1694 3490 1805">
     <span class='ocr_line' id='line_1_73' title="bbox 2177 1694 3490 1805; baseline -0.008 -9"><span class='ocrx_word' id='word_1_481' title='bbox 2177 1738 2331 1796; x_wconf 84' lang='lat' dir='ltr'><strong><em>CAP.</em></strong></span> <span class='ocrx_word' id='word_1_482' title='bbox 2371 1738 2532 1794; x_wconf 86' lang='lat' dir='ltr'><strong><em>XXV.</em></strong></span> <span class='ocrx_word' id='word_1_483' title='bbox 2586 1736 2662 1791; x_wconf 84' lang='lat' dir='ltr'><strong><em>De</em></strong></span> <span class='ocrx_word' id='word_1_484' title='bbox 2693 1732 3203 1805; x_wconf 80' lang='lat' dir='ltr'><strong><em>transformatt&#39;one</em></strong></span> <span class='ocrx_word' id='word_1_485' title='bbox 3226 1694 3490 1788; x_wconf 76' lang='lat' dir='ltr'><strong><em>Domini.</em></strong></span> 
     </span>
    </p>
   </div>
   <div class='ocr_carea' id='block_1_74' title="bbox 1930 1802 3671 1897">
    <p class='ocr_par' dir='ltr' id='par_1_74' title="bbox 1930 1802 3671 1897">
     <span class='ocr_line' id='line_1_74' title="bbox 1930 1802 3671 1897; baseline -0.007 -9"><span class='ocrx_word' id='word_1_486' title='bbox 1930 1802 1975 1858; x_wconf 78' lang='grc' dir='ltr'>Β</span> <span class='ocrx_word' id='word_1_487' title='bbox 2079 1830 2246 1887; x_wconf 88' lang='lat' dir='ltr'><strong><em>Vers.</em></strong></span> <span class='ocrx_word' id='word_1_488' title='bbox 2273 1832 2326 1884; x_wconf 87' lang='lat'><strong><em>2.</em></strong></span> <span class='ocrx_word' id='word_1_489' title='bbox 2358 1827 2436 1883; x_wconf 87' lang='lat' dir='ltr'><strong><em>Et</em></strong></span> <span class='ocrx_word' id='word_1_490' title='bbox 2459 1832 2584 1897; x_wconf 81' lang='lat' dir='ltr'><strong><em>post</em></strong></span> <span class='ocrx_word' id='word_1_491' title='bbox 2614 1855 2683 1866; x_wconf 93' lang='lat'>—</span> <span class='ocrx_word' id='word_1_492' title='bbox 2712 1802 2871 1880; x_wconf 72' lang='lat' dir='ltr'><strong><em>Vere.</em></strong></span> <span class='ocrx_word' id='word_1_493' title='bbox 2904 1824 2958 1879; x_wconf 82' lang='grc'><strong>4.</strong></span> <span class='ocrx_word' id='word_1_494' title='bbox 2996 1820 3154 1878; x_wconf 73' lang='lat' dir='ltr'><strong><em>Iesu.</em></strong></span> <span class='ocrx_word' id='word_1_495' title='bbox 3197 1821 3433 1877; x_wconf 90' lang='lat' dir='ltr'><strong><em>Dictum</em></strong></span> <span class='ocrx_word' id='word_1_496' title='bbox 3463 1820 3552 1876; x_wconf 91' lang='lat' dir='ltr'><strong><em>est</em></strong></span> <span class='ocrx_word' id='word_1_497' title='bbox 3594 1816 3671 1875; x_wconf 85' lang='lat' dir='ltr'><strong><em>de</em></strong></span> 
     </span>
    </p>
   </div>
   <div class='ocr_carea' id='block_1_75' title="bbox 2008 1906 3525 1988">
    <p class='ocr_par' dir='ltr' id='par_1_75' title="bbox 2008 1906 3525 1988">
     <span class='ocr_line' id='line_1_75' title="bbox 2008 1906 3525 1988; baseline -0.009 -11"><span class='ocrx_word' id='word_1_498' title='bbox 2008 1920 2101 1978; x_wconf 89' lang='lat' dir='ltr'><strong><em>his</em></strong></span> <span class='ocrx_word' id='word_1_499' title='bbox 2121 1916 2424 1975; x_wconf 89' lang='lat' dir='ltr'><strong><em>tricesimo</em></strong></span> <span class='ocrx_word' id='word_1_500' title='bbox 2481 1918 2697 1988; x_wconf 87' lang='lat' dir='ltr'><strong><em>quarto</em></strong></span> <span class='ocrx_word' id='word_1_501' title='bbox 2736 1913 2911 1985; x_wconf 84' lang='lat' dir='ltr'><strong><em>juxta</em></strong></span> <span class='ocrx_word' id='word_1_502' title='bbox 2939 1909 3281 1967; x_wconf 69' lang='lat' dir='ltr'><strong><em>Matthaaum</em></strong></span> <span class='ocrx_word' id='word_1_503' title='bbox 3307 1906 3525 1980; x_wconf 84' lang='lat' dir='ltr'><strong><em>capite.</em></strong></span> 
     </span>
    </p>
   </div>
   <div class='ocr_carea' id='block_1_76' title="bbox 2079 1995 3670 2074">
    <p class='ocr_par' dir='ltr' id='par_1_76' title="bbox 2079 1995 3670 2074">
     <span class='ocr_line' id='line_1_76' title="bbox 2079 1995 3670 2074; baseline -0.009 -9"><span class='ocrx_word' id='word_1_504' title='bbox 2079 2012 2238 2065; x_wconf 87' lang='lat' dir='ltr'><strong><em>Vers.</em></strong></span> <span class='ocrx_word' id='word_1_505' title='bbox 2268 2009 2324 2062; x_wconf 80' lang='lat'><strong><em>5.</em></strong></span> <span class='ocrx_word' id='word_1_506' title='bbox 2355 2006 2431 2063; x_wconf 89' lang='lat' dir='ltr'><strong><em>Et</em></strong></span> <span class='ocrx_word' id='word_1_507' title='bbox 2456 2003 2820 2074; x_wconf 82' lang='lat' dir='ltr'><strong><em>respondens.</em></strong></span> <span class='ocrx_word' id='word_1_508' title='bbox 2862 2001 3110 2057; x_wconf 88' lang='lat' dir='ltr'><strong><em>—Vers.</em></strong></span> <span class='ocrx_word' id='word_1_509' title='bbox 3136 1998 3199 2054; x_wconf 89' lang='grc'><strong>6.</strong></span> <span class='ocrx_word' id='word_1_510' title='bbox 3250 1995 3535 2056; x_wconf 70' lang='lat' dir='ltr'><strong><em>exterriti.</em></strong></span> <span class='ocrx_word' id='word_1_511' title='bbox 3587 1997 3670 2063; x_wconf 83' lang='lat' dir='ltr'><strong><em>De</em></strong></span> 
     </span>
    </p>
   </div>
   <div class='ocr_carea' id='block_1_77' title="bbox 2004 2090 3308 2170">
    <p class='ocr_par' dir='ltr' id='par_1_77' title="bbox 2004 2090 3308 2170">
     <span class='ocr_line' id='line_1_77' title="bbox 2004 2090 3308 2170; baseline -0.01 -15"><span class='ocrx_word' id='word_1_512' title='bbox 2004 2098 2098 2155; x_wconf 88' lang='lat' dir='ltr'><strong><em>his</em></strong></span> <span class='ocrx_word' id='word_1_513' title='bbox 2131 2102 2409 2170; x_wconf 73' lang='lat' dir='ltr'><strong><em>praeterea</em></strong></span> <span class='ocrx_word' id='word_1_514' title='bbox 2436 2092 2725 2150; x_wconf 82' lang='lat' dir='ltr'><strong><em>subtiliter</em></strong></span> <span class='ocrx_word' id='word_1_515' title='bbox 2752 2090 2834 2147; x_wconf 92' lang='lat' dir='ltr'><strong><em>ibi</em></strong></span> <span class='ocrx_word' id='word_1_516' title='bbox 2859 2091 3176 2147; x_wconf 90' lang='lat' dir='ltr'><strong><em>tractatum</em></strong></span> <span class='ocrx_word' id='word_1_517' title='bbox 3203 2090 3308 2143; x_wconf 87' lang='lat' dir='ltr'><strong><em>est.</em></strong></span> 
     </span>
    </p>
   </div>
   <div class='ocr_carea' id='block_1_78' title="bbox 2077 2171 3669 2261">
    <p class='ocr_par' dir='ltr' id='par_1_78' title="bbox 2077 2171 3669 2261">
     <span class='ocr_line' id='line_1_78' title="bbox 2077 2171 3669 2261; baseline -0.009 -15"><span class='ocrx_word' id='word_1_518' title='bbox 2077 2190 2233 2246; x_wconf 89' lang='lat' dir='ltr'><strong><em>Vers.</em></strong></span> <span class='ocrx_word' id='word_1_519' title='bbox 2261 2188 2320 2243; x_wconf 83' lang='lat'><strong><em>7.</em></strong></span> <span class='ocrx_word' id='word_1_520' title='bbox 2356 2186 2639 2256; x_wconf 76' lang='lat' dir='ltr'><strong><em>Factaque</em></strong></span> <span class='ocrx_word' id='word_1_521' title='bbox 2668 2212 2735 2224; x_wconf 93' lang='lat'><strong>—</strong></span> <span class='ocrx_word' id='word_1_522' title='bbox 2767 2183 2925 2239; x_wconf 88' lang='lat' dir='ltr'><strong><em>Vers.</em></strong></span> <span class='ocrx_word' id='word_1_523' title='bbox 2953 2179 3007 2243; x_wconf 90' lang='lat'><strong><em>8.</em></strong></span> <span class='ocrx_word' id='word_1_524' title='bbox 3046 2192 3256 2261; x_wconf 80' lang='lat' dir='ltr'><strong><em>secum.</em></strong></span> <span class='ocrx_word' id='word_1_525' title='bbox 3290 2173 3568 2257; x_wconf 84' lang='lat' dir='ltr'><strong><em>Similiter</em></strong></span> <span class='ocrx_word' id='word_1_526' title='bbox 3596 2171 3669 2231; x_wconf 87' lang='lat' dir='ltr'><strong><em>de</em></strong></span> 
     </span>
    </p>
   </div>
   <div class='ocr_carea' id='block_1_79' title="bbox 2004 2278 2629 2337">
    <p class='ocr_par' dir='ltr' id='par_1_79' title="bbox 2004 2278 2629 2337">
     <span class='ocr_line' id='line_1_79' title="bbox 2004 2278 2629 2337; baseline -0.003 0"><span class='ocrx_word' id='word_1_527' title='bbox 2004 2278 2119 2337; x_wconf 86' lang='lat' dir='ltr'><strong><em>his.</em></strong></span> <span class='ocrx_word' id='word_1_528' title='bbox 2624 2326 2629 2335; x_wconf 90' lang='lat'><strong><em>.</em></strong></span> 
     </span>
    </p>
   </div>
   <div class='ocr_carea' id='block_1_80' title="bbox 2077 2354 3672 2425">
    <p class='ocr_par' dir='ltr' id='par_1_80' title="bbox 2077 2354 3672 2425">
     <span class='ocr_line' id='line_1_80' title="bbox 2077 2354 3672 2425; baseline -0.008 -2"><span class='ocrx_word' id='word_1_529' title='bbox 2077 2369 2236 2425; x_wconf 87' lang='lat' dir='ltr'><strong><em>Vers.</em></strong></span> <span class='ocrx_word' id='word_1_530' title='bbox 2264 2368 2323 2425; x_wconf 93' lang='lat'><strong><em>9.</em></strong></span> <span class='ocrx_word' id='word_1_531' title='bbox 2362 2359 2840 2422; x_wconf 74' lang='lat' dir='ltr'><strong><em>Descendentibus</em></strong></span> <span class='ocrx_word' id='word_1_532' title='bbox 2876 2388 2948 2401; x_wconf 95' lang='lat'><strong><em>—</em></strong></span> <span class='ocrx_word' id='word_1_533' title='bbox 2982 2354 3352 2416; x_wconf 69' lang='lat' dir='ltr'><strong><em>surrexisset.</em></strong></span> <span class='ocrx_word' id='word_1_534' title='bbox 3384 2354 3672 2419; x_wconf 79' lang='lat' dir='ltr'><strong><em>Praeterea</em></strong></span> 
     </span>
    </p>
   </div>
   <div class='ocr_carea' id='block_1_81' title="bbox 2005 2454 2488 2533">
    <p class='ocr_par' dir='ltr' id='par_1_81' title="bbox 2005 2454 2488 2533">
     <span class='ocr_line' id='line_1_81' title="bbox 2005 2454 2488 2533; baseline -0.01 -18"><span class='ocrx_word' id='word_1_535' title='bbox 2005 2472 2243 2533; x_wconf 84' lang='lat' dir='ltr'><strong><em>quoque</em></strong></span> <span class='ocrx_word' id='word_1_536' title='bbox 2267 2456 2338 2513; x_wconf 89' lang='lat' dir='ltr'><strong><em>de</em></strong></span> <span class='ocrx_word' id='word_1_537' title='bbox 2375 2454 2488 2512; x_wconf 85' lang='lat' dir='ltr'><strong><em>his.</em></strong></span> 
     </span>
    </p>
   </div>
   <div class='ocr_carea' id='block_1_82' title="bbox 2076 2549 3671 2633">
    <p class='ocr_par' dir='ltr' id='par_1_82' title="bbox 2076 2549 3671 2633">
     <span class='ocr_line' id='line_1_82' title="bbox 2076 2549 3671 2633; baseline -0.008 -11"><span class='ocrx_word' id='word_1_538' title='bbox 2076 2568 2233 2622; x_wconf 89' lang='lat' dir='ltr'><strong><em>Vers.</em></strong></span> <span class='ocrx_word' id='word_1_539' title='bbox 2266 2564 2357 2620; x_wconf 83' lang='grc' dir='ltr'><strong><em>1ο.</em></strong></span> <span class='ocrx_word' id='word_1_540' title='bbox 2386 2563 2472 2619; x_wconf 85' lang='lat' dir='ltr'><strong><em>Et</em></strong></span> <span class='ocrx_word' id='word_1_541' title='bbox 2499 2591 2568 2602; x_wconf 96' lang='lat'><strong>—</strong></span> <span class='ocrx_word' id='word_1_542' title='bbox 2598 2558 2754 2633; x_wconf 85' lang='lat' dir='ltr'><strong><em>apud</em></strong></span> <span class='ocrx_word' id='word_1_543' title='bbox 2781 2572 2922 2617; x_wconf 73' lang='lat' dir='ltr'><strong><em>sese.</em></strong></span> <span class='ocrx_word' id='word_1_544' title='bbox 2953 2555 3218 2615; x_wconf 86' lang='lat' dir='ltr'><strong><em>Verbum</em></strong></span> <span class='ocrx_word' id='word_1_545' title='bbox 3248 2551 3416 2626; x_wconf 89' lang='lat' dir='ltr'><strong><em>quod</em></strong></span> <span class='ocrx_word' id='word_1_546' title='bbox 3448 2553 3575 2610; x_wconf 86' lang='lat' dir='ltr'><strong><em>erat</em></strong></span> <span class='ocrx_word' id='word_1_547' title='bbox 3593 2549 3671 2625; x_wconf 77' lang='lat' dir='ltr'><strong><em>de</em></strong></span> 
     </span>
    </p>
   </div>
   <div class='ocr_carea' id='block_1_83' title="bbox 2002 2640 3673 2725">
    <p class='ocr_par' dir='ltr' id='par_1_83' title="bbox 2002 2640 3673 2725">
     <span class='ocr_line' id='line_1_83' title="bbox 2002 2640 3673 2725; baseline -0.01 -13"><span class='ocrx_word' id='word_1_548' title='bbox 2002 2653 2431 2713; x_wconf 82' lang='lat' dir='ltr'><strong><em>resurrectione</em></strong></span> <span class='ocrx_word' id='word_1_549' title='bbox 2456 2653 2586 2725; x_wconf 90' lang='lat' dir='ltr'><strong><em>ejus</em></strong></span> <span class='ocrx_word' id='word_1_550' title='bbox 2614 2666 2650 2707; x_wconf 92' lang='lat' dir='ltr'><strong><em>a</em></strong></span> <span class='ocrx_word' id='word_1_551' title='bbox 2670 2647 2921 2707; x_wconf 89' lang='lat' dir='ltr'><strong><em>mortuis</em></strong></span> <span class='ocrx_word' id='word_1_552' title='bbox 2950 2663 2963 2702; x_wconf 89' lang='lat'><strong>:</strong></span> <span class='ocrx_word' id='word_1_553' title='bbox 2989 2647 3301 2703; x_wconf 88' lang='lat' dir='ltr'><strong><em>tenuerunt</em></strong></span> <span class='ocrx_word' id='word_1_554' title='bbox 3331 2640 3494 2716; x_wconf 89' lang='lat' dir='ltr'><strong><em>apud</em></strong></span> <span class='ocrx_word' id='word_1_555' title='bbox 3520 2655 3673 2712; x_wconf 73' lang='lat' dir='ltr'><strong><em>sese,</em></strong></span> 
     </span>
    </p>
   </div>
   <div class='ocr_carea' id='block_1_84' title="bbox 2002 2743 2647 2802">
    <p class='ocr_par' dir='ltr' id='par_1_84' title="bbox 2002 2743 2647 2802">
     <span class='ocr_line' id='line_1_84' title="bbox 2002 2743 2647 2802; baseline -0.006 0"><span class='ocrx_word' id='word_1_556' title='bbox 2002 2744 2148 2802; x_wconf 85' lang='lat' dir='ltr'><strong><em>nulli</em></strong></span> <span class='ocrx_word' id='word_1_557' title='bbox 2182 2743 2281 2801; x_wconf 89' lang='lat' dir='ltr'><strong><em>alii</em></strong></span> <span class='ocrx_word' id='word_1_558' title='bbox 2309 2745 2647 2800; x_wconf 85' lang='lat' dir='ltr'><strong><em>narrantes.</em></strong></span> 
     </span>
    </p>
   </div>
   <div class='ocr_carea' id='block_1_85' title="bbox 2072 2819 3669 2902">
    <p class='ocr_par' dir='ltr' id='par_1_85' title="bbox 2072 2819 3669 2902">
     <span class='ocr_line' id='line_1_85' title="bbox 2072 2819 3669 2902; baseline -0.004 -11"><span class='ocrx_word' id='word_1_559' title='bbox 2072 2833 2192 2899; x_wconf 87' lang='lat' dir='ltr'><strong><em>Vel,</em></strong></span> <span class='ocrx_word' id='word_1_560' title='bbox 2265 2830 2518 2889; x_wconf 83' lang='lat' dir='ltr'><strong><em>verbum</em></strong></span> <span class='ocrx_word' id='word_1_561' title='bbox 2592 2828 2760 2902; x_wconf 88' lang='lat' dir='ltr'><strong><em>quod</em></strong></span> <span class='ocrx_word' id='word_1_562' title='bbox 2820 2828 2948 2885; x_wconf 86' lang='lat' dir='ltr'><strong><em>erat</em></strong></span> <span class='ocrx_word' id='word_1_563' title='bbox 3010 2824 3087 2893; x_wconf 86' lang='lat' dir='ltr'><strong><em>de</em></strong></span> <span class='ocrx_word' id='word_1_564' title='bbox 3144 2819 3669 2885; x_wconf 73' lang='lat' dir='ltr'><strong><em>transformationo</em></strong></span> 
     </span>
    </p>
   </div>
   <div class='ocr_carea' id='block_1_86' title="bbox 2016 2922 3663 3079">
    <p class='ocr_par' dir='ltr' id='par_1_86' title="bbox 2016 2922 3663 3079">
     <span class='ocr_line' id='line_1_86' title="bbox 2129 2940 2174 2979; baseline 0.044 -2"><span class='ocrx_word' id='word_1_565' title='bbox 2129 2940 2174 2979; x_wconf 80' lang='lat'><strong><em>8.</em></strong></span> 
     </span>
     <span class='ocr_line' id='line_1_87' title="bbox 2016 2922 3663 3079; baseline -0.009 -11"><span class='ocrx_word' id='word_1_566' title='bbox 2016 2922 2232 3067; x_wconf 52' lang='lat' dir='ltr'><strong><em>1h\‘tlers.</em></strong></span> <span class='ocrx_word' id='word_1_567' title='bbox 2298 3010 2384 3067; x_wconf 90' lang='grc'><strong><em>10.</em></strong></span> <span class='ocrx_word' id='word_1_568' title='bbox 2476 3008 2847 3079; x_wconf 81' lang='lat' dir='ltr'><strong><em>Disputantes</em></strong></span> <span class='ocrx_word' id='word_1_569' title='bbox 2894 3016 3220 3075; x_wconf 78' lang='lat' dir='ltr'><strong><em>resurgere.</em></strong></span> <span class='ocrx_word' id='word_1_570' title='bbox 3292 2999 3440 3057; x_wconf 88' lang='lat' dir='ltr'><strong><em>Cum</em></strong></span> <span class='ocrx_word' id='word_1_571' title='bbox 3499 2996 3663 3073; x_wconf 80' lang='lat' dir='ltr'><strong><em>enim</em></strong></span> 
     </span>
    </p>
   </div>
   <div class='ocr_carea' id='block_1_87' title="bbox 1996 3089 3659 3169">
    <p class='ocr_par' dir='ltr' id='par_1_87' title="bbox 1996 3089 3659 3169">
     <span class='ocr_line' id='line_1_88' title="bbox 1996 3089 3659 3169; baseline -0.01 -10"><span class='ocrx_word' id='word_1_572' title='bbox 1996 3101 2301 3159; x_wconf 88' lang='lat' dir='ltr'><strong><em>neminem</em></strong></span> <span class='ocrx_word' id='word_1_573' title='bbox 2330 3099 2617 3155; x_wconf 83' lang='lat' dir='ltr'><strong><em>vidissent</em></strong></span> <span class='ocrx_word' id='word_1_574' title='bbox 2642 3096 2907 3169; x_wconf 89' lang='lat' dir='ltr'><strong><em>seipsum</em></strong></span> <span class='ocrx_word' id='word_1_575' title='bbox 2936 3110 2975 3150; x_wconf 87' lang='lat' dir='ltr'><strong><em>a</em></strong></span> <span class='ocrx_word' id='word_1_576' title='bbox 3014 3091 3264 3155; x_wconf 86' lang='lat' dir='ltr'><strong><em>mortuis</em></strong></span> <span class='ocrx_word' id='word_1_577' title='bbox 3319 3089 3659 3157; x_wconf 78' lang='lat' dir='ltr'><strong><em>suscitasse,</em></strong></span> 
     </span>
    </p>
   </div>
   <div class='ocr_carea' id='block_1_88' title="bbox 1922 3164 3663 3265">
    <p class='ocr_par' dir='ltr' id='par_1_88' title="bbox 1922 3164 3663 3265">
     <span class='ocr_line' id='line_1_89' title="bbox 1922 3164 3663 3265; baseline -0.007 -16"><span class='ocrx_word' id='word_1_578' title='bbox 1922 3164 1965 3231; x_wconf 63' lang='grc' dir='ltr'>α</span> <span class='ocrx_word' id='word_1_579' title='bbox 1997 3207 2191 3265; x_wconf 91' lang='lat' dir='ltr'><strong><em>neque</em></strong></span> <span class='ocrx_word' id='word_1_580' title='bbox 2206 3191 2380 3246; x_wconf 90' lang='lat' dir='ltr'><strong><em>etiam</em></strong></span> <span class='ocrx_word' id='word_1_581' title='bbox 2398 3164 3168 3258; x_wconf 49' lang='lat' dir='ltr'><strong><em>audissent,—opinabantur</em></strong></span> <span class='ocrx_word' id='word_1_582' title='bbox 3198 3185 3253 3237; x_wconf 90' lang='lat' dir='ltr'><strong><em>et</em></strong></span> <span class='ocrx_word' id='word_1_583' title='bbox 3277 3179 3394 3236; x_wconf 91' lang='lat' dir='ltr'><strong><em>hoc</em></strong></span> <span class='ocrx_word' id='word_1_584' title='bbox 3409 3177 3663 3252; x_wconf 83' lang='lat' dir='ltr'><strong><em>parabo-</em></strong></span> 
     </span>
    </p>
   </div>
   <div class='ocr_carea' id='block_1_89' title="bbox 1994 3269 3374 3349">
    <p class='ocr_par' dir='ltr' id='par_1_89' title="bbox 1994 3269 3374 3349">
     <span class='ocr_line' id='line_1_90' title="bbox 1994 3269 3374 3349; baseline -0.009 -11"><span class='ocrx_word' id='word_1_585' title='bbox 1994 3282 2113 3338; x_wconf 87' lang='lat' dir='ltr'><strong><em>lam</em></strong></span> <span class='ocrx_word' id='word_1_586' title='bbox 2142 3295 2289 3344; x_wconf 84' lang='lat' dir='ltr'><strong><em>esse,</em></strong></span> <span class='ocrx_word' id='word_1_587' title='bbox 2319 3284 2376 3336; x_wconf 86' lang='lat' dir='ltr'><strong><em>et</em></strong></span> <span class='ocrx_word' id='word_1_588' title='bbox 2402 3276 2799 3349; x_wconf 85' lang='lat' dir='ltr'><strong><em>disputabant</em></strong></span> <span class='ocrx_word' id='word_1_589' title='bbox 2821 3273 2965 3347; x_wconf 91' lang='lat' dir='ltr'><strong><em>quid</em></strong></span> <span class='ocrx_word' id='word_1_590' title='bbox 2994 3269 3374 3342; x_wconf 81' lang='lat' dir='ltr'><strong><em>signiﬁcaret.</em></strong></span> 
     </span>
    </p>
   </div>
   <div class='ocr_carea' id='block_1_90' title="bbox 2069 3359 3659 3427">
    <p class='ocr_par' dir='ltr' id='par_1_90' title="bbox 2069 3359 3659 3427">
     <span class='ocr_line' id='line_1_91' title="bbox 2069 3359 3659 3427; baseline -0.004 -2"><span class='ocrx_word' id='word_1_591' title='bbox 2069 3371 2302 3427; x_wconf 86' lang='lat' dir='ltr'><strong><em>Dictum</em></strong></span> <span class='ocrx_word' id='word_1_592' title='bbox 2328 3372 2416 3426; x_wconf 89' lang='lat' dir='ltr'><strong><em>est</em></strong></span> <span class='ocrx_word' id='word_1_593' title='bbox 2435 3372 2637 3425; x_wconf 90' lang='lat' dir='ltr'><strong><em>autem</em></strong></span> <span class='ocrx_word' id='word_1_594' title='bbox 2682 3365 2758 3421; x_wconf 89' lang='lat' dir='ltr'><strong><em>de</em></strong></span> <span class='ocrx_word' id='word_1_595' title='bbox 2787 3363 2904 3420; x_wconf 92' lang='lat' dir='ltr'><strong><em>hoc</em></strong></span> <span class='ocrx_word' id='word_1_596' title='bbox 2935 3362 3115 3419; x_wconf 89' lang='lat' dir='ltr'><strong><em>etiam</em></strong></span> <span class='ocrx_word' id='word_1_597' title='bbox 3146 3360 3208 3416; x_wconf 93' lang='lat' dir='ltr'><strong><em>in</em></strong></span> <span class='ocrx_word' id='word_1_598' title='bbox 3236 3359 3358 3416; x_wconf 88' lang='lat' dir='ltr'><strong><em>ﬁne</em></strong></span> <span class='ocrx_word' id='word_1_599' title='bbox 3419 3371 3659 3419; x_wconf 79' lang='lat' dir='ltr'><strong><em>enarra-</em></strong></span> 
     </span>
    </p>
   </div>
   <div class='ocr_carea' id='block_1_91' title="bbox 1993 3446 3658 3529">
    <p class='ocr_par' dir='ltr' id='par_1_91' title="bbox 1993 3446 3658 3529">
     <span class='ocr_line' id='line_1_92' title="bbox 1993 3446 3658 3529; baseline -0.007 -11"><span class='ocrx_word' id='word_1_600' title='bbox 1993 3460 2169 3518; x_wconf 85' lang='lat' dir='ltr'><strong><em>tionis</em></strong></span> <span class='ocrx_word' id='word_1_601' title='bbox 2195 3456 2475 3515; x_wconf 87' lang='lat' dir='ltr'><strong><em>tricesimi</em></strong></span> <span class='ocrx_word' id='word_1_602' title='bbox 2503 3454 2696 3529; x_wconf 85' lang='lat' dir='ltr'><strong><em>quinti</em></strong></span> <span class='ocrx_word' id='word_1_603' title='bbox 2729 3452 2946 3527; x_wconf 83' lang='lat' dir='ltr'><strong><em>capitis</em></strong></span> <span class='ocrx_word' id='word_1_604' title='bbox 2992 3448 3294 3522; x_wconf 81' lang='lat' dir='ltr'><strong><em>Evangelii</em></strong></span> <span class='ocrx_word' id='word_1_605' title='bbox 3329 3446 3658 3507; x_wconf 83' lang='lat' dir='ltr'><strong><em>secundum</em></strong></span> 
     </span>
    </p>
   </div>
   <div class='ocr_carea' id='block_1_92' title="bbox 1996 3549 2354 3606">
    <p class='ocr_par' dir='ltr' id='par_1_92' title="bbox 1996 3549 2354 3606">
     <span class='ocr_line' id='line_1_93' title="bbox 1996 3549 2354 3606; baseline -0.003 -3"><span class='ocrx_word' id='word_1_606' title='bbox 1996 3549 2354 3606; x_wconf 77' lang='lat' dir='ltr'><strong><em>Matthteum.</em></strong></span> 
     </span>
    </p>
   </div>
   <div class='ocr_carea' id='block_1_93' title="bbox 2066 3626 3656 3705">
    <p class='ocr_par' dir='ltr' id='par_1_93' title="bbox 2066 3626 3656 3705">
     <span class='ocr_line' id='line_1_94' title="bbox 2066 3626 3656 3705; baseline -0.007 -12"><span class='ocrx_word' id='word_1_607' title='bbox 2066 3640 2226 3695; x_wconf 88' lang='lat' dir='ltr'><strong><em>Vers.</em></strong></span> <span class='ocrx_word' id='word_1_608' title='bbox 2258 3638 2348 3693; x_wconf 79' lang='lat' dir='ltr'><strong><em>tt.</em></strong></span> <span class='ocrx_word' id='word_1_609' title='bbox 2374 3635 2450 3691; x_wconf 91' lang='lat' dir='ltr'><strong><em>Et</em></strong></span> <span class='ocrx_word' id='word_1_610' title='bbox 2476 3631 2921 3705; x_wconf 80' lang='lat' dir='ltr'><strong><em>interrogabant</em></strong></span> <span class='ocrx_word' id='word_1_611' title='bbox 2974 3660 3042 3672; x_wconf 95' lang='lat'><strong>—</strong></span> <span class='ocrx_word' id='word_1_612' title='bbox 3107 3630 3267 3685; x_wconf 86' lang='lat' dir='ltr'><strong><em>Vers.</em></strong></span> <span class='ocrx_word' id='word_1_613' title='bbox 3311 3628 3395 3684; x_wconf 80' lang='grc'><strong>12.</strong></span> <span class='ocrx_word' id='word_1_614' title='bbox 3444 3626 3656 3691; x_wconf 81' lang='lat' dir='ltr'><strong><em>omnia.</em></strong></span> 
     </span>
    </p>
   </div>
   <div class='ocr_carea' id='block_1_94' title="bbox 1994 3716 3660 3793">
    <p class='ocr_par' dir='ltr' id='par_1_94' title="bbox 1994 3716 3660 3793">
     <span class='ocr_line' id='line_1_95' title="bbox 1994 3716 3660 3793; baseline -0.006 -8"><span class='ocrx_word' id='word_1_615' title='bbox 1994 3728 2225 3785; x_wconf 90' lang='lat' dir='ltr'><strong><em>Dictum</em></strong></span> <span class='ocrx_word' id='word_1_616' title='bbox 2280 3730 2365 3784; x_wconf 91' lang='lat' dir='ltr'><strong><em>est</em></strong></span> <span class='ocrx_word' id='word_1_617' title='bbox 2389 3730 2589 3782; x_wconf 89' lang='lat' dir='ltr'><strong><em>autem</em></strong></span> <span class='ocrx_word' id='word_1_618' title='bbox 2616 3728 2673 3780; x_wconf 90' lang='lat' dir='ltr'><strong><em>et</em></strong></span> <span class='ocrx_word' id='word_1_619' title='bbox 2729 3722 2803 3777; x_wconf 92' lang='lat' dir='ltr'><strong><em>de</em></strong></span> <span class='ocrx_word' id='word_1_620' title='bbox 2840 3721 2935 3779; x_wconf 91' lang='lat' dir='ltr'><strong><em>his</em></strong></span> <span class='ocrx_word' id='word_1_621' title='bbox 2994 3718 3283 3793; x_wconf 68' lang='lat' dir='ltr'><strong><em>prasdicto</em></strong></span> <span class='ocrx_word' id='word_1_622' title='bbox 3326 3716 3660 3776; x_wconf 86' lang='lat' dir='ltr'><strong><em>tricessimo</em></strong></span> 
     </span>
    </p>
   </div>
   <div class='ocr_carea' id='block_1_95' title="bbox 1992 3811 3006 3892">
    <p class='ocr_par' dir='ltr' id='par_1_95' title="bbox 1992 3811 3006 3892">
     <span class='ocr_line' id='line_1_96' title="bbox 1992 3811 3006 3892; baseline -0.008 -17"><span class='ocrx_word' id='word_1_623' title='bbox 1992 3825 2208 3892; x_wconf 87' lang='lat' dir='ltr'><strong><em>quarto</em></strong></span> <span class='ocrx_word' id='word_1_624' title='bbox 2234 3818 2406 3889; x_wconf 79' lang='lat' dir='ltr'><strong><em>juxta</em></strong></span> <span class='ocrx_word' id='word_1_625' title='bbox 2428 3814 2768 3873; x_wconf 70' lang='lat' dir='ltr'><strong><em>Mattheaum</em></strong></span> <span class='ocrx_word' id='word_1_626' title='bbox 2795 3811 3006 3884; x_wconf 89' lang='lat' dir='ltr'><strong><em>capite.</em></strong></span> 
     </span>
    </p>
   </div>
   <div class='ocr_carea' id='block_1_96' title="bbox 2062 3894 3659 3977">
    <p class='ocr_par' dir='ltr' id='par_1_96' title="bbox 2062 3894 3659 3977">
     <span class='ocr_line' id='line_1_97' title="bbox 2062 3894 3659 3977; baseline -0.006 -15"><span class='ocrx_word' id='word_1_627' title='bbox 2062 3908 2222 3965; x_wconf 86' lang='lat' dir='ltr'><strong><em>Vers.</em></strong></span> <span class='ocrx_word' id='word_1_628' title='bbox 2256 3908 2343 3963; x_wconf 80' lang='grc'><strong>12.</strong></span> <span class='ocrx_word' id='word_1_629' title='bbox 2367 3905 2443 3960; x_wconf 88' lang='lat' dir='ltr'><strong><em>Et</em></strong></span> <span class='ocrx_word' id='word_1_630' title='bbox 2473 3903 2748 3977; x_wconf 86' lang='lat' dir='ltr'><strong><em>quomodo</em></strong></span> <span class='ocrx_word' id='word_1_631' title='bbox 2772 3932 2841 3945; x_wconf 90' lang='lat'><strong>—</strong></span> <span class='ocrx_word' id='word_1_632' title='bbox 2878 3902 3308 3958; x_wconf 82' lang='lat' dir='ltr'><strong><em>contemnatur.</em></strong></span> <span class='ocrx_word' id='word_1_633' title='bbox 3363 3899 3485 3955; x_wconf 86' lang='lat' dir='ltr'><strong><em>Hoc</em></strong></span> <span class='ocrx_word' id='word_1_634' title='bbox 3511 3894 3659 3965; x_wconf 76' lang='lat' dir='ltr'><strong><em>dixit</em></strong></span> 
     </span>
    </p>
   </div>
   <div class='ocr_carea' id='block_1_97' title="bbox 1989 3984 3659 4068">
    <p class='ocr_par' dir='ltr' id='par_1_97' title="bbox 1989 3984 3659 4068">
     <span class='ocr_line' id='line_1_98' title="bbox 1989 3984 3659 4068; baseline -0.008 -13"><span class='ocrx_word' id='word_1_635' title='bbox 1989 3995 2314 4068; x_wconf 88' lang='lat' dir='ltr'><strong><em>conjiciens</em></strong></span> <span class='ocrx_word' id='word_1_636' title='bbox 2342 3995 2403 4050; x_wconf 91' lang='lat' dir='ltr'><strong><em>in</em></strong></span> <span class='ocrx_word' id='word_1_637' title='bbox 2428 3990 2863 4050; x_wconf 81' lang='lat' dir='ltr'><strong><em>dubitationem</em></strong></span> <span class='ocrx_word' id='word_1_638' title='bbox 2885 3986 3294 4062; x_wconf 85' lang='lat' dir='ltr'><strong><em>responsionis</em></strong></span> <span class='ocrx_word' id='word_1_639' title='bbox 3317 3987 3487 4059; x_wconf 89' lang='lat' dir='ltr'><strong><em>ipsos</em></strong></span> <span class='ocrx_word' id='word_1_640' title='bbox 3508 3984 3659 4042; x_wconf 83' lang='lat' dir='ltr'><strong><em>Scri-</em></strong></span> 
     </span>
    </p>
   </div>
   <div class='ocr_carea' id='block_1_98' title="bbox 1991 4074 3659 4151">
    <p class='ocr_par' dir='ltr' id='par_1_98' title="bbox 1991 4074 3659 4151">
     <span class='ocr_line' id='line_1_99' title="bbox 1991 4074 3659 4151; baseline -0.005 -10"><span class='ocrx_word' id='word_1_641' title='bbox 1991 4085 2115 4141; x_wconf 88' lang='lat' dir='ltr'><strong><em>bas.</em></strong></span> <span class='ocrx_word' id='word_1_642' title='bbox 2151 4085 2209 4141; x_wconf 91' lang='lat' dir='ltr'><strong><em>Si</em></strong></span> <span class='ocrx_word' id='word_1_643' title='bbox 2238 4084 2401 4140; x_wconf 89' lang='lat' dir='ltr'><strong><em>enim</em></strong></span> <span class='ocrx_word' id='word_1_644' title='bbox 2439 4081 2767 4139; x_wconf 89' lang='lat' dir='ltr'><strong><em>secundum</em></strong></span> <span class='ocrx_word' id='word_1_645' title='bbox 2791 4080 2955 4151; x_wconf 89' lang='lat' dir='ltr'><strong><em>ipsos</em></strong></span> <span class='ocrx_word' id='word_1_646' title='bbox 2997 4094 3137 4134; x_wconf 89' lang='lat' dir='ltr'><strong><em>cum</em></strong></span> <span class='ocrx_word' id='word_1_647' title='bbox 3179 4074 3443 4133; x_wconf 85' lang='lat' dir='ltr'><strong><em>nondum</em></strong></span> <span class='ocrx_word' id='word_1_648' title='bbox 3480 4088 3659 4133; x_wconf 67' lang='lat' dir='ltr'><strong><em>vene-</em></strong></span> 
     </span>
    </p>
   </div>
   <div class='ocr_carea' id='block_1_99' title="bbox 1990 4165 3655 4238">
    <p class='ocr_par' dir='ltr' id='par_1_99' title="bbox 1990 4165 3655 4238">
     <span class='ocr_line' id='line_1_100' title="bbox 1990 4165 3655 4238; baseline -0.007 -7"><span class='ocrx_word' id='word_1_649' title='bbox 1990 4175 2065 4231; x_wconf 91' lang='lat' dir='ltr'><strong><em>rit</em></strong></span> <span class='ocrx_word' id='word_1_650' title='bbox 2094 4174 2265 4238; x_wconf 88' lang='lat' dir='ltr'><strong><em>Elias,</em></strong></span> <span class='ocrx_word' id='word_1_651' title='bbox 2298 4172 2571 4228; x_wconf 91' lang='lat' dir='ltr'><strong><em>nondum</em></strong></span> <span class='ocrx_word' id='word_1_652' title='bbox 2602 4169 2759 4227; x_wconf 86' lang='lat' dir='ltr'><strong><em>venit</em></strong></span> <span class='ocrx_word' id='word_1_653' title='bbox 2788 4166 3076 4224; x_wconf 87' lang='lat' dir='ltr'><strong><em>Christus.</em></strong></span> <span class='ocrx_word' id='word_1_654' title='bbox 3110 4165 3265 4223; x_wconf 88' lang='lat' dir='ltr'><strong><em>Elias</em></strong></span> <span class='ocrx_word' id='word_1_655' title='bbox 3280 4169 3482 4223; x_wconf 82' lang='lat' dir='ltr'><strong><em>autem</em></strong></span> <span class='ocrx_word' id='word_1_656' title='bbox 3513 4180 3655 4231; x_wconf 81' lang='lat' dir='ltr'><strong><em>cum</em></strong></span> 
     </span>
    </p>
   </div>
   <div class='ocr_carea' id='block_1_100' title="bbox 1991 4253 3655 4337">
    <p class='ocr_par' dir='ltr' id='par_1_100' title="bbox 1991 4253 3655 4337">
     <span class='ocr_line' id='line_1_101' title="bbox 1991 4253 3655 4337; baseline -0.007 -17"><span class='ocrx_word' id='word_1_657' title='bbox 1991 4264 2154 4337; x_wconf 89' lang='lat' dir='ltr'><strong><em>prius</em></strong></span> <span class='ocrx_word' id='word_1_658' title='bbox 2167 4261 2412 4325; x_wconf 90' lang='lat' dir='ltr'><strong><em>venerit,</em></strong></span> <span class='ocrx_word' id='word_1_659' title='bbox 2437 4260 2698 4317; x_wconf 86' lang='lat' dir='ltr'><strong><em>restituet</em></strong></span> <span class='ocrx_word' id='word_1_660' title='bbox 2720 4257 2948 4321; x_wconf 89' lang='lat' dir='ltr'><strong><em>omnia,</em></strong></span> <span class='ocrx_word' id='word_1_661' title='bbox 2979 4256 3094 4312; x_wconf 93' lang='lat' dir='ltr'><strong><em>hoc</em></strong></span> <span class='ocrx_word' id='word_1_662' title='bbox 3116 4257 3222 4322; x_wconf 91' lang='lat' dir='ltr'><strong><em>est,</em></strong></span> <span class='ocrx_word' id='word_1_663' title='bbox 3254 4253 3420 4310; x_wconf 90' lang='lat' dir='ltr'><strong><em>uniet</em></strong></span> <span class='ocrx_word' id='word_1_664' title='bbox 3440 4257 3498 4310; x_wconf 91' lang='lat' dir='ltr'><strong><em>et</em></strong></span> <span class='ocrx_word' id='word_1_665' title='bbox 3512 4268 3655 4310; x_wconf 73' lang='lat' dir='ltr'><strong><em>con—</em></strong></span> 
     </span>
    </p>
   </div>
   <div class='ocr_carea' id='block_1_101' title="bbox 1991 4341 3654 4416">
    <p class='ocr_par' dir='ltr' id='par_1_101' title="bbox 1991 4341 3654 4416">
     <span class='ocr_line' id='line_1_102' title="bbox 1991 4341 3654 4416; baseline -0.006 -7"><span class='ocrx_word' id='word_1_666' title='bbox 1991 4357 2177 4411; x_wconf 90' lang='lat' dir='ltr'><strong><em>vertet</em></strong></span> <span class='ocrx_word' id='word_1_667' title='bbox 2216 4365 2466 4409; x_wconf 89' lang='lat' dir='ltr'><strong><em>omnem</em></strong></span> <span class='ocrx_word' id='word_1_668' title='bbox 2515 4348 2789 4404; x_wconf 81' lang='lat' dir='ltr'><strong><em>Judaeum</em></strong></span> <span class='ocrx_word' id='word_1_669' title='bbox 2814 4347 2894 4403; x_wconf 91' lang='lat' dir='ltr'><strong><em>ad</em></strong></span> <span class='ocrx_word' id='word_1_670' title='bbox 2960 4341 3654 4416; x_wconf 60' lang='lat' dir='ltr'><strong><em>Christumtquomodo</em></strong></span> 
     </span>
    </p>
   </div>
   <div class='ocr_carea' id='block_1_102' title="bbox 1993 4431 3656 4513">
    <p class='ocr_par' dir='ltr' id='par_1_102' title="bbox 1993 4431 3656 4513">
     <span class='ocr_line' id='line_1_103' title="bbox 1993 4431 3656 4513; baseline -0.006 -15"><span class='ocrx_word' id='word_1_671' title='bbox 1993 4442 2282 4513; x_wconf 91' lang='lat' dir='ltr'><strong><em>scriptum</em></strong></span> <span class='ocrx_word' id='word_1_672' title='bbox 2304 4443 2393 4496; x_wconf 89' lang='lat' dir='ltr'><strong><em>est</em></strong></span> <span class='ocrx_word' id='word_1_673' title='bbox 2417 4439 2493 4494; x_wconf 91' lang='lat' dir='ltr'><strong><em>de</em></strong></span> <span class='ocrx_word' id='word_1_674' title='bbox 2518 4437 2663 4493; x_wconf 91' lang='lat' dir='ltr'><strong><em>Filio</em></strong></span> <span class='ocrx_word' id='word_1_675' title='bbox 2694 4435 2971 4503; x_wconf 90' lang='lat' dir='ltr'><strong><em>hominis,</em></strong></span> <span class='ocrx_word' id='word_1_676' title='bbox 3000 4434 3119 4490; x_wconf 88' lang='lat' dir='ltr'><strong><em>sive</em></strong></span> <span class='ocrx_word' id='word_1_677' title='bbox 3149 4432 3225 4490; x_wconf 90' lang='lat' dir='ltr'><strong><em>de</em></strong></span> <span class='ocrx_word' id='word_1_678' title='bbox 3251 4431 3501 4500; x_wconf 89' lang='lat' dir='ltr'><strong><em>Christo,</em></strong></span> <span class='ocrx_word' id='word_1_679' title='bbox 3531 4434 3598 4489; x_wconf 90' lang='lat' dir='ltr'><strong><em>ut</em></strong></span> <span class='ocrx_word' id='word_1_680' title='bbox 3615 4446 3656 4504; x_wconf 74' lang='lat' dir='ltr'><strong><em>a</em></strong></span> 
     </span>
    </p>
   </div>
   <div class='ocr_carea' id='block_1_103' title="bbox 1915 4521 3655 4601">
    <p class='ocr_par' dir='ltr' id='par_1_103' title="bbox 1915 4521 3655 4601">
     <span class='ocr_line' id='line_1_104' title="bbox 1915 4521 3655 4601; baseline -0.006 -11"><span class='ocrx_word' id='word_1_681' title='bbox 1915 4521 1962 4591; x_wconf 80' lang='grc' dir='ltr'><strong><em>Ι)</em></strong></span> <span class='ocrx_word' id='word_1_682' title='bbox 1990 4530 2211 4589; x_wconf 66' lang='lat' dir='ltr'><strong><em>Iudaeis</em></strong></span> <span class='ocrx_word' id='word_1_683' title='bbox 2240 4528 2419 4585; x_wconf 88' lang='lat' dir='ltr'><strong><em>multa</em></strong></span> <span class='ocrx_word' id='word_1_684' title='bbox 2449 4527 2709 4601; x_wconf 86' lang='lat' dir='ltr'><strong><em>patiatur</em></strong></span> <span class='ocrx_word' id='word_1_685' title='bbox 2739 4527 2767 4583; x_wconf 85' lang='lat'><strong>?</strong></span> <span class='ocrx_word' id='word_1_686' title='bbox 2806 4526 2856 4582; x_wconf 90' lang='lat' dir='ltr'><strong><em>si</em></strong></span> <span class='ocrx_word' id='word_1_687' title='bbox 2886 4524 3047 4580; x_wconf 88' lang='lat' dir='ltr'><strong><em>enim</em></strong></span> <span class='ocrx_word' id='word_1_688' title='bbox 3070 4522 3150 4581; x_wconf 90' lang='lat' dir='ltr'><strong><em>ad</em></strong></span> <span class='ocrx_word' id='word_1_689' title='bbox 3178 4523 3376 4596; x_wconf 89' lang='lat' dir='ltr'><strong><em>ipsum</em></strong></span> <span class='ocrx_word' id='word_1_690' title='bbox 3405 4536 3655 4581; x_wconf 84' lang='lat' dir='ltr'><strong><em>conver-</em></strong></span> 
     </span>
    </p>
   </div>
   <div class='ocr_carea' id='block_1_104' title="bbox 1991 4612 3655 4691">
    <p class='ocr_par' dir='ltr' id='par_1_104' title="bbox 1991 4612 3655 4691">
     <span class='ocr_line' id='line_1_105' title="bbox 1991 4612 3655 4691; baseline -0.006 -12"><span class='ocrx_word' id='word_1_691' title='bbox 1991 4622 2153 4679; x_wconf 90' lang='lat' dir='ltr'><strong><em>tendi</em></strong></span> <span class='ocrx_word' id='word_1_692' title='bbox 2196 4623 2352 4685; x_wconf 86' lang='lat' dir='ltr'><strong><em>sunt,</em></strong></span> <span class='ocrx_word' id='word_1_693' title='bbox 2410 4617 2721 4691; x_wconf 89' lang='lat' dir='ltr'><strong><em>quomodo</em></strong></span> <span class='ocrx_word' id='word_1_694' title='bbox 2765 4614 2844 4672; x_wconf 90' lang='lat' dir='ltr'><strong><em>ab</em></strong></span> <span class='ocrx_word' id='word_1_695' title='bbox 2894 4615 3037 4687; x_wconf 89' lang='lat' dir='ltr'><strong><em>ipsis</em></strong></span> <span class='ocrx_word' id='word_1_696' title='bbox 3087 4612 3399 4687; x_wconf 82' lang='lat' dir='ltr'><strong><em>patietur?</em></strong></span> <span class='ocrx_word' id='word_1_697' title='bbox 3446 4612 3655 4687; x_wconf 82' lang='lat' dir='ltr'><strong><em>Itaque</em></strong></span> 
     </span>
    </p>
   </div>
   <div class='ocr_carea' id='block_1_105' title="bbox 1992 4701 3655 4769">
    <p class='ocr_par' dir='ltr' id='par_1_105' title="bbox 1992 4701 3655 4769">
     <span class='ocr_line' id='line_1_106' title="bbox 1992 4701 3655 4769; baseline -0.006 0"><span class='ocrx_word' id='word_1_698' title='bbox 1992 4713 2148 4769; x_wconf 88' lang='lat' dir='ltr'><strong><em>Elias</em></strong></span> <span class='ocrx_word' id='word_1_699' title='bbox 2171 4708 2476 4767; x_wconf 87' lang='lat' dir='ltr'><strong><em>Thesbites</em></strong></span> <span class='ocrx_word' id='word_1_700' title='bbox 2530 4710 2665 4765; x_wconf 82' lang='lat' dir='ltr'><strong><em>ante</em></strong></span> <span class='ocrx_word' id='word_1_701' title='bbox 2690 4704 3021 4763; x_wconf 89' lang='lat' dir='ltr'><strong><em>secundum</em></strong></span> <span class='ocrx_word' id='word_1_702' title='bbox 3069 4701 3279 4761; x_wconf 82' lang='lat' dir='ltr'><strong><em>Christi</em></strong></span> <span class='ocrx_word' id='word_1_703' title='bbox 3324 4701 3655 4760; x_wconf 84' lang='lat' dir='ltr'><strong><em>adventum</em></strong></span> 
     </span>
    </p>
   </div>
   <div class='ocr_carea' id='block_1_106' title="bbox 1994 4790 3655 4870">
    <p class='ocr_par' dir='ltr' id='par_1_106' title="bbox 1994 4790 3655 4870">
     <span class='ocr_line' id='line_1_107' title="bbox 1994 4790 3655 4870; baseline -0.004 -14"><span class='ocrx_word' id='word_1_704' title='bbox 1994 4808 2280 4858; x_wconf 87' lang='lat' dir='ltr'><strong><em>venturus</em></strong></span> <span class='ocrx_word' id='word_1_705' title='bbox 2336 4802 2442 4864; x_wconf 88' lang='lat' dir='ltr'><strong><em>est,</em></strong></span> <span class='ocrx_word' id='word_1_706' title='bbox 2492 4795 2739 4870; x_wconf 90' lang='lat' dir='ltr'><strong><em>quando</em></strong></span> <span class='ocrx_word' id='word_1_707' title='bbox 2806 4795 2863 4850; x_wconf 91' lang='lat' dir='ltr'><strong><em>hi</em></strong></span> <span class='ocrx_word' id='word_1_708' title='bbox 2892 4794 2996 4867; x_wconf 90' lang='lat' dir='ltr'><strong><em>qui</em></strong></span> <span class='ocrx_word' id='word_1_709' title='bbox 3059 4798 3202 4850; x_wconf 83' lang='lat' dir='ltr'><strong><em>tunc</em></strong></span> <span class='ocrx_word' id='word_1_710' title='bbox 3238 4797 3415 4850; x_wconf 86' lang='lat' dir='ltr'><strong><em>erunt</em></strong></span> <span class='ocrx_word' id='word_1_711' title='bbox 3463 4790 3655 4849; x_wconf 66' lang='lat' dir='ltr'><strong><em>Judaei</em></strong></span> 
     </span>
    </p>
   </div>
   <div class='ocr_carea' id='block_1_107' title="bbox 1995 4879 3654 4957">
    <p class='ocr_par' dir='ltr' id='par_1_107' title="bbox 1995 4879 3654 4957">
     <span class='ocr_line' id='line_1_108' title="bbox 1995 4879 3654 4957; baseline -0.007 -9"><span class='ocrx_word' id='word_1_712' title='bbox 1995 4892 2416 4948; x_wconf 86' lang='lat' dir='ltr'><strong><em>convertentur</em></strong></span> <span class='ocrx_word' id='word_1_713' title='bbox 2453 4886 2531 4943; x_wconf 89' lang='lat' dir='ltr'><strong><em>ad</em></strong></span> <span class='ocrx_word' id='word_1_714' title='bbox 2561 4885 2784 4957; x_wconf 91' lang='lat' dir='ltr'><strong><em>ipsum.</em></strong></span> <span class='ocrx_word' id='word_1_715' title='bbox 2808 4886 2978 4940; x_wconf 84' lang='lat' dir='ltr'><strong><em>Nunc</em></strong></span> <span class='ocrx_word' id='word_1_716' title='bbox 3007 4888 3208 4940; x_wconf 87' lang='lat' dir='ltr'><strong><em>autem</em></strong></span> <span class='ocrx_word' id='word_1_717' title='bbox 3232 4883 3468 4954; x_wconf 87' lang='lat' dir='ltr'><strong><em>primus</em></strong></span> <span class='ocrx_word' id='word_1_718' title='bbox 3494 4879 3654 4937; x_wconf 84' lang='lat' dir='ltr'><strong><em>Chri-</em></strong></span> 
     </span>
    </p>
   </div>
   <div class='ocr_carea' id='block_1_108' title="bbox 1995 4971 3653 5043">
    <p class='ocr_par' dir='ltr' id='par_1_108' title="bbox 1995 4971 3653 5043">
     <span class='ocr_line' id='line_1_109' title="bbox 1995 4971 3653 5043; baseline -0.007 -6"><span class='ocrx_word' id='word_1_719' title='bbox 1995 4980 2067 5037; x_wconf 88' lang='lat' dir='ltr'><strong><em>sti</em></strong></span> <span class='ocrx_word' id='word_1_720' title='bbox 2106 4978 2397 5036; x_wconf 88' lang='lat' dir='ltr'><strong><em>adventus</em></strong></span> <span class='ocrx_word' id='word_1_721' title='bbox 2422 4980 2528 5041; x_wconf 88' lang='lat' dir='ltr'><strong><em>est,</em></strong></span> <span class='ocrx_word' id='word_1_722' title='bbox 2562 4990 2702 5031; x_wconf 88' lang='lat' dir='ltr'><strong><em>cum</em></strong></span> <span class='ocrx_word' id='word_1_723' title='bbox 2749 4990 2786 5030; x_wconf 90' lang='lat' dir='ltr'><strong><em>a</em></strong></span> <span class='ocrx_word' id='word_1_724' title='bbox 2809 4971 3035 5029; x_wconf 67' lang='lat' dir='ltr'><strong><em>Judaais</em></strong></span> <span class='ocrx_word' id='word_1_725' title='bbox 3058 4971 3241 5029; x_wconf 88' lang='lat' dir='ltr'><strong><em>multa</em></strong></span> <span class='ocrx_word' id='word_1_726' title='bbox 3274 4971 3513 5043; x_wconf 87' lang='lat' dir='ltr'><strong><em>patitur,</em></strong></span> <span class='ocrx_word' id='word_1_727' title='bbox 3547 4984 3653 5026; x_wconf 85' lang='lat' dir='ltr'><strong><em>cu-</em></strong></span> 
     </span>
    </p>
   </div>
   <div class='ocr_carea' id='block_1_109' title="bbox 1990 5061 3400 5143">
    <p class='ocr_par' dir='ltr' id='par_1_109' title="bbox 1990 5061 3400 5143">
     <span class='ocr_line' id='line_1_110' title="bbox 1990 5061 3400 5143; baseline -0.008 -16"><span class='ocrx_word' id='word_1_728' title='bbox 1990 5074 2089 5143; x_wconf 90' lang='lat' dir='ltr'><strong><em>jus</em></strong></span> <span class='ocrx_word' id='word_1_729' title='bbox 2120 5070 2452 5126; x_wconf 65' lang='lat' dir='ltr'><strong><em>Praacursor</em></strong></span> <span class='ocrx_word' id='word_1_730' title='bbox 2479 5080 2600 5122; x_wconf 93' lang='lat' dir='ltr'><strong><em>non</em></strong></span> <span class='ocrx_word' id='word_1_731' title='bbox 2624 5062 2829 5121; x_wconf 88' lang='lat' dir='ltr'><strong><em>Thesbi</em></strong></span> <span class='ocrx_word' id='word_1_732' title='bbox 2842 5068 2945 5131; x_wconf 87' lang='lat' dir='ltr'><strong><em>tes,</em></strong></span> <span class='ocrx_word' id='word_1_733' title='bbox 2987 5061 3094 5119; x_wconf 91' lang='lat' dir='ltr'><strong><em>sed</em></strong></span> <span class='ocrx_word' id='word_1_734' title='bbox 3118 5062 3400 5121; x_wconf 83' lang='lat' dir='ltr'><strong><em>Joannes.</em></strong></span> 
     </span>
    </p>
   </div>
   <div class='ocr_carea' id='block_1_110' title="bbox 2067 5272 3656 5359">
    <p class='ocr_par' dir='ltr' id='par_1_110' title="bbox 2067 5272 3656 5359">
     <span class='ocr_line' id='line_1_111' title="bbox 2067 5272 3656 5359; baseline -0.003 -19"><span class='ocrx_word' id='word_1_735' title='bbox 2067 5287 2227 5340; x_wconf 88' lang='lat' dir='ltr'><strong><em>Vers.</em></strong></span> <span class='ocrx_word' id='word_1_736' title='bbox 2259 5286 2341 5339; x_wconf 82' lang='lat' dir='ltr'><strong><em>t3.</em></strong></span> <span class='ocrx_word' id='word_1_737' title='bbox 2383 5280 2497 5338; x_wconf 82' lang='lat' dir='ltr'><strong><em>Sed</em></strong></span> <span class='ocrx_word' id='word_1_738' title='bbox 2520 5280 2649 5336; x_wconf 85' lang='lat' dir='ltr'><strong><em>dico</em></strong></span> <span class='ocrx_word' id='word_1_739' title='bbox 2670 5309 2738 5319; x_wconf 98' lang='lat'><strong>—</strong></span> <span class='ocrx_word' id='word_1_740' title='bbox 2769 5277 3101 5335; x_wconf 87' lang='lat' dir='ltr'><strong><em>voluerunt.</em></strong></span> <span class='ocrx_word' id='word_1_741' title='bbox 3130 5276 3213 5332; x_wconf 91' lang='lat' dir='ltr'><strong><em>De</em></strong></span> <span class='ocrx_word' id='word_1_742' title='bbox 3240 5274 3357 5332; x_wconf 92' lang='lat' dir='ltr'><strong><em>hoc</em></strong></span> <span class='ocrx_word' id='word_1_743' title='bbox 3404 5272 3656 5359; x_wconf 82' lang='lat' dir='ltr'><strong><em>manife-</em></strong></span> 
     </span>
    </p>
   </div>
   <div class='ocr_carea' id='block_1_111' title="bbox 1996 5363 3657 5441">
    <p class='ocr_par' dir='ltr' id='par_1_111' title="bbox 1996 5363 3657 5441">
     <span class='ocr_line' id='line_1_112' title="bbox 1996 5363 3657 5441; baseline -0.004 -9"><span class='ocrx_word' id='word_1_744' title='bbox 1996 5376 2145 5432; x_wconf 90' lang='lat' dir='ltr'><strong><em>stius</em></strong></span> <span class='ocrx_word' id='word_1_745' title='bbox 2170 5373 2403 5429; x_wconf 90' lang='lat' dir='ltr'><strong><em>locutus</em></strong></span> <span class='ocrx_word' id='word_1_746' title='bbox 2435 5373 2525 5427; x_wconf 88' lang='lat' dir='ltr'><strong><em>est</em></strong></span> <span class='ocrx_word' id='word_1_747' title='bbox 2564 5368 2911 5426; x_wconf 77' lang='lat' dir='ltr'><strong><em>Matthteus:</em></strong></span> <span class='ocrx_word' id='word_1_748' title='bbox 2944 5380 3148 5441; x_wconf 60' lang='lat' dir='ltr'><strong><em>quare</em></strong></span> <span class='ocrx_word' id='word_1_749' title='bbox 3195 5379 3340 5439; x_wconf 82' lang='lat' dir='ltr'><strong><em>ergo</em></strong></span> <span class='ocrx_word' id='word_1_750' title='bbox 3367 5363 3657 5439; x_wconf 69' lang='grc' dir='ltr'><strong>ρι’ωάἰοιο</strong></span> 
     </span>
    </p>
   </div>
   <div class='ocr_carea' id='block_1_112' title="bbox 1997 5459 2766 5549">
    <p class='ocr_par' dir='ltr' id='par_1_112' title="bbox 1997 5459 2766 5549">
     <span class='ocr_line' id='line_1_113' title="bbox 1997 5459 2766 5549; baseline -0.009 -28"><span class='ocrx_word' id='word_1_751' title='bbox 1997 5464 2299 5533; x_wconf 84' lang='lat' dir='ltr'><strong><em>tricesimo</em></strong></span> <span class='ocrx_word' id='word_1_752' title='bbox 2321 5465 2536 5549; x_wconf 79' lang='lat' dir='ltr'><strong><em>quarto</em></strong></span> <span class='ocrx_word' id='word_1_753' title='bbox 2557 5459 2766 5531; x_wconf 87' lang='lat' dir='ltr'><strong><em>capite.</em></strong></span> 
     </span>
    </p>
   </div>
   <div class='ocr_carea' id='block_1_113' title="bbox 1513 5588 2424 5664">
    <p class='ocr_par' dir='ltr' id='par_1_113' title="bbox 1513 5588 2424 5664">
     <span class='ocr_line' id='line_1_114' title="bbox 1513 5588 2424 5664; baseline -0.003 -6"><span class='ocrx_word' id='word_1_754' title='bbox 1513 5588 1739 5658; x_wconf 65' lang='lat' dir='ltr'><strong><em>Varize</em></strong></span> <span class='ocrx_word' id='word_1_755' title='bbox 1767 5591 2099 5664; x_wconf 87' lang='lat' dir='ltr'><strong><em>lectiones</em></strong></span> <span class='ocrx_word' id='word_1_756' title='bbox 2125 5599 2192 5658; x_wconf 91' lang='lat' dir='ltr'><strong><em>et</em></strong></span> <span class='ocrx_word' id='word_1_757' title='bbox 2222 5597 2424 5657; x_wconf 73' lang='lat' dir='ltr'><strong><em>notae.</em></strong></span> 
     </span>
    </p>
   </div>
   <div class='ocr_carea' id='block_1_114' title="bbox 344 5726 1886 5836">
    <p class='ocr_par' dir='ltr' id='par_1_114' title="bbox 344 5726 1886 5823">
     <span class='ocr_line' id='line_1_115' title="bbox 344 5726 1886 5823; baseline 0.005 -36"><span class='ocrx_word' id='word_1_758' title='bbox 344 5730 461 5804; x_wconf 67' lang='lat' dir='ltr'><strong><em>(et)</em></strong></span> <span class='ocrx_word' id='word_1_759' title='bbox 490 5729 660 5789; x_wconf 73' lang='lat' dir='ltr'><strong><em>Forte</em></strong></span> <span class='ocrx_word' id='word_1_760' title='bbox 687 5728 980 5807; x_wconf 84' lang='lat' dir='ltr'><strong><em>interpres</em></strong></span> <span class='ocrx_word' id='word_1_761' title='bbox 1006 5726 1235 5801; x_wconf 82' lang='lat' dir='ltr'><strong><em>invenit</em></strong></span> <span class='ocrx_word' id='word_1_762' title='bbox 1259 5732 1580 5823; x_wconf 56' lang='grc' dir='ltr'><strong>ὁμολογῆσαι</strong></span> <span class='ocrx_word' id='word_1_763' title='bbox 1616 5730 1745 5813; x_wconf 81' lang='grc' dir='ltr'><strong>εἶναι</strong></span> <span class='ocrx_word' id='word_1_764' title='bbox 1784 5740 1886 5795; x_wconf 73' lang='lat' dir='ltr'><strong><em>ese</em></strong></span> 
     </span>
    </p>
   </div>
   <div class='ocr_carea' id='block_1_115' title="bbox 2019 5726 2789 5836">
    <p class='ocr_par' dir='ltr' id='par_1_115' title="bbox 2019 5727 2789 5835">
     <span class='ocr_line' id='line_1_116' title="bbox 2019 5727 2789 5835; baseline -0.013 -42"><span class='ocrx_word' id='word_1_765' title='bbox 2019 5734 2140 5835; x_wconf 75' lang='lat' dir='ltr'><strong><em>uod</em></strong></span> <span class='ocrx_word' id='word_1_766' title='bbox 2169 5748 2278 5792; x_wconf 88' lang='lat' dir='ltr'><strong><em>nec</em></strong></span> <span class='ocrx_word' id='word_1_767' title='bbox 2307 5730 2455 5803; x_wconf 80' lang='lat' dir='ltr'><strong><em>mihi</em></strong></span> <span class='ocrx_word' id='word_1_768' title='bbox 2484 5727 2789 5803; x_wconf 86' lang='lat' dir='ltr'><strong><em>displicet.</em></strong></span> 
     </span>
    </p>
   </div>
  </div>
