  <div class='ocr_page' id='page_1' title='image "/cluster/home/n/w/nwhite01/storage/ocr_20150623/129/coo.31924054870344/419.png"; bbox 0 0 4074 6382; ppageno 0'>
   <div class='ocr_carea' id='block_1_1' title="bbox 450 322 558 382">
    <p class='ocr_par' dir='ltr' id='par_1_1' title="bbox 450 322 558 382">
     <span class='ocr_line' id='line_1_1' title="bbox 450 322 558 382; baseline 0.009 -1"><span class='ocrx_word' id='word_1_1' title='bbox 450 322 558 382; x_wconf 82' lang='grc'>819</span> 
     </span>
    </p>
   </div>
   <div class='ocr_carea' id='block_1_2' title="bbox 1780 336 2509 401">
    <p class='ocr_par' dir='ltr' id='par_1_2' title="bbox 1780 336 2509 401">
     <span class='ocr_line' id='line_1_2' title="bbox 1780 336 2509 401; baseline 0.005 -4"><span class='ocrx_word' id='word_1_2' title='bbox 1780 336 2140 397; x_wconf 81' lang='lat' dir='ltr'>EUTHYMII</span> <span class='ocrx_word' id='word_1_3' title='bbox 2179 340 2509 401; x_wconf 86' lang='lat' dir='ltr'>ZIGABENI</span> 
     </span>
    </p>
   </div>
   <div class='ocr_carea' id='block_1_3' title="bbox 3725 366 3833 422">
    <p class='ocr_par' dir='ltr' id='par_1_3' title="bbox 3725 366 3833 422">
     <span class='ocr_line' id='line_1_3' title="bbox 3725 366 3833 422; baseline 0.009 -1"><span class='ocrx_word' id='word_1_4' title='bbox 3725 366 3833 422; x_wconf 75' lang='lat'>820</span> 
     </span>
    </p>
   </div>
   <div class='ocr_carea' id='block_1_4' title="bbox 522 452 2104 563">
    <p class='ocr_par' dir='ltr' id='par_1_4' title="bbox 522 452 2104 535">
     <span class='ocr_line' id='line_1_4' title="bbox 522 452 2104 535; baseline 0.009 -28"><span class='ocrx_word' id='word_1_5' title='bbox 522 453 685 510; x_wconf 84' lang='lat' dir='ltr'>Vers.</span> <span class='ocrx_word' id='word_1_6' title='bbox 716 454 803 510; x_wconf 81' lang='lat' dir='ltr'>t3.</span> <span class='ocrx_word' id='word_1_7' title='bbox 855 452 1011 512; x_wconf 80' lang='lat' dir='ltr'>Sicut</span> <span class='ocrx_word' id='word_1_8' title='bbox 1036 485 1103 497; x_wconf 91' lang='grc'>--</span> <span class='ocrx_word' id='word_1_9' title='bbox 1131 454 1199 512; x_wconf 83' lang='lat' dir='ltr'>de</span> <span class='ocrx_word' id='word_1_10' title='bbox 1240 471 1324 515; x_wconf 92' lang='lat' dir='ltr'>eo.</span> <span class='ocrx_word' id='word_1_11' title='bbox 1357 459 1444 530; x_wconf 78' lang='grc' dir='ltr'>-Η-</span> <span class='ocrx_word' id='word_1_12' title='bbox 1472 459 1644 517; x_wconf 87' lang='lat' dir='ltr'>Sicut</span> <span class='ocrx_word' id='word_1_13' title='bbox 1682 462 1971 535; x_wconf 85' lang='lat' dir='ltr'>scriptum</span> <span class='ocrx_word' id='word_1_14' title='bbox 2004 471 2104 535; x_wconf 74' lang='lat' dir='ltr'>est,</span> 
     </span>
    </p>
   </div>
   <div class='ocr_carea' id='block_1_5' title="bbox 2239 452 3829 563">
    <p class='ocr_par' dir='ltr' id='par_1_5' title="bbox 2297 472 3829 563">
     <span class='ocr_line' id='line_1_5' title="bbox 2297 472 3829 563; baseline 0.016 -42"><span class='ocrx_word' id='word_1_15' title='bbox 2297 472 2482 532; x_wconf 80' lang='grc' dir='ltr'>Καθὼς</span> <span class='ocrx_word' id='word_1_16' title='bbox 2522 502 2587 512; x_wconf 92' lang='grc'><strong>-</strong></span> <span class='ocrx_word' id='word_1_17' title='bbox 2642 472 2721 527; x_wconf 77' lang='grc' dir='ltr'>ἐπ’</span> <span class='ocrx_word' id='word_1_18' title='bbox 2774 475 2946 531; x_wconf 75' lang='grc' dir='ltr'>αὐτον.</span> <span class='ocrx_word' id='word_1_19' title='bbox 2995 480 3087 547; x_wconf 89' lang='grc' dir='ltr'>[Τό</span> <span class='ocrx_word' id='word_1_20' title='bbox 3131 482 3313 544; x_wconf 79' lang='grc' dir='ltr'>Καθὼς</span> <span class='ocrx_word' id='word_1_21' title='bbox 3362 482 3475 555; x_wconf 80' lang='grc'>(62)</span> <span class='ocrx_word' id='word_1_22' title='bbox 3516 490 3829 563; x_wconf 71' lang='grc' dir='ltr'>γέγραπται,</span> 
     </span>
    </p>
   </div>
   <div class='ocr_carea' id='block_1_6' title="bbox 453 542 2114 616">
    <p class='ocr_par' dir='ltr' id='par_1_6' title="bbox 453 542 2114 616">
     <span class='ocr_line' id='line_1_6' title="bbox 453 542 2114 616; baseline 0.007 -15"><span class='ocrx_word' id='word_1_23' title='bbox 453 542 658 616; x_wconf 85' lang='lat' dir='ltr'>accipe</span> <span class='ocrx_word' id='word_1_24' title='bbox 689 542 764 600; x_wconf 89' lang='lat' dir='ltr'>de</span> <span class='ocrx_word' id='word_1_25' title='bbox 790 544 1087 602; x_wconf 87' lang='lat' dir='ltr'>vocabulo</span> <span class='ocrx_word' id='word_1_26' title='bbox 1117 548 1291 603; x_wconf 82' lang='lat' dir='ltr'>venit.</span> <span class='ocrx_word' id='word_1_27' title='bbox 1348 548 1491 607; x_wconf 89' lang='lat' dir='ltr'>Dicit</span> <span class='ocrx_word' id='word_1_28' title='bbox 1520 552 1679 608; x_wconf 91' lang='lat' dir='ltr'>enim</span> <span class='ocrx_word' id='word_1_29' title='bbox 1718 554 1907 611; x_wconf 82' lang='lat' dir='ltr'>Isaias</span> <span class='ocrx_word' id='word_1_30' title='bbox 1936 571 1949 610; x_wconf 88' lang='lat'><strong>:</strong></span> <span class='ocrx_word' id='word_1_31' title='bbox 1991 556 2114 614; x_wconf 69' lang='grc' dir='ltr'>νοτε</span> 
     </span>
    </p>
   </div>
   <div class='ocr_carea' id='block_1_7' title="bbox 453 632 1569 711">
    <p class='ocr_par' dir='ltr' id='par_1_7' title="bbox 453 632 1569 711">
     <span class='ocr_line' id='line_1_7' title="bbox 453 632 1569 711; baseline 0.005 -20"><span class='ocrx_word' id='word_1_32' title='bbox 453 632 770 691; x_wconf 77' lang='lat' dir='ltr'>clamantis</span> <span class='ocrx_word' id='word_1_33' title='bbox 798 633 859 689; x_wconf 88' lang='lat' dir='ltr'>in</span> <span class='ocrx_word' id='word_1_34' title='bbox 885 634 1130 701; x_wconf 85' lang='lat' dir='ltr'>deserto,</span> <span class='ocrx_word' id='word_1_35' title='bbox 1160 640 1215 693; x_wconf 89' lang='lat' dir='ltr'>et</span> <span class='ocrx_word' id='word_1_36' title='bbox 1244 637 1476 711; x_wconf 91' lang='lat' dir='ltr'>reliqua</span> <span class='ocrx_word' id='word_1_37' title='bbox 1502 642 1569 696; x_wconf 81' lang='grc' dir='ltr'>⁸ο.</span> 
     </span>
    </p>
   </div>
   <div class='ocr_carea' id='block_1_8' title="bbox 480 721 2108 807">
    <p class='ocr_par' dir='ltr' id='par_1_8' title="bbox 480 721 2108 807">
     <span class='ocr_line' id='line_1_8' title="bbox 480 721 2108 807; baseline 0.009 -33"><span class='ocrx_word' id='word_1_38' title='bbox 480 788 484 795; x_wconf 20' lang='grc' dir='ltr'>ι</span> <span class='ocrx_word' id='word_1_39' title='bbox 526 721 807 780; x_wconf 67' lang='grc' dir='ltr'>Ριιιειὶίιὶῑ</span> <span class='ocrx_word' id='word_1_40' title='bbox 830 723 983 781; x_wconf 88' lang='lat' dir='ltr'>enim</span> <span class='ocrx_word' id='word_1_41' title='bbox 1014 725 1197 782; x_wconf 85' lang='lat' dir='ltr'>Isaias</span> <span class='ocrx_word' id='word_1_42' title='bbox 1222 726 1296 782; x_wconf 91' lang='lat' dir='ltr'>de</span> <span class='ocrx_word' id='word_1_43' title='bbox 1326 728 1575 786; x_wconf 80' lang='lat' dir='ltr'>Joannis</span> <span class='ocrx_word' id='word_1_44' title='bbox 1597 731 1777 788; x_wconf 88' lang='lat' dir='ltr'>etiam</span> <span class='ocrx_word' id='word_1_45' title='bbox 1805 735 2108 807; x_wconf 86' lang='lat' dir='ltr'>passione.</span> 
     </span>
    </p>
   </div>
   <div class='ocr_carea' id='block_1_9' title="bbox 455 900 2101 979">
    <p class='ocr_par' dir='ltr' id='par_1_9' title="bbox 455 900 2101 979">
     <span class='ocr_line' id='line_1_9' title="bbox 455 900 2101 979; baseline 0.009 -20"><span class='ocrx_word' id='word_1_46' title='bbox 455 900 612 959; x_wconf 74' lang='lat' dir='ltr'>CAP.</span> <span class='ocrx_word' id='word_1_47' title='bbox 646 902 820 959; x_wconf 86' lang='lat' dir='ltr'><strong>XXVI.</strong></span> <span class='ocrx_word' id='word_1_48' title='bbox 848 902 930 958; x_wconf 83' lang='lat' dir='ltr'>De</span> <span class='ocrx_word' id='word_1_49' title='bbox 960 902 1218 961; x_wconf 86' lang='lat' dir='ltr'>lunatico</span> <span class='ocrx_word' id='word_1_50' title='bbox 1247 905 1494 966; x_wconf 80' lang='lat' dir='ltr'><strong><em>habente</em></strong></span> <span class='ocrx_word' id='word_1_51' title='bbox 1524 910 1800 979; x_wconf 78' lang='lat' dir='ltr'>spiritum</span> <span class='ocrx_word' id='word_1_52' title='bbox 1856 920 2101 974; x_wconf 84' lang='lat' dir='ltr'>mutum.</span> 
     </span>
    </p>
   </div>
   <div class='ocr_carea' id='block_1_10' title="bbox 522 989 2112 1075">
    <p class='ocr_par' dir='ltr' id='par_1_10' title="bbox 522 989 2112 1075">
     <span class='ocr_line' id='line_1_10' title="bbox 522 989 2112 1075; baseline 0.013 -33"><span class='ocrx_word' id='word_1_53' title='bbox 522 989 693 1046; x_wconf 85' lang='lat' dir='ltr'>Vers.</span> <span class='ocrx_word' id='word_1_54' title='bbox 730 993 813 1047; x_wconf 70' lang='grc'>14.</span> <span class='ocrx_word' id='word_1_55' title='bbox 868 991 1119 1065; x_wconf 81' lang='lat' dir='ltr'>Cumque</span> <span class='ocrx_word' id='word_1_56' title='bbox 1141 995 1390 1052; x_wconf 80' lang='lat' dir='ltr'>venisset</span> <span class='ocrx_word' id='word_1_57' title='bbox 1416 1028 1476 1039; x_wconf 85' lang='lat'><strong>—</strong></span> <span class='ocrx_word' id='word_1_58' title='bbox 1524 998 1669 1055; x_wconf 79' lang='lat' dir='ltr'>illis.</span> <span class='ocrx_word' id='word_1_59' title='bbox 1700 1000 1999 1075; x_wconf 90' lang='lat' dir='ltr'>Dicipulos</span> <span class='ocrx_word' id='word_1_60' title='bbox 2026 1005 2112 1062; x_wconf 86' lang='lat' dir='ltr'>di-</span> 
     </span>
    </p>
   </div>
   <div class='ocr_carea' id='block_1_11' title="bbox 451 1078 2111 1158">
    <p class='ocr_par' dir='ltr' id='par_1_11' title="bbox 451 1078 2111 1158">
     <span class='ocr_line' id='line_1_11' title="bbox 451 1078 2111 1158; baseline 0.007 -19"><span class='ocrx_word' id='word_1_61' title='bbox 451 1078 528 1139; x_wconf 85' lang='lat' dir='ltr'>cit</span> <span class='ocrx_word' id='word_1_62' title='bbox 556 1093 717 1135; x_wconf 90' lang='lat' dir='ltr'>nunc</span> <span class='ocrx_word' id='word_1_63' title='bbox 762 1094 983 1137; x_wconf 86' lang='lat' dir='ltr'>novem</span> <span class='ocrx_word' id='word_1_64' title='bbox 1030 1081 1293 1155; x_wconf 89' lang='lat' dir='ltr'>reliquos</span> <span class='ocrx_word' id='word_1_65' title='bbox 1322 1085 1429 1158; x_wconf 88' lang='lat' dir='ltr'>qui</span> <span class='ocrx_word' id='word_1_66' title='bbox 1454 1102 1591 1144; x_wconf 93' lang='lat' dir='ltr'>cum</span> <span class='ocrx_word' id='word_1_67' title='bbox 1619 1104 1690 1145; x_wconf 92' lang='lat' dir='ltr'>eo</span> <span class='ocrx_word' id='word_1_68' title='bbox 1727 1090 1788 1147; x_wconf 90' lang='lat' dir='ltr'>in</span> <span class='ocrx_word' id='word_1_69' title='bbox 1842 1097 2111 1151; x_wconf 88' lang='lat' dir='ltr'>montem</span> 
     </span>
    </p>
   </div>
   <div class='ocr_carea' id='block_1_12' title="bbox 450 1167 2114 1241">
    <p class='ocr_par' dir='ltr' id='par_1_12' title="bbox 450 1167 2114 1241">
     <span class='ocr_line' id='line_1_12' title="bbox 450 1167 2114 1241; baseline 0.01 -17"><span class='ocrx_word' id='word_1_70' title='bbox 450 1182 575 1224; x_wconf 91' lang='lat' dir='ltr'>non</span> <span class='ocrx_word' id='word_1_71' title='bbox 605 1167 998 1227; x_wconf 88' lang='lat' dir='ltr'>ascenderant</span> <span class='ocrx_word' id='word_1_72' title='bbox 1029 1190 1043 1227; x_wconf 91' lang='lat'><strong>:</strong></span> <span class='ocrx_word' id='word_1_73' title='bbox 1071 1187 1213 1228; x_wconf 90' lang='lat' dir='ltr'>cum</span> <span class='ocrx_word' id='word_1_74' title='bbox 1242 1173 1403 1231; x_wconf 92' lang='lat' dir='ltr'>enim</span> <span class='ocrx_word' id='word_1_75' title='bbox 1430 1175 1541 1233; x_wconf 89' lang='lat' dir='ltr'>hos</span> <span class='ocrx_word' id='word_1_76' title='bbox 1568 1178 1728 1236; x_wconf 92' lang='lat' dir='ltr'>solos</span> <span class='ocrx_word' id='word_1_77' title='bbox 1748 1180 2114 1241; x_wconf 81' lang='lat' dir='ltr'>invenissent</span> 
     </span>
    </p>
   </div>
   <div class='ocr_carea' id='block_1_13' title="bbox 454 1256 2111 1339">
    <p class='ocr_par' dir='ltr' id='par_1_13' title="bbox 454 1256 2111 1339">
     <span class='ocr_line' id='line_1_13' title="bbox 454 1256 2111 1339; baseline 0.008 -23"><span class='ocrx_word' id='word_1_78' title='bbox 454 1256 687 1324; x_wconf 65' lang='lat' dir='ltr'>Scribis,</span> <span class='ocrx_word' id='word_1_79' title='bbox 740 1257 1295 1319; x_wconf 83' lang='lat' dir='ltr'>circumveniebant</span> <span class='ocrx_word' id='word_1_80' title='bbox 1322 1264 1917 1339; x_wconf 81' lang='lat' dir='ltr'>interrogationibus,</span> <span class='ocrx_word' id='word_1_81' title='bbox 1947 1272 2111 1329; x_wconf 82' lang='lat' dir='ltr'>futu-</span> 
     </span>
    </p>
   </div>
   <div class='ocr_carea' id='block_1_14' title="bbox 449 1350 2114 1427">
    <p class='ocr_par' dir='ltr' id='par_1_14' title="bbox 449 1350 2114 1427">
     <span class='ocr_line' id='line_1_14' title="bbox 449 1350 2114 1427; baseline 0.01 -24"><span class='ocrx_word' id='word_1_82' title='bbox 449 1361 586 1403; x_wconf 92' lang='lat' dir='ltr'>rum</span> <span class='ocrx_word' id='word_1_83' title='bbox 634 1352 965 1420; x_wconf 82' lang='lat' dir='ltr'>sperantes,</span> <span class='ocrx_word' id='word_1_84' title='bbox 1010 1354 1074 1407; x_wconf 91' lang='lat' dir='ltr'>ut</span> <span class='ocrx_word' id='word_1_85' title='bbox 1128 1350 1262 1408; x_wconf 87' lang='lat' dir='ltr'>illos</span> <span class='ocrx_word' id='word_1_86' title='bbox 1314 1355 1725 1427; x_wconf 90' lang='lat' dir='ltr'>compedirent</span> <span class='ocrx_word' id='word_1_87' title='bbox 1773 1375 1878 1417; x_wconf 91' lang='lat' dir='ltr'>seu</span> <span class='ocrx_word' id='word_1_88' title='bbox 1953 1361 2114 1419; x_wconf 82' lang='lat' dir='ltr'>falle-</span> 
     </span>
    </p>
   </div>
   <div class='ocr_carea' id='block_1_15' title="bbox 448 1440 595 1494">
    <p class='ocr_par' dir='ltr' id='par_1_15' title="bbox 448 1440 595 1494">
     <span class='ocr_line' id='line_1_15' title="bbox 448 1440 595 1494; baseline -0.014 0"><span class='ocrx_word' id='word_1_89' title='bbox 448 1440 595 1494; x_wconf 86' lang='lat' dir='ltr'>rent.</span> 
     </span>
    </p>
   </div>
   <div class='ocr_carea' id='block_1_16' title="bbox 522 1525 2117 1611">
    <p class='ocr_par' dir='ltr' id='par_1_16' title="bbox 522 1525 2117 1611">
     <span class='ocr_line' id='line_1_16' title="bbox 522 1525 2117 1611; baseline 0.013 -34"><span class='ocrx_word' id='word_1_90' title='bbox 522 1525 691 1582; x_wconf 90' lang='lat' dir='ltr'>Vers.</span> <span class='ocrx_word' id='word_1_91' title='bbox 726 1526 813 1583; x_wconf 86' lang='grc'>15.</span> <span class='ocrx_word' id='word_1_92' title='bbox 841 1526 1168 1602; x_wconf 82' lang='lat' dir='ltr'>Statimque</span> <span class='ocrx_word' id='word_1_93' title='bbox 1192 1562 1261 1573; x_wconf 96' lang='lat'><strong>—</strong></span> <span class='ocrx_word' id='word_1_94' title='bbox 1289 1532 1602 1605; x_wconf 79' lang='lat' dir='ltr'>obstupuit.</span> <span class='ocrx_word' id='word_1_95' title='bbox 1639 1536 1979 1611; x_wconf 90' lang='lat' dir='ltr'>Obstupuit,</span> <span class='ocrx_word' id='word_1_96' title='bbox 2012 1550 2117 1598; x_wconf 88' lang='lat' dir='ltr'>aut</span> 
     </span>
    </p>
   </div>
   <div class='ocr_carea' id='block_1_17' title="bbox 451 1620 2117 1713">
    <p class='ocr_par' dir='ltr' id='par_1_17' title="bbox 451 1620 2117 1713">
     <span class='ocr_line' id='line_1_17' title="bbox 451 1620 2117 1713; baseline 0.011 -42"><span class='ocrx_word' id='word_1_97' title='bbox 451 1620 696 1689; x_wconf 75' lang='lat' dir='ltr'>propter</span> <span class='ocrx_word' id='word_1_98' title='bbox 728 1631 1006 1675; x_wconf 87' lang='lat' dir='ltr'>accessus</span> <span class='ocrx_word' id='word_1_99' title='bbox 1022 1622 1547 1692; x_wconf 90' lang='lat' dir='ltr'>opportunitatem,</span> <span class='ocrx_word' id='word_1_100' title='bbox 1576 1627 1751 1697; x_wconf 88' lang='lat' dir='ltr'>quasi</span> <span class='ocrx_word' id='word_1_101' title='bbox 1772 1644 2117 1713; x_wconf 69' lang='lat' dir='ltr'>praecogno-</span> 
     </span>
    </p>
   </div>
   <div class='ocr_carea' id='block_1_18' title="bbox 453 1704 2115 1795">
    <p class='ocr_par' dir='ltr' id='par_1_18' title="bbox 453 1704 2115 1795">
     <span class='ocr_line' id='line_1_18' title="bbox 453 1704 2115 1795; baseline 0.012 -37"><span class='ocrx_word' id='word_1_102' title='bbox 453 1704 596 1760; x_wconf 90' lang='lat' dir='ltr'>verit</span> <span class='ocrx_word' id='word_1_103' title='bbox 626 1705 968 1763; x_wconf 83' lang='lat' dir='ltr'>Scribarum</span> <span class='ocrx_word' id='word_1_104' title='bbox 1020 1709 1415 1779; x_wconf 89' lang='lat' dir='ltr'>invasionem,</span> <span class='ocrx_word' id='word_1_105' title='bbox 1464 1713 1715 1788; x_wconf 87' lang='lat' dir='ltr'>ideoque</span> <span class='ocrx_word' id='word_1_106' title='bbox 1741 1708 1820 1773; x_wconf 87' lang='lat' dir='ltr'>ad</span> <span class='ocrx_word' id='word_1_107' title='bbox 1858 1719 2115 1795; x_wconf 88' lang='lat' dir='ltr'>discipu-</span> 
     </span>
    </p>
   </div>
   <div class='ocr_carea' id='block_1_19' title="bbox 452 1791 1321 1857">
    <p class='ocr_par' dir='ltr' id='par_1_19' title="bbox 452 1791 1321 1857">
     <span class='ocr_line' id='line_1_19' title="bbox 452 1791 1321 1857; baseline 0.01 -9"><span class='ocrx_word' id='word_1_108' title='bbox 452 1791 647 1850; x_wconf 90' lang='lat' dir='ltr'>lorum</span> <span class='ocrx_word' id='word_1_109' title='bbox 674 1794 965 1853; x_wconf 81' lang='lat' dir='ltr'>auxilium</span> <span class='ocrx_word' id='word_1_110' title='bbox 995 1797 1321 1857; x_wconf 77' lang='lat' dir='ltr'>advenerit.</span> 
     </span>
    </p>
   </div>
   <div class='ocr_carea' id='block_1_20' title="bbox 525 1881 2110 1967">
    <p class='ocr_par' dir='ltr' id='par_1_20' title="bbox 525 1881 2110 1967">
     <span class='ocr_line' id='line_1_20' title="bbox 525 1881 2110 1967; baseline 0.012 -28"><span class='ocrx_word' id='word_1_111' title='bbox 525 1881 630 1940; x_wconf 85' lang='lat' dir='ltr'>Vel</span> <span class='ocrx_word' id='word_1_112' title='bbox 662 1890 904 1957; x_wconf 86' lang='lat' dir='ltr'>propter</span> <span class='ocrx_word' id='word_1_113' title='bbox 946 1887 1328 1959; x_wconf 90' lang='lat' dir='ltr'>splendorem</span> <span class='ocrx_word' id='word_1_114' title='bbox 1384 1897 1664 1965; x_wconf 90' lang='lat' dir='ltr'>aspectus</span> <span class='ocrx_word' id='word_1_115' title='bbox 1693 1895 1840 1967; x_wconf 86' lang='lat' dir='ltr'>ejus.</span> <span class='ocrx_word' id='word_1_116' title='bbox 1882 1901 2110 1959; x_wconf 86' lang='lat' dir='ltr'>Etenim</span> 
     </span>
    </p>
   </div>
   <div class='ocr_carea' id='block_1_21' title="bbox 452 1962 2108 2062">
    <p class='ocr_par' dir='ltr' id='par_1_21' title="bbox 452 1962 2108 2062">
     <span class='ocr_line' id='line_1_21' title="bbox 452 1962 2108 2062; baseline 0.011 -33"><span class='ocrx_word' id='word_1_117' title='bbox 452 1962 770 2031; x_wconf 82' lang='lat' dir='ltr'>verisimile</span> <span class='ocrx_word' id='word_1_118' title='bbox 784 1979 919 2032; x_wconf 88' lang='lat' dir='ltr'>esta</span> <span class='ocrx_word' id='word_1_119' title='bbox 944 1962 1477 2038; x_wconf 73' lang='lat' dir='ltr'>transformatione</span> <span class='ocrx_word' id='word_1_120' title='bbox 1492 1962 1747 2053; x_wconf 79' lang='lat' dir='ltr'>gratiam</span> <span class='ocrx_word' id='word_1_121' title='bbox 1773 1990 2108 2062; x_wconf 87' lang='lat' dir='ltr'>quamdam</span> 
     </span>
    </p>
   </div>
   <div class='ocr_carea' id='block_1_22' title="bbox 450 2066 1000 2123">
    <p class='ocr_par' dir='ltr' id='par_1_22' title="bbox 450 2066 1000 2123">
     <span class='ocr_line' id='line_1_22' title="bbox 450 2066 1000 2123; baseline -0.004 0"><span class='ocrx_word' id='word_1_122' title='bbox 450 2066 819 2123; x_wconf 85' lang='lat' dir='ltr'>contractam</span> <span class='ocrx_word' id='word_1_123' title='bbox 849 2079 1000 2122; x_wconf 89' lang='lat' dir='ltr'>esse.</span> 
     </span>
    </p>
   </div>
   <div class='ocr_carea' id='block_1_23' title="bbox 523 2155 2108 2233">
    <p class='ocr_par' dir='ltr' id='par_1_23' title="bbox 523 2155 2108 2233">
     <span class='ocr_line' id='line_1_23' title="bbox 523 2155 2108 2233; baseline 0.013 -25"><span class='ocrx_word' id='word_1_124' title='bbox 523 2155 684 2209; x_wconf 86' lang='lat' dir='ltr'>Vers.</span> <span class='ocrx_word' id='word_1_125' title='bbox 722 2155 806 2211; x_wconf 75' lang='grc'><strong>15.</strong></span> <span class='ocrx_word' id='word_1_126' title='bbox 836 2155 914 2212; x_wconf 88' lang='lat' dir='ltr'>Et</span> <span class='ocrx_word' id='word_1_127' title='bbox 939 2163 1313 2218; x_wconf 78' lang='lat' dir='ltr'>occurrentes</span> <span class='ocrx_word' id='word_1_128' title='bbox 1341 2193 1411 2205; x_wconf 95' lang='lat'><strong><em>—</em></strong></span> <span class='ocrx_word' id='word_1_129' title='bbox 1435 2177 1584 2221; x_wconf 90' lang='lat' dir='ltr'>eum.</span> <span class='ocrx_word' id='word_1_130' title='bbox 1619 2167 1730 2233; x_wconf 85' lang='lat' dir='ltr'>Qui</span> <span class='ocrx_word' id='word_1_131' title='bbox 1782 2168 2052 2227; x_wconf 86' lang='lat' dir='ltr'>videlicet</span> <span class='ocrx_word' id='word_1_132' title='bbox 2076 2185 2108 2227; x_wconf 91' lang='lat' dir='ltr'>e</span> 
     </span>
    </p>
   </div>
   <div class='ocr_carea' id='block_1_24' title="bbox 452 2243 2109 2325">
    <p class='ocr_par' dir='ltr' id='par_1_24' title="bbox 452 2243 2109 2325">
     <span class='ocr_line' id='line_1_24' title="bbox 452 2243 2109 2325; baseline 0.013 -28"><span class='ocrx_word' id='word_1_133' title='bbox 452 2243 631 2300; x_wconf 90' lang='lat' dir='ltr'>turba</span> <span class='ocrx_word' id='word_1_134' title='bbox 650 2248 820 2304; x_wconf 89' lang='lat' dir='ltr'>erant</span> <span class='ocrx_word' id='word_1_135' title='bbox 848 2244 1248 2308; x_wconf 88' lang='lat' dir='ltr'>desiderantes</span> <span class='ocrx_word' id='word_1_136' title='bbox 1277 2267 1416 2308; x_wconf 87' lang='lat' dir='ltr'>eum</span> <span class='ocrx_word' id='word_1_137' title='bbox 1468 2256 1639 2325; x_wconf 91' lang='lat' dir='ltr'>quasi</span> <span class='ocrx_word' id='word_1_138' title='bbox 1670 2256 2109 2317; x_wconf 83' lang='lat' dir='ltr'>benefactorem</span> 
     </span>
    </p>
   </div>
   <div class='ocr_carea' id='block_1_25' title="bbox 450 2332 1814 2403">
    <p class='ocr_par' dir='ltr' id='par_1_25' title="bbox 450 2332 1814 2403">
     <span class='ocr_line' id='line_1_25' title="bbox 450 2332 1814 2403; baseline 0.011 -15"><span class='ocrx_word' id='word_1_139' title='bbox 450 2343 523 2389; x_wconf 91' lang='lat' dir='ltr'>ac</span> <span class='ocrx_word' id='word_1_140' title='bbox 553 2332 922 2391; x_wconf 87' lang='lat' dir='ltr'>Salvatorem</span> <span class='ocrx_word' id='word_1_141' title='bbox 946 2352 963 2389; x_wconf 93' lang='lat'><em>:</em></span> <span class='ocrx_word' id='word_1_142' title='bbox 990 2351 1111 2392; x_wconf 91' lang='lat' dir='ltr'>non</span> <span class='ocrx_word' id='word_1_143' title='bbox 1138 2343 1334 2396; x_wconf 89' lang='lat' dir='ltr'>autem</span> <span class='ocrx_word' id='word_1_144' title='bbox 1356 2341 1544 2399; x_wconf 91' lang='lat' dir='ltr'>invidi</span> <span class='ocrx_word' id='word_1_145' title='bbox 1570 2345 1814 2403; x_wconf 82' lang='lat' dir='ltr'>Scribee.</span> 
     </span>
    </p>
   </div>
   <div class='ocr_carea' id='block_1_26' title="bbox 522 2422 2109 2502">
    <p class='ocr_par' dir='ltr' id='par_1_26' title="bbox 522 2422 2109 2502">
     <span class='ocr_line' id='line_1_26' title="bbox 522 2422 2109 2502; baseline 0.011 -24"><span class='ocrx_word' id='word_1_146' title='bbox 522 2422 684 2479; x_wconf 86' lang='lat' dir='ltr'>Vers.</span> <span class='ocrx_word' id='word_1_147' title='bbox 752 2423 835 2480; x_wconf 83' lang='grc'><strong>16.</strong></span> <span class='ocrx_word' id='word_1_148' title='bbox 899 2425 976 2482; x_wconf 83' lang='grc' dir='ltr'>Ει</span> <span class='ocrx_word' id='word_1_149' title='bbox 1046 2429 1427 2502; x_wconf 83' lang='lat' dir='ltr'>interrogavit</span> <span class='ocrx_word' id='word_1_150' title='bbox 1483 2463 1555 2476; x_wconf 90' lang='lat'><strong><em>—</em></strong></span> <span class='ocrx_word' id='word_1_151' title='bbox 1610 2451 1701 2492; x_wconf 79' lang='lat' dir='ltr'>eos</span> <span class='ocrx_word' id='word_1_152' title='bbox 1751 2438 1780 2491; x_wconf 71' lang='grc' dir='ltr'><strong><em>Ῡ</em></strong></span> <span class='ocrx_word' id='word_1_153' title='bbox 1817 2438 1957 2495; x_wconf 88' lang='lat' dir='ltr'>Cum</span> <span class='ocrx_word' id='word_1_154' title='bbox 2012 2438 2109 2496; x_wconf 90' lang='lat' dir='ltr'>ille</span> 
     </span>
    </p>
   </div>
   <div class='ocr_carea' id='block_1_27' title="bbox 446 2511 2110 2596">
    <p class='ocr_par' dir='ltr' id='par_1_27' title="bbox 446 2511 2110 2596">
     <span class='ocr_line' id='line_1_27' title="bbox 446 2511 2110 2596; baseline 0.012 -29"><span class='ocrx_word' id='word_1_155' title='bbox 446 2511 885 2584; x_wconf 78' lang='lat' dir='ltr'>interrogasset,</span> <span class='ocrx_word' id='word_1_156' title='bbox 943 2515 1144 2573; x_wconf 88' lang='lat' dir='ltr'>nullus</span> <span class='ocrx_word' id='word_1_157' title='bbox 1200 2518 1445 2577; x_wconf 84' lang='lat' dir='ltr'>illorum</span> <span class='ocrx_word' id='word_1_158' title='bbox 1502 2526 1868 2596; x_wconf 88' lang='lat' dir='ltr'>respondere</span> <span class='ocrx_word' id='word_1_159' title='bbox 1924 2544 2110 2586; x_wconf 90' lang='lat' dir='ltr'>ausus</span> 
     </span>
    </p>
   </div>
   <div class='ocr_carea' id='block_1_28' title="bbox 446 2605 557 2658">
    <p class='ocr_par' dir='ltr' id='par_1_28' title="bbox 446 2605 557 2658">
     <span class='ocr_line' id='line_1_28' title="bbox 446 2605 557 2658; baseline -0.009 0"><span class='ocrx_word' id='word_1_160' title='bbox 446 2605 557 2658; x_wconf 86' lang='lat' dir='ltr'>est.</span> 
     </span>
    </p>
   </div>
   <div class='ocr_carea' id='block_1_29' title="bbox 520 2693 2109 2766">
    <p class='ocr_par' dir='ltr' id='par_1_29' title="bbox 520 2693 2109 2766">
     <span class='ocr_line' id='line_1_29' title="bbox 520 2693 2109 2766; baseline 0.011 -18"><span class='ocrx_word' id='word_1_161' title='bbox 520 2693 681 2749; x_wconf 87' lang='lat' dir='ltr'>Vers.</span> <span class='ocrx_word' id='word_1_162' title='bbox 707 2694 798 2751; x_wconf 86' lang='grc'><strong>17.</strong></span> <span class='ocrx_word' id='word_1_163' title='bbox 826 2693 905 2750; x_wconf 85' lang='lat' dir='ltr'>Et</span> <span class='ocrx_word' id='word_1_164' title='bbox 940 2697 1299 2765; x_wconf 80' lang='lat' dir='ltr'>respondens</span> <span class='ocrx_word' id='word_1_165' title='bbox 1323 2730 1393 2740; x_wconf 89' lang='lat'>—</span> <span class='ocrx_word' id='word_1_166' title='bbox 1418 2702 1577 2758; x_wconf 88' lang='lat' dir='ltr'>Vers.</span> <span class='ocrx_word' id='word_1_167' title='bbox 1614 2702 1700 2759; x_wconf 85' lang='grc'><strong>18.</strong></span> <span class='ocrx_word' id='word_1_168' title='bbox 1729 2707 1963 2764; x_wconf 83' lang='lat' dir='ltr'>arescit.</span> <span class='ocrx_word' id='word_1_169' title='bbox 1990 2710 2109 2766; x_wconf 83' lang='lat' dir='ltr'>Mu-</span> 
     </span>
    </p>
   </div>
   <div class='ocr_carea' id='block_1_30' title="bbox 447 2779 2107 2863">
    <p class='ocr_par' dir='ltr' id='par_1_30' title="bbox 447 2779 2107 2863">
     <span class='ocr_line' id='line_1_30' title="bbox 447 2779 2107 2863; baseline 0.013 -29"><span class='ocrx_word' id='word_1_170' title='bbox 447 2783 576 2836; x_wconf 91' lang='lat' dir='ltr'>tum</span> <span class='ocrx_word' id='word_1_171' title='bbox 601 2779 749 2837; x_wconf 81' lang='lat' dir='ltr'>dixit</span> <span class='ocrx_word' id='word_1_172' title='bbox 791 2782 1079 2854; x_wconf 81' lang='lat' dir='ltr'>spiritum,</span> <span class='ocrx_word' id='word_1_173' title='bbox 1140 2790 1343 2859; x_wconf 85' lang='lat' dir='ltr'>utpote</span> <span class='ocrx_word' id='word_1_174' title='bbox 1390 2789 1819 2863; x_wconf 89' lang='lat' dir='ltr'>impedientem</span> <span class='ocrx_word' id='word_1_175' title='bbox 1871 2796 1974 2853; x_wconf 87' lang='lat' dir='ltr'>ﬁlii</span> <span class='ocrx_word' id='word_1_176' title='bbox 2014 2798 2107 2855; x_wconf 92' lang='lat' dir='ltr'>sui</span> 
     </span>
    </p>
   </div>
   <div class='ocr_carea' id='block_1_31' title="bbox 447 2869 2101 2959">
    <p class='ocr_par' dir='ltr' id='par_1_31' title="bbox 447 2869 2101 2959">
     <span class='ocr_line' id='line_1_31' title="bbox 447 2869 2101 2959; baseline 0.011 -32"><span class='ocrx_word' id='word_1_177' title='bbox 447 2869 755 2947; x_wconf 85' lang='lat' dir='ltr'>loquelam</span> <span class='ocrx_word' id='word_1_178' title='bbox 787 2887 800 2926; x_wconf 91' lang='lat'><strong>:</strong></span> <span class='ocrx_word' id='word_1_179' title='bbox 828 2886 938 2929; x_wconf 91' lang='lat' dir='ltr'>nec</span> <span class='ocrx_word' id='word_1_180' title='bbox 995 2873 1057 2930; x_wconf 92' lang='lat' dir='ltr'>id</span> <span class='ocrx_word' id='word_1_181' title='bbox 1093 2879 1346 2946; x_wconf 90' lang='lat' dir='ltr'>tantum,</span> <span class='ocrx_word' id='word_1_182' title='bbox 1379 2879 1486 2937; x_wconf 89' lang='lat' dir='ltr'>sed</span> <span class='ocrx_word' id='word_1_183' title='bbox 1521 2886 1578 2938; x_wconf 92' lang='lat' dir='ltr'>et</span> <span class='ocrx_word' id='word_1_184' title='bbox 1623 2884 1899 2943; x_wconf 90' lang='lat' dir='ltr'>auditum</span> <span class='ocrx_word' id='word_1_185' title='bbox 1949 2888 2101 2959; x_wconf 90' lang='lat' dir='ltr'>ejus,</span> 
     </span>
    </p>
   </div>
   <div class='ocr_carea' id='block_1_32' title="bbox 449 2960 2106 3045">
    <p class='ocr_par' dir='ltr' id='par_1_32' title="bbox 449 2960 2106 3045">
     <span class='ocr_line' id='line_1_32' title="bbox 449 2960 2106 3045; baseline 0.011 -28"><span class='ocrx_word' id='word_1_186' title='bbox 449 2960 622 3017; x_wconf 84' lang='lat' dir='ltr'>sicuti</span> <span class='ocrx_word' id='word_1_187' title='bbox 682 2965 905 3033; x_wconf 77' lang='lat' dir='ltr'>postea</span> <span class='ocrx_word' id='word_1_188' title='bbox 957 2963 1390 3027; x_wconf 86' lang='lat' dir='ltr'>declarabitur.</span> <span class='ocrx_word' id='word_1_189' title='bbox 1457 2972 1697 3030; x_wconf 86' lang='lat' dir='ltr'>Lacerat</span> <span class='ocrx_word' id='word_1_190' title='bbox 1727 2980 1949 3045; x_wconf 87' lang='lat' dir='ltr'>autem,</span> <span class='ocrx_word' id='word_1_191' title='bbox 1997 2980 2106 3036; x_wconf 89' lang='lat' dir='ltr'>hoc</span> 
     </span>
    </p>
   </div>
   <div class='ocr_carea' id='block_1_33' title="bbox 448 3049 2104 3130">
    <p class='ocr_par' dir='ltr' id='par_1_33' title="bbox 448 3049 2104 3130">
     <span class='ocr_line' id='line_1_33' title="bbox 448 3049 2104 3130; baseline 0.013 -25"><span class='ocrx_word' id='word_1_192' title='bbox 448 3057 554 3117; x_wconf 88' lang='lat' dir='ltr'>est,</span> <span class='ocrx_word' id='word_1_193' title='bbox 592 3049 793 3123; x_wconf 90' lang='lat' dir='ltr'>dejicit</span> <span class='ocrx_word' id='word_1_194' title='bbox 846 3051 908 3109; x_wconf 89' lang='lat' dir='ltr'>in</span> <span class='ocrx_word' id='word_1_195' title='bbox 948 3056 1184 3112; x_wconf 87' lang='lat' dir='ltr'>terram.</span> <span class='ocrx_word' id='word_1_196' title='bbox 1212 3057 1457 3128; x_wconf 83' lang='lat' dir='ltr'>Arescit,</span> <span class='ocrx_word' id='word_1_197' title='bbox 1506 3061 1567 3118; x_wconf 90' lang='lat' dir='ltr'>id</span> <span class='ocrx_word' id='word_1_198' title='bbox 1621 3068 1725 3130; x_wconf 89' lang='lat' dir='ltr'>est,</span> <span class='ocrx_word' id='word_1_199' title='bbox 1762 3065 1888 3123; x_wconf 82' lang='lat' dir='ltr'>sine</span> <span class='ocrx_word' id='word_1_200' title='bbox 1917 3083 2104 3125; x_wconf 89' lang='lat' dir='ltr'>sensu</span> 
     </span>
    </p>
   </div>
   <div class='ocr_carea' id='block_1_34' title="bbox 447 3143 555 3196">
    <p class='ocr_par' dir='ltr' id='par_1_34' title="bbox 447 3143 555 3196">
     <span class='ocr_line' id='line_1_34' title="bbox 447 3143 555 3196; baseline -0.009 -1"><span class='ocrx_word' id='word_1_201' title='bbox 447 3143 555 3196; x_wconf 88' lang='lat' dir='ltr'>est.</span> 
     </span>
    </p>
   </div>
   <div class='ocr_carea' id='block_1_35' title="bbox 517 3230 2105 3319">
    <p class='ocr_par' dir='ltr' id='par_1_35' title="bbox 517 3230 2105 3319">
     <span class='ocr_line' id='line_1_35' title="bbox 517 3230 2105 3319; baseline 0.013 -33"><span class='ocrx_word' id='word_1_202' title='bbox 517 3230 828 3289; x_wconf 72' lang='lat' dir='ltr'>Matthaaus</span> <span class='ocrx_word' id='word_1_203' title='bbox 883 3249 1027 3292; x_wconf 88' lang='lat' dir='ltr'>vero</span> <span class='ocrx_word' id='word_1_204' title='bbox 1086 3235 1384 3295; x_wconf 89' lang='lat' dir='ltr'>tricesimo</span> <span class='ocrx_word' id='word_1_205' title='bbox 1431 3240 1638 3313; x_wconf 90' lang='lat' dir='ltr'>quinto</span> <span class='ocrx_word' id='word_1_206' title='bbox 1731 3245 1923 3319; x_wconf 87' lang='lat' dir='ltr'>capite</span> <span class='ocrx_word' id='word_1_207' title='bbox 2002 3248 2105 3317; x_wconf 91' lang='lat' dir='ltr'>ait,</span> 
     </span>
    </p>
   </div>
   <div class='ocr_carea' id='block_1_36' title="bbox 444 3318 2106 3408">
    <p class='ocr_par' dir='ltr' id='par_1_36' title="bbox 444 3318 2106 3408">
     <span class='ocr_line' id='line_1_36' title="bbox 444 3318 2106 3408; baseline 0.012 -33"><span class='ocrx_word' id='word_1_208' title='bbox 444 3318 646 3392; x_wconf 90' lang='lat' dir='ltr'>ipsum</span> <span class='ocrx_word' id='word_1_209' title='bbox 672 3321 890 3381; x_wconf 82' lang='lat' dir='ltr'>dixisse</span> <span class='ocrx_word' id='word_1_210' title='bbox 922 3343 935 3383; x_wconf 92' lang='lat'>:</span> <span class='ocrx_word' id='word_1_211' title='bbox 970 3326 1225 3393; x_wconf 77' lang='lat' dir='ltr'>Domine,</span> <span class='ocrx_word' id='word_1_212' title='bbox 1255 3330 1522 3388; x_wconf 77' lang='lat' dir='ltr'>miserere</span> <span class='ocrx_word' id='word_1_213' title='bbox 1543 3332 1655 3400; x_wconf 80' lang='lat' dir='ltr'>filii</span> <span class='ocrx_word' id='word_1_214' title='bbox 1674 3335 1805 3401; x_wconf 85' lang='lat' dir='ltr'>mei,</span> <span class='ocrx_word' id='word_1_215' title='bbox 1847 3337 1989 3408; x_wconf 85' lang='lat' dir='ltr'>quia</span> <span class='ocrx_word' id='word_1_216' title='bbox 2017 3339 2106 3395; x_wconf 85' lang='lat' dir='ltr'>tu-</span> 
     </span>
    </p>
   </div>
   <div class='ocr_carea' id='block_1_37' title="bbox 441 3409 2103 3498">
    <p class='ocr_par' dir='ltr' id='par_1_37' title="bbox 441 3409 2103 3498">
     <span class='ocr_line' id='line_1_37' title="bbox 441 3409 2103 3498; baseline 0.01 -32"><span class='ocrx_word' id='word_1_217' title='bbox 441 3409 678 3467; x_wconf 86' lang='lat' dir='ltr'>naticus</span> <span class='ocrx_word' id='word_1_218' title='bbox 705 3415 782 3467; x_wconf 85' lang='lat' dir='ltr'>est</span> <span class='ocrx_word' id='word_1_219' title='bbox 806 3413 1068 3471; x_wconf 86' lang='lat' dir='ltr'>etmisere</span> <span class='ocrx_word' id='word_1_220' title='bbox 1079 3415 1377 3486; x_wconf 80' lang='lat' dir='ltr'>afﬂigitur</span> <span class='ocrx_word' id='word_1_221' title='bbox 1402 3420 1469 3473; x_wconf 76' lang='grc' dir='ltr'>δ’.</span> <span class='ocrx_word' id='word_1_222' title='bbox 1503 3420 1823 3479; x_wconf 88' lang='lat' dir='ltr'>Verisimile</span> <span class='ocrx_word' id='word_1_223' title='bbox 1839 3439 1983 3496; x_wconf 81' lang='lat' dir='ltr'>ergo</span> <span class='ocrx_word' id='word_1_224' title='bbox 1995 3432 2103 3498; x_wconf 89' lang='lat' dir='ltr'>est,</span> 
     </span>
    </p>
   </div>
   <div class='ocr_carea' id='block_1_38' title="bbox 441 3499 1421 3574">
    <p class='ocr_par' dir='ltr' id='par_1_38' title="bbox 441 3499 1421 3574">
     <span class='ocr_line' id='line_1_38' title="bbox 441 3499 1421 3574; baseline 0.007 -20"><span class='ocrx_word' id='word_1_225' title='bbox 441 3503 498 3555; x_wconf 92' lang='lat' dir='ltr'>et</span> <span class='ocrx_word' id='word_1_226' title='bbox 536 3499 653 3556; x_wconf 91' lang='lat' dir='ltr'>hoc</span> <span class='ocrx_word' id='word_1_227' title='bbox 683 3504 744 3558; x_wconf 89' lang='lat' dir='ltr'>et</span> <span class='ocrx_word' id='word_1_228' title='bbox 770 3500 921 3558; x_wconf 91' lang='lat' dir='ltr'>illud</span> <span class='ocrx_word' id='word_1_229' title='bbox 950 3505 1151 3574; x_wconf 91' lang='lat' dir='ltr'>ipsum</span> <span class='ocrx_word' id='word_1_230' title='bbox 1180 3505 1421 3563; x_wconf 84' lang='lat' dir='ltr'>dixisse.</span> 
     </span>
    </p>
   </div>
   <div class='ocr_carea' id='block_1_39' title="bbox 514 3588 2103 3665">
    <p class='ocr_par' dir='ltr' id='par_1_39' title="bbox 514 3588 2103 3665">
     <span class='ocr_line' id='line_1_39' title="bbox 514 3588 2103 3665; baseline 0.014 -23"><span class='ocrx_word' id='word_1_231' title='bbox 514 3588 676 3645; x_wconf 86' lang='lat' dir='ltr'>Vers.</span> <span class='ocrx_word' id='word_1_232' title='bbox 724 3591 810 3645; x_wconf 74' lang='grc'><strong>18.</strong></span> <span class='ocrx_word' id='word_1_233' title='bbox 841 3590 918 3647; x_wconf 86' lang='lat' dir='ltr'>Et</span> <span class='ocrx_word' id='word_1_234' title='bbox 942 3591 1098 3649; x_wconf 73' lang='lat' dir='ltr'>dixit</span> <span class='ocrx_word' id='word_1_235' title='bbox 1126 3625 1195 3635; x_wconf 92' lang='lat'><em>—</em></span> <span class='ocrx_word' id='word_1_236' title='bbox 1220 3596 1383 3651; x_wconf 86' lang='lat' dir='ltr'>Vers.</span> <span class='ocrx_word' id='word_1_237' title='bbox 1418 3597 1511 3655; x_wconf 86' lang='grc'><strong>19.</strong></span> <span class='ocrx_word' id='word_1_238' title='bbox 1555 3599 1631 3655; x_wconf 83' lang='lat' dir='ltr'>ad</span> <span class='ocrx_word' id='word_1_239' title='bbox 1651 3616 1760 3658; x_wconf 92' lang='lat' dir='ltr'>me.</span> <span class='ocrx_word' id='word_1_240' title='bbox 1794 3606 1856 3659; x_wconf 92' lang='lat' dir='ltr'>In</span> <span class='ocrx_word' id='word_1_241' title='bbox 1882 3603 1983 3661; x_wconf 92' lang='lat' dir='ltr'>illo</span> <span class='ocrx_word' id='word_1_242' title='bbox 2007 3621 2103 3665; x_wconf 91' lang='lat' dir='ltr'>ca-</span> 
     </span>
    </p>
   </div>
   <div class='ocr_carea' id='block_1_40' title="bbox 439 3675 1313 3752">
    <p class='ocr_par' dir='ltr' id='par_1_40' title="bbox 439 3675 1313 3752">
     <span class='ocr_line' id='line_1_40' title="bbox 439 3675 1313 3752; baseline 0.008 -20"><span class='ocrx_word' id='word_1_243' title='bbox 439 3675 562 3748; x_wconf 89' lang='lat' dir='ltr'>pite</span> <span class='ocrx_word' id='word_1_244' title='bbox 581 3676 657 3734; x_wconf 91' lang='lat' dir='ltr'>de</span> <span class='ocrx_word' id='word_1_245' title='bbox 682 3678 772 3734; x_wconf 88' lang='lat' dir='ltr'>his</span> <span class='ocrx_word' id='word_1_246' title='bbox 808 3679 1176 3752; x_wconf 88' lang='lat' dir='ltr'>disputatum</span> <span class='ocrx_word' id='word_1_247' title='bbox 1207 3688 1313 3741; x_wconf 91' lang='lat' dir='ltr'>est.</span> 
     </span>
    </p>
   </div>
   <div class='ocr_carea' id='block_1_41' title="bbox 518 3768 2102 3847">
    <p class='ocr_par' dir='ltr' id='par_1_41' title="bbox 518 3768 2102 3847">
     <span class='ocr_line' id='line_1_41' title="bbox 518 3768 2102 3847; baseline 0.015 -25"><span class='ocrx_word' id='word_1_248' title='bbox 518 3768 673 3823; x_wconf 89' lang='lat' dir='ltr'>Vers.</span> <span class='ocrx_word' id='word_1_249' title='bbox 705 3769 800 3825; x_wconf 77' lang='lat'>20.</span> <span class='ocrx_word' id='word_1_250' title='bbox 833 3768 912 3825; x_wconf 85' lang='lat' dir='ltr'>Et</span> <span class='ocrx_word' id='word_1_251' title='bbox 958 3773 1287 3830; x_wconf 81' lang='lat' dir='ltr'>attulerunt</span> <span class='ocrx_word' id='word_1_252' title='bbox 1316 3805 1385 3817; x_wconf 95' lang='lat'><strong>—</strong></span> <span class='ocrx_word' id='word_1_253' title='bbox 1452 3791 1757 3847; x_wconf 83' lang='lat' dir='ltr'>spumans.</span> <span class='ocrx_word' id='word_1_254' title='bbox 1822 3782 2102 3845; x_wconf 90' lang='lat' dir='ltr'>Permisit</span> 
     </span>
    </p>
   </div>
   <div class='ocr_carea' id='block_1_42' title="bbox 440 3854 2100 3940">
    <p class='ocr_par' dir='ltr' id='par_1_42' title="bbox 440 3854 2100 3940">
     <span class='ocr_line' id='line_1_42' title="bbox 440 3854 2100 3940; baseline 0.013 -27"><span class='ocrx_word' id='word_1_255' title='bbox 440 3854 572 3913; x_wconf 61' lang='lat' dir='ltr'>hac</span> <span class='ocrx_word' id='word_1_256' title='bbox 599 3856 798 3928; x_wconf 89' lang='lat' dir='ltr'>ipsum</span> <span class='ocrx_word' id='word_1_257' title='bbox 825 3858 965 3931; x_wconf 89' lang='lat' dir='ltr'>pati,</span> <span class='ocrx_word' id='word_1_258' title='bbox 1015 3866 1077 3918; x_wconf 87' lang='lat' dir='ltr'>ut</span> <span class='ocrx_word' id='word_1_259' title='bbox 1099 3862 1364 3921; x_wconf 90' lang='lat' dir='ltr'>viderent</span> <span class='ocrx_word' id='word_1_260' title='bbox 1413 3865 1517 3938; x_wconf 87' lang='lat' dir='ltr'>qui</span> <span class='ocrx_word' id='word_1_261' title='bbox 1563 3874 1880 3940; x_wconf 76' lang='lat' dir='ltr'>praesentes</span> <span class='ocrx_word' id='word_1_262' title='bbox 1932 3881 2100 3934; x_wconf 88' lang='lat' dir='ltr'>erant</span> 
     </span>
    </p>
   </div>
   <div class='ocr_carea' id='block_1_43' title="bbox 440 3944 2098 4037">
    <p class='ocr_par' dir='ltr' id='par_1_43' title="bbox 440 3944 2098 4037">
     <span class='ocr_line' id='line_1_43' title="bbox 440 3944 2098 4037; baseline 0.014 -38"><span class='ocrx_word' id='word_1_263' title='bbox 440 3944 722 4017; x_wconf 85' lang='lat' dir='ltr'>aquibus</span> <span class='ocrx_word' id='word_1_264' title='bbox 772 3945 1210 4007; x_wconf 88' lang='lat' dir='ltr'>calamitatibus</span> <span class='ocrx_word' id='word_1_265' title='bbox 1274 3952 1624 4012; x_wconf 89' lang='lat' dir='ltr'>liberandus</span> <span class='ocrx_word' id='word_1_266' title='bbox 1672 3965 1872 4017; x_wconf 88' lang='lat' dir='ltr'>esset:</span> <span class='ocrx_word' id='word_1_267' title='bbox 1915 3970 2098 4037; x_wconf 91' lang='lat' dir='ltr'>utque</span> 
     </span>
    </p>
   </div>
   <div class='ocr_carea' id='block_1_44' title="bbox 440 4038 2098 4114">
    <p class='ocr_par' dir='ltr' id='par_1_44' title="bbox 440 4038 2098 4114">
     <span class='ocr_line' id='line_1_44' title="bbox 440 4038 2098 4114; baseline 0.014 -26"><span class='ocrx_word' id='word_1_268' title='bbox 440 4038 761 4107; x_wconf 86' lang='lat' dir='ltr'>postquam</span> <span class='ocrx_word' id='word_1_269' title='bbox 826 4038 1070 4095; x_wconf 75' lang='lat' dir='ltr'>vidisset</span> <span class='ocrx_word' id='word_1_270' title='bbox 1133 4046 1302 4113; x_wconf 85' lang='lat' dir='ltr'>pater</span> <span class='ocrx_word' id='word_1_271' title='bbox 1364 4043 1495 4114; x_wconf 88' lang='lat' dir='ltr'>ejus</span> <span class='ocrx_word' id='word_1_272' title='bbox 1552 4044 1923 4107; x_wconf 72' lang='lat' dir='ltr'>daemonium</span> <span class='ocrx_word' id='word_1_273' title='bbox 1968 4055 2098 4112; x_wconf 87' lang='lat' dir='ltr'>viso</span> 
     </span>
    </p>
   </div>
   <div class='ocr_carea' id='block_1_45' title="bbox 442 4121 2095 4205">
    <p class='ocr_par' dir='ltr' id='par_1_45' title="bbox 442 4121 2095 4205">
     <span class='ocr_line' id='line_1_45' title="bbox 442 4121 2095 4205; baseline 0.014 -27"><span class='ocrx_word' id='word_1_274' title='bbox 442 4121 669 4181; x_wconf 87' lang='lat' dir='ltr'>Christo</span> <span class='ocrx_word' id='word_1_275' title='bbox 699 4126 948 4194; x_wconf 88' lang='lat' dir='ltr'>turbari,</span> <span class='ocrx_word' id='word_1_276' title='bbox 982 4127 1061 4185; x_wconf 91' lang='lat' dir='ltr'>ad</span> <span class='ocrx_word' id='word_1_277' title='bbox 1090 4129 1376 4188; x_wconf 87' lang='lat' dir='ltr'>ﬁduciam</span> <span class='ocrx_word' id='word_1_278' title='bbox 1406 4134 1482 4189; x_wconf 90' lang='lat' dir='ltr'>de</span> <span class='ocrx_word' id='word_1_279' title='bbox 1512 4134 1643 4205; x_wconf 87' lang='lat' dir='ltr'>ejus</span> <span class='ocrx_word' id='word_1_280' title='bbox 1675 4137 1888 4197; x_wconf 89' lang='lat' dir='ltr'>virtute</span> <span class='ocrx_word' id='word_1_281' title='bbox 1918 4142 2095 4200; x_wconf 89' lang='lat' dir='ltr'>indu-</span> 
     </span>
    </p>
   </div>
   <div class='ocr_carea' id='block_1_46' title="bbox 439 4217 691 4271">
    <p class='ocr_par' dir='ltr' id='par_1_46' title="bbox 439 4217 691 4271">
     <span class='ocr_line' id='line_1_46' title="bbox 439 4217 691 4271; baseline 0.016 -4"><span class='ocrx_word' id='word_1_282' title='bbox 439 4217 635 4270; x_wconf 87' lang='lat' dir='ltr'>ceretu</span> <span class='ocrx_word' id='word_1_283' title='bbox 644 4229 691 4271; x_wconf 91' lang='lat' dir='ltr'>r.</span> 
     </span>
    </p>
   </div>
   <div class='ocr_carea' id='block_1_47' title="bbox 509 4304 2098 4381">
    <p class='ocr_par' dir='ltr' id='par_1_47' title="bbox 509 4304 2098 4381">
     <span class='ocr_line' id='line_1_47' title="bbox 509 4304 2098 4381; baseline 0.013 -22"><span class='ocrx_word' id='word_1_284' title='bbox 509 4304 667 4360; x_wconf 85' lang='lat' dir='ltr'>Vers.</span> <span class='ocrx_word' id='word_1_285' title='bbox 697 4308 785 4362; x_wconf 86' lang='lat' dir='ltr'>2t.</span> <span class='ocrx_word' id='word_1_286' title='bbox 822 4305 894 4363; x_wconf 83' lang='lat' dir='ltr'>Et</span> <span class='ocrx_word' id='word_1_287' title='bbox 918 4307 1309 4381; x_wconf 82' lang='lat' dir='ltr'>interrogavit</span> <span class='ocrx_word' id='word_1_288' title='bbox 1360 4342 1427 4353; x_wconf 94' lang='lat'><strong><em>—</em></strong></span> <span class='ocrx_word' id='word_1_289' title='bbox 1458 4311 1622 4370; x_wconf 89' lang='lat' dir='ltr'>Vers.</span> <span class='ocrx_word' id='word_1_290' title='bbox 1678 4320 1766 4373; x_wconf 79' lang='lat'>22.</span> <span class='ocrx_word' id='word_1_291' title='bbox 1826 4335 1953 4378; x_wconf 88' lang='lat' dir='ltr'>eum</span> <span class='ocrx_word' id='word_1_292' title='bbox 2011 4323 2098 4379; x_wconf 84' lang='lat' dir='ltr'>In-</span> 
     </span>
    </p>
   </div>
   <div class='ocr_carea' id='block_1_48' title="bbox 435 4394 2096 4473">
    <p class='ocr_par' dir='ltr' id='par_1_48' title="bbox 435 4394 2096 4473">
     <span class='ocr_line' id='line_1_48' title="bbox 435 4394 2096 4473; baseline 0.012 -25"><span class='ocrx_word' id='word_1_293' title='bbox 435 4394 757 4464; x_wconf 87' lang='lat' dir='ltr'>terrogavit</span> <span class='ocrx_word' id='word_1_294' title='bbox 778 4400 840 4451; x_wconf 90' lang='lat' dir='ltr'>ut</span> <span class='ocrx_word' id='word_1_295' title='bbox 861 4395 961 4454; x_wconf 89' lang='lat' dir='ltr'>illo</span> <span class='ocrx_word' id='word_1_296' title='bbox 978 4400 1376 4470; x_wconf 88' lang='lat' dir='ltr'>respondente</span> <span class='ocrx_word' id='word_1_297' title='bbox 1401 4414 1831 4473; x_wconf 83' lang='lat' dir='ltr'>cognoscerent</span> <span class='ocrx_word' id='word_1_298' title='bbox 1849 4411 2096 4468; x_wconf 88' lang='lat' dir='ltr'>audien-</span> 
     </span>
    </p>
   </div>
   <div class='ocr_carea' id='block_1_49' title="bbox 2222 555 3832 647">
    <p class='ocr_par' dir='ltr' id='par_1_49' title="bbox 2222 555 3832 647">
     <span class='ocr_line' id='line_1_49' title="bbox 2222 555 3832 647; baseline 0.016 -38"><span class='ocrx_word' id='word_1_299' title='bbox 2222 555 2306 611; x_wconf 74' lang='grc' dir='ltr'>ἐπὶ</span> <span class='ocrx_word' id='word_1_300' title='bbox 2359 567 2450 613; x_wconf 86' lang='grc' dir='ltr'>τοῦ</span> <span class='ocrx_word' id='word_1_301' title='bbox 2508 560 2732 632; x_wconf 80' lang='grc' dir='ltr'>ἐλήλυθε,</span> <span class='ocrx_word' id='word_1_302' title='bbox 2789 570 2996 624; x_wconf 83' lang='grc' dir='ltr'>νόησον.</span> <span class='ocrx_word' id='word_1_303' title='bbox 3059 574 3196 626; x_wconf 78' lang='grc' dir='ltr'>Φησὶ</span> <span class='ocrx_word' id='word_1_304' title='bbox 3242 574 3343 647; x_wconf 75' lang='grc' dir='ltr'>γὰρ</span> <span class='ocrx_word' id='word_1_305' title='bbox 3392 555 3617 640; x_wconf 30' lang='grc' dir='ltr'>Ἠσαίας.</span> <span class='ocrx_word' id='word_1_306' title='bbox 3658 594 3672 610; x_wconf 79' lang='grc'><strong><em>⁸</em></strong></span> <span class='ocrx_word' id='word_1_307' title='bbox 3720 555 3832 636; x_wconf 58' lang='lat' dir='ltr'>ita);</span> 
     </span>
    </p>
   </div>
   <div class='ocr_carea' id='block_1_50' title="bbox 2219 647 3537 739">
    <p class='ocr_par' dir='ltr' id='par_1_50' title="bbox 2219 647 3537 739">
     <span class='ocr_line' id='line_1_50' title="bbox 2219 647 3537 739; baseline 0.015 -41"><span class='ocrx_word' id='word_1_308' title='bbox 2219 650 2279 706; x_wconf 79' lang='grc' dir='ltr'>νὴ</span> <span class='ocrx_word' id='word_1_309' title='bbox 2306 647 2529 720; x_wconf 82' lang='grc' dir='ltr'>βοῶντος</span> <span class='ocrx_word' id='word_1_310' title='bbox 2560 650 2607 703; x_wconf 86' lang='grc' dir='ltr'>ἐν</span> <span class='ocrx_word' id='word_1_311' title='bbox 2635 661 2697 726; x_wconf 76' lang='grc' dir='ltr'>τῇ</span> <span class='ocrx_word' id='word_1_312' title='bbox 2741 653 2937 731; x_wconf 78' lang='grc' dir='ltr'>ἐρήμῳ,</span> <span class='ocrx_word' id='word_1_313' title='bbox 2970 661 3061 710; x_wconf 82' lang='grc' dir='ltr'>καὶ</span> <span class='ocrx_word' id='word_1_314' title='bbox 3091 660 3157 711; x_wconf 80' lang='grc' dir='ltr'>τὰ</span> <span class='ocrx_word' id='word_1_315' title='bbox 3198 659 3312 722; x_wconf 84' lang='grc' dir='ltr'>ἑξῆς</span> <span class='ocrx_word' id='word_1_316' title='bbox 3343 664 3480 733; x_wconf 87' lang='grc'><strong>(63).</strong></span> <span class='ocrx_word' id='word_1_317' title='bbox 3514 664 3537 739; x_wconf 91' lang='grc'>]</span> 
     </span>
    </p>
   </div>
   <div class='ocr_carea' id='block_1_51' title="bbox 2296 740 3834 828">
    <p class='ocr_par' dir='ltr' id='par_1_51' title="bbox 2296 740 3834 828">
     <span class='ocr_line' id='line_1_51' title="bbox 2296 740 3834 828; baseline 0.015 -39"><span class='ocrx_word' id='word_1_318' title='bbox 2296 740 2479 802; x_wconf 84' lang='grc' dir='ltr'>Καθὼς</span> <span class='ocrx_word' id='word_1_319' title='bbox 2507 746 2797 814; x_wconf 67' lang='grc' dir='ltr'>γέγραπται</span> <span class='ocrx_word' id='word_1_320' title='bbox 2828 751 2945 820; x_wconf 86' lang='grc' dir='ltr'>περὶ</span> <span class='ocrx_word' id='word_1_321' title='bbox 2986 746 3167 800; x_wconf 77' lang='grc' dir='ltr'>αὐτοῦ.</span> <span class='ocrx_word' id='word_1_322' title='bbox 3213 756 3433 825; x_wconf 89' lang='grc' dir='ltr'>Προεῖπε</span> <span class='ocrx_word' id='word_1_323' title='bbox 3473 757 3575 828; x_wconf 72' lang='grc' dir='ltr'>γὰρ</span> <span class='ocrx_word' id='word_1_324' title='bbox 3614 754 3834 820; x_wconf 78' lang='grc' dir='ltr'>Ἡσαΐας</span> 
     </span>
    </p>
   </div>
   <div class='ocr_carea' id='block_1_52' title="bbox 2219 831 3217 905">
    <p class='ocr_par' dir='ltr' id='par_1_52' title="bbox 2219 831 3217 905">
     <span class='ocr_line' id='line_1_52' title="bbox 2219 831 3217 905; baseline 0.013 -27"><span class='ocrx_word' id='word_1_325' title='bbox 2219 831 2310 879; x_wconf 83' lang='grc' dir='ltr'>καὶ</span> <span class='ocrx_word' id='word_1_326' title='bbox 2339 833 2457 905; x_wconf 83' lang='grc' dir='ltr'>περὶ</span> <span class='ocrx_word' id='word_1_327' title='bbox 2482 838 2573 882; x_wconf 85' lang='grc' dir='ltr'>τοῦ</span> <span class='ocrx_word' id='word_1_328' title='bbox 2605 834 2805 897; x_wconf 82' lang='grc' dir='ltr'>πάθους</span> <span class='ocrx_word' id='word_1_329' title='bbox 2834 842 2925 888; x_wconf 84' lang='grc' dir='ltr'>τοῦ</span> <span class='ocrx_word' id='word_1_330' title='bbox 2958 836 3217 895; x_wconf 85' lang='grc' dir='ltr'>Ἰωάννου.</span> 
     </span>
    </p>
   </div>
   <div class='ocr_carea' id='block_1_53' title="bbox 2494 959 3552 1040">
    <p class='ocr_par' dir='ltr' id='par_1_53' title="bbox 2494 959 3552 1040">
     <span class='ocr_line' id='line_1_53' title="bbox 2494 959 3552 1040; baseline 0.011 -31"><span class='ocrx_word' id='word_1_331' title='bbox 2494 962 2637 1012; x_wconf 79' lang='grc' dir='ltr'><strong>ΚΕΦ.</strong></span> <span class='ocrx_word' id='word_1_332' title='bbox 2676 959 2790 1020; x_wconf 63' lang='grc' dir='ltr'>κς.</span> <span class='ocrx_word' id='word_1_333' title='bbox 2828 966 2953 1033; x_wconf 80' lang='grc' dir='ltr'>Περὶ</span> <span class='ocrx_word' id='word_1_334' title='bbox 2978 970 3068 1015; x_wconf 84' lang='grc' dir='ltr'>τοῦ</span> <span class='ocrx_word' id='word_1_335' title='bbox 3102 962 3552 1040; x_wconf 75' lang='grc' dir='ltr'>σεληνιαζομένου.</span> 
     </span>
    </p>
   </div>
   <div class='ocr_carea' id='block_1_54' title="bbox 2296 1042 3835 1121">
    <p class='ocr_par' dir='ltr' id='par_1_54' title="bbox 2296 1042 3835 1121">
     <span class='ocr_line' id='line_1_54' title="bbox 2296 1042 3835 1121; baseline 0.015 -29"><span class='ocrx_word' id='word_1_336' title='bbox 2296 1046 2396 1094; x_wconf 76' lang='grc' dir='ltr'>Καὶ</span> <span class='ocrx_word' id='word_1_337' title='bbox 2449 1042 2602 1097; x_wconf 77' lang='grc' dir='ltr'>ἑλθων</span> <span class='ocrx_word' id='word_1_338' title='bbox 2650 1078 2717 1086; x_wconf 89' lang='grc'><strong>-</strong></span> <span class='ocrx_word' id='word_1_339' title='bbox 2764 1049 2963 1112; x_wconf 70' lang='grc' dir='ltr'>αὐτοῖς.</span> <span class='ocrx_word' id='word_1_340' title='bbox 3021 1054 3276 1115; x_wconf 83' lang='grc' dir='ltr'>Μαθητὰς</span> <span class='ocrx_word' id='word_1_341' title='bbox 3348 1064 3435 1108; x_wconf 79' lang='grc' dir='ltr'>νῦν</span> <span class='ocrx_word' id='word_1_342' title='bbox 3501 1063 3619 1121; x_wconf 78' lang='grc' dir='ltr'>τοὺς</span> <span class='ocrx_word' id='word_1_343' title='bbox 3690 1059 3835 1115; x_wconf 73' lang='grc' dir='ltr'>ἐννέα</span> 
     </span>
    </p>
   </div>
   <div class='ocr_carea' id='block_1_55' title="bbox 2219 1128 3833 1224">
    <p class='ocr_par' dir='ltr' id='par_1_55' title="bbox 2219 1128 3833 1224">
     <span class='ocr_line' id='line_1_55' title="bbox 2219 1128 3833 1224; baseline 0.015 -44"><span class='ocrx_word' id='word_1_344' title='bbox 2219 1128 2374 1201; x_wconf 74' lang='grc' dir='ltr'>λέγει,</span> <span class='ocrx_word' id='word_1_345' title='bbox 2439 1136 2557 1194; x_wconf 80' lang='grc' dir='ltr'>τοὺς</span> <span class='ocrx_word' id='word_1_346' title='bbox 2637 1140 2709 1207; x_wconf 76' lang='grc' dir='ltr'>μὴ</span> <span class='ocrx_word' id='word_1_347' title='bbox 2788 1139 3173 1203; x_wconf 81' lang='grc' dir='ltr'>συναναϐάντας</span> <span class='ocrx_word' id='word_1_348' title='bbox 3230 1144 3368 1216; x_wconf 78' lang='grc' dir='ltr'>αὐτῷ</span> <span class='ocrx_word' id='word_1_349' title='bbox 3430 1146 3501 1209; x_wconf 86' lang='grc' dir='ltr'>εἰς</span> <span class='ocrx_word' id='word_1_350' title='bbox 3570 1150 3629 1201; x_wconf 84' lang='grc' dir='ltr'>τό</span> <span class='ocrx_word' id='word_1_351' title='bbox 3686 1154 3833 1224; x_wconf 79' lang='grc' dir='ltr'>ὄρος.</span> 
     </span>
    </p>
   </div>
   <div class='ocr_carea' id='block_1_56' title="bbox 2220 1219 3833 1310">
    <p class='ocr_par' dir='ltr' id='par_1_56' title="bbox 2220 1219 3833 1310">
     <span class='ocr_line' id='line_1_56' title="bbox 2220 1219 3833 1310; baseline 0.012 -37"><span class='ocrx_word' id='word_1_352' title='bbox 2220 1219 2450 1282; x_wconf 81' lang='grc' dir='ltr'>Τούτους</span> <span class='ocrx_word' id='word_1_353' title='bbox 2502 1226 2603 1297; x_wconf 73' lang='grc' dir='ltr'>γὰρ</span> <span class='ocrx_word' id='word_1_354' title='bbox 2660 1227 2890 1300; x_wconf 68' lang='grc' dir='ltr'>εὑρόντες</span> <span class='ocrx_word' id='word_1_355' title='bbox 2965 1234 3155 1301; x_wconf 82' lang='grc' dir='ltr'>μόνους</span> <span class='ocrx_word' id='word_1_356' title='bbox 3234 1236 3283 1285; x_wconf 85' lang='grc' dir='ltr'>οἱ</span> <span class='ocrx_word' id='word_1_357' title='bbox 3354 1241 3681 1310; x_wconf 82' lang='grc' dir='ltr'>Γραμματεῖς</span> <span class='ocrx_word' id='word_1_358' title='bbox 3716 1219 3833 1293; x_wconf 36' lang='grc' dir='ltr'>’πε-ά</span> 
     </span>
    </p>
   </div>
   <div class='ocr_carea' id='block_1_57' title="bbox 2220 1307 3835 1401">
    <p class='ocr_par' dir='ltr' id='par_1_57' title="bbox 2220 1307 3835 1401">
     <span class='ocr_line' id='line_1_57' title="bbox 2220 1307 3835 1401; baseline 0.015 -42"><span class='ocrx_word' id='word_1_359' title='bbox 2220 1307 2442 1379; x_wconf 80' lang='grc' dir='ltr'>ριεῖλκον</span> <span class='ocrx_word' id='word_1_360' title='bbox 2492 1320 2603 1375; x_wconf 87' lang='grc' dir='ltr'>ταῖς</span> <span class='ocrx_word' id='word_1_361' title='bbox 2667 1313 2977 1390; x_wconf 78' lang='grc' dir='ltr'>ἐρωτήσεσι,</span> <span class='ocrx_word' id='word_1_362' title='bbox 3037 1307 3512 1394; x_wconf 27' lang='grc' dir='ltr'>προσδοκήσαντες-</span> <span class='ocrx_word' id='word_1_363' title='bbox 3561 1327 3835 1401; x_wconf 73' lang='grc' dir='ltr'>συμποδί-</span> 
     </span>
    </p>
   </div>
   <div class='ocr_carea' id='block_1_58' title="bbox 2225 1396 2349 1457">
    <p class='ocr_par' dir='ltr' id='par_1_58' title="bbox 2225 1396 2349 1457">
     <span class='ocr_line' id='line_1_58' title="bbox 2225 1396 2349 1457; baseline -0.032 -1"><span class='ocrx_word' id='word_1_364' title='bbox 2225 1396 2349 1457; x_wconf 74' lang='grc' dir='ltr'>ζειν.</span> 
     </span>
    </p>
   </div>
   <div class='ocr_carea' id='block_1_59' title="bbox 2300 1598 3837 1684">
    <p class='ocr_par' dir='ltr' id='par_1_59' title="bbox 2300 1598 3837 1684">
     <span class='ocr_line' id='line_1_59' title="bbox 2300 1598 3837 1684; baseline 0.014 -36"><span class='ocrx_word' id='word_1_365' title='bbox 2300 1602 2399 1649; x_wconf 82' lang='grc' dir='ltr'>Καὶ</span> <span class='ocrx_word' id='word_1_366' title='bbox 2445 1598 2630 1662; x_wconf 71' lang='grc' dir='ltr'>εὖθεως</span> <span class='ocrx_word' id='word_1_367' title='bbox 2678 1633 2747 1643; x_wconf 94' lang='grc'><strong>-</strong></span> <span class='ocrx_word' id='word_1_368' title='bbox 2808 1602 3155 1679; x_wconf 76' lang='grc' dir='ltr'>ἐξεθαμϐήθη.</span> <span class='ocrx_word' id='word_1_369' title='bbox 3219 1609 3602 1684; x_wconf 80' lang='grc' dir='ltr'>Ἐξεθαμϐήθη,</span> <span class='ocrx_word' id='word_1_370' title='bbox 3661 1617 3691 1675; x_wconf 81' lang='grc' dir='ltr'><strong>ἣ</strong></span> <span class='ocrx_word' id='word_1_371' title='bbox 3736 1613 3837 1670; x_wconf 80' lang='grc' dir='ltr'>δια</span> 
     </span>
    </p>
   </div>
   <div class='ocr_carea' id='block_1_60' title="bbox 2222 1688 3832 1775">
    <p class='ocr_par' dir='ltr' id='par_1_60' title="bbox 2222 1688 3832 1775">
     <span class='ocr_line' id='line_1_60' title="bbox 2222 1688 3832 1775; baseline 0.014 -39"><span class='ocrx_word' id='word_1_372' title='bbox 2222 1688 2281 1737; x_wconf 85' lang='grc' dir='ltr'>τὸ</span> <span class='ocrx_word' id='word_1_373' title='bbox 2334 1692 2535 1759; x_wconf 86' lang='grc' dir='ltr'>καίριον</span> <span class='ocrx_word' id='word_1_374' title='bbox 2599 1698 2694 1751; x_wconf 85' lang='grc' dir='ltr'>τῆς</span> <span class='ocrx_word' id='word_1_375' title='bbox 2760 1689 3061 1766; x_wconf 80' lang='grc' dir='ltr'>ἐπιδημίας,</span> <span class='ocrx_word' id='word_1_376' title='bbox 3129 1699 3215 1750; x_wconf 86' lang='grc' dir='ltr'>οἶα</span> <span class='ocrx_word' id='word_1_377' title='bbox 3288 1708 3673 1775; x_wconf 76' lang='grc' dir='ltr'>προεγνωκότος</span> <span class='ocrx_word' id='word_1_378' title='bbox 3737 1712 3832 1765; x_wconf 79' lang='grc' dir='ltr'>τὴν</span> 
     </span>
    </p>
   </div>
   <div class='ocr_carea' id='block_1_61' title="bbox 2150 1772 3832 1873">
    <p class='ocr_par' dir='ltr' id='par_1_61' title="bbox 2150 1772 3832 1873">
     <span class='ocr_line' id='line_1_61' title="bbox 2150 1772 3832 1873; baseline 0.015 -49"><span class='ocrx_word' id='word_1_379' title='bbox 2150 1818 2190 1873; x_wconf 76' lang='grc' dir='ltr'>Β</span> <span class='ocrx_word' id='word_1_380' title='bbox 2223 1772 2450 1828; x_wconf 72' lang='grc' dir='ltr'>ἐπίθεσιν</span> <span class='ocrx_word' id='word_1_381' title='bbox 2516 1788 2616 1830; x_wconf 85' lang='grc' dir='ltr'>τῶν</span> <span class='ocrx_word' id='word_1_382' title='bbox 2686 1786 3054 1854; x_wconf 73' lang='grc' dir='ltr'>Γραμματέων,</span> <span class='ocrx_word' id='word_1_383' title='bbox 3110 1792 3198 1840; x_wconf 86' lang='grc' dir='ltr'>καὶ</span> <span class='ocrx_word' id='word_1_384' title='bbox 3250 1785 3343 1841; x_wconf 77' lang='grc' dir='ltr'>διὰ</span> <span class='ocrx_word' id='word_1_385' title='bbox 3407 1799 3558 1845; x_wconf 75' lang='grc' dir='ltr'>τοῦτο</span> <span class='ocrx_word' id='word_1_386' title='bbox 3624 1800 3832 1867; x_wconf 81' lang='grc' dir='ltr'>ταχέως</span> 
     </span>
    </p>
   </div>
   <div class='ocr_carea' id='block_1_62' title="bbox 2221 1862 3431 1949">
    <p class='ocr_par' dir='ltr' id='par_1_62' title="bbox 2221 1862 3431 1949">
     <span class='ocr_line' id='line_1_62' title="bbox 2221 1862 3431 1949; baseline 0.015 -34"><span class='ocrx_word' id='word_1_387' title='bbox 2221 1862 2529 1929; x_wconf 72' lang='grc' dir='ltr'>ἐπιστάντος</span> <span class='ocrx_word' id='word_1_388' title='bbox 2557 1872 2682 1941; x_wconf 84' lang='grc' dir='ltr'>πρὸς</span> <span class='ocrx_word' id='word_1_389' title='bbox 2708 1868 3009 1946; x_wconf 83' lang='grc' dir='ltr'>ἐπικουρίαν</span> <span class='ocrx_word' id='word_1_390' title='bbox 3037 1884 3135 1927; x_wconf 83' lang='grc' dir='ltr'>τῶν</span> <span class='ocrx_word' id='word_1_391' title='bbox 3164 1880 3431 1949; x_wconf 85' lang='grc' dir='ltr'>μαθητῶν,</span> 
     </span>
    </p>
   </div>
   <div class='ocr_carea' id='block_1_63' title="bbox 2289 1952 3837 2041">
    <p class='ocr_par' dir='ltr' id='par_1_63' title="bbox 2289 1952 3837 2041">
     <span class='ocr_line' id='line_1_63' title="bbox 2289 1952 3837 2041; baseline 0.015 -36"><span class='ocrx_word' id='word_1_392' title='bbox 2289 1953 2355 2007; x_wconf 83' lang='grc' dir='ltr'>Ἣ</span> <span class='ocrx_word' id='word_1_393' title='bbox 2417 1952 2511 2008; x_wconf 78' lang='grc' dir='ltr'>διὰ</span> <span class='ocrx_word' id='word_1_394' title='bbox 2563 1962 2657 2016; x_wconf 84' lang='grc' dir='ltr'>τὴν</span> <span class='ocrx_word' id='word_1_395' title='bbox 2704 1957 3035 2034; x_wconf 68' lang='grc' dir='ltr'>φαιδρότητα</span> <span class='ocrx_word' id='word_1_396' title='bbox 3088 1975 3178 2026; x_wconf 84' lang='grc' dir='ltr'>τῆς</span> <span class='ocrx_word' id='word_1_397' title='bbox 3225 1977 3429 2041; x_wconf 79' lang='grc' dir='ltr'>μορφῆς</span> <span class='ocrx_word' id='word_1_398' title='bbox 3482 1971 3661 2027; x_wconf 74' lang='grc' dir='ltr'>αὐτοῦ.</span> <span class='ocrx_word' id='word_1_399' title='bbox 3718 1975 3837 2028; x_wconf 84' lang='grc' dir='ltr'>Καὶ</span> 
     </span>
    </p>
   </div>
   <div class='ocr_carea' id='block_1_64' title="bbox 2217 2044 3832 2137">
    <p class='ocr_par' dir='ltr' id='par_1_64' title="bbox 2217 2044 3832 2137">
     <span class='ocr_line' id='line_1_64' title="bbox 2217 2044 3832 2137; baseline 0.014 -42"><span class='ocrx_word' id='word_1_400' title='bbox 2217 2046 2319 2117; x_wconf 75' lang='grc' dir='ltr'>’γὰρ</span> <span class='ocrx_word' id='word_1_401' title='bbox 2352 2044 2484 2107; x_wconf 85' lang='grc' dir='ltr'>εἰκὸς</span> <span class='ocrx_word' id='word_1_402' title='bbox 2515 2045 2814 2119; x_wconf 73' lang='grc' dir='ltr'>ἐφέλκεσθαί</span> <span class='ocrx_word' id='word_1_403' title='bbox 2862 2071 2977 2104; x_wconf 91' lang='grc' dir='ltr'>τινα</span> <span class='ocrx_word' id='word_1_404' title='bbox 3028 2057 3190 2130; x_wconf 80' lang='grc' dir='ltr'>χάριν</span> <span class='ocrx_word' id='word_1_405' title='bbox 3245 2056 3300 2110; x_wconf 82' lang='grc' dir='ltr'>ἐκ</span> <span class='ocrx_word' id='word_1_406' title='bbox 3344 2068 3441 2122; x_wconf 86' lang='grc' dir='ltr'>τῆς</span> <span class='ocrx_word' id='word_1_407' title='bbox 3487 2071 3832 2137; x_wconf 73' lang='grc' dir='ltr'>μεταμορφώ-</span> 
     </span>
    </p>
   </div>
   <div class='ocr_carea' id='block_1_65' title="bbox 2222 2152 2368 2196">
    <p class='ocr_par' dir='ltr' id='par_1_65' title="bbox 2222 2152 2368 2196">
     <span class='ocr_line' id='line_1_65' title="bbox 2222 2152 2368 2196; baseline 0 -11"><span class='ocrx_word' id='word_1_408' title='bbox 2222 2152 2368 2196; x_wconf 89' lang='grc' dir='ltr'>σεως.</span> 
     </span>
    </p>
   </div>
   <div class='ocr_carea' id='block_1_66' title="bbox 2293 2228 3833 2314">
    <p class='ocr_par' dir='ltr' id='par_1_66' title="bbox 2293 2228 3833 2314">
     <span class='ocr_line' id='line_1_66' title="bbox 2293 2228 3833 2314; baseline 0.014 -38"><span class='ocrx_word' id='word_1_409' title='bbox 2293 2228 2391 2277; x_wconf 80' lang='grc' dir='ltr'>Καὶ</span> <span class='ocrx_word' id='word_1_410' title='bbox 2471 2230 2887 2299; x_wconf 78' lang='grc' dir='ltr'>προστρέχοντες</span> <span class='ocrx_word' id='word_1_411' title='bbox 2950 2262 3018 2273; x_wconf 92' lang='lat'>—-</span> <span class='ocrx_word' id='word_1_412' title='bbox 3081 2234 3255 2287; x_wconf 72' lang='grc' dir='ltr'>αὐτόν.</span> <span class='ocrx_word' id='word_1_413' title='bbox 3329 2239 3393 2290; x_wconf 84' lang='grc' dir='ltr'>Οἱ</span> <span class='ocrx_word' id='word_1_414' title='bbox 3466 2248 3558 2292; x_wconf 83' lang='grc' dir='ltr'>τοῦ</span> <span class='ocrx_word' id='word_1_415' title='bbox 3640 2242 3833 2314; x_wconf 86' lang='grc' dir='ltr'>ὄχλου,</span> 
     </span>
    </p>
   </div>
   <div class='ocr_carea' id='block_1_67' title="bbox 2218 2314 3833 2405">
    <p class='ocr_par' dir='ltr' id='par_1_67' title="bbox 2218 2314 3833 2405">
     <span class='ocr_line' id='line_1_67' title="bbox 2218 2314 3833 2405; baseline 0.014 -41"><span class='ocrx_word' id='word_1_416' title='bbox 2218 2314 2498 2376; x_wconf 81' lang='grc' dir='ltr'>ποθοῦντες</span> <span class='ocrx_word' id='word_1_417' title='bbox 2526 2316 2700 2387; x_wconf 77' lang='grc' dir='ltr'>αὐτὸν,</span> <span class='ocrx_word' id='word_1_418' title='bbox 2741 2320 2809 2380; x_wconf 85' lang='grc' dir='ltr'>ὡς</span> <span class='ocrx_word' id='word_1_419' title='bbox 2862 2319 3127 2395; x_wconf 72' lang='grc' dir='ltr'>εὐεργέτην</span> <span class='ocrx_word' id='word_1_420' title='bbox 3179 2330 3269 2378; x_wconf 83' lang='grc' dir='ltr'>καὶ</span> <span class='ocrx_word' id='word_1_421' title='bbox 3314 2334 3528 2404; x_wconf 85' lang='grc' dir='ltr'>Σωτῆρα</span> <span class='ocrx_word' id='word_1_422' title='bbox 3563 2349 3573 2359; x_wconf 92' lang='grc'><strong>·</strong></span> <span class='ocrx_word' id='word_1_423' title='bbox 3616 2332 3673 2383; x_wconf 74' lang='grc' dir='ltr'>οὐ</span> <span class='ocrx_word' id='word_1_424' title='bbox 3726 2338 3833 2405; x_wconf 80' lang='grc' dir='ltr'>μὴν</span> 
     </span>
    </p>
   </div>
   <div class='ocr_carea' id='block_1_68' title="bbox 2220 2400 2923 2480">
    <p class='ocr_par' dir='ltr' id='par_1_68' title="bbox 2220 2400 2923 2480">
     <span class='ocr_line' id='line_1_68' title="bbox 2220 2400 2923 2480; baseline 0.013 -27"><span class='ocrx_word' id='word_1_425' title='bbox 2220 2402 2267 2453; x_wconf 85' lang='grc' dir='ltr'>οἱ</span> <span class='ocrx_word' id='word_1_426' title='bbox 2310 2400 2569 2473; x_wconf 73' lang='grc' dir='ltr'>βάσκανοι</span> <span class='ocrx_word' id='word_1_427' title='bbox 2592 2411 2923 2480; x_wconf 83' lang='grc' dir='ltr'>Γρομμοτεῖς.</span> 
     </span>
    </p>
   </div>
   <div class='ocr_carea' id='block_1_69' title="bbox 2293 2491 3836 2579">
    <p class='ocr_par' dir='ltr' id='par_1_69' title="bbox 2293 2491 3836 2579">
     <span class='ocr_line' id='line_1_69' title="bbox 2293 2491 3836 2579; baseline 0.013 -34"><span class='ocrx_word' id='word_1_428' title='bbox 2293 2496 2393 2545; x_wconf 80' lang='grc' dir='ltr'>Καὶ</span> <span class='ocrx_word' id='word_1_429' title='bbox 2429 2491 2738 2568; x_wconf 73' lang='grc' dir='ltr'>ἐπηρώτησε</span> <span class='ocrx_word' id='word_1_430' title='bbox 2767 2528 2835 2539; x_wconf 83' lang='grc'><strong>-</strong></span> <span class='ocrx_word' id='word_1_431' title='bbox 2864 2499 3056 2564; x_wconf 76' lang='grc' dir='ltr'>αὐτούς</span> <span class='ocrx_word' id='word_1_432' title='bbox 3089 2519 3102 2568; x_wconf 90' lang='grc'>;</span> <span class='ocrx_word' id='word_1_433' title='bbox 3140 2503 3615 2579; x_wconf 82' lang='grc' dir='ltr'>Ἐπερωτήσαντος,</span> <span class='ocrx_word' id='word_1_434' title='bbox 3657 2508 3836 2575; x_wconf 73' lang='grc' dir='ltr'>οὐδεὶς</span> 
     </span>
    </p>
   </div>
   <div class='ocr_carea' id='block_1_70' title="bbox 2218 2578 3125 2664">
    <p class='ocr_par' dir='ltr' id='par_1_70' title="bbox 2218 2578 3125 2664">
     <span class='ocr_line' id='line_1_70' title="bbox 2218 2578 3125 2664; baseline 0.013 -32"><span class='ocrx_word' id='word_1_435' title='bbox 2218 2578 2418 2634; x_wconf 77' lang='grc' dir='ltr'>ἐκείνων</span> <span class='ocrx_word' id='word_1_436' title='bbox 2449 2580 2635 2657; x_wconf 71' lang='grc' dir='ltr'>ἐτόλμη</span> <span class='ocrx_word' id='word_1_437' title='bbox 2646 2604 2729 2638; x_wconf 87' lang='grc' dir='ltr'>σεν</span> <span class='ocrx_word' id='word_1_438' title='bbox 2757 2585 3125 2664; x_wconf 77' lang='grc' dir='ltr'>ἀποκριθῆναι.</span> 
     </span>
    </p>
   </div>
   <div class='ocr_carea' id='block_1_71' title="bbox 2290 2777 3828 2859">
    <p class='ocr_par' dir='ltr' id='par_1_71' title="bbox 2290 2777 3828 2859">
     <span class='ocr_line' id='line_1_71' title="bbox 2290 2777 3828 2859; baseline 0.01 -28"><span class='ocrx_word' id='word_1_439' title='bbox 2290 2783 2390 2831; x_wconf 82' lang='grc' dir='ltr'>Καὶ</span> <span class='ocrx_word' id='word_1_440' title='bbox 2445 2777 2748 2854; x_wconf 79' lang='grc' dir='ltr'>ἀποκριθεὶς</span> <span class='ocrx_word' id='word_1_441' title='bbox 2807 2814 2874 2824; x_wconf 89' lang='grc'>--</span> <span class='ocrx_word' id='word_1_442' title='bbox 2938 2784 3254 2859; x_wconf 82' lang='grc' dir='ltr'>ξηραίνεται.</span> <span class='ocrx_word' id='word_1_443' title='bbox 3310 2788 3530 2844; x_wconf 75' lang='grc' dir='ltr'>³’Δλαλον</span> <span class='ocrx_word' id='word_1_444' title='bbox 3593 2789 3700 2846; x_wconf 81' lang='grc' dir='ltr'>εἷπε</span> <span class='ocrx_word' id='word_1_445' title='bbox 3762 2798 3828 2847; x_wconf 85' lang='grc' dir='ltr'>τὸ</span> 
     </span>
    </p>
   </div>
   <div class='ocr_carea' id='block_1_72' title="bbox 2216 2868 3832 2943">
    <p class='ocr_par' dir='ltr' id='par_1_72' title="bbox 2216 2868 3832 2943">
     <span class='ocr_line' id='line_1_72' title="bbox 2216 2868 3832 2943; baseline 0.011 -25"><span class='ocrx_word' id='word_1_446' title='bbox 2216 2875 2437 2940; x_wconf 81' lang='grc' dir='ltr'>πνεῦμα,</span> <span class='ocrx_word' id='word_1_447' title='bbox 2471 2870 2536 2930; x_wconf 86' lang='grc' dir='ltr'>ὡς</span> <span class='ocrx_word' id='word_1_448' title='bbox 2580 2868 2765 2943; x_wconf 85' lang='grc' dir='ltr'>ἐπέχον</span> <span class='ocrx_word' id='word_1_449' title='bbox 2815 2877 2907 2932; x_wconf 79' lang='grc' dir='ltr'>τὴν</span> <span class='ocrx_word' id='word_1_450' title='bbox 2964 2874 3144 2927; x_wconf 87' lang='grc' dir='ltr'>λαλιὰν</span> <span class='ocrx_word' id='word_1_451' title='bbox 3209 2886 3300 2930; x_wconf 81' lang='grc' dir='ltr'>τοῦ</span> <span class='ocrx_word' id='word_1_452' title='bbox 3350 2881 3465 2932; x_wconf 79' lang='grc' dir='ltr'>υἱοῦ</span> <span class='ocrx_word' id='word_1_453' title='bbox 3512 2881 3697 2940; x_wconf 72' lang='grc' dir='ltr'>αὐτοῦ.</span> <span class='ocrx_word' id='word_1_454' title='bbox 3746 2884 3832 2936; x_wconf 79' lang='grc' dir='ltr'>Οὐ</span> 
     </span>
    </p>
   </div>
   <div class='ocr_carea' id='block_1_73' title="bbox 2215 2954 3835 3038">
    <p class='ocr_par' dir='ltr' id='par_1_73' title="bbox 2215 2954 3835 3038">
     <span class='ocr_line' id='line_1_73' title="bbox 2215 2954 3835 3038; baseline 0.012 -31"><span class='ocrx_word' id='word_1_455' title='bbox 2215 2960 2368 3029; x_wconf 87' lang='grc' dir='ltr'>μόνον</span> <span class='ocrx_word' id='word_1_456' title='bbox 2400 2954 2459 3010; x_wconf 73' lang='grc' dir='ltr'>δὲ</span> <span class='ocrx_word' id='word_1_457' title='bbox 2507 2962 2718 3024; x_wconf 82' lang='grc' dir='ltr'>ταύτην,</span> <span class='ocrx_word' id='word_1_458' title='bbox 2770 2959 2897 3014; x_wconf 80' lang='grc' dir='ltr'>ἀλλὰ</span> <span class='ocrx_word' id='word_1_459' title='bbox 2938 2968 3027 3015; x_wconf 86' lang='grc' dir='ltr'>καὶ</span> <span class='ocrx_word' id='word_1_460' title='bbox 3085 2970 3178 3023; x_wconf 73' lang='grc' dir='ltr'>τὴν</span> <span class='ocrx_word' id='word_1_461' title='bbox 3236 2964 3396 3026; x_wconf 79' lang='grc' dir='ltr'>ἀκοὴν</span> <span class='ocrx_word' id='word_1_462' title='bbox 3428 2969 3607 3038; x_wconf 76' lang='grc' dir='ltr'>αὐτοῦ,</span> <span class='ocrx_word' id='word_1_463' title='bbox 3652 2974 3835 3036; x_wconf 88' lang='grc' dir='ltr'>καθὼς</span> 
     </span>
    </p>
   </div>
   <div class='ocr_carea' id='block_1_74' title="bbox 2217 3044 3832 3129">
    <p class='ocr_par' dir='ltr' id='par_1_74' title="bbox 2217 3044 3832 3129">
     <span class='ocr_line' id='line_1_74' title="bbox 2217 3044 3832 3129; baseline 0.01 -30"><span class='ocrx_word' id='word_1_464' title='bbox 2217 3046 2335 3109; x_wconf 80' lang='grc' dir='ltr'>ἑξῆς</span> <span class='ocrx_word' id='word_1_465' title='bbox 2377 3044 2758 3107; x_wconf 79' lang='grc' dir='ltr'>δηλωθήσεται.</span> <span class='ocrx_word' id='word_1_466' title='bbox 2792 3055 2861 3104; x_wconf 88' lang='grc' dir='ltr'>Τό</span> <span class='ocrx_word' id='word_1_467' title='bbox 2892 3056 2982 3125; x_wconf 68' lang='grc' dir='ltr'>μὲν</span> <span class='ocrx_word' id='word_1_468' title='bbox 3014 3054 3101 3105; x_wconf 76' lang='grc' dir='ltr'>οὖν</span> <span class='ocrx_word' id='word_1_469' title='bbox 3129 3056 3343 3129; x_wconf 79' lang='grc' dir='ltr'>ῥήσσει,</span> <span class='ocrx_word' id='word_1_470' title='bbox 3377 3056 3488 3113; x_wconf 79' lang='grc' dir='ltr'>ἀντὶ</span> <span class='ocrx_word' id='word_1_471' title='bbox 3517 3068 3628 3128; x_wconf 80' lang='grc' dir='ltr'>τοῦ,</span> <span class='ocrx_word' id='word_1_472' title='bbox 3661 3082 3832 3115; x_wconf 68' lang='grc' dir='ltr'>κατας</span> 
     </span>
    </p>
   </div>
   <div class='ocr_carea' id='block_1_75' title="bbox 2134 3130 3832 3229">
    <p class='ocr_par' dir='ltr' id='par_1_75' title="bbox 2134 3130 3832 3229">
     <span class='ocr_line' id='line_1_75' title="bbox 2134 3130 3832 3229; baseline 0.011 -43"><span class='ocrx_word' id='word_1_473' title='bbox 2134 3130 2175 3229; x_wconf 58' lang='grc' dir='ltr'>ὁ</span> <span class='ocrx_word' id='word_1_474' title='bbox 2217 3133 2388 3189; x_wconf 75' lang='grc' dir='ltr'>ϐάλλει</span> <span class='ocrx_word' id='word_1_475' title='bbox 2418 3136 2489 3201; x_wconf 84' lang='grc' dir='ltr'>εἰς</span> <span class='ocrx_word' id='word_1_476' title='bbox 2517 3146 2616 3211; x_wconf 74' lang='grc' dir='ltr'>γῆν</span> <span class='ocrx_word' id='word_1_477' title='bbox 2656 3160 2668 3172; x_wconf 79' lang='grc' dir='ltr'><strong>ο</strong></span> <span class='ocrx_word' id='word_1_478' title='bbox 2707 3143 2764 3192; x_wconf 86' lang='grc' dir='ltr'>τό</span> <span class='ocrx_word' id='word_1_479' title='bbox 2809 3138 2868 3194; x_wconf 76' lang='grc' dir='ltr'>δε</span> <span class='ocrx_word' id='word_1_480' title='bbox 2928 3142 3243 3218; x_wconf 73' lang='grc' dir='ltr'>ξηραίνεται,</span> <span class='ocrx_word' id='word_1_481' title='bbox 3303 3145 3416 3200; x_wconf 76' lang='grc' dir='ltr'>ἀντὶ</span> <span class='ocrx_word' id='word_1_482' title='bbox 3468 3157 3580 3215; x_wconf 84' lang='grc' dir='ltr'>τοῦ,</span> <span class='ocrx_word' id='word_1_483' title='bbox 3640 3152 3832 3205; x_wconf 82' lang='grc' dir='ltr'>ἀναισ-</span> 
     </span>
    </p>
   </div>
   <div class='ocr_carea' id='block_1_76' title="bbox 2218 3227 2382 3283">
    <p class='ocr_par' dir='ltr' id='par_1_76' title="bbox 2218 3227 2382 3283">
     <span class='ocr_line' id='line_1_76' title="bbox 2218 3227 2382 3283; baseline 0.012 -6"><span class='ocrx_word' id='word_1_484' title='bbox 2218 3227 2382 3283; x_wconf 86' lang='grc' dir='ltr'>θητεῖ.</span> 
     </span>
    </p>
   </div>
   <div class='ocr_carea' id='block_1_77' title="bbox 2286 3315 3827 3403">
    <p class='ocr_par' dir='ltr' id='par_1_77' title="bbox 2286 3315 3827 3403">
     <span class='ocr_line' id='line_1_77' title="bbox 2286 3315 3827 3403; baseline 0.01 -34"><span class='ocrx_word' id='word_1_485' title='bbox 2286 3318 2551 3378; x_wconf 86' lang='grc' dir='ltr'>Ματθαίος</span> <span class='ocrx_word' id='word_1_486' title='bbox 2600 3315 2659 3371; x_wconf 78' lang='grc' dir='ltr'>δέ</span> <span class='ocrx_word' id='word_1_487' title='bbox 2718 3340 2875 3391; x_wconf 73' lang='grc' dir='ltr'>φησιν</span> <span class='ocrx_word' id='word_1_488' title='bbox 2930 3320 2976 3373; x_wconf 85' lang='grc' dir='ltr'>ἐν</span> <span class='ocrx_word' id='word_1_489' title='bbox 3031 3331 3100 3395; x_wconf 78' lang='grc' dir='ltr'>τῷ</span> <span class='ocrx_word' id='word_1_490' title='bbox 3140 3336 3435 3399; x_wconf 80' lang='grc' dir='ltr'>τριακοστῷ</span> <span class='ocrx_word' id='word_1_491' title='bbox 3484 3333 3696 3403; x_wconf 78' lang='grc' dir='ltr'>πέμπτῳ</span> <span class='ocrx_word' id='word_1_492' title='bbox 3745 3351 3827 3385; x_wconf 87' lang='grc' dir='ltr'>κε-</span> 
     </span>
    </p>
   </div>
   <div class='ocr_carea' id='block_1_78' title="bbox 2215 3404 3827 3489">
    <p class='ocr_par' dir='ltr' id='par_1_78' title="bbox 2215 3404 3827 3489">
     <span class='ocr_line' id='line_1_78' title="bbox 2215 3404 3827 3489; baseline 0.011 -33"><span class='ocrx_word' id='word_1_493' title='bbox 2215 3404 2433 3477; x_wconf 75' lang='grc' dir='ltr'>φαλαίῳ,</span> <span class='ocrx_word' id='word_1_494' title='bbox 2481 3408 2638 3460; x_wconf 88' lang='grc' dir='ltr'>εἰπεῖν</span> <span class='ocrx_word' id='word_1_495' title='bbox 2682 3409 2833 3463; x_wconf 72' lang='grc' dir='ltr'>αὐτόν</span> <span class='ocrx_word' id='word_1_496' title='bbox 2864 3430 2876 3442; x_wconf 72' lang='grc'><strong>⁸</strong></span> <span class='ocrx_word' id='word_1_497' title='bbox 2914 3413 3089 3485; x_wconf 76' lang='grc' dir='ltr'>Κύριε,</span> <span class='ocrx_word' id='word_1_498' title='bbox 3136 3412 3343 3473; x_wconf 79' lang='grc' dir='ltr'>ἐλέησόν</span> <span class='ocrx_word' id='word_1_499' title='bbox 3396 3437 3495 3489; x_wconf 86' lang='grc' dir='ltr'>μου</span> <span class='ocrx_word' id='word_1_500' title='bbox 3544 3422 3631 3471; x_wconf 88' lang='grc' dir='ltr'>τὸν</span> <span class='ocrx_word' id='word_1_501' title='bbox 3687 3423 3827 3486; x_wconf 83' lang='grc' dir='ltr'>υἱόν,</span> 
     </span>
    </p>
   </div>
   <div class='ocr_carea' id='block_1_79' title="bbox 2213 3495 3829 3579">
    <p class='ocr_par' dir='ltr' id='par_1_79' title="bbox 2213 3495 3829 3579">
     <span class='ocr_line' id='line_1_79' title="bbox 2213 3495 3829 3579; baseline 0.011 -32"><span class='ocrx_word' id='word_1_502' title='bbox 2213 3496 2294 3547; x_wconf 86' lang='grc' dir='ltr'>ὅτι</span> <span class='ocrx_word' id='word_1_503' title='bbox 2346 3495 2705 3558; x_wconf 77' lang='grc' dir='ltr'>σεληνιάζεται</span> <span class='ocrx_word' id='word_1_504' title='bbox 2752 3504 2840 3551; x_wconf 83' lang='grc' dir='ltr'>καὶ</span> <span class='ocrx_word' id='word_1_505' title='bbox 2893 3508 3066 3564; x_wconf 82' lang='grc' dir='ltr'>κακῶς</span> <span class='ocrx_word' id='word_1_506' title='bbox 3121 3505 3343 3576; x_wconf 86' lang='grc' dir='ltr'>πάσχει.</span> <span class='ocrx_word' id='word_1_507' title='bbox 3404 3506 3557 3568; x_wconf 80' lang='grc' dir='ltr'>Εἰκὸς</span> <span class='ocrx_word' id='word_1_508' title='bbox 3616 3505 3695 3579; x_wconf 75' lang='grc' dir='ltr'>δε,</span> <span class='ocrx_word' id='word_1_509' title='bbox 3731 3517 3829 3565; x_wconf 83' lang='grc' dir='ltr'>καὶ</span> 
     </span>
    </p>
   </div>
   <div class='ocr_carea' id='block_1_80' title="bbox 2210 3584 2991 3646">
    <p class='ocr_par' dir='ltr' id='par_1_80' title="bbox 2210 3584 2991 3646">
     <span class='ocr_line' id='line_1_80' title="bbox 2210 3584 2991 3646; baseline 0.013 -10"><span class='ocrx_word' id='word_1_510' title='bbox 2210 3592 2363 3637; x_wconf 75' lang='grc' dir='ltr'>τοῦτο</span> <span class='ocrx_word' id='word_1_511' title='bbox 2390 3584 2594 3639; x_wconf 75' lang='grc' dir='ltr'>κάκεῖνο</span> <span class='ocrx_word' id='word_1_512' title='bbox 2626 3587 2782 3640; x_wconf 83' lang='grc' dir='ltr'>εἰπεῖν</span> <span class='ocrx_word' id='word_1_513' title='bbox 2811 3589 2991 3646; x_wconf 68' lang='grc' dir='ltr'>αὐτόν.</span> 
     </span>
    </p>
   </div>
   <div class='ocr_carea' id='block_1_81' title="bbox 2283 3672 3828 3762">
    <p class='ocr_par' dir='ltr' id='par_1_81' title="bbox 2283 3672 3828 3762">
     <span class='ocr_line' id='line_1_81' title="bbox 2283 3672 3828 3762; baseline 0.012 -36"><span class='ocrx_word' id='word_1_514' title='bbox 2283 3679 2383 3727; x_wconf 79' lang='grc' dir='ltr'>Καὶ</span> <span class='ocrx_word' id='word_1_515' title='bbox 2406 3672 2546 3728; x_wconf 86' lang='grc' dir='ltr'>εἶπον</span> <span class='ocrx_word' id='word_1_516' title='bbox 2590 3709 2654 3716; x_wconf 85' lang='lat'>-—</span> <span class='ocrx_word' id='word_1_517' title='bbox 2685 3682 2813 3752; x_wconf 86' lang='grc' dir='ltr'>πρός</span> <span class='ocrx_word' id='word_1_518' title='bbox 2841 3698 2922 3751; x_wconf 84' lang='grc' dir='ltr'>με.</span> <span class='ocrx_word' id='word_1_519' title='bbox 2974 3680 3054 3732; x_wconf 87' lang='grc' dir='ltr'>Ἐν</span> <span class='ocrx_word' id='word_1_520' title='bbox 3108 3680 3279 3755; x_wconf 76' lang='grc' dir='ltr'>ἐκείνῳ</span> <span class='ocrx_word' id='word_1_521' title='bbox 3311 3692 3382 3755; x_wconf 82' lang='grc' dir='ltr'>τῷ</span> <span class='ocrx_word' id='word_1_522' title='bbox 3413 3686 3671 3761; x_wconf 63' lang='grc' dir='ltr'>κεφαλαίῳ</span> <span class='ocrx_word' id='word_1_523' title='bbox 3703 3696 3828 3762; x_wconf 82' lang='grc' dir='ltr'>περὶ</span> 
     </span>
    </p>
   </div>
   <div class='ocr_carea' id='block_1_82' title="bbox 2206 3764 2780 3837">
    <p class='ocr_par' dir='ltr' id='par_1_82' title="bbox 2206 3764 2780 3837">
     <span class='ocr_line' id='line_1_82' title="bbox 2206 3764 2780 3837; baseline 0.003 -22"><span class='ocrx_word' id='word_1_524' title='bbox 2206 3766 2401 3816; x_wconf 78' lang='grc' dir='ltr'>τούτων</span> <span class='ocrx_word' id='word_1_525' title='bbox 2430 3764 2780 3837; x_wconf 77' lang='grc' dir='ltr'>ἕσαφηνίσθη.</span> 
     </span>
    </p>
   </div>
   <div class='ocr_carea' id='block_1_83' title="bbox 2282 3855 3826 3937">
    <p class='ocr_par' dir='ltr' id='par_1_83' title="bbox 2282 3855 3826 3937">
     <span class='ocr_line' id='line_1_83' title="bbox 2282 3855 3826 3937; baseline 0.01 -31"><span class='ocrx_word' id='word_1_526' title='bbox 2282 3858 2383 3907; x_wconf 81' lang='grc' dir='ltr'>Καὶ</span> <span class='ocrx_word' id='word_1_527' title='bbox 2455 3859 2675 3926; x_wconf 71' lang='grc' dir='ltr'>ἤνεγκαν</span> <span class='ocrx_word' id='word_1_528' title='bbox 2745 3888 2811 3898; x_wconf 91' lang='lat'>——</span> <span class='ocrx_word' id='word_1_529' title='bbox 2901 3855 3155 3932; x_wconf 77' lang='grc' dir='ltr'>ἀφρίζων.</span> <span class='ocrx_word' id='word_1_530' title='bbox 3229 3869 3571 3937; x_wconf 84' lang='grc' dir='ltr'>Συνεχώρησε</span> <span class='ocrx_word' id='word_1_531' title='bbox 3654 3876 3826 3922; x_wconf 78' lang='grc' dir='ltr'>ταῦτα</span> 
     </span>
    </p>
   </div>
   <div class='ocr_carea' id='block_1_84' title="bbox 2206 3943 3823 4031">
    <p class='ocr_par' dir='ltr' id='par_1_84' title="bbox 2206 3943 3823 4031">
     <span class='ocr_line' id='line_1_84' title="bbox 2206 3943 3823 4031; baseline 0.009 -36"><span class='ocrx_word' id='word_1_532' title='bbox 2206 3945 2389 3996; x_wconf 84' lang='grc' dir='ltr'>παθεῖν</span> <span class='ocrx_word' id='word_1_533' title='bbox 2433 3944 2610 4014; x_wconf 76' lang='grc' dir='ltr'>αὐτόν,</span> <span class='ocrx_word' id='word_1_534' title='bbox 2650 3946 2733 3998; x_wconf 88' lang='grc' dir='ltr'>ἱνα</span> <span class='ocrx_word' id='word_1_535' title='bbox 2770 3943 2960 3999; x_wconf 79' lang='grc' dir='ltr'>ῖδωσιν</span> <span class='ocrx_word' id='word_1_536' title='bbox 3015 3950 3063 4000; x_wconf 85' lang='grc' dir='ltr'>οἱ</span> <span class='ocrx_word' id='word_1_537' title='bbox 3102 3954 3366 4024; x_wconf 83' lang='grc' dir='ltr'>παρόντες,</span> <span class='ocrx_word' id='word_1_538' title='bbox 3409 3954 3520 4016; x_wconf 80' lang='grc' dir='ltr'>οἵας</span> <span class='ocrx_word' id='word_1_539' title='bbox 3573 3952 3823 4031; x_wconf 79' lang='grc' dir='ltr'>ἐπηρείας</span> 
     </span>
    </p>
   </div>
   <div class='ocr_carea' id='block_1_85' title="bbox 2208 4031 3821 4113">
    <p class='ocr_par' dir='ltr' id='par_1_85' title="bbox 2208 4031 3821 4113">
     <span class='ocr_line' id='line_1_85' title="bbox 2208 4031 3821 4113; baseline 0.009 -30"><span class='ocrx_word' id='word_1_540' title='bbox 2208 4031 2628 4086; x_wconf 80' lang='grc' dir='ltr'>ἀπαλλάττεσθαι</span> <span class='ocrx_word' id='word_1_541' title='bbox 2675 4033 2866 4108; x_wconf 79' lang='grc' dir='ltr'>μέλλει,</span> <span class='ocrx_word' id='word_1_542' title='bbox 2922 4042 3011 4090; x_wconf 82' lang='grc' dir='ltr'>καὶ</span> <span class='ocrx_word' id='word_1_543' title='bbox 3066 4040 3148 4091; x_wconf 91' lang='grc' dir='ltr'>ῖνα</span> <span class='ocrx_word' id='word_1_544' title='bbox 3202 4045 3359 4111; x_wconf 73' lang='grc' dir='ltr'>γνοὺς</span> <span class='ocrx_word' id='word_1_545' title='bbox 3415 4044 3440 4093; x_wconf 90' lang='grc' dir='ltr'>ό</span> <span class='ocrx_word' id='word_1_546' title='bbox 3487 4047 3685 4113; x_wconf 76' lang='grc' dir='ltr'>πατὴρ,</span> <span class='ocrx_word' id='word_1_547' title='bbox 3736 4046 3821 4097; x_wconf 84' lang='grc' dir='ltr'>ὅτι</span> 
     </span>
    </p>
   </div>
   <div class='ocr_carea' id='block_1_86' title="bbox 2208 4120 3822 4206">
    <p class='ocr_par' dir='ltr' id='par_1_86' title="bbox 2208 4120 3822 4206">
     <span class='ocr_line' id='line_1_86' title="bbox 2208 4120 3822 4206; baseline 0.008 -33"><span class='ocrx_word' id='word_1_548' title='bbox 2208 4120 2502 4196; x_wconf 79' lang='grc' dir='ltr'>θορυϐεῖται</span> <span class='ocrx_word' id='word_1_549' title='bbox 2554 4127 2611 4175; x_wconf 88' lang='grc' dir='ltr'>τό</span> <span class='ocrx_word' id='word_1_550' title='bbox 2669 4121 2959 4198; x_wconf 81' lang='grc' dir='ltr'>δαιμόνιον,</span> <span class='ocrx_word' id='word_1_551' title='bbox 3013 4123 3126 4180; x_wconf 83' lang='grc' dir='ltr'>ἰδόν</span> <span class='ocrx_word' id='word_1_552' title='bbox 3188 4132 3273 4182; x_wconf 87' lang='grc' dir='ltr'>τόν</span> <span class='ocrx_word' id='word_1_553' title='bbox 3325 4135 3577 4206; x_wconf 82' lang='grc' dir='ltr'>Χριστὸν,</span> <span class='ocrx_word' id='word_1_554' title='bbox 3626 4133 3694 4194; x_wconf 79' lang='grc' dir='ltr'>εἰς</span> <span class='ocrx_word' id='word_1_555' title='bbox 3730 4138 3822 4186; x_wconf 86' lang='grc' dir='ltr'>πί-</span> 
     </span>
    </p>
   </div>
   <div class='ocr_carea' id='block_1_87' title="bbox 2208 4210 3167 4291">
    <p class='ocr_par' dir='ltr' id='par_1_87' title="bbox 2208 4210 3167 4291">
     <span class='ocr_line' id='line_1_87' title="bbox 2208 4210 3167 4291; baseline 0.011 -29"><span class='ocrx_word' id='word_1_556' title='bbox 2208 4230 2321 4263; x_wconf 91' lang='grc' dir='ltr'>στιν</span> <span class='ocrx_word' id='word_1_557' title='bbox 2348 4219 2443 4275; x_wconf 82' lang='grc' dir='ltr'>τῆς</span> <span class='ocrx_word' id='word_1_558' title='bbox 2464 4212 2620 4265; x_wconf 65' lang='grc' dir='ltr'>αὐτοῦ</span> <span class='ocrx_word' id='word_1_559' title='bbox 2652 4210 2921 4287; x_wconf 75' lang='grc' dir='ltr'>δυνάμεως</span> <span class='ocrx_word' id='word_1_560' title='bbox 2947 4214 3167 4291; x_wconf 71' lang='grc' dir='ltr'>ἄναχθῇ.</span> 
     </span>
    </p>
   </div>
   <div class='ocr_carea' id='block_1_88' title="bbox 2279 4407 3819 4491">
    <p class='ocr_par' dir='ltr' id='par_1_88' title="bbox 2279 4407 3819 4491">
     <span class='ocr_line' id='line_1_88' title="bbox 2279 4407 3819 4491; baseline 0.007 -30"><span class='ocrx_word' id='word_1_561' title='bbox 2279 4412 2374 4461; x_wconf 71' lang='grc' dir='ltr'>Καὶ</span> <span class='ocrx_word' id='word_1_562' title='bbox 2449 4407 2756 4484; x_wconf 75' lang='grc' dir='ltr'>ἐπηρώτησε</span> <span class='ocrx_word' id='word_1_563' title='bbox 2835 4444 2903 4452; x_wconf 93' lang='grc'><strong>-</strong></span> <span class='ocrx_word' id='word_1_564' title='bbox 2980 4412 3154 4468; x_wconf 76' lang='grc' dir='ltr'>αὐτόν.</span> <span class='ocrx_word' id='word_1_565' title='bbox 3251 4414 3637 4491; x_wconf 86' lang='grc' dir='ltr'>Ἐπηρώτησεν,</span> <span class='ocrx_word' id='word_1_566' title='bbox 3732 4421 3819 4472; x_wconf 89' lang='grc' dir='ltr'>ῑνα</span> 
     </span>
    </p>
   </div>
   <div class='ocr_carea' id='block_1_89' title="bbox 437 4483 2104 4585">
    <p class='ocr_par' dir='ltr' id='par_1_89' title="bbox 437 4483 2094 4560">
     <span class='ocr_line' id='line_1_89' title="bbox 437 4483 2094 4560; baseline 0.011 -24"><span class='ocrx_word' id='word_1_567' title='bbox 437 4484 549 4547; x_wconf 85' lang='lat' dir='ltr'>tes,</span> <span class='ocrx_word' id='word_1_568' title='bbox 579 4483 747 4554; x_wconf 88' lang='lat' dir='ltr'>quod</span> <span class='ocrx_word' id='word_1_569' title='bbox 772 4483 903 4555; x_wconf 90' lang='lat' dir='ltr'>jam</span> <span class='ocrx_word' id='word_1_570' title='bbox 929 4485 1070 4542; x_wconf 90' lang='lat' dir='ltr'>olim</span> <span class='ocrx_word' id='word_1_571' title='bbox 1099 4488 1453 4560; x_wconf 90' lang='lat' dir='ltr'>perdidisset</span> <span class='ocrx_word' id='word_1_572' title='bbox 1478 4507 1639 4559; x_wconf 92' lang='lat' dir='ltr'>eum,</span> <span class='ocrx_word' id='word_1_573' title='bbox 1669 4495 1784 4553; x_wconf 87' lang='lat' dir='ltr'>nisi</span> <span class='ocrx_word' id='word_1_574' title='bbox 1808 4497 2094 4557; x_wconf 90' lang='lat' dir='ltr'>divinitus</span> 
     </span>
    </p>
   </div>
   <div class='ocr_carea' id='block_1_90' title="bbox 2239 4483 3814 4585">
    <p class='ocr_par' dir='ltr' id='par_1_90' title="bbox 2241 4498 3814 4576">
     <span class='ocr_line' id='line_1_90' title="bbox 2241 4498 3814 4576; baseline 0.007 -25"><span class='ocrx_word' id='word_1_575' title='bbox 2241 4499 2569 4571; x_wconf 78' lang='grc' dir='ltr'>ποκριθέντος</span> <span class='ocrx_word' id='word_1_576' title='bbox 2635 4498 2849 4568; x_wconf 85' lang='grc' dir='ltr'>ἐκείνου,</span> <span class='ocrx_word' id='word_1_577' title='bbox 2905 4510 3070 4574; x_wconf 72' lang='grc' dir='ltr'>γνοῖεν</span> <span class='ocrx_word' id='word_1_578' title='bbox 3138 4506 3186 4556; x_wconf 86' lang='grc' dir='ltr'>οἱ</span> <span class='ocrx_word' id='word_1_579' title='bbox 3228 4503 3515 4576; x_wconf 75' lang='grc' dir='ltr'>ἀκούοντες,</span> <span class='ocrx_word' id='word_1_580' title='bbox 3575 4510 3653 4560; x_wconf 86' lang='grc' dir='ltr'>ὅτι</span> <span class='ocrx_word' id='word_1_581' title='bbox 3703 4512 3814 4561; x_wconf 84' lang='grc' dir='ltr'>πά-</span> 
     </span>
    </p>
   </div>
   <div class='ocr_carea' id='block_1_91' title="bbox 436 4569 978 4630">
    <p class='ocr_par' dir='ltr' id='par_1_91' title="bbox 436 4569 978 4630">
     <span class='ocr_line' id='line_1_91' title="bbox 436 4569 978 4630; baseline 0.011 -6"><span class='ocrx_word' id='word_1_582' title='bbox 436 4569 638 4628; x_wconf 83' lang='lat' dir='ltr'>fuisset</span> <span class='ocrx_word' id='word_1_583' title='bbox 666 4571 978 4630; x_wconf 88' lang='lat' dir='ltr'>cohibitus.</span> 
     </span>
    </p>
   </div>
   <div class='ocr_carea' id='block_1_92' title="bbox 508 4659 2092 4748">
    <p class='ocr_par' dir='ltr' id='par_1_92' title="bbox 508 4659 2092 4748">
     <span class='ocr_line' id='line_1_92' title="bbox 508 4659 2092 4748; baseline 0.015 -34"><span class='ocrx_word' id='word_1_584' title='bbox 508 4659 671 4716; x_wconf 85' lang='lat' dir='ltr'>Vers.</span> <span class='ocrx_word' id='word_1_585' title='bbox 701 4662 792 4716; x_wconf 76' lang='lat'>22.</span> <span class='ocrx_word' id='word_1_586' title='bbox 822 4661 934 4720; x_wconf 86' lang='lat' dir='ltr'>Sed</span> <span class='ocrx_word' id='word_1_587' title='bbox 956 4664 1009 4719; x_wconf 88' lang='lat' dir='ltr'>si</span> <span class='ocrx_word' id='word_1_588' title='bbox 1034 4665 1185 4737; x_wconf 89' lang='lat' dir='ltr'>quid</span> <span class='ocrx_word' id='word_1_589' title='bbox 1203 4698 1269 4708; x_wconf 96' lang='lat'><strong>—</strong></span> <span class='ocrx_word' id='word_1_590' title='bbox 1295 4670 1495 4727; x_wconf 86' lang='lat' dir='ltr'>nostri.</span> <span class='ocrx_word' id='word_1_591' title='bbox 1530 4672 1703 4729; x_wconf 88' lang='lat' dir='ltr'>Vides</span> <span class='ocrx_word' id='word_1_592' title='bbox 1727 4675 1893 4748; x_wconf 93' lang='lat' dir='ltr'>quod</span> <span class='ocrx_word' id='word_1_593' title='bbox 1909 4677 2092 4736; x_wconf 89' lang='lat' dir='ltr'>ﬁdem</span> 
     </span>
    </p>
   </div>
   <div class='ocr_carea' id='block_1_93' title="bbox 436 4748 1459 4813">
    <p class='ocr_par' dir='ltr' id='par_1_93' title="bbox 436 4748 1459 4813">
     <span class='ocr_line' id='line_1_93' title="bbox 436 4748 1459 4813; baseline 0.013 -10"><span class='ocrx_word' id='word_1_594' title='bbox 436 4762 561 4804; x_wconf 91' lang='lat' dir='ltr'>non</span> <span class='ocrx_word' id='word_1_595' title='bbox 588 4748 808 4808; x_wconf 88' lang='lat' dir='ltr'>habeat</span> <span class='ocrx_word' id='word_1_596' title='bbox 826 4751 1241 4813; x_wconf 88' lang='lat' dir='ltr'>indubitatam.</span> <span class='ocrx_word' id='word_1_597' title='bbox 1456 4770 1459 4773; x_wconf 85' lang='lat'><em>‘</em></span> 
     </span>
    </p>
   </div>
   <div class='ocr_carea' id='block_1_94' title="bbox 506 4838 2090 4914">
    <p class='ocr_par' dir='ltr' id='par_1_94' title="bbox 506 4838 2090 4914">
     <span class='ocr_line' id='line_1_94' title="bbox 506 4838 2090 4914; baseline 0.013 -20"><span class='ocrx_word' id='word_1_598' title='bbox 506 4838 674 4895; x_wconf 87' lang='lat' dir='ltr'>Vers.</span> <span class='ocrx_word' id='word_1_599' title='bbox 697 4844 784 4898; x_wconf 82' lang='lat'>23.</span> <span class='ocrx_word' id='word_1_600' title='bbox 816 4840 985 4899; x_wconf 76' lang='lat' dir='ltr'>Iesus</span> <span class='ocrx_word' id='word_1_601' title='bbox 1013 4848 1209 4904; x_wconf 86' lang='lat' dir='ltr'>autem</span> <span class='ocrx_word' id='word_1_602' title='bbox 1240 4878 1294 4887; x_wconf 96' lang='lat'>—</span> <span class='ocrx_word' id='word_1_603' title='bbox 1357 4850 1638 4907; x_wconf 72' lang='lat' dir='ltr'>credenti.</span> <span class='ocrx_word' id='word_1_604' title='bbox 1672 4854 1998 4912; x_wconf 88' lang='lat' dir='ltr'>Potentiam</span> <span class='ocrx_word' id='word_1_605' title='bbox 2029 4858 2090 4914; x_wconf 90' lang='lat' dir='ltr'>in</span> 
     </span>
    </p>
   </div>
   <div class='ocr_carea' id='block_1_95' title="bbox 433 4926 2089 5012">
    <p class='ocr_par' dir='ltr' id='par_1_95' title="bbox 433 4926 2089 5012">
     <span class='ocr_line' id='line_1_95' title="bbox 433 4926 2089 5012; baseline 0.013 -30"><span class='ocrx_word' id='word_1_606' title='bbox 433 4926 553 4984; x_wconf 81' lang='lat' dir='ltr'>ﬁde</span> <span class='ocrx_word' id='word_1_607' title='bbox 574 4927 732 4986; x_wconf 89' lang='lat' dir='ltr'>illius</span> <span class='ocrx_word' id='word_1_608' title='bbox 759 4934 1025 5003; x_wconf 89' lang='lat' dir='ltr'>reposuit</span> <span class='ocrx_word' id='word_1_609' title='bbox 1053 4934 1224 5003; x_wconf 91' lang='lat' dir='ltr'>;hinc</span> <span class='ocrx_word' id='word_1_610' title='bbox 1252 4936 1501 5009; x_wconf 90' lang='lat' dir='ltr'>quidem</span> <span class='ocrx_word' id='word_1_611' title='bbox 1555 4939 1818 5012; x_wconf 87' lang='lat' dir='ltr'>dirigens</span> <span class='ocrx_word' id='word_1_612' title='bbox 1849 4959 1988 5001; x_wconf 90' lang='lat' dir='ltr'>eum</span> <span class='ocrx_word' id='word_1_613' title='bbox 2012 4948 2089 5004; x_wconf 89' lang='lat' dir='ltr'>ad</span> 
     </span>
    </p>
   </div>
   <div class='ocr_carea' id='block_1_96' title="bbox 433 5017 2088 5105">
    <p class='ocr_par' dir='ltr' id='par_1_96' title="bbox 433 5017 2088 5105">
     <span class='ocr_line' id='line_1_96' title="bbox 433 5017 2088 5105; baseline 0.013 -32"><span class='ocrx_word' id='word_1_614' title='bbox 433 5017 636 5105; x_wconf 85' lang='lat' dir='ltr'>ﬁdem,</span> <span class='ocrx_word' id='word_1_615' title='bbox 663 5019 821 5077; x_wconf 88' lang='lat' dir='ltr'>illinc</span> <span class='ocrx_word' id='word_1_616' title='bbox 837 5036 974 5080; x_wconf 89' lang='lat' dir='ltr'>vero</span> <span class='ocrx_word' id='word_1_617' title='bbox 1003 5023 1078 5081; x_wconf 92' lang='lat' dir='ltr'>de</span> <span class='ocrx_word' id='word_1_618' title='bbox 1130 5040 1193 5082; x_wconf 89' lang='lat' dir='ltr'>se</span> <span class='ocrx_word' id='word_1_619' title='bbox 1221 5024 1360 5099; x_wconf 91' lang='lat' dir='ltr'>ipso</span> <span class='ocrx_word' id='word_1_620' title='bbox 1416 5028 1680 5088; x_wconf 88' lang='lat' dir='ltr'>modeste</span> <span class='ocrx_word' id='word_1_621' title='bbox 1736 5033 1975 5105; x_wconf 89' lang='lat' dir='ltr'>sapiens</span> <span class='ocrx_word' id='word_1_622' title='bbox 2018 5052 2088 5094; x_wconf 88' lang='lat' dir='ltr'>ac</span> 
     </span>
    </p>
   </div>
   <div class='ocr_carea' id='block_1_97' title="bbox 431 5104 705 5181">
    <p class='ocr_par' dir='ltr' id='par_1_97' title="bbox 431 5104 705 5181">
     <span class='ocr_line' id='line_1_97' title="bbox 431 5104 705 5181; baseline 0.015 -18"><span class='ocrx_word' id='word_1_623' title='bbox 431 5104 705 5181; x_wconf 89' lang='lat' dir='ltr'>loquens.</span> 
     </span>
    </p>
   </div>
   <div class='ocr_carea' id='block_1_98' title="bbox 436 5249 1538 5362">
    <p class='ocr_par' dir='ltr' id='par_1_98' title="bbox 436 5249 1538 5362">
     <span class='ocr_line' id='line_1_98' title="bbox 436 5249 1538 5362; baseline 0.004 -13"><span class='ocrx_word' id='word_1_624' title='bbox 436 5249 447 5255; x_wconf 33' lang='lat'><strong><em>-</em></strong></span> <span class='ocrx_word' id='word_1_625' title='bbox 503 5285 550 5324; x_wconf 82' lang='lat'>&#39;°</span> <span class='ocrx_word' id='word_1_626' title='bbox 578 5289 692 5350; x_wconf 69' lang='grc' dir='ltr'>ιω.</span> <span class='ocrx_word' id='word_1_627' title='bbox 723 5304 819 5361; x_wconf 70' lang='grc' dir='ltr'>ιι,</span> <span class='ocrx_word' id='word_1_628' title='bbox 846 5294 877 5350; x_wconf 87' lang='lat'><strong>3</strong></span> <span class='ocrx_word' id='word_1_629' title='bbox 991 5294 1034 5330; x_wconf 81' lang='lat'><strong>&quot;</strong></span> <span class='ocrx_word' id='word_1_630' title='bbox 1069 5291 1274 5355; x_wconf 73' lang='lat' dir='ltr'>Matth.</span> <span class='ocrx_word' id='word_1_631' title='bbox 1300 5310 1443 5362; x_wconf 86' lang='lat' dir='ltr'>xvn,</span> <span class='ocrx_word' id='word_1_632' title='bbox 1477 5300 1538 5353; x_wconf 83' lang='lat' dir='ltr'>t5</span> 
     </span>
    </p>
   </div>
   <div class='ocr_carea' id='block_1_99' title="bbox 2203 4587 3817 4670">
    <p class='ocr_par' dir='ltr' id='par_1_99' title="bbox 2203 4587 3817 4670">
     <span class='ocr_line' id='line_1_99' title="bbox 2203 4587 3817 4670; baseline 0.008 -31"><span class='ocrx_word' id='word_1_633' title='bbox 2203 4588 2291 4640; x_wconf 85' lang='grc' dir='ltr'>λαι</span> <span class='ocrx_word' id='word_1_634' title='bbox 2342 4587 2402 4639; x_wconf 86' lang='grc' dir='ltr'>ἆν</span> <span class='ocrx_word' id='word_1_635' title='bbox 2467 4587 2700 4641; x_wconf 79' lang='grc' dir='ltr'>ἀπώλεσε</span> <span class='ocrx_word' id='word_1_636' title='bbox 2755 4599 2957 4658; x_wconf 79' lang='grc' dir='ltr'>τοῦτον,</span> <span class='ocrx_word' id='word_1_637' title='bbox 3022 4593 3066 4645; x_wconf 86' lang='grc' dir='ltr'>εἰ</span> <span class='ocrx_word' id='word_1_638' title='bbox 3143 4599 3216 4666; x_wconf 80' lang='grc' dir='ltr'>μὴ</span> <span class='ocrx_word' id='word_1_639' title='bbox 3299 4598 3467 4649; x_wconf 84' lang='grc' dir='ltr'>θεόθεν</span> <span class='ocrx_word' id='word_1_640' title='bbox 3546 4595 3817 4670; x_wconf 79' lang='grc' dir='ltr'>ἀνεχαιτί-</span> 
     </span>
    </p>
   </div>
   <div class='ocr_carea' id='block_1_100' title="bbox 2205 4677 2342 4739">
    <p class='ocr_par' dir='ltr' id='par_1_100' title="bbox 2205 4677 2342 4739">
     <span class='ocr_line' id='line_1_100' title="bbox 2205 4677 2342 4739; baseline 0.029 -10"><span class='ocrx_word' id='word_1_641' title='bbox 2205 4677 2342 4739; x_wconf 80' lang='grc' dir='ltr'>ζετο.</span> 
     </span>
    </p>
   </div>
   <div class='ocr_carea' id='block_1_101' title="bbox 2274 4765 3815 4848">
    <p class='ocr_par' dir='ltr' id='par_1_101' title="bbox 2274 4765 3815 4848">
     <span class='ocr_line' id='line_1_101' title="bbox 2274 4765 3815 4848; baseline 0.006 -26"><span class='ocrx_word' id='word_1_642' title='bbox 2274 4765 2409 4822; x_wconf 85' lang='grc' dir='ltr'>Ἀλλ’</span> <span class='ocrx_word' id='word_1_643' title='bbox 2451 4770 2495 4820; x_wconf 86' lang='grc' dir='ltr'>εἰ</span> <span class='ocrx_word' id='word_1_644' title='bbox 2548 4786 2596 4820; x_wconf 90' lang='grc' dir='ltr'>τι</span> <span class='ocrx_word' id='word_1_645' title='bbox 2642 4799 2705 4808; x_wconf 92' lang='grc'><strong>-</strong></span> <span class='ocrx_word' id='word_1_646' title='bbox 2738 4769 2896 4841; x_wconf 82' lang='grc' dir='ltr'>ἡμᾶς.</span> <span class='ocrx_word' id='word_1_647' title='bbox 2948 4770 3124 4846; x_wconf 78' lang='grc' dir='ltr'>Ὁρᾷς,</span> <span class='ocrx_word' id='word_1_648' title='bbox 3184 4781 3294 4835; x_wconf 85' lang='grc' dir='ltr'>πῶς</span> <span class='ocrx_word' id='word_1_649' title='bbox 3346 4774 3439 4827; x_wconf 76' lang='grc' dir='ltr'>οὐκ</span> <span class='ocrx_word' id='word_1_650' title='bbox 3489 4772 3601 4848; x_wconf 83' lang='grc' dir='ltr'>εἶχε</span> <span class='ocrx_word' id='word_1_651' title='bbox 3631 4781 3815 4831; x_wconf 87' lang='grc' dir='ltr'>πίστιν</span> 
     </span>
    </p>
   </div>
   <div class='ocr_carea' id='block_1_102' title="bbox 2202 4854 2546 4911">
    <p class='ocr_par' dir='ltr' id='par_1_102' title="bbox 2202 4854 2546 4911">
     <span class='ocr_line' id='line_1_102' title="bbox 2202 4854 2546 4911; baseline 0.006 -2"><span class='ocrx_word' id='word_1_652' title='bbox 2202 4854 2546 4911; x_wconf 69' lang='grc' dir='ltr'>ἁδίστακτον.</span> 
     </span>
    </p>
   </div>
   <div class='ocr_carea' id='block_1_103' title="bbox 2269 4942 3811 5025">
    <p class='ocr_par' dir='ltr' id='par_1_103' title="bbox 2269 4942 3811 5025">
     <span class='ocr_line' id='line_1_103' title="bbox 2269 4942 3811 5025; baseline 0.006 -26"><span class='ocrx_word' id='word_1_653' title='bbox 2269 4946 2327 4999; x_wconf 81' lang='grc' dir='ltr'><strong>Ὀ</strong></span> <span class='ocrx_word' id='word_1_654' title='bbox 2386 4942 2445 4999; x_wconf 71' lang='grc' dir='ltr'>δὲ</span> <span class='ocrx_word' id='word_1_655' title='bbox 2492 4947 2700 5007; x_wconf 81' lang='grc' dir='ltr'>Ἰησοῦς</span> <span class='ocrx_word' id='word_1_656' title='bbox 2752 4978 2821 4987; x_wconf 93' lang='lat'><em>—</em></span> <span class='ocrx_word' id='word_1_657' title='bbox 2871 4952 3194 5006; x_wconf 78' lang='grc' dir='ltr'>πιστεύοντι.</span> <span class='ocrx_word' id='word_1_658' title='bbox 3260 4960 3332 5025; x_wconf 73' lang='grc' dir='ltr'>Τῇ</span> <span class='ocrx_word' id='word_1_659' title='bbox 3408 4958 3597 5007; x_wconf 81' lang='grc' dir='ltr'>πίστει</span> <span class='ocrx_word' id='word_1_660' title='bbox 3648 4954 3811 5008; x_wconf 76' lang='grc' dir='ltr'>αὐτοῦ</span> 
     </span>
    </p>
   </div>
   <div class='ocr_carea' id='block_1_104' title="bbox 2196 5032 3813 5117">
    <p class='ocr_par' dir='ltr' id='par_1_104' title="bbox 2196 5032 3813 5117">
     <span class='ocr_line' id='line_1_104' title="bbox 2196 5032 3813 5117; baseline 0.006 -29"><span class='ocrx_word' id='word_1_661' title='bbox 2196 5040 2289 5094; x_wconf 81' lang='grc' dir='ltr'>τὴν</span> <span class='ocrx_word' id='word_1_662' title='bbox 2322 5032 2543 5108; x_wconf 71' lang='grc' dir='ltr'>δύναμιν</span> <span class='ocrx_word' id='word_1_663' title='bbox 2584 5035 2821 5095; x_wconf 76' lang='grc' dir='ltr'>ἀνέθηκε.</span> <span class='ocrx_word' id='word_1_664' title='bbox 2873 5044 3037 5092; x_wconf 78' lang='grc' dir='ltr'>Τοῦτο</span> <span class='ocrx_word' id='word_1_665' title='bbox 3082 5044 3194 5112; x_wconf 79' lang='grc' dir='ltr'>μεν,</span> <span class='ocrx_word' id='word_1_666' title='bbox 3252 5048 3667 5117; x_wconf 81' lang='grc' dir='ltr'>προτρεπόμενος</span> <span class='ocrx_word' id='word_1_667' title='bbox 3720 5045 3813 5098; x_wconf 71' lang='grc' dir='ltr'>αὖ·</span> 
     </span>
    </p>
   </div>
   <div class='ocr_carea' id='block_1_105' title="bbox 2199 5123 3519 5205">
    <p class='ocr_par' dir='ltr' id='par_1_105' title="bbox 2199 5123 3519 5205">
     <span class='ocr_line' id='line_1_105' title="bbox 2199 5123 3519 5205; baseline 0.006 -27"><span class='ocrx_word' id='word_1_668' title='bbox 2199 5128 2285 5178; x_wconf 88' lang='grc' dir='ltr'>τόν</span> <span class='ocrx_word' id='word_1_669' title='bbox 2312 5125 2379 5187; x_wconf 88' lang='grc' dir='ltr'>εἰς</span> <span class='ocrx_word' id='word_1_670' title='bbox 2407 5129 2605 5191; x_wconf 78' lang='grc' dir='ltr'>πίστιν,</span> <span class='ocrx_word' id='word_1_671' title='bbox 2639 5134 2796 5179; x_wconf 82' lang='grc' dir='ltr'>τοῦτο</span> <span class='ocrx_word' id='word_1_672' title='bbox 2832 5123 2908 5199; x_wconf 70' lang='grc' dir='ltr'>δὲ,</span> <span class='ocrx_word' id='word_1_673' title='bbox 2938 5139 3314 5205; x_wconf 77' lang='grc' dir='ltr'>μετριοφρονῶν</span> <span class='ocrx_word' id='word_1_674' title='bbox 3342 5132 3519 5195; x_wconf 68' lang='grc' dir='ltr'>αὐτὸς.</span> 
     </span>
    </p>
   </div>
   <div class='ocr_carea' id='block_1_106' title="bbox 1722 5476 2637 5599">
    <p class='ocr_par' dir='ltr' id='par_1_106' title="bbox 1722 5476 2637 5599">
     <span class='ocr_line' id='line_1_106' title="bbox 1722 5476 2637 5599; baseline 0.001 -51"><span class='ocrx_word' id='word_1_675' title='bbox 1722 5476 1946 5548; x_wconf 74' lang='lat' dir='ltr'>Variae</span> <span class='ocrx_word' id='word_1_676' title='bbox 1984 5477 2314 5599; x_wconf 71' lang='lat' dir='ltr'>lectiones</span> <span class='ocrx_word' id='word_1_677' title='bbox 2337 5490 2402 5550; x_wconf 92' lang='lat' dir='ltr'>et</span> <span class='ocrx_word' id='word_1_678' title='bbox 2432 5488 2637 5549; x_wconf 70' lang='lat' dir='ltr'>notae.</span> 
     </span>
    </p>
   </div>
   <div class='ocr_carea' id='block_1_107' title="bbox 499 5658 1291 5802">
    <p class='ocr_par' dir='ltr' id='par_1_107' title="bbox 499 5658 1291 5802">
     <span class='ocr_line' id='line_1_107' title="bbox 499 5658 1291 5802; baseline 0.011 -87"><span class='ocrx_word' id='word_1_679' title='bbox 499 5658 619 5802; x_wconf 48' lang='lat'>£62)</span> <span class='ocrx_word' id='word_1_680' title='bbox 648 5660 779 5719; x_wconf 69' lang='lat' dir='ltr'>Hac</span> <span class='ocrx_word' id='word_1_681' title='bbox 808 5662 870 5720; x_wconf 90' lang='lat' dir='ltr'>in</span> <span class='ocrx_word' id='word_1_682' title='bbox 922 5666 1197 5738; x_wconf 86' lang='lat' dir='ltr'>margine</span> <span class='ocrx_word' id='word_1_683' title='bbox 1226 5669 1291 5724; x_wconf 86' lang='lat' dir='ltr'>A.</span> 
     </span>
     <span class='ocr_line' id='line_1_108' title="bbox 522 5732 1291 5802; baseline 0.021 -16"><span class='ocrx_word' id='word_1_684' title='bbox 522 5732 612 5802; x_wconf 86' lang='lat'>63)</span> <span class='ocrx_word' id='word_1_685' title='bbox 645 5734 786 5799; x_wconf 67' lang='lat' dir='ltr'>Quae</span> <span class='ocrx_word' id='word_1_686' title='bbox 806 5735 901 5793; x_wconf 87' lang='lat' dir='ltr'>hic</span> <span class='ocrx_word' id='word_1_687' title='bbox 931 5740 1009 5794; x_wconf 89' lang='lat' dir='ltr'>ab</span> <span class='ocrx_word' id='word_1_688' title='bbox 1035 5738 1204 5800; x_wconf 88' lang='lat' dir='ltr'>initio</span> <span class='ocrx_word' id='word_1_689' title='bbox 1234 5741 1291 5802; x_wconf 64' lang='lat' dir='ltr'>si;</span> 
     </span>
    </p>
   </div>
   <div class='ocr_carea' id='block_1_108' title="bbox 522 5732 2078 5818">
    <p class='ocr_par' dir='ltr' id='par_1_108' title="bbox 522 5732 2078 5818">
     <span class='ocr_line' id='line_1_109' title="bbox 522 5732 2078 5818; baseline 0.015 -32"><span class='ocrx_word' id='word_1_690' title='bbox 522 5732 612 5803; x_wconf 86' lang='lat'>63)</span> <span class='ocrx_word' id='word_1_691' title='bbox 645 5734 786 5799; x_wconf 67' lang='lat' dir='ltr'>Quae</span> <span class='ocrx_word' id='word_1_692' title='bbox 806 5735 901 5793; x_wconf 87' lang='lat' dir='ltr'>hic</span> <span class='ocrx_word' id='word_1_693' title='bbox 931 5740 1009 5794; x_wconf 88' lang='lat' dir='ltr'>ab</span> <span class='ocrx_word' id='word_1_694' title='bbox 1035 5732 1204 5800; x_wconf 75' lang='lat' dir='ltr'>initio</span> <span class='ocrx_word' id='word_1_695' title='bbox 1234 5741 1419 5813; x_wconf 87' lang='lat' dir='ltr'>signis</span> <span class='ocrx_word' id='word_1_696' title='bbox 1461 5742 1831 5818; x_wconf 88' lang='lat' dir='ltr'>inclusimus,</span> <span class='ocrx_word' id='word_1_697' title='bbox 1880 5763 1953 5808; x_wconf 89' lang='lat' dir='ltr'>ea</span> <span class='ocrx_word' id='word_1_698' title='bbox 1982 5764 2078 5809; x_wconf 91' lang='lat' dir='ltr'>co-</span> 
     </span>
    </p>
   </div>
   <div class='ocr_carea' id='block_1_109' title="bbox 2164 5676 3806 5757">
    <p class='ocr_par' dir='ltr' id='par_1_109' title="bbox 2164 5676 3806 5757">
     <span class='ocr_line' id='line_1_110' title="bbox 2164 5676 3806 5757; baseline 0.006 -25"><span class='ocrx_word' id='word_1_699' title='bbox 2164 5676 2376 5757; x_wconf 58' lang='lat' dir='ltr'>;dex__B</span> <span class='ocrx_word' id='word_1_700' title='bbox 2422 5676 2541 5757; x_wconf 72' lang='lat' dir='ltr'>bic_</span> <span class='ocrx_word' id='word_1_701' title='bbox 2568 5676 2641 5757; x_wconf 81' lang='lat' dir='ltr'>in_</span> <span class='ocrx_word' id='word_1_702' title='bbox 2685 5678 2805 5757; x_wconf 85' lang='lat' dir='ltr'>ﬁne</span> <span class='ocrx_word' id='word_1_703' title='bbox 2856 5681 3275 5757; x_wconf 62' lang='lat' dir='ltr'>post_’1mdwqu</span> <span class='ocrx_word' id='word_1_704' title='bbox 3334 5680 3525 5750; x_wconf 89' lang='lat' dir='ltr'>addit,</span> <span class='ocrx_word' id='word_1_705' title='bbox 3556 5683 3806 5757; x_wconf 65' lang='lat' dir='ltr'>preﬁxa</span> 
     </span>
    </p>
   </div>
   <div class='ocr_carea' id='block_1_110' title="bbox 2140 5740 3342 5823">
    <p class='ocr_par' dir='ltr' id='par_1_110' title="bbox 2140 5740 3342 5823">
     <span class='ocr_line' id='line_1_111' title="bbox 2140 5740 3342 5823; baseline 0.003 -14"><span class='ocrx_word' id='word_1_706' title='bbox 2140 5740 2482 5823; x_wconf 51' lang='lat' dir='ltr'>tparticula</span> <span class='ocrx_word' id='word_1_707' title='bbox 2511 5751 2567 5811; x_wconf 80' lang='grc' dir='ltr'><strong>ἤ.</strong></span> <span class='ocrx_word' id='word_1_708' title='bbox 2602 5740 2956 5811; x_wconf 66' lang='grc' dir='ltr'>ϐαι-θὺειίϋε</span> <span class='ocrx_word' id='word_1_709' title='bbox 2993 5753 3342 5813; x_wconf 84' lang='lat' dir='ltr'>Hentenius.</span> 
     </span>
    </p>
   </div>
  </div>
