4074 6384
194 364 302 422 821

309 491 406 545 Καὶ
434 486 623 547 εὐθέως
650 514 721 525 --
747 500 847 556 μου
887 486 948 554 τῇ
993 476 1236 548 ἀπιστίᾳ.
1276 480 1349 547 Τῇ
1384 474 1549 546 μέχρι
1584 474 1693 521 νῦν.

271 682 420 741 Ἰδὼν
472 713 542 724 —-
571 680 876 756 ἀκαθάρτῳ.
899 679 1113 749 Ταχέως
1143 670 1381 729 ἀπήλασε
1410 671 1468 722 τὸ
1513 664 1805 738 δαιμόνιον,

205 780 291 831 ἵνα
318 781 388 849 μή
418 774 519 827 ὑπὸ
545 771 789 825 πλέιόνων
815 768 1067 842 κροτηθῇ.

277 870 455 937 Λίγων
522 893 592 904 -
646 859 827 914 αὐτοῦ.
880 857 1013 929 Ἐγώ
1094 873 1181 907 σοι
1237 851 1529 918 ἐπιτάσσω,
1601 846 1654 897 ὃν
1729 839 1809 894 οἶ-

206 954 324 1018 δας.

280 1049 382 1100 Καὶ
412 1072 478 1085 —
507 1040 684 1095 αὐτόν.
739 1044 903 1093 Τοῦτο
954 1032 1084 1106 εἶπε,
1115 1026 1393 1106 προειδὼς,
1427 1029 1508 1080 ὅτι
1542 1026 1629 1078 καὶ
1662 1018 1813 1080 αὖύις

206 1134 406 1208 ἔμελλεν
440 1131 592 1196 ἀξίως
613 1124 949 1187 ἐπιπηδήσαι
988 1123 1152 1195 αύτῷ,
1187 1118 1282 1175 διὰ
1318 1124 1413 1178 τήν
1442 1116 1690 1169 ἀπιστίαν
1722 1107 1810 1162 αὖ·

202 1233 316 1280 τοῦ.
379 1222 576 1277 κωλύει
619 1215 707 1273 οὖν
739 1217 888 1285 αύτὸ,
918 1216 999 1267 ἶνα
1028 1219 1099 1287 μὴ
1144 1209 1270 1285 δόξῃ
1305 1211 1386 1262 ὅτι
1443 1206 1537 1260 οὐκ
1567 1201 1809 1260 ἀπηλάθη

205 1318 477 1390 πρότερον.

287 1514 387 1564 Καὶ
414 1507 693 1583 κράξαν-
716 1498 1182 1575 ἀνέστη.”Εκραξε,
1214 1501 1488 1569 σημαῖνον,
1523 1493 1603 1545 ὃτι
1626 1489 1817 1564 βιαίως

210 1599 547 1653 ἀπελαύνεται
557 1639 569 1651 .

290 1802 392 1851 Καὶ
448 1794 744 1848 εἰσελθόντα
823 1820 892 1830 ——
946 1788 1075 1841 αύτό

213 1886 385 1942 διατί.
421 1885 572 1939 Ούτω
616 1884 719 1956 γὰρ
785 1875 918 1933 εἶπεν
971 1879 996 1930 ὁ
1052 1877 1317 1935 Ματθαῖος
1377 1893 1389 1905 -
1423 1874 1453 1932 ἦ
1504 1875 1561 1924 τὸ
1616 1868 1821 1944 ἐπηρω-

211 1998 312 2031 των
370 1975 545 2039 αὐτὸν,
627 1971 742 2024 ἀντὶ
817 1976 931 2033 τοῦ,
997 1967 1163 2038 ἔλεγον
1221 1964 1381 2034 αύτῷ.
1462 1960 1652 2014 Πολλαὶ
1715 1960 1817 2032 γὰρ

212 2074 457 2119 τοιαῦται
507 2064 871 2135 καταχρήσεις
912 2060 1057 2133 παρὰ
1106 2063 1178 2125 τῷ
1227 2056 1446 2127 Μάρκῳ.
1502 2054 1720 2125 Εἴρηται
1761 2044 1820 2100 δι

212 2161 305 2208 καὶ
328 2159 448 2230 περὶ
494 2154 690 2212 ταύτης
721 2156 815 2211 τῆς
840 2146 1139 2222 ἐρωτήσεως
1170 2144 1220 2197 ἐν
1250 2152 1322 2214 τῷ
1355 2139 1641 2200 δηλωθέντι
1670 2157 1821 2211 κεφα-

209 2245 363 2299 λαίω.

290 2534 392 2584 Καὶ
426 2529 561 2582 εἶπεν
600 2556 670 2569 -
696 2527 932 2596 νηστείᾳ.
975 2522 1058 2575 Ἐν
1086 2517 1260 2574 οὐδενὶ
1293 2519 1444 2592 ίτίρῳ
1470 2519 1664 2591 τρόπῳ.
1691 2515 1825 2568 Ἐκεῖ

216 2618 278 2675 δὲ
308 2624 399 2672 καὶ
427 2622 547 2694 περὶ
572 2618 757 2669 τούτου
798 2611 1119 2671 διείληπται.

292 2714 393 2764 Καὶ
413 2708 600 2761 ἐκεῖθεν
631 2704 906 2769 ἐξελθόντες
930 2734 999 2742 —
1022 2710 1148 2774 γνῷ.
1173 2703 1323 2752 Διατί
1351 2697 1445 2750 ούκ
1475 2694 1641 2762 ἤθελε,
1671 2692 1828 2753 δηλοῖ

214 2802 273 2852 τὸ
316 2798 649 2871 ἐπαγὸμωον,
708 2796 790 2847 ἵνα
821 2790 1013 2867 μηδεὶς
1043 2792 1211 2865 ἔτερος
1248 2790 1414 2861 μάθῃ,
1472 2790 1592 2858 περὶ
1616 2785 1683 2836 ὧν
1712 2788 1827 2837 τότε

220 2883 501 2958 διελέγετο.

292 2973 582 3030 Ἐδίδασκε
619 3005 681 3015 -
716 2971 1090 3031 ἀναστήσεται.
1126 2972 1341 3043 Εἴρηται
1369 2970 1460 3019 καὶ
1485 2968 1604 3037 περὶ
1642 2964 1827 3016 τούτου

222 3064 306 3119 ἐπὶ
342 3065 519 3128 τέλους
561 3071 652 3118 τοῦ
706 3063 951 3139 ῥηθέντος
1008 3064 1325 3136 τριακοστοῡ
1372 3059 1609 3128 πέμπτου
1666 3072 1829 3125 κεφα-

219 3154 393 3209 λαίου.

294 3247 361 3297 Οἱ
411 3240 471 3298 δὲ
529 3274 598 3283 -
655 3240 981 3317 ἐπερωτῆσαι
1034 3278 1047 3292 .

220 3354 335 3389 του.

1116 3238 1341 3311 Ὁμοίως
1396 3239 1488 3288 καὶ
1542 3236 1662 3309 περὶ
1713 3233 1830 3286 τού-

293 3446 443 3495 ΚΕΦ.
488 3440 608 3495 ΚΖ’.
647 3442 769 3513 Περὶ
806 3445 905 3490 τῶν
933 3433 1393 3508 διαλογιζομένων,
1421 3437 1499 3492 τίς
1543 3431 1754 3504 μείζων.

293 3536 396 3585 Καὶ
448 3526 599 3589 ἦλθεν
674 3558 741 3569 —
808 3527 1020 3600 μείζων.
1093 3525 1362 3579 Ἐσιώπων
1439 3521 1827 3593 αἰσχυνθέντες,

218 3624 286 3683 ὡς
317 3618 427 3679 ἤδη
479 3620 945 3691 καταγνωσθέντες.
999 3614 1409 3687 Παρεσημειώθη
1452 3608 1512 3665 δὲ
1556 3613 1672 3684 περὶ
1705 3612 1826 3662 τού-

219 3728 310 3762 του
338 3707 387 3761 iv
417 3716 491 3780 τῷ
524 3715 822 3784 τριακοστῷ
852 3701 1060 3778 ἑϐδόμῳ
1098 3702 1359 3775 κεφαλαίῳ
1406 3708 1498 3754 τοῦ
1553 3702 1689 3753 κατὰ
1716 3706 1828 3753 Μα-

221 3801 423 3852 τθαῑον.

293 3892 397 3941 Καὶ
445 3888 672 3948 καθίσας
732 3915 801 3926 -
842 3880 1044 3944 δοῦλος.
1089 3884 1279 3957 Εἶρηκε
1326 3888 1478 3933 τοῦτο
1521 3883 1610 3933 καὶ
1663 3879 1710 3932 ἐν
1758 3888 1832 3952 τῷ

657 3936 672 3948 .
852 3936 859 3937 κ
1010 3936 1024 3944 .
1150 3936 1159 3957 ,
1203 3936 1212 3940 -

219 3984 633 4051 τεσσαρακοστῷ
687 3979 843 4048 τρίτῳ
889 3971 1150 4045 κεφαλαίῳ
1201 3978 1293 4024 τοῦ
1342 3974 1479 4024 κατά
1539 3936 1828 4034 Ματθαίού,

220 4070 311 4118 καὶ
394 4066 627 4127 ζήτησον
694 4068 815 4138 περὶ
868 4066 928 4115 τὸ
1003 4064 1160 4134 μέσον
1212 4068 1302 4113 τοῦ
1385 4062 1625 4112 τοιούτου
1681 4078 1833 4131 κεφα-

222 4161 394 4209 λαίου.

296 4250 399 4299 Καὶ
427 4241 594 4297 λαϐὼν
631 4273 687 4284 -
730 4245 817 4295 τὸν
847 4239 1229 4294 ἀποστείλαντά
1259 4258 1341 4311 με.
1374 4242 1480 4313 Πρὸ
1518 4240 1704 4291 τούτου
1742 4242 1834 4290 καὶ

221 4337 372 4411 ἔτερα
402 4331 556 4396 εἶπεν,
589 4332 718 4405 οἷπερ
750 4334 776 4384 ὁ
829 4333 1096 4391 Mai-Gaio;
1126 4328 1405 4402 ἀνέγραψε,
1445 4333 1564 4403 περὶ
1602 4327 1669 4379 ὧν
1704 4329 1833 4400 ὁμοῦ

220 4428 426 4477 πάντων
464 4422 513 4476 ἄν
544 4431 616 4493 τῷ
641 4429 940 4498 τριακοστῷ
969 4416 1177 4492 ἑϐδόμῳ
1201 4417 1460 4491 κεφαλαίῳ
1486 4425 1577 4470 τοῦ
1598 4419 1712 4470 κατ’
1738 4417 1835 4469 αύ-

221 4518 307 4566 τὸν
340 4511 657 4583 Εύαγγελίου
686 4509 1135 4581 λελεπτολόγηται.

294 4603 576 4677 Ἀπεκρίθη
634 4630 700 4641 -
756 4601 904 4672 ἡμῖν.
937 4600 1238 4672 Προσέθηκε
1263 4601 1353 4649 καὶ
1400 4600 1494 4655 τήν
1545 4596 1716 4649 αἰτίαν
1744 4605 1835 4659 τῆς

222 4691 514 4755 κωλύσεως,
552 4691 630 4743 ὄτι
660 4688 754 4741 ούκ
785 4687 1056 4740 ἀκολουθεί
1089 4688 1234 4759 ἡμῖν.
1266 4688 1410 4746 Τινὲς
1438 4688 1537 4759 γὰρ
1574 4694 1672 4738 τῶν
1700 4706 1832 4739 πισ-

224 4782 537 4845 τευσάντων,
572 4781 720 4851 ἔρωτι
748 4773 1215 4848 δόξης,ἐμιμοῡντο
1242 4777 1359 4835 τούς
1384 4772 1725 4841 ἀποστόλους,
1744 4781 1834 4829 καὶ

223 4878 284 4943 τῇ
330 4868 602 4926 ἐπικλήσει
622 4874 715 4920 τοῦ
755 4866 1008 4939 ὀνοματος
1044 4872 1136 4917 τοῦ
1162 4871 1397 4940 Χριστοῦ
1430 4860 1681 4935 δαίμονας
1703 4862 1835 4922 ἀπή-

223 4959 429 5023 λαυνον,
485 4956 578 5010 ούκ
608 4955 925 5015 ἠκολούθουν
957 4950 1016 5007 δι
1055 4953 1223 5020 αύτοῖ,
1285 4950 1379 5005 διὰ
1406 4957 1499 5011 τὴν
1531 4951 1833 5027 ἐγκράτειαν

226 5056 317 5105 καὶ
349 5050 666 5125 σκληραγωγ
674 5053 753 5102 ίαν
782 5048 973 5102 αὐτῶν.

297 5230 357 5282 Ὀ
411 5225 472 5283 δε
530 5229 736 5290 Ἰησοῦς
788 5258 857 5267 -
921 5222 1280 5297 κακολογῆσαί
1338 5242 1422 5296 με.
1484 5221 1833 5296 Δοξαζόμενος

224 5323 329 5392 γὰρ
363 5316 458 5372 διὰ
485 5325 579 5370 τοῦ
620 5316 869 5389 ὀνόματος
931 5334 1053 5387 μου,
1113 5310 1351 5387 βραδέως
1407 5314 1468 5365 ἄν
1513 5332 1576 5385 με
1623 5313 1834 5366 κιαολο-

224 5416 395 5482 γήσῃ,
427 5411 713 5478 τουτέστιν,
770 5406 864 5468 ἕως
909 5403 969 5456 ἂν
1003 5403 1093 5478 ἐρᾷ
1147 5401 1304 5467 δόξης
1348 5407 1437 5455 καὶ
1464 5411 1586 5476 ποιῇ
1642 5412 1835 5475 σημεῖα

227 5496 323 5553 διὰ
352 5505 444 5550 τοῦ
502 5496 756 5569 ὀνόματός
791 5514 915 5568 μου,
949 5494 1043 5546 ούκ
1082 5493 1142 5545 ἂν
1173 5492 1539 5566 βλασφημήσῃ
1582 5512 1664 5565 με.
1706 5502 1834 5547 Συν-

226 5593 420 5663 εχώρει
460 5582 521 5639 δί
557 5589 649 5638 καὶ
697 5587 904 5647 τούτοις
972 5586 1406 5657 θαυματουργεῖν,
1461 5583 1573 5653 ἅμα
1601 5585 1713 5653 μὲν,
1765 5585 1837 5649 εἰς

297 5742 344 5775 ⁸³
372 5737 572 5796 Matth.
607 5750 746 5793 xvu.
781 5734 868 5791 t9.

1400 337 1772 403 COMMENT.
1812 333 1883 392 IN
1924 328 2260 390 MARCUM.
2308 355 2376 368 -
2413 321 2570 383 CAP.
2612 318 2705 377 1X.

1833 461 1884 549 A_
1949 529 1955 535 ε
1985 461 2152 517 Vers.
2195 458 2285 513 24.
2316 450 2647 522 Statimque
2678 474 2743 488 —-
2773 436 3195 500 incredulitati
3226 447 3388 499 meae,
3438 394 3587 496 Quae

1913 552 2204 608 hactenus
2233 544 2362 601 fuit.

1136 1803 1149 1853 ;
1212 1788 1283 1842 Τὸ
1360 1785 1460 1853 ὅτι,
1524 1779 1640 1833 ἀντὶ
1703 1785 1818 1848 τοῦ,

1956 1819 2091 1860 tunc
2122 1798 2419 1871 signiﬁcat
2447 1774 2634 1867 q—uare
2664 1810 2677 1847 :
2712 1789 2794 1845 ita
2818 1785 2980 1843 enim
3009 1779 3157 1838 dixit
3189 1774 3459 1834 Matthaeu

3468 303 3576 359 822

1987 640 2153 695 Vers.
2172 641 2259 692 25.
2296 635 2444 689 Cum
2474 628 2709 687 vidisset
2734 656 2802 664 —
2826 616 3148 678 immundo.
3173 611 3383 671 Statim
3399 622 3583 683 expu-

1914 729 1983 787 lit
2005 729 2344 785 daamonem
2372 736 2446 777 ne
2477 718 2698 774 diutius
2729 713 2824 769 ille
2850 710 3209 767 vexaretur.‘

1940 785 2157 875 'VVers.
2216 819 2303 871 25.
2359 811 2567 867 Dicens
2610 836 2668 848 —
2713 818 2797 861 eo.
2841 802 2963 871 Ego
3002 810 3187 870 quem
3237 790 3413 854 nosti,
3478 785 3584 845 tibi

1921 905 2221 980 praecipio.

1998 963 2152 1052 Vers.
2183 998 2273 1052 25.
2300 988 2537 1054 Et—in
2566 1001 2718 1044 eum.
2751 976 3033 1037 Hocdixit
3050 969 3385 1054 prmvidens
3415 963 3586 1040 quod

1922 1089 2190 1145 futurum
2217 1086 2360 1149 erat,
2394 1083 2461 1135 ut
2484 1077 2707 1147 dignus
2743 1073 2899 1128 esset
2924 1070 3166 1141 propter
3191 1052 3365 1117 suam
3392 1057 3586 1114 incre-

1923 1177 2256 1238 dulitatem,
2274 1145 2599 1227 ut’rursum
2622 1163 2700 1221 ad
2726 1177 2864 1217 eum
2886 1156 3294 1215 reverteretur.
3309 1145 3588 1205 Prohibet

1923 1282 2066 1338 ergo
2109 1280 2270 1331 eum,
2303 1275 2377 1317 ne
2408 1257 2687 1329 cuiquam
2734 1249 3028 1316 videatur,
3057 1241 3225 1316 quod
3253 1237 3422 1312 prius
3460 1246 3588 1291 non

1923 1357 2094 1414 fuerit
2129 1354 2375 1427 ejectus.
3101 1372 3107 1381 ι

1997 1416 2180 1502 Vers.-
2208 1446 2299 1499 26.
2355 1441 2433 1496 Et
2481 1451 2615 1494 cum
2656 1428 2969 1489 clamasset
2998 1454 3066 1464 —
3108 1420 3269 1477 Vers.
3320 1416 3411 1474 27.
3454 1427 3591 1502 sur-

1926 1500 2101 1595 rexit:
2138 1529 2445 1595 Clamavit,
2468 1521 2817 1599 signiﬁcans
2842 1512 3009 1591 quod
3028 1508 3317 1569 violenter
3340 1500 3594 1577 expelle-

1928 1628 2108 1682 retur.

1999 1679 2158 1770 vers.
2197 1714 2287 1767 28.
2321 1710 2580 1778 Cumque
2618 1702 2915 1772 ingressus
2952 1698 3087 1752 esset
3113 1719 3184 1731 --
3211 1683 3435 1745 illum?
3471 1679 3598 1735 Ὀτι

3464 1788 3491 1827 s
3521 1771 3597 1827 ".'

1930 1900 2040 1949 Aut
2097 1895 2374 1965 ἐπηρώτων
2441 1886 2618 1949 αὐτὸν,
2674 1877 2804 1950 capi
2872 1874 3084 1947 potest,
3145 1883 3216 1924 ac
3285 1862 3338 1919 si
3403 1860 3592 1925 dicas,

1927 1948 2207 2039 dicebani
2230 1979 2301 2034 ei.
2336 1974 2523 2033 Multae
2540 1948 2839 2043 siquidem
2867 1956 3221 2033 hujusmodi
3243 1948 3599 2043 improprie-

1927 2036 2091 2133 tates
2112 2036 2296 2143 apud
2340 2036 3030 2131 Marcum-reperiuntur.
3062 2051 3130 2104 Et
3175 2047 3257 2098 ὅτι
3304 2036 3602 2112 signiﬁcat

1928 2131 2116 2238 quod,
2144 2131 2235 2216 vel
2250 2154 2542 2217 abundat,
2560 2148 2724 2224 quod
2750 2146 3033 2217 frequens
3048 2140 3140 2195 est
3151 2133 3315 2207 apud
3334 2131 3598 2238 Grmjcos.

2208 2251 2298 2306 est
2326 2248 2530 2302 autem
2558 2218 2634 2297 de
2671 2238 2782 2294 hac
2811 2226 3273 2301 interrogatione
3310 2218 3598 2309 praedicto

1932 2341 2145 2415 capite.
2852 2328 2853 2331 “
3373 2308 3380 2315 ’

2004 2397 2171 2488 item.
2202 2432 2290 2485 29.
2322 2425 2397 2482 Et
2411 2422 2568 2480 dixit
2594 2449 2660 2461 —
2678 2409 3123 2489 jejunium.Per
3151 2401 3386 2461 nullum
3411 2397 3597 2457 alium

1933 2520 2207 2580 modum.
2236 2515 2322 2573 lbi
2349 2516 2554 2571 autem
2584 2511 2643 2565 et
2669 2506 2740 2562 de
2764 2503 2881 2560 hoc
2910 2497 3283 2571 disputatum
3308 2491 3414 2580 est.

2005 2631 2172 2686 Vers.
2214 2629 2303 2683 30.
2342 2623 2575 2679 Etcum
2609 2596 2746 2674 inde
2770 2611 3029 2670 exissent
3056 2636 3126 2646 —
3167 2578 3371 2659 sciret;
3405 2598 3600 2686 Quare

1934 2684 2177 2778 noluit?
2222 2712 2394 2777 Quod
2440 2707 2708 2781 sequitur
2756 2698 3099 2758 manifestat
3140 2711 3155 2747 :
3204 2705 3281 2747 ne
3328 2684 3601 2745 videlicet

1935 2810 2255 2882 quisquam
2284 2778 2637 2869 intelligeret
2660 2808 2733 2850 ea
2750 2792 2825 2848 de
2850 2787 3075 2863 quibus
3101 2778 3525 2855 loquebantur.

2008 2865 2171 2954 Veis.
2222 2898 2310 2951 31.
2344 2865 2585 2947 Dicebat
2611 2915 2683 2926 —
2708 2880 2998 2951 resurget.
3031 2872 3265 2929 Dictum
3290 2870 3382 2925 est
3417 2865 3601 2923 etiam

1936 2989 2009 3046 de
2028 2951 2151 3043 boc
2180 2984 2242 3040 in
2255 2982 2375 3038 ﬁne
2386 2977 2525 3036 dicti
2557 2970 2838 3032 tricesimi
2860 2963 3054 3041 quinti
3066 2960 3275 3034 capitis
3294 2951 3599 3027 Evangelii

1938 3075 2270 3134 secundum
2298 3068 2654 3128 Matthaaum.

1865 3156 1912 3219 C
1939 3113 2653 3224 Wv::.“§."22'5i{:
2671 3151 3070 3217 interrogare.
3112 3113 3390 3212 Similiter
3428 3137 3487 3192 et
3524 3131 3603 3191 de

1936 3259 2073 3316 hoc.

1938 3402 2091 3459 CAP.
2124 3394 2338 3456 XXVII.
2368 3423 2436 3433 —-—
2466 3388 2545 3446 De
2574 3346 3180 3456 disputantibus,quis
3210 3372 3353 3459 esset
3380 3366 3602 3459 major.

2010 3456 2175 3548 Vers.
2222 3489 2308 3543 33.
2348 3484 2425 3539 Et
2453 3480 2608 3536 venit
2634 3507 2702 3516 ——
2727 3473 2890 3529 Vers.
2919 3469 3006 3525 3S.
3048 3458 3265 3533 major.
3301 3456 3609 3515 Tacebant

1938 3596 2061 3656 praa
2084 3577 2315 3653 pudore
2333 3570 2505 3646 quasi
2517 3554 3063 3640 jamcondemnati.
3080 3548 3493 3624 Significatum
3518 3548 3608 3604 est

2158 3667 2231 3723 de
2247 3635 2372 3721 hoc
2386 3635 2686 3717 tricesimo
2718 3649 2973 3724 septimo
2996 3643 3190 3717 capite
3201 3635 3503 3710 Evangelii
3518 3652 3606 3694 se-

1939 3760 2205 3820 cundum
2234 3753 2588 3814 Matthaaum.

2010 3871 2175 3927 Vers.
2237 3868 2326 3923 35.
2399 3863 2663 3929 Cumque
2724 3851 2965 3911 sedisset
3027 3876 3093 3886 —
3155 3856 3381 3901 servus.
3449 3836 3607 3893 Dixit

1940 3974 2175 4034 quoque
2228 3955 2346 4011 hoc
2410 3942 2876 4024 quadragesimo
2937 3934 3106 3994 tertio
3171 3929 3363 4004 capite
3416 3930 3607 3984 Evan-

1940 4018 2098 4124 g‘elii‘
2117 4048 2290 4119 juxta
2327 4018 2686 4099 Mat—thaaum.
2718 4033 2919 4098 Quaere
2953 4041 3094 4097 ergo
3119 4022 3204 4080 ibi
3232 4019 3304 4077 de
3341 4018 3458 4075 hoc
3509 4030 3603 4074 ca-

1940 4140 2081 4214 pite.

2017 4193 2174 4284 vers.
2217 4226 2305 4280 36.
2341 4219 2416 4275 Et
2447 4219 2681 4285 sumpto
2710 4242 2779 4251 —
2809 4207 2975 4265 Vers.
3008 4207 3096 4261 37.
3131 4215 3262 4258 eum
3307 4194 3412 4270 qui
3448 4193 3609 4251 misit

1941 4333 2052 4377 me.
2070 4317 2217 4372 Ante
2232 4312 2349 4369 hoc
2379 4308 2499 4366 alia
2525 4317 2764 4378 quoque
2789 4297 2956 4363 dixit,
2989 4308 3127 4367 quas
3140 4286 3454 4378 Mattbaaus
3468 4298 3609 4339 con~

1943 4405 2205 4480 scripsit:
2222 4403 2297 4459 de
2309 4372 2725 4473 quibussimul
2739 4385 3023 4447 omnibus
3039 4377 3337 4438 tricesimo
3350 4372 3607 4447 septimo

1863 4517 1912 4575 D
1943 4475 2134 4570 capite
2167 4487 2467 4560 Evangelii
2497 4484 2656 4541 illius
2689 4475 3101 4536 disseruimus.

2014 4602 2180 4659 Vers.
2225 4599 2313 4655 38.
2358 4587 2684 4662 Respondit
2714 4614 2783 4627 —-
2813 4597 2939 4639 nos.
2974 4573 3219 4635 Addidit
3258 4574 3317 4630 et
3356 4583 3608 4627 causam

1942 4684 2380 4768 prohibitionis.
2414 4658 2491 4739 Eo
2521 4677 2687 4753 quod
2716 4690 2839 4731 non
2870 4672 3154 4742 sequatur
3182 4679 3321 4720 nos.
3354 4658 3609 4727 Quidam

1942 4746 2098 4840 lenim
2137 4791 2341 4835 eorum
2371 4772 2477 4846 qui
2510 4765 2904 4827 crediderant,
2947 4757 3152 4829 glorias
3182 4766 3388 4834 amore
3427 4746 3605 4821 capti,

1942 4869 2333 4930 imitabantur
2358 4858 2686 4935 apostolos,
2719 4858 2775 4911 et
2799 4867 2906 4925 per
2934 4844 3379 4905 invocationem
3409 4836 3608 4895 nomi-

1943 4927 2034 5019 nis
2047 4927 2258 5016 Christi
2286 4927 2667 5025 expellebant
2695 4943 3021 5000 daemones.
3054 4936 3184 4991 Non
3198 4927 3608 5004 sequebantur

1942 5057 2165 5115 tamen,
2206 5013 2450 5118 propier
2490 5032 2921 5095 continentiam
2947 5030 3006 5084 et.
3047 5036 3330 5098 asperum
3367 5013 3608 5075 vivendi

1941 5139 2193 5199 modum
2219 5138 2505 5207 ipsorum.

2012 5185 2193 5284 v2;
2530 5220 2727 5273 autem
2761 5242 2830 5252 —
2867 5206 3026 5265 male
3057 5200 3219 5275 loqui
3241 5199 3314 5256 de
3341 5211 3451 5255 me.
3494 5185 3612 5263 Qui

1943 5317 2105 5376 enim
2138 5330 2240 5388 per
2261 5324 2481 5368 nomen
2502 5320 2705 5363 meum
2738 5298 3121 5373 gloriﬁcatur,
3148 5305 3271 5347 non
3293 5288 3408 5344 cito
3432 5285 3613 5344 male-

1943 5376 2291 5464 dicetmihi:
2326 5401 2442 5456 hoc
2471 5400 2580 5461 est,
2608 5393 2750 5450 dum
2779 5387 3032 5461 gloriam
3064 5376 3612 5449 amat,etvirtutem

1945 5497 2181 5568 editper
2200 5505 2426 5548 nomen
2448 5500 2661 5549 meum,
2690 5491 3080 5553 nequaquam
3108 5488 3205 5529 me
3217 5466 3615 5529 calumniabi-

1946 5594 2061 5644 tur.
2078 5561 2381 5641 l’ermittit
2410 5580 2611 5637 autem
2641 5575 2699 5630 et
2715 5569 2810 5629 his
2836 5571 2901 5626 ut
2922 5562 3229 5626 mirabilia
3249 5561 3612 5635 operentur:
