2037 3194
219 166 287 220 θέε(

881 186 1058 217 EUTHYMII
1079 183 1245 217 ZIGABENI

1854 182 1911 212 824

220 242 309 284 simul
316 253 434 291 quidem
444 252 481 281 ad
489 252 709 289 predioatioms
716 260 776 280 suae
782 251 1030 293 conﬁrmationem
1043 259 1051 281 :

1125 244 1252 279 ῐεόαίὼσιν
1267 254 1313 278 τοῦ
1337 246 1515 288 κηρύιῂματος,
1529 250 1584 287 ἅμα
1603 248 1643 283 δί,
1657 250 1701 275 καὶ
1714 248 1750 280 εἰς
1773 247 1914 285 βελτίωσιν

218 302 252 329 αι
262 300 406 336 prater-ea
416 297 456 330 ad
468 297 711 327 emendationem
724 305 828 326 eorum
844 297 896 334 qui
910 297 1053 326 miracula

219 343 437 381 operabantur,

254 390 356 422 Quaere
374 388 465 417 etiam
479 387 517 416 de
531 387 577 415 his
596 387 701 423 quinto
714 387 800 423 juxta
813 387 985 415 Mattbteum
1006 394 1054 415 ca-

217 434 287 471 pite,
311 432 362 461 ubi
385 432 464 461 circa
479 432 570 460 ﬁnem
587 431 735 460 habetur:
751 432 842 459 Multi
863 431 957 460 dicent
980 428 1056 459 mihi

216 477 250 507 in
277 477 328 507 illo
353 477 412 512 die,
439 477 570 511 Domine,
587 476 719 511 Domine,
747 484 847 505 nonne
866 484 924 512 per
949 484 1054 504 nomen

219 521 304 552 tuum
318 522 561 558 prophetavimus
576 525 602 551 et
622 530 675 557 per
688 529 791 551 nomen
808 523 892 550 tuum
906 521 1054 550 daemonia

221 567 359 605 eiecimus
373 568 397 586 “
410 567 425 596 7

230 683 340 724 ’,νει-ιι.
353 683 398 712 40.
416 682 473 719 Qui
486 683 565 712 enim
581 698 615 703 —
634 685 686 712 est.
703 683 734 711 ld
749 682 848 720 ipsum
863 683 954 716 enim,
970 682 1053 711 illum

222 736 284 769 non
297 728 434 757 resistere
448 727 545 762 vobis,
566 729 698 756 vestrum
715 729 759 756 est
772 728 928 756 auxilium.

258 773 347 802 Aliud
370 774 413 801 est
433 774 545 807 autem,
565 772 646 809 quod
667 772 738 800 alibi
757 772 864 800 dicitur
885 779 891 799 :
914 772 970 806 Qui
993 779 1054 800 non

223 821 265 852 est
286 826 408 851 mecum,
434 820 536 846 contra
560 826 603 845 me
622 819 663 846 est
679 818 713 844 “.
739 818 812 845 Nam
837 816 910 845 illud
934 817 972 845 de
995 817 1055 846 daa-

223 871 312 892 mone
334 862 449 896 dicitur,
477 864 504 890 et
517 862 609 889 alium
625 862 717 890 habet
729 861 911 890 intellectum
935 869 941 889 :
968 864 1055 898 prout

221 907 363 936 vicesimo
378 906 511 935 secundo
521 907 606 943 juxta
622 906 794 935 Matthmum
809 906 906 943 capite
919 906 1053 936 declara-
1074 911 1095 943 εξ

1110 296 1193 323 αὐτῶν
1210 294 1244 325 δὴ
1261 300 1310 323 τῶν
1332 296 1608 333 θαυματουργούντων.

1144 398 1265 425 Ζήτησον
1282 393 1311 422 δὲ
1334 396 1394 432 περὶ
1420 398 1470 420 τῶν
1494 394 1615 421 τοιούτων
1640 392 1664 419 ἒν
1688 396 1724 428 τῷ
1749 394 1855 428 πέμπτῳ
1870 400 1916 418 κι-

1110 439 1210 476 φαλαίῳ
1238 443 1285 466 τοῦ
1315 441 1383 466 κατὰ
1411 440 1555 471 Ματθαῖον,
1583 438 1695 467 πλησίον
1736 440 1783 463 τοῦ
1812 436 1913 469 τέλους,

1403 483 1496 511 Πολλοὶ
1523 483 1611 521 ἐροῦσί
1637 492 1682 519 μοι
1708 481 1732 508 ἂν
1765 481 1846 518 ἐκείνῃ
1879 484 1912 517 τῇ

1108 530 1203 567 ἡμέρα,
1231 531 1319 568 Κύριε,
1346 530 1435 567 Κύριε,
1465 528 1494 555 οὗ
1520 532 1556 564 τῷ
1588 531 1626 564 σῷ
1658 527 1765 563 ὀνόματι
1797 535 1914 562 προιφή⁴

1108 575 1246 611 τεύσαμεν,
1274 576 1319 600 καὶ
1350 577 1386 610 τῷ
1419 577 1457 609 σῷ
1488 573 1595 609 ὀνόματι
1637 570 1762 609 δαιμόνια
1794 570 1914 603 ἰξεεάλοο

1109 628 1178 655 μινς

1143 663 1192 695 ’ος
1205 664 1256 701 γὰρ
1275 679 1311 684 -
1321 662 1386 691 ἔστί.
1402 663 1470 690 Αὐτὸ
1489 664 1541 700 ’γὰρ
1554 665 1640 698 τοῦτο,
1656 663 1686 688 τὸ
1701 663 1737 698 μὴ
1751 660 1914 688 ἀντιπίπτειν

1109 708 1187 735 αὐτὸν
1200 709 1272 745 ὑμῖν,
1290 708 1400 745 βοήθεια
1415 709 1486 744 ὑμῶν
1501 707 1568 735 ἔστι.

1143 753 1246 790 Ἐτερον
1262 752 1292 779 δί
1305 752 1360 779 ἐστι
1371 755 1409 785 τὸ,
1421 753 1451 779 '0
1461 755 1497 789 μὴ
1513 753 1547 778 ὢν
1563 752 1618 789 μετ’
1636 751 1708 788 ἓμοῦ,
1726 751 1781 778 κατ’
1792 751 1855 787 tum}
1871 749 1912 776 ὄσ-

1109 807 1159 824 τιν.
1175 798 1270 825 Ἐκεῖνο
1279 799 1330 834 γὰρ
1346 800 1405 835 περὶ
1420 801 1466 824 τοῦ
1480 795 1604 833 δαίμονος
1616 798 1727 834 εἴρηται,
1739 798 1785 822 καὶ
1795 794 1916 822 διάνοιαν

1108 485 1169 511 ἔνθα
1194 488 1278 511 κεῖται
1303 486 1332 510 τό
1361 493 1367 499 ·

1110 842 1189 872 ἄλλην
1205 844 1270 879 ἔχει,
1284 844 1369 873 καθὼς
1384 842 1408 868 ἐν
1427 846 1463 878 τῷ
1479 842 1587 878 εἰκοστῷ
1601 840 1713 879 δευτέρῳ
1726 840 1855 877 κεφαλαίῳ
1867 843 1916 866 τοῦ

1110 888 1178 914 κατὰ
1190 888 1325 914 Ματθαῖον
1340 887 1537 923 ὶξηγησάμιθα.

221 961 330 981 v1mus.

256 997 339 1025 Vers.
362 996 406 1025 41.
434 995 606 1032 Quicunque
619 995 697 1024 enim
718 1011 753 1016 -
766 1003 860 1025 suam.
884 997 945 1024 Hoc
964 996 1055 1025 etiam

1144 985 1193 1017 ⁸ος
1204 987 1256 1022 γὰρ
1280 1001 1314 1006 -
1339 985 1429 1011 αὐτοῦ.
1454 989 1537 1011 Τοῦτο
1564 983 1618 1011 εἶπε
1637 986 1764 1022 καὶπρὸς
1786 988 1822 1020 τῷ
1849 985 1914 1011 τέλει

221 1041 296 1070 dixit
319 1041 350 1069 in
374 1041 429 1068 ﬁne
441 1029 565 1068 idecimi'
580 1040 651 1069 noni
666 1039 773 1077 capitis
798 1040 950 1075 Evangelii
969 1041 1056 1077 juxta

1126 1035 1156 1058 οῦ
1201 1029 1429 1057 ἔννεακαιδεκοίτου
1467 1029 1607 1066 κεφαλαίου
1643 1034 1690 1056 τοῦ
1735 1030 1804 1056 κατὰ
1842 1030 1916 1057 Ματ-

220 1082 400 1115 Matthaeum.

1128 1079 1194 1103 αῖον.

259 1130 340 1158 Vers.
361 1131 405 1157 42.
422 1130 459 1157 Et
474 1129 646 1166 quicunque
663 1144 698 1150 —
712 1137 806 1159 mare.
822 1129 939 1159 Dictum
954 1131 1000 1159 est
1018 1130 1056 1159 de

1147 1123 1198 1148 Kal
1224 1120 1249 1151 ὃς
1274 1136 1307 1140 -
1341 1119 1485 1147 θάλασσαν.
1514 1121 1622 1157 Εἴρηται
1655 1122 1700 1146 καὶ
1732 1122 1792 1157 περὶ
1819 1121 1915 1146 τούτου

223 1175 281 1203 hoc
297 1175 444 1203 tricesimo
460 1174 587 1211 septimo
610 1174 706 1211 capite
721 1175 874 1211 Evangelii
888 1175 1055 1204 secundum

225 1219 395 1236 Manium-sm

1125 1176 1135 1191 ν
1167 1169 1204 1201 τῷ
1229 1169 1377 1203 τριακοστῷ
1407 1162 1511 1201 ἑϐδόμῳ
1537 1164 1666 1201 κεφαλαίῳ
1686 1168 1732 1191 τοῦ
1755 1165 1823 1191 κατὰ
1843 1166 1916 1193 Ματ-

1125 1213 1194 1236 ιαῖον.

225 1219 406 1248 Μθιῐιιωιιω.

1125 1215 1126 1229 l
1130 1213 1184 1237 αῖον
1189 1232 1194 1237 .

1149 1257 1201 1282 Kal
1221 1254 1263 1281 ἐὰν
1279 1254 1466 1281 -σϐἐννυταμ
1485 1255 1534 1281 Καὶ
1549 1256 1608 1290 πιρὶ
1623 1255 1720 1281 τούτων
1734 1253 1758 1280 ἰν
1773 1253 1859 1290 ἕκείνῳ
1874 1253 1918 1280 λέ-

1113 1299 1209 1326 λεκται.
1227 1298 1331 1330 Σκὼληξ
1346 1297 1376 1325 δι
1389 1298 1483 1331 αὐτῶν,
1500 1301 1574 1325 τίνων
1592 1307 1599 1332 ;
1616 1296 1721 1328 Δηλαδὴ
1736 1302 1786 1325 τῶν
1802 1297 1918 1336 ἀπερχο-

1115 1346 1196 1381 μένων
1212 1343 1248 1375 εἰς
1266 1346 1314 1373 τὴν
1327 1345 1438 1379 γέενναν.

1151 1388 1272 1418 Σκάληκα
1286 1387 1316 1415 δί
1331 1390 1376 1415 καὶ
1390 1392 1454 1425 πῦρ,
1467 1389 1534 1419 τινες
1546 1390 1593 1418 τήν
1605 1386 1757 1417 συνείδησιν
1772 1391 1821 1414 τῶν
1835 1386 1920 1424 ἀμαρο

1114 1433 1201 1460 τωλῶν
1221 1432 1339 1465 ἐνόησαν,
1355 1434 1386 1463 ὡς
1402 1432 1550 1460 δάκνουσαν
1566 1435 1611 1459 καὶ
1634 1436 1794 1470 πιμπρῶσαν
1813 1432 1920 1468 αὐτοὺς,

1115 1476 1194 1508 δίκην
1210 1478 1345 1510 σκώληκος
1358 1479 1403 1505 καὶ
1418 1479 1511 1514 πυρός.

261 1264 345 1292 Vers.
365 1265 409 1292 43.
429 1264 467 1292 Et
483 1262 509 1292 si
522 1278 556 1284 —-
570 1262 652 1292 Vers.
673 1264 717 1291 44.
739 1264 951 1299 exstinguitur.
962 1263 1058 1293 Etiam

226 1309 264 1337 de
278 1308 324 1336 his
337 1308 386 1337 illo
400 1308 495 1345 capite
509 1308 623 1336 dictum
638 1310 692 1336 est.
708 1308 819 1337 Vermis
829 1311 929 1338 autem
942 1316 1058 1343 eorum,

228 1353 276 1390 qui
289 1353 423 1382 videlicet
435 1353 548 1382 abeunt
564 1353 595 1381 in
611 1353 792 1389 gehennam.
943 1378 945 1380 .

264 1397 409 1432 Quidam'
429 1405 500 1427 vero
532 1405 664 1427 vermem
696 1399 725 1427 et
756 1398 869 1436 ignem,
907 1399 1060 1428 conscien-

226 1443 299 1473 tiam
320 1442 528 1472 intellexerunt
546 1445 751 1479 peccatorum,
776 1446 922 1480 tanquam
944 1444 975 1472 in
993 1452 1060 1473 mo-

224 1489 296 1518 dum
326 1488 435 1517 vermis
453 1490 484 1517 et
502 1487 580 1525 ignis
599 1488 755 1518 rodentem
773 1489 857 1526 ipsos
878 1496 914 1518 ac
941 1489 1062 1519 inﬂam-

225 1535 371 1563 mentem.

260 1573 404 1624 vers-(45.
419 1578 460 1607 Et
471 1577 625 1607 si—Vers.
636 1579 682 1608 46.
696 1579 904 1616 exstinguitur.
920 1579 1057 1610 Similiter

1151 1587 1201 1613 Καὶ
1231 1586 1273 1612 ίὰν
1301 1601 1336 1606 -
1363 1584 1510 1614 σϐέννυται.
1541 1584 1653 1621 Ὁμοίως
1684 1587 1728 1611 καὶ
1764 1586 1823 1622 περὶ
1858 1585 1920 1610 τού-

225 1625 255 1653 et
269 1623 306 1652 de
321 1623 381 1653 his.

237 1641 352 1698 ..νβέ
363 1670 407 1697 47.
424 1669 461 1697 Et
475 1668 501 1697 si
512 1669 611 1698 oculus
633 1684 665 1690 —
680 1669 762 1697 Vers.
778 1670 823 1699 48.
843 1670 1056 1706 exstinguitur.

1125 1641 1171 1658 νων.

1150 1678 1200 1703 Καὶ
1213 1675 1255 1702 ἐὰν
1268 1676 1281 1701 ό
1294 1674 1424 1711 ὀφθαλμός
1439 1690 1473 1695 —-
1492 1674 1637 1702 σϐἐινυται.
1654 1673 1713 1701 Ἐτι
1728 1676 1772 1700 καὶ
1786 1676 1844 1710 περὶ
1859 1674 1920 1700 τού-

225 1715 368 1744 Praatcrea
382 1715 410 1742 et
429 1714 466 1742 de
481 1713 538 1742 his.
1112 1730 1172 1748 των.

261 1759 343 1788 Vers.
358 1758 403 1787 49.
421 1758 521 1787 Omnis
538 1774 571 1779 —-—
597 1758 731 1787 satietur.
749 1760 852 1788 Omnis
867 1760 972 1794 ﬁdelis,
988 1760 1057 1797 igne

1149 1768 1204 1796 Πᾶς
1228 1780 1262 1785 ——
1289 1764 1471 1794 ἁλισθήσεται.
1504 1767 1556 1795 Πᾶς
1585 1765 1680 1795 πιστὸς
1702 1765 1767 1800 πυρὶ
1792 1767 1838 1795 τῆς
1852 1765 1918 1800 πρὸς

224 1804 305 1838 ﬁdei,
339 1811 408 1842 qum
441 1803 480 1832 ad
507 1803 600 1832 Deum
630 1805 683 1837 est,
705 1803 750 1832 vel
783 1804 959 1840 dilectionis,
990 1813 1057 1842 qum

1125 1811 1178 1837 936v
1194 1809 1316 1841 πίστεως,
1342 1810 1358 1839 ή
1382 1813 1431 1840 τῆς
1446 1810 1512 1846 πρὸς
1541 1810 1584 1835 τὸν
1599 1808 1710 1838 πλησίον
1732 1808 1837 1844 ἀγάπης
1862 1808 1920 1835 ἁλι-

226 1851 268 1877 est
283 1849 323 1878 ad
338 1849 519 1885 proximum,
537 1849 658 1877 salietur
672 1854 703 1878 ut
720 1849 854 1879 videlicet
870 1850 1057 1887 putredinem

1125 1855 1253 1888 τθήσεται,
1276 1856 1366 1890 ἤγουν,
1395 1856 1442 1883 τὴν
1472 1852 1607 1884 σηπεδόνα
1635 1857 1681 1884 τῆς
1704 1856 1796 1885 κακίας
1816 1852 1917 1879 ἀποϐα-

224 1893 355 1929 abjiciat.

260 1938 322 1972 Vel,
339 1938 503 1973 condietur,
526 1941 557 1966 ut
576 1939 676 1967 suavis
691 1940 750 1969 Deo
763 1940 914 1969 reddatur.

260 1983 342 2012 Vers.
373 1985 416 2012 49.
447 1984 483 2012 Et
503 1985 594 2012 omnis
614 2000 647 2005 —
667 1985 797 2013 satietur.
830 1985 933 2014 Omnis
961 1985 1060 2015 hostia

225 2028 383 2064 spiritualis
409 2028 470 2056 sive
486 2029 535 2056 ﬂat
555 2037 607 2064 per
627 2029 805 2064 orationem,
828 2030 891 2058 sive
906 2038 960 2067 per
985 2030 1059 2058 elee-

224 2081 396 2111 mosynam,
427 2073 488 2102 sive
518 2082 570 2110 per
596 2074 677 2102 aliud
703 2075 869 2111 quippiam,
900 2075 961 2104 sale
989 2076 1060 2104 ﬁdei

224 2118 269 2146 vel
300 2119 463 2147 dilectionis
496 2119 626 2152 salietur,
660 2119 719 2147 sive
749 2119 831 2148 saliri
866 2120 965 2148 debet.
998 2120 1060 2149 Hoc

225 2166 327 2192 autem
365 2172 384 2192 a
419 2163 496 2192 libro
534 2164 651 2192 Levitici
700 2165 883 2193 translatum
922 2168 975 2194 est.
1016 2166 1058 2194 lbi

225 2208 305 2237 enim
316 2208 461 2245 scriptum
477 2211 521 2237 est
538 2217 545 2237 :
564 2208 664 2237 Omnis
675 2217 778 2238 munus
795 2210 1059 2240 hostiaevestrana—

226 2252 315 2282 lietur
333 2254 369 2281 η.

260 2297 343 2326 Vers.
360 2299 404 2326 50.
417 2297 497 2327 Bona
508 2305 555 2327 res
569 2301 611 2327 est
629 2298 683 2328 sal.
704 2298 760 2328 Per
773 2299 948 2336 qualitatem
963 2309 1058 2338 quam

222 2341 324 2375 habet,
339 2345 373 2372 ut
383 2342 464 2371 cibos
477 2342 584 2373 reddat
593 2351 711 2379 suaves,
727 2346 755 2373 et
768 2352 807 2373 ne
817 2353 945 2382 corpora
959 2349 1058 2383 putre-

222 2387 298 2416 ﬂant
316 2387 413 2416 efﬁcit.

259 2432 338 2462 Vers.
364 2433 409 2462 50.
435 2432 468 2462 Si
480 2434 580 2462 autem
608 2449 642 2454 —
656 2434 797 2463 condietis
810 2435 825 2463 ν
840 2435 869 2464 Si
895 2436 999 2472 perdat
1026 2436 1057 2466 id

222 2478 307 2514 quod
325 2477 356 2506 in
371 2477 438 2515 ipso
457 2480 503 2507 est
520 2478 680 2507 laudabile.

259 2522 307 2552 Sal
327 2526 427 2552 autem
445 2522 505 2556 hic,
530 2523 616 2559 juxta
636 2523 842 2554 sublimiorem
863 2526 1055 2562 intellectum,

1146 2526 1227 2558 ”Αλας
1250 2524 1279 2553 δὶ
1304 2526 1425 2560 ἐνταῦθα⁷
1454 2527 1522 2552 κατὰ
1550 2525 1699 2562 ἀναγωγὴν,
1720 2526 1735 2555 ἡ
1761 2527 1849 2555 πίστις
1868 2524 1883 2554 ἦ
1901 2526 1919 2555 ἠ

222 2567 299 2605 βᾶθι
324 2570 367 2597 est
395 2570 448 2596 aut
472 2567 600 2596 dilectio.
632 2569 726 2597 Lucas
741 2577 811 2598 vero
838 2570 930 2599 dicit:
951 2571 985 2600 Si
1011 2572 1056 2600 sal

1125 2572 1212 2608 εγάπη.
1229 2573 1335 2602 Λουκᾶς
1359 2570 1390 2598 δέ
1415 2581 1494 2607 φησιν
1515 2580 1522 2587 ν
1549 2571 1607 2598 Ἐὰν
1634 2568 1664 2597 δὲ
1679 2572 1708 2596 τὸ
1736 2570 1798 2600 οἰλας
1816 2579 1921 2607 μωραν-

222 2611 286 2648 ipse
310 2611 437 2642 insulsus
460 2612 564 2649 fuerit,
591 2620 646 2648 per
659 2614 734 2649 quid
747 2615 899 2644 comitetur
923 2616 947 2635 ⁸⁸
970 2616 985 2643 ?
1011 2624 1057 2645 sa-

1125 2619 1155 2652 ῷ,
1183 2617 1208 2642 ἄν
1248 2617 1300 2641 τίνι
1331 2615 1509 2652 ἀρτυθήσεται
1543 2623 1550 2649 ς
1581 2615 1644 2646 ἅλας
1675 2614 1727 2641 ἕκεῐ
1758 2614 1837 2650 λέγων
1874 2615 1921 2640 τὸν

222 2657 283 2686 lem
310 2657 351 2691 ibi
376 2665 490 2686 vocans
513 2656 657 2686 doctrinas
678 2658 816 2694 verbum,
843 2660 896 2697 qui
921 2660 1055 2689 insulsus

1125 2658 1304 2686 διδασκαλικὸν
1327 2660 1412 2696 λόγον,
1445 2660 1519 2691 ὅστις
1542 2662 1710 2697 μωραίνεται,
1739 2660 1800 2686 ὃταν
1828 2668 1921 2695 παρα-

222 2701 257 2736 ﬁt
279 2702 404 2739 quando
424 2702 633 2739 corrumpitur.
651 2702 820 2732 Diﬂ'erenter
845 2707 946 2733 autem
970 2705 1057 2741 juxta

1125 2706 1212 2741 νθειρῇ.
1234 2707 1364 2742 Διαφόρως
1388 2703 1418 2731 δι
1443 2706 1512 2731 κατὰ
1535 2703 1677 2742 διαφόρους
1694 2705 1801 2740 καιροὺς
1815 2705 1844 2730 τὸ
1859 2706 1925 2740 περὶ

222 2745 357 2791 diversas
389 2747 565 2776 occasiones
592 2747 725 2776 Christus
752 2748 822 2777 salis
855 2749 1056 2786 significatum

1125 2754 1158 2776 ὀὔ
1195 2749 1287 2780 ἅλατος
1323 2752 1410 2786 νόημα
1438 2750 1450 2776 ὀ
1480 2751 1595 2787 Χριστὸς
1621 2751 1834 2787 μετεχειρίσατο.
1865 2749 1924 2775 Καὶ

223 2791 381 2821 transtulit.
407 2792 521 2821 Etenim
536 2792 619 2829 apud
641 2793 812 2822 Matthteum
828 2794 908 2831 ipsos
932 2803 1055 2833 quoque

1125 2796 1162 2832 γὰρ
1184 2796 1229 2821 καὶ
1252 2795 1325 2832 παρὰ
1352 2798 1389 2829 τῷ
1421 2795 1549 2831 Ματθαίῳ
1581 2796 1643 2826 τοὺς
1674 2793 1834 2824 ἀποστόλους
1857 2793 1930 2828 ἅλοις

1179 1943 1214 1970 Ἦ
1229 1943 1415 1981 ἀρτυθήσεται,
1429 1945 1474 1970 καὶ
1487 1942 1556 1974 ἡδὺς
1570 1947 1606 1979 τῷ
1622 1946 1675 1979 Θεῷ
1689 1945 1840 1979 γενήσεται.

1152 1991 1202 2015 Καὶ
1225 1992 1300 2015 πᾶσα
1319 2004 1353 2009 --
1381 1988 1565 2018 ἁλισθήσεται.
1596 1991 1673 2015 Πᾶσα
1697 1989 1777 2015 θυσία
1800 1997 1919 2025 πνευμα-

1114 2035 1185 2068 τικὴ,
1213 2035 1262 2060 εἴτε
1282 2031 1319 2060 δι’
1348 2033 1441 2069 εὐχῆς,
1465 2035 1515 2060 εἴτε
1532 2031 1570 2060 δι’
1591 2032 1773 2069 ελεημοσύνης,
1791 2034 1839 2059 εἴτε
1854 2035 1919 2069 τρό-

1114 2088 1161 2104 πον
1187 2078 1271 2115 ἕτερον
1294 2080 1424 2114 γινομένη,
1457 2081 1493 2113 τῷ
1513 2077 1589 2104 ἅλατι
1613 2082 1660 2109 τῆς
1693 2080 1805 2108 πίστεως
1828 2077 1844 2106 ἣ
1872 2080 1920 2108 τῆς

1115 2122 1217 2159 ἀγάπης
1233 2122 1416 2156 ἁλισθήσεται,
1434 2124 1526 2156 εἶτουν,
1554 2122 1694 2152 ἁλισθῆναι
1715 2121 1818 2159 opsita.
1833 2125 1919 2148 Τοῦτο

1115 2166 1145 2195 δί
1161 2167 1211 2194 ἀπὸ
1226 2171 1272 2198 τῆς
1282 2167 1377 2204 βίϐλου
1396 2171 1443 2194 τοῦ
1459 2171 1597 2194 Λευῑῖικοῦ
1607 2167 1785 2204 μετείληπται.
1803 2169 1920 2203 Γέγραπ-

1112 2222 1156 2239 ται
1174 2214 1224 2250 τᾰρ
1240 2212 1265 2238 ἄν
1285 2211 1371 2249 ἐκείνῳ
1389 2233 1395 2240 .
1409 2215 1462 2239 Πᾶν
1479 2211 1563 2250 δῶρον
1577 2213 1669 2243 θυσίας
1695 2213 1766 2248 ὑμῶν
1778 2210 1919 2240 ἁλισθήσε-

1073 2266 1097 2298 D
1114 2267 1167 2284 ται.

1151 2301 1236 2330 Καλὸν
1268 2303 1298 2328 τὸ
1324 2301 1398 2333 ἅλας.
1429 2301 1467 2327 Δι’
1483 2301 1513 2331 ἣν
1533 2302 1590 2338 ἔχει
1612 2303 1750 2335 ποιότητα,
1766 2299 1920 2331 ήδύνουσαν

1114 2348 1159 2384 μὶν
1171 2348 1205 2373 τὰ
1220 2346 1358 2384 βρώματα,
1375 2349 1547 2385 παρέχουσαν
1558 2345 1588 2373 δὲ
1602 2350 1658 2377 τοῖς
1671 2349 1778 2382 σώμασι
1786 2347 1816 2372 τὸ
1830 2346 1921 2374 ἄσηπ-

1113 2402 1156 2419 τον
1163 2414 1169 2420 .

1148 2437 1208 2464 Ἐὰν
1224 2434 1254 2464 δὲ
1278 2452 1312 2457 -
1340 2436 1464 2474 ἀρτύσετε
1482 2445 1488 2471 ;
1504 2437 1565 2463 Ἐὰν
1586 2436 1699 2473 ἀπολέσῃ
1716 2438 1764 2466 τὴν
1784 2435 1920 2465 ἐπαινετὴν

1112 2482 1193 2508 αὑτοῦ
1212 2484 1350 2510 ποιότητα.

258 2890 283 2908 ⁸³
301 2889 404 2919 Matth.
416 2898 466 2919 vu.
481 2893 526 2919 22.
582 2892 605 2911 “
622 2892 701 2922 Matt.
716 2899 768 2922 xu.
782 2892 829 2922 20.
885 2894 909 2912 ⁸⁵
928 2894 1021 2923 Levit.
1034 2897 1053 2923 li

1186 2892 1223 2921 ".
1238 2892 1307 2921 Luc.
1319 2899 1379 2921 xtv.
1395 2894 1439 2922 34.
