4074 6382
265 386 372 449 825

1317 368 1692 433 COMMENT.
1734 365 1805 423 IN
1842 361 2183 420 ‘MARCUM.
2224 391 2290 402 ——
2324 361 2487 417 CAP.
2530 358 2600 414 X.

3531 352 3640 407 816

265 522 553 593 ὠνόμασεν,
586 516 657 577 ὦς
685 515 920 586 εὑρήσεις
948 510 999 564 ἐν
1028 515 1110 580 τῷ
1138 510 1357 579 πέμπτῳ
1397 498 1656 573 κεφαλαίῳ
1686 494 1867 561 αὐτοῦ,

2044 487 2296 545 mstolos
2322 486 2510 544 salem
2534 483 2875 549 nominavit
2912 484 2982 545 ⁸⁷,
3021 480 3204 538 veluti
3233 476 3639 553 quintoapud

2344 577 2375 593 -.
2504 591 2525 593 ω
2556 592 2564 593 ,
2616 581 2627 593 Δ
2692 571 3092 593 η--ιξι--Δ;-.--
3167 571 3433 593 :.._.-_:.._
3465 584 3476 593 .
3534 566 3635 593 ..με

260 612 396 685 μετὰ
476 610 597 669 τοὺς
672 603 1070 678 Μακαρισμούς,
1155 599 1276 650 ἔνθα
1355 596 1445 645 καὶ
1526 591 1870 661 φανερώτερον

262 697 642 773 ἑξηγησάμεθα
677 697 745 747 τὰ
769 697 887 765 περὶ
911 698 1001 744 τοῦ
1031 688 1241 748 ἄλατος,

337 892 529 966 Ἔχετε
561 921 623 932 —
654 888 702 942 ἕν
747 885 1003 948 ἀλλήλοις.
1046 882 1209 945 Ἀλας
1251 879 1479 953 ἀγάπης,
1531 877 1752 948 συνέχον
1780 877 1872 926 καὶ

268 988 564 1057 συσφίγγον
592 979 658 1041 εἰς
688 979 949 1053 ὁμόνοιαν.

344 1186 568 1256 Λέγεται
593 1176 653 1234 δὲ
679 1177 805 1238 ἅλας
833 1179 923 1228 καὶ
1028 1174 1235 1232 σύνεσις
1278 1173 1367 1221 καὶ
1407 1168 1591 1241 χάρις,
1624 1166 1689 1224 ὡς
1736 1168 1877 1215 Παῦ-

266 1274 352 1335 λος
396 1250 577 1345 φησιν·
618 1269 679 1322 '0
723 1266 871 1339 λόγος
931 1250 1073 1338 ὗμῶν
1125 1262 1344 1314 πάντοτε
1388 1256 1435 1309 ἐν
1474 1258 1682 1329 χάριτι,
1727 1251 1877 1304 ἅλατι

268 1364 573 1440 ἠρτυμένος.

273 1479 421 1527 ΚΕΦ.
488 1467 615 1524 KH'.
694 1470 819 1539 Περὶ
887 1471 987 1516 τῶν
1048 1457 1502 1533 ἐπερωτησάντων,
1579 1452 1622 1505 εἰ
1682 1451 1877 1515 ἔξεστιν

741 1553 1002 1608 ἀπολῦσαι
1029 1555 1122 1609 τὴν
1147 1554 1371 1621 γυναῖκα
1399 1561 1412 1611 ;

346 1669 591 1726 Κάκεῖθεν
631 1664 863 1723 ἀναστὰς
891 1692 960 1701 -
993 1653 1285 1733 Ἰορδάνου.
1324 1654 1420 1707 Διὰ
1450 1650 1562 1724 (64)
1594 1656 1685 1702 τοῦ
1718 1652 1876 1701 τόπου

266 1768 363 1813 τοῦ
394 1762 549 1831 πέραν
577 1763 671 1808 τοῦ
692 1749 983 1827 Ἰορδάνου.

345 1854 446 1903 Καὶ
505 1846 921 1920 συμπορεύονται
994 1870 1063 1879 -
1117 1834 1450 1910 πειράζοντες
1518 1830 1694 1885 αὐτόν.
1776 1832 1875 1884 Z73-

268 1958 431 1999 τησον
487 1940 547 1989 τὸ
603 1931 1029 2008 τεσσαρακοστὸν
1080 1925 1354 2000 κεφάλαιον
1409 1929 1502 1975 τοῦ
1556 1922 1693 1972 κατὰ
1735 1924 1878 1971 Ματ-

279 2032 444 2083 θαίον.

345 2116 407 2169 Ὀ
454 2111 513 2169 δε
571 2144 640 2154 -
679 2110 959 2164 ἀπολῦσαι.
1009 2108 1096 2162 Ἑν
1152 2103 1325 2175 ἐκείνῳ
1376 2106 1467 2154 καὶ
1526 2104 1639 2175 περὶ
1690 2100 1883 2151 τούτων

278 2210 502 2281 εῖρηται.
1070 2258 1073 2261 Α

354 2299 455 2348 Καὶ
517 2292 818 2367 ἀποκριθεὶς
889 2319 959 2329 -
1030 2287 1055 2339 ὁ
1114 2287 1261 2346 Θεός.
1333 2280 1560 2354 Ὀμοίως
1628 2281 1718 2329 καὶ
1770 2279 1887 2352 περὶ

280 2404 503 2441 τουτων.

351 2472 550 2528 Ἕνεκεν
597 2474 784 2525 τούτου
847 2498 912 2509 -—
953 2468 1249 2541 χωριζέτω.
1299 2461 1569 2521 Ὡσαύτως
1630 2462 1719 2510 καὶ
1772 2460 1889 2531 περὶ

280 2583 498 2619 τουτων,

355 2658 457 2708 Καὶ
492 2652 540 2706 ἕν
575 2658 638 2725 τῇ
686 2649 829 2722 οἰκίᾳ
870 2679 939 2689 -
989 2645 1162 2701 αὐτόν.
1212 2646 1337 2717 Περὶ
1384 2647 1475 2694 τοῦ
1516 2638 1674 2691 αὑτοῦ
1725 2636 1887 2698 ζητη-

278 2764 458 2818 ματος.

356 2838 456 2887 Καὶ
484 2831 623 2905 λέγει
650 2860 719 2871 -
738 2828 814 2883 ἔπ’
837 2827 1020 2886 αὐτὴν.
1044 2824 1437 2897 Μοιχεύειπρὸς
1454 2819 1637 2886 αὐτην,
1656 2813 1889 2882 δηλαδὴ,

282 2928 376 2982 τὴν
404 2921 725 2975 ἐπείσακτον.

358 3017 460 3067 Καὶ
518 3010 603 3064 ἐὰν
655 3041 723 3050 -
763 3012 1040 3081 μοιχᾶται.
1104 3003 1163 3057 Ὀ
1213 2999 1271 3056 δὲ
1300 3002 1565 3060 Ματθαῖος
1598 3000 1728 3073 πρὸς
1775 3015 1898 3058 τους

287 3106 610 3179 Φαρισαίους
634 3100 860 3176 ῥηθῆναι
888 3100 978 3150 καὶ
1006 3095 1174 3148 ταῦτά
1205 3111 1356 3166 φησι,
1389 3090 1631 3163 προσθεὶς
1656 3091 1747 3140 καὶ
1775 3090 1900 3139 ποτε

290 3189 376 3247 δεῖ
402 3190 665 3244 ἀπολύειν.

362 3282 518 3342 Εἰκὸς
566 3276 625 3332 δὲ
672 3281 763 3330 καὶ
808 3278 939 3351 πρὸς
981 3273 1205 3335 ἐκείνους
1243 3279 1469 3345 πρῶτον,
1514 3273 1605 3321 καὶ
1632 3271 1759 3341 πρὸς
1785 3269 1901 3327 τοὺς

292 3372 533 3446 μαθητὰς
561 3369 778 3443 ὕστερον
816 3365 974 3420 εἰπεῖν
998 3364 1151 3416 αὐτά.

370 3464 471 3515 Καὶ
518 3461 832 3533 προσέφερον
884 3485 955 3496 -
1013 3460 1106 3506 τοῦ
1154 3459 1309 3507 Θεοῦ.
1372 3452 1590 3524 Εἴρηται
1638 3451 1729 3500 καὶ
1784 3450 1904 3521 περὶ

292 3553 491 3605 τούτων
542 3546 770 3624 ἀκριϐῶς
835 3543 919 3597 ἰπὶ
974 3542 1149 3605 τέλους
1198 3548 1292 3595 τοῦ
1361 3537 1680 3599 δηλωθέντος
1754 3555 1906 3609 κεφα-

292 3641 444 3694 λαίου
454 3681 467 3694 .

364 3730 531 3802 ’Δμὴν
563 3758 627 3768 -
664 3725 731 3786 εἰς
767 3724 947 3783 αὐτήν.
990 3725 1151 3778 Τοῦτό
1201 3740 1331 3793 φησι
1383 3723 1472 3772 καὶ
1528 3723 1760 3780 Λουκᾶς,
1812 3723 1908 3770 Bat-

293 3820 493 3874 σιλείαν
533 3814 593 3870 δὲ
635 3823 729 3868 τοῦ
772 3820 899 3867 Θεοῦ
927 3820 1016 3865 νῦν
1055 3810 1192 3884 λέγει
1229 3813 1288 3864 τὸ
1326 3814 1578 3883 κηρυγμα
1615 3815 1708 3869 τῆς
1751 3804 1907 3879 βασι-

288 3909 433 3969 λείας
490 3916 581 3959 του
636 3912 787 3968 Θεοῦ,
843 3903 868 3957 ὃ
915 3898 1201 3978 ἐκήρυσσεν
1261 3899 1437 3961 αὐτὸς.
1488 3896 1675 3958 Ὀστις
1712 3891 1799 3948 οὖν
1847 3895 1906 3948 οὐ

293 3996 502 4061 δέξεται
550 3994 699 4063 αὐτὸ,
747 3997 813 4054 ὡς
852 3988 1088 4058 παιδίον,
1138 3993 1319 4061 ἤγουν,
1369 3983 1537 4061 μηδὲν
1578 3982 1908 4059 διακρινόμε-

291 4108 399 4155 νος,
439 4082 579 4159 μηδὲ
618 4081 949 4157 ἀμφιϐάλλων
997 4084 1116 4155 περὶ
1147 4078 1322 4141 αὐτοῦ,
1368 4076 1426 4129 οὗ
1472 4080 1543 4149 μή
1592 4075 1795 4148 εἰσέλθῃ
1838 4073 1907 4136 εἰς

294 4197 484 4235 αυτην.

375 4270 476 4320 Καὶ
528 4262 996 4335 ἐνάγκαλισάμενος
1048 4289 1115 4301 -—
1145 4257 1298 4311 αὐτοί.
1347 4260 1448 4309 Καὶ
1481 4259 1597 4328 περὶ
1628 4257 1820 4307 τούτων
1850 4257 1909 4306 τὸ

295 4356 437 4416 τέλος
466 4361 559 4407 τοῦ
576 4354 811 4406 τοιούτου
832 4351 1111 4424 κεφαλαίου
1145 4345 1384 4412 διέξεισι.

298 4468 452 4518 ΚΕΦ.
511 4460 638 4516 κδ’.
698 4463 823 4534 Περὶ
887 4464 980 4511 τοῦ
1037 4455 1460 4531 ἐπερωτήσαντος
1514 4456 1767 4511 πλουσίου
1826 4462 1912 4511 τὸν

995 4546 1220 4605 Ἰησοῦν.

376 4664 478 4714 Καὶ
526 4657 929 4731 ὶκπορευομίνου
974 4685 1041 4696 -λ
1083 4654 1496 4730 κληρονομήσω;
1531 4656 1754 4729 Εἴρηται
1795 4661 1915 4730 περὶ

296 4752 488 4803 τούτου
521 4748 569 4800 ἄν
610 4755 681 4819 τῷ
710 4751 1119 4820 τεσσαρακοστῷ
1152 4750 1340 4817 πρώτῳ
1371 4742 1629 4817 κεφαλαίῳ
1658 4752 1750 4798 τοῦ
1780 4748 1916 4798 κατὰ

296 4840 574 4895 Ματθαῖον
585 4880 595 4891 .

371 4928 431 4981 Ὀ
464 4925 523 4980 δὲ
541 4929 753 4988 Ἰησοῦς
779 4955 841 4965 -
861 4924 887 4977 ὁ
911 4928 1066 4985 Θεὸς.
1096 4921 1183 4979 Ἐν
1210 4921 1384 5001 ἐκείνῳ
1407 4932 1583 4999 σαφῶς
1604 4927 1667 4977 τὰ
1685 4928 1916 4999 παρόντα

300 5016 653 5093 διηκρίϐωται
667 5058 680 5071 .

372 5110 476 5168 Τὰς
557 5105 762 5167 ἐντολὰς
842 5134 913 5144 —
1005 5106 1245 5165 νεότητός
1322 5122 1445 5176 μου.

296 5217 492 5255 ταυτα,

371 5288 433 5340 '0
489 5283 547 5339 δὲ
597 5285 809 5345 Ἰησοῦς
860 5310 924 5324 —-
983 5280 1156 5335 αὐτόν.
1212 5280 1351 5337 Ἐκεῖ
1409 5288 1499 5336 καὶ
1535 5290 1689 5337 τοῦτο
1740 5281 1919 5339 διασεο

301 5379 562 5451 σάφηταμ

374 5504 420 5540 ⁸⁷
447 5500 645 5559 Matth.
678 5515 734 5568 ν,
765 5499 851 5556 13.
930 5497 979 5536 ⁸⁸
1001 5495 1225 5555 Coloss.
1252 5497 1333 5564 lv,
1360 5501 1411 5562 6,

1944 4570 1991 4627 D

1535 5102 1755 5177 Ὀμοίως
1828 5110 1918 5158 καὶ

1980 579 2151 634 illum
2223 577 2417 649 capite
2499 581 2635 647 post
2692 571 3095 630 Beatitudines
3167 571 3477 626 invenies:
3534 566 3637 622 ubi

1979 669 2157 725 etiam
2190 667 2564 724 manifestius
2595 663 3054 730 declaravimus,
3096 677 3235 735 quae
3274 660 3349 716 de
3388 658 3509 715 sale
3550 657 3649 715 di-

1981 764 2216 817 cuntur.

2050 852 2212 906 Vers.
2249 853 2333 905 50.
2360 847 2578 905 Habete
2602 876 2670 888 --
2706 845 2866 901 inter
2903 859 3024 901 vos.
3068 842 3267 899 Salem
3305 837 3648 896 dilectionis

1980 940 2083 1013 qui
2134 940 2196 995 in
2246 954 2433 994 unum
2485 935 2770 1000 continet,
2814 939 2868 990 et
2920 932 2999 990 ad
3048 931 3343 988 unitatem
3398 934 3456 987 et
3501 944 3653 985 con-

1981 1029 2249 1087 cordiam
2288 1024 2656 1096 constringit.

2053 1119 2270 1175 Dicitur
2297 1131 2535 1189 quoque
2575 1114 2685 1182 sal,
2719 1110 3041 1186 prudentia
3071 1114 3128 1167 et
3166 1108 3398 1181 gratia:
3432 1120 3647 1181 quem-

1984 1208 2315 1267 admodum
2342 1204 2486 1262 dicit
2521 1203 2778 1261 Paulus:
2815 1202 3011 1260 Sermo
3051 1204 3240 1258 vester
3277 1212 3505 1268 semper
3540 1210 3656 1269 per

1983 1299 2232 1372 gratiam
2262 1296 2386 1353 sale
2422 1294 2751 1352 condiatur
2789 1293 2858 1348 ⁸⁸.

1986 1443 2138 1499 CAP.
2176 1440 2407 1497 XXVIII.
2449 1439 2525 1496 De
2552 1437 2642 1494 his
2681 1437 2787 1508 qui
2820 1433 3259 1505 interrogabant
3298 1428 3652 1494 Dominum,

2162 1549 2242 1587 an
2272 1530 2468 1588 liceret
2496 1544 2627 1585 cum
2656 1541 2843 1583 uxore
2866 1524 3188 1581 divortium
3225 1522 3417 1583 facere
3443 1518 3472 1575 ?

2058 1622 2216 1677 CAP.
2255 1622 2313 1675 X.
2344 1620 2501 1675 Vers.
2534 1618 2587 1674 1.
2620 1618 2698 1672 Et
2717 1632 2846 1671 cum
2877 1614 3013 1671 inde
3042 1613 3399 1669 surrexisset
3418 1638 3486 1649 -—
3510 1608 3663 1664 Jor-

1988 1714 2224 1771 danem.
2253 1712 2339 1782 -Η-
2361 1709 2469 1764 Per
2498 1709 2697 1764 locum
2730 1705 2832 1778 qui
2862 1709 2950 1762 est
2977 1708 3141 1760 trans
3160 1701 3505 1758 Jordanem.

2060 1800 2224 1857 Vers.
2280 1800 2331 1854 1.
2386 1798 2460 1854 Et
2518 1797 2868 1854 conveniunt
2903 1824 2971 1834 -—
3022 1791 3184 1847 Vers.
3232 1794 3285 1844 2.
3365 1789 3660 1844 tentantes:

1990 1908 2135 1951 eum.
2153 1892 2360 1957 Quaere
2374 1884 2903 1961 quadragesimum
2930 1884 3110 1955 caput
3130 1877 3413 1949 Evangeli
3442 1888 3659 1932 secum-

1990 1983 2137 2039 dum
2170 1979 2534 2036 Matthaaum.

2063 2071 2226 2126 Vers.
2255 2070 2307 2124 3.
2341 2068 2456 2123 Ille
2476 2068 2663 2121 autent
2693 2094 2764 2105 —
2791 2064 2952 2118 Vers.
2995 2060 3046 2113 li.
3090 2057 3409 2114 dimittere.
3451 2056 3514 2109 In
3554 2050 3664 2109 illo

1996 2160 2193 2233 capite
2214 2159 2288 2215 de
2312 2158 2400 2213 bis
2426 2171 2666 2228 quoque
2704 2152 2933 2209 dictum
2972 2152 3079 2206 est.

2067 2230 2233 2307 νοτε.
2269 2252 2317 2305 5.
2350 2243 2711 2315 Respondens
2735 2245 2929 2299 autem
2964 2269 3032 2281 —-
3062 2238 3228 2294 Vers.
3266 2234 3321 2290 6.
3355 2233 3527 2290 Deus.
3566 2230 3667 2287 Si-

1998 2340 2214 2398 militer
2253 2342 2309 2394 et
2332 2337 2408 2393 de
2437 2335 2548 2391 his.

2067 2429 2233 2486 Vers.
2252 2433 2306 2482 7.
2330 2427 2585 2495 Propter
2602 2422 2713 2480 hoc
2732 2451 2800 2462 —-
2820 2419 2987 2479 Vers.
3009 2416 3065 2475 9.
3096 2416 3341 2487 separet.
3378 2413 3564 2483 Eque
3584 2412 3661 2466 Aet

1999 2521 2075 2578 de
2099 2520 2192 2576 his
2231 2522 2430 2575 actum
2473 2520 2584 2580 est,
2712 2592 2715 2595 Ἴ

2068 2606 2235 2661 Vers.
2278 2605 2366 2660 10.
2408 2600 2482 2657 Et
2524 2600 2585 2655 in
2624 2592 2796 2655 domo
2835 2625 2905 2638 -—
2949 2609 3098 2652 eum.
3151 2593 3231 2647 De
3275 2588 3392 2647 hac
3444 2585 3663 2643 eadem

1999 2695 2347 2771 quaestione.

2069 2787 2235 2842 Vers.
2302 2784 2388 2838 11.
2440 2781 2516 2837 Et
2562 2779 2645 2835 ait
2682 2808 2750 2819 —
2800 2774 3083 2834 adversus
3140 2785 3290 2835 eam,
3345 2766 3665 2826 Maachatur

2002 2876 2285 2933 adversus
2316 2887 2473 2938 eam,
2506 2867 2779 2925 videlicet
2816 2860 3153 2921 inducendo
3177 2859 3446 2915 alteram.

2074 2965 2240 3020 Vers.
2277 2965 2358 3017 i2.
2404 2962 2466 3016 Et
2502 2959 2554 3015 si
2580 2988 2651 2999 —
2706 2954 3021 3012 moechatur
3070 2948 3366 3006 Matthaeus
3396 2958 3538 3001 vero
3583 2942 3666 3001 ad

2005 3053 2332 3111 Pharisaaos
2347 3051 2476 3106 haec
2494 3061 2621 3104 esse
2642 3045 2800 3101 dicta
2822 3042 2925 3111 ait,
2948 3038 3183 3099 addens
3199 3036 3400 3099 etiam,
3415 3030 3666 3106 quando

2008 3142 2197 3217 possit
2232 3139 2386 3196 ﬁerit
2424 3134 2770 3193 divortium.

1939 3212 1982 3272 Ο
2010 3210 2027 3217 ’
2079 3228 2409 3288 Verisimile
2422 3230 2623 3284 autem
2637 3227 2724 3280 est
2735 3221 2999 3295 primum
3021 3216 3100 3275 ad
3118 3210 3667 3287 illos,postmodum

2012 3339 2147 3381 vero
2179 3320 2257 3378 ad
2296 3315 2616 3389 discipulos
2646 3329 2718 3369 ea
2748 3308 2987 3367 dixisse.

2084 3412 2251 3469 Vers.
2293 3412 2375 3465 13.
2410 3387 2487 3463 Et
2522 3403 2832 3475 o/ferebant
2862 3429 2928 3441 —
2956 3397 3120 3453 Yers.
3167 3397 3250 3451 14.
3290 3392 3418 3449 Dei.
3464 3393 3543 3447 De
3574 3387 3673 3446 his

2015 3500 2312 3559 subtiliter
2340 3497 2565 3555 dictum
2602 3498 2689 3551 est
2714 3492 2777 3549 in
2804 3489 2927 3546 ﬁne
2952 3483 3221 3561 praedicti
3256 3480 3487 3555 capitis.

2090 3700 2251 3755 Vers.
2290 3696 2371 3753 15.
2400 3694 2586 3751 Amen
2621 3720 2684 3731 —
2714 3688 2779 3745 in
2814 3686 2987 3744 illud.
3031 3686 3152 3740 Hoc
3189 3680 3331 3737 dicit
3365 3683 3421 3734 et
3462 3677 3671 3733 Lucas.

2015 3794 2286 3861 Regnum
2318 3789 2519 3842 autem
2554 3781 2652 3838 Dei
2673 3784 2852 3836 vocat
2870 3776 2967 3833 hic
2988 3771 3476 3848 praedicationem
3505 3763 3676 3837 regni

2017 3857 2140 3946 Dei,
2168 3893 2343 3952 quam
2369 3874 2497 3947 ipse
2510 3867 2874 3946 praedicavit.
2893 3861 3170 3936 Quisquis
3192 3875 3335 3929 ergo
3361 3857 3525 3913 illam
3550 3868 3676 3911 non

2020 3944 2367 4039 susceperit,
2394 3944 2463 4019 ut
2502 3944 2665 4034 puer,
2696 3955 2972 4012 videlicet
3000 3951 3145 4039 nihil
3174 3950 3248 4006 de
3279 3963 3350 4004 ea
3387 3944 3676 4003 haesitans

2019 4061 2123 4116 aut
2150 4038 2457 4117 dubitans,
2489 4061 2870 4121 nequaquam
2910 4038 3160 4099 intrabit
3199 4038 3277 4094 ad
3301 4052 3461 4094 eam.

2090 4253 2256 4309 Vers.
2295 4249 2379 4305 16.
2414 4247 2491 4303 Et
2519 4244 2887 4316 amplexatus
2916 4267 2969 4281 -
3002 4234 3146 4292 illis.
3189 4232 3269 4288 De
3308 4229 3405 4287 his
3434 4241 3680 4303 quoque

2020 4343 2154 4400 ﬁnis
2186 4340 2343 4398 illius
2382 4336 2592 4410 capitis
2636 4332 2891 4388 disserit.

2022 4452 2176 4510 CAP.
2226 4449 2400 4508 XXIX.
2458 4447 2539 4502 De
2603 4441 2783 4499 divite
2842 4436 2943 4511 qui
3000 4436 3196 4491 Jesum
3257 4424 3678 4499 interrogabat.

2094 4653 2256 4708 Vers.
2299 4647 2383 4702 17.
2424 4644 2501 4700 Ει
2540 4653 2763 4713 egresso
2802 4667 2871 4678 —
2916 4628 3287 4705 possideam?
3325 4627 3555 4684 Dictum
3595 4627 3685 4680 est

2024 4743 2099 4799 de
2120 4741 2235 4797 hoc
2250 4732 2713 4811 quadragesimo
2730 4726 2926 4802 primo
2947 4723 3140 4797 capite
3161 4716 3468 4789 Evangelii
3482 4728 3686 4771 secun~

2024 4832 2173 4888 dum
2212 4825 2575 4893 Matthasum,

2098 4920 2266 4977 Vers.
2304 4918 2386 4972 18.
2440 4891 2604 4970 Iesus
2649 4916 2840 4967 autem
2873 4936 2941 4947 —
2971 4904 3148 4960 Deus-
3185 4900 3249 4956 In
3280 4896 3493 4953 codem
3550 4891 3685 4950 loco

2025 5013 2155 5069 hmo
2184 5004 2498 5065 manifeste
2536 5016 2607 5057 ac
2636 4997 2949 5068 diligenter
2980 4990 3319 5048 examinata
3345 4988 3501 5040 sunt.

2103 5102 2259 5156 Vers.
2303 5095 2388 5151 19.
2431 5094 2730 5160 Praecepta
2767 5116 2836 5129 —-
2880 5084 3047 5140 Vers.
3090 5082 3178 5135 20.
3235 5073 3498 5146 infantia
3534 5085 3682 5129 mea.

2030 5187 2308 5250 Similiter
2336 5189 2391 5240 et
2428 5178 2578 5238 haec.

2098 5281 2267 5336 Vers
2304 5276 2401 5331 21.
2437 5274 2595 5331 Iesus
2617 5282 2841 5328 vero—
2869 5278 3027 5322 eum.
3062 5257 3148 5316 Ibi
3169 5269 3414 5332 quoque
3442 5251 3557 5312 hoc
3586 5250 3689 5309 de-

2032 5371 2325 5429 claratum
2363 5367 2470 5422 est.

1512 5623 1738 5692 Variae
1770 5624 2096 5693 lectiones
2124 5629 2189 5687 et
2229 5625 2433 5686 notae.

372 5771 490 5846 (64)
516 5771 639 5829 Hoc
668 5764 896 5826 scholio
926 5764 1173 5825 carebat
1201 5763 1547 5825 Hentenius.
1568 5760 1751 5839 Igitur
1768 5782 1979 5827 versus
2004 5763 2236 5842 primus
2260 5764 2319 5819 et
2355 5753 2658 5817 secundus
2680 5748 2869 5824 juncti
2897 5747 3091 5806 erant.
