4074 6384
402 366 505 422 827
1751 351 2096 411 EUTHYMII
2134 350 2461 411 ZlGABENI
3673 350 3781 408 828

472 494 635 549 Vers.
676 494 766 548 2t.
796 490 869 546 Et
907 490 990 545 ait
1014 519 1079 529 —
1116 502 1336 559 sequere
1371 502 1476 544 me.
1525 483 1807 541 Similiter
1834 485 1892 538 et
1919 478 2050 536 ista.

2240 485 2339 533 Καὶ
2415 476 2548 533 εἶπεν
2634 511 2703 520 -
2791 477 3063 532 ἀκολούθει
3150 494 3260 549 μοι.
3343 475 3609 539 Ὡσαύτως
3688 481 3781 531 καὶ

2165 589 2352 623 ταυτα.

471 688 634 743 Vers.
675 685 764 740 21.
806 684 1034 741 Sublata
1069 700 1227 739 cruce
1270 683 1387 738 Hoc
1426 684 1533 747 est,
1575 679 1815 737 interitu
1843 691 2059 734 carna-

2238 683 2399 751 Ἀρας
2460 680 2545 730 τόν
2602 679 2845 750 σταυρόν.
2899 679 3006 733 Τὴν
3065 673 3328 746 ἀναίρεσιν
3382 679 3474 726 τοῦ
3522 681 3781 748 σαρκικοῦ

401 776 474 832 lis
529 776 876 840 voluntatis,
931 772 1303 846 depositione
1364 769 1675 827 afﬁcientis
1722 785 1830 824 nos
1887 767 2058 823 volu-

2203 768 2471 839 ελὴματος,
2531 772 2621 819 καὶ
2676 770 2767 824 τὴν
2810 764 3068 823 ἀποϐολὴν
3112 771 3207 826 τῆς
3250 761 3515 835 ἓμπαθοῦς
3557 759 3776 829 ἡδονῆς,

400 868 581 939 ptatis
614 884 627 921 :
662 882 846 922 sensu
885 865 1049 921 fortis
1079 862 1325 926 doloris,
1362 860 1537 926 fastu,
1579 860 1683 933 qui
1713 862 1993 915 causatur
2022 875 2060 916 a

2197 862 2256 909 ai
2277 862 2371 915 τὴν
2394 859 2645 915 αἴσθησιν
2666 864 2761 917 τῆς
2792 854 3030 929 ἐναρέτου
3061 850 3270 921 ὀδύνης,
3301 856 3392 905 καὶ
3424 855 3518 912 τὴν
3550 850 3650 905 ἀπὸ
3677 860 3778 903 τῶν

401 956 651 1013 terrenis
699 955 804 1027 (z).

2197 950 2357 1004 niva
2384 946 2611 1018 ὖψωσιν.

473 1046 749 1102 Vers.22.
787 1044 891 1099 Ait
920 1043 1013 1099 ille
1042 1074 1110 1083 —
1143 1041 1338 1097 multas
1362 1040 1735 1112 possessiones.
1767 1039 1957 1094 Etiam
1985 1038 2056 1094 de

2235 1036 2293 1089 'O
2324 1032 2383 1089 δὲ
2420 1067 2485 1077 -
2514 1040 2759 1108 κτήματα
2784 1033 2967 1088 πολλά.
3014 1037 3116 1087 Καὶ
3148 1037 3264 1107 περὶ
3303 1034 3499 1085 τούτων
3527 1030 3577 1083 ἐν
3605 1032 3779 1103 ἐκείνῳ

399 1134 496 1193 his
526 1134 750 1191 ibidem
782 1148 1010 1205 quare.

2197 1132 2303 1186 ’ἠτη
2313 1146 2425 1183 σον.

472 1226 630 1280 Vers.
686 1228 779 1280 23.
840 1224 1074 1294 Cumque
1123 1222 1587 1293 circumspexisset
1626 1250 1695 1263 —
1732 1217 2047 1275 intrabunt.

2242 1220 2342 1271 Καὶ
2394 1214 2830 1291 περιϐλεψάμενος
2879 1244 2945 1256 --
2997 1212 3395 1267 εἰσελεύσονται.
3444 1216 3609 1265 Τοῦτό
3648 1230 3784 1284 φησι

402 1316 521 1369 Hoc
540 1313 682 1370 dicit
711 1320 766 1370 et
794 1314 1009 1370 Lucas.
1374 1304 1377 1305 ⁷

2197 1312 2258 1360 καὶ
2288 1311 2518 1368 Λουκᾶς.

468 1405 567 1458 Est
594 1408 796 1459 autem
826 1410 952 1470 πῶς,
985 1402 1176 1475 (quod
1206 1403 1271 1457 in
1300 1410 1479 1473 quam
1509 1398 1818 1470 vertimus)
1846 1397 2061 1453 conﬁr-

2239 1395 2399 1452 Ἐστι
2456 1391 2516 1447 δε
2562 1396 2621 1446 τὸ
2678 1400 2783 1454 πῶς
2828 1391 3188 1466 βεϐαιωτικὸν,
3236 1389 3350 1443 ἀντὶ
3392 1397 3506 1461 τοῦ,
3553 1388 3780 1453 ἀληθῶς.

396 1492 687 1549 mativum
730 1508 742 1547 :
774 1493 886 1548 hoc
916 1497 1023 1558 est,
1055 1507 1212 1547 vere.
1246 1490 1539 1547 Habentes
1568 1504 1727 1552 vero,
1762 1488 1883 1545 sive
1925 1488 2056 1543 reti-

2197 1488 2235 1538 )i
2265 1488 2475 1557 ἔχοντες
2519 1480 2597 1550 δε,
2648 1487 2831 1554 ἤγουν,
2872 1484 2921 1535 οἱ
2964 1486 3286 1554 κατέχοντες,
3334 1482 3383 1533 οἱ
3430 1482 3779 1553 ταμιεύοντες,

396 1587 625 1639 nentes.
659 1584 806 1638 Nam
837 1581 943 1653 qui
987 1581 1340 1647 recondunt,
1374 1594 1762 1651 nequaquam
1791 1582 2055 1633 utuntur.

2198 1575 2227 1627 ὁ
2257 1580 2360 1648 μὴν
2386 1576 2435 1627 οἱ
2463 1580 2748 1648 χρώμενοι.
2781 1577 3044 1645 Χρήματα
3070 1574 3169 1646 γὰρ
3204 1569 3539 1643 ὀνομάζονται
3566 1565 3660 1621 διὰ
3687 1572 3784 1628 τὴν

398 1675 656 1746 Χρήματα
681 1677 882 1727 autem
904 1672 1038 1742 (pro
1068 1686 1189 1742 quo
1218 1670 1512 1725 habemus
1530 1668 1836 1739 pecunias)
1859 1667 2060 1723 dicun-

2197 1672 2391 1739 ερῆσιν,
2426 1669 2515 1715 καὶ
2544 1667 2653 1736 χρὴ
2687 1663 2891 1723 πάντως
2934 1662 3179 1734 χρῆσθαι
3209 1662 3415 1720 τούτοις
3445 1659 3518 1722 εἰς
3548 1655 3684 1725 δέον,
3720 1662 3782 1712 οὺ

400 1766 495 1816 tur
534 1759 634 1812 ἀπὸ
683 1768 775 1812 τοῦ
809 1762 1073 1834 χρῆσθαι,
1126 1760 1239 1815 hoc
1288 1764 1394 1823 est,
1434 1758 1505 1814 ab
1543 1756 1925 1825 expendenda
1970 1756 2060 1813 vel

2197 1759 2272 1813 ιὴν
2305 1752 2610 1806 ἀποκλείειν.

400 1850 803 1917 consumendo,
838 1856 1076 1922 propter
1097 1858 1319 1922 χρῆσιν,
1348 1848 1409 1904 id
1436 1852 1541 1913 est,
1573 1862 1769 1911 usum,
1791 1846 1952 1918 quod
1983 1845 2076 1902 his
2116 1845 2367 1902 omnino
2410 1843 2488 1898 uti
2519 1844 2791 1914 oporteat
2820 1839 2896 1897 ad
2924 1856 2995 1897 ea
3033 1855 3169 1912 quas
3206 1854 3359 1911 opus
3380 1842 3538 1902 sunt,
3566 1842 3623 1894 et
3664 1853 3785 1893 non

396 1938 723 1995 recludere.

468 2029 630 2085 Vers.
655 2030 744 2085 24.
760 2030 1057 2099 Discipuli
1068 2044 1204 2086 vero
1236 2058 1301 2069 —
1330 2027 1670 2099 ipsius.Cur
1686 2026 2063 2083 admiraren-

2243 2026 2309 2077 Οἱ
2363 2020 2422 2077 δὲ
2468 2024 2700 2095 μαθηταὶ
2746 2051 2816 2062 -
2864 2019 3045 2074 αὐτοῦ.
3098 2023 3246 2073 Διατί
3291 2016 3605 2091 ἐθαμϐοῦντο
3653 2015 3791 2091 μετὰ

400 2123 516 2182 tur,
548 2119 732 2191 paulo
761 2123 901 2191 post
925 2119 1183 2174 dicturus
1214 2122 1323 2175 est.

2197 2118 2357 2187 ιικρόν
2384 2116 2505 2187 ἐρεῖ.

472 2208 636 2263 Vers.
683 2208 771 2262 24.
803 2209 967 2264 Jesus
1008 2214 1205 2264 autem
1246 2238 1312 2247 —
1352 2206 1797 2277 ingrediantur.
1843 2204 2065 2262 Eodem

2246 2204 2304 2256 Ὀ
2337 2200 2395 2256 δε
2419 2202 2627 2264 Ἰησοῦς
2654 2232 2723 2241 -
2755 2199 3017 2253 εἰσελθεῖν.
3050 2198 3272 2272 Ὁμοίως
3301 2196 3565 2251 κάνταῦθα
3592 2201 3697 2251 νόει
3726 2200 3787 2250 τὸ

402 2296 586 2352 modo
617 2296 709 2351 hic
739 2296 1082 2368 intelligitur
1105 2295 1285 2352 dictio
1315 2303 1440 2363 πῶς,
1472 2310 1680 2368 quam.

2197 2301 2307 2356 τῶς.

471 2385 633 2441 Vers.
665 2388 755 2441 25.
787 2386 1057 2442 Facilius
1084 2392 1166 2441 est
1196 2416 1265 2425 —
1290 2384 1557 2441 introire.
1597 2386 1672 2439 De
1702 2383 1796 2439 his
1822 2398 2065 2457 quoque

2250 2382 2615 2455 Εὗκοπώτερόν
2675 2378 2788 2432 ἐστι
2838 2409 2903 2420 -
2954 2378 3216 2431 εἰσελθεῖν.
3282 2382 3383 2431 Καὶ
3421 2381 3538 2453 περὶ
3591 2396 3790 2430 τουτων

401 2479 583 2545 caput
613 2474 759 2530 illud
788 2475 1045 2531 disserit.

2197 2479 2335 2525 κεῖνο
2366 2474 2423 2523 τὸ
2456 2469 2732 2543 κεφάλαιον
2756 2465 2791 2521 δ
2796 2466 3118 2540 ιαλαμϐάνει.

471 2563 637 2619 Vers.
664 2564 752 2619 26.
785 2565 891 2621 Itti
917 2579 1054 2620 vero
1085 2594 1155 2605 —
1179 2562 1377 2620 salvus
1404 2562 1539 2631 ﬁeri
1559 2564 1587 2617 φ
1615 2565 1779 2628 Ecce,
1813 2577 2064 2619 causam

2248 2564 2313 2615 Οἱ
2353 2557 2411 2614 δε
2456 2592 2523 2601 ——
2557 2561 2829 2624 σωθῆναις
2861 2554 3002 2611 Ἰδοὺ
3042 2561 3132 2609 καὶ
3162 2560 3256 2614 τὴν
3291 2556 3462 2608 αἰτίαν
3492 2557 3791 2631 προσέθηκε

403 2653 584 2710 etiam
615 2654 850 2710 addidit
877 2651 1290 2709 admirationis
1324 2669 1390 2708 ac
1420 2653 1702 2724 stuporis.

2197 2658 2266 2703 ὀῦ
2294 2649 2522 2723 θάμϐους
2548 2654 2637 2701 καὶ
2668 2656 2759 2709 τῆς
2790 2646 3095 2710 ἐκπλήξεως.

476 2746 634 2799 Vers.
669 2747 757 2799 27.
792 2743 1044 2799 Intuitus
1083 2772 1150 2782 —
1188 2740 1344 2813 apud
1381 2742 1586 2796 Deum.
1629 2741 1861 2797 Dictum
1894 2746 1983 2796 est
2007 2745 2065 2797 et

2246 2739 2537 2810 Ἐμϐλέψας
2590 2770 2655 2781 —
2710 2739 2854 2811 παρὰ
2906 2744 2980 2808 τῷ
3034 2742 3170 2807 Θεῷ.
3240 2735 3466 2810 Εἴρηται
3522 2740 3611 2788 καὶ
3669 2738 3791 2809 περὶ

405 2834 480 2891 de
509 2835 599 2889 his
631 2832 739 2889 ibi.

2197 2834 2369 2883 πούς-ων
2396 2828 2518 2883 ἐκεῖ.

478 2925 636 2979 Vers.
673 2924 760 2979 28.
812 2920 992 2993 Coepit
1018 2953 1086 2963 —
1114 2922 1296 2979 secuti
1321 2936 1521 2978 sumus
1552 2926 1626 2978 te.
1676 2919 1965 2979 Prmterea
2007 2928 2064 2978 et

2243 2918 2474 2991 Ἤρξατο
2525 2949 2591 2958 -
2638 2915 3066 2988 ἠκολουθήσαμέν
3141 2934 3245 2968 σοι.
3306 2918 3407 2968 Καὶ
3476 2918 3594 2989 περὶ
3667 2916 3784 2966 τού-

405 3012 481 3069 de
504 3012 626 3069 his.

2197 3018 2269 3059 ’ῶν
2278 3051 2291 3066 ,

476 3102 646 3157 Vers.
701 3100 795 3158 29.
844 3101 1217 3170 Respondens
1272 3131 1336 3141 —
1379 3101 1541 3156 Vers.
1590 3103 1684 3157 30.
1738 3106 2051 3159 (sternam.

2243 3099 2572 3171 Ἀποκριθεὶς
2602 3126 2670 3136 -
2701 3095 2926 3147 αἰώνιον.
2963 3092 3089 3153 Ἐτι
3105 3098 3194 3146 καὶ
3214 3097 3332 3169 περὶ
3357 3094 3551 3146 τούτων
3577 3094 3786 3145 πάντων

405 3191 629 3248 Horum
677 3190 948 3247 similiter
988 3190 1263 3246 omnium
1315 3190 1389 3247 ad
1438 3188 1731 3247 amussim
1779 3190 1923 3246 data
1973 3195 2063 3246 est

2197 3196 2274 3240 κεί
2305 3183 2339 3240 δ
2346 3192 2690 3261 ιηρμήνευται
2718 3184 3058 3260 λεπτομεροῦς.

404 3280 835 3353 interpretatio.
2094 3304 2134 3361 ε

476 3372 618 3437 Qum
641 3374 836 3426 autem
853 3384 1012 3425 nunc
1025 3368 1080 3423 in
1098 3368 1368 3426 secunda
1385 3368 1837 3425 enumeratione
1858 3368 2060 3425 relicta

2242 3367 2370 3418 Τινὰ
2382 3361 2416 3417 δ
2420 3367 2441 3417 's
2466 3364 2885 3439 παρελήφθησαν
2901 3370 2989 3414 νυν
3009 3361 3059 3414 ἓν
3076 3368 3138 3434 τῇ
3163 3358 3379 3435 δευτέρᾳ
3398 3359 3792 3437 ἀπαριθμήσει,

403 3466 561 3527 sunt,
595 3475 667 3516 ea
696 3458 1000 3515 brevitatis
1032 3473 1238 3524 causa,
1284 3464 1341 3514 et
1371 3457 1545 3530 quasi
1566 3458 1697 3531 jam
1727 3464 1889 3524 nota,
1924 3462 2064 3515 sunt

2197 3458 2454 3527 πυντομὶας
2476 3455 2657 3519 ἕνεκεν,
2691 3458 2780 3506 καὶ
2806 3454 2871 3513 ὡς
2897 3452 3212 3525 ἐγνωσμένα.

404 3549 831 3623 praetermissa.

478 3641 636 3695 Vers.
688 3637 777 3692 3t.
824 3636 1004 3693 Multi
1028 3641 1222 3693 autem
1258 3636 1543 3706 —primi.
1574 3639 1640 3694 Et
1670 3637 1743 3694 de
1789 3637 1882 3693 his
1930 3637 2063 3711 pari

478 3727 621 3782 odo.

2247 3650 2432 3705 [Ιολλοὶ
2473 3648 2507 3703 δ
2511 3654 2532 3703 ‘s
2556 3680 2624 3690 -
2645 3658 2859 3722 πρῶτοι.
2899 3653 2999 3703 Καὶ
3028 3654 3146 3721 περὶ
3172 3650 3366 3701 τούτων
3393 3648 3609 3720 ὁμοίως.

408 3742 594 3784 moao
608 3769 621 3782 .

480 3816 641 3872 Vers.
658 3815 1170 3872 31.Ascendebant
1182 3821 1380 3873 autem
1400 3816 1456 3871 in
1486 3816 1585 3874 via
1608 3817 1882 3875 —Jesus.
1915 3818 2066 3872 Prse-

405 3905 657 3962 cedebat
694 3921 819 3973 eos,
860 3906 1201 3972 ostendens,
1232 3906 1398 3978 quod
1424 3906 1756 3963 voluntarie
1786 3906 2063 3972 abiret,ut

404 3995 773 4053 occideretur
802 4001 1045 4068 propter
1071 3995 1391 4052 hominum
1423 3996 1702 4053 salutem.

2243 3847 2414 3901 Ἦσαν
2468 3842 2527 3899 δε
2580 3844 2627 3898 ἓν
2667 3854 2730 3919 τῇ
2787 3841 2896 3917 ὁδῷ
2954 3843 3311 3905 ἀναϐαίνοντες
3367 3874 3435 3885 -
3485 3845 3509 3896 ὁ
3557 3845 3789 3906 Ἰησοῦς.

2172 3938 2269 3991 Ἦν
2327 3941 2767 4013 προπορευόμενος
2821 3935 3009 4005 αὐτῶν,
3068 3931 3293 4004 δεικνὺς,
3353 3935 3432 3986 ὅτι
3479 3933 3606 3986 ἑκὼν
3638 3935 3791 3987 ἄπει-

2177 4050 2258 4082 σιν
2301 4028 2385 4081 ἐπὶ
2414 4031 2471 4080 τό
2514 4026 2869 4100 ἀναιρεθῆναι,
2930 4021 3023 4078 διὰ
3080 4029 3174 4084 τὴν
3224 4029 3489 4101 σωτηρίαν
3543 4031 3644 4076 τῶν
3706 4022 3792 4075 ἆν-

2176 4121 2409 4174 θρώπων.

474 4194 637 4249 Vers.
670 4192 757 4249 32.
783 4192 1089 4263 Erantque
1124 4192 1457 4262 stupefacti.
1502 4192 1751 4265 Propter
1801 4193 1906 4250 illa
1926 4209 2063 4265 quae

2197 4139 2203 4162 ¹
2242 4139 2409 4174 ωπων.

2206 4139 2347 4262 ρΚαὶ
2379 4206 2717 4279 ἐθαμϐοῦντο.
2748 4204 2859 4278 Ἐφ’
2908 4206 2981 4266 οἷς
3022 4203 3208 4277 ἵλεγιν,
3253 4204 3280 4262 ἣ
3335 4200 3478 4257 διότι
3511 4202 3792 4275 ηὐτομόλει

401 4283 658 4339 dicebat.
696 4282 798 4338 Vel
836 4282 981 4355 quia
1027 4299 1136 4339 sua
1175 4289 1381 4355 sponte
1435 4283 1509 4339 ad
1557 4283 1904 4355 passionem
1934 4299 2065 4356 pro-

2197 4302 2302 4373 πρὸς
2334 4302 2392 4350 τὸ
2423 4299 2606 4357 πάθος.

403 4381 800 4452 grediebatur.
2097 4416 2143 4471 D

472 4471 638 4526 Vers.
664 4471 837 4528 32.Et
857 4477 1150 4543 sequentes
1177 4470 1480 4529 timebant.
1500 4472 1579 4527 De
1593 4472 1724 4544 ejus
1744 4472 2062 4538 occisione,

2250 4480 2351 4530 Καὶ
2398 4473 2796 4535 ἀκολουθοῦντες
2842 4471 3141 4544 ἐφοϐοῦντο.
3197 4476 3322 4545 Περὶ
3362 4480 3457 4533 τῆς
3487 4469 3795 4543 ἀναιρέσεως

403 4561 473 4617 de
493 4575 617 4633 qua
642 4559 705 4614 in
737 4559 1214 4632 praecedentibus
1238 4560 1471 4617 dixerat
1500 4561 1635 4617 tllis.

2197 4566 2358 4631 ιύτοῦ,
2383 4569 2495 4638 περὶ
2529 4564 2592 4624 ἧς
2623 4560 2896 4637 προλαϐὼν
2930 4558 3066 4613 εἶπεν
3094 4560 3286 4622 αὐτοῖς.

474 4649 730 4705 Vers.32
756 4650 835 4705 Et
878 4651 1209 4709 assumptis.
1282 4682 1348 4691 —
1406 4651 1574 4706 Vers.
1638 4654 1725 4707 34.
1790 4659 2064 4724 resurget.

2252 4659 2352 4708 Καὶ
2407 4650 2721 4728 παραλαϐὼν
2790 4681 2857 4691 —
2933 4649 3307 4709 ἀναστήσεται.
3378 4650 3602 4722 Εἴρηται
3676 4654 3795 4722 περὶ

401 4740 632 4795 Dictum
660 4744 750 4795 est
788 4740 861 4794 de
880 4740 972 4795 his
1002 4740 1353 4796 omnibusin
1379 4740 1956 4814 ﬁnequadragesimi
1982 4759 2065 4799 se-

2197 4747 2371 4797 ὀύτων
2392 4745 2596 4794 πάντων
2618 4738 2665 4792 ἐν
2692 4749 2764 4811 τῷ
2800 4740 2929 4792 τέλει
2958 4747 3050 4793 τοῦ
3080 4746 3511 4813 τεσσαρακοστοῦ
3544 4735 3794 4812 δευτέρου

401 4828 586 4886 eundi
616 4828 828 4901 capitis
862 4828 1163 4897 Evangelii
1196 4829 1534 4885 secundum
1558 4829 1920 4887 Matthteum.

2197 4832 2455 4906 εεφαλαίου
2487 4838 2578 4882 τοῦ
2599 4833 2736 4882 κατὰ
2763 4832 3050 4884 Ματθαίον.

789 4934 943 4989 CAP.
974 4935 1140 4990 xxx.
1181 4936 1267 4991 De
1293 4934 1433 5004 ﬁliis
1461 4935 1705 4992 Zebdcei.

2480 4944 2627 4995 ΚΕΦ.
2656 4936 2738 4993 Λ’.
2774 4943 2897 5012 Περὶ
2926 4947 3025 4990 τῶν
3053 4938 3177 4989 υἱῶν
3203 4934 3503 4990 Ζεϐεδαίου.

472 5023 635 5079 Vers.
664 5024 753 5080 35.
788 5024 865 5080 Et
897 5024 1188 5080 accedunt
1220 5056 1287 5065 —
1325 5022 1486 5079 Vers.
1519 5024 1613 5081 37.
1640 5024 1701 5080 in
1718 5026 1910 5097 gloria
1938 5036 2062 5087 tua.

2250 5034 2351 5083 Καὶ
2403 5029 2852 5103 προσπορεύονται
2926 5057 2993 5068 -
3060 5027 3107 5079 ἐν
3178 5034 3238 5100 τῇ
3322 5023 3449 5099 δόξῃ
3508 5046 3623 5081 σου.
3668 5032 3795 5103 Περὶ

1630 5149 1855 5220 Varias
1880 5153 2204 5226 lectiones
2234 5166 2301 5224 et
2333 5163 2531 5222 notae.

470 5318 545 5391 (Ζ)
572 5322 695 5407 rion
724 5319 878 5390 cepit
902 5319 1466 5407 interpressensum
1494 5319 2069 5407 horum‘vocabulo-
2176 5324 2364 5407 tollat,
2396 5322 2475 5405 id_
2496 5328 2605 5407 est,
2640 5326 2844 5407 sumat
2871 5335 3114 5407 sensum
3146 5320 3658 5407 dolorisbonesti,
3688 5337 3793 5407 seu

396 5390 550 5466 rum.
581 5392 823 5466 Crucem
852 5407 1021 5466 suam
1063 5390 1262 5445 tollere
1301 5390 1560 5466 explicat
1606 5390 1957 5463 Euthymius
1989 5397 2070 5452 ita
2176 5396 2330 5464 talis,
2375 5395 2478 5466 qui
2511 5399 2601 5449 est
2637 5410 2707 5449 ex
2741 5393 2970 5466 virtute,
3014 5397 3071 5466 et
3101 5394 3428 5466 a_terrenis
3474 5409 3536 5447 se
3581 5391 3796 5466 attolit.

396 5460 622 5550 litigi-uo
644 5464 825 5542 Inala,
857 5461 980 5517 duo
1007 5460 1161 5550 bona
1186 5460 1482 5550 memoret.
1525 5460 1771 5518 Crucem
1795 5480 1936 5550 ergo
1968 5483 2068 5549 ap-
2178 5460 2445 5550 Ἐνάριτός
2478 5482 2595 5521 non
2627 5470 2716 5550 est
2743 5464 2937 5550 fortis,
2971 5463 3075 5517 sed
3108 5463 3168 5519 id
3192 5465 3377 5550 ‘quod‘
3407 5480 3543 5519 cum
3587 5465 3800 5550 virtute

395 5531 573 5615 pellat
599 5532 811 5615 primo,
864 5532 1121 5615 carnalis
1164 5534 1647 5615 voluntatis-seu
1689 5531 2065 5615 cupiditatis,
2177 5531 2565 5615 conjunctum
2605 5531 2821 5615 estz’et
2858 5534 3085 5615 ὑψωσξς,
3134 5531 3507 5615 ad'yerbum
3550 5535 3797 5615 uitalia,

395 5603 1412 5680 exstirpationem_etdepositionern
1438 5603 1949 5680 voluptatisfquaa
1980 5603 2066 5666 nié
2176 5603 2310 5667 non'
2330 5615 2420 5665 est
2449 5608 2657 5673 fastus,
2695 5606 2803 5663 sed
2832 5603 3087 5680 remotio
3117 5624 3150 5662 ε
3180 5608 3360 5665 rebus
3393 5603 3801 5677 terrestribus,

399 5672 619 5756 mirum
646 5674 800 5756 male
830 5674 1011 5756 afﬁcit
1039 5672 1097 5756 et
1129 5675 1483 5756 ad_aﬂ‘ectus
1509 5672 1729 5756 incitat.
1764 5672 1897 5756 Haec
1928 5686 2067 5739 sunt
2177 5686 2555 5754 contemptus
2582 5672 2786 5737 rerum
2818 5678 3208 5736 terrestrium.

400 5744 519 5801 duo
547 5743 649 5801 illa
687 5744 844 5802 mala
915 5746 1136 5804 Deinde
1183 5746 1306 5804 duo
1360 5747 1523 5806 bona
1569 5754 1781 5808 notat:
1817 5755 2066 5812 Crucem
