4074 6386
228 366 333 423 8‘29

1328 363 1701 423 COMMENT.
1752 362 1821 420 IN
1860 360 2185 421 MARCUM.
2226 396 2292 405 —
2332 362 2493 421 CAP.
2544 362 2646 422 XI.

3497 356 3602 415 830

228 496 418 547 τούτων
476 494 507 553 ἠ
566 491 815 565 ἐξήγησις
868 499 961 547 τού
1032 513 1462 567 τεσσαρακοστου
1526 496 1706 567 τρίτου
1754 510 1827 544 κε-

1974 494 2024 547 te
2050 490 2146 547 his
2190 488 2520 547 clarissime
2557 489 2813 547 habetur
2846 489 2907 546 in
2937 485 3405 563 quadragesimo
3433 484 3603 543 tertio

232 582 447 657 φαλαίαν
478 590 570 636 τοῦ
600 585 738 636 κατὰ
766 585 1033 638 Ματθαίον
1065 581 1326 653 ἀριδήλως
1358 581 1628 637 διδάσκει.

300 672 357 725 Ὀ
416 669 476 725 δε
534 673 744 737 Ἰησοῦς
790 705 859 714 -
909 675 1244 747 ἡτοίμασται.
1298 673 1522 747 Ὁμοίως
1574 678 1663 725 καὶ
1715 676 1834 745 περὶ

234 765 425 817 τούτων
451 765 681 818 πάντων.

308 856 408 906 Καὶ
474 850 783 915 ἀκούσαντες
833 883 905 895 -
957 852 1216 908 Ἰωάννου.
1285 858 1386 907 Καὶ
1447 858 1565 929 περὶ
1618 854 1833 907 τούτων.

303 1029 361 1082 Ὀ
425 1025 487 1083 δε
553 1029 762 1091 Ἰησοῦς
827 1062 892 1073 -
962 1030 1188 1087 πολλῶν.
1259 1034 1483 1107 Εἴρηται
1555 1036 1646 1085 καὶ
1718 1037 1836 1108 περὶ

232 1122 426 1171 τούτων
457 1118 505 1171 έν
531 1128 603 1192 τῷ
633 1120 761 1173 τελει
790 1128 880 1174 τοῦ
908 1122 1149 1197 ῥηθέντος
1178 1120 1475 1194 κεφαλαίου.

629 1234 773 1284 lii-21’.
799 1226 923 1283 ΛΚ.
951 1233 1073 1301 Περὶ
1099 1234 1439 1302 Βαρτιμαίου.

303 1315 411 1370 Καὶ
503 1317 754 1391 ἔρχονται
827 1348 897 1360 -
974 1328 1294 1391 προσαιτῶν.
1402 1321 1702 1393 Προσέθηκε
1775 1323 1834 1373 τὸ

233 1407 414 1478 ὄνομα,
448 1402 543 1459 διὰ
569 1410 626 1459 τὸ
656 1413 916 1483 γνώριμον
952 1407 1108 1461 αὐτόν
1140 1405 1269 1461 εἶναι
1296 1408 1520 1471 πολλοῖς.

304 1500 407 1548 Καὶ
454 1494 688 1559 ἀκούσας
738 1527 808 1539 -—
859 1495 908 1549 έν
955 1506 1018 1571 τῇ
1065 1494 1191 1569 ὁδῷ.
1236 1498 1524 1570 Ἀνάγνωθι
1572 1499 1691 1557 ὅλην
1740 1504 1832 1557 την

232 1583 485 1656 έξήγησιν
519 1585 638 1638 ὅλου
676 1594 770 1639 τοῦ
808 1596 1236 1661 τεσσαρακοστοῡ
1266 1589 1513 1661 τετάρτου
1553 1588 1831 1661 κεφαλαίου

231 1682 323 1726 τοῦ
352 1677 491 1727 κατὰ
518 1678 807 1734 Ματθαῖον,

304 1763 365 1815 Εἰ
414 1766 517 1839 γὰρ
564 1770 656 1819 καὶ
701 1770 820 1838 περὶ
865 1762 962 1819 δύο
1022 1766 1223 1839 τυφλῶν
1277 1768 1465 1828 ἐκεῖνός
1518 1786 1667 1839 φησι,
1725 1766 1831 1820 ἀλλ’

234 1849 322 1906 οὖν
386 1853 548 1906 τᾶλλα
607 1855 955 1928 παραπλήσια
1020 1863 1124 1917 τοίς
1180 1864 1412 1930 παροῦσι
1474 1857 1655 1931 ῥητοῖς
1727 1856 1831 1910 ἀνέ-

228 1942 422 2015 γραψε,
462 1949 554 1996 καὶ
598 1947 629 2003 ἠ
664 1944 863 1997 ἐκείνων
900 1945 1146 2018 ἑρμηνεία
1182 1950 1272 1997 καὶ
1316 1954 1484 1997 ταῦτα
1536 1947 1831 2019 σαφηνίζει,

227 2038 318 2084 καὶ
374 2037 683 2104 πρόσκειται
742 2037 878 2086 κατὰ
942 2037 1001 2086 τὸ
1068 2034 1209 2097 τέλος
1285 2034 1450 2096 αὐτῆς
1522 2034 1672 2097 λύσις
1732 2054 1833 2107 χα-

225 2123 498 2195 ριεστάτη.

626 2234 772 2284 ΚΕΦ.
807 2229 925 2284 ΛΒ’.
964 2235 1087 2303 Περὶ
1110 2238 1205 2282 τοῦ
1245 2230 1439 2285 πώλου.

302 2323 403 2371 Καὶ
467 2319 551 2371 ὅτε
616 2349 684 2359 -
750 2315 874 2372 ὧδε.
944 2323 1163 2393 Εἴρηται
1219 2325 1335 2396 περὶ
1383 2324 1576 2374 τούτων
1632 2323 1833 2374 πάντων

227 2404 277 2456 έν
333 2414 401 2476 τῷ
456 2417 868 2482 τεσσαρακοστῷ
926 2414 1143 2481 πέμπτῳ
1210 2409 1471 2483 κεφαλαίῳ
1537 2418 1628 2463 τοῦ
1700 2414 1834 2464 κατὰ

227 2497 517 2550 Ματθαῖον.

299 2584 560 2644 Ἀπῆλθον
626 2618 695 2626 -
767 2590 898 2661 πρὸς
968 2591 1055 2641 τὸν
1138 2589 1363 2646 Ἰησοῦν.
1446 2589 1665 2663 Ὁμοίως
1743 2594 1833 2643 καὶ

228 2679 347 2747 περὶ
371 2677 587 2731 τούτων.

301 2768 402 2816 Καὶ
446 2763 688 2819 έπέϐαλον
746 2798 814 2807 -
866 2766 1133 2839 ὑψίστοις.
1186 2772 1285 2821 Καὶ
1324 2774 1491 2821 ταῦτα
1546 2768 1597 2821 ἓν
1662 2768 1831 2842 έκείνῳ

225 2848 524 2927 διασεσάφη
532 2874 615 2907 ται
626 2895 639 2908 .

298 2948 400 2996 Καὶ
468 2944 702 3006 εἰσῆλθεν
782 2977 851 2987 -
904 2942 1136 3002 δώδεκα.
1217 2946 1593 3021 Περιεϐλέψατο
1659 2950 1829 3001 πάντα

219 3034 283 3083 τὰ
325 3032 375 3083 ἐν
422 3042 494 3104 τῷ
544 3036 682 3108 ἱερῷ,
729 3038 794 3096 ὡς
841 3039 1025 3111 Κύριος
1070 3045 1160 3089 του
1214 3039 1453 3090 τοιούτου
1505 3040 1668 3092 οἴκου.
1728 3044 1827 3091 Καὶ

218 3126 335 3174 τότε
383 3124 475 3195 μὲν
524 3121 762 3196 ἐσίγησε,
818 3122 1007 3188 διδοὺς
1073 3130 1253 3203 καιρὸν
1326 3124 1652 3201 διορθώσεως
1718 3135 1826 3190 τοῖς

1939 580 2112 653 juxta
2148 580 2488 636 Matthmum
2516 580 2727 653 capite.

2017 672 2170 725 Vers.
2193 670 2282 725 38.
2312 670 2473 727 Iesus
2503 676 2700 727 autem
2739 702 2801 710 —
2847 671 3011 726 Vers.
3039 672 3128 726 40.
3184 672 3465 741 paratum
3501 670 3600 724 est.

1947 761 2232 819 Similiter
2260 761 2335 817 de
2368 762 2462 817 his
2488 763 2785 818 omnibus.

2018 852 2178 905 Vers.
2210 853 2297 905 41.
2335 850 2565 907 Etcum
2609 851 2913 909 audissent
2943 882 3012 891 —-
3042 850 3283 907 Joanne.
3311 848 3602 905 Praeterea

1946 944 2003 994 et
2028 939 2103 994 de
2133 939 2247 994 his.

2202 957 2247 994 s.

2028 939 2257 1086 del/211's.
2288 1032 2375 1084 42.
2405 1030 2568 1086 Jesus
2606 1035 2799 1087 autem
2830 1061 2886 1071 —
2914 1029 3188 1102 Vers.:45.
3216 1028 3440 1085 multis.
3474 1026 3600 1084 Dic-

1946 1124 2073 1174 tum
2095 1122 2182 1175 est
2202 1118 2276 1174 de
2306 1118 2401 1175 his
2420 1118 2484 1174 in
2507 1118 2630 1176 ﬁne
2661 1120 2800 1176 dicti
2830 1118 3063 1192 capitis.

2356 1227 2508 1282 CAP.
2540 1228 2715 1283 XXXI.
2745 1229 2827 1282 De
2852 1228 3193 1283 Bartimaeo.

2018 1317 2178 1371 Vers.
2206 1317 2293 1373 46.
2322 1315 2397 1370 Et
2428 1317 2670 1374 veniunt
2707 1348 2775 1358 —
2794 1317 3148 1373 mendicans.
3180 1318 3405 1373 Nomen
3434 1313 3596 1371 addi-

1942 1404 2046 1471 dit,
2075 1421 2145 1461 eo
2171 1405 2333 1478 quod
2364 1405 2565 1461 multis
2596 1411 2772 1462 notus
2812 1411 2957 1462 erat.

2014 1496 2175 1550 Vers.
2208 1496 2294 1552 47.
2333 1497 2595 1567 Cumque
2638 1495 2895 1552 audisset
2946 1526 3017 1536 —
3064 1495 3225 1551 Vers.
3288 1495 3374 1550 52.
3411 1493 3475 1549 in
3508 1493 3601 1551 via

1942 1584 2092 1654 Lege
2144 1589 2331 1641 totam
2379 1585 2819 1641 enarrationem
2873 1584 3084 1656 integri
3149 1582 3601 1657 quadragesimi

1941 1674 2139 1746 quarti
2166 1675 2560 1746 capitisjuxta
2600 1675 2955 1731 Matthmum.

2014 1764 2124 1819 Etsi
2153 1764 2422 1820 enimille
2476 1764 2549 1818 de
2588 1763 2825 1819 duobus
2879 1763 3050 1819 caecis
3078 1762 3380 1835 loquatur,
3409 1767 3604 1820 cetera

1873 1849 1913 1903 Β
1944 1856 2142 1908 tamen
2184 1853 2462 1925 proxima
2487 1857 2626 1908 sunt
2653 1852 2748 1907 his
2779 1869 2910 1926 quae
2941 1852 3034 1908 hic
3080 1852 3362 1907 dicuntur
3399 1870 3409 1906 :
3443 1855 3498 1907 et
3538 1851 3602 1907 il-

1940 1941 2135 1998 lorum
2168 1942 2571 2014 interpretatio
2615 1942 2795 1998 etiam
2848 1942 2963 1998 ista
3010 1941 3373 2006 manifestat,
3408 1955 3479 1995 ac
3523 1938 3601 1995 ad

1943 2030 2123 2088 ﬁnem
2152 2032 2201 2104 ej
2214 2048 2280 2087 us
2311 2032 2587 2105 apposita
2612 2034 2699 2087 est
2723 2030 2887 2087 dubii
2921 2031 3136 2087 solutio
3160 2029 3525 2102 gratissima.

2418 2229 2570 2285 CAP.
2602 2228 2831 2285 XXXII.
2867 2228 2949 2286 De
2972 2228 3138 2299 pullo

2015 2318 2175 2375 CAP.
2226 2319 2319 2374 XI.
2386 2319 2544 2374 Vers.
2602 2321 2653 2374 1.
2712 2320 2789 2374 Et
2842 2319 2984 2375 dum
3028 2349 3087 2360 —
3144 2319 3301 2374 Vers.
3356 2321 3408 2374 3.
3456 2316 3598 2374 fhue.

1942 2408 2172 2464 Dictum
2196 2414 2284 2465 est
2312 2409 2383 2464 de
2407 2408 2499 2464 his
2530 2408 2812 2465 omnibus
2868 2404 3334 2481 quadragesimo
3388 2407 3599 2479 quinto

1943 2499 2136 2571 capite
2167 2498 2467 2569 Evangelii
2501 2499 2838 2555 secundum
2876 2498 3237 2553 Matthaaum.

2013 2589 2175 2644 Vers.
2200 2589 2251 2643 4.
2274 2588 2565 2646 Abierant
2595 2619 2662 2629 —
2692 2587 2855 2644 Vers.
2885 2593 2935 2643 7.
2963 2587 3044 2644 ad
3067 2587 3281 2644 Iesum.
3334 2584 3600 2643 Similiter

1940 2680 1995 2735 et
2018 2677 2087 2734 de
2106 2677 2220 2734 his.

2014 2770 2173 2825 Vers.
2227 2772 2280 2823 7.
2335 2768 2411 2823 Et
2455 2769 2780 2840 injecerunt
2839 2798 2907 2808 -
2960 2767 3123 2824 Vers.
3188 2767 3275 2823 10.
3328 2765 3596 2823 excelsis.

1939 2858 2130 2915 Etiam
2159 2856 2287 2914 haec
2328 2856 2408 2913 ibi
2439 2856 2743 2913 declarata
2775 2860 2932 2913 sunt.

2011 2948 2183 3005 Vers.
2250 2947 2328 3002 II.
2385 2948 2461 3002 Et
2502 2948 2791 3016 ingressus
2847 2950 2930 3004 est
3002 2976 3072 2988 —
3112 2944 3433 3002 duodecim.
3480 2943 3599 3002 Cir-

1937 3037 2271 3110 cumspexit
2296 3035 2504 3092 omnia
2529 3051 2663 3108 quae
2714 3035 2776 3091 in
2803 3035 3027 3106 templo
3067 3039 3249 3100 erant,
3302 3040 3599 3106 tanquam

1936 3127 2219 3183 Dominus
2249 3124 2403 3182 illius
2428 3122 2752 3181 habitaculi
2793 3142 2806 3177 :
2841 3129 2898 3181 et
2926 3130 3067 3179 tunc
3097 3123 3345 3197 quidem
3413 3122 3594 3189 siluit,

218 3221 674 3285 καταφρονηταῖς·
755 3216 969 3289 ὕστερον
1058 3213 1116 3269 δὲ
1188 3214 1367 3282 ἐλθὼν,
1448 3217 1826 3294 αὐστηρότερον

1978 3232 2087 3272 ans
2118 3219 2355 3288 tempus
2388 3214 2771 3271 correctionis
2815 3214 2929 3278 his,
2955 3213 3060 3286 qui
3090 3214 3288 3286 ipsum
3314 3212 3597 3285 despicie-

218 3300 467 3369 μετῆλθεν
494 3300 704 3373 αὐτοὺς,
740 3306 810 3365 ὡς
840 3302 1216 3380 ἁδιορθὼτους.

438 3485 581 3534 ΚΕΦ.
624 3480 744 3535 AI".
781 3488 907 3555 Περὶ
934 3491 1023 3544 τῆς
1050 3484 1398 3560 ξηρανθείσης
1426 3496 1608 3549 συκῆς.

296 3572 395 3621 Καὶ
434 3576 496 3641 τῇ
540 3568 783 3643 ἐπαύριον
833 3604 897 3615 -
951 3576 1140 3627 σύκων.
1201 3579 1418 3651 Εἴρηται
1472 3582 1589 3653 περὶ
1630 3580 1828 3641 ταύτης

220 3653 268 3707 έν
330 3665 403 3726 τῷ
460 3670 870 3733 τεσσαρακοστῷ
936 3659 1143 3737 ἑϐδόμῳ
1209 3665 1466 3738 κεφαλαίῳ
1536 3674 1626 3719 τοῦ
1692 3670 1827 3721 κατὰ

220 3748 509 3801 Mandonio-1.

294 3840 395 3889 Καὶ
469 3834 773 3911 ἀποκριθεὶς
827 3869 896 3881 -
979 3842 1156 3914 φάγοι.
1239 3848 1338 3896 Καὶ
1419 3849 1536 3919 περὶ
1618 3848 1821 3903 τούτου.

223 3924 303 3984 Εἰς
357 3929 446 3977 τὸν
515 3926 680 3979 αἰῶνα
743 3924 823 3998 δι,
893 3928 1007 3982 ἀντὶ
1070 3938 1181 3993 τοῦ,
1254 3936 1397 4001 ποτε,
1469 3938 1651 4006 ἤγουν,
1726 3957 1825 4009 μη-

219 4010 420 4068 δέποτε.

292 4108 391 4157 Καὶ
444 4108 635 4163 ἤκουον
687 4109 736 4160 οἱ
797 4110 1033 4181 μαθηταὶ
1094 4111 1273 4166 αὐτοῦ.
1346 4112 1419 4166 Δι’
1479 4114 1659 4177 αὐτοῦς
1719 4119 1821 4191 γὰρ

1935 3307 2078 3363 bant
2109 3324 2122 3375 ;
2147 3305 2535 3378 postmodum
2588 3319 2747 3372 vero,
2778 3320 2917 3359 cum
2970 3302 3265 3367 rediisset,
3297 3301 3595 3359 austerius

1934 3412 2037 3453 eos
2068 3395 2313 3469 punivit,
2344 3400 2630 3466 tanquam
2662 3391 3110 3465 incorrigibiles.

2206 3503 2359 3559 CAP.
2391 3503 2624 3560 XXXIII.
2660 3503 2742 3559 De
2755 3504 2869 3572 ﬁcu
2898 3518 3026 3574 quae
3055 3502 3315 3558 exaruit.

2009 3593 2169 3651 Vers.
2199 3596 2280 3650 I2.
2328 3596 2561 3651 Postero
2615 3596 2811 3650 autem
2865 3624 2933 3634 —-
2980 3592 3151 3648 Vers.
3214 3594 3297 3647 I3.
3348 3591 3587 3659 ﬁcuum.

1933 3684 2163 3741 Dictum
2195 3688 2283 3741 est
2312 3683 2385 3740 de
2408 3683 2541 3749 hac,
2580 3682 3047 3756 quadragesimo
3107 3681 3363 3753 septimo
3420 3679 3595 3752 juxta

1933 3774 2265 3831 Matthasum
2287 3773 2499 3846 capite.

2002 3863 2169 3919 Vers.
2209 3866 2295 3919 14.
2334 3864 2398 3918 Et
2427 3862 2781 3935 respondens
2806 3892 2875 3903 —-
2903 3861 3061 3919 edat.
3103 3860 3291 3917 Etiam
3327 3859 3402 3916 de
3441 3858 3583 3917 hoc.

2001 4114 2166 4171 Vers.
2202 4116 2285 4173 14.
2305 4116 2381 4169 Et
2406 4113 2719 4172 audiebant
2747 4111 3026 4182 discipuli
3044 4113 3189 4183 ejus.
3214 4111 3460 4183 Propter
3489 4125 3593 4167 eos

215 4198 305 4245 καὶ
357 4197 452 4253 την
504 4203 680 4248 πεῖναν
723 4197 1052 4273 ὑπεκρίνατο,
1090 4206 1179 4254 καὶ
1226 4206 1566 4275 κατηράσατο
1609 4215 1671 4279 τῇ
1727 4226 1824 4259 συ-

1974 4203 2089 4259 nim
2109 4208 2165 4260 et
2184 4203 2404 4260 famem
2448 4202 2773 4267 simulavit,
2797 4206 2854 4257 et
2877 4201 3061 4256 ﬁcum
3114 4204 3456 4255 exsecratus
3480 4204 3589 4265 est,

214 4290 277 4354 κῇ
311 4283 449 4353 (63),
484 4285 566 4336 ἵνα
587 4294 798 4356 γνῶσιν,
832 4288 911 4340 ὄτι
941 4294 1030 4341 καὶ
1060 4289 1297 4351 κολάζειν
1329 4289 1552 4356 δυνατός
1598 4294 1726 4359 ἐστι,
1758 4299 1823 4359 ὡς

215 4368 263 4422 ἐν
340 4380 413 4443 τῷ
488 4374 699 4449 ῥηθέντι
767 4376 1027 4449 κεφαλαίῳ
1110 4376 1407 4439 δεδήλωται
1491 4383 1605 4436 κατ’
1680 4384 1821 4461 ἀκρί-

216 4459 377 4516 ϐειαν.

1928 4300 1993 4351 ut
2030 4294 2267 4359 scirent,
2287 4293 2450 4366 quod
2480 4292 2879 4365 potensetiam
2906 4295 3064 4346 esset
3092 4290 3169 4346 ad
3187 4288 3586 4362 puniendum,

1930 4384 2109 4441 veluti
2127 4383 2287 4440 dicto
2316 4383 2508 4455 capite
2538 4381 2850 4453 diligenter
2890 4379 3338 4436 manifestatum
3368 4384 3480 4434 est.

286 4556 389 4604 Καὶ
432 4554 679 4625 ἔρχονται
731 4586 799 4596 -—
850 4557 1187 4634 κατέστρεψε.
1241 4565 1366 4635 Περὶ
1424 4566 1617 4619 τούτων
1686 4561 1820 4630 διέξ-

2004 4564 2165 4619 Vers.
2196 4567 2277 4620 I5.
2330 4562 2404 4617 Et
2434 4560 2770 4618 veniunt—
2817 4560 3041 4616 evertit.
3105 4559 3186 4615 De
3237 4558 3330 4614 his
3356 4557 3593 4614 disserit

212 4658 318 4692 εισι
367 4645 423 4693 τὸ
468 4642 609 4706 τέλος
645 4651 738 4697 τοῦ
794 4655 1224 4719 τεσσαρακοστοῦ
1271 4654 1506 4724 πέμπτου
1542 4655 1819 4727 κεφαλαίου

210 4738 303 4782 τοῦ
332 4734 470 4783 κατὰ
499 4734 788 4790 Βίατθαίον.

287 4824 388 4873 Καὶ
430 4821 523 4873 οὐκ
573 4854 635 4863 -
680 4824 839 4898 ἱεροῦ.
890 4831 1288 4901 Καταφρόνησις
1350 4832 1452 4903 γὰρ
1506 4837 1595 4885 καὶ
1642 4843 1815 4892 τοῦτο.

208 4906 527 4963 Ἐπαίδευσε
566 4907 626 4964 δὲ
655 4917 746 4965 καὶ
779 4909 874 4967 διὰ
920 4919 1127 4985 τούτου,
1175 4920 1255 4971 ὅτι
1298 4924 1407 4991 χρὴ
1450 4919 1616 4990 μηδὲν
1660 4945 1821 5001 παρο-

205 5005 304 5072 ρᾷν
338 4998 544 5063 ἀνάξιον
571 4999 619 5053 έν
639 5008 750 5065 τοῖς
781 5004 950 5077 ἱεροῖς.

278 5181 381 5230 Καὶ
430 5174 689 5233 ἐδίδασκε
733 5212 800 5223 -
847 5181 1072 5257 λῃστῶν.
1138 5185 1273 5240 Ἑκεί
1318 5190 1409 5240 καὶ
1456 5194 1575 5265 περὶ
1619 5195 1815 5248 τούτων

201 5262 610 5341 διηρμὴνευται.

272 5361 373 5410 Καὶ
451 5362 686 5416 ἥκουσαν
764 5390 828 5402 -—
886 5359 1251 5418 ἀπολέσουσιν.
1336 5364 1631 5438 Ἤκουσαν,
1702 5382 1813 5439 πῶς

194 5444 605 5522 έπαρῥησιάσθη
615 5490 631 5507 .

1931 4652 2069 4709 ﬁnis
2108 4650 2756 4725 quadragesimiquinti
2796 4648 3006 4722 capitis
3045 4648 3345 4719 Evangelii
3386 4664 3594 4705 secun-

1931 4743 2080 4798 dum
2112 4743 2471 4799 Mattbaaum.

2002 4832 2164 4888 Vers.
2204 4836 2292 4888 I6.
2327 4827 2855 4899 Nec—templum.
2881 4830 3029 4884 Nam
3062 4830 3119 4883 et
3148 4826 3209 4882 id
3234 4826 3294 4881 in
3328 4830 3591 4883 contem-

1932 4928 2100 4996 ptum
2131 4928 2271 4979 erat.
2307 4921 2418 4977 Per
2446 4921 2560 4976 hoc
2590 4920 2765 4975 etiam
2795 4917 3065 4983 docebat,
3097 4917 3261 4990 quod
3306 4915 3455 4972 nihil
3484 4930 3592 4986 per

1929 5010 2257 5082 neglectum
2321 5008 2552 5065 admitti
2617 5007 2844 5078 debeat,
2920 5004 3083 5079 quod
3156 5003 3437 5061 indecens
3517 5003 3591 5061 sit

1928 5101 2005 5157 sit
2031 5101 2091 5156 in
2118 5098 2371 5172 templis.

1998 5191 2165 5246 Vers.
2198 5190 2286 5245 I'I.
2340 5190 2407 5244 Et
2452 5185 2697 5243 docebat
2726 5216 2795 5225 —
2848 5185 3165 5242 latronum.
3215 5182 3280 5240 Id
3334 5188 3590 5257 quoque

1923 5282 2133 5340 horum
2158 5279 2299 5337 data
2327 5283 2420 5335 est
2439 5275 2864 5350 interpretatio.

1994 5373 2161 5429 Vers.
2198 5374 2281 5427 I8.
2310 5370 2386 5426 Et
2413 5367 2731 5427 audierunt
2767 5396 2837 5408 —
2860 5365 3190 5437 perderent.
3218 5362 3585 5422 'Audierunt.

1918 5461 2225 5537 quomodo
2252 5460 2435 5518 libere
2447 5463 2503 5515 et
2524 5456 3055 5517 audacterlocutus
3071 5459 3233 5512 esset
3253 5470 3323 5512 ac
3346 5454 3586 5513 fecisset

1394 5637 1621 5707 Variae
1651 5639 1985 5711 lectiones
2015 5649 2082 5710 et
2112 5650 2294 5709 notae

272 5770 388 5840 (65)
417 5774 523 5831 Τὴν
557 5779 724 5830 συκῆν
750 5779 811 5828 Δ.
