4074 6382
496 339 596 395 831
1809 325 2160 385 EUTYHMII
2199 323 2532 389 ZIGABENI
3766 321 3871 379 832

574 464 739 520 Vers.
781 464 859 519 18.
910 461 1213 519 Timebant
1255 491 1324 503 —
1350 459 1493 529 ejus.
1524 458 1890 514 Verebantur
1914 456 2159 526 propter

2342 450 2650 525 Ἐφοϐοῡντο
2710 482 2777 491 -
2832 449 3011 504 αύτοῦ.
3084 447 3388 521 Ἐφοϐοῦντο
3465 447 3621 501 αύτὸν
3691 447 3870 502 ἀπολέ-

501 555 740 613 turbam
774 559 991 609 temere
1017 570 1155 608 eum
1182 552 1470 608 occidere.

2272 561 2383 607 σαι,
2416 542 2483 602 ὡς
2514 543 2671 613 ἔτυχε
2698 536 2791 592 διὰ
2820 543 2906 591 τὸν
2942 538 3118 611 ὄχλον.

572 645 735 699 Vers.
786 644 864 698 19.
906 644 972 697 Et
1011 658 1140 699 cum
1171 671 1239 685 —
1277 641 1587 697 civitatem.
1634 634 2058 707 Egrediebatur
2097 632 2158 687 in

2342 635 2442 683 Καὶ
2489 630 2571 681 ὅτε
2642 661 2707 668 -
2757 628 2971 689 πόλεως.
3027 626 3385 702 Ἐξεπορεύετο
3432 626 3504 688 εἰς
3576 628 3642 678 τὰ
3709 628 3872 700 προά-

505 732 801 789 suburbia
827 737 1068 804 propter
1097 730 1379 801 quietem.

1366 769 1379 783 .
2271 740 2438 787 στεια,
2468 716 2562 772 διὰ
2590 723 2684 778 τὴν
2714 720 2973 790 ἡσυχίαν.

574 823 739 878 Vers.
772 825 860 877 20.
904 820 1060 876 Vers.
1093 822 1167 875 Et
1198 835 1370 877 mane
1398 850 1465 858 —
1494 818 1656 872 Vers.
1684 816 1774 869 21.
1806 810 2057 869 exaruit.
2092 811 2159 866 1n

2342 813 2441 861 Καὶ
2481 811 2614 881 πρωὶ
2655 840 2723 848 —
2768 807 3061 881 ἐξήρανται.
3106 807 3190 860 Ἐν
3239 814 3310 877 τῷ
3358 804 3701 881 προρῥηθέντι
3750 825 3870 859 τεσ-

502 911 788 984 praedicto
826 910 1294 983 quadragesimo
1336 907 1589 979 septimo
1634 904 1826 975 capite
1866 899 2111 971 Evangel

2271 904 2583 969 σαρακοστῷ
2657 893 2864 968 ἑϐδόμῳ
2930 896 3191 969 κεφαλαίῳ
3251 903 3340 948 τοῦ
3412 898 3546 947 κατὰ
3599 896 3867 948 Ματθαῖον

504 983 833 1057 secundum
855 1001 1196 1056 Matthaeum
1221 999 1396 1054 etiam
1427 996 1500 1053 de
1528 995 1623 1051 his
1649 995 2021 1064 disputatum
2050 1006 2111 1045 es

1483 1014 1500 1053 3
1528 995 1623 1051 his
1649 995 2021 1064 disputatum
2050 995 2154 1045 est.
2268 991 2355 1039 καὶ
2390 991 2507 1059 περὶ
2536 988 2726 1039 τούτων
2768 983 3092 1044 διείληπται.

570 1090 735 1146 Vers.
761 1092 846 1145 22.
882 1091 955 1143 Et
1007 1088 1353 1158 respondens
1403 1118 1469 1127 —
1494 1085 1557 1141 in
1588 1085 1791 1139 Deum.
1830 1081 2156 1147 Possidete,

2341 1080 2442 1128 Καὶ
2530 1074 2825 1149 ἀποκριθεὶς
2914 1108 2981 1115 -
3068 1078 3220 1129 Θεοῦ.
3319 1076 3598 1133 κτήσασθε
3690 1077 3870 1125 πίστιν

502 1180 716 1252 inquit,
754 1179 1036 1236 ﬁduciam
1065 1194 1208 1248 erga
1240 1179 1430 1233 Deum
1460 1193 1472 1232 :
1510 1174 1794 1231 ﬁduciam
1822 1176 2022 1227 autem
2052 1186 2111 1242 pl

1971 1187 2022 1226 ω
2052 1185 2159 1242 pu—
2270 1166 2335 1226 εἰς
2366 1169 2514 1221 Θεὸν.
2549 1170 2736 1219 Πίστιν
2769 1162 2827 1218 δὲ
2855 1167 3088 1242 καθαρὰν
3119 1170 3207 1217 καὶ
3240 1159 3580 1217 ἀδίστακτον.

500 1286 632 1326 ram
658 1273 716 1325 et
738 1269 1160 1325 indubitatam.

573 1360 734 1414 Vers.
769 1359 863 1414 23.
899 1356 1436 1414 Amen—dixerit.
1470 1355 1694 1411 Eodem
1726 1350 1915 1425 capite
1951 1350 2021 1406 dc
2066 1349 2158 1405 his

2341 1345 2506 1417 Ἀμὴν
2565 1376 2633 1385 -
2690 1347 2828 1417 εἴπῃ.
2898 1344 2981 1398 Ἐν
3039 1351 3111 1416 τῷ
3176 1346 3396 1416 τοιούτῳ
3462 1341 3721 1416 κεφαλαίῳ
3782 1346 3874 1395 καὶ

501 1463 741 1521 quoque
770 1452 966 1503 actum
994 1452 1106 1502 est.

2271 1439 2386 1509 περὶ
2416 1438 2610 1487 τούτων
2638 1433 2848 1506 ἕλέχθη.

573 1538 660 1608 -Η-
688 1537 1101 1593 Immediatam
1131 1535 1370 1591 animus
1402 1537 1613 1589 nactus
1649 1547 1787 1587 cum
1840 1531 1960 1585 Deo
1993 1528 2162 1584 unio-

2340 1522 2468 1598 [Τὴν
2525 1525 2636 1596 (66)
2687 1526 2880 1597 ἄμεσον
2937 1523 3115 1595 λαχὼν
3172 1523 3282 1594 (67)
3333 1525 3358 1575 ὁ
3406 1530 3524 1584 νοῦς
3586 1525 3718 1598 πρὸς
3784 1526 3871 1574 τὸν

500 1641 663 1692 nem,
696 1625 1034 1681 facultatem
1060 1627 1390 1679 secundum
1424 1628 1695 1678 naturam
1727 1618 2027 1689 cogitandi
2051 1618 2109 1689 (ii

2270 1617 2391 1666 Θεὸν
2423 1614 2622 1678 ἕνωσιν,
2650 1618 2743 1671 τὴν
2792 1620 2882 1666 τοῦ
2930 1619 3061 1665 νοεῖν
3099 1616 3233 1664 κατά
3286 1615 3442 1685 φύσιν
3492 1608 3714 1684 δύναμιν
3760 1614 3873 1683 ἔχει

502 1714 826 1785 telligendii
854 1731 1099 1786 prorsus
1124 1713 1307 1769 habet
1331 1712 1585 1767 otiosam
1623 1711 1708 1766 :si
1767 1715 1966 1765 autem
2002 1708 2111 1763 han

2272 1703 2643 1775 σχολάζουσαν
2694 1702 2986 1763 παντελώςο
3028 1704 3185 1760 ἡνίκα
3216 1698 3274 1755 δε
3306 1705 3502 1758 ταύτην
3544 1700 3704 1773 λύσῃ,
3755 1704 3873 1759 νοή-

503 1804 832 1875 (unionem)
861 1803 1116 1868 solverit,
1148 1808 1202 1858 et
1228 1801 1453 1874 aliquid
1478 1817 1595 1856 non
1617 1798 1948 1854 secundum
1970 1800 2112 1853 Deui

2273 1811 2365 1852 σας
2410 1812 2462 1844 τι
2516 1799 2614 1843 τῶν
2673 1795 2802 1864 μετὰ
2855 1794 2983 1843 Θεὸν
3040 1791 3179 1862 (68),
3223 1787 3485 1865 διεκρίθη,
3538 1795 3703 1863 τεμὼν
3759 1790 3872 1862 (69)

500 1892 823 1964 cogitando
855 1892 1203 1963 complexus
1236 1892 1330 1959 sit,
1367 1890 1750 1961 disjungitur,
1782 1887 1994 1953 soluta,
2023 1903 2105 1959 qu

2268 1886 2361 1940 τὴν
2403 1883 2529 1955 ὑπὲρ
2574 1886 2755 1939 νοησιν
2800 1882 3002 1949 ἕνωσιν,
3044 1881 3163 1932 καθ’
3206 1880 3291 1948 ἣν,
3340 1882 3433 1941 ἔως
3480 1879 3593 1932 ἐστὶ
3636 1888 3707 1950 τῷ
3759 1885 3874 1948 Θεῷ

499 1999 683 2055 supra
734 1980 1097 2037 intellectum
1151 1984 1260 2045 est,
1308 1979 1529 2033 unione
1579 1977 1910 2031 secundum
1950 1990 2108 2047 quan

2271 1975 2610 2043 συνημμένος,
2667 1972 2737 2032 ὡς
2796 1972 2921 2044 ὑπὲρ
2991 1973 3167 2042 φύσιν,
3216 1975 3305 2023 καὶ
3371 1978 3434 2043 τῇ
3507 1969 3705 2042 μεθέξει
3763 1970 3876 2029 θεὸς

495 2070 769 2145 quandiu
813 2070 1168 2141 conjunctus
1231 2071 1322 2123 est
1366 2070 1501 2134 Deo,
1536 2071 1603 2122 ut
1655 2081 1834 2137 super
1886 2070 2104 2119 natura:

2268 2063 2618 2133 γεγενημένος,
2688 2061 2920 2132 καθάπερ
2994 2063 3109 2132 ὅρος
3188 2058 3430 2118 ἀκίνητον
3513 2058 3715 2124 ἑαυτοῦ,
3791 2060 3877 2110 τὸν

502 2164 559 2217 et
585 2158 1043 2233 participatione
1074 2156 1224 2212 deus
1250 2156 1458 2222 facins,
1504 2160 1796 2227 tanquam
1840 2154 2111 2209 immotui

1571 2170 1796 2227 nquam
1840 2154 2162 2209 immotum
2269 2156 2362 2211 τῆς
2391 2152 2588 2221 φύσεως
2617 2150 2934 2221 μετατίθησι
2962 2147 3180 2223 νόμον.]

499 2254 771 2307 montem
802 2265 999 2313 suum,
1033 2247 1226 2317 legem
1258 2250 1484 2301 naturae
1525 2244 1874 2315 transponit.

569 2340 731 2396 Vers.
774 2342 862 2395 24.
896 2338 1027 2393 Ideo
1058 2368 1125 2377 —-
1155 2337 1333 2393 vobis.
1371 2335 1646 2391 Similiter
1669 2333 1819 2390 etde
1849 2332 1964 2388 his.

2342 2329 2437 2380 Διὰ
2486 2334 2638 2379 τοῦτο
2690 2357 2759 2369 -
2814 2327 2956 2399 ύμῖν.
3025 2326 3249 2399 Ὁμοίως
3319 2330 3409 2378 καὶ
3466 2329 3585 2401 περὶ
3656 2327 3871 2379 τούτων.

702 2427 855 2482 CAP.
888 2426 1119 2483 XXXIV.
1162 2427 1247 2481 De
1268 2424 1557 2481 oblivione
1584 2422 1953 2494 injum'arum.

1905 2439 1953 2478 η·
2627 2441 2772 2489 ΚΕΦ.
2806 2434 2925 2489 ΛΔ’.
2961 2439 3086 2509 Περὶ
3108 2433 3514 2507 ἀμνησικακίας.

572 2518 735 2574 Vers.
774 2518 844 2572 Et
860 2517 996 2572 dum
1020 2520 1107 2571 25.
1132 2545 1201 2556 —
1233 2517 1390 2570 Vers.
1426 2516 1515 2570 26.
1548 2517 1742 2569 vestra
1775 2512 1904 2568 Haec
1930 2512 1988 2567 in
2018 2527 2163 2584 prae-

2344 2529 2440 2579 Καὶ
2492 2526 2611 2577 ὅταν
2678 2556 2746 2564 —
2800 2526 2961 2598 ύμών.
3019 2523 3145 2577 Εῖπε
3214 2531 3382 2576 ταῦτα
3452 2527 3542 2575 καὶ
3622 2525 3874 2597 πρότερον

496 2606 847 2662 cedentibus
885 2620 1123 2678 quoque
1160 2604 1308 2660 dixit
1334 2604 1623 2659 Dominus
1670 2602 1922 2659 Matthmi
1947 2601 2105 2673 quin‘

2270 2616 2295 2667 ὀ
2372 2617 2580 2690 Κύριος,
2660 2613 2710 2665 ἐν
2789 2623 2860 2685 τῷ
2934 2618 3151 2687 πέμπτῳ
3243 2612 3501 2685 κεφαλαίῳ
3568 2619 3661 2664 τού
3736 2612 3874 2663 κατά

500 2696 714 2768 capite,
743 2700 1066 2767 postquam
1090 2693 1297 2749 docuit
1327 2693 1680 2757 orationem,
1708 2694 1890 2748 Pater
1942 2694 2109 2747 noste

2270 2707 2558 2771 Ματθαίον,
2590 2706 2722 2776 μετὰ
2749 2708 2808 2757 τὸ
2842 2700 3063 2766 διδάξαι
3092 2707 3184 2761 τὴν
3226 2706 3532 2775 προσευχὴν
3556 2706 3615 2754 τό
3640 2718 3653 2731 ·
3699 2703 3870 2773 Πάτερ

498 2785 596 2857 qui
623 2800 676 2840 es
696 2785 759 2841 in
791 2785 965 2841 caelis.
994 2785 1199 2848 Quaere
1224 2798 1366 2855 ergo
1419 2782 1498 2839 ibi
1544 2782 1761 2839 horum
1817 2781 2107 2853 interpret;

2268 2795 2413 2866 ἡμῶν
2457 2795 2482 2846 ὁ
2550 2795 2600 2846 ἐν
2656 2800 2763 2855 τοίς
2834 2793 3107 2866 οὐρανοῖςο
3177 2796 3265 2845 καὶ
3327 2794 3551 2856 ζήτησον
3612 2789 3715 2844 ἐκεῖ
3779 2796 3872 2850 τὴν

500 2875 744 2931 tionem.

2266 2887 2460 2936 τούτων
2490 2882 2741 2955 ἐξήγησιν
2754 2927 2765 2939 .

571 2980 723 3039 CAP.
762 2982 961 3039 XXXV.
1004 2982 1091 3038 De
1142 2978 1652 3051 interrogantibus
1720 2978 2052 3035 Dominum.
2086 2979 2158 3035 In

2270 2998 2415 3048 ΚΕΦ.
2474 2991 2591 3047 ΛΕ.
2654 2997 2779 3065 Περὶ
2844 2999 2944 3043 τῶν
3014 2989 3450 3065 ἐπερωτησάντων
3522 2991 3608 3041 τὸν
3682 2990 3873 3063 Κύριον

924 3087 1038 3144 qua
1065 3076 1349 3141 potestate
1371 3074 1498 3128 haec
1523 3071 1676 3140 facis
1703 3068 1730 3124 ?

2658 3082 2947 3155 ἀρχιερέων
2974 3084 3060 3131 καὶ
3096 3077 3475 3153 πρεσϐυτέρων.

567 3164 730 3219 Vers.
786 3163 874 3217 27.
943 3162 1020 3217 Et
1080 3161 1319 3219 veniunt
1386 3192 1445 3201 —
1511 3161 1671 3216 Vers.
1768 3160 1854 3214 28.
1913 3158 2160 3229 facias?

2341 3176 2440 3225 Καὶ
2480 3173 2727 3246 ἔρχονται
2764 3201 2831 3210 —-
2870 3177 3064 3241 ποιῇς;
3105 3175 3304 3234 Ταῦτα,
3352 3174 3519 3235 ποία;
3567 3170 3638 3220 Τὸ
3694 3164 3875 3220 ἐκϐάλ-

496 3253 629 3307 Haec
667 3270 679 3307 :
724 3267 1001 3325 quaenam
1038 3250 1066 3306 ?
1120 3250 1341 3321 Ejicere
1392 3248 1667 3305 videlicet
1715 3248 2039 3305 vendentes
2100 3272 2105 3300 ‹

2265 3261 2367 3314 λειν
2432 3263 2555 3323 τοὺς
2614 3259 2914 3319 πωλοῦντας
2964 3263 3053 3311 καὶ
3108 3256 3460 3331 ἀγοράζοντας
3515 3255 3563 3308 ἐν
3607 3262 3679 3326 τῷ
3733 3258 3870 3332 ἱερῷ,

495 3346 760 3397 ementes
798 3341 859 3396 in
890 3340 1115 3413 templo
1149 3345 1446 3397 :evertere
1485 3338 1761 3412 prmfatas
1815 3355 2054 3395 mensas
2088 3355 2104 3394 ε

2267 3355 2325 3403 τὸ
2374 3349 2674 3423 ἀνατρέπειν
2740 3351 2833 3411 τὰς
2891 3349 3277 3423 προρῥηθείσας
3327 3346 3589 3421 τραπέζας
3641 3351 3730 3397 καὶ
3785 3366 3873 3397 κα-

495 3430 707 3487 sellas:
737 3446 859 3486 non
893 3430 1231 3502 permittere
1273 3429 1501 3485 deferre
1532 3444 1637 3484 vas
1689 3443 1789 3500 per
1841 3428 2104 3501 templun

2268 3434 2471 3511 θέδρας,
2546 3442 2604 3490 τὸ
2669 3442 2740 3511 μὴ
2802 3436 3004 3510 ἀφιέναι
3063 3433 3340 3508 διενεγκεῖν
3394 3443 3578 3497 σκεῦος
3632 3430 3726 3487 διὰ
3783 3441 3872 3487 τοῦ

494 3536 564 3577 ac
606 3518 840 3575 similia.

2268 3529 2425 3603 ἱεροῦ,
2455 3532 2544 3580 καὶ
2573 3529 2640 3580 τά
2664 3535 2904 3582 τοιαῦτα.

567 3609 773 3674 Quaere
792 3612 993 3664 autem
1015 3606 1551 3679 quadragesimum
1567 3611 1845 3664 octavum
1865 3611 2046 3680 caput
2072 3623 2156 3665 se-

2337 3622 2572 3675 Ζὴτησον
2620 3620 2677 3668 τὸ
2725 3619 3147 3689 τεσσαρακοστὸν
3201 3612 3389 3688 ὃγδοον
3453 3614 3726 3689 κεφάλαιον
3782 3620 3869 3666 τοῦ

491 3698 758 3754 cundum
786 3697 1149 3761 Matthaaum,
1182 3702 1238 3752 et
1262 3697 1461 3753 omnia
1486 3698 1771 3755 invenies.

1114 3712 1149 3761 I,
1182 3702 1238 3752 et
1262 3697 1461 3753 omnia
1486 3698 1771 3755 invenies.
2264 3709 2399 3758 κατὰ
2435 3708 2723 3759 Ματθαῖον.

565 3789 728 3842 Vers.
754 3791 842 3843 29.
888 3786 1248 3855 Respondens
1299 3791 1491 3843 autem
1546 3788 1716 3843 Jesus
1743 3818 1812 3827 —
1856 3788 2014 3843 Vers.
2064 3792 2150 3844 30.

2331 3795 2389 3847 ¢0
2437 3792 2496 3848 δὲ
2539 3795 2741 3856 Ἰησοῦς
2799 3793 3099 3870 ἀποκριθεὶς
3147 3824 3216 3835 --
3259 3813 3369 3866 μοι.
3433 3792 3512 3846 Ἐν
3558 3790 3730 3866 ἐκείνῳ
3782 3795 3869 3844 καὶ

493 3878 661 3934 mihi.
693 3880 754 3932 In
781 3877 880 3934 illo
910 3876 1090 3933 etiam
1115 3876 1188 3932 de
1218 3876 1311 3933 his
1337 3877 1627 3934 invenies.

1271 3877 1311 3933 is
1337 3877 1627 3934 invenies.
2264 3889 2377 3958 περὶ
2406 3887 2597 3937 τούτων
2628 3886 2880 3959 εὑρήσεις.

566 3968 730 4023 Vers.
760 3972 847 4023 31.
908 3968 983 4023 Et
1017 3967 1345 4038 cogitabant
1375 3968 1621 4023 —Vers.
1679 3972 1766 4024 32.
1820 3966 2151 4025 homnibus.

2077 3984 2151 4025 νε.
2339 3979 2435 4029 Καὶ
2466 3973 2761 4046 ἐλογίζοντο
2792 4004 2859 4015 --
2890 3972 3191 4048 ἀνθρώπων.
3238 3977 3416 4026 Λείπει
3442 3974 3499 4023 τὸ
3541 3971 3686 4043 οὐχί.

494 4057 719 4123 Deﬁcit,
753 4074 892 4113 non.

565 4148 726 4203 Vers.
782 4147 868 4201 32.
938 4146 1240 4203 Timebanl
1294 4177 1362 4187 —
1417 4153 1582 4204 esset.
1630 4148 1943 4204 Habebant
1982 4150 2153 4205 Joan-

2333 4156 2642 4231 Ἐφοϐοῦντο
2692 4186 2757 4195 -
2816 4156 2899 4213 ἧν.
2952 4185 3019 4194 -
3070 4151 3232 4225 Εἶχον
3286 4155 3372 4205 τὸν
3427 4151 3690 4220 Ἰωάννην,
3758 4148 3870 4203 ἀντὶ

492 4250 653 4305 nem,
709 4236 822 4293 hoc
853 4239 956 4297 est.
1004 4237 1141 4291 certi
1185 4240 1352 4293 erant
1404 4238 1473 4293 de
1514 4238 1763 4294 Joanne.
1804 4237 2037 4293 Dictum
2070 4254 2099 4294 e

2264 4255 2377 4312 τοῦ,
2438 4245 2921 4320 ἐπεπληροφόρηντο
2987 4246 3104 4316 περὶ
3156 4248 3248 4294 τοῦ
3315 4242 3576 4295 Ἰωάννου.
3653 4241 3870 4311 Εἴρηται

494 4330 694 4382 autem
719 4325 863 4382 etde
894 4325 985 4381 bis
1015 4324 1261 4381 ibidem.

2266 4334 2325 4390 δε
2354 4340 2443 4388 καὶ
2475 4338 2593 4410 περὶ
2619 4338 2814 4387 τούτων
2855 4332 2976 4386 ἐκεῖ.

564 4418 728 4471 Vers.
787 4415 875 4470 33.
942 4416 1015 4471 Et
1071 4445 1140 4457 —
1188 4415 1361 4484 facio.
1430 4415 1711 4473 Similiter
1767 4421 1823 4474 et
1880 4417 1973 4474 his
2023 4434 2157 4476 exa-

2339 4430 2440 4479 Καὶ
2498 4456 2563 4466 —-
2620 4431 2771 4476 ποιῶ.
2822 4422 3046 4495 Ὁμοίως
3099 4425 3189 4473 καὶ
3257 4426 3374 4496 περὶ
3451 4422 3644 4473 τούτων
3725 4416 3871 4492 ἀκρι-

494 4504 778 4562 ctissime.

2190 4516 2233 4572 D
2267 4514 2521 4569 ϐἐστατα.

964 4594 1119 4650 CAP.
1148 4593 1370 4651 XXXVI.
1398 4597 1473 4650 De
1500 4597 1687 4653 vinea.

2612 4608 2756 4656 ΚΕΦ.
2787 4599 2905 4671 Λς’.
2939 4604 3063 4673 Περὶ
3092 4605 3183 4652 τοῦ
3217 4596 3530 4673 ἀμπελῶνος.

569 4683 719 4740 CAP.
756 4683 859 4738 XII.
894 4681 1057 4739 Vers.
1085 4684 1135 4738 1.
1178 4684 1255 4740 Ει
1317 4686 1483 4754 coepit
1530 4717 1599 4727 —
1627 4702 1871 4757 peregre
1920 4689 2153 4761 profec-

2341 4696 2441 4745 Καὶ
2489 4690 2686 4765 ἤρξατο
2745 4720 2803 4729 -ο
2863 4686 3195 4761 ἀπεδήμησε.
3247 4688 3419 4742 Τσῖλλα
3468 4691 3558 4761 μὶν
3622 4695 3717 4749 τῆς
3780 4706 3873 4739 πα-

496 4778 590 4830 lus
613 4779 713 4830 est.
740 4772 868 4827 Alia
888 4773 1134 4845 quidem
1162 4774 1339 4846 hujus
1368 4775 1671 4847 parabolae
1698 4776 1992 4833 declarata
2017 4795 2105 4834 ευ]

2265 4779 2491 4855 ραϐολῆς
2536 4784 2732 4842 ταύτης
2802 4780 3206 4853 ἡρμηνεύθησαν
3259 4777 3309 4830 ἐν
3392 4786 3463 4847 τῷ
3540 4782 3874 4845 πεντηκοστῷ

494 4863 999 4937 quinquagesimo
1026 4865 1218 4937 capite
1238 4864 1533 4937 Evangelii
1558 4869 1884 4922 secundum
1904 4870 2103 4924 Mattha

2267 4870 2525 4943 κεφαλαίῳ
2573 4877 2664 4922 τού
2716 4872 2851 4921 κατά
2901 4871 3208 4923 Ματθαῑον·
3267 4868 3542 4925 ὑπολήνιον
3612 4864 3670 4919 δε
3742 4866 3876 4939 λέγει

496 4970 621 5010 um.
656 4953 875 5009 Lacum
901 4969 1042 5009 vero
1074 4953 1237 5019 dicit,
1261 4956 1456 5026 qualis
1471 4957 1724 5014 eratsub
1745 4956 2105 5027 altari,ubir«

2268 4964 2325 5013 τὸ
2357 4961 2601 5011 ύποκάτω
2627 4966 2718 5011 τοῦ
2752 4960 3157 5031 θυσιαστηρίου,
3203 4957 3228 5009 ὃ
3262 4960 3319 5010 τὸ
3371 4957 3504 5031 αἷμα
3548 4964 3648 5009 τῶν
3695 4958 3875 5027 θυομέ-

497 5042 827 5115 cipiebatur
843 5042 1087 5112 sanguis
1111 5042 1483 5110 animalium,
1502 5061 1636 5117 quae
1664 5045 2101 5104 immolabantu

1264 5042 1483 5110 lﬂliUII],
1502 5061 1636 5117 quae
1664 5045 2155 5104 immolabantur.
2267 5070 2364 5102 νων
2392 5050 2537 5109 ζώων
2565 5044 2873 5121 ὑπεδέχετο.

1669 5196 1887 5265 Variae
1918 5198 2248 5268 lectiones
2282 5208 2348 5267 et
2377 5208 2578 5267 notae.

566 5363 681 5436 (66)
713 5364 847 5419 Haec
880 5366 1125 5438 uterque
1164 5363 1224 5438 in
1279 5366 1546 5438 margine
1576 5365 1776 5438 habet.
1840 5369 2155 5424 Hentenius
2338 5367 2454 5432 (67)
2497 5366 2705 5436 Λαϐὼν,
2736 5367 2914 5438 B.Ita
2946 5366 3171 5421 Veneti.

497 5434 616 5512 non
656 5434 1471 5512 agnosciLReperituahoc
1525 5436 1814 5512 scholiurn
1866 5439 2045 5512 etiam
2096 5442 2106 5495 i

2341 5440 2454 5512 (68)
2497 5434 2919 5512 Cprrigengum
2946 5439 3180 5493 videtur
3206 5445 3303 5490 τῶν
3326 5437 3384 5512 ού
3411 5440 3547 5512 κατὰ
3568 5440 3719 5512 Θεὸν.
3750 5435 3888 5493 Vul-

498 5505 637 5581 edit.
674 5506 889 5581 Veneta
913 5505 1332 5579 Theopbylacti
1376 5515 1519 5563 tom.
1559 5515 1605 5575 l,
1636 5526 1694 5581 p.
1721 5510 1845 5565 795.
1883 5510 1951 5568 Β.
1985 5512 2157 5577 Quili-
2269 5505 2475 5581 gaium
2508 5505 2741 5566 Veneti.
2780 5510 2963 5565 Paulo
2990 5516 3128 5565 ante
3155 5510 3385 5566 correxi
3410 5510 3591 5567 etiam
3614 5510 3745 5581 λύσῃ
3776 5524 3886 5581 pro

496 5576 615 5652 bet,
652 5579 999 5652 utarbitror,
1017 5576 1319 5652 auctorem
1334 5576 2158 5652 agnoscitfRepetitumenim
2270 5576 2442 5652 λύσει.

495 5647 729 5775 adst?
749 5664 817 5705 ex
845 5648 1177 5720 allegoriois
1202 5647 1533 5725 quisquiliis
1551 5647 1746 5710 sancti
1772 5654 2010 5712 Maximi
2042 5670 2104 5728 pr

559 5737 586 5775 s
692 5736 763 5775 is.

1349 5647 1533 5725 quiliis
1551 5647 1746 5710 sancti
1772 5654 2010 5712 Maximi
2042 5670 2176 5728 pro-
2356 5651 2473 5725 (69)
2510 5656 2702 5723 Τεκών,
2732 5652 2958 5711 Veneti.

522 5735 763 5779 8880118.
