4074 6380
238 398 343 455 833

314 526 415 576 Καὶ
492 516 761 572 ἀπέστειλε
839 547 908 555 -
988 510 1297 586 ἀμπελῶνος.

241 616 361 688 περὶ
401 612 597 663 τούτων
629 609 890 682 εὑρήσεις.
935 602 1072 677 Ὀρα
1102 596 1179 665 δὲ,
1214 606 1321 659 πῶς
1361 599 1409 648 οἱ
1459 599 1684 667 γεωργοί
1726 591 1849 648 τοὺς

239 704 477 776 καρποὺς
526 696 889 762 ἀπαιτοῦνται,
923 695 991 754 ὡς
1030 688 1332 763 ἐπιμεληταὶ
1376 690 1465 738 καὶ
1497 683 1713 757 φύλακες
1758 683 1850 730 τοῦ

245 791 567 865 ἀμπελῶνος.

318 882 386 933 Οἱ
435 874 495 930 δε
528 907 598 916 -
651 874 970 927 ἀπέκτειναν.
1029 873 1130 924 Καὶ
1186 874 1354 920 ταῦτα
1401 864 1571 917 πάντα
1623 856 1852 933 διηρμη-

242 971 399 1026 νεὺθη
410 987 506 1020 σαν
537 967 728 1038 ὁμοίως
758 961 879 1017 ἐκεῖ.

319 1058 437 1111 Ἔτι
493 1087 564 1096 -
606 1053 917 1128 ἀμπελῶνος.
973 1053 1073 1105 Καὶ
1123 1054 1286 1100 ταῦτα
1330 1041 1713 1119 παραπλησίως
1758 1044 1854 1095 τῆς

246 1148 626 1223 προσηκούσης
655 1142 758 1196 ἐκεῖ
786 1144 1143 1213 τετυχήκασιν
1180 1136 1499 1207 ἐξηγήσεως.

318 1349 385 1399 Τί
414 1340 502 1397 οὖν
533 1373 603 1384 -
630 1340 825 1403 ἄλλοις.
853 1338 971 1392 "En
999 1340 1089 1389 καὶ
1111 1342 1292 1389 ταῦτα.

323 1430 467 1487 Οὐδὲ
498 1463 565 1475 -
595 1429 879 1504 ὀφθαλμοῖς
914 1430 1079 1501 ήμῶν.
1110 1425 1332 1499 Ὁμοίως
1364 1425 1454 1474 καὶ
1492 1426 1676 1473 ταῦτα.

327 1635 431 1685 Καὶ
474 1628 695 1690 ἐζήτουν
724 1656 792 1667 —
823 1622 949 1679 εἶπε.
984 1625 1121 1698 Πρὸς
1165 1620 1373 1687 αὐτοὺς,
1420 1616 1532 1670 ἀντὶ
1578 1623 1689 1686 τοῦ,
1739 1617 1859 1687 περὶ

252 1720 445 1773 αὐτῶν.
499 1717 651 1771 Οὕτω
691 1718 793 1791 γὰρ
844 1710 977 1767 εἶπεν
1022 1714 1047 1764 ὁ
1092 1712 1371 1775 Ματθαῖος,
1430 1706 1553 1781 παρ’
1667 1708 1756 1757 καὶ
1795 1705 1861 1755 τά

251 1812 480 1885 ῥηθέντα
509 1809 678 1859 πάντα
707 1801 742 1857 δ
748 1805 1123 1875 ιασεσάφηται.

330 1904 432 1953 Καὶ
482 1896 685 1970 ἀφέντες
717 1893 873 1946 αὐτὸν
923 1890 1173 1949 ἀπῆλθον.
1213 1888 1325 1943 Ἵνα
1352 1892 1423 1957 μή
1456 1892 1547 1939 καὶ
1576 1885 1707 1938 ἄλλα
1751 1882 1864 1936 κατ’

256 1989 425 2043 αὐτῶν
476 1990 617 2059 εἴπῃ,
670 1987 761 2035 καὶ
810 1984 893 2034 ἳνα
940 1981 1343 2033 συσκευάσωσιν
1409 1975 1685 2034 ἐπιϐουλήν
1743 1977 1862 2027 κατ’

256 2079 441 2133 αὐτοῦ.

259 2188 408 2237 [Cl-34’.
494 2180 616 2236 AZ'.
706 2184 831 2254 Περὶ
894 2186 994 2229 τῶν
1079 2176 1513 2251 ἐπερωτησάντων
1600 2170 1693 2226 διὰ
1775 2176 1861 2226 τὸν

952 2274 1165 2325 κῆνσον.

332 2364 434 2415 Καὶ
469 2357 848 2413 ἀποστέλλουσι
883 2387 951 2396 —-
979 2354 1135 2427 λόγῳ.
1166 2358 1385 2430 Εἴρηται
1411 2358 1529 2427 περὶ
1576 2354 1770 2405 τούτων
1814 2350 1862 2404 ἐν

258 2461 331 2524 τῷ
371 2455 708 2519 πεντηκοστῷ
752 2452 940 2521 πρώτῳ
970 2444 1229 2517 κεφαλαίῳ
1256 2452 1348 2497 τοῦ
1388 2446 1524 2496 κατά
1570 2444 1860 2507 Ματθαῖον,

261 2542 327 2602 εἰς
354 2545 413 2592 τὸ
443 2540 584 2600 τέλος
611 2537 751 2609 (70).

333 2630 499 2681 Οἱ-
543 2622 837 2685 διδάσκεις.
886 2623 999 2676 Ἐπ’
1042 2620 1307 2686 ἀληθείας,
1345 2621 1458 2674 ἀντὶ
1487 2627 1599 2686 τοῦ,
1642 2619 1861 2681 ἀληθῶς.

262 2720 484 2791 Εἴρηται
511 2712 570 2769 δὲ
593 2719 683 2767 καὶ
717 2718 833 2787 περὶ
861 2716 1060 2765 τούτων
1093 2710 1140 2764 ἐν
1172 2710 1362 2783 ἐκείνῳ.

332 2806 540 2869 Ἐξεστι
569 2836 636 2847 -
668 2802 745 2856 ἐπ’
795 2802 954 2873 αὐτῷ.
990 2807 1091 2855 Καὶ
1130 2805 1249 2874 περὶ
1292 2803 1485 2853 τούτων
1530 2802 1734 2853 πάντων
1766 2797 1869 2852 ἐκεῖ

261 2893 297 2949 δ
302 2916 355 2954 ιη
361 2916 389 2971 ρ
394 2901 664 2969 μήνευται.

549 3007 694 3055 ΚΕΦ.
728 3000 860 3054 ΛΗ¹.
905 3002 1028 3073 Περὶ
1056 3006 1156 3050 τῶν
1186 2993 1581 3052 Σαδδουκαίων.

335 3095 436 3145 Καὶ
514 3092 764 3163 ἔρχονται
824 3119 892 3131 -
959 3085 1107 3142 εἶναι.
1196 3090 1417 3162 Εἴρηται
1483 3090 1600 3159 περὶ
1676 3088 1868 3139 τούτων

1256 369 1631 439 COMMENT.
1678 370 1748 429 ῐΝ
1791 361 2122 427 MARCUM.
2173 392 2233 403 —
2273 360 2432 415 CAP.
2476 358 2596 413 XII.

1370 506 1453 559 Ἐν
1508 504 1680 573 ἐκείνῳ
1754 501 1845 550 καὶ

2025 488 2192 543 Vers.
2233 490 2286 541 2.
2328 486 2405 539 Et
2433 480 2619 539 emisit
2648 506 2712 523 -η
2745 479 2943 537 vineae.
2978 478 3042 533 In
3075 477 3176 533 illo
3206 476 3387 532 etiam
3419 474 3493 531 de
3526 475 3621 530 his

3514 348 3620 405 834

1957 577 2238 635 invenies.
2270 574 2408 630 Vide
2441 580 2640 629 autem
2668 569 2969 643 quomodo
2987 567 3065 623 ab
3089 565 3365 637 agricolis
3397 564 3622 619 fructus

1958 672 2252 740 repetunt,
2287 670 2577 737 tanquam
2599 677 2635 718 a
2656 658 3147 734 procuratoribus
3170 672 3242 713 ac
3265 654 3621 712 custodibus

1960 758 2171 815 vineae.

2034 846 2203 904 Vers.
2235 844 2288 899 3.
2320 844 2395 899 At
2423 843 2521 899 itti
2545 873 2611 882 —
2642 842 2803 897 Vers.
2843 845 2893 897 5.
2923 838 3270 896 occiderunt.
3305 837 3441 892 Haec
3473 850 3627 908 quo-

1963 952 2081 1010 que
2120 934 2325 992 omnia
2364 932 2628 988 similiter
2655 930 2737 986 ibi
2758 931 3062 986 declarata
3101 932 3263 984 sunt.

2035 1026 2205 1081 Vers.
2237 1025 2291 1079 6.
2315 1023 2523 1078 Adhuc
2548 1052 2617 1062 —
2656 1021 2815 1076 Vers.
2845 1020 2900 1074 8.
2935 1019 3187 1076 vineam.
3223 1019 3287 1072 Et
3315 1016 3439 1072 hac
3466 1014 3627 1071 simi-

1963 1115 2094 1173 liter
2129 1115 2399 1187 proxime
2429 1110 2723 1168 accedunt
2751 1110 2824 1165 ad
2857 1124 3013 1176 eam,
3046 1123 3182 1180 quae
3232 1107 3315 1163 ibi
3339 1106 3481 1163 data
3511 1110 3622 1171 est,

1967 1207 2409 1262 enarrationem
2423 1245 2436 1259 .

2037 1295 2202 1350 Vers.
2230 1298 2282 1350 9.
2319 1291 2470 1360 Quid
2500 1306 2637 1360 ergo
2664 1320 2731 1329 —
2757 1288 2915 1344 aliis.
2948 1287 3235 1343 Praeterea
3257 1291 3314 1342 et
3339 1286 3489 1342 hinc.

2038 1384 2201 1440 Vers.
2235 1383 2322 1438 10.
2354 1382 2448 1437 An
2480 1395 2582 1437 nec
2612 1410 2681 1421 —
2726 1379 2886 1435 Vers.
2909 1379 2998 1435 11.
3047 1378 3227 1434 oculis
3260 1377 3493 1433 nostris.
3548 1374 3629 1431 Si-

1969 1474 2183 1532 militer
2208 1478 2265 1528 et
2282 1472 2426 1528 huic.

2041 1565 2203 1620 Vers.
2238 1563 2323 1618 12.
2352 1561 2781 1633 thuxrebant
2807 1589 2873 1599 -
2894 1558 3135 1615 dixerat
3160 1587 3229 1599 —
3252 1556 3350 1611 Ad
3377 1572 3490 1624 eos,
3514 1555 3631 1613 hoc

1971 1658 2077 1721 est,
2108 1653 2182 1709 de
2208 1652 2351 1725 ipsis
2377 1670 2389 1720 ;
2419 1652 2498 1707 ita
2519 1649 2682 1706 enim
2714 1649 2857 1704 dixit
2878 1648 3207 1717 Mattbaeus,
3238 1646 3403 1718 apud
3444 1661 3629 1717 quem

1972 1742 2253 1816 praedicta
2280 1741 2486 1796 omnia
2511 1737 2892 1794 manifestata
2918 1741 3059 1792 sunt
3082 1738 3153 1793 ⁸⁸.

2043 1832 2203 1888 Vers.
2254 1832 2340 1886 l2.
2368 1830 2443 1884 Et
2473 1845 2531 1884 eo
2575 1828 2781 1885 relicto
2834 1827 3049 1897 egressi
3097 1826 3249 1880 sunt.
3304 1828 3383 1881 Ne
3423 1829 3481 1880 et
3511 1825 3631 1882 alia

1973 1922 2260 1977 adversus
2277 1936 2381 1975 eos
2404 1919 2651 1974 diceret:
2678 1922 2860 1989 utque
2888 1915 3139 1972 insidias
3170 1915 3463 1971 adversus
3488 1931 3631 1970 eum

1972 2016 2391 2086 praspararent.

2046 2080 2196 2157 CAP.
2228 2097 2480 2155 XXXVII.
2507 2098 2587 2152 De
2610 2095 3117 2166 interrogantibus
3140 2096 3445 2151 Dominum
3473 2080 3633 2152 occa-

2597 2186 2753 2243 sione
2779 2201 2996 2243 census.

2043 2282 2214 2337 Vers.
2253 2280 2335 2335 I3.
2368 2279 2446 2333 Et
2470 2278 2742 2334 emittunt
2766 2306 2833 2316 —
2859 2290 3138 2334 sermone.
3175 2275 3406 2332 Dictum
3437 2281 3528 2333 est
3558 2273 3633 2332 de

1972 2372 2065 2429 his
2093 2368 2601 2442 quinquagesimo
2642 2365 2837 2438 primo
2864 2367 3036 2438 juxta
3068 2366 3410 2422 Matthaaum
3442 2367 3635 2439 capite

1976 2462 2135 2518 circa
2164 2459 2367 2515 ﬁnem.

2050 2553 2211 2606 Vers.
2248 2550 2333 2603 14.
2361 2548 2473 2616 Qui
2498 2578 2565 2587 —
2596 2546 2781 2603 doces.
2815 2544 2878 2602 In
2906 2546 3172 2613 veritate,
3201 2544 3316 2603 hoc
3339 2550 3448 2612 est,
3474 2561 3636 2605 vere.

1978 2641 2210 2696 Dictum
2240 2643 2329 2694 est
2357 2644 2414 2694 et
2439 2637 2513 2693 de
2543 2636 2639 2692 his
2664 2636 2911 2692 ibidem.

2051 2731 2208 2785 Vers.
2243 2729 2327 2784 14.
2367 2727 2529 2783 Licet
2559 2755 2628 2767 -
2664 2725 2824 2781 Vers.
2861 2726 2946 2780 17.
2980 2725 3053 2782 de
3089 2740 3174 2781 eo.
3236 2728 3315 2781 De
3366 2724 3460 2781 his
3489 2741 3641 2798 quo-

1978 2835 2097 2893 que
2127 2817 2410 2875 omnibus
2440 2816 2585 2872 data
2615 2815 2799 2871 estibi
2829 2815 3252 2887 interpretatio.

2323 2905 2479 2961 CAP.
2514 2904 2799 2961 XXXVIII.
2836 2905 2912 2961 De
2938 2904 3289 2962 Sadduczis.

2050 2994 2214 3053 Vers.
2253 2994 2336 3051 18.
2376 2995 2451 3048 Et
2478 2993 2722 3051 veniunt
2766 3024 2835 3033 —
2865 3008 2999 3049 esse.
3048 2992 3280 3049 Dictum
3332 2998 3421 3050 est
3450 2993 3527 3050 de
3550 2994 3643 3050 his

1980 3084 2487 3161 quinquagesimo
2513 3082 2681 3139 tertio
2711 3082 2897 3154 capite
2942 3081 3246 3156 Evangelii
3308 3083 3644 3140 secundum

258 3179 309 3234 ἐν
391 3189 465 3251 τῷ
558 3185 891 3249 πεντηκοστῷ
967 3182 1128 3253 τρίτῳ
1207 3177 1468 3249 κεφαλαίῳ
1553 3183 1645 3231 τοῦ
1732 3178 1868 3229 κατά

2021 3156 2212 3234 [διώ-δε
2221 3192 2255 3230 u
2265 3190 2321 3230 m
2332 3216 2343 3229 .

260 3273 552 3325 Ματθαίον.

337 3364 438 3413 Καὶ
476 3358 825 3427 ἐπηρώτησαν
865 3388 930 3399 —
960 3365 1033 3428 τῷ
1080 3352 1286 3429 ἀδελφῷ
1332 3356 1515 3412 αὐτοῦ.
1566 3356 1649 3412 Ἐν
1696 3358 1868 3429 ἐκείνῳ

261 3455 383 3525 περὶ
407 3451 603 3502 τούτων
634 3446 847 3519 ἐλέχθη.

336 3537 502 3594 Ἑπτὰ
578 3567 647 3579 --
707 3543 956 3609 γυναῖκα.

266 3629 474 3681 πάντων
483 3669 496 3681 .

345 3722 447 3770 Καὶ
498 3714 794 3790 ἀποκριθεὶς
840 3745 912 3758 —
966 3722 1138 3782 Θεοῦ;
1180 3717 1276 3767 Διά
1317 3712 1511 3784 τοῦτο,Δ
1543 3722 1731 3783 ποῖον;
1782 3718 1879 3769 Διά

268 3810 330 3859 τὸ
414 3806 580 3868 οὕτως
640 3805 881 3879 ἐμπαθῶς
962 3803 1339 3879 ὑπολαμϐάνειν
1409 3809 1527 3879 περὶ
1593 3813 1688 3868 τῆς
1755 3804 1869 3859 ἀνα-

272 3915 529 3958 στάσεως.

344 3984 413 4038 Ἠ
482 3982 574 4037 διὰ
639 3986 697 4037 τὸ
758 3989 829 4057 μὴ
899 3979 1093 4036 εἰδέναι
1138 3984 1232 4045 τάς
1289 3985 1517 4058 Γραφὰς,
1581 3979 1721 4056 μηδὲ
1786 3989 1880 4043 τήν

270 4073 498 4147 δύναμιν
562 4080 657 4127 τοῦ
748 4081 906 4145 Θεοῦ,
983 4077 1098 4149 περὶ
1165 4073 1234 4124 ὧν
1321 4074 1511 4145 ὁμοίως
1578 4071 1683 4127 ἐκεῖ
1754 4070 1880 4127 δια-

272 4168 590 4237 σεσάφηται,

1034 3534 1255 3608 Ὁμοίως
1327 3540 1418 3590 καὶ
1487 3540 1605 3610 περὶ
1679 3538 1873 3589 τούτων

342 4253 507 4307 Ὅταν
568 4283 638 4294 -
706 4251 957 4326 οὐρανοῖς.

273 4345 563 4419 ἅνθρωποι.
611 4345 709 4396 Καὶ
753 4346 872 4416 περὶ
904 4343 1096 4395 τούτων
1127 4337 1187 4394 δε
1230 4341 1463 4402 ζήτησον
1506 4341 1555 4395 ἐν
1590 4341 1764 4415 ἐκείνῳ
1808 4352 1881 4414 τῷ

273 4433 561 4507 κεφαλαίῳ.

1036 4250 1196 4304 Ὀταν
1257 4253 1527 4305 ἀναστῶσι
1592 4256 1775 4314 πάντες
1832 4256 1907 4308 οἰκ

2053 3265 2217 3321 Vers.
2247 3266 2333 3319 18.
2376 3263 2450 3319 Ει
2478 3261 2992 3333 interrogaverunt
3031 3292 3097 3302 —
3128 3261 3296 3319 Vers.
3331 3262 3419 3318 19.
3450 3263 3643 3333 fratri

1979 3370 2098 3411 suo.
2132 3355 2196 3410 In
2226 3353 2326 3410 illo
2358 3354 2582 3409 dictum
2606 3357 2694 3409 est
2725 3350 2799 3407 de
2838 3351 2953 3408 his.

2062 3443 2220 3501 Vers.
2257 3447 2343 3498 20.
2372 3442 2604 3511 Septem
2642 3472 2712 3483 -—-
2741 3440 2908 3497 Vers.
2942 3440 3029 3499 23.
3061 3457 3329 3499 uxorem.
3366 3441 3648 3498 Similiter

1984 3539 2041 3591 et
2070 3533 2144 3589 de
2169 3532 2263 3589 his
2302 3532 2609 3589 omnibus.

2058 3622 2221 3679 Vers.
2246 3622 2334 3679 24.
2368 3625 2432 3678 Et
2465 3622 2820 3693 respondens
2851 3651 2920 3661 —
2945 3621 3065 3678 Dei
3086 3621 3113 3676 ?
3134 3652 3203 3661 ——
3228 3620 3472 3692 Propter
3502 3621 3646 3690 hoc;

1988 3714 2290 3782 Quidnam
2320 3711 2349 3768 ?
2368 3714 2627 3782 PrOpter
2658 3712 2787 3779 hoc,
2817 3711 2984 3784 quod
3013 3712 3331 3770 carnaliter
3360 3712 3435 3769 de
3459 3728 3651 3769 resur-

1986 3806 2249 3864 rectione
2279 3803 2565 3861 sentiatis.

2063 3895 2163 3950 Vel
2194 3898 2431 3964 Propter
2453 3900 2581 3961 hoc,
2615 3893 2775 3965 quod
2805 3892 3069 3948 nesciatis
3095 3892 3436 3962 Scripturas
3468 3908 3655 3965 neque

1988 3984 2308 4056 potentiam
2375 3984 2503 4041 Dei.
2559 3982 2641 4039 De
2683 3982 2907 4056 quibus
2960 3982 3228 4040 similiter
3288 3982 3372 4040 ibi
3425 3982 3655 4040 dictum

1991 4079 2102 4131 est.

2064 4162 2342 4219 Vers.25.
2376 4162 2523 4219 Cum
2580 4188 2647 4201 —-
2673 4159 2827 4216 caelis
2858 4191 2926 4200 —
2976 4160 3121 4216 Cum
3182 4162 3644 4226 resurrexerint,

1992 4269 2203 4310 omnes
2237 4251 2504 4307 videlicet
2524 4249 2826 4306 homines.
2856 4252 2922 4305 Et
2944 4248 3019 4305 de
3050 4250 3141 4305 his
3164 4265 3407 4322 quoque
3434 4250 3650 4307 eodem

1993 4343 2185 4415 capite
2215 4358 2437 4415 quaere.

2063 4433 2239 4489 Vers.
2278 4435 2367 4488 26.
2405 4432 2492 4488 De
2521 4463 2588 4472 —
2618 4431 2784 4487 Vers.
2824 4432 2913 4488 27.
2958 4428 3297 4489 viventium.
3330 4430 3547 4488 Elhaec
3575 4428 3659 4487 ibi

352 4528 475 4596 Περὶ
534 4552 600 4563 -
650 4522 875 4583 ζώντων.
930 4524 1031 4575 Καὶ
1076 4528 1243 4574 ταῦτα
1286 4524 1457 4575 πάντα
1499 4522 1605 4576 ἐκεῖ
1644 4522 1868 4577 λελεπτο-

2021 4538 2100 4579 ier
2138 4521 2377 4593 singula
2402 4527 2539 4578 sunt
2560 4521 2901 4594 explanata.

275 4614 520 4684 λὸγητοιι.
568 4616 679 4686 Χρὴ
732 4607 791 4664 δε
845 4615 1140 4683 γινώσκειν,
1188 4613 1269 4664 ὅτι
1314 4617 1405 4665 καὶ
1443 4613 1473 4671 ὴ
1524 4611 1683 4686 βάτος
1720 4618 1810 4667 καὶ
1857 4617 1883 4668 ὁ

282 4701 445 4777 βάτος
475 4698 771 4777 ἀδιαφόρως
800 4699 1051 4772 λέγονται.

352 4790 525 4864 Ὑμεῖς
589 4821 659 4831 —
728 4789 1011 4845 πλανᾶσθε.
1083 4789 1203 4863 Οὐχ
1274 4790 1466 4856 ἁπλῶς,
1543 4791 1671 4845 ἀλλά
1725 4796 1883 4848 πάνυ.

278 4888 446 4936 Τοῦτο
510 4876 571 4934 δε
634 4881 973 4955 προσέθηκεν,
1051 4882 1120 4943 ὡς
1196 4877 1478 4953 προδήλως
1544 4881 1885 4958 ἐληλεγμένων

280 4990 406 5028 ανοη
414 4991 533 5025 των.

586 5082 735 5133 ΚΕΦ.
768 5077 902 5133 AG’.
936 5081 1063 5151 Περὶ
1090 5072 1183 5130 τοῦ
1214 5083 1582 5153 Γραμματέως.

354 5172 458 5221 Καὶ
516 5167 812 5241 προσελθὼν
870 5197 940 5208 —
1004 5165 1220 5235 ἐντολή;
1270 5173 1455 5242 Πρώτη
1504 5171 1727 5238 πάντων,
1786 5182 1886 5226 τῶν

275 5262 468 5332 νόμων.
532 5260 756 5331 Εἴρηται
808 5251 869 5309 δι
915 5261 1033 5333 περὶ
1084 5259 1272 5310 τούτου
1330 5257 1381 5311 ἐν
1428 5268 1502 5332 τῷ
1550 5272 1887 5337 πεντηκοστῷ

277 5348 511 5423 τετάρτῳ
541 5346 799 5420 κεφαλαίῳ
825 5353 917 5400 τοῦ
946 5348 1083 5401 κατά
1108 5348 1400 5405 Ματθαῖον.

355 5502 405 5539 ⁸³
447 5501 651 5559 Matth.
688 5514 812 5570 nl,
838 5500 928 5557 45.

2067 4704 2227 4758 Vers.
2258 4704 2355 4757 27.
2418 4701 2526 4757 Vos
2582 4730 2652 4742 -
2707 4701 2940 4757 erratis.
2991 4703 3118 4756 Non
3164 4704 3490 4773 utcunque,
3551 4698 3660 4756 sed

1995 4792 2274 4849 multum.
2303 4792 2422 4848 Hoc
2447 4795 2650 4848 autem
2682 4790 2933 4855 addidit,
2956 4794 3252 4863 tanquam
3272 4806 3483 4847 eorum
3514 4789 3653 4846 insi-

1996 4883 2287 4956 pientiam
2326 4881 2638 4938 manifeste
2670 4895 2950 4951 arguens.

2447 4991 2598 5047 CAP.
2619 4990 2850 5047 XXXIX.
2878 4991 2966 5047 De
2990 4989 3219 5047 Scriba.

2068 5084 2236 5140 Vers.
2264 5083 2355 5138 28.
2396 5080 2469 5137 Et
2488 5080 2773 5138 accedens
2793 5110 2861 5120 —
2890 5079 3303 5137 mandatorum
3332 5081 3360 5137 ?
3390 5079 3660 5137 Primum

1996 5173 2292 5239 omnium,
2323 5188 2455 5243 quae
2486 5176 2623 5227 sunt
2665 5170 2726 5226 in
2755 5169 2908 5240 lege.
2942 5169 3176 5226 Dictum
3213 5173 3304 5225 est
3352 5174 3553 5226 autem
3579 5168 3658 5225 de

1994 5264 2112 5321 hoc
2152 5260 2657 5336 quinquagesimo
2695 5263 2915 5333 quarto
2969 5258 3163 5333 capite
3212 5256 3517 5330 Evangelii
3571 5272 3664 5316 se-

1997 5354 2267 5412 cundum
2291 5351 2522 5410 Matthaa
2532 5367 2652 5407 um.

1538 5626 2113 5706 Varizedectiones
2145 5641 2211 5705 et
2239 5640 2420 5703 notae

362 5770 476 5850 (70)
506 5777 635 5851 Περὶ
661 5775 722 5829 τὸ
758 5768 922 5843 τέλος,
952 5778 1009 5829 Β.
