4074 6392
492 346 599 407 835
1810 338 2161 403 EU’I'HYMII
2204 336 2536 402 ZIGABENI
3765 348 3869 407 836

564 479 726 534 Vers.
793 478 881 533 29.
943 478 1109 533 Jesus
1161 482 1356 534 autem
1417 508 1478 519 --
1532 476 1695 531 Vers.
1727 477 1815 532 3L
1868 476 2130 543 teipsum.

2331 472 2389 525 Ὀ
2414 472 2526 545 (71)
2552 469 2611 526 δὲ
2640 473 2843 535 Ἰησοῦς
2881 503 2949 514 ι-
2983 474 3223 527 σεαυτᾶν.
3260 476 3362 526 Καὶ
3408 477 3526 549 περὶ
3556 494 3646 527 του
3688 495 3785 528 των
3817 476 3867 530 έν

494 566 680 623 Etiam
707 565 781 621 de
812 565 904 621 his
934 565 991 621 in
1024 565 1123 621 illo
1155 565 1523 637 disputatum
1555 567 1665 620 est.

2275 561 2433 634 ἱκείνῳ
2470 560 2790 621 διείληπται.

562 655 709 711 Illud
738 660 938 711 autem
969 655 1143 718 Audi,
1177 653 1380 717 Israel,
1432 652 1714 709 Dominus
1747 652 1895 709 Deus
1946 655 2128 709 vester

2330 656 2399 704 T6
2458 648 2533 711 δε,
2608 652 2817 723 Ἀκουε,
2879 653 3115 726 Ἰσραὴλ,
3196 656 3387 726 Κύριος
3446 654 3471 706 6
3526 657 3650 716 Θεὸς
3701 657 3860 727 ὑμῶν,

492 745 763 801 Dominus
789 761 938 801 unus
987 747 1087 809 est,
1123 744 1435 798 Mattbaaus
1480 758 1600 798 non
1643 742 1904 813 scripsit,
1948 746 2130 813 utpott

2275 744 2453 815 Κύριος
2508 743 2575 802 εἷς
2633 740 2794 809 ἐστιν,
2852 742 2945 794 οὐκ
3001 741 3287 815 ἀνέγραψεν
3362 743 3387 794 6
3451 746 3741 805 Ματθαίος,
3802 747 3865 805 ὡς

491 836 855 906 procnmium
886 833 1062 906 primi
1084 833 1382 904 praecepti.
1418 832 1540 887 Hoc
1570 847 1712 887 vero
1750 837 1868 887 tres
1899 831 2123 888 demon

2275 836 2531 903 προοίμιον
2564 840 2653 892 τῆς
2679 837 2891 905 πρώτης
2935 831 3134 893 ἐντολῆς
3160 850 3171 861 ’
3203 831 3435 904 ἐμφαίνει
3479 829 3538 885 δε
3578 840 3730 885 τοῦτο
3774 836 3864 895 τὰς

493 927 639 981 strat
656 924 1340 996 hypostases,unamque
1362 921 1688 976 Divinitatis
1703 920 2130 976 naturam.Cun

2275 928 2391 994 τρεῖς
2441 922 2779 985 ὑποστάσεις,
2828 926 2917 973 καὶ
2948 926 3040 980 τὴν
3072 926 3192 993 μίαν
3237 924 3391 993 φύσιν
3441 929 3534 983 τῆς
3587 923 3822 984 θεοτητος
3849 942 3860 954 ·

490 1012 647 1069 enim
680 1012 913 1083 dicitur,
953 1013 1250 1078 Dominus,
1310 1009 1540 1075 deinde,
1575 1011 1748 1075 Deus,
1790 1015 1846 1066 et
1885 1026 2122 1065 rursum

2275 1013 2315 1061 τὸ
2346 1013 2437 1082 μὲν
2465 1013 2566 1083 γὰρ
2592 1012 2800 1084 Κύριος,
2828 1016 2917 1063 καὶ
2946 1014 3004 1063 1'6
3037 1013 3061 1062 6
3089 1014 3239 1077 Θεὸς,
3266 1016 3358 1063 καὶ
3392 1007 3542 1072 αὖθις
3573 1014 3631 1063 τὸ
3653 1015 3860 1088 Κύριος,

485 1103 784 1166 Dominus,
818 1108 933 1157 tres
978 1116 1252 1173 persona:
1294 1099 1797 1166 manifestantur;
1837 1098 2000 1171 quod
2047 1115 2130 1154 aut

2275 1106 2356 1149 τῶν
2389 1108 2541 1174 τριῶν
2581 1106 2871 1172 προσώπων
2918 1100 3021 1153 εἰσὶ
3070 1097 3374 1159 δηλωτικὰ·
3431 1104 3489 1153 1'6
3521 1097 3581 1154 δε
3629 1102 3716 1165 εἷς,
3765 1110 3862 1164 τῆς

487 1196 605 1247 tem
637 1190 895 1255 additur,
929 1206 1098 1255 unus,
1134 1194 1363 1245 natura:
1395 1188 1659 1245 declarat
1692 1190 2000 1244 unitatem.

2275 1194 2381 1250 ιιᾶς
2408 1191 2627 1260 φύσεως.

555 1279 681 1335 ΔΙἰο
711 1294 956 1352 quoque
1000 1280 1184 1336 modo
1225 1279 1340 1336 dici
1390 1284 1606 1352 potest,
1656 1278 1821 1351 quod
1878 1277 2130 1333 videlice‘

2330 1278 2435 1331 Καὶ
2488 1277 2665 1352 ἑτέρως
2729 1274 2805 1349 δε,
2873 1281 3100 1341 συνήθης
3157 1278 3419 1353 Ἑϐραίοις
3474 1281 3503 1337 ἡ
3566 1274 3860 1330 ἀναδίπλωο

485 1366 744 1425 Ηοὺτωὶε
768 1368 1051 1441 frequens
1112 1370 1185 1424 sit
1241 1370 1367 1425 haec
1398 1368 1791 1440 reduplicatio
1840 1367 2123 1423 Dominus

2275 1386 2340 1427 τις
2369 1374 2460 1419 τοῦ
2510 1368 2705 1441 Κύριος
2748 1369 2961 1443 Κύριος,
3006 1373 3096 1421 καὶ
3140 1370 3169 1421 6
3207 1371 3335 1431 Θεὸς
3362 1370 3387 1421 6
3426 1372 3568 1433 Θεὸς,
3618 1365 3711 1421 διὰ
3766 1373 3862 1427 τὴν

488 1460 787 1585 Dominus,
820 1464 895 1526 et,
931 1460 1101 1531 Deus,
1142 1463 1313 1524 Deus,
1356 1465 1598 1532 propter
1636 1460 1781 1530 ejus.
1822 1457 2151 1514 sublimita-
2259 1459 2548 1530 ὑπεροχήν.

516 1546 636 1585 em.

516 1546 636 1589 enm.

560 1622 723 1677 Vers.
752 1623 840 1677 31.
882 1623 1079 1691 Maius
1111 1652 1179 1663 —
1231 1625 1327 1677 est.
1356 1620 1479 1676 Hoc
1526 1620 2012 1676 conﬁrmativum
2064 1626 2153 1679 est

485 1710 638 1780 ejus,
653 1711 819 1783 quod
836 1712 1003 1776 dixit,
1023 1718 1314 1784 praecepta
1330 1710 1429 1766 illa
1444 1710 1706 1782 primum
1728 1725 1798 1766 ac
1812 1710 2147 1766 secundum

483 1815 632 1855 0886.

557 1890 717 1945 Vers.
758 1888 845 1945 32.
886 1890 965 1944 Et
993 1890 1073 1944 ait
1097 1892 1341 1945 —Vers.
1374 1888 1462 1946 33.
1491 1888 1755 1946 victimas.
1800 1888 1968 1954 Vide,
2000 1894 2151 1961 quo‘

479 1978 664 2034 modo
691 1982 831 2033 tunc
855 1978 1041 2034 Judaei
1072 1978 1363 2043 victimas,
1394 1979 1513 2034 sive
1538 1978 1853 2043 sacriﬁcia,
1874 1995 1978 2051 pro
1999 1995 2147 2051 pree-

480 2066 657 2124 claris
687 2067 1056 2123 facinoribus
1098 2067 1424 2133 ducebant,
1453 2074 1710 2124 caeteras
1741 2068 1990 2123 virtutes
2022 2084 2143 2124 non

476 2161 772 2212 curantes.
842 2157 1208 2213 Intellectum
1289 2164 1492 2214 autem
1551 2157 1748 2215 scriba
1821 2147 2148 2231 appellavit

478 2250 740 2302 mentem
779 2246 998 2319 ipsam.

549 2335 707 2390 Vers.
742 2335 828 2391 34.
864 2337 941 2391 At
968 2366 1035 2379 —
1072 2337 1188 2393 Dei.
1237 2339 1315 2393 De
1358 2336 1474 2394 hoc
1510 2337 1684 2394 docet
1729 2336 1871 2393 finis
1906 2353 2145 2396 enarra-

479 2423 656 2480 tionis
686 2425 952 2496 praedicti
983 2426 1219 2499 capitis.

548 2517 711 2570 Vers.
738 2516 827 2571 34.
860 2516 933 2570 Et
960 2533 1123 2573 nemo
1152 2548 1216 2558 —
1246 2518 1625 2589 interrogare.
1665 2518 1744 2572 De
1768 2517 1881 2573 hoc
1914 2516 2141 2574 dictum

2333 1657 2537 1716 Μείζων
2597 1686 2662 1693 —
2715 1656 2871 1708 ἔστιν.
2940 1660 3101 1707 Τοῦτο
3159 1652 3526 1716 έπιϐεϐαίωσίς
3598 1653 3712 1707 ἔστι
3768 1661 3862 1705 τοῦ

2177 1768 2218 1822 Β
2261 1749 2466 1815 πρώτην
2490 1748 2581 1796 καὶ
2604 1740 2868 1817 δευτέραν,
2895 1748 3056 1817 μόνας
3082 1743 3272 1807 ἐκείνας
3304 1741 3453 1800 εἶναι.

2328 1937 2434 1991 Καὶ
2491 1935 2623 1990 εἶπεν
2678 1969 2745 1976 —
2806 1938 3019 1989 θυσιῶν.
3082 1936 3238 2011 Ὀρα,
3307 1946 3412 1999 πῶς
3469 1940 3517 1991 οἰ
3575 1946 3858 1997 τηνικαῦτα

2255 2022 2504 2079 Ἰουδαῖοι
2534 2030 2622 2087 τὰς
2652 2028 2834 2086 θυσίας
2870 2025 2981 2078 ἀντὶ
3007 2029 3423 2101 κατορθωμάτων
3467 2026 3722 2101 ἐνόμιζον,
3755 2037 3856 2081 τῶν

2255 2114 2417 2167 ἄλλων
2450 2114 2747 2188 ἀμελοῦντες
2778 2114 2988 2190 ἀρετῶν.
3027 2119 3234 2169 Σύνεσιν
3262 2113 3322 2169 δε
3347 2118 3373 2168 6
3393 2122 3733 2191 γραμματεὺς
3761 2122 3857 2177 τὴν

2257 2202 2493 2258 διάνοιαν
2518 2206 2773 2278 ὠνόμασε.

2322 2402 2486 2456 Καὶό
2531 2435 2595 2444 -
2627 2411 2718 2455 τοῦ
2768 2410 2921 2459 Θεοῦ.
2967 2405 3036 2455 T6
3082 2401 3223 2464 τελος
3271 2411 3365 2465 τῆς
3409 2402 3704 2475 ἐξηγήσεως
3760 2411 3851 2456 τοῦ

2252 2488 2573 2555 δηλωθέντος
2598 2493 2872 2565 κεφαλαίου
2898 2496 3016 2565 περὶ
3043 2495 3230 2544 τούτου
3259 2488 3526 2547 διδάσκει.

476 2609 568 2660 est
596 2604 1100 2677 quinquagesimo
1130 2606 1340 2679 quinto
1367 2608 1561 2679 capite
1599 2607 1894 2679 Evangelii
1925 2623 2130 2664 secun-

2324 2601 2427 2654 Καὶ
2488 2598 2664 2663 οὐδεὶς
2724 2633 2791 2641 —-
2856 2599 3202 2672 ἐπερωτῆσαι.
3263 2600 3341 2653 Ἐν
3393 2607 3466 2671 τῷ
3516 2608 3852 2670 πεντηκοστῷ

473 2693 622 2750 dum
681 2695 1039 2763 Matthaeum,
1094 2704 1420 2769 postquam
1490 2698 1612 2769 ipse
1674 2697 2130 2772 interrogavere.

2275 2694 2466 2763 πέμπτῳ
2524 2689 2785 2763 κεφαλαίῳ
2843 2697 2935 2742 τοῦ
2980 2692 3111 2742 κατὰ
3160 2691 3425 2742 Ματθαῐον
3478 2692 3679 2764 εἴρηται
3737 2694 3856 2764 περὶ

476 2782 823 2840 Pharisaaos.

2275 2782 2455 2845 'ourou,
2507 2782 2638 2852 μετά
2684 2784 2742 2832 τὸ
2774 2778 3163 2854 ἐπερωτηθῆναι
3202 2779 3324 2855 παρ’
3380 2778 3540 2832 αὐτοῦ
3587 2782 3703 2840 τοὺς
3746 2784 3854 2832 Φα-

2248 2874 2512 2943 ρισαίους.

713 2943 867 2999 CAP.
896 2944 1001 3000 XL.
1035 2946 1119 3002 De
1150 2947 1620 3018 interrogatione
1646 2948 1898 3005 Domini.

2321 2961 2469 3015 ΚΕΦ.
2503 2959 2591 3013 Μ’.
2629 2964 2752 3031 Περὶ
2782 2968 2879 3022 τῆς
2906 2966 2997 3011 τοῦ
3030 2959 3225 3033 Κυρίου
3253 2956 3636 3033 ἐπερωτήσεως.

544 3033 699 3087 Vers.
733 3034 819 3089 35.
881 3034 955 3089 Et
986 3036 1347 3105 respondens
1408 3068 1477 3079 ——
1532 3038 1693 3093 Vers.
1738 3042 1824 3094 37.
1868 3040 1992 3108 ejus
2031 3042 2111 3095 est

2123 3069 2217 3177 ΣΟ
2320 3102 2424 3156 Καὶ
2491 3100 2788 3177 ἀποκριθεὶς
2850 3131 2921 3144 --
2980 3100 3121 3167 έστι;
3201 3105 3326 3175 Περὶ
3403 3104 3595 3154 τούτων
3657 3100 3850 3173 ἐλέχθη

2118 3250 2136 3261 _
2250 3200 2421 3263 σαφῶς
2470 3189 2517 3242 ἓν
2555 3199 2626 3261 τῷ
2668 3192 2877 3265 ῥηθέντι
2920 3198 3254 3261 πεντηκοστῷ
3306 3194 3522 3262 πέμπτῳ
3569 3189 3850 3263 κεφαλαίῳ.

2245 3285 2331 3339 Μὴ
2386 3281 2557 3353 ξενίσῃ
2614 3299 2672 3332 σε
2724 3277 2783 3332 δε
2839 3284 2933 3332 τό·
3004 3284 3159 3350 Λέγει
3216 3282 3241 3331 6
3292 3279 3487 3354 Κύριος
3540 3288 3613 3351 τῷ
3672 3282 3854 3354 Κυρίῳ

2244 3389 2366 3443 μου,
2393 3370 2450 3422 Ἠ
2476 3373 2577 3444 γὰρ
2603 3368 2850 3443 Ἐϐραῑκη
2884 3368 3021 3431 λέξις
3062 3368 3329 3442 ἀμφότερα
3378 3374 3643 3442 σημαίνει,
3675 3376 3769 3421 καὶ
3798 3372 3855 3421 τὸ

2245 3464 2417 3531 Λέγει,
2464 3465 2553 3511 καὶ
2582 3462 2639 3511 τὸ
2673 3456 2795 3512 Εἶπε
2847 3462 2933 3512 Διὸ
2968 3462 3054 3511 καὶ
3080 3460 3104 3510 6
3130 3462 3221 3531 μεν
3252 3462 3465 3523 ταύτην,
3498 3460 3525 3510 6
3558 3455 3617 3511 δε
3652 3457 3854 3517 έκείνην

2242 3548 2491 3621 λαμϐάνει
2520 3553 2615 3607 τὴν
2648 3553 2917 3620 σημασίαν
2946 3544 3266 3622 ἀδιαφόρως.
3303 3549 3413 3603 Κοιὶ
3441 3547 3605 3601 πολλά
3632 3555 3857 3601 τοιαῦτα

472 3120 553 3176 De
578 3120 672 3177 his
712 3122 1025 3179 manifeste
1056 3124 1280 3181 dictum
1312 3132 1398 3183 est
1444 3127 1725 3200 praedicto
1755 3129 2105 3202 quinquage

470 3210 625 3266 simo
654 3212 864 3283 quinto
893 3214 1099 3284 capite.
1135 3217 1215 3270 Ne
1248 3220 1450 3273 autem
1491 3216 1597 3273 tibi
1625 3216 1894 3274 insolens
1916 3219 2136 3275 videa-

472 3302 568 3354 tur
595 3300 761 3372 quod
789 3300 1031 3369 habeat,
1075 3303 1257 3371 Dicit;
1292 3305 1590 3377 siquidem
1623 3306 1913 3363 Hebraica
1957 3307 2131 3363 dictio

469 3391 527 3443 et
552 3388 699 3445 Dicit
737 3391 1033 3461 signiﬁcat
1082 3398 1137 3449 et
1170 3393 1338 3449 Dixit.
1375 3394 1509 3451 ldeo
1539 3394 1636 3450 hic
1676 3396 1920 3467 quidem
1943 3395 2129 3459 illam,

467 3477 562 3533 ille
600 3484 801 3536 autem
842 3481 999 3537 hanc
1022 3481 1519 3551 signiﬁcationem
1553 3484 1963 3541 indifferenter
1984 3485 2136 3541 acci-

470 3567 555 3639 pit
584 3584 595 3623 :
623 3574 680 3624 et
701 3569 983 3642 pleraque
1016 3571 1235 3627 similia
1262 3571 1601 3645 frequenter
1626 3573 2023 3630 inveniemus.

542 3658 699 3712 Vers.
725 3661 812 3714 37.
874 3659 955 3714 Et
979 3660 1163 3716 multa
1203 3691 1271 3702 --
1317 3660 1592 3719 libenter.
1642 3664 1956 3737 Tanquam
1999 3679 2135 3720 sua-

468 3745 611 3801 viter
676 3748 1181 3805 sermocinantem
1245 3766 1257 3804 :
1299 3750 1386 3806 vel
1438 3758 1729 3824 tanquam
1777 3752 1950 3809 facile
2002 3753 2132 3809 illos

467 3834 905 3903 devincentem,
939 3841 996 3894 et
1023 3838 1189 3911 quod
1227 3838 1305 3896 ab
1325 3840 1553 3898 invidia
1606 3858 1733 3899 sese
1758 3842 1883 3916 ipse
1917 3842 2135 3901 libera-

467 3924 631 3981 verit.

536 4015 697 4071 Vers.
727 4016 814 4073 38.
846 4017 925 4074 Et
946 4019 1100 4076 dixit
1131 4051 1199 4061 —
1226 4021 1452 4079 scribis.
1496 4022 1837 4096 Prospicite,
1870 4023 1986 4081 hoc
2018 4027 2133 4104 est,

467 4109 692 4162 cavete.

535 4196 698 4250 Vers.
748 4196 834 4252 38.
892 4198 1000 4266 Qui
1072 4230 1128 4241 —
1179 4200 1598 4261 obambulare.
1660 4203 1806 4260 Dicit
1847 4204 1915 4260 de
1982 4203 2128 4276 ipsis
2243 4196 2386 4279 φυζας

462 4284 768 4341 Mattbteus
799 4286 955 4343 circa
980 4289 1247 4346 medium
1266 4291 1756 4364 quinquagesimi
1786 4294 1977 4365 quinti
2005 4271 2130 4350 —ca.

2311 4271 2424 4316 Τών
2453 4295 2523 4303 —
2554 4271 2875 4337 περιπατεῖν.
2907 4271 3059 4333 Λέγει
3089 4271 3206 4337 περὶ
3237 4271 3405 4314 αὐτῶν
3434 4271 3460 4314 ο
3499 4271 3769 4323 Ματθαίος

464 4372 598 4446 pitis
633 4391 644 4427 :
678 4375 944 4432 Dilatant
962 4350 1344 4449 phytacteria
1372 4350 1477 4436 sua
1504 4350 1971 4453 etmagniﬁcant
2000 4384 2130 4452 ﬁm.

2277 4361 2316 4424 ῷ
2354 4360 2689 4422 πεντηκοστῷ
2718 4356 2937 4423 πέμπτῳ
2980 4350 3237 4423 κεφαλαίῳ
3266 4356 3384 4423 περὶ
3414 4354 3471 4403 1'6
3519 4355 3674 4424 μέσον
3704 4370 3715 4382 '
3767 4352 3851 4403 ὅτι

467 4462 623 4518 brias
650 4465 971 4533 palliorum
992 4484 1226 4525 suorum
1248 4472 1319 4536 7°,
1339 4486 1474 4543 quae
1505 4473 1730 4528 Marcus
1757 4488 1916 4529 nunc
1947 4475 2130 4530 stolas

2275 4443 2573 4496 [λατύνουσι
2602 4444 2667 4493 τὰ
2698 4440 3021 4515 φυλακτήρια
3051 4440 3240 4504 αὐτῶν,
3274 4445 3363 4492 καὶ
3393 4440 3747 4513 μεγαλύνουσι
3784 4442 3854 4493 τὰ

462 4553 817 4609 nominavit.
846 4556 1053 4621 Qumre
1093 4573 1233 4629 ergo
1263 4558 1345 4615 ibi
1394 4560 1613 4617 horum
1645 4563 2119 4621 enarrationem.

2278 4528 2523 4605 ράσπεδα
2572 4539 2672 4582 τῶν
2723 4532 2937 4603 ἱματίων
2980 4528 3147 4581 αὐτῶν
3175 4549 3186 4561 ·
3240 4529 3370 4602 ἅπερ
3428 4537 3514 4582 νῦν
3556 4531 3582 4582 6
3634 4532 3854 4604 Μάρκος

2338 4622 2390 4632 ..
2497 4621 2508 4632 .
2566 4626 2572 4632 .
2795 4624 2862 4632 _.
3095 4616 3116 4632 ν
3210 4617 3221 4632 ν
3301 4618 3313 4632 .
3386 4624 3395 4632 .
3565 4624 3574 4632 .
3730 4622 3741 4632 ,

2244 4622 2433 4684 στολὰς
2481 4621 2737 4692 ὠνόμασε.
2794 4624 3033 4677 Ζήτησον
3060 4617 3148 4670 οὖν
3201 4617 3249 4670 έν
3294 4618 3467 4691 ἐκείνῳ
3518 4624 3614 4678 τὴν
3654 4622 3853 4673 τούτων

2243 3638 2513 3710 πολλαχοῦ
2544 3639 2847 3710 εὑρήσομεν.

2317 3730 2420 3783 Καὶ
2450 3728 2475 3779 6
2499 3725 2660 3787 πολὺς
2694 3757 2760 3767 -
2790 3722 2980 3788 ἡδέως.
3024 3725 3112 3789 Ὠς
3140 3722 3311 3788 ἡδέως
3337 3722 3726 3799 διαλεγομένου,
3762 3732 3855 3779 καὶ

2244 3815 2472 3890 εὐχερῶς
2516 3815 2704 3877 αὐτοὺς
2744 3814 2857 3886 (72)
2890 3813 3281 3889 ἀνατρέποντος,
3312 3820 3403 3868 καὶ
3450 3817 3515 3875 ὡς
3539 3814 3693 3876 αὐτὸς
3733 3815 3854 3887 (73)

2243 3904 2634 3978 ἀπηλλαγμένος
2658 3912 2754 3965 τῆς
2784 3903 3100 3976 βασκανίας.

2312 4084 2418 4138 Καὶ
2478 4082 2641 4153 ἔλεγεν
2695 4113 2763 4125 -
2832 4086 3201 4158 γραμματέων.
3256 4082 3487 4148 Βλέπετε,
3547 4082 3661 4136 ἀντὶ
3730 4092 3850 4150 τοῦ,

2243 4173 2578 4247 φυλάττεσθε.

2453 4295 2523 4303 —
2554 4269 2875 4337 περιπατεῖν.
2907 4265 3059 4333 Λέγει
3089 4266 3206 4337 περὶ
3237 4262 3405 4314 αὐτῶν
3434 4263 3460 4314 6
3499 4264 3769 4323 Ματθαίος
3799 4260 3849 4313 ἐν

1274 4744 1281 4753 .
1510 4749 1514 4751 .
2242 4712 2511 4776 ἐξήγησιν.

536 4787 697 4842 Vers.
724 4788 813 4844 38.
862 4789 940 4845 Et
983 4792 1362 4849 salutationes
1414 4824 1483 4835 -—
1537 4795 1704 4852 Vers.
1774 4803 1863 4854 29.
1923 4802 2126 4858 canis-

2275 4735 2511 4783 ςηγησιν.

2312 4805 2416 4858 Καὶ
2507 4799 2823 4871 ἀσπασμοὺς
2916 4829 2982 4839 -
3073 4794 3319 4859 δείπνοις.
3402 4805 3513 4850 Τῶν
3600 4798 3851 4852 θελόντων

458 4877 507 4931 Α
539 4878 1002 4948 praecedentibus
1030 4881 1439 4953 supplendum
1469 4890 1586 4940 est:
1623 4886 1976 4955 Quiamant,
2010 4891 2125 4948 hoc

2275 4913 2333 4957 rt,
2365 4895 2456 4943 καὶ
2498 4886 2622 4942 τόδε
2673 4894 2762 4940 καὶ
2796 4884 2937 4942 τόδε.
2973 4890 3191 4962 Εἴρηται
3222 4884 3281 4941 δε
3332 4893 3423 4939 καὶ
3480 4893 3597 4963 περὶ
3648 4891 3852 4942 τούτων

459 4964 753 5034 videlicet,
780 4974 881 5024 aut
911 4968 1081 5037 illud,
1111 4970 1185 5026 de
1215 4971 1437 5043 quibus
1468 4973 1682 5031 ibidem
1726 4993 1955 5049 quare.
2240 4982 2360 5036 έκεῖ.

532 5056 699 5112 Vers.
770 5061 864 5113 4ο.
934 5059 1043 5126 Qui
1081 5058 1367 5119 devorant
1423 5092 1492 5104 —
1530 5064 1854 5133 judicium.
1912 5068 1995 5125 De
2032 5071 2125 5127 his

2312 5074 2377 5124 Oi
2428 5070 2788 5130 κατεσθίοντες
2841 5097 2908 5108 -—
2963 5073 3147 5142 κρῖμα.
3211 5069 3432 5140 Εἶρηται
3472 5072 3591 5142 περὶ
3648 5070 3849 5121 τούτων

531 5182 580 5217 ⁷ο
618 5182 815 5239 Matth.
857 5183 945 5251 23,
985 5190 1042 5242 5.

1699 5349 1917 5418 Variae
1957 5351 2290 5423 lectiones
2317 5362 2383 5422 et
2408 5357 2612 5420 notae.

526 5506 641 5587 (14)
679 5510 854 5587 Recte
884 5509 978 5587 hic
1009 5512 1240 5567 monuit
1279 5515 1617 5587 Hentenius,
1656 5518 1981 5587 vocabula,
2031 5526 2121 5574 καὶ
2231 5522 2589 5581 omiserunt.

458 5573 671 5679 ﬁngi:
697 5586 813 5679 τῆςί
838 5585 1027 5652 ἰσχύος
1078 5602 1195 5679 σορῚβ
1235 5573 1616 5679 {negligentia
1654 5573 2122 5679 scribae'in’nsuo

2275 5573 2589 5679 Ῑέἓῖῑῖῗῖιίέ
2608 5595 2979 5679 fruamu-

457 5647 1101 5741 ςρὲἱρξ-οφξξεξθεεθ.
1134 5647 1507 5741 Habentista
1525 5674 1704 5741 meus.
1722 5663 1766 5716 A
1794 5669 1849 5741 et
1880 5647 1962 5721 Β.
1990 5647 2124 5721 Pro-

2304 5647 2422 5741 {153
2446 5663 2517 5718 »ὐ
2554 5647 2713 5727 an,
2735 5647 2913 5735 ὄχλος.

456 5720 588 5795 pter
617 5722 1018 5793 aequalitatem
1050 5725 1459 5788 membrorum
1505 5730 1601 5787 alii
1630 5731 1748 5792 alia
1798 5732 1915 5792 hoc
1940 5720 2122 5796 versu
