4074 6374
201 350 298 407 837

201 474 411 549 ἀκριϐῶς
438 471 488 525 έν
515 470 660 548 ἀρχῇ
705 478 798 526 τοῦ
828 472 1182 526 πεντηκοστοῦ
1213 465 1363 518 ἕκτου
1401 457 1681 533 κεφαλαίου
1706 460 1794 506 τοῦ
1824 452 1872 504 Α

201 567 327 617 κατὰ
353 563 642 617 Menenios.

351 669 500 724 ΚΕΦ.
527 666 667 723 ΜΑ’.
695 670 823 739 Περὶ
849 674 940 726 τῆς
962 666 1027 717 τὰ
1056 660 1154 716 δύο
1175 660 1338 714 λεπτὰ
1364 656 1652 732 βαλούσης.

270 763 369 813 Καὶ
418 759 646 818 καθίσας
700 787 764 797 -
821 752 1227 827 γαζοφυλάκιον.
1283 753 1354 802 Τὸ
1414 744 1801 819 γαζοφυλάκιον

204 846 686 922 θησαυροφυλάκιον
713 842 796 909 ἧν,
826 843 873 896 έν
899 851 972 915 τῷ
999 850 1127 912 ναῷ,
1157 841 1227 902 εἰς
1253 838 1278 891 ὃ
1303 840 1489 898 πάντες
1518 837 1567 887 οἱ
1597 836 1805 906 ἔχοντες

200 939 284 992 καί
316 937 539 998 θέλοντες
560 933 819 989 ἕνέϐαλλον
836 936 893 986 τὸ
913 934 1047 986 κατὰ
1076 928 1320 1003 δύναμιν,
1352 929 1483 1000 πρὸς
1509 924 1804 995 ἀποτροφὴν

201 1037 295 1082 τῶν
321 1032 567 1086 πενήτων.

266 1226 372 1281 Καὶ
403 1221 581 1276 πολλοὶ
632 1251 702 1260 -
749 1216 1063 1295 κοδράντης.
1103 1222 1190 1285 ⁸0,
1220 1218 1280 1268 τὸ
1321 1213 1503 1266 λεπτὸν
1540 1207 1804 1276 δηλονότι,

199 1314 301 1365 ἔστι
340 1312 468 1385 παρ’
519 1309 802 1385 Ἑϐραίοις,
860 1312 1022 1380 ἤγουν
1072 1304 1277 1377 λέγεται
1326 1298 1622 1377 κοδράντης
1674 1299 1805 1371 (74).

196 1400 406 1456 Λεπτὸἆ
434 1397 494 1454 δέ
515 1398 626 1453 ἔστι
658 1398 782 1474 παρ’
812 1400 937 1470 ἡμῖν
964 1397 990 1449 ὀ
1024 1393 1221 1457 ὀϐολός.

262 1603 361 1654 Καὶ
456 1596 941 1673 προσκαλεσάμενος
1010 1624 1078 1634 -
1179 1591 1503 1665 ὑστερήσεως
1608 1586 1796 1648 αὐτῆς,

193 1678 503 1762 ’Υστέρησις
575 1688 666 1759 μὶν
749 1691 964 1753 νοεῖται,
1041 1684 1071 1739 ἠ
1147 1676 1342 1736 ἔνδεια,
1416 1684 1525 1731 Νῦν
1580 1673 1658 1745 δὲ,
1740 1679 1798 1727 τὸ

200 1779 475 1851 ἀναγκαῖον
514 1779 605 1828 καὶ
662 1769 924 1848 χρειῶδες
980 1772 1262 1844 ὑστέρησιν
1319 1770 1387 1829 ὡς
1442 1763 1611 1839 οἶμαι,
1672 1765 1803 1816 ὡνό-
1834 1809 1875 1864 Β

200 1887 347 1941 μασε.

265 1959 443 2011 Πάντα
514 1985 586 1997 —
659 1956 748 2008 τὸν
829 1950 946 2025 βίον
1031 1949 1210 2009 αὐτῆς.
1290 1946 1354 2003 Εἰ
1432 1950 1522 1997 καὶ
1611 1948 1802 2015 πτωχὴ

202 2045 295 2109 τοῖς
340 2051 622 2120 χρήμασιν
671 2039 755 2109 ἧν,
805 2041 938 2095 ἀλλὰ
990 2039 1217 2093 πλουσία
1281 2044 1344 2109 τῇ
1398 2041 1574 2108 γνώμῃ
1653 2035 1808 2085 καθί-

208 2156 366 2192 στατο.
442 2139 532 2188 Διὸ
580 2138 671 2186 καὶ
724 2134 750 2184 ὁ
808 2135 1006 2201 Σωτὴρ,
1063 2128 1123 2182 οὐ
1174 2132 1231 2180 τὸ
1303 2123 1471 2198 δῶρον
1520 2128 1801 2198 μετρήσας,

365 2230 471 2284 τὴν
521 2227 826 2298 προαίρεσιν
882 2220 1063 2289 αὐτῆς,
1132 2226 1298 2271 πλεῖον
1367 2218 1570 2268 πάντων
1630 2212 1806 2286 βαλεῖν

212 2312 318 2368 εἷπε.

267 2410 471 2458 Γένοιτο
529 2400 589 2456 δὲ
640 2406 731 2454 καὶ
783 2404 876 2459 τὴν
924 2397 1051 2472 ἐμὴν
1094 2396 1279 2469 ψυχὴν
1321 2395 1561 2467 γενέσθαι
1606 2397 1804 2467 χήραν,

202 2492 563 2547 ἀποϐαλοῦσαν
600 2494 689 2543 τὸν
722 2486 986 2554 διάϐολον,
1098 2484 1426 2552 κεκόλληται,
1465 2488 1555 2535 καὶ
1677 2484 1806 2534 ὐπο-

201 2589 458 2636 τέτακται·
510 2586 601 2633 καὶ
656 2578 834 2650 βαλεῖν
883 2579 955 2640 εἰς
981 2580 1067 2629 τὸν
1110 2582 1203 2628 τοῦ
1236 2578 1364 2628 Θεοῦ
1409 2575 1677 2648 θησαυρὸν
1710 2568 1807 2624 δύο

202 2675 363 2741 λεπτὰ,
390 2675 461 2725 τὸ
504 2679 657 2743 σῶμα
690 2672 779 2721 καὶ
807 2670 893 2721 τὸν
930 2673 1068 2731 νοῦν,
1105 2664 1464 2730 λεπτυνθέντα,
1496 2665 1555 2714 τὸ
1587 2664 1697 2734 μεν,
1733 2657 1767 2713 ὃ
1773 2662 1807 2712 ι’

199 2760 515 2837 ἐγκρατείας
540 2762 628 2812 τὸν
659 2754 741 2827 δε,
770 2753 805 2809 δ
810 2758 863 2809 ιὰ
886 2760 1263 2816 ταπεινώσεως.

264 2960 362 3014 Καὶ
457 2956 858 3031 ἐκπορευομένου
935 2983 1002 2994 -
1065 2949 1356 3023 καταλυθῇ.
1435 2952 1560 3021 Περὶ
1613 2950 1807 3000 τούτων

204 3044 377 3121 ίῤῥηθη
407 3045 467 3099 ἓν
496 3052 569 3116 τῷ
591 3043 724 3097 τέλει
752 3050 844 3096 τοῦ
868 3047 1221 3100 πεντηκοστοῦ
1241 3039 1391 3092 ἕκτου
1418 3037 1696 3111 κεφαλαίου
1714 3043 1806 3090 τοῦ

202 3139 326 3189 κατὰ
352 3136 654 3190 Ματθαῖον.

564 3276 726 3332 ΚΕΦ.
760 3272 886 3331 ΜΒ’.
917 3276 1044 3347 Περὶ
1071 3271 1383 3332 συντελείας.

259 3404 359 3458 Καὶ
409 3403 715 3475 καθημένου
777 3400 937 3451 αὐτοῦ
993 3429 1062 3440 -—
1114 3398 1502 3463 συντελεῖσθαις
1562 3401 1802 3456 Ζητησον

191 3497 298 3567 περὶ
342 3496 545 3545 τούτων
594 3489 644 3542 ἐν
683 3498 756 3561 τῷ
787 3495 1120 3558 πεντηκοστῷ
1151 3484 1358 3561 ἑϐδόμῳ
1400 3488 1659 3560 κεφαλαίῳ
1708 3496 1801 3541 τοῦ

190 3584 315 3633 κατὰ
340 3581 641 3637 Μαι-θαίον.

250 3669 304 3723 Ὀ
333 3667 393 3724 δε
422 3669 644 3729 ’Ἰησοῦς
666 3699 735 3710 --
758 3674 943 3721 ταῦτα.
970 3665 1055 3722 Ἐν
1086 3666 1260 3739 ἐκείνῳ
1295 3671 1412 3741 περὶ
1441 3669 1642 3719 πάντων
1672 3669 1798 3720 τοὺ-

189 3778 279 3811 των
310 3759 432 3835 esse
445 3760 534 3817 θη.

253 3849 465 3902 Βλέπετε
496 3880 565 3889 —-
596 3847 836 3908 ἑαυτούς.
868 3846 1152 3901 Φυλάττετε
1184 3848 1396 3909 ἑαυτοὺς
1428 3844 1528 3899 ἀπὸ
1559 3855 1655 3908 τῆς
1683 3851 1799 3901 τότε

190 3936 351 3997 ἀπάτη
364 3961 404 4002 ς.

253 4025 651 4102 Παραδώσουσι
680 4058 749 4067 -
776 4027 936 4080 ἕνεκεν
967 4025 1113 4099 έμοῦ.
1149 4026 1289 4080 Ἑκεί
1319 4031 1410 4079 καὶ
1453 4031 1572 4101 περὶ
1602 4029 1796 4081 τούτων

190 4118 433 4191 εὑρήσεις.

253 4207 337 4268 Εἰς
385 4209 679 4281 μαρτύριον
733 4204 930 4267 αὐτοῖς.
1002 4203 1087 4265 Εἰς
1141 4209 1462 4282 κατηγορίαν
1513 4210 1603 4259 καὶ
1654 4206 1793 4279 ἔλεγ-

187 4314 277 4366 χον
352 4297 550 4361 αὐτῶν,
638 4296 722 4348 ἶνα
786 4300 857 4368 μὴ
931 4292 1189 4348 δύνωνται
1265 4295 1429 4367 λέγειν
1503 4294 1551 4348 ἐν
1626 4305 1793 4371 καιρῷ

188 4392 273 4448 τῆς
343 4390 689 4458 παγκοσμίου
740 4389 983 4458 κρίσεως,
1068 4385 1149 4437 ὅτι
1234 4385 1344 4437 Οὐκ
1425 4386 1793 4459 ἠνωτισάμεθα

187 4478 238 4526 τὸ
290 4482 566 4551 κήρυγμα.
631 4481 891 4528 Τοσοῦτον
964 4476 1066 4547 γὰρ
1140 4474 1268 4527 αὐτὸ
1326 4472 1789 4544 ένωτισθήσονται,
1823 4497 1870 4553 D

187 4565 310 4619 ὥστε
362 4571 457 4618 καὶ
514 4568 637 4626 τοὺς
686 4569 923 4640 κήρυκας
979 4563 1140 4617 αὑτοῦ
1193 4564 1472 4618 κολάσεσιν
1531 4564 1793 4639 ἐσχάταις

188 4654 455 4707 ὑποϐαλεῖν
464 4698 477 4709 .

248 4744 350 4797 Καὶ
377 4743 453 4805 εἰς
475 4775 543 4785 --
569 4742 904 4816 Εῦαγγέλιον.
926 4742 985 4795 ’0
1008 4739 1068 4797 δί
1097 4744 1365 4806 Ματθαῖος
1390 4746 1613 4820 ἔγραψεν
1642 4752 1692 4801 έν
1716 4756 1789 4820 τῷ

189 4826 467 4889 δηλωθέντι
509 4833 794 4905 κεφαλαίῳ²
847 4834 927 4885 ὃτι
955 4837 1045 4885 καὶ
1077 4834 1497 4908 Κηρυχθήσεται
1538 4844 1691 4890 τοῦτο
1730 4841 1788 4891 τὸ

186 4921 494 4995 Εὖαγγέλιον
531 4931 624 4986 τῆς
655 4921 929 4995 βασιλείας
970 4921 1020 4975 ὶν
1072 4923 1162 4996 ὅλη
1216 4931 1279 4997 τῇ
1326 4924 1629 5000 οἰκουμένῃ.
1684 4930 1788 4985 Καὶ

190 5009 412 5071 ζήτησον
435 5010 541 5065 ἐκεῖ
562 5016 657 5072 τήν
679 5014 865 5066 τούτου
896 5008 1205 5085 διάγνωσιν.

248 5099 411 5156 Ὀταν
492 5098 550 5154 δέ
632 5133 701 5143 -
768 5102 940 5174 ἅγιον.
1007 5101 1364 5177 Οἰκονομικῶς
1435 5108 1493 5158 τὸ
1578 5113 1787 5181 Πνεῦμα

189 5192 240 5241 τὸ
294 5190 447 5262 ἄτιον
522 5199 812 5250 τηνικαῦτα
864 5191 1023 5258 λαλεῖ,
1102 5198 1370 5268 χρώμενον
1452 5203 1560 5258 τοῖς
1615 5200 1783 5251 αὐτῶν

191 5282 461 5352 στόμασιν,
534 5280 616 5335 ἵνα
684 5286 758 5354 μὴ
826 5283 857 5340 ἡ
915 5284 1111 5335 τούτων
1163 5281 1419 5357 ἁχροικία
1481 5282 1608 5359 δόξῃ
1674 5294 1785 5351 τοῖς

192 5364 425 5433 ἂπίστοις
456 5371 589 5429 ἧττα
629 5379 721 5425 τοῦ
763 5374 1116 5449 κηρύγματος.
1150 5374 1342 5449 Εἶρηκε
1385 5370 1445 5427 δε
1488 5384 1656 5431 ταῦτα
1692 5383 1782 5433 καὶ

254 5496 297 5533 ⁷³
331 5497 532 5555 Matth.
560 5514 718 5566 xxiv,
748 5499 839 5556 14.

1196 334 1566 396 COMMENT.
1606 327 1676 386 IN
1716 320 2054 384 MARCUM.
2104 352 2171 363 —-
2211 321 2369 379 CAP.
2413 316 2555 379 Xlll.

3468 326 3574 383 838

1907 452 2112 505 exacte
2136 447 2511 520 disputatum
2547 454 2637 505 est
2665 449 2727 505 in
2769 449 3063 522 principio
3092 451 3580 523 quinquagesimi

1908 536 2054 593 sexti
2078 537 2280 608 capitis
2308 537 2605 606 Evangelii
2636 539 2971 594 secundum
3001 538 3362 597 Matthaeum.

2016 624 2171 681 CAP.
2205 626 2338 682 XLI.
2371 629 2456 682 De
2484 627 2664 684 vidua
2693 642 2823 700 qua!
2850 628 2965 684 duo
2992 628 3212 685 minuta
3242 630 3472 686 obtulit.

1983 715 2142 771 Vers.
2176 718 2262 772 41.
2298 716 2372 770 Ει
2403 732 2535 772 cum
2564 718 2789 774 sederet
2819 747 2889 757 —
2915 717 3439 789 gazophylacium.
3475 722 3580 777 Ga-

1912 802 2333 876 zophylacium
2385 811 2507 861 erat
2546 821 2686 861 arca
2736 805 2838 861 ubi
2888 806 3201 864 thesaurus
3248 808 3308 864 in
3358 810 3581 883 templo

1915 894 2283 959 servabatur,
2317 893 2377 949 in
2408 910 2595 967 quam
2612 911 2845 962 omnes,
2870 897 2973 969 qui
3003 897 3313 955 habebant
3341 904 3396 955 et
3426 900 3583 955 vole-

1917 981 2085 1048 bant,
2127 997 2236 1054 pro
2283 982 2509 1038 viribus
2572 983 2919 1055 injiciebant
2959 986 3033 1041 ad
3086 1002 3421 1059 pauperum
3472 988 3584 1044 ali-

1920 1076 2210 1126 mentum.

1989 1158 2149 1216 Vers.
2178 1162 2269 1215 41.
2298 1161 2371 1216 Et
2401 1161 2571 1217 multi
2594 1192 2663 1203 —
2708 1162 2877 1221 Vers.
2904 1167 2993 1220 42.
3029 1166 3353 1236 quadrans.
3389 1166 3577 1232 Quod,

1916 1253 2075 1320 puta,
2126 1249 2427 1305 minutum
2476 1255 2564 1306 est
2611 1251 2774 1323 apud
2830 1253 3131 1320 Hebrasos,
3192 1254 3316 1311 sive
3368 1254 3584 1311 dicitur

1916 1337 2250 1409 quadrans.
2294 1340 2514 1395 Dicitur
2542 1355 2787 1412 quoque
2818 1342 2934 1397 alio
2969 1343 3152 1398 modo
3183 1343 3417 1414 obolus,
3459 1344 3582 1400 sive

1915 1424 2117 1479 λεπτόν.

1988 1517 2151 1572 Vers.
2193 1519 2281 1573 43.
2341 1519 2417 1573 Et
2474 1519 2799 1577 advocatis.
2869 1552 2938 1562 —
2975 1522 3138 1577 Vers.
3198 1525 3287 1579 44.
3325 1524 3583 1593 penuria

1915 1621 2045 1662 sua.
2093 1605 2416 1681 'ro'rs’pnmg,
2477 1608 2746 1665 defectus
2797 1609 3035 1677 dicitur,
3091 1612 3186 1668 vel
3235 1612 3582 1684 indigentia,

1916 1711 2078 1751 nunc
2143 1702 2342 1751 autem
2410 1713 2519 1769 pro
2559 1713 2649 1762 eo,
2702 1698 2868 1771 quod
2907 1700 3320 1756 necessarium
3387 1707 3470 1758 est
3530 1709 3587 1759 et

1919 1785 2074 1852 utile,
2112 1790 2174 1841 ut
2202 1784 2438 1858 opinor,
2474 1787 2697 1858 accepit
2736 1788 2873 1857 (nos
2899 1790 3219 1857 penuriam
3251 1791 3582 1861 vertimus.)

1989 1874 2147 1930 Vers.
2209 1877 2297 1930 44.
2361 1875 2575 1931 Omnia
2632 1906 2701 1916 —
2757 1875 3155 1934 substantiam
3211 1894 3403 1935 suam.
3466 1881 3584 1935 Etsi

1917 1980 2147 2037 pauper
2183 1969 2309 2020 erat
2356 1964 2866 2035 possessionibus,
2921 1966 3089 2023 dives
3137 1974 3337 2024 tamen
3378 1968 3584 2025 animo

1916 2053 2252 2109 ostenditur
2298 2069 2316 2107 :
2357 2052 2493 2109 ideo
2527 2053 2819 2120 Salvator,
2851 2056 2956 2127 qui
2994 2071 3117 2111 non
3160 2056 3387 2112 donum
3438 2072 3586 2128 pon-

1916 2142 2103 2208 derat,
2159 2140 2265 2197 sed
2314 2141 2683 2199 voluntatem
2734 2146 2882 2213 ejus,
2942 2144 3078 2216 plus
3128 2161 3317 2217 quam
3374 2161 3585 2202 omnes

1917 2231 2152 2287 misisse
2190 2230 2356 2286 dicit.

1990 2322 2220 2378 Utinam
2256 2336 2401 2377 vero
2427 2326 2484 2378 et
2514 2323 2721 2379 anima
2751 2338 2886 2380 mea
2916 2324 3100 2381 vidua
3126 2323 3435 2390 efﬁciatur,
3482 2325 3585 2381 ab-

1912 2410 2071 2483 jecto
2108 2410 2374 2479 diabolo,
2408 2412 2502 2467 cui
2536 2411 2908 2484 agglutinata
2933 2418 3020 2470 est
3047 2421 3226 2486 atque
3256 2414 3528 2489 subjecta
3570 2433 3583 2471 :

1917 2516 2055 2573 quas
2095 2502 2291 2557 mittat
2320 2502 2381 2556 in
2414 2502 2512 2557 Dei
2545 2502 2891 2558 thesaurum
2924 2503 3043 2559 duo
3076 2504 3326 2571 minuta,
3369 2519 3588 2577 corpus

1918 2588 2192 2645 videlicet
2236 2606 2307 2646 ac
2355 2596 2613 2646 mentem
2667 2608 2680 2643 :
2728 2591 3102 2649 comminuta
3148 2593 3296 2649 illud
3338 2594 3588 2666 quidem

1918 2694 2025 2749 per
2062 2680 2544 2751 temperantiam,
2573 2679 2731 2737 hanc
2773 2686 2975 2738 autem
3013 2697 3118 2754 per
3147 2682 3334 2739 animi
3378 2684 3587 2740 mode-

1919 2767 2118 2825 stiam.

1988 2911 2126 2983 Cap.
2171 2911 2307 2967 XIII.
2347 2913 2509 2968 Vers.
2556 2916 2604 2968 ί.
2636 2913 2712 2969 Et
2738 2915 3068 2986 egrediente
3092 2945 3161 2959 —-
3199 2915 3362 2973 Vers.
3400 2916 3453 2972 2.
3494 2917 3585 2974 di-

1916 3040 2155 3092 ruatur.
2198 3038 2278 3092 De
2314 3036 2407 3092 his
2454 3036 2681 3093 dictum
2713 3043 2800 3095 est
2832 3039 2894 3095 in
2943 3040 3062 3095 ﬁne
3099 3041 3585 3115 quinquagesimi

1850 3152 1890 3208 ο
1919 3125 2069 3181 sexti
2096 3124 2308 3197 capitis
2334 3126 2627 3198 Evangelii
2656 3127 2989 3184 secundum
3021 3130 3382 3187 Matthaaum.

2237 3266 2389 3324 CAP.
2424 3267 2582 3323 XLII.
2625 3268 2711 3325 De
2737 3246 3258 3327 consummatione.

1985 3391 2151 3446 Vers.
2180 3395 2231 3448 3.
2262 3392 2518 3463 Cumque
2538 3392 2664 3462 ipse
2690 3393 2916 3450 sederet
2936 3424 3005 3435 -
3035 3395 3198 3451 Vers.
3230 3399 3283 3452 4.
3317 3412 3579 3455 consum-

1911 3480 2135 3537 mando
2152 3484 2290 3537 sunt
2308 3478 2337 3536 ‘i
2366 3483 2575 3547 Quaere
2597 3482 2671 3539 de
2688 3483 2780 3537 his
2804 3483 3308 3556 quinquagesimo
3326 3487 3580 3559 septimo

1910 3570 2101 3641 capite
2139 3570 2445 3641 Evangelii
2482 3571 2818 3628 secundum
2856 3573 3219 3630 Mattheum.

1981 3659 2145 3715 Vers.
2189 3660 2244 3713 5.
2285 3659 2455 3717 Jesus
2494 3667 2695 3718 autem
2733 3692 2802 3704 —
2842 3663 3011 3719 Vers.
3061 3667 3118 3722 9.
3168 3665 3309 3722 hac.
3358 3666 3579 3723 Eodem

1909 3748 2102 3821 capite
2128 3749 2204 3805 de
2232 3749 2328 3805 his
2359 3751 2649 3807 omnibus
2681 3750 2911 3808 dictum
2943 3758 3051 3809 est.

1978 3838 2140 3895 Vers.
2188 3843 2240 3895 9.
2272 3838 2478 3897 Cavete
2508 3872 2575 3881 —
2605 3840 2766 3897 vobis
2797 3841 2959 3912 ipsis.
2995 3843 3230 3901 Servate
3261 3859 3368 3902 vos
3409 3845 3578 3918 ipsos

1907 3944 1942 3983 a
1972 3927 2318 3985 seductione
2348 3945 2478 4001 quae
2511 3936 2649 3986 tunc
2677 3932 2807 3988 erit.

1979 4017 2140 4072 Vers.
2169 4020 2221 4073 9.
2258 4019 2518 4076 Tradent
2543 4050 2613 4061 —
2641 4034 2825 4078 causa
2849 4035 2994 4079 mea.
3028 4021 3113 4079 Ibi
3145 4039 3386 4097 quoque
3414 4030 3474 4083 et
3502 4027 3577 4084 de

1903 4105 1997 4162 his
2036 4106 2327 4163 invenies.

1976 4197 2135 4253 Vers.
2179 4200 2231 4252 9.
2272 4197 2345 4252 In
2383 4200 2776 4255 testimonium
2805 4198 2962 4271 ipsis.
3003 4200 3093 4255 Ad
3128 4203 3574 4260 accusationem

1903 4289 1960 4342 et
1990 4285 2465 4359 increpationem
2495 4288 2786 4359 ipsorum,
2827 4304 2900 4345 ne
2930 4289 3165 4361 possint
3193 4291 3390 4348 dicere
3430 4297 3576 4350 tem-

1902 4390 2046 4448 pore
2078 4375 2430 4433 universalis
2452 4376 2662 4447 judicii
2696 4396 2710 4431 :
2754 4380 2881 4435 Non
2911 4379 3257 4437 audivimus
3286 4382 3576 4453 praedica-

1903 4464 2149 4521 tionem.
2196 4466 2256 4521 In
2309 4469 2545 4522 tantum
2587 4467 2749 4523 enim
2779 4468 2976 4541 ipsam
3003 4469 3264 4527 audituri
3303 4476 3463 4539 sunt,
3512 4480 3575 4531 ut

1902 4554 2029 4627 ejus
2084 4555 2263 4613 etiam
2328 4572 2633 4629 precones
2691 4559 2973 4615 extremis
3013 4561 3321 4635 suppliciis
3384 4562 3566 4636 subji-

1902 4645 2084 4701 ciant.

1980 4751 2141 4808 Vers.
2178 4754 2267 4809 1ο.
2305 4753 2382 4809 Et
2418 4754 2481 4810 in
2518 4785 2587 4795 -
2634 4756 3027 4828 Evangelium.
3073 4760 3381 4817 Matthaeus
3428 4777 3571 4820 vero

1901 4843 2133 4916 scripsit
2178 4843 2465 4916 praedicto
2510 4845 2723 4919 capite,
2770 4848 2935 4919 quod
2983 4849 3415 4917 prmdicabi‘tur
3460 4851 3571 4909 hoc

1898 4933 2263 5005 evangelium
2294 4935 2355 4989 in
2388 4934 2658 4991 universo
2687 4936 2900 4993 mundo
2930 4938 3001 4990 π.
3033 4939 3241 5004 Quaere
3271 4940 3354 4997 ibi
3382 4940 3566 5012 hujus

1896 5023 2278 5081 intellectum.

1966 5112 2130 5170 Vers.
2181 5118 2265 5168 Η.
2296 5112 2439 5171 Cum
2472 5121 2667 5172 autem
2720 5147 2785 5157 —
2816 5120 3075 5173 sanctus.
3120 5118 3563 5189 Dispensatorie

1897 5203 2148 5274 Spiritus
2176 5205 2420 5259 sanctus
2452 5209 2589 5260 tunc
2611 5203 2915 5277 loquetur,
2942 5212 3113 5262 utens
3140 5221 3242 5262 ore
3272 5208 3558 5279 ipsorum,

1892 5307 1969 5349 ne
2007 5293 2304 5349 rusticitas
2346 5292 2584 5349 illorum
2631 5293 2899 5351 videatur
2937 5295 3259 5353 incredulis
3303 5296 3561 5370 abjectio

1892 5386 1951 5439 et
1992 5382 2315 5441 minoratio
2357 5383 2820 5456 praedicationis.
2852 5385 3005 5444 Dixit
3046 5400 3292 5461 quoque
3337 5391 3394 5445 et
3431 5386 3562 5447 hac

1413 5599 1634 5674 Varias
1672 5605 2004 5677 lectiones
2036 5618 2100 5677 et
2135 5618 2339 5681 notas.

268 5732 377 5807 (74)
404 5724 733 5811 Κονδράντης
761 5732 996 5794 exhibet
1019 5737 1087 5793 Α.
