4074 6384
432 340 539 408 s39

435 477 670 535 decimo
701 464 890 544 nonoj
904 470 1045 526 uxta
1059 466 1399 526 Mattheeum
1416 456 1608 536 capite
1622 459 1780 519 circa
1812 459 2079 517 medium
2098 478 2110 517 :
2134 490 2141 494 ν

435 580 638 638 quaere
665 577 806 632 ergo
840 560 920 615 ibi
950 558 1414 613 enarrationem.

433 658 596 710 Vers.
656 656 739 708 l2.
789 649 1007 705 Tradet
1046 679 1114 687 -—
1153 646 1317 702 Vers.
1362 645 1448 699 13.
1492 642 1693 699 salvus
1733 640 1864 697 erit.
1921 638 2111 693 Etiam

436 745 566 801 haec
591 740 798 799 omnia
822 739 883 795 in
915 736 1201 811 praedicto
1232 734 1468 791 decimo
1499 747 1659 789 nono
1690 728 1885 803 capite
1911 727 2110 784 decla-

438 837 573 889 rata
611 833 770 886 sunt.

511 922 678 977 Vers.
728 921 816 974 14.
860 918 994 973 Cum
1033 920 1230 972 autem
1281 945 1350 954 —
1390 911 1708 982 intelligat.
1749 909 1982 965 Dictum
2028 908 2112 960 est

432 1010 515 1066 de
552 1010 685 1074 hoc,
726 1006 884 1062 dicto
922 1003 1431 1077 quinquagesimo
1462 1000 1717 1073 septimo
1753 998 1927 1070 juxta
1967 996 2112 1051 Mat-

440 1099 667 1156 thseum
700 1096 911 1167 capite.

515 1188 673 1242 Vers.
724 1185 810 1240 14.
863 1184 1027 1239 Tunc
1068 1212 1139 1223 —
1170 1183 1330 1238 Vers.
1369 1182 1452 1236 i7.
1489 1178 1708 1237 diebus.
1754 1178 1820 1234 In
1866 1192 1935 1233 eo
1978 1175 2112 1232 loco

437 1277 620 1333 etiam
650 1274 725 1331 de
755 1274 849 1330 his
880 1273 1196 1328 dissertum
1230 1275 1340 1327 est.

511 1365 675 1421 Vers.
729 1367 812 1419 l8.
844 1362 1017 1418 Orate
1047 1393 1115 1401 ——
1162 1361 1319 1417 Vers.
1350 1363 1439 1415 '20.
1472 1358 1609 1415 dies.
1646 1356 1925 1414 Similiter
1950 1359 2005 1411 et
2040 1354 2114 1409 de

441 1454 560 1511 his.
606 1452 754 1510 Illud
787 1457 990 1509 autem
1023 1473 1035 1504 :
1072 1453 1254 1506 Erunt
1292 1450 1419 1507 dies
1451 1450 1546 1506 illi
1574 1448 1815 1521 aﬂlictio,
1846 1447 1962 1502 hoc
2005 1450 2113 1515 est,

442 1545 506 1600 in
539 1543 751 1599 diebus
782 1542 899 1597 illis
932 1540 1038 1596 erit
1068 1538 1331 1595 afﬂictio.

516 1632 683 1689 Vers.
736 1632 823 1685 21.
874 1631 951 1685 Et
1001 1635 1127 1684 tunc
1187 1628 1347 1685 Vers.
1408 1628 1498 1682 23.
1553 1628 1753 1683 omnia.
1811 1625 1999 1682 Etiam
2061 1638 2121 1698 et

442 1721 518 1779 de
548 1722 640 1777 his
666 1721 741 1775 ibi
780 1720 1148 1789 disputatum
1183 1722 1292 1774 est.

513 1812 680 1866 Vers.
718 1812 806 1865 24.
855 1809 1030 1863 Porro
1072 1808 1131 1862 in
1178 1840 1243 1848 —
1274 1808 1440 1863 Vers.
1483 1809 1570 1863 27.
1604 1805 1749 1862 caeli.
1801 1809 1867 1863 Et
1909 1807 1983 1863 de
2023 1805 2116 1862 his

444 1900 740 1957 similiter.

511 1990 675 2046 Vers.
717 1988 805 2043 28.
848 1987 893 2042 A
936 1987 1040 2058 ﬁcu
1068 1993 1246 2042 autem
1274 2018 1343 2030 —
1383 1986 1546 2041 Vers.
1590 1987 1682 2044 31.
1718 1984 2110 2058 praeteribunt.

439 2083 727 2136 Praeterea
773 2082 829 2133 et
866 2077 939 2132 de
984 2077 1080 2132 his
1120 2077 1406 2133 omnibus
1439 2076 1517 2133 ad
1556 2076 1807 2133 verbum
1849 2075 1909 2131 in
1961 2075 2114 2132 dicto

434 2170 631 2242 capite
663 2166 952 2224 subtiliter
989 2165 1362 2239 disputatum
1391 2171 1499 2222 est.

764 2291 920 2350 CAP.
960 2293 1142 2348 XLIII.
1182 2290 1266 2347 De
1302 2290 1387 2345 die
1418 2289 1515 2345 illo
1553 2297 1603 2347 et
1640 2291 1793 2347 hora.

511 2399 682 2456 Vers.
748 2400 836 2455 32.
900 2397 980 2453 De
1039 2428 1111 2441 —
1172 2405 1352 2469 pater.
1410 2397 1638 2455 Dictum
1709 2402 1798 2454 est
1861 2397 1937 2454 de
1996 2397 2114 2454 hoc

435 2488 951 2562 quinquagesimo
981 2492 1195 2544 octavo
1233 2486 1415 2559 capite
1445 2487 1747 2559 Evangelii
1777 2488 2114 2545 secundum

440 2578 784 2635 Matthmum
799 2621 814 2636 .

519 2667 681 2724 Vers.
724 2671 811 2724 33.
853 2666 1132 2722 Attendite
1175 2697 1240 2708 —
1280 2666 1371 2722 sit.
1419 2664 1648 2724 Ibidem
1690 2667 1869 2724 etiam
1907 2667 1982 2725 de
2020 2668 2115 2725 his

442 2756 668 2812 dictum
711 2760 818 2811 est.

517 2847 686 2901 Vers.
734 2847 821 2903 34.
869 2845 1025 2902 Sicut
1072 2846 1223 2900 homo
1270 2876 1339 2887 —
1375 2845 1583 2918 vigilet.
1638 2850 1717 2903 De
1767 2846 2001 2904 Christo
2044 2863 2114 2904 ac

443 2936 787 2993 Christianis
817 2940 1127 3007 sumptum
1151 2941 1240 2991 est
1262 2936 1374 2992 hoc
1396 2936 1761 3008 exemplum.
1788 2940 1881 2993 Est
1913 2942 2111 2994 autem

445 3025 800 3082 defectivum
857 3042 871 3080 :
926 3024 1129 3081 deﬁcit
1166 3026 1347 3090 enim,
1396 3033 1494 3081 est.
1542 3026 1691 3083 Dicit
1738 3043 1901 3099 ergo,
1948 3028 2113 3099 quod

446 3119 535 3172 est
567 3114 719 3171 sicut
761 3115 969 3179 homo,
998 3115 1104 3187 qui
1134 3130 1381 3187 peregre
1411 3116 1534 3187 agit
1567 3133 1579 3167 2
1626 3116 1934 3173 hominem
1980 3116 2113 3189 qui-

445 3203 586 3260 dem
629 3204 894 3274 seipsum
934 3203 1214 3268 innuens,
1250 3204 1771 3276 quemadmodum
1811 3206 1872 3261 in
1914 3206 2114 3263 multis

445 3292 674 3350 dictum
727 3299 814 3349 est
864 3292 1205 3365 parabolis.
1244 3292 1785 3364 Peregrinationem
1839 3311 2001 3362 vero,
2052 3296 2111 3351 in

444 3382 624 3439 caelos
663 3382 1162 3453 assumptionem.
1195 3382 1455 3439 Domum
1494 3388 1697 3439 autem
1730 3400 1929 3453 suam,
1968 3400 2120 3456 prae-

445 3476 679 3528 sentem
710 3470 1027 3527 mundum.
1071 3473 1284 3527 Servos
1313 3487 1555 3543 quoque
1586 3488 1748 3538 suos,
1778 3472 1922 3529 dicit
1951 3472 2120 3529 Chri-

424 3560 693 3618 zstianos.
725 3559 1030 3632 Cujusque
1060 3565 1264 3616 autem
1305 3575 1486 3633 opus,
1518 3566 1609 3616 est
1638 3562 1915 3618 custodia
1950 3579 2123 3619 man-

426 3648 747 3715 .datorum,
780 3654 836 3705 et
866 3649 1136 3720 operatio
1163 3648 1466 3706 virtutum.
1490 3650 1721 3706 Janitor
1752 3667 1918 3716 vero,
1953 3668 2122 3709 mens

435 3738 718 3809 muiuscuj
732 3754 939 3809 usque,
971 3738 1327 3810 quaajauuis
1353 3741 1463 3811 (aa)
1488 3740 1703 3797 animae
1730 3746 1970 3813 prmest,
2002 3743 2121 3799 hoc

434 3832 553 3898 iest,
609 3826 907 3896 sensibus,
948 3842 1054 3900 per
1102 3843 1259 3900 quos
1296 3828 1705 3886 intellectualis
1744 3830 1840 3887 fur
1889 3831 2124 3905 ingredi

440 3915 621 3973 solet.

518 4004 683 4061 Vers.
718 4009 803 4062 35.
847 4004 1084 4077 Vigilate
1112 4036 1185 4047 --
1211 4006 1376 4063 Vers.
1414 4012 1503 4065 36.
1537 4009 1883 4068 dormientes.
1920 4014 2123 4070 Serum

440 4094 693 4169 quidem
720 4094 933 4150 dicitur
954 4100 1097 4151 aetas
1118 4111 1331 4152 senum
1356 4114 1369 4164 ;
1404 4098 1675 4155 medium
1704 4102 1895 4157 noctis
1912 4118 2123 4159 eorum

440 4184 549 4258 qui
596 4183 659 4239 in
706 4184 900 4240 media
958 4188 1099 4241 sunt
1136 4191 1306 4242 atate
1355 4188 1699 4259 constituti;
1755 4190 2124 4261 gallicinium

442 4288 607 4341 vero,
646 4289 856 4330 eorum
886 4274 991 4347 qui
1017 4276 1147 4344 jam
1191 4291 1404 4347 sapere
1434 4276 1769 4350 incipiunt;
1805 4296 1945 4336 cum
1982 4298 2121 4354 pru-

444 4362 650 4420 dentia
684 4364 747 4418 in
789 4363 1042 4419 modum
1090 4363 1230 4433 galli
1280 4364 1596 4433 gallinacei
1644 4369 1866 4425 excitat
1905 4386 2006 4426 eos
2043 4371 2121 4428 ab

439 4450 915 4509 insensibilitate.
949 4455 1115 4510 Mane
1142 4458 1365 4525 autem,
1401 4461 1547 4512 aetas
1577 4463 1669 4513 est
1701 4474 2049 4529 puerorum.

1762 330 2115 390 EUTHYMII
2148 322 2453 385 ZIGABEN
2462 328 2484 386 Ι

3737 320 3847 382 840

2154 459 2200 512 Α
2232 454 2280 507 ἐν
2319 462 2391 525 τῷ
2436 449 2873 525 ἐννεακαιδεκάτῳ
2914 452 3173 526 κεφαλαίῳ
3228 460 3321 514 τοῦ
3373 454 3511 506 κατὰ
3550 453 3843 518 Ματθαίον,

2229 551 2348 620 περὶ
2380 546 2445 596 τὰ
2475 549 2628 614 μέσα.
2674 543 2781 596 Καὶ
2805 544 3037 604 ζήτησον
3069 542 3173 597 ἐκεῖ
3198 547 3293 602 τὴν
3320 542 3596 613 ἐξήγησιν.

2303 631 2619 703 Παραδώσει
2652 665 2715 673 -
2763 635 3081 692 σωθήσεται.
3130 635 3236 687 Καὶ
3266 639 3429 685 ταῦτα
3470 633 3642 685 πάντα
3670 631 3720 683 ἓν
3766 638 3842 701 τῷ

2225 727 2433 801 ῥηθέντι
2559 719 2999 795 ἐννεακαιδεκάτῳ
3097 722 3355 795 κεφαλαίῳ
3478 739 3843 797 προηρμηνευ-

2229 818 2291 874 θη
2301 836 2415 870 σαν.

2297 904 2454 957 Ὀταν
2504 902 2563 958 δὲ
2615 936 2682 945 -
2743 909 2939 957 νοεὶτω.
2985 904 3211 976 Εἴρηται
3274 905 3393 975 περὶ
3445 902 3631 953 τούτου
3675 898 3723 951 ἐν
3762 907 3839 971 τῷ

2227 996 2731 1071 προμνημονευθέντι
2782 1000 3119 1063 πεντηκοστῷ
3173 988 3381 1064 ἑϐδόμῳ
3427 989 3687 1063 κεφαλαίῳ
3741 995 3840 1043 τοῦ

2227 1086 2363 1136 κατὰ
2389 1085 2675 1138 Ματθαῖον.

2297 1178 2424 1227 Τότε
2484 1205 2553 1214 -
2610 1174 2845 1245 ἡμέραις.

2230 1261 2641 1336 διασεσάφηται.

2304 1353 2674 1426 Προσεύχεσθε
2698 1383 2767 1391 -
2798 1352 3013 1427 ἡμέρας.
3063 1348 3286 1422 Ὁμοίως
3329 1351 3419 1400 καὶ
3461 1350 3579 1421 περὶ
3607 1348 3831 1402 τούτων,

2230 1446 2299 1497 Τὸ
2333 1439 2410 1507 δὲ,
2451 1441 2703 1496 Ἔσονται
2737 1441 2790 1493 αἱ
2820 1443 3011 1513 ἡμέραι
3042 1438 3254 1505 ἐκεῖναι,
3295 1436 3408 1490 ἀντὶ
3438 1444 3553 1507 τοῦ,
3584 1438 3716 1488 κατὰ
3744 1438 3843 1497 τὰς

2924 1170 3011 1226 Ἐν
3071 1169 3241 1243 ἐκείνῳ
3304 1172 3394 1221 καὶ
3457 1172 3575 1242 περὶ
3640 1169 3839 1221 τούτων

2233 1536 2430 1607 ἡμέρας
2456 1531 2648 1592 ἐκείνας
2677 1533 2812 1601 (75).

2306 1621 2414 1675 Καὶ
2471 1626 2586 1673 τότε
2640 1652 2706 1661 —-
2762 1620 2951 1675 πάντα.
3010 1618 3114 1673 Καὶ
3172 1621 3290 1693 περὶ
3339 1617 3531 1669 τούτων
3565 1613 3668 1667 ἐκεῖ
3711 1610 3846 1667 διεί-

2232 1712 2293 1771 λη
2303 1732 2449 1766 πται.

2154 1812 2201 1867 Β
2304 1802 2443 1857 Ἀλλ’
2474 1800 2520 1854 ἐν
2548 1833 2615 1842 —-
2644 1801 2881 1874 ούρανοῦ.
2911 1799 3017 1853 Καὶ
3046 1802 3163 1873 περὶ
3193 1799 3382 1850 τούτων
3419 1797 3693 1857 ὡσαύτως.

2303 2003 2438 2057 Ἀπὸ
2472 1996 2531 2054 δὲ
2579 2007 2673 2061 τῆς
2707 2006 2874 2059 συκῆς
2915 2028 2981 2037 -
3023 1993 3372 2071 παρέλθωσιν.
3421 1990 3544 2046 Ἐτι
3587 1995 3676 2044 καὶ
3718 1997 3843 2067 περὶ

2230 2096 2424 2147 τούτων
2479 2092 2682 2142 πάντων
2735 2090 2868 2140 κατὰ
2928 2087 3076 2162 ῥῆμα
3127 2083 3174 2136 ἐν
3219 2082 3394 2155 ἐκείνῳ
3448 2089 3519 2153 τῷ
3576 2080 3840 2155 κεφαλαίῳ

2228 2180 2458 2236 λελεπτο)
2469 2183 2678 2251 ὀγηται.

2479 2269 2632 2324 ΚΕΦ.
2666 2266 2789 2325 ΜΓ.
2820 2269 2943 2340 Περὶ
2972 2273 3067 2326 τῆς
3092 2265 3288 2336 ἡμέρας
3308 2267 3398 2313 καὶ
3427 2261 3584 2333 ὧρας.

2303 2364 2429 2433 Περὶ
2478 2390 2546 2399 -
2599 2361 2794 2431 πατήρ.
2839 2358 3061 2429 Εἴρηται
3108 2357 3226 2427 περὶ
3279 2354 3467 2404 τούτου
3512 2348 3560 2403 ἐν
3603 2358 3676 2422 τῷ
3718 2369 3840 2403 πεν-

2230 2457 2470 2521 τηκοστῷ
2493 2444 2665 2521 ὀγδόῳ
2690 2454 2782 2500 τοῦ
2806 2448 2943 2498 κατά
2962 2444 3246 2498 Ματθαῖον.

2302 2645 2511 2699 Βλέπετε
2568 2674 2635 2684 -
2709 2640 2870 2697 ἐστιν.
2912 2640 3001 2696 Ἐν
3081 2638 3255 2710 ἐκείνῳ
3322 2639 3413 2689 καὶ
3468 2653 3587 2710 περι
3642 2633 3841 2686 τούτων

2230 2735 2658 2809 παρεσημειώθη,

2300 2827 2383 2886 Ὠς
2435 2826 2703 2899 ἄνθρωπος
2751 2853 2819 2861 -
2866 2827 3126 2895 γρηγορῇ.
3184 2821 3309 2890 Περὶ
3351 2822 3443 2867 τοῦ
3475 2818 3710 2889 Χριστοῦ
3749 2814 3847 2864 καὶ

2231 2924 2329 2969 τῶν
2356 2919 2688 2988 Χριστιανῶν
2734 2909 2970 2981 εἰληπται
3018 2911 3163 2959 τουτὶ
3192 2909 3251 2959 τὸ
3281 2901 3647 2978 παράδειγμα.
3678 2900 3846 2957 Ἐστι

2232 3002 2291 3058 δὲ
2355 3003 2687 3055 ἐλλειπτικόν·
2764 2998 3013 3053 Ἐλλείπει
3095 2999 3193 3068 γὰρ
3272 2994 3349 3060 τὸ,
3424 2995 3594 3046 ἔσται.
3673 2994 3831 3047 Φησὶ

2231 3090 2338 3161 οὖν,
2393 3094 2472 3145 ὅτι
2524 3095 2590 3153 ὼς
2658 3091 2928 3162 ἄνθρωπος
2999 3081 3289 3158 ἀποδημῶν
3348 3085 3517 3136 ἔσται·
3575 3081 3847 3154 ἄνθρωπο.

2160 3169 2201 3227 C
2230 3187 2320 3256 μὲν
2374 3182 2553 3234 ἑαυτὸν
2603 3174 2900 3243 ὑποδηλῶν,
2957 3176 3028 3237 ὡς
3072 3173 3123 3225 ἓν
3176 3172 3385 3232 πολλαῖς
3443 3171 3647 3244 εἴρηται
3680 3186 3864 3240 παρα-

2232 3255 2419 3331 ϐολαῖς·
2485 3264 2789 3340 ἀποδημίαν
2838 3262 2914 3328 δε,
2968 3269 3063 3323 τήν
3122 3262 3191 3323 εἰς
3244 3261 3493 3335 οὐρανοὺς
3558 3255 3846 3327 ἀνάληψιν-

2232 3363 2400 3416 οἰκίαν
2454 3356 2513 3412 δὲ
2559 3357 2738 3421 αὐτοῦ,
2782 3359 2868 3408 τὸν
2924 3357 3159 3428 παρόντα
3225 3356 3442 3423 κόσμον·
3510 3344 3729 3408 δούλους
3784 3341 3849 3398 δὲ

2233 3451 2416 3515 αὐτοῦ,
2468 3452 2582 3509 τοὺς
2626 3447 2990 3519 Χριστιανούς
3046 3442 3269 3495 ἑκάστου
3321 3436 3379 3493 δὲ
3426 3441 3484 3490 τὸ
3539 3440 3708 3512 ἔργον,
3748 3439 3847 3493 τὴν

2233 3540 2463 3614 φυλακὴν
2490 3546 2590 3590 τῶν
2621 3535 2827 3588 ἐντολῶν
2859 3533 3041 3598 αὐτοῦ,
3074 3535 3164 3583 καὶ
3211 3529 3461 3605 ἐργασίαν
3500 3535 3598 3580 τῶν
3628 3524 3844 3600 ἀρετῶν.

2235 3632 2465 3704 θυρωρὸν
2496 3624 2574 3695 δὲ,
2619 3630 2704 3679 τὸν
2745 3623 2967 3676 ἑκάστου
3019 3628 3159 3686 νοῦν,
3203 3622 3291 3672 τὸν
3313 3617 3698 3670 ἐπιστατοῦντα
3726 3618 3849 3674 ταῖς

2237 3701 2415 3793 θυρίσι
2460 3726 2555 3780 τῆς
2583 3716 2785 3788 ψυχῆς,
2814 3718 2997 3784 ἤγουν,
3028 3718 3137 3772 τοῖς
3169 3710 3561 3783 αἰσθητηρίοις,
3610 3701 3682 3758 δι’
3710 3702 3779 3755 ὧν
3819 3702 3848 3754 ὁ

2234 3812 2419 3870 νοητὸς
2447 3811 2663 3867 κλέπτης
2693 3799 2955 3873 εἰσπηδᾷν
2986 3802 3179 3854 εἰωθεν.

2307 4012 2613 4082 Γρηγορεῖτε
2690 4034 2760 4045 -—
2823 3996 3195 4060 καθεύδοντας.
3280 3993 3407 4067 Ὀψε
3471 3995 3561 4066 μεν
3648 3996 3850 4044 νοεῖται

2234 4102 2263 4159 ἡ
2332 4080 2431 4152 τῶν
2479 4080 2729 4169 γερόντων
2781 4091 2979 4150 ἠλικίαο
3037 4089 3372 4161 μεσονύκτιον
3424 4080 3503 4151 δὲ,
3536 4083 3566 4140 ἡ
3608 4089 3708 4134 τῶν
3747 4084 3853 4153 μέ-

2236 4205 2361 4242 σων*
2423 4164 2835 4257 ἀλεκτοροφωνία
2914 4175 2992 4245 δὲ,
3072 4178 3101 4235 ἡ
3178 4184 3279 4228 τῶν
3351 4171 3646 4248 ἀρξαμένων
3734 4164 3849 4226 ἤδη

2236 4283 2452 4351 φρονεῖν,
2515 4256 2613 4327 ὅτε
2662 4273 2691 4330 ἡ
2753 4272 3018 4344 φρόνησις,
3078 4267 3250 4339 ὥσπερ
3326 4262 3575 4336 ἀλέκτωρ,
3662 4256 3856 4331 ἐγείρει

2236 4368 2421 4425 αὐτοὺς
2483 4363 2584 4417 ἀπὸ
2658 4369 2749 4421 τῆς
2826 4358 3193 4416 ἀναισθησίας·
3261 4355 3401 4428 πρωί
3481 4346 3561 4418 δὲ,
3646 4349 3676 4407 ἠ
3745 4356 3855 4401 τῶν

2235 4453 2466 4512 παίδων.

516 4540 722 4608 Quaere
760 4548 963 4598 autem
1010 4541 1300 4613 praadicto
1350 4544 1860 4617 quinquagesimo
1902 4556 2116 4606 octavo

2306 4554 2544 4605 Ζητησον
2612 4539 2671 4595 δὲ
2724 4539 2771 4593 ἓν
2824 4546 2897 4610 τῷ
2956 4532 3241 4596 δηλωθέντι
3292 4536 3629 4600 πεντηκοστῷ
3676 4523 3858 4600 ὀγδόῳ

441 4626 621 4700 juxta
642 4631 979 4686 Mattheaum
1012 4631 1203 4702 capite
1244 4632 1709 4691 deciarationem
1743 4637 1898 4693 illius
1932 4640 2071 4696 dicti
2106 4658 2119 4696 :

445 4717 574 4774 Ideo
610 4726 661 4773 et
699 4736 785 4774 vos
817 4726 973 4774 estote
1009 4721 1221 4791 parati,
1254 4723 1385 4793 quia
1429 4741 1535 4794 qua
1574 4725 1707 4782 hora
1747 4744 1867 4795 non
1888 4731 2119 4802 putatis,

448 4826 514 4864 ea
543 4808 726 4863 Filius
754 4809 984 4865 hominis
1016 4816 1276 4866 venturus
1305 4820 1379 4868 est
1409 4813 1480 4868 ⁸⁷³.

522 4897 688 4955 Vers.
717 4903 803 4956 37.
837 4901 971 4967 Quae
1021 4908 1197 4956 autem
1238 4931 1305 4942 —
1348 4902 1486 4957 dico.
1537 4903 1822 4962 Omnibus
1852 4907 2127 4968 Christia-

453 4988 565 5053 nis,
608 4987 715 5060 qui
746 4988 928 5045 futuri
966 4994 1106 5045 sunt
1145 5006 1335 5063 usque
1376 4991 1446 5048 ad
1484 4993 1698 5050 mundi
1728 5011 2132 5061 consumma-

454 5078 678 5135 tionem
691 5119 704 5133 .

522 5197 570 5231 7’
597 5194 803 5253 Matth.
836 5211 999 5261 xxtv,
1028 5195 1125 5253 44.

2234 4637 2491 4710 κεφαλαίῳ
2530 4641 2622 4686 τοῦ
2670 4632 2807 4683 κατὰ
2850 4629 3114 4686 Ματθαίον
3158 4630 3252 4683 τὴν
3292 4622 3545 4693 ἐξήγησιν
3593 4624 3709 4673 τοῦ.
3754 4618 3863 4671 Διά

2235 4736 2386 4782 τοῦτο
2412 4730 2496 4778 καὶ
2531 4726 2677 4798 ὑμεῖς
2701 4721 2907 4793 γίνεσθε
2937 4718 3136 4790 ἕτοιμοι
3176 4716 3256 4768 ὅτι
3286 4712 3317 4787 ᾖ
3346 4713 3456 4787 ὥρᾳ
3478 4710 3537 4763 ού
3566 4705 3788 4773 δοκεῖτε,
3825 4708 3861 4760 ὀ

2235 4821 2358 4880 Υἱὸς
2378 4823 2470 4871 τοῦ
2496 4813 2768 4888 ἀνθρώπου
2800 4813 3035 4885 ἔρχεται.

2308 4909 2371 4962 *Α
2415 4904 2473 4961 δὲ
2512 4937 2581 4947 ——
2635 4902 2785 4975 λέγω.
2841 4905 2985 4953 Ηᾱσι
3032 4902 3137 4958 τοῖς
3182 4896 3319 4967 ἄχρι
3364 4899 3459 4954 τῆς
3510 4890 3861 4961 παγκοσμίου

2242 4999 2534 5059 συντελείας
2563 5004 2821 5069 Χριστιαν
2832 4997 2930 5052 οἱς.

1683 5302 1905 5371 ναι-ξω
1951 5306 2274 5378 lectiones
2301 5317 2366 5375 et
2387 5315 2590 5375 notae.

458 5420 467 5435 λ’
526 5409 644 5481 (75)
670 5409 931 5482 Intelligo
958 5412 1126 5479 ἔσται,
1162 5426 1233 5467 ex
1262 5409 1489 5468 ἔσονται.
1522 5414 1607 5472 Ita
1636 5418 1795 5474 enim
1834 5420 2026 5494 accipi
2057 5423 2267 5483 voluit.

526 5522 643 5605 (aa)
692 5525 910 5605 Jaam's.
958 5526 1024 5582 In
1072 5529 1274 5605 Graeco
1323 5531 1640 5605 est_9upia't
1681 5550 1787 5589 seu
1828 5534 2124 5595 fenestris.

450 5592 988 5680 Quoniamhtamen
1024 5599 1206 5680 paulo
1247 5607 1385 5680 ante
1414 5592 1649 5680 Aleg'itur
1677 5592 1951 5680 θυρωρός.
1980 5592 2128 5666 ὁοίίὲ

447 5670 552 5746 jici
603 5670 797 5746 possit
844 5670 1054 5746 adpone!
1090 5670 1235 5746 loco
1302 5670 1529 5746 θυρίσιν.
1583 5675 1699 5732 Sed
1747 5670 2125 5740 alibi'etiam

456 5736 534 5796 de
573 5736 870 5812 sensibus,
895 5736 1060 5815 apud
1090 5742 1327 5803 Patrem
1350 5736 1646 5817 Graecum,
1678 5751 1875 5811 nescio
1913 5736 2125 5827 quem,

2232 5537 2429 5596 inveni
2480 5538 2643 5612 θυρὶς,
2662 5532 2984 5612 sonti?“-
3017 5527 3298 5612 Αιὶίῑυεξηει
3319 5515 3872 5612 Ξτεοὲεξιὲεἰῖιέἓὶθ

2182 5658 2185 5661 μ
2232 5594 2524 5693 spectayit
2542 5594 3031 5693 bimilitudin'ems
3050 5594 3532 5693 utZsolet
3560 5594 3879 5662 interpre-

2234 5664 2558 5742 tationibus
2582 5673 2940 5749 allegoricis,
2974 5664 3037 5730 id
3064 5676 3154 5733 est
3182 5664 3542 5746 puerilibus.
