4074 6376
177 351 262 409 841
1189 335 1549 395 (ἸιλΜΜΕΝΤ.
1593 334 1665 389 ΙΝ
1708 333 1755 387 Μ

1898 331 2033 389 IUM.
2072 364 2143 375 —
2183 330 2344 391 CAP.
2382 327 2532 388 XIV.

3425 331 3527 388 842

242 477 483 531 Ἐντεῦθεν
536 473 829 544 κινούμενοί
880 488 1010 530 τινες
1055 470 1272 539 ἔφησαν,
1330 466 1410 517 ὄτι
1479 466 1531 517 αἱ
1596 454 1754 536 προρ-

1941 459 2083 515 Hinc
2120 459 2265 515 moti
2304 457 2547 530 quidam
2575 456 2797 525 dicunt,
2852 455 3170 531 praedictas
3206 458 3411 514 tetates
3460 456 3530 512 iis

176 571 401 644 ῥηθεῖσαι
434 565 632 622 ἡλικίαι
675 568 781 621 τοῖς
827 561 1216 635 εὑρισκομένοις
1262 560 1376 608 τότε
1424 558 1758 629 Χριστιανοῖς

176 643 513 733 ἁρμόζουσα·
571 651 648 705 ἐπ’
698 649 898 703 ἐκείνων
962 649 1063 722 γὰρ
1117 648 1147 705 ἡ
1216 643 1434 717 δευτέρα
1490 645 1759 717 παρουσία

177 754 281 821 γενή
292 765 432 799 σεται
445 787 457 799 .

240 841 555 911 Γρηγορεῖτε.

177 933 456 999 τυρόμενος.

237 1012 327 1065 Ἦν
357 1042 423 1051 --
454 1008 550 1063 δύο
586 1012 801 1082 ἡμέρας.
834 1008 1034 1077 Πάσχα
1063 1010 1150 1057 καὶ
1200 1004 1258 1057 ’Ἃ
1274 1004 1415 1075 ζυμα
1455 1006 1511 1055 τὸ
1563 1003 1764 1072 Πάσχα

175 1103 293 1173 λέγει
320 1109 407 1152 νῦν
437 1102 463 1151 ὁ
494 1098 904 1170 εὖαγγελιστὴς·
938 1094 1077 1148 διότι
1120 1097 1253 1145 κατὰ
1298 1098 1353 1145 τὸ
1406 1094 1605 1163 Πάσχα
1654 1097 1761 1151 τοῖς

174 1199 252 1243 τοῦ
280 1190 439 1263 ἀμνοῦ
480 1193 667 1263 κρέασι
718 1192 808 1238 καὶ
858 1187 1038 1257 ἄζυμα
1088 1186 1451 1248 συνησθίοντο,
1488 1184 1551 1242 ὡς
1600 1183 1646 1233 ἐν
1691 1189 1762 1251 τῷ

648 831 1003 903 Ἐπεφώνησεν
1098 828 1172 878 ἔτι
1274 832 1427 877 τοῦτο
1530 820 1760 895 διαμαρ-

175 1282 421 1351 ἐξηκοστῷ
465 1283 625 1351 τρίτῳ
668 1275 928 1347 κεφαλαίῳ
970 1282 1061 1326 τοῦ
1107 1276 1239 1325 κατά
1286 1274 1553 1326 Ματθαῐον
1596 1291 1762 1343 παρα-

176 1373 537 1441 σεσημείωται.

232 1464 466 1517 Ζὴτησον
513 1453 571 1509 δὲ
620 1459 709 1506 καὶ
762 1457 879 1527 περὶ
919 1456 984 1504 τὰ
1032 1451 1298 1504 τελευταῖα
1345 1458 1432 1502 τοῦ
1478 1450 1761 1512 ἑξηκοστοῦ

173 1554 360 1623 πρώτου
426 1545 709 1618 κεφαλαίου
777 1561 873 1595 το·
940 1548 1038 1595 Καὶ
1116 1540 1330 1613 ἐγένετο,
1402 1542 1481 1592 ὅτε
1540 1538 1759 1591 ἐτέλεσεν

174 1640 195 1689 ὁ
280 1639 488 1697 Ἰησοῦς
568 1636 769 1694 πάντας
851 1636 971 1695 τοὺς
1053 1631 1239 1703 λόγους
1325 1633 1559 1694 τούτους,
1653 1624 1760 1681 εἶπε

172 1734 264 1789 τοῖς
318 1728 588 1799 μαθηταῖς
646 1724 843 1776 αὐτοῦ·
906 1718 1121 1790 Οἴδατε,
1174 1723 1253 1772 ὅτι
1307 1723 1437 1792 μετά
1482 1717 1580 1771 δύο
1638 1720 1760 1792 ἡμέ-

173 1837 253 1890 ρας
278 1821 331 1868 τὸ
360 1817 568 1887 Πάσχα
595 1819 812 1885 γίνεται.

236 1911 327 1958 Καὶ
400 1904 616 1965 ἐζήτουν
674 1933 744 1944 -
804 1900 950 1953 λαοῦ.
1031 1900 1166 1953 Ἐκεῖ
1236 1903 1324 1951 καὶ
1390 1904 1506 1972 περὶ
1569 1899 1760 1950 τούτων

176 1996 276 2069 εὑρη
286 2014 408 2057 σεις.

180 2126 307 2177 Kl”.
392 2127 512 2175 ΜΔ.
607 2123 732 2192 Περὶ
804 2125 896 2180 τῆς
998 2115 1288 2188 ἁλειψάσης
1387 2117 1473 2167 τὸν
1574 2116 1760 2188 Κύριον

880 2210 1047 2281 eaee-

244 2306 323 2352 Καὶ
364 2304 513 2358 ὄντος
576 2329 645 2337 -
693 2296 932 2369 κεφαλῆς.
1010 2299 1230 2369 Εἴρηται
1290 2298 1407 2363 περὶ
1472 2296 1665 2355 ταύτης
1712 2292 1759 2345 ἐν

176 2396 234 2459 τῷ
268 2389 533 2459 ἑξηκοστῷ
571 2383 796 2459 δευτέρῳ
830 2384 1087 2458 κεφαλαίῳ
1136 2392 1226 2435 τοῦ
1275 2385 1411 2435 κατὰ
1466 2385 1756 2436 Ματθαῐον.

231 2478 383 2532 Ἦσαν
432 2508 505 2518 --
562 2476 717 2548 αὐτῇ.
771 2474 995 2547 Ὁμοίως
1062 2478 1153 2525 καὶ
1208 2477 1327 2547 περὶ
1382 2474 1575 2525 τούτων
1624 2473 1758 2523 πάν-

169 2588 265 2621 των.
330 2568 539 2620 Ἐπάνω
598 2562 658 2618 δὲ
710 2568 1024 2639 τριακοσίων
1100 2559 1382 2638 δηναρίων,
1456 2560 1569 2614 ἀντὶ
1643 2569 1754 2633 τοῦ,

168 2659 413 2709 Ἐπέκεινα
424 2700 437 2711 .

223 2746 274 2798 ⁸0
320 2743 380 2798 δε
434 2745 650 2806 Ἰησοῦς
707 2774 773 2784 -
822 2742 1001 2803 αὐτῆς.
1062 2740 1179 2795 "En
1238 2746 1327 2794 καὶ
1398 2745 1515 2817 περὶ
1564 2744 1757 2793 τούτων

166 2834 441 2911 λεπτομερεῖ»
454 2854 494 2896 ς.

226 2928 319 2979 Καὶ
371 2920 583 2984 Ἰούδας
631 2954 699 2963 -
751 2918 994 2995 παραδῷ.
1055 2926 1155 2974 Καὶ
1220 2924 1339 2995 περὶ
1410 2924 1603 2973 τούτων
1657 2919 1760 2974 ἐκεῖ

1866 549 2057 619 aptari
2091 548 2458 617 Christianis,
2514 547 2618 621 qui
2646 553 2790 605 tunc
2815 548 3185 621 reperientur
3219 545 3368 609 :sub
3411 544 3529 603 illis

1865 637 2024 694 enim
2064 638 2166 695 ﬁet
2196 639 2493 695 secundus
2535 639 2848 696 adventus.

1939 834 2107 891 Vers.
2140 836 2228 893 37.
2263 835 2525 907 Vigilate.
2549 839 2668 894 Hoc
2698 851 2936 894 rursum
2960 835 3210 919 addidit,
3237 838 3530 909 tanquam

1869 922 1931 980 id
1959 925 2117 997 quod
2138 924 2407 983 futurum
2445 932 2570 983 erat
2593 930 2977 999 protestatus.

1943 1030 2095 1085 CAP.
2128 1032 2269 1086 XIV.
2303 1032 2464 1089 Vers.
2505 1038 2550 1087 1.
2585 1034 2734 1089 Erat
2770 1064 2839 1077 —
2873 1034 3130 1090 biduum.
3188 1032 3419 1089 Pascha
3472 1035 3532 1088 et

1871 1120 2097 1193 Azyma
2132 1125 2300 1177 vocat
2345 1138 2506 1177 nunc
2550 1122 2922 1192 Evangelista
2949 1122 3149 1195 ipsum
3182 1122 3429 1179 Paschaa
3450 1121 3532 1178 fe-

1872 1215 2026 1266 stum
2051 1210 2228 1283 :quia
2256 1211 2316 1266 in
2347 1211 2478 1284 ipso
2503 1227 2712 1268 carnes
2747 1212 2889 1282 agni
2928 1216 2986 1268 et
3015 1228 3226 1283 azyma
3255 1212 3531 1271 comede-

1870 1298 2036 1365 bant,
2070 1300 2245 1357 sicuti
2275 1302 2639 1371 sexagesimo
2673 1301 2840 1358 tertio
2876 1302 3067 1374 capite
3114 1301 3417 1373 Evangelii
3444 1317 3531 1358 se-

1871 1388 2131 1445 cundum
2157 1390 2497 1446 Matthaeum
2522 1390 2930 1460 signiﬁcatum
2955 1395 3063 1447 est.

1943 1479 2151 1543 Quaere
2204 1486 2404 1535 autem
2472 1495 2659 1552 prope
2706 1480 2888 1537 ﬁnem
2925 1480 3105 1536 etiam
3182 1477 3532 1549 sexagesimi

1869 1565 2046 1637 primi
2077 1567 2282 1637 capitis
2330 1567 2557 1624 dictum
2606 1566 2800 1627 illud:
2840 1568 2915 1623 Et
2964 1569 3191 1639 factum
3244 1576 3341 1634 est.
3382 1570 3532 1639 post-

1868 1670 2043 1727 quam
2096 1657 2320 1726 ﬁnisset
2372 1657 2534 1713 Iesus
2590 1672 2786 1714 omnes
2814 1658 2918 1714 hos
2946 1672 3245 1724 sermones,
3274 1657 3427 1719 dixit
3445 1656 3534 1713 di-

1870 1744 2109 1815 scipulis
2134 1747 2287 1802 suis:
2317 1746 2493 1804 Scitis
2518 1747 2674 1819 quod
2690 1754 2819 1818 post
2840 1747 3084 1804 biduum
3114 1747 3338 1806 Pascha
3360 1746 3437 1805 sit
3457 1747 3528 1800 ⁷³.

1941 1925 2083 1980 Vers
2118 1930 2165 1979 1.
2198 1926 2262 1980 Ει
2303 1925 2638 1998 quaerebant
2698 1956 2767 1967 —
2829 1923 2988 1981 Vers.
3049 1924 3104 1980 2.
3161 1923 3388 1996 populi.
3440 1922 3526 1980 Ibi

1869 2028 2109 2086 quoque
2139 2013 2211 2070 de
2242 2015 2336 2070 his
2374 2014 2665 2071 invenies.
3190 2026 3197 2029 ’

2048 2120 2200 2178 CAP.
2232 2121 2410 2178 XLIV.
2440 2124 2521 2179 De
2552 2138 2614 2179 ea
2640 2138 2763 2193 quae
2793 2122 2971 2180 unxit
3010 2123 3350 2179 Dominum.

2547 2221 2842 2284 unguento.

1941 2301 2100 2356 Vers.
2135 2305 2186 2357 3.
2222 2302 2451 2358 Etcum
2504 2309 2735 2358 esset—
2782 2306 2979 2373 caput.
3036 2304 3115 2358 De
3165 2292 3280 2358 hac
3301 2301 3528 2358 dictum

1868 2394 1958 2446 est
1985 2392 2364 2461 sexagesimo
2385 2391 2648 2447 secundo
2668 2392 2858 2465 capite
2876 2390 3172 2463 Evangelii
3196 2389 3529 2447 secundum

1867 2480 2223 2536 Matthaeum.

1939 2568 2099 2624 Vers.
2134 2570 2184 2625 4.
2209 2570 2401 2627 Erant
2433 2570 2686 2627 —-Vers.
2720 2574 2770 2626 ὅ.
2799 2569 3082 2627 adversus
3138 2569 3325 2627 illam.
3359 2566 3533 2627 Simi-

1866 2657 2315 2716 nmradehm.
3348 2646 3354 2655 ’

1939 2855 2106 2911 Vers.
2137 2858 2188 2910 6.
2219 2854 2376 2912 Jesus
2408 2858 2617 2911 autem.
2658 2855 2829 2912 Vers.
2885 2858 2938 2911 9.
2984 2856 3179 2928 ipsius.
3242 2856 3533 2915 Praeterea

1867 2948 1922 2998 et
1953 2944 2027 2999 de
2064 2942 2158 2998 his
2185 2944 2482 3000 subtiliter
2522 2949 2839 3000 tractatum
2888 2949 2993 3001 est.

170 3016 399 3074 ζήτησον.
445 3013 754 3086 Ἐχάρησαν
801 3007 859 3062 δὲ
889 3010 947 3062 οὐ
979 3013 1151 3082 μόνον,
1202 3010 1283 3061 ὅτι
1320 3015 1485 3082 χωρὶς
1535 3010 1755 3081 θορύϐου

170 3105 186 3116 α
238 3102 278 3116 ις
421 3103 439 3115 ο
492 3105 500 3116 ι
639 3100 687 3116 «κ
741 3100 769 3116 Ω
796 3108 815 3116 .-
901 3101 913 3111 '
974 3103 983 3115 ι
1099 3107 1116 3115 υ
1165 3099 1202 3116 91
1249 3101 1259 3115 l
1284 3095 1306 3116 8
1551 3097 1572 3116 (ἱ
1613 3097 1631 3116 θ
1650 3107 1656 3114 -

1938 3032 2097 3089 Vers.
2135 3037 2217 3089 1ο.
2250 3034 2327 3088 Et
2350 3034 2532 3089 Judas
2562 3063 2631 3073 —
2680 3035 2839 3089 Vers.
2902 3035 2982 3089 11.
3021 3035 3306 3092 traderet.
3340 3035 3531 3091 Etiam

166 3102 343 3174 ἔμελλον
369 3103 537 3155 αὑτὸν
571 3100 862 3168 συλλαϐεῖν,
893 3101 990 3152 ὑπὸ
1029 3107 1118 3152 τοῦ
1165 3095 1342 3151 Ἰούδα
1391 3097 1754 3172 παραδιδόμε-

157 3213 225 3243 νον
274 3195 557 3268 εὐκαίρως,
616 3190 723 3243 ἀλλ’
772 3192 852 3244 ὅτι
907 3195 997 3244 καὶ
1055 3192 1154 3242 ὑπὸ
1215 3198 1312 3242 τῶν
1367 3192 1614 3263 μαθητῶν
1664 3195 1756 3266 ἣρ-

157 3281 263 3344 ξατο
302 3284 608 3357 μισεῖσθαι.

534 3414 682 3462 ΚΕΦ.
714 3408 844 3460 ΜΕ.
874 3411 999 3481 Περὶ
1024 3413 1115 3459 τοῦ
1149 3408 1365 3479 Πάσχα.

216 3523 309 3570 Καὶ
357 3525 419 3590 τῇ
484 3520 670 3591 πρώτη
726 3546 793 3556 -
838 3516 1133 3587 ἡτοίμασαν
1205 3517 1261 3565 τὸ
1331 3515 1551 3584 Πάσχα.
1618 3512 1752 3566 Ἀπὸ

155 3614 232 3658 τοῦ
268 3607 557 3670 ἑξηκοστοῦ
606 3610 785 3679 τρίτου
834 3604 1107 3677 κεφαλαίου
1158 3611 1248 3655 τοῦ
1296 3606 1433 3655 κατὰ
1484 3605 1752 3656 Ματθαῐον

154 3704 301 3747 ταῦτα
350 3695 414 3769 [¹
464 3692 914 3766 ὃιαγινὼσκεται]
963 3693 1075 3766 (76)
1127 3689 1334 3768 ῥᾴδιον,
1382 3691 1608 3768 ἀκριϐῶς
1654 3691 1756 3745 ἐκεῖ

156 3778 525 3858 διαληφθέντα.

280 3934 433 3986 lit-34>.
473 3925 597 3987 Μ’ς.
632 3930 758 4002 Περὶ
785 3933 879 3987 τῆς
917 3921 1262 4000 παραδόσεως
1304 3931 1610 4000 προφητεία.

214 4036 311 4090 Καὶ
410 4034 575 4106 ὄψιας
651 4038 928 4106 γενομένης
1008 4065 1074 4073 -
1166 4035 1432 4109 ἄνθρωπος
1531 4034 1745 4096 ἐκεῖνος,

153 4121 274 4176 Ἐκεῖ
299 4131 390 4177 καὶ
417 4132 593 4177 ταῦτα
626 4122 1081 4195 ἐσαφηνίσθησαν.

213 4216 309 4269 Καὶ
363 4213 648 4268 ἐσθιόντων
696 4246 755 4253 α-
812 4221 903 4265 τοῦ
958 4220 1118 4271 Θεοῦ,
1184 4219 1307 4289 Περὶ
1367 4216 1561 4267 τούτων
1607 4213 1751 4286 εἰρή-

150 4321 290 4374 καμεν
340 4304 389 4357 ἐν
441 4312 519 4375 τῷ
569 4302 835 4374 ἑξηκοστῷ
886 4305 1115 4377 τετάρτῳ
1166 4303 1425 4376 κεφαλαίῳ
1485 4311 1574 4356 τοῦ
1619 4305 1752 4355 κατά

151 4391 428 4449 Ματθαῐον.

209 4483 311 4536 Καὶ
398 4484 726 4555 ὑμνήσαντες
799 4513 869 4524 -
938 4484 1127 4545 πάντες
1190 4482 1378 4554 ἔλεγον.
1454 4487 1554 4536 Καὶ
1631 4487 1750 4559 περὶ

148 4573 321 4624 τούτων
352 4573 405 4625 ἐν
448 4571 592 4643 αὐτῷ
622 4571 929 4644 κατὰλόγον
956 4571 1177 4648 ἐρρήθη.

208 4663 305 4717 Καὶ
354 4665 609 4738 ἔρχονται
660 4692 729 4704 —
776 4661 931 4716 Ἀλλὰ
977 4668 1029 4715 τί
1081 4665 1184 4731 σύ;
1215 4662 1440 4736 Ὀμοίως
1497 4666 1585 4717 καὶ
1628 4666 1748 4737 περὶ

150 4768 327 4804 τουτων
341 4797 354 4810 ,

210 4940 307 4997 Καὶ
348 4945 567 5019 ἔρχεται
617 4974 682 4983 -
732 4944 935 5014 ἦγγικε.
993 4941 1094 4997 Καὶ
1136 4946 1255 5018 περὶ
1309 4945 1497 4996 τούτων
1548 4945 1748 4995 πάντων

153 5029 291 5085 ἐκεῖνο
315 5038 376 5086 τὸ
404 5033 681 5106 κεφάλαιον
713 5029 979 5095 ἐδίδαξεν.

212 5121 310 5175 Καὶ
366 5124 559 5184 εὐθέως
622 5153 693 5162 —-
752 5131 850 5174 τῶν
903 5121 1292 5195 πρεσϐυτέρων,
1361 5126 1579 5197 Εἴρηται
1633 5127 1749 5195 περὶ

150 5214 323 5263 τούτων
372 5212 423 5265 ἐν
472 5221 545 5265 τῶ
587 5213 850 5283 ἑξηκοστῷ
900 5217 1117 5286 πέμπτῳ
1164 5212 1425 5284 κεφαλαίῳ
1466 5220 1558 5265 τοῦ
1614 5216 1751 5265 κατά

151 5298 405 5354 Ματθαῐον
414 5344 428 5359 ,

208 5425 254 5461 ⁷⁸
283 5427 486 5486 Matth.
510 5443 669 5495 nvr,
712 5432 758 5494 1,
792 5432 857 5484 2.

1864 3122 1939 3177 de
1969 3122 2060 3178 his
2091 3123 2194 3178 tibi
2217 3122 2654 3195 quaere.Gavisi
2707 3128 2847 3178 sunt
2873 3129 3098 3189 autem,
3152 3140 3278 3181 non
3330 3123 3530 3180 solum

1862 3213 2007 3284 quia
2026 3214 2228 3284 ipsum
2255 3213 2381 3268 sine
2415 3211 2670 3269 tumultu
2695 3212 3187 3285 comprehensuri
3214 3219 3403 3279 erant,
3431 3229 3531 3284 op-

1862 3307 2111 3375 portune
2151 3318 2187 3358 a
2226 3301 2380 3358 Juda
2423 3301 2728 3366 traditum,
2789 3317 3000 3358 verum
3049 3303 3231 3360 etiam
3297 3302 3465 3375 quod
3494 3319 3531 3358 a

1863 3391 1983 3447 suis
2009 3390 2318 3469 discipulis
2350 3390 2490 3446 odio
2514 3391 2725 3446 haberi
2760 3391 3057 3463 inciperet.

2347 3500 2498 3556 CAP.
2531 3499 2686 3554 XLV.
2720 3499 2801 3554 De
2830 3499 3060 3555 Pascha.

1934 3589 2101 3645 Vers.
2138 3592 2222 3643 12.
2250 3588 2327 3644 Et
2360 3590 2541 3659 primo
2570 3619 2638 3628 —
2669 3587 2829 3644 Vers.
2873 3590 2956 3643 16.
3009 3596 3349 3659 paraverunt
3396 3588 3529 3643 Pas-

1864 3676 1993 3734 cha.
2034 3678 2080 3731 Α
2106 3678 2480 3747 sexagesimo
2525 3676 2696 3732 tertio
2749 3678 2941 3749 capite
2974 3677 3276 3749 Evangelii
3322 3693 3529 3733 secun-

1867 3766 2008 3822 dum
2042 3767 2386 3822 Matthaeum
2417 3766 2547 3822 haec
2599 3766 2765 3822 facile
2794 3767 3226 3838 intelliguntur,
3267 3783 3407 3843 cum
3449 3767 3528 3824 ibi

1870 3858 1987 3913 sint
2012 3862 2215 3913 exacte
2236 3857 2563 3928 disputata.
2972 3846 2975 3849 ἰ

2107 3963 2260 4020 CAP.
2287 3962 2471 4019 XLVI.
2522 3964 2607 4019 De
2631 3963 2971 4031 proditione
2992 3965 3330 4045 prophetia.
3368 4042 3369 4045 η

1934 4054 2097 4109 Vers.
2125 4055 2207 4109 l7.
2236 4053 2311 4108 Et
2335 4053 2499 4123 facta
2525 4068 2761 4122 vespera
2783 4085 2847 4093 -—
2873 4053 3038 4110 Vers.
3069 4058 3161 4111 2t:
3217 4055 3385 4111 homo
3407 4054 3523 4110 ille.

1862 4144 2085 4200 ibidem
2111 4143 2240 4198 haec
2274 4142 2455 4198 etiam
2475 4141 2801 4213 explanata
2826 4147 2985 4197 sunt.

1933 4234 2098 4289 Vers.
2169 4232 2255 4286 '22.
2325 4232 2397 4286 Et
2436 4230 2722 4286 edentibus
2788 4263 2855 4271 —
2914 4231 3200 4287 Vers.25.
3264 4231 3372 4287 Dei
3446 4234 3526 4288 De

1859 4323 1952 4379 his
1982 4322 2241 4378 diximus
2290 4320 2660 4392 sexagesimo
2710 4324 2921 4391 quarto
2972 4321 3144 4391 juxta
3182 4310 3525 4395 Mattheeum

1784 4414 1829 4468 D
1861 4413 2078 4485 capite.

1933 4501 2094 4557 Vers.
2152 4503 2241 4555 26.
2294 4500 2359 4554 Et
2396 4499 2550 4555 dicto
2614 4501 2829 4571 hymno
2883 4529 2951 4539 —
2986 4500 3140 4555 Vers.
3175 4500 3263 4555 3t.
3333 4514 3525 4557 omnes

1860 4590 2148 4647 dicebant.
2204 4588 2394 4645 Etiam
2425 4589 2495 4645 de
2529 4588 2623 4645 his
2654 4589 2717 4645 in
2748 4605 2818 4646 eo
2858 4587 3049 4663 capite
3105 4604 3212 4662 per
3249 4588 3524 4646 ordinem

1860 4680 2088 4736 dictum
2126 4683 2234 4734 est.

1928 4769 2091 4825 Vers.
2115 4770 2203 4824 32.
2248 4769 2323 4824 Et
2367 4768 2605 4825 veniunt
2673 4769 2929 4825 —Vers.
2980 4772 3067 4824 36.
3095 4769 3215 4827 Sed
3266 4769 3413 4842 quod
3442 4772 3523 4826 tu.

1858 4859 2141 4917 Similiter
2172 4862 2227 4914 et
2256 4858 2331 4913 de
2368 4858 2486 4913 his.

1928 4951 2091 5007 Vers.
2124 4953 2209 5006 37.
2247 4949 2321 5005 Et
2375 4950 2535 5005 venit
2581 4979 2648 4989 —-
2679 4949 2845 5004 Vers.
2909 4949 2998 5006 42.
3049 4948 3517 5025 appropinquat.

1858 5043 2145 5096 Praeterea
2185 5044 2242 5093 et
2270 5038 2343 5093 de
2366 5039 2459 5093 his
2487 5043 2664 5110 caput
2695 5038 2839 5093 illud
2869 5038 3092 5093 docuit.

1930 5130 2096 5185 Vers.
2133 5129 2220 5183 43.
2260 5128 2333 5182 Et
2354 5129 2551 5185 statim
2588 5160 2655 5169 —
2684 5127 3019 5183 senioribus.
3068 5126 3301 5182 Dictum
3333 5130 3419 5181 est
3449 5125 3523 5182 de

1858 5220 1953 5277 his
1984 5218 2355 5287 sexagesimo
2377 5218 2582 5290 quinto
2607 5217 2800 5288 capite
2860 5214 3162 5285 Evangelii
3193 5215 3522 5272 secundum

1861 5308 2218 5367 Matthaaum.

1354 5559 1577 5627 Variae
1608 5559 1939 5629 lectiones
1972 5569 2037 5626 et
2068 5569 2269 5627 notae.

215 5704 322 5781 (76)
348 5708 493 5774 Quae
521 5708 612 5765 his
642 5708 826 5780 signis
846 5707 912 5782 [']
948 5708 1182 5768 inclusa
1206 5714 1371 5779 sunt,
1403 5726 1475 5769 ea
1507 5727 1580 5770 ex
1604 5710 1758 5772 Cod.
1792 5713 1864 5772 Β.
1900 5710 2265 5770 exciderant.

429 5806 664 5865 PATROL.
706 5806 812 5865 GR.
856 5806 1101 5865 CXXIX.

3172 5806 3243 5862 27
