4074 6374
520 286 628 343 843
1856 288 2129 369 EUTllYlt:

2286 290 2567 347 IGABENI
3797 307 3894 363 844

596 409 758 467 Vers.
803 414 891 467 44.
926 411 1173 469 Dederat
1217 443 1286 453 --
1314 412 1454 468 Vers
1496 416 1584 468 47.
1618 412 1965 470 auriculam.
2016 414 2183 469 Simi-

2367 414 2591 469 Δεὸὼκει
2650 451 2715 459 —
2750 423 2808 471 τὸ
2860 420 3036 478 ὠτίον,
3093 422 3364 495 ᾩσαύτως
3402 431 3491 479 καὶ
3538 434 3655 502 περὶ
3704 433 3892 484 τούτων

521 498 654 555 liter
682 504 738 557 et
761 499 834 556 de
858 500 971 557 his.
1032 503 1176 572 Lege
1199 517 1340 573 ergo
1372 506 1545 558 totam
1573 503 2022 567 enarrationem,
2052 519 2130 576 qu

2295 503 2553 576 ἀνάγνωθι
2608 512 2700 565 την
2754 509 2873 567 ὅλην
2927 511 3092 563 αὐτῶν
3148 512 3419 585 ἐξήγησιν,
3478 516 3704 591 ἀκριϐῶς
3763 519 3890 573 ἐκτε-

521 587 605 644 ibi
643 595 919 646 accurate
950 591 1148 663 posita
1185 595 1294 648 est.

1071 591 1148 646 ita
1185 595 1294 648 est.
2296 595 2526 666 θειμένην
2561 595 2680 651 ἐκει.

593 677 759 736 Vers.
800 678 889 735 48.
948 680 1023 734 Ει
1053 680 1397 749 respondens
1448 712 1516 720 —
1543 682 1702 737 Vers.
1748 685 1833 736 52.
1863 681 1937 737 ab
1963 682 2062 737 eis.
2100 680 2181 738 Si-

2364 684 2468 737 Kal
2515 684 2812 759 ἀποκριθεὶς
2862 721 2929 729 -
2983 689 3071 742 ἀπ’
3134 692 3321 746 αὐτῶν.
3384 696 3487 749 Καὶ
3537 702 3653 772 περὶ
3699 702 3887 751 τούτων

520 766 729 824 militer
749 772 805 825 et
842 768 917 825 de
937 768 1033 824 his
1055 770 1279 826 ibidem
1302 775 1500 826 actum
1529 776 1639 826 est.

1529 776 1639 826 est,
2289 774 2479 845 ὁμοίως
2517 773 2565 825 ἐν
2597 777 2770 847 ἐκείνῳ
2803 774 3119 835 διείληπται.

590 857 748 912 Vers.
787 858 882 916 53.
932 858 1007 913 Et
1036 858 1491 915 abduxerunt—
1536 861 1698 915 Vers.
1732 862 1817 915 54.
1850 861 1931 916 ad
1955 860 2173 917 lumen.

2359 863 2463 916 Kal
2510 860 2782 935 ἀπήγαγον
2833 898 2899 905 -
2944 872 3068 943 πρὸς
3114 873 3170 921 τὸ
3217 880 3336 942 φῶς.
3391 876 3524 947 Πρὸς
3564 878 3620 925 τὸ
3667 885 3788 947 φῶς,
3832 881 3886 930 τὸ

517 944 606 1000 Ad
620 945 826 1002 lumen
856 947 1021 1019 quod
1034 948 1113 1004 ab
1135 947 1268 1018 igne
1284 949 1731 1021 producebatur
1760 966 1772 1015 ;
1790 950 1869 1005 ita
1885 955 1946 1004 ut
1967 949 2026 1004 in
2040 966 2126 1021 pri

2285 950 2341 1003 ἐκ
2380 961 2473 1014 τῆς
2515 961 2796 1027 πυρκαϊᾶς,
2848 958 2982 1008 ὥστε
3025 963 3299 1029 φαίνεσθαι
3327 969 3435 1024 τοῖς
3479 968 3888 1037 συγκαθημένοις

514 1034 721 1106 patulo
738 1042 893 1092 esset
919 1035 1032 1107 his,
1066 1039 1165 1109 qui
1198 1053 1320 1094 una
1347 1054 1489 1094 cum
1518 1054 1589 1094 eo
1623 1039 1933 1104 sedebant,
1969 1055 2039 1093 ac
2057 1055 2123 1094 on

2283 1044 2373 1092 καὶ
2412 1048 2543 1093 πᾶσι
2582 1051 2689 1104 τοῖς
2740 1043 2786 1095 ἐν
2820 1054 2881 1117 τῇ
2930 1046 3057 1105 αὐλῆ
3089 1065 3099 1076 ’
3150 1052 3427 1122 εἲρηται¹]
3470 1057 3558 1104 καὶ
3608 1060 3723 1129 περὶ
3770 1059 3888 1107 τούς-

514 1121 696 1178 nibus
708 1124 807 1196 qui
822 1124 880 1180 in
896 1125 1045 1181 atrio
1059 1131 1227 1182 erant
1245 1142 1257 1193 ;
1272 1127 1499 1183 dictum
1515 1136 1603 1183 est
1615 1131 1813 1183 autem
1831 1133 1885 1183 et
1898 1128 1971 1183 de
1985 1128 2076 1183 his
2089 1128 2172 1184 ibi
2282 1150 2381 1182 των
2408 1129 2526 1183 ἐκεῖ.

532 1236 533 1239 η
582 1212 747 1268 Vers.
785 1218 879 1272 55.
914 1215 1130 1272 Summi
1164 1231 1297 1272 vero
1322 1217 1668 1273 sacerdotes.
1704 1216 1866 1271 Vers.
1897 1218 1985 1271 59.
2018 1220 2141 1274 testi

2354 1222 2419 1270 Οἱ
2478 1217 2535 1272 δὲ
2590 1220 2856 1297 ἀρχιερεῖς
2908 1257 2975 1265 —
3026 1233 3294 1301 μαρτυρία
3350 1230 3538 1284 αὐτῶν.
3610 1234 3747 1286 Ἐκεῖ
3800 1241 3886 1287 καὶ

510 1303 761 1358 monium
786 1302 1046 1361 illorum.
1086 1304 1173 1361 Ibi
1203 1321 1446 1378 quoque
1494 1307 1623 1361 haec
1671 1306 1972 1362 declarata
2011 1323 2119 1361 sun

1346 1322 1446 1378 {ue
1494 1307 1623 1361 haec
1671 1306 1972 1362 declarata
2011 1311 2167 1362 sunt.
2280 1316 2442 1361 ταῦτα
2472 1306 2955 1383 διηρμηνεὺθησαν.

579 1390 745 1447 Vers.
803 1392 894 1448 60.
931 1393 1190 1466 Cumque
1214 1397 1565 1451 surrexisset
1596 1427 1663 1436 —
1693 1396 1863 1452 Vers.
1889 1397 1978 1450 62.
2013 1396 2166 1452 caeli.

2354 1400 2456 1452 Kal
2538 1398 2769 1462 ἀναστὰς
2841 1434 2907 1443 --
2994 1413 3086 1457 τοῦ
3168 1407 3409 1482 οὐρανοῦ.
3491 1408 3715 1482 Ὀμοίως
3799 1419 3884 1467 καὶ

509 1478 775 1537 Similiter
798 1487 856 1538 et
882 1482 1032 1540 haec.
1062 1484 1235 1550 Quod
1290 1490 1489 1541 autem
1520 1486 1756 1551 dicitur,
1824 1485 1970 1541 Cum
2002 1486 2118 1542 nuo

2280 1495 2470 1543 ταῦτα.
2505 1492 2573 1540 Τὸ
2616 1486 2674 1542 δὲ
2718 1494 2861 1543 Μετά
2892 1502 2990 1545 τῶν
3029 1495 3263 1569 νεφελῶν,
3318 1497 3431 1551 ἀντὶ
3475 1508 3587 1568 τοῦ,
3618 1500 3734 1554 Ἐπὶ
3784 1512 3882 1555 τῶν

508 1568 632 1637 bus,
666 1570 825 1627 idem
856 1576 945 1629 est
967 1588 1038 1629 ac
1068 1576 1118 1629 si
1142 1574 1331 1645 dicas,
1362 1576 1423 1631 In
1453 1576 1736 1632 nubibus.

903 1576 945 1629 st
967 1588 1038 1629 ac
1068 1576 1118 1629 si
1142 1574 1331 1645 dicas,
1362 1576 1423 1631 In
1453 1576 1736 1632 nubibus.
2279 1576 2512 1648 νεφελῶν.

577 1658 740 1714 Vers.
798 1661 887 1731 63,
937 1661 1203 1718 Summus
1248 1679 1383 1720 vero
1411 1666 1681 1722 sacerdos
1728 1697 1794 1707 —
1847 1666 2016 1722 Vers.
2076 1670 2162 1723 65.

2352 1665 2409 1716 Ὀ
2458 1664 2515 1719 δὲ
2579 1666 2854 1744 ἀρχιερεὺς
2909 1702 2977 1713 -—
3044 1674 3377 1748 ῥαπίσμασιν
3431 1677 3585 1730 αὐτὸν
3653 1678 3877 1737 ἔϐαλλον.

504 1746 712 1818 alapas
734 1749 833 1805 illi
860 1751 1278 1823 impingebant.
1309 1754 1583 1811 Similiter
1608 1759 1662 1810 et
1690 1755 1840 1811 haec.

1387 1754 1583 1811 uiliter
1608 1759 1662 1810 et
1690 1755 1840 1811 hac.
2197 1764 2239 1818 Β
2276 1756 2660 1829 Παραπλησίως
2687 1765 2775 1811 καὶ
2806 1769 2996 1818 ταῦτα.

823 1866 985 1922 CAP.
1022 1867 1238 1924 XLVII.
1269 1870 1355 1926 De
1374 1871 1670 1941 negatione
1694 1873 1813 1927 Peli
1835 1873 1872 1927 i.

2633 1872 2777 1920 ΚΕΦ.
2814 1866 2934 1921 ME'.
2970 1874 3088 1942 Περὶ
3120 1880 3211 1932 τῆς
3240 1870 3518 1946 ἀρνήσεως.

568 1969 736 2027 Vers.
785 1975 873 2029 66.
920 1974 993 2029 Et
1046 1990 1177 2031 cum
1227 1982 1460 2033 esset—
1490 1978 1651 2033 Vers.
1702 1980 1788 2034 68.
1846 1979 2023 2036 dicas.
2077 1982 2158 2037 De

2342 1968 2443 2022 Kal
2474 1972 2613 2032 ὄντος
2642 2001 2711 2015 —
2739 1972 2923 2044 λέγεις,
2968 1979 3186 2047 Εῖρηται
3234 1981 3280 2030 ἐν
3320 1987 3390 2050 τῷ
3440 1980 3703 2054 ἑξηκοστῷ
3749 1985 3880 2057 ἕκτῳ

496 2057 592 2115 his
622 2058 855 2118 dictum
880 2068 971 2119 est
991 2066 1365 2135 sexagesimo
1398 2074 1560 2122 sexto
1598 2067 1773 2138 juxta
1821 2070 2105 2127 Mattbaaui

1521 2084 1560 2122 .IO
1598 2067 1773 2138 juxta
1821 2070 2153 2127 Mauhmum
2268 2057 2529 2130 κεφαλαίῳ
2555 2067 2645 2113 τοῦ
2680 2064 2816 2114 κατὰ
2845 2065 3130 2120 Ματθαῖον.

498 2148 728 2221 capite.’

565 2239 731 2294 Vers.
763 2240 851 2295 68.
883 2242 1204 2315 Exivitque
1230 2275 1295 2286 —
1343 2245 1556 2302 cecinit.
1589 2249 1737 2318 Lege
1778 2250 2153 2319 sexagesimo

2338 2253 2443 2307 Kal
2500 2253 2702 2318 ἐξῆλθεν
2751 2289 2814 2300 -
2864 2258 3147 2331 ἐφώνησεν,
3208 2263 3494 2335 Ἀνάγνωθι
3538 2266 3587 2318 ἐν
3634 2276 3704 2339 τῷ
3761 2269 3873 2332 ἐξη-

491 2334 707 2399 quarto
739 2330 931 2401 capite
985 2333 1286 2404 Evangelii
1340 2335 1675 2391 secundum
1726 2340 2100 2394 Mattbaeumi

2262 2351 2433 2413 κοστῴ
2486 2348 2715 2419 τετάρτῳ
2779 2349 3037 2421 κεφαλαίῳ
3105 2360 3196 2403 τοῦ
3260 2358 3394 2405 κατά
3460 2358 3724 2409 Ματθαίον
3785 2363 3870 2416 τήν

489 2418 899 2475 narrationem
928 2420 1067 2476 dicti
1119 2422 1320 2479 illius:
1362 2425 1707 2498 Priusquam
1759 2430 1958 2498 gallus
2008 2445 2098 2487 cec

2263 2428 2512 2502 ἐξήγησιν
2600 2444 2714 2502 τοῦ,
2814 2444 2940 2513 Πρὶν
3045 2438 3294 2516 ἀλέκτορα
3398 2452 3656 2515 φωνῆσαι,
3757 2455 3871 2520 τρὶς

488 2506 670 2577 nerit,
701 2512 790 2564 ter
816 2524 909 2565 me
945 2511 1258 2584 abnegabis
1291 2515 1359 2565 ⁷³.

1043 2513 1258 2584 zegabis
1291 2515 1359 2565 ⁷³.
2261 2518 2461 2594 ἀπαρνή
2474 2542 2538 2591 ση
2572 2544 2652 2595 με.

555 2594 719 2650 Vers.
749 2599 835 2652 69.
885 2598 960 2652 Et
1012 2600 1256 2656 —Vers.
1310 2604 1398 2657 72.
1450 2606 1661 2660 cecinit
1717 2606 1795 2660 De
1851 2606 2047 2679 puella
2094 2616 2150 2666 et

2331 2612 2435 2665 Kal
2478 2611 2725 2683 ἐφώνησε.
2778 2621 2901 2688 Περὶ
2944 2626 3037 2680 τῆς
3082 2617 3374 2683 παιδίσκης
3417 2627 3502 2675 καὶ
3562 2632 3659 2675 τῶν
3711 2644 3863 2698 παρε-

483 2685 823 2741 astantibus
852 2694 1127 2746 accurate
1147 2691 1375 2748 dictum
1402 2698 1495 2748 est
1544 2697 1916 2765 sexagesimo
1940 2699 2092 2770 quini

2261 2704 2469 2751 στώτων
2528 2704 2726 2775 εἴρηται
2791 2704 3120 2779 λεπτομερὼς
3176 2708 3224 2759 ἐν
3283 2720 3354 2762 τώ
3409 2710 3674 2782 ἑξηκοστῷ
3736 2718 3867 2786 πέρι-

483 2773 672 2845 capite
698 2776 1011 2848 Evangelii
1046 2781 1379 2837 secundum
1415 2782 1754 2839 Matthaaum
1790 2791 1884 2851 ;et
1908 2786 1987 2841 ibi
2015 2787 2092 2858 leg

2258 2808 2365 2858 πτῳ
2424 2797 2683 2863 κεφαλαίῳ
2742 2802 2833 2845 τοῦ
2892 2798 3026 2846 κατά
3082 2800 3361 2861 Ματθαῖον,
3436 2807 3525 2853 καὶ
3604 2801 3867 2872 ἀνάγνωθι

482 2862 627 2918 dicti
653 2862 807 2921 illius
855 2865 1454 2940 interpretationem:
1506 2872 1582 2927 Et
1630 2875 1929 2943 ingressus
1984 2880 2091 2933 int:

2258 2882 2347 2935 τήν
2406 2877 2655 2950 ἐξήγησιν
2731 2885 2835 2934 ἐκεῖ
2888 2892 3002 2950 τοῦ,
3086 2892 3174 2938 καὶ
3250 2888 3486 2940 εἰσελθὼν
3565 2894 3667 2942 ἔσω
3747 2890 3867 2944 ἑκά-

481 2951 706 3009 sedebat
738 2968 874 3011 cum
904 2958 1215 3025 ministris,
1251 2967 1315 3015 ut
1343 2962 1557 3019 videret
1582 2964 1760 3031 ﬁnem
1812 2966 1879 3020 ⁷⁵.
1913 2968 1991 3021 De
2014 2967 2090 3022 rel

2260 2967 2378 3023 θητο
2438 2971 2568 3039 μετά
2625 2979 2723 3021 τῶν
2787 2973 3053 3047 ὑπηρετῶν
3124 2972 3253 3028 ἰδεῖν
3301 2981 3358 3029 τὸ
3411 2978 3568 3039 τέλος.
3634 2986 3759 3052 Περὶ
3813 2978 3869 3033 δὲ

478 3040 619 3113 quis
646 3048 847 3099 autem
868 3046 995 3117 pari
1024 3047 1208 3104 modo
1237 3048 1461 3106 dictum
1484 3057 1571 3108 est
1602 3054 1979 3123 sexagesimo
2012 3072 2087 3111 se:

2260 3064 2347 3107 τῶν
2394 3056 2556 3109 ἄλλων
2602 3058 2788 3130 ἐλέχθη
2823 3063 2974 3113 παλιν
3016 3062 3064 3114 ἐν
3114 3073 3184 3135 τῷ
3228 3065 3494 3139 ἑξηκοστῷ
3537 3069 3666 3140 ἕκτῳ
3712 3090 3869 3143 κεφα-

483 3134 542 3186 ιο
573 3130 730 3188 illius
753 3134 1056 3205 Evangelii
1087 3137 1303 3209 capite.

2182 3130 2221 3146 ν
2249 3144 2375 3215 λαίῳ
2408 3155 2499 3198 τοῦ
2531 3151 2763 3200 τοιούτου
2798 3151 3141 3223 Εὐαγγελίου.

550 3220 709 3278 Vers.
739 3223 827 3278 72.
859 3224 940 3281 Et
962 3228 1311 3284 recordatus
1338 3260 1405 3270 —
1426 3230 1607 3299 ﬂevit.
1636 3231 1862 3289 Ibidem
1894 3249 2135 3308 quoque

2322 3235 2425 3289 Kal
2480 3234 2776 3307 ἀνεμνήσθη
2842 3272 2894 3280 -
2948 3241 3170 3299 ἔκλαιεν.
3223 3244 3313 3297 Ἐν
3372 3244 3545 3318 ἐκείνῳ
3601 3252 3688 3299 καὶ
3744 3254 3864 3325 περὶ

475 3308 548 3364 de
574 3309 665 3366 his
689 3311 917 3369 dictum
956 3319 1065 3370 est.
1098 3318 1225 3372 Non
1255 3317 1453 3374 solum
1492 3325 1695 3375 autem
1756 3321 1870 3377 hoc
1909 3323 2084 3378 dictu:

3517 3308 3526 3318 .
3812 3308 3820 3325 .

2254 3326 2437 3375 τούτων
2489 3324 2705 3400 ἐρρήθη.
2770 3328 2844 3380 Οὐ
2910 3334 3063 3402 μόνον
3127 3328 3185 3384 δὲ
3238 3337 3423 3386 τούτου
3482 3345 3573 3388 τοῦ
3624 3338 3863 3411 ῥήματος

474 3400 720 3457 verbum
768 3418 893 3474 prae
944 3404 1153 3461 timore
1215 3408 1289 3462 ab
1354 3409 1752 3466 imbecillitate
1810 3413 2083 3470 excidere

2251 3410 2346 3463 ἀπὸ
2379 3418 2490 3482 (77)
2524 3423 2614 3467 τοῦ
2655 3416 2814 3487 φόϐου
2842 3424 2931 3469 καὶ
2962 3427 3055 3480 τῆς
3099 3419 3365 3485 ἀσθενείας
3396 3422 3683 3490 ἐπελάθετο,
3731 3426 3860 3481 ἀλλά

474 3504 681 3546 verum
703 3492 871 3548 etiam
903 3492 1049 3549 illud
1070 3496 1234 3567 quod
1267 3496 1499 3553 dixerat
1541 3515 1554 3553 :
1586 3499 1926 3573 Quicunque
1959 3504 2083 3559 abn.

2248 3506 2332 3552 καὶ
2408 3511 2535 3557 τοῦ.
2621 3504 2807 3568 Ὀστις
2878 3504 2991 3559 δ’ἀν
3066 3508 3362 3585 ἀρνήσηται
3429 3533 3491 3585 με
3566 3518 3857 3589 ἔμπροσθεν

469 3580 693 3649 gaverit
720 3596 814 3637 me
834 3596 1037 3640 coram
1054 3583 1403 3651 hominibus,
1427 3591 1481 3643 et
1500 3603 1603 3659 ego
1623 3590 1913 3662 abnegabo
1930 3595 2077 3649 eum7

2246 3599 2341 3641 τῶν
2394 3590 2695 3667 ἀνθρώπων,
2768 3594 3063 3671 ἀρνήσομαι
3123 3600 3277 3652 αὐτὸν
3344 3601 3485 3675 κάγὼ
3565 3608 3855 3679 ἔμπροσθεν

471 3670 582 3723 etc,
2242 3688 2333 3731 τοῦ
2365 3687 2569 3755 Πατρός
2588 3703 2689 3754 μου
2712 3692 2801 3736 τοῦ
2824 3684 2871 3736 ἐν
2912 3687 3170 3760 οὐρανοῖς,

542 3782 693 3839 CAP.
722 3785 829 3841 XV-
859 3788 1015 3844 Vers.
1049 3790 1101 3845 1.
1133 3790 1215 3846 Et
1259 3792 1458 3850 statim
1480 3825 1550 3836 —
1578 3795 1793 3855 Pilato.
1845 3800 2128 3859 Praeterea

1887 3804 2128 3859 rmterea
2310 3789 2415 3842 Kal
2444 3788 2627 3852 εὐθέως
2673 3822 2717 3831 -
2753 3792 2975 3864 [Ιιλοέτῳ.
2999 3795 3107 3848 Καὶ
3138 3802 3253 3872 περὶ
3284 3802 3496 3855 τούτων.

469 3893 525 3947 et
549 3889 618 3946 de
640 3891 759 3949 his.

542 3980 708 4039 Vers.
770 3984 824 4038 2.
891 3985 970 4041 Et
1016 3985 1398 4061 interrogavit
1449 3993 1708 4049 —Vers.
1754 3999 1802 4051 5.
1881 3999 2124 4056 Pilatus.

2314 3993 2417 4048 Kal
2464 3994 2797 4070 ἐπηρώτησεν
2851 4031 2915 4040 —-
2960 4000 3206 4059 Πιλᾶτον,
3265 4010 3506 4063 Ζήτησον
3564 4012 3623 4059 τὸ
3675 4010 3850 4072 ἐξηκο-

469 4070 678 4135 Quaare
735 4074 1181 4145 sexagesimum
1240 4081 1561 4151 septimum
1600 4090 1781 4155 caput
1822 4089 2077 4158 Evangel

2245 4087 2363 4135 στὸν
2413 4082 2633 4157 ἕϐδομον
2689 4087 2963 4159 κεφάλαιον
3008 4098 3099 4142 τοῦ
3146 4096 3280 4143 κατά
3332 4096 3617 4151 Ματθαῑον.
3679 4099 3854 4154 Ἐκεῖ-

469 4160 804 4218 secundum
826 4164 1178 4223 Matthmum.
1227 4168 1367 4225 Inde
1406 4171 1568 4227 enim
1598 4171 1768 4230 facile
1797 4181 1883 4231 est
1904 4182 1959 4233 et
1999 4178 2078 4233 ha

1698 4174 1768 4230 ile
1797 4181 1883 4231 est
1904 4182 1959 4233 et
1999 4178 2126 4235 hinc
2241 4175 2320 4226 θεν
2347 4177 2443 4247 γὰρ
2476 4180 2565 4227 καὶ
2595 4184 2759 4228 ταῦτα
2786 4174 3073 4249 διαγνῶναι
3095 4178 3307 4254 ῥᾴδιον.

473 4247 799 4320 intelligere
812 4297 825 4309 .

535 4338 696 4394 Vers.
726 4339 779 4396 6.
809 4342 880 4397 In
906 4343 1060 4413 festo
1112 4352 1305 4403 autem
1332 4378 1403 4389 ——
1468 4349 1632 4406 Vers.
1693 4354 1781 4409 14.
1837 4354 2125 4428 Cruciﬁge

536 4443 590 4456 ,η
645 4430 846 4456 ηιμ--
876 4435 1070 4456 μη.-
1796 4444 1805 4454 ι
1894 4452 1902 4456 -
2050 4449 2063 4456 -

2309 4370 2457 4424 Κατὰ
2490 4368 2547 4424 δὲ
2591 4371 2765 4447 ἑορτὴν
2806 4405 2874 4415 -
2920 4379 3226 4451 σταύρωσον
3278 4379 3453 4435 αὑτὸν.
3504 4389 3679 4434 Ταῦτα
3727 4384 3844 4456 (78)

464 4441 613 4484 eum.
645 4431 710 4485 Et
732 4430 847 4487 hac
873 4435 1079 4492 omnia
1114 4435 1275 4494 dicto
1316 4439 1509 4511 capite
1556 4444 1973 4503 convenienter
2028 4449 2073 4504 di

464 4516 681 4547 nia-mh.
714 4525 852 4547 ...ς-ιι

2642 4430 2651 4447 ι
2724 4430 2733 4432 ‘
3056 4430 3064 4451 ι
3324 4430 3453 4435 ""'
3513 4430 3679 4434 ’“’“⁷””
3730 4430 3844 4456 \"'l

2238 4462 2404 4511 πάντα
2449 4459 2496 4511 ἐν
2544 4460 2717 4534 ἐκείνῳ
2768 4472 2838 4534 τῷ
2887 4465 3142 4538 κεφαλαίῳ
3190 4472 3326 4521 κατὰ
3377 4474 3434 4521 τὸ
3476 4471 3607 4531 εἰκὸς
3674 4474 3847 4547 ἡρμη-

463 4516 689 4605 clarata
714 4525 873 4577 sunt.

2231 4550 2503 4605 νιύθησαν.

535 4604 700 4663 Vers.
736 4610 821 4664 l5.
844 4610 1077 4669 Pilatus
1103 4622 1290 4673 autem
1315 4648 1386 4660 —
1412 4619 1574 4677 Vers.
1620 4624 1699 4678 19.
1751 4640 1901 4682 eum.
1936 4627 2120 4684 Mani-

535 4694 663 4723 .H..-
686 4698 921 4723 ---ε-.-ει
957 4700 1023 4723 ,1-
1052 4701 1135 4723 ιε-
1172 4705 1324 4723 ιι-ι.ι
1652 4712 1689 4723 ς.
1737 4718 1745 4723 .
1934 4718 1944 4723 -
2059 4718 2070 4723 -

2301 4637 2359 4690 Ὀ
2408 4635 2468 4691 δε
2526 4639 2743 4699 Πιλάτος
2793 4672 2860 4683 -
2913 4643 3074 4715 αὐτῷ.
3130 4652 3442 4723 Σαφέστερον
3488 4655 3512 4701 ό
3572 4653 3844 4715 Ματθαῖος

462 4691 665 4750 festius
685 4698 925 4770 scripsit
952 4700 1027 4757 de
1051 4701 1143 4758 his
1170 4705 1476 4763 Mattbaeus
1504 4712 1792 4782 praedicto
1820 4718 2026 4787 capite,
2057 4718 2071 4772 i

462 4798 584 4813 ιιι-ιη
617 4784 793 4813 κοξκ-ν.
827 4788 894 4813 Δ..
932 4792 1200 4813 -.μ-ειη--
1256 4796 1291 4813 1-
1339 4802 1349 4813 .
1564 4805 1573 4813 .
1661 4802 1690 4813 η
1742 4804 1757 4813 .
1808 4811 1815 4813 _

2550 4691 2565 4692 γ
3130 4691 3437 4723 -πτ--.-¹.--
3489 4691 3511 4701 ν
3572 4691 3812 4706 ..ι-...νην

2228 4734 2346 4802 περὶ
2402 4731 2595 4781 τούτων
2654 4732 2927 4805 ἱστόρησεν
2980 4734 3029 4785 ἐν
3082 4744 3151 4806 τῷ
3211 4733 3495 4793 δηλωθέντι
3553 4741 3815 4813 κεφαλαίῳ

461 4798 586 4855 quo
614 4784 797 4843 etiam
824 4788 898 4844 de
927 4792 1210 4849 omnibus
1236 4796 1461 4853 dictum
1490 4805 1598 4855 est.
1654 4784 1921 4861 Salutare
1976 4824 2070 4863 ver

461 4872 892 4900 ain-.32--LL__
928 4882 981 4900 :m
1022 4881 1068 4900 ι-
1210 4884 1247 4900 n
1438 4888 1472 4900 ι.

2292 4784 2300 4802 ι
2769 4786 2777 4805 ι
2823 4784 2831 4790 '
2888 4784 2891 4785 ⁷
2988 4784 2993 4785 ⁷
3092 4784 3145 4806 '1'
3216 4784 3495 4793 """'""'
3553 4784 3838 4826 "'T""""7',

2229 4816 2279 4869 ἐν
2410 4823 2499 4870 καὶ
2547 4825 2663 4893 περὶ
2716 4825 2919 4873 πάντων
2965 4822 3178 4898 ἐρρήθη.
3234 4830 3302 4878 Τὸ
3359 4824 3417 4879 δὲ
3475 4826 3838 4900 ἀσπάζεσθαι,

461 4872 759 4944 signiﬁcat
783 4878 896 4935 hoc
928 4882 989 4936 in
1021 4881 1170 4951 loco,
1207 4884 1600 4960 Compellare.
2002 4970 2005 4974 Α

2334 4873 2342 4888 ι
2610 4872 2617 4893 ι
2720 4872 2727 4873 ί
2782 4872 2905 4873 ⁷
2969 4872 3151 4898 Ti”""

1542 4907 1600 4947 'e.
2002 4970 2005 4974 ⁴
2227 4913 2314 4958 νῦν
2358 4911 2416 4959 τὸ
2448 4913 2852 4985 προσαγορεύειν
2889 4918 3151 4984 σημαίνει.

533 4965 689 5023 Vers.
724 4966 812 5024 20.
850 4970 1097 5043 Cumque
1145 5006 1214 5016 —-
1245 4976 1413 5033 Vers.
1475 4980 1562 5035 23.
1619 4984 1861 5055 accepit.
1912 4970 2115 5044 De‘his

2485 4965 2494 4982 ι
2630 4965 2643 4981 σ
2688 4965 2697 4985 Α
2942 4965 2969 4984 ἰ
3098 4965 3103 4966 ⁷
3142 4965 3152 4969 ⁷

2299 4997 2403 5052 Καὶ
2459 5001 2541 5051 ὅτε
2582 5032 2651 5039 -
2709 5000 2872 5054 ἔλαϐε.
2930 5008 3027 5055 Καὶ
3074 5009 3187 5079 περὶ
3241 5008 3431 5058 τούτων
3490 5009 3682 5080 ὁμοίως
3734 5009 3842 5064 ἐκεῖ

457 5068 698 5128 quoque
719 5057 944 5116 ibidem
974 5062 1341 5122 declaratum
1391 5075 1505 5127 est.
1538 5072 1770 5131 Patrem
1796 5093 1934 5133 vero
1965 5078 2063 5135 dix

471 5142 767 5171 AI---_.I_:
806 5153 856 5171 ,ι
896 5151 1017 5171 τιμε
1079 5158 1136 5171 --ι
1202 5161 1269 5171 γ..
1393 5158 1403 5168 .
1496 5160 1532 5171 η
1719 5165 1729 5171 .
1812 5166 1827 5171 -

3136 5057 3145 5079 i
3280 5057 3286 5058 ί
3344 5057 3377 5058 ⁷⁷
3499 5057 3682 5080 -Γνπντ
3735 5057 3838 5064 ""‘

2229 5092 2629 5159 σεσαφήνισται.
2680 5095 2778 5143 Τὸν
2808 5096 3008 5165 πατέρα
3052 5089 3111 5146 δε
3160 5092 3294 5147 εἶπεν
3346 5094 3692 5171 Ἀλεξάνδρου
3746 5105 3838 5153 καὶ

458 5142 769 5203 Alexandri
800 5153 857 5206 et
896 5151 1044 5221 Ruﬁ,
1078 5158 1279 5227 utpote
1301 5158 1403 5230 qui
1436 5160 1634 5218 adhuc
1675 5165 1979 5236 vivebant,
2001 5186 2067 5227 nc

2369 5142 2381 5159 ι
2416 5142 2425 5146 -
2619 5142 2625 5143 ί
2692 5142 2707 5143 ί
2813 5142 3007 5165 ·⁷⁷“Γ⁷’
3058 5142 3107 5146 --
3162 5142 3287 5147 --ννν
3363 5142 3689 5171 η’·--δνν-Τνν
3747 5142 3839 5153 ην·-

2233 5177 2465 5250 Ῥούφου,
2506 5181 2574 5240 ὡς
2626 5181 2701 5232 ἔτι
2751 5180 2954 5241 ζώντων
3009 5188 3098 5235 καὶ
3144 5182 3491 5258 ἐγνωσμένων.
3542 5195 3662 5250 Τοῖς
3708 5187 3842 5243 ἀπο-

526 5278 576 5314 “
603 5280 802 5339 Matth.
832 5300 983 5351 xxv1,
1019 5289 1109 5343 34.
1226 5291 1273 5325 ⁷⁵
1302 5291 1427 5349 ibid
1449 5296 1544 5354 58.
1664 5301 1711 5335 τε
1739 5303 1950 5363 Matth.
1990 5323 2053 5372 χ,
2084 5309 2181 5367 33.

1680 5479 1899 5551 Variae
1925 5482 2255 5558 lectiones
2286 5495 2353 5557 et
2393 5501 2597 5560 notae.

527 5656 639 5728 (77)
671 5662 778 5711 Υπὸ
809 5680 925 5721 του.
963 5672 1021 5719 Β.
2292 5688 2405 5760 (ῖδ)
2436 5691 2540 5744 Kal
2569 5709 2757 5746 ταντα.
2792 5699 2852 5749 Β.
