4074 6374
174 386 269 444 845
1213 379 1570 440 COMMENT.
1613 380 1682 438 ΙΝ
1722 375 2047 438 MARCUM.
2089 412 2158 420 —
2189 382 2345 438 CAP.
2376 382 2524 440 XVI.

3429 388 3535 445 846

183 511 373 572 στόλοις
397 512 496 582 γὰρ
549 508 908 569 ἀκολουθῆσαι
955 515 1046 564 καὶ
1074 514 1294 574 τούτους
1343 511 1575 584 λέγουσι,
1608 529 1758 564 πεπι-

1893 509 2040 582 ique
2077 513 2266 580 erant,
2309 510 2457 566 dum
2485 510 2615 567 haec
2644 509 2949 570 scriberet.
2988 511 3170 568 Aiunt
3209 512 3389 580 enim,
3420 513 3536 570 hos

182 605 446 660 στευκότας
475 599 547 662 εἰς
579 602 661 651 τὸν
698 603 944 674 Χριστόν.

243 801 338 850 Καὶ
385 801 779 869 σταυρώσαντες
839 795 990 849 αὐτὸν
1042 828 1108 837 -
1160 798 1285 872 ἄρῃ.
1341 797 1456 851 Ἐτι
1495 801 1585 850 καὶ
1648 802 1764 872 περὶ

176 888 373 939 τούτων.

238 976 328 1027 Ἦν
380 971 438 1026 δὲ
489 1005 544 1014 -
592 974 768 1029 αὐτόν.
824 979 924 1028 Καὶ
983 979 1087 1048 μὴν
1144 974 1192 1028 ἐν
1246 978 1364 1049 ἕκτῃ
1423 978 1532 1049 ὥρα
1579 974 1766 1028 ἐσταυ-

174 1065 323 1137 ρώθη,
383 1064 553 1124 καθὼς
609 1065 635 1115 ὁ
690 1063 930 1126 Ἰωάννης
991 1069 1141 1137 φησί.
1211 1070 1274 1118 Τί
1339 1066 1425 1118 οὖν
1500 1069 1642 1118 ἔστιν
1698 1065 1765 1118 εἰ-

176 1161 272 1206 πεῖν
302 1171 314 1216 ;
348 1155 427 1204 ὅτι
457 1157 533 1218 τὸ,
566 1153 662 1205 Ἦν
695 1150 754 1205 δὲ
785 1156 894 1226 ὥρα
916 1154 1028 1225 (79)
1057 1160 1228 1227 τρίτη,
1258 1155 1362 1226 οὐχ
1403 1155 1602 1208 ἕλκεται
1636 1158 1766 1228 πρὸς

173 1249 245 1311 τὸ,
291 1248 378 1294 καὶ
431 1241 770 1316 ἐσταύρωσαν
832 1243 1008 1303 αὐτὸν,
1061 1243 1186 1296 ἀλλα
1259 1248 1388 1318 πρὸς
1444 1249 1534 1304 τὴν
1589 1243 1764 1317 ἀρχὴν

174 1340 260 1384 τὼν
291 1334 468 1384 παθῶν
513 1339 606 1384 ἰοῦ
653 1339 887 1407 Σωτῆρος
927 1331 1250 1406 ἀναφέρεται.
1302 1332 1397 1386 Ἢν
1448 1331 1526 1401 δὲ,
1583 1340 1759 1406 φησὶν,

174 1423 270 1496 ὡρα
313 1426 488 1496 τρίτη,
545 1423 628 1473 ὅτε
682 1417 924 1478 δηλονότι
981 1423 1173 1495 ἤρξατο
1231 1427 1460 1494 πάσχειν
1517 1426 1616 1476 ὑπὸ
1663 1433 1762 1476 τῶν

175 1519 486 1584 στρατιωτῶν
528 1518 619 1562 τοῦ
670 1511 915 1563 Πιλάτου.
960 1509 1087 1563 Εἶτα
1138 1515 1194 1563 τὸ
1244 1512 1363 1574 ἑξῆς
1411 1511 1762 1585 ἀναγνωστέον

173 1600 274 1652 καθ’
344 1599 524 1666 ἑαυτὸ,
587 1605 685 1652 Καὶ
767 1599 1103 1675 ἐσταύρωσαν
1156 1601 1328 1664 αὐτὸν,
1384 1602 1430 1653 ἐν
1489 1604 1608 1676 ἕκτη
1667 1600 1760 1662 δη-

172 1685 291 1747 λαδὴ
349 1691 482 1761 ὥρᾳ.
545 1687 706 1741 ’.Ωστε
759 1691 788 1747 ἡ
849 1693 938 1762 μὲν
1008 1698 1102 1752 τῆς
1165 1696 1342 1764 τρίτης
1395 1694 1526 1766 ὧρας
1581 1697 1758 1765 μνήμη

172 1779 297 1849 παρὰ
323 1785 395 1848 τῷ
453 1779 651 1850 Μάρκῳ
700 1783 793 1836 τὴν
849 1778 1023 1852 ἀρχὴν
1080 1779 1312 1851 ἐμφαίνει
1369 1790 1468 1832 τῶν
1513 1789 1760 1834 Δεσποτι-

1877 603 2112 655 secutos
2172 614 2300 656 esse
2345 601 2671 673 apostolos,
2733 616 2871 658 cum
2910 602 2970 658 in
3024 601 3322 659 Christum
3344 603 3537 660 credi-

1874 689 2126 746 dissent.

1945 781 2114 836 Vers.
2153 782 2248 838 24,
2277 783 2355 837 Ει
2378 787 2677 854 postquam
2695 781 3116 852 cruriﬁxerunt
3146 796 3346 839 eum—
3373 783 3536 840 tolle-

1873 879 1962 930 ret
1978 917 1990 928 .
2024 872 2304 927 Praeterea
2324 878 2379 926 et
2403 871 2478 926 de
2502 871 2624 927 his.
3213 879 3218 884 ‘

1945 963 2117 1019 Vers.
2157 964 2248 1018 25.
2289 962 2440 1017 Erat
2463 967 2654 1017 autem
2691 993 2758 1001 —
2783 976 2938 1018 eum.
2980 961 3157 1034 Atqui
3185 961 3338 1018 hora
3366 965 3536 1019 sexta

1875 1051 2193 1109 cruciﬁxus
2206 1057 2311 1117 est,
2329 1050 2482 1106 sicut
2496 1049 2907 1107 dicitJoannes
2920 1053 2964 1087 ⁷⁷
2981 1096 2994 1108 .
3019 1050 3172 1116 Quid
3186 1067 3327 1122 ergo
3341 1051 3536 1107 dicen-

1875 1145 2021 1200 dum
2049 1141 2458 1208 est?Quodid,
2490 1140 2656 1214 quod
2678 1141 2928 1197 dicitur:
2961 1142 3123 1198 Erat
3155 1148 3347 1198 autem
3391 1140 3536 1197 hora

1875 1234 2075 1296 tertia.
2104 1248 2225 1288 non
2249 1231 2499 1288 trahitur
2523 1229 2602 1286 ad
2619 1229 2680 1285 id
2706 1231 2870 1302 quod
2892 1229 3163 1287 additur:
3191 1231 3271 1286 Et
3300 1230 3533 1298 cruciﬁ-

1871 1329 2091 1381 xerunt
2147 1338 2301 1386 eum,
2342 1320 2447 1376 sed
2494 1318 2744 1376 refertur
2795 1320 2873 1375 ad
2905 1319 3267 1392 principium
3299 1335 3531 1375 eorum.

1872 1429 2003 1486 quin
2021 1428 2238 1485 passus
2257 1416 2345 1467 est
2369 1409 2658 1468 Salvator.
2682 1409 2832 1465 Erat
2859 1415 3076 1478 autem,
3103 1409 3308 1480 inquit,
3338 1411 3530 1474 tertia,

1871 1502 2120 1575 quando
2176 1499 2448 1557 videlicet
2489 1498 2614 1572 pati
2664 1497 2843 1570 ccepit
2896 1515 2933 1554 a
2987 1497 3273 1554 militibus
3347 1496 3530 1553 Pilati.

1875 1590 2096 1647 Deinde
2143 1590 2309 1663 quod
2350 1591 2638 1662 sequitur,
2683 1603 2788 1659 per
2813 1603 2874 1643 se
2905 1586 3230 1658 legendum
3262 1589 3349 1641 est
3380 1605 3393 1645 :
3453 1585 3532 1641 Et

1869 1680 2292 1748 cruciﬁxerunt
2312 1695 2465 1745 eum,
2485 1683 2652 1733 sexta
2667 1676 2939 1732 videlicet
2959 1675 3134 1732 hora.
3163 1674 3374 1732 Mentio
3391 1689 3534 1745 ergo

1873 1769 2052 1824 tertiae
2079 1769 2262 1834 horae,
2290 1784 2426 1840 quae
2445 1770 2560 1823 ﬁta
2585 1766 2790 1822 Marco
2817 1765 3180 1838 principium
3201 1763 3536 1820 manifestat

171 1875 260 1916 κῶν
283 1869 630 1938 παθημάτων,
688 1869 716 1925 ἡ
781 1864 839 1920 δὲ
869 1877 960 1928 τῆς
1006 1869 1159 1932 ἕκτης
1215 1873 1358 1945 παρα
1401 1881 1472 1942 τῷ
1524 1873 1756 1944 Ἰωάννη,

1893 1874 2079 1914 eorum
2133 1873 2263 1930 quae
2301 1873 2520 1932 passus
2547 1861 2634 1912 est
2665 1855 2955 1911 Dominus
2990 1870 3003 1908 :
3056 1857 3235 1910 sextae
3301 1867 3464 1916 vero,
3497 1867 3534 1910 a

171 1959 220 2006 τὸ
246 1958 372 2018 τέλος
402 1955 596 2021 αὐτῶν,
630 1959 751 2029 ὅπερ
784 1955 923 2010 ἐστὶν
948 1959 979 2016 ὴ
1013 1962 1330 2034 σταύρωσις.

235 2049 325 2097 Καὶ
364 2041 426 2102 ἦν
483 2076 553 2088 ——
601 2042 870 2107 ὠνείδιζον
928 2047 1103 2102 αὐτόν.
1158 2054 1258 2101 Καὶ
1306 2054 1422 2125 περὶ
1469 2054 1662 2104 τούτων
1711 2050 1760 2104 ἐν

173 2139 234 2203 τῷ
253 2130 694 2207 προδιαληφθέντι
719 2135 973 2208 κεφαλαίῳ
1011 2136 1260 2192 λέλεκται.

240 2227 520 2296 Λεγομένης
551 2220 609 2276 δὲ
638 2255 708 2265 -
767 2232 919 2280 Θεοῦ.
955 2224 1220 2289 Ὡσαύτως
1264 2232 1354 2281 καὶ
1405 2233 1522 2304 περὶ
1569 2233 1760 2284 τούτων

180 2312 348 2365 πάντων
377 2311 494 2364 ἐκεῖ
522 2309 918 2389 διηρμήνευται.

232 2400 385 2456 Ἦσαν
456 2401 514 2457 δε
571 2435 632 2444 --
678 2403 1033 2478 Ἱεροσόλυμα.
1095 2410 1196 2459 Καὶ
1251 2412 1370 2483 περὶ
1409 2411 1602 2462 τούτων
1660 2408 1762 2464 ἐκεῖ

173 2489 401 2550 ζήτησον.

171 2630 294 2680 ΚΕΦ.
366 2626 514 2682 MH’.
573 2633 701 2703 Περὶ
768 2636 864 2690 τῆς
923 2629 1176 2693 αἰτήσεως
1242 2639 1331 2685 τοῦ
1382 2638 1624 2706 σώματος
1669 2642 1762 2688 τοῦ

846 2723 1058 2783 Καρίου.

231 2827 322 2875 Καὶ
379 2820 493 2882 ἤδη
556 2823 710 2895 ὀψίας
755 2831 1031 2899 γενομένης
1090 2860 1156 2869 -
1203 2837 1294 2882 τοῦ
1349 2839 1502 2884 Θεοῦ.
1553 2832 1635 2886 Ἐν
1687 2841 1760 2904 τῷ

170 2910 281 2964 τελιι
316 2921 407 2965 τοῦ
455 2917 698 2966 τοιούτου
751 2916 1029 2988 κεφαλαίου
1086 2923 1177 2970 καὶ
1228 2925 1346 2994 περὶ
1397 2924 1582 2974 τούτου
1644 2919 1761 2982 διη-

167 2999 417 3072 κρίϐωται.
480 3003 859 3076 Προσάϐϐατον
903 3005 1018 3078 (80)
1078 3003 1138 3061 δε
1189 3009 1220 3067 ἡ
1273 3016 1577 3083 παρασκευὴ
1623 3011 1761 3085 λέγε-

166 3108 258 3150 ται,
284 3092 352 3153 ὡς
374 3096 480 3165 πρὸ
514 3100 607 3144 τοῦ
630 3092 896 3147 Σαϐϐάτου
924 3101 1210 3169 τεταγμένη
1243 3099 1414 3162 εὐθύς.

228 3179 322 3234 Καὶ
401 3181 678 3254 τολμήσας
733 3214 798 3224 -
863 3189 1138 3257 μνημείου.
1214 3188 1295 3243 Ἐν
1361 3197 1434 3260 τῷ
1496 3189 1760 3264 ἑξηκοστῷ

166 3263 316 3339 ὀγδόῳ
368 3269 634 3342 κεφαλαίῳ
696 3279 786 3324 τοῦ
856 3276 993 3326 κατὰ
1053 3276 1320 3330 Ματθαῖον
1377 3286 1544 3331 ταῦτα
1590 3263 1761 3334 πάντα

163 3359 283 3410 κατὰ
306 3361 363 3411 τὸ
383 3368 658 3432 προσῆκον
681 3362 1108 3436 ἡρμηνεύθησαν.

218 3552 270 3606 Ἡ
297 3551 355 3608 δὲ
393 3560 582 3630 Μαρία
621 3589 692 3599 -
720 3553 975 3630 ἀλείψωσι
1014 3564 1101 3613 τὸν
1143 3561 1373 3622 Ἰησοῦν.
1417 3565 1642 3638 Ὀμοίως
1669 3574 1759 3622 καὶ

162 3650 327 3699 ταῦτα.

219 3733 317 3788 Καὶ
349 3733 467 3787 λίαν
501 3765 569 3775 -
603 3731 829 3810 σφόδρα.
863 3738 1132 3803 Ὡσαύτως
1161 3746 1251 3795 καὶ
1283 3751 1471 3804 ταῦτα.

220 3929 317 3984 Καὶ
362 3931 702 3986 εἰσελθοῦσαι
753 3966 820 3976 -
886 3936 1026 4009 ὑμῖν.
1087 3939 1188 3994 Καὶ
1238 3945 1357 4014 περὶ
1410 3946 1603 3996 τουτων
1657 3943 1757 3998 ἐκεῖ

163 4013 567 4094 διασεσοίφηται.

218 4110 314 4164 Καὶ
344 4111 656 4174 ἐξελθοῦσαι
702 4143 766 4155 -
814 4112 1088 4187 ἐφοϐοῦντο
1139 4123 1260 4194 γαρ.
1322 4119 1439 4174 Ἔτι
1490 4127 1581 4176 καὶ
1639 4129 1756 4199 περὶ

162 4216 334 4251 τουτων
343 4240 355 4254 .

219 4294 347 4342 Φασὶ
402 4289 522 4364 (81)
583 4287 642 4344 δέ
694 4311 824 4356 τινες
873 4302 972 4346 τῶν
1029 4297 1142 4369 (82)
1197 4297 1462 4372 ἐξηγητῶν
1511 4304 1751 4371 ἐνταῦθα,

162 4379 596 4452 συμπληροῦσθαι
640 4385 696 4433 τὸ
744 4385 880 4436 κατὰ
931 4389 1142 4460 Μάρκον
1182 4388 1516 4463 Εὐαγγέλίον·
1580 4397 1647 4446 τὰ
1697 4392 1755 4449 δὲ

160 4460 318 4534 ἑφεξῆς
394 4471 710 4544 προσθήκην
787 4469 914 4526 εἶναι
984 4460 1438 4554 μεταγενεστέραν.
1497 4489 1610 4556 Χρὴ
1696 4482 1754 4538 δὲ

1869 1950 2115 2013 Joanne,
2148 1948 2332 2004 finem
2359 1946 2636 2013 ostendit,
2670 1945 2774 2018 qui
2803 1944 2912 2000 fuit
2940 1942 3268 2000 cruciﬁxio.

1940 2039 2102 2094 Vers.
2135 2042 2224 2094 26.
2253 2039 2335 2095 Et
2375 2043 2501 2094 erat
2534 2065 2597 2075 —
2633 2035 2799 2092 Vers.
2838 2037 2925 2090 32.
2952 2033 3012 2088 ίη
3051 2048 3202 2089 eum.
3242 2031 3428 2088 Etiam
3459 2033 3530 2089 de

1869 2128 1963 2185 his
2001 2127 2284 2200 praedicto
2314 2125 2506 2198 capite
2537 2125 2765 2180 dictum
2802 2126 2910 2180 est.
2947 2121 2960 2124 ’

1941 2219 2102 2274 Vers.
2137 2217 2230 2274 33.
2269 2217 2455 2272 Facta
2472 2221 2667 2272 autem
2701 2215 2940 2270 —-Vers.
2981 2215 3075 2270 39.
3107 2210 3234 2269 Dei.
3257 2210 3534 2268 Similiter

1872 2314 1929 2366 et
1953 2309 2027 2365 de
2047 2308 2142 2364 his
2169 2306 2452 2364 omnibus
2482 2306 2626 2362 data
2655 2309 2742 2362 est
2773 2303 2998 2360 ibidem
3026 2301 3386 2375 explanatio.

1941 2399 2102 2455 Vers.
2130 2401 2218 2454 40.
2254 2398 2446 2455 Erant
2470 2402 2666 2453 autem
2694 2425 2762 2436 —
2787 2395 2956 2450 Vers.
2995 2395 3088 2451 41.
3151 2391 3531 2462 Jerosolyma.

1875 2491 1953 2546 De
1983 2487 2076 2544 his
2103 2486 2284 2544 etiam
2314 2485 2398 2543 ibi
2419 2501 2622 2559 quaere
2643 2483 3101 2558 expositionem.

2007 2632 2158 2689 CAP.
2203 2630 2427 2687 XLVIII.
2467 2632 2544 2686 De
2572 2610 2851 2702 petitione
2877 2627 3140 2698 corporis
3167 2624 3403 2681 Christi.

1943 2847 2105 2902 Vers.
2128 2847 2222 2901 42.
2261 2845 2348 2903 Et
2375 2846 2544 2915 facta
2555 2847 2684 2916 jam
2708 2859 2952 2914 vespera
2983 2874 3052 2884 —
3079 2842 3253 2898 Vers.
3291 2840 3527 2898 43.Dei.

1873 2935 1938 2992 In
1976 2935 2094 2991 ﬁne
2125 2933 2282 2990 illius
2313 2935 2524 3007 capitis
2555 2934 2734 2990 etiam
2769 2934 2837 2990 de
2889 2932 2984 2988 his
3018 2931 3307 2988 subtiliter
3333 2933 3537 2987 actum

1871 3028 1982 3084 est.

1791 3220 1832 3277 C
1943 3241 2108 3298 Vers.
2141 3245 2229 3296 43.
2261 3240 2344 3297 Et
2369 3245 2601 3310 sumpta
2629 3237 2890 3295 audacia
2924 3268 2991 3276 —
3014 3237 3176 3292 Vers.
3201 3238 3293 3291 46.
3323 3234 3536 3290 Monu-

1870 3332 2068 3386 menti.
2095 3329 2475 3400 Sexagesimo
2505 3334 2716 3384 octavo
2747 3328 2940 3399 capite
2989 3323 3288 3394 Evangelii
3319 3337 3536 3378 secun-

1871 3420 2018 3476 dum
2045 3419 2380 3477 Matthaeum
2409 3419 2537 3474 haec
2557 3417 2773 3482 omnia,
2803 3421 2986 3489 prout
3039 3412 3334 3480 convenit,
3375 3416 3536 3485 pate-

1869 3514 2032 3580 facta
2073 3514 2237 3566 sunt.

1940 3601 2102 3655 Vers.
2142 3599 2236 3656 47.
2275 3597 2471 3656 Μανία
2511 3603 2700 3654 autem
2733 3628 2800 3637 —
2849 3594 3007 3651 CAP.
3061 3595 3202 3651 XVI.
3264 3593 3430 3648 Vers.
3485 3592 3532 3644 1.
3573 3643 3575 3646 .

1869 3695 2148 3760 ungerent
2175 3686 2396 3744 Iesum.
2431 3687 2706 3744 Similiter
2737 3691 2795 3742 et
2819 3685 2976 3741 haec.

1942 3776 2104 3833 Vers.
2141 3781 2192 3832 2.
2225 3777 2306 3831 Et
2337 3775 2507 3833 valde
2548 3806 2616 3817 —
2646 3776 2812 3831 Vers.
2843 3774 2898 3829 4.
2938 3771 3124 3830 valde.
3174 3769 3452 3828 Similiter
3481 3773 3538 3826 et

1867 3867 2016 3923 hinc.

1940 3959 2107 4012 Vers.
2148 3959 2204 4010 5.
2239 3955 2319 4010 Et
2347 3954 2612 4026 ingressae
2637 3986 2706 3994 —
2730 3955 2894 4010 Vers.
2941 3954 2994 4006 7.
3025 3951 3210 4008 vobis.
3244 3947 3427 4005 Etiam
3456 3946 3536 4004 ibi

1868 4046 1942 4102 de
1972 4045 2065 4101 his
2096 4047 2298 4100 actum
2333 4048 2439 4099 est.

1939 4137 2101 4190 Vers.
2132 4137 2184 4189 8.
2216 4133 2467 4204 Cumque
2491 4133 2745 4190 exissent
2773 4163 2840 4174 —
2870 4133 3152 4190 timebant
3177 4137 3357 4192 enim.
3379 4135 3537 4191 Prae-

1867 4228 2028 4281 terea
2053 4228 2108 4280 et
2136 4223 2210 4278 de
2236 4223 2352 4278 his.

1939 4313 2198 4380 Quidam
2225 4317 2426 4368 autem
2452 4311 2840 4383 interpretum
2871 4316 3168 4377 asserunt,
3186 4313 3301 4368 hoc
3323 4311 3535 4368 inloco

1867 4403 2233 4476 completum
2263 4417 2392 4458 esse
2425 4401 2598 4458 Marci
2632 4401 3022 4470 Evangelium
3059 4419 3073 4468 ;
3104 4418 3234 4475 quae
3267 4417 3408 4464 vero
3442 4417 3532 4456 se-

1867 4497 2133 4565 quuntur
2195 4491 2579 4547 recentiorem
2644 4506 2773 4545 esse
2833 4490 3233 4546 additionem.
3289 4491 3536 4562 Oportet

158 4559 236 4604 καὶ
281 4561 482 4616 ταύτην
540 4559 875 4633 ἑρμηνεῦσαι,
952 4562 1116 4624 μηδὲν
1166 4576 1226 4642 τῇ
1288 4568 1505 4645 ἀληθείᾳ
1563 4573 1749 4648 λυμαι-

1893 4598 2068 4639 amen
2107 4585 2164 4638 et
2199 4581 2359 4637 hanc
2413 4578 2750 4652 explanare,
2799 4595 2937 4635 cum
2968 4579 3202 4636 veritati
3251 4559 3400 4635 nihil
3448 4595 3538 4636 re-

158 4649 373 4716 voue'ww.

216 4734 469 4798 Ἀναστὰς
525 4734 585 4790 δὲ
640 4769 704 4781 —
761 4737 1031 4815 δαιμόνια.
1086 4749 1227 4804 Μετὰ
1271 4752 1329 4802 τὸ
1393 4751 1550 4806 εἰπεῖν
1604 4754 1755 4810 Ἀνα-

161 4826 286 4918 Tag,
337 4827 644 4900 ὑπόστιξον,
697 4826 809 4884 εἶτα
853 4831 1128 4906 ἀνάγνωθι,
1192 4844 1338 4914 Πρωὶ
1385 4849 1564 4918 πρώτη
1621 4846 1756 4900 Σαϐ-

159 4908 306 4964 ϐάτων
358 4915 519 4987 ἐφάνη
593 4927 796 4992 πρῶτον
848 4929 1028 4998 Μαρίᾳ
1096 4935 1159 5000 τῇ
1219 4908 1571 5003 Μαγδαληνῇ..
1624 4943 1755 4990 Πότε

159 5004 232 5070 μὲν
255 5008 352 5078 γαρ
386 5005 605 5075 ἀνέστη,
645 5005 869 5070 ἄδηλον·
928 5020 1054 5068 ποτε
1094 5013 1152 5069 δὲ
1209 5017 1388 5092 ἐφάνη,
1452 5019 1632 5096 δῆλον,
1690 5031 1755 5089 ὡς

158 5095 232 5142 καὶ
289 5092 336 5145 ἐν
408 5103 486 5166 τῷ
539 5097 748 5172 ῥηθέντι
799 5103 1058 5177 κεφαλαίῳ
1111 5114 1438 5186 προείρηται.
1504 5092 1626 5169 Καὶ⁷
1673 5120 1753 5172 ὅτι

215 5190 257 5224 ⁷⁷
294 5192 469 5250 Joan.
511 5212 630 5264 xu,
674 5199 761 5254 14.

1865 4674 2118 4746 pugnet.

1934 4763 2102 4818 Vers.
2134 4764 2192 4819 9.
2225 4761 2360 4817 Cum
2383 4765 2577 4816 autem
2592 4759 2927 4815 surrexisset
2949 4790 3013 4800 —
3038 4759 3332 4816 daemonia.
3361 4760 3535 4818 Post-

1865 4868 2052 4926 quam
2087 4851 2312 4907 dictum
2353 4855 2486 4906 est:
2537 4851 2672 4906 Cum
2721 4852 2901 4904 autem
2938 4852 3293 4918 surrexisset,
3335 4850 3536 4905 statim

1865 4958 2022 5015 pone
2052 4940 2487 4997 distinctionem
2525 4956 2540 5006 ;
2569 4939 2787 4996 deinde
2816 4939 2946 5009 lege
2977 4957 2990 4994 :
3025 4939 3186 4997 Mane
3224 4939 3387 5010 prino
3405 4937 3538 4991 Sab-

1868 5032 2115 5088 batorum
2144 5031 2401 5102 apparuit
2428 5031 2668 5100 primum
2698 5029 2894 5086 Mariae
2933 5029 3293 5100 Magdaleme.
3334 5027 3535 5081 Incer-

1867 5126 1995 5179 tum
2029 5125 2116 5178 est
2141 5121 2436 5194 siquidem
2464 5118 2712 5192 quando
2735 5119 3056 5175 surrexerit
3084 5134 3098 5184 ;
3131 5115 3378 5190 quando
3430 5131 3535 5171 au.

1363 5309 1584 5382 Variae
1625 5317 1951 5388 lectiones
1984 5329 2048 5388 et
2079 5328 2284 5388 notae.

216 5401 326 5544 (79)
363 5412 435 5461 Τὸ
470 5404 528 5462 δὲ
559 5406 620 5470 ἦν
651 5413 761 5487 ὥρα
792 5422 846 5469 Β.

239 5475 323 5543 80)
353 5483 498 5544 Πρὸς
519 5483 779 5538 Σάϐϐπτον
802 5490 846 5543 Α

239 5475 323 5554 βο)
353 5483 498 5554 Πρὸς
519 5475 779 5538 Σάϐϐπτον
802 5490 868 5543 Α.

220 5545 844 5644 (ﬁgliLl'u‘nclocumoex
857 5562 1077 5644 podice
1097 5565 1381 5644 _Parisino
1414 5574 1594 5644 Regio
1621 5575 1750 5632 lau-

161 5611 416 5756 ga't'lg'bch.
446 5624 606 5682 Simo
614 5611 750 5684 nilis
761 5611 1007 5690 ῑὶῐεῑιὲῑῖ
1394 5611 1550 5702 5
1560 5611 1748 5705 "r337:

223 5744 530 5836 (82)"Recte
573 5768 920 5846 interpretes
969 5744 1256 5841 nominat.
1305 5787 1370 5844 Hi
1420 5791 1584 5850 enim
1640 5792 1752 5850 soli

1863 5436 2026 5492 hunc
2049 5437 2243 5492 locum
2268 5433 2681 5490 sollicitarunt.
2718 5431 2994 5502 Intelligit
3016 5436 3216 5487 autem
3240 5430 3536 5503 interpre-

1867 5514 1952 5580 tes
1986 5525 2112 5574 eos,
2158 5525 2228 5580 ex
2259 5506 2480 5580 quibus
2525 5505 2769 5580 repetita
2809 5511 2947 5580 sunt
2971 5503 3216 5580 scholia
3247 5503 3528 5580 codicum

1863 5574 2335 5652 Mosquensiuiu,
2378 5593 2533 5652 quos
2583 5577 2651 5652 in,
2676 5591 2809 5652 mea
2841 5574 2985 5652 Novi
3009 5577 3367 5652 Testamen-ti
3402 5575 3525 5652 edi-

1865 5646 2285 5728 tione'appello
2316 5646 2467 5728 a._d.
2502 5664 2559 5728 e_.
2599 5646 3127 5728 lO_._Rep.er_iu_ntur_
3149 5661 3287 5728 vero
3313 5646 3529 5728 hujus-

1864 5722 2024 5778 modi
2050 5717 2285 5778 codices
2323 5722 2501 5777 etiam
2533 5720 2592 5774 in
2623 5719 2747 5773 aliis
2787 5717 3186 5784 bibliothecis,
3229 5722 3294 5775 ut
3320 5734 3386 5775 ex
3411 5717 3529 5776 Mil-

1862 5793 1965 5860 lio,
1983 5794 2316 5852 Wetstenio
2346 5797 2404 5850 et
2428 5792 2562 5848 aliis
2589 5795 2850 5848 constat.
