4074 6410
440 375 540 429 847
1817 365 2156 422 EUTHYMII
2199 363 2529 419 ZlGABENI

3713 354 3826 410 848

440 502 561 554 tem
608 498 942 571 apparueit,
1018 501 1243 554 certum
1303 500 1411 567 est,
1472 495 1623 550 sicut
1700 494 1879 548 etiam
1940 490 2095 546 dicto

2215 493 2297 561 μὲν
2356 495 2535 562 πρώτη
2595 486 2870 539 Σαϐϐατων
2914 489 2943 544 ἠ
3006 486 3251 558 Κυριακή
3302 484 3523 554 λέγεται,
3590 487 3679 534 καὶ
3737 483 3827 534 ὄτι

441 586 632 658 capite
707 585 1059 659 praedictum
1124 589 1237 641 est.
1318 582 1595 640 Similiter
1652 580 1815 653 quod
1867 580 2096 651 primus

441 674 868 740 Sabbatorum,
931 674 1055 730 dies
1117 672 1463 730 Dominicus
1511 672 1765 737 dicatur,
1811 669 2098 740 quodque

439 779 621 821 mane
650 764 827 835 hujus
865 764 1125 821 Christus
1152 761 1517 836 apparuerit,
1547 758 1771 833 pariter
1796 757 1874 813 ibi
1906 757 2101 813 decla-

439 860 641 910 ratum
671 858 783 911 est.

514 941 914 1008 Quaerendum
938 944 1160 1007 autem,
1184 939 1495 1015 quomodo
1512 939 1626 995 hoc
1648 937 1778 994 loco
1807 936 2098 1008 scriptum

443 1037 550 1100 est,
571 1030 734 1105 quod
765 1032 1105 1104 apparuerit
1131 1032 1394 1104 primum
1454 1028 1648 1085 Mariae
1709 1025 2098 1096 Magdalenae,

439 1120 733 1194 siquidem
763 1121 1043 1193 apparuit
1085 1120 1347 1193 primum
1395 1134 1517 1174 non
1564 1116 1674 1172 soli
1708 1114 2097 1185 Magdalenaa,

440 1211 545 1267 sed
574 1210 751 1267 etiam
781 1210 947 1267 alteri
973 1211 1171 1267 Mariae
1195 1207 1403 1265 Jacobi
1425 1214 1481 1263 et
1503 1209 1661 1276 Jose,
1684 1205 1860 1261 veluti
1893 1220 2104 1260 narra-

436 1301 522 1355 vit
570 1300 881 1356 Matthaaus
934 1300 1010 1358 ⁸⁷³.
1067 1299 1397 1356 Dicendum
1454 1313 1594 1367 ergo
1649 1301 1735 1351 est
1796 1294 1955 1366 quod
2002 1309 2102 1364 per

435 1388 871 1459 Magdalenam,
886 1390 1135 1447 alteram
1148 1403 1391 1463 quoque
1405 1385 1933 1458 signiﬁcavit.Freq
1942 1382 2098 1439 uenti

437 1486 526 1535 est
548 1480 709 1535 enim
747 1478 810 1534 in
852 1495 963 1534 usu
993 1479 1160 1550 apud
1187 1477 1583 1547 evangelistas
1640 1490 1746 1547 per
1778 1488 2100 1545 personam

439 1585 576 1641 quae
606 1568 899 1639 insignior
935 1574 1041 1635 est,
1085 1584 1220 1625 eam
1252 1567 1432 1623 etiam
1464 1564 1809 1634 intelligere,
1840 1579 1967 1633 quae
1995 1562 2101 1616 mi-

440 1674 556 1715 nus
586 1663 727 1714 nota
752 1664 867 1715 est.
926 1656 1222 1728 Insignior
1263 1663 1462 1712 autem
1509 1659 1635 1711 erat
1664 1653 2009 1722 Magdalene
2038 1652 2097 1705 in

440 1749 555 1805 hoc
608 1748 774 1821 quod
816 1747 1123 1805 festinavit
1161 1752 1218 1803 et
1276 1745 1579 1819 praecessit
1637 1746 1713 1801 ad
1742 1757 2099 1800 monumen-

440 1844 566 1894 tum
594 1859 605 1892 :
634 1837 825 1894 multo
844 1838 1005 1894 enim
1022 1836 1161 1893 ﬁdei
1177 1838 1239 1892 in
1263 1836 1554 1891 Christum
1583 1834 1780 1890 calore
1808 1831 2093 1897 fervebat,
2130 1854 2170 1908 Β

439 1932 643 1999 utpote
673 1941 897 1997 magno
927 1927 1005 1982 ab
1037 1942 1107 1982 eo
1125 1926 1338 1982 affecta
1368 1923 1658 1981 beneﬁcio
1691 1940 1703 1978 :
1738 1938 1875 1979 cum
1902 1922 2096 1994 ipsam

438 2031 475 2072 a
506 2020 736 2089 septem
774 2016 1089 2072 daemoniis
1117 2014 1481 2073 liberaverit.

508 2108 679 2165 Vers.
720 2108 814 2165 10.
845 2106 952 2161 Illa
986 2137 1057 2147 —
1108 2105 1385 2176 ﬂentibus.
1449 2105 1572 2160 Hoc
1624 2107 1712 2159 est
1772 2101 2096 2175 discipulis,

438 2196 545 2268 qui
573 2211 711 2251 cum
742 2211 813 2251 eo
842 2196 1056 2251 versati
1084 2194 1336 2259 fuerant,
1379 2195 1482 2266 qui
1513 2194 1711 2265 ipsum
1744 2192 1927 2247 secuti
1980 2191 2102 2246 fue-

437 2290 599 2341 rant:
624 2284 943 2342 nonsolum
963 2283 1266 2348 undecim,
1284 2300 1496 2339 verum
1516 2284 1694 2338 etiam
1718 2281 2100 2354 septuaginta

439 2374 705 2432 duobus.
746 2373 867 2431 Hoc
904 2374 1104 2446 itaque
1135 2374 1252 2431 illis
1299 2372 1791 2428 renuntiavitista
1850 2386 1995 2425 sane
2047 2376 2099 2425 et

439 2463 625 2521 altera
653 2463 859 2535 Maria,
891 2463 1333 2519 Attestabantur
1384 2466 1586 2518 autem
1644 2464 1699 2517 et
1736 2460 1867 2516 alite
1898 2458 2100 2515 mulie-

440 2570 551 2619 res,
583 2554 735 2609 sicut
760 2553 997 2625 scripsit
1026 2553 1211 2609 Lucas
1238 2554 1286 2587 79
1324 2568 1338 2619 ;
1371 2551 1446 2606 de
1477 2551 1698 2623 quibus
1729 2566 1932 2621 quaere
1955 2566 2100 2621 prae-

439 2642 931 2713 dicto.Evangelii
949 2642 1123 2713 juxta
1160 2641 1497 2698 Matthaaum
1546 2640 1741 2712 capite
1772 2642 2097 2696 enarratio-

440 2748 574 2788 nem
611 2731 766 2787 illius
811 2732 995 2787 dicti:
1038 2730 1136 2785 Illi
1177 2737 1357 2786 autem
1401 2730 1629 2801 sumptis
1669 2730 1921 2801 pecuniis
1966 2730 2099 2800 [ece-

438 2829 570 2877 ruut
595 2828 755 2893 prout
785 2820 932 2875 docti
960 2826 1118 2875 erant
1144 2820 1189 2856 ⁸⁰
1203 2863 1216 2877 .

490 2912 674 2967 νοτε.
711 2912 800 2968 l2.
829 2911 957 2966 Post
975 2911 1094 2966 haec
1114 2916 1382 2966 autem—
1404 2910 1571 2966 Vers.
1600 2911 1694 2965 13.
1720 2909 2092 2965 crediderunt.

436 2999 506 3055 Hi
536 3000 652 3055 duo
682 3016 753 3056 ex
782 3000 1160 3072 septuaginta
1192 2998 1499 3070 discipulis
1529 3004 1720 3054 erant.
1754 3001 1820 3053 Et
1844 2999 2093 3070 quidam

433 3092 663 3155 dicunt,
676 3106 778 3147 eos
790 3106 918 3146 esse
932 3090 1212 3162 Cleopam
1229 3094 1457 3154 eteum,
1472 3089 1576 3161 qui
1590 3105 1726 3144 cum
1741 3090 1871 3161 ipso
1887 3106 2093 3161 perge-

433 3181 611 3237 batin
626 3180 936 3238 castellum
955 3182 1199 3237 nomine
1217 3183 1523 3249 Emmaus,
1558 3180 1629 3234 de
1653 3180 1875 3251 quibus
1894 3196 2093 3235 narra-
2124 3209 2163 3265 α

434 3272 513 3328 vit
545 3273 732 3328 Lucas
762 3271 837 3327 εί.
867 3270 980 3328 Sed
1010 3271 1125 3327 hoc
1152 3270 1385 3325 videtur
1411 3268 1565 3325 dictu
1599 3268 1955 3325 absurdum.
1993 3270 2091 3323 His

435 3360 755 3433 siquidem,
780 3376 919 3416 cum
940 3360 1408 3423 renuntiassent,
1430 3374 1552 3413 non
1585 3363 1669 3413 est
1693 3358 1899 3414 habita
1925 3357 2088 3424 tides,

432 3451 511 3507 illi
570 3466 708 3507 vero
761 3449 954 3519 magis
1011 3449 1369 3505 invenerunt
1422 3446 1727 3519 apostolos
1781 3448 2089 3503 dicentes:

432 3541 686 3596 Surrexit
734 3540 995 3595 Dominus
1023 3554 1143 3593 vere
1180 3546 1229 3593 et
1261 3540 1412 3594 visus
1437 3545 1511 3592 est
1561 3555 1596 3592 a
1654 3540 1889 3592 Simone.
1919 3537 2095 3593 Mani-

430 3630 651 3687 festum
680 3644 823 3700 ergo
848 3634 956 3695 est,
986 3628 1136 3685 alios
1168 3644 1269 3683 ese
1290 3628 1421 3683 illos
1451 3632 1506 3683 et
1526 3627 1678 3685 alios
1702 3629 1842 3685 istos
1871 3649 1883 3683 :
1909 3627 2095 3683 fuisse

432 3725 635 3777 tamen
655 3722 713 3775 et
740 3718 853 3775 hos
878 3723 935 3774 et
954 3716 1086 3774 illos
1119 3732 1192 3773 ex
1218 3717 1623 3788 septuaginta.

506 3809 773 3864 Primum
804 3806 1007 3879 itaque
1038 3808 1315 3879 apparuit
1344 3807 1604 3862 Christus
1645 3806 2009 3877 Magdalenen
2041 3811 2098 3863 et

434 3898 601 3956 alteri
630 3897 841 3963 Mariae,
866 3895 1083 3952 deinde
1112 3896 1204 3952 his
1230 3895 1483 3961 duobus,
1508 3897 1872 3968 posmodum
1903 3901 2092 3963 Petro,

432 3988 681 4044 demum
706 4003 846 4043 vero
872 3986 986 4041 illis
1024 3985 1286 4042 duobus.
1329 3988 1481 4042 Sane
1513 3986 1607 4041 his
1629 4002 1748 4041 non
1782 3993 1867 4042 est
1888 3986 2096 4043 habita

433 4077 614 4144 fides;
662 4076 835 4133 Petro
888 4092 1029 4131 vero
1092 4082 1382 4147 tanquam
1431 4092 1668 4130 summo
1716 4092 1786 4131 ac
1839 4076 2094 4148 principi

432 4172 781 4224 caaterorum
795 4165 1089 4222 creditum
1108 4171 1218 4235 est,
1243 4173 1298 4221 et
1314 4166 1393 4221 ita
1415 4165 1531 4221 duo
1554 4166 1658 4237 qui
1685 4166 1847 4238 apud
1871 4167 2089 4223 Lucam

432 4257 508 4313 ab
531 4259 815 4313 Emmaus
840 4256 1061 4311 reversi
1084 4260 1242 4320 sunt,
1266 4254 1623 4310 invenerunt
1644 4256 1977 4327 aspostolos
2004 4256 2093 4310 di-

432 4355 672 4403 centes:
713 4345 975 4401 Surrexit
1014 4344 1278 4399 Dominus
1335 4360 1476 4414 vere,
1502 4352 1553 4398 et
1600 4345 1751 4399 visus
1791 4352 1867 4400 est
1928 4364 1959 4400 α
2005 4347 2091 4401 Si-

430 4454 578 4493 mone
606 4437 652 4473 ”
666 4478 679 4493 .
700 4467 766 4478 -—
784 4438 851 4491 Et
866 4435 957 4490 has
975 4449 1186 4490 omnes
1199 4434 1604 4506 apparitiones
1627 4435 1687 4489 in
1707 4433 1802 4491 die
1830 4452 2090 4493 resurre-

430 4526 642 4584 ctionis
680 4525 848 4581 factae
882 4529 1042 4581 sunt.

502 4616 673 4672 Vers.
705 4616 797 4670 14.
823 4615 1012 4669 Postea
1037 4645 1099 4654 —
1121 4613 1500 4669 crediderant.
1522 4645 1590 4656 —
1614 4617 1830 4684 Postea,
1856 4622 2089 4689 postca-
2121 4610 2165 4663 D

430 4721 619 4778 quam
649 4702 914 4759 videlicet
943 4703 1222 4759 certiores
1266 4702 1401 4759 facti
1440 4704 1676 4761 fuerant
1701 4722 1736 4762 a
1776 4707 1962 4773 Petro,
1992 4726 2088 4764 ve-

428 4798 762 4866 nerantque
794 4792 1043 4865 Cleopas
1065 4798 1121 4850 et
1174 4809 1376 4850 comes
1428 4781 1576 4865 ejus,
1608 4812 1678 4851 ac
1707 4803 2090 4854 narraverant

430 4899 568 4957 qua:
586 4882 697 4939 sibi
731 4884 793 4939 in
821 4883 922 4939 via
948 4882 1289 4939 acciderant
1322 4900 1333 4939 :
1359 4890 1413 4939 et
1444 4885 1750 4957 quomodo
1778 4885 1855 4941 ab
1887 4888 1969 4941 eis
1994 4904 2089 4943 co-

428 4973 628 5045 gnitus
646 4972 836 5029 fuerat
853 4972 913 5027 in
940 4972 1225 5029 fractione
1244 4974 1433 5045 panis,
1455 4976 1603 5029 sicut
1620 4974 1766 5030 dixit
1786 4978 1973 5032 Lucas
2005 4980 2077 5037 ⁸³.

428 5063 521 5119 Ait
551 5064 712 5119 enim
745 5063 871 5135 ipse
905 5080 918 5118 :
952 5064 1101 5121 Haec
1128 5064 1256 5118 illis
1300 5063 1633 5133 loquentibus
1663 5066 1773 5135 ipse
1801 5066 1955 5122 Jesus
1982 5076 2083 5123 ste-

429 5155 498 5210 tit
515 5154 580 5208 in
594 5154 767 5209 medio
787 5169 993 5219 eorum,
1009 5160 1055 5208 et
1069 5154 1283 5208 aititlis
1298 5171 1313 5206 :
1334 5156 1449 5207 Pas:
1460 5154 1604 5209 vobis
1624 5157 1689 5226 3‘,
1713 5164 1825 5213 etc.
1843 5157 1962 5213 Hoc
1976 5175 2085 5213 au-

499 5309 548 5343 "
580 5307 789 5363 Matth.
835 5322 1039 5373 xxvm,
1063 5311 1121 5363 9.

428 5394 581 5454 ibid.
628 5396 724 5455 35.
810 5396 858 5432 ⁸⁸
889 5394 1017 5452 ibid
1057 5395 1154 5451 36.

1209 5307 1254 5341 79
1289 5308 1430 5363 Luc.
1467 5323 1626 5375 xxw,
1677 5310 1769 5366 10.

2194 5162 2279 5221 τὸς
2336 5159 2360 5208 6
2426 5158 2632 5217 Ἰησοῦς
2708 5157 2832 5212 ἔστη
2906 5154 2956 5205 ἐν

1856 5311 1902 5346 ³ο
1951 5312 2168 5369 Matth.
2231 5325 2433 5378 xxvui,
2477 5310 2566 5366 15.

2208 582 2345 651 πρωῒ
2374 581 2571 638 ταύτης
2609 578 2633 627 6
2677 579 2903 649 Χριστὸς
2954 573 3130 646 ἐφάνη,
3185 575 3369 646 ὁμοίως
3423 572 3470 623 ἐν
3520 571 3690 643 ἐκείνῳ
3733 568 3823 624 δεο

2212 664 2465 725 δήλωται.

2280 958 2538 1012 Ζητητέον
2591 950 2671 1022 δὲ,
2730 960 2837 1012 πῶς
2894 950 3114 1003 ἐνταῦθα
3170 954 3461 1024 γέγραπται
3525 949 3603 1000 ὃτι
3661 946 3823 1020 ἐφάνη

2210 1054 2413 1119 πρῶτον
2456 1047 2638 1116 Μαρίᾳ
2675 1050 2735 1113 τῇ
2780 1038 3129 1112 Μαγδαληνῇ.
3168 1040 3277 1093 Καὶ
3327 1040 3424 1110 γὰρ
3478 1036 3631 1109 ἐφάνη
3677 1044 3823 1110 πρῶ-

2212 1154 2296 1186 τον
2337 1134 2394 1185 οὐ
2439 1141 2499 1205 τῇ
2552 1128 2878 1202 Μαγδαληνῇ
2941 1135 3093 1202 μόνη,
3142 1128 3269 1180 ἀλλὰ
3322 1133 3407 1179 καὶ
3458 1135 3519 1198 τῇ
3564 1126 3713 1199 οἶλλη,
3753 1134 3822 1197 τῇ

2211 1230 2303 1275 τοῦ
2334 1222 2582 1274 Ἰακώϐου
2629 1226 2718 1273 καὶ
2763 1222 2878 1291 (83)
2907 1228 2996 1271 του
3031 1220 3207 1282 Ἰωσῆ,
3258 1219 3429 1277 καθὼς
3483 1219 3508 1268 6
3556 1218 3828 1276 Ματθαῖος

2215 1316 2513 1387 ἱστόρησεν.
2548 1313 2729 1365 Ἔστιν
2784 1310 2870 1361 οὖν
2926 1316 3081 1361 εἰπεῖν
3131 1310 3211 1360 ὅτι
3255 1304 3349 1359 διὰ
3392 1314 3481 1367 τῆς
3526 1301 3824 1377 Μαγδαληο

2210 1411 2302 1463 νῆς
2350 1405 2437 1453 καὶ
2482 1406 2573 1459 τήν
2621 1400 2778 1457 ἀλλην
2828 1395 3107 1455 ἐδήλωσεν.
3163 1397 3307 1457 Ἐθος
3355 1399 3455 1469 γὰρ
3507 1403 3613 1457 τοῖς
3663 1395 3822 1466 εὐαγ-

2209 1492 2475 1563 γελισταῐς
2523 1490 2570 1542 ἐν
2628 1488 2831 1549 πολλοῖς
2881 1486 2973 1540 διὰ
3034 1496 3125 1539 τοῦ
3188 1485 3567 1561 ἐπισημοτέρου
3612 1490 3825 1560 προσώ-

2209 1601 2308 1633 που
2362 1586 2450 1633 καὶ
2507 1585 2564 1631 τὸ
2617 1583 2711 1631 σὺν
2769 1579 2942 1649 ἐκείνῳ
2993 1576 3271 1649 ἐμφαίνειν.
3322 1578 3706 1648 Ἐπισημοτέρα
3758 1571 3825 1627 δὲ

2209 1673 2239 1729 ἡ
2300 1667 2622 1742 Μαγδαληνή
2676 1670 2811 1720 κατὰ
2869 1671 2925 1719 τὸ
2984 1662 3305 1726 σπουδάζειν
3352 1670 3441 1717 καὶ
3504 1668 3827 1738 προπορεύε-

2212 1762 2337 1813 σθαι
2389 1760 2473 1813 ἐπὶ
2514 1763 2570 1811 τὸ
2618 1766 2884 1831 μνημεῖον.
2940 1756 3137 1814 Πολλὴν
3190 1759 3289 1829 γὰρ
3349 1751 3462 1826 εἶχε
3503 1757 3692 1827 θέρμην
3737 1758 3827 1805 πί-

2213 1870 2367 1909 στεως
2417 1849 2485 1911 εἰς
2530 1852 2784 1922 Χριστὸν,
2821 1846 3057 1919 μεγάλως
3102 1845 3502 1919 εὐεργετηθεῖσα
3560 1844 3683 1917 παρ’
3729 1843 3818 1895 αὗ-

2211 1946 2321 1993 τοῡ.
2353 1938 2518 1991 Ἑπτὰ
2545 1941 2643 2010 γαρ
2676 1933 2958 2009 δαιμονίων
2990 1938 3183 1992 ταύτην
3212 1933 3524 1996 ἀπήλλαξεν.

2283 2116 2482 2172 Ἐκείνη
2541 2146 2590 2155 --
2668 2114 2936 2168 κλαίουσι.
2991 2120 3112 2174 Τοῖς
3169 2112 3280 2183 μετ’
3343 2111 3502 2163 αὑτοῦ
3561 2111 3827 2185 ἀναστρα-

2213 2211 2368 2275 φεῑσι,
2428 2211 2535 2265 τοῖς
2596 2204 2735 2274 αὐτῷ
2808 2203 3203 2260 ἀκολουθήσασι
3265 2203 3541 2272 μαθηταῖς,
3601 2202 3657 2254 οὐ
3712 2210 3831 2262 τοῖς

2212 2290 2393 2345 ἕνδεκα
2449 2298 2622 2364 μόνον,
2678 2292 2805 2343 ἀλλὰ
2860 2298 2948 2344 καὶ
3014 2300 3122 2352 τοῖς
3187 2300 3281 2352 τῆς
3337 2288 3823 2363 ἑϐδομηκονταὸος.

2212 2381 2523 2453 Ἀπήγγειλε
2568 2385 2657 2453 μὲν
2705 2382 2792 2433 οὖν
2836 2390 2988 2433 τοῦτο
3028 2381 3203 2441 αὐτοῖς
3261 2381 3411 2438 αὕτη.
3454 2385 3557 2433 Ναὶ
3604 2384 3699 2451 μήν
3729 2384 3826 2431 καὶ

2211 2472 2241 2528 ἠ
2277 2471 2402 2529 ἄλλη
2436 2476 2633 2543 Μαρία.
2678 2472 3093 2543 Ἐπεμαρτύρουν
3127 2467 3185 2521 δὲ
3214 2474 3302 2521 καὶ
3352 2472 3405 2521 αἱ
3449 2472 3617 2544 ἕτεραι
3644 2478 3823 2542 γυναῖ-

2210 2581 2309 2627 κες,
2365 2564 2433 2622 ὡς
2495 2563 2519 2612 6
2575 2567 2780 2621 Λουκᾶς
2832 2560 3046 2633 ἔγραψε,
3104 2565 3220 2632 περὶ
3285 2560 3350 2610 ὧν
3394 2560 3624 2619 ζήτησον
3657 2558 3703 2610 ἐν
3742 2568 3822 2630 τῷ

2209 2650 2549 2725 προλεχθέντι
2614 2650 2871 2721 κεφαλαίῳ
2928 2656 3019 2701 τοῦ
3069 2651 3201 2700 κατά
3244 2650 3510 2702 Ματθαῖον
3551 2654 3643 2706 τὴν
3698 2648 3821 2711 ἐξή-

2207 2760 2366 2810 γησιν
2396 2747 2507 2793 του.
2562 2742 2627 2791 Οἱ
2662 2736 2740 2807 δὲ,
2783 2737 3021 2800 λαϐόντες
3074 2742 3140 2790 τὰ
3171 2738 3414 2812 ἀργύρια,
3450 2736 3705 2796 ἐποίησαν
3746 2741 3823 2799 ὡς

2208 2826 2610 2901 ἐδιδάχθησαν.

2278 2922 2419 2975 Μετὰ
2466 2916 2523 2971 δὲ
2573 2926 2740 2969 ταῦτα
2796 2948 2861 2958 —
2910 2916 3243 2971 ἐπίστευσαν.
3297 2917 3455 2968 Οὗτοι
3508 2918 3554 2967 οἱ
3619 2913 3715 2968 δύο
3759 2914 3820 2967 ἐκ

2206 3016 2305 3059 τῶν
2346 3005 2705 3074 ἑϐδομήκοντα
2753 3009 2999 3078 μαθητῶν
3043 3008 3198 3065 ἦσαν.
3262 3006 3368 3059 Καὶ
3409 3008 3540 3066 τινὲς
3598 3008 3685 3077 μὲν
3734 3004 3823 3057 λέ-

2204 3116 2388 3168 γουσιν
2442 3094 2570 3148 εἶναι
2640 3097 2830 3158 αὐτοὺς
2906 3096 3137 3149 Κλεόπαν
3204 3102 3292 3147 καὶ
3353 3100 3438 3146 τὸν
3496 3099 3587 3146 σὺν
3643 3094 3821 3166 ἐκείνῳ

2205 3191 2541 3257 πορευόμενον
2593 3186 2662 3246 εἰς
2710 3192 2909 3257 κώμην,
3024 3190 3184 3257 ὄνομα
3234 3186 3515 3257 Ἰ-ἷμμαοῦς,
3574 3190 3691 3258 περὶ
3746 3184 3819 3234 ὧν

2206 3276 2230 3325 6
2266 3280 2466 3335 Λουκᾶς
2517 3278 2791 3348 ἱστόρησεν
2823 3293 2833 3305 ’
2867 3272 3012 3328 δοκεῖ
3058 3272 3117 3327 δὲ
3147 3276 3172 3326 6
3202 3274 3349 3344 λόγος
3396 3273 3662 3333 ἀπίθανος.
3715 3271 3821 3323 Οὗ-

2204 3383 2285 3415 τοι
2342 3368 2431 3436 μὲν
2483 3367 2605 3439 γὰρ,
2664 3364 3090 3437 ἀπαγγείλαντες,
3148 3365 3524 3422 ἠπιστήθησαν
3560 3383 3572 3396 ν
3632 3360 3821 3413 ἐκεῖνοι

2207 3450 2266 3505 δὲ
2332 3454 2522 3526 μᾶλλον
2597 3454 2742 3529 εὗρον
2811 3459 2929 3515 τοὺς
3009 3455 3329 3515 ἀποστόλους
3393 3453 3651 3524 λέγοντας,
3734 3453 3819 3504 ὅτι

2209 3541 2428 3616 Ἠγέρθη
2480 3545 2504 3593 6
2551 3544 2743 3617 Κύριος
2800 3547 2975 3609 ὄντως,
3040 3548 3129 3595 καὶ
3187 3545 3331 3615 ὤφθη
3387 3547 3600 3614 Σίμωνι.
3654 3539 3818 3599 Δῆλον

2208 3628 2295 3683 οὖν
2350 3634 2429 3683 ὅτι
2492 3633 2653 3703 ἕτεροι
2712 3628 2874 3697 οὗτοι,
2936 3638 3024 3684 καὶ
3089 3632 3249 3705 ἕτεροι
3301 3630 3502 3684 ἐκεῖνοι.
3571 3631 3656 3683 Ἐκ
3712 3638 3816 3682 τῶν

2210 3717 2569 3794 ἑϐδομήκοντα
2592 3718 2650 3774 δὲ
2676 3726 2763 3772 καὶ
2794 3721 2939 3774 οὗτοι
2965 3720 3215 3774 κάκεῖνοι.

2282 3818 2490 3883 Πρῶτον
2538 3814 2627 3882 μὲν
2672 3808 2759 3862 οὖν
2791 3812 2816 3862 6
2862 3815 3087 3886 Χριστὸς
3139 3809 3438 3883 ἐνεφανίσθη
3494 3817 3555 3881 τῇ
3591 3804 3814 3880 Μαγδα-

2206 3899 2331 3972 ληνῇ
2366 3906 2454 3952 καὶ
2494 3908 2555 3973 τῇ
2590 3900 2740 3973 ἄλλῃ,
2774 3902 2882 3953 εἶτα
2924 3908 2985 3972 τῇ
3049 3897 3214 3953 δυάδι
3267 3903 3479 3965 τούτων,
3539 3902 3711 3951 ἔπειτα
3740 3906 3814 3967 τῷ

2208 3994 2402 4062 Πέτρῳ·
2459 3993 2587 4062 μετά
2640 3998 2792 4043 τοῦτο
2855 3987 2912 4042 δὲ
2978 3998 3039 4061 τῇ
3099 3987 3265 4043 δυάδι
3317 3988 3536 4041 ἐκείνων.
3589 3990 3673 4039 Διὸ
3719 3989 3812 4036 καὶ

2206 4080 2348 4131 οὗτοι
2393 4082 2481 4151 μὲν
2519 4081 2893 4138 ἠπιστήθησαν
2932 4098 2941 4108 ·
2977 4082 3001 4130 6
3045 4076 3103 4132 δὲ
3135 4085 3347 4153 Πέτρος,
3407 4082 3476 4140 ὡς
3532 4084 3813 4149 κορυφαῖος

2204 4171 2425 4239 πάντων,
2504 4168 2801 4227 ἐπιστεύθη.
2862 4171 2962 4223 Καὶ
3022 4169 3197 4221 λοιπον
3259 4169 3486 4228 ἐλθόντες
3554 4170 3602 4218 οἱ
3670 4167 3816 4238 παρὰ

2204 4270 2273 4329 τῷ
2322 4266 2501 4329 Λουκᾴ
2558 4256 2675 4328 δύο,
2719 4260 2861 4334 εὖρον
2898 4264 3019 4321 τοὺς
3074 4258 3393 4318 ἀποστολονς
3446 4258 3682 4328 λέγοντας
3735 4257 3815 4309 ὅτι

2206 4350 2478 4423 Ἠγέρθηὸ
2514 4352 2703 4422 Κύριος
2747 4350 2921 4413 ὅντως,
2974 4353 3063 4400 καὶ
3114 4351 3258 4420 ὤφθη
3295 4353 3501 4420 Σίμωνι.
3540 4348 3625 4400 Ἐν
3674 4345 3806 4416 αὐτῇ

2204 4438 2262 4493 δὲ
2303 4448 2364 4511 τῇ
2415 4440 2583 4511 ἡμέρᾳ
2614 4448 2703 4499 τῆς
2753 4436 3085 4500 ἀναστάσεως
3127 4440 3181 4490 αἱ
3212 4438 3465 4490 ὀπτασὶαι
3495 4438 3608 4509 (84)
3656 4435 3814 4486 αὗται

2200 4537 2369 4584 πᾶσαι
2394 4532 2685 4600 γεγόνασιν.

2269 4619 2513 4693 ’Υστερον
2597 4650 2664 4659 —
2745 4615 3079 4672 ἐπίστευσαν.
3180 4616 3445 4693 Ὕστερον,
3536 4620 3665 4690 μετὰ
3748 4619 3809 4668 τὸ

2198 4709 2661 4785 πληροφορηθῆναι
2708 4710 2896 4769 αὐτοὺς
2966 4710 3110 4781 παρα
3177 4714 3266 4759 τοῦ
3319 4711 3537 4781 Πέτρου,
3599 4711 3686 4758 καὶ
3734 4705 3811 4758 ἐλ-

2202 4803 2339 4853 σθεῖν
2370 4807 2533 4850 τόντε
2578 4797 2810 4851 Κλεόπαν
2844 4800 2932 4847 καὶ
2981 4800 3067 4847 τὸν
3114 4800 3207 4847 σὺν
3269 4795 3431 4866 αὐτῷ,
3481 4801 3571 4849 καὶ
3614 4794 3810 4868 ἐξηγεῖ-

2200 4892 2323 4942 σθαι
2354 4890 2418 4940 τά
2454 4887 2503 4939 ἐν
2535 4895 2597 4959 τῇ
2645 4882 2774 4957 ὁδῷ,
2814 4890 2897 4937 καὶ
2937 4888 3003 4946 ὡς
3049 4883 3279 4957 ἐγνώσθη
3314 4886 3486 4946 αὐτοῖς
3517 4883 3565 4937 ἐν
3593 4894 3652 4959 τῇ
3687 4885 3811 4936 κλά-

2201 4997 2279 5030 σει
2318 4985 2407 5030 τοῦ
2435 4979 2617 5052 οἶρτου,
2650 4977 2821 5036 καθὼς
2860 4977 3059 5047 εἴρηκεν
3099 4977 3125 5026 6
3174 4981 3395 5035 Λουκᾶς.
3449 4980 3585 5033 Φησὶ
3632 4977 3729 5046 γὰρ
3782 4975 3809 5025 6

2197 5068 2347 5129 οὗτὸς
2426 5069 2505 5119 ὅτι
2559 5074 2737 5118 Ταῦτα
2808 5065 2974 5116 αὐτῶν
3208 5064 3491 5117 λαλούντων
3562 5069 3651 5116 καὶ
3704 5062 3812 5115 αὐ-

3036 5157 3180 5226 μέσῳ
3248 5154 3437 5222 αὐτῶν,
3506 5159 3596 5206 καὶ⁸
3672 5152 3801 5225 λέγει

2652 5309 2695 5344 σι
2726 5307 2866 5364 Luc.
2904 5321 3059 5371 xnv,
3094 5306 3183 5362 13.
3267 5306 3314 5341 ⁸³
3370 5305 3518 5363 ibid.
3567 5308 3664 5361 34.
3751 5304 3800 5340 ³⁸

1634 5524 1859 5594 Variae
1904 5525 2229 5596 lectiones
2284 5536 2350 5598 et
2381 5535 2584 5596 notae.

499 5689 612 5775 Qa)
646 5694 746 5775 agt
773 5690 1233 5775 ’Ioen‘.__sublato
1262 5708 1473 5752 rasura
1499 5697 1611 5763 καί,
1644 5698 1709 5753 ut
1746 5695 1984 5771 opinor,
2019 5698 2077 5755 B.

498 5761 612 5845 (84)
635 5761 821 5832 Δῦται,
852 5764 1067 5821 omittit
1088 5766 1162 5824 A.

2262 5699 2375 5775 (85)
2398 5698 2704 5755 Λαλούντων
2739 5696 2910 5753 αὐτῶν
2939 5699 3011 5756 Α.
