4074 6382
233 359 344 416 849

1329 346 1699 406 COMMENT.
1740 345 1810 400 IN
1849 343 2183 401 MARCUM.
2214 373 2281 382 —
2309 341 2463 397 CAP.
2495 340 2641 396 XVI.

3510 338 3615 395 850

234 487 438 555 αὐτοῖς,
496 484 688 556 Εἰρήνη
748 483 893 554 ύμῖν,
950 486 1041 534 καὶ
1102 482 1168 532 τὰ
1226 476 1358 540 ἑξῆς.
1404 476 1485 528 Ἐν
1533 480 1596 547 τῇ
1654 471 1845 545 ἑσπέρᾳ

1973 485 2073 525 ,em
2108 467 2364 525 etiamin
2404 466 2673 539 ejusdem
2700 464 3083 537 dieivespera
3101 464 3341 522 accidit.
3374 464 3618 537 Scripsit

234 575 294 630 δε
348 584 445 637 τῆς
498 574 660 635 αὐτῆς
736 575 931 647 ἡμρας
981 575 1071 623 καὶ
1116 576 1267 621 τοῦτο
1318 570 1542 638 γέγονεν.
1609 560 1845 634 Ἔγραψε

228 670 333 740 γὰρ
388 668 481 716 καὶ
553 664 578 715 6
628 665 871 722 Ἰωάννης
917 662 997 713 ὅτι
1058 658 1237 719 Οὔσης
1312 655 1483 727 ὀψίας,
1540 660 1601 724 τῇ
1677 653 1846 723 ἡμέρᾳ

230 755 425 828 ἐκείνη,
646 757 745 825 μιᾷ
801 759 901 804 τῶν
982 747 1277 813 Σαϐϐάτων,
1351 749 1439 796 καὶ
1503 751 1601 795 τῶν
1679 742 1844 811 θυρῶν

230 844 627 917 κεκλεισμένων,
712 844 840 894 ὃπου
921 836 1055 899 ἦσαν
1144 840 1193 890 οἱ
1273 837 1506 906 μαθηταὶ
1588 832 1845 900 συνηγμέ-

229 955 309 987 νοι
365 931 461 988 διὰ
523 937 610 985 τὸν
674 930 828 1004 φόϐον
906 939 1003 982 τῶν
1059 922 1350 990 Ἰουδαίων,
1422 920 1569 981 ἦλθεν
1646 921 1671 971 6
1744 918 1845 975 Ἰη-

233 1032 380 1092 σοῦς,
443 1027 533 1074 καὶ
573 1025 699 1080 ἔστη
758 1020 831 1083 εἰς
894 1023 953 1071 τὸ
1011 1022 1188 1091 μέσον,
1248 1019 1338 1066 καὶ
1394 1012 1530 1083 λέγει
1588 1009 1760 1067 αὐτοῖς
1827 1026 1838 1037 ·

232 1114 431 1188 Εἰρήνη
484 1114 606 1185 ὑμῖν
651 1116 741 1163 καὶ
813 1113 878 1163 τὰ
935 1109 1069 1172 ἑξῆς.
1129 1111 1255 1159 Τότε
1301 1106 1401 1176 γὰρ
1460 1095 1699 1152 ὠνείδισε
1756 1118 1842 1153 την

234 1202 494 1255 ἀπιστίαν
567 1201 738 1252 αὐτῶν
813 1204 903 1252 καὶ
990 1190 1432 1269 σκληροκαρδίαν,
1485 1193 1644 1242 εἰτουν
1704 1185 1845 1238 ἀπεί-

236 1295 399 1353 θειαν,
462 1293 540 1343 ὅτι
593 1299 703 1351 τοῖς
753 1291 1081 1360 θεασαμένοις
1128 1285 1281 1337 αὑτὸν
1335 1281 1672 1352 ἐγηγερμένον
1753 1275 1846 1327 οὐκ

234 1382 580 1445 ἰπιστευσαν,
631 1383 794 1451 ἤγουν
832 1387 892 1451 τῇ
950 1372 1269 1447 Μαγδαληνῇ
1304 1374 1392 1423 καὶ
1443 1377 1504 1440 τῇ
1564 1366 1712 1438 ἄλλη,
1758 1367 1847 1415 καὶ

230 1478 345 1533 τοῖς
385 1468 515 1523 δυσὶ
552 1471 776 1536 τούτοις,
818 1471 938 1541 περὶ
989 1466 1055 1516 ὧν
1109 1465 1134 1515 6
1172 1463 1381 1536 Μάρκος
1438 1460 1734 1531 ἱστόρησεν.
1787 1453 1847 1505 ⁸0

232 1566 329 1634 μὲν
359 1558 449 1614 οὖν
498 1561 715 1634 Μάρκος
756 1560 843 1609 τὸν
874 1557 1095 1631 ῥηθέντα
1146 1547 1445 1622 ὀνειδισμὸν
1501 1541 1782 1634 ἀνέγραψεν
1827 1558 1842 1574 ⁸

228 1655 256 1707 o’
326 1650 386 1706 δὲ
454 1655 663 1709 Λουκᾶς
726 1650 818 1699 καὶ
884 1648 908 1697 6
972 1645 1225 1709 Ἰωάννης,
1291 1646 1471 1692 τοῦτον

229 1766 291 1804 νη
298 1747 484 1817 μένων.

308 1812 415 1889 Καὶ
443 1827 579 1884 εἶπεν
608 1858 672 1867 —-
692 1829 885 1879 κτίσει.
920 1824 1070 1895 Πάση
1104 1829 1165 1894 τῇ
1197 1820 1468 1891 οἰκουμένῃ
1499 1832 1510 1845 ’
1537 1810 1643 1867 εἶπε
1670 1808 1727 1865 δὲ
1754 1808 1847 1863 αύ-
1886 1807 1930 1863 Β

231 1932 339 1983 τοῖς
370 1924 458 1973 τὸν
487 1920 641 1989 λόγον
676 1924 860 1968 τοῦτον
887 1913 945 1966 ού
978 1917 1093 1965 τότε
1122 1912 1342 1972 πάντως,
1369 1906 1473 1959 ἀλλ’
1506 1906 1741 1975 ὕστερον,
1768 1901 1850 1951 ὅτε

234 2011 598 2085 ἐπορεύθησαν
640 2005 712 2066 εἰς
738 2007 831 2062 τὴν
856 2002 1149 2065 Γαλιλαίαν,
1182 2000 1253 2061 εἰς
1290 2001 1348 2050 τὸ
1380 1999 1516 2072 ὅρος,
1548 1993 1607 2047 οὗ
1634 1990 1849 2053 ἐτάξατο

238 2103 421 2160 αὐτοῖς
451 2101 476 2151 6
517 2103 747 2162 Ἰησοῦς,
770 2096 840 2155 ὡς
879 2092 962 2145 ἐπὶ
982 2099 1074 2144 τοῦ
1103 2090 1272 2149 τέλους
1302 2094 1394 2140 τοῦ
1422 2088 1556 2137 κατὰ
1587 2082 1849 2138 Ματθαίον

249 2187 565 2261 Εὖαγγελίου
592 2189 904 2259 γέγραπται.

315 2425 390 2475 Τὰ
420 2417 468 2473 δ’
507 2418 689 2492 ἐφεξῆς
712 2418 738 2468 ὁ
765 2418 855 2489 μεν
887 2414 1152 2471 Ματθαῖος
1175 2407 1444 2482 παρέλιπε,
1476 2406 1738 2475 συντεμὼν
1763 2404 1851 2458 τὴν

241 2517 362 2583 περὶ
391 2512 587 2562 τούτων
618 2504 875 2577 διήγησιν
904 2523 915 2534 ·
946 2504 971 2554 6
1004 2498 1062 2554 δε
1101 2502 1309 2572 Μάρκος
1337 2493 1636 2566 ἀπήγγειλε,
1663 2490 1852 2543 πλατύ-

239 2622 331 2661 νας
358 2603 444 2652 τὸν
467 2603 586 2672 περὶ
606 2599 798 2649 τούτων
826 2594 998 2665 λόγον.

311 2689 372 2741 Ὀ
403 2691 691 2746 πιστεύσας
723 2716 789 2725 -
842 2682 1309 2756 κατακριθήσεται.
1364 2675 1423 2727 Ὀ
1478 2674 1727 2731 πιτεύσας
1756 2673 1847 2721 καὶ

242 2778 560 2852 βαπτισθεὶς
605 2776 915 2841 σωθήσεται,
961 2774 1063 2841 εἳγε
1107 2772 1199 2825 τὴν
1252 2770 1433 2819 πίστιν
1463 2768 1553 2815 καὶ
1595 2764 1653 2813 τὸ
1711 2759 1848 2832 βάπ-

237 2888 409 2941 τισμα
431 2868 638 2939 καθαρὰ
685 2869 775 2917 καὶ
815 2860 1013 2915 οἷσπιλα
1057 2860 1396 2931 συντηρήσει,
1425 2854 1455 2913 ἡ
1503 2857 1592 2905 καὶ
1622 2851 1751 2923 μετὰ
1788 2851 1847 2900 τὸ

239 2958 508 3011 σπιλῶσαι
537 2956 834 3028 καθαρίσει.

313 3179 526 3227 Νοεῖται
583 3165 642 3223 δὲ
694 3171 780 3220 καὶ
838 3166 1019 3240 ἑτέρως
1048 3165 1073 3216 ὀ
1117 3163 1288 3234 λόγος,
1344 3158 1508 3213 ὅτιὉ
1557 3157 1848 3215 πιστεύσας
1881 3155 1923 3211 C

240 3268 331 3316 καὶ
370 3261 689 3334 βαπτισθεὶς
722 3258 1041 3319 σωθήσεταί,
1103 3256 1202 3323 εἴγε
1250 3254 1313 3303 τὰ
1344 3258 1439 3312 τῆς
1485 3252 1715 3308 πίστεως
1760 3251 1850 3297 καὶ

241 3357 308 3405 τὰ
357 3359 450 3404 τοῦ
509 3349 884 3424 βαπτὶσματος
924 3341 1259 3406 ἐπιδείξεται.
1307 3348 1486 3393 Ταῦτα
1535 3336 1594 3390 δέ
1647 3338 1777 3389 εἰσιν
1818 3338 1845 3394 ἡ

243 3443 471 3515 ἐργασία
503 3449 599 3493 τῶν
640 3437 849 3491 ἐντολῶν
884 3455 975 3488 του
1031 3438 1269 3508 Χριστοῦ
1318 3435 1406 3483 καὶ
1437 3431 1466 3487 ἠ
1503 3428 1702 3501 φυλακὴ
1736 3426 1850 3479 ἐαυ-

240 3541 335 3584 τοῦ
345 3576 357 3586 .

318 3623 432 3676 Οὐκ
476 3619 585 3673 εἰπε
635 3615 693 3671 δὲ
754 3618 834 3669 ὅτι
886 3615 943 3667 Ὀ
1002 3615 1292 3673 πιστεύσας
1350 3615 1522 3683 μόνον,
1583 3606 1705 3662 οὐδὲ
1770 3611 1850 3661 ὅτι

239 3716 298 3767 Ὀ
346 3711 669 3786 βαπτισθεὶς
736 3711 887 3778 μόνον
948 3720 959 3733 ·
1009 3702 1115 3754 ἀλλ’
1181 3701 1447 3774 ἀμφότερα
1513 3698 1781 3761 συνέζευξε
1832 3715 1846 3729 ο

242 3807 455 3875 θάτερον
503 3802 602 3873 γὰρ
666 3800 880 3868 θατέρου
938 3798 1104 3868 χωρὶς
1162 3792 1221 3843 ού
1279 3791 1437 3851 σώζει
1492 3792 1578 3842 τὸν
1644 3790 1849 3863 ἄνθρω-

238 3915 332 3946 πον
342 3932 356 3945 .

311 3986 511 4053 Σημεῖα
542 4010 603 4019 -
641 3973 1113 4049 παρακολουθήσει.
1172 3978 1294 4034 Τοῖς
1338 3971 1687 4023 πιστεύσασιν
1745 3967 1851 4039 ούχ

238 4071 437 4133 ἁπλῶς,
473 4067 581 4120 ἀλλ’
607 4071 677 4127 ὡς
707 4065 1005 4140 εἰρήκαμεν.
1042 4058 1169 4114 Εἶτα
1213 4061 1347 4132 λέγει
1385 4064 1475 4111 καὶ
1522 4063 1588 4111 τὰ
1633 4064 1847 4131 σημεῖα,

237 4166 379 4225 ἦτοι,
417 4161 682 4230 θαύματα.

307 4252 392 4303 Ἐν
416 4256 488 4316 τῷ
521 4246 738 4318 ὀνόματί
769 4263 868 4316 μου
895 4272 963 4283 -
993 4246 1214 4302 καιναῖς.
1246 4238 1514 4299 Γλώσσαις
1541 4232 1763 4301 ξέναις,δ
1770 4256 1849 4288 ια-

235 4340 431 4397 λέκτοις
464 4336 803 4389 ἀλλοεθνέσιν.

308 4428 488 4500 Ὀφεις
511 4424 723 4499 ἁροῦσι.
758 4420 1177 4495 Ἀφανίσουσιν’,
1212 4417 1545 4485 chalazia-mi)
1576 4422 1665 4469 καὶ
1697 4415 1849 4491 ἀροῦ-

238 4538 322 4570 σιν
358 4516 405 4568 ἐν
437 4515 550 4585 (86)
582 4518 728 4586 χειρὶ
768 4507 1072 4570 ἀκινδύνως.

311 4605 418 4659 Κᾶν
467 4633 532 4643 -—
848 4598 1016 4652 ιιολλὰ
1076 4605 1296 4650 τοιαῦτα
1354 4595 1558 4656 πολλοῖς
1614 4614 1844 4668 παρηκο-

230 4696 501 4753 λούθησαν
543 4693 738 4763 ἁγίοις,
767 4700 855 4741 και
879 4687 958 4741 ἀεὶ
987 4686 1444 4759 παρακολουθοῦσι
1482 4692 1591 4747 τοῖς
1638 4692 1845 4746 πιστοῖς

229 4790 347 4857 μὲν,
379 4785 624 4857 ἐργάταις
676 4777 734 4832 δὲ
781 4784 994 4831 καὶτῶν
1023 4775 1360 4847 εύαγγελικών
1393 4760 1623 4827 ἐντολῶν.
1660 4779 1849 4836 Πίστις

228 4879 331 4947 γὰρ
386 4877 559 4947 χωρὶς
616 4873 775 4944 ἔργων
829 4869 982 4942 νεκρά
1031 4865 1142 4918 ἐστι
1189 4868 1321 4917 κατά
1367 4870 1452 4917 τὸν
1512 4868 1670 4937 μέγαν
1736 4865 1848 4936 (87)

232 4962 456 5016 Παῦλον.

301 5054 424 5104 Ἐπὶ
449 5077 515 5090 -
550 5048 746 5111 ἕξουσι.
782 5049 875 5099 Διὰ
907 5055 1006 5098 τῶν
1027 5047 1283 5121 ῥηθέντων
1309 5050 1535 5117 σημείων
1553 5051 1642 5098 καὶ
1665 5049 1730 5098 τὰ
1754 5067 1851 5100 πα-

227 5139 609 5215 ραλελειμμένα
631 5133 1013 5208 ἐνέφηνεν.Εἶπε
1038 5137 1139 5207 γὰρ
1172 5133 1547 5209 καὶπρολαϐὼν
1582 5138 1661 5188 ὅτι
1681 5138 1851 5189 πάντα

231 5226 442 5283 δυνατά
466 5236 539 5299 τῷ
565 5228 864 5279 πιστεύοντι
878 5270 889 5282 ,

310 5470 356 5506 ⁸⁵
382 5468 584 5527 Matth.
616 5483 713 5535 xx,
753 5466 835 5523 19.
949 5465 998 5502 ⁸⁸
1025 5464 1221 5523 Matth.
1246 5481 1449 5534 xxxm,
1479 5467 1566 5523 16.

1681 5468 1854 5527 "Jac.
1878 5485 1935 5535 ll,
1966 5470 2036 5523 26

1953 559 2118 615 enim
2148 564 2207 614 et
2232 560 2486 613 Joannes
2514 573 2526 610 :
2557 557 2705 612 Cum
2733 571 2926 611 serum
2948 561 3082 611 esset
3113 555 3203 610 die
3220 554 3342 620 illo,
3378 553 3479 625 qui
3497 560 3617 609 erat

1952 665 2104 703 unus
2134 647 2541 713 Sabbatorum,
2569 652 2624 702 et
2650 647 2805 715 fores
2837 650 3025 701 essent
3051 644 3290 709 clausae,
3316 643 3418 699 ubi
3441 648 3618 700 erant

1953 737 2223 803 discipuli
2252 736 2594 805 congregati
2618 738 2863 803 prOpter
2891 740 3109 790 metum
3138 732 3614 799 Judaeorum,ve-

1953 828 2041 881 nit
2070 824 2253 889 Iesus,
2283 825 2439 881 stetit
2470 825 2533 879 in
2563 824 2768 889 medio,
2802 828 2857 879 et
2878 824 2961 879 ait
2991 822 3137 888 illis,
3186 823 3330 879 Pax
3360 823 3523 878 vobis
3544 823 3615 892 ⁸⁵,

1954 918 2065 970 etc.
2088 918 2249 970 Tunc
2273 914 2433 969 enim
2466 913 2843 985 exprobravit
2862 911 3342 967 incredulitatem
3371 911 3616 983 feorum,

1955 1003 2272 1075 cordisque
2293 1003 2589 1067 duritiem,
2616 1002 2737 1057 sive
2763 999 3447 1073 impersuasibilitatem:
3474 1002 3621 1072 quia

1955 1094 2046 1148 his
2074 1095 2176 1164 qui
2210 1093 2479 1147 viderant
2509 1108 2670 1159 eum,
2700 1097 3016 1163 postquam
3045 1095 3467 1156 resurrexerat,
3492 1105 3617 1146 non

1956 1182 2349 1248 crediderant,
2379 1186 2521 1253 puta
2548 1178 3161 1249 Magdalenaaetalteri
3184 1179 3402 1245 Mariae,
3436 1194 3507 1235 ac
3525 1178 3619 1234 his

1956 1272 2197 1327 duobus
2230 1271 2303 1325 de
2337 1270 2560 1342 quibus
2591 1268 2831 1340 scripsit
2860 1270 3111 1324 Marcus.
3138 1272 3341 1341 Itaque
3386 1269 3617 1325 Marcus

1956 1360 2177 1416 dictam
2209 1358 2736 1432 exprobrationem
2762 1358 3015 1430 scripsit.
3057 1356 3248 1415 Lucas
3272 1372 3414 1413 vero
3445 1362 3501 1413 et
3527 1357 3621 1414 Jo-

1956 1464 2144 1505 annes
2174 1450 2285 1505 hac
2314 1447 2731 1520 praetermissa,
2761 1446 3019 1504 aliarum
3040 1461 3239 1503 rerum
3301 1461 3432 1519 quae
3477 1450 3622 1503 tunc

1956 1538 2125 1595 factm
2151 1543 2310 1605 sunt,
2342 1537 2763 1594 meminerunt.

1577 1628 2026 1706 παραδραμόντες,
2095 1628 2275 1702 ἐτέρων
2337 1629 2661 1701 πραγμάτων
2711 1625 3098 1700 ἐμνημόνευσαν
3145 1631 3436 1686 τηνικαῦτα
3479 1645 3627 1701 γεγε-

2030 1901 2201 1955 Vers.
2245 1903 2333 1955 t5.
2374 1898 2451 1954 Et
2476 1896 2632 1953 dixit
2658 1927 2727 1938 —
2761 1900 3056 1953 creaturae.
3090 1895 3211 1952 Hoc
3248 1899 3336 1952 est
3375 1896 3439 1952 in
3486 1897 3624 1954 uni-

1960 2004 2195 2044 versum
2223 1987 2455 2044 orbem.
2498 1986 2642 2042 Dixit
2680 1992 2882 2041 autem
2904 1984 3020 2041 illis
3066 1984 3228 2041 hunc
3258 2001 3621 2053 sermonem,

1961 2094 2080 2134 non
2110 2083 2249 2133 tunc
2273 2092 2434 2144 sane,
2464 2075 2564 2131 sed
2589 2073 3001 2147 postmodum,
3024 2089 3165 2129 cum
3195 2073 3444 2146 profecti
3475 2078 3616 2132 sunt

1960 2167 2021 2223 in
2061 2166 2371 2222 Galilaeam
2398 2165 2458 2221 in
2489 2169 2776 2230 montem,
2810 2163 2870 2218 in
2898 2178 3021 2236 quo
3072 2162 3374 2218 constituit
3398 2162 3513 2219 illis
3531 2166 3625 2221 Je-

1962 2274 2083 2321 sus,
2133 2255 2310 2312 veluti
2343 2256 2501 2311 circa
2547 2254 2733 2309 ﬁnem
2771 2251 3068 2323 Evangelii
3111 2252 3443 2309 secundum
3481 2256 3622 2312 Mat-

1962 2349 2185 2404 thasum
2217 2347 2505 2420 scriptum
2540 2350 2627 2401 est
2648 2346 2721 2403 ⁸⁸.

2035 2440 2180 2502 Quae
2204 2451 2346 2491 vero
2384 2438 2719 2507 sequuntur
2748 2432 3051 2489 Matthaaus
3084 2431 3334 2505 quidem
3362 2430 3620 2506 reliquit,

1960 2527 2176 2582 horum
2209 2525 2551 2581 narratione
2571 2522 2940 2579 abbreviata.
2973 2524 3199 2579 Marcus
3226 2537 3368 2579 vero
3396 2523 3618 2590 retulit,

1960 2616 2207 2672 dilatato
2234 2615 2307 2671 de
2323 2615 2416 2670 his
2443 2627 2742 2669 sermone.
2802 2610 2803 2613 “

2029 2705 2198 2761 Vers.
2244 2708 2327 2761 l6.
2366 2702 2881 2770 Quicrediderit—
2902 2700 3405 2758 condemnabitur.
3432 2733 3498 2743 —
3518 2701 3625 2769 Qui

1959 2794 2275 2852 crediderit
2303 2799 2353 2847 et
2382 2793 2717 2862 baptizatus
2766 2791 2969 2860 fuerit,
3001 2792 3205 2848 salvus
3260 2790 3394 2856 erit,
3444 2792 3625 2848 modo

1957 2883 2141 2940 ﬁdem
2174 2899 2242 2939 ac
2271 2882 2641 2955 baptismum
2665 2880 2977 2953 impolluta
3034 2881 3492 2947 conservaverit,
3523 2886 3625 2939 aut

1960 2977 2095 3045 post
2113 2976 2447 3028 contractas
2472 2970 2682 3027 sordes
2718 2969 3136 3026 emundaverit
3160 2984 3233 3025 ac
3269 2970 3623 3042 puriﬁcave-

1956 3062 2055 3119 rit.

2030 3149 2374 3220 Intelligitur
2406 3150 2591 3203 autem
2622 3148 2872 3203 verbum
2902 3146 3011 3202 hoc
3033 3150 3089 3203 et
3114 3146 3234 3203 alio
3271 3146 3473 3214 modo,
3510 3147 3624 3217 Qui

1960 3240 2209 3297 crederit
2230 3247 2280 3295 et
2311 3238 2639 3305 baptizatus
2663 3236 2866 3307 fuerit,
2898 3236 3100 3293 salvus
3126 3235 3257 3299 erit,
3291 3237 3343 3292 si
3375 3252 3446 3293 ea
3478 3253 3617 3310 qua:

1960 3331 2096 3386 ﬁdei
2123 3332 2261 3384 sunt
2284 3343 2386 3399 per
2418 3326 2792 3398 baptismum
2823 3330 3140 3397 susceptae,
3172 3323 3623 3383 demonstrave-

1960 3421 2034 3476 rit
2064 3436 2078 3486 ;
2108 3419 2206 3475 illa
2242 3434 2384 3473 vero
2429 3420 2569 3471 sunt
2607 3416 2874 3488 operatio
2921 3414 3330 3472 mandatorum
3376 3415 3497 3482 Dei,
3549 3431 3622 3472 ac

1961 3509 2053 3565 sui
2093 3509 2278 3581 ipsius
2304 3506 2597 3563 custodia.

2032 3603 2159 3656 Non
2198 3597 2347 3654 dixit
2372 3601 2574 3654 autem
2595 3612 2607 3651 :
2630 3596 2737 3661 Qui
2760 3594 2958 3651 solum
2985 3594 3299 3651 crediderit
3331 3612 3345 3663 ;
3380 3609 3570 3668 neque
3601 3611 3616 3653 :

1961 3689 2064 3755 Qui
2089 3688 2425 3759 baptizatus
2458 3685 2649 3751 fuerit,
2698 3689 2950 3751 tantum,
2978 3683 3084 3739 sed
3134 3688 3455 3757 utrumque
3484 3701 3623 3742 con-

1956 3779 2153 3849 junxit
2182 3794 2194 3831 :
2229 3776 2483 3833 alterum
2512 3776 2666 3831 enim
2697 3774 2825 3831 sine
2857 3774 3042 3830 altero
3064 3789 3188 3830 non
3228 3773 3454 3831 salvum
3478 3774 3622 3834 facit

1959 3867 2290 3922 hominem.

2032 3974 2193 4029 Vers.
2231 3976 2320 4030 t7.
2366 3972 2537 4042 Signa
2590 4002 2658 4012 —
2688 3976 3124 4043 prosequentur.
3173 3973 3285 4026 Eos
3315 3971 3415 4043 qui
3440 3969 3623 4028 credi-

1959 4063 2189 4119 derint:
2222 4077 2345 4117 non
2368 4060 2737 4132 simpliciter,
2766 4060 2864 4115 sed
2906 4059 3057 4116 sicut
3097 4059 3362 4116 diximus.
3398 4060 3621 4118 Deinde

1959 4152 2128 4225 ponit
2148 4158 2204 4207 et
2234 4152 2427 4221 signa,
2452 4151 2576 4206 sive
2606 4149 2917 4205 miracula.

2029 4243 2189 4297 Vers.
2225 4243 2307 4296 t7.
2333 4243 2444 4297 Per
2472 4255 2685 4296 nomen
2706 4254 2918 4296 meum.
2954 4270 3023 4279 —
3048 4238 3235 4296 novis.
3266 4238 3621 4313 Linguispe—

1960 4331 2251 4400 regrinis:
2287 4329 2588 4386 idiomatis
2620 4329 2874 4385 aliarum
2916 4328 3205 4398 gentium.

2030 4422 2196 4477 Vers.
2234 4420 2316 4475 t8.
2362 4419 2659 4488 Serpentes
2692 4420 2930 4477 tollent.
2980 4416 3290 4483 Delebunt,
3324 4417 3617 4490 occident,

1882 4508 1928 4564 D
1962 4510 2259 4567 autetiam
2292 4510 2353 4565 in
2384 4507 2666 4564 manibus
2698 4508 2926 4580 absque
2957 4506 3212 4579 periculo
3240 4506 3547 4565 tenebunt.

2029 4601 2198 4656 Vers.
2248 4603 2329 4654 18.
2361 4598 2507 4653 Etsi
2544 4628 2611 4637 —
2636 4597 2868 4652 nocebit.
2923 4596 3099 4653 Multa
3141 4596 3284 4652 talia
3341 4596 3620 4669 plurimis

1960 4689 2335 4757 contigerunt
2360 4687 2603 4752 sanctis,
2624 4702 2975 4759 semperque
3000 4684 3617 4757 contiguntﬁdelibus,

1959 4780 2061 4851 qui
2087 4777 2356 4833 videlicet
2382 4782 2731 4832 exercentur
2771 4776 2832 4831 in
2868 4776 3230 4846 evangelicis
3257 4778 3571 4849 praeceptis
3604 4793 3617 4833 :

1961 4884 2102 4923 nam
2135 4867 2284 4923 ﬁdes
2302 4866 2429 4922 sine
2452 4865 2737 4937 operibus
2762 4870 3003 4922 mortua
3023 4871 3111 4922 est
3128 4866 3301 4937 juxta
3328 4882 3620 4938 magnum

1960 4958 2127 5013 illum
2159 4956 2452 5013 Iacobum
2483 4956 2550 5010 ³⁷.

2031 5048 2175 5102 Vers
2241 5050 2323 5101 18.
2388 5044 2566 5116 Super
2615 5076 2685 5087 —
2736 5044 3018 5101 habebunt.
3071 5045 3177 5100 Per
3226 5042 3385 5100 dicta
3427 5043 3616 5115 signa,

1960 5137 2141 5192 etiam
2168 5152 2240 5192 ea
2268 5136 2458 5191 innuit
2483 5150 2615 5207 quas
2646 5135 3042 5207 praetermissa
3076 5136 3235 5191 sunt.
3278 5131 3430 5189 Dixit
3450 5131 3615 5189 enim

1959 5226 2021 5284 in
2049 5224 2544 5298 praecedentibus,
2577 5223 2744 5297 quod
2769 5224 2976 5282 omnia
2995 5220 3310 5297 possibilia
3334 5226 3477 5280 sunt
3493 5237 3615 5280 cre-

1961 5314 2125 5372 denti
2154 5315 2222 5370 ⁸⁸.

2169 5468 2217 5504 ⁸⁸
2239 5469 2413 5524 Marc.
2446 5481 2526 5534 ιχ,
2546 5466 2635 5523 23.

1464 5592 1693 5661 Variae
1724 5593 2052 5661 lectiones
2099 5602 2165 5660 et
2196 5602 2399 5661 notae.

314 5740 425 5813 (86)
467 5742 662 5817 Χερσίν
694 5734 879 5794 habet
900 5733 1222 5792 Hentenius
1248 5734 1309 5791 in
1342 5734 1849 5809 interpretatione.

2034 5737 2149 5809 (87)
2175 5737 2301 5793 Imo
2322 5735 2587 5802 Ἰάκωϐον,
2620 5734 3026 5809 ιιιᾘοειιοτιὶιιε
3054 5734 3259 5795 habet.
