  <div class='ocr_page' id='page_1' title='image "/cluster/home/n/w/nwhite01/storage/ocr_20150623/129/coo.31924054870344/435.png"; bbox 0 0 4074 6388; ppageno 0'>
   <div class='ocr_carea' id='block_1_1' title="bbox 409 292 2455 366">
    <p class='ocr_par' dir='ltr' id='par_1_1' title="bbox 409 292 2455 366">
     <span class='ocr_line' id='line_1_1' title="bbox 409 292 2455 366; baseline -0.007 -3"><span class='ocrx_word' id='word_1_1' title='bbox 409 306 510 366; x_wconf 81' lang='grc'>851</span> <span class='ocrx_word' id='word_1_2' title='bbox 1720 293 2079 353; x_wconf 87' lang='lat' dir='ltr'><strong>EUTHYMII</strong></span> <span class='ocrx_word' id='word_1_3' title='bbox 2121 292 2455 350; x_wconf 84' lang='lat' dir='ltr'>ZIGABENI</span> 
     </span>
    </p>
   </div>
   <div class='ocr_carea' id='block_1_2' title="bbox 482 419 2160 497">
    <p class='ocr_par' dir='ltr' id='par_1_2' title="bbox 482 419 2160 497">
     <span class='ocr_line' id='line_1_2' title="bbox 482 419 2160 497; baseline -0.007 -12"><span class='ocrx_word' id='word_1_4' title='bbox 482 433 647 487; x_wconf 89' lang='lat' dir='ltr'>Vers.</span> <span class='ocrx_word' id='word_1_5' title='bbox 682 432 766 486; x_wconf 82' lang='grc'>19.</span> <span class='ocrx_word' id='word_1_6' title='bbox 818 428 1083 484; x_wconf 76' lang='lat' dir='ltr'>Dominus</span> <span class='ocrx_word' id='word_1_7' title='bbox 1124 427 1304 497; x_wconf 74' lang='lat' dir='ltr'>itaque</span> <span class='ocrx_word' id='word_1_8' title='bbox 1336 456 1394 467; x_wconf 95' lang='lat'><strong><em>—</em></strong></span> <span class='ocrx_word' id='word_1_9' title='bbox 1424 424 1632 480; x_wconf 69' lang='lat' dir='ltr'>caelum.</span> <span class='ocrx_word' id='word_1_10' title='bbox 1677 452 1746 464; x_wconf 91' lang='lat'>—</span> <span class='ocrx_word' id='word_1_11' title='bbox 1791 424 2080 492; x_wconf 82' lang='lat' dir='ltr'>Postquam</span> <span class='ocrx_word' id='word_1_12' title='bbox 2113 419 2160 472; x_wconf 86' lang='lat' dir='ltr'><strong>A</strong></span> 
     </span>
    </p>
   </div>
   <div class='ocr_carea' id='block_1_3' title="bbox 412 510 2075 587">
    <p class='ocr_par' dir='ltr' id='par_1_3' title="bbox 412 510 2075 587">
     <span class='ocr_line' id='line_1_3' title="bbox 412 510 2075 587; baseline -0.007 -10"><span class='ocrx_word' id='word_1_13' title='bbox 412 520 618 577; x_wconf 79' lang='lat' dir='ltr'>locutus</span> <span class='ocrx_word' id='word_1_14' title='bbox 641 526 735 587; x_wconf 81' lang='lat' dir='ltr'>est,</span> <span class='ocrx_word' id='word_1_15' title='bbox 768 536 884 575; x_wconf 91' lang='lat' dir='ltr'>non</span> <span class='ocrx_word' id='word_1_16' title='bbox 940 519 1069 574; x_wconf 72' lang='lat' dir='ltr'>haec</span> <span class='ocrx_word' id='word_1_17' title='bbox 1124 517 1340 581; x_wconf 88' lang='lat' dir='ltr'>solum,</span> <span class='ocrx_word' id='word_1_18' title='bbox 1384 516 1490 570; x_wconf 89' lang='lat' dir='ltr'>sed</span> <span class='ocrx_word' id='word_1_19' title='bbox 1532 520 1587 569; x_wconf 92' lang='lat' dir='ltr'>et</span> <span class='ocrx_word' id='word_1_20' title='bbox 1616 514 1819 570; x_wconf 84' lang='lat' dir='ltr'>omnia</span> <span class='ocrx_word' id='word_1_21' title='bbox 1876 510 2075 576; x_wconf 89' lang='lat' dir='ltr'>verba,</span> 
     </span>
    </p>
   </div>
   <div class='ocr_carea' id='block_1_4' title="bbox 411 604 2079 684">
    <p class='ocr_par' dir='ltr' id='par_1_4' title="bbox 411 604 2079 684">
     <span class='ocr_line' id='line_1_4' title="bbox 411 604 2079 684; baseline -0.007 -18"><span class='ocrx_word' id='word_1_22' title='bbox 411 614 709 684; x_wconf 86' lang='lat' dir='ltr'>quotquot</span> <span class='ocrx_word' id='word_1_23' title='bbox 735 610 819 664; x_wconf 90' lang='lat' dir='ltr'>eis</span> <span class='ocrx_word' id='word_1_24' title='bbox 850 609 1085 663; x_wconf 90' lang='lat' dir='ltr'>locutus</span> <span class='ocrx_word' id='word_1_25' title='bbox 1118 611 1204 660; x_wconf 87' lang='lat' dir='ltr'>est</span> <span class='ocrx_word' id='word_1_26' title='bbox 1235 622 1271 660; x_wconf 93' lang='lat' dir='ltr'>a</span> <span class='ocrx_word' id='word_1_27' title='bbox 1302 604 1396 659; x_wconf 88' lang='lat' dir='ltr'>die</span> <span class='ocrx_word' id='word_1_28' title='bbox 1428 604 1905 659; x_wconf 82' lang='lat' dir='ltr'>ressurrectionis</span> <span class='ocrx_word' id='word_1_29' title='bbox 1934 617 2079 663; x_wconf 63' lang='lat' dir='ltr'>suae,</span> 
     </span>
    </p>
   </div>
   <div class='ocr_carea' id='block_1_5' title="bbox 412 691 2080 770">
    <p class='ocr_par' dir='ltr' id='par_1_5' title="bbox 412 691 2080 770">
     <span class='ocr_line' id='line_1_5' title="bbox 412 691 2080 770; baseline -0.007 -13"><span class='ocrx_word' id='word_1_30' title='bbox 412 701 609 757; x_wconf 91' lang='lat' dir='ltr'>donec</span> <span class='ocrx_word' id='word_1_31' title='bbox 634 699 913 770; x_wconf 90' lang='lat' dir='ltr'>completi</span> <span class='ocrx_word' id='word_1_32' title='bbox 946 702 1084 751; x_wconf 92' lang='lat' dir='ltr'>sunt</span> <span class='ocrx_word' id='word_1_33' title='bbox 1130 695 1533 766; x_wconf 83' lang='lat' dir='ltr'>quadraginta</span> <span class='ocrx_word' id='word_1_34' title='bbox 1564 693 1711 759; x_wconf 86' lang='lat' dir='ltr'>dies,</span> <span class='ocrx_word' id='word_1_35' title='bbox 1766 693 1825 747; x_wconf 94' lang='lat' dir='ltr'>in</span> <span class='ocrx_word' id='word_1_36' title='bbox 1857 691 2080 763; x_wconf 88' lang='lat' dir='ltr'>quibus</span> 
     </span>
    </p>
   </div>
   <div class='ocr_carea' id='block_1_6' title="bbox 413 783 2078 863">
    <p class='ocr_par' dir='ltr' id='par_1_6' title="bbox 413 783 2078 863">
     <span class='ocr_line' id='line_1_6' title="bbox 413 783 2078 863; baseline -0.006 -16"><span class='ocrx_word' id='word_1_37' title='bbox 413 791 743 863; x_wconf 78' lang='lat' dir='ltr'>apparebat</span> <span class='ocrx_word' id='word_1_38' title='bbox 772 786 1099 859; x_wconf 88' lang='lat' dir='ltr'>discipulis,</span> <span class='ocrx_word' id='word_1_39' title='bbox 1133 790 1189 840; x_wconf 91' lang='lat' dir='ltr'>et</span> <span class='ocrx_word' id='word_1_40' title='bbox 1220 783 1688 840; x_wconf 88' lang='lat' dir='ltr'>conversabatur</span> <span class='ocrx_word' id='word_1_41' title='bbox 1722 799 1860 839; x_wconf 91' lang='lat' dir='ltr'>eum</span> <span class='ocrx_word' id='word_1_42' title='bbox 1892 783 1976 837; x_wconf 91' lang='lat' dir='ltr'>eis</span> <span class='ocrx_word' id='word_1_43' title='bbox 2009 783 2078 838; x_wconf 71' lang='grc'>⁸9.</span> 
     </span>
    </p>
   </div>
   <div class='ocr_carea' id='block_1_7' title="bbox 486 978 2082 1051">
    <p class='ocr_par' dir='ltr' id='par_1_7' title="bbox 486 978 2082 1051">
     <span class='ocr_line' id='line_1_7' title="bbox 486 978 2082 1051; baseline -0.005 -10"><span class='ocrx_word' id='word_1_44' title='bbox 486 986 740 1043; x_wconf 89' lang='lat' dir='ltr'>Dictium</span> <span class='ocrx_word' id='word_1_45' title='bbox 778 988 866 1041; x_wconf 91' lang='lat' dir='ltr'>est</span> <span class='ocrx_word' id='word_1_46' title='bbox 891 986 1091 1041; x_wconf 86' lang='lat' dir='ltr'>autem</span> <span class='ocrx_word' id='word_1_47' title='bbox 1117 981 1193 1037; x_wconf 91' lang='lat' dir='ltr'>de</span> <span class='ocrx_word' id='word_1_48' title='bbox 1236 980 1654 1051; x_wconf 87' lang='lat' dir='ltr'>assumptione</span> <span class='ocrx_word' id='word_1_49' title='bbox 1680 995 1787 1035; x_wconf 84' lang='lat' dir='ltr'>sua</span> <span class='ocrx_word' id='word_1_50' title='bbox 1817 980 1991 1035; x_wconf 89' lang='lat' dir='ltr'>etiam</span> <span class='ocrx_word' id='word_1_51' title='bbox 2020 978 2082 1034; x_wconf 92' lang='lat' dir='ltr'>in</span> 
     </span>
    </p>
   </div>
   <div class='ocr_carea' id='block_1_8' title="bbox 412 1071 1437 1144">
    <p class='ocr_par' dir='ltr' id='par_1_8' title="bbox 412 1071 1437 1144">
     <span class='ocr_line' id='line_1_8' title="bbox 412 1071 1437 1144; baseline -0.008 -11"><span class='ocrx_word' id='word_1_52' title='bbox 412 1076 534 1133; x_wconf 88' lang='lat' dir='ltr'>ﬁne</span> <span class='ocrx_word' id='word_1_53' title='bbox 565 1074 867 1144; x_wconf 84' lang='lat' dir='ltr'>Evangelii</span> <span class='ocrx_word' id='word_1_54' title='bbox 891 1075 1065 1144; x_wconf 82' lang='lat' dir='ltr'>juxta</span> <span class='ocrx_word' id='word_1_55' title='bbox 1090 1071 1437 1128; x_wconf 81' lang='lat' dir='ltr'>Matthaeum.</span> 
     </span>
    </p>
   </div>
   <div class='ocr_carea' id='block_1_9' title="bbox 485 1161 2081 1233">
    <p class='ocr_par' dir='ltr' id='par_1_9' title="bbox 485 1161 2081 1233">
     <span class='ocr_line' id='line_1_9' title="bbox 485 1161 2081 1233; baseline -0.005 -12"><span class='ocrx_word' id='word_1_56' title='bbox 485 1170 647 1222; x_wconf 87' lang='lat' dir='ltr'>Vers.</span> <span class='ocrx_word' id='word_1_57' title='bbox 685 1170 774 1222; x_wconf 79' lang='grc'>19.</span> <span class='ocrx_word' id='word_1_58' title='bbox 812 1165 886 1220; x_wconf 85' lang='grc' dir='ltr'>Ει</span> <span class='ocrx_word' id='word_1_59' title='bbox 929 1164 1065 1218; x_wconf 80' lang='lat' dir='ltr'>sedit</span> <span class='ocrx_word' id='word_1_60' title='bbox 1106 1193 1174 1202; x_wconf 90' lang='lat'><strong><em>—</em></strong></span> <span class='ocrx_word' id='word_1_61' title='bbox 1222 1161 1349 1217; x_wconf 75' lang='lat' dir='ltr'>Dei.</span> <span class='ocrx_word' id='word_1_62' title='bbox 1386 1161 1562 1233; x_wconf 83' lang='lat' dir='ltr'>Atqui</span> <span class='ocrx_word' id='word_1_63' title='bbox 1602 1164 1753 1216; x_wconf 87' lang='lat' dir='ltr'>Deus</span> <span class='ocrx_word' id='word_1_64' title='bbox 1806 1164 1862 1215; x_wconf 90' lang='lat' dir='ltr'>et</span> <span class='ocrx_word' id='word_1_65' title='bbox 1914 1162 2081 1214; x_wconf 87' lang='lat' dir='ltr'>Pater</span> 
     </span>
    </p>
   </div>
   <div class='ocr_carea' id='block_1_10' title="bbox 416 1249 2082 1327">
    <p class='ocr_par' dir='ltr' id='par_1_10' title="bbox 416 1249 2082 1327">
     <span class='ocr_line' id='line_1_10' title="bbox 416 1249 2082 1327; baseline -0.005 -15"><span class='ocrx_word' id='word_1_66' title='bbox 416 1256 543 1327; x_wconf 85' lang='lat' dir='ltr'>ejus</span> <span class='ocrx_word' id='word_1_67' title='bbox 566 1270 705 1310; x_wconf 88' lang='lat' dir='ltr'>cum</span> <span class='ocrx_word' id='word_1_68' title='bbox 728 1254 800 1310; x_wconf 90' lang='lat' dir='ltr'>sit</span> <span class='ocrx_word' id='word_1_69' title='bbox 827 1254 1239 1325; x_wconf 88' lang='lat' dir='ltr'>incorporeus,</span> <span class='ocrx_word' id='word_1_70' title='bbox 1260 1267 1648 1323; x_wconf 88' lang='lat' dir='ltr'>nequaquam</span> <span class='ocrx_word' id='word_1_71' title='bbox 1667 1251 1871 1306; x_wconf 88' lang='lat' dir='ltr'>dextra</span> <span class='ocrx_word' id='word_1_72' title='bbox 1899 1249 2082 1305; x_wconf 89' lang='lat' dir='ltr'>habet</span> 
     </span>
    </p>
   </div>
   <div class='ocr_carea' id='block_1_11' title="bbox 414 1340 2075 1415">
    <p class='ocr_par' dir='ltr' id='par_1_11' title="bbox 414 1340 2075 1415">
     <span class='ocr_line' id='line_1_11' title="bbox 414 1340 2075 1415; baseline -0.003 -15"><span class='ocrx_word' id='word_1_73' title='bbox 414 1347 511 1400; x_wconf 89' lang='lat' dir='ltr'>aut</span> <span class='ocrx_word' id='word_1_74' title='bbox 549 1343 792 1399; x_wconf 89' lang='lat' dir='ltr'>sinistra</span> <span class='ocrx_word' id='word_1_75' title='bbox 831 1359 845 1408; x_wconf 90' lang='lat'><strong>;</strong></span> <span class='ocrx_word' id='word_1_76' title='bbox 885 1342 943 1397; x_wconf 89' lang='lat' dir='ltr'>hi</span> <span class='ocrx_word' id='word_1_77' title='bbox 973 1357 1242 1415; x_wconf 82' lang='lat' dir='ltr'>namque</span> <span class='ocrx_word' id='word_1_78' title='bbox 1270 1340 1506 1397; x_wconf 88' lang='lat' dir='ltr'>habitus</span> <span class='ocrx_word' id='word_1_79' title='bbox 1550 1344 1687 1396; x_wconf 92' lang='lat' dir='ltr'>sunt</span> <span class='ocrx_word' id='word_1_80' title='bbox 1736 1356 2075 1410; x_wconf 83' lang='lat' dir='ltr'>corporum.</span> 
     </span>
    </p>
   </div>
   <div class='ocr_carea' id='block_1_12' title="bbox 414 1429 2077 1505">
    <p class='ocr_par' dir='ltr' id='par_1_12' title="bbox 414 1429 2077 1505">
     <span class='ocr_line' id='line_1_12' title="bbox 414 1429 2077 1505; baseline -0.002 -16"><span class='ocrx_word' id='word_1_81' title='bbox 414 1433 733 1505; x_wconf 81' lang='lat' dir='ltr'>Reliquum</span> <span class='ocrx_word' id='word_1_82' title='bbox 759 1435 845 1487; x_wconf 90' lang='lat' dir='ltr'>est</span> <span class='ocrx_word' id='word_1_83' title='bbox 869 1448 1028 1502; x_wconf 89' lang='lat' dir='ltr'>ergo,</span> <span class='ocrx_word' id='word_1_84' title='bbox 1063 1436 1126 1487; x_wconf 91' lang='lat' dir='ltr'>ut</span> <span class='ocrx_word' id='word_1_85' title='bbox 1158 1431 1366 1485; x_wconf 90' lang='lat' dir='ltr'>sedere</span> <span class='ocrx_word' id='word_1_86' title='bbox 1392 1431 1595 1501; x_wconf 87' lang='lat' dir='ltr'>ipsius,</span> <span class='ocrx_word' id='word_1_87' title='bbox 1657 1429 1916 1501; x_wconf 87' lang='lat' dir='ltr'>requiem</span> <span class='ocrx_word' id='word_1_88' title='bbox 1950 1446 2077 1485; x_wconf 86' lang='lat' dir='ltr'>ma-</span> 
     </span>
    </p>
   </div>
   <div class='ocr_carea' id='block_1_13' title="bbox 413 1519 2081 1589">
    <p class='ocr_par' dir='ltr' id='par_1_13' title="bbox 413 1519 2081 1589">
     <span class='ocr_line' id='line_1_13' title="bbox 413 1519 2081 1589; baseline -0.002 -11"><span class='ocrx_word' id='word_1_89' title='bbox 413 1522 655 1578; x_wconf 90' lang='lat' dir='ltr'>nifestet</span> <span class='ocrx_word' id='word_1_90' title='bbox 679 1538 747 1577; x_wconf 90' lang='lat' dir='ltr'>ac</span> <span class='ocrx_word' id='word_1_91' title='bbox 769 1521 1105 1576; x_wconf 87' lang='lat' dir='ltr'>fruitionem</span> <span class='ocrx_word' id='word_1_92' title='bbox 1136 1519 1321 1575; x_wconf 88' lang='lat' dir='ltr'>divini</span> <span class='ocrx_word' id='word_1_93' title='bbox 1340 1519 1523 1589; x_wconf 87' lang='lat' dir='ltr'>regni.</span> <span class='ocrx_word' id='word_1_94' title='bbox 1559 1521 1730 1586; x_wconf 88' lang='lat' dir='ltr'>Quod</span> <span class='ocrx_word' id='word_1_95' title='bbox 1753 1523 1952 1575; x_wconf 86' lang='lat' dir='ltr'>autem</span> <span class='ocrx_word' id='word_1_96' title='bbox 1977 1519 2081 1575; x_wconf 85' lang='lat' dir='ltr'>ad-</span> 
     </span>
    </p>
   </div>
   <div class='ocr_carea' id='block_1_14' title="bbox 416 1609 2078 1679">
    <p class='ocr_par' dir='ltr' id='par_1_14' title="bbox 416 1609 2078 1679">
     <span class='ocr_line' id='line_1_14' title="bbox 416 1609 2078 1679; baseline -0.002 -12"><span class='ocrx_word' id='word_1_97' title='bbox 416 1611 573 1679; x_wconf 86' lang='lat' dir='ltr'>ditur</span> <span class='ocrx_word' id='word_1_98' title='bbox 606 1628 620 1666; x_wconf 88' lang='lat'><strong>:</strong></span> <span class='ocrx_word' id='word_1_99' title='bbox 649 1611 696 1665; x_wconf 83' lang='lat' dir='ltr'><strong><em>A</em></strong></span> <span class='ocrx_word' id='word_1_100' title='bbox 727 1610 939 1665; x_wconf 69' lang='lat' dir='ltr'>dextris</span> <span class='ocrx_word' id='word_1_101' title='bbox 972 1611 1098 1673; x_wconf 79' lang='lat' dir='ltr'>Dei,</span> <span class='ocrx_word' id='word_1_102' title='bbox 1135 1609 1575 1666; x_wconf 86' lang='lat' dir='ltr'>familaritatem</span> <span class='ocrx_word' id='word_1_103' title='bbox 1615 1609 1865 1667; x_wconf 86' lang='lat' dir='ltr'>denotat</span> <span class='ocrx_word' id='word_1_104' title='bbox 1905 1624 1975 1665; x_wconf 91' lang='lat' dir='ltr'>ac</span> <span class='ocrx_word' id='word_1_105' title='bbox 1999 1624 2078 1663; x_wconf 71' lang='lat' dir='ltr'>a3-</span> 
     </span>
    </p>
   </div>
   <div class='ocr_carea' id='block_1_15' title="bbox 417 1700 1353 1774">
    <p class='ocr_par' dir='ltr' id='par_1_15' title="bbox 417 1700 1353 1774">
     <span class='ocr_line' id='line_1_15' title="bbox 417 1700 1353 1774; baseline -0.003 -18"><span class='ocrx_word' id='word_1_106' title='bbox 417 1700 651 1774; x_wconf 87' lang='lat' dir='ltr'>qualem</span> <span class='ocrx_word' id='word_1_107' title='bbox 683 1716 820 1755; x_wconf 90' lang='lat' dir='ltr'>cum</span> <span class='ocrx_word' id='word_1_108' title='bbox 849 1703 1013 1755; x_wconf 86' lang='lat' dir='ltr'>Patre</span> <span class='ocrx_word' id='word_1_109' title='bbox 1042 1700 1353 1755; x_wconf 88' lang='lat' dir='ltr'>honorem.</span> 
     </span>
    </p>
   </div>
   <div class='ocr_carea' id='block_1_16' title="bbox 486 1788 2082 1860">
    <p class='ocr_par' dir='ltr' id='par_1_16' title="bbox 486 1788 2082 1860">
     <span class='ocr_line' id='line_1_16' title="bbox 486 1788 2082 1860; baseline -0.001 -13"><span class='ocrx_word' id='word_1_110' title='bbox 486 1792 676 1860; x_wconf 74' lang='lat' dir='ltr'>+Non</span> <span class='ocrx_word' id='word_1_111' title='bbox 728 1793 959 1844; x_wconf 87' lang='lat' dir='ltr'>tantum</span> <span class='ocrx_word' id='word_1_112' title='bbox 1008 1789 1069 1844; x_wconf 92' lang='lat' dir='ltr'>in</span> <span class='ocrx_word' id='word_1_113' title='bbox 1121 1789 1343 1845; x_wconf 84' lang='lat' dir='ltr'>dextris</span> <span class='ocrx_word' id='word_1_114' title='bbox 1399 1788 1583 1845; x_wconf 87' lang='lat' dir='ltr'>Patris</span> <span class='ocrx_word' id='word_1_115' title='bbox 1615 1789 1819 1845; x_wconf 90' lang='lat' dir='ltr'>sedere</span> <span class='ocrx_word' id='word_1_116' title='bbox 1869 1789 2082 1845; x_wconf 91' lang='lat' dir='ltr'>dicitur</span> 
     </span>
    </p>
   </div>
   <div class='ocr_carea' id='block_1_17' title="bbox 416 1878 2080 1949">
    <p class='ocr_par' dir='ltr' id='par_1_17' title="bbox 416 1878 2080 1949">
     <span class='ocr_line' id='line_1_17' title="bbox 416 1878 2080 1949; baseline -0.001 -14"><span class='ocrx_word' id='word_1_117' title='bbox 416 1879 611 1944; x_wconf 88' lang='lat' dir='ltr'>Filius,</span> <span class='ocrx_word' id='word_1_118' title='bbox 638 1894 845 1934; x_wconf 88' lang='lat' dir='ltr'>verum</span> <span class='ocrx_word' id='word_1_119' title='bbox 876 1878 1042 1934; x_wconf 87' lang='lat' dir='ltr'>etiam</span> <span class='ocrx_word' id='word_1_120' title='bbox 1074 1884 1263 1933; x_wconf 83' lang='lat' dir='ltr'>stare:</span> <span class='ocrx_word' id='word_1_121' title='bbox 1296 1878 1817 1949; x_wconf 89' lang='lat' dir='ltr'>quemadmodum</span> <span class='ocrx_word' id='word_1_122' title='bbox 1844 1879 1904 1934; x_wconf 92' lang='lat' dir='ltr'>in</span> <span class='ocrx_word' id='word_1_123' title='bbox 1926 1879 2080 1935; x_wconf 89' lang='lat' dir='ltr'>libro</span> 
     </span>
    </p>
   </div>
   <div class='ocr_carea' id='block_1_18' title="bbox 413 1968 2080 2040">
    <p class='ocr_par' dir='ltr' id='par_1_18' title="bbox 413 1968 2080 2040">
     <span class='ocr_line' id='line_1_18' title="bbox 413 1968 2080 2040; baseline 0.001 -17"><span class='ocrx_word' id='word_1_124' title='bbox 413 1970 696 2025; x_wconf 85' lang='lat' dir='ltr'>Actorum</span> <span class='ocrx_word' id='word_1_125' title='bbox 720 1968 870 2024; x_wconf 84' lang='lat' dir='ltr'>dixit</span> <span class='ocrx_word' id='word_1_126' title='bbox 905 1968 1241 2040; x_wconf 88' lang='lat' dir='ltr'>Stephanus</span> <span class='ocrx_word' id='word_1_127' title='bbox 1274 1970 1321 2003; x_wconf 81' lang='grc'>⁹⁰</span> <span class='ocrx_word' id='word_1_128' title='bbox 1351 1985 1365 2035; x_wconf 88' lang='grc'>;</span> <span class='ocrx_word' id='word_1_129' title='bbox 1398 1973 1464 2023; x_wconf 93' lang='lat' dir='ltr'>ut</span> <span class='ocrx_word' id='word_1_130' title='bbox 1492 1968 1659 2024; x_wconf 91' lang='lat' dir='ltr'>illiud</span> <span class='ocrx_word' id='word_1_131' title='bbox 1698 1968 1946 2040; x_wconf 89' lang='lat' dir='ltr'>quidem</span> <span class='ocrx_word' id='word_1_132' title='bbox 1991 1985 2080 2024; x_wconf 89' lang='lat' dir='ltr'>re-</span> 
     </span>
    </p>
   </div>
   <div class='ocr_carea' id='block_1_19' title="bbox 415 2057 2083 2130">
    <p class='ocr_par' dir='ltr' id='par_1_19' title="bbox 415 2057 2083 2130">
     <span class='ocr_line' id='line_1_19' title="bbox 415 2057 2083 2130; baseline 0 -16"><span class='ocrx_word' id='word_1_133' title='bbox 415 2058 613 2130; x_wconf 89' lang='lat' dir='ltr'>quiem</span> <span class='ocrx_word' id='word_1_134' title='bbox 639 2058 913 2127; x_wconf 82' lang='lat' dir='ltr'>designet</span> <span class='ocrx_word' id='word_1_135' title='bbox 977 2057 1583 2124; x_wconf 87' lang='lat' dir='ltr'>intransmutabilem,</span> <span class='ocrx_word' id='word_1_136' title='bbox 1612 2058 1727 2114; x_wconf 88' lang='lat' dir='ltr'>hoc</span> <span class='ocrx_word' id='word_1_137' title='bbox 1766 2063 1965 2114; x_wconf 89' lang='lat' dir='ltr'>autem</span> <span class='ocrx_word' id='word_1_138' title='bbox 1992 2058 2083 2114; x_wconf 87' lang='lat' dir='ltr'>ﬁr-</span> 
     </span>
    </p>
   </div>
   <div class='ocr_carea' id='block_1_20' title="bbox 413 2145 2081 2203">
    <p class='ocr_par' dir='ltr' id='par_1_20' title="bbox 413 2145 2081 2203">
     <span class='ocr_line' id='line_1_20' title="bbox 413 2145 2081 2203; baseline 0.001 -1"><span class='ocrx_word' id='word_1_139' title='bbox 413 2162 579 2202; x_wconf 91' lang='lat' dir='ltr'>mam</span> <span class='ocrx_word' id='word_1_140' title='bbox 611 2163 679 2202; x_wconf 90' lang='lat' dir='ltr'>ac</span> <span class='ocrx_word' id='word_1_141' title='bbox 711 2146 976 2201; x_wconf 88' lang='lat' dir='ltr'>divinam</span> <span class='ocrx_word' id='word_1_142' title='bbox 1028 2146 1086 2200; x_wconf 92' lang='lat' dir='ltr'>in</span> <span class='ocrx_word' id='word_1_143' title='bbox 1121 2145 1281 2201; x_wconf 91' lang='lat' dir='ltr'>bono</span> <span class='ocrx_word' id='word_1_144' title='bbox 1332 2145 1865 2202; x_wconf 83' lang='lat' dir='ltr'>conﬁrmationem.</span> <span class='ocrx_word' id='word_1_145' title='bbox 1916 2148 2081 2203; x_wconf 90' lang='lat' dir='ltr'>Unde</span> 
     </span>
    </p>
   </div>
   <div class='ocr_carea' id='block_1_21' title="bbox 413 2233 2080 2305">
    <p class='ocr_par' dir='ltr' id='par_1_21' title="bbox 413 2233 2080 2305">
     <span class='ocr_line' id='line_1_21' title="bbox 413 2233 2080 2305; baseline 0 -14"><span class='ocrx_word' id='word_1_146' title='bbox 413 2234 581 2291; x_wconf 91' lang='lat' dir='ltr'>nulla</span> <span class='ocrx_word' id='word_1_147' title='bbox 610 2233 962 2305; x_wconf 89' lang='lat' dir='ltr'>hujusmodi</span> <span class='ocrx_word' id='word_1_148' title='bbox 1000 2233 1319 2288; x_wconf 88' lang='lat' dir='ltr'>verborum</span> <span class='ocrx_word' id='word_1_149' title='bbox 1352 2234 1692 2290; x_wconf 88' lang='lat' dir='ltr'>immutatio</span> <span class='ocrx_word' id='word_1_150' title='bbox 1730 2235 1924 2291; x_wconf 90' lang='lat' dir='ltr'>reddit</span> <span class='ocrx_word' id='word_1_151' title='bbox 1980 2236 2080 2291; x_wconf 88' lang='lat' dir='ltr'>ali-</span> 
     </span>
    </p>
   </div>
   <div class='ocr_carea' id='block_1_22' title="bbox 413 2323 2083 2397">
    <p class='ocr_par' dir='ltr' id='par_1_22' title="bbox 413 2323 2083 2397">
     <span class='ocr_line' id='line_1_22' title="bbox 413 2323 2083 2397; baseline 0.001 -18"><span class='ocrx_word' id='word_1_152' title='bbox 413 2340 599 2397; x_wconf 90' lang='lat' dir='ltr'>quam</span> <span class='ocrx_word' id='word_1_153' title='bbox 632 2323 938 2378; x_wconf 70' lang='lat' dir='ltr'>sententiae</span> <span class='ocrx_word' id='word_1_154' title='bbox 964 2323 1390 2378; x_wconf 87' lang='lat' dir='ltr'>diversitatem.</span> <span class='ocrx_word' id='word_1_155' title='bbox 1430 2324 1716 2379; x_wconf 69' lang='lat' dir='ltr'>Praeterea</span> <span class='ocrx_word' id='word_1_156' title='bbox 1751 2341 1887 2381; x_wconf 92' lang='lat' dir='ltr'>cum</span> <span class='ocrx_word' id='word_1_157' title='bbox 1936 2326 2083 2381; x_wconf 82' lang='lat' dir='ltr'>dixit</span> 
     </span>
    </p>
   </div>
   <div class='ocr_carea' id='block_1_23' title="bbox 416 2412 2081 2477">
    <p class='ocr_par' dir='ltr' id='par_1_23' title="bbox 416 2412 2081 2477">
     <span class='ocr_line' id='line_1_23' title="bbox 416 2412 2081 2477; baseline 0.002 -8"><span class='ocrx_word' id='word_1_158' title='bbox 416 2418 570 2469; x_wconf 86' lang='lat' dir='ltr'>stare</span> <span class='ocrx_word' id='word_1_159' title='bbox 597 2412 829 2477; x_wconf 89' lang='lat' dir='ltr'>Filium,</span> <span class='ocrx_word' id='word_1_160' title='bbox 863 2427 985 2467; x_wconf 94' lang='lat' dir='ltr'>non</span> <span class='ocrx_word' id='word_1_161' title='bbox 1017 2412 1168 2467; x_wconf 83' lang='lat' dir='ltr'>dixit</span> <span class='ocrx_word' id='word_1_162' title='bbox 1208 2412 1409 2469; x_wconf 88' lang='lat' dir='ltr'>sedere</span> <span class='ocrx_word' id='word_1_163' title='bbox 1436 2414 1668 2469; x_wconf 84' lang='lat' dir='ltr'>Patrem</span> <span class='ocrx_word' id='word_1_164' title='bbox 1704 2430 1813 2470; x_wconf 88' lang='lat' dir='ltr'>:ne</span> <span class='ocrx_word' id='word_1_165' title='bbox 1866 2431 1934 2470; x_wconf 85' lang='lat' dir='ltr'>ex</span> <span class='ocrx_word' id='word_1_166' title='bbox 1966 2416 2081 2472; x_wconf 91' lang='lat' dir='ltr'>hoc</span> 
     </span>
    </p>
   </div>
   <div class='ocr_carea' id='block_1_24' title="bbox 414 2501 2076 2576">
    <p class='ocr_par' dir='ltr' id='par_1_24' title="bbox 414 2501 2076 2576">
     <span class='ocr_line' id='line_1_24' title="bbox 414 2501 2076 2576; baseline 0.001 -17"><span class='ocrx_word' id='word_1_167' title='bbox 414 2502 817 2572; x_wconf 83' lang='lat' dir='ltr'>intelligamus</span> <span class='ocrx_word' id='word_1_168' title='bbox 858 2501 1253 2557; x_wconf 80' lang='lat' dir='ltr'>differentiam</span> <span class='ocrx_word' id='word_1_169' title='bbox 1286 2502 1615 2571; x_wconf 76' lang='lat' dir='ltr'>dignitatis.</span> <span class='ocrx_word' id='word_1_170' title='bbox 1650 2506 1843 2560; x_wconf 83' lang='lat' dir='ltr'>Restat</span> <span class='ocrx_word' id='word_1_171' title='bbox 1881 2506 2076 2576; x_wconf 83' lang='lat' dir='ltr'>igitur,</span> 
     </span>
    </p>
   </div>
   <div class='ocr_carea' id='block_1_25' title="bbox 413 2591 2077 2653">
    <p class='ocr_par' dir='ltr' id='par_1_25' title="bbox 413 2591 2077 2653">
     <span class='ocr_line' id='line_1_25' title="bbox 413 2591 2077 2653; baseline 0.002 -4"><span class='ocrx_word' id='word_1_172' title='bbox 413 2597 479 2649; x_wconf 92' lang='lat' dir='ltr'>ut</span> <span class='ocrx_word' id='word_1_173' title='bbox 500 2597 557 2649; x_wconf 92' lang='lat' dir='ltr'>et</span> <span class='ocrx_word' id='word_1_174' title='bbox 590 2591 919 2648; x_wconf 88' lang='lat' dir='ltr'>consedere</span> <span class='ocrx_word' id='word_1_175' title='bbox 937 2592 1089 2647; x_wconf 85' lang='lat' dir='ltr'>Patri</span> <span class='ocrx_word' id='word_1_176' title='bbox 1116 2591 1347 2648; x_wconf 87' lang='lat' dir='ltr'>dicatur</span> <span class='ocrx_word' id='word_1_177' title='bbox 1368 2597 1424 2649; x_wconf 89' lang='lat' dir='ltr'>et</span> <span class='ocrx_word' id='word_1_178' title='bbox 1450 2593 1629 2649; x_wconf 91' lang='lat' dir='ltr'>simul</span> <span class='ocrx_word' id='word_1_179' title='bbox 1652 2610 1790 2650; x_wconf 91' lang='lat' dir='ltr'>cum</span> <span class='ocrx_word' id='word_1_180' title='bbox 1818 2611 1888 2652; x_wconf 91' lang='lat' dir='ltr'>eo</span> <span class='ocrx_word' id='word_1_181' title='bbox 1902 2602 2077 2653; x_wconf 89' lang='lat' dir='ltr'>stare.</span> 
     </span>
    </p>
   </div>
   <div class='ocr_carea' id='block_1_26' title="bbox 485 2680 2082 2757">
    <p class='ocr_par' dir='ltr' id='par_1_26' title="bbox 485 2680 2082 2757">
     <span class='ocr_line' id='line_1_26' title="bbox 485 2680 2082 2757; baseline 0.004 -21"><span class='ocrx_word' id='word_1_182' title='bbox 485 2683 649 2737; x_wconf 89' lang='lat' dir='ltr'>Vers.</span> <span class='ocrx_word' id='word_1_183' title='bbox 682 2680 773 2738; x_wconf 75' lang='lat'>20.</span> <span class='ocrx_word' id='word_1_184' title='bbox 802 2681 905 2739; x_wconf 79' lang='lat' dir='ltr'><em>Illi</em></span> <span class='ocrx_word' id='word_1_185' title='bbox 932 2698 1055 2736; x_wconf 81' lang='lat' dir='ltr'>vero</span> <span class='ocrx_word' id='word_1_186' title='bbox 1084 2713 1152 2721; x_wconf 96' lang='lat'>—</span> <span class='ocrx_word' id='word_1_187' title='bbox 1181 2682 1380 2754; x_wconf 76' lang='lat' dir='ltr'>signis.</span> <span class='ocrx_word' id='word_1_188' title='bbox 1420 2684 1769 2740; x_wconf 89' lang='lat' dir='ltr'>Sermonem</span> <span class='ocrx_word' id='word_1_189' title='bbox 1794 2685 2082 2757; x_wconf 70' lang='lat' dir='ltr'>praedica-</span> 
     </span>
    </p>
   </div>
   <div class='ocr_carea' id='block_1_27' title="bbox 414 2770 614 2827">
    <p class='ocr_par' dir='ltr' id='par_1_27' title="bbox 414 2770 614 2827">
     <span class='ocr_line' id='line_1_27' title="bbox 414 2770 614 2827; baseline -0.01 0"><span class='ocrx_word' id='word_1_190' title='bbox 414 2770 614 2827; x_wconf 87' lang='lat' dir='ltr'>tionis.</span> 
     </span>
    </p>
   </div>
   <div class='ocr_carea' id='block_1_28' title="bbox 488 2859 2081 2921">
    <p class='ocr_par' dir='ltr' id='par_1_28' title="bbox 488 2859 2081 2921">
     <span class='ocr_line' id='line_1_28' title="bbox 488 2859 2081 2921; baseline 0.004 -6"><span class='ocrx_word' id='word_1_191' title='bbox 488 2859 722 2915; x_wconf 88' lang='lat' dir='ltr'>Utinam</span> <span class='ocrx_word' id='word_1_192' title='bbox 757 2863 957 2916; x_wconf 88' lang='lat' dir='ltr'>autem</span> <span class='ocrx_word' id='word_1_193' title='bbox 982 2863 1037 2917; x_wconf 91' lang='lat' dir='ltr'>et</span> <span class='ocrx_word' id='word_1_194' title='bbox 1054 2876 1326 2918; x_wconf 86' lang='lat' dir='ltr'>sermone</span> <span class='ocrx_word' id='word_1_195' title='bbox 1340 2862 1622 2919; x_wconf 85' lang='lat' dir='ltr'>doctrinae</span> <span class='ocrx_word' id='word_1_196' title='bbox 1638 2868 1852 2921; x_wconf 68' lang='lat' dir='ltr'>nostrae</span> <span class='ocrx_word' id='word_1_197' title='bbox 1866 2865 2081 2921; x_wconf 85' lang='lat' dir='ltr'>conﬁr-</span> 
     </span>
    </p>
   </div>
   <div class='ocr_carea' id='block_1_29' title="bbox 414 2949 2083 3025">
    <p class='ocr_par' dir='ltr' id='par_1_29' title="bbox 414 2949 2083 3025">
     <span class='ocr_line' id='line_1_29' title="bbox 414 2949 2083 3025; baseline 0.004 -20"><span class='ocrx_word' id='word_1_198' title='bbox 414 2955 611 3005; x_wconf 89' lang='lat' dir='ltr'>metur</span> <span class='ocrx_word' id='word_1_199' title='bbox 640 2965 746 3021; x_wconf 89' lang='lat' dir='ltr'>per</span> <span class='ocrx_word' id='word_1_200' title='bbox 776 2949 1206 3023; x_wconf 89' lang='lat' dir='ltr'>subsequentia</span> <span class='ocrx_word' id='word_1_201' title='bbox 1233 2952 1446 3008; x_wconf 69' lang='lat' dir='ltr'>debitae</span> <span class='ocrx_word' id='word_1_202' title='bbox 1502 2954 1735 3009; x_wconf 88' lang='lat' dir='ltr'>virtutis</span> <span class='ocrx_word' id='word_1_203' title='bbox 1785 2954 1977 3025; x_wconf 88' lang='lat' dir='ltr'>signa,</span> <span class='ocrx_word' id='word_1_204' title='bbox 2021 2960 2083 3013; x_wconf 93' lang='lat' dir='ltr'>ut</span> 
     </span>
    </p>
   </div>
   <div class='ocr_carea' id='block_1_30' title="bbox 414 3036 2079 3116">
    <p class='ocr_par' dir='ltr' id='par_1_30' title="bbox 414 3036 2079 3116">
     <span class='ocr_line' id='line_1_30' title="bbox 414 3036 2079 3116; baseline 0.005 -23"><span class='ocrx_word' id='word_1_205' title='bbox 414 3036 475 3094; x_wconf 92' lang='lat' dir='ltr'>in</span> <span class='ocrx_word' id='word_1_206' title='bbox 498 3038 617 3093; x_wconf 90' lang='lat' dir='ltr'>ﬁne</span> <span class='ocrx_word' id='word_1_207' title='bbox 642 3040 1005 3095; x_wconf 72' lang='lat' dir='ltr'>vitaenostrae</span> <span class='ocrx_word' id='word_1_208' title='bbox 1020 3040 1250 3111; x_wconf 87' lang='lat' dir='ltr'>perfecti</span> <span class='ocrx_word' id='word_1_209' title='bbox 1277 3042 1673 3105; x_wconf 86' lang='lat' dir='ltr'>inveniamur,</span> <span class='ocrx_word' id='word_1_210' title='bbox 1690 3060 1795 3116; x_wconf 90' lang='lat' dir='ltr'>per</span> <span class='ocrx_word' id='word_1_211' title='bbox 1822 3046 2079 3115; x_wconf 89' lang='lat' dir='ltr'>gratiam</span> 
     </span>
    </p>
   </div>
   <div class='ocr_carea' id='block_1_31' title="bbox 3700 293 3815 350">
    <p class='ocr_par' dir='ltr' id='par_1_31' title="bbox 3700 293 3815 350">
     <span class='ocr_line' id='line_1_31' title="bbox 3700 293 3815 350; baseline -0.026 0"><span class='ocrx_word' id='word_1_212' title='bbox 3700 293 3815 350; x_wconf 80' lang='lat'>852</span> 
     </span>
    </p>
   </div>
   <div class='ocr_carea' id='block_1_32' title="bbox 2265 416 3817 495">
    <p class='ocr_par' dir='ltr' id='par_1_32' title="bbox 2265 416 3817 495">
     <span class='ocr_line' id='line_1_32' title="bbox 2265 416 3817 495; baseline -0.001 -23"><span class='ocrx_word' id='word_1_213' title='bbox 2265 419 2324 472; x_wconf 82' lang='grc' dir='ltr'><strong>Ὀ</strong></span> <span class='ocrx_word' id='word_1_214' title='bbox 2354 423 2443 492; x_wconf 75' lang='grc' dir='ltr'>μὲν</span> <span class='ocrx_word' id='word_1_215' title='bbox 2471 416 2557 472; x_wconf 75' lang='grc' dir='ltr'>οὖν</span> <span class='ocrx_word' id='word_1_216' title='bbox 2586 421 2780 492; x_wconf 83' lang='grc' dir='ltr'>Κύριος</span> <span class='ocrx_word' id='word_1_217' title='bbox 2802 452 2870 461; x_wconf 91' lang='lat'>—</span> <span class='ocrx_word' id='word_1_218' title='bbox 2909 420 3140 495; x_wconf 70' lang='grc' dir='ltr'>οὐρανόν.</span> <span class='ocrx_word' id='word_1_219' title='bbox 3184 425 3322 478; x_wconf 81' lang='grc' dir='ltr'>Μετὰ</span> <span class='ocrx_word' id='word_1_220' title='bbox 3360 423 3417 473; x_wconf 87' lang='grc' dir='ltr'>τό</span> <span class='ocrx_word' id='word_1_221' title='bbox 3444 420 3678 479; x_wconf 80' lang='grc' dir='ltr'>λαλῆσαι</span> <span class='ocrx_word' id='word_1_222' title='bbox 3718 419 3817 471; x_wconf 79' lang='grc' dir='ltr'>αῦ-</span> 
     </span>
    </p>
   </div>
   <div class='ocr_carea' id='block_1_33' title="bbox 2194 506 3817 582">
    <p class='ocr_par' dir='ltr' id='par_1_33' title="bbox 2194 506 3817 582">
     <span class='ocr_line' id='line_1_33' title="bbox 2194 506 3817 582; baseline 0 -21"><span class='ocrx_word' id='word_1_223' title='bbox 2194 506 2304 571; x_wconf 84' lang='grc' dir='ltr'>τοῖς</span> <span class='ocrx_word' id='word_1_224' title='bbox 2337 510 2394 562; x_wconf 67' lang='grc' dir='ltr'>οὗ</span> <span class='ocrx_word' id='word_1_225' title='bbox 2426 516 2576 582; x_wconf 86' lang='grc' dir='ltr'>μόνον</span> <span class='ocrx_word' id='word_1_226' title='bbox 2607 514 2721 571; x_wconf 81' lang='grc' dir='ltr'>τοῦς</span> <span class='ocrx_word' id='word_1_227' title='bbox 2746 510 2927 581; x_wconf 76' lang='grc' dir='ltr'>λόγους</span> <span class='ocrx_word' id='word_1_228' title='bbox 2956 515 3186 577; x_wconf 71' lang='grc' dir='ltr'>τούτους,</span> <span class='ocrx_word' id='word_1_229' title='bbox 3231 510 3356 562; x_wconf 75' lang='grc' dir='ltr'>ἀλλὰ</span> <span class='ocrx_word' id='word_1_230' title='bbox 3382 512 3601 571; x_wconf 74' lang='grc' dir='ltr'>πάντας,</span> <span class='ocrx_word' id='word_1_231' title='bbox 3647 511 3817 571; x_wconf 86' lang='grc' dir='ltr'>ὅσους</span> 
     </span>
    </p>
   </div>
   <div class='ocr_carea' id='block_1_34' title="bbox 2194 598 3816 675">
    <p class='ocr_par' dir='ltr' id='par_1_34' title="bbox 2194 598 3816 675">
     <span class='ocr_line' id='line_1_34' title="bbox 2194 598 3816 675; baseline 0 -24"><span class='ocrx_word' id='word_1_232' title='bbox 2194 598 2411 658; x_wconf 78' lang='grc' dir='ltr'>ἐλάλησε</span> <span class='ocrx_word' id='word_1_233' title='bbox 2456 604 2678 669; x_wconf 71' lang='grc' dir='ltr'>τούτοις,</span> <span class='ocrx_word' id='word_1_234' title='bbox 2716 599 2814 653; x_wconf 75' lang='grc' dir='ltr'>ἀπό</span> <span class='ocrx_word' id='word_1_235' title='bbox 2871 608 2963 662; x_wconf 81' lang='grc' dir='ltr'>τῆς</span> <span class='ocrx_word' id='word_1_236' title='bbox 3001 604 3187 675; x_wconf 64' lang='grc' dir='ltr'>ἡμέρας</span> <span class='ocrx_word' id='word_1_237' title='bbox 3221 610 3310 661; x_wconf 80' lang='grc' dir='ltr'>τῆς</span> <span class='ocrx_word' id='word_1_238' title='bbox 3338 600 3676 661; x_wconf 76' lang='grc' dir='ltr'>ἀναστάσεως</span> <span class='ocrx_word' id='word_1_239' title='bbox 3707 599 3816 652; x_wconf 74' lang='grc' dir='ltr'>αῦ-</span> 
     </span>
    </p>
   </div>
   <div class='ocr_carea' id='block_1_35' title="bbox 2193 690 3817 765">
    <p class='ocr_par' dir='ltr' id='par_1_35' title="bbox 2193 690 3817 765">
     <span class='ocr_line' id='line_1_35' title="bbox 2193 690 3817 765; baseline -0.001 -24"><span class='ocrx_word' id='word_1_240' title='bbox 2193 698 2286 742; x_wconf 87' lang='grc' dir='ltr'>τοῦ</span> <span class='ocrx_word' id='word_1_241' title='bbox 2330 695 2492 764; x_wconf 76' lang='grc' dir='ltr'>μέχρι</span> <span class='ocrx_word' id='word_1_242' title='bbox 2545 690 2963 763; x_wconf 82' lang='grc' dir='ltr'>συμπληρώσεως</span> <span class='ocrx_word' id='word_1_243' title='bbox 3003 699 3099 742; x_wconf 86' lang='grc' dir='ltr'>τῶν</span> <span class='ocrx_word' id='word_1_244' title='bbox 3158 693 3553 765; x_wconf 80' lang='grc' dir='ltr'>τεσσαράκοντα</span> <span class='ocrx_word' id='word_1_245' title='bbox 3600 691 3817 761; x_wconf 77' lang='grc' dir='ltr'>ἡμερῶν</span> 
     </span>
    </p>
   </div>
   <div class='ocr_carea' id='block_1_36' title="bbox 2195 776 3819 853">
    <p class='ocr_par' dir='ltr' id='par_1_36' title="bbox 2195 776 3819 853">
     <span class='ocr_line' id='line_1_36' title="bbox 2195 776 3819 853; baseline 0.001 -23"><span class='ocrx_word' id='word_1_246' title='bbox 2195 778 2244 831; x_wconf 87' lang='grc' dir='ltr'>ἐν</span> <span class='ocrx_word' id='word_1_247' title='bbox 2272 780 2356 841; x_wconf 85' lang='grc' dir='ltr'>αἷς</span> <span class='ocrx_word' id='word_1_248' title='bbox 2386 776 2447 837; x_wconf 80' lang='grc' dir='ltr'>ἧν</span> <span class='ocrx_word' id='word_1_249' title='bbox 2475 780 2818 853; x_wconf 78' lang='grc' dir='ltr'>ὀπτανόμενος</span> <span class='ocrx_word' id='word_1_250' title='bbox 2879 788 2987 842; x_wconf 88' lang='grc' dir='ltr'>τοῖς</span> <span class='ocrx_word' id='word_1_251' title='bbox 3022 782 3307 852; x_wconf 80' lang='grc' dir='ltr'>μαθηταῖς,</span> <span class='ocrx_word' id='word_1_252' title='bbox 3352 784 3442 831; x_wconf 83' lang='grc' dir='ltr'>καὶ</span> <span class='ocrx_word' id='word_1_253' title='bbox 3491 779 3819 840; x_wconf 80' lang='grc' dir='ltr'>συκαυλιξό-</span> 
     </span>
    </p>
   </div>
   <div class='ocr_carea' id='block_1_37' title="bbox 2192 869 2505 942">
    <p class='ocr_par' dir='ltr' id='par_1_37' title="bbox 2192 869 2505 942">
     <span class='ocr_line' id='line_1_37' title="bbox 2192 869 2505 942; baseline 0 -21"><span class='ocrx_word' id='word_1_254' title='bbox 2192 889 2342 942; x_wconf 89' lang='grc' dir='ltr'>μενος</span> <span class='ocrx_word' id='word_1_255' title='bbox 2371 869 2505 939; x_wconf 55' lang='lat'>(88).</span> 
     </span>
    </p>
   </div>
   <div class='ocr_carea' id='block_1_38' title="bbox 2265 956 3812 1034">
    <p class='ocr_par' dir='ltr' id='par_1_38' title="bbox 2265 956 3812 1034">
     <span class='ocr_line' id='line_1_38' title="bbox 2265 956 3812 1034; baseline 0 -23"><span class='ocrx_word' id='word_1_256' title='bbox 2265 962 2484 1033; x_wconf 81' lang='grc' dir='ltr'>Εἴρηται</span> <span class='ocrx_word' id='word_1_257' title='bbox 2516 956 2574 1012; x_wconf 74' lang='grc' dir='ltr'>δὲ</span> <span class='ocrx_word' id='word_1_258' title='bbox 2593 964 2710 1034; x_wconf 82' lang='grc' dir='ltr'>περὶ</span> <span class='ocrx_word' id='word_1_259' title='bbox 2736 969 2825 1020; x_wconf 80' lang='grc' dir='ltr'>τῆς</span> <span class='ocrx_word' id='word_1_260' title='bbox 2857 958 3155 1031; x_wconf 73' lang='grc' dir='ltr'>ἀναλήψεως</span> <span class='ocrx_word' id='word_1_261' title='bbox 3185 958 3344 1012; x_wconf 69' lang='grc' dir='ltr'>αὐτοῦ</span> <span class='ocrx_word' id='word_1_262' title='bbox 3372 963 3460 1012; x_wconf 85' lang='grc' dir='ltr'>καὶ</span> <span class='ocrx_word' id='word_1_263' title='bbox 3492 957 3539 1010; x_wconf 77' lang='grc' dir='ltr'>ἓν</span> <span class='ocrx_word' id='word_1_264' title='bbox 3562 967 3635 1030; x_wconf 83' lang='grc' dir='ltr'>τῷ</span> <span class='ocrx_word' id='word_1_265' title='bbox 3670 957 3812 1011; x_wconf 77' lang='grc' dir='ltr'>τέλει</span> 
     </span>
    </p>
   </div>
   <div class='ocr_carea' id='block_1_39' title="bbox 2192 1048 3214 1120">
    <p class='ocr_par' dir='ltr' id='par_1_39' title="bbox 2192 1048 3214 1120">
     <span class='ocr_line' id='line_1_39' title="bbox 2192 1048 3214 1120; baseline 0.002 -20"><span class='ocrx_word' id='word_1_266' title='bbox 2192 1056 2284 1109; x_wconf 85' lang='grc' dir='ltr'>τῆς</span> <span class='ocrx_word' id='word_1_267' title='bbox 2306 1048 2602 1120; x_wconf 78' lang='grc' dir='ltr'>ἐξηγήσεως</span> <span class='ocrx_word' id='word_1_268' title='bbox 2644 1058 2733 1101; x_wconf 89' lang='grc' dir='ltr'>τοῦ</span> <span class='ocrx_word' id='word_1_269' title='bbox 2764 1053 2897 1101; x_wconf 81' lang='grc' dir='ltr'>κατὰ</span> <span class='ocrx_word' id='word_1_270' title='bbox 2929 1052 3214 1104; x_wconf 84' lang='grc' dir='ltr'>Ματθαῖον.</span> 
     </span>
    </p>
   </div>
   <div class='ocr_carea' id='block_1_40' title="bbox 2267 1138 3807 1209">
    <p class='ocr_par' dir='ltr' id='par_1_40' title="bbox 2267 1138 3807 1209">
     <span class='ocr_line' id='line_1_40' title="bbox 2267 1138 3807 1209; baseline -0.003 -16"><span class='ocrx_word' id='word_1_271' title='bbox 2267 1141 2371 1193; x_wconf 80' lang='grc' dir='ltr'>Καὶ</span> <span class='ocrx_word' id='word_1_272' title='bbox 2402 1138 2639 1191; x_wconf 74' lang='grc' dir='ltr'>ἐκάθισεν</span> <span class='ocrx_word' id='word_1_273' title='bbox 2676 1171 2737 1179; x_wconf 92' lang='lat'>—</span> <span class='ocrx_word' id='word_1_274' title='bbox 2760 1147 2850 1191; x_wconf 82' lang='grc' dir='ltr'>τοῦ</span> <span class='ocrx_word' id='word_1_275' title='bbox 2884 1146 3037 1206; x_wconf 87' lang='grc' dir='ltr'>Θεοῦ,</span> <span class='ocrx_word' id='word_1_276' title='bbox 3055 1142 3154 1195; x_wconf 72' lang='grc' dir='ltr'>Καὶ</span> <span class='ocrx_word' id='word_1_277' title='bbox 3190 1143 3292 1202; x_wconf 84' lang='grc' dir='ltr'>μὴν</span> <span class='ocrx_word' id='word_1_278' title='bbox 3314 1140 3338 1191; x_wconf 91' lang='grc' dir='ltr'>ό</span> <span class='ocrx_word' id='word_1_279' title='bbox 3363 1141 3487 1198; x_wconf 87' lang='grc' dir='ltr'>Θεὸς</span> <span class='ocrx_word' id='word_1_280' title='bbox 3506 1143 3597 1189; x_wconf 85' lang='grc' dir='ltr'>καὶ</span> <span class='ocrx_word' id='word_1_281' title='bbox 3620 1140 3807 1209; x_wconf 76' lang='grc' dir='ltr'>Πατὴρ</span> 
     </span>
    </p>
   </div>
   <div class='ocr_carea' id='block_1_41' title="bbox 2192 1224 3805 1301">
    <p class='ocr_par' dir='ltr' id='par_1_41' title="bbox 2192 1224 3805 1301">
     <span class='ocr_line' id='line_1_41' title="bbox 2192 1224 3805 1301; baseline 0 -22"><span class='ocrx_word' id='word_1_282' title='bbox 2192 1226 2373 1292; x_wconf 66' lang='grc' dir='ltr'>αὑτοῦ,</span> <span class='ocrx_word' id='word_1_283' title='bbox 2431 1236 2707 1299; x_wconf 77' lang='grc' dir='ltr'>ασωματος</span> <span class='ocrx_word' id='word_1_284' title='bbox 2748 1229 2834 1291; x_wconf 83' lang='grc' dir='ltr'>ὡν,</span> <span class='ocrx_word' id='word_1_285' title='bbox 2878 1228 2971 1280; x_wconf 65' lang='grc' dir='ltr'>οὐκ</span> <span class='ocrx_word' id='word_1_286' title='bbox 3020 1227 3079 1279; x_wconf 79' lang='grc' dir='ltr'>ἂν</span> <span class='ocrx_word' id='word_1_287' title='bbox 3137 1231 3253 1299; x_wconf 84' lang='grc' dir='ltr'>ἔχοι</span> <span class='ocrx_word' id='word_1_288' title='bbox 3294 1224 3490 1291; x_wconf 72' lang='grc' dir='ltr'><strong>δεξιὰἠ</strong></span> <span class='ocrx_word' id='word_1_289' title='bbox 3524 1226 3805 1301; x_wconf 78' lang='grc' dir='ltr'>ἀριστερά.</span> 
     </span>
    </p>
   </div>
   <div class='ocr_carea' id='block_1_42' title="bbox 2189 1312 3810 1389">
    <p class='ocr_par' dir='ltr' id='par_1_42' title="bbox 2189 1312 3810 1389">
     <span class='ocr_line' id='line_1_42' title="bbox 2189 1312 3810 1389; baseline -0.001 -20"><span class='ocrx_word' id='word_1_290' title='bbox 2189 1323 2300 1369; x_wconf 86' lang='grc' dir='ltr'>Τῶν</span> <span class='ocrx_word' id='word_1_291' title='bbox 2335 1319 2588 1389; x_wconf 81' lang='grc' dir='ltr'>σωμάτων</span> <span class='ocrx_word' id='word_1_292' title='bbox 2617 1320 2715 1389; x_wconf 75' lang='grc' dir='ltr'>γὰρ</span> <span class='ocrx_word' id='word_1_293' title='bbox 2759 1326 2925 1369; x_wconf 80' lang='grc' dir='ltr'>ταῦτα</span> <span class='ocrx_word' id='word_1_294' title='bbox 2958 1322 3240 1389; x_wconf 75' lang='grc' dir='ltr'>σχήματα.</span> <span class='ocrx_word' id='word_1_295' title='bbox 3278 1320 3473 1369; x_wconf 83' lang='grc' dir='ltr'>Λοιπὸν</span> <span class='ocrx_word' id='word_1_296' title='bbox 3499 1312 3586 1367; x_wconf 81' lang='grc' dir='ltr'>οὖν</span> <span class='ocrx_word' id='word_1_297' title='bbox 3612 1320 3670 1367; x_wconf 86' lang='grc' dir='ltr'>τὸ</span> <span class='ocrx_word' id='word_1_298' title='bbox 3711 1319 3810 1388; x_wconf 75' lang='grc' dir='ltr'>μὲν</span> 
     </span>
    </p>
   </div>
   <div class='ocr_carea' id='block_1_43' title="bbox 2190 1403 3808 1477">
    <p class='ocr_par' dir='ltr' id='par_1_43' title="bbox 2190 1403 3808 1477">
     <span class='ocr_line' id='line_1_43' title="bbox 2190 1403 3808 1477; baseline 0 -20"><span class='ocrx_word' id='word_1_299' title='bbox 2190 1409 2414 1459; x_wconf 81' lang='grc' dir='ltr'>καθίσαι</span> <span class='ocrx_word' id='word_1_300' title='bbox 2444 1403 2598 1463; x_wconf 77' lang='grc' dir='ltr'>δηλοῖ</span> <span class='ocrx_word' id='word_1_301' title='bbox 2618 1405 2909 1459; x_wconf 78' lang='grc' dir='ltr'>ἀνάπαυσιν</span> <span class='ocrx_word' id='word_1_302' title='bbox 2940 1412 3029 1458; x_wconf 81' lang='grc' dir='ltr'>καὶ</span> <span class='ocrx_word' id='word_1_303' title='bbox 3057 1405 3345 1457; x_wconf 77' lang='grc' dir='ltr'>ἀπόλαυσιν</span> <span class='ocrx_word' id='word_1_304' title='bbox 3372 1414 3461 1466; x_wconf 80' lang='grc' dir='ltr'>τῆς</span> <span class='ocrx_word' id='word_1_305' title='bbox 3482 1407 3621 1466; x_wconf 76' lang='grc' dir='ltr'>θείας</span> <span class='ocrx_word' id='word_1_306' title='bbox 3642 1404 3808 1477; x_wconf 85' lang='grc' dir='ltr'>βασι-</span> 
     </span>
    </p>
   </div>
   <div class='ocr_carea' id='block_1_44' title="bbox 2193 1492 3809 1567">
    <p class='ocr_par' dir='ltr' id='par_1_44' title="bbox 2193 1492 3809 1567">
     <span class='ocr_line' id='line_1_44' title="bbox 2193 1492 3809 1567; baseline 0 -20"><span class='ocrx_word' id='word_1_307' title='bbox 2193 1501 2350 1557; x_wconf 76' lang='grc' dir='ltr'>λείαςο</span> <span class='ocrx_word' id='word_1_308' title='bbox 2395 1500 2453 1548; x_wconf 85' lang='grc' dir='ltr'>τό</span> <span class='ocrx_word' id='word_1_309' title='bbox 2486 1493 2546 1548; x_wconf 66' lang='grc' dir='ltr'>δὲ</span> <span class='ocrx_word' id='word_1_310' title='bbox 2578 1495 2664 1549; x_wconf 81' lang='grc' dir='ltr'>Ἐκ</span> <span class='ocrx_word' id='word_1_311' title='bbox 2697 1492 2878 1561; x_wconf 76' lang='grc' dir='ltr'>δεξιῶν</span> <span class='ocrx_word' id='word_1_312' title='bbox 2909 1502 3000 1547; x_wconf 87' lang='grc' dir='ltr'>τοῦ</span> <span class='ocrx_word' id='word_1_313' title='bbox 3033 1502 3165 1549; x_wconf 84' lang='grc' dir='ltr'>Θεοῦ</span> <span class='ocrx_word' id='word_1_314' title='bbox 3196 1495 3454 1547; x_wconf 84' lang='grc' dir='ltr'>οἰκείωσιν</span> <span class='ocrx_word' id='word_1_315' title='bbox 3504 1498 3593 1546; x_wconf 84' lang='grc' dir='ltr'>καὶ</span> <span class='ocrx_word' id='word_1_316' title='bbox 3626 1495 3809 1567; x_wconf 85' lang='grc' dir='ltr'>ὁμοτι-</span> 
     </span>
    </p>
   </div>
   <div class='ocr_carea' id='block_1_45' title="bbox 2192 1588 2839 1659">
    <p class='ocr_par' dir='ltr' id='par_1_45' title="bbox 2192 1588 2839 1659">
     <span class='ocr_line' id='line_1_45' title="bbox 2192 1588 2839 1659; baseline 0.003 -22"><span class='ocrx_word' id='word_1_317' title='bbox 2192 1590 2317 1658; x_wconf 90' lang='grc' dir='ltr'>μίαν</span> <span class='ocrx_word' id='word_1_318' title='bbox 2339 1590 2467 1658; x_wconf 84' lang='grc' dir='ltr'>πρὸς</span> <span class='ocrx_word' id='word_1_319' title='bbox 2496 1588 2582 1637; x_wconf 88' lang='grc' dir='ltr'>τὸν</span> <span class='ocrx_word' id='word_1_320' title='bbox 2612 1589 2839 1659; x_wconf 80' lang='grc' dir='ltr'>Πατέρα.</span> 
     </span>
    </p>
   </div>
   <div class='ocr_carea' id='block_1_46' title="bbox 2271 1762 3815 1839">
    <p class='ocr_par' dir='ltr' id='par_1_46' title="bbox 2271 1762 3815 1839">
     <span class='ocr_line' id='line_1_46' title="bbox 2271 1762 3815 1839; baseline 0 -22"><span class='ocrx_word' id='word_1_321' title='bbox 2271 1764 2375 1838; x_wconf 83' lang='grc' dir='ltr'>[οῦ</span> <span class='ocrx_word' id='word_1_322' title='bbox 2442 1770 2594 1838; x_wconf 85' lang='grc' dir='ltr'>μόνον</span> <span class='ocrx_word' id='word_1_323' title='bbox 2646 1765 2757 1836; x_wconf 85' lang='grc'>(89)</span> <span class='ocrx_word' id='word_1_324' title='bbox 2826 1766 3093 1821; x_wconf 78' lang='grc' dir='ltr'>καθῆσθαι</span> <span class='ocrx_word' id='word_1_325' title='bbox 3141 1768 3188 1815; x_wconf 83' lang='grc' dir='ltr'>ἐν</span> <span class='ocrx_word' id='word_1_326' title='bbox 3255 1762 3404 1826; x_wconf 78' lang='grc' dir='ltr'>δεξιᾶ</span> <span class='ocrx_word' id='word_1_327' title='bbox 3451 1772 3541 1817; x_wconf 86' lang='grc' dir='ltr'>τοῦ</span> <span class='ocrx_word' id='word_1_328' title='bbox 3601 1769 3815 1839; x_wconf 79' lang='grc' dir='ltr'>Πατρός</span> 
     </span>
    </p>
   </div>
   <div class='ocr_carea' id='block_1_47' title="bbox 2196 1853 3809 1927">
    <p class='ocr_par' dir='ltr' id='par_1_47' title="bbox 2196 1853 3809 1927">
     <span class='ocr_line' id='line_1_47' title="bbox 2196 1853 3809 1927; baseline -0.001 -20"><span class='ocrx_word' id='word_1_329' title='bbox 2196 1858 2219 1907; x_wconf 89' lang='grc' dir='ltr'>ό</span> <span class='ocrx_word' id='word_1_330' title='bbox 2269 1859 2408 1917; x_wconf 83' lang='grc' dir='ltr'>Υιός,</span> <span class='ocrx_word' id='word_1_331' title='bbox 2446 1855 2691 1907; x_wconf 76' lang='grc' dir='ltr'>ἀλλὰκαὶ</span> <span class='ocrx_word' id='word_1_332' title='bbox 2748 1856 3001 1906; x_wconf 79' lang='grc' dir='ltr'>ἵστασθαι</span> <span class='ocrx_word' id='word_1_333' title='bbox 3048 1854 3269 1925; x_wconf 76' lang='grc' dir='ltr'>λέγεται,</span> <span class='ocrx_word' id='word_1_334' title='bbox 3318 1858 3381 1913; x_wconf 82' lang='grc' dir='ltr'>ὡς</span> <span class='ocrx_word' id='word_1_335' title='bbox 3432 1854 3478 1906; x_wconf 82' lang='grc' dir='ltr'>ἐν</span> <span class='ocrx_word' id='word_1_336' title='bbox 3516 1863 3577 1927; x_wconf 73' lang='grc' dir='ltr'>τῇ</span> <span class='ocrx_word' id='word_1_337' title='bbox 3637 1853 3809 1926; x_wconf 65' lang='grc' dir='ltr'>βίϐλῳ</span> 
     </span>
    </p>
   </div>
   <div class='ocr_carea' id='block_1_48' title="bbox 2194 1945 3810 2019">
    <p class='ocr_par' dir='ltr' id='par_1_48' title="bbox 2194 1945 3810 2019">
     <span class='ocr_line' id='line_1_48' title="bbox 2194 1945 3810 2019; baseline -0.001 -22"><span class='ocrx_word' id='word_1_338' title='bbox 2194 1954 2293 1997; x_wconf 83' lang='grc' dir='ltr'>τῶν</span> <span class='ocrx_word' id='word_1_339' title='bbox 2345 1945 2584 2019; x_wconf 78' lang='grc' dir='ltr'>Πράξεων</span> <span class='ocrx_word' id='word_1_340' title='bbox 2626 1947 2651 1996; x_wconf 88' lang='grc' dir='ltr'>ὁ</span> <span class='ocrx_word' id='word_1_341' title='bbox 2704 1949 2951 2016; x_wconf 68' lang='grc' dir='ltr'>Στέφανος</span> <span class='ocrx_word' id='word_1_342' title='bbox 3007 1947 3177 2016; x_wconf 77' lang='grc' dir='ltr'>εἴρηκε</span> <span class='ocrx_word' id='word_1_343' title='bbox 3212 1962 3222 1973; x_wconf 83' lang='grc'><em>’</em></span> <span class='ocrx_word' id='word_1_344' title='bbox 3257 1952 3345 1995; x_wconf 79' lang='grc' dir='ltr'>τοῦ</span> <span class='ocrx_word' id='word_1_345' title='bbox 3396 1947 3485 2016; x_wconf 71' lang='grc' dir='ltr'>μὲν</span> <span class='ocrx_word' id='word_1_346' title='bbox 3542 1947 3600 1996; x_wconf 87' lang='grc' dir='ltr'>τό</span> <span class='ocrx_word' id='word_1_347' title='bbox 3655 1946 3810 1996; x_wconf 73' lang='grc' dir='ltr'>διαθι-</span> 
     </span>
    </p>
   </div>
   <div class='ocr_carea' id='block_1_49' title="bbox 2196 2030 3809 2108">
    <p class='ocr_par' dir='ltr' id='par_1_49' title="bbox 2196 2030 3809 2108">
     <span class='ocr_line' id='line_1_49' title="bbox 2196 2030 3809 2108; baseline -0.001 -21"><span class='ocrx_word' id='word_1_348' title='bbox 2196 2032 2428 2108; x_wconf 79' lang='grc' dir='ltr'>δρῦσθαι</span> <span class='ocrx_word' id='word_1_349' title='bbox 2484 2034 2809 2103; x_wconf 71' lang='grc' dir='ltr'>ἀμεταθέτως</span> <span class='ocrx_word' id='word_1_350' title='bbox 2843 2051 2856 2062; x_wconf 73' lang='grc'><strong><em>⁸</em></strong></span> <span class='ocrx_word' id='word_1_351' title='bbox 2890 2042 2979 2084; x_wconf 89' lang='grc' dir='ltr'>τοῦ</span> <span class='ocrx_word' id='word_1_352' title='bbox 3043 2030 3122 2094; x_wconf 67' lang='grc' dir='ltr'>δὲ,</span> <span class='ocrx_word' id='word_1_353' title='bbox 3171 2037 3229 2085; x_wconf 83' lang='grc' dir='ltr'>τό</span> <span class='ocrx_word' id='word_1_354' title='bbox 3274 2032 3553 2105; x_wconf 66' lang='grc' dir='ltr'>βεϐηκέναι</span> <span class='ocrx_word' id='word_1_355' title='bbox 3596 2038 3809 2104; x_wconf 74' lang='grc' dir='ltr'>παγίως</span> 
     </span>
    </p>
   </div>
   <div class='ocr_carea' id='block_1_50' title="bbox 2194 2119 3806 2194">
    <p class='ocr_par' dir='ltr' id='par_1_50' title="bbox 2194 2119 3806 2194">
     <span class='ocr_line' id='line_1_50' title="bbox 2194 2119 3806 2194; baseline -0.002 -17"><span class='ocrx_word' id='word_1_356' title='bbox 2194 2128 2250 2177; x_wconf 84' lang='grc' dir='ltr'>τό</span> <span class='ocrx_word' id='word_1_357' title='bbox 2305 2127 2434 2176; x_wconf 84' lang='grc' dir='ltr'>θεῖον</span> <span class='ocrx_word' id='word_1_358' title='bbox 2490 2123 2535 2175; x_wconf 78' lang='grc' dir='ltr'>ἐν</span> <span class='ocrx_word' id='word_1_359' title='bbox 2590 2132 2660 2192; x_wconf 80' lang='grc' dir='ltr'>τῷ</span> <span class='ocrx_word' id='word_1_360' title='bbox 2715 2122 2917 2193; x_wconf 75' lang='grc' dir='ltr'>ἀγαθῷ,</span> <span class='ocrx_word' id='word_1_361' title='bbox 2982 2119 3391 2194; x_wconf 75' lang='grc' dir='ltr'>δογματίζοντος</span> <span class='ocrx_word' id='word_1_362' title='bbox 3451 2166 3464 2178; x_wconf 91' lang='grc'>.</span> <span class='ocrx_word' id='word_1_363' title='bbox 3503 2128 3591 2175; x_wconf 84' lang='grc' dir='ltr'>καὶ</span> <span class='ocrx_word' id='word_1_364' title='bbox 3645 2119 3806 2175; x_wconf 68' lang='grc' dir='ltr'>οὐδὲν</span> 
     </span>
    </p>
   </div>
   <div class='ocr_carea' id='block_1_51' title="bbox 2193 2208 3799 2288">
    <p class='ocr_par' dir='ltr' id='par_1_51' title="bbox 2193 2208 3799 2288">
     <span class='ocr_line' id='line_1_51' title="bbox 2193 2208 3799 2288; baseline 0 -24"><span class='ocrx_word' id='word_1_365' title='bbox 2193 2217 2222 2272; x_wconf 85' lang='grc' dir='ltr'><strong>ἠ</strong></span> <span class='ocrx_word' id='word_1_366' title='bbox 2262 2222 2359 2265; x_wconf 79' lang='grc' dir='ltr'>τῶν</span> <span class='ocrx_word' id='word_1_367' title='bbox 2398 2214 2647 2288; x_wconf 71' lang='grc' dir='ltr'>ῥημάτων</span> <span class='ocrx_word' id='word_1_368' title='bbox 2706 2212 2943 2286; x_wconf 79' lang='grc' dir='ltr'>ἑτερότης</span> <span class='ocrx_word' id='word_1_369' title='bbox 2990 2216 3105 2285; x_wconf 82' lang='grc' dir='ltr'>περὶ</span> <span class='ocrx_word' id='word_1_370' title='bbox 3162 2215 3248 2263; x_wconf 84' lang='grc' dir='ltr'>τόν</span> <span class='ocrx_word' id='word_1_371' title='bbox 3301 2219 3417 2263; x_wconf 89' lang='grc' dir='ltr'>νοῦν</span> <span class='ocrx_word' id='word_1_372' title='bbox 3471 2208 3799 2285; x_wconf 70' lang='grc' dir='ltr'>διαφέρεται.</span> 
     </span>
    </p>
   </div>
   <div class='ocr_carea' id='block_1_52' title="bbox 2190 2298 3802 2368">
    <p class='ocr_par' dir='ltr' id='par_1_52' title="bbox 2190 2298 3802 2368">
     <span class='ocr_line' id='line_1_52' title="bbox 2190 2298 3802 2368; baseline -0.002 -13"><span class='ocrx_word' id='word_1_373' title='bbox 2190 2303 2385 2363; x_wconf 78' lang='grc' dir='ltr'>Ἀλλως</span> <span class='ocrx_word' id='word_1_374' title='bbox 2437 2322 2506 2368; x_wconf 82' lang='grc' dir='ltr'>τε,</span> <span class='ocrx_word' id='word_1_375' title='bbox 2549 2304 2573 2353; x_wconf 87' lang='grc' dir='ltr'>ό</span> <span class='ocrx_word' id='word_1_376' title='bbox 2619 2303 2768 2354; x_wconf 82' lang='grc' dir='ltr'>εἰπὼν</span> <span class='ocrx_word' id='word_1_377' title='bbox 2812 2303 3063 2353; x_wconf 81' lang='grc' dir='ltr'>ἵστασθαι</span> <span class='ocrx_word' id='word_1_378' title='bbox 3104 2304 3191 2352; x_wconf 82' lang='grc' dir='ltr'>τὸν</span> <span class='ocrx_word' id='word_1_379' title='bbox 3239 2305 3356 2353; x_wconf 86' lang='grc' dir='ltr'>Υιόν</span> <span class='ocrx_word' id='word_1_380' title='bbox 3397 2301 3491 2352; x_wconf 78' lang='grc' dir='ltr'>οῦκ</span> <span class='ocrx_word' id='word_1_381' title='bbox 3547 2298 3653 2353; x_wconf 84' lang='grc' dir='ltr'>εἶπε</span> <span class='ocrx_word' id='word_1_382' title='bbox 3702 2321 3802 2352; x_wconf 85' lang='grc' dir='ltr'>κα-</span> 
     </span>
    </p>
   </div>
   <div class='ocr_carea' id='block_1_53' title="bbox 2195 2387 3804 2465">
    <p class='ocr_par' dir='ltr' id='par_1_53' title="bbox 2195 2387 3804 2465">
     <span class='ocr_line' id='line_1_53' title="bbox 2195 2387 3804 2465; baseline -0.004 -20"><span class='ocrx_word' id='word_1_383' title='bbox 2195 2396 2393 2452; x_wconf 82' lang='grc' dir='ltr'>θῆσθαι</span> <span class='ocrx_word' id='word_1_384' title='bbox 2446 2396 2531 2444; x_wconf 84' lang='grc' dir='ltr'>τόν</span> <span class='ocrx_word' id='word_1_385' title='bbox 2575 2396 2795 2463; x_wconf 82' lang='grc' dir='ltr'>Πατέρα,</span> <span class='ocrx_word' id='word_1_386' title='bbox 2859 2392 2939 2441; x_wconf 86' lang='grc' dir='ltr'>ἶνα</span> <span class='ocrx_word' id='word_1_387' title='bbox 2996 2395 3084 2441; x_wconf 89' lang='grc' dir='ltr'>καὶ</span> <span class='ocrx_word' id='word_1_388' title='bbox 3120 2391 3232 2461; x_wconf 82' lang='grc'>(90)</span> <span class='ocrx_word' id='word_1_389' title='bbox 3290 2387 3545 2465; x_wconf 70' lang='grc' dir='ltr'>διαφορὰν</span> <span class='ocrx_word' id='word_1_390' title='bbox 3593 2396 3804 2447; x_wconf 77' lang='grc' dir='ltr'>νοήσω-</span> 
     </span>
    </p>
   </div>
   <div class='ocr_carea' id='block_1_54' title="bbox 2193 2476 3809 2556">
    <p class='ocr_par' dir='ltr' id='par_1_54' title="bbox 2193 2476 3809 2556">
     <span class='ocr_line' id='line_1_54' title="bbox 2193 2476 3809 2556; baseline -0.002 -21"><span class='ocrx_word' id='word_1_391' title='bbox 2193 2503 2282 2556; x_wconf 82' lang='grc' dir='ltr'>μεν</span> <span class='ocrx_word' id='word_1_392' title='bbox 2306 2482 2617 2555; x_wconf 76' lang='grc' dir='ltr'>ἀξιώματος.</span> <span class='ocrx_word' id='word_1_393' title='bbox 2650 2484 2844 2534; x_wconf 84' lang='grc' dir='ltr'>Λοιπὸν</span> <span class='ocrx_word' id='word_1_394' title='bbox 2877 2476 2971 2531; x_wconf 80' lang='grc' dir='ltr'>οὖκ</span> <span class='ocrx_word' id='word_1_395' title='bbox 2992 2485 3080 2532; x_wconf 85' lang='grc' dir='ltr'>καὶ</span> <span class='ocrx_word' id='word_1_396' title='bbox 3124 2481 3459 2551; x_wconf 70' lang='grc' dir='ltr'>συγκάθηται</span> <span class='ocrx_word' id='word_1_397' title='bbox 3498 2484 3587 2532; x_wconf 85' lang='grc' dir='ltr'>καὶ</span> <span class='ocrx_word' id='word_1_398' title='bbox 3621 2484 3809 2531; x_wconf 86' lang='grc' dir='ltr'>συνίσ-</span> 
     </span>
    </p>
   </div>
   <div class='ocr_carea' id='block_1_55' title="bbox 2194 2574 2391 2644">
    <p class='ocr_par' dir='ltr' id='par_1_55' title="bbox 2194 2574 2391 2644">
     <span class='ocr_line' id='line_1_55' title="bbox 2194 2574 2391 2644; baseline 0.015 -19"><span class='ocrx_word' id='word_1_399' title='bbox 2194 2574 2368 2644; x_wconf 84' lang='grc' dir='ltr'>ταται]</span> <span class='ocrx_word' id='word_1_400' title='bbox 2381 2617 2391 2628; x_wconf 94' lang='grc'>.</span> 
     </span>
    </p>
   </div>
   <div class='ocr_carea' id='block_1_56' title="bbox 2268 2657 3811 2733">
    <p class='ocr_par' dir='ltr' id='par_1_56' title="bbox 2268 2657 3811 2733">
     <span class='ocr_line' id='line_1_56' title="bbox 2268 2657 3811 2733; baseline -0.01 -18"><span class='ocrx_word' id='word_1_401' title='bbox 2268 2663 2481 2715; x_wconf 80' lang='grc' dir='ltr'>Ἐκεῖνοι</span> <span class='ocrx_word' id='word_1_402' title='bbox 2504 2658 2562 2714; x_wconf 75' lang='grc' dir='ltr'>δὲ</span> <span class='ocrx_word' id='word_1_403' title='bbox 2592 2693 2660 2700; x_wconf 95' lang='lat'><strong><em>——</em></strong></span> <span class='ocrx_word' id='word_1_404' title='bbox 2694 2663 2941 2733; x_wconf 77' lang='grc' dir='ltr'>σημείων.</span> <span class='ocrx_word' id='word_1_405' title='bbox 2974 2657 3096 2732; x_wconf 81' lang='grc' dir='ltr'>[Τὸν</span> <span class='ocrx_word' id='word_1_406' title='bbox 3126 2658 3278 2730; x_wconf 73' lang='grc' dir='ltr'>λόγον</span> <span class='ocrx_word' id='word_1_407' title='bbox 3308 2664 3398 2710; x_wconf 90' lang='grc' dir='ltr'>τοῦ</span> <span class='ocrx_word' id='word_1_408' title='bbox 3442 2659 3557 2729; x_wconf 86' lang='grc'>(91)</span> <span class='ocrx_word' id='word_1_409' title='bbox 3598 2661 3811 2733; x_wconf 70' lang='grc' dir='ltr'>κηρύγ-</span> 
     </span>
    </p>
   </div>
   <div class='ocr_carea' id='block_1_57' title="bbox 2194 2754 2415 2826">
    <p class='ocr_par' dir='ltr' id='par_1_57' title="bbox 2194 2754 2415 2826">
     <span class='ocr_line' id='line_1_57' title="bbox 2194 2754 2415 2826; baseline 0 -21"><span class='ocrx_word' id='word_1_410' title='bbox 2194 2772 2372 2826; x_wconf 89' lang='grc' dir='ltr'>ματος.</span> <span class='ocrx_word' id='word_1_411' title='bbox 2398 2754 2415 2823; x_wconf 90' lang='grc'>]</span> 
     </span>
    </p>
   </div>
   <div class='ocr_carea' id='block_1_58' title="bbox 2268 2833 3816 2912">
    <p class='ocr_par' dir='ltr' id='par_1_58' title="bbox 2268 2833 3816 2912">
     <span class='ocr_line' id='line_1_58' title="bbox 2268 2833 3816 2912; baseline -0.003 -17"><span class='ocrx_word' id='word_1_412' title='bbox 2268 2846 2361 2899; x_wconf 71' lang='lat' dir='ltr'>Eia</span> <span class='ocrx_word' id='word_1_413' title='bbox 2394 2840 2451 2895; x_wconf 65' lang='grc' dir='ltr'>δὲ</span> <span class='ocrx_word' id='word_1_414' title='bbox 2482 2846 2572 2893; x_wconf 84' lang='grc' dir='ltr'>καὶ</span> <span class='ocrx_word' id='word_1_415' title='bbox 2601 2846 2685 2892; x_wconf 80' lang='grc' dir='ltr'>τὸν</span> <span class='ocrx_word' id='word_1_416' title='bbox 2734 2840 2883 2912; x_wconf 74' lang='grc' dir='ltr'>λόγον</span> <span class='ocrx_word' id='word_1_417' title='bbox 2927 2848 3018 2899; x_wconf 83' lang='grc' dir='ltr'>τῆς</span> <span class='ocrx_word' id='word_1_418' title='bbox 3049 2840 3303 2912; x_wconf 80' lang='grc' dir='ltr'>ἡμετέρας</span> <span class='ocrx_word' id='word_1_419' title='bbox 3335 2833 3689 2898; x_wconf 76' lang='grc' dir='ltr'>διδασκαλίας</span> <span class='ocrx_word' id='word_1_420' title='bbox 3717 2836 3816 2910; x_wconf 79' lang='grc' dir='ltr'>βε-</span> 
     </span>
    </p>
   </div>
   <div class='ocr_carea' id='block_1_59' title="bbox 2195 2927 3817 2999">
    <p class='ocr_par' dir='ltr' id='par_1_59' title="bbox 2195 2927 3817 2999">
     <span class='ocr_line' id='line_1_59' title="bbox 2195 2927 3817 2999; baseline -0.004 -14"><span class='ocrx_word' id='word_1_421' title='bbox 2195 2933 2476 2985; x_wconf 79' lang='grc' dir='ltr'>ϐαιοῦσθαι</span> <span class='ocrx_word' id='word_1_422' title='bbox 2500 2929 2591 2984; x_wconf 74' lang='grc' dir='ltr'>διὰ</span> <span class='ocrx_word' id='word_1_423' title='bbox 2618 2940 2715 2981; x_wconf 84' lang='grc' dir='ltr'>τῶν</span> <span class='ocrx_word' id='word_1_424' title='bbox 2744 2927 3415 2999; x_wconf 69' lang='grc' dir='ltr'>ἑπακολουθείνόφειλόντων</span> <span class='ocrx_word' id='word_1_425' title='bbox 3451 2931 3677 2998; x_wconf 79' lang='grc' dir='ltr'>σημείων</span> <span class='ocrx_word' id='word_1_426' title='bbox 3710 2935 3817 2990; x_wconf 83' lang='grc' dir='ltr'>τῆς</span> 
     </span>
    </p>
   </div>
   <div class='ocr_carea' id='block_1_60' title="bbox 2195 3016 3814 3098">
    <p class='ocr_par' dir='ltr' id='par_1_60' title="bbox 2195 3016 3814 3098">
     <span class='ocr_line' id='line_1_60' title="bbox 2195 3016 3814 3098; baseline -0.004 -23"><span class='ocrx_word' id='word_1_427' title='bbox 2195 3022 2349 3098; x_wconf 82' lang='grc' dir='ltr'>ἁρετῆ</span> <span class='ocrx_word' id='word_1_428' title='bbox 2364 3045 2402 3089; x_wconf 83' lang='grc' dir='ltr'>ς,</span> <span class='ocrx_word' id='word_1_429' title='bbox 2438 3024 2520 3073; x_wconf 86' lang='grc' dir='ltr'>ἶνα</span> <span class='ocrx_word' id='word_1_430' title='bbox 2550 3021 2730 3073; x_wconf 79' lang='grc' dir='ltr'>τέλειοι</span> <span class='ocrx_word' id='word_1_431' title='bbox 2761 3021 3041 3093; x_wconf 72' lang='grc' dir='ltr'>εῦρεθὼμεν</span> <span class='ocrx_word' id='word_1_432' title='bbox 3087 3017 3133 3069; x_wconf 78' lang='grc' dir='ltr'>ἐν</span> <span class='ocrx_word' id='word_1_433' title='bbox 3176 3027 3245 3087; x_wconf 82' lang='grc' dir='ltr'>τῷ</span> <span class='ocrx_word' id='word_1_434' title='bbox 3278 3016 3407 3069; x_wconf 83' lang='grc' dir='ltr'>τέλει</span> <span class='ocrx_word' id='word_1_435' title='bbox 3431 3025 3521 3077; x_wconf 83' lang='grc' dir='ltr'>τῆς</span> <span class='ocrx_word' id='word_1_436' title='bbox 3550 3019 3814 3092; x_wconf 79' lang='grc' dir='ltr'>ἡμετέρας</span> 
     </span>
    </p>
   </div>
   <div class='ocr_carea' id='block_1_61' title="bbox 414 3108 2082 3200">
    <p class='ocr_par' dir='ltr' id='par_1_61' title="bbox 414 3108 2075 3200">
     <span class='ocr_line' id='line_1_61' title="bbox 414 3108 2075 3200; baseline 0.005 -17"><span class='ocrx_word' id='word_1_437' title='bbox 414 3130 471 3183; x_wconf 90' lang='lat' dir='ltr'>et</span> <span class='ocrx_word' id='word_1_438' title='bbox 492 3126 925 3200; x_wconf 85' lang='lat' dir='ltr'>benignitatem</span> <span class='ocrx_word' id='word_1_439' title='bbox 956 3108 1190 3187; x_wconf 87' lang='lat' dir='ltr'>Domini</span> <span class='ocrx_word' id='word_1_440' title='bbox 1218 3133 1401 3189; x_wconf 88' lang='lat' dir='ltr'>nostri</span> <span class='ocrx_word' id='word_1_441' title='bbox 1425 3134 1562 3189; x_wconf 86' lang='lat' dir='ltr'>Jesu</span> <span class='ocrx_word' id='word_1_442' title='bbox 1603 3108 1854 3193; x_wconf 45' lang='lat' dir='ltr'>Christi:</span> <span class='ocrx_word' id='word_1_443' title='bbox 1866 3141 2075 3192; x_wconf 85' lang='lat' dir='ltr'>Amen.</span> 
     </span>
    </p>
   </div>
   <div class='ocr_carea' id='block_1_62' title="bbox 2211 3108 3814 3200">
    <p class='ocr_par' dir='ltr' id='par_1_62' title="bbox 2211 3108 3814 3187">
     <span class='ocr_line' id='line_1_62' title="bbox 2211 3108 3814 3187; baseline -0.004 -21"><span class='ocrx_word' id='word_1_444' title='bbox 2211 3121 2349 3181; x_wconf 73' lang='grc' dir='ltr'>ζωῆς,</span> <span class='ocrx_word' id='word_1_445' title='bbox 2379 3115 2569 3187; x_wconf 80' lang='grc' dir='ltr'>χάριτι</span> <span class='ocrx_word' id='word_1_446' title='bbox 2590 3117 2678 3163; x_wconf 83' lang='grc' dir='ltr'>καὶ</span> <span class='ocrx_word' id='word_1_447' title='bbox 2718 3110 3076 3183; x_wconf 67' lang='grc' dir='ltr'>φιλανθρωπίᾳ</span> <span class='ocrx_word' id='word_1_448' title='bbox 3101 3116 3191 3161; x_wconf 88' lang='grc' dir='ltr'>τοῦ</span> <span class='ocrx_word' id='word_1_449' title='bbox 3219 3108 3416 3180; x_wconf 85' lang='grc' dir='ltr'>Κυρίου</span> <span class='ocrx_word' id='word_1_450' title='bbox 3444 3108 3588 3179; x_wconf 77' lang='grc' dir='ltr'>ἡμῶν</span> <span class='ocrx_word' id='word_1_451' title='bbox 3620 3108 3814 3165; x_wconf 80' lang='grc' dir='ltr'>Ἰησοῦ</span> 
     </span>
    </p>
   </div>
   <div class='ocr_carea' id='block_1_63' title="bbox 466 3550 1518 3638">
    <p class='ocr_par' dir='ltr' id='par_1_63' title="bbox 466 3550 1518 3638">
     <span class='ocr_line' id='line_1_63' title="bbox 466 3550 1518 3638; baseline 0.018 -46"><span class='ocrx_word' id='word_1_452' title='bbox 466 3550 559 3638; x_wconf 49' lang='grc' dir='ltr'>ἐν,</span> <span class='ocrx_word' id='word_1_453' title='bbox 590 3551 714 3610; x_wconf 70' lang='lat' dir='ltr'>Act.</span> <span class='ocrx_word' id='word_1_454' title='bbox 746 3570 783 3625; x_wconf 74' lang='grc' dir='ltr'>ι,</span> <span class='ocrx_word' id='word_1_455' title='bbox 816 3556 869 3620; x_wconf 87' lang='lat'>3,</span> <span class='ocrx_word' id='word_1_456' title='bbox 899 3557 951 3610; x_wconf 78' lang='grc'>4.</span> <span class='ocrx_word' id='word_1_457' title='bbox 1066 3556 1115 3591; x_wconf 72' lang='lat'><strong>9°</strong></span> <span class='ocrx_word' id='word_1_458' title='bbox 1145 3557 1269 3619; x_wconf 80' lang='lat' dir='ltr'>Act,</span> <span class='ocrx_word' id='word_1_459' title='bbox 1298 3571 1396 3625; x_wconf 84' lang='lat' dir='ltr'>vn,</span> <span class='ocrx_word' id='word_1_460' title='bbox 1433 3560 1518 3613; x_wconf 85' lang='lat'>56.</span> 
     </span>
    </p>
   </div>
   <div class='ocr_carea' id='block_1_64' title="bbox 2192 3202 2676 3280">
    <p class='ocr_par' dir='ltr' id='par_1_64' title="bbox 2192 3202 2676 3280">
     <span class='ocr_line' id='line_1_64' title="bbox 2192 3202 2676 3280; baseline -0.008 -21"><span class='ocrx_word' id='word_1_461' title='bbox 2192 3211 2450 3280; x_wconf 81' lang='grc' dir='ltr'>Χριστοῦ.</span> <span class='ocrx_word' id='word_1_462' title='bbox 2484 3202 2676 3275; x_wconf 75' lang='grc' dir='ltr'>Ἀμήν.</span> 
     </span>
    </p>
   </div>
   <div class='ocr_carea' id='block_1_65' title="bbox 2917 3287 3069 3349">
    <p class='ocr_par' dir='ltr' id='par_1_65' title="bbox 2917 3287 3069 3349">
     <span class='ocr_line' id='line_1_65' title="bbox 2917 3287 3069 3349; baseline -0.026 -7"><span class='ocrx_word' id='word_1_463' title='bbox 2917 3287 3039 3342; x_wconf 76' lang='grc' dir='ltr'>Τέλο</span> <span class='ocrx_word' id='word_1_464' title='bbox 3049 3308 3069 3349; x_wconf 91' lang='grc' dir='ltr'>ς</span> 
     </span>
    </p>
   </div>
   <div class='ocr_carea' id='block_1_66' title="bbox 2572 3373 3419 3451">
    <p class='ocr_par' dir='ltr' id='par_1_66' title="bbox 2572 3373 3419 3451">
     <span class='ocr_line' id='line_1_66' title="bbox 2572 3373 3419 3451; baseline -0.008 -19"><span class='ocrx_word' id='word_1_465' title='bbox 2572 3388 2660 3433; x_wconf 85' lang='grc' dir='ltr'>τοῦ</span> <span class='ocrx_word' id='word_1_466' title='bbox 2686 3381 2821 3431; x_wconf 80' lang='grc' dir='ltr'>κατὰ</span> <span class='ocrx_word' id='word_1_467' title='bbox 2851 3380 3059 3451; x_wconf 79' lang='grc' dir='ltr'>Μάρκον</span> <span class='ocrx_word' id='word_1_468' title='bbox 3082 3373 3419 3446; x_wconf 72' lang='grc' dir='ltr'>Εῦαγγελίου.</span> 
     </span>
    </p>
   </div>
   <div class='ocr_carea' id='block_1_67' title="bbox 1670 3736 2597 3809">
    <p class='ocr_par' dir='ltr' id='par_1_67' title="bbox 1670 3736 2597 3809">
     <span class='ocr_line' id='line_1_67' title="bbox 1670 3736 2597 3809; baseline -0.002 -3"><span class='ocrx_word' id='word_1_469' title='bbox 1670 3736 1887 3807; x_wconf 75' lang='lat' dir='ltr'>Variae</span> <span class='ocrx_word' id='word_1_470' title='bbox 1916 3737 2247 3808; x_wconf 88' lang='lat' dir='ltr'>lectiones</span> <span class='ocrx_word' id='word_1_471' title='bbox 2284 3750 2348 3809; x_wconf 91' lang='lat' dir='ltr'>et</span> <span class='ocrx_word' id='word_1_472' title='bbox 2416 3746 2597 3806; x_wconf 65' lang='lat' dir='ltr'>notae</span> 
     </span>
    </p>
   </div>
   <div class='ocr_carea' id='block_1_68' title="bbox 491 3954 1251 4029">
    <p class='ocr_par' dir='ltr' id='par_1_68' title="bbox 491 3954 1251 4029">
     <span class='ocr_line' id='line_1_68' title="bbox 491 3954 1251 4029; baseline 0.004 -19"><span class='ocrx_word' id='word_1_473' title='bbox 491 3954 608 4029; x_wconf 90' lang='grc'>(88)</span> <span class='ocrx_word' id='word_1_474' title='bbox 634 3954 751 4029; x_wconf 91' lang='lat' dir='ltr'>_Sic_</span> <span class='ocrx_word' id='word_1_475' title='bbox 773 3958 1018 4029; x_wconf 89' lang='lat' dir='ltr'>uterque</span> <span class='ocrx_word' id='word_1_476' title='bbox 1043 3957 1251 4015; x_wconf 85' lang='lat' dir='ltr'>codex.</span> 
     </span>
    </p>
   </div>
   <div class='ocr_carea' id='block_1_69' title="bbox 490 4026 2072 4105">
    <p class='ocr_par' dir='ltr' id='par_1_69' title="bbox 490 4026 2072 4105">
     <span class='ocr_line' id='line_1_69' title="bbox 490 4026 2072 4105; baseline 0.004 -23"><span class='ocrx_word' id='word_1_477' title='bbox 490 4026 602 4099; x_wconf 89' lang='lat'>(89)</span> <span class='ocrx_word' id='word_1_478' title='bbox 634 4026 872 4087; x_wconf 89' lang='lat' dir='ltr'>Inclusa</span> <span class='ocrx_word' id='word_1_479' title='bbox 901 4026 1090 4087; x_wconf 72' lang='lat' dir='ltr'>codex</span> <span class='ocrx_word' id='word_1_480' title='bbox 1129 4035 1377 4104; x_wconf 91' lang='lat' dir='ltr'>uterque</span> <span class='ocrx_word' id='word_1_481' title='bbox 1408 4033 1469 4090; x_wconf 91' lang='lat' dir='ltr'>in</span> <span class='ocrx_word' id='word_1_482' title='bbox 1508 4034 1782 4105; x_wconf 87' lang='lat' dir='ltr'>margine</span> <span class='ocrx_word' id='word_1_483' title='bbox 1812 4034 2072 4092; x_wconf 86' lang='lat' dir='ltr'>exhibet.</span> 
     </span>
    </p>
   </div>
   <div class='ocr_carea' id='block_1_70' title="bbox 2282 3959 2855 4033">
    <p class='ocr_par' dir='ltr' id='par_1_70' title="bbox 2282 3959 2855 4033">
     <span class='ocr_line' id='line_1_70' title="bbox 2282 3959 2855 4033; baseline -0.009 -15"><span class='ocrx_word' id='word_1_484' title='bbox 2282 3965 2374 4033; x_wconf 87' lang='lat'>90)</span> <span class='ocrx_word' id='word_1_485' title='bbox 2407 3965 2511 4018; x_wconf 84' lang='grc' dir='ltr'>Καὶ</span> <span class='ocrx_word' id='word_1_486' title='bbox 2537 3959 2751 4033; x_wconf 82' lang='lat' dir='ltr'>omittit</span> <span class='ocrx_word' id='word_1_487' title='bbox 2788 3960 2855 4013; x_wconf 93' lang='lat' dir='ltr'>B.</span> 
     </span>
    </p>
   </div>
   <div class='ocr_carea' id='block_1_71' title="bbox 2258 3964 2986 4105">
    <p class='ocr_par' dir='ltr' id='par_1_71' title="bbox 2258 3964 2986 4105">
     <span class='ocr_line' id='line_1_71' title="bbox 2282 3964 2855 4033; baseline -0.009 -15"><span class='ocrx_word' id='word_1_488' title='bbox 2282 3965 2374 4033; x_wconf 87' lang='lat'>90)</span> <span class='ocrx_word' id='word_1_489' title='bbox 2407 3965 2511 4018; x_wconf 84' lang='grc' dir='ltr'>Καὶ</span> <span class='ocrx_word' id='word_1_490' title='bbox 2537 3964 2751 4015; x_wconf 89' lang='lat' dir='ltr'>omittit</span> <span class='ocrx_word' id='word_1_491' title='bbox 2789 3964 2855 4013; x_wconf 93' lang='lat' dir='ltr'>B.</span> 
     </span>
     <span class='ocr_line' id='line_1_72' title="bbox 2258 3964 2986 4105; baseline -0.014 -12"><span class='ocrx_word' id='word_1_492' title='bbox 2258 3964 2371 4105; x_wconf 46' lang='lat'>$91)</span> <span class='ocrx_word' id='word_1_493' title='bbox 2400 4033 2633 4090; x_wconf 88' lang='lat' dir='ltr'>Inclusa</span> <span class='ocrx_word' id='word_1_494' title='bbox 2665 4030 2888 4086; x_wconf 86' lang='lat' dir='ltr'>absunt</span> <span class='ocrx_word' id='word_1_495' title='bbox 2915 4032 2986 4083; x_wconf 82' lang='grc' dir='ltr'>Α.</span> 
     </span>
    </p>
   </div>
  </div>
