4074 6392
209 376 311 436 853
1547 369 1914 427 COMMENT.
1957 370 2030 426 IN
2071 370 2337 427 LUCAM.
3492 372 3595 428 854

654 707 832 816 ΤΟ
930 706 1329 815 ΚΑΤΑ
1422 695 2020 816 ΛΟΥΚΑΝ
2120 696 3050 817 ΕΥΑΓΓΕΛΙΟΝ

1071 1151 1202 1205 ΤΟΥ
1241 1154 1418 1202 ΚΑΤΑ
1459 1151 1734 1201 ΛΟΥΚΑΝ
1776 1150 2186 1199 ΕΥΑΓΓΕΛΙΟΥ
2220 1147 2311 1200 ΤΑ
2350 1149 2713 1199 ΚΕΦΑΛΑῙΑ.

233 1373 303 1431 α’.
350 1378 481 1447 Περὶ
511 1380 607 1433 τῆς
639 1371 913 1445 imor/papa
928 1392 965 1433 ς.
998 1370 1163 1444 (Cap.
1206 1371 1273 1425 II.
1307 1387 1460 1426 vers.
1492 1374 1567 1441 1.)

2069 1373 2195 1443 Περὶ
2260 1376 2356 1429 τῆς
2438 1376 2539 1420 τῶν
2617 1366 2916 1423 ἀποστόλων
2988 1368 3220 1443 ἐκλογῆς.
3303 1368 3423 1442 (VI,
3481 1370 3599 1443 12.)

236 1464 317 1537 β’.
365 1469 495 1538 Περὶ
525 1471 625 1515 τῶν
657 1459 1052 1535 ἀγραυλοῦντων
1086 1464 1360 1532 ποιμένων.
1395 1460 1459 1525 ΙΙ,
1501 1458 1581 1531 8.)
2124 1460 2227 1515 ΜΘ.
2263 1458 2349 1514 ιϐ’.
2386 1458 2492 1533 Μρ.
2530 1457 2600 1516 η’.

233 1554 313 1625 γ’,
358 1558 488 1625 Περὶ
519 1559 610 1603 τοῦ
637 1556 863 1623 Σῦμεὼν.
897 1551 981 1619 (II,
1010 1549 1125 1619 25.)
1936 1549 2025 1611 ιζ’.
2069 1553 2194 1623 Περὶ
2223 1556 2321 1601 τῶν
2360 1556 2730 1623 μακαρισμῶν.
2762 1547 2881 1617 (VI,
2912 1548 3029 1619 20.)
3056 1550 3160 1606 M9.
3194 1546 3251 1603 ι’.

236 1640 316 1695 δ’.
362 1646 491 1716 Περὶ
520 1646 709 1701 Ἀννης
734 1648 824 1699 τῆς
850 1635 1193 1711 προφήτιδος.
1230 1639 1314 1709 (II,
1358 1638 1474 1707 36.)
1934 1637 2019 1697 ιη’.
2064 1643 2188 1711 Περὶ
2225 1645 2315 1690 τοῦ
2347 1637 2755 1713 ἑκατοντάρχου.
2801 1638 2939 1708 (VII,
2996 1637 3076 1709 1.)
3112 1637 3222 1693 M9.
3271 1637 3338 1701 ζ’.
3386 1638 3490 1694 Ἰω.
3521 1634 3590 1695 σ’.

234 1732 294 1787 ε’.
350 1736 480 1802 Περὶ
556 1736 648 1781 τοῦ
722 1732 993 1800 γενομένου
1039 1728 1275 1803 ῥήματος
1358 1730 1482 1799 πρὸς
1558 1724 1819 1782 Ἰωάννην.
1932 1727 2017 1783 ιϐ’.
2063 1732 2297 1801 Περὶτοῦ
2324 1729 2441 1779 υἱοῦ
2473 1734 2571 1787 τῆς
2598 1732 2773 1801 χήρας
2803 1727 2938 1797 (VII,
2972 1726 3085 1800 H.)

392 1820 513 1888 (III,
554 1819 624 1889 ί.)
652 1819 754 1874 M9.
787 1816 859 1888 γ’.
1953 1816 2019 1872 κ’.
2063 1822 2189 1890 Περὶ
2238 1824 2341 1869 τῶν
2417 1815 2806 1869 ἀποσταλέντων
2886 1817 3030 1888 παρὰ
3104 1815 3362 1873 Ἰωάννου.
3440 1815 3588 1889 (VII,

232 1931 289 1965 σ.
337 1914 467 1983 Περὶ
543 1916 643 1960 τῶν
688 1907 1123 1980 ἐπερωτησάντων
1202 1908 1290 1957 τόν
1367 1906 1628 1963 Ἰωάννην.
1703 1904 1818 1976 (III,
2110 1910 2221 1978 18.)
2252 1907 2357 1964 M9.
2384 1904 2456 1963 κ’.

390 2000 501 2067 10.)
1924 1994 2023 2051 κοί.
2067 2000 2192 2071 Περὶ
2257 2004 2347 2056 τῆς
2418 1993 2704 2066 ἀλειψάσης
2778 1996 2864 2046 τὸν
2948 1994 3143 2069 Κύριον
3220 1994 3389 2070 μύρῳ.
3444 1994 3585 2069 (VII,

235 2088 306 2150 ζ’.
350 2094 479 2160 Περὶ
510 2093 602 2139 τοῦ
632 2092 927 2158 πειρασμοῦ
948 2092 1039 2138 τοῦ
1072 2092 1306 2158 Σωτῆρος
1340 2084 1456 2155 (IV,
1490 2084 1563 2155 1.)

1448 2125 1456 2147 ›
1490 2084 1563 2155 ¹-)
2105 2085 2218 2156 36.)
2259 2086 2362 2140 M9.
2398 2083 2496 2157 ξβῖ
2536 2086 2638 2157 Μρ.
2685 2080 2793 2157 μεθ’.
2826 2081 2926 2136 Ἰω.
2964 2081 3057 2155 ιβ’.

234 2180 305 2235 η’.
348 2182 476 2251 Περὶ
548 2183 642 2227 τοῦ
711 2177 926 2246 ἔχοντος
1010 2182 1212 2246 πνεῦμα
1295 2170 1592 2246 δαιμονίου.
1701 2173 1811 2244 (IV,
1925 2175 2033 2249 χβ’,
2077 2180 2201 2248 Περὶ
2238 2175 2330 2235 τῆς
2384 2172 2686 2248 παραϐολῆς
2731 2179 2822 2225 τοῦ
2869 2176 3090 2247 σπόρου.
3140 2172 3313 2245 (VIII,
3358 2173 3437 2243 4.)
3476 2176 3581 2231 M9.

380 2268 496 2338 33.)
538 2267 641 2338 Μρ.
677 2264 747 2317 α’.
2102 2261 2210 2320 κδ’.
2244 2266 2348 2339 Μρ.
2384 2264 2450 2317 θ’.

236 2354 299 2409 θ’.
347 2360 473 2426 Περὶ
521 2362 614 2415 τῆς
662 2355 906 2429 πενθερᾶς
952 2357 1171 2424 Πέτρου.
1234 2352 1354 2423 (IV,
1411 2355 1525 2419 38.)
1578 2352 1685 2407 M9.
1744 2350 1814 2409 η’.

1972 2352 2025 2424 γ’.
2069 2358 2196 2428 Περὶ
2244 2362 2339 2415 τῆς
2396 2350 2748 2425 ἐπιτιμήσεως
2804 2357 2904 2403 τῶν
2958 2346 3186 2408 ὗδᾶτων.
3239 2350 3408 2424 (VIII,
3463 2352 3581 2426 22.)

381 2445 494 2518 Μρ.
536 2442 609 2515 β’.
2102 2443 2212 2499 M9.
2257 2442 2344 2496 ια’.
2378 2442 2483 2516 Μρ.
2520 2440 2568 2495 ι’.

231 2533 285 2590 ι’.
332 2537 462 2606 Πὶρὶ
523 2542 623 2584 τῶν
703 2532 943 2584 ἰαθέντων
1019 2530 1121 2584 ἀπὸ
1152 2531 1395 2584 ποικίλων
1455 2534 1639 2584 νόσων.
1696 2531 1811 2602 (IV,
1922 2531 2028 2589 κδ’.
2072 2538 2198 2608 Περὶ
2270 2538 2365 2585 τοῦ
2412 2534 2620 2604 ἔχοντος
2659 2532 2747 2583 τὸν
2802 2529 3045 2603 λεγιῶνα.
3104 2530 3263 2602 (VIII,
3311 2531 3428 2605 26.)
3467 2530 3576 2589 ΜΘ.

382 2626 498 2690 40.)
527 2624 627 2677 M9.
662 2621 705 2673 θ’
736 2624 837 2696 Μρ.
870 2619 937 2692 γ’.
2101 2622 2199 2696 ιβ’.
2231 2622 2339 2697 Μρ.
2376 2621 2463 2677 ια’.
2779 2631 2782 2634 ’
3341 2654 3348 2663 σ

192 2712 285 2767 ια’.
336 2717 464 2785 Περὶ
495 2719 590 2773 τῆς
613 2712 778 2785 ἄγρας
809 2719 909 2762 τῶν
943 2710 1159 2782 ἰχθύων.
1195 2710 1285 2780 (V,
1320 2712 1396 2782 4.)
1846 2704 1890 2758 Β
1920 2711 1986 2766 κε’
2026 2718 2151 2789 Περὶ
2177 2721 2272 2774 τῆς
2302 2714 2563 2784 θυγατρὸς
2588 2717 2680 2764 τοῦ
2722 2707 3187 2786 ἀρχισυνάγώνου.
3249 2710 3414 2784 (VIII,
3458 2713 3576 2785 40.)

193 2801 292 2875 ιβ’.
340 2806 469 2874 Περὶ
495 2808 584 2853 τοῦ
614 2800 822 2874 λεπροῦ.
849 2798 938 2868 (V,
971 2802 1081 2870 12.)
1110 2801 1212 2856 M9.
1250 2799 1294 2863 ζ’
1320 2804 1427 2873 Μρ.
1460 2798 1529 2856 δ’.

971 2802 1081 2870 12.)
1110 2801 1212 2856 M9.
1250 2799 1294 2863 ζ’
1320 2804 1427 2873 Μρ.
1460 2798 1529 2856 δ’.
2098 2803 2207 2858 M9.
2241 2801 2314 2857 ιε’.
2351 2804 2452 2873 MP.
2481 2799 2576 2874 ιβ’.

192 2891 284 2962 ιγ’.
334 2895 460 2963 Περὶ
508 2896 600 2941 τοῦ
652 2888 1031 2963 παραλυτικοῦ.
1093 2887 1183 2960 (V,
1240 2889 1345 2960 18.)
1396 2891 1498 2946 M9.
1562 2891 1645 2962 ιγ’.
1701 2893 1802 2966 Μρ.
1917 2890 2011 2954 κς’.
2055 2896 2181 2967 Περὶ
2210 2899 2304 2955 τῆς
2338 2889 2739 2966 αἰμορῥοούσης.
2774 2888 2940 2960 (VIII,
2985 2889 3100 2962 43.)
3152 2890 3261 2946 M9.
3323 2890 3417 2947 ια’.
3465 2890 3576 2965 MP.

377 2988 436 3034 ε’.
470 2985 559 3036 Ιω.
597 2978 662 3042 ζ’.
2097 2986 2184 3053 ιγ’.

190 3067 284 3123 ιδ’.
332 3073 460 3141 Περὶ
512 3070 640 3120 Λευὶ
694 3074 784 3119 τοῦ
841 3066 1077 3121 τελώνου.
1155 3067 1249 3140 (V,
1326 3068 1443 3141 27.)
1524 3070 1630 3126 MO.
1709 3068 1801 3125 ιδ’.
1914 3070 2012 3133 κζ’.
2056 3074 2182 3145 Περὶ
2230 3076 2324 3132 τῆς
2378 3068 2669 3131 ἀποστολῆς
2732 3075 2833 3120 τῶν
2880 3064 3111 3124 δώδεκα.
3163 3068 3279 3141 (IX,
3352 3068 3431 3142 1.)
3468 3071 3578 3130 M9.

376 3160 476 3229 Mp.
512 3156 579 3217 ξ’.
2096 3160 2177 3215 ιϐ’.
2209 3163 2309 3233 Μρ.
2349 3158 2436 3217 ιϐ’.

188 3249 265 3301 ιε’.
314 3252 442 3320 Περὶ
510 3253 601 3297 τοῦ
654 3245 815 3320 ξηρὰν
873 3247 1091 3316 ἔχοντος
1146 3251 1241 3305 τὴν
1305 3254 1482 3319 χεῖρα.
1555 3250 1667 3321 (VI,
1724 3252 1802 3323 6.)
1913 3250 2013 3311 κη’.
2055 3254 2181 3323 Περὶ
2240 3259 2339 3303 τῶν
2388 3253 2534 3302 πέντε
2589 3250 2755 3324 ἄρτων
2795 3252 3015 3301 καὶτῶν
3047 3243 3143 3302 δύο
3178 3246 3399 3321 ἰχθύων.
3450 3247 3574 3322 (IX,

373 3336 476 3389 M9.
508 3354 610 3387 καί.
642 3337 744 3409 Μρ.
779 3334 844 3395 IL".
2096 3340 2206 3412 12.)
2240 3342 2344 3396 ΜΘ.
2376 3338 2487 3395 κσ’.
2535 3340 2637 3412 Μρ.
2669 3336 2755 3393 ισ’.
2785 3336 2892 3395 Ἰω.
2925 3336 2996 3396 η’.

1507 3780 2167 3875 EVANGELIUM

950 4000 1977 4185 SECUNDUM
2065 4004 2723 4186 LUCAM

1343 4491 1617 4548 CAPITA
1661 4485 2104 4545 EVANGELII
2138 4484 2408 4543 LUCE.

276 4654 323 4703 1.
367 4648 443 4703 De
463 4665 619 4703 censu
653 4648 908 4704 Caesaris.
1989 4653 2077 4704 15.
2125 4648 2204 4701 De
2243 4645 2463 4700 habente
2491 4644 2746 4700 dextram
2770 4660 2991 4700 manum
3019 4641 3263 4698 aridam.

269 4742 322 4791 2.
368 4738 445 4791 De
475 4739 791 4807 pastoribus
820 4739 877 4792 in
907 4753 1037 4808 agro
1080 4734 1406 4806 degentibus.
1643 4801 1647 4807 '
1834 4720 1874 4777 (ἶ
1989 4742 2073 4793 16.
2118 4736 2194 4790 De
2223 4735 2587 4807 apostolorum
2619 4734 2897 4790 electione.

273 4832 325 4882 3.
370 4828 439 4881 De
462 4826 732 4898 Symeone.
1991 4826 2071 4882 i7.
2115 4828 2200 4881 De
2237 4823 2679 4881 beatitudinibus.

271 4920 321 4972 4.
366 4918 445 4971 De
487 4919 651 4971 Anna
681 4916 1043 4988 prophetissa.
1991 4920 2074 4972 18.
2118 4915 2197 4970 De
2224 4914 2556 4970 centurione.

273 5011 323 5061 5.
369 5005 446 5060 De
476 5005 633 5061 verbo
661 5005 799 5077 quod
827 5006 1031 5075 factum
1071 5010 1145 5059 est
1174 5002 1243 5058 ad
1271 5004 1551 5058 Joannem.
1992 5006 2073 5060 19.
2118 5004 2196 5059 De
2226 5004 2344 5076 ﬁlio
2372 5003 2574 5059 viduae.

268 5095 324 5153 6.
366 5095 452 5151 De
478 5096 562 5150 his
600 5096 697 5167 qui
718 5095 984 5151 Joannem
1022 5092 1461 5165 interrogabant.
1984 5099 2074 5151 20.
2116 5094 2195 5149 De
2219 5093 2502 5164 discipulis
2539 5092 2719 5148 missis
2747 5109 2782 5147 a
2808 5093 3037 5148 Joanne.

265 5186 322 5243 ‘7.
367 5184 451 5239 De
478 5184 867 5240 tentationibus
909 5184 1059 5238 Jesu.
1985 5188 2080 5241 21.
2128 5185 2206 5238 De
2235 5199 2296 5238 ea
2321 5199 2437 5254 qua:
2464 5182 2633 5239 unxit
2665 5181 2960 5237 Dominum
2998 5184 3289 5252 unguento.

267 5278 317 5330 8.
354 5274 433 5329 De
463 5274 683 5328 habente
710 5274 972 5344 spiritum
994 5271 1398 5328 dwmoniacum.
1984 5277 2073 5329 22.
2116 5272 2195 5328 De
2213 5272 2509 5327 seminante
2535 5269 2820 5342 parabola.

264 5367 317 5420 9.
358 5366 436 5419 De
456 5380 614 5419 socru
636 5364 812 5418 Petri.
1984 5367 2072 5419 23.
2117 5362 2193 5417 De
2216 5361 2586 5431 increpatione
2608 5360 2759 5415 venti
2785 5375 2852 5416 ac
2880 5355 3217 5430 tempestatis
3258 5354 3457 5413 maris.

269 5454 354 5512 10.
396 5455 474 5509 De
512 5455 727 5509 curatis
746 5470 777 5507 a
808 5453 993 5507 variis
1019 5452 1235 5507 morbis.
1984 5455 2072 5507 24.
2118 5450 2194 5505 De
2219 5450 2418 5521 legione
2443 5449 2768 5506 dcemonum.

272 5549 354 5600 H.
400 5543 476 5598 De
513 5551 748 5614 captura
774 5542 1028 5613 piscium.
1987 5545 2074 5594 2‘5.
2122 5540 2197 5595 De
2216 5539 2339 5610 ﬁlia
2365 5537 2798 5609 archisynagogi.

271 5635 358 5688 1'2.
401 5633 476 5688 De
509 5633 736 5703 leproso.
1988 5633 2075 5684 26.
2119 5628 2198 5683 De
2230 5628 2456 5683 muliere
2480 5625 2755 5699 proﬂuvio
2787 5625 3074 5698 sanguinis
3114 5623 3413 5682 laborante.

276 5726 361 5778 t3.
405 5722 480 5777 De
507 5721 846 5794 paralytico.
1987 5720 2076 5775 27.
2118 5719 2195 5773 De
2226 5718 2511 5773 emissione
2534 5714 2809 5773 duodecim
2836 5715 3216 5788 apostolorum.

277 5816 361 5870 14.
402 5814 478 5869 De
502 5812 643 5868 Levi
671 5810 981 5882 publicano.
1990 5812 2076 5865 28.
2120 5809 2199 5863 De
2228 5809 2460 5879 quinque
2471 5805 2706 5877 panibus
2729 5814 2778 5865 et
2808 5804 3009 5865 duobus
3034 5804 3288 5879 piscibus.
