4074 6430
418 351 520 407 855
1748 345 1931 402 EUTH
1942 341 2097 399 YMII
2138 340 2443 397 ZIGABEN
2448 344 2466 398 Ι
3694 341 3814 399 856

416 478 514 535 κθ’.
558 483 682 553 Περὶ
710 486 800 539 τῆς
827 486 925 530 τῶν
966 479 1210 551 μαθητῶν
1238 475 1616 551 ἐπερωτήσεως.
1666 476 1777 547 (ΙΧ,
1829 474 1938 545 18.)
1969 475 2075 528 Μθ.
2114 473 2160 525 Α
2190 471 2300 543 μθ’.
2344 476 2463 546 Περὶ
2540 482 2638 525 τῶν
2700 473 3027 548 παραϐολῶν.
3108 471 3276 545 (XIII,
3351 472 3459 542 18.)
3529 473 3633 524 Μθ.
3703 467 3811 527 κδ.

594 566 696 635 λ·γ’.
727 574 833 635 Μρ.
867 564 970 620 κδ’.
2367 571 2473 635 Μρ.
2519 563 2582 618 θ’.

597 589 657 641 Λγ
683 610 696 623 .
730 589 833 640 Μρ.
867 589 930 620 κο
958 608 970 619 .
2369 589 2473 635 mp.
2519 589 2543 615 υ
2571 606 2582 618 .

452 656 511 712 λ’.
554 663 679 730 Περὶ
746 666 841 719 τῆς
899 660 1343 729 μεταμορφώσεως
1394 663 1487 708 τοῦ
1542 655 1741 714 Ἰησοῦ.
1794 656 1903 726 (ΙΧ,
1963 654 2077 724 28.)
2222 650 2281 708 ν’.
2324 658 2450 726 Περὶ
2530 662 2613 705 τοῦ
2683 652 3127 726 ἐπερωτήσαντος,
3188 653 3231 705 εἱ
3285 651 3453 723 ὀλίγοι
3516 653 3563 703 οἱ
3632 650 3811 711 σωζό-

594 749 700 802 Μθ.
733 744 832 800 λδ’.
877 754 981 817 Μρ.
1023 744 1111 802 κε’.
2364 761 2527 815 μενοι.
2554 743 2719 815 (XIII,
2751 744 2861 813 22.)

415 833 512 890 λα’.
553 840 680 910 Περὶ
711 842 804 888 τοῦ
851 835 1303 906 σεληνιαζομένου.
1352 834 1604 905 (IX,37.)
1656 835 1760 888 Μθ.
1820 830 1908 888 λε’.
1968 839 2074 904 Μρ.
2185 830 2281 884 νά’.
2327 837 2451 907 Περὶ
2520 841 2617 884 τῶν
2688 832 2930 886 εἰπόντων
3004 841 3076 905 τῷ
3141 831 3319 890 Ἰησοῦ
3378 826 3473 883 διὰ
3528 825 3801 904 Ἡρώδην.

593 922 694 985 κζ’.

2365 921 2523 992 (xm,
2552 922 2664 993 31.)

414 1011 517 1084 λβ.
560 1018 685 1087 Περὶ
713 1022 812 1065 τῶν
855 1009 1317 1085 διαλογιζομένων,
1366 1015 1439 1072 τίς
1504 1014 1710 1084 μείζων.
1782 1011 1903 1083 (ΙΧ,
1960 1009 2075 1081 46.)
2326 1015 2452 1084 Περὶ
2490 1018 2581 1062 τοῦ
2613 1008 2938 1085 ὑδρωπικοῦ.
2970 1010 3131 1083 (XIV,
3169 1011 3241 1083 1.)

592 1105 696 1158 MO.
724 1102 819 1166 λζ’.
852 1110 956 1175 Μρ.
989 1100 1090 1157 κσ’.
2182 1097 2275 1171 ν’γ’.
2320 1104 2445 1173 Περὶ
2499 1108 2591 1152 τοῦ
2644 1106 2715 1173 μὴ
2768 1099 2975 1172 ἀγαπᾷν
3016 1105 3105 1161 τὰς
3157 1100 3563 1174 πρωτοκλισίας.
3624 1097 3803 1166 (XIV,

413 1190 508 1263 λγ.
552 1198 676 1265 Περὶ
715 1199 807 1245 τοῦ
844 1196 915 1265 μὴ
968 1191 1366 1264 ἐπιτρεπομένου
1410 1189 1727 1251 ἀκολουθεῖν.
1789 1190 1906 1262 (ΙΧ,
1960 1188 2072 1260 56.)
2361 1188 2441 1259 7.)

596 1285 705 1338 Μθ.
746 1284 796 1339 ι’.
2184 1276 2285 1332 νδ’.
2327 1284 2455 1354 Περὶ
2506 1288 2603 1331 τῶν
2655 1279 2978 1353 καλουμένων
3056 1278 3104 1331 ἐν
3178 1288 3251 1350 τῷ
3327 1275 3546 1350 δείπνῳ.
3628 1277 3803 1349 (XIV,

410 1368 510 1426 λδ’.
553 1376 683 1447 Περῖ
706 1379 811 1429 τῶν,
838 1368 1255 1443 ἁναδειχθέντων
1287 1368 1666 1444 ἐϐδομήκοντα.
1705 1372 1788 1443 (Χ,
1827 1372 1896 1441 1.)
2367 1368 2479 1440 15.)
2511 1371 2614 1423 Μθ.
2645 1368 2740 1425 να’.

410 1460 494 1517 λε’.
538 1466 665 1534 Περὶ
703 1469 796 1514 τοῦ
828 1460 1247 1537 ἐπερωτήσαντος
1276 1468 1512 1534 νομικοῦ.
1557 1462 1641 1532 (Χ,
1679 1461 1792 1531 25.)
1835 1464 1941 1516 MO.
1975 1459 2072 1515 νόν.
2184 1455 2266 1509 vi.
2332 1456 2609 1532 Παραϐολή
2650 1463 2770 1533 περὶ
2794 1455 3081 1532 οἰκοδομῆς
3105 1461 3327 1533 πύργου.
3372 1458 3528 1530 (XIV,
3568 1458 3684 1526 23-)

594 1558 701 1625 MP,
734 1548 826 1607 16'.
2184 1544 2279 1601 νσ’.
2324 1552 2449 1621 Περὶ
2487 1557 2587 1599 τῶν
2618 1548 2797 1601 ἑκατὸν
2836 1547 3107 1621 προϐάτων
3135 1547 3427 1622 παραϐολή,
3461 1546 3599 1618 (XV,
3640 1547 3720 1617 3.)

411 1638 510 1701 λσ’.
553 1644 680 1715 Περὶ
710 1646 799 1692 τοῦ
827 1639 1141 1712 ἐμπεσόντος
1187 1639 1257 1701 εἰς
1288 1643 1406 1701 τοῦς
1438 1638 1658 1712 λῃστάς.
1693 1640 1777 1712 (Χ,
1815 1639 1932 1711 30.)
2185 1635 2278 1696 νζ.
2326 1642 2449 1708 Περὶ
2506 1645 2598 1689 τοῦ
2678 1634 3119 1710 ἀποδημήσαντος
3177 1638 3249 1698 εἰς
3313 1643 3495 1712 χώραν
3561 1638 3802 1710 μακράν.

412 1726 511 1789 λζ’.
556 1734 682 1801 Περὶ
708 1730 927 1803 Μάρθας
956 1734 1045 1781 καὶ
1082 1730 1308 1801 Μαρίας.
1343 1728 1428 1799 (Χ,
1459 1727 1574 1800 38.)
2362 1726 2500 1796 (XV,
2537 1727 2649 1798 12.)

411 1816 507 1876 λη’,
553 1822 677 1891 Περὶ
705 1827 981 1892 προσευχῆ
996 1839 1033 1879 ς,
1069 1819 1173 1889 (XI,
1214 1818 1287 1888 1,)
2102 1827 2146 1882 Β
2181 1813 2279 1873 νη’.
2324 1821 2449 1888 Περὶ
2479 1824 2569 1868 τοῦ
2600 1816 2872 1889 οἰκονόμου
2908 1825 3004 1879 τῆς
3033 1814 3263 1877 ἀδικίας.
3306 1817 3464 1886 (XVI,
3495 1815 3573 1887 1.)

409 1906 503 1961 λθ’.
547 1911 671 1982 Περὶ
700 1914 791 1959 τοῦ
837 1909 1046 1978 ἔχοντος
1099 1903 1368 1980 δαιμόνιον
1412 1910 1600 1978 κωφόν.
1650 1910 1755 1977 (XI,
1815 1910 1923 1975 14.)
1962 1911 2069 1963 Μθ.
2180 1904 2276 1957 νϐ’.
2320 1910 2445 1980 Περὶ
2475 1914 2566 1957 τοῦ
2594 1906 2845 1958 πλουσίου
2875 1912 3076 1959 καὶτοῦ
3112 1908 3383 1978 Λαζάρου.
3418 1906 3571 1977 (XVI,
3606 1902 3715 1975 19.)

587 2016 617 2047 κ
625 1994 698 2069 β’.

2218 1993 2276 2057 ξ’.
2321 2000 2446 2068 Περὶ
2483 2004 2576 2048 τῶν
2607 1992 2737 2048 δέκα
2765 1996 2976 2067 λεπρῶν.
3010 1996 3189 2063 (XVII,
3233 1998 3339 2063 Η.)

443 2084 514 2157 μ’.
558 2090 683 2159 Περὶ
735 2091 825 2145 τῆς
883 2083 940 2136 ἐκ
996 2092 1088 2138 τοῦ
1149 2084 1316 2157 ὄχλου
1376 2084 1635 2156 ἐποροίσης
1692 2090 1883 2158 φωνήν.
1960 2090 2069 2156 (XI,
2184 2082 2277 2147 ξα’.
2323 2090 2446 2158 Περὶ
2476 2093 2566 2137 τοῦ
2591 2094 2772 2161 κριτοῦ
2800 2095 2895 2147 τῆς
2926 2083 3155 2147 ἀδικίας.
3191 2085 3396 2157 (XVIII,
3437 2087 3509 2156 1.)

586 2174 703 2246 27.)
2184 2173 2195 2235 ἔ

2187 2172 2284 2245 ξβ-
2328 2180 2453 2249 Περὶ
2500 2183 2591 2227 τοῦ
2653 2178 2942 2249 Φαρισαίου
3000 2180 3090 2229 καὶ
3146 2182 3241 2228 τοῦ
3286 2175 3524 2228 τελώνου.
3576 2174 3796 2243 (XVIII,

409 2261 515 2335 μα’.
555 2268 680 2337 Περὶ
710 2271 809 2315 τῶν
850 2262 1127 2315 αἰτούντων
1153 2270 1386 2336 σημεῖον,
1422 2264 1527 2335 (XI,
1555 2265 1668 2334 29.)
1701 2267 1806 2319 Μθ.
1837 2264 1936 2338 κγ’.
2363 2266 2439 2335 9.)

408 2350 527 2426 [ιβ’.
570 2357 698 2426 Περὶ
730 2359 823 2406 τοῦ
862 2358 1149 2428 Φαρισαίου
1210 2361 1301 2406 τοῦ
1359 2353 1668 2416 καλέσαντος
1706 2358 1792 2407 τὸν
1844 2356 2069 2415 Ἰησοῦν.
2185 2351 2284 2424 ἔν’.
2328 2358 2452 2425 Περὶ
2489 2360 2579 2406 τοῦ
2632 2352 3057 2427 ἐπερωτήσαντος
3112 2354 3368 2407 πλουσίου
3425 2358 3511 2407 τὸν
3559 2354 3797 2413 Ἰησοῦν.

590 2442 699 2512 (χι,
744 2443 857 2512 37.)

2361 2443 2569 2516 (XVIII,
2608 2445 2719 2515 18.)
2747 2446 2851 2499 ΜΘ.
2886 2444 2996 2517 μα’.
3030 2452 3134 2517 Μρ.
3160 2443 3256 2497 κθ.

408 2528 511 2603 μέγ’.
555 2536 683 2605 Περὶ
722 2538 809 2583 τοῦ
857 2530 1181 2605 ταλανισμοῦ
1223 2540 1323 2585 τῶν
1354 2541 1596 2605 νομικῶν.
1657 2535 1763 2601 (ΧΙ,
1814 2536 1931 2606 46.)
1966 2537 2069 2592 Μθ.
2184 2528 2285 2594 ξδ’.
2330 2538 2455 2605 Περὶ
2497 2541 2586 2585 τοῦ
2638 2533 2852 2606 τυφλοῦ.
2913 2534 3125 2605 (XVIII,
3186 2536 3298 2602 35.)
3354 2537 3458 2588 ΜΘ.
3514 2531 3628 2608 μδ’.
3681 2542 3799 2611 Μρ.

591 2622 696 2676 νσ’.
2361 2620 2437 2675 λα’

408 2707 518 2784 μδν.
562 2716 683 2785 Περὶ
719 2718 814 2773 τῆς
845 2710 1013 2784 ζύμης
1046 2719 1145 2763 τῶν
1177 2717 1495 2785 Φαρισαίων.
1545 2712 1679 2785 (XII,
1720 2714 1791 2786 1.)
1829 2716 1930 2769 Μθ.
1963 2715 2017 2788 λέ

1591 2713 1679 2779 III,
1720 2714 1791 2786 1.)
1829 2716 1930 2769 Μθ.
1963 2714 2068 2788 λβ’.
2183 2710 2269 2773 ξδ’.
2314 2718 2437 2787 Ηερὶ
2469 2720 2561 2765 τοῦ
2590 2717 2884 2785 Ζακχαίου.
2927 2713 3082 2785 (XIX,
3129 2713 3200 2781 1.)

588 2808 692 2876 Μρ.
725 2798 831 2873 κβ’.
1462 2854 1463 2857 η
2183 2800 2279 2864 ξσ’.
2316 2807 2441 2875 Περὶ
2498 2810 2590 2854 τοῦ
2652 2805 2989 2876 πορευθέντος
3045 2800 3216 2855 λαϐεῖν
3271 2802 3434 2873 ἐαυτῷ
3496 2801 3799 2876 βασιλείαν.

409 2889 504 2963 με’.
548 2895 673 2964 Περὶ
712 2896 803 2942 τοῦ
835 2889 1149 2953 θελήσαντος
1196 2893 1519 2965 μερίσασθαι
1570 2897 1665 2951 τὴν
1694 2893 1899 2949 οὐσίαν.
1934 2896 2067 2964 (XII,
2360 2894 2513 2961 (XIX,
2552 2892 2660 2961 12.)

593 2981 703 3052 13.)
2183 2979 2276 3042 ξζ.
2320 2986 2446 3056 Περὶ
2476 2990 2572 3033 τῶν
2602 2981 2858 3034 λαϐόντων
2889 2985 2982 3042 τὰς
3015 2978 3145 3034 δέκα
3175 2988 3326 3052 μνᾶς.
3354 2983 3507 3053 (XIX,
3542 2983 3656 3054 13.)

410 3069 517 3141 μοί.
560 3075 685 3143 Περὶ
710 3077 820 3137 τοῦ,
868 3069 929 3122 οὗ
969 3069 1249 3144 εὐφόρησεν
1292 3073 1322 3130 ἡ
1369 3077 1545 3145 χώρα,
1588 3072 1866 3132 πλουσίου.
1927 3076 2068 3147 (XII,
2183 3068 2282 3131 ξη’.
2327 3076 2452 3141 Περὶ
2509 3078 2600 3123 τοῦ
2671 3070 2863 3125 πώλου.
2943 3072 3101 3143 (XIX,
3159 3072 3273 3143 29.)
3340 3074 3444 3128 Μθ.
3518 3072 3617 3146 μί’.
3676 3080 3791 3147 Μρ.

596 3160 706 3231 16.)
2102 3185 2144 3241 C
2358 3158 2459 3232 λβ’.
2492 3166 2573 3215 Ιω.
2611 3157 2698 3214 ιδ’.

409 3246 519 3321 μζ.
565 3252 691 3323 Περὶ
722 3256 820 3302 τῶν
852 3248 1135 3302 Γαλιλαίων
1164 3253 1255 3302 καὶ
1297 3257 1397 3302 τῶν
1443 3249 1493 3303 ἐν
1528 3259 1600 3322 τῷ
1653 3252 1876 3325 Σιλωάμ.
1914 3255 2070 3325 (ΧΙΙΙ,
2183 3247 2278 3311 ἔθ’.
2324 3254 2446 3322 Περὶ
2516 3258 2615 3301 τῶν
2688 3249 3122 3324 ἐπερωτησάντων
3188 3254 3275 3302 τὸν
3361 3253 3551 3325 Κύριον
3633 3250 3804 3324 ἀρχι-

594 3337 669 3409 ι.)
1046 3394 1049 3397 ,

2362 3343 2509 3413 τρέων
2581 3344 2669 3391 καὶ
2738 3344 3107 3413 Γραμματέων.
3160 3340 3291 3412 (XX,
3370 3341 3446 3413 I.)
3512 3343 3617 3396 ΜΘ.
3677 3342 3799 3415 μη’.

409 3425 517 3500 μεθ’.
560 3432 688 3501 Περὶ
761 3434 853 3487 τῆς
927 3425 1161 3499 ἐχούσης
1244 3435 1447 3501 πνεῦμα
1544 3429 1831 3494 ἀσθενείας.
1908 3432 2070 3503 (XIII,
2360 3435 2465 3501 Μρ.
2499 3426 2583 3484 λε’.

595 3514 707 3587 ιο.)

482 3785 570 3840 29.
616 3784 689 3839 De
728 3784 1158 3855 interrogatione
1187 3785 1407 3840 Domini
1437 3786 1514 3842 ad
1541 3786 1850 3858 discipulos.
2410 3801 2548 3859 sent,
2580 3796 2678 3866 qui
2703 3796 2929 3851 salutem
2958 3804 3429 3869 consequerentur.

480 3875 570 3929 30.
614 3874 692 3928 De
722 3874 1203 3945 transﬁguratione
1223 3874 1370 3929 Iesu.
2253 3890 2339 3942 51.
2381 3885 2458 3940 De
2479 3884 2565 3939 his
2584 3886 2681 3956 qui
2692 3885 3017 3952 suadebant,
3036 3894 3095 3942 ut
3109 3887 3606 3959 secederetpropter
3620 3888 3803 3945 Hero-

481 3963 573 4021 31.
614 3964 698 4018 De
726 3962 983 4018 lunatico.
2390 3974 2526 4030 dem.

480 4052 569 4107 32.
614 4052 689 4106 De
708 4051 1130 4123 disputantibus,
1162 4054 1282 4124 quis
1303 4059 1430 4109 esset
1451 4056 1645 4127 major.
2246 4065 2336 4118 5'2.
2379 4064 2457 4118 De
2494 4063 2798 4135 hydropico.

482 4144 570 4197 33.
614 4141 690 4197 De
720 4158 775 4195 eo
791 4142 882 4196 cui
918 4158 1025 4195 non
1062 4143 1317 4211 permisit
1337 4150 1396 4197 ut
1415 4153 1743 4215 sequeretur.
2250 4158 2334 4209 53.
2368 4155 2446 4208 De
2463 4170 2571 4207 non.
2598 4153 2851 4208 amandis
2877 4154 3074 4225 primis
3102 4154 3456 4210 accubitibus.

482 4233 568 4288 34.
612 4232 692 4286 De
716 4231 1011 4303 designatis
1034 4233 1384 4301 septuaginta
1415 4235 1699 4304 apostolis.
2250 4243 2337 4298 54.
2375 4244 2452 4297 De
2474 4242 2728 4297 invitatis
2752 4243 2821 4297 ad
2847 4259 3071 4299 caenam.

481 4322 569 4377 35.
612 4321 689 4375 De
709 4328 945 4375 tentante
972 4319 1297 4391 legisperito.
2250 4336 2334 4387 55.
2380 4334 2456 4386 De
2484 4332 2846 4402 cediﬁcatione
2871 4334 3051 4387 turris
3071 4334 3355 4403 parabola.

480 4408 567 4464 36.
612 4409 689 4463 De
728 4426 784 4463 eo
817 4410 913 4480 qui
937 4408 1207 4463 inciderat
1231 4409 1287 4463 in
1321 4408 1576 4466 latrones.
2250 4419 2335 4474 56.
2381 4420 2458 4474 De
2481 4428 2690 4474 centum
2715 4421 2902 4474 ovibus
2939 4420 3219 4490 parabola.

480 4498 568 4552 37.
613 4498 691 4552 De
717 4498 940 4555 Martha
969 4503 1018 4551 et
1056 4497 1265 4554 Maria.
2101 4527 2147 4582 D
2252 4515 2339 4565 57.
2380 4510 2457 4564 De
2482 4509 2686 4564 duobus
2706 4510 2856 4580 ﬁliis,
2877 4527 3105 4580 quorum
3118 4511 3608 4581 juniorluxuriose
3622 4513 3790 4570 vixit.

480 4585 569 4641 38.
610 4588 690 4641 De
719 4586 987 4641 oratione.
2250 4603 2336 4655 58.
2382 4605 2455 4654 De
2479 4600 2846 4671 dispensatore
2878 4600 3083 4671 iniquo.

479 4676 569 4730 39.
613 4674 681 4727 De
705 4674 866 4742 ejecto
887 4674 1159 4727 daemonio
1190 4681 1354 4731 muto.
2249 4689 2334 4744 59,
2379 4689 2455 4745 De
2494 4688 2659 4743 divite
2684 4696 2736 4743 at
2764 4692 2996 4745 Lazaro.

478 4764 567 4817 40.
610 4762 692 4816 De
713 4761 959 4827 muliere,
988 4779 1108 4833 quae
1127 4762 1189 4817 de
1229 4765 1392 4819 turba
1413 4782 1589 4822 vocem
1614 4771 1842 4826 extulit.
2247 4780 2337 4832 60.
2380 4782 2455 4834 De
2483 4779 2657 4833 decem
2691 4779 2936 4849 Ieprosis.

479 4854 570 4908 4t.
611 4852 692 4905 De
724 4851 809 4904 his
832 4850 927 4921 qui
953 4851 1165 4923 signum
1195 4854 1466 4922 petebant.
2246 4869 2333 4921 61.
2380 4868 2461 4923 De
2474 4868 2669 4936 judice
2698 4870 2903 4940 iniquo.

476 4940 565 4997 42.
608 4941 686 4995 De
726 4940 1004 4996 Phariszo
1028 4942 1123 5011 qui
1159 4944 1451 4998 Dominum
1477 4945 1765 5001 invitavit.
2247 4961 2335 5015 62.
2379 4958 2458 5013 De
2486 4958 2773 5013 Pharisan
2801 4965 2848 5013 et
2888 4958 3207 5013 Publicano.

474 5029 562 5121 43.
608 5030 677 5121 De
706 5027 1081 5121 deploratione
1107 5030 1560 5121 legisperitorum.
2246 5046 2332 5103 63.
2376 5046 2454 5101 De
2485 5046 2678 5115 divite,
2711 5047 2809 5118 qui
2839 5048 3131 5104 Dominum
3157 5050 3543 5121 interrogavit.

475 5118 568 5176 44.
617 5119 700 5174 De
736 5119 1019 5191 fermento
1046 5118 1470 5177 Pharisaeorum
1484 5167 1496 5178 .

1046 5118 1470 5177 Pharisaeorum
1484 5167 1496 5178 .
2247 5140 2332 5193 64.
2376 5136 2453 5191 De
2472 5150 2632 5193 caeco.

472 5212 568 5264 45.
615 5208 687 5263 De
715 5224 772 5263 eo
787 5207 884 5280 qui
906 5207 1116 5263 volebat
1144 5208 1387 5265 dividere
1408 5211 1804 5273 hwreditatem.
2244 5226 2334 5281 65.
2377 5225 2454 5280 De
2484 5226 2760 5282 Zacchaeo.

473 5296 559 5353 46.
602 5298 679 5351 De
704 5297 875 5351 divite
908 5298 1061 5367 cujus
1083 5314 1211 5367 ager
1242 5300 1407 5369 ferax
1435 5301 1560 5367 fuit.

2246 5318 2333 5370 66.
2378 5316 2457 5370 De
2487 5315 2696 5370 homine
2745 5316 2841 5387 qui
2863 5317 3141 5387 profectus
3179 5324 3276 5383 est,
3306 5325 3364 5373 ut
3394 5320 3651 5391 acciperet
3676 5318 3790 5375 sibi

471 5388 562 5441 47.
602 5387 673 5441 De
695 5386 945 5442 Galilazis
973 5391 1021 5439 et
1052 5386 1123 5440 iis
1146 5387 1243 5457 qui
1280 5389 1338 5441 in
1379 5388 1544 5455 Siloe,
1577 5396 1685 5447 etc.
2390 5420 2637 5475 regnum.

471 5477 559 5531 48.
606 5474 687 5568 pe
705 5476 936 5531 muliere
966 5482 1249 5531 contracta
1288 5477 1553 5548 spiritum
1599 5482 1945 5552 inﬁrmitatis
1973 5489 2062 5543 ha—
2245 5495 2331 5549 67.
2376 5474 2567 5548 Deihis
2604 5497 2702 5565 qui
2738 5494 2911 5549 decem
2944 5495 3118 5549 minas
3155 5504 3492 5568 acceperunt.

616 5562 708 5617 ben
717 5570 786 5617 te.

2244 5584 2331 5638 68.
2374 5584 2451 5638 De
2471 5562 2641 5653 pullo.
3270 5562 3287 5568 -

473 5651 562 5706 49.
604 5650 683 5705 De
694 5652 1000 5722 parabolis.

2243 5671 2329 5728 69.
2373 5671 2451 5727 De
2468 5650 2838 5727 sacerdotibus
2854 5680 2902 5728 et
2921 5672 3117 5729 scribis
3133 5691 3194 5730 ac
3212 5674 3535 5743 senioribus,
3555 5676 3651 5749 qui
3670 5675 3781 5734 Do-

475 5740 560 5797 50.
604 5739 685 5795 De
708 5755 767 5797 eo
785 5742 884 5812 qui
908 5741 1203 5799 Dominum
1242 5745 1639 5819 interrogabat,
1682 5767 1757 5806 an
1775 5756 1953 5824 pauci
1982 5774 2056 5813 es-
2382 5762 2590 5818 minum
2619 5760 3059 5835 interrogabant.
