4074 6400
432 362 537 419 859

502 489 667 544 Vers.
701 493 752 544 2.
776 488 938 545 Sicut
966 519 1035 530 —
1054 488 1225 547 verbi.
1256 490 1303 544 Α
1333 486 1628 561 principio
1659 486 2087 543 miraculorum
2119 483 2161 537 A

435 583 487 634 et
515 579 889 648 dogmatum.
950 578 1066 633 Hoc
1102 584 1301 634 autem
1334 578 1598 634 scribens
1623 576 1894 641 ostendit,
1923 574 2087 648 quod

433 669 555 741 ipse
579 668 689 724 illis
740 669 1031 740 posterior
1061 668 1132 723 ad
1183 668 1386 740 ipsum
1418 667 1795 724 accessisset:
1829 665 2087 737 ideoque

431 758 561 813 haec
594 756 797 812 abillis
823 757 1129 824 didicerat,
1154 757 1257 829 qui
1285 772 1515 829 semper
1537 773 1675 812 cum
1708 755 1940 811 Christo
1966 754 2089 810 tue-

432 851 588 912 rant,
619 861 688 900 ac
714 844 953 915 singula
977 845 1251 902 viderant
1266 851 1321 902 et
1346 846 1694 915 audierant;
1728 844 2087 901 dicitautem

432 949 535 990 eos
564 934 909 1007 discipulos,
938 935 1041 1007 qui
1072 952 1102 991 e
1134 935 1508 992 duodenario
1558 935 1790 991 fuerunt
1809 950 2084 991 numero.

432 1023 693 1079 Verbum
764 1039 900 1079 vero
926 1024 1199 1095 intelligit
1258 1025 1356 1081 hic
1399 1026 1712 1092 Christum,
1770 1025 1866 1096 qui
1898 1023 2087 1081 abhis

431 1129 537 1184 per
561 1112 1041 1169 incarnationem
1070 1130 1140 1169 ac
1167 1114 1603 1171 humanitatem
1650 1117 1809 1170 visus
1848 1121 1951 1171 est.
1980 1114 2087 1170 Mi-

429 1202 648 1257 nistros
674 1218 918 1275 quoque
942 1204 1048 1283 hos
1074 1204 1428 1271 nominavit,
1464 1210 1664 1278 utpote
1712 1205 2012 1262 auditores
2033 1208 2088 1261 et

428 1291 506 1346 ad
532 1292 673 1348 fidei
704 1292 1185 1365 praedicationem
1212 1295 1483 1351 emissos.

500 1381 662 1436 Vers.
716 1386 767 1438 3.
810 1382 993 1438 Visum
1040 1390 1115 1439 est
1144 1417 1211 1426 —
1266 1385 1577 1457 TheOphz'le.
1605 1386 1911 1442 Assecutio
1972 1386 2087 1439 hoc

425 1484 558 1542 loco
576 1487 679 1543 pro
706 1472 1045 1542 cognitione
1078 1476 1377 1532 sumenda
1403 1482 1514 1533 est.
1566 1480 1790 1534 Cuncta
1819 1477 2090 1531 videlicet

429 1575 615 1631 opera
645 1560 971 1617 Salvatoris
1002 1579 1070 1618 ac
1097 1581 1424 1623 sermones.
1484 1567 1633 1622 Dicit
1674 1583 1816 1639 ergo
1848 1584 1863 1621 :
1905 1566 2088 1621 Visum

429 1654 583 1704 estet
633 1650 788 1717 mihi,
818 1650 932 1707 hoc
986 1660 1090 1717 est,
1119 1657 1368 1726 Equum
1439 1656 1717 1728 apparuit
1764 1656 1921 1721 mihi,
1986 1654 2086 1727 qui

430 1742 645 1793 cuncta
693 1755 728 1794 a
767 1741 1056 1811 principio
1088 1750 1363 1800 accurate
1402 1746 1675 1817 cognovi,
1725 1745 1927 1801 ordine
1980 1744 2081 1799 tibi

428 1826 703 1883 scribere.
736 1829 955 1885 Deinde
980 1832 1158 1887 etiam
1193 1833 1495 1890 scribendi
1522 1852 1775 1892 causam
1816 1834 2006 1892 addit.

494 2058 538 2126 -ι-
578 2057 680 2113 Hic
712 2058 989 2114 senatorii
1018 2066 1147 2116 erat
1166 2062 1409 2129 ordinis,
1442 2072 1496 2121 et
1548 2066 1815 2127 fortassis
1875 2076 2079 2146 praefe-

426 2150 573 2201 ctus.
602 2147 833 2203 Strenui
863 2149 1020 2204 enim
1044 2166 1265 2205 nomen
1292 2153 1368 2207 ad
1396 2157 1683 2226 prmsides
1702 2177 1772 2216 ac
1798 2164 2081 2233 primates

425 2235 767 2294 dicebatur:
799 2238 953 2293 sicut
974 2238 1265 2295 etPaulus
1287 2243 1367 2298 ait
1391 2245 1464 2299 ad
1483 2249 1793 2318 praesidem
1814 2255 2075 2311 Festum:

425 2324 655 2381 Strenue
680 2325 829 2381 Feste
848 2328 887 2380 ¹.
908 2326 1113 2384 Omnis
1136 2330 1313 2386 etiam
1334 2333 1541 2401 homo,
1571 2340 1668 2410 qui
1685 2341 1871 2398 Deum
1894 2352 2075 2414 amat,

426 2421 668 2486 sumpta
690 2418 977 2472 adversus
1008 2419 1347 2476 affectiones
1363 2422 1723 2493 fortitudine,
1750 2430 1863 2487 dici
1882 2441 2077 2505 potest

423 2510 699 2560 strenuus
747 2508 1103 2579 Theophilus
1165 2526 1235 2566 ac
1300 2512 1538 2585 dignus,
1594 2520 1698 2590 qui
1746 2522 2074 2584 doctrinam

422 2593 630 2650 audiat
648 2596 1049 2664 evangelicum
1066 2640 1078 2653 .

494 2683 655 2738 Vers.
684 2687 735 2739 4.
789 2687 857 2740 Ut
879 2717 947 2726 -
972 2689 1381 2748 certitudz'nem.
1416 2697 1483 2750 Ut
1512 2711 1872 2766 agnoscens,
1907 2706 2077 2762 vehe-

422 2774 682 2869 mentius
712 2790 1054 2869 sermonum
1096 2778 1232 2835 ﬁdei
1265 2782 1613 2841 certitudine
1654 2790 1895 2861 rapiaris
1927 2794 2069 2869 (bb);

420 2861 493 2916 de
549 2862 770 2933 quibus
796 2863 1062 2920 imbutus
1086 2868 1303 2936 fueras,
1333 2872 1474 2941 sive,
1496 2877 1565 2931 de
1585 2880 1800 2949 quibus
1829 2861 2073 2942 edoctus

418 2966 501 3018 es,
534 2957 685 3006 nete
712 2951 875 3008 fallat
924 2958 1207 3027 narratio,
1255 2977 1440 3032 quam
1473 2968 1641 3025 multi
1698 2976 2075 3034 tentaverunt

416 3046 690 3106 retexere,
730 3042 879 3097 sicut
904 3048 1171 3116 superius
1190 3049 1560 3112 declaratum
1596 3064 1699 3115 est.

489 3131 646 3226 γει-ε.
679 3131 733 3185 5.
762 3132 897 3187 Fuit
921 3165 993 3226 ᾖ
1015 3136 1336 3195 Zacharias.
1365 3144 1594 3203 Patrem
1622 3148 2070 3226 dicitBaptistte.

416 3218 679 3275 Primum
700 3226 897 3277 autem
922 3224 1285 3286 admiranda
1298 3234 1563 3303 exponit,
1584 3254 1721 3311 qua
1743 3218 1901 3299 circa
1928 3247 2077 3301 Prte-

417 3309 675 3402 cursoris
730 3319 1087 3383 conceptum
1145 3332 1215 3373 ac
1284 3309 1651 3383 nativitatem
1711 3332 2070 3402 acciderunt,

415 3396 860 3493 demonstrans,
895 3404 1060 3473 quod
1088 3408 1286 3464 statim
1318 3410 1389 3464 ab
1422 3416 1667 3473 exordio
1703 3420 1832 3477 vita:
1853 3396 2075 3493 dignus

415 3493 561 3580 erat,
596 3487 700 3560 qui
731 3488 1027 3547 Christum
1054 3497 1453 3568 annuntiaret,
1473 3505 1808 3580 populoque
1828 3487 2076 3570 demon-

414 3578 646 3632 straret.

486 3664 638 3758 Quia
670 3681 812 3724 vero
839 3684 910 3725 ea
948 3676 1294 3730 narraturus
1338 3689 1430 3734 est
1471 3696 1602 3753 quae
1625 3687 1788 3758 apud
1833 3689 2075 3749 Judtros

414 3753 811 3825 contigerunt,
841 3759 1048 3815 merito
1078 3777 1322 3837 quoque
1352 3771 1520 3840 ponit
1548 3753 1681 3845 prae
1701 3778 1890 3834 oculis
1931 3788 2074 3839 tem-

414 3858 529 3913 pus
556 3845 801 3901 Herodis
830 3848 1009 3918 regis,
1044 3856 1107 3907 ut
1137 3857 1193 3908 et
1224 3859 1458 3929 tempus
1487 3861 1721 3921 illarum
1750 3884 1950 3926 rerum
1967 3871 2073 3930 ﬁat

414 3932 827 4034 manit’estum.
854 3940 1154 4034 lierodem
1198 3950 1398 4004 autem
1438 3947 1710 4025 intelligit
1752 3973 1912 4023 eum,
1967 3964 2071 4034 qui

413 4020 672 4077 infantes
704 4025 939 4121 occidit,
981 4036 1213 4121 patrem
1258 4034 1415 4093 illius
1472 4020 1737 4112 Herodis,
1767 4051 1871 4121 qui
1901 4020 2068 4110 θρίω-

414 4125 719 4168 cursorem
754 4114 1067 4175 interemit.

483 4209 647 4303 vers.
681 4215 729 4267 5.
758 4216 850 4269 Ea:
876 4217 987 4272 vice
1014 4220 1184 4278 Abiu.
1209 4224 1407 4284 Vicem
1432 4232 1816 4303 appellabant
1843 4239 2069 4298 hebdo-

411 4299 750 4393 madarium
781 4305 1198 4368 ministerium.
1231 4316 1394 4374 Tunc
1430 4299 1723 4393 siquidem
1751 4326 1873 4384 duo
1903 4336 2072 4389 erant

412 4389 618 4480 templi
657 4395 999 4453 sacerdotes
1055 4400 1169 4459 sibi
1214 4413 1422 4463 mutuo
1474 4389 1881 4475 succedentes.
1924 4423 2070 4480 Abia

410 4476 683 4578 videlicet
714 4486 771 4537 et
827 4484 1167 4578 Barachias.
1228 4496 1311 4550 Ex
1337 4498 1463 4555 vice
1512 4501 1692 4572 igitur
1719 4507 1888 4576 Abia,
1920 4476 2066 4578 sive:

411 4572 547 4664 post
577 4568 960 4664 vicem—Abiu,
994 4575 1055 4632 id
1096 4586 1202 4646 est,
1227 4568 1564 4645 succedens.
1582 4592 1695 4664 ipsi
1723 4568 1894 4655 Abia'.

485 4656 645 4748 Vers.
674 4659 724 4713 5.
759 4661 839 4716 Et
868 4694 935 4704 —
967 4667 1165 4723 Aaron.
1202 4673 1241 4724 E
1282 4679 1536 4744 posteris
1564 4656 1780 4741 Aaron.
1818 4689 2070 4748 Demon-

414 4745 620 4839 stravit
645 4762 807 4817 ergo,
823 4754 989 4822 quod
1007 4755 1340 4817 Prmcursor
1351 4781 1387 4820 a
1400 4754 1749 4829 sacerdotali
1762 4745 2071 4839 descendit

411 4831 589 4900 tribu,
617 4850 737 4928 non
776 4843 1111 4901 secundum
1152 4854 1383 4918 patrem
1435 4860 1689 4927 tantum,
1723 4831 1826 4920 sed
1880 4831 2069 4928 etiam

412 4924 747 4983 secundum
779 4935 1031 4989 matrem
1056 4952 1069 4989 :
1098 4941 1156 4993 et
1186 4940 1461 5016 utrinque
1491 4924 1871 5011 sacerdotalis
1909 4924 2059 5020 erat.

473 5022 491 5059 ¹
518 5022 643 5080 Act.
676 5042 835 5095 xxv1,
865 5031 952 5087 25.

1754 358 2104 418 EUTHYMII
2146 357 2476 414 ZiGABENl

3709 344 3824 402 860

2275 486 2457 545 Καθὼς
2514 514 2579 523 -—
2629 481 2806 554 λόγου.
2865 480 2982 532 Ἀπ’
3020 478 3199 554 ἀρχῆς
3248 485 3348 529 τῶν
3401 474 3676 546 θαυμάτων
3720 475 3819 523 καὶ

2199 581 2297 624 τῶν
2331 570 2628 645 δογμάτων.
2679 578 2842 624 Τοῦτο
2890 566 2948 622 δὲ
2998 568 3226 642 γράψας,
3283 563 3475 627 ἔδειξεν
3530 565 3603 616 ὅτι
3650 562 3813 623 αὑτὸς

2198 662 2405 737 ὕστερος
2433 661 2630 715 ἐκείνων
2684 661 2958 734 ἐφοίτησεν
3008 658 3150 727 αύτῷ
3199 674 3210 686 ·
3261 653 3347 708 διὸ
3402 658 3493 707 καὶ
3545 653 3667 727 παρ’
3717 650 3817 703 αύ-

2196 760 2296 803 τῶν
2328 754 2483 824 ἔμαθε
2521 759 2708 817 ταῦτα,
2759 746 2851 803 διὰ
2903 751 3094 809 παντὸς
3146 750 3399 799 συνόντων
3441 751 3512 814 τῷ
3565 749 3808 815 Χριστῷ,

2196 855 2285 902 καὶ
2333 851 2564 924 ὁρώντων
2613 854 2702 901 καὶ
2743 847 3033 901 ἀκουόντων
3091 847 3287 898 ἕκαστα
3331 887 3342 898 .
3391 844 3526 914 λέγει
3581 837 3640 893 δε
3686 843 3812 899 τοὺς

2196 948 2287 1000 τῆς
2338 935 2646 1001 δωδεκάδος
2674 946 2773 991 τῶν
2820 940 3087 1010 μαθητῶν.
3146 938 3315 1007 Λόγον
3349 929 3409 985 δε
3455 934 3541 983 τὸν
3571 932 3809 1002 Χριστόν

2198 1027 2417 1081 ἐνταῦθά
2462 1049 2639 1101 φησιν,
2698 1029 2948 1101 ὁραθέντα
3002 1026 3199 1085 τούτοις
3280 1020 3373 1076 διὰ
3412 1029 3503 1082 τῆς
3554 1019 3811 1093 ἐνανθρωο

2197 1125 2407 1181 πήσεως
2441 1141 2453 1152 ·
2488 1121 2750 1194 ὑπηρέτας
2782 1115 2840 1171 δέ
2866 1120 3078 1176 τούτους
3109 1116 3395 1187 ὠνόμασεν,
3422 1113 3491 1173 ὡς
3520 1113 3805 1173 ὑπηκόους,

2197 1215 2288 1261 καὶ
2346 1212 2410 1270 ὡς
2471 1208 2858 1270 ἀποσταλέντας
2937 1207 3003 1267 εἰς
3078 1208 3135 1257 τὸ
3197 1210 3445 1280 κήρυγμα
3511 1208 3607 1263 τῆς
3682 1202 3811 1252 πίσ-

2196 1317 2340 1359 τεως.

2267 1384 2454 1450 Ἔδοξε
2510 1419 2577 1427 -
2640 1386 2905 1460 Θεόφιλερ.
2956 1383 3421 1460 Παρακολούθησιν
3456 1385 3550 1439 τὴν
3606 1385 3807 1449 γνῶσιν

2198 1476 2516 1535 ὑποληπτέον
2558 1479 2641 1530 ἐπὶ
2666 1485 2755 1529 τοῦ
2781 1481 3034 1551 παρόντος
3059 1477 3240 1550 ῥητοῦ.
3274 1479 3414 1525 Πᾶσι
3441 1467 3518 1534 δε,
3560 1476 3670 1529 τοῖς
3710 1470 3805 1540 ἕρ-

2195 1587 2310 1638 γοις
2339 1572 2428 1619 καὶ
2456 1568 2630 1638 λόγοις
2655 1564 2899 1623 δηλονότι
2925 1574 3016 1617 τοῦ
3043 1572 3299 1637 Σωτῆρος.
3331 1561 3554 1614 Ἀνωθεν
3585 1555 3663 1621 δὲ,
3684 1556 3804 1608 ἀντὶ

2195 1664 2307 1722 τοῦ,
2340 1656 2450 1709 Ἀπ“
2481 1656 2652 1728 ἀρχῆς
2699 1656 2891 1712 αὐτῶν.
2935 1660 3088 1726 Λέγει
3116 1662 3240 1725 γοῦν
3273 1654 3350 1704 ὅτι
3386 1646 3569 1710 Ἐδοξε
3614 1646 3800 1718 κάμοὶ,

2194 1751 2484 1815 τουτέστιν,
2509 1745 2725 1821 ἀρεστόν
2759 1746 2937 1817 ἐφάνη,
2966 1749 3137 1816 γνόντι
3158 1742 3246 1794 ἀπ’
3278 1737 3454 1814 ἀρχῆς
3479 1738 3802 1809 πάνταπρὸς

2115 1848 2159 1902 Β
2194 1834 2478 1907 ἀκρίϐειαν,
2527 1835 2743 1899 καθεξῆς
2794 1855 2877 1887 σοι
2906 1834 3128 1908 γράψαι.
3165 1829 3292 1886 Εἶτα
3328 1830 3655 1902 προστίθησι
3707 1831 3802 1878 καὶ

2191 1929 2284 1983 τὴν
2320 1926 2490 1977 αἰτίαν
2520 1934 2609 1985 τῆς
2639 1933 2865 1998 γραφῆς.

2262 2016 2346 2085 -Η-
2390 2016 2582 2086 [Θύτος
2724 2014 3069 2085 συγκλητικὸς
3110 2009 3169 2070 ἧν
3209 2015 3301 2061 καὶ
3334 2010 3516 2083 ἄρχων
3549 2010 3697 2065 ῖσως.
3724 2008 3799 2057 Τὸ

2189 2106 2290 2176 γάρ
2330 2108 2610 2173 κράτιστος
2636 2103 2718 2156 ἐπὶ
2751 2113 2848 2156 τῶν
2905 2101 3173 2177 ἀρχόντων
3213 2105 3303 2152 καὶ
3342 2101 3605 2169 ἡγεμόνων
3638 2094 3801 2165 ἐλέγε-

2188 2212 2264 2246 το.
2296 2193 2382 2255 Ὠς
2408 2198 2496 2245 καὶ
2529 2195 2553 2245 ό
2582 2192 2783 2254 Παύλός
2840 2212 2971 2263 φησι
3012 2195 3142 2265 πρὸς
3171 2194 3257 2241 τὸν
3300 2191 3530 2259 ἡγεμόνα
3569 2192 3796 2247 Φῆστον,

2192 2284 2447 2355 Κρατιστε
2478 2289 2666 2341 Φῆστε,
2725 2286 2823 2335 Καὶ
2863 2288 2961 2341 πᾶς
3002 2278 3059 2333 δὲ
3106 2282 3375 2351 ἄνθρωπος
3418 2274 3673 2348 θεοφιλὴς,
3704 2279 3799 2327 καὶ

2187 2373 2377 2443 κράτος
2420 2374 2554 2423 κατά
2602 2380 2700 2422 τῶν
2745 2373 2922 2423 παθῶν
2978 2365 3373 2440 ἀναδεξάμενος,
3412 2363 3649 2435 Θεόφιλος
3679 2361 3795 2413 ἐστι

2187 2464 2484 2530 κράτιστος,
2522 2462 2577 2523 ὅς
2601 2466 2689 2512 καὶ
2721 2461 2866 2524 οἰξιος
2889 2468 2962 2530 τῷ
2986 2464 3090 2510 ὄντι
3118 2462 3258 2511 ἐστὶν
3282 2455 3481 2508 ἀκούειν
3506 2460 3594 2505 τοῦ
3620 2452 3791 2519 Εὐαγ-

2184 2550 2378 2622 γελίου.
2407 2549 2428 2623 ]

2253 2638 2365 2692 Ἰνα
2398 2671 2460 2680 -
2492 2636 2795 2711 ἀσφάλειαν.
2826 2638 2938 2691 Ἰνα
2968 2636 3199 2708 ἐπιγνῷς,
3235 2636 3317 2687 ἶνα
3341 2633 3489 2686 πλέον
3505 2632 3787 2701 κατάσχης

2184 2734 2279 2787 τὴν
2326 2728 2608 2801 ἀσφάλειαν
2639 2738 2736 2781 τῶν
2778 2729 2940 2796 λόγων
2969 2736 3065 2789 τῆς
3095 2732 3336 2787 πίστεως,
3369 2726 3485 2797 περὶ
3514 2722 3580 2772 ὧν
3615 2738 3788 2776 κατη-

2182 2821 2384 2890 χήθης,
2417 2824 2577 2890 ἤγουν
2597 2823 2715 2892 περὶ
2745 2819 2814 2869 ὧν
2845 2814 3172 2888 ἐδιδάχθης,
3199 2817 3333 2866 ὥστε
3368 2816 3439 2884 μὴ
3469 2809 3791 2883 σφάλλεσθαί

2186 2927 2243 2959 σε
2272 2916 2333 2980 τῇ
2392 2905 2664 2979 διηγήσει,
2699 2907 2758 2965 ἢν
2788 2906 2967 2959 πολλοὶ
3015 2905 3364 2978 ἐπεχείρησαν
3403 2900 3790 2963 ἀνατάξασθαι,

2183 2999 2356 3058 καθὼς
2394 2996 2626 3071 ἀνωτέρω
2655 2993 2975 3055 δεδήλωται.

2258 3087 2490 3157 Ἐγένετο
2521 3119 2588 3127 —
2609 3091 2907 3160 Ζαχαρίας.
2936 3088 3032 3137 Τόν
3058 3088 3258 3156 πατέρα
3285 3081 3420 3151 λέγει
3444 3086 3536 3131 τοῦ
3560 3084 3786 3130 Βαπτισ-

2187 3183 2295 3228 τοῦ.
2332 3178 2700 3249 Προεκτίθεται
2726 3172 2785 3227 δὲ
2809 3178 2875 3226 τά
2912 3176 3047 3226 κατὰ
3084 3178 3178 3230 τὴν
3216 3169 3473 3239 σύλληψιν
3501 3172 3586 3219 καὶ
3610 3170 3797 3238 γέννη-

2188 3285 2269 3317 σιν
2291 3273 2381 3317 τοῦ
2430 3262 2741 3339 Προδρόμου
2780 3260 3078 3338 παράδοξα,
3118 3267 3388 3334 παριστῶν
3422 3260 3502 3310 ὅτι
3552 3257 3704 3318 εὐθὺς
3735 3253 3797 3306 ἐκ

2183 3360 2468 3428 προοιμίων
2508 3362 2601 3416 τῆς
2641 3355 2776 3415 ζωῆς
2829 3351 3129 3415 ἀξιόπιστος
3168 3347 3249 3416 ἦν,
3299 3345 3659 3419 καταγγέλλων
3697 3349 3793 3397 καὶ

2185 3441 2537 3497 ὑποδεικνύων
2563 3447 2649 3496 τὸν
2689 3446 2918 3519 Χριστὸν
2949 3450 3021 3513 τῷ
3049 3440 3176 3511 λαῷ.

2256 3626 2397 3676 Ἐπεὶ
2427 3620 2486 3674 δὲ
2508 3621 2583 3692 (7)
2644 3624 2762 3695 περὶ
2808 3626 2908 3672 τῶν
2950 3620 3096 3692 παρά
3138 3623 3241 3678 τοῖς
3297 3611 3582 3677 Ἰουδαίόις
3633 3631 3789 3686 γεγε-

2183 3716 2408 3783 νημένων
2477 3707 2849 3781 διηγήσασθαι
2909 3708 3100 3781 μέλλει,
3159 3711 3619 3778 παρασημειούται
3696 3705 3787 3754 τὸν

2182 3803 2362 3873 καιρὸν
2410 3807 2504 3860 τῆς
2542 3795 2779 3875 Ἡρώδου
2835 3797 3111 3870 βασιλειας
3167 3796 3394 3858 εἰκότως,
3432 3796 3515 3846 ἶνα
3570 3797 3790 3865 γένηται

2184 3886 2341 3951 δῆλος
2370 3894 2455 3941 καὶ
2489 3890 2515 3940 ό
2552 3893 2739 3963 χρόνος
2770 3887 2936 3939 αὐτῶν
3078 3882 3314 3959 Ὀρώδην
3337 3883 3396 3937 δὲ
3419 3887 3522 3936 νόει
3550 3886 3639 3935 τὸν
3662 3880 3789 3955 βρε-

2183 3984 2446 4051 φοκτόνον,
2477 3983 2563 4031 τὸν
2593 3982 2794 4050 πατέρα
2815 3973 3075 4050 Ἡρώδου,
3102 3983 3195 4028 τοῦ
3222 3974 3476 4034 ἀνελόντος
3515 3975 3602 4024 τὸν
3651 3974 3791 4045 Πρὸ·

2182 4066 2399 4143 δρόμον.

2254 4158 2338 4220 Ἐξ
2357 4157 2634 4231 ἐφημερίας
2666 4155 2837 4209 Ἀϐιά.
2861 4154 3175 4228 Ἐφημερίαν
3206 4153 3418 4206 ἐκάλουν
3435 4156 3529 4210 τὴν
3560 4147 3793 4222 ἑϐδομα-

2182 4243 2361 4299 διαίαν
2388 4246 2730 4322 λειτουργίαν.
2774 4248 2873 4298 Δυό
2894 4248 2992 4320 γὰρ
3018 4242 3151 4303 ἦσαν
3181 4248 3298 4296 τότε
3327 4244 3478 4317 ἱερεῖς
3512 4248 3604 4292 τοῦ
3634 4246 3788 4306 ναοῦ,

2182 4335 2408 4395 ἀλλήλων
2447 4335 2482 4389 δ
2488 4334 2721 4409 ιάδοχοι.
2753 4335 2907 4390 ’Λϐιά
2930 4342 3021 4386 καὶ
3052 4338 3320 4406 Ζαχαρίας
3477 4330 3560 4393 Ἐξ
3599 4329 3794 4402 ἐφημε-

2179 4430 2290 4501 ρίας
2318 4422 2410 4478 οὖκ
2443 4424 2614 4493 Ἀϐιὰ,
2648 4429 2809 4498 ἤγουν
2848 4427 2976 4498 μετά
3010 4428 3104 4482 τὴν
3135 4421 3413 4496 ἐφημερίαν
3454 4418 3627 4488 Ἀϐιὰ,
3666 4436 3794 4471 του-

2179 4520 2346 4582 τέστι,
2375 4512 2635 4587 διάδοχος
2659 4523 2750 4567 τοῦ
2777 4514 2949 4567 Ἀϐιά.

2255 4610 2354 4657 Καὶ
2394 4635 2457 4645 -
2514 4605 2731 4679 ’Λαρών.
2798 4604 2886 4657 Ἐκ
2937 4604 3036 4655 τῶν
3100 4600 3362 4673 ἀπογόνων
3410 4606 3501 4651 τοῦ
3557 4599 3787 4668 ³Δαρών.

2179 4691 2405 4756 Ἐδειξεν
2459 4690 2551 4746 οὑκ
2582 4696 2662 4746 ὃτι
2712 4696 2737 4745 ό
2769 4690 3077 4769 Πρόδρομος
3132 4690 3185 4743 ἐκ
3244 4698 3339 4751 τῆς
3391 4691 3650 4762 ἱερατικῆς
3688 4706 3790 4737 κα-

2179 4789 2361 4855 τήγετο
2428 4783 2589 4855 φυλῆς
2648 4784 2705 4835 ού
2792 4786 2927 4835 κατά
2988 4786 3072 4835 τόν
3150 4784 3350 4852 πατέρα
3414 4784 3592 4850 μόνον,
3654 4774 3793 4827 ἀλλὰ

2179 4878 2269 4925 καὶ
2326 4877 2463 4925 κατὰ
2516 4878 2610 4931 τήν
2685 4877 2906 4947 μητέρα,
2961 4877 3051 4924 καὶ
3111 4869 3467 4944 ἀμφοτέρωθεν
3525 4867 3793 4941 ἱερατικὰς

2180 4958 2261 5021 ἦν.

1612 5122 1834 5193 Variae
1874 5127 2202 5201 lectiones
2244 5143 2310 5200 et
2357 5142 2561 5201 notae.

483 5227 1271 5338 ﬁGlithPﬁBOJlln}
1303 5252 1592 5338 agnoscit.
1624 5257 1818 5338 Edidit
1848 5261 1976 5318 haec
2002 5280 2071 5320 ex

411 5308 1095 5399 ﬁar'gln‘e-ls-uihcodic‘i’sﬁ
1120 5302 1462 5399 Hentenius.
1510 5327 1769 5399 Repetita
1823 5340 1961 5389 sunt
2000 5302 2071 5393 ἐξ
2134 5332 2159 5349 ’“

409 5369 870 5446 Theophylacto,
898 5396 957 5451 p.
996 5386 1118 5451 293,
1153 5369 1211 5442 (ἦέ

454 5548 1150 5644 είδδὶτῃξζῖῖιρίανίεχῐη
1192 5568 1393 5644 Graeco
1438 5576 1711 5644 expedita
1763 5586 1899 5637 sunt
1940 5600 2066 5641 om-

407 5622 547 5723 1ιέῗὴ
559 5622 1009 5723 Ηξιςρξὲοὲρέξ
1026 5639 1089 5688 ut
1114 5622 1310 5723 magis:
1332 5622 2060 5723 {aiaiﬁéi’éBdﬁiEEtZ§s

410 5694 818 5754 certitudinem
873 5694 1247 5764 sermonum”
1274 5694 2062 5793 ﬁdéi.—hié’i-§Fé§

2280 5267 2332 5339 7)
2373 5273 2507 5339 Τῷν,
2538 5266 2717 5322 etiam
2751 5269 2887 5322 ante
2926 5270 3063 5338 περὶ,
3098 5264 3283 5339 habet
3320 5266 3395 5321 A.

2278 5335 2328 5405 8)
2369 5338 2568 5401 Αὐτῶν,
2600 5354 2668 5393 ex
2710 5335 3069 5393 correctione
3112 5338 3172 5392 Β.
3206 5336 3396 5389 Aurea.
3430 5335 3495 5387 A.

2251 5410 2327 5480 (9)
2369 5415 2640 5482 Βαραχίας
2668 5410 3005 5465 Hentenius.

2172 5588 2412 5658 legisse,
2480 5590 2561 5640 ἶνα
2618 5587 2858 5660 ἐπιγνούς
2896 5586 3186 5660 πλεονάσης
3213 5594 3275 5658 τῇ
3322 5584 3631 5660 ἀσφκαλείᾳί
3667 5586 3788 5660 Sed

2170 5654 2263 5785 fa,
2287 5676 2490 5740 quam
2532 5674 2641 5715 nos
2672 5654 2971 5715 edidimus
3018 5654 3211 5715 verior
3249 5654 3337 5713 est
3394 5654 3555 5714 haud
3591 5654 3788 5714 dubie

2192 5737 2358 5787 ectio.

2192 5748 2358 5788 θοιιο.
