4074 6382
182 338 270 395 861

242 462 340 516 Καὶ
404 463 463 513 τό
531 464 693 533 ὄνομα
742 458 902 521 αὐτῆς
972 458 1263 512 Ἐλισάϐετ.
1326 458 1623 532 Προσέθηκε
1670 459 1759 508 καὶ
1790 455 1836 510 Α

175 560 313 604 τοῦτο
336 552 495 623 χάριν
532 547 818 625 ἀκριϐείας.

235 641 395 695 Ἦσαν
439 671 508 681 —-—
567 647 722 692 Θεοῦ.
795 644 1033 699 Δικαίους
1084 640 1198 710 (10)
1259 646 1368 705 νῦν,
1419 642 1539 699 τοὺς
1592 636 1755 711 ἐναρέ-

172 751 280 793 τους
316 730 468 802 λέγει.
510 727 705 801 [Ἦσαν
751 725 810 781 δε
860 724 1061 781 δίκαιοι
1108 728 1202 780 ούκ
1246 727 1457 780 ἐνώπιον
1506 726 1617 799 (11)
1660 735 1757 778 τὼν

175 819 483 895 ἰινθρώπων,]
537 818 643 870 ἀλλ’
699 817 909 871 ἐνώπιον
955 827 1049 872 τοῦ
1103 826 1257 888 Θεοῦ,
1319 826 1499 870 τοῦτον
1550 820 1758 890 ἔχοντες

172 914 333 985 ἔφορον
385 917 478 969 τῆς
541 904 885 971 δικαιοσύνης
953 908 1143 963 αὐτῶν.
1208 908 1346 967 Αὕτη
1408 912 1506 983 γὰρ
1563 906 1759 969 ἀληθὴς

174 996 467 1056 δικαιοσύνη
478 1040 489 1053 .

237 1093 572 1162 Πορευόμενοι
628 1118 694 1128 —-
742 1090 1024 1161 ἄμεμπτοι.
1087 1091 1188 1149 Τὰς
1264 1090 1484 1161 νομικὰς
1555 1088 1760 1151 ἐντολὰς

173 1179 390 1250 ὠνόμασε
445 1183 535 1231 καὶ
611 1174 965 1251 δικαιώματα,
1039 1181 1107 1239 ὡς
1155 1175 1493 1239 δικαιοσύνης
1546 1180 1753 1251 μεστὰς,

174 1274 250 1319 καὶ
286 1269 350 1330 ὡς
379 1264 413 1319 δ
420 1270 695 1331 ικαιούσας
723 1271 843 1329 τοὺς
869 1272 1139 1341 μετιόντας
1169 1268 1348 1329 αύτοίς.

236 1467 328 1515 Kal
375 1462 471 1514 ούκ
510 1493 578 1504 -
617 1462 990 1537 προϐεϐηκότες
1045 1463 1092 1516 ἐν
1151 1472 1259 1524 ταῖς
1316 1466 1534 1537 ἡμέραις
1588 1464 1755 1516 αὐτῶν

173 1548 313 1611 ἦσαν,
348 1550 749 1627 Προϐεϐηκότες,
785 1557 901 1612 ἤτοι
929 1558 1297 1629 γεγηρακότες.

228 1750 306 1819 Ἠ-
338 1750 401 1802 Ai
440 1750 555 1819 (12)
588 1758 687 1801 τῶν
738 1746 955 1802 δικαίων
998 1760 1257 1822 γυναῖκες,
1302 1758 1390 1805 καὶ
1422 1752 1477 1804 αἰ
1524 1749 1751 1819 δίκαιαι,
1783 1786 1829 1843 Β

169 1838 388 1901 πολλάκις
425 1841 650 1907 ἄτεκνοι,
682 1841 765 1892 ἵνα
803 1845 868 1892 σύ
894 1844 1081 1913 μάθῃς,
1109 1844 1189 1894 ὅτι
1224 1843 1250 1894 6
1279 1848 1431 1915 νόμος
1476 1842 1570 1895 ούκ
1601 1841 1755 1894 ἁπαι-

172 1936 234 1980 τεί
259 1928 588 1982 πολυτεκνίαν
622 1935 941 2002 σωματικὴν,
975 1930 1103 1983 ἀλλὰ
1132 1938 1504 2005 πνευματικήν.

232 2020 452 2088 Ἐγένετο
493 2052 559 2061 -η
607 2022 952 2092 θυμιάματος.
1019 2020 1291 2094 [”Ελαχεν·
1352 2022 1501 2083 οὗτος
1568 2022 1679 2093 (13)
1728 2022 1753 2073 6

174 2112 328 2179 καιρός
366 2110 395 2167 ἡ
438 2105 628 2167 δεκάτη
679 2118 769 2161 τού
818 2106 1043 2182 ἑϐδόμου
1092 2115 1255 2182 μηνός
1297 2108 1377 2175 ἦν,
1425 2114 1489 2171 ὡς
1538 2113 1563 2162 ό
1601 2115 1756 2183 νόμος

180 2194 384 2249 ἐκέλευεν.
448 2198 527 2250 Ἐν
574 2207 645 2268 τῷ
717 2204 844 2271 μηνὶ
893 2202 1017 2273 γὰρ,
1080 2206 1231 2271 φησὶ,
1290 2209 1361 2271 τῷ
1430 2197 1635 2273 ἑϐδόμῳ
1690 2208 1750 2272 τῇ

185 2280 343 2358 δεκάτη
380 2296 479 2339 τοῦ
529 2292 687 2360 μηνός
735 2295 1086 2342 ταπεινώσατε
1123 2294 1210 2349 τὰς
1238 2290 1425 2361 ψυχὰς
1468 2291 1629 2361 ὑμῶν,
1663 2294 1753 2341 καὶ

176 2376 230 2424 τὰ
271 2375 395 2441 ἑξῆς,
458 2377 560 2428 ὅσα
614 2382 732 2451 περὶ
781 2385 874 2439 τῆς
923 2378 1064 2441 ἅπαξ
1116 2386 1206 2431 τοῦ
1260 2378 1494 2431 ἐνιαυτού
1548 2383 1754 2450 γενομέ-

171 2482 248 2523 νης
287 2465 349 2527 εἰς
396 2467 470 2517 τὰ
514 2465 675 2537 Ἀγια
726 2474 826 2519 τῶν
865 2467 1026 2538 ἁγίων
1067 2464 1277 2521 εἰσόδου
1330 2476 1419 2520 τοῦ
1466 2467 1755 2541 ἀρχιερέως

167 2551 255 2605 ἐκεῖ
303 2550 669 2627 διηγόρευται.
742 2552 999 2629 Ἕϐδομος
1076 2554 1135 2609 δὲ
1205 2557 1327 2630 παρ’
1385 2556 1661 2631 Ἑϐραίοις,
1726 2557 1751 2607 ἀ

165 2644 267 2716 παρ’
295 2646 421 2715 ἡμῖν
463 2644 825 2717 Σεπτεμϐριος,
872 2649 988 2701 καθ’
1043 2646 1097 2700 ὃν
1145 2652 1235 2700 καὶ
1266 2648 1382 2718 (14)
1419 2649 1449 2705 ἡ
1486 2645 1752 2700 Ἐλισάϐετ

164 2733 383 2788 συνέλαϐε
408 2738 500 2786 τόν
542 2732 893 2810 Ιιρόδρομον.]

220 2828 351 2875 ’Ἐσω
406 2827 504 2898 μὲν
556 2822 616 2883 ἦν
664 2828 723 2877 τὸ
780 2827 1157 2901 θυσιαστήριον
1213 2835 1304 2879 τοῦ
1355 2829 1678 2901 θυμιάματος
1733 2846 1745 2859 ·

163 2911 242 2973 ἔξω
294 2910 351 2967 δε
401 2919 459 2967 τό
520 2916 898 2989 θυσιαστήριον
949 2925 1049 2969 τῶν
1108 2921 1531 2991 προσφερομένων
1583 2918 1747 2987 ζώων,

162 3007 355 3054 καὶτῶν
392 3004 561 3055 ἄλλων
610 3008 989 3080 καρπωμάτων.
1026 3006 1113 3059 Ἐκ
1144 3003 1327 3069 δεξιῶν
1360 3005 1419 3060 δε
1451 3010 1650 3078 ἵστατο,
1686 3010 1751 3069 ὡς

164 3085 294 3153 δεξιὰ
316 3099 405 3146 καὶ
434 3092 614 3165 ἀγαθὰ
644 3094 835 3167 μέλλων
868 3094 1202 3167 ἀπαγγεῖλαι.

226 3146 237 3153 .
478 3146 492 3165 ,
644 3146 653 3167 ,
906 3146 911 3147 γ
946 3146 1089 3167 η,,-κ

226 3188 318 3234 Kai
358 3213 423 3222 —
480 3183 658 3239 αὐτόν.
704 3184 1031 3259 Ἐταράχθη,
1083 3186 1415 3249 ὑποπτεύσας
1466 3184 1573 3246 ἤδη
1620 3186 1754 3240 ἀπο·
1787 3146 1828 3201 C

165 3269 332 3326 θανεῖν.

224 3358 339 3414 Εἷπε
390 3393 463 3403 -
527 3366 794 3438 Ζαχαρία.
862 3370 1069 3437 Πρῶτον
1143 3364 1374 3418 ἆκϐάλλει
1444 3369 1530 3419 τὸν
1596 3366 1750 3439 φόϐον

160 3457 236 3510 τῆς
286 3451 473 3525 ψυχῆς
524 3452 707 3519 αὐτοῦ,
760 3454 841 3505 ἶνα
882 3459 1055 3529 χωρὶς
1109 3463 1347 3529 ταραχῆς
1396 3454 1618 3529 ἀκούσῃ,
1664 3461 1752 3511 καὶ

160 3541 381 3612 προσέξει
439 3549 556 3604 τοῖς
602 3540 763 3597 αὐτοῦ
814 3542 1000 3616 λόγοις·
1051 3543 1205 3596 εἰπὼν
1263 3541 1322 3598 δε
1383 3547 1463 3598 ὅτι
1518 3552 1603 3604 Μὴ
1665 3566 1753 3619 φο-

159 3629 256 3695 ϐοῦ,
302 3630 537 3704 ἐνέφηνεν
587 3633 666 3684 ὅτι
709 3639 873 3706 Χαῖρε
913 3649 929 3665 ⁶
970 3630 1084 3686 εἶτα
1114 3632 1249 3703 λέγει
1302 3640 1390 3688 καὶ
1445 3640 1540 3693 τὴν
1580 3636 1750 3689 αἰτίαν

156 3726 236 3782 τῆς
258 3728 458 3796 χαρᾶς.

214 3816 350 3863 Διότι
410 3842 483 3852 -
532 3830 647 3864 σου.
698 3810 755 3865 Ἠ
813 3812 940 3885 ὑπερ
997 3819 1086 3873 τῆς
1142 3818 1403 3886 σωτηρίας
1461 3823 1551 3868 τοῦ
1599 3815 1745 3871 λαοῦ.

151 3896 282 3975 ’Υπὲρ
336 3904 537 3962 ταύτης
616 3904 718 3974 γὰρ
798 3903 1125 3959 καθεκάστην
1192 3905 1240 3954 οἱ
1305 3905 1448 3977 ἱερεῖς
1523 3903 1745 3961 ἐδέοντο.

154 3988 480 4047 Εἱσηκούσθη
548 3986 627 4057 δὲ,
698 3993 761 4052 ὡς
827 3991 1090 4063 μέλλοντος
1171 3988 1277 4050 ἤδη
1356 4002 1447 4045 τοῦ
1518 4002 1749 4067 Σωτῆρος

154 4076 562 4153 ἐνανθρωπῆσαι,
620 4086 711 4134 καὶ
758 4090 929 4134 σῶσαι
969 4085 1056 4134 τόν
1104 4082 1225 4134 λαόν
1284 4083 1443 4135 αὐτοῦ
1502 4082 1603 4137 ἀπὸ
1649 4094 1748 4137 τῶν

154 4165 406 4244 ἁμαρτιῶν
449 4170 641 4225 αὐτῶν.
686 4170 769 4232 Εἰς
799 4168 1068 4234 ἀπόδειξιν
1110 4168 1170 4224 δὲ
1198 4177 1288 4225 καὶ
1342 4171 1627 4245 βεϐαίωσιν
1657 4182 1748 4228 τοῦ

150 4257 554 4320 ιὶσακουσθῆναι
578 4265 673 4319 τὴν
699 4256 884 4320 δέησιν
913 4260 1076 4314 αὐτοῦ
1105 4281 1236 4334 φησι
1270 4278 1283 4293 ο

209 4458 304 4513 Καὶ
356 4461 386 4517 ἡ
452 4463 585 4530 γυνή
646 4489 715 4499 -
778 4478 877 4512 σοι.
951 4463 1351 4533 Χρησιμεύοντα
1424 4465 1514 4513 καὶ
1565 4469 1745 4514 τοῦτον
1776 4500 1822 4556 D

148 4548 261 4618 πρὸς
301 4552 399 4606 τὴν
457 4551 722 4621 σωτηρίαν
770 4555 862 4601 τοῦ
917 4547 1063 4602 λαοῦ.
1116 4548 1328 4622 Ἔμελλε
1372 4553 1474 4626 γὰρ
1528 4549 1745 4605 ὑποδεί-

149 4632 218 4694 ξαι
265 4646 337 4708 τῷ
393 4637 508 4708 λαῷ
565 4640 652 4689 τὸν
704 4645 936 4711 Σωτῆρα.
1000 4643 1101 4692 Καὶ
1150 4638 1352 4714 ἐπείπερ
1412 4642 1441 4699 ἠ
1501 4643 1746 4712 μετάνοια

148 4733 444 4798 προηγεῖται
498 4734 594 4788 τῆς
648 4732 928 4802 σωτηρίας,
984 4725 1091 4782 ἔδει
1142 4732 1230 4782 τὸν
1268 4735 1475 4804 κήρυκα
1526 4739 1616 4793 τῆς
1659 4752 1745 4805 μευ

146 4821 335 4879 τανοίας
391 4813 721 4891 προδραμεῖν
770 4824 863 4871 τοῦ
920 4814 1251 4893 δωρουμένου
1306 4825 1398 4879 τὴν
1458 4826 1740 4897 σωτηρίαν.

148 4906 220 4954 Διὸ
255 4912 344 4959 καὶ
375 4912 624 4978 γεννᾶται
649 4916 850 4983 πρῶτον
878 4909 904 4959 6
936 4905 1269 4983 Πρόδρομος.

209 5001 302 5049 Καὶ
349 4996 588 5058 καλέσεις
644 5028 714 5039 -
767 4998 1026 5057 Ἰωάννην.
1082 4998 1165 5061 Ὠς
1224 5006 1606 5074 κεχαρισμένον
1686 5003 1744 5056 ἐκ

149 5083 327 5149 κοιλίας
364 5090 589 5161 μητρὸς,
632 5090 817 5155 εἷτουν,
871 5087 1210 5162 πεφιλημένον
1265 5098 1400 5162 Θεῷ,
1461 5092 1491 5152 ἦ
1521 5095 1587 5155 ὡς
1640 5112 1743 5167 χα-

208 5209 228 5243 ¹
252 5210 437 5269 Levit.
472 5227 592 5281 ιη,
626 5216 713 5270 29.

1310 329 1666 387 COMMENT.
1710 328 1779 385 IN
1818 327 2086 385 LUCAM.
2128 360 2196 368 ——
2227 326 2380 383 CAP.
2417 327 2458 381 Ῑ.

1861 1315 2101 1388 justitiw
2150 1315 2358 1387 plenas
2411 1332 2423 1370 :

3434 322 3539 379 862

1940 456 2108 511 Vers.
2149 456 2202 510 6.
2243 456 2321 509 Et
2349 470 2537 509 nomen
2565 453 2678 525 ejus
2714 450 3023 508 Elisabeth.
3055 448 3294 505 Addidit
3330 452 3387 505 et
3422 448 3538 505 hoc

1869 544 2193 614 diligentiae
2230 560 2440 600 causa.

1942 634 2108 690 Vers.
2157 637 2208 688 6.
2238 635 2423 689 Erant
2450 664 2518 673 —-
2548 636 2674 688 Deo.
2707 635 2907 688 Justos
2938 629 3082 685 dicit
3126 643 3306 698 nunc,
3338 626 3538 683 virtuti

1868 724 2101 780 deditos
2151 726 2332 779 Erant
2359 729 2556 779 autem
2579 724 2744 796 justi,
2774 738 2895 778 non
2927 737 3131 777 coram
3161 720 3535 786 hominibus,

1870 813 1974 869 sed
2010 829 2215 870 coram
2244 815 2379 881 Deo,
2410 813 2573 869 hunc
2598 812 2890 869 habentes
2917 828 3034 865 suae
3056 810 3300 882 justitiae
3338 809 3537 881 inspe-

1868 908 2092 960 ctorem
2125 920 2137 958 :
2171 902 2299 959 haec
2330 904 2490 960 enim
2520 908 2613 959 est
2636 917 2779 958 vera
2797 900 3045 973 justitia.

1941 1136 2113 1193 Vers.
2143 1140 2193 1192 6.
2223 1135 2540 1192 Incedentes
2568 1166 2637 1175 -
2661 1134 2852 1207 absque
2882 1132 3322 1206 reprehensione.
3360 1134 3535 1203 Lega-

1868 1225 1948 1282 lia
1987 1231 2287 1299 praecepta
2327 1225 2555 1281 vocavit
2592 1224 2773 1280 etiam
2808 1223 3284 1294 justiﬁcationes,
3330 1226 3533 1294 utpote

2472 1318 2527 1370 et
2567 1330 2703 1387 quae
2749 1313 3089 1369 incedentes
3140 1313 3200 1367 in
3249 1311 3391 1384 ipsis
3434 1311 3534 1382 ju-

1867 1405 2202 1461 stificarent.

1938 1495 2096 1549 Vers.
2148 1501 2200 1549 7.
2252 1496 2327 1549 Et
2382 1511 2485 1549 non
2530 1527 2599 1534 —
2642 1499 3011 1565 processerant
3064 1492 3125 1546 in
3169 1490 3355 1547 diebus
3401 1491 3529 1547 suis.

1863 1586 2265 1655 Processera-nt,
2297 1585 2413 1640 hoc
2445 1589 2549 1655 est,
2596 1586 2925 1641 Senuerant
2954 1591 3009 1639 et
3042 1588 3335 1654 provectae
3365 1584 3537 1637 erant

1864 1674 2068 1731 aetatis.

1934 1765 1975 1834 -ι-
2017 1765 2439 1836 Saepenumero
2496 1763 2796 1834 justorum
2848 1776 3085 1826 uxores,
3140 1760 3320 1815 etiam
3354 1760 3533 1830 justas

1865 1852 2063 1908 liberis
2084 1858 2426 1915 caruerunt,
2451 1857 2510 1907 ut
2544 1851 2679 1907 hinc
2710 1849 3127 1921 discas,legem
3153 1864 3274 1905 non
3297 1849 3533 1919 exigere

1863 1941 2164 1998 carnalem
2195 1941 2715 2015 propagationem,
2750 1939 2857 1995 sed
2889 1940 3277 2012 spiritualem.

1934 2050 2098 2105 Vers.
2161 2054 2211 2105 8.
2271 2051 2497 2105 Factum
2548 2054 2627 2103 est
2664 2080 2731 2088 —
2786 2048 2949 2103 Vers.
3018 2052 3105 2102 11.
3161 2045 3533 2119 thymiamatis

1935 2140 1976 2210 ἰ-
2028 2140 2069 2209 -ξ-
2100 2140 2344 2195 Sortitus
2381 2145 2486 2194 est.
2520 2141 2773 2207 Tempus
2802 2136 2919 2192 hoc
2950 2140 3075 2191 erat
3121 2135 3249 2190 dies
3297 2134 3533 2192 decima

1865 2227 2087 2283 mensis
2106 2227 2363 2299 septimi.
2382 2228 2466 2282 uti
2484 2226 2843 2297 lexjubebat
2859 2229 2901 2280 ³.
2929 2225 3125 2281 Mense
3141 2223 3323 2287 enim,
3338 2224 3535 2296 inquit

1863 2319 2140 2390 septimo,
2172 2317 2407 2375 decima
2443 2316 2666 2372 mensis
2706 2314 2824 2387 die,
2860 2314 3147 2371 demittite
3176 2317 3406 2370 mentes
3438 2330 3533 2370 ve-

1864 2410 2040 2473 stras,
2070 2411 2125 2462 et
2151 2406 2401 2479 reliqua,
2422 2422 2558 2478 quae
2581 2406 2655 2460 de
2684 2405 2927 2461 introntu
2949 2405 3170 2460 summi
3202 2403 3531 2459 sacerdotis

1862 2495 1918 2551 in
1948 2497 2162 2552 Sancta
2180 2501 2521 2551 sanctorum
2542 2494 2726 2550 semel
2747 2494 3073 2567 quotannis
3096 2493 3252 2548 facto
3270 2492 3352 2549 ibi
3382 2508 3532 2565 prm-

1860 2590 2035 2657 cepta
2076 2592 2226 2641 sunt.
2262 2584 2561 2657 Septimus
2590 2590 2791 2641 autem
2822 2583 2985 2655 apud
3019 2582 3315 2648 Hebraeos,
3366 2582 3532 2653 apud

1860 2690 1970 2730 nos
2010 2682 2101 2730 est
2154 2674 2520 2746 September,
2570 2690 2694 2746 quo
2739 2688 2943 2729 mense
2993 2673 3171 2729 etiam
3226 2670 3531 2728 Elisabeth

1861 2764 2134 2835 concepit
2163 2762 2618 2835 Praecursorem.

1932 2852 2095 2908 Intus
2138 2852 2461 2909 erataltare
2488 2850 2899 2923 thymiamatis
2924 2870 2936 2909 :
2961 2854 3128 2906 extra
3149 2865 3291 2905 vero
3321 2848 3527 2914 altare,

1862 2956 2040 3013 super
2068 2940 2233 3013 quod
2264 2939 2671 2996 offerebantur
2692 2938 3068 3005 animalia_et
3095 2938 3448 2995 oblationes.
3482 2938 3530 2992 A

1861 3030 2081 3085 dextris
2111 3035 2309 3086 autem
2342 3030 2513 3095 stetit,
2546 3034 2607 3083 ut
2639 3030 2739 3099 qui
2769 3044 3064 3101 prospera
3091 3034 3148 3083 et
3178 3027 3341 3084 bona
3371 3043 3530 3083 nun-

1862 3118 2111 3175 tiaturus
2150 3124 2411 3175 venerat.

1936 3209 2096 3264 Vers.
2158 3214 2241 3264 t2.
2288 3209 2363 3263 Et
2409 3222 2644 3264 —eum.
2676 3206 2969 3263 Turbatus
3009 3211 3116 3271 est,
3165 3205 3524 3278 suspicatus,

1864 3312 1927 3354 se
1956 3299 2226 3369 protinus
2251 3296 2633 3353 moriturum.

1931 3387 2095 3443 Vers.
2132 3392 2217 3445 t3.
2244 3386 2405 3443 Dixit
2434 3416 2505 3427 —
2540 3384 2836 3441 Zacharia.
2868 3383 3129 3440 Primum
3160 3382 3377 3455 abjecit
3402 3384 3528 3442 ani-

1864 3476 1943 3533 mi
1984 3476 2142 3532 illius
2183 3476 2480 3542 timorem,
2524 3479 2587 3531 ut
2635 3475 2760 3531 sine
2800 3473 3135 3531 turbatione
3175 3472 3429 3539 audiret,
3471 3478 3530 3533 et

1862 3566 2135 3623 animum
2148 3565 2671 3638 adverteretipsius
2687 3562 3292 3622 sermonibus.Dicens
3310 3569 3522 3631 autem,

1859 3658 2168 3725 Netimeas,
2200 3656 2415 3727 innuit,
2447 3660 2511 3712 ut
2540 3654 2800 3726 gaudeat
2824 3671 2839 3722 ;
2873 3653 3090 3711 deinde
3121 3670 3367 3711 causam
3382 3670 3523 3727 quo-

1860 3762 1977 3819 que
2009 3746 2178 3819 ponit
2208 3745 2432 3816 gaudii.

1934 3835 2094 3892 Vers.
2120 3840 2200 3892 t3.
2222 3837 2445 3904 Quz'a—
2475 3842 2589 3891 tua.
2626 3835 2820 3901 Quam
2835 3849 2945 3906 pro
2958 3832 3529 3906 salutepopulifudi-

1860 3927 2075 3983 sti.Pro
2088 3927 2195 3983 hac
2209 3925 2362 3981 enim
2377 3925 2711 3981 sacerdotes
2724 3922 2979 3996 quotidie
2992 3922 3528 3995 precabanturEx-

1858 4016 2065 4074 audita
2093 4021 2181 4072 est
2211 4022 2427 4080 autem,
2458 4031 2526 4071 eo
2558 4013 2721 4085 quod
2746 4014 2873 4085 jam
2904 4012 3176 4069 Salvator
3214 4013 3285 4070 sit
3315 4013 3528 4071 huma-

1859 4106 2102 4163 nitatem
2138 4110 2545 4176 suscepturus,
2580 4106 2638 4158 et
2666 4101 2960 4174 populum
2994 4117 3171 4157 suum
3198 4117 3233 4158 a
3264 4102 3525 4173 peccatis

1857 4211 2061 4253 eorum
2089 4193 2323 4251 salvum
2349 4194 2632 4249 facturus.
2660 4191 2750 4247 Ad
2775 4190 3352 4248 demonstrationem
3382 4207 3527 4249 vero

1858 4292 1915 4342 et
1929 4285 2469 4349 conﬁrmationem,
2488 4283 2655 4357 quod
2678 4282 2805 4355 ejus
2830 4282 3019 4340 oratio
3041 4281 3323 4339 exaudita
3342 4286 3522 4347 esset,

1857 4376 1982 4433 ait:

1928 4466 2088 4521 Vers.
2139 4467 2220 4520 13.
2256 4463 2328 4518 Ει
2362 4479 2507 4518 uxor
2536 4494 2604 4504 -—
2635 4461 2753 4519 tibi.
2789 4463 2854 4518 Et
2882 4460 3045 4517 hunc
3078 4459 3282 4517 utilem
3308 4462 3383 4517 ad
3422 4476 3525 4534 po-

1859 4554 1982 4627 puli
2012 4554 2284 4611 salutem.
2320 4554 2679 4609 Ostensurus
2721 4552 2879 4607 enim
2911 4554 3037 4607 erat
3067 4550 3292 4623 populo
3324 4551 3526 4609 Salva-

1857 4651 2065 4701 torem.
2092 4643 2240 4701 Nam
2258 4642 2402 4716 quia
2423 4640 2836 4716 paenitentiam
2855 4640 3173 4713 precedere
3193 4645 3425 4714 oportet
3450 4641 3526 4698 ad

1857 4734 2134 4805 salutem,
2167 4749 2316 4806 opus
2348 4732 2528 4788 etiam
2562 4735 2709 4795 erat,
2750 4735 2809 4787 ut
2842 4729 3205 4803 paenitentiae
3235 4730 3524 4803 praedica-

1855 4831 1947 4882 tor
1975 4841 2049 4881 eu
2069 4840 2129 4879 m
2179 4822 2561 4896 praecederet,
2590 4820 2694 4894 qui
2726 4820 2977 4878 salutem
3025 4824 3151 4877 erat
3179 4820 3519 4878 collaturus.

1857 4914 1993 4971 Ideo
2022 4928 2267 4986 quoque
2294 4911 2558 4985 primum
2590 4910 2853 4968 nascitur
2882 4912 3235 4967 Prmcursor.

1928 5005 2087 5059 Vers.
2108 5003 2193 5059 i3.
2222 5032 2291 5043 -—
2310 5002 2385 5057 Et
2398 5000 2609 5057 vocabis
2630 5031 2699 5042 -
2722 4999 3001 5055 Joannem.
3030 5000 3242 5071 Utpote
3272 5015 3305 5055 a
3324 5003 3524 5056 ventre

1854 5093 2061 5152 matris
2100 5092 2290 5164 gratia
2330 5090 2647 5162 donatum,
2689 5090 2813 5147 sive
2853 5103 2890 5147 a
2929 5091 3048 5146 Deo
3088 5094 3372 5146 amatum.
3421 5086 3524 5145 Vel

1382 5342 1605 5413 Varias
1630 5343 1957 5413 lectiones
1989 5350 2055 5412 et
2082 5354 2287 5412 notae.

208 5503 317 5575 (10)
350 5510 433 5573 Δέ,
459 5514 597 5565 ante
633 5514 742 5575 νῦν,
777 5508 946 5567 addit
982 5511 1035 5565 Β.

209 5576 250 5650 (t
269 5576 314 5649 t)
345 5577 617 5650 Qutehic
641 5579 873 5638 inclusa
898 5588 1058 5650 sunt,
1091 5582 1310 5641 absunt
1339 5600 1375 5639 a
1403 5584 1536 5641 cod.
1568 5592 1629 5640 A.

211 5647 319 5719 (12⁷)
340 5649 639 5728 Quod_l1ic
662 5651 829 5728 addit
850 5647 1143 5728 schglium
1168 5656 1473 5728 interpres,
1492 5656 1607 5713 mei
1621 5672 1743 5714 non

153 5728 489 5789 agnoscunt.
516 5720 613 5780 Est
638 5727 837 5781 autem
857 5744 929 5783 ex
960 5720 1431 5801 Theophylacto,
1460 5720 1519 5802 p.
1542 5728 1647 5787 299
1678 5732 1740 5795 E,

1854 5513 2263 5586 desumptum.

1956 5586 2038 5656 t3)
2073 5584 2191 5641 Hoc
2222 5584 2473 5652 scholio,
2500 5584 2666 5658 quod
2688 5588 2937 5657 uterque
2961 5599 3129 5641 meus
3161 5584 3221 5641 in
3256 5584 3523 5658 margine

1852 5656 2051 5723 habet,
2084 5662 2241 5712 caret
2264 5656 2609 5715 Hentenius.

1926 5728 2040 5802 (ιι)
2071 5728 2127 5782 Ἠ
2156 5729 2371 5786 omittit
2395 5730 2461 5784 A.
