4074 6388
494 312 599 368 863
1812 323 2146 381 ΕυΤΗγΜΙ]

2284 323 2537 380 GABENI
3768 334 3883 391 864

492 442 786 512 tanquam
808 456 1055 501 causam
1076 447 1278 515 gratiae
1300 447 1425 503 suis
1445 448 1817 520 parentibus,
1839 448 2146 521 multisun

2284 455 2365 512 >ᾶς
2389 452 2552 502 αἴτιον
2590 457 2700 512 τοῖς
2750 469 2803 503 τε
2849 456 3156 524 γεννήτορσι
3198 456 3288 504 xui
3332 452 3506 516 ἄλλοις
3557 455 3764 529 mihi;
3810 461 3887 522 ὡς

496 527 652 596 aliis,
688 531 865 588 veluti
891 540 1100 605 postea
1131 538 1513 594 manifestum
1544 538 1672 595 erit.
1705 539 1969 595 Joannes
2000 538 2146 594 enim

2284 537 2447 611 ἑφεξῆς
2497 544 2773 611 γενήσεται
2812 537 2991 599 δῆλον.
3047 542 3283 602 Ἰωάννης
3328 545 3430 615 γὰρ
3487 528 3757 617 Ἐϐραῖκὸν
3789 550 3888 621 μὲν

497 616 857 678 Hebraicum
904 639 1127 681 nomen
1172 632 1277 694 est,
1310 627 1476 699 quod
1508 629 1555 683 si
1588 629 1725 701 quis
1768 629 1846 684 ad
1885 627 2146 684 Latinam

2284 627 2412 680 ἔστιν
2445 633 2621 701 ὄνομα,
2670 631 3167 703 μεθερμηνευόμενον
3218 628 3277 683 δὲ
3319 636 3451 704 πρὸς
3482 616 3584 692 τὴν
3605 616 3897 695 Ἑλληνίδα

492 721 705 765 vocem
734 710 1165 783 interpretetur,
1201 722 1377 773 sonat
1424 718 1626 788 gratia
1656 717 1746 773 vel
1779 718 2087 788 gaudium.

2284 722 2461 789 ρωνὴν,
2492 722 2735 790 σημαίνει
2774 720 2936 791 χάριν
2969 720 2999 778 ἦ
3036 722 3235 794 χαράν.

566 796 723 853 Vers.
771 800 856 855 14.
893 803 973 857 Ει
1025 805 1134 859 erit
1184 836 1251 846 —
1304 807 1618 863 exultatio.
1666 806 1777 875 Qui
1819 807 1950 864 talis
1994 822 2143 880 puer

2344 808 2448 861 Kui
2495 809 2644 859 ἔσται
2703 838 2767 848 —
2835 806 3162 880 ἀγαλλίασις.
3239 815 3479 882 Γεγονὸτι
3536 820 3697 888 πατρὶ
3775 836 3894 868 τοι-

495 883 685 941 factus
702 889 781 943 sis
804 897 991 962 pater,
1018 894 1191 965 cujus
1217 901 1271 951 et
1294 902 1639 969 conceptus,
1669 902 1725 953 et
1750 913 1887 970 quas
1901 912 2146 969 sequen-

2284 898 2424 949 γύτου
2457 892 2667 964 παιδὸς,
2698 896 2758 948 οὗ
2796 902 2886 949 xui
2932 900 2962 955 ἡ
3017 897 3275 970 σύλληψις
3320 906 3410 952 καὶ
3462 904 3527 953 τὰ
3575 902 3687 965 ἑξῆς
3730 906 3891 978 ὑπερ-

492 977 607 1038 tur,
651 982 1131 1049 supernaturalia
1170 992 1343 1041 erunt
1381 1001 1451 1041 ac
1488 986 1869 1051 admiranda,
1912 987 2064 1043 sicut
2102 987 2163 1043 in

498 1068 887 1137 sequentibus
913 1073 1161 1144 patebit.

565 1151 724 1211 Vers.
780 1161 861 1214 14.
906 1162 1205 1235 Multique
1232 1195 1301 1204 —
1330 1165 1698 1236 gaudebunt.
1731 1166 1861 1222 Non
1903 1166 2163 1250 cognati,

494 1242 688 1301 solum
720 1254 775 1302 et
805 1249 1005 1316 vicini,
1044 1268 1256 1309 verum
1291 1255 1492 1324 etiam,
1526 1256 1989 1328 quibuscunque
2020 1242 2164 1313 divi;

488 1331 647 1388 nitus
686 1334 1033 1410 innotuerit,
1064 1342 1231 1415 quod
1262 1344 1660 1402 ministerium
1689 1345 1816 1417 ipse
1850 1346 1923 1400 sit
1962 1346 2163 1418 exple-

2274 995 2373 1058 φυῆ
2404 990 2490 1037 καὶ
2511 983 2808 1058 παράδοξα,
2842 989 3014 1049 καθὼς
3046 989 3328 1062 εὑρήσομεν
3359 994 3639 1065 προϊόντες.

2346 1184 2446 1233 Καὶ
2473 1180 2653 1234 πολλοὶ
2703 1213 2765 1223 -
2814 1188 3169 1258 χαρήσονται.
3204 1184 3279 1237 Oi}
3310 1190 3461 1255 μόνον
3496 1196 3757 1259 συγγενεῖς
3787 1195 3885 1244 καὶ

2272 1267 2475 1335 οἰκεῖοι,
2506 1269 2632 1323 ἀλλὰ
2661 1276 2751 1324 καὶ
2796 1274 2936 1334 ὅσοις
2980 1272 3313 1347 ἀπεκαλύφθη
3348 1278 3537 1347 θεόθεν,
3571 1276 3631 1337 ἣν
3677 1279 3882 1351 ἔμελλεν

2271 1356 2438 1413 ἀνύειν
2466 1356 2752 1414 διακονίαν.

487 1424 676 1480 turus.

557 1511 721 1569 Vers.
769 1515 852 1569 14.
894 1517 1019 1574 Erit
1050 1550 1120 1560 --
1152 1520 1424 1579 Domino.
1458 1523 1709 1597 Magnus
1748 1524 1908 1598 apud
1948 1526 2157 1596 Deum,

488 1600 633 1670 quia
664 1618 923 1675 magnus
961 1609 1301 1666 virtutibus.

558 1688 723 1747 Vers.
769 1698 852 1749 15.
892 1696 973 1751 Et
1013 1700 1215 1756 vinum
1242 1731 1313 1741 —
1355 1701 1523 1758 bibet.
1568 1702 1769 1760 Sicera
1806 1704 2155 1773 vocabatur,

488 1778 785 1851 quidquid
818 1782 871 1838 in
901 1786 1151 1844 modum
1181 1789 1305 1845 vini
1335 1791 1630 1848 inebriare
1662 1798 1887 1865 poterat
1920 1812 1933 1850 :
1968 1797 2158 1852 maxi-
2197 1807 2235 1862 Β

488 1879 583 1921 me
615 1883 756 1925 vero
784 1873 947 1942 potio
974 1891 1008 1931 a
1041 1876 1381 1947 palmarum
1424 1878 1618 1936 fructu
1650 1882 1940 1939 confecta.

558 1955 685 1975 ,τη
766 1965 820 1975 ...
898 1964 962 1975 ...
1083 1965 1093 1975 .
1140 1966 1167 1975 ,ν
1530 1972 1560 1975 _
2080 1973 2089 1975 _
2144 1964 2155 1975 .

558 1955 717 2012 Vers.
761 1965 841 2015 15.
888 1964 965 2018 Et
1008 1965 1215 2035 spiritu
1248 1999 1317 2008 —
1345 1983 1490 2025 suae.
1530 1972 1855 2044 Postquam
1900 1988 2006 2044 per
2036 1964 2158 2028 vini

484 2057 555 2099 ac
575 2045 777 2103 sicerte
798 2050 910 2122 (cc)
933 2052 1364 2112 abstinentiam
1388 2056 1463 2113 de
1489 2060 1767 2115 suavium
1795 2076 1995 2116 rerum
2021 2061 2161 2117 abs-

483 2131 735 2191 tinentia
773 2136 908 2195 fecit
946 2143 1277 2210 certiorem,
1334 2146 1436 2201 ubi
1475 2147 1656 2203 etiam
1696 2148 1773 2203 ab
1810 2149 1925 2205 hoc
1964 2150 2157 2208 innuit

482 2220 705 2280 durum
737 2231 1206 2288 conversationis
1244 2233 1377 2306 ejus
1409 2237 1770 2303 exercitium,
1805 2237 2152 2311 docuitque,

481 2313 647 2384 quod
680 2331 936 2389 magnus
967 2319 1202 2379 futurus
1228 2328 1353 2380 erat
1382 2340 1587 2381 coram
1612 2327 1865 2383 Domino
1901 2344 1913 2382 :
1948 2328 2027 2384 ad
2051 2329 2152 2385 ﬂr-

482 2416 649 2458 mam
679 2404 962 2481 deinceps
990 2413 1440 2482 persuasionem
1471 2414 1612 2471 dicit
1644 2416 1723 2487 id,
1752 2418 1917 2490 quod
1952 2419 2150 2490 majus

484 2494 589 2557 est,
614 2493 1083 2572 videlicet,quod
1110 2518 1144 2558 a
1161 2518 1349 2574 puero
1373 2504 1655 2562 induetur
1680 2507 1894 2564 virtute
1916 2524 1987 2564 ex
2006 2510 2147 2577 alto,

483 2582 846 2651 praevidente
884 2588 1004 2645 Deo
1055 2593 1571 2650 conversationem
1620 2596 1748 2667 ejus
1801 2602 1856 2653 et
1889 2598 1950 2654 in
1986 2600 2153 2672 quod

484 2669 758 2729 divinum
788 2691 896 2731 vas
927 2683 1053 2735 erat
1080 2695 1385 2737 evasurus.

554 2760 717 2817 Vers.
751 2765 839 2820 16.
871 2768 1209 2843 Μαιίοεᾳιιθ
1238 2803 1306 2812 -
1340 2774 1627 2841 ipsorum.
1662 2776 1773 2841 Qui
1806 2776 1885 2833 ab
1914 2794 1986 2835 eo
2016 2794 2150 2852 per-

483 2852 644 2907 suasi
669 2855 1015 2926 confugient
1035 2860 1113 2916 ad
1136 2860 1429 2919 Christum
1455 2880 1467 2919 :
1494 2863 1655 2921 hunc
1676 2866 1837 2925 enim
1861 2875 2035 2926 vocat
2055 2870 2151 2927 hic

482 2938 807 2999 Dominum
842 2948 1053 3003 Deum.

551 3033 709 3089 Vers.
750 3036 838 3090 17.
872 3038 952 3093 Et
986 3069 1047 3080 -
1076 3054 1162 3097 eo.
1207 3040 1534 3101 Preecurret
1566 3061 1770 3103 coram
1804 3064 1896 3118 eo,
1939 3050 2147 3122 praedi-

478 3136 624 3179 cans
648 3125 1063 3194 pmnitentiam
1094 3134 1151 3185 et
1172 3133 1541 3190 annuntians
1574 3136 1901 3194 adventum
1923 3141 2071 3211 ejus.

548 3318 711 3375 Vers.
758 3325 840 3378 17.
880 3322 953 3377 In
992 3354 1061 3365 ——
1091 3325 1254 3382 Elim.
1299 3327 1585 3401 Spiritum
1626 3332 1969 3405 appellavit,
2016 3351 2148 3405 gra-

477 3406 619 3463 tiam
648 3408 1341 3480 spiritualem:virtutem
1368 3424 1594 3486 autem,
1617 3420 1972 3479 efﬁcaciam.
2002 3425 2148 3484 Dicit

2340 1555 2529 1610 Ἐσται
2570 1590 2635 1599 —
2669 1563 2883 1634 Κυρίου.
2917 1564 3093 1633 Μέγας
3126 1564 3270 1636 παρὰ
3304 1570 3438 1635 Θεῷ,
3473 1566 3542 1627 ὡς
3574 1568 3733 1639 μέγας
3760 1575 3883 1630 ταῖς

2272 1645 2500 1720 ἀρεταῖς.

2343 1742 2443 1790 Καὶ
2496 1736 2628 1790 οἶνον
2678 1770 2741 1779 -
2790 1742 2907 1812 πίῃ.
2960 1744 3146 1817 Σίκερα
3194 1740 3422 1794 ἕκαλεῖτο
3466 1749 3566 1796 πᾶν
3622 1748 3681 1798 τό
3734 1750 3887 1823 παρὰ

2270 1828 2356 1878 τὸν
2386 1823 2519 1879 οἶνον
2545 1828 2811 1901 μέθυσμα,
2840 1828 3073 1901 μάλιστα
3119 1827 3179 1883 δε
3212 1834 3270 1883 τὸ
3320 1829 3375 1883 ix
3429 1838 3667 1903 φοινίκων
3699 1834 3888 1889 ἐσκευ-

2268 1918 2489 1986 ασμένον
2498 1958 2509 1968 .

2344 2008 2443 2056 Καὶ
2503 2007 2793 2077 πνεύματος
2851 2038 2918 2047 -
2971 2007 3150 2060 αύτοῡ.
3213 2011 3307 2062 Διά
3362 2019 3457 2074 τῆς
3519 2010 3731 2084 ἀποχῆς
3785 2022 3885 2067 τοῦ

2268 2094 2405 2144 οἴνου
2455 2098 2546 2145 καὶ
2601 2103 2691 2147 τοῦ
2740 2100 2925 2169 σίκερα
2974 2100 3314 2170 προμηνύσας
3378 2105 3471 2159 τὴν
3526 2101 3737 2174 ἀποχὴν
3774 2112 3879 2155 τῶν

2267 2177 2457 2253 ἡδέων,
2524 2188 2613 2236 καὶ
2677 2190 3024 2258 παραστήσας
3099 2186 3323 2241 ἐντεῦθεν
3396 2196 3489 2249 τὴν
3570 2193 3881 2268 σιληραγω-

2262 2274 2379 2341 γίαν
2428 2279 2524 2334 τῆς
2577 2270 2786 2337 διαίτης
2852 2276 3035 2345 αὐτοῦ,
3109 2282 3199 2330 καὶ
3281 2274 3505 2343 διδάξας
3577 2284 3655 2334 ὅτι
3708 2287 3880 2355 μέγας

2264 2362 2414 2412 ἔσται
2443 2365 2577 2414 κατὰ
2609 2367 2758 2432 Θεὸν,
2790 2364 2968 2417 λοιπὸν
3013 2366 3084 2427 εἰς
3126 2366 3479 2443 πληροφορίαν
3510 2370 3645 2443 λέγει
3681 2377 3769 2424 καὶ
3812 2376 3874 2425 τὸ

2262 2450 2459 2521 μεῖζον,
2520 2453 2597 2504 ὅτι
2634 2451 2688 2504 ἐκ
2739 2452 2961 2527 βρέφους
3008 2452 3283 2509 ἐνδύσεται
3329 2464 3422 2517 τὴν
3454 2458 3507 2523 ἐξ
3557 2461 3720 2532 ὕψους
3769 2459 3870 2514 δύο

2261 2559 2433 2611 ναμιν,
2492 2539 2795 2615 προειδότος
2832 2551 2924 2595 τοῦ
2983 2553 3117 2598 Θεοῦ
3169 2550 3263 2605 τὴν
3315 2547 3589 2618 πολιτείαν,
3728 2557 3867 2625 χρή-

2264 2648 2431 2695 σεται,
2463 2636 2552 2683 καὶ
2583 2632 2687 2685 οἷον
2715 2631 3036 2693 ἀποϐήσεται
3064 2643 3261 2698 σκεῦος.

2339 2830 2437 2878 Καὶ
2500 2825 2720 2889 πολλοὺς
2775 2859 2843 2868 -
2901 2828 3090 2885 αὐτῶν.
3151 2829 3307 2884 Ὀσοι
3364 2836 3657 2897 πεισθέντες
3728 2836 3875 2908 αύτῷ

2261 2910 2629 2988 προσέδραμον
2674 2924 2745 2987 τῷ
2788 2924 3023 2993 Χριστῷ.
3074 2926 3267 2973 Τοῦτον
3315 2924 3415 2997 γὰρ
3464 2921 3685 2976 ἐνταῦθα
3729 2925 3882 2978 καλεῖ

2265 3006 2453 3078 Κύριον
2484 3010 2573 3057 xui
2606 3010 2752 3060 Θεὸν.

2335 3098 2437 3145 Καὶ
2498 3125 2565 3134 -
2619 3094 2801 3153 αὐτοῦ.
2855 3093 3246 3171 Προδραμείται
3325 3103 3613 3173 ἔμπροσθεν
3690 3103 3875 3169 αὐτοῦ,

2258 3186 2541 3255 κηρύσσων
2584 3187 2715 3255 μετά
2760 3204 2922 3252 νοιαν,
2975 3191 3064 3239 καὶ
3121 3189 3479 3261 καταγγέλλων
3533 3195 3624 3249 τὴν
3677 3212 3876 3267 παρουα

2262 3276 2381 3323 σίαν
2419 3272 2599 3326 αὑτοῦ.

2328 3362 2414 3413 Ἐν
2476 3394 2544 3402 --
2601 3363 2796 3419 Ἠλίου.

2256 3454 2476 3523 ματικόν
2532 3455 2783 3525 χάρισμα
2833 3469 2843 3483 ·

2871 3370 3079 3437 Πνεῦμα
3143 3369 3231 3439 μεν
3295 3368 3531 3440 ὠνόμασε
3588 3373 3645 3421 τὸ
3716 3391 3873 3424 πνευ-

2895 3451 3118 3525 δύναμιν
3162 3452 3221 3509 δὲ
3263 3462 3358 3515 τὴν
3403 3455 3675 3533 ἐνέργειαν.
3714 3465 3869 3531 Λέγει

474 3512 618 3566 ergo
662 3499 820 3569 quod
862 3502 1115 3570 gratiam
1154 3519 1399 3577 quoque
1426 3514 1481 3563 et
1525 3508 1858 3568 efﬁcaciam
1898 3513 2146 3573 habebit

475 3585 614 3621 Elim
678 3603 829 3621 πηοεν
862 3589 1133 3621 "trinum-.4
1172 3592 1411 3621 t...|-...L:a.
1442 3596 1591 3621 ηιξ--
1634 3614 1965 3621 ..-.Α---μμ-α
2098 3620 2101 3621 ,

2532 3499 2783 3525 κταρ--
2897 3499 3113 3525 ----τ.--
3164 3499 3220 3509 --
3272 3499 3354 3515 ...-
3403 3499 3675 3533 "Tr"...
3714 3499 3869 3531 ηερ.

2284 3547 2381 3593 νοῦν
2448 3542 2528 3593 ὅτι
2586 3546 2675 3593 καὶ
2745 3545 2803 3593 τὸ
2857 3545 3108 3617 χάρισμα
3158 3550 3248 3597 καὶ
3309 3550 3402 3605 τὴν
3466 3546 3714 3621 ἐνέργειαν
3766 3550 3870 3613 ἕξει

475 3585 636 3652 Elius,
678 3603 831 3659 quas
862 3589 1134 3648 videlicet
1172 3592 1413 3651 habebit
1442 3596 1593 3654 Elias
1634 3614 2009 3670 praecurrens
2052 3620 2144 3660 se-

475 3675 742 3732 cundum
765 3678 971 3735 Christi
994 3681 1317 3739 adventum
1350 3702 1364 3741 :
1399 3687 1570 3742 ethic
1596 3704 1757 3745 nunc
1782 3690 1973 3762 faciet,
2006 3710 2144 3767 quas

472 3766 865 3838 postmodum
908 3768 1170 3826 facturus
1210 3778 1300 3829 est
1344 3776 1521 3834 Elias.
1554 3781 1814 3850 Apponit
1843 3766 2043 3840 autem
2090 3790 2144 3842 et

473 3870 611 3927 quae
640 3854 835 3913 futura
862 3859 935 3913 sit
961 3862 1088 3934 ejus
1120 3862 1329 3931 virtus,
1366 3864 1490 3922 sive
1517 3868 1805 3939 potentia.

546 3943 710 4000 Vers.
746 3948 829 4002 17.
872 3949 943 4005 Ut
975 3959 1279 4009 convertat
1319 3985 1388 3995 ——
1415 3955 1590 4024 ﬁlios.
1622 3958 1997 4032 Prophetavit
2027 3963 2144 4023 hoc

471 4035 527 4089 et
556 4034 888 4103 Malachias,
922 4042 977 4094 et
1005 4046 1280 4097 accurate
1323 4044 1695 4103 declaratum
1737 4055 1825 4105 est
1858 4052 2145 4112 vicesimo

468 4123 662 4195 capite
705 4127 1001 4200 Evangelii
1028 4130 1194 4200 juxta
1227 4132 1593 4199 Matthesum,
1632 4137 1736 4193 ubi
1767 4139 1978 4198 dicitur
2010 4161 2023 4199 :
2064 4145 2145 4202 Et

467 4212 713 4271 sivultis
743 4219 1023 4289 recipere,
1040 4220 1159 4291 ipse
1178 4228 1260 4277 est
1286 4222 1474 4292 Etias,
1501 4226 1605 4298 qui
1626 4234 1913 4287 venturus
1927 4241 2076 4291 erat.
2097 4237 2139 4291 ³.

538 4410 705 4467 Vers.
762 4415 843 4468 17.
901 4415 977 4470 Et
1036 4445 1101 4455 -—
1147 4418 1477 4487 justorum.
1538 4424 1653 4478 Hos
1705 4428 1950 4485 eosdem
2000 4430 2142 4488 dicit

465 4497 897 4569 inobedientes,
941 4503 1078 4573 quia
1100 4504 1179 4560 ad
1210 4505 1266 4560 id
1310 4523 1497 4580 usque
1522 4514 1758 4583 tempus
1786 4513 2025 4574 fuerant
2056 4519 2143 4576 in-
2178 4513 2221 4567 Ι)

466 4586 828 4646 obedientes.
860 4592 1166 4649 Convertet
1194 4610 1337 4664 ergo
1367 4597 1477 4653 hos
1513 4600 1589 4654 ad
1620 4604 2004 4673 prudentiam
2036 4608 2142 4667 bo-

465 4691 702 4741 norum,
739 4678 816 4733 ad
847 4679 1295 4750 intelligentiam
1326 4685 1749 4758 perfectorum.

540 4764 704 4821 Vers.
736 4768 819 4823 18.
860 4769 932 4825 Ut
964 4778 1139 4837 paret
1179 4803 1242 4813 —
1284 4787 1705 4845 prwparatam.
1743 4784 2142 4855 Prmparatam

468 4870 573 4926 per
618 4858 1023 4928 paenitentiam
1054 4880 1065 4917 :
1104 4861 1193 4918 vel
1228 4872 1624 4935 praeparatam
1656 4870 1735 4925 ad
1769 4871 1971 4930 salutis
2013 4893 2141 4932 sus-

468 4946 823 5019 ceptionem.

537 5035 697 5092 Vers.
768 5041 858 5096 18.
926 5041 1194 5114 Dixitque
1256 5044 1399 5099 suis.
1471 5044 1559 5101 Ad
1627 5056 1998 5109 senectutem
2066 5071 2140 5113 ac

467 5129 695 5183 natura
757 5127 1239 5196 imbecillitatem,
1283 5148 1491 5190 verum
1554 5151 1676 5192 non
1749 5146 1976 5199 attenta
2040 5145 2140 5201 Dei

538 5250 558 5281 ³
591 5249 787 5307 Matth.
821 5268 900 5319 x1,
940 5257 1022 5310 14.

2257 3638 2349 3682 τοῦ
2399 3630 2595 3699 Ἡλίου,
2644 3632 2773 3706 ἅπερ
2830 3632 3012 3695 Ἠλίας
3059 3633 3178 3702 ἔξει,
3210 3640 3515 3710 προτρέχων
3547 3648 3641 3698 τῆς
3696 3634 3875 3693 δευτέ-

2256 3740 2347 3795 ρας
2412 3724 2707 3794 παρουσίας
2780 3728 3037 3794 Χριστοῦ.
3102 3728 3201 3776 Καὶ
3275 3730 3487 3782 ποιήσει
3558 3728 3704 3787 οὗτος
3760 3737 3877 3797 νῦν,

2258 3810 2388 3870 ἅπερ
2417 3808 2592 3869 Ἠλίας
2620 3810 2855 3885 ὕστερον.
2917 3814 3246 3884 Προστίθησι
3280 3809 3337 3865 δὲ
3380 3820 3470 3866 καὶ
3516 3820 3593 3877 τίς
3648 3814 3785 3870 ἐστιν
3845 3820 3874 3877 ἦ

2260 3895 2485 3970 δύναμις
2514 3899 2675 3956 αὕτη.
2712 3908 2717 3915 ’

2334 3986 2679 4061 Ἐπιστρέψαι
2730 4018 2796 4030 -
2864 3993 3031 4044 τέκνα.
3109 3995 3468 4064 Προεφὴτευσε
3547 4002 3700 4047 τοῦτο
3783 4003 3879 4051 καὶ

2257 4075 2564 4148 Μαλαχίας,
2596 4082 2684 4129 xui
2738 4079 3039 4151 ἠρμηνεύθη
3086 4088 3263 4151 σαφῶς
3305 4080 3355 4132 ἐν
3407 4090 3478 4152 τῷ
3523 4083 3742 4155 εἰκοστῷ
3796 4106 3877 4138 xs-

2258 4165 2457 4238 φαλαίῳ
2510 4174 2599 4218 τοῦ
2654 4170 2790 4219 κατὰ
2846 4170 3136 4233 Ἀίατθαίον,
3197 4170 3318 4221 ἔνθα
3373 4176 3540 4223 κεῖται
3590 4176 3646 4224 τό
3698 4191 3709 4202 ·
3767 4175 3876 4229 Καὶ

2256 4256 2301 4308 εἰ
2359 4255 2523 4308 θέλετε
2598 4253 2874 4325 δέξασθαι,
2947 4257 3103 4320 αύτός
3178 4256 3318 4312 ἐστιν
3375 4260 3558 4322 Ἠλίας
3602 4263 3627 4313 ὀ
3680 4262 3876 4335 μέλλων

2260 4346 2537 4417 ἔρχεσθαι.

2331 4438 2432 4487 Καὶ
2473 4465 2543 4474 -
2593 4430 2832 4488 δικαίων.
2883 4439 3018 4498 Τοὺς
3064 4436 3255 4499 αὐτοὺς
3306 4437 3439 4510 λέγει
3482 4445 3573 4491 καὶ
3625 4438 3872 4511 ἀπειθεῖς,

2255 4525 2321 4585 ὡς
2395 4524 2529 4597 ἄχρι
2614 4528 2729 4576 τότε
2812 4530 2883 4596 μή
2969 4528 3287 4588 πεισθέντας.
3371 4527 3703 4603 Ἐπιστρέψει
3782 4528 3873 4583 οὖν

2257 4612 2446 4675 αὐτοὺς
2488 4654 2504 4677 ,
2591 4613 2661 4676 εἰς
2774 4618 3024 4689 φρόνησιν
3119 4614 3364 4690 ἐναρέτων
3411 4658 3424 4682 ,
3514 4619 3587 4681 εἰς
3664 4622 3873 4673 σύνεσιν

2261 4700 2479 4757 τελείων.

2323 4790 2633 4862 Ἑτοιμάσαι
2695 4822 2753 4831 -—
2807 4796 3306 4865 κατεσκευασμένον.
3380 4801 3872 4867 Κατεσκευασμένον

2253 4888 2313 4951 τῇ
2394 4885 2662 4952 μετανοίᾳ,
2750 4881 2778 4940 ἦ
2876 4888 3353 4956 κατεσκευασμένον
3433 4885 3501 4946 εἰς
3588 4883 3871 4959 ὑποδοχὴν

2258 4973 2544 5040 σωτηρίας.

2327 5062 2427 5111 Καὶ
2467 5055 2576 5111 εἶπε
2623 5089 2691 5099 —-
2737 5059 2921 5121 αὐτῆς.
2958 5064 3091 5135 Πρὸς
3128 5065 3186 5114 τὸ
3235 5069 3403 5136 γῆρας
3449 5069 3539 5117 καὶ
3587 5069 3681 5123 την
3714 5062 3871 5119 ἀσθέ-

2251 5166 2387 5200 νειαν
2438 5156 2534 5209 τῆς
2589 5150 2810 5220 φύσεως,
2874 5148 2981 5201 ἀλλ’
3048 5150 3107 5203 ού
3158 5154 3287 5223 πρὸς
3346 5156 3438 5212 τὴν
3495 5149 3718 5227 δύναμιν
3773 5164 3867 5209 τοῦ

1704 5396 1924 5467 Variae
1962 5400 2291 5473 lectiones
2326 5414 2391 5472 et
2423 5413 2626 5473 notae.

540 5549 648 5621 (cc)
705 5551 797 5633 D__e_
824 5554 1122 5633 vocabulo
1165 5562 1348 5633 σίκερα
1399 5562 1477 5618 ita
1515 5562 1695 5621 habet
1732 5568 2035 5628 Christost.
2092 5578 2131 5629 t.

616 5618 867 5711 15:57,:
921 5631 1106 5711 Σίέιερα
1151 5618 1372 5684 ἐνταύθά
1399 5653 1555 5711 ,φησι
1608 5637 1709 5689 τῶν
1762 5645 2001 5711 φοινίκων
2049 5649 2136 5698 τόν

469 5689 636 5756 ὀπόν]
684 5696 736 5743 ὅν
802 5689 1130 5767 ἐπετήδευον,
1207 5689 1561 5777 συντριϐοντες
1636 5714 1725 5762 τὸν
1769 5689 1982 5787 Ῑκαρπόν
2049 5722 2139 5770 xui

2246 5574 2643 5652 καταθλῶντεςκ
2676 5574 2749 5637 εἰς
2791 5577 2930 5652 οίνου
2990 5581 3484 5652 μετασχηματίζειν

2247 5649 2464 5725 prb-rixas
2622 5644 2737 5725 im
2778 5649 2839 5699 τὸ
2882 5642 3137 5715 τοιοῦτον,
3161 5642 3269 5703 ’ἐστὶ
3299 5642 3451 5725 μέθη.
3487 5642 3648 5708 Adde
3676 5652 3869 5710 Theo-

3535 5583 3731 5653 φύσινη
3757 5581 3867 5635 Κα-

2250 5718 2412 5791 phyl.
2443 5734 2504 5790 p.
2536 5722 2662 5775 301.
