4074 6378
193 368 297 422 865

1341 362 1711 426 COMMENT.
1757 366 1824 422 IN
1859 359 2120 422 LUCAM.
2164 397 2233 405 —-
2273 366 2426 420 CAP.
2468 362 2500 420 l.

3466 365 3571 430 866

196 501 333 547 Θεοῦ
374 492 597 566 βλέψας,
643 493 738 545 οῦκ
769 494 993 568 εὐχερῶς
1012 492 1335 569 παρεδέξατο
1374 500 1466 554 τὴν
1499 494 1786 566 ἐπαγγελίατ

1917 491 2151 556 virtute.
2198 490 2404 547 tardus
2432 498 2557 547 erat
2604 498 2684 549 ad
2722 494 3168 567 suscipiendam
3228 495 3403 554 foetus
3435 514 3573 571 pro-

192 590 255 641 τῆ
266 604 289 646 ς
320 591 494 653 γονῆς.

266 677 370 725 Καὶ
390 672 686 747 ἀποκριθεὶς
715 704 783 713 -
811 680 995 729 ταῦτα.
1032 681 1165 728 Ποῖα
1187 692 1201 742 ;
1222 677 1249 734 ἡ
1269 679 1528 747 γέννησις,
1565 670 1800 739 δηλαδὴ,

189 766 282 815 καὶ
305 764 336 819 ἡ
370 761 562 824 κλῆσις
583 769 674 814 τοῦ
696 763 962 835 ὀνόματος.

256 851 406 905 Ἀνθ’
437 852 505 901 ὧν
544 882 612 891 -
651 871 772 924 μου.
800 858 922 915 Τοῖς
940 857 1057 927 περὶ
1082 856 1298 909 τοὺτων.

256 1047 465 1108 Οῖτινες
504 1077 569 1086 -
602 1046 789 1102 αὐτῶν.
834 1047 916 1108 Εἰς
944 1051 1027 1101 τόν
1058 1069 1152 1102 καν
1182 1052 1361 1126 καιρὸν
1398 1059 1488 1111 τῆς
1515 1056 1800 1122 γεννήσεως

184 1140 276 1187 καὶ
324 1144 415 1195 τῆς
458 1135 714 1197 κλήσεως.
769 1135 905 1212 ’Ὁρα
958 1133 1035 1205 δὲ,
1088 1140 1167 1191 ὅτι
1221 1136 1316 1192 διὰ
1357 1144 1451 1198 τὴν
1500 1146 1667 1214 φωνὴν
1709 1149 1799 1203 τῆς

184 1222 441 1285 ἀπιστίας
470 1222 731 1296 ἐπεσχέθη
772 1231 866 1285 τὴν
892 1233 1086 1299 φωνήν,

265 1425 364 1474 Καὶ
397 1454 464 1463 -—-
496 1427 789 1498 Ζαχαρίαν.
822 1421 1271 1499 Ἀπεκδεχόμενος
1303 1426 1444 1499 (i5).

262 1624 366 1672 Καὶ
413 1650 482 1660 -
521 1624 706 1691 κωφός.
760 1620 835 1673 Οῦ
887 1626 1041 1693 μόνον
1089 1625 1191 1698 γὰρ
1242 1623 1502 1698 ἐπεσχέθη
1552 1631 1646 1686 τὴν
1699 1649 1799 1700 pw-

182 1711 298 1779 νην,
363 1707 493 1761 ἀλλὰ
538 1714 628 1761 καὶ
684 1714 777 1769 την
835 1709 1014 1777 ἀκοὴν,
1072 1716 1141 1776 ὡς
1195 1718 1327 1787 μετὰ
1402 1714 1651 1779 ἀπιστίας
1708 1724 1796 1771 καὶ

184 1796 417 1858 ἀκούσας
460 1804 551 1851 καὶ
582 1804 848 1871 φωνήσας.
900 1808 1197 1875 Προεμὴνυε
1242 1801 1302 1858 δὲ
1349 1808 1378 1865 ἠ
1431 1815 1520 1859 τοῦ
1571 1816 1794 1881 γηραιοῦ

185 1887 353 1960 ἱερέως
406 1891 532 1959 σιγή
580 1892 668 1945 τὴν
704 1896 799 1951 τῆς
827 1889 1051 1954 παλαιᾶς
1101 1896 1380 1968 ἱερωσύνης
1426 1900 1511 1949 καὶ
1555 1897 1794 1971 λατρείας

183 1994 362 2045 σιγην.

259 2177 358 2225 Καὶ
389 2171 587 2244 ἐγένετο
632 2206 700 2215 -
730 2174 910 2231 αὑτοῦ.
945 2182 1060 2253 Χρὴ
1092 2182 1190 2251 γὰρ
1241 2185 1326 2233 τόν
1364 2185 1499 2255 ἱερέα
1533 2184 1790 2249 παντελῶς

192 2260 477 2332 ἀπέχεσθαι
520 2272 617 2326 τῆς
667 2264 850 2317 ἑαυτοῦ
898 2274 1146 2338 γυναικός
1190 2268 1237 2321 ἐν
1280 2280 1395 2334 ταῖς
1439 2276 1657 2347 ἡμέραις
1701 2284 1791 2336 τῆς

185 2350 498 2425 λειτουργίας
538 2353 719 2405 αὐτοῦ⁸
765 2361 929 2408 Τοῦτο
979 2359 1080 2430 γὰρ
1112 2365 1198 2411 καὶ
1252 2361 1277 2411 ό
1322 2364 1454 2424 θεῖος
1482 2365 1791 2438 ὑπαγορεύει

182 2441 395 2512 θεσμός.
472 2441 765 2515 ῘΙληρὼσας
837 2441 895 2497 δὲ
949 2448 1137 2508 ταύτας
1204 2450 1230 2501 ό
1284 2456 1559 2527 Ζαχαρίας
1614 2453 1791 2506 λοιπὸν

180 2529 407 2587 συνῆλθε
460 2538 520 2602 τῇ
564 2541 763 2604 φαμετῇ
823 2537 984 2587 αὑτοῦ
1042 2533 1136 2589 διὰ
1192 2542 1285 2597 τὴν
1339 2540 1650 2613 ἐπαγγελίαν
1696 2552 1793 2606 τῆς

173 2628 361 2689 γονῆς,
394 2616 703 2682 παιδευθεὶς
731 2630 793 2694 τῇ
828 2623 1001 2697 πληγῇ
1035 2634 1128 2688 τῆς
1163 2636 1365 2692 σιωπῆς
1398 2635 1660 2685 πιστεύειν
1688 2640 1794 2695 τοῖς

177 2714 271 2758 τοῦ
312 2706 534 2779 ἀγγέλου
564 2710 789 2784 ῥήμασι.

253 2802 356 2849 Καὶ
412 2828 484 2838 -
529 2802 694 2851 πέντε.
743 2797 1036 2875 Αἰδουμένη
1083 2811 1176 2864 τὴν
1214 2812 1439 2880 γηραιάν
1475 2816 1564 2863 καὶ
1608 2812 1792 2885 ἔξωρον

172 2890 484 2958 κυοφορίαν,
519 2886 613 2950 ἕως
641 2888 703 2940 οὔ
733 2888 846 2961 (16)
877 2896 966 2945 καὶ
997 2894 1026 2951 ἠ
1064 2897 1320 2970 Παρθένος
1347 2898 1607 2953 συνελαϐε.

254 3086 505 3151 Λέγουσα
571 3114 635 3124 --
692 3082 1002 3158 ἀνθρώποις.
1047 3086 1167 3143 "Ora
1223 3089 1519 3152 ηὐδόκησεν
1596 3095 1790 3169 ἀφελεῖν

1915 580 2253 635 missionem
2268 624 2281 636 .

1982 669 2149 725 Vers.
2183 670 2269 723 19.
2288 669 2363 723 Et
2386 671 2714 741 respondens
2731 704 2797 714 -
2820 672 2957 728 haec.
2991 674 3282 739 Quaenam
3303 673 3332 731 ?
3358 676 3570 734 nativi-

1911 760 2000 813 tas
2025 756 2314 823 videlicet,
2350 774 2419 814 ac
2448 760 2711 816 nominis
2738 761 3068 834 impositio.

1980 845 2148 904 Vers.
2181 850 2274 905 20.
2310 847 2395 904 Eo
2434 848 2578 921 quod
2599 880 2666 891 —
2690 852 2849 909 meis.
2886 852 3028 917 Quae
3060 851 3135 908 de
3164 852 3258 908 his
3286 860 3453 912 erant
3482 871 3571 912 re-

1910 934 2047 993 bus.

1982 1025 2120 1080 Vers
2161 1028 2249 1081 20.
2284 1025 2420 1091 Quae
2452 1058 2519 1068 —
2568 1044 2692 1085 sua.
2724 1028 3034 1102 lTempore
3088 1031 3365 1090 videlicet
3419 1037 3569 1092 nati-

1907 1112 2104 1169 vitatis
2159 1130 2229 1171 ac
2285 1116 2547 1172 nominis
2613 1118 3042 1191 impositionis.
3126 1122 3271 1178 Vide
3344 1129 3563 1191 autem,

1908 1203 2073 1275 quod
2112 1210 2355 1277 propter
2379 1222 2591 1263 vocem
2634 1208 3064 1267 incredulitatis
3105 1216 3331 1270 retenta
3367 1229 3437 1271 ac
3468 1231 3566 1272 co-

1906 1290 2095 1348 hibita
2125 1298 2215 1349 est
2241 1294 2322 1349 illi
2344 1311 2485 1354 vox.

1980 1381 2149 1440 Vers.
2182 1385 2242 1438 21
2261 1428 2274 1441 .
2314 1384 2388 1439 Et
2414 1417 2481 1426 —
2509 1386 2866 1443 Zachariam.
2894 1389 2980 1461 -Η-
3007 1390 3395 1463 Exspectans.

1977 1662 2144 1722 Vers.
2194 1664 2287 1720 21.
2333 1664 2409 1718 Et
2465 1695 2533 1707 —
2581 1665 2747 1721 Vers.
2804 1668 2891 1723 22.
2948 1674 3149 1724 mutus.
3213 1673 3394 1744 Κωφὸς
3433 1670 3567 1744 (pro

1905 1765 2027 1823 quo
2056 1752 2151 1807 hic
2174 1751 2468 1808 habemus
2497 1758 2729 1820 mutum)
2760 1756 3057 1826 signiﬁcat
3082 1759 3261 1815 etiam
3288 1762 3563 1819 surdum.

1827 1850 1869 1906 Β
1904 1840 2103 1911 Neque
2124 1841 2284 1897 enim
2307 1841 2433 1898 sola
2471 1859 2580 1898 vox
2614 1843 2693 1899 illi
2716 1843 2915 1901 ablata
2941 1851 3050 1913 est,
3081 1848 3185 1903 sed
3212 1853 3268 1904 et
3298 1849 3561 1917 auditus,

1903 1944 1974 1984 eo
2003 1928 2169 2001 quod
2222 1946 2359 1986 cum
2415 1932 2826 1990 incredulitate
2883 1935 3149 1992 audisset
3196 1953 3264 1993 ac
3323 1938 3563 1995 locutus

1901 2017 2129 2075 fuisset.
2162 2019 2550 2089 Signiﬁcabat
2566 2028 2767 2079 autem
2794 2023 3094 2081 silentium
3124 2027 3449 2083 sacerdotis
3476 2045 3563 2084 se-

1899 2106 2012 2174 nis,
2042 2108 2251 2164 veteris
2278 2110 2609 2176 sacerdotii,
2642 2112 2957 2186 cultusque
2988 2117 3472 2173 taciturnitatem.

1971 2192 2138 2247 Vers.
2170 2197 2257 2248 23.
2285 2195 2350 2249 Et
2377 2198 2582 2264 factum
2619 2228 2681 2237 ——
2709 2199 2868 2254 Vers.
2903 2204 2992 2255 24.
3042 2201 3180 2271 ejus.
3240 2204 3564 2275 Oportebat

1900 2296 2161 2355 namque
2192 2284 2562 2340 sacerdotem
2607 2286 2857 2343 omnino
2912 2289 3210 2346 abstinere
3242 2307 3278 2346 a
3315 2293 3561 2364 propria

1904 2385 2085 2426 uxore
2115 2371 2177 2426 in
2207 2371 2416 2427 diebus
2441 2374 2750 2431 ministerii
2777 2377 2869 2432 sui
2900 2394 2912 2432 :
2947 2378 3062 2434 hoc
3088 2379 3247 2435 enim
3275 2388 3331 2435 et
3360 2382 3563 2438 divina

1898 2456 1991 2513 lex
2022 2460 2324 2531 praecepit.
2365 2461 2465 2516 His
2486 2470 2689 2518 autem
2718 2465 3049 2537 completis,
3088 2482 3447 2537 congressus
3473 2475 3565 2525 est

1902 2547 2220 2604 Zacharias
2245 2564 2386 2605 cum
2422 2566 2600 2607 uxore
2649 2568 2758 2608 sua
2787 2560 3026 2626 propter
3064 2557 3427 2628 promissum
3457 2556 3565 2614 fce-

1903 2642 2055 2764 tumi,
2088 2637 2306 2766 siltentii
2355 2638 2596 2711 ﬂagello
2627 2642 2895 2708 edoctus,
2950 2651 3015 2701 ut
3045 2646 3326 2718 angelicis
3364 2638 3563 2705 verbis

1903 2722 2000 2764 cre
2046 2724 2143 2766 ere
2173 2749 2188 2766 .

1903 2722 2108 2764 creaer
2112 2722 2188 2766 et.

1975 2797 2137 2854 Vers.
2169 2800 2259 2855 24.
2313 2799 2392 2854 Ει
2438 2830 2508 2841 -
2548 2802 2800 2874 quinque.
2851 2804 3238 2874 Erubescens,
3296 2824 3368 2865 eo
3398 2809 3563 2882 quod

1901 2892 2059 2942 esset
2087 2887 2287 2943 senior
2310 2905 2380 2944 ac
2404 2889 2837 2963 intempestiva,
2870 2909 3006 2966 quae
3034 2912 3352 2969 praegnans
3377 2898 3560 2967 ﬁeret,

1900 2975 2089 3031 donec
2118 2977 2283 3049 virgo
2307 2978 2484 3034 etiam
2510 2981 2801 3053 concepit.

1973 3064 2142 3120 Vers.
2189 3070 2276 3122 24.
2310 3067 2503 3123 Dicens
2530 3100 2599 3109 —
2638 3071 2799 3126 Vers.
2841 3074 2929 3128 25.
2982 3073 3243 3131 homines.
3306 3078 3560 3143 Quando

787 3152 797 3158 .
1638 3152 1648 3169 .

170 3172 239 3221 τὸ
278 3168 329 3221 ἐν
362 3170 653 3247 ὼῦρώποίς
686 3172 880 3237 ὄνειδός
913 3197 1035 3249 μου,
1064 3182 1122 3231 τό
1150 3178 1232 3232 ἐπὶ
1261 3190 1322 3254 τῇ
1371 3182 1605 3257 ἀτεκνίᾳ.
1660 3187 1786 3263 Παρ¹

1917 3154 2298 3222 aeneplacuit,
2333 3162 2396 3213 ut
2419 3157 2676 3214 auferret
2700 3161 3095 3232 opprobrium
3140 3180 3364 3230 meum,
3401 3167 3557 3237 quod

174 3258 433 3331 Εϐραίοις
488 3264 579 3333 μὲν
624 3265 724 3336 γὰρ
771 3262 964 3327 ὄνειδος
1005 3264 1065 3326 ἧν
1110 3270 1139 3327 η
1191 3270 1425 3346 ἀκαρπία
1476 3271 1566 3327 τοῦ
1611 3258 1786 3350 σώμα-

168 3368 282 3411 τος,
360 3346 446 3401 οἶα
530 3371 1027 3430 σωματικωτεροις·
1083 3362 1226 3433 παρὰ
1311 3362 1371 3414 δὲ
1454 3371 1790 3439 Χριστιανοίς

167 3436 379 3500 ὄνειδος
436 3441 466 3498 ἡ
528 3439 762 3514 ἀκαρπία
832 3452 926 3507 τῆς
984 3445 1187 3519 ψυχῆς,
1261 3448 1347 3503 οἶα
1428 3436 1785 3527 πνευματικω-

165 3547 362 3600 τεροις.

248 3725 334 3776 Ἐν
388 3722 449 3777 δὲ
496 3735 566 3798 τῷ
618 3733 744 3801 μηνὶ
790 3737 861 3801 τῷ
916 3731 1048 3805 ἕκτῳ
1086 3766 1152 3775 -
1195 3740 1435 3812 Μαριάμ..
1472 3741 1784 3817 [Γρηγορίου

166 3816 419 3875 Νῦσσης-
473 3816 562 3869 Ἐν
610 3820 720 3890 (17)
763 3818 935 3892 ἓκίενῳ
983 3832 1053 3894 τῷ
1102 3835 1266 3900 καιρῷ
1323 3829 1349 3879 ό
1415 3816 1787 3905 εὐαγγελισμός

164 3910 265 3962 τῆς
320 3912 614 3975 παρουσίας
670 3915 761 3960 τοῦ
820 3917 1053 3986 Σωτῆρος
1108 3919 1299 3985 γέγονε,
1356 3919 1473 3970 καθ’
1519 3920 1572 3972 ὃν
1617 3923 1645 3979 ἡ
1696 3923 1788 3986 νὺξ

165 3988 259 4043 ἐπὶ
323 3996 382 4044 τό
414 3991 697 4068 ἀκρότατον
758 4007 921 4070 μῆκος
975 4003 1320 4076 προελθοῦσα,
1374 4012 1652 4079 μειοῦσθαι
1696 4019 1785 4065 καὶ

164 4078 444 4154 ὐπορῥέειν
501 4085 749 4155 ἄρχεται,
815 4096 910 4151 τῆς
967 4092 1158 4165 ἡμέρας
1214 4093 1390 4147 λοιπόν
1441 4098 1785 4173 αῦξανομένης

159 4174 259 4220 καὶ
318 4178 738 4243 προκοπτούσης,
813 4178 895 4230 ἵνα
957 4182 1128 4254 μάθῃς
1180 4184 1259 4235 ὅτι
1333 4191 1423 4238 καὶ
1484 4192 1541 4240 τὸ
1604 4196 1784 4252 σκότος

162 4266 264 4318 τῆς
317 4256 555 4325 ἀσεϐείας
599 4269 690 4317 καὶ
737 4274 832 4328 τῆς
870 4268 1126 4343 ἁμαρτίας
1155 4273 1289 4347 οἴχρι
1320 4280 1432 4327 τότε
1478 4280 1680 4349 φθάσαν
1712 4281 1785 4344 εἰς

160 4349 387 4420 μέγεθος
469 4358 655 4415 κακίας
720 4359 809 4408 καὶ
883 4362 1199 4433 κορυφωθεν,
1284 4365 1458 4417 ἔκτοτε
1534 4366 1777 4444 ἀνεκόπη,

162 4442 258 4489 καὶ
339 4442 463 4512 πρὸς
528 4441 753 4514 ἔκλειψιν
832 4452 920 4498 καὶ
988 4447 1277 4521 ἀφανισμὸν
1358 4453 1623 4526 ἠλαύνετο,
1690 4470 1779 4513 τοῦ

164 4530 339 4599 φωτὸς
392 4525 501 4586 ἤδη
545 4539 637 4592 τῆς
702 4533 965 4598 εὐσεϐείας
1018 4543 1107 4591 καὶ
1164 4539 1351 4615 ἀρετῆς
1414 4554 1624 4609 νικῶτος
1690 4570 1778 4605 και
1810 4537 1859 4596 Ῑ)

157 4615 359 4667 πλεονά
368 4618 590 4692 ζοντος.]

236 4704 328 4757 Ἐν
356 4714 427 4777 τῷ
455 4714 581 4780 μηνὶ
632 4718 704 4781 τῷ
743 4713 872 4787 ἕκτῳ
906 4724 1001 4777 τῆς
1028 4724 1326 4794 κυοφορίας,
1367 4724 1450 4777 ὅτε
1491 4726 1520 4784 ἠ
1578 4734 1779 4802 γαστὴρ

159 4794 391 4865 ὠγκὼθη
421 4804 482 4855 τῆ
495 4818 516 4859 ς
542 4798 837 4858 Ἐλισάϐετ.

235 4890 682 4960 Μεμνηστευμένη
743 4888 802 4945 δὲ
861 4889 921 4953 ἧν
973 4897 1003 4955 ἠ
1067 4901 1339 4971 Παρθένος,
1385 4904 1467 4957 ἵνα
1502 4904 1633 4982 λάθῃ
1690 4914 1777 4963 τόν

160 4969 414 5026 διάϐολον
469 4978 499 5035 ἡ
555 4982 793 5050 γέννησις
839 4991 930 5036 τοῦ
977 4969 1232 5060 Χριστοῦ.
1305 4997 1406 5046 Καὶ
1456 4998 1554 5071 γὰρ
1610 4969 1778 5057 ’ἤκουε

158 5080 266 5113 των
325 5075 601 5139 προφητῶν
681 5073 1151 5144 καταγγελλόιτων,
1229 5080 1306 5132 ὅτι
1376 5080 1434 5134 ἐκ
1516 5089 1772 5160 παρθένόυ

157 5154 476 5222 γεννηθῆναι
532 5158 720 5229 μέλλει·
785 5169 875 5215 καὶ
947 5160 1041 5217 διὰ
1109 5175 1266 5221 τοῦτο
1346 5154 1628 5250 παρετήρει
1680 5182 1771 5242 τὰς

159 5243 470 5314 παρθένους,
530 5247 612 5299 ἶνα
663 5249 776 5303 οἵαν
828 5249 920 5326 ἴδῃ
980 5265 1358 5332 κυοφοροῦσαν,
1412 5267 1529 5338 περὶ
1576 5269 1768 5328 ταύτην

157 5327 399 5403 παγίδας
454 5336 722 5413 καταπήξη
780 5348 871 5402 τῆς
922 5327 1270 5419 κακοτεχνίας
1326 5327 1507 5406 αὐτοῦ.
1570 5359 1768 5410 Λοιπὸν

1901 3244 2066 3315 apud
2091 3243 2366 3301 homines
2389 3254 2533 3315 erat,
2567 3264 2637 3304 eo
2666 3249 2833 3321 quod
2864 3251 3027 3322 prole
3060 3269 3345 3309 carerem.
3380 3256 3561 3327 Apud

1900 3333 2180 3390 Hebraeos
2211 3336 2509 3408 siquidem
2541 3338 2763 3410 probro
2785 3340 3041 3398 dabatur
3061 3359 3385 3416 corporum
3400 3346 3560 3401 steri-

1899 3420 2054 3494 litas,
2088 3428 2292 3496 utpote
2322 3426 2426 3498 qui
2456 3428 2652 3497 magis
2686 3430 2958 3487 carnales
2982 3439 3151 3489 erant
3176 3449 3247 3490 ac
3286 3448 3557 3506 corpora-

1898 3510 1983 3568 les
2013 3530 2027 3581 ;
2070 3514 2236 3585 apud
2266 3516 2627 3574 Christianos
2672 3533 2815 3575 vero
2870 3521 3090 3593 probro
3120 3523 3296 3579 datur
3327 3525 3562 3581 anima-

1896 3615 2033 3657 rum
2060 3603 2352 3669 sterilitas,
2386 3611 2670 3678 tanquam
2694 3610 2889 3679 magis
2919 3611 3284 3683 spirituales.

1970 3690 2135 3746 Vers.
2168 3696 2256 3750 26.
2289 3694 2461 3750 Sexto
2497 3703 2674 3752 autem
2700 3714 2879 3754 mense
2913 3730 2981 3740 --
3030 3701 3189 3758 Vers.
3232 3707 3321 3758 27.
3348 3704 3557 3761 Maria.

1896 3780 1984 3851 -H-
2013 3780 2279 3853 Gregorii
2307 3787 2557 3857 Nysseni
2579 3804 2592 3842 :
2612 3786 2713 3843 Illo
2727 3795 2988 3861 tempore
3006 3793 3320 3849 nuntiatus
3347 3799 3434 3849 est
3455 3796 3559 3851 ad-

1897 3876 2112 3926 ventus
2125 3873 2471 3941 Servatoris,
2487 3891 2611 3947 quo
2628 3892 2747 3933 nox
2765 3883 3093 3936 extremam
3117 3881 3557 3952 longitudinem

1898 3967 2088 4025 nacta,
2118 3961 2330 4032 minui,
2355 3969 2412 4019 et
2440 3966 2732 4036 paulatim
2772 3984 3127 4027 evanescere
3166 3973 3390 4044 incipit,
3419 3991 3558 4031 cum

1892 4049 2021 4121 jam
2046 4050 2174 4105 dies
2196 4059 2487 4123 augeatur
2517 4071 2587 4111 ac
2617 4056 2858 4112 ulterius
2896 4060 3184 4131 procedat
3220 4078 3234 4129 ;
3271 4068 3333 4118 ut
3362 4064 3559 4121 discas

1896 4138 2171 4196 tenebras
2213 4142 2532 4214 impietatis
2570 4150 2628 4200 et
2666 4154 3044 4217 peccatorum
3092 4167 3157 4206 eo
3203 4168 3393 4223 usque
3422 4169 3557 4225 pro-

1897 4242 2133 4299 gressas
2188 4232 2267 4287 ad
2299 4235 3177 4309 magnitudinemimprobitatis
3194 4257 3263 4297 ac
3282 4244 3553 4300 cumula-

1897 4323 2006 4384 tas,
2048 4320 2265 4377 exinde
2290 4322 2407 4378 tolli
2440 4328 2619 4396 atque
2645 4327 2798 4382 adeo
2812 4327 3064 4385 deﬁcere
3090 4336 3147 4386 et
3167 4347 3547 4399 evanescere,

1895 4421 2035 4463 cum
2060 4408 2185 4479 iam
2208 4411 2453 4481 pietates
2493 4419 2551 4470 et
2570 4415 2801 4472 virtutis
2822 4416 2927 4473 lux
2958 4418 3158 4476 vincat
3184 4425 3242 4477 et
3260 4419 3549 4479 abundet.

1965 4732 2140 4789 Sexto
2166 4747 2393 4801 mense,
2426 4740 2738 4811 postquam
2772 4755 3092 4812 praegnans
3123 4744 3332 4805 effecta
3356 4748 3551 4810 fuerat

1889 4819 2207 4895 Elizabeth,
2239 4839 2379 4880 cum
2405 4826 2534 4897 ejus
2562 4832 2757 4884 uterus
2791 4831 3236 4893 intumesceret.

1961 4913 2337 4984 Desponsata
2361 4923 2561 4972 autem
2588 4923 2714 4973 erat
2740 4917 2935 4991 Virgo,
2970 4933 3034 4977 ut
3060 4923 3373 4985 diabolum
3408 4929 3551 4987 late-

1864 5006 1973 5073 ‘ret
2027 5002 2235 5059 Christi
2288 5006 2583 5062 nativitas.
2652 5008 2937 5067 Audierat
3000 5013 3163 5071 enim
3218 5017 3544 5089 prophetas

1886 5090 2296 5159 annuntiasse,
2325 5095 2492 5166 quod
2512 5104 2668 5152 esset
2692 5114 2722 5153 e
2740 5100 2969 5169 virgine
2986 5105 3319 5161 nasciturus
3338 5123 3355 5173 ;
3380 5108 3544 5165 ideo-

1883 5194 2001 5252 que
2018 5182 2277 5252 virgines
2289 5186 2669 5257 observabat,
2692 5193 2754 5244 ut
2765 5188 2815 5244 si
2835 5205 3021 5261 quam
3038 5194 3098 5247 in
3115 5200 3280 5251 utero
3301 5204 3538 5267 gestare

1881 5269 2121 5334 videret.
2151 5273 2311 5330 circa
2327 5273 2485 5331 hanc
2508 5276 2924 5336 fraudulentiee
2942 5298 3066 5338 sua;
3083 5283 3333 5356 laqueos
3355 5302 3543 5360 appo-

1882 5366 2070 5420 neret.
2092 5362 2316 5420 Placuit
2343 5366 2545 5437 itaque
2577 5369 2715 5439 Deo,
2740 5374 2802 5425 ut
2828 5370 3023 5444 Virgo,
3055 5390 3192 5447 quae
3216 5376 3281 5432 in
3308 5376 3549 5437 habita-

1391 5467 1607 5540 Varize
1627 5473 1955 5548 lectiones
1996 5488 2061 5549 et
2102 5490 2309 5549 notae.

225 5585 344 5680 =(
375 5589 994 5680 ΔᾼξξιιᾷεΙ-Ιθιιίθῐιὶιιειι,
1047 5595 1163 5657 hoc
1204 5600 1497 5662 vocabulo
1527 5613 1777 5680 praeter.

158 5666 347 5734 misso
374 5666 566 5718 textus
580 5666 821 5734 junctus
847 5672 955 5726 est.

230 5733 345 5809 (16)
380 5738 484 5789 Καὶ
515 5733 684 5794 abest
705 5742 775 5794 Α.

1957 5614 2069 5697 (ῃ)
2099 5615 2236 5697 Haec
2268 5621 2515 5693 uterque
2543 5633 2713 5678 meus
2736 5618 2801 5677 in
2822 5622 3109 5697 'margine
3138 5626 3341 5689 habet.
3377 5632 3549 5694 Caret

1880 5683 2333 5749 iis‘Héntenius.
