4074 6438
417 415 520 479 86⁵1
1756 394 2084 464 EUTHYMII

2209 388 2461 453 EABENI

3692 383 3805 440 868

418 548 621 605 culum
665 561 841 601 suum
891 541 1266 613 segreganda
1312 544 1456 603 erat,
1512 538 1635 592 viro
1702 530 2072 603 desponsata

2213 519 2269 574 ὖν
2302 524 2325 573 ὁ
2359 525 2490 583 Θεὸς
2539 516 2797 576 εύδοκησε
2826 517 3217 591 μνηστευθῆναι
3268 508 3422 586 ἀνδρὶ
3471 515 3564 569 τὴν
3616 509 3803 583 ἀφορι-

421 642 595 702 esset,
630 641 695 691 ut
724 635 836 691 hac
867 634 1091 697 relicta,
1126 632 1587 700 indesponsatas
1622 622 1936 696 improbus
1978 617 2073 673 ille

419 727 777 782 observaret.
834 724 1062 777 Dictum
1119 726 1206 776 est
1242 725 1442 775 autem
1495 718 1563 771 de
1604 730 1826 787 sponso
1881 711 2073 767 Matris

2186 615 2398 666 σθεῖσαν
2475 611 2543 672 εἰς
2621 613 3025 682 κατοικητήριον
3103 604 3259 657 αὐτοῦ
3330 604 3607 675 Παρθένον,
3689 603 3797 666 ἵνα,

2185 706 2381 764 ταύτης
2436 703 2460 752 ὁ
2504 703 2722 773 πονηρὸς
2783 697 3030 760 ἀποστὰς,
3066 697 3157 756 τὰς
3204 694 3585 765 ἀμνηστεύτους
3626 710 3799 762 παραο

2184 800 2346 865 τηρῇ.
2393 794 2609 863 Εἰρηται
2637 785 2694 841 δὲ
2728 792 2845 859 περὶ
2875 793 2965 839 τοῦ
2997 792 3295 857 μνηστῆρος
3338 790 3434 843 τῆς
3464 785 3804 854 Θεομήτορος

420 816 519 872 Dei
544 817 603 871 in
638 813 927 869 Prooemio
951 809 1250 880 Evangelii
1276 809 1447 880 juxta
1480 806 1844 861 Matthzeum.

2187 880 2234 932 ἐν
2261 884 2556 952 προοιμίοις
2577 885 2665 930 τοῦ
2694 879 2827 928 κατὰ
2854 878 3120 929 Ματθαίον
3150 871 3486 944 Εύαγγελὶου.

492 938 663 1004 Quod
692 953 833 993 vero
863 936 1101 991 additur
1128 954 1141 988 ε
1193 935 1278 989 De
1320 932 1472 988 domo
1504 928 1703 991 David,
1732 927 2078 1010 intelligitur

418 1033 473 1084 et
502 1029 574 1083 de
620 1028 854 1096 Virgine
895 1031 949 1080 et
978 1025 1051 1079 de
1082 1023 1315 1094 Joseph.
1376 1020 1523 1076 Nam
1557 1025 1612 1075 et
1640 1019 1789 1083 haec,
1841 1021 1895 1072 et
1928 1016 2021 1071 ille
2044 1033 2074 1071 e

420 1125 591 1188 gente
617 1115 791 1173 David
822 1113 1274 1170 descenderant.

2257 1009 2326 1057 Τὸ
2376 1001 2435 1056 δε
2493 1004 2591 1065 Ἐξ
2645 1006 2789 1055 οἴκου
2864 997 3051 1065 Δαυῖὸ,
3119 1006 3311 1051 νοεῖται
3369 1002 3458 1048 καὶ
3530 1000 3648 1070 περὶ
3701 1002 3805 1056 τῆς

2189 1094 2470 1167 Παρθένου,
2499 1098 2587 1144 καὶ
2613 1097 2732 1164 περὶ
2764 1099 2857 1143 τοῦ
2887 1091 3099 1161 Ἰωσήφ.
3139 1092 3238 1141 Καὶ
3271 1087 3402 1144 αὕτη
3428 1088 3528 1160 γὰρ
3563 1084 3804 1145 κάκεῖνος

2187 1182 2241 1235 ἐκ
2266 1188 2442 1254 γένους
2468 1190 2558 1233 τοῦ
2592 1177 2760 1233 Δαυῖδ
2786 1185 3097 1251 κατήγοντο.

2260 1295 2359 1343 Καὶ
2388 1289 2627 1341 εἰσελθὼν
2659 1320 2727 1328 -
2756 1291 2886 1359 μετὰ
2935 1293 3049 1341 σοῦ,
3099 1284 3240 1343 Αύτη
3273 1285 3303 1342 ἠ
3346 1284 3497 1357 χαρὰ
3542 1286 3635 1339 τὴν
3668 1280 3803 1354 ἀρὰν

2186 1380 2334 1431 ἔλυσε
2388 1388 2477 1439 τῆς
2536 1381 2684 1437 Εὔας.
2741 1377 2937 1434 Ἐκείνη
2989 1380 3077 1448 μὲν
3130 1377 3230 1449 γὰρ
3292 1372 3563 1429 ἐκελεύσθη
3630 1370 3803 1429 λύπην

489 1296 653 1351 Vers.
682 1295 771 1349 28.
824 1295 899 1348 Et
947 1293 1219 1364 ingressus
1260 1322 1325 1331 —-
1370 1296 1557 1343 tecum.
1614 1286 1907 1342 Gaudium
1960 1283 2074 1341 hoc

417 1387 548 1440 Evaa
573 1383 745 1440 solvit
776 1381 1276 1438 maledictionem.
1328 1379 1433 1434 Illa
1458 1377 1754 1450 siquidem
1786 1376 1956 1447 jussa
1988 1383 2076 1429 est

416 1474 637 1530 habere
671 1488 989 1528 maerorem
1024 1471 1189 1541 (nam
1221 1468 1280 1523 id
1334 1468 1573 1540 proprie
1615 1465 1910 1536 signiﬁcat
1937 1464 2071 1521 λύπη

418 1561 813 1632 vocabulum,
859 1560 1024 1632 quod
1074 1559 1369 1614 Geneseos
1409 1558 1577 1612 tertio
1606 1555 1800 1627 capite
1826 1555 1886 1610 in
1928 1570 2076 1609 aeru-

422 1668 595 1708 mnas
625 1655 683 1705 et
705 1650 974 1705 dolorem
1020 1649 1283 1716 vertitur)
1318 1663 1332 1713 ;
1360 1647 1483 1702 haec
1515 1650 1715 1701 autem
1757 1644 2069 1714 gaudium,

419 1741 583 1814 quod
601 1741 839 1795 mcerori
861 1736 1228 1793 contrarium
1246 1741 1335 1792 est
1362 1752 1373 1789 :
1395 1735 1620 1799 Gaude,
1642 1734 1853 1805 inquit,
1876 1736 2075 1806 'utpote

418 1830 571 1885 inter
595 1844 806 1884 omnes
828 1826 1075 1895 virgines
1105 1825 1166 1879 in
1195 1826 1292 1880 Dei
1333 1827 1568 1881 Matrem
1598 1824 1799 1879 electa.
1853 1824 2075 1881 Gratio-

2209 1834 2305 1894 τοῦ,
2335 1824 2447 1877 ἀντὶ
2472 1832 2580 1889 τού,
2612 1824 2669 1876 Ὀ
2700 1827 2824 1883 Θεὸς
2860 1822 2907 1874 ἐν
2941 1826 3044 1875 σοί.

420 1934 549 1974 sam
591 1934 721 1974 vero
752 1914 1079 1972 nominavit
1108 1914 1293 1983 illam,
1323 1918 1614 1986 tanquam
1644 1914 1917 1969 videlicet
1948 1916 2142 1985 gratia
2182 1914 2624 1988 supernaturali
2657 1914 2904 1983 dignam
2945 1929 2957 1967 :
3002 1912 3277 1967 Dominus
3305 1916 3519 1978 tecum,
3545 1908 3659 1963 hoc
3692 1913 3804 1972 est,

418 2009 569 2062 Deus
596 2008 658 2062 in
689 2012 742 2062 te
773 2011 880 2062 est.

488 2095 650 2151 Vers.
683 2096 773 2150 28.
824 2093 1121 2150 Benedicta
1150 2123 1216 2136 -
1247 2092 1586 2149 mulieribus.
1648 2093 1767 2150 Hoc
1814 2098 1922 2158 est,
1954 2094 2078 2150 lau-

417 2187 579 2253 data,
614 2187 808 2242 beata.

490 2277 650 2334 Vers.
680 2277 766 2331 29.
802 2275 906 2331 Illa
931 2292 1053 2330 vero
1083 2305 1151 2315 —
1198 2275 1330 2345 ejus.
1381 2275 1620 2345 Timuit,
1667 2291 1741 2331 ne
1801 2274 1951 2332 forte
1973 2274 2081 2331 do-
2110 2257 2154 2312 Β

419 2366 585 2423 losus
605 2371 782 2421 esset.

2186 1472 2346 1540 ἔχειν,
2408 1469 2538 1525 αὕτη
2576 1464 2650 1519 ’δὲ
2701 1468 2897 1539 χαρὰν,
2933 1474 3021 1525 τῆς
3066 1464 3235 1525 λύπης
3281 1461 3576 1514 ἀντίπαλον.
3611 1467 3800 1532 Χαῖρε,

2187 1563 2367 1629 φησιν.
2427 1559 2497 1617 ὡς
2540 1555 2805 1626 ἐκλεγεῖσα
2851 1556 2992 1629 παρὰ
3031 1556 3208 1614 πάσας
3255 1555 3348 1612 τὰς
3395 1552 3678 1623 παρθένους
3731 1548 3805 1609 εἰς

2186 1652 2401 1721 Μητέρα
2431 1651 2576 1699 Θεοῦ.
2634 1648 3070 1719 Κεχαριτωμένη)
3107 1640 3166 1695 δὲ
3211 1641 3372 1699 αὐτὴν
3422 1641 3684 1711 ὠνόμασεν
3730 1641 3807 1699 ὡς

2185 1740 2411 1808 χάριτος
2457 1734 2765 1796 ἀξιωθεῖσαν
2803 1736 3111 1807 ὑπερφυοῦς·
3146 1735 3203 1783 τὸ
3244 1727 3302 1783 δὲ
3344 1730 3402 1781 Ὀ
3435 1732 3625 1803 Κύριος
3667 1731 3806 1801 μετὰ

2265 2093 2594 2165 Εὐλογημένη
2628 2124 2695 2132 —
2717 2091 2945 2163 γυναιξί.
2982 2091 3299 2163 Εύφημητὴ,
3329 2092 3584 2163 μακαρία.

2261 2289 2320 2342 Ἡ
2348 2286 2407 2342 δὲ
2440 2319 2502 2328 -
2535 2288 2715 2342 αὐτοῦ.
2742 2285 3009 2359 Ἐφοϐηθη
3042 2289 3240 2357 μήποτε
3271 2280 3483 2357 δολερὸς
3509 2281 3649 2337 ἐστι,

489 2456 661 2511 Vers.
699 2456 788 2510 29.
826 2457 890 2510 Et
917 2456 1019 2511 illa
1047 2488 1115 2498 —
1144 2455 1426 2511 salutatio.
1477 2457 1683 2512 Utrum
1722 2454 1946 2520 divina,
2004 2469 2081 2509 an

2266 2473 2366 2521 Kal
2445 2498 2511 2506 —
2580 2468 2605 2518 ό
2677 2463 2961 2537 ἀσπασμὸς
3035 2464 3204 2524 οὗτος.
3273 2465 3495 2536 Πότερον
3555 2461 3705 2521 θεῖος,
3770 2460 3802 2517 ἦ

418 2564 455 2603 a
492 2546 781 2601 daemone.
841 2546 1268 2603 Salutationem
1326 2552 1518 2603 autem
1565 2544 1727 2610 dicit,
1762 2543 2084 2615 compella-

2209 2555 2483 2631 ῗαιμόνιος.
2566 2557 2877 2627 Ἀσπασμὸν
2964 2551 3023 2607 δὲ
3096 2553 3233 2625 λέγει
3295 2556 3388 2610 τὴν
3470 2548 3585 2622 (18)
3636 2566 3808 2621 προσ-

420 2637 669 2693 tionem.

2209 2667 2321 2719 ιγορ
2332 2651 2430 2698 ίαν.

487 2726 649 2780 Vers.
678 2727 764 2781 30.
808 2724 882 2779 Et
931 2726 1015 2781 ait
1052 2756 1119 2768 —
1152 2727 1346 2781 Deum.
1384 2722 1885 2792 Benevolentiam,
1915 2720 2081 2777 fami-

2268 2741 2368 2789 Καὶ
2402 2733 2534 2787 εἶπεν
2569 2766 2629 2774 -
2659 2742 2732 2805 τῷ
2770 2740 2903 2803 Θεῷ.
2939 2731 3234 2804 Εὐμένειαν,
3272 2729 3553 2783 οἰκείωσιν.

418 2814 753 2871 liaritatem.

491 2904 652 2959 Vers.
688 2906 773 2960 31.
830 2905 904 2959 Et
933 2922 1041 2960 ecce
1097 2937 1163 2945 —
1211 2905 1374 2961 Vers.
1410 2904 1497 2960 32.
1526 2903 1775 2974 Magnus.
1807 2900 2081 2971 Magnus,

418 3001 657 3067 propter
682 2994 1163 3065 magnitudinem
1193 3010 1448 3067 operum
1475 3009 1545 3049 ac
1573 3006 1922 3048 sermonum
1945 3006 2081 3046 suo-

424 3099 580 3139 rum.

489 3173 651 3229 Vers.
685 3174 770 3228 32.
822 3173 894 3227 Et
955 3172 1129 3227 Filius
1172 3203 1236 3212 —
1294 3173 1595 3229 vocabitur.
1642 3176 1774 3232 Erat
1834 3177 2081 3251 quidem

418 3261 594 3317 Filius
617 3262 896 3318 Altissimi
923 3278 934 3316 :
966 3263 1045 3317 ita
1060 3266 1264 3318 autem
1290 3268 1504 3335 postea
1526 3266 1702 3322 etiam
1723 3274 1972 3324 vocatus
1997 3273 2087 3323 est

418 3352 497 3409 ab
526 3352 637 3418 his,
672 3352 775 3425 qui
800 3353 860 3407 in
878 3353 1083 3424 ipsum
1124 3352 1525 3410 crediderunt.

489 3444 651 3499 Vers.
693 3442 781 3498 3'2.
814 3441 886 3496 Et
918 3442 1070 3497 dabit
1102 3473 1171 3482 —
1186 3444 1372 3513 patris
1390 3444 1581 3515 ipsius.
1606 3446 1933 3513 Thronum,
1961 3446 2085 3503 sive

416 3546 673 3601 regnum
714 3538 769 3586 et
804 3536 1165 3602 potestatem
1197 3548 1377 3604 super
1404 3534 1701 3590 Hebraeos.

2209 3542 2492 3605 ϐασιλείαν,
2526 3547 2618 3599 τὴν
2654 3539 2737 3592 ἐπὶ
2768 3542 2888 3600 τοὺς
2923 3537 3196 3612 Ἐϐραίους
3224 3535 3482 3599 ἐξουσίαν.

490 3620 652 3677 Vers.
673 3620 760 3675 33.
776 3621 851 3674 Et
875 3620 1211 3690 regnabit—
1227 3623 1383 3690 ﬁnis.
1408 3622 1670 3694 Populus
1690 3624 1792 3679 Dei
1813 3625 2084 3696 quando-

2272 3637 2371 3685 Kal
2452 3629 2753 3703 βασιλεύσει
2822 3660 2891 3668 —
2966 3627 3121 3688 τέλος.
3177 3626 3235 3678 Ὀ
3306 3625 3430 3687 λαὸς
3505 3630 3596 3676 τοῦ
3680 3626 3814 3675 Θεοῦ

420 3725 534 3782 que
558 3710 1021 3777 lsraelvocatur,
1050 3710 1352 3766 interdum
1376 3712 1726 3769 veroJacob.
1746 3715 1906 3769 Unus
1924 3714 2083 3769 enim

2209 3726 2319 3774 τοτε
2370 3724 2458 3793 μὲν
2520 3719 2733 3793 Ἰσραὴλ
2780 3717 3031 3784 καλεῖται,
3087 3719 3211 3768 ποτε
3259 3711 3317 3767 δὲ
3362 3712 3569 3767 Ἰακὼϐ.
3609 3711 3667 3763 Ὀ
3721 3711 3818 3762 αὗ-

419 3799 700 3870 idemque
715 3798 891 3853 homo
910 3804 966 3854 et
994 3800 1166 3854 Israel
1190 3800 1438 3856 etJacob
1452 3808 1597 3856 erat.
1628 3804 1691 3857 Et
1712 3808 1927 3859 natura.
1947 3803 2085 3875 qui-

420 3888 561 3944 dem
591 3888 771 3942 Jacob
805 3893 971 3943 vetus
997 3894 1123 3943 erat
1142 3889 1433 3973 populus,
1464 3895 1668 3963 utpote
1700 3908 1734 3946 a
1761 3893 1947 3948 Jacob
1979 3909 2085 3965 per

420 3977 730 4046 sanguinis
752 3978 1171 4047 cognationem
1185 3980 1595 4037 descendens:
1628 3981 1954 4052 adoptione
1983 3998 2086 4037 ve-

420 4082 508 4131 ro,
539 4066 718 4122 Israel
766 4083 953 4123 novus
979 4073 1103 4123 erat
1129 4069 1427 4141 populus;
1464 4086 1606 4126 nam
1648 4086 1759 4142 pro
1791 4072 1966 4128 veteri
1993 4073 2086 4127 in-

421 4158 632 4214 ductus
663 4164 750 4213 est
774 4173 964 4213 novus
1005 4160 1285 4230 populus.
1322 4162 1509 4234 Super
1534 4163 1695 4218 hunc
1729 4164 1931 4235 itaque
1977 4180 2085 4219 no-

422 4263 561 4302 vum
579 4248 868 4319 populum
891 4248 1162 4317 regnabit
1192 4249 1251 4303 in
1277 4255 1589 4316 internum,
1610 4251 1669 4306 id
1693 4257 1802 4319 est,
1830 4267 2083 4323 semper,

422 4338 519 4408 qui
548 4336 817 4392 videlicet
848 4353 919 4393 ex
949 4338 1231 4409 operibus
1281 4354 1352 4394 ac
1381 4341 1765 4396 sermonibus
1791 4342 1995 4412 ipsum
2024 4357 2085 4397 a-

421 4428 647 4495 gnovit,
678 4443 922 4499 seseque
974 4427 1054 4481 illi
1104 4429 1432 4485 voluntarie
1484 4429 1771 4486 subdidit.
1819 4431 2085 4487 Christus

423 4516 740 4586 siquidem,
772 4522 825 4571 et
858 4515 915 4570 in
956 4520 1244 4587 quantum
1288 4520 1459 4583 Deus,
1506 4534 1609 4575 rex
1647 4525 1777 4576 erat
1810 4521 2087 4593 :Regnum

421 4603 633 4676 inquit,
662 4621 837 4659 meum
863 4622 967 4659 non
995 4612 1073 4660 est
1093 4622 1158 4659 ex
1195 4606 1287 4660 hoc
1306 4607 1504 4663 mundo
1526 4610 1547 4643 ⁴
1571 4627 1583 4677 ;
1616 4614 1673 4665 et
1698 4610 1759 4665 in
1786 4616 2084 4683 quantum

424 4692 609 4749 homo
636 4711 652 4749 :
675 4694 937 4750 habebat
957 4694 1119 4750 enim
1148 4696 1302 4767 regis
1329 4714 1530 4768 opera,
1556 4703 1701 4770 puta
1737 4700 1989 4755 subditis
2012 4701 2092 4757 le-

426 4798 530 4852 ges
559 4783 839 4849 condere,
878 4783 1153 4856 dirigere,
1188 4788 1480 4857 excolere,"
1530 4804 1599 4843 ac
1631 4804 1738 4860 pro
1782 4789 1868 4844 eis
1920 4790 2089 4845 morti

426 4887 555 4927 sese
580 4888 877 4944 exponere
902 4890 915 4929 :
946 4890 1087 4929 nam
1113 4874 1242 4931 haec
1259 4877 1643 4949 potissimum
1673 4894 1836 4943 eum,
1864 4880 2095 4951 quirex

426 4967 537 5031 est,
569 4962 929 5033 insigniunt.

2209 4975 2672 5047 χαρακτηρίζουσι
2698 4973 2782 5021 τὸν
2815 4968 3021 5030 ἀληθῶς
3047 4966 3289 5041 βασιλέα.

495 5053 614 5108 Ista
670 5058 871 5109 autem
921 5054 1076 5110 dicta
1134 5059 1273 5110 sunt
1324 5056 1519 5127 capite
1574 5057 1769 5129 primo
1820 5060 2084 5130 Evange-

2282 5066 2502 5137 Εἴρηται
2534 5057 2789 5113 δὲταῦτα
2832 5063 2919 5110 καὶ
2963 5058 3012 5110 ἐν
3069 5066 3141 5129 τῷ
3171 5062 3359 5130 πρώτῳ
3412 5054 3672 5128 κεφαλαίῳ
3727 5074 3825 5107 του

423 5141 484 5197 lii
516 5142 847 5200 secundum
889 5145 1252 5209 Matthasum,
1305 5146 1406 5201 ubi
1442 5146 1697 5203 habetur
1732 5165 1744 5204 :
1808 5148 1913 5213 Qui
1940 5158 2084 5219 regat

2209 5155 2340 5205 κατὰ
2388 5152 2677 5216 Ματθαῖον,
2725 5150 2845 5200 ἔνθα
2883 5154 3054 5201 κεῖται
3099 5151 3178 5201 τό.
3228 5145 3416 5206 Ὀστις
3454 5150 3702 5218 ποιμανεῖ
3732 5146 3826 5196 τὸν

425 5230 572 5303 (sive
591 5233 799 5304 pascat)
824 5233 1083 5304 populum
1108 5250 1279 5289 meum
1314 5235 1493 5289 Israel
1521 5236 1564 5290 ⁵.

496 5322 663 5377 Vers.
692 5326 779 5378 34.
823 5322 983 5378 Dixit
1013 5354 1080 5364 —
1118 5338 1441 5395 cognoscam.
1476 5326 1784 5392 Quomodo
1818 5327 1923 5385 erit
1956 5328 2088 5397 hoc,

498 5421 517 5455 ³ο
551 5420 724 5479 Joan.
752 5437 914 5491 xvni,
948 5426 1016 5478 36
1092 5424 1113 5457 ⁵
1144 5422 1348 5480 Matth.
1379 5441 1438 5492 ιι,
1463 5425 1515 5481 6.

2269 2920 2369 2968 Καὶ
2399 2911 2515 2967 ἰδοὺ
2546 2944 2609 2954 -
2636 2916 2822 2985 μέγας.
2850 2915 3027 2983 Μέγας
3055 2907 3149 2962 διὰ
3180 2908 3238 2961 τὸ
3281 2910 3491 2981 μέγεθος
3522 2914 3617 2958 τῶν
3649 2908 3818 2981 ἔργων

2194 3011 2282 3059 καὶ
2306 3006 2471 3077 λόγων
2508 3004 2669 3056 αὐτοῦ
2681 3046 2691 3056 .

2268 3190 2369 3238 Καὶ
2427 3186 2547 3244 Υἱὸς
2604 3213 2671 3224 --
2730 3182 3071 3240 κληθήσεται.
3152 3179 3247 3231 Ἦν
3317 3182 3405 3250 μὲν
3474 3178 3591 3237 Υἱὸς
3667 3174 3821 3245 Ὑψί-

2198 3282 2340 3327 στου·
2399 3272 2589 3331 ἐκλήθη
2651 3268 2709 3324 δὲ
2762 3271 2875 3341 (19)
2940 3277 3094 3322 τούτο
3142 3275 3232 3321 καὶ
3264 3269 3481 3343 ὕστερον
3532 3267 3676 3339 παρὰ
3711 3273 3819 3317 τῶν

2196 3364 2591 3417 πιστευσάντων
2619 3361 2689 3423 εἰς
2721 3360 2897 3414 αὐτόν.

2271 3458 2371 3505 Καὶ
2405 3448 2566 3504 δώσει
2610 3454 2801 3524 πατρὸς
2843 3480 2911 3489 -
2948 3448 3129 3503 αὑτοῦ.
3163 3451 3260 3500 Τὸν
3315 3447 3509 3517 θρόνον,
3566 3447 3685 3503 ἤτοι
3714 3448 3817 3501 τὴν

2196 3816 2284 3872 τὸς
2326 3814 2425 3885 γαρ
2464 3806 2523 3868 ἧν
2555 3814 2644 3860 καὶ
2694 3807 2902 3880 Ἰσραὴλ
2952 3811 3041 3858 καὶ
3100 3803 3303 3859 Ἰακώϐ.
3361 3803 3473 3856 Καὶ
3530 3805 3680 3874 φύσει
3720 3804 3818 3873 μεν

2200 3898 2385 3954 Ἰακὼϐ
2439 3896 2498 3956 ἧν
2531 3900 2555 3949 ό
2605 3896 2824 3957 παλαιὸς
2861 3896 3002 3959 λαὸς,
3049 3898 3117 3955 ὡς
3176 3893 3228 3957 ἐξ
3279 3890 3485 3961 Ἰακὼϐ,
3536 3893 3669 3943 κατά
3716 3896 3818 3949 τὴν

2198 3989 2249 4052 ἐξ
2307 3991 2528 4060 αἱματος
2601 3990 2921 4057 συγγένειαν·
2992 3987 3126 4037 θέσει
3207 3980 3265 4035 δὲ
3337 3980 3527 4035 Ἰακὼϐ
3598 3982 3623 4032 ὁ
3703 3982 3821 4042 νέος

2196 4080 2333 4145 λαὸς,
2376 4080 2513 4129 κατὰ
2568 4080 2661 4134 τὴν
2720 4073 2772 4138 ἐξ
2843 4072 3029 4149 αρετῆς
3090 4075 3407 4143 συγγένειαν·
3472 4070 3815 4140 Αντεισηχθη

2196 4172 2297 4241 γὰρ
2354 4170 2510 4229 ὁνέος
2559 4173 2651 4218 τοῦ
2707 4165 2951 4217 παλαιοῦ.
3001 4166 3194 4215 Λοιπὸν
3253 4157 3339 4213 οὖν
3394 4159 3478 4212 ἐπὶ
3509 4167 3690 4212 τοῦτον
3727 4163 3820 4210 τὸν

2197 4259 2317 4310 λαὸν
2360 4255 2660 4308 ϐασιλεύσει
2722 4254 2793 4315 εἰς
2850 4256 2969 4313 τοὺς
3026 4252 3233 4317 αἰῶνας,
3292 4254 3454 4322 ἤγουν
3505 4248 3601 4315 ἀεὶ,
3651 4251 3703 4300 ἔκ
3759 4268 3821 4301 τε

2197 4356 2294 4401 τῶν
2354 4350 2512 4419 ἔργων
2571 4349 2659 4395 καὶ
2730 4352 2830 4395 τῶν
2905 4342 3069 4413 λόγων
3149 4340 3423 4411 ἐπιγνόντα
3487 4339 3663 4407 αὐτὸν,
3722 4342 3821 4390 καὶ

2201 4436 2451 4496 ἑκουσίως
2510 4436 2917 4505 ὑποτεταγμένον
2966 4431 3123 4501 αύτῷ.
3180 4429 3238 4482 Ὁ
3299 4432 3400 4504 γὰρ
3462 4432 3692 4502 Χριστὸς
3751 4423 3821 4484 ἦν

2200 4530 2290 4600 μὲν
2353 4524 2594 4597 βασιλεύς
2646 4528 2736 4574 και
2793 4526 2860 4583 ως
2915 4524 3058 4581 Θεὸς·
3091 4520 3147 4572 ἸΙ
3199 4518 3465 4591 βασιλεία,
3492 4522 3592 4593 γὰρ
3631 4520 3817 4589 φησιν,

2202 4617 2231 4674 ἡ
2286 4614 2401 4686 ἑμη,
2458 4613 2551 4665 οὐκ
2611 4614 2749 4664 ἔστιν
2809 4610 2863 4663 ἐκ
2916 4606 3007 4662 τού
3078 4613 3279 4681 κόσμου
3356 4612 3562 4661 τούτου·
3619 4604 3679 4664 ἧν
3756 4602 3823 4658 δὲ

2855 4698 2984 4771 Εἶχε
3067 4702 3167 4771 γὰρ
3236 4701 3362 4772 ἔργα
3435 4696 3695 4770 βασιλέως
3754 4698 3821 4748 τὸ

2202 4795 2492 4866 νομοθετεῖν
2550 4798 2659 4852 τοῖς
2729 4791 2977 4850 ὑπηκόοις
3035 4789 3218 4853 αὑτοῦ,
3275 4791 3332 4839 τὸ
3407 4788 3702 4862 ῥυθμίζειν,
3758 4788 3823 4837 τὸ

3495 4875 3529 4927 ἆ
3586 4876 3828 4949 μάλιστα

2202 4711 2292 4757 καὶ
2348 4706 2414 4765 ὼς
2484 4704 2773 4775 ἅνθρωπος.

2203 4888 2482 4957 περιέπειν,
2543 4885 2600 4934 τὸ
2659 4882 3146 4955 ύπεραποθνωσκειν
3220 4878 3408 4949 αὐτῶν,

2204 5241 2326 5294 λαόν
2357 5259 2457 5313 μου
2498 5242 2585 5291 τὸν
2619 5237 2853 5311 Ἰσραήλ.

2280 5328 2407 5386 Εῖπε
2463 5361 2533 5369 —
2587 5334 2850 5402 γινώσκω,
2904 5332 3022 5389 Πῶς
3063 5328 3206 5379 ἔσται
3257 5332 3432 5390 τοῦτο,
3490 5320 3700 5383 δηλαδὴ
3760 5327 3828 5377 τὸ

1660 5545 1878 5613 Variae
1908 5540 2245 5617 lectiones
2279 5554 2344 5614 et
2388 5546 2595 5613 notas.

499 5674 614 5754 (18)
640 5676 725 5754 με.
748 5679 1022 5754 uterque.
1047 5676 1477 5754 Corrigendum
1518 5685 1904 5754 προσηγορίαν.
1954 5682 2108 5740 Scri-

604 5682 614 5755 l
640 5676 725 5759 ita
746 5679 1022 5759 uterque.
1047 5676 1477 5759 corrigendum
1518 5685 1904 5759 προσηγορίαν.
1954 5682 2108 5740 Scri-
2288 5662 2405 5754 (19)
2434 5684 2493 5733 Al
2512 5683 2601 5732 καὶ
2628 5685 2782 5733 τοῦτο
2818 5675 3032 5753 ὕστερον
3064 5680 3124 5733 Β.

426 5744 521 5805 ba:
560 5744 836 5803 videntur
856 5744 923 5803 iri
943 5756 1139 5805 mente
1168 5744 1458 5807 habuisse
1488 5744 1935 5831 προσαγόρευσιν,
