4074 6378
183 345 290 400 869

1302 331 1676 390 COMMENT.
1726 328 1794 383 IN
1837 321 2100 384 LUCAM.
2142 357 2208 368 —
2250 323 2405 382 C.\P.
2454 323 2494 384 Ι.

3463 330 3568 390 870

187 466 460 522 συλλαϐεῖν
527 464 575 518 ἐν
626 468 846 537 γαστρὶ,
917 467 1006 514 καὶ
1071 467 1231 514 τεκεῖν
1288 461 1438 524 υἱόν;
1499 457 1770 513 Ἠπίστησ

1908 454 1971 506 ut
1999 447 2275 506 videlicet
2316 451 2649 524 concipiam
2693 451 2752 507 in
2781 455 2950 510 utero
2979 458 3034 509 et
3059 452 3293 525 pariam
3320 454 3509 511 ﬁlium
3540 457 3570 512 ?

185 561 276 625 μεν
335 553 424 608 οὖν
477 559 568 608 καὶ
623 554 779 619 αὕτη,
847 553 1079 624 καθάπερ
1107 552 1132 601 ό
1167 553 1458 620 Ζαχαρίας,
1517 546 1624 617 ούχ
1676 547 1795 596 ύπε-

183 648 350 706 ϐλήθη
394 643 453 698 δε
504 654 596 705 τῆς
641 643 888 702 ἀπιστίας
938 640 1225 712 ἐπιτιμίῳ·
1284 636 1424 690 διότι
1473 637 1662 695 ἐκεῖνος
1705 637 1794 707 μὲν

184 733 302 808 εἶχε
353 730 762 807 παραδείγματα
808 730 971 784 πολλὰ
1006 737 1100 792 τῆς
1150 727 1198 780 ἐν
1236 733 1378 801 γήρει
1428 722 1791 789 παιδοποιίας,

181 831 279 884 τὴν
337 823 557 898 Σάρραν,
617 827 711 881 τὴν
765 821 1051 887 Ῥεϐέκκαν,
1107 822 1200 876 τὴν
1253 816 1466 888 Ῥαχὴλ,
1532 820 1624 873 τὴν
1667 814 1792 866 Ἀν-

179 931 311 966 ναν·
367 915 398 971 ἡ
466 909 524 966 δὲ
580 914 832 985 παρθένος
881 906 1005 962 οὐδε
1062 909 1130 963 ἐν.
1193 903 1433 980 Οὐδεμία
1497 909 1597 980 γὰρ
1665 924 1795 977 παρ-

182 1006 328 1064 θένος
423 1003 512 1062 ἓως
609 1001 769 1060 αὐτῆς
879 1001 998 1052 ἄνευ
1101 993 1294 1070 ἀνδρὸς
1371 994 1612 1048 συνέλαϐε
1704 999 1793 1046 καὶ

178 1096 320 1145 ἔτεκε
347 1092 486 1162 (-20).

257 1185 360 1234 Καὶ
419 1180 717 1254 ἀποκριθεὶς
768 1209 838 1220 -
887 1176 971 1230 ἐπὶ
1021 1180 1096 1230 σέ.
1136 1174 1380 1249 [Πνεῦμα
1443 1175 1559 1246 (21)
1604 1173 1788 1244 ἅγιον*

182 1279 394 1342 Πνεῦμα
430 1273 519 1342 μὲν
559 1268 728 1340 οἶγιον,
771 1269 1019 1340 καθαῖρον
1061 1268 1144 1318 ἐπὶ
1183 1265 1352 1328 πλέον,
1385 1268 1476 1315 καὶ
1527 1263 1742 1335 ἁγιάζον
1775 1283 1786 1294 ·

179 1357 408 1432 δύναμις
485 1355 545 1410 δὲ
616 1357 889 1428 Ὑψίστου,
971 1355 1458 1429 παρασκευάζουσα
1545 1350 1790 1411 δεκτικὴν

176 1456 274 1502 τοῦ
357 1453 528 1520 Λόγου
613 1451 703 1499 καὶ
777 1453 911 1499 Θεοῦ
987 1451 1077 1498 καὶ⁹
1153 1448 1470 1520 παρέχουσα
1549 1462 1789 1515 γεννητι-

176 1543 277 1597 κὴν
309 1534 554 1606 δύναμιν.
572 1534 594 1608 ]

253 1628 519 1702 Ἐνεργοῦν
593 1624 902 1700 ἀπορῥὴτως
965 1629 1056 1677 καὶ
1139 1627 1232 1682 τὴν
1298 1619 1539 1697 ἓνανδρον
1596 1622 1786 1683 συλλη-

175 1718 271 1789 ψιν
309 1723 401 1769 καὶ
431 1719 518 1768 τὸν
545 1717 777 1790 ὑπερφυῆ
810 1721 978 1769 τόκον.

1909 543 1976 596 Ει
2001 539 2128 595 haec
2164 541 2364 612 itaque
2404 557 2525 596 non
2567 540 2835 608 credidit,
2886 543 3038 598 sicut
3075 543 3410 609 Zacharias,
3443 560 3568 601 non

1909 635 2112 685 tamen
2133 629 2562 685 incredulitatis
2589 630 2899 687 admonita
2922 636 3012 687 est
3033 647 3139 703 per
3167 647 3445 703 poenam:
3472 633 3568 690 ille

1911 718 2203 790 siquidem
2258 719 2446 775 multa
2487 719 2698 774 habuit
2757 720 3033 792 exempla
3064 723 3461 793 susceptionis
3504 722 3568 778 li-

1907 806 2191 863 berorum
2217 807 2273 862 in
2297 815 2593 864 senectute
2617 827 2629 864 :
2661 809 2920 885 Sarram,
2951 810 3304 875 Rebeccam,
3325 811 3565 878 Rachel,

1908 899 2144 952 Annam
2187 896 2406 966 :virgo
2436 903 2638 953 autem
2681 898 2934 954 nullum.
2982 897 3156 955 Nulla
3204 900 3364 955 enim
3395 901 3566 971 virgo

1907 986 1982 1040 ad
2013 985 2072 1040 id
2103 1001 2292 1058 usque
2332 991 2568 1058 tempus
2601 988 2728 1043 sine
2756 987 2886 1044 viro
2916 993 3266 1060 conceperat
3291 995 3348 1045 et
3390 1004 3567 1062 pepe-

1903 1079 2061 1130 rerat
2073 1116 2086 1130 .

1973 1162 2140 1219 Vers.
2199 1166 2287 1218 35.
2342 1163 2417 1218 Et
2463 1163 2782 1236 respondens
2833 1197 2902 1206 —
2950 1165 3011 1219 ιή
3068 1172 3136 1220 te.
3187 1167 3274 1237 H—
3316 1166 3565 1239 Spiritus

1902 1258 2178 1308 sanctus:
2211 1252 2455 1322 Spiritus
2481 1254 2724 1327 quidem
2746 1255 3223 1324 sanctus,magis
3241 1255 3566 1326 puriﬁcans

1901 1345 1957 1395 et
1994 1340 2372 1397 sanctiﬁcans
2401 1358 2415 1409 ;
2447 1343 2707 1415 potentia
2762 1359 2904 1399 vero
2952 1344 3256 1408 Altissimi,
3300 1343 3565 1400 efﬁciens

1900 1433 2106 1500 aptam
2139 1429 2218 1485 ad
2260 1431 2674 1503 recipiendum
2691 1432 2892 1504 Logon
2920 1438 2977 1488 et
3001 1436 3188 1489 Deum
3220 1440 3274 1488 et
3302 1432 3563 1505 largiens

1898 1516 2240 1575 facultatem
2275 1520 2579 1590 gignendi.

1971 1609 2082 1673 Qui
2117 1607 2495 1666 ineﬁ‘abiliter
2545 1610 2886 1683 operabitur
2932 1616 2987 1668 et
3041 1617 3403 1686 conceptum
3434 1613 3562 1670 sine

1897 1696 2045 1758 viro,
2079 1701 2136 1752 et
2163 1702 2404 1769 partum
2436 1699 2977 1769 supernaturalem.

252 1812 350 1860 Καὶ
403 1803 626 1878 δύναμις
667 1836 738 1846 —
785 1824 892 1860 σοι.
945 1810 1014 1858 Τό
1066 1805 1191 1857 αύτό
1243 1800 1396 1863 δηλοί
1446 1809 1536 1856 καὶ
1578 1803 1773 1866 οὗτοςέ

1967 1786 2138 1841 Vers.
2174 1791 2267 1843 35.
2302 1787 2376 1840 Et
2415 1787 2602 1842 virtus
2625 1819 2690 1828 —
2717 1787 2838 1844 tibi.
2875 1790 3039 1846 ldem
3069 1806 3314 1863 quoque
3343 1791 3561 1848 indicat

173 1895 344 1968 λόγος.
419 1898 646 1968 Δύναμις
702 1902 834 1948 Θεοῦ
886 1897 1134 1947 σκεπάσει
1206 1914 1283 1962 σε,
1363 1891 1672 1966 δυναμοῦσθε
1726 1913 1783 1946 σε

173 1988 300 2060 πρὸς
327 1986 620 2057 ὑπουργίαν
650 1991 741 2036 τοῦ
765 1987 1000 2036 τοιούτου
1027 1985 1348 2058 πράγματος.

244 2078 330 2126 Διό
368 2105 436 2116 -
473 2081 625 2128 Θεοῦ.
661 2077 750 2126 Διὸ
797 2077 887 2125 καὶ
933 2077 991 2126 τὸ
1049 2076 1197 2146 ἅγιον
1243 2073 1453 2148 βρέφος,
1504 2077 1563 2126 τό
1602 2081 1779 2147 γεννώ-

178 2182 320 2235 μενον
369 2161 420 2214 ἐκ
498 2163 611 2235 (2'2)
694 2171 809 2229 σοῦ,
871 2163 1190 2222 κληθήσεται
1265 2166 1383 2226 Υἱός
1455 2169 1581 2218 Θεοῦ
1638 2167 1781 2238 παρὰ

182 2260 279 2302 τῶν
329 2260 524 2304 πιστῶν
575 2248 669 2304 διὰ
737 2255 804 2305 τὰ
858 2254 1106 2326 θεοπρεπῆ
1180 2257 1306 2329 ἔργα
1349 2261 1442 2316 τῆς
1513 2255 1780 2327 ἡνωμένης

178 2340 315 2411 αύτῷ
343 2343 606 2403 θεότητος.

241 2434 380 2491 Τινὲς
444 2427 526 2496 δε,
594 2429 1031 2502 ἀναγινώσκοντες
1110 2435 1168 2484 τό
1252 2439 1580 2506 Γεννώριενον,
1647 2435 1775 2486 {nro-

170 2523 438 2584 στίζουσι,
535 2520 763 2592 λέγοντες
840 2523 920 2574 ὅτι
982 2518 1076 2574 διὰ
1155 2525 1212 2574 τὸ
1288 2522 1509 2576 ἐπελθεῖν
1569 2531 1776 2599 Πνεῦμα

165 2611 337 2680 ᾶγιον,
388 2615 480 2662 καὶ
522 2613 832 2662 ἐπισκὶάσαι
882 2607 1104 2684 δύναμιν
1150 2611 1424 2683 Ἱᾪίστου,
1481 2617 1538 2665 τό
1588 2621 1774 2686 γεννώ-

162 2718 310 2769 μενον
371 2702 522 2752 ἔσται
572 2701 737 2771 οἶγιον,
790 2704 908 2759 ἤτοι
962 2703 1093 2754 θεῖον
1143 2719 1155 2733 ο
1207 2699 1318 2754 εἶτα
1369 2706 1435 2755 τὰ
1491 2703 1607 2776 (23)
1658 2703 1773 2767 ἑξῆς

162 2787 432 2849 ἀπολύτως
461 2788 897 2860 ἀναγινώσκουσι.

236 2883 337 2930 Καὶ
385 2875 502 2930 ἰδού
536 2910 600 2919 -
643 2880 810 2953 ῥῆμα.
872 2883 1003 2954 Πρός
1059 2881 1413 2957 πληροφορίαν
1459 2883 1622 2944 αὐτῆς
1674 2904 1770 2936 πα-

153 2963 428 3039 ράδειγμα
457 2969 639 3026 τίθησι
672 2973 766 3027 τὴν
797 2969 1092 3035 Ἐλισάϐετ,
1123 2967 1416 3039 διδάσκων,
1449 2974 1530 3026 ὄτι
1554 2973 1611 3026 Ὀ
1642 2970 1770 3036 δούς

152 3062 357 3130 καρπόν
415 3064 478 3127 τῇ
546 3055 762 3130 ἀκάρπῳ
812 3059 986 3131 κοιλίᾳ
1051 3068 1143 3122 τῆς
1199 3067 1422 3137 στείρας,
1476 3062 1627 3123 αὐτὸς
1679 3067 1768 3115 καὶ

1893 1874 1990 1930 hic
2021 1891 2239 1940 sermo,
2278 1875 2464 1932 Virtus
2503 1877 2606 1931 Dei
2629 1883 2874 1948 proteget
2921 1885 2970 1933 te
2999 1895 3012 1945 ;
3053 1885 3354 1951 potentem
3381 1880 3561 1937 faciet

1893 1967 1950 2020 te
1976 1966 2054 2022 ad
2083 1965 2263 2035 hujus
2301 1967 2382 2021 rei
2420 1967 2848 2038 operationem.

1963 2073 2126 2129 Vers.
2173 2073 2267 2129 35.
2299 2072 2444 2128 Ideo.
2476 2103 2541 2113 —
2580 2073 2708 2130 Dei.
2762 2073 2897 2130 ideo
2928 2089 3172 2148 quoque
3201 2082 3442 2133 sanctus
3472 2076 3559 2133 in-

1890 2159 2048 2228 fans,
2091 2161 2305 2234 inquit,
2332 2161 2435 2235 qui
2467 2178 2538 2218 ex
2573 2166 2628 2218 te
2676 2164 2958 2233 nascitur,
3000 2165 3313 2221 vocabitur
3339 2183 3375 2222 a
3413 2165 3557 2222 fide-

1887 2247 2046 2305 libus
2100 2251 2278 2306 Filius
2309 2252 2428 2317 Dei,
2481 2257 2724 2324 propter
2775 2252 2985 2310 divina
3005 2269 3190 2326 opera
3234 2255 3413 2311 unita
3441 2253 3556 2310 sibi

1889 2337 2230 2398 divinitatis.

1961 2429 2214 2494 Quidam
2229 2435 2432 2486 autem
2443 2430 2545 2487 ubi
2566 2430 2814 2501 legerint
2834 2447 2846 2486 :
2875 2431 3028 2498 Quod
3045 2435 3310 2504 nascitur,
3328 2433 3556 2490 faciunt

1889 2517 1970 2574 ibi
1998 2518 2548 2576 subdistinctiouem
2590 2521 2854 2576 dicentes
2887 2522 3074 2593 quod,
3115 2522 3244 2593 quia
3298 2523 3554 2593 Spiritus

1885 2615 2101 2663 sanctus
2124 2611 2481 2680 superveniet,
2533 2616 2581 2664 et
2616 2608 2821 2665 virtute
2858 2610 3139 2666 Altissimt'
3189 2611 3552 2677 obumbrabit,

1888 2696 2026 2763 ideo,
2083 2699 2221 2768 quod
2293 2699 2562 2763 nascitur,
2622 2700 2729 2754 erit
2781 2707 3027 2756 sanctum
3081 2701 3206 2757 sive
3254 2701 3501 2757 divinum
3539 2717 3552 2755 :

1885 2784 2120 2852 deinde,
2147 2788 2312 2858 quod
2342 2790 2611 2860 sequitur
2641 2788 2910 2845 absolute
2941 2790 3172 2860 legunt.

1957 2875 2117 2932 Vers.
2148 2877 2244 2932 36.
2281 2879 2358 2932 Et
2388 2895 2496 2934 ecce
2527 2909 2592 2920 --
2639 2879 2796 2935 Vers.
2843 2880 2932 2938 37.
2963 2881 3210 2938 verbum.
3250 2883 3320 2938 Ut
3348 2881 3555 2939 certio-

1881 2980 2011 3022 rem
2035 2981 2170 3022 eam
2192 2967 2418 3033 reddat,
2441 2969 2782 3040 exemplum
2809 2969 3106 3026 Elizabeth
3129 2970 3211 3026 illi
3233 2973 3552 3042 proponit;

1881 3055 2126 3126 docens,
2141 3057 2309 3129 quod
2332 3057 2441 3122 Qui
2475 3060 2662 3113 ventri
2689 3059 2898 3114 sterilis
2919 3059 3116 3116 fructu
3140 3062 3365 3116 carenti
3391 3061 3554 3117 dedit

151 3144 202 3196 ἐν
266 3150 348 3197 σοὶ
404 3150 632 3215 ποιήσει,
689 3146 715 3198 ὁ
774 3143 845 3200 δι’
896 3148 1021 3221 ἐμοῦ
1077 3155 1161 3203 σοὶ
1217 3151 1476 3210 λελάληκε.
1544 3159 1650 3204 Πᾶν
1709 3149 1767 3205 δὲ

1900 3144 2158 3210 'ructum,
2194 3147 2321 3218 ipse
2345 3163 2588 3219 quoque
2616 3147 2678 3202 in
2715 3153 2771 3204 te
2800 3147 2998 3215 faciet,
3041 3149 3211 3220 quod
3237 3165 3342 3221 per
3363 3167 3459 3206 me
3485 3153 3552 3208 ti-

144 3235 320 3308 ῥῆρια,
355 3233 470 3286 ἀντὶ
499 3242 613 3302 τοῦ,
663 3242 771 3288 Πᾶν
819 3237 845 3288 ὃ
883 3237 1041 3310 λέγει,
1091 3246 1191 3292 πᾶν
1237 3240 1262 3291 ὃ
1305 3240 1693 3314 ἐπαγγέλλεται,
1736 3245 1765 3303 ἦ

145 3327 281 3390 πᾶν,
322 3321 348 3373 ὁ
376 3322 515 3395 λέγει
544 3343 646 3386 τις.

232 3535 392 3590 Ἀλλὰ
445 3543 553 3598 πῶς
596 3536 658 3594 ἧν
705 3539 733 3596 ἡ
786 3539 1056 3594 Ἐλισάϐετ
1097 3549 1355 3615 συγγενὴς
1395 3554 1484 3606 τῆς
1513 3551 1718 3623 Μαρίας
1753 3567 1765 3617 ;

147 3626 357 3682 Ἐκείνη
418 3628 508 3696 μὲν
565 3629 664 3702 γὰρ
727 3626 782 3680 ἐκ
837 3638 927 3691 τῆς
984 3637 1285 3700 Λευῖτικῆς,
1353 3638 1518 3688 εἷτουν
1576 3638 1770 3709 ἱερατι-

147 3723 254 3775 κῆς
311 3719 571 3786 κατήγετο
629 3715 814 3787 φυλῆς·
878 3719 1006 3779 αύτη
1069 3718 1128 3774 δὲ
1185 3721 1239 3774 ἐκ
1293 3733 1385 3787 τῆς
1443 3723 1762 3795 Ἰουδαϊκῆς,

147 3806 321 3873 ἤγουν
376 3801 688 3875 βασιλικῆς.
765 3811 1009 3882 Διάφοροι
1070 3816 1346 3882 γεγόνασιν
1425 3814 1766 3894 ἐπιγαμϐρεῖ-

146 3911 210 3942 αι
274 3899 379 3943 τῶν
433 3888 530 3944 δύο
593 3897 785 3946 τούτων
843 3896 1029 3969 φυλῶν.
1093 3901 1292 3975 Ἀαρὼν
1345 3907 1442 3978 γὰρ
1499 3888 1764 3982 πρότεροη

143 3984 236 4031 καὶ
292 3976 477 4034 Ἰωδαε
532 3983 769 4056 ὕστερον,
829 3984 1095 4061 ἀρχιερεῖς
1153 3989 1433 4068 ἀμφότεροι
1501 4000 1653 4064 avra“
1713 3999 1768 4052 ἐκ

141 4077 245 4128 τῆς
298 4066 586 4141 βασιλικῆς
643 4072 806 4144 φυλῆς
861 4084 1113 4146 γυναῖκας
1165 4066 1444 4152 ἠγάγοντο,
1501 4092 1586 4137 καὶ
1655 4091 1764 4160 μετ’

143 4158 344 4218 αὐτούς
399 4159 582 4233 ἕτεροι.
643 4167 838 4215 Λοιπὸν
898 4161 984 4217 οὖν
1060 4166 1115 4219 ἐκ
1181 4175 1432 4234 τοιαύτης
1491 4174 1767 4239 ἐπικλοκῆς

139 4244 288 4305 ἦσαν
350 4257 617 4320 συγγενεῖς
685 4249 912 4310 ἀλλήλων
980 4261 1070 4308 καὶ
1128 4255 1302 4312 αὗται.
1364 4263 1507 4316 Ἐπεὶ
1563 4269 1663 4341 γὰρ
1718 4267 1765 4319 ἐν

139 4340 238 4409 μὲν
287 4338 446 4398 Θείοις
505 4341 784 4412 πράγμασι
845 4348 1097 4419 πρωτεύει
1165 4354 1222 4400 τό
1293 4352 1547 4423 ἱερατικὸν
1604 4362 1763 4427 γένος,

140 4425 196 4478 ἐν
242 4422 308 4478 δὲ
366 4424 708 4502 ἀνθρωπίνοις
745 4431 858 4504 (‘21-)
917 4439 973 4488 τό
1028 4434 1326 4509 βασιλικόν,
1386 4442 1590 4506 εἰκότως
1649 4467 1766 4500 συν-

143 4515 473 4582 επλάκησαν,
511 4519 593 4570 ἱνα
643 4527 734 4573 καὶ
783 4524 942 4598 ἱερεύς
983 4525 1262 4598 βασιλικός
1302 4537 1410 4602 εἴη,
1459 4541 1548 4589 καὶ
1592 4539 1618 4590 ό
1668 4535 1766 4611 βα-

145 4605 297 4658 σιλεύ
311 4625 331 4665 ς
361 4606 637 4678 ὶερατικός.

215 4691 348 4748 Εἶπε
398 4726 469 4738 —
522 4717 637 4751 σου.
689 4706 904 4775 Λοιπὸν,
965 4706 1024 4758 ού
1068 4714 1220 4781 μόνον
1265 4709 1588 4785 ἐπίστευσεν,
1636 4718 1764 4774 ἀλλὰ

143 4790 233 4836 καὶ
304 4785 496 4848 ηὔξατο
571 4793 814 4860 γενέσθαι
885 4795 1038 4868 αὐτῇ,
1100 4801 1268 4863 καθὼς
1321 4805 1346 4854 ὁ
1404 4807 1621 4879 ἅγγελος
1695 4814 1761 4863 εἴ·

142 4893 297 4947 ρηκε.

189 4969 324 5068 ’Καὶ
360 4996 429 5007 -
459 4968 696 5042 ἄγγελος.
737 4970 878 5033 Ἤδη
931 4976 1294 5046 συλλαϐούσης
1347 4985 1460 5059 ἅμα
1505 4997 1578 5062 τῷ
1620 4989 1756 5067 λόγῳ

142 5071 331 5109 αυτου.

1880 3235 1937 3290 bi
1978 3234 2212 3291 locutus
2259 3243 2369 3292 est.
2414 3237 2604 3292 Omne
2631 3236 2795 3293 enim
2825 3237 3103 3304 verbum,
3144 3239 3227 3304 id,
3268 3246 3353 3295 est
3381 3242 3550 3312 quid-

1878 3324 2027 3396 quid
2083 3324 2242 3389 dicit,
2276 3326 2574 3398 quidquid
2603 3327 2940 3394 annuntiat,
2990 3327 3082 3383 vel
3113 3328 3412 3400 quidquid
3443 3329 3551 3386 ali-

1879 3413 2014 3486 quis
2042 3413 2206 3470 dicit.

1953 3503 2066 3560 Sed
2121 3504 2418 3576 quomodo
2475 3509 2602 3562 erat
2645 3505 2940 3563 Elizabeth
2997 3512 3255 3578 cognata
3297 3508 3490 3565 Mariae
3520 3508 3549 3564 ‘I

1877 3591 1984 3649 Illa
2011 3593 2260 3664 quidem
2291 3609 2361 3650 ex
2395 3595 2665 3662 Levitica,
2699 3598 2819 3652 sive
2868 3596 3236 3662 sacerdotali,
3269 3597 3422 3652 tribu
3449 3598 3548 3653 de-

1876 3683 2208 3748 scenderat,
2222 3683 2351 3739 haec
2381 3689 2582 3740 autem
2601 3684 2674 3740 .ie
2695 3684 2963 3752 Iudaica,
2997 3686 3119 3741 sive
3138 3686 3328 3756 regia.
3358 3687 3548 3744 Variae

1875 3770 2347 3828 fueruntharum
2361 3775 2618 3829 duarum
2648 3775 2912 3830 tribuum
2935 3777 3324 3846 cognationes
3358 3794 3372 3829 :
3405 3792 3546 3832 cum

1876 3862 2037 3916 enim
2067 3862 2269 3918 Aaron
2322 3862 2608 3935 primum,
2641 3869 2698 3920 et
2739 3864 3130 3936 postmodum
3173 3865 3402 3931 Joiada,
3439 3865 3546 3938 qui

1875 3952 2058 4008 ambo
2085 3951 2311 4006 summi
2337 3953 2676 4008 sacerdotes
2707 3958 2875 4010 erant
2899 3970 3112 4010 uxores
3135 3971 3167 4009 e
3197 3955 3360 4026 regia
3385 3955 3542 4011 tribu

1823 4047 1834 4054 '
1876 4041 2168 4108 duxerint,
2212 4047 2268 4097 et
2312 4049 2448 4113 post
2485 4042 2596 4096 hos
2638 4042 2760 4111 alii,
2803 4048 3192 4099 consecutum
3241 4049 3350 4111 est,
3380 4049 3444 4100 ut
3472 4060 3546 4101 ex

1878 4131 1977 4187 tali
2009 4130 2391 4203 permistione
2421 4132 2513 4186 hae
2543 4131 2676 4186 duae
2725 4139 2923 4188 essent
2953 4133 3101 4189 inter
3133 4149 3195 4188 se
3246 4140 3542 4203 cognatae.

1879 4222 2027 4287 Quia
2056 4220 2215 4276 enim
2231 4220 2294 4275 in
2319 4219 2538 4276 divinis
2554 4220 2734 4276 rebus
2757 4222 2983 4293 primas
3016 4220 3241 4278 ferebat
3266 4222 3544 4278 sacerdo-

1877 4309 1992 4366 tale
2023 4325 2232 4380 genus,
2265 4309 2328 4365 in
2357 4311 2644 4366 humanis
2677 4326 2816 4366 vero
2859 4311 3058 4381 regale
3089 4327 3101 4364 :
3142 4311 3352 4366 merito
3378 4326 3543 4366 com-

1877 4401 2059 4455 mista
2085 4404 2244 4465 sunt,
2281 4407 2342 4456 ut
2371 4399 2721 4457 etsacerdos
2734 4399 2952 4471 regalis
2980 4406 3153 4467 esset,
3181 4404 3238 4458 et
3261 4403 3543 4456 rexesset

1801 4505 1848 4560 ι)
1876 4487 2292 4547 sacerdotalis.

1942 4724 2107 4782 Vers.
2139 4724 2226 4780 38.
2257 4723 2414 4780 Dixit
2435 4755 2504 4764 —
2528 4731 2700 4780 tuum.
2725 4723 2858 4781 Jam
2886 4740 3009 4782 non
3042 4725 3238 4782 solum
3266 4725 3537 4793 credidit,

1874 4815 1980 4871 sed
1993 4815 2173 4872 etiam
2187 4817 2449 4888 optabat.
2471 4821 2532 4871 ut
2555 4815 2667 4871 sibi
2697 4815 3093 4888 contingeret,
3127 4817 3277 4873 sicut
3306 4815 3542 4874 dixerat

1869 4905 2122 5055 “5:11:
2147 4996 2234 5052 38.
2278 4997 2342 5052 Et
2382 5027 2445 5037 --
2471 4995 2714 5066 angelus.
2773 4995 2962 5053 Simul
3004 5012 3074 5052 ac
3099 4995 3230 5068 jam
3271 5010 3380 5068 per
3409 5008 3538 5051 vers

1865 5086 2016 5144 bum
2056 5102 2233 5142 suum
2261 5091 2645 5158 conceperat.

1424 5241 1646 5316 Variae
1671 5247 2003 5319 lectiones
2036 5259 2100 5317 et
2126 5256 2330 5317 notae.

210 5376 330 5454 ('20)
372 5388 473 5437 Καὶ
501 5389 694 5445 τίτοκε.
729 5396 789 5448 Β.

208 5457 320 5538 (2})
365 5456 508 5538 Quae
536 5459 634 5538 hic
652 5460 899 5538 inclusa
924 5471 1080 5535 sunt,
1106 5469 1274 5527 addit
1303 5473 1487 5532 codex
1509 5479 1573 5535 Β.
1607 5496 1751 5538 mox

181 5528 874 5619 ρὲξγροεριιξαιύπερῖυῆ
917 5528 1096 5619 ιτόκρν.
1137 5544 1204 5599 In
1243 5528 1750 5619 conﬂige—alite;

183 5594 321 5667 abet
359 5604 422 5654 Α.
466 5601 637 5658 Caret
672 5594 748 5661 iis'
778 5594 1126 5667 'Hentenius.

212 5666 323 5744 (22)
355 5671 448 5724 Ἐκ
479 5679 579 5726 σοῦ
609 5690 749 5748 ergo
785 5683 873 5737 est
909 5666 1336 5758 interpretatio.
1365 5691 1510 5749 Nam
1543 5709 1655 5752 nec
1684 5695 1748 5754 in

1859 5414 2022 5468 textu
2049 5411 2268 5468 horum
2311 5415 2648 5482 comparet.
2685 5411 2777 5468 Bis
2815 5411 3045 5469 omisso
3084 5411 3140 5465 ἐκ
3172 5415 3288 5480 σοῦ,
3323 5409 3535 5470 laudat

1861 5483 2116 5556 Cyr-illus
2145 5488 2296 5556 tom.
2328 5482 2416 5556 1y,
2454 5499 2522 5555 p.
2561 5483 2684 5538 125.

1956 5557 2049 5624 23)
2075 5554 2146 5608 Τό
2177 5553 2312 5616 ἑξῆς.
2351 5554 2416 5611 Β.

1956 5557 2049 5624 23)
2075 5554 2146 5608 Τὸ
2177 5554 2312 5616 ἑξῆς.
2351 5554 2416 5611 Β.
2459 5554 2469 5555 ί

1931 5554 2045 5700 ἓ24)
2079 5625 2416 5701 Ἀνθρὼποις
2447 5626 2514 5684 Β.
