4074 6398
414 336 515 396 871
1750 334 2097 393 EUTllYMll
2138 332 2472 394 ZIGABENI
3694 332 3806 394 872

489 466 658 523 Vers.
697 466 788 523 39.
819 467 1146 538 Exsurgens
1176 498 1241 506 —
1281 465 1443 521 Juda.
1489 466 1768 520 Montana
1824 467 1949 520 erat
1990 466 2055 519 Ju

2266 466 2572 520 Ἀναστᾶσα
2619 496 2685 504 -
2736 461 2932 521 Ἰούδα.
2987 465 3046 517 Ἠ
3109 462 3301 535 ὁρέινὴ,
3360 462 3509 524 πόλις
3580 458 3640 520 ἧν
3705 471 3805 523 τῆς

417 554 563 610 deem
587 555 814 621 civitas,
848 557 907 611 in
938 572 1059 628 qua
1090 555 1400 611 habitabat
1446 553 1757 610 Elizabeth.
1794 553 1951 608 Abiit
1980 569 2055 608 au

2191 552 2473 621 Ἰουδαίας,
2510 553 2556 606 ἐν
2601 555 2662 627 τῇ
2698 558 2819 625 ᾤκει
2866 555 2896 612 ἡ
2932 551 3223 605 Ἐλισάϐετ.
3278 551 3509 609 Ἀπῆλθε
3560 548 3619 603 δὲ
3672 549 3797 612 ἐκεῖ,

416 653 537 706 tem
568 644 707 701 illuc
750 644 955 700 divino
998 660 1309 716 praegnans
1354 644 1595 716 Spiritu,
1648 648 1710 697 ut
1749 642 1973 698 infante
2021 642 2055 697 i1

2194 647 2310 715 θείῳ
2383 647 2643 715 musam
2905 644 3197 707 κινηθεῖσα,
3273 642 3354 692 ἵνα
3422 645 3805 713 σκιρτήσαντος

418 738 587 792 utero
658 733 954 790 Elizabeth
1019 733 1364 804 exsultante,
1420 738 1476 789 et
1522 732 1618 788 illa
1662 731 2055 805 prophetante

2189 738 2278 806 μὲν
2336 740 2427 785 τοῦ
2483 732 2705 805 βρέφους
2758 730 2806 783 ἐν
2856 741 2918 805 τῇ
2974 732 3146 804 κοιλία
3197 740 3293 791 τῆς
3339 729 3628 795 Ἐλισάϐετ,
3662 750 3803 804 προ-

416 823 707 894 majorem
736 822 1028 895 acciperet
1056 822 1499 879 celsitudinem.

2190 824 2526 894 φητευσάσης
2601 818 2659 874 δὲ
2732 826 2821 873 καὶ
2893 821 3076 887 αὐτῆς,
3138 817 3357 883 δέξηται
3416 818 3625 872 πλείονα
3680 819 3802 890 (26)

2186 912 2560 985 πληροφορίαν.

489 1003 649 1057 Vers.
701 1003 789 1057 40.
838 1002 915 1057 Et
960 1002 1191 1057 intravit
1228 1032 1297 1043 —
1322 1000 1641 1057 Elizabeth.
1673 998 2055 1072 compellavit

2258 1023 2359 1070 Kal
2417 1017 2648 1077 εἰσῆλθεν
2721 1047 2791 1057 --
2868 1015 3136 1070 Ελισάϐετ.
3219 1018 3671 1089 Προσηγόρευσεν,
3726 1016 3804 1076 ὡς

417 1095 482 1147 ut
513 1090 697 1147 moris
727 1098 872 1147 erat.

2186 1108 2317 1167 ἔθος.

485 1181 649 1236 Vers.
678 1180 772 1237 41.
807 1181 881 1236 Et
901 1181 1107 1252 factum
1143 1212 1211 1221 -—
1240 1181 1372 1252 ejus.
1430 1179 1688 1237 Christus
1726 1177 1967 1250 quidem
1997 1177 2054 1233 lo

2259 1216 2358 1265 Kal
2412 1211 2604 1283 ἐγένετο
2660 1244 2725 1251 —
2782 1211 2961 1272 αὐτῆς.
3020 1211 3078 1263 Ὀ
3126 1213 3215 1283 μὲν
3262 1214 3494 1285 Χριστός
3552 1208 3799 1281 ἐφθέγξα-

413 1273 586 1326 cutus
640 1275 729 1326 est
785 1285 890 1341 per
954 1287 1020 1327 os
1070 1287 1193 1326 suae
1249 1270 1439 1327 Matris
1487 1285 1500 1324 :
1555 1269 1809 1324 Joannes
1876 1274 2055 1323 auten

2183 1318 2238 1351 το
2279 1296 2371 1351 διὰ
2416 1308 2506 1351 τοῦ
2548 1305 2807 1372 στόματος
2836 1309 2926 1361 τῆς
2959 1297 3101 1362 ἰδίας
3143 1305 3360 1372 μητρός·
3405 1301 3429 1351 ὁ
3462 1296 3521 1351 δὲ
3555 1299 3799 1362 Ἰωάννης

412 1360 644 1416 audivit
673 1376 778 1432 per
794 1376 968 1418 aures
997 1377 1119 1416 sum
1144 1361 1345 1416 matris
1376 1377 1388 1415 :
1416 1360 1688 1431 etagnito
1718 1362 2055 1430 supernatu-

2184 1392 2377 1446 ἤκουσε
2431 1386 2523 1441 διὰ
2566 1398 2664 1441 τῶν
2716 1394 2856 1442 ὤτων
2890 1398 2981 1450 τῆς
3034 1390 3223 1451 οἰκείας
3272 1392 3492 1463 μητρὸς,
3543 1394 3631 1441 καὶ
3683 1387 3797 1441 ἐπι-

411 1450 610 1506 raliter
636 1450 890 1506 Domino
922 1467 1053 1521 suo,
1071 1450 1465 1507 exsultatione
1492 1450 1656 1505 illum
1680 1447 2026 1521 praedicavit

2181 1482 2331 1546 γνούς
2385 1480 2656 1554 ὑπερφυῶς
2712 1482 2798 1530 τὸν
2881 1479 3066 1531 ἑαυτοῦ
3134 1482 3420 1548 Δεσπότην,
3490 1476 3799 1550 ἀνεκήρυξεν

412 1538 612 1594 infans
643 1540 822 1606 enim,
863 1539 1053 1613 quiin
1084 1545 1249 1595 utero
1276 1539 1576 1595 ferebatur
1632 1537 1906 1607 Virginis,
1941 1552 2055 1608 pro

2189 1533 2202 1546 .
2318 1533 2331 1539 τ
2481 1533 2488 1554 ,
2523 1533 2532 1551 .
2643 1533 2655 1540 -
3356 1533 3363 1536 -
3406 1533 3420 1548 ι
3627 1533 3653 1550 -.
3723 1533 3738 1540 -

2183 1568 2337 1619 αύτόν
2404 1578 2475 1638 τῷ
2533 1573 2868 1641 σκιρτήματι.
2942 1570 3011 1623 Τὸ
3067 1571 3168 1641 γὰρ
3239 1567 3287 1620 ἐν
3358 1576 3419 1640 τῇ
3480 1567 3651 1640 κοιλίᾳ
3701 1576 3801 1631 τῆς

412 1627 651 1700 phetica
680 1629 875 1684 statim
902 1629 1093 1698 gratia
1114 1628 1359 1685 donavit
1379 1626 1806 1699 infantem,qui
1831 1626 1889 1681 in
1913 1630 2055 1683 uterc

2182 1660 2444 1731 Παρθένου
2501 1656 2689 1729 βρέφος
2749 1658 2933 1710 αύτίκα
2995 1662 3317 1732 προφητικὴν
3384 1659 3547 1730 χάριν
3594 1654 3801 1730 ἐδωρή-

412 1717 759 1786 gestabatur
789 1718 1017 1773 sterilis.

2184 1766 2312 1798 σατο
2343 1754 2414 1816 τῷ
2442 1744 2489 1797 ἐν
2521 1755 2581 1818 τῇ
2612 1745 2783 1818 κοιλίᾳ
2810 1754 2901 1808 τῆς
2932 1751 3137 1821 στείρας
3170 1745 3369 1822 βρέφει.

482 1805 650 1862 Vers.
678 1806 771 1861 41.
804 1808 881 1861 Et
911 1806 1131 1877 impleta
1168 1837 1235 1845 —-
1270 1806 1423 1861 Vers.
1456 1807 1545 1861 42.
1586 1805 1793 1860 ventris
1844 1804 1949 1859 tui.
1982 1804 2055 1860 Al

2386 1804 2393 1816 .
2558 1804 2575 1818 ,γ
2761 1804 2770 1818 .
2888 1804 2899 1808 -
3043 1804 3052 1821 .
3124 1804 3219 1822 τ..
3277 1804 3287 1818 .

2256 1841 2350 1888 Kal
2414 1834 2647 1893 ἐπλήσθη
2700 1867 2768 1875 —
2825 1835 3023 1897 κοιλίας
3080 1856 3195 1888 σου.
3253 1838 3403 1910 Παρά
3467 1838 3556 1908 μὲν
3602 1843 3692 1888 τοῦ
3744 1834 3797 1887 ἓν

407 1895 627 1952 infante
683 1895 786 1968 qui
849 1901 973 1952 erat
1055 1895 1117 1951 in
1164 1895 1366 1961 sterili,
1444 1894 1804 1967 preedicatur
1876 1892 2055 1949 infans

2179 1933 2241 1998 τῇ
2303 1929 2483 1998 στείρα
2532 1922 2759 1997 βρέφους
2814 1923 3225 2000 ἆνακηρύττεται
3274 1928 3331 1977 1'6
3386 1924 3433 1976 ἐν
3485 1933 3548 1997 τῇ
3593 1927 3794 1997 Παρθέ-

407 1985 512 2057 qui
542 1984 757 2039 eratin
803 1985 1078 2055 Virgine:
1114 2002 1161 2042 a‘
1222 1984 1401 2040 sterili
1440 2000 1580 2040 vero
1613 1984 1808 2054 Virgo.
1838 1982 2055 2039 Christc

2179 2034 2248 2083 νῳ
2333 2012 2541 2087 βρέφος⁸
2621 2016 2767 2087 παρὰ
2836 2010 2893 2066 δὲ
2964 1982 3061 2075 τῆς
3126 2020 3334 2087 στείρας
3404 2015 3434 2073 ἡ
3509 2016 3793 2087 Παρθένος.

406 2073 697 2144 siquidem
722 2074 978 2130 revelato
1008 2075 1080 2140 ei,
1113 2076 1214 2147 qui
1238 2075 1297 2129 in
1333 2080 1498 2130 utero
1532 2073 1829 2128 Elizabeth
1858 2070 2055 2144 imple-

2219 2070 2227 2083 ί
2333 2066 2342 2087 Ι
2373 2069 2381 2088 Δ
2439 2066 2448 2085 Α
2507 2066 2520 2075 ⁸
2698 2066 2706 2088 Ι
3012 2066 3021 2073 ”
3047 2066 3060 2075 ”
3238 2068 3246 2088 l
3320 2066 3333 2076 ⁸
3420 2066 3430 2073 ’
3592 2066 3600 2087 Α
3636 2066 3641 2067 ⁷
3756 2066 3789 2077 '7

2182 2107 2282 2155 Kal
2346 2104 2457 2175 ('27)
2528 2105 2652 2175 γὰρ,
2726 2110 2815 2155 τού
2887 2102 3302 2175 ἐγκεκρυμμένου
3364 2112 3426 2175 τῇ
3486 2100 3646 2162 νηδύι
3700 2112 3796 2165 τῆς

406 2166 505 2219 tus
531 2169 657 2219 erat
683 2163 899 2235 Spiritu
942 2169 1173 2229 sancto,
1210 2164 1491 2236 impletur
1528 2169 1585 2217 et
1628 2163 1799 2234 ipsa:
1835 2166 1891 2216 et
1931 2176 2055 2233 qua

2190 2154 2193 2155 '
2350 2154 2454 2175 \”I
2536 2154 2652 2175 ll,
2768 2154 2771 2155 '
2894 2154 3261 2177 ’l'lll”
3376 2154 3422 2177 η’

2183 2191 2449 2243 Ἐλισαϐετ
2508 2192 2827 2254 πλησθέντος
2903 2195 3198 2265 Πνεύματος
3264 2192 3437 2263 ἁγίου,
3493 2192 3796 2266 πίμπλαται

404 2252 761 2325 pr0phetam
786 2253 846 2307 in
868 2258 1034 2308 utero
1064 2253 1338 2325 gestabat
1364 2253 1543 2308 etiam
1594 2249 1964 2315 vaticinatur,
1999 2265 2055 2304 ac

2814 2249 2825 2254 -
3037 2249 3046 2265 ,
3184 2249 3194 2253 -
3305 2249 3317 2263 ,
3426 2249 3435 2257 ,
3559 2249 3567 2266 ,

2178 2287 2267 2333 καὶ
2318 2280 2469 2347 αύτὴ,
2522 2286 2610 2333 καὶ
2658 2281 2875 2353 εὐφημεῖ
2923 2286 3011 2333 καὶ
3071 2286 3163 2339 τὴν
3217 2284 3491 2356 Παρθένον,
3552 2286 3642 2334 καὶ
3701 2286 3793 2335 τόν

404 2340 698 2398 benedicit
728 2350 783 2398 et
806 2342 1108 2412 Virginem
1140 2348 1196 2397 et
1222 2343 1481 2397 fructum
1525 2341 1749 2396 ventris
1791 2338 2055 2409 Virginis.

2434 2335 2469 2347 -,
2723 2335 2732 2353 ,
2772 2335 2798 2353 .,
3121 2335 3129 2339 -

2180 2374 2377 2443 καρπόν
2404 2378 2493 2431 τῆς
2523 2370 2722 2433 κοιλίας
2748 2379 2843 2432 τῆς
2874 2373 3157 2446 Παρθένου.

2253 2483 2351 2531 Καὶ
2386 2480 2537 2530 πόθεν
2572 2509 2636 2517 —
2687 2483 2813 2553 πρός
2867 2495 2979 2551 με;
3030 2480 3189 2530 Πόθεν
3238 2498 3329 2551 μοι
3375 2485 3524 2530 τοῦτο
3567 2481 3624 2529 τὸ
3682 2499 3789 2530 πα-

2175 2564 2397 2642 ράδοξον
2446 2584 2458 2633 ;
2500 2566 2700 2642 Ὠσπερ
2748 2564 2805 2619 δὲ
2846 2568 3062 2642 ὕστερον
3116 2569 3141 2618 ὁ
3194 2570 3302 2629 υἱός
3353 2576 3447 2630 τῆς
3494 2566 3787 2637 Ἐλισάϐετ,

2176 2658 2405 2718 ἐλθόντος
2482 2666 2571 2709 τοῦ
2628 2665 2864 2731 Χριστοῦ
2922 2662 3047 2732 πρὸς
3109 2657 3288 2722 αὐτόν,
3344 2656 3547 2719 ἀνάξιον
3604 2657 3789 2709 ἑαυτὸν

2175 2757 2270 2809 τῆς
2317 2750 2560 2807 τοιαύτης
2608 2743 2891 2819 ἐπιδημίας
2956 2754 3048 2798 τοῦ
3099 2751 3358 2799 Δεσπότου
3408 2747 3588 2818 ἔλεγεν.
3650 2746 3790 2798 οὕτω

473 2519 644 2577 Vers.
684 2524 778 2577 43.
804 2521 882 2576 Ει
914 2521 1073 2576 unde
1099 2550 1165 2561 —-
1194 2521 1276 2577 ad
1294 2536 1385 2577 me
1408 2521 1436 2574 ?
1467 2520 1632 2576 Unde
1651 2518 1791 2574 mihi
1824 2533 1919 2573 res
1936 2517 2067 2574 haec

402 2609 713 2682 in0pinata
732 2610 759 2665 ?
783 2610 944 2667 Sicut
971 2611 1129 2665 enim
1156 2610 1540 2682 postmodum
1561 2607 1716 2663 ﬁlius
1740 2607 2062 2673 Elizabeth,

402 2699 671 2755 veniente
698 2700 774 2756 ad
798 2700 996 2771 ipsum
1017 2700 1593 2769 Christo,indignum
1619 2714 1679 2753 se
1706 2698 1809 2755 tali
1834 2697 2063 2755 Domini

404 2803 652 2844 accessu
683 2788 940 2854 dicebat,
974 2788 1059 2844 ita
1088 2804 1332 2861 quoque
1365 2804 1517 2844 nunc
1548 2793 1737 2843 mater
1759 2788 1953 2858 ipsius
1979 2787 2066 2842 in-

401 2875 649 2948 dignam
676 2893 810 2934 sese
835 2878 1049 2934 fatetur
1074 2878 1207 2933 talis
1236 2878 1500 2933 dominae
1527 2892 1796 2933 accessu.
1822 2878 2062 2933 Matrem

398 2971 601 3021 autem
641 2967 817 3023 etiam
833 2973 967 3022 ante
992 2973 1230 3039 partum
1249 2983 1386 3022 eam
1406 2966 1759 3033 nominavit,
1786 2970 1841 3021 et
1864 2964 2064 3021 Domi-

398 3068 545 3109 num
585 3070 745 3123 eum,
795 3057 898 3127 qui
927 3072 995 3111 ex
1024 3056 1124 3111 illa
1167 3058 1504 3112 nasciturus
1551 3060 1720 3112 erat:
1772 3058 2061 3113 attestans

398 3144 594 3213 angeli
616 3145 832 3211 verbis,
865 3145 1048 3217 idque
1086 3144 1375 3211 efﬁciens,
1412 3150 1473 3201 ut
1501 3144 1881 3201 sermonibus
1930 3145 2060 3215 ejus
2100 3173 2141 3230 ρ

394 3231 627 3290 ﬁrmius
657 3235 832 3306 Virgo
852 3235 1135 3291 crederet.

2174 2842 2262 2890 καὶ
2310 2845 2396 2889 νῦν
2442 2839 2470 2895 ἡ
2531 2842 2706 2911 μήτηρ
2760 2836 2917 2888 αὐτοῦ
2967 2835 3178 2898 ἀναξίαν
3229 2837 3413 2895 ἑαυτὴν
3462 2845 3555 2898 τῆς
3612 2840 3793 2888 τοιαύ-

2173 2947 2267 2986 της
2324 2922 2609 2999 ἐπιδημίας
2662 2933 2751 2985 τῆς
2806 2922 3088 2988 δεσποίνης
3138 2926 3393 2998 ὁμολογεῖ.
3456 2931 3668 2999 Μητέρα
3724 2922 3788 2978 δὲ

2172 3018 2365 3073 ταύτην
2393 3015 2629 3087 ὠνόμασε
2668 3021 2756 3068 καὶ
2808 3018 2908 3090 πρό
2965 3024 3055 3067 τού
3107 3020 3284 3083 τόκου,
3314 3020 3402 3067 καὶ
3454 3018 3642 3090 Κύριον
3697 3018 3785 3067 τόν

2172 3104 2225 3167 ἐξ
2255 3104 2413 3164 αὐτῆς
2450 3106 2759 3175 γεννηθῆναι
2813 3103 3080 3175 μέλλοντα,
3135 3112 3480 3179 μαρτυροῦσα
3528 3112 3636 3165 τοῖς
3686 3112 3785 3157 τοῦ

2172 3192 2392 3266 ἀγγέλου
2444 3193 2639 3266 λόγοις,
2699 3198 2787 3246 καὶ
2850 3191 3186 3269 βεϐαιοτέραν
3245 3194 3374 3266 αύτῇ
3446 3198 3624 3246 πίστιν
3681 3213 3784 3245 πα-

2168 3286 2430 3356 ρέχουσα.

467 3414 625 3470 Vers.
655 3417 741 3470 45.
763 3415 915 3471 Ecce
940 3414 1093 3471 enim
1126 3444 1192 3455 --
1240 3428 1382 3469 meo.
1414 3413 1540 3468 Prae
1571 3412 1816 3482 gaudio,
1849 3415 2055 3485 utpote

2236 3388 2381 3443 Ἰδού
2429 3393 2529 3464 γὰρ
2580 3422 2648 3431 --
2702 3410 2824 3463 μου.
2884 3390 2962 3444 Ἐν
3022 3389 3349 3462 ἀγαλλιάσει,
3397 3392 3467 3453 ὡς
3525 3392 3779 3464 αἰσθόμε-

390 3506 649 3561 sentiens
673 3505 802 3577 jam
830 3504 1147 3561 hominum
1175 3503 1449 3573 salutem,
1481 3518 1551 3559 ac
1567 3502 1643 3558 de
1668 3518 1737 3558 ea
1758 3503 2051 3573 gaudens.

2175 3501 2248 3533 ιον
2307 3477 2413 3539 ἤδη
2473 3488 2563 3540 τῆς
2614 3485 2873 3553 σωτηρίας
2940 3488 3037 3532 τῶν
3106 3478 3410 3553 ἀνθρώπων,
3470 3485 3559 3532 καὶ
3611 3479 3782 3552 ἀγαλ-

2162 3570 2405 3642 λιώμενον
2437 3568 2515 3621 ἐπ’
2544 3569 2675 3641 αὐτῇ
2690 3610 2700 3621 .

2238 3683 2337 3730 Καὶ
2377 3682 2612 3752 μακαρία
2653 3708 2719 3717 -
2776 3681 2989 3752 Κυρίου.
3043 3678 3339 3750 Μακαρίζει
3390 3682 3485 3736 τὴν
3539 3682 3771 3751 Μαρίαν,

2162 3770 2226 3828 ὡς
2282 3769 2643 3819 πιστεύσασαν
2699 3773 2803 3826 τοῖς
2875 3765 3231 3838 λελαλημένοις
3280 3767 3406 3839 αὐτῇ
3466 3770 3610 3839 παρὰ
3664 3767 3776 3820 Κυ-

2160 3861 2276 3931 ρίου
2328 3852 2421 3908 δια
2478 3863 2571 3908 τοῦ
2643 3854 2883 3927 ἀγγέλου.
2947 3860 3183 3929 Προέγνω
3254 3859 3354 3930 γὰρ
3409 3858 3438 3913 ἡ
3492 3855 3775 3911 Ἐλισάϐετ

2159 3950 2248 3998 καὶ
2307 3947 2372 3997 τὰ
2436 3944 2769 4016 λελαλημένα,
2830 3949 2919 3996 καὶ
2990 3946 3070 3997 ὅτι
3126 3950 3464 3997 πεπίστευκεν
3514 3945 3683 4005 αὐτοῖς
3740 3948 3771 4004 ἡ

2160 4038 2439 4109 Παρθένος.
2502 4043 2703 4108 Στεὶραι
2761 4037 2851 4106 μὲν
2906 4030 2992 4085 οὖν
3049 4039 3137 4086 καὶ
3209 4034 3359 4087 οὖλαι
3407 4040 3769 4106 γεγεννήκασι*

2161 4123 2346 4198 βρέφος
2398 4121 2457 4177 δὲ
2501 4120 2750 4176 οὐδέποτε
2799 4132 3123 4196 προφητικού
3162 4128 3501 4198 χαρίσματος
3544 4124 3770 4190 ηξιώθη,

2158 4217 2232 4266 ἔτι
2288 4213 2334 4264 ἐν
2402 4212 2573 4285 κοιλία
2625 4216 2821 4286 μητρός
2882 4212 3039 4264 αύτοῡ
3084 4213 3198 4285 ('28)
3265 4219 3555 4286 φερόμενον.
3613 4220 3776 4284 Γεγό-

2156 4324 2305 4356 νασιν
2363 4303 2450 4355 οὖν
2510 4306 2575 4355 τὰ
2625 4304 2760 4353 κατὰ
2809 4306 2903 4360 τὴν
2967 4309 3173 4377 στεῖραν
3225 4306 3419 4360 ταύτην
3467 4298 3770 4376 παράδοξα,

2158 4395 2241 4446 ἱνα
2297 4394 2623 4445 πιστευθώσι
2673 4396 2762 4443 καὶ
2817 4393 2881 4443 τὰ
2928 4394 3063 4444 κατὰ
3117 4396 3209 4450 τὴν
3271 4394 3518 4467 παρθένον
3570 4394 3770 4450 ταύτην

460 3704 620 3759 Vers.
648 3701 738 3757 45.
762 3702 838 3757 Et
875 3701 1047 3758 beata
1075 3732 1145 3740 —
1184 3699 1429 3757 Domino
1472 3701 1714 3757 Beatam
1766 3699 2054 3772 praedicat

388 3788 661 3858 Mariam,
689 3807 823 3863 quae
851 3790 943 3846 his
965 3790 1146 3846 ﬁdem
1172 3789 1448 3845 habuerit
1465 3806 1596 3862 quae
1610 3789 1721 3845 sibi
1745 3806 1780 3845 a
1800 3789 2052 3845 Domino

386 3895 495 3953 per
514 3881 797 3951 angelum
828 3880 990 3936 dicta
1016 3889 1173 3935 sunt.
1204 3879 1618 3949 Praecognovit
1668 3879 1827 3935 enim
1860 3879 2048 3935 Etiza-

384 3969 529 4027 beth
560 3973 737 4026 etiam
768 3987 858 4039 ea,
895 3986 1030 4043 qua:
1065 3971 1222 4026 dicta
1270 3975 1453 4035 erant,
1489 3970 1711 4041 etquod
1731 3969 1907 4041 Virgo
1930 3986 2047 4026 cre-

385 4059 634 4116 diderat.
664 4060 867 4133 Itaque
895 4060 1028 4116 aliae
1069 4076 1309 4133 quoque
1337 4060 1562 4115 steriles
1608 4064 1956 4130 genuerant,
1991 4066 2051 4115 at

383 4164 691 4223 nunquam
723 4167 929 4207 earum
965 4150 1161 4206 infans
1216 4150 1557 4223 prophetica
1596 4151 1789 4220 gratia
1827 4150 2048 4221 dignus

379 4238 620 4296 habitus
650 4239 858 4306 fuerat,
894 4257 1027 4295 cum
1055 4240 1255 4296 adhuc
1279 4241 1340 4295 in
1359 4245 1525 4296 utero
1552 4241 1756 4296 matris
1789 4244 2048 4309 gestare-

382 4333 496 4385 tur.
524 4332 698 4386 Facta
724 4335 865 4386 sunt
888 4345 1030 4400 ergo
1045 4329 1205 4386 circa
1217 4329 1373 4385 hanc
1389 4329 1644 4385 sterilem
1666 4329 2044 4397 admiranda,

381 4424 447 4475 ut
485 4420 667 4475 etiam
710 4420 1110 4486 crederentur,
1157 4435 1292 4492 quas
1320 4419 1477 4476 circa
1524 4420 1681 4476 hanc
1728 4420 1884 4476 facta
1905 4424 2045 4476 sunt

382 4508 683 4579 Virginem
714 4508 973 4564 maxime
1000 4510 1496 4581 supernaturalia.
1712 4526 1719 4534 -
2078 4544 2123 4598 Β
2157 4508 2408 4598 υπερῖῗυεξ

450 4598 619 4653 Vers.
656 4601 723 4653 46
749 4580 1347 4656 Etait—Deminum.
1382 4599 1757 4669 Magni/teat,
1781 4600 1894 4656 hoc
1931 4603 2038 4667 est,

2230 4587 2329 4634 Kal
2360 4580 2468 4634 εἷπε
2510 4612 2578 4621 -
2626 4583 2833 4655 Κύριον.
2867 4580 3151 4652 Μεγαλύνει
3194 4583 3223 4640 ἡ
3277 4581 3431 4655 ψυχή
3479 4601 3602 4654 μου,
3651 4600 3773 4635 του-

376 4685 700 4754 Benedicit,
747 4686 1057 4757 gloriﬁcat.
1092 4687 1190 4742 Est
1213 4693 1412 4744 autem
1447 4667 1543 4744 hic
1571 4667 1771 4746 sermo
1797 4689 2039 4746 creden-

2175 4676 2350 4738 ’ἐστ-ιν,
2413 4671 2669 4743 Εὐφημεί,
2718 4667 2949 4733 δοξάζει.
3010 4674 3369 4734 Πιστευούσης
3421 4669 3480 4724 δὲ
3536 4673 3562 4724 ό
3617 4671 3774 4742 λόγος

2157 4485 2577 4557 ὑπερφυέστατα.

378 4774 454 4831 tis
483 4791 553 4831 ac
576 4776 797 4846 gratias
829 4776 1088 4845 agentis.

2175 4758 2322 4827 ιῦτος,
2358 4760 2771 4835 εύχαριστήριος
2796 4763 2882 4815 ὧν.

449 4863 613 4920 Vers.
636 4865 725 4919 47.
748 4864 823 4919 Et
855 4865 1175 4921 exsultavit
1200 4896 1269 4906 —
1314 4867 1635 4923 Saluatore
1680 4882 1826 4924 meo.
1862 4868 2040 4940 Spiri-

2230 4873 2328 4921 Kal
2394 4867 2680 4940 ἠγαλλίασε
2747 4899 2818 4909 —-
2900 4873 3102 4942 Σωτῆρί
3178 4888 3299 4941 μου,
3384 4876 3592 4942 Πνεῦμα
3667 4874 3765 4928 τὴν

376 4961 504 5013 tum
530 4973 737 5013 rursus
788 4956 1058 5014 animam
1098 4956 1373 5029 intellige.
1426 4958 1637 5015 Gavisa
1672 4966 1779 5026 est,
1825 4960 2037 5031 inquit,

2175 4959 2352 5031 Duz'ﬁv,
2408 4958 2560 5010 πάλιν
2610 4962 2817 5015 νόησον.
2880 4958 3110 5031 Ἐχάρη,
3156 4964 3333 5030 φησὶν.
3449 4957 3602 5030 ψυχή
3662 4979 3768 5031 μου

375 5048 579 5103 anima
596 5048 810 5104 meain
838 5047 978 5114 Deo,
1007 5047 1109 5122 qui
1142 5064 1236 5103 me
1268 5049 1496 5104 salvam
1530 5049 1660 5105 fecit
1690 5048 1851 5121 :jam
1876 5049 2039 5105 enim

2178 5055 2237 5102 πὶ
2291 5057 2363 5119 τῷ
2426 5056 2539 5118 Θεῲ
2591 5055 2663 5118 τῷ
2726 5053 2955 5100 σώσαντί
3016 5067 3097 5121 με.
3152 5053 3428 5121 Σέσωσμαι
3480 5052 3577 5122 γαρ
3628 5046 3763 5117 ἤδη,

373 5136 540 5192 salva
553 5135 1017 5210 factasum,qua=.
1032 5138 1206 5209 digna
1230 5137 1437 5193 habita
1454 5154 1588 5193 sum
1618 5145 1677 5193 ut
1699 5142 1900 5195 ﬁerem
1925 5141 2041 5194 Ma-

2175 5139 2437 5201 ιξιωθεῖσα
2481 5140 2722 5208 γενέσθαι
2762 5142 2949 5213 Μήτηρ
2993 5145 3145 5191 Θεοῦ.
3192 5135 3321 5192 Εἶτα
3365 5138 3500 5210 λέγει
3538 5142 3628 5189 καὶ
3666 5144 3766 5197 τὴν

374 5230 459 5283 ter
472 5227 589 5283 Dei.
614 5226 835 5283 Deinde
850 5228 1032 5285 etiam
1050 5243 1299 5285 causam
1319 5225 1481 5299 dicit,
1507 5244 1614 5284 cur
1634 5228 1858 5300 gratias
1875 5234 2032 5300 agat.

2175 5229 2324 5282 ιίτίαν
2350 5235 2445 5289 τῆς
2475 5226 2841 5302 εὐχαριστίας.

1606 5391 1825 5461 Variae
1854 5394 2183 5463 lectiones
2216 5401 2283 5460 et
2313 5400 2514 5460 notae.

444 5560 556 5634 (25)
585 5564 664 5617 Ac
693 5560 743 5617 si
770 5563 1028 5621 κυηθεῖσα
1070 5561 1276 5633 legerit
1306 5561 1649 5639 Hentenius.
1682 5563 1849 5620 Male.
2217 5563 2330 5709 (27;
2359 5562 2424 5618 In
2455 5562 2572 5618 alia
2599 5560 2810 5644 omnia
2845 5560 3095 5621 discedit
3131 5562 3448 5640 interpres.

444 5633 554 5709 (26)
612 5639 938 5709 Itpqqnopiav,
973 5634 1103 5709 sine
1155 5636 1427 5692 sensuA.
1495 5634 1812 5693 Hentenius
1867 5635 2033 5694 haud
2215 5636 2307 5709 (28
2355 5634 2526 5688 Αύτοῡ
2556 5634 2881 5695 omittitB.

466 5633 554 5709 26)
612 5639 938 5709 Itpqqnopiav,
973 5634 1103 5709 sine
1155 5636 1427 5692 sensuA.
1495 5634 1812 5693 Hehtenius
1867 5635 2033 5694 haud

2215 5633 2329 5709 (28)
2355 5634 2526 5688 Αύτοῡ
2556 5633 2774 5692 omittit
2798 5634 2881 5695 B.’

369 5703 547 5767 dubie
563 5703 768 5773 voluit,
788 5703 1219 5765 'certitudinem.
