4074 6374
184 324 276 379 873
1185 324 1551 380 COMMENT.
1596 320 1663 377 lN
1704 317 1769 371 Ll

1926 315 1970 369 'I.
2009 346 2079 355 -
2118 316 2275 371 CAP.
2320 318 2360 372 Ι.
3428 319 3533 375 874

244 446 353 499 Ὀτι
394 477 451 486 -—
494 445 673 500 αὐτοῦ.
732 445 854 499 Ἐπὶ
894 451 987 505 τὴν
1036 447 1304 505 εὐτελειαν.
1363 456 1608 503 Ταπεινοῖ
1659 447 1761 519 γὰρ

1946 442 2109 495 Vers.
2144 442 2231 497 48.
2288 442 2430 507 Quia
2464 474 2528 482 —
2564 458 2700 499 sua.
2733 442 2823 498 Ad
2854 441 3203 499 utilitatem:
3264 444 3532 516 seipsam

183 538 370 603 ἑαυτὴν,
428 537 492 597 ὡς
543 533 756 598 ἀναξίαν
817 535 1123 594 τηλικούτου
1171 542 1475 613 πράγματος
1526 553 1539 569 ⁸
1592 540 1621 597 η
1673 541 1763 588 καὶ

1926 530 2033 585 lim
2059 530 2277 601 dejicit,
2310 532 2482 603 quasi
2533 537 2698 589 tanta
2728 549 2791 587 re
2829 531 3143 605 indignam
3189 549 3200 587 :
3237 530 3328 588 Vel
3353 534 3534 590 etiam

182 623 264 678 δια
290 629 378 683 τὴν
408 628 717 677 ταπείνωσιν
755 634 851 687 τῆς
900 624 1225 700 ἀνθρωπίνης
1278 632 1473 700 φύσεως
1509 630 1577 689 ὡς
1633 630 1762 699 πρὸς

1926 623 2115 691 ropter
2130 620 2528 693 abjectionem
2544 623 2824 679 humanae
2837 627 3065 679 naturae
3079 627 3441 695 comparatae
3455 622 3535 680 ad

182 719 230 766 τὸ
266 713 383 785 ὖψο,
412 722 500 774 τῆς
530 715 689 775 θείας.

1926 708 2301 765 iblimitatem
2329 710 2569 767 divinas.

242 799 374 856 Ἰδοὺ
406 834 471 843 —
502 808 692 875 γενεαί.
727 809 791 857 Αἱ
824 812 925 856 τῶν
951 810 1297 859 πιστευόντων
1330 803 1590 865 δηλονότι.

1943 797 2103 852 Vers.
2135 799 2230 855 48.
2269 800 2407 856 Ecce
2454 832 2522 843 -—
2557 801 2942 872 generationes.
2976 800 3355 858 Credentium
3382 800 3535 857 vide-

1870 881 2024 937 licet.

1944 972 2107 1027 Vers.
2137 977 2225 1030 49.
2261 975 2401 1040 Quia
2426 1008 2491 1016 —
2520 977 2613 1048 qui
2633 984 2819 1048 potens
2849 983 2945 1033 est.
2976 977 3129 1043 Quia
3161 977 3296 1032 fecit
3333 976 3393 1031 in
3435 990 3534 1031 me

1871 1075 2094 1130 magna
2120 1066 2599 1135 supernaturalia
2620 1066 2929 1136 miracula,
2957 1066 3053 1139 qui
3072 1066 3149 1121 ad
3175 1064 3530 1136 bujusmodi

1869 1148 2141 1207 facienda
2166 1157 2376 1223 potens
2403 1158 2511 1210 est.

1942 1238 2102 1295 Vers.
2134 1244 2221 1296 49.
2263 1243 2338 1296 Ει
2362 1244 2568 1314 factum
2596 1276 2663 1285 —
2689 1245 2821 1315 ejus.
2857 1244 3174 1313 Eximium,
3210 1258 3527 1313 magnum.

243 1324 333 1372 Καὶ
357 1319 505 1390 άγιον
534 1352 603 1359 -
625 1320 810 1376 αὐτοῦ,
848 1320 1157 1394 Ἐξαίρετον,
1183 1325 1337 1394 μέγα.

1942 1330 2102 1384 Vers.
2130 1331 2218 1386 50.
2260 1332 2337 1386 Et
2380 1333 2765 1389 misericordia
2792 1365 2862 1374 —
2901 1351 3038 1388 eum.
3098 1333 3269 1398 Quod
3295 1332 3526 1398 dicitur,

242 1411 333 1464 Καὶ
388 1413 449 1462 τὸ
502 1409 636 1472 Eho;
686 1442 754 1450 -—-
807 1410 985 1468 αὐτόν,
1043 1416 1113 1464 Τὸ
1175 1412 1268 1473 Εἰς
1312 1412 1484 1483 γενεὰν
1539 1416 1627 1464 καὶ
1672 1431 1759 1483 γε·

1926 1434 1938 1470 ι
1964 1420 2274 1490 progeniem
2301 1428 2352 1475 et
2378 1423 2686 1492 progeniem
2712 1438 2736 1478 .'
2765 1427 2840 1488 et,
2882 1423 2949 1477 In
2989 1423 3355 1493 generationes
3376 1437 3532 1492 gene-

176 1500 292 1559 νεὰν,
348 1504 440 1550 καὶ
500 1502 558 1550 τὸ
616 1498 704 1560 Εἰς
759 1502 929 1571 γενεὰς
980 1508 1184 1571 γενεῶν,
1253 1504 1343 1551 καὶ
1410 1502 1475 1551 τὰ
1544 1507 1761 1552 τοιαῦτα

1926 1507 2164 1574 itionum,
2194 1510 2431 1583 aliaque
2474 1511 2710 1575 similia,
2772 1512 2929 1567 idem
2986 1510 3328 1582 signiﬁcant
3366 1509 3533 1582 quod

174 1590 221 1638 τὸ
278 1586 377 1640 Ἀεὶ
438 1592 757 1657 σημαίνουσι
814 1588 936 1663 παρ’
990 1588 1271 1662 Ἑϐραίοις.
1347 1593 1500 1661 Λέγει
1569 1594 1757 1656 τοίνυν,

1926 1613 2137 1669 smper,
2157 1600 2321 1670 apud
2351 1600 2648 1657 Hebraeos.
2672 1601 3002 1671 Dicitergo,
3024 1600 3191 1673 quod
3220 1601 3395 1655 etiam
3429 1600 3534 1653 mi-

176 1679 243 1727 ὅτι
268 1682 352 1728 καὶ
405 1680 467 1728 τὸ
500 1676 629 1738 ἔλεος
678 1677 834 1730 αὐτοῦ
866 1678 944 1730 ἀεί
988 1676 1129 1730 ἐστιν
1175 1678 1224 1731 ἐν
1277 1687 1383 1741 τοῖς
1429 1678 1761 1751 φοϐουμένοις

1926 1686 2199 1743 :ricordia
2219 1688 2347 1758 ejus
2366 1695 2703 1760 semperest
2728 1690 2788 1744 in
2803 1690 2918 1756 his,
2934 1690 3037 1761 qui
3056 1690 3264 1744 timent
3292 1689 3483 1759 ipsum
3515 1703 3529 1753 ;

176 1766 333 1834 αὐτὸν,
390 1768 553 1837 ὅμοια
605 1765 833 1838 λέγουσα
892 1776 965 1838 τῷ
1037 1763 1203 1820 Δαυῐδ
1274 1768 1525 1842 εἰρπκοτι·
1577 1772 1645 1820 Τὸ
1704 1764 1762 1820 δὲ

1932 1774 2085 1830 milia
2111 1775 2364 1848 loquens
2404 1793 2544 1832 cum
2600 1778 2803 1843 David,
2846 1778 2949 1850 qui
2989 1778 3109 1835 ait:
3145 1775 3535 1832 Misericordia

176 1854 289 1914 Eleo;
349 1864 445 1906 τοῦ
516 1861 710 1930 Κυρίου
784 1854 884 1909 ἀπὸ
956 1865 1046 1909 τοῦ
1119 1857 1304 1919 αἰῶνος
1360 1862 1447 1909 καὶ
1515 1860 1608 1918 ἓως
1671 1863 1763 1909 τοῦ

1926 1865 2099 1919 omini
2127 1866 2193 1919 ab
2222 1872 2420 1920 (eterna
2469 1874 2521 1922 et
2554 1883 2719 1938 usque
2750 1866 2809 1921 in
2860 1872 3123 1921 (eternnm
3146 1882 3314 1935 super
3343 1864 3535 1918 timen-

178 1944 336 2005 αἰῶνος
401 1943 492 1997 ἐπὶ
559 1948 681 2007 τοὺς
751 1945 1098 2018 φοϐουμένους
1162 1946 1334 2000 αὐτόν.
1406 1948 1537 2002 Εἶτα
1605 1947 1765 1998 κατα-

1926 1972 1951 2008 s
1987 1957 2166 2010 eum“.
2205 1955 2424 2011 Deinde
2462 1961 2733 2011 recenset
2772 1960 2830 2012 et
2879 1955 3031 2011 alias
3072 1954 3174 2010 Dei
3202 1954 3443 2009 virtutes
3470 1958 3534 2007 ut

176 2030 291 2101 λέγει
339 2038 433 2084 καὶ
486 2033 643 2096 ἄλλας
705 2030 954 2107 δυνάμεις
1011 2042 1103 2087 τοῦ
1163 2044 1316 2101 Θεοῦ,
1374 2038 1438 2096 ὡς
1490 2038 1603 2096 ἔθος
1655 2043 1765 2097 τοῖς

1926 2044 2058 2099 lOl‘lS
2083 2048 2168 2100 est
2197 2043 2308 2108 his,
2343 2044 2443 2116 qui
2470 2045 2693 2117 gratias
2723 2050 2931 2115 agunt.

182 2120 591 2195 εῧχαριστοῡσιν.

1946 2134 2114 2190 Vers.
2166 2138 2251 2189 51.
2286 2134 2443 2189 Fecit
2468 2167 2535 2175 —
2583 2152 2763 2191 suum.
2800 2135 2957 2190 Fecit
2998 2132 3532 2204 magniﬁcentiam,

244 2211 480 2269 Ἐποίησε
546 2244 613 2254 -
693 2213 872 2265 αὐτοῦ.
941 2213 1188 2272 Ἐποίησε
1260 2214 1548 2286 μεγαλεῖον,
1618 2213 1765 2267 ἐποί-

1926 2221 2009 2277 ςρίι
2048 2222 2359 2279 victoriam
2391 2240 2495 2295 per
2532 2224 2939 2279 fortitudinem
2981 2238 3176 2278 suam.
3208 2217 3364 2277 Nam
3400 2221 3537 2275 bra-

194 2318 269 2355 ησε
309 2307 449 2361 νίκην
503 2301 551 2353 ἐν
611 2299 832 2375 δυνάμει
883 2302 1065 2355 αὐτοῦ.
1121 2303 1178 2356 Ὀ
1223 2303 1469 2378 βραχίων
1522 2306 1623 2378 γὰρ
1684 2303 1765 2356 ἐν-

1926 2310 2079 2366 iium
2090 2312 2207 2367 hoc
2234 2312 2294 2367 in
2325 2312 2460 2368 loco
2478 2311 3220 2382 signiﬁcatiortitudinem.
3242 2310 3353 2375 Qui
3371 2311 3532 2365 enim

185 2391 326 2441 ταῡθα
368 2397 463 2449 τὴν
526 2388 748 2464 δύναμιν
792 2397 1034 2464 σημαίνει
1068 2412 1080 2424 ·
1116 2389 1261 2446 διότι
1300 2395 1350 2445 0i
1393 2391 1767 2466 ἀγωνιζόμενοι

1926 2399 2388 2456 [certaminibus
2422 2405 2714 2474 pugnant,
2754 2401 2815 2457 in
2842 2400 3093 2456 brachio
3128 2399 3535 2455 fortitudinem

180 2476 220 2528 ὲ)
244 2487 307 2549 τῷ
336 2480 594 2557 βραχίονι
624 2487 717 2540 τὴν
750 2478 972 2554 δύναμιν
998 2485 1207 2555 ἔχουσι.
1877 2488 2123 2545 habent.

1950 2578 2118 2634 Vers.
2176 2580 2262 2635 51.
2315 2580 2579 2651 Dispersit
2638 2611 2702 2620 —
2751 2579 2860 2634 sui.
2917 2576 3220 2650 Superbos
3270 2576 3330 2633 in
3384 2576 3539 2647 cogi-

1877 2668 2101 2724 tatione
2122 2668 2319 2724 cordis
2346 2670 2458 2735 sui,
2494 2669 2789 2741 superbos
2815 2667 2975 2741 apud
3016 2665 3271 2740 seipsos.

237 1015 348 1067 Ὀτι
378 1047 447 1056 —
477 1011 719 1078 δυνατός.
755 1016 873 1069 Ὀτι
917 1016 1157 1076 ἐποίησεν
1208 1019 1279 1080 εἰς
1322 1018 1409 1091 ἐμὲ
1437 1019 1636 1092 μεγάλα
1668 1024 1759 1071 καὶ

179 1107 389 1180 ὑπερφυῆ
424 1108 695 1178 θαυμάσια
725 1108 751 1158 ὀ
781 1103 999 1167 δυνατὸς
1031 1115 1191 1161 ποιεῖν
1233 1116 1471 1161 τοιαῦτα.

237 2716 600 2785 Διεσιιόρπισεν
663 2745 729 2753 ——-
794 2712 988 2768 αὐτῶν.
1068 2717 1202 2776 Τοὺς
1278 2715 1641 2789 ὑπερηφάνους
1720 2712 1768 2765 ἐν

174 2807 225 2871 τῇ
282 2798 493 2875 διανοίᾳ
539 2810 632 2864 τῆς
689 2799 911 2877 καρδίας
979 2802 1168 2869 αὐτῶν,
1241 2808 1357 2865 τοὺς
1408 2804 1770 2878 ὑπερηφάνους

176 2908 213 2939 εν
239 2909 452 2952 εαυτοις.

238 2982 442 3033 Καθεῐλε
505 3012 571 3020 -
623 2983 823 3043 κενούς.
888 2980 1083 3053 Ὅμοια
1132 2990 1300 3034 ταῦτα
1354 2990 1455 3034 τῶν
1512 2988 1607 3043 τῆς
1649 2980 1769 3033 ’Ἂν-

1948 2970 2113 3027 Vers.
2147 2975 2234 3026 52.
2270 2971 2529 3027 Detraxi!
2558 3002 2627 3012 —
2683 2971 2849 3027 Vers.
2905 2971 2995 3027 53.
3038 2970 3245 3025 inanes.
3316 2967 3542 3025 Similia

172 3088 249 3130 νης
303 3074 508 3145 μητρὸς
567 3078 658 3121 τοῦ
723 3071 984 3143 Σαμουὴλ,
1063 3071 1327 3132 εἰπούσης·
1388 3074 1577 3145 Κύριος
1632 3091 1769 3123 πτω-

1926 3060 2148 3129 mthis,
2190 3076 2328 3132 quas
2359 3060 2501 3117 dixit
2534 3061 2727 3127 Anna,
2777 3063 2965 3115 mater
2994 3058 3290 3115 Samuelis
3319 3075 3331 3113 :
3367 3058 3543 3112 Domi-

172 3162 302 3226 λίζει
349 3164 439 3211 καὶ
503 3159 790 3223 πλουτίζει,
856 3168 1090 3212 ταπεινοῖ
1154 3167 1242 3212 καὶ
1305 3160 1514 3232 ἀνυψοῖ.
1579 3166 1769 3213 Λοιπὸν

1926 3169 1981 3205 us
2028 3166 2320 3221 pauperem
2346 3150 2487 3223 facit
2516 3156 2565 3204 et
2602 3149 2747 3204 ditat
2772 3165 2789 3214 ;
2848 3147 3108 3203 humiliat
3139 3146 3456 3203 etsublevat
3482 3148 3533 3202 τ.

172 3243 248 3298 οὖν
296 3251 611 3323 προφητεύει
664 3255 753 3301 καὶ
827 3254 945 3324 περὶ
1023 3257 1114 3301 τοὺ
1166 3250 1328 3311 ἐλέους
1382 3258 1474 3302 τοῦ
1525 3250 1593 3312 εἰς
1655 3254 1769 3311 τοὺς

1930 3240 2167 3310 einceps
2199 3253 2341 3307 ergo
2373 3239 2729 3294 vaticinatur
2757 3242 2815 3293 et
2862 3237 2938 3292 de
2964 3236 3372 3294 misericordia
3400 3248 3544 3304 erga

171 3342 526 3411 Χριστιανούς.
558 3343 707 3410 Λέγει
733 3341 856 3414 γὰρ·

1926 3328 2261 3384 hristianos.
2288 3328 2434 3383 Dicit
2462 3328 2623 3383 enim
2656 3346 2669 3386 :

232 3427 561 3481 Ἀντελάϐετο
626 3459 690 3467 --
761 3428 946 3486 αὐτοῦ.
1023 3427 1382 3499 Ἐπεσκέψατο
1447 3432 1531 3480 τὸν
1603 3429 1769 3504 Ἰσρα-

1953 3419 2115 3471 Vers.
2144 3418 2236 3473 54.
2276 3417 2612 3474 Αιιωίιίαιιιε
2640 3423 2715 3470 est
2742 3446 2808 3456 -—
2838 3432 2958 3471 suo.
3020 3411 3286 3470 Visitavit
3314 3411 3546 3467 Israeli-

170 3514 388 3571 ηλιτικον
418 3516 567 3582 λαὸν,
609 3519 697 3568 τὸν
748 3513 933 3569 δοῦλον
965 3516 1151 3571 αὐτοῦ.
1206 3514 1384 3569 Παίδα
1425 3520 1525 3589 γὰρ
1567 3524 1656 3569 νῦν
1684 3521 1769 3570 τὸν

1928 3522 2060 3562 cum
2078 3505 2373 3578 populum
2387 3522 2588 3575 suum,
2604 3520 2844 3560 servum
2863 3519 3072 3574 suum;
3101 3516 3358 3575 puerum
3381 3500 3543 3556 enim

174 3597 204 3653 ὃ
206 3603 346 3656 οὖλον
370 3605 533 3676 λέγει.

1927 3596 2025 3651 icit
2050 3610 2212 3651 nunc
2242 3610 2505 3650 servum.

234 3696 551 3753 Μνησθῆναι
609 3725 679 3735 —
742 3695 922 3747 αἰῶνα.
994 3694 1324 3749 Ἀντελάϐετο
1388 3692 1448 3747 δε
1507 3700 1597 3748 καὶ
1666 3694 1769 3748 ἒπε-

1957 3696 2112 3749 Vers.
2151 3693 2239 3747 55.
2279 3692 2348 3749 Ut
2384 3707 2591 3746 memor
2619 3694 2748 3746 esset
2776 3720 2847 3731 --
2894 3689 3173 3746 saeculum.
3212 3687 3545 3744 Auxiliatus

173 3782 415 3853 σκέψατο,
474 3782 521 3834 ἐν
579 3792 652 3855 τῷ
713 3785 1013 3856 μνησθῆναι
1085 3783 1252 3846 ἐλέους
1304 3785 1375 3847 εἰς
1436 3788 1521 3837 τὸν
1591 3784 1769 3850 αἰῶνα,

1926 3787 1972 3838 st
2000 3780 2355 3846 etvisitavit,
2390 3785 2456 3836 ut
2482 3796 2717 3836 memor
2731 3782 2885 3836 esset
2905 3777 3324 3835 misericordiae
3350 3777 3412 3832 in
3438 3793 3549 3835 saa-

170 3875 321 3941 ἦγουν
405 3872 580 3935 ἐλέους
670 3873 880 3926 αἰωνίου
912 3918 925 3941 ,
994 3872 1160 3935 ἐλέους
1230 3870 1502 3936 διηνεκοῦς
1530 3915 1543 3939 ,
1605 3876 1769 3936 καθὼς

1926 3873 2085 3927 ulum
2114 3888 2127 3925 :
2162 3871 2285 3926 sive
2316 3868 2745 3926 misericordias
2798 3868 3200 3941 sempiternas,
3232 3867 3548 3925 continuae.

172 3960 397 4020 ελάλησε·
486 3963 662 4024 καθὼς
748 3961 1097 4034 ἐπηγγείλατο
1170 3966 1300 4036 πρὸς
1360 3968 1480 4025 τοὺς
1548 3968 1769 4039 πατέρας

1927 3962 2047 4017 icut
2100 3960 2337 4015 locutus
2398 3963 2505 4025 est,
2577 3961 2728 4013 sicut
2783 3956 3160 4013 annuntiavit
3215 3956 3292 4012 ad
3345 3960 3547 4028 patres

169 4053 325 4121 ἡμῶν.
392 4048 530 4107 Εἶτα
571 4052 708 4123 λέγει
758 4058 848 4105 καὶ
893 4058 1032 4105 τίσιν
1089 4051 1306 4111 ἐλάλησε
1370 4058 1484 4127 περὶ
1536 4061 1627 4105 τοῦ
1674 4072 1769 4106 τοι-

1928 4054 2146 4105 ostros.
2181 4048 2400 4103 Deinde
2432 4047 2568 4102 dicit
2599 4047 2801 4115 etiam,
2832 4044 3055 4118 quibus
3093 4045 3327 4101 locutus
3356 4049 3445 4100 est
3473 4043 3551 4101 de

170 4143 314 4192 ουτου
347 4140 544 4209 ἐλέους,
578 4142 657 4192 ὅτι
698 4148 769 4211 τῷ
818 4140 1059 4214 Ἀϐραὰμ
1108 4146 1198 4193 καὶ
1254 4150 1326 4213 τῷ
1379 4145 1642 4215 σπέρματι
1689 4142 1769 4193 αὐ-

1930 4139 1988 4211 uj
2002 4137 2235 4194 usmodi
2255 4135 2661 4193 misericordia
2674 4177 2688 4201 ,
2712 4134 2879 4208 quod
2895 4133 3482 4191 videlicetAbraham
3494 4138 3553 4191 et

168 4238 273 4297 τοῦ,
324 4235 494 4302 ἤγουν
536 4238 609 4301 τῷ
661 4231 841 4283 Ἰσαὰκ
888 4235 978 4283 καὶ
1020 4238 1093 4301 τῷ
1152 4230 1358 4297 Ἰακὼϐ,
1412 4236 1496 4283 ναὶ
1540 4236 1643 4303 μὴν
1689 4236 1769 4283 καὶ

1926 4230 2100 4285 emini
2148 4229 2298 4299 ejus,
2369 4226 2592 4283 scilicet
2649 4226 2816 4281 Isaac
2870 4229 2925 4280 et
2980 4222 3168 4279 Jacob
3223 4241 3237 4276 :
3292 4223 3552 4294 profecto

171 4327 235 4388 τῶ
284 4317 479 4374 Δαυῖὃ.
526 4321 743 4381 Τούτοις
781 4323 884 4393 γὰρ
954 4322 1023 4380 ὡς
1078 4320 1483 4392 ἐπισημοτάτοις
1534 4340 1769 4392 αινιγμα-

1926 4317 2197 4374 tDavid.
2243 4318 2340 4372 His
2388 4317 2569 4381 enim,
2626 4320 2826 4387 utpote
2881 4312 3139 4369 maxime
3191 4311 3550 4383 insignibus,

171 4406 341 4471 τωὸῶς
395 4409 744 4481 ἐπηγγείλατο
793 4414 909 4483 περὶ
966 4412 1173 4462 τούτου.
1234 4409 1413 4470 ’Έλεος
1463 4407 1521 4462 δὲ
1565 4410 1638 4472 εἰς
1693 4414 1769 4461 τὸν

1926 4406 2263 4477 enigmatice
2279 4413 2332 4461 et
2346 4405 2421 4461 de
2441 4406 2557 4461 hoc
2569 4403 2969 4460 annuntiat-it.
2995 4401 3397 4458 Misericordia
3410 4416 3552 4458 vero

170 4498 325 4551 αἰῶνα
384 4502 417 4557 ἡ
482 4502 595 4551 Θεία
648 4498 1057 4572 ἐνανθρώπησις,
1108 4502 1171 4559 ὡς
1231 4496 1304 4551 δι’
1352 4498 1485 4551 ἔλεον
1542 4508 1641 4551 τῶν
1699 4498 1769 4550 ἀν-

1931 4497 2122 4562 icitur,
2136 4494 2459 4551 incarnatio
2472 4494 2698 4559 divina,
2718 4498 2922 4565 utpote
2938 4508 3044 4563 per
3058 4490 3553 4554 misericordiam,

172 4588 383 4661 θρὼπων
459 4592 794 4662 γεγενημένη,
872 4587 927 4640 ἐκ
1004 4593 1294 4665 σπέρματος
1380 4588 1621 4662 Ἀϐραὰμ
1694 4592 1769 4639 καῖ

1934 4588 2031 4642 uia
2050 4585 2330 4642 misertus
2351 4589 2440 4640 est
2467 4581 3005 4649 Deus,hominibus
3030 4581 3203 4638 facta.
3221 4596 3293 4637 ex
3325 4579 3557 4637 semine

170 4686 263 4727 τῶν
323 4678 608 4752 εἰρημένων
665 4680 789 4730 υἱῶν
840 4683 931 4730 καὶ
995 4676 1215 4750 ἐκγόνων
1270 4678 1452 4747 αὐτοῦ,
1498 4680 1634 4730 κατά
1688 4681 1769 4735 τήτ

1926 4676 2193 4733 .braham
2224 4674 2643 4745 dictorumque
2665 4672 2952 4735 ﬁliorum,
2979 4687 3049 4727 ac
3071 4671 3150 4727 ab
3179 4686 3249 4727 eo
3272 4671 3553 4743 progeni-

170 4770 291 4838 πρὸς
325 4768 523 4829 αὐτοὺς
556 4767 885 4840 ἐπαγγελίαν.

1926 4781 2109 4831 arum,
2138 4765 2313 4835 juxta
2341 4763 2814 4836 promissionem
2853 4761 2932 4817 ad
2963 4775 3066 4817 eos
3096 4760 3344 4817 factam.

241 4858 535 4931 Ἀπορὴσει
590 4854 648 4910 δέ
704 4877 803 4922 τις,
862 4866 975 4919 πῶς
1024 4856 1323 4910 ἀντελάϐετο
1379 4864 1471 4909 τοῦ
1520 4855 1758 4929 Ἰσραηλι

1965 4853 2273 4911 Dubitabit
2301 4852 2543 4925 aliquis,
2571 4851 2882 4925 quomodo
2938 4848 3259 4907 auxiliatus
3299 4849 3379 4905 sit
3400 4847 3562 4905 Deus

171 4954 313 4999 τικοῡ
372 4946 506 4999 λαοῦ
561 4948 585 4998 ὁ
644 4950 767 5008 Θεὸς
823 4946 872 4998 ἐν
923 4955 997 5017 τῷ
1050 4949 1350 5019 μνησθῆναι
1397 4953 1488 4999 τοῦ
1543 4948 1769 5020 ῥηθέντοι

1926 4943 2209 5000 sraelitico
2231 4941 2479 5014 populo,
2510 4945 2576 4997 ut
2596 4955 2831 4997 memor
2851 4942 3007 4996 esset
3030 4939 3205 4994 dictas
3229 4935 3563 4994 misericor—

173 5034 334 5098 é‘n'oug
389 5053 404 5103 ;
460 5045 558 5087 τῶν
631 5044 962 5109 Χριστιανῶν
1031 5039 1132 5112 γὰρ
1204 5036 1393 5108 μᾶλλον
1458 5034 1769 5100 ἀντελάϐετοἶ

1926 5033 2006 5088 liae
2019 5033 2046 5087 ‘I
2060 5030 2410 5087 Christianis
2422 5045 2688 5102 namque
2701 5029 2902 5102 potius
2914 5026 3236 5085 auxiliatus
3252 5030 3359 5089 est,
3372 5038 3563 5096 quam

172 5129 251 5176 καὶ
304 5124 363 5177 οὗ
427 5132 527 5176 τῶν
584 5121 878 5183 Ἰουδαίων,
957 5129 1094 5197 Πρὸς
1153 5124 1205 5177 ὃν
1265 5124 1651 5200 ἀπὸκρινόμεθα
1705 5126 1769 5177 ὅτ

1931 5122 2141 5179 υάοεὶε.
2169 5120 2271 5176 Cui
2297 5119 2748 5191 respondemus,
2782 5117 2950 5190 quod
2978 5120 3152 5173 vetus
3186 5113 3370 5171 Israel
3410 5112 3566 5168 anti-

174 5214 391 5274 παλαιὸς
454 5216 543 5285 μὲν
584 5214 801 5287 Ἰσραὴλ
856 5216 882 5265 ὁ
938 5214 1154 5275 παλαιὸς
1207 5214 1345 5276 λαός
1407 5220 1515 5274 νέος
1574 5212 1632 5267 δὲ
1683 5216 1769 5267 Ίσι

1926 5229 2051 5285 [uus
2072 5215 2163 5266 est
2182 5209 2445 5282 populus
2468 5224 2700 5276 ;novus
2713 5213 2913 5264 autem
2936 5204 3139 5269 Israel,
3158 5219 3349 5262 novus
3375 5214 3569 5275 popu-

174 5303 302 5373 ραηλ
366 5305 393 5354 ὁ
454 5306 562 5364 νέος
619 5303 762 5370 λαὸς,
822 5305 846 5353 ὁ
916 5302 1282 5375 ἀντεισαχθείς
1340 5302 1553 5371 ἐκείνου,
1613 5307 1764 5355 τουτέ

1926 5318 1989 5356 us
2018 5316 2129 5373 pro
2160 5299 2259 5354 illo
2289 5300 2594 5361 inductus,
2636 5296 2751 5352 hoc
2782 5300 2893 5360 est,
2928 5293 3321 5359 Christianus,
3363 5291 3468 5363 qui
3495 5306 3569 5346 ex

177 5410 284 5442 στιν
325 5395 352 5443 ὁ
406 5396 799 5463 Χριστιανικὸς,
853 5394 878 5443 ὁ
936 5390 991 5444 ἐκ
1052 5398 1243 5455 παντὸς
1300 5394 1472 5454 ἔθνους
1518 5397 1767 5465 συγκείμε

1926 5391 2065 5446 ιωοὶ
2083 5393 2257 5459 gente
2280 5387 2547 5444 consistit
2570 5404 2584 5452 ;
2612 5386 2775 5441 hunc
2792 5400 2935 5454 ergo
2960 5382 3143 5440 Israel
3159 5382 3257 5438 hic
3281 5380 3563 5452 intellige.

175 5498 277 5538 νος.
318 5482 519 5536 Τοῦτον
568 5482 656 5534 οὖν
701 5484 788 5533 τὸν
836 5481 1044 5553 Ἰσραὴλ
1082 5480 1303 5534 ἐνταῦθα
1350 5486 1557 5538 νόησον.
1616 5481 1681 5535 Εἰ
1732 5477 1767 5532 ὃ

1926 5479 2071 5546 )uod
2082 5479 2127 5534 si
2140 5478 2318 5533 etiam
2333 5482 2595 5531 veterem
2616 5473 3000 5543 intellexeris,
3020 5473 3359 5545 itaquoque
3375 5486 3572 5526 sermo

177 5573 261 5619 καὶ
317 5572 408 5621 τὸν
463 5569 683 5623 παλαιὸν
734 5575 948 5643 νοήσῃς,
997 5571 1219 5632 σώζεται
1272 5575 1361 5621 καὶ
1405 5570 1570 5631 οὕτως
1626 5571 1651 5619 ὁ
1709 5569 1764 5620 λό

1926 5567 2203 5624 :onstabit
2222 5584 2235 5621 :
2257 5572 2499 5638 propter
2518 5564 2688 5619 illum
2710 5562 2872 5618 enim
2890 5560 3278 5634 potissimum
3300 5563 3575 5618 incarna—

250 5718 407 5777 Psal.
445 5736 543 5789 cn,
576 5724 658 5775 l7.
734 5724 755 5756 ⁷
788 5725 926 5790 Reg.
962 5739 1022 5788 11,
1058 5724 1107 5777 7.

478 5817 692 5874 ΡΑτειοι.
730 5820 834 5876 Gn.
878 5820 1122 5877 CXXIX.

3229 5810 3297 5864 28
