4074 6398
461 353 570 407 875

1782 336 2137 399 EUTHYMII
2188 332 2514 393 ZIGABENI

3734 336 3849 392 876

462 478 559 531 tus
610 478 701 531 est
752 489 765 530 :
830 472 1047 529 deinde
1112 476 1169 530 et
1228 472 1305 527 ab
1352 470 1436 527 eis
1493 472 1746 526 matrem
1790 466 1983 535 elegit,
2049 478 2112 519 ac

2240 481 2338 532 νος.
2384 466 2456 515 Δι’
2506 464 2661 516 αὐτὸν
2713 467 2814 539 γὰρ
2867 463 3055 535 μᾶλλον
3114 462 3529 537 ἐνηνθρωπησεν,
3592 462 3699 515 ἐπεὶ
3748 468 3847 515 καὶ

464 572 757 635 cognatus
778 564 1014 619 illorum
1048 568 1429 635 nuncupatus
1458 567 1562 627 est,
1596 564 1651 614 et
1681 557 1843 629 apud
1863 556 1992 610 illos
2014 554 2119 608 do-

462 656 602 719 cuit,
639 671 709 709 ac
740 654 1027 710 miracula
1070 659 1346 724 operatus
1374 655 1497 706 est:
1532 649 1790 719 ideoque
1841 644 2113 700 dicebat:

461 743 593 799 Non
619 762 739 797 sum
768 745 977 807 missus,
1022 742 1129 796 nisi
1154 742 1222 796 ad
1248 741 1487 812 perditas
1507 756 1621 793 oves
1647 738 1831 791 domus
1862 732 2038 789 Israel
2072 733 2113 784 ⁸.

464 832 615 898 Quia
662 849 801 889 vero
858 834 926 887 In
976 850 1074 887 sua
1114 833 1276 894 venit,
1332 836 1385 887 et
1444 831 1535 884 sui
1597 845 1715 882 eum
1759 842 1864 879 non
1910 838 2119 891 recepe-

461 928 596 976 runt
645 925 688 988 θ,
753 922 889 978 ideo
946 928 1150 993 gentes
1197 918 1608 976 misericordia
1652 918 1845 987 dignm
1895 911 2117 968 habitae

460 1015 620 1069 sunt.

535 1101 701 1158 Vers.
733 1101 818 1155 56.
848 1100 1041 1155 Mansit
1072 1130 1140 1140 —
1170 1100 1366 1155 tribus.
1400 1098 1510 1153 Per
1538 1096 1910 1151 voluntatem
1948 1091 2117 1147 vide-

455 1190 594 1246 licet
630 1190 831 1261 sponsi
868 1207 880 1245 :
910 1190 1135 1261 Joseph
1180 1190 1341 1245 enim
1374 1193 1429 1244 et
1457 1186 1807 1243 Zachariam
1853 1188 1908 1239 et
1937 1182 2118 1238 Eliza-

455 1278 599 1334 beth
627 1285 870 1335 sanctos
884 1295 1010 1334 esse
1026 1279 1273 1344 sciebat,
1288 1284 1344 1335 et
1366 1277 1571 1333 animo
1596 1274 1901 1331 laetissimo
1924 1272 2119 1343 Virgi-

456 1383 597 1423 nem
623 1368 705 1423 eis
734 1368 1020 1424 tradidit:
1063 1383 1189 1423 non
1246 1362 1463 1431 solum,
1515 1365 1652 1437 quia
1704 1361 1942 1431 cognati
1986 1361 2117 1431 ejus

457 1460 648 1521 erant,
681 1473 890 1512 verum
918 1457 1120 1524 etiam,
1155 1457 1299 1531 quia
1325 1452 1885 1527 irreprehensibiles.
1911 1450 2118 1507 Mansit

458 1550 660 1600 autem
676 1562 869 1617 usque
883 1547 953 1601 ad
968 1552 1208 1619 partum
1222 1545 1515 1601 Elizabeth
1530 1543 1692 1615 apud
1706 1542 1867 1596 illam
1879 1586 1892 1607 ,
1912 1543 2115 1611 utpote

456 1639 947 1703 cognoscentem,
972 1635 1137 1707 quod
1169 1636 1228 1690 in
1258 1652 1320 1690 se
1350 1633 1637 1705 agebatur
1656 1632 2039 1703 mysterium:
2063 1632 2117 1684 et

458 1722 537 1778 ob
568 1723 626 1777 id
659 1730 963 1778 amantem
1004 1724 1177 1788 hanc,
1212 1730 1266 1779 et
1288 1723 1365 1778 ab
1396 1723 1509 1777 hac
1536 1728 1822 1777 amatam.

529 1813 690 1865 Vers.
717 1813 807 1865 56.
849 1813 926 1866 Ει
979 1829 1195 1866 reversa
1241 1819 1315 1866 est
1346 1843 1414 1851 —
1442 1828 1609 1865 suam.
1656 1812 1934 1866 Devitans
1989 1825 2112 1873 eos,
2144 1816 2185 1869 Β

455 1900 553 1971 qui
570 1899 645 1954 ob
658 1906 867 1955 natum
890 1901 1179 1956 infantem
1195 1901 1273 1955 ad
1285 1900 1536 1957 domum
1552 1900 1850 1955 Zachariae
1869 1914 2115 1954 concur-

453 2004 581 2043 rere
604 1990 922 2045 debebant.
956 1993 1090 2045 Erat
1116 1994 1318 2044 autem
1342 1995 1396 2044 et
1415 1991 1621 2053 moris,
1646 1995 1706 2043 ut
1724 1988 2117 2046 abscederent

453 2079 735 2150 virgines,
764 2096 901 2135 cum
932 2081 1202 2151 pariturae.
1235 2084 1404 2135 erant
1432 2085 1833 2151 prmgnantes.

527 2169 682 2223 Vers.
710 2172 794 2222 57.
827 2168 947 2239 Ipsi
980 2200 1048 2210 —
1104 2169 1268 2224 Vers.
1326 2168 1420 2224 59.
1464 2185 1719 2239 puerum.
1770 2167 2113 2223 Secundum

452 2255 679 2326 legem.

524 2346 691 2402 Vers.
748 2348 840 2403 59.
898 2347 975 2401 Et
1024 2347 1291 2402 vocabant
1337 2376 1405 2387 —-
1461 2347 1812 2405 Zachariam.
1869 2346 2114 2401 Plurimi

452 2436 603 2491 enim
629 2434 735 2491 ﬁlii
774 2440 1016 2507 patrum
1054 2436 1407 2491 nominibus
1434 2437 1632 2491 vocati
1666 2442 1825 2493 sunt.

520 2525 687 2581 Vers.
749 2525 941 2580 60.Et
1000 2524 1318 2596 respondens
1364 2557 1432 2565 --
1473 2528 1726 2581 Joannes.
1786 2529 1833 2581 Α
1897 2526 2114 2598 Spiritu

451 2618 658 2669 sancto
673 2613 803 2685 ipsa
816 2629 1056 2685 quoque
1068 2629 1287 2667 nomen
1303 2614 1471 2686 pueri
1488 2614 1919 2671 didiceratideo
1934 2616 2110 2670 etiam

452 2702 806 2771 conabatur,
853 2707 915 2756 ut
940 2703 1066 2773 ipse
1098 2709 1415 2758 vocaretur
1442 2704 1729 2761 Joannes.

522 2792 694 2848 Vers.
732 2793 822 2845 6i.
846 2793 927 2845 Et
952 2792 1218 2847 dixerunt
1243 2824 1311 2832 —
1345 2793 1507 2847 Vers.
1541 2797 1627 2848 62.
1678 2810 1815 2848 eum.
1864 2796 2017 2849 Nutu
2044 2795 2113 2849 il-

449 2879 576 2935 lum
597 2878 1065 2951 interrogabant,
1093 2886 1153 2935 ut
1177 2880 1281 2953 qui
1302 2882 1484 2937 etiam
1509 2882 1714 2938 audire
1742 2899 1861 2937 non
1884 2888 2106 2949 posset,

450 2968 631 3025 veluti
658 2969 933 3041 superius
965 2969 1414 3025 manifestatum
1440 2976 1547 3026 est.
1575 2972 1753 3027 Aiunt
1777 2975 1960 3035 enim,
1990 2989 2110 3027 uno

450 3058 717 3130 quodam
740 3074 924 3113 nervo
956 3058 1246 3127 colligatis
1275 3074 1405 3114 esse
1436 3060 1676 3115 audenti
1703 3061 2111 3134 loquendique

448 3147 642 3203 vires:
661 3146 795 3203 ideo
821 3163 1019 3219 neque
1035 3147 1243 3203 audire
1266 3164 1445 3220 posse
1471 3165 1595 3215 eos,
1615 3151 1719 3223 qui
1746 3167 1782 3205 a
1806 3152 2110 3206 nativitate
2141 3161 2189 3221 ο

448 3236 591 3292 muti
625 3244 783 3293 sunt.
811 3237 1111 3293 Zachariae
1148 3253 1289 3307 ergo
1317 3238 1401 3294 ita
1454 3238 1563 3295 fuit
1613 3239 1815 3295 ablata
1853 3240 2107 3312 loquela,

448 3326 601 3382 sicut
624 3326 714 3397 iis,
748 3327 852 3397 qui
882 3342 917 3381 a
939 3326 1254 3382 Nativitate
1286 3326 1390 3383 illa
1426 3328 1636 3397 privati
1669 3333 1822 3383 sunt.

520 3415 689 3470 Vers.
722 3419 811 3471 ’73.
841 3414 916 3469 Et
948 3416 1255 3485 postulatis
1310 3446 1381 3458 —
1410 3417 1544 3487 ejus.
1596 3417 1930 3483 Postulatis,
1985 3433 2110 3473 non

448 3519 556 3578 per
576 3519 803 3571 vocem,
836 3503 941 3559 sed
972 3504 1238 3558 similiter
1270 3520 1374 3575 per
1402 3510 1639 3560 nutum.

519 3594 684 3647 Vers.
738 3593 827 3649 63.
872 3593 949 3647 Et
980 3592 1171 3646 mirati
1221 3601 1346 3647 sunt
1398 3594 1662 3649 universi.
1719 3595 1907 3651 Mirati
1946 3601 2103 3663 sunt,

448 3681 758 3753 quomodo
779 3682 882 3752 qui
910 3696 1020 3735 nec
1035 3682 1241 3737 audire
1267 3682 1346 3737 ab
1371 3683 1691 3749 Elizabeth,
1711 3700 1821 3739 nec
1838 3686 1890 3740 ei
1912 3686 2107 3742 dicere

447 3772 565 3827 hoc
599 3775 897 3842 potuerat,
931 3786 1068 3825 cum
1119 3787 1191 3826 ea
1219 3773 1636 3829 conveniebat.
1670 3775 1991 3831 Verisimile
2022 3781 2109 3831 est

450 3861 634 3924 enim,
677 3860 968 3915 Elisabeth
1008 3862 1285 3916 certiores
1339 3861 1472 3918 illos
1516 3862 1745 3933 fecisse,
1794 3866 1947 3935 quod
1984 3882 2106 3921 non

448 3965 551 4021 per
580 3950 936 4020 scripturam
974 3950 1089 4005 hoc
1122 3950 1210 4005 vel
1239 3950 1502 4017 dixisset,
1532 3952 1625 4008 vel
1652 3953 1933 4012 audisset.

522 4039 687 4093 Vers.
702 4038 791 4094 64.
818 4040 1081 4108 Apertum
1114 4070 1167 4080 -
1188 4041 1371 4095 Deum.
1389 4072 1457 4081 —
1477 4042 1745 4112 Apertum
1765 4050 1865 4111 est,
1884 4044 1998 4101 hoc
2020 4050 2107 4101 est

447 4129 510 4184 in
562 4144 775 4184 vocem
818 4128 1083 4184 solutum
1146 4136 1252 4185 est.
1306 4130 1677 4186 Manifestum
1730 4136 1823 4187 est
1879 4140 2101 4199 autem,

446 4218 613 4289 quod
643 4222 702 4272 et
729 4218 967 4273 auditus
998 4218 1218 4288 pariter
1243 4218 1474 4273 solutus
1505 4225 1617 4276 est.
1648 4221 1809 4276 Sicut
1825 4224 1981 4277 enim
2004 4240 2108 4294 pa-

445 4308 587 4362 riter
603 4306 840 4363 ablatus
876 4305 1083 4371 fuerat,
1118 4306 1200 4363 ita
1246 4323 1483 4379 quoque
1512 4310 1724 4379 pariter
1746 4310 1975 4367 solutus
1996 4318 2101 4369 est.

520 4396 689 4451 Vers.
720 4397 807 4451 65.
830 4397 900 4450 Et
925 4396 1104 4466 factus
1124 4399 1201 4450 est
1219 4426 1286 4440 --
1308 4414 1512 4453 eorum.
1545 4397 1746 4456 Timor
1771 4416 1894 4472 prin
1916 4402 2106 4458 admi-

444 4485 694 4541 ratione.

519 4574 680 4629 Vers.
709 4577 796 4629 65.
854 4576 933 4629 Et
973 4576 1033 4628 in
1061 4604 1129 4615 —-
1159 4575 1283 4631 haec.
1316 4578 1458 4641 Quas
1502 4583 1673 4635 erant
1727 4579 1883 4636 circa
1930 4582 2106 4639 mira-

448 4662 603 4729 cula,
624 4663 800 4729 facta,
818 4664 876 4718 in
896 4664 1276 4735 impositione
1298 4668 1550 4722 nominis
1580 4671 1772 4739 pueri,
1797 4672 2106 4741 quomodo

448 4752 753 4823 inopinate
803 4754 862 4808 in
930 4770 1000 4809 eo
1044 4761 1319 4825 parentes
1370 4750 1772 4813 convenerant
1818 4776 1830 4814 :
1888 4766 1943 4817 et
1987 4778 2105 4833 quo

447 4846 622 4913 pacto
648 4859 685 4897 a
710 4843 991 4900 Zacharia
1039 4844 1389 4900 mirabiliter
1429 4845 1632 4902 ablata
1674 4852 1801 4904 erat
1851 4849 2105 4918 loquelae

447 4932 712 4988 carentia
741 4949 755 5001 ;
788 4933 1055 4991 similiter
1084 4939 1142 4991 et
1167 4950 1306 5006 quae
1327 4951 1364 4991 a
1392 4934 1681 5006 principio
1707 4937 1785 4993 ad
1810 4938 1989 4995 ﬁnem
2011 4956 2108 4996 us-

445 5035 565 5093 que
582 5022 977 5093 contigerant.

519 5201 543 5235 ⁸
566 5201 766 5259 Matth.
791 5218 893 5268 xv,
923 5205 1013 5260 24.
1090 5204 1113 5238 ⁸
1136 5203 1303 5258 Joan.
1334 5204 1389 5267 1,
1420 5205 1509 5259 11.

2230 550 2282 613 ἐξ
2338 553 2505 604 αὐτῶν
2563 553 2818 616 ἐξελέξατο
2878 559 3094 626 μητέρα,
3175 559 3264 604 καὶ
3340 556 3598 623 συγγενὴς
3668 553 3843 603 αὐτῶν

2228 640 2573 715 ἐχρημάτισε,
2626 649 2715 695 καὶ
2754 646 2876 715 παρ’
2928 644 3104 704 αὐτοῖς
3144 638 3415 704 ἐδίδασκε,
3467 647 3555 693 καὶ
3605 640 3844 713 ἐθαυμα-

2226 734 2435 805 τούργει
2471 750 2481 761 '
2518 730 2601 784 διὸ
2655 738 2744 785 καὶ
2800 734 2965 803 ἔλεγεν
3020 736 3097 784 ὅτι
3158 732 3267 783 Οὔκ
3318 730 3613 787 ἀπεστάλην
3673 730 3715 781 εἰ
3764 734 3840 802 μὴ

2227 820 2299 879 εἰς
2345 824 2409 872 τά
2450 821 2688 896 πρόϐατα
2734 825 2798 874 τὰ
2853 822 3153 873 ἀπολωλότα
3205 824 3348 872 οἴκου
3400 818 3635 893 Ἰσραήλ.
3691 820 3841 870 Ἐπεὶ

2229 905 2287 961 δὲ
2317 910 2386 971 εἰς
2418 914 2482 962 τὰ
2511 908 2629 963 ἴδια
2666 909 2808 978 ἦλθε,
2850 917 2939 963 καὶ
2979 914 3026 963 οἱ
3077 908 3209 962 ῖὸιοι
3247 910 3401 961 αὑτὸν
3432 909 3489 960 ού
3523 908 3835 981 παρέλαϐον,

2225 997 2400 1050 λοιπόν
2428 1003 2492 1052 τὰ
2517 1002 2632 1059 ἔθνη
2659 1009 2750 1053 τοῦ
2778 1000 2944 1062 ἐλέους
2974 1000 3292 1063 ἠξιώθησαν.

2298 1088 2499 1160 Ἔμεινε
2566 1121 2630 1131 —
2701 1099 2857 1162 τρεῖς.
2920 1092 3063 1144 Μετά
3129 1096 3340 1160 γνώμης
3417 1085 3657 1145 δηλονότι
3739 1093 3839 1138 τοῦ

2227 1188 2529 1252 μνηστῆρος
2588 1198 2599 1208 ·
2663 1179 2905 1250 ἐγίνωσκε
2953 1182 3053 1253 γὰρ
3110 1181 3134 1230 ὁ
3196 1180 3390 1250 Ἰωσὴφ
3450 1184 3538 1229 καὶ
3594 1181 3679 1229 τόν
3733 1184 3840 1227 Ζα-

2230 1274 2423 1343 χαρίαν
2484 1275 2569 1321 καὶ
2621 1274 2714 1326 τὴν
2759 1269 3035 1323 Ἑλισοίϐετ
3103 1268 3305 1339 ἁγίους,
3378 1273 3467 1319 καὶ
3533 1275 3839 1340 περιχαρώς

2228 1359 2406 1419 αὐτοῖς
2476 1364 2846 1411 κατεπίστευσε
2920 1363 3011 1416 τὴν
3084 1360 3358 1431 Παρθένον,
3425 1356 3481 1408 ού
3550 1360 3701 1427 μόνον
3769 1359 3838 1414 ὡς

2229 1452 2531 1519 συγγενέσιν
2586 1448 2762 1516 αὐτῆς,
2835 1446 2961 1499 ἀλλὰ
3016 1454 3105 1499 καὶ
3162 1450 3231 1508 ὡς
3294 1445 3675 1505 ἀνεπιλήπτως.
3736 1443 3836 1497 Ἐ-

2225 1557 2362 1610 μεινε
2430 1534 2486 1590 δὲ
2544 1542 2707 1612 μέχρι
2779 1545 2869 1589 τοῦ
2941 1545 3151 1589 τοκετοῦ
3218 1544 3312 1598 τῆς
3377 1534 3648 1589 Ἐλισάϐετ
3706 1534 3835 1606 παρ’

2224 1628 2354 1700 αὐτῇ
2412 1631 2475 1687 ὡς
2525 1630 2825 1700 γινωσούση
2890 1627 3100 1678 τὸκατ’
3157 1626 3316 1683 αὐτὴν
3373 1630 3684 1698 μυστήριον,
3742 1628 3837 1676 καὶ

2227 1713 2318 1767 διὰ
2357 1724 2510 1767 τοῦτο
2544 1716 2763 1787 φιλουση
2798 1719 2992 1771 ταύτην
3017 1720 3105 1766 καὶ
3135 1715 3432 1787 φιλουμένη,

2300 1811 2397 1858 Καὶ
2468 1806 2783 1881 ὑπέστρεψεν
2842 1838 2907 1845 -
2992 1806 3171 1867 αὐτῆς.
3264 1804 3626 1875 Εὑλαϐουμένη
3708 1806 3838 1865 τοὺς

2226 1892 2318 1947 διὰ
2376 1900 2431 1947 τό
2496 1902 2788 1967 τικτόμενον
2864 1894 3155 1967 ὀφείλοντας
3227 1898 3529 1966 συντρέχειν
3606 1892 3687 1945 ἐπὶ
3742 1897 3835 1944 τόν

2226 1982 2362 2037 οἷκον
2402 1993 2493 2036 του
2543 1990 2836 2057 Ζαχαρίου,
2892 1985 2984 2035 Ἦν
3020 1982 3078 2036 δὲ
3130 1990 3219 2036 καὶ
3274 1986 3385 2043 ἔθος
3416 1986 3710 2057 ὑποχωρεῖν
3740 1985 3837 2041 τάς

2222 2076 2526 2147 παρθένους,
2562 2077 2643 2125 ὅτε
2678 2073 2850 2145 μέλλοι
3037 2080 3221 2125 τίκτειν
3253 2074 3280 2127 ἡ
3316 2076 3429 2144 (30)
3462 2075 3660 2144 ἔγκυος.

2292 2170 2365 2236 Τῇ
2398 2195 2465 2202 -
2496 2160 2729 2215 παιδίον.
2762 2166 2907 2215 Κατὰ
2928 2166 3012 2214 τὸν
3034 2168 3204 2234 νόμον.

2296 2398 2396 2445 Καὶ
2447 2393 2658 2446 ἐκάλουν
2712 2426 2779 2434 -
2832 2400 3125 2468 Ζαχαρίαν.
3183 2394 3367 2447 Πολλοὶ
3413 2396 3514 2465 γὰρ
3565 2396 3669 2445 υἱοὶ
3722 2402 3833 2453 τοῖς

2221 2491 2321 2534 τῶν
2347 2488 2578 2555 πατέρων
2611 2484 2857 2557 ὀνόμασιν
2884 2483 3200 2541 ἐκλήθησαν.

2296 2577 2395 2625 Καὶ
2467 2572 2810 2645 ἀποκριθεῖσα
2892 2604 2960 2613 --
3035 2572 3289 2632 Ἰωάννης.
3358 2572 3449 2625 Ἐκ
3534 2574 3826 2643 Πνεύματος

2223 2660 2375 2733 ἀγίον
2407 2668 2495 2714 καὶ
2556 2662 2685 2719 αύτη
2737 2666 2794 2713 τὸ
2842 2666 3001 2734 ὄνομα
3048 2670 3138 2713 τοῦ
3189 2658 3377 2721 παιδός
3414 2663 3700 2734 μεμάθηκε.
3735 2664 3829 2713 Διό

2221 2756 2309 2802 καὶ
2345 2751 2665 2826 ἰσχυρίσατο
2700 2752 2935 2808 Ἰωάννην
2977 2752 3333 2822 ὀνομασθῆναι
3364 2750 3535 2805 αὐτόν,

2297 2845 2396 2891 Καὶ
2455 2837 2594 2892 εἶπον
2649 2871 2717 2881 —
2772 2841 2945 2893 αὐτόν.
3020 2844 3114 2893 Διά
3172 2844 3422 2912 νεύματος
3474 2841 3705 2913 ἠρώτων,
3760 2842 3831 2902 ὡς

2221 2925 2351 3000 μηδ’
2410 2928 2612 2981 ἀκούειν
2663 2927 2972 3001 δυναμένου,
3019 2932 3186 2989 καθως
3235 2929 3468 3000 ἀνωτέρω
3514 2926 3832 2986 δεδήλωται.

2222 3024 2356 3070 Φασὶ
2387 3022 2486 3093 γὰρ
2531 3019 2601 3071 ἐνί
2649 3039 2748 3070 τινι
2797 3022 2955 3092 νεύρῳ
3008 3015 3359 3070 συνδεδέσθαι
3407 3021 3501 3080 τὰς
3548 3026 3637 3069 τοῦ
3677 3018 3833 3069 ἀκού-

2220 3110 2290 3158 ειν
2324 3107 2436 3177 (31)
2494 3114 2582 3160 καὶ
2638 3116 2728 3159 τοῦ
2784 3108 2951 3159 λαλεῖν
2998 3104 3266 3179 δυνάμεις·
3316 3104 3400 3159 διὸ
3458 3114 3547 3159 καὶ
3604 3110 3723 3169 τοὺς
3776 3107 3834 3159 ἐκ

2219 3206 2429 3268 γενετῆς
2486 3196 2703 3259 ἀλάλους
2762 3194 2899 3270 μηδὲ
2960 3195 3179 3251 ἀκούειν.
3229 3198 3380 3249 Ούτω
3432 3204 3556 3268 γοῦν
3601 3196 3830 3255 ἐσϐέσθη

2220 3290 2278 3338 τό
2319 3288 2431 3358 (32)
2470 3289 2674 3360 φθέγμα
2702 3292 2995 3360 Ζαχαρίας,
3024 3290 3089 3347 ὡς
3120 3289 3167 3339 οἱ
3198 3286 3251 3338 ἐκ
3281 3295 3510 3359 γενετῆς,

2292 3511 2392 3561 Καὶ
2440 3508 2662 3568 αἰτήσας
2710 3538 2775 3550 -ι
2831 3507 3009 3562 αὐτοῦ.
3073 3507 3303 3569 Αἰτήσας
3357 3506 3415 3558 ού
3474 3504 3568 3560 διὰ
3637 3515 3827 3579 φωνῆς,

2218 3596 2327 3648 ἀλλ’
2357 3599 2545 3669 ὁμοίως
2579 3595 2671 3649 διὰ
2708 3599 2973 3669 νεύματος.

2291 3692 2390 3740 Καὶ
2450 3686 2750 3757 ἐθαύμασαν
2814 3689 3016 3745 πάντες.
3089 3687 3453 3758 Έθαύμασαν,
3524 3694 3629 3746 πῶς
3692 3691 3830 3757 μήτε

2218 3774 2442 3828 ἀκοῦσαι
2500 3784 2652 3829 τοῦτο
2719 3778 2862 3848 παρά
2948 3785 3044 3837 τῆς
3112 3774 3406 3840 Ἐλισάϐετ,
3472 3782 3602 3848 μήτε
3664 3775 3830 3828 εἰπεῖν

3506 3864 3654 3924 Εἰκὸς
3722 3868 3829 3939 γὰρ

2215 3961 2307 4013 τὴν
2340 3953 2613 4009 Ἐλισάϐετ
2651 3954 2993 4027 πληροφορείν
3043 3958 3274 4019 τούτους,
3332 3958 3398 4015 ὡς
3445 3954 3503 4006 ού
3558 3951 3651 4005 διὰ
3697 3973 3833 4027 γρα-

2218 3866 2348 3937 αύτῇ
2425 3873 2575 3917 τοῦτο
2658 3861 2964 3937 δυνάμενος,
3054 3870 3429 3936 συνεφώνησεν.

2217 4054 2315 4118 φῆς
2340 4052 2491 4097 τούτο
2524 4045 2553 4103 ἦ
2591 4044 2703 4113 (33)
2746 4041 2902 4111 εἶπεν,
2935 4044 2964 4102 ἡ
2994 4048 3238 4101 ἤκουσεν.

2288 4136 2557 4205 Ἀνεῳχθη
2602 4166 2663 4173 —
2698 4138 2844 4187 Θεὸν.
2899 4165 2967 4174 -
3022 4135 3311 4204 Ἀνεῲχθη,
3358 4132 3470 4185 ἀντὶ
3514 4140 3625 4197 τοῦ,
3678 4132 3835 4185 ’Δπε-

2213 4224 2342 4282 λύθη
2391 4225 2457 4284 εἰς
2488 4229 2676 4295 φωνήν.
2725 4223 2883 4281 Δῆλον
2916 4219 2974 4275 δὲ
3021 4223 3134 4293 (34)
3168 4225 3248 4274 ὅτι
3300 4228 3386 4274 καὶ
3438 4224 3467 4279 ἡ
3528 4221 3656 4279 ἀκοὴ
3690 4241 3830 4273 συν-

2216 4314 2467 4370 απελύθη.
2517 4320 2715 4387 Ὠσπερ
2772 4315 2875 4386 γὰρ
2932 4312 3313 4383 συνεπεσχέθη,
3365 4312 3525 4372 οὕτως
3578 4313 3679 4386 οῖρα
3734 4318 3835 4365 καὶ

2218 4403 2473 4456 συναπελύ
2481 4404 2543 4459 θη
2555 4442 2567 4454 .

2136 4508 2183 4564 D
2290 4494 2392 4547 Καὶ
2436 4491 2628 4564 ἐγένετο
2696 4523 2761 4532 —
2826 4491 3017 4553 αύτούς
3071 4507 3083 4521 '
3143 4491 3298 4552 Φόϐος
3374 4490 3428 4543 ἐκ
3520 4498 3610 4543 τοῦ
3696 4492 3837 4542 θαύ-

2216 4603 2349 4656 ματο
2360 4605 2400 4644 ς.

2288 4674 2391 4726 Καὶ
2431 4673 2479 4723 ἐν
2528 4703 2593 4711 —
2642 4678 2824 4723 ταῦτα.
2875 4674 2950 4723 Τὰ
2996 4676 3115 4742 περὶ
3165 4679 3263 4721 τῶν
3311 4675 3592 4741 γεγονότων
3625 4672 3834 4738 θαυμά-

2214 4782 2313 4813 των
2360 4761 2442 4814 ἐπὶ
2472 4770 2533 4834 τῇ
2585 4761 2767 4820 κλήσει
2815 4768 2906 4813 τοῦ
2959 4758 3199 4826 παιδίου,
3240 4770 3347 4820 πῶς
3408 4780 3460 4813 τε
3512 4756 3836 4833 παραδόξως

2218 4857 2584 4924 συνεφώνησαν
2630 4855 2678 4903 οἱ
2725 4856 3022 4921 γεννήτορες
3069 4849 3151 4903 ἐπὶ
3199 4852 3385 4921 ταύτῃ,
3428 4854 3517 4901 καὶ
3563 4857 3669 4909 πῶς
3702 4850 3837 4900 θαυ-

2215 4948 2417 5014 μασίως
2472 4941 2698 4998 ἀπελύθη
2753 4949 2843 5001 τῆς
2892 4939 3118 5013 ἀφωνίας
3166 4941 3191 4991 ό
3244 4944 3537 5013 Ζαχαρίας·
3575 4944 3603 4996 ὴ
3641 4941 3840 4991 καὶτὰ

2218 5032 2304 5085 ἀπ’
2340 5031 2518 5104 ἀρχῆς
2546 5032 2682 5104 ἄχρι
2705 5030 2895 5091 τέλους.

1667 5348 1895 5419 Variae
1932 5351 2262 5421 lectiones
2308 5363 2373 5421 et
2396 5363 2601 5421 notae.

542 5506 627 5565 29)
656 5504 850 5560 Μέλλει.
886 5506 941 5561 Β.

542 5578 630 5650 30)
669 5582 909 5650 Ἐγγυος,
955 5576 1241 5650 frequenti
1271 5593 1487 5634 errore.
1524 5586 1588 5650 Α,
1618 5581 1679 5635 Β.

546 5649 607 5702 31
686 5649 872 5701 Λαλεῖν
920 5653 1009 5700 καὶ
1065 5658 1157 5702 τοῦ
1206 5649 1427 5715 ἀκούειν,
1469 5649 1676 5707 ordine
1728 5653 1982 5710 inverso.
2034 5656 2095 5709 B.

546 5649 635 5791 32;
666 5720 773 5776 Pro
802 5720 1174 5778 nominativo
1203 5722 1437 5779 videtur
1461 5726 1763 5791 accepisse
1790 5724 2095 5791 interpres.

544 5719 634 5791 32)
666 5720 773 5776 Pro
802 5720 1174 5778 nominativo
1203 5722 1437 5779 videtur
1461 5726 1763 5796 accepisse
1790 5724 2100 5798 interpres.

2215 5514 2367 5585 Ergo
2411 5514 2720 5569 Zacharia?
2750 5511 2928 5585 dedit,
2981 5512 3093 5565 Sed
3148 5512 3229 5567 ita
3276 5514 3550 5583 Ζαχαρίου
3597 5512 3655 5564 et
3686 5524 3842 5567 mox

2215 5584 2333 5650 τῶν,
2364 5585 2496 5640 loco
2525 5588 2572 5636 οὶ
2603 5584 2929 5651 legendum
2961 5588 3136 5639 esset.

2310 5658 2400 5725 33)
2440 5655 2527 5721 Ἣ,
2566 5662 2899 5727 ροεῐγτούτο,
2938 5656 3121 5711 deest.
3158 5658 3217 5710 Β.

2310 5660 2400 5725 33)
2440 5660 2527 5721 Ἣ,
2566 5662 2703 5727 post
2725 5662 2841 5705 τοῦτ

2285 5660 2400 5800 234)
2435 5732 2495 5779 Δέ
2524 5726 2739 5784 omittit
2778 5734 2841 5779 Α.
