  <div class='ocr_page' id='page_1' title='image "/cluster/home/n/w/nwhite01/storage/ocr_20150623/129/coo.31924054870344/448.png"; bbox 0 0 4074 6444; ppageno 0'>
   <div class='ocr_carea' id='block_1_1' title="bbox 178 387 3558 462">
    <p class='ocr_par' dir='ltr' id='par_1_1' title="bbox 178 387 3558 462">
     <span class='ocr_line' id='line_1_1' title="bbox 178 387 3558 462; baseline 0.001 -6"><span class='ocrx_word' id='word_1_1' title='bbox 178 401 279 462; x_wconf 85' lang='lat'>877</span> <span class='ocrx_word' id='word_1_2' title='bbox 1305 392 1670 456; x_wconf 84' lang='lat' dir='ltr'>COMMENT.</span> <span class='ocrx_word' id='word_1_3' title='bbox 1713 388 1784 445; x_wconf 85' lang='lat' dir='ltr'><strong>IN</strong></span> <span class='ocrx_word' id='word_1_4' title='bbox 1826 387 2084 448; x_wconf 75' lang='lat' dir='ltr'>LUCAM.</span> <span class='ocrx_word' id='word_1_5' title='bbox 2123 426 2190 436; x_wconf 86' lang='lat'>-—-</span> <span class='ocrx_word' id='word_1_6' title='bbox 2221 396 2377 453; x_wconf 83' lang='lat' dir='ltr'>CAP.</span> <span class='ocrx_word' id='word_1_7' title='bbox 2421 398 2470 453; x_wconf 90' lang='grc' dir='ltr'>ῐ.</span> <span class='ocrx_word' id='word_1_8' title='bbox 3452 406 3558 462; x_wconf 89' lang='grc'>878</span> 
     </span>
    </p>
   </div>
   <div class='ocr_carea' id='block_1_2' title="bbox 253 515 1811 595">
    <p class='ocr_par' dir='ltr' id='par_1_2' title="bbox 253 519 1790 589">
     <span class='ocr_line' id='line_1_2' title="bbox 253 519 1790 589; baseline -0.011 -3"><span class='ocrx_word' id='word_1_9' title='bbox 253 538 354 586; x_wconf 76' lang='grc' dir='ltr'>Καὶ</span> <span class='ocrx_word' id='word_1_10' title='bbox 395 535 563 585; x_wconf 77' lang='grc' dir='ltr'>ἔθεντο</span> <span class='ocrx_word' id='word_1_11' title='bbox 609 561 673 574; x_wconf 91' lang='lat'>—-</span> <span class='ocrx_word' id='word_1_12' title='bbox 749 530 935 583; x_wconf 72' lang='grc' dir='ltr'>αὐτῶν.</span> <span class='ocrx_word' id='word_1_13' title='bbox 1003 527 1218 582; x_wconf 67' lang='grc' dir='ltr'>*Εϐαλον</span> <span class='ocrx_word' id='word_1_14' title='bbox 1277 533 1454 589; x_wconf 82' lang='grc' dir='ltr'>ταῦτα,</span> <span class='ocrx_word' id='word_1_15' title='bbox 1519 525 1584 581; x_wconf 84' lang='grc' dir='ltr'>ὡς</span> <span class='ocrx_word' id='word_1_16' title='bbox 1642 519 1790 582; x_wconf 79' lang='grc' dir='ltr'>ἀξιό-</span> 
     </span>
    </p>
   </div>
   <div class='ocr_carea' id='block_1_3' title="bbox 1937 515 3558 595">
    <p class='ocr_par' dir='ltr' id='par_1_3' title="bbox 1971 520 3558 595">
     <span class='ocr_line' id='line_1_3' title="bbox 1971 520 3558 595; baseline 0.009 -22"><span class='ocrx_word' id='word_1_17' title='bbox 1971 520 2129 574; x_wconf 87' lang='lat' dir='ltr'>Vers.</span> <span class='ocrx_word' id='word_1_18' title='bbox 2163 525 2251 576; x_wconf 81' lang='lat'>66.</span> <span class='ocrx_word' id='word_1_19' title='bbox 2321 523 2396 577; x_wconf 83' lang='lat' dir='ltr'>Et</span> <span class='ocrx_word' id='word_1_20' title='bbox 2437 531 2835 594; x_wconf 77' lang='lat' dir='ltr'>pos-uerunt—</span> <span class='ocrx_word' id='word_1_21' title='bbox 2897 541 2996 583; x_wconf 78' lang='lat' dir='ltr'>suo</span> <span class='ocrx_word' id='word_1_22' title='bbox 3051 529 3558 595; x_wconf 73' lang='lat' dir='ltr'>Posuerunthaac,</span> 
     </span>
    </p>
   </div>
   <div class='ocr_carea' id='block_1_4' title="bbox 179 612 1811 692">
    <p class='ocr_par' dir='ltr' id='par_1_4' title="bbox 179 623 327 692">
     <span class='ocr_line' id='line_1_4' title="bbox 179 623 327 692; baseline 0.007 -20"><span class='ocrx_word' id='word_1_23' title='bbox 179 623 269 692; x_wconf 87' lang='grc' dir='ltr'>λογ</span> <span class='ocrx_word' id='word_1_24' title='bbox 277 641 327 674; x_wconf 89' lang='lat'><strong><em>0:.</em></strong></span> 
     </span>
    </p>
   </div>
   <div class='ocr_carea' id='block_1_5' title="bbox 1937 612 2596 692">
    <p class='ocr_par' dir='ltr' id='par_1_5' title="bbox 1937 612 2596 680">
     <span class='ocr_line' id='line_1_5' title="bbox 1937 612 2596 680; baseline 0.012 -19"><span class='ocrx_word' id='word_1_25' title='bbox 1937 622 2189 680; x_wconf 85' lang='lat' dir='ltr'>mquam</span> <span class='ocrx_word' id='word_1_26' title='bbox 2219 612 2596 669; x_wconf 87' lang='lat' dir='ltr'>admiranda.</span> 
     </span>
    </p>
   </div>
   <div class='ocr_carea' id='block_1_6' title="bbox 251 696 1811 781">
    <p class='ocr_par' dir='ltr' id='par_1_6' title="bbox 251 696 1790 781">
     <span class='ocr_line' id='line_1_6' title="bbox 251 696 1790 781; baseline -0.003 -19"><span class='ocrx_word' id='word_1_27' title='bbox 251 715 498 781; x_wconf 82' lang='grc' dir='ltr'>Αέγοντες</span> <span class='ocrx_word' id='word_1_28' title='bbox 526 742 594 750; x_wconf 93' lang='grc'><strong><em>-</em></strong></span> <span class='ocrx_word' id='word_1_29' title='bbox 627 713 778 762; x_wconf 83' lang='grc' dir='ltr'>ἔσται</span> <span class='ocrx_word' id='word_1_30' title='bbox 829 726 842 775; x_wconf 90' lang='grc'><strong>;</strong></span> <span class='ocrx_word' id='word_1_31' title='bbox 894 713 1146 780; x_wconf 85' lang='grc' dir='ltr'>Λέγοντες</span> <span class='ocrx_word' id='word_1_32' title='bbox 1199 705 1616 779; x_wconf 79' lang='grc' dir='ltr'>ἐπαπορητικῶς,</span> <span class='ocrx_word' id='word_1_33' title='bbox 1644 700 1673 757; x_wconf 81' lang='grc' dir='ltr'>ἦ</span> <span class='ocrx_word' id='word_1_34' title='bbox 1707 696 1790 748; x_wconf 80' lang='grc' dir='ltr'>λο-</span> 
     </span>
    </p>
   </div>
   <div class='ocr_carea' id='block_1_7' title="bbox 1937 696 3557 781">
    <p class='ocr_par' dir='ltr' id='par_1_7' title="bbox 1970 697 3557 765">
     <span class='ocr_line' id='line_1_7' title="bbox 1970 697 3557 765; baseline 0.01 -16"><span class='ocrx_word' id='word_1_35' title='bbox 1970 697 2131 751; x_wconf 86' lang='lat' dir='ltr'>Vers.</span> <span class='ocrx_word' id='word_1_36' title='bbox 2164 698 2246 753; x_wconf 91' lang='lat'>66.</span> <span class='ocrx_word' id='word_1_37' title='bbox 2289 701 2536 757; x_wconf 73' lang='lat' dir='ltr'>Dicentes</span> <span class='ocrx_word' id='word_1_38' title='bbox 2567 735 2633 744; x_wconf 92' lang='lat'><strong><em>—</em></strong></span> <span class='ocrx_word' id='word_1_39' title='bbox 2671 705 2825 762; x_wconf 77' lang='lat' dir='ltr'>erit?</span> <span class='ocrx_word' id='word_1_40' title='bbox 2864 705 3129 763; x_wconf 89' lang='lat' dir='ltr'>Dicentes</span> <span class='ocrx_word' id='word_1_41' title='bbox 3160 707 3557 765; x_wconf 83' lang='lat' dir='ltr'>dubitantium</span> 
     </span>
    </p>
   </div>
   <div class='ocr_carea' id='block_1_8' title="bbox 178 791 1811 871">
    <p class='ocr_par' dir='ltr' id='par_1_8' title="bbox 178 800 468 871">
     <span class='ocr_line' id='line_1_8' title="bbox 178 800 468 871; baseline -0.003 -19"><span class='ocrx_word' id='word_1_42' title='bbox 178 800 468 871; x_wconf 76' lang='grc' dir='ltr'>γεζομενοι.</span> 
     </span>
    </p>
   </div>
   <div class='ocr_carea' id='block_1_9' title="bbox 1937 791 2604 871">
    <p class='ocr_par' dir='ltr' id='par_1_9' title="bbox 1937 791 2604 859">
     <span class='ocr_line' id='line_1_9' title="bbox 1937 791 2604 859; baseline 0.01 -20"><span class='ocrx_word' id='word_1_43' title='bbox 1937 801 2086 850; x_wconf 66' lang='lat' dir='ltr'>more,</span> <span class='ocrx_word' id='word_1_44' title='bbox 2111 795 2214 842; x_wconf 89' lang='lat' dir='ltr'>aut</span> <span class='ocrx_word' id='word_1_45' title='bbox 2252 791 2604 859; x_wconf 78' lang='lat' dir='ltr'>cogitantes.</span> 
     </span>
    </p>
   </div>
   <div class='ocr_carea' id='block_1_10' title="bbox 249 877 1811 958">
    <p class='ocr_par' dir='ltr' id='par_1_10' title="bbox 249 877 1789 953">
     <span class='ocr_line' id='line_1_10' title="bbox 249 877 1789 953; baseline -0.001 -12"><span class='ocrx_word' id='word_1_46' title='bbox 249 890 428 952; x_wconf 82' lang='grc' dir='ltr'>Ἀξιον</span> <span class='ocrx_word' id='word_1_47' title='bbox 471 886 530 941; x_wconf 66' lang='grc' dir='ltr'>δὲ</span> <span class='ocrx_word' id='word_1_48' title='bbox 575 889 829 953; x_wconf 72' lang='grc' dir='ltr'>ζητῆσαι,</span> <span class='ocrx_word' id='word_1_49' title='bbox 873 885 1017 940; x_wconf 77' lang='grc' dir='ltr'>διατί</span> <span class='ocrx_word' id='word_1_50' title='bbox 1069 886 1164 938; x_wconf 71' lang='grc' dir='ltr'>οὐκ</span> <span class='ocrx_word' id='word_1_51' title='bbox 1212 883 1440 940; x_wconf 81' lang='grc' dir='ltr'>ἀπελύθη</span> <span class='ocrx_word' id='word_1_52' title='bbox 1487 889 1582 942; x_wconf 80' lang='grc' dir='ltr'>τῆς</span> <span class='ocrx_word' id='word_1_53' title='bbox 1648 877 1789 949; x_wconf 79' lang='grc' dir='ltr'>ἀφω·</span> 
     </span>
    </p>
   </div>
   <div class='ocr_carea' id='block_1_11' title="bbox 1937 877 3561 958">
    <p class='ocr_par' dir='ltr' id='par_1_11' title="bbox 1971 880 3561 958">
     <span class='ocr_line' id='line_1_11' title="bbox 1971 880 3561 958; baseline 0.009 -31"><span class='ocrx_word' id='word_1_54' title='bbox 1971 881 2176 943; x_wconf 83' lang='lat' dir='ltr'>Operae</span> <span class='ocrx_word' id='word_1_55' title='bbox 2208 880 2461 948; x_wconf 79' lang='lat' dir='ltr'>pretium</span> <span class='ocrx_word' id='word_1_56' title='bbox 2490 887 2580 937; x_wconf 85' lang='lat' dir='ltr'>est</span> <span class='ocrx_word' id='word_1_57' title='bbox 2597 888 2797 938; x_wconf 90' lang='lat' dir='ltr'>autem</span> <span class='ocrx_word' id='word_1_58' title='bbox 2828 899 3108 955; x_wconf 79' lang='lat' dir='ltr'>quaerere,</span> <span class='ocrx_word' id='word_1_59' title='bbox 3143 901 3333 958; x_wconf 89' lang='lat' dir='ltr'>quare</span> <span class='ocrx_word' id='word_1_60' title='bbox 3361 886 3561 943; x_wconf 86' lang='lat' dir='ltr'>ablata</span> 
     </span>
    </p>
   </div>
   <div class='ocr_carea' id='block_1_12' title="bbox 180 966 1811 1052">
    <p class='ocr_par' dir='ltr' id='par_1_12' title="bbox 180 966 1793 1052">
     <span class='ocr_line' id='line_1_12' title="bbox 180 966 1793 1052; baseline -0.009 -21"><span class='ocrx_word' id='word_1_61' title='bbox 180 985 292 1039; x_wconf 86' lang='grc' dir='ltr'>νίας</span> <span class='ocrx_word' id='word_1_62' title='bbox 353 982 378 1030; x_wconf 90' lang='grc' dir='ltr'>ό</span> <span class='ocrx_word' id='word_1_63' title='bbox 432 984 728 1052; x_wconf 76' lang='grc' dir='ltr'>Ζαχαρίας,</span> <span class='ocrx_word' id='word_1_64' title='bbox 787 980 870 1030; x_wconf 82' lang='grc' dir='ltr'>ὅτε</span> <span class='ocrx_word' id='word_1_65' title='bbox 927 981 986 1028; x_wconf 82' lang='grc' dir='ltr'>τό</span> <span class='ocrx_word' id='word_1_66' title='bbox 1042 971 1256 1028; x_wconf 83' lang='grc' dir='ltr'>παιδίον</span> <span class='ocrx_word' id='word_1_67' title='bbox 1328 971 1594 1044; x_wconf 72' lang='grc' dir='ltr'>ἐγεννήθη,</span> <span class='ocrx_word' id='word_1_68' title='bbox 1663 966 1793 1018; x_wconf 77' lang='grc' dir='ltr'>ἀλλὰ</span> 
     </span>
    </p>
   </div>
   <div class='ocr_carea' id='block_1_13' title="bbox 1937 966 3564 1052">
    <p class='ocr_par' dir='ltr' id='par_1_13' title="bbox 1939 969 3564 1048">
     <span class='ocr_line' id='line_1_13' title="bbox 1939 969 3564 1048; baseline 0.009 -31"><span class='ocrx_word' id='word_1_69' title='bbox 1939 979 2017 1018; x_wconf 88' lang='lat' dir='ltr'>on</span> <span class='ocrx_word' id='word_1_70' title='bbox 2049 973 2134 1019; x_wconf 89' lang='lat' dir='ltr'>est</span> <span class='ocrx_word' id='word_1_71' title='bbox 2171 982 2206 1021; x_wconf 91' lang='lat' dir='ltr'>a</span> <span class='ocrx_word' id='word_1_72' title='bbox 2234 969 2511 1026; x_wconf 85' lang='lat' dir='ltr'>Zacharia</span> <span class='ocrx_word' id='word_1_73' title='bbox 2541 970 2792 1042; x_wconf 70' lang='lat' dir='ltr'>loquelas</span> <span class='ocrx_word' id='word_1_74' title='bbox 2823 974 3108 1042; x_wconf 80' lang='lat' dir='ltr'>carentia,</span> <span class='ocrx_word' id='word_1_75' title='bbox 3131 975 3379 1046; x_wconf 85' lang='lat' dir='ltr'>quando</span> <span class='ocrx_word' id='word_1_76' title='bbox 3414 992 3564 1048; x_wconf 90' lang='lat' dir='ltr'>puer</span> 
     </span>
    </p>
   </div>
   <div class='ocr_carea' id='block_1_14' title="bbox 181 1057 1811 1140">
    <p class='ocr_par' dir='ltr' id='par_1_14' title="bbox 181 1059 1790 1140">
     <span class='ocr_line' id='line_1_14' title="bbox 181 1059 1790 1140; baseline -0.007 -20"><span class='ocrx_word' id='word_1_77' title='bbox 181 1069 377 1140; x_wconf 81' lang='grc' dir='ltr'>μᾶλλον</span> <span class='ocrx_word' id='word_1_78' title='bbox 427 1071 510 1120; x_wconf 83' lang='grc' dir='ltr'>ὅτε</span> <span class='ocrx_word' id='word_1_79' title='bbox 539 1073 634 1126; x_wconf 76' lang='grc' dir='ltr'>τὴν</span> <span class='ocrx_word' id='word_1_80' title='bbox 671 1067 860 1126; x_wconf 80' lang='grc' dir='ltr'>κλῆσιν</span> <span class='ocrx_word' id='word_1_81' title='bbox 914 1074 1007 1118; x_wconf 81' lang='grc' dir='ltr'>τοῦ</span> <span class='ocrx_word' id='word_1_82' title='bbox 1056 1065 1304 1137; x_wconf 81' lang='grc' dir='ltr'>ὀνόματος</span> <span class='ocrx_word' id='word_1_83' title='bbox 1356 1059 1506 1114; x_wconf 77' lang='grc' dir='ltr'>ἔλαϐε</span> <span class='ocrx_word' id='word_1_84' title='bbox 1559 1076 1573 1125; x_wconf 90' lang='grc'>;</span> <span class='ocrx_word' id='word_1_85' title='bbox 1631 1061 1790 1127; x_wconf 85' lang='grc' dir='ltr'>Λέγο-</span> 
     </span>
    </p>
   </div>
   <div class='ocr_carea' id='block_1_15' title="bbox 1937 1057 3562 1140">
    <p class='ocr_par' dir='ltr' id='par_1_15' title="bbox 1937 1057 3562 1135">
     <span class='ocr_line' id='line_1_15' title="bbox 1937 1057 3562 1135; baseline 0.009 -31"><span class='ocrx_word' id='word_1_86' title='bbox 1937 1059 2076 1108; x_wconf 86' lang='lat' dir='ltr'>atus</span> <span class='ocrx_word' id='word_1_87' title='bbox 2101 1060 2206 1120; x_wconf 86' lang='lat' dir='ltr'>est,</span> <span class='ocrx_word' id='word_1_88' title='bbox 2243 1057 2346 1111; x_wconf 90' lang='lat' dir='ltr'>sed</span> <span class='ocrx_word' id='word_1_89' title='bbox 2374 1059 2570 1129; x_wconf 93' lang='lat' dir='ltr'>potius</span> <span class='ocrx_word' id='word_1_90' title='bbox 2594 1062 2841 1131; x_wconf 87' lang='lat' dir='ltr'>quando</span> <span class='ocrx_word' id='word_1_91' title='bbox 2860 1078 3083 1118; x_wconf 88' lang='lat' dir='ltr'>nomen</span> <span class='ocrx_word' id='word_1_92' title='bbox 3108 1064 3379 1135; x_wconf 72' lang='lat' dir='ltr'>accepit&quot;</span> <span class='ocrx_word' id='word_1_93' title='bbox 3418 1065 3562 1119; x_wconf 93' lang='lat' dir='ltr'>Dici-</span> 
     </span>
    </p>
   </div>
   <div class='ocr_carea' id='block_1_16' title="bbox 182 1145 1811 1229">
    <p class='ocr_par' dir='ltr' id='par_1_16' title="bbox 182 1147 1790 1229">
     <span class='ocr_line' id='line_1_16' title="bbox 182 1147 1790 1229; baseline -0.008 -18"><span class='ocrx_word' id='word_1_94' title='bbox 182 1177 276 1229; x_wconf 76' lang='grc' dir='ltr'>μεν</span> <span class='ocrx_word' id='word_1_95' title='bbox 304 1155 365 1210; x_wconf 62' lang='grc' dir='ltr'>δὴ</span> <span class='ocrx_word' id='word_1_96' title='bbox 391 1160 470 1209; x_wconf 82' lang='grc' dir='ltr'>ὅτι</span> <span class='ocrx_word' id='word_1_97' title='bbox 511 1154 606 1209; x_wconf 75' lang='grc' dir='ltr'>διὰ</span> <span class='ocrx_word' id='word_1_98' title='bbox 651 1162 745 1214; x_wconf 81' lang='grc' dir='ltr'>τὴν</span> <span class='ocrx_word' id='word_1_99' title='bbox 785 1164 878 1208; x_wconf 80' lang='grc' dir='ltr'>τοῦ</span> <span class='ocrx_word' id='word_1_100' title='bbox 924 1155 1144 1227; x_wconf 76' lang='grc' dir='ltr'>ἀγγέλου</span> <span class='ocrx_word' id='word_1_101' title='bbox 1181 1152 1472 1228; x_wconf 76' lang='grc' dir='ltr'>πρόρρησιν</span> <span class='ocrx_word' id='word_1_102' title='bbox 1507 1193 1518 1204; x_wconf 93' lang='grc'><strong>.</strong></span> <span class='ocrx_word' id='word_1_103' title='bbox 1554 1147 1662 1201; x_wconf 77' lang='grc' dir='ltr'>εἶπε</span> <span class='ocrx_word' id='word_1_104' title='bbox 1689 1149 1790 1218; x_wconf 82' lang='grc' dir='ltr'>γὰρ</span> 
     </span>
    </p>
   </div>
   <div class='ocr_carea' id='block_1_17' title="bbox 1937 1145 3554 1229">
    <p class='ocr_par' dir='ltr' id='par_1_17' title="bbox 1937 1145 3554 1218">
     <span class='ocr_line' id='line_1_17' title="bbox 1937 1145 3554 1218; baseline 0.007 -22"><span class='ocrx_word' id='word_1_105' title='bbox 1937 1159 2036 1197; x_wconf 70' lang='grc' dir='ltr'>ωε</span> <span class='ocrx_word' id='word_1_106' title='bbox 2057 1145 2220 1214; x_wconf 88' lang='lat' dir='ltr'>quod</span> <span class='ocrx_word' id='word_1_107' title='bbox 2248 1151 2491 1218; x_wconf 86' lang='lat' dir='ltr'>propter</span> <span class='ocrx_word' id='word_1_108' title='bbox 2503 1149 2696 1217; x_wconf 89' lang='lat' dir='ltr'>angeli</span> <span class='ocrx_word' id='word_1_109' title='bbox 2713 1151 3054 1207; x_wconf 79' lang='lat' dir='ltr'>vaticinium</span> <span class='ocrx_word' id='word_1_110' title='bbox 3080 1174 3093 1208; x_wconf 91' lang='lat'>:</span> <span class='ocrx_word' id='word_1_111' title='bbox 3114 1153 3343 1210; x_wconf 84' lang='lat' dir='ltr'>dixerat</span> <span class='ocrx_word' id='word_1_112' title='bbox 3366 1155 3554 1209; x_wconf 91' lang='lat' dir='ltr'>enim:</span> 
     </span>
    </p>
   </div>
   <div class='ocr_carea' id='block_1_18' title="bbox 184 1233 1811 1318">
    <p class='ocr_par' dir='ltr' id='par_1_18' title="bbox 184 1237 1793 1318">
     <span class='ocr_line' id='line_1_18' title="bbox 184 1237 1793 1318; baseline -0.006 -20"><span class='ocrx_word' id='word_1_113' title='bbox 184 1249 327 1317; x_wconf 64' lang='grc' dir='ltr'>αὐτῷ</span> <span class='ocrx_word' id='word_1_114' title='bbox 357 1251 470 1318; x_wconf 79' lang='grc'>(35)</span> <span class='ocrx_word' id='word_1_115' title='bbox 515 1266 526 1278; x_wconf 87' lang='grc'><strong>·</strong></span> <span class='ocrx_word' id='word_1_116' title='bbox 565 1243 705 1300; x_wconf 80' lang='grc' dir='ltr'>Ἰδοὺ</span> <span class='ocrx_word' id='word_1_117' title='bbox 736 1249 828 1318; x_wconf 76' lang='grc' dir='ltr'>ἔσῃ</span> <span class='ocrx_word' id='word_1_118' title='bbox 865 1253 1094 1310; x_wconf 83' lang='grc' dir='ltr'>σιωπῶν,</span> <span class='ocrx_word' id='word_1_119' title='bbox 1134 1247 1222 1296; x_wconf 81' lang='grc' dir='ltr'>καὶ</span> <span class='ocrx_word' id='word_1_120' title='bbox 1277 1247 1348 1314; x_wconf 78' lang='grc' dir='ltr'>μὴ</span> <span class='ocrx_word' id='word_1_121' title='bbox 1384 1238 1669 1302; x_wconf 79' lang='grc' dir='ltr'>δυνάμενος</span> <span class='ocrx_word' id='word_1_122' title='bbox 1699 1237 1793 1288; x_wconf 91' lang='grc' dir='ltr'>λα-</span> 
     </span>
    </p>
   </div>
   <div class='ocr_carea' id='block_1_19' title="bbox 1937 1233 3559 1318">
    <p class='ocr_par' dir='ltr' id='par_1_19' title="bbox 1937 1233 3559 1313">
     <span class='ocr_line' id='line_1_19' title="bbox 1937 1233 3559 1313; baseline 0.008 -28"><span class='ocrx_word' id='word_1_123' title='bbox 1937 1233 1976 1285; x_wconf 60' lang='lat' dir='ltr'>ft</span> <span class='ocrx_word' id='word_1_124' title='bbox 2006 1250 2118 1288; x_wconf 85' lang='lat' dir='ltr'>ecce</span> <span class='ocrx_word' id='word_1_125' title='bbox 2141 1235 2252 1288; x_wconf 70' lang='lat' dir='ltr'>eris</span> <span class='ocrx_word' id='word_1_126' title='bbox 2277 1243 2473 1300; x_wconf 79' lang='lat' dir='ltr'>mutus,</span> <span class='ocrx_word' id='word_1_127' title='bbox 2508 1255 2599 1291; x_wconf 80' lang='lat' dir='ltr'>nec</span> <span class='ocrx_word' id='word_1_128' title='bbox 2639 1238 2786 1310; x_wconf 72' lang='lat' dir='ltr'>loqui</span> <span class='ocrx_word' id='word_1_129' title='bbox 2833 1243 3048 1310; x_wconf 80' lang='lat' dir='ltr'>poteris,</span> <span class='ocrx_word' id='word_1_130' title='bbox 3111 1258 3271 1313; x_wconf 81' lang='lat' dir='ltr'>usque</span> <span class='ocrx_word' id='word_1_131' title='bbox 3293 1242 3358 1298; x_wconf 88' lang='lat' dir='ltr'>ab</span> <span class='ocrx_word' id='word_1_132' title='bbox 3396 1243 3559 1308; x_wconf 71' lang='lat' dir='ltr'>diem,</span> 
     </span>
    </p>
   </div>
   <div class='ocr_carea' id='block_1_20' title="bbox 181 1323 1811 1409">
    <p class='ocr_par' dir='ltr' id='par_1_20' title="bbox 181 1328 1795 1409">
     <span class='ocr_line' id='line_1_20' title="bbox 181 1328 1795 1409; baseline -0.007 -21"><span class='ocrx_word' id='word_1_133' title='bbox 181 1337 368 1396; x_wconf 81' lang='grc' dir='ltr'>λῆσαι.</span> <span class='ocrx_word' id='word_1_134' title='bbox 393 1338 527 1409; x_wconf 83' lang='grc' dir='ltr'>οἶχρι</span> <span class='ocrx_word' id='word_1_135' title='bbox 560 1337 618 1396; x_wconf 75' lang='grc' dir='ltr'>ἧς</span> <span class='ocrx_word' id='word_1_136' title='bbox 643 1338 840 1408; x_wconf 78' lang='grc' dir='ltr'>ἡμέρας</span> <span class='ocrx_word' id='word_1_137' title='bbox 883 1339 1099 1405; x_wconf 84' lang='grc' dir='ltr'>γένηται</span> <span class='ocrx_word' id='word_1_138' title='bbox 1127 1337 1316 1388; x_wconf 79' lang='grc' dir='ltr'>ταῦτα.</span> <span class='ocrx_word' id='word_1_139' title='bbox 1349 1331 1518 1384; x_wconf 85' lang='grc' dir='ltr'>Εἰπὼν</span> <span class='ocrx_word' id='word_1_140' title='bbox 1561 1331 1682 1402; x_wconf 82' lang='grc' dir='ltr'>γὰρ,</span> <span class='ocrx_word' id='word_1_141' title='bbox 1715 1328 1795 1378; x_wconf 85' lang='grc' dir='ltr'>ὅτι</span> 
     </span>
    </p>
   </div>
   <div class='ocr_carea' id='block_1_21' title="bbox 1937 1323 3562 1409">
    <p class='ocr_par' dir='ltr' id='par_1_21' title="bbox 1937 1323 3562 1405">
     <span class='ocr_line' id='line_1_21' title="bbox 1937 1323 3562 1405; baseline 0.008 -30"><span class='ocrx_word' id='word_1_142' title='bbox 1937 1340 2010 1376; x_wconf 68' lang='grc' dir='ltr'>νιιο</span> <span class='ocrx_word' id='word_1_143' title='bbox 2036 1323 2154 1378; x_wconf 63' lang='lat' dir='ltr'>haec</span> <span class='ocrx_word' id='word_1_144' title='bbox 2182 1324 2306 1380; x_wconf 78' lang='lat' dir='ltr'>ﬁent</span> <span class='ocrx_word' id='word_1_145' title='bbox 2339 1326 2404 1377; x_wconf 69' lang='grc' dir='ltr'>³ο.</span> <span class='ocrx_word' id='word_1_146' title='bbox 2442 1326 2741 1397; x_wconf 82' lang='lat' dir='ltr'>Siquidem</span> <span class='ocrx_word' id='word_1_147' title='bbox 2768 1328 2972 1383; x_wconf 89' lang='lat' dir='ltr'>dicens</span> <span class='ocrx_word' id='word_1_148' title='bbox 3011 1331 3161 1396; x_wconf 74' lang='lat' dir='ltr'>Haec,</span> <span class='ocrx_word' id='word_1_149' title='bbox 3195 1330 3318 1386; x_wconf 91' lang='lat' dir='ltr'>duo</span> <span class='ocrx_word' id='word_1_150' title='bbox 3359 1333 3562 1405; x_wconf 88' lang='lat' dir='ltr'>utique</span> 
     </span>
    </p>
   </div>
   <div class='ocr_carea' id='block_1_22' title="bbox 183 1413 1811 1493">
    <p class='ocr_par' dir='ltr' id='par_1_22' title="bbox 183 1420 1793 1493">
     <span class='ocr_line' id='line_1_22' title="bbox 183 1420 1793 1493; baseline -0.006 -16"><span class='ocrx_word' id='word_1_151' title='bbox 183 1434 357 1477; x_wconf 80' lang='grc' dir='ltr'>ταῦτα</span> <span class='ocrx_word' id='word_1_152' title='bbox 391 1430 458 1476; x_wconf 77' lang='grc' dir='ltr'>τὰ</span> <span class='ocrx_word' id='word_1_153' title='bbox 489 1422 584 1477; x_wconf 82' lang='grc' dir='ltr'>δύο</span> <span class='ocrx_word' id='word_1_154' title='bbox 614 1427 816 1484; x_wconf 78' lang='grc' dir='ltr'>πάντως</span> <span class='ocrx_word' id='word_1_155' title='bbox 853 1420 1138 1493; x_wconf 75' lang='grc' dir='ltr'>δεδήλωκε,</span> <span class='ocrx_word' id='word_1_156' title='bbox 1188 1426 1280 1479; x_wconf 81' lang='grc' dir='ltr'>τήν</span> <span class='ocrx_word' id='word_1_157' title='bbox 1329 1440 1383 1472; x_wconf 89' lang='grc' dir='ltr'>τε</span> <span class='ocrx_word' id='word_1_158' title='bbox 1438 1423 1679 1491; x_wconf 77' lang='grc' dir='ltr'>γέννησιν</span> <span class='ocrx_word' id='word_1_159' title='bbox 1703 1422 1793 1468; x_wconf 82' lang='grc' dir='ltr'>καὶ</span> 
     </span>
    </p>
   </div>
   <div class='ocr_carea' id='block_1_23' title="bbox 1937 1413 3565 1493">
    <p class='ocr_par' dir='ltr' id='par_1_23' title="bbox 1937 1413 3565 1479">
     <span class='ocr_line' id='line_1_23' title="bbox 1937 1413 3565 1479; baseline 0.007 -14"><span class='ocrx_word' id='word_1_160' title='bbox 1937 1413 2325 1479; x_wconf 86' lang='lat' dir='ltr'>nanifestavit,</span> <span class='ocrx_word' id='word_1_161' title='bbox 2361 1415 2719 1470; x_wconf 83' lang='lat' dir='ltr'>nativitatem</span> <span class='ocrx_word' id='word_1_162' title='bbox 2755 1417 3028 1474; x_wconf 80' lang='lat' dir='ltr'>videlicet</span> <span class='ocrx_word' id='word_1_163' title='bbox 3057 1434 3128 1474; x_wconf 89' lang='lat' dir='ltr'>ac</span> <span class='ocrx_word' id='word_1_164' title='bbox 3169 1421 3430 1475; x_wconf 89' lang='lat' dir='ltr'>nominis</span> <span class='ocrx_word' id='word_1_165' title='bbox 3455 1421 3565 1476; x_wconf 91' lang='lat' dir='ltr'>im-</span> 
     </span>
    </p>
   </div>
   <div class='ocr_carea' id='block_1_24' title="bbox 181 1501 1811 1586">
    <p class='ocr_par' dir='ltr' id='par_1_24' title="bbox 181 1511 1792 1586">
     <span class='ocr_line' id='line_1_24' title="bbox 181 1511 1792 1586; baseline -0.006 -19"><span class='ocrx_word' id='word_1_166' title='bbox 181 1522 277 1574; x_wconf 77' lang='grc' dir='ltr'>τὴν</span> <span class='ocrx_word' id='word_1_167' title='bbox 335 1516 523 1573; x_wconf 81' lang='grc' dir='ltr'>κλῆσιν</span> <span class='ocrx_word' id='word_1_168' title='bbox 578 1523 668 1566; x_wconf 81' lang='grc' dir='ltr'>τοῦ</span> <span class='ocrx_word' id='word_1_169' title='bbox 696 1514 964 1586; x_wconf 74' lang='grc' dir='ltr'>ὀνόματος,</span> <span class='ocrx_word' id='word_1_170' title='bbox 997 1511 1103 1564; x_wconf 81' lang='grc' dir='ltr'>ἀλλ’</span> <span class='ocrx_word' id='word_1_171' title='bbox 1134 1511 1192 1564; x_wconf 76' lang='grc' dir='ltr'>οὐ</span> <span class='ocrx_word' id='word_1_172' title='bbox 1223 1515 1383 1583; x_wconf 86' lang='grc' dir='ltr'>μόνην</span> <span class='ocrx_word' id='word_1_173' title='bbox 1419 1514 1512 1568; x_wconf 76' lang='grc' dir='ltr'>τὴν</span> <span class='ocrx_word' id='word_1_174' title='bbox 1535 1513 1792 1580; x_wconf 76' lang='grc' dir='ltr'>γέννησιν,</span> 
     </span>
    </p>
   </div>
   <div class='ocr_carea' id='block_1_25' title="bbox 1937 1501 3566 1586">
    <p class='ocr_par' dir='ltr' id='par_1_25' title="bbox 1937 1501 3566 1566">
     <span class='ocr_line' id='line_1_25' title="bbox 1937 1501 3566 1566; baseline 0.008 -13"><span class='ocrx_word' id='word_1_175' title='bbox 1937 1501 2288 1562; x_wconf 56' lang='lat' dir='ltr'>tositionem.</span> <span class='ocrx_word' id='word_1_176' title='bbox 2314 1519 2430 1559; x_wconf 91' lang='lat' dir='ltr'>non</span> <span class='ocrx_word' id='word_1_177' title='bbox 2461 1509 2661 1560; x_wconf 87' lang='lat' dir='ltr'>autem</span> <span class='ocrx_word' id='word_1_178' title='bbox 2691 1506 2883 1562; x_wconf 87' lang='lat' dir='ltr'>solam</span> <span class='ocrx_word' id='word_1_179' title='bbox 2901 1507 3271 1564; x_wconf 82' lang='lat' dir='ltr'>nativitatem</span> <span class='ocrx_word' id='word_1_180' title='bbox 3298 1527 3309 1564; x_wconf 92' lang='lat'>:</span> <span class='ocrx_word' id='word_1_181' title='bbox 3339 1515 3403 1565; x_wconf 88' lang='lat' dir='ltr'>ut</span> <span class='ocrx_word' id='word_1_182' title='bbox 3430 1526 3566 1566; x_wconf 87' lang='lat' dir='ltr'>con-</span> 
     </span>
    </p>
   </div>
   <div class='ocr_carea' id='block_1_26' title="bbox 185 1590 1811 1676">
    <p class='ocr_par' dir='ltr' id='par_1_26' title="bbox 185 1601 1794 1676">
     <span class='ocr_line' id='line_1_26' title="bbox 185 1601 1794 1676; baseline -0.007 -18"><span class='ocrx_word' id='word_1_183' title='bbox 185 1609 274 1658; x_wconf 82' lang='grc' dir='ltr'>ἰνα</span> <span class='ocrx_word' id='word_1_184' title='bbox 293 1611 385 1657; x_wconf 81' lang='grc' dir='ltr'>καὶ</span> <span class='ocrx_word' id='word_1_185' title='bbox 421 1608 482 1657; x_wconf 84' lang='grc' dir='ltr'>τὸ</span> <span class='ocrx_word' id='word_1_186' title='bbox 516 1607 692 1676; x_wconf 77' lang='grc' dir='ltr'>θαῦμα</span> <span class='ocrx_word' id='word_1_187' title='bbox 745 1608 960 1674; x_wconf 84' lang='grc' dir='ltr'>γένηται</span> <span class='ocrx_word' id='word_1_188' title='bbox 987 1611 1079 1662; x_wconf 84' lang='grc' dir='ltr'>τῆς</span> <span class='ocrx_word' id='word_1_189' title='bbox 1111 1601 1193 1654; x_wconf 79' lang='grc' dir='ltr'>ἐπὶ</span> <span class='ocrx_word' id='word_1_190' title='bbox 1232 1609 1304 1671; x_wconf 81' lang='grc' dir='ltr'>τῷ</span> <span class='ocrx_word' id='word_1_191' title='bbox 1338 1601 1550 1672; x_wconf 67' lang='grc' dir='ltr'>ὀνόματι</span> <span class='ocrx_word' id='word_1_192' title='bbox 1578 1617 1794 1670; x_wconf 77' lang='grc' dir='ltr'>συμφω-</span> 
     </span>
    </p>
   </div>
   <div class='ocr_carea' id='block_1_27' title="bbox 1937 1590 3264 1676">
    <p class='ocr_par' dir='ltr' id='par_1_27' title="bbox 1937 1590 3264 1653">
     <span class='ocr_line' id='line_1_27' title="bbox 1937 1590 3264 1653; baseline 0.005 -7"><span class='ocrx_word' id='word_1_193' title='bbox 1937 1591 2202 1647; x_wconf 80' lang='lat' dir='ltr'>enientia</span> <span class='ocrx_word' id='word_1_194' title='bbox 2231 1590 2293 1645; x_wconf 90' lang='lat' dir='ltr'>in</span> <span class='ocrx_word' id='word_1_195' title='bbox 2314 1592 2554 1648; x_wconf 85' lang='lat' dir='ltr'>nomine</span> <span class='ocrx_word' id='word_1_196' title='bbox 2579 1591 2646 1649; x_wconf 85' lang='lat' dir='ltr'>ﬁt</span> <span class='ocrx_word' id='word_1_197' title='bbox 2674 1595 2853 1650; x_wconf 87' lang='lat' dir='ltr'>etiam</span> <span class='ocrx_word' id='word_1_198' title='bbox 2885 1595 3264 1653; x_wconf 88' lang='lat' dir='ltr'>miraculum.</span> 
     </span>
    </p>
   </div>
   <div class='ocr_carea' id='block_1_28' title="bbox 182 1716 320 1758">
    <p class='ocr_par' dir='ltr' id='par_1_28' title="bbox 182 1716 320 1758">
     <span class='ocr_line' id='line_1_28' title="bbox 182 1716 320 1758; baseline -0.007 -11"><span class='ocrx_word' id='word_1_199' title='bbox 182 1716 320 1758; x_wconf 86' lang='grc' dir='ltr'>νιας.</span> 
     </span>
    </p>
   </div>
   <div class='ocr_carea' id='block_1_29' title="bbox 265 1813 1811 1912">
    <p class='ocr_par' dir='ltr' id='par_1_29' title="bbox 265 1818 1462 1894">
     <span class='ocr_line' id='line_1_29' title="bbox 265 1818 1462 1894; baseline -0.006 -21"><span class='ocrx_word' id='word_1_200' title='bbox 265 1825 366 1873; x_wconf 79' lang='grc' dir='ltr'>Καὶ</span> <span class='ocrx_word' id='word_1_201' title='bbox 391 1825 513 1894; x_wconf 80' lang='grc' dir='ltr'>χεὶρ</span> <span class='ocrx_word' id='word_1_202' title='bbox 545 1850 602 1858; x_wconf 70' lang='grc' dir='ltr'>συ</span> <span class='ocrx_word' id='word_1_203' title='bbox 641 1818 822 1870; x_wconf 65' lang='grc' dir='ltr'>αὐτοῦ.</span> <span class='ocrx_word' id='word_1_204' title='bbox 855 1821 1097 1890; x_wconf 71' lang='grc' dir='ltr'>Δύναμις,</span> <span class='ocrx_word' id='word_1_205' title='bbox 1126 1818 1285 1891; x_wconf 82' lang='grc' dir='ltr'>χάρις</span> <span class='ocrx_word' id='word_1_206' title='bbox 1315 1822 1462 1870; x_wconf 77' lang='grc' dir='ltr'>Θεοῦ.</span> 
     </span>
    </p>
   </div>
   <div class='ocr_carea' id='block_1_30' title="bbox 1937 1813 3556 1912">
    <p class='ocr_par' dir='ltr' id='par_1_30' title="bbox 1983 1813 3556 1890">
     <span class='ocr_line' id='line_1_30' title="bbox 1983 1813 3556 1890; baseline 0.008 -24"><span class='ocrx_word' id='word_1_207' title='bbox 1983 1813 2141 1868; x_wconf 81' lang='lat' dir='ltr'>Vers.</span> <span class='ocrx_word' id='word_1_208' title='bbox 2176 1817 2263 1868; x_wconf 89' lang='lat'>66.</span> <span class='ocrx_word' id='word_1_209' title='bbox 2307 1816 2381 1868; x_wconf 84' lang='lat' dir='ltr'>Et</span> <span class='ocrx_word' id='word_1_210' title='bbox 2417 1832 2610 1870; x_wconf 82' lang='lat' dir='ltr'>manus</span> <span class='ocrx_word' id='word_1_211' title='bbox 2640 1847 2706 1856; x_wconf 96' lang='lat'><strong>—</strong></span> <span class='ocrx_word' id='word_1_212' title='bbox 2737 1816 2854 1873; x_wconf 73' lang='lat' dir='ltr'>illo.</span> <span class='ocrx_word' id='word_1_213' title='bbox 2880 1814 3080 1873; x_wconf 87' lang='lat' dir='ltr'>Virtus</span> <span class='ocrx_word' id='word_1_214' title='bbox 3110 1833 3179 1875; x_wconf 88' lang='lat' dir='ltr'>ac</span> <span class='ocrx_word' id='word_1_215' title='bbox 3206 1819 3398 1890; x_wconf 81' lang='lat' dir='ltr'>gratia</span> <span class='ocrx_word' id='word_1_216' title='bbox 3433 1821 3556 1878; x_wconf 88' lang='lat' dir='ltr'>Dei.</span> 
     </span>
    </p>
   </div>
   <div class='ocr_carea' id='block_1_31' title="bbox 269 1903 1811 1984">
    <p class='ocr_par' dir='ltr' id='par_1_31' title="bbox 269 1906 1799 1984">
     <span class='ocr_line' id='line_1_31' title="bbox 269 1906 1799 1984; baseline -0.005 -22"><span class='ocrx_word' id='word_1_217' title='bbox 269 1915 367 1963; x_wconf 77' lang='grc' dir='ltr'>Καὶ</span> <span class='ocrx_word' id='word_1_218' title='bbox 399 1915 672 1984; x_wconf 72' lang='grc' dir='ltr'>Ζαχαρίας</span> <span class='ocrx_word' id='word_1_219' title='bbox 737 1941 779 1948; x_wconf 85' lang='grc'>--</span> <span class='ocrx_word' id='word_1_220' title='bbox 823 1908 998 1960; x_wconf 70' lang='grc' dir='ltr'>αὑτοῦ.</span> <span class='ocrx_word' id='word_1_221' title='bbox 1064 1912 1186 1980; x_wconf 85' lang='grc' dir='ltr'>Περὶ</span> <span class='ocrx_word' id='word_1_222' title='bbox 1242 1915 1337 1968; x_wconf 82' lang='grc' dir='ltr'>τῆς</span> <span class='ocrx_word' id='word_1_223' title='bbox 1367 1906 1799 1977; x_wconf 79' lang='grc' dir='ltr'>ἐνανθρωπὴσεως</span> 
     </span>
    </p>
   </div>
   <div class='ocr_carea' id='block_1_32' title="bbox 1937 1903 3570 1984">
    <p class='ocr_par' dir='ltr' id='par_1_32' title="bbox 1987 1903 3570 1966">
     <span class='ocr_line' id='line_1_32' title="bbox 1987 1903 3570 1966; baseline 0.005 -10"><span class='ocrx_word' id='word_1_224' title='bbox 1987 1903 2142 1956; x_wconf 87' lang='lat' dir='ltr'>Vers.</span> <span class='ocrx_word' id='word_1_225' title='bbox 2197 1904 2282 1959; x_wconf 88' lang='lat'>67.</span> <span class='ocrx_word' id='word_1_226' title='bbox 2338 1905 2411 1958; x_wconf 79' lang='lat' dir='ltr'>Et</span> <span class='ocrx_word' id='word_1_227' title='bbox 2468 1905 2768 1960; x_wconf 80' lang='lat' dir='ltr'>Zacharias</span> <span class='ocrx_word' id='word_1_228' title='bbox 2806 1937 2876 1946; x_wconf 92' lang='lat'>—</span> <span class='ocrx_word' id='word_1_229' title='bbox 2918 1921 3054 1962; x_wconf 67' lang='lat' dir='ltr'>suae.</span> <span class='ocrx_word' id='word_1_230' title='bbox 3108 1907 3226 1962; x_wconf 85' lang='lat' dir='ltr'>Hac</span> <span class='ocrx_word' id='word_1_231' title='bbox 3257 1909 3330 1963; x_wconf 91' lang='lat' dir='ltr'>de</span> <span class='ocrx_word' id='word_1_232' title='bbox 3359 1909 3570 1966; x_wconf 86' lang='lat' dir='ltr'>Christi</span> 
     </span>
    </p>
   </div>
   <div class='ocr_carea' id='block_1_33' title="bbox 192 1993 1811 2072">
    <p class='ocr_par' dir='ltr' id='par_1_33' title="bbox 192 1997 1797 2072">
     <span class='ocr_line' id='line_1_33' title="bbox 192 1997 1797 2072; baseline -0.004 -20"><span class='ocrx_word' id='word_1_233' title='bbox 192 2008 284 2052; x_wconf 74' lang='grc' dir='ltr'>τοῦ</span> <span class='ocrx_word' id='word_1_234' title='bbox 337 2007 572 2072; x_wconf 68' lang='grc' dir='ltr'>Χριστόν</span> <span class='ocrx_word' id='word_1_235' title='bbox 623 2007 788 2050; x_wconf 62' lang='grc' dir='ltr'>ταῦτα</span> <span class='ocrx_word' id='word_1_236' title='bbox 843 2002 1211 2072; x_wconf 68' lang='grc' dir='ltr'>προεφήτευσε.</span> <span class='ocrx_word' id='word_1_237' title='bbox 1299 1998 1392 2048; x_wconf 81' lang='grc' dir='ltr'>Διὰ</span> <span class='ocrx_word' id='word_1_238' title='bbox 1448 1999 1640 2055; x_wconf 68' lang='grc' dir='ltr'>ταὺτης</span> <span class='ocrx_word' id='word_1_239' title='bbox 1698 1997 1797 2066; x_wconf 79' lang='grc' dir='ltr'>γὰρ</span> 
     </span>
    </p>
   </div>
   <div class='ocr_carea' id='block_1_34' title="bbox 1937 1993 3571 2072">
    <p class='ocr_par' dir='ltr' id='par_1_34' title="bbox 1937 1994 3571 2065">
     <span class='ocr_line' id='line_1_34' title="bbox 1937 1994 3571 2065; baseline 0.004 -17"><span class='ocrx_word' id='word_1_240' title='bbox 1937 1994 2312 2048; x_wconf 86' lang='lat' dir='ltr'>ncarnatione</span> <span class='ocrx_word' id='word_1_241' title='bbox 2359 1995 2708 2065; x_wconf 83' lang='lat' dir='ltr'>prOphetat:</span> <span class='ocrx_word' id='word_1_242' title='bbox 2739 2011 2845 2065; x_wconf 86' lang='lat' dir='ltr'>per</span> <span class='ocrx_word' id='word_1_243' title='bbox 2901 1995 3055 2051; x_wconf 90' lang='lat' dir='ltr'>hanc</span> <span class='ocrx_word' id='word_1_244' title='bbox 3089 1996 3247 2051; x_wconf 89' lang='lat' dir='ltr'>enim</span> <span class='ocrx_word' id='word_1_245' title='bbox 3311 1997 3571 2054; x_wconf 86' lang='lat' dir='ltr'>visitavit</span> 
     </span>
    </p>
   </div>
   <div class='ocr_carea' id='block_1_35' title="bbox 197 2081 1811 2161">
    <p class='ocr_par' dir='ltr' id='par_1_35' title="bbox 197 2083 1801 2161">
     <span class='ocr_line' id='line_1_35' title="bbox 197 2083 1801 2161; baseline -0.006 -19"><span class='ocrx_word' id='word_1_246' title='bbox 197 2089 520 2160; x_wconf 75' lang='grc' dir='ltr'>ἐπεσκέψατο</span> <span class='ocrx_word' id='word_1_247' title='bbox 578 2093 668 2140; x_wconf 82' lang='grc' dir='ltr'>καὶ</span> <span class='ocrx_word' id='word_1_248' title='bbox 710 2086 1035 2161; x_wconf 79' lang='grc' dir='ltr'>ἐλυτρωσατο</span> <span class='ocrx_word' id='word_1_249' title='bbox 1081 2090 1166 2137; x_wconf 80' lang='grc' dir='ltr'>τὸν</span> <span class='ocrx_word' id='word_1_250' title='bbox 1213 2085 1335 2136; x_wconf 87' lang='grc' dir='ltr'>λαὸν</span> <span class='ocrx_word' id='word_1_251' title='bbox 1393 2085 1551 2136; x_wconf 68' lang='grc' dir='ltr'>αὑτοῦ</span> <span class='ocrx_word' id='word_1_252' title='bbox 1602 2083 1655 2134; x_wconf 79' lang='grc' dir='ltr'><em>ἐκ</em></span> <span class='ocrx_word' id='word_1_253' title='bbox 1712 2092 1801 2143; x_wconf 82' lang='grc' dir='ltr'>τῆς</span> 
     </span>
    </p>
   </div>
   <div class='ocr_carea' id='block_1_36' title="bbox 1937 2081 3572 2161">
    <p class='ocr_par' dir='ltr' id='par_1_36' title="bbox 1937 2081 3572 2158">
     <span class='ocr_line' id='line_1_36' title="bbox 1937 2081 3572 2158; baseline 0.004 -22"><span class='ocrx_word' id='word_1_254' title='bbox 1937 2099 1980 2136; x_wconf 69' lang='grc' dir='ltr'>ιο</span> <span class='ocrx_word' id='word_1_255' title='bbox 2010 2081 2251 2136; x_wconf 86' lang='lat' dir='ltr'>redemit</span> <span class='ocrx_word' id='word_1_256' title='bbox 2278 2082 2568 2153; x_wconf 86' lang='lat' dir='ltr'>populum</span> <span class='ocrx_word' id='word_1_257' title='bbox 2591 2100 2791 2150; x_wconf 89' lang='lat' dir='ltr'>suum,</span> <span class='ocrx_word' id='word_1_258' title='bbox 2821 2099 2941 2138; x_wconf 86' lang='lat' dir='ltr'>non</span> <span class='ocrx_word' id='word_1_259' title='bbox 2970 2083 3165 2139; x_wconf 90' lang='lat' dir='ltr'>solum</span> <span class='ocrx_word' id='word_1_260' title='bbox 3193 2104 3226 2140; x_wconf 90' lang='lat' dir='ltr'>a</span> <span class='ocrx_word' id='word_1_261' title='bbox 3252 2086 3572 2158; x_wconf 82' lang='lat' dir='ltr'>tyrannide</span> 
     </span>
    </p>
   </div>
   <div class='ocr_carea' id='block_1_37' title="bbox 198 2166 1811 2249">
    <p class='ocr_par' dir='ltr' id='par_1_37' title="bbox 198 2172 1801 2249">
     <span class='ocr_line' id='line_1_37' title="bbox 198 2172 1801 2249; baseline -0.004 -20"><span class='ocrx_word' id='word_1_262' title='bbox 198 2175 524 2249; x_wconf 68' lang='grc' dir='ltr'>τυραννίδος,</span> <span class='ocrx_word' id='word_1_263' title='bbox 569 2176 626 2228; x_wconf 69' lang='grc' dir='ltr'>οὗ</span> <span class='ocrx_word' id='word_1_264' title='bbox 671 2180 823 2248; x_wconf 78' lang='grc' dir='ltr'>μόνον</span> <span class='ocrx_word' id='word_1_265' title='bbox 872 2185 970 2227; x_wconf 83' lang='grc' dir='ltr'>τῶν</span> <span class='ocrx_word' id='word_1_266' title='bbox 1025 2173 1256 2240; x_wconf 79' lang='grc' dir='ltr'>ἀοράτων</span> <span class='ocrx_word' id='word_1_267' title='bbox 1297 2173 1510 2248; x_wconf 74' lang='grc' dir='ltr'>ἐχθρῶν.</span> <span class='ocrx_word' id='word_1_268' title='bbox 1551 2172 1678 2224; x_wconf 72' lang='grc' dir='ltr'>ἀλλὰ</span> <span class='ocrx_word' id='word_1_269' title='bbox 1712 2177 1801 2224; x_wconf 79' lang='grc' dir='ltr'>καὶ</span> 
     </span>
    </p>
   </div>
   <div class='ocr_carea' id='block_1_38' title="bbox 1937 2166 3574 2249">
    <p class='ocr_par' dir='ltr' id='par_1_38' title="bbox 1937 2166 3574 2236">
     <span class='ocr_line' id='line_1_38' title="bbox 1937 2166 3574 2236; baseline 0.003 -15"><span class='ocrx_word' id='word_1_270' title='bbox 1937 2166 2174 2221; x_wconf 81' lang='lat' dir='ltr'>iostium</span> <span class='ocrx_word' id='word_1_271' title='bbox 2193 2167 2602 2236; x_wconf 75' lang='lat' dir='ltr'>invisibiliuzn,</span> <span class='ocrx_word' id='word_1_272' title='bbox 2629 2167 2732 2222; x_wconf 90' lang='lat' dir='ltr'>sed</span> <span class='ocrx_word' id='word_1_273' title='bbox 2754 2168 2933 2224; x_wconf 89' lang='lat' dir='ltr'>etiam</span> <span class='ocrx_word' id='word_1_274' title='bbox 2960 2167 3304 2236; x_wconf 86' lang='lat' dir='ltr'>visibilium,</span> <span class='ocrx_word' id='word_1_275' title='bbox 3327 2175 3390 2225; x_wconf 91' lang='lat' dir='ltr'>ut</span> <span class='ocrx_word' id='word_1_276' title='bbox 3411 2171 3574 2226; x_wconf 83' lang='lat' dir='ltr'>vide-</span> 
     </span>
    </p>
   </div>
   <div class='ocr_carea' id='block_1_39' title="bbox 208 2255 1811 2339">
    <p class='ocr_par' dir='ltr' id='par_1_39' title="bbox 208 2260 1803 2339">
     <span class='ocr_line' id='line_1_39' title="bbox 208 2260 1803 2339; baseline -0.002 -23"><span class='ocrx_word' id='word_1_277' title='bbox 208 2277 304 2317; x_wconf 81' lang='grc' dir='ltr'>τῶν</span> <span class='ocrx_word' id='word_1_278' title='bbox 353 2268 569 2339; x_wconf 71' lang='grc' dir='ltr'>ὁρατῶν,</span> <span class='ocrx_word' id='word_1_279' title='bbox 619 2268 683 2326; x_wconf 84' lang='grc' dir='ltr'>ὡς</span> <span class='ocrx_word' id='word_1_280' title='bbox 713 2270 783 2338; x_wconf 76' lang='grc' dir='ltr'>μὴ</span> <span class='ocrx_word' id='word_1_281' title='bbox 843 2260 1138 2335; x_wconf 64' lang='grc' dir='ltr'>δυναμένων</span> <span class='ocrx_word' id='word_1_282' title='bbox 1168 2264 1526 2336; x_wconf 69' lang='grc' dir='ltr'>περιγενέσθαι</span> <span class='ocrx_word' id='word_1_283' title='bbox 1558 2271 1653 2322; x_wconf 79' lang='grc' dir='ltr'>τῆς</span> <span class='ocrx_word' id='word_1_284' title='bbox 1678 2267 1803 2313; x_wconf 85' lang='grc' dir='ltr'>πίσ-</span> 
     </span>
    </p>
   </div>
   <div class='ocr_carea' id='block_1_40' title="bbox 1937 2255 3574 2339">
    <p class='ocr_par' dir='ltr' id='par_1_40' title="bbox 1937 2255 3574 2330">
     <span class='ocr_line' id='line_1_40' title="bbox 1937 2255 3574 2330; baseline 0.003 -20"><span class='ocrx_word' id='word_1_285' title='bbox 1937 2255 2234 2324; x_wconf 83' lang='lat' dir='ltr'>icetﬁdem</span> <span class='ocrx_word' id='word_1_286' title='bbox 2251 2256 2379 2325; x_wconf 88' lang='lat' dir='ltr'>ejus</span> <span class='ocrx_word' id='word_1_287' title='bbox 2399 2272 2679 2328; x_wconf 88' lang='lat' dir='ltr'>superare</span> <span class='ocrx_word' id='word_1_288' title='bbox 2693 2273 2815 2313; x_wconf 91' lang='lat' dir='ltr'>non</span> <span class='ocrx_word' id='word_1_289' title='bbox 2829 2255 3078 2328; x_wconf 86' lang='lat' dir='ltr'>possint.</span> <span class='ocrx_word' id='word_1_290' title='bbox 3095 2257 3381 2330; x_wconf 88' lang='lat' dir='ltr'>Populum</span> <span class='ocrx_word' id='word_1_291' title='bbox 3398 2276 3574 2315; x_wconf 88' lang='lat' dir='ltr'>suum</span> 
     </span>
    </p>
   </div>
   <div class='ocr_carea' id='block_1_41' title="bbox 212 2345 1811 2426">
    <p class='ocr_par' dir='ltr' id='par_1_41' title="bbox 212 2352 1806 2426">
     <span class='ocr_line' id='line_1_41' title="bbox 212 2352 1806 2426; baseline -0.003 -20"><span class='ocrx_word' id='word_1_292' title='bbox 212 2375 322 2418; x_wconf 86' lang='grc' dir='ltr'>τεω;</span> <span class='ocrx_word' id='word_1_293' title='bbox 363 2356 542 2408; x_wconf 68' lang='grc' dir='ltr'>αὑτοῦ.</span> <span class='ocrx_word' id='word_1_294' title='bbox 573 2359 709 2408; x_wconf 85' lang='grc' dir='ltr'>Λαόν</span> <span class='ocrx_word' id='word_1_295' title='bbox 739 2352 798 2406; x_wconf 72' lang='grc' dir='ltr'>δὲ</span> <span class='ocrx_word' id='word_1_296' title='bbox 823 2354 978 2406; x_wconf 65' lang='grc' dir='ltr'>αὐτοῦ</span> <span class='ocrx_word' id='word_1_297' title='bbox 1021 2357 1419 2425; x_wconf 75' lang='grc' dir='ltr'>προηγουμένως</span> <span class='ocrx_word' id='word_1_298' title='bbox 1451 2355 1562 2426; x_wconf 72' lang='grc' dir='ltr'>μὲν,</span> <span class='ocrx_word' id='word_1_299' title='bbox 1591 2355 1678 2403; x_wconf 88' lang='grc' dir='ltr'>τὸν</span> <span class='ocrx_word' id='word_1_300' title='bbox 1710 2372 1806 2404; x_wconf 68' lang='grc' dir='ltr'>παι</span> 
     </span>
    </p>
   </div>
   <div class='ocr_carea' id='block_1_42' title="bbox 1937 2345 3578 2426">
    <p class='ocr_par' dir='ltr' id='par_1_42' title="bbox 1937 2345 3578 2417">
     <span class='ocr_line' id='line_1_42' title="bbox 1937 2345 3578 2417; baseline 0.003 -18"><span class='ocrx_word' id='word_1_301' title='bbox 1937 2349 2155 2412; x_wconf 85' lang='lat' dir='ltr'>mtem;</span> <span class='ocrx_word' id='word_1_302' title='bbox 2225 2345 2420 2416; x_wconf 84' lang='lat' dir='ltr'>primo</span> <span class='ocrx_word' id='word_1_303' title='bbox 2472 2345 2712 2417; x_wconf 88' lang='lat' dir='ltr'>quidem</span> <span class='ocrx_word' id='word_1_304' title='bbox 2755 2351 3054 2412; x_wconf 87' lang='lat' dir='ltr'>veterem;</span> <span class='ocrx_word' id='word_1_305' title='bbox 3114 2345 3211 2402; x_wconf 89' lang='lat' dir='ltr'>illo</span> <span class='ocrx_word' id='word_1_306' title='bbox 3260 2364 3398 2404; x_wconf 88' lang='lat' dir='ltr'>vero</span> <span class='ocrx_word' id='word_1_307' title='bbox 3454 2365 3578 2404; x_wconf 89' lang='lat' dir='ltr'>non</span> 
     </span>
    </p>
   </div>
   <div class='ocr_carea' id='block_1_43' title="bbox 205 2433 1811 2510">
    <p class='ocr_par' dir='ltr' id='par_1_43' title="bbox 205 2440 1808 2504">
     <span class='ocr_line' id='line_1_43' title="bbox 205 2440 1808 2504; baseline -0.004 -7"><span class='ocrx_word' id='word_1_308' title='bbox 205 2445 346 2498; x_wconf 88' lang='grc' dir='ltr'>λαιόν</span> <span class='ocrx_word' id='word_1_309' title='bbox 390 2463 402 2476; x_wconf 81' lang='lat'><strong><em>°</em></strong></span> <span class='ocrx_word' id='word_1_310' title='bbox 435 2444 628 2498; x_wconf 83' lang='grc' dir='ltr'>ἐκείνου</span> <span class='ocrx_word' id='word_1_311' title='bbox 687 2441 744 2496; x_wconf 73' lang='grc' dir='ltr'>δὲ</span> <span class='ocrx_word' id='word_1_312' title='bbox 791 2442 1172 2504; x_wconf 68' lang='grc' dir='ltr'>ἀπειθήσαντος</span> <span class='ocrx_word' id='word_1_313' title='bbox 1225 2445 1310 2494; x_wconf 85' lang='grc' dir='ltr'>τόν</span> <span class='ocrx_word' id='word_1_314' title='bbox 1353 2446 1460 2493; x_wconf 86' lang='grc' dir='ltr'>νέον</span> <span class='ocrx_word' id='word_1_315' title='bbox 1499 2441 1697 2494; x_wconf 84' lang='grc' dir='ltr'>λοιπὸν.</span> <span class='ocrx_word' id='word_1_316' title='bbox 1725 2440 1808 2500; x_wconf 76' lang='grc' dir='ltr'>Ὡς</span> 
     </span>
    </p>
   </div>
   <div class='ocr_carea' id='block_1_44' title="bbox 1937 2433 3576 2510">
    <p class='ocr_par' dir='ltr' id='par_1_44' title="bbox 1937 2433 3576 2510">
     <span class='ocr_line' id='line_1_44' title="bbox 1937 2433 3576 2510; baseline 0.003 -22"><span class='ocrx_word' id='word_1_317' title='bbox 1937 2434 2216 2499; x_wconf 84' lang='lat' dir='ltr'>:redente,</span> <span class='ocrx_word' id='word_1_318' title='bbox 2249 2434 2639 2506; x_wconf 89' lang='lat' dir='ltr'>postmodum</span> <span class='ocrx_word' id='word_1_319' title='bbox 2670 2451 2915 2491; x_wconf 89' lang='lat' dir='ltr'>novum.</span> <span class='ocrx_word' id='word_1_320' title='bbox 2943 2433 3091 2490; x_wconf 90' lang='lat' dir='ltr'>Dicit</span> <span class='ocrx_word' id='word_1_321' title='bbox 3118 2439 3314 2491; x_wconf 89' lang='lat' dir='ltr'>autem</span> <span class='ocrx_word' id='word_1_322' title='bbox 3341 2453 3411 2493; x_wconf 90' lang='lat' dir='ltr'>ea</span> <span class='ocrx_word' id='word_1_323' title='bbox 3437 2454 3576 2510; x_wconf 64' lang='lat' dir='ltr'>qua;</span> 
     </span>
    </p>
   </div>
   <div class='ocr_carea' id='block_1_45' title="bbox 199 2521 1811 2608">
    <p class='ocr_par' dir='ltr' id='par_1_45' title="bbox 199 2531 1810 2608">
     <span class='ocr_line' id='line_1_45' title="bbox 199 2531 1810 2608; baseline -0.004 -20"><span class='ocrx_word' id='word_1_324' title='bbox 199 2539 518 2608; x_wconf 57' lang='lat' dir='ltr'>yzyavniufva:</span> <span class='ocrx_word' id='word_1_325' title='bbox 569 2531 627 2586; x_wconf 73' lang='grc' dir='ltr'>δὲ</span> <span class='ocrx_word' id='word_1_326' title='bbox 681 2533 818 2605; x_wconf 82' lang='grc' dir='ltr'>λέγει</span> <span class='ocrx_word' id='word_1_327' title='bbox 876 2535 940 2585; x_wconf 78' lang='grc' dir='ltr'>τὰ</span> <span class='ocrx_word' id='word_1_328' title='bbox 1004 2539 1344 2605; x_wconf 80' lang='grc' dir='ltr'>γενησόμενα,</span> <span class='ocrx_word' id='word_1_329' title='bbox 1406 2535 1545 2603; x_wconf 76' lang='grc' dir='ltr'>νομῷ</span> <span class='ocrx_word' id='word_1_330' title='bbox 1611 2549 1810 2604; x_wconf 68' lang='grc' dir='ltr'>προφηα</span> 
     </span>
    </p>
   </div>
   <div class='ocr_carea' id='block_1_46' title="bbox 1937 2521 3578 2608">
    <p class='ocr_par' dir='ltr' id='par_1_46' title="bbox 1937 2521 3578 2598">
     <span class='ocr_line' id='line_1_46' title="bbox 1937 2521 3578 2598; baseline 0.004 -22"><span class='ocrx_word' id='word_1_331' title='bbox 1937 2521 2118 2578; x_wconf 72' lang='lat' dir='ltr'>’utura</span> <span class='ocrx_word' id='word_1_332' title='bbox 2144 2528 2302 2587; x_wconf 90' lang='lat' dir='ltr'>sunt,</span> <span class='ocrx_word' id='word_1_333' title='bbox 2335 2528 2626 2595; x_wconf 87' lang='lat' dir='ltr'>tanquam</span> <span class='ocrx_word' id='word_1_334' title='bbox 2649 2539 2718 2579; x_wconf 93' lang='lat' dir='ltr'>ea</span> <span class='ocrx_word' id='word_1_335' title='bbox 2739 2539 2874 2595; x_wconf 72' lang='lat' dir='ltr'>quae</span> <span class='ocrx_word' id='word_1_336' title='bbox 2901 2522 3059 2579; x_wconf 86' lang='lat' dir='ltr'>facta</span> <span class='ocrx_word' id='word_1_337' title='bbox 3082 2529 3236 2595; x_wconf 89' lang='lat' dir='ltr'>sunt,</span> <span class='ocrx_word' id='word_1_338' title='bbox 3252 2542 3415 2582; x_wconf 90' lang='lat' dir='ltr'>more</span> <span class='ocrx_word' id='word_1_339' title='bbox 3443 2542 3578 2598; x_wconf 90' lang='lat' dir='ltr'>pro-</span> 
     </span>
    </p>
   </div>
   <div class='ocr_carea' id='block_1_47' title="bbox 199 2612 2157 2687">
    <p class='ocr_par' dir='ltr' id='par_1_47' title="bbox 199 2612 2157 2687">
     <span class='ocr_line' id='line_1_47' title="bbox 199 2612 2157 2687; baseline -0.007 -9"><span class='ocrx_word' id='word_1_340' title='bbox 199 2631 361 2687; x_wconf 80' lang='grc' dir='ltr'>τείας.</span> <span class='ocrx_word' id='word_1_341' title='bbox 1921 2612 2157 2684; x_wconf 73' lang='grc' dir='ltr'>ρῘΙΘῖἱξΒ.</span> 
     </span>
    </p>
   </div>
   <div class='ocr_carea' id='block_1_48' title="bbox 273 2728 1806 2803">
    <p class='ocr_par' dir='ltr' id='par_1_48' title="bbox 273 2728 1806 2803">
     <span class='ocr_line' id='line_1_48' title="bbox 273 2728 1806 2803; baseline -0.005 -17"><span class='ocrx_word' id='word_1_342' title='bbox 273 2733 434 2786; x_wconf 76' lang='grc' dir='ltr'>Ἀλλὰ</span> <span class='ocrx_word' id='word_1_343' title='bbox 467 2740 576 2793; x_wconf 84' lang='grc' dir='ltr'>πῶς</span> <span class='ocrx_word' id='word_1_344' title='bbox 612 2731 816 2803; x_wconf 78' lang='grc' dir='ltr'>λέγεται</span> <span class='ocrx_word' id='word_1_345' title='bbox 864 2733 993 2792; x_wconf 83' lang='grc' dir='ltr'>Θεὸς</span> <span class='ocrx_word' id='word_1_346' title='bbox 1047 2738 1140 2782; x_wconf 84' lang='grc' dir='ltr'>τοῦ</span> <span class='ocrx_word' id='word_1_347' title='bbox 1187 2729 1402 2802; x_wconf 84' lang='grc' dir='ltr'>Ἰσραὴλ</span> <span class='ocrx_word' id='word_1_348' title='bbox 1446 2728 1558 2800; x_wconf 88' lang='grc'>(36)</span> <span class='ocrx_word' id='word_1_349' title='bbox 1599 2732 1750 2800; x_wconf 85' lang='grc' dir='ltr'>μόνον</span> <span class='ocrx_word' id='word_1_350' title='bbox 1793 2745 1806 2795; x_wconf 89' lang='lat'><strong>;</strong></span> 
     </span>
    </p>
   </div>
   <div class='ocr_carea' id='block_1_49' title="bbox 1993 2755 3581 2826">
    <p class='ocr_par' dir='ltr' id='par_1_49' title="bbox 1993 2755 3581 2826">
     <span class='ocr_line' id='line_1_49' title="bbox 1993 2755 3581 2826; baseline 0.004 -17"><span class='ocrx_word' id='word_1_351' title='bbox 1993 2757 2210 2810; x_wconf 90' lang='lat' dir='ltr'>Verum</span> <span class='ocrx_word' id='word_1_352' title='bbox 2239 2755 2548 2826; x_wconf 88' lang='lat' dir='ltr'>quomodo</span> <span class='ocrx_word' id='word_1_353' title='bbox 2586 2756 2796 2812; x_wconf 89' lang='lat' dir='ltr'>dicitur</span> <span class='ocrx_word' id='word_1_354' title='bbox 2827 2756 2982 2811; x_wconf 91' lang='lat' dir='ltr'>Deus</span> <span class='ocrx_word' id='word_1_355' title='bbox 3012 2757 3197 2814; x_wconf 87' lang='lat' dir='ltr'>solius</span> <span class='ocrx_word' id='word_1_356' title='bbox 3218 2757 3411 2823; x_wconf 86' lang='lat' dir='ltr'>israel,</span> <span class='ocrx_word' id='word_1_357' title='bbox 3441 2774 3581 2815; x_wconf 89' lang='lat' dir='ltr'>cum</span> 
     </span>
    </p>
   </div>
   <div class='ocr_carea' id='block_1_50' title="bbox 203 2815 1810 2895">
    <p class='ocr_par' dir='ltr' id='par_1_50' title="bbox 203 2815 1810 2895">
     <span class='ocr_line' id='line_1_50' title="bbox 203 2815 1810 2895; baseline -0.005 -19"><span class='ocrx_word' id='word_1_358' title='bbox 203 2823 312 2877; x_wconf 77' lang='grc' dir='ltr'>Καὶ</span> <span class='ocrx_word' id='word_1_359' title='bbox 349 2826 453 2895; x_wconf 80' lang='grc' dir='ltr'>γὰρ</span> <span class='ocrx_word' id='word_1_360' title='bbox 503 2821 562 2873; x_wconf 73' lang='grc' dir='ltr'>οὐ</span> <span class='ocrx_word' id='word_1_361' title='bbox 594 2830 692 2872; x_wconf 88' lang='grc' dir='ltr'>τῶν</span> <span class='ocrx_word' id='word_1_362' title='bbox 730 2819 1070 2895; x_wconf 77' lang='grc' dir='ltr'>Ἰσραηλιτῶν</span> <span class='ocrx_word' id='word_1_363' title='bbox 1113 2823 1265 2892; x_wconf 81' lang='grc' dir='ltr'>μόνον</span> <span class='ocrx_word' id='word_1_364' title='bbox 1323 2817 1435 2870; x_wconf 84' lang='grc' dir='ltr'>ἐστὶ</span> <span class='ocrx_word' id='word_1_365' title='bbox 1487 2821 1632 2882; x_wconf 83' lang='grc' dir='ltr'>Θεὸς,</span> <span class='ocrx_word' id='word_1_366' title='bbox 1683 2815 1810 2868; x_wconf 79' lang='grc' dir='ltr'>ἀλλὰ</span> 
     </span>
    </p>
   </div>
   <div class='ocr_carea' id='block_1_51' title="bbox 1921 2843 3582 2915">
    <p class='ocr_par' dir='ltr' id='par_1_51' title="bbox 1921 2843 3582 2915">
     <span class='ocr_line' id='line_1_51' title="bbox 1921 2843 3582 2915; baseline 0.004 -17"><span class='ocrx_word' id='word_1_367' title='bbox 1921 2859 2042 2900; x_wconf 87' lang='lat' dir='ltr'>non</span> <span class='ocrx_word' id='word_1_368' title='bbox 2063 2848 2297 2898; x_wconf 86' lang='lat' dir='ltr'>tantum</span> <span class='ocrx_word' id='word_1_369' title='bbox 2331 2843 2700 2900; x_wconf 84' lang='lat' dir='ltr'>Iraelitarum</span> <span class='ocrx_word' id='word_1_370' title='bbox 2731 2847 2885 2902; x_wconf 91' lang='lat' dir='ltr'>Deus</span> <span class='ocrx_word' id='word_1_371' title='bbox 2921 2849 3016 2915; x_wconf 87' lang='lat' dir='ltr'>sit,</span> <span class='ocrx_word' id='word_1_372' title='bbox 3077 2848 3183 2902; x_wconf 92' lang='lat' dir='ltr'>sed</span> <span class='ocrx_word' id='word_1_373' title='bbox 3231 2852 3287 2902; x_wconf 91' lang='lat' dir='ltr'>et</span> <span class='ocrx_word' id='word_1_374' title='bbox 3317 2849 3582 2904; x_wconf 89' lang='lat' dir='ltr'>omnium</span> 
     </span>
    </p>
   </div>
   <div class='ocr_carea' id='block_1_52' title="bbox 1921 2932 3585 3004">
    <p class='ocr_par' dir='ltr' id='par_1_52' title="bbox 1921 2932 3585 3004">
     <span class='ocr_line' id='line_1_52' title="bbox 1921 2932 3585 3004; baseline 0.003 -15"><span class='ocrx_word' id='word_1_375' title='bbox 1921 2932 2262 2997; x_wconf 88' lang='lat' dir='ltr'>hominum,</span> <span class='ocrx_word' id='word_1_376' title='bbox 2317 2937 2516 3004; x_wconf 89' lang='lat' dir='ltr'>utpote</span> <span class='ocrx_word' id='word_1_377' title='bbox 2541 2935 2816 2990; x_wconf 86' lang='lat' dir='ltr'>omnium</span> <span class='ocrx_word' id='word_1_378' title='bbox 2849 2941 3080 2992; x_wconf 87' lang='lat' dir='ltr'>creator</span> <span class='ocrx_word' id='word_1_379' title='bbox 3111 2936 3140 2990; x_wconf 75' lang='lat' dir='ltr'>‘I</span> <span class='ocrx_word' id='word_1_380' title='bbox 3164 2936 3316 3001; x_wconf 84' lang='lat' dir='ltr'>Quia</span> <span class='ocrx_word' id='word_1_381' title='bbox 3346 2941 3585 2994; x_wconf 80' lang='lat' dir='ltr'>caetero-</span> 
     </span>
    </p>
   </div>
   <div class='ocr_carea' id='block_1_53' title="bbox 1922 3021 3584 3098">
    <p class='ocr_par' dir='ltr' id='par_1_53' title="bbox 1922 3021 3584 3098">
     <span class='ocr_line' id='line_1_53' title="bbox 1922 3021 3584 3098; baseline 0.002 -20"><span class='ocrx_word' id='word_1_382' title='bbox 1922 3038 2056 3078; x_wconf 88' lang='lat' dir='ltr'>rum</span> <span class='ocrx_word' id='word_1_383' title='bbox 2082 3021 2330 3094; x_wconf 87' lang='lat' dir='ltr'>quidem</span> <span class='ocrx_word' id='word_1_384' title='bbox 2355 3023 2628 3080; x_wconf 90' lang='lat' dir='ltr'>omnium</span> <span class='ocrx_word' id='word_1_385' title='bbox 2679 3024 2998 3081; x_wconf 87' lang='lat' dir='ltr'>hominum</span> <span class='ocrx_word' id='word_1_386' title='bbox 3048 3027 3200 3081; x_wconf 90' lang='lat' dir='ltr'>Deus</span> <span class='ocrx_word' id='word_1_387' title='bbox 3231 3031 3373 3094; x_wconf 86' lang='lat' dir='ltr'>erat,</span> <span class='ocrx_word' id='word_1_388' title='bbox 3433 3026 3584 3098; x_wconf 88' lang='lat' dir='ltr'>ipsis</span> 
     </span>
    </p>
   </div>
   <div class='ocr_carea' id='block_1_54' title="bbox 1742 3111 3582 3190">
    <p class='ocr_par' dir='ltr' id='par_1_54' title="bbox 1742 3111 3582 3190">
     <span class='ocr_line' id='line_1_54' title="bbox 1742 3111 3582 3190; baseline 0.002 -22"><span class='ocrx_word' id='word_1_389' title='bbox 1742 3111 1810 3190; x_wconf 43' lang='grc' dir='ltr'>ξι</span> <span class='ocrx_word' id='word_1_390' title='bbox 1925 3113 2103 3168; x_wconf 89' lang='lat' dir='ltr'>etiam</span> <span class='ocrx_word' id='word_1_391' title='bbox 2157 3111 2512 3166; x_wconf 90' lang='lat' dir='ltr'>nolentibus.</span> <span class='ocrx_word' id='word_1_392' title='bbox 2575 3112 2848 3168; x_wconf 86' lang='lat' dir='ltr'>Solorum</span> <span class='ocrx_word' id='word_1_393' title='bbox 2901 3123 3102 3169; x_wconf 89' lang='lat' dir='ltr'>autem</span> <span class='ocrx_word' id='word_1_394' title='bbox 3161 3115 3582 3182; x_wconf 88' lang='lat' dir='ltr'>Israelitorum,</span> 
     </span>
    </p>
   </div>
   <div class='ocr_carea' id='block_1_55' title="bbox 202 3173 1811 3276">
    <p class='ocr_par' dir='ltr' id='par_1_55' title="bbox 202 3173 1811 3252">
     <span class='ocr_line' id='line_1_55' title="bbox 202 3173 1811 3252; baseline -0.006 -18"><span class='ocrx_word' id='word_1_395' title='bbox 202 3186 296 3238; x_wconf 82' lang='grc' dir='ltr'>Μὴ</span> <span class='ocrx_word' id='word_1_396' title='bbox 327 3177 623 3252; x_wconf 74' lang='grc' dir='ltr'>θορυϐηθῇς</span> <span class='ocrx_word' id='word_1_397' title='bbox 655 3177 713 3230; x_wconf 74' lang='grc' dir='ltr'>δὲ</span> <span class='ocrx_word' id='word_1_398' title='bbox 748 3177 832 3231; x_wconf 82' lang='grc' dir='ltr'>ἐπὶ</span> <span class='ocrx_word' id='word_1_399' title='bbox 870 3185 932 3250; x_wconf 74' lang='grc' dir='ltr'>τῇ</span> <span class='ocrx_word' id='word_1_400' title='bbox 965 3173 1257 3250; x_wconf 75' lang='grc' dir='ltr'>δυσχερείᾳ</span> <span class='ocrx_word' id='word_1_401' title='bbox 1285 3185 1386 3227; x_wconf 83' lang='grc' dir='ltr'>τῶν</span> <span class='ocrx_word' id='word_1_402' title='bbox 1416 3184 1506 3228; x_wconf 77' lang='grc' dir='ltr'>τοῦ</span> <span class='ocrx_word' id='word_1_403' title='bbox 1542 3179 1811 3248; x_wconf 84' lang='grc' dir='ltr'>Ζαχαρίου</span> 
     </span>
    </p>
   </div>
   <div class='ocr_carea' id='block_1_56' title="bbox 1937 3173 3588 3276">
    <p class='ocr_par' dir='ltr' id='par_1_56' title="bbox 1937 3201 3588 3272">
     <span class='ocr_line' id='line_1_56' title="bbox 1937 3201 3588 3272; baseline 0.002 -16"><span class='ocrx_word' id='word_1_404' title='bbox 1937 3201 2346 3264; x_wconf 82' lang='lat' dir='ltr'>ultroneorum,</span> <span class='ocrx_word' id='word_1_405' title='bbox 2379 3204 2436 3256; x_wconf 94' lang='lat' dir='ltr'>et</span> <span class='ocrx_word' id='word_1_406' title='bbox 2450 3216 2555 3272; x_wconf 90' lang='lat' dir='ltr'>per</span> <span class='ocrx_word' id='word_1_407' title='bbox 2575 3202 2997 3272; x_wconf 82' lang='lat' dir='ltr'>cognitionem.</span> <span class='ocrx_word' id='word_1_408' title='bbox 3032 3206 3112 3259; x_wconf 89' lang='lat' dir='ltr'>Ne</span> <span class='ocrx_word' id='word_1_409' title='bbox 3138 3203 3360 3259; x_wconf 90' lang='lat' dir='ltr'>tuberis</span> <span class='ocrx_word' id='word_1_410' title='bbox 3387 3210 3588 3261; x_wconf 87' lang='lat' dir='ltr'>autem</span> 
     </span>
    </p>
   </div>
   <div class='ocr_carea' id='block_1_57' title="bbox 197 3259 1811 3364">
    <p class='ocr_par' dir='ltr' id='par_1_57' title="bbox 197 3259 1811 3346">
     <span class='ocr_line' id='line_1_57' title="bbox 197 3259 1811 3346; baseline -0.005 -24"><span class='ocrx_word' id='word_1_411' title='bbox 197 3272 382 3346; x_wconf 76' lang='grc' dir='ltr'>ῥητῶν</span> <span class='ocrx_word' id='word_1_412' title='bbox 411 3289 424 3300; x_wconf 70' lang='grc' dir='ltr'>ο</span> <span class='ocrx_word' id='word_1_413' title='bbox 461 3277 682 3320; x_wconf 72' lang='grc' dir='ltr'>τοιαῦτα</span> <span class='ocrx_word' id='word_1_414' title='bbox 723 3269 825 3339; x_wconf 82' lang='grc' dir='ltr'>γὰρ</span> <span class='ocrx_word' id='word_1_415' title='bbox 872 3270 942 3320; x_wconf 84' lang='grc' dir='ltr'>τα</span> <span class='ocrx_word' id='word_1_416' title='bbox 989 3268 1289 3340; x_wconf 69' lang='grc' dir='ltr'>προφητικιί</span> <span class='ocrx_word' id='word_1_417' title='bbox 1321 3285 1332 3297; x_wconf 75' lang='grc'><strong><em>⁸</em></strong></span> <span class='ocrx_word' id='word_1_418' title='bbox 1368 3265 1729 3337; x_wconf 84' lang='grc' dir='ltr'>[Ιειρασόμεθα</span> <span class='ocrx_word' id='word_1_419' title='bbox 1759 3259 1811 3314; x_wconf 67' lang='grc' dir='ltr'>δὲ</span> 
     </span>
    </p>
   </div>
   <div class='ocr_carea' id='block_1_58' title="bbox 1937 3259 3590 3364">
    <p class='ocr_par' dir='ltr' id='par_1_58' title="bbox 1937 3259 3590 3364">
     <span class='ocr_line' id='line_1_58' title="bbox 1937 3259 3590 3364; baseline 0.003 -20"><span class='ocrx_word' id='word_1_420' title='bbox 1937 3295 2172 3362; x_wconf 87' lang='lat' dir='ltr'>propter</span> <span class='ocrx_word' id='word_1_421' title='bbox 2226 3259 2681 3346; x_wconf 50' lang='lat' dir='ltr'>difficultatemv</span> <span class='ocrx_word' id='word_1_422' title='bbox 2715 3306 2945 3357; x_wconf 88' lang='lat' dir='ltr'>eorum,</span> <span class='ocrx_word' id='word_1_423' title='bbox 3001 3307 3137 3364; x_wconf 72' lang='lat' dir='ltr'>quae</span> <span class='ocrx_word' id='word_1_424' title='bbox 3190 3308 3226 3348; x_wconf 91' lang='lat' dir='ltr'>a</span> <span class='ocrx_word' id='word_1_425' title='bbox 3306 3259 3590 3349; x_wconf 68' lang='lat' dir='ltr'>Zacharia</span> 
     </span>
    </p>
   </div>
   <div class='ocr_carea' id='block_1_59' title="bbox 1929 3379 3592 3453">
    <p class='ocr_par' dir='ltr' id='par_1_59' title="bbox 1929 3379 3592 3453">
     <span class='ocr_line' id='line_1_59' title="bbox 1929 3379 3592 3453; baseline 0.003 -19"><span class='ocrx_word' id='word_1_426' title='bbox 1929 3379 2208 3434; x_wconf 83' lang='lat' dir='ltr'>dicuntur</span> <span class='ocrx_word' id='word_1_427' title='bbox 2248 3395 2262 3445; x_wconf 89' lang='lat'><strong>;</strong></span> <span class='ocrx_word' id='word_1_428' title='bbox 2291 3393 2435 3434; x_wconf 90' lang='lat' dir='ltr'>nam</span> <span class='ocrx_word' id='word_1_429' title='bbox 2457 3379 2806 3450; x_wconf 79' lang='lat' dir='ltr'>hL&#39;jusmodi</span> <span class='ocrx_word' id='word_1_430' title='bbox 2833 3385 2972 3436; x_wconf 89' lang='lat' dir='ltr'>sunt</span> <span class='ocrx_word' id='word_1_431' title='bbox 3002 3381 3376 3453; x_wconf 85' lang='lat' dir='ltr'>prophetica;</span> <span class='ocrx_word' id='word_1_432' title='bbox 3407 3387 3592 3439; x_wconf 83' lang='lat' dir='ltr'>tenta-</span> 
     </span>
    </p>
   </div>
   <div class='ocr_carea' id='block_1_60' title="bbox 200 2909 1812 2982">
    <p class='ocr_par' dir='ltr' id='par_1_60' title="bbox 200 2909 1812 2982">
     <span class='ocr_line' id='line_1_60' title="bbox 200 2909 1812 2982; baseline -0.004 -18"><span class='ocrx_word' id='word_1_433' title='bbox 200 2917 298 2964; x_wconf 76' lang='grc' dir='ltr'>καὶ</span> <span class='ocrx_word' id='word_1_434' title='bbox 327 2914 535 2963; x_wconf 75' lang='grc' dir='ltr'>πάντων</span> <span class='ocrx_word' id='word_1_435' title='bbox 567 2919 665 2962; x_wconf 88' lang='grc' dir='ltr'>τῶν</span> <span class='ocrx_word' id='word_1_436' title='bbox 715 2909 1018 2982; x_wconf 78' lang='grc' dir='ltr'>ἀνθρώπων,</span> <span class='ocrx_word' id='word_1_437' title='bbox 1047 2911 1112 2970; x_wconf 81' lang='grc' dir='ltr'>ὡς</span> <span class='ocrx_word' id='word_1_438' title='bbox 1150 2911 1349 2961; x_wconf 77' lang='grc' dir='ltr'>πάντων</span> <span class='ocrx_word' id='word_1_439' title='bbox 1385 2912 1636 2968; x_wconf 75' lang='grc' dir='ltr'>Ποιητής.</span> <span class='ocrx_word' id='word_1_440' title='bbox 1667 2911 1812 2958; x_wconf 88' lang='grc' dir='ltr'>Διότι</span> 
     </span>
    </p>
   </div>
   <div class='ocr_carea' id='block_1_61' title="bbox 200 2996 1811 3073">
    <p class='ocr_par' dir='ltr' id='par_1_61' title="bbox 200 2996 1811 3073">
     <span class='ocr_line' id='line_1_61' title="bbox 200 2996 1811 3073; baseline -0.004 -20"><span class='ocrx_word' id='word_1_441' title='bbox 200 3010 307 3054; x_wconf 86' lang='grc' dir='ltr'>τῶν</span> <span class='ocrx_word' id='word_1_442' title='bbox 350 3005 440 3073; x_wconf 73' lang='grc' dir='ltr'>μὲν</span> <span class='ocrx_word' id='word_1_443' title='bbox 479 2999 640 3051; x_wconf 73' lang='grc' dir='ltr'>ἄλλων</span> <span class='ocrx_word' id='word_1_444' title='bbox 670 3001 871 3051; x_wconf 80' lang='grc' dir='ltr'>πάντων</span> <span class='ocrx_word' id='word_1_445' title='bbox 917 2997 1196 3071; x_wconf 77' lang='grc' dir='ltr'>ἀνθρώπων</span> <span class='ocrx_word' id='word_1_446' title='bbox 1250 2997 1474 3050; x_wconf 81' lang='grc' dir='ltr'>ἀκόντων</span> <span class='ocrx_word' id='word_1_447' title='bbox 1515 2996 1628 3048; x_wconf 83' lang='grc' dir='ltr'>ἐστὶ</span> <span class='ocrx_word' id='word_1_448' title='bbox 1683 2999 1811 3057; x_wconf 80' lang='grc' dir='ltr'>Θεὸς</span> 
     </span>
    </p>
   </div>
   <div class='ocr_carea' id='block_1_62' title="bbox 200 3085 1810 3164">
    <p class='ocr_par' dir='ltr' id='par_1_62' title="bbox 200 3085 1810 3164">
     <span class='ocr_line' id='line_1_62' title="bbox 200 3085 1810 3164; baseline -0.005 -21"><span class='ocrx_word' id='word_1_449' title='bbox 200 3100 308 3144; x_wconf 82' lang='grc' dir='ltr'>τῶν</span> <span class='ocrx_word' id='word_1_450' title='bbox 360 3089 698 3164; x_wconf 78' lang='grc' dir='ltr'>Ἰσραηλιτῶν</span> <span class='ocrx_word' id='word_1_451' title='bbox 754 3085 812 3142; x_wconf 68' lang='grc' dir='ltr'>δὲ</span> <span class='ocrx_word' id='word_1_452' title='bbox 859 3092 1026 3160; x_wconf 82' lang='grc' dir='ltr'>μόνων</span> <span class='ocrx_word' id='word_1_453' title='bbox 1083 3087 1298 3140; x_wconf 82' lang='grc' dir='ltr'>ἑκόντων</span> <span class='ocrx_word' id='word_1_454' title='bbox 1343 3087 1456 3139; x_wconf 79' lang='grc' dir='ltr'>κατ’</span> <span class='ocrx_word' id='word_1_455' title='bbox 1513 3085 1810 3157; x_wconf 85' lang='grc' dir='ltr'>ἐπίγνωσιν.</span> 
     </span>
    </p>
   </div>
   <div class='ocr_carea' id='block_1_63' title="bbox 206 3354 1820 3431">
    <p class='ocr_par' dir='ltr' id='par_1_63' title="bbox 206 3354 1820 3431">
     <span class='ocr_line' id='line_1_63' title="bbox 206 3354 1820 3431; baseline -0.005 -20"><span class='ocrx_word' id='word_1_456' title='bbox 206 3364 508 3431; x_wconf 74' lang='grc' dir='ltr'>σαφηνίσαι</span> <span class='ocrx_word' id='word_1_457' title='bbox 538 3365 729 3425; x_wconf 83' lang='grc' dir='ltr'>ταῦτα,</span> <span class='ocrx_word' id='word_1_458' title='bbox 761 3358 897 3409; x_wconf 82' lang='grc' dir='ltr'>κατά</span> <span class='ocrx_word' id='word_1_459' title='bbox 910 3359 1005 3414; x_wconf 80' lang='grc' dir='ltr'>τὴν</span> <span class='ocrx_word' id='word_1_460' title='bbox 1036 3354 1522 3431; x_wconf 74' lang='grc' dir='ltr'>ἕπιχορηγουμένην</span> <span class='ocrx_word' id='word_1_461' title='bbox 1543 3356 1668 3426; x_wconf 83' lang='grc' dir='ltr'>ἡμῖν</span> <span class='ocrx_word' id='word_1_462' title='bbox 1689 3361 1820 3424; x_wconf 89' lang='grc' dir='ltr'>γνῶ-</span> 
     </span>
    </p>
   </div>
   <div class='ocr_carea' id='block_1_64' title="bbox 203 3468 3589 3542">
    <p class='ocr_par' dir='ltr' id='par_1_64' title="bbox 203 3468 3589 3542">
     <span class='ocr_line' id='line_1_64' title="bbox 203 3468 3589 3542; baseline 0.005 -29"><span class='ocrx_word' id='word_1_463' title='bbox 203 3468 317 3514; x_wconf 68' lang='lat' dir='ltr'>6W.-</span> <span class='ocrx_word' id='word_1_464' title='bbox 1931 3469 2133 3524; x_wconf 88' lang='lat' dir='ltr'>bimus</span> <span class='ocrx_word' id='word_1_465' title='bbox 2155 3473 2356 3524; x_wconf 88' lang='lat' dir='ltr'>tamen</span> <span class='ocrx_word' id='word_1_466' title='bbox 2387 3484 2459 3524; x_wconf 88' lang='lat' dir='ltr'>ea</span> <span class='ocrx_word' id='word_1_467' title='bbox 2481 3469 2654 3540; x_wconf 86' lang='lat' dir='ltr'>juxta</span> <span class='ocrx_word' id='word_1_468' title='bbox 2690 3469 2895 3526; x_wconf 88' lang='lat' dir='ltr'>datam</span> <span class='ocrx_word' id='word_1_469' title='bbox 2935 3470 3104 3527; x_wconf 91' lang='lat' dir='ltr'>nobis</span> <span class='ocrx_word' id='word_1_470' title='bbox 3133 3471 3589 3542; x_wconf 80' lang='lat' dir='ltr'>intelligentiam</span> 
     </span>
    </p>
   </div>
   <div class='ocr_carea' id='block_1_65' title="bbox 1934 3558 2276 3629">
    <p class='ocr_par' dir='ltr' id='par_1_65' title="bbox 1934 3558 2276 3629">
     <span class='ocr_line' id='line_1_65' title="bbox 1934 3558 2276 3629; baseline -0.009 -16"><span class='ocrx_word' id='word_1_471' title='bbox 1934 3558 2276 3629; x_wconf 82' lang='lat' dir='ltr'>explanare.</span> 
     </span>
    </p>
   </div>
   <div class='ocr_carea' id='block_1_66' title="bbox 289 3640 1811 3719">
    <p class='ocr_par' dir='ltr' id='par_1_66' title="bbox 289 3640 1811 3719">
     <span class='ocr_line' id='line_1_66' title="bbox 289 3640 1811 3719; baseline -0.003 -22"><span class='ocrx_word' id='word_1_472' title='bbox 289 3649 394 3700; x_wconf 78' lang='grc' dir='ltr'>Καὶ</span> <span class='ocrx_word' id='word_1_473' title='bbox 422 3648 600 3719; x_wconf 76' lang='grc' dir='ltr'>ἤγειρε</span> <span class='ocrx_word' id='word_1_474' title='bbox 633 3674 700 3683; x_wconf 87' lang='grc'><strong><em>-</em></strong></span> <span class='ocrx_word' id='word_1_475' title='bbox 724 3642 906 3695; x_wconf 72' lang='grc' dir='ltr'>αὐτοῦ.</span> <span class='ocrx_word' id='word_1_476' title='bbox 947 3645 1017 3696; x_wconf 88' lang='grc' dir='ltr'>Τὸ</span> <span class='ocrx_word' id='word_1_477' title='bbox 1047 3647 1197 3717; x_wconf 78' lang='grc' dir='ltr'>κέρας</span> <span class='ocrx_word' id='word_1_478' title='bbox 1226 3641 1446 3695; x_wconf 75' lang='grc' dir='ltr'>ἇνταῦθα</span> <span class='ocrx_word' id='word_1_479' title='bbox 1478 3642 1506 3700; x_wconf 73' lang='grc' dir='ltr'><strong>ᾖ</strong></span> <span class='ocrx_word' id='word_1_480' title='bbox 1552 3640 1811 3714; x_wconf 70' lang='grc' dir='ltr'>βασιλείαι</span> 
     </span>
    </p>
   </div>
   <div class='ocr_carea' id='block_1_67' title="bbox 1937 3640 3591 3719">
    <p class='ocr_par' dir='ltr' id='par_1_67' title="bbox 2007 3647 3591 3707">
     <span class='ocr_line' id='line_1_67' title="bbox 2007 3647 3591 3707; baseline 0.004 -6"><span class='ocrx_word' id='word_1_481' title='bbox 2007 3648 2168 3703; x_wconf 79' lang='lat' dir='ltr'>Vera.</span> <span class='ocrx_word' id='word_1_482' title='bbox 2199 3647 2288 3702; x_wconf 89' lang='lat'>69.</span> <span class='ocrx_word' id='word_1_483' title='bbox 2309 3649 2386 3701; x_wconf 83' lang='grc' dir='ltr'>Ει</span> <span class='ocrx_word' id='word_1_484' title='bbox 2413 3648 2597 3704; x_wconf 74' lang='lat' dir='ltr'>erexit</span> <span class='ocrx_word' id='word_1_485' title='bbox 2617 3679 2686 3688; x_wconf 90' lang='lat'><em>—</em></span> <span class='ocrx_word' id='word_1_486' title='bbox 2715 3647 2882 3705; x_wconf 86' lang='lat' dir='ltr'>Vers-</span> <span class='ocrx_word' id='word_1_487' title='bbox 2929 3652 3018 3704; x_wconf 86' lang='lat'>70.</span> <span class='ocrx_word' id='word_1_488' title='bbox 3067 3666 3308 3706; x_wconf 78' lang='lat' dir='ltr'>suorum.</span> <span class='ocrx_word' id='word_1_489' title='bbox 3339 3651 3444 3707; x_wconf 89' lang='lat' dir='ltr'>Per</span> <span class='ocrx_word' id='word_1_490' title='bbox 3464 3667 3591 3706; x_wconf 86' lang='lat' dir='ltr'>cor-</span> 
     </span>
    </p>
   </div>
   <div class='ocr_carea' id='block_1_68' title="bbox 207 3730 1811 3811">
    <p class='ocr_par' dir='ltr' id='par_1_68' title="bbox 207 3730 1811 3806">
     <span class='ocr_line' id='line_1_68' title="bbox 207 3730 1811 3806; baseline -0.002 -19"><span class='ocrx_word' id='word_1_491' title='bbox 207 3730 396 3796; x_wconf 82' lang='grc' dir='ltr'>δηλοῖ,</span> <span class='ocrx_word' id='word_1_492' title='bbox 431 3730 572 3786; x_wconf 86' lang='grc' dir='ltr'>ὁίοτι</span> <span class='ocrx_word' id='word_1_493' title='bbox 601 3731 652 3784; x_wconf 80' lang='grc' dir='ltr'>ἐν</span> <span class='ocrx_word' id='word_1_494' title='bbox 683 3735 864 3804; x_wconf 74' lang='grc' dir='ltr'>κέρατι</span> <span class='ocrx_word' id='word_1_495' title='bbox 901 3734 951 3784; x_wconf 88' lang='grc' dir='ltr'>οἱ</span> <span class='ocrx_word' id='word_1_496' title='bbox 981 3730 1223 3804; x_wconf 74' lang='grc' dir='ltr'>βασιλεῖς</span> <span class='ocrx_word' id='word_1_497' title='bbox 1273 3731 1513 3806; x_wconf 74' lang='grc' dir='ltr'>ἔχρίοντο</span> <span class='ocrx_word' id='word_1_498' title='bbox 1559 3735 1651 3784; x_wconf 76' lang='grc' dir='ltr'>καὶ</span> <span class='ocrx_word' id='word_1_499' title='bbox 1676 3750 1811 3806; x_wconf 61' lang='grc' dir='ltr'>προιη</span> 
     </span>
    </p>
   </div>
   <div class='ocr_carea' id='block_1_69' title="bbox 1937 3730 3592 3811">
    <p class='ocr_par' dir='ltr' id='par_1_69' title="bbox 1937 3736 3592 3811">
     <span class='ocr_line' id='line_1_69' title="bbox 1937 3736 3592 3811; baseline 0.001 -17"><span class='ocrx_word' id='word_1_500' title='bbox 1937 3752 2312 3808; x_wconf 86' lang='lat' dir='ltr'>nu,regnum</span> <span class='ocrx_word' id='word_1_501' title='bbox 2331 3736 2428 3792; x_wconf 88' lang='lat' dir='ltr'>hic</span> <span class='ocrx_word' id='word_1_502' title='bbox 2489 3737 2760 3810; x_wconf 86' lang='lat' dir='ltr'>intelligit</span> <span class='ocrx_word' id='word_1_503' title='bbox 2793 3739 2968 3811; x_wconf 88' lang='lat' dir='ltr'>:quia</span> <span class='ocrx_word' id='word_1_504' title='bbox 3031 3755 3140 3811; x_wconf 91' lang='lat' dir='ltr'>per</span> <span class='ocrx_word' id='word_1_505' title='bbox 3187 3756 3376 3796; x_wconf 91' lang='lat' dir='ltr'>cornu</span> <span class='ocrx_word' id='word_1_506' title='bbox 3419 3755 3592 3811; x_wconf 88' lang='lat' dir='ltr'>reges</span> 
     </span>
    </p>
   </div>
   <div class='ocr_carea' id='block_1_70' title="bbox 205 3824 1811 3898">
    <p class='ocr_par' dir='ltr' id='par_1_70' title="bbox 205 3824 546 3896">
     <span class='ocr_line' id='line_1_70' title="bbox 205 3824 546 3896; baseline 0.006 -18"><span class='ocrx_word' id='word_1_507' title='bbox 205 3824 520 3896; x_wconf 79' lang='grc' dir='ltr'>χειρίζοντο</span> <span class='ocrx_word' id='word_1_508' title='bbox 540 3873 546 3880; x_wconf 93' lang='grc'><strong>.</strong></span> 
     </span>
    </p>
   </div>
   <div class='ocr_carea' id='block_1_71' title="bbox 1937 3824 3005 3898">
    <p class='ocr_par' dir='ltr' id='par_1_71' title="bbox 1937 3827 3005 3898">
     <span class='ocr_line' id='line_1_71' title="bbox 1937 3827 3005 3898; baseline -0.001 -15"><span class='ocrx_word' id='word_1_509' title='bbox 1937 3827 2384 3898; x_wconf 83' lang='lat' dir='ltr'>inungebantur</span> <span class='ocrx_word' id='word_1_510' title='bbox 2411 3841 2479 3882; x_wconf 85' lang='lat' dir='ltr'>ac</span> <span class='ocrx_word' id='word_1_511' title='bbox 2508 3827 3005 3898; x_wconf 85' lang='lat' dir='ltr'>designabantur.</span> 
     </span>
    </p>
   </div>
   <div class='ocr_carea' id='block_1_72' title="bbox 282 3907 1811 3988">
    <p class='ocr_par' dir='ltr' id='par_1_72' title="bbox 282 3907 1811 3984">
     <span class='ocr_line' id='line_1_72' title="bbox 282 3907 1811 3984; baseline -0.002 -18"><span class='ocrx_word' id='word_1_512' title='bbox 282 3919 362 3966; x_wconf 84' lang='grc' dir='ltr'><strong><em>Ἤ</em></strong></span> <span class='ocrx_word' id='word_1_513' title='bbox 404 3908 628 3984; x_wconf 76' lang='grc' dir='ltr'>δύναμιν</span> <span class='ocrx_word' id='word_1_514' title='bbox 662 3916 905 3984; x_wconf 84' lang='grc' dir='ltr'>σημαίνει</span> <span class='ocrx_word' id='word_1_515' title='bbox 938 3930 950 3942; x_wconf 78' lang='grc' dir='ltr'><strong><em>ο</em></strong></span> <span class='ocrx_word' id='word_1_516' title='bbox 1005 3907 1142 3964; x_wconf 75' lang='grc' dir='ltr'>διότι</span> <span class='ocrx_word' id='word_1_517' title='bbox 1172 3910 1220 3962; x_wconf 85' lang='grc' dir='ltr'>ἐν</span> <span class='ocrx_word' id='word_1_518' title='bbox 1265 3916 1439 3984; x_wconf 80' lang='grc' dir='ltr'>κέρατι</span> <span class='ocrx_word' id='word_1_519' title='bbox 1472 3916 1565 3970; x_wconf 78' lang='grc' dir='ltr'>τὴν</span> <span class='ocrx_word' id='word_1_520' title='bbox 1606 3908 1811 3984; x_wconf 65' lang='grc' dir='ltr'>δύναμιτ</span> 
     </span>
    </p>
   </div>
   <div class='ocr_carea' id='block_1_73' title="bbox 1937 3907 3596 3988">
    <p class='ocr_par' dir='ltr' id='par_1_73' title="bbox 2010 3916 3596 3988">
     <span class='ocr_line' id='line_1_73' title="bbox 2010 3916 3596 3988; baseline 0.003 -17"><span class='ocrx_word' id='word_1_521' title='bbox 2010 3919 2123 3972; x_wconf 89' lang='lat' dir='ltr'>Aut</span> <span class='ocrx_word' id='word_1_522' title='bbox 2169 3916 2464 3985; x_wconf 88' lang='lat' dir='ltr'>signiﬁcat</span> <span class='ocrx_word' id='word_1_523' title='bbox 2508 3917 2850 3988; x_wconf 83' lang='lat' dir='ltr'>potentiam.</span> <span class='ocrx_word' id='word_1_524' title='bbox 2911 3920 2974 3972; x_wconf 90' lang='lat' dir='ltr'>In</span> <span class='ocrx_word' id='word_1_525' title='bbox 3023 3934 3211 3974; x_wconf 91' lang='lat' dir='ltr'>cornu</span> <span class='ocrx_word' id='word_1_526' title='bbox 3259 3919 3420 3976; x_wconf 91' lang='lat' dir='ltr'>enim</span> <span class='ocrx_word' id='word_1_527' title='bbox 3473 3920 3596 3976; x_wconf 87' lang='lat' dir='ltr'>for-</span> 
     </span>
    </p>
   </div>
   <div class='ocr_carea' id='block_1_74' title="bbox 208 4001 1811 4080">
    <p class='ocr_par' dir='ltr' id='par_1_74' title="bbox 208 4001 1192 4075">
     <span class='ocr_line' id='line_1_74' title="bbox 208 4001 1192 4075; baseline -0.004 -19"><span class='ocrx_word' id='word_1_528' title='bbox 208 4007 418 4075; x_wconf 80' lang='grc' dir='ltr'>ἕχουσι</span> <span class='ocrx_word' id='word_1_529' title='bbox 445 4005 618 4056; x_wconf 82' lang='grc' dir='ltr'>πάντα</span> <span class='ocrx_word' id='word_1_530' title='bbox 644 4003 709 4054; x_wconf 76' lang='grc' dir='ltr'>τὰ</span> <span class='ocrx_word' id='word_1_531' title='bbox 738 4004 1037 4075; x_wconf 74' lang='grc' dir='ltr'>κερασφόρα</span> <span class='ocrx_word' id='word_1_532' title='bbox 1063 4001 1192 4061; x_wconf 81' lang='grc' dir='ltr'>ζῶα.</span> 
     </span>
    </p>
   </div>
   <div class='ocr_carea' id='block_1_75' title="bbox 1937 4001 3593 4080">
    <p class='ocr_par' dir='ltr' id='par_1_75' title="bbox 1940 4005 3593 4080">
     <span class='ocr_line' id='line_1_75' title="bbox 1940 4005 3593 4080; baseline 0.002 -18"><span class='ocrx_word' id='word_1_533' title='bbox 1940 4005 2253 4062; x_wconf 87' lang='lat' dir='ltr'>titudinem</span> <span class='ocrx_word' id='word_1_534' title='bbox 2271 4005 2496 4061; x_wconf 90' lang='lat' dir='ltr'>habent</span> <span class='ocrx_word' id='word_1_535' title='bbox 2519 4021 2729 4062; x_wconf 85' lang='lat' dir='ltr'>omnes</span> <span class='ocrx_word' id='word_1_536' title='bbox 2755 4007 3090 4063; x_wconf 84' lang='lat' dir='ltr'>animantes</span> <span class='ocrx_word' id='word_1_537' title='bbox 3119 4023 3343 4065; x_wconf 88' lang='lat' dir='ltr'>cornua</span> <span class='ocrx_word' id='word_1_538' title='bbox 3386 4023 3593 4080; x_wconf 90' lang='lat' dir='ltr'>geren-</span> 
     </span>
    </p>
   </div>
   <div class='ocr_carea' id='block_1_76' title="bbox 1939 4101 2045 4152">
    <p class='ocr_par' dir='ltr' id='par_1_76' title="bbox 1939 4101 2045 4152">
     <span class='ocr_line' id='line_1_76' title="bbox 1939 4101 2045 4152; baseline -0.028 0"><span class='ocrx_word' id='word_1_539' title='bbox 1939 4101 2045 4152; x_wconf 83' lang='lat' dir='ltr'>tes.</span> 
     </span>
    </p>
   </div>
   <div class='ocr_carea' id='block_1_77' title="bbox 291 4177 1811 4255">
    <p class='ocr_par' dir='ltr' id='par_1_77' title="bbox 291 4177 1811 4253">
     <span class='ocr_line' id='line_1_77' title="bbox 291 4177 1811 4253; baseline -0.001 -20"><span class='ocrx_word' id='word_1_540' title='bbox 291 4182 468 4253; x_wconf 79' lang='grc' dir='ltr'>Κέρας</span> <span class='ocrx_word' id='word_1_541' title='bbox 509 4177 569 4233; x_wconf 69' lang='grc' dir='ltr'>δὲ</span> <span class='ocrx_word' id='word_1_542' title='bbox 608 4179 715 4251; x_wconf 77' lang='grc' dir='ltr'>οὐχ</span> <span class='ocrx_word' id='word_1_543' title='bbox 753 4179 940 4248; x_wconf 83' lang='grc' dir='ltr'>ἁπλῶς,</span> <span class='ocrx_word' id='word_1_544' title='bbox 1002 4178 1131 4232; x_wconf 80' lang='grc' dir='ltr'>ἀλλὰ</span> <span class='ocrx_word' id='word_1_545' title='bbox 1175 4185 1457 4252; x_wconf 85' lang='grc' dir='ltr'>σωτηρίας,</span> <span class='ocrx_word' id='word_1_546' title='bbox 1509 4183 1670 4250; x_wconf 76' lang='grc' dir='ltr'>ἤγουν</span> <span class='ocrx_word' id='word_1_547' title='bbox 1723 4199 1811 4233; x_wconf 85' lang='grc' dir='ltr'>σω·</span> 
     </span>
    </p>
   </div>
   <div class='ocr_carea' id='block_1_78' title="bbox 1937 4177 3593 4255">
    <p class='ocr_par' dir='ltr' id='par_1_78' title="bbox 2015 4183 3593 4255">
     <span class='ocr_line' id='line_1_78' title="bbox 2015 4183 3593 4255; baseline 0.003 -16"><span class='ocrx_word' id='word_1_548' title='bbox 2015 4183 2211 4240; x_wconf 87' lang='lat' dir='ltr'>Cornu</span> <span class='ocrx_word' id='word_1_549' title='bbox 2239 4198 2380 4239; x_wconf 88' lang='lat' dir='ltr'>vero</span> <span class='ocrx_word' id='word_1_550' title='bbox 2398 4183 2763 4255; x_wconf 80' lang='lat' dir='ltr'>simpliciter,</span> <span class='ocrx_word' id='word_1_551' title='bbox 2793 4185 2901 4240; x_wconf 88' lang='lat' dir='ltr'>sed</span> <span class='ocrx_word' id='word_1_552' title='bbox 2921 4184 3288 4255; x_wconf 91' lang='lat' dir='ltr'>salutis,sive</span> <span class='ocrx_word' id='word_1_553' title='bbox 3311 4185 3593 4244; x_wconf 88' lang='lat' dir='ltr'>salutare.</span> 
     </span>
    </p>
   </div>
   <div class='ocr_carea' id='block_1_79' title="bbox 214 4266 1811 4346">
    <p class='ocr_par' dir='ltr' id='par_1_79' title="bbox 214 4266 1811 4346">
     <span class='ocr_line' id='line_1_79' title="bbox 214 4266 1811 4346; baseline -0.001 -21"><span class='ocrx_word' id='word_1_554' title='bbox 214 4275 426 4346; x_wconf 74' lang='grc' dir='ltr'>τηριον.</span> <span class='ocrx_word' id='word_1_555' title='bbox 479 4270 747 4324; x_wconf 79' lang='grc' dir='ltr'>Βασιλείαν</span> <span class='ocrx_word' id='word_1_556' title='bbox 810 4266 870 4322; x_wconf 60' lang='grc' dir='ltr'>δὴ</span> <span class='ocrx_word' id='word_1_557' title='bbox 929 4274 1020 4322; x_wconf 84' lang='grc' dir='ltr'>καὶ</span> <span class='ocrx_word' id='word_1_558' title='bbox 1083 4266 1306 4341; x_wconf 73' lang='grc' dir='ltr'>δύναμιν</span> <span class='ocrx_word' id='word_1_559' title='bbox 1366 4274 1644 4344; x_wconf 81' lang='grc' dir='ltr'>σωτήριον,</span> <span class='ocrx_word' id='word_1_560' title='bbox 1697 4270 1811 4342; x_wconf 74' lang='grc' dir='ltr'>λέγε</span> 
     </span>
    </p>
   </div>
   <div class='ocr_carea' id='block_1_80' title="bbox 1937 4266 3601 4346">
    <p class='ocr_par' dir='ltr' id='par_1_80' title="bbox 1945 4273 3601 4344">
     <span class='ocr_line' id='line_1_80' title="bbox 1945 4273 3601 4344; baseline 0.001 -14"><span class='ocrx_word' id='word_1_561' title='bbox 1945 4278 2216 4344; x_wconf 79' lang='lat' dir='ltr'>Regnum</span> <span class='ocrx_word' id='word_1_562' title='bbox 2246 4277 2438 4330; x_wconf 86' lang='lat' dir='ltr'>autem</span> <span class='ocrx_word' id='word_1_563' title='bbox 2459 4277 2516 4328; x_wconf 88' lang='lat' dir='ltr'>et</span> <span class='ocrx_word' id='word_1_564' title='bbox 2561 4275 2890 4344; x_wconf 88' lang='lat' dir='ltr'>potentiam</span> <span class='ocrx_word' id='word_1_565' title='bbox 2921 4273 3246 4332; x_wconf 88' lang='lat' dir='ltr'>salutarem</span> <span class='ocrx_word' id='word_1_566' title='bbox 3277 4275 3422 4331; x_wconf 92' lang='lat' dir='ltr'>dicit</span> <span class='ocrx_word' id='word_1_567' title='bbox 3439 4276 3601 4333; x_wconf 88' lang='lat' dir='ltr'>Chri-</span> 
     </span>
    </p>
   </div>
   <div class='ocr_carea' id='block_1_81' title="bbox 215 4356 1811 4440">
    <p class='ocr_par' dir='ltr' id='par_1_81' title="bbox 215 4356 1811 4433">
     <span class='ocr_line' id='line_1_81' title="bbox 215 4356 1811 4433; baseline -0.001 -20"><span class='ocrx_word' id='word_1_568' title='bbox 215 4366 310 4413; x_wconf 84' lang='grc' dir='ltr'>τόν</span> <span class='ocrx_word' id='word_1_569' title='bbox 345 4364 594 4433; x_wconf 79' lang='grc' dir='ltr'>Χριστόν,</span> <span class='ocrx_word' id='word_1_570' title='bbox 630 4361 695 4419; x_wconf 78' lang='grc' dir='ltr'>ὡς</span> <span class='ocrx_word' id='word_1_571' title='bbox 727 4356 951 4431; x_wconf 83' lang='grc' dir='ltr'>βασιλέα</span> <span class='ocrx_word' id='word_1_572' title='bbox 987 4367 1084 4411; x_wconf 86' lang='grc' dir='ltr'>τῶν</span> <span class='ocrx_word' id='word_1_573' title='bbox 1139 4357 1520 4430; x_wconf 81' lang='grc' dir='ltr'>βασιλευόντων</span> <span class='ocrx_word' id='word_1_574' title='bbox 1558 4364 1648 4411; x_wconf 81' lang='grc' dir='ltr'>καὶ</span> <span class='ocrx_word' id='word_1_575' title='bbox 1680 4357 1811 4413; x_wconf 64' lang='lat' dir='ltr'>(Nam:</span> 
     </span>
    </p>
   </div>
   <div class='ocr_carea' id='block_1_82' title="bbox 1937 4356 3604 4440">
    <p class='ocr_par' dir='ltr' id='par_1_82' title="bbox 1946 4363 3604 4440">
     <span class='ocr_line' id='line_1_82' title="bbox 1946 4363 3604 4440; baseline 0.002 -21"><span class='ocrx_word' id='word_1_576' title='bbox 1946 4369 2130 4432; x_wconf 91' lang='lat' dir='ltr'>stum,</span> <span class='ocrx_word' id='word_1_577' title='bbox 2163 4366 2366 4434; x_wconf 91' lang='lat' dir='ltr'>utpote</span> <span class='ocrx_word' id='word_1_578' title='bbox 2395 4378 2597 4431; x_wconf 88' lang='lat' dir='ltr'>regem</span> <span class='ocrx_word' id='word_1_579' title='bbox 2623 4363 3032 4434; x_wconf 86' lang='lat' dir='ltr'>regnantium,</span> <span class='ocrx_word' id='word_1_580' title='bbox 3055 4368 3111 4421; x_wconf 90' lang='lat' dir='ltr'>et</span> <span class='ocrx_word' id='word_1_581' title='bbox 3136 4365 3466 4436; x_wconf 87' lang='lat' dir='ltr'>potentiam</span> <span class='ocrx_word' id='word_1_582' title='bbox 3497 4381 3604 4440; x_wconf 89' lang='lat' dir='ltr'>pa-</span> 
     </span>
    </p>
   </div>
   <div class='ocr_carea' id='block_1_83' title="bbox 217 4450 1811 4523">
    <p class='ocr_par' dir='ltr' id='par_1_83' title="bbox 217 4450 1811 4523">
     <span class='ocr_line' id='line_1_83' title="bbox 217 4450 1811 4523; baseline 0 -21"><span class='ocrx_word' id='word_1_583' title='bbox 217 4471 312 4523; x_wconf 81' lang='grc' dir='ltr'>μιν</span> <span class='ocrx_word' id='word_1_584' title='bbox 357 4457 447 4502; x_wconf 80' lang='grc' dir='ltr'>τοῦ</span> <span class='ocrx_word' id='word_1_585' title='bbox 510 4453 730 4522; x_wconf 78' lang='grc' dir='ltr'>Πατρός,</span> <span class='ocrx_word' id='word_1_586' title='bbox 782 4455 872 4502; x_wconf 80' lang='grc' dir='ltr'>καὶ</span> <span class='ocrx_word' id='word_1_587' title='bbox 937 4455 1154 4523; x_wconf 80' lang='grc' dir='ltr'>Σωτῆρα</span> <span class='ocrx_word' id='word_1_588' title='bbox 1203 4457 1302 4501; x_wconf 87' lang='grc' dir='ltr'>τῶν</span> <span class='ocrx_word' id='word_1_589' title='bbox 1364 4453 1714 4502; x_wconf 81' lang='grc' dir='ltr'>πιστευόντων</span> <span class='ocrx_word' id='word_1_590' title='bbox 1771 4450 1811 4502; x_wconf 85' lang='grc' dir='ltr'>εἰ</span> 
     </span>
    </p>
   </div>
   <div class='ocr_carea' id='block_1_84' title="bbox 1937 4450 3603 4523">
    <p class='ocr_par' dir='ltr' id='par_1_84' title="bbox 1948 4451 3603 4522">
     <span class='ocr_line' id='line_1_84' title="bbox 1948 4451 3603 4522; baseline 0.001 -13"><span class='ocrx_word' id='word_1_591' title='bbox 1948 4453 2070 4522; x_wconf 89' lang='lat' dir='ltr'>tris,</span> <span class='ocrx_word' id='word_1_592' title='bbox 2117 4461 2186 4508; x_wconf 87' lang='lat' dir='ltr'>ac</span> <span class='ocrx_word' id='word_1_593' title='bbox 2219 4451 2590 4511; x_wconf 87' lang='lat' dir='ltr'>Salvatorem</span> <span class='ocrx_word' id='word_1_594' title='bbox 2659 4451 2719 4507; x_wconf 86' lang='lat' dir='ltr'>in</span> <span class='ocrx_word' id='word_1_595' title='bbox 2777 4468 2839 4508; x_wconf 88' lang='lat' dir='ltr'>se</span> <span class='ocrx_word' id='word_1_596' title='bbox 2905 4453 3296 4510; x_wconf 89' lang='lat' dir='ltr'>credentium.</span> <span class='ocrx_word' id='word_1_597' title='bbox 3345 4456 3603 4511; x_wconf 88' lang='lat' dir='ltr'>Domum</span> 
     </span>
    </p>
   </div>
   <div class='ocr_carea' id='block_1_85' title="bbox 220 4534 1811 4620">
    <p class='ocr_par' dir='ltr' id='par_1_85' title="bbox 220 4534 1809 4609">
     <span class='ocr_line' id='line_1_85' title="bbox 220 4534 1809 4609; baseline -0.001 -15"><span class='ocrx_word' id='word_1_598' title='bbox 220 4540 402 4594; x_wconf 75' lang='grc' dir='ltr'>αὐτόν.</span> <span class='ocrx_word' id='word_1_599' title='bbox 455 4540 612 4590; x_wconf 79' lang='grc' dir='ltr'>Οἶκον</span> <span class='ocrx_word' id='word_1_600' title='bbox 659 4534 718 4591; x_wconf 71' lang='grc' dir='ltr'>δὲ</span> <span class='ocrx_word' id='word_1_601' title='bbox 761 4542 862 4591; x_wconf 80' lang='grc' dir='ltr'>νόει</span> <span class='ocrx_word' id='word_1_602' title='bbox 891 4541 949 4590; x_wconf 85' lang='grc' dir='ltr'>τὸ</span> <span class='ocrx_word' id='word_1_603' title='bbox 986 4542 1127 4609; x_wconf 84' lang='grc' dir='ltr'>γένος</span> <span class='ocrx_word' id='word_1_604' title='bbox 1173 4545 1265 4590; x_wconf 77' lang='grc' dir='ltr'>τοῦ</span> <span class='ocrx_word' id='word_1_605' title='bbox 1304 4535 1491 4590; x_wconf 76' lang='grc' dir='ltr'>Δαυίδ.</span> <span class='ocrx_word' id='word_1_606' title='bbox 1548 4545 1714 4598; x_wconf 81' lang='grc' dir='ltr'>Φησὶν</span> <span class='ocrx_word' id='word_1_607' title='bbox 1751 4536 1809 4592; x_wconf 77' lang='grc' dir='ltr'>οὗ</span> 
     </span>
    </p>
   </div>
   <div class='ocr_carea' id='block_1_86' title="bbox 1937 4534 3610 4620">
    <p class='ocr_par' dir='ltr' id='par_1_86' title="bbox 1947 4541 3610 4617">
     <span class='ocr_line' id='line_1_86' title="bbox 1947 4541 3610 4617; baseline 0.001 -18"><span class='ocrx_word' id='word_1_608' title='bbox 1947 4543 2126 4600; x_wconf 88' lang='lat' dir='ltr'>etiam</span> <span class='ocrx_word' id='word_1_609' title='bbox 2155 4541 2440 4611; x_wconf 87' lang='lat' dir='ltr'>inlelligit,</span> <span class='ocrx_word' id='word_1_610' title='bbox 2495 4541 2742 4598; x_wconf 86' lang='lat' dir='ltr'>domum</span> <span class='ocrx_word' id='word_1_611' title='bbox 2789 4542 2994 4598; x_wconf 90' lang='lat' dir='ltr'>David.</span> <span class='ocrx_word' id='word_1_612' title='bbox 3039 4543 3184 4599; x_wconf 89' lang='lat' dir='ltr'>Dicit</span> <span class='ocrx_word' id='word_1_613' title='bbox 3222 4559 3383 4615; x_wconf 89' lang='lat' dir='ltr'>ergo,</span> <span class='ocrx_word' id='word_1_614' title='bbox 3442 4545 3610 4617; x_wconf 92' lang='lat' dir='ltr'>quod</span> 
     </span>
    </p>
   </div>
   <div class='ocr_carea' id='block_1_87' title="bbox 222 4626 1811 4706">
    <p class='ocr_par' dir='ltr' id='par_1_87' title="bbox 222 4626 1811 4700">
     <span class='ocr_line' id='line_1_87' title="bbox 222 4626 1811 4700; baseline -0.001 -18"><span class='ocrx_word' id='word_1_615' title='bbox 222 4634 309 4682; x_wconf 77' lang='grc' dir='ltr'>ὅτι</span> <span class='ocrx_word' id='word_1_616' title='bbox 372 4627 653 4686; x_wconf 75' lang='grc' dir='ltr'>ἀνέστησεν</span> <span class='ocrx_word' id='word_1_617' title='bbox 714 4629 837 4699; x_wconf 77' lang='grc' dir='ltr'>ἡμῖν</span> <span class='ocrx_word' id='word_1_618' title='bbox 895 4636 966 4698; x_wconf 84' lang='grc' dir='ltr'>τῷ</span> <span class='ocrx_word' id='word_1_619' title='bbox 1041 4627 1170 4679; x_wconf 90' lang='grc' dir='ltr'>λαιῶ</span> <span class='ocrx_word' id='word_1_620' title='bbox 1226 4627 1385 4680; x_wconf 75' lang='grc' dir='ltr'>αὑτοῦ</span> <span class='ocrx_word' id='word_1_621' title='bbox 1472 4626 1747 4700; x_wconf 84' lang='grc' dir='ltr'>βασιλείαν</span> <span class='ocrx_word' id='word_1_622' title='bbox 1805 4637 1811 4681; x_wconf 67' lang='grc' dir='ltr'><em>ἐ</em></span> 
     </span>
    </p>
   </div>
   <div class='ocr_carea' id='block_1_88' title="bbox 1937 4626 3609 4706">
    <p class='ocr_par' dir='ltr' id='par_1_88' title="bbox 1947 4630 3609 4706">
     <span class='ocr_line' id='line_1_88' title="bbox 1947 4630 3609 4706; baseline 0.002 -18"><span class='ocrx_word' id='word_1_623' title='bbox 1947 4631 2196 4688; x_wconf 89' lang='lat' dir='ltr'>instituit</span> <span class='ocrx_word' id='word_1_624' title='bbox 2224 4630 2648 4702; x_wconf 84' lang='lat' dir='ltr'>nobispopulo</span> <span class='ocrx_word' id='word_1_625' title='bbox 2695 4647 2806 4687; x_wconf 84' lang='lat' dir='ltr'>suo</span> <span class='ocrx_word' id='word_1_626' title='bbox 2863 4646 3120 4701; x_wconf 82' lang='lat' dir='ltr'>regnum</span> <span class='ocrx_word' id='word_1_627' title='bbox 3159 4637 3215 4689; x_wconf 92' lang='lat' dir='ltr'>et</span> <span class='ocrx_word' id='word_1_628' title='bbox 3273 4635 3609 4706; x_wconf 88' lang='lat' dir='ltr'>potentiam</span> 
     </span>
    </p>
   </div>
   <div class='ocr_carea' id='block_1_89' title="bbox 224 4713 1811 4792">
    <p class='ocr_par' dir='ltr' id='par_1_89' title="bbox 224 4713 1811 4790">
     <span class='ocr_line' id='line_1_89' title="bbox 224 4713 1811 4790; baseline 0.001 -19"><span class='ocrx_word' id='word_1_629' title='bbox 224 4716 458 4789; x_wconf 77' lang='grc' dir='ltr'>δύναμιν</span> <span class='ocrx_word' id='word_1_630' title='bbox 515 4722 771 4790; x_wconf 71' lang='grc' dir='ltr'>σωτήριον</span> <span class='ocrx_word' id='word_1_631' title='bbox 812 4716 867 4769; x_wconf 78' lang='grc' dir='ltr'>ἐκ</span> <span class='ocrx_word' id='word_1_632' title='bbox 912 4720 1087 4787; x_wconf 82' lang='grc' dir='ltr'>γένους</span> <span class='ocrx_word' id='word_1_633' title='bbox 1131 4713 1319 4784; x_wconf 78' lang='grc' dir='ltr'>Δαυῖδ,</span> <span class='ocrx_word' id='word_1_634' title='bbox 1367 4726 1458 4770; x_wconf 83' lang='grc' dir='ltr'>τοῦ</span> <span class='ocrx_word' id='word_1_635' title='bbox 1517 4715 1707 4772; x_wconf 73' lang='grc' dir='ltr'>δούλου</span> <span class='ocrx_word' id='word_1_636' title='bbox 1747 4720 1811 4772; x_wconf 74' lang='grc' dir='ltr'>αὖ</span> 
     </span>
    </p>
   </div>
   <div class='ocr_carea' id='block_1_90' title="bbox 1937 4713 3611 4792">
    <p class='ocr_par' dir='ltr' id='par_1_90' title="bbox 1949 4720 3611 4792">
     <span class='ocr_line' id='line_1_90' title="bbox 1949 4720 3611 4792; baseline 0.002 -15"><span class='ocrx_word' id='word_1_637' title='bbox 1949 4721 2274 4777; x_wconf 86' lang='lat' dir='ltr'>salutarem</span> <span class='ocrx_word' id='word_1_638' title='bbox 2297 4736 2330 4775; x_wconf 91' lang='lat' dir='ltr'>e</span> <span class='ocrx_word' id='word_1_639' title='bbox 2355 4735 2570 4790; x_wconf 81' lang='lat' dir='ltr'>genere</span> <span class='ocrx_word' id='word_1_640' title='bbox 2597 4720 2786 4776; x_wconf 86' lang='lat' dir='ltr'>David</span> <span class='ocrx_word' id='word_1_641' title='bbox 2813 4721 2967 4777; x_wconf 88' lang='lat' dir='ltr'>servi</span> <span class='ocrx_word' id='word_1_642' title='bbox 2999 4721 3112 4777; x_wconf 92' lang='lat' dir='ltr'>sui.</span> <span class='ocrx_word' id='word_1_643' title='bbox 3138 4726 3183 4777; x_wconf 83' lang='lat' dir='ltr'><strong>A</strong></span> <span class='ocrx_word' id='word_1_644' title='bbox 3202 4738 3418 4792; x_wconf 90' lang='lat' dir='ltr'>genere</span> <span class='ocrx_word' id='word_1_645' title='bbox 3449 4727 3611 4781; x_wconf 89' lang='lat' dir='ltr'>enim</span> 
     </span>
    </p>
   </div>
   <div class='ocr_carea' id='block_1_91' title="bbox 224 4801 1811 4883">
    <p class='ocr_par' dir='ltr' id='par_1_91' title="bbox 224 4801 1811 4882">
     <span class='ocr_line' id='line_1_91' title="bbox 224 4801 1811 4882; baseline 0.008 -22"><span class='ocrx_word' id='word_1_646' title='bbox 224 4815 349 4860; x_wconf 70' lang='grc' dir='ltr'>τοῦ.</span> <span class='ocrx_word' id='word_1_647' title='bbox 408 4807 493 4860; x_wconf 73' lang='grc' dir='ltr'>Ἐκ</span> <span class='ocrx_word' id='word_1_648' title='bbox 551 4810 846 4878; x_wconf 81' lang='grc' dir='ltr'>σπέρματος</span> <span class='ocrx_word' id='word_1_649' title='bbox 896 4807 998 4878; x_wconf 78' lang='grc' dir='ltr'>γὰρ</span> <span class='ocrx_word' id='word_1_650' title='bbox 1053 4801 1221 4859; x_wconf 78' lang='grc' dir='ltr'>Δαυίδ</span> <span class='ocrx_word' id='word_1_651' title='bbox 1282 4803 1343 4866; x_wconf 72' lang='grc' dir='ltr'>ἦν</span> <span class='ocrx_word' id='word_1_652' title='bbox 1382 4809 1412 4866; x_wconf 73' lang='grc' dir='ltr'><em>ἢ</em></span> <span class='ocrx_word' id='word_1_653' title='bbox 1450 4810 1723 4880; x_wconf 78' lang='grc' dir='ltr'>Ιῐαρθένος,</span> <span class='ocrx_word' id='word_1_654' title='bbox 1753 4808 1811 4882; x_wconf 65' lang='grc' dir='ltr'>ἀς</span> 
     </span>
    </p>
   </div>
   <div class='ocr_carea' id='block_1_92' title="bbox 1937 4801 3614 4883">
    <p class='ocr_par' dir='ltr' id='par_1_92' title="bbox 1949 4810 3614 4883">
     <span class='ocr_line' id='line_1_92' title="bbox 1949 4810 3614 4883; baseline 0.004 -19"><span class='ocrx_word' id='word_1_655' title='bbox 1949 4811 2131 4870; x_wconf 85' lang='lat' dir='ltr'>David</span> <span class='ocrx_word' id='word_1_656' title='bbox 2161 4810 2568 4866; x_wconf 87' lang='lat' dir='ltr'>descendebat</span> <span class='ocrx_word' id='word_1_657' title='bbox 2604 4810 2804 4881; x_wconf 90' lang='lat' dir='ltr'>Virgo,</span> <span class='ocrx_word' id='word_1_658' title='bbox 2846 4827 2919 4866; x_wconf 82' lang='lat' dir='ltr'>ex</span> <span class='ocrx_word' id='word_1_659' title='bbox 2968 4827 3088 4883; x_wconf 88' lang='lat' dir='ltr'>qua</span> <span class='ocrx_word' id='word_1_660' title='bbox 3141 4813 3406 4870; x_wconf 89' lang='lat' dir='ltr'>Christus</span> <span class='ocrx_word' id='word_1_661' title='bbox 3436 4820 3614 4870; x_wconf 89' lang='lat' dir='ltr'>natus</span> 
     </span>
    </p>
   </div>
   <div class='ocr_carea' id='block_1_93' title="bbox 229 4893 1811 4975">
    <p class='ocr_par' dir='ltr' id='par_1_93' title="bbox 229 4893 1811 4967">
     <span class='ocr_line' id='line_1_93' title="bbox 229 4893 1811 4967; baseline 0.003 -20"><span class='ocrx_word' id='word_1_662' title='bbox 229 4895 296 4958; x_wconf 68' lang='grc' dir='ltr'>ἧς</span> <span class='ocrx_word' id='word_1_663' title='bbox 353 4897 378 4947; x_wconf 89' lang='grc' dir='ltr'>ό</span> <span class='ocrx_word' id='word_1_664' title='bbox 434 4899 665 4960; x_wconf 82' lang='grc' dir='ltr'>Χριστὸς</span> <span class='ocrx_word' id='word_1_665' title='bbox 703 4899 1022 4967; x_wconf 74' lang='grc' dir='ltr'>γεγέννηται.</span> <span class='ocrx_word' id='word_1_666' title='bbox 1087 4902 1252 4948; x_wconf 82' lang='grc' dir='ltr'>Τοῦτο</span> <span class='ocrx_word' id='word_1_667' title='bbox 1302 4893 1361 4950; x_wconf 69' lang='grc' dir='ltr'>δὲ</span> <span class='ocrx_word' id='word_1_668' title='bbox 1418 4902 1716 4963; x_wconf 78' lang='grc' dir='ltr'>πεποίηκεν,</span> <span class='ocrx_word' id='word_1_669' title='bbox 1775 4902 1811 4951; x_wconf 82' lang='grc' dir='ltr'><strong>ὡ</strong></span> 
     </span>
    </p>
   </div>
   <div class='ocr_carea' id='block_1_94' title="bbox 1937 4893 3615 4975">
    <p class='ocr_par' dir='ltr' id='par_1_94' title="bbox 1951 4899 3615 4975">
     <span class='ocr_line' id='line_1_94' title="bbox 1951 4899 3615 4975; baseline 0 -17"><span class='ocrx_word' id='word_1_670' title='bbox 1951 4905 2057 4958; x_wconf 86' lang='lat' dir='ltr'>est.</span> <span class='ocrx_word' id='word_1_671' title='bbox 2091 4901 2247 4958; x_wconf 88' lang='lat' dir='ltr'>Fecit</span> <span class='ocrx_word' id='word_1_672' title='bbox 2277 4905 2478 4956; x_wconf 89' lang='lat' dir='ltr'>autem</span> <span class='ocrx_word' id='word_1_673' title='bbox 2507 4899 2643 4964; x_wconf 89' lang='lat' dir='ltr'>hoc,</span> <span class='ocrx_word' id='word_1_674' title='bbox 2678 4901 2832 4956; x_wconf 82' lang='lat' dir='ltr'>sicut</span> <span class='ocrx_word' id='word_1_675' title='bbox 2862 4901 3224 4972; x_wconf 89' lang='lat' dir='ltr'>promiserat</span> <span class='ocrx_word' id='word_1_676' title='bbox 3247 4919 3356 4975; x_wconf 92' lang='lat' dir='ltr'>per</span> <span class='ocrx_word' id='word_1_677' title='bbox 3381 4919 3449 4960; x_wconf 90' lang='lat' dir='ltr'>os</span> <span class='ocrx_word' id='word_1_678' title='bbox 3473 4920 3615 4960; x_wconf 90' lang='lat' dir='ltr'>san-</span> 
     </span>
    </p>
   </div>
   <div class='ocr_carea' id='block_1_95' title="bbox 230 4981 1811 5062">
    <p class='ocr_par' dir='ltr' id='par_1_95' title="bbox 230 4981 1811 5058">
     <span class='ocr_line' id='line_1_95' title="bbox 230 4981 1811 5058; baseline 0 -19"><span class='ocrx_word' id='word_1_679' title='bbox 230 4985 583 5056; x_wconf 78' lang='grc' dir='ltr'>ἑττηγγείλατο</span> <span class='ocrx_word' id='word_1_680' title='bbox 628 4981 722 5036; x_wconf 74' lang='grc' dir='ltr'>διὰ</span> <span class='ocrx_word' id='word_1_681' title='bbox 771 4988 1032 5058; x_wconf 82' lang='grc' dir='ltr'>στόματος</span> <span class='ocrx_word' id='word_1_682' title='bbox 1073 4994 1174 5037; x_wconf 87' lang='grc' dir='ltr'>τῶν</span> <span class='ocrx_word' id='word_1_683' title='bbox 1223 4985 1401 5056; x_wconf 79' lang='grc' dir='ltr'>ἁγίων,</span> <span class='ocrx_word' id='word_1_684' title='bbox 1465 4984 1674 5046; x_wconf 77' lang='grc' dir='ltr'>δηλαδὴ</span> <span class='ocrx_word' id='word_1_685' title='bbox 1739 4996 1811 5041; x_wconf 88' lang='grc' dir='ltr'>τῶ</span> 
     </span>
    </p>
   </div>
   <div class='ocr_carea' id='block_1_96' title="bbox 1937 4981 3614 5062">
    <p class='ocr_par' dir='ltr' id='par_1_96' title="bbox 1955 4989 3614 5062">
     <span class='ocr_line' id='line_1_96' title="bbox 1955 4989 3614 5062; baseline -0.002 -16"><span class='ocrx_word' id='word_1_686' title='bbox 1955 4995 2208 5056; x_wconf 91' lang='lat' dir='ltr'>ctorum,</span> <span class='ocrx_word' id='word_1_687' title='bbox 2238 4989 2508 5046; x_wconf 88' lang='lat' dir='ltr'>videlicet</span> <span class='ocrx_word' id='word_1_688' title='bbox 2535 4989 2984 5062; x_wconf 87' lang='lat' dir='ltr'>prophetarum,</span> <span class='ocrx_word' id='word_1_689' title='bbox 3029 4991 3136 5062; x_wconf 92' lang='lat' dir='ltr'>qui</span> <span class='ocrx_word' id='word_1_690' title='bbox 3171 4991 3312 5047; x_wconf 92' lang='lat' dir='ltr'>olim</span> <span class='ocrx_word' id='word_1_691' title='bbox 3353 4991 3614 5047; x_wconf 87' lang='lat' dir='ltr'>fuerunt.</span> 
     </span>
    </p>
   </div>
   <div class='ocr_carea' id='block_1_97' title="bbox 233 5074 1811 5152">
    <p class='ocr_par' dir='ltr' id='par_1_97' title="bbox 233 5074 1811 5149">
     <span class='ocr_line' id='line_1_97' title="bbox 233 5074 1811 5149; baseline 0.001 -21"><span class='ocrx_word' id='word_1_692' title='bbox 233 5074 460 5128; x_wconf 78' lang='grc' dir='ltr'>ἔκπαλαι</span> <span class='ocrx_word' id='word_1_693' title='bbox 516 5075 814 5148; x_wconf 76' lang='grc' dir='ltr'>προφητῶν.</span> <span class='ocrx_word' id='word_1_694' title='bbox 866 5076 940 5126; x_wconf 88' lang='grc' dir='ltr'>Δι’</span> <span class='ocrx_word' id='word_1_695' title='bbox 996 5074 1164 5126; x_wconf 77' lang='grc' dir='ltr'>αὐτῶν</span> <span class='ocrx_word' id='word_1_696' title='bbox 1192 5076 1292 5148; x_wconf 85' lang='grc' dir='ltr'>γὰρ</span> <span class='ocrx_word' id='word_1_697' title='bbox 1343 5075 1681 5149; x_wconf 73' lang='grc' dir='ltr'>ἐπηγγείλατο</span> <span class='ocrx_word' id='word_1_698' title='bbox 1719 5076 1811 5129; x_wconf 81' lang='grc' dir='ltr'>ἀνα</span> 
     </span>
    </p>
   </div>
   <div class='ocr_carea' id='block_1_98' title="bbox 1937 5074 3620 5152">
    <p class='ocr_par' dir='ltr' id='par_1_98' title="bbox 1957 5078 3620 5152">
     <span class='ocr_line' id='line_1_98' title="bbox 1957 5078 3620 5152; baseline 0.001 -17"><span class='ocrx_word' id='word_1_699' title='bbox 1957 5081 2065 5136; x_wconf 89' lang='lat' dir='ltr'>Per</span> <span class='ocrx_word' id='word_1_700' title='bbox 2089 5081 2254 5152; x_wconf 85' lang='lat' dir='ltr'>ipsos</span> <span class='ocrx_word' id='word_1_701' title='bbox 2291 5078 2454 5135; x_wconf 88' lang='lat' dir='ltr'>enim</span> <span class='ocrx_word' id='word_1_702' title='bbox 2484 5079 2842 5150; x_wconf 82' lang='lat' dir='ltr'>promiserat</span> <span class='ocrx_word' id='word_1_703' title='bbox 2859 5094 3062 5150; x_wconf 89' lang='lat' dir='ltr'>regem</span> <span class='ocrx_word' id='word_1_704' title='bbox 3089 5081 3456 5136; x_wconf 85' lang='lat' dir='ltr'>exoriturum</span> <span class='ocrx_word' id='word_1_705' title='bbox 3515 5097 3620 5152; x_wconf 91' lang='lat' dir='ltr'>po-</span> 
     </span>
    </p>
   </div>
   <div class='ocr_carea' id='block_1_99' title="bbox 237 5160 1811 5241">
    <p class='ocr_par' dir='ltr' id='par_1_99' title="bbox 237 5160 1810 5241">
     <span class='ocr_line' id='line_1_99' title="bbox 237 5160 1810 5241; baseline 0.001 -24"><span class='ocrx_word' id='word_1_706' title='bbox 237 5170 452 5223; x_wconf 77' lang='grc' dir='ltr'>στὴσειν</span> <span class='ocrx_word' id='word_1_707' title='bbox 499 5161 725 5236; x_wconf 85' lang='grc' dir='ltr'>βασιλέα</span> <span class='ocrx_word' id='word_1_708' title='bbox 754 5160 976 5216; x_wconf 71' lang='grc' dir='ltr'>δυνατὸν</span> <span class='ocrx_word' id='word_1_709' title='bbox 1005 5165 1055 5216; x_wconf 77' lang='grc' dir='ltr'>ἓν</span> <span class='ocrx_word' id='word_1_710' title='bbox 1094 5168 1219 5236; x_wconf 79' lang='grc' dir='ltr'>οἴκῳ</span> <span class='ocrx_word' id='word_1_711' title='bbox 1272 5162 1460 5235; x_wconf 77' lang='grc' dir='ltr'>Δαυὶδ,</span> <span class='ocrx_word' id='word_1_712' title='bbox 1491 5174 1708 5241; x_wconf 85' lang='grc' dir='ltr'>Σωτῆρα</span> <span class='ocrx_word' id='word_1_713' title='bbox 1752 5187 1810 5219; x_wconf 91' lang='grc' dir='ltr'>το</span> 
     </span>
    </p>
   </div>
   <div class='ocr_carea' id='block_1_100' title="bbox 1937 5160 3618 5241">
    <p class='ocr_par' dir='ltr' id='par_1_100' title="bbox 1957 5168 3618 5235">
     <span class='ocr_line' id='line_1_100' title="bbox 1957 5168 3618 5235; baseline 0.001 -10"><span class='ocrx_word' id='word_1_714' title='bbox 1957 5173 2178 5226; x_wconf 90' lang='lat' dir='ltr'>tentem</span> <span class='ocrx_word' id='word_1_715' title='bbox 2217 5168 2274 5223; x_wconf 87' lang='lat' dir='ltr'>in</span> <span class='ocrx_word' id='word_1_716' title='bbox 2299 5168 2484 5224; x_wconf 94' lang='lat' dir='ltr'>domo</span> <span class='ocrx_word' id='word_1_717' title='bbox 2516 5168 2724 5235; x_wconf 89' lang='lat' dir='ltr'>David,</span> <span class='ocrx_word' id='word_1_718' title='bbox 2761 5168 3132 5225; x_wconf 87' lang='lat' dir='ltr'>Salvatorem</span> <span class='ocrx_word' id='word_1_719' title='bbox 3160 5168 3356 5225; x_wconf 86' lang='lat' dir='ltr'>Israel.</span> <span class='ocrx_word' id='word_1_720' title='bbox 3406 5172 3471 5225; x_wconf 89' lang='lat' dir='ltr'>Et</span> <span class='ocrx_word' id='word_1_721' title='bbox 3502 5169 3618 5226; x_wconf 90' lang='lat' dir='ltr'>hoc</span> 
     </span>
    </p>
   </div>
   <div class='ocr_carea' id='block_1_101' title="bbox 238 5250 1811 5327">
    <p class='ocr_par' dir='ltr' id='par_1_101' title="bbox 238 5250 1811 5327">
     <span class='ocr_line' id='line_1_101' title="bbox 238 5250 1811 5327; baseline 0.001 -20"><span class='ocrx_word' id='word_1_722' title='bbox 238 5253 472 5327; x_wconf 76' lang='grc' dir='ltr'>Ἰσραήλ.</span> <span class='ocrx_word' id='word_1_723' title='bbox 530 5259 630 5306; x_wconf 80' lang='grc' dir='ltr'>Καὶ</span> <span class='ocrx_word' id='word_1_724' title='bbox 686 5261 838 5305; x_wconf 82' lang='grc' dir='ltr'>τοῦτο</span> <span class='ocrx_word' id='word_1_725' title='bbox 891 5250 1221 5306; x_wconf 77' lang='grc' dir='ltr'>διδάσκουσι</span> <span class='ocrx_word' id='word_1_726' title='bbox 1266 5254 1467 5327; x_wconf 76' lang='grc' dir='ltr'>ψαλμοὶ</span> <span class='ocrx_word' id='word_1_727' title='bbox 1527 5255 1706 5309; x_wconf 79' lang='grc' dir='ltr'>πολλοὶ</span> <span class='ocrx_word' id='word_1_728' title='bbox 1755 5277 1811 5309; x_wconf 90' lang='grc' dir='ltr'>το</span> 
     </span>
    </p>
   </div>
   <div class='ocr_carea' id='block_1_102' title="bbox 1937 5250 2901 5327">
    <p class='ocr_par' dir='ltr' id='par_1_102' title="bbox 1959 5255 2901 5315">
     <span class='ocr_line' id='line_1_102' title="bbox 1959 5255 2901 5315; baseline -0.002 -1"><span class='ocrx_word' id='word_1_729' title='bbox 1959 5259 2176 5315; x_wconf 90' lang='lat' dir='ltr'>docent</span> <span class='ocrx_word' id='word_1_730' title='bbox 2215 5255 2386 5314; x_wconf 90' lang='lat' dir='ltr'>multi</span> <span class='ocrx_word' id='word_1_731' title='bbox 2425 5257 2644 5314; x_wconf 73' lang='lat' dir='ltr'>Psalml</span> <span class='ocrx_word' id='word_1_732' title='bbox 2684 5255 2901 5314; x_wconf 90' lang='lat' dir='ltr'>David.</span> 
     </span>
    </p>
   </div>
   <div class='ocr_carea' id='block_1_103' title="bbox 238 5340 427 5398">
    <p class='ocr_par' dir='ltr' id='par_1_103' title="bbox 238 5340 427 5398">
     <span class='ocr_line' id='line_1_103' title="bbox 238 5340 427 5398; baseline -0.005 0"><span class='ocrx_word' id='word_1_733' title='bbox 238 5340 427 5398; x_wconf 75' lang='grc' dir='ltr'>Δαυῖδ.</span> 
     </span>
    </p>
   </div>
   <div class='ocr_carea' id='block_1_104' title="bbox 315 5467 702 5533">
    <p class='ocr_par' dir='ltr' id='par_1_104' title="bbox 315 5467 702 5533">
     <span class='ocr_line' id='line_1_104' title="bbox 315 5467 702 5533; baseline -0.005 -10"><span class='ocrx_word' id='word_1_734' title='bbox 315 5469 361 5504; x_wconf 89' lang='grc'>¹⁰</span> <span class='ocrx_word' id='word_1_735' title='bbox 386 5468 532 5524; x_wconf 94' lang='lat' dir='ltr'>Luc.</span> <span class='ocrx_word' id='word_1_736' title='bbox 553 5482 591 5533; x_wconf 88' lang='grc' dir='ltr'>ι,</span> <span class='ocrx_word' id='word_1_737' title='bbox 611 5467 702 5521; x_wconf 83' lang='grc'>20.</span> 
     </span>
    </p>
   </div>
   <div class='ocr_carea' id='block_1_105' title="bbox 1472 5576 2385 5646">
    <p class='ocr_par' dir='ltr' id='par_1_105' title="bbox 1472 5576 2385 5646">
     <span class='ocr_line' id='line_1_105' title="bbox 1472 5576 2385 5646; baseline 0.001 -4"><span class='ocrx_word' id='word_1_738' title='bbox 1472 5576 1698 5645; x_wconf 71' lang='lat' dir='ltr'>Variae</span> <span class='ocrx_word' id='word_1_739' title='bbox 1723 5577 2056 5646; x_wconf 87' lang='lat' dir='ltr'>lectiones</span> <span class='ocrx_word' id='word_1_740' title='bbox 2083 5587 2149 5644; x_wconf 88' lang='lat' dir='ltr'>et</span> <span class='ocrx_word' id='word_1_741' title='bbox 2179 5587 2385 5644; x_wconf 62' lang='lat' dir='ltr'>notm.</span> 
     </span>
    </p>
   </div>
   <div class='ocr_carea' id='block_1_106' title="bbox 313 5696 855 5773">
    <p class='ocr_par' dir='ltr' id='par_1_106' title="bbox 313 5696 855 5773">
     <span class='ocr_line' id='line_1_106' title="bbox 313 5696 855 5773; baseline -0.013 -16"><span class='ocrx_word' id='word_1_742' title='bbox 313 5703 428 5773; x_wconf 81' lang='lat'><strong>(35)</strong></span> <span class='ocrx_word' id='word_1_743' title='bbox 471 5705 574 5754; x_wconf 80' lang='grc' dir='ltr'>Καὶ</span> <span class='ocrx_word' id='word_1_744' title='bbox 608 5696 725 5773; x_wconf 69' lang='grc' dir='ltr'>ἰδού</span> <span class='ocrx_word' id='word_1_745' title='bbox 739 5743 756 5773; x_wconf 14' lang='grc' dir='ltr'><em>,ν</em></span> <span class='ocrx_word' id='word_1_746' title='bbox 779 5701 855 5773; x_wconf 89' lang='lat' dir='ltr'>_B.</span> 
     </span>
    </p>
   </div>
   <div class='ocr_carea' id='block_1_107' title="bbox 315 5770 1838 5847">
    <p class='ocr_par' dir='ltr' id='par_1_107' title="bbox 315 5770 1838 5847">
     <span class='ocr_line' id='line_1_107' title="bbox 315 5770 1838 5847; baseline -0.001 -17"><span class='ocrx_word' id='word_1_747' title='bbox 315 5770 433 5844; x_wconf 59' lang='lat'>(36&#39;)</span> <span class='ocrx_word' id='word_1_748' title='bbox 466 5777 640 5826; x_wconf 81' lang='grc' dir='ltr'>Μόνον</span> <span class='ocrx_word' id='word_1_749' title='bbox 668 5770 894 5827; x_wconf 90' lang='lat' dir='ltr'>B.ldem</span> <span class='ocrx_word' id='word_1_750' title='bbox 931 5786 1076 5828; x_wconf 87' lang='lat' dir='ltr'>mox</span> <span class='ocrx_word' id='word_1_751' title='bbox 1116 5772 1293 5828; x_wconf 88' lang='lat' dir='ltr'>habet</span> <span class='ocrx_word' id='word_1_752' title='bbox 1312 5777 1502 5845; x_wconf 81' lang='grc' dir='ltr'>μόνων,</span> <span class='ocrx_word' id='word_1_753' title='bbox 1524 5789 1636 5846; x_wconf 92' lang='lat' dir='ltr'>pro</span> <span class='ocrx_word' id='word_1_754' title='bbox 1664 5793 1838 5847; x_wconf 86' lang='grc' dir='ltr'>μονον.</span> 
     </span>
    </p>
   </div>
  </div>
