4074 6382
523 344 628 400 879

601 469 761 525 Vers.

529 573 737 622 cornu,
767 557 1019 612 salutem
1040 563 1094 612 et
1113 556 1564 627 redemptionen
1587 553 1668 610 ab
1685 552 1940 609 inimicis
1966 550 2188 607 nostris

527 645 860 702 visibilibus
889 650 945 702 et
987 645 1394 701 invisibilibus.

601 736 762 789 Vers.
800 740 887 788 7'2.
912 734 980 790 Ut
1003 735 1208 806 faceret
1237 765 1302 772 —-
1327 733 1434 787 sui.
1455 731 1752 788 Faciendo
1785 729 2191 786 misericordia

532 839 669 878 cum
697 823 972 895 patribus
1007 822 1240 887 nostris,
1267 823 1388 876 sive
1411 821 1758 876 miserando
1789 825 2028 891 patrum
2056 833 2192 873 nos-

532 922 782 977 trorum,
836 912 913 967 ad
998 928 1152 983 quos
1203 911 1360 967 facta
1420 915 1508 966 est
1566 909 1882 980 promissio
1984 908 2191 963 salutis

534 1005 775 1066 nostrae,
817 1005 874 1057 et
902 1016 1007 1073 per
1063 1001 1195 1057 illos
1251 999 1535 1064 habendo
1557 999 1736 1069 hujus
1803 998 2181 1054 memoriam.

533 1094 976 1148 Testamentum
1027 1090 1188 1147 enim
1244 1096 1422 1154 vocat,
1459 1089 1958 1161 promissionem:
2010 1086 2191 1157 hujus

532 1186 736 1237 autem
765 1181 1140 1252 memoriam,
1185 1179 1662 1237 terminationem
1696 1193 1766 1232 ac
1790 1176 2192 1248 complemen-

530 1276 678 1326 tum.

608 1361 766 1415 Vers.
799 1363 886 1416 73.
929 1357 1324 1429 Jurisjurandi
1348 1388 1413 1398 -—
1443 1364 1708 1413 nostrum.
1743 1357 1814 1412 Ut
1852 1356 2030 1412 etiam
2070 1369 2190 1410 me-

536 1466 670 1505 mor
701 1453 857 1504 esset
877 1449 1298 1521 jurisjurandi,
1320 1448 1485 1520 quod
1507 1447 1744 1517 juravit,
1774 1447 1888 1502 hoc
1918 1451 2023 1512 est,
2053 1461 2190 1500 con-

533 1538 903 1602 ﬁrmationis.
936 1554 1120 1610 quam
1137 1535 1510 1593 confirmavit
1531 1536 1609 1590 ad
1637 1536 1940 1591 Abraham
1963 1539 2188 1606 patrem

538 1633 802 1682 nostrum
841 1648 854 1682 :
881 1626 1306 1698 jusjurandum
1337 1625 1496 1680 enim
1516 1625 1637 1689 Dei,
1665 1623 2042 1680 conﬁrmatio
2080 1628 2185 1678 est.

533 1715 941 1771 ludifferenter
963 1720 1162 1769 autem
1205 1714 1451 1769 verbum
1500 1716 1798 1786 μνησθῆναι
1829 1729 1864 1768 a
1925 1713 2188 1784 genitivo

1881 332 2236 393 EUTHYMII
2275 331 2608 394 ZIGABENI
2637 361 2640 364 ·

837 473 923 522 7t.
984 467 1224 524 Salutem
1284 497 1351 506 —
1416 482 1515 521 nos
1557 464 1749 520 Erexit
1814 467 2013 520 autem
2071 461 2186 517 hoc
2217 458 2262 511 A

3796 331 3896 386 880

2369 467 2702 534 Σωτηρίαν--
2754 465 2911 534 ημᾶς.
2971 468 3177 536 Ἴίγειρε
3218 458 3276 514 δὲ
3315 459 3427 530 (3'!)
3475 462 3532 511 τὸ
3561 461 3711 532 κέρας
3750 463 3897 509 τοῦτο

2301 557 2563 625 σωτηρίαν
2603 553 2727 623 ἡμῖν
2787 551 2897 622 (38)
2950 556 3040 604 καὶ
3091 551 3348 624 λύτρωσιν
3380 548 3433 612 ἐξ
3481 549 3686 622 ἐχθρῶν
3734 548 3894 624 ἡμῶν,

2307 643 2539 713 ἀοράτων
2570 646 2659 692 καὶ
2690 642 2906 714 ὁρατῶν.

2375 737 2600 788 Ποιῆσαι
2631 761 2696 769 —-
2725 729 2905 784 αὐτοῦ.
2954 730 3032 782 ’,Εν
3073 738 3143 800 τῷ
3190 737 3413 788 ποιῆσαι
3458 727 3592 789 ἔλεος
3644 729 3773 799 μετὰ
3803 733 3898 776 τῶν

2301 823 2531 891 πατέρων
2588 821 2754 890 ἡμῶν,
2797 823 2953 889 ἤγουν
3022 821 3068 870 ἐν
3109 829 3179 870 τῶ
3240 817 3448 878 ἐλεῆσαι
3504 825 3623 879 τοῦς
3675 819 3897 888 πατέρας

2301 911 2464 980 ἡμῶν,
2518 912 2644 981 πρὸς
2701 907 2790 968 οὓς
2841 911 2868 967 ἡ
2931 907 3209 980 ἐπαγγελία
3262 917 3356 969 τῆς
3423 911 3686 978 σωτηρίας
3732 907 3894 977 ἡμῶν,

2299 1002 2389 1049 καὶ
2435 994 2508 1049 δι’
2557 996 2778 1057 ἐκείνους
2800 1000 3096 1068 μνησθῆναι
3128 1001 3339 1057 ταύτης.
3397 998 3660 1054 Διαθὴκην
3687 999 3788 1068 γὰρ
3819 994 3896 1046 λέ-

2298 1106 2378 1158 γει
2437 1092 2530 1144 τὴν
2590 1086 2912 1158 ἐπαγγελίαν,
2966 1092 3176 1160 μνήμην
3225 1083 3284 1140 δὲ
3325 1086 3502 1158 αὐτῇς,
3536 1090 3628 1143 τὴν
3672 1087 3898 1157 περάτω-

2303 1195 2404 1230 σιν.

2372 1362 2561 1429 Ὅρκον
2611 1387 2650 1396 —-
2709 1359 2874 1428 ἡμῶν.
2935 1360 3032 1409 Καὶ
3089 1353 3136 1406 ἐν
3179 1363 3252 1426 τῷ
3283 1355 3582 1426 μνησθῆναι
3610 1355 3696 1404 τὸν
3729 1353 3894 1426 ὅρκον,

2300 1447 2353 1496 ὃν
2412 1445 2748 1516 diuae-M39),
2785 1446 3040 1516 [τουτέστι
3085 1449 3180 1501 τὴν
3233 1441 3538 1515 βεϐαίωσιν,
3594 1441 3653 1500 ἢν
3710 1440 3900 1494 ἐϐεϐαί-

2299 1533 2450 1606 ωσε]
2493 1537 2622 1608 πρὸς
2651 1533 2889 1607 Ἀϐραὰμ
2936 1538 3024 1586 τὸν
3063 1537 3262 1606 πατέρα
3310 1533 3455 1604 ἡμῶν
3512 1552 3523 1562 ⁸
3585 1532 3737 1606 ὅρκος
3798 1533 3896 1604 γάρ

2299 1622 2382 1676 ἐπὶ
2414 1631 2546 1675 Θεοῦ
2603 1628 2689 1675 και
2749 1627 2976 1695 ὅμοσμα,
3035 1624 3064 1680 ἡ
3118 1620 3422 1694 βεϐαίωσις.
3475 1616 3804 1694 Ἀδιαφὸρως
3840 1616 3900 1672 δε

2297 1717 2354 1766 τὸ
2395 1715 2713 1785 μνησθῆναι,
2775 1712 2875 1764 ἀπὸ
2904 1721 3113 1784 γενικῆς
3169 1711 3241 1772 εἰς
3289 1710 3582 1768 αἰτιατικὴν
3624 1752 3636 1764 .
3683 1710 3900 1770 σύνηθες

531 1805 746 1859 transit
773 1805 849 1860 ad
865 1802 1273 1859 accusativum
1303 1826 1314 1857 :
1335 1802 1395 1857 id
1409 1804 1569 1858 enim
1591 1802 1930 1874 frequenter
1958 1803 2018 1857 in
2051 1802 2183 1858 scri-

2308 1805 2398 1878 γὰρ
2425 1811 2574 1854 τοῦτο
2623 1810 2726 1862 τοῖς
2757 1809 3116 1874 προφητικοῖς,
3174 1802 3346 1875 ὥσπερ
3379 1802 3525 1857 καὶὴ
3566 1799 3677 1870 (40)
3721 1803 3900 1871 γριφό-

532 1894 721 1965 pturis
744 1893 976 1959 accidit,
1017 1892 1396 1964 propheticis,
1437 1894 1591 1948 sicut
1619 1897 1674 1947 et
1699 1892 1757 1948 in
1797 1891 2189 1960 aenigmaticis

531 1987 588 2038 et
611 1982 844 2052 ﬁguris,
885 1981 1187 2055 (idemque
1240 1981 1307 2038 ﬁt
1335 1981 1499 2053 apud
1547 1981 1776 2037 Latinos
1831 1981 1893 2036 in
1938 1981 2192 2052 Vulgata

531 2072 938 2136 translatione,
968 2087 1102 2126 cum
1123 2071 1319 2143 primo
1337 2070 1554 2127 dicitur
1585 2073 1920 2127 testamenti
1947 2075 2003 2126 et
2026 2074 2191 2143 post-

534 2161 778 2215 modum
808 2159 1289 2232 jusjurandum).
1312 2159 1536 2215 Deinde
1567 2159 1823 2225 dicit,ad
1850 2159 1989 2231 quid
2016 2159 2191 2214 fuerit

530 2249 645 2305 hoc
672 2253 1095 2304 testamentum
1123 2255 1179 2304 et
1209 2247 1605 2304 conﬁrmatio.

604 2339 768 2394 Vers.
803 2343 890 2395 73.
927 2338 1000 2394 Ut
1019 2338 1176 2393 daret
1213 2369 1280 2380 —
1319 2337 1482 2394 Vers.
1527 2338 1578 2393 5.
1640 2345 1858 2393 nostrae.
1914 2338 2023 2394 Per
2088 2338 2189 2409 hy-

533 2430 823 2500 perbaton
853 2433 940 2484 est
968 2428 1183 2484 horum
1213 2428 1512 2484 ordinatio
1543 2428 1878 2484 verborum.
1935 2427 2186 2483 Primum

531 2522 733 2574 autem
765 2517 1089 2574 dicendum
1142 2522 1261 2572 est:
1295 2519 1364 2573 Ut
1411 2516 1582 2572 daret
1619 2516 1790 2573 nobis
1847 2517 2006 2588 quod
2064 2520 2189 2573 sine

531 2607 743 2662 timore
773 2605 1220 2671 serviamusilli,
1248 2605 1306 2660 in
1329 2605 1641 2660 sanctitatc
1667 2611 1722 2661 et
1734 2605 1960 2676 justitia
1983 2621 2187 2661 coram

529 2695 663 2766 ipso
687 2695 970 2751 omnibus
1009 2693 1222 2750 diebus
1243 2693 1374 2750 vitae
1396 2699 1632 2750 nostrae.
1667 2695 1907 2761 Deinde,
1940 2695 2100 2767 quod
2128 2697 2187 2752 in

532 2786 731 2841 medio
761 2783 1046 2840 remansit
1086 2799 1098 2837 :
1132 2783 1212 2837 De
1249 2800 1414 2839 manu
1469 2784 1830 2838 inimicorum
1877 2791 2187 2842 nostrorum

2299 1912 2360 1950 τη
2376 1913 2412 1954 ς.
2445 1888 2572 1943 Εἶτα
2600 1890 2756 1961 λέγει,
2783 1895 2924 1952 τίνος
2950 1891 3112 1964 χάριν
3143 1891 3172 1947 ἡ
3205 1891 3419 1946 τοιαύτη
3478 1885 3710 1946 διαθήκη
3756 1889 3896 1945 καὶὴ

2305 1981 2614 2055 βεϐαίωσις.

2369 2079 2472 2124 Τοῦ
2559 2067 2745 2123 ὃοϋται
2814 2102 2878 2110 -
2933 2072 3077 2142 ἡμῶν
3109 2068 3607 2145 Καθ’ὑπερϐατόνή
3663 2067 3900 2131 σύνταξις

2298 2163 2328 2220 ἡ
2357 2171 2455 2214 τῶν
2484 2161 2654 2234 ῥητῶν
2684 2163 2896 2229 τούτων,
2933 2158 3054 2223 οἷον,
3082 2159 3228 2233 ’Υπὲρ
3261 2167 3354 2210 τού
3384 2155 3582 2230 ,δοῦναι
3611 2160 3738 2230 ἡμῖν
3780 2156 3901 2230 ἁφό-

2299 2251 2398 2313 ϐως
2431 2251 2689 2323 λατρεύειν
2720 2250 2858 2318 αύτῷ
2888 2248 2934 2300 ἐν
2962 2251 3198 2313 ὁσιότητι
3224 2253 3313 2300 καὶ
3347 2244 3657 2319 δικαιοσύνῃ
3687 2246 3900 2300 ἐνώπιον

2299 2340 2478 2399 αὐτοῦ,
2511 2342 2685 2400 πασας
2716 2341 2804 2398 τὰς
2834 2341 3030 2412 ἡμέρας
3057 2347 3150 2400 τῆς
3182 2341 3315 2401 ζωῆς
3356 2339 3522 2410 ἡμῶν.
3578 2335 3705 2391 Εἶτα
3741 2340 3800 2389 τὸ
3849 2335 3900 2389 ἐν

2299 2437 2440 2505 μέσῳ
2467 2449 2478 2458 ·
2514 2432 2586 2485 Εκ
2615 2431 2794 2503 χειρὸς
2832 2436 2931 2480 τῶν
2964 2426 3168 2500 ἐχθρῶν
3201 2429 3346 2500 ἡμῶν
3383 2427 3692 2502 ῥυσθέντας.
3724 2427 3899 2478 Ὀσιό-

2296 2539 2432 2578 τητα
2460 2521 2548 2592 μὲν
2578 2515 2665 2570 οὖν
2695 2518 2827 2590 λέγει
2865 2522 2955 2576 τὴν
2979 2517 3262 2587 εὐσέϐειαν,
3316 2513 3662 2574 δικαιοσύνην
3707 2512 3765 2568 δὲ
3800 2520 3898 2574 τὴν

2296 2608 2592 2665 τελειότητα
2621 2616 2719 2660 τῶν
2768 2607 2932 2659 ἄλλων
2964 2606 3176 2681 ἀρετῶν.
3210 2606 3434 2662 Ἔπειτα
3492 2605 3790 2678 μεταϐαίνει
3825 2614 3890 2679 τῇ

2295 2703 2585 2774 προφητεία
2614 2702 2704 2748 καὶ
2761 2700 2890 2770 πρὸς
2947 2700 3033 2749 τὸν
3087 2696 3272 2749 ἑαυτοῦ
3311 2692 3484 2749 παῖδα
3523 2696 3786 2765 Ἰωάννην,
3811 2701 3902 2749 καὶ

2299 2807 2448 2862 φησι·

528 2875 783 2931 liberati.
807 2872 1188 2930 Sanctitatem
1208 2873 1406 2945 itaque
1428 2878 1620 2940 vocat,
1640 2873 1862 2930 cultum
1876 2873 2175 2945 divinum;
2201 2879 2491 2949 justitiam
2518 2893 2675 2942 vero,
2697 2876 3063 2948 reliquarum
3104 2875 3527 2947 perfectionem
3589 2873 3898 2940 virtutum,

526 2965 744 3022 Deinde
769 2965 831 3020 in
860 2963 1139 3020 vaticinio
1165 2966 1235 3020 ad
1257 2963 1448 3020 ﬁlium
1478 2979 1721 3038 quoque
1750 2982 1928 3022 suum
1965 2967 2260 3024 Joannem
2291 2966 2642 3034 digreditur,
2671 2972 2722 3021 ct
2751 2965 2861 3021 ait:

596 3056 762 3110 Vers.
790 3055 882 3108 76.
911 3054 986 3108 Et
1015 3062 1075 3109 tu
1113 3085 1184 3095 —
1206 3053 1496 3108 vocaberis.
1526 3056 1592 3111 Et
1640 3070 1779 3110 vere
1814 3070 2026 3112 omnes
2047 3072 2184 3128 pro-

523 3144 770 3217 phetam
786 3158 926 3200 eum
953 3143 1370 3199 nominabant.

2370 3061 2470 3110 Καὶ
2514 3060 2579 3108 σὺ
2623 3088 2684 3096 -
2737 3054 3002 3128 κληθήσῃ.
3058 3058 3159 3108 Καὶ
3203 3057 3357 3116 ὅντως
3395 3056 3578 3116 πάντες
3624 3058 3900 3130 προφήτην

2296 3146 2450 3198 αὐτὸν
2478 3145 2764 3218 ὠνόμαζον.

595 3235 764 3288 Vers.
792 3237 883 3289 76.
915 3233 1152 3287 Prwibis
1181 3263 1249 3275 —
1288 3233 1422 3303 eius.
1466 3232 1789 3289 Dominum
1853 3233 1950 3291 hic
2023 3234 2183 3290 Chri-

2365 3238 2705 3312 Προπορεύση
2739 3266 2807 3274 --
2829 3234 3012 3286 αὐτοῦ.
3050 3237 3238 3309 Κύριον
3271 3232 3511 3300 ἐνταῦθα,
3546 3236 3634 3286 τὸν
3665 3236 3901 3307 Χριστὸν

526 3329 683 3380 stum
711 3321 994 3395 appellat,
1033 3337 1216 3394 quem
1258 3322 1599 3393 praecedens
1655 3323 1936 3388 Joannes,
1979 3329 2181 3396 utpote

522 3428 858 3486 prmcursor
883 3427 954 3468 ac
977 3426 1175 3484 praeco
1204 3411 1355 3482 ejus,
1385 3413 1631 3484 quando
1648 3412 1728 3469 ad
1759 3411 2061 3470 desertum
2089 3430 2182 3470 ve-

522 3503 609 3558 nit
645 3501 886 3568 Μάνεω,
919 3501 1154 3572 paravit
1176 3501 1306 3556 vias
1323 3501 1472 3572 ejus.

595 3589 738 3652 Quae
792 3591 996 3642 autem
1042 3584 1160 3640 sint
1184 3584 1296 3640 viae
1367 3585 1518 3657 ejus,
1562 3585 1824 3643 diximus
1868 3587 2036 3645 tertio
2086 3605 2178 3645 ca-

522 3675 643 3748 pite
687 3673 995 3745 Evangelii
1051 3673 1380 3729 secundum
1422 3673 1781 3745 Matthteum,
1833 3676 1938 3732 ubi
1996 3677 2181 3734 habe-

521 3768 658 3820 tur:
698 3764 815 3818 Vox
841 3762 1126 3818 clamantis
1176 3762 1239 3817 in
1276 3763 1482 3819 deserto
1515 3779 1527 3818 :
1558 3764 1757 3820 Parate
1808 3766 1961 3823 viam
2011 3767 2179 3822 domi-

522 3853 585 3908 ni
614 3854 684 3905 υ.

591 3943 756 3998 Vers.
799 3942 888 3998 77.
936 3941 1015 3998 Ad
1064 3941 1303 3997 dandam
1353 3973 1424 3983 ——
1465 3943 1606 4014 ejus.
1652 3944 1916 4016 Prmibis,
1959 3945 2174 4019 inquit,

520 4037 656 4088 ante
694 4030 908 4088 faciem
936 4030 1172 4087 Domini
1201 4037 1502 4099 etcastera,
1528 4037 1594 4089 ut
1611 4032 1958 4107 despopulo
1988 4033 2176 4108 ipsius

520 4121 918 4192 cognitionem
953 4120 1184 4186 salutis,
1217 4121 1331 4177 hoc
1373 4126 1476 4189 est,
1529 4122 1607 4178 ad
1671 4122 2061 4180 indicandum
2105 4140 2176 4180 ac

515 4209 1058 4267 demonstrandum
1082 4211 1300 4266 Judmis
1321 4211 1616 4268 Christum
1651 4228 1665 4279 ;
1693 4211 1789 4268 hic
1818 4213 1978 4269 enim
2009 4213 2174 4270 salus

514 4300 787 4372 ipsorum
815 4303 920 4356 est.

589 4389 754 4445 Vers.
799 4391 886 4444 77.
938 4391 1054 4444 Per
1126 4391 1491 4445 remissionem
1545 4422 1614 4432 —
1675 4408 1879 4447 eorum.
1933 4391 2172 4450 Salutis.

515 4478 789 4550 inquam,
834 4494 972 4550 qum
1029 4483 1116 4535 est
1167 4495 1276 4551 per
1325 4481 1744 4539 remissionem
1796 4488 2175 4554 peccatorum

2292 3324 2552 3397 ὀνομάζει,
2595 3325 2654 3376 οὗ
2684 3328 2990 3398 προτρέχων
3022 3325 3046 3374 ὁ
3081 3324 3337 3392 Ἰωάννης,
3367 3326 3434 3386 ὡς
3462 3322 3623 3375 αὐτοῦ
3674 3319 3904 3398 πρόδρο-

2289 3435 2388 3488 μος
2414 3420 2503 3467 καὶ
2531 3413 2716 3487 κῆρυξ,
2771 3416 2852 3466 ὅτε
2880 3417 3188 3488 παρεγένετο
3219 3413 3274 3466 εκ
3306 3421 3368 3485 τῇ
3421 3411 3596 3488 ὶρὴμῳ
3635 3420 3728 3476 τῆς
3771 3413 3901 3466 Ἰου-

2292 3501 2466 3569 δαίας,
2499 3503 2755 3576 ἡτοίμαζε
2779 3505 2871 3564 τὰς
2899 3499 3055 3565 ὀδοὺς
3087 3503 3269 3566 αὐτοῦ,

2359 3599 2499 3654 Τίνες
2558 3590 2616 3646 δὲ
2661 3597 2715 3644 αὶ
2766 3588 2888 3645 ὁδοὶ
2936 3592 3117 3656 αὐτοῦ,
3178 3590 3453 3667 εἰρήϐαμεν
3507 3591 3554 3644 ἐν
3609 3599 3681 3662 τῷ
3732 3597 3899 3667 τρίτῳ

2287 3682 2547 3755 κεφαλαίῳ
2580 3682 2670 3734 τοῦ
2699 3683 2836 3733 κατὰ
2862 3683 3151 3748 Ματθαῶν,
3193 3683 3314 3734 ἔνθα
3337 3689 3504 3734 κεῖται
3555 3686 3614 3734 τὸ
3666 3725 3678 3738 .

2289 3769 2516 3844 βοῶντος
2573 3769 2620 3822 ἐν
2662 3778 2724 3842 τῇ
2796 3770 2991 3843 ἐρήμῳ,
3055 3769 3398 3843 Ἑτοιμάσατε
3454 3775 3549 3829 τὴν
3609 3766 3732 3822 ὁδὸν
3786 3773 3896 3827 Κυ-

2284 3864 2422 3934 ρίου.

2358 3956 2460 4002 Τοῦ
2493 3945 2677 4001 δοῦναι
2708 3981 2772 3988 -
2804 3948 2983 4001 αὑτοῦ.
3008 3949 3402 4024 ’Προπορεύση.
3437 3952 3699 4022 φησὶ,πρό
3729 3968 3901 4022 προσ-

3743 3688 3894 3743 Φωνὴ

2286 4043 2428 4091 ώπου
2485 4044 2700 4113 Κυρίου,
2737 4037 2826 4090 καὶ
2864 4041 2930 4090 τὰ
2960 4035 3097 4104 ἑξῆς,
3131 4040 3258 4112 ὑπὲρ
3310 4046 3401 4091 τοῦ
3455 4035 3639 4092 δοῦναι
3675 4048 3746 4110 τῷ
3785 4039 3899 4112 λαῷ

2286 4128 2446 4180 αύτου
2471 4136 2666 4198 γνῶσιν
2699 4132 2982 4200 σωτηρίας,
3024 4131 3312 4194 τουτέστιν,
3367 4129 3493 4201 ὑπὲρ
3520 4136 3612 4181 τοῦ
3637 4133 3902 4204 γνωρίσαι

2283 4221 2374 4268 καὶ
2396 4214 2670 4279 ὑποδεῖξαι
2700 4224 2810 4279 τοῖς
2837 4213 3118 4278 Ἰουδαίοις
3159 4220 3247 4269 τὸν
3288 4222 3518 4292 Χριστόν
3544 4235 3555 4247 ·
3591 4217 3742 4281 οὗτος
3789 4222 3902 4293 γάρ

2284 4304 2397 4356 ἔστι
2425 4311 2663 4380 σωτηρία
2699 4305 2887 4361 αὐτῶν.

2355 4393 2443 4449 Ἐν
2489 4393 2666 4466 ἀφέσει
2712 4427 2776 4435 -
2808 4394 2995 4449 αὐτῶν.
3050 4399 3313 4469 Σωτηρίας
3371 4392 3430 4448 δὲ
3466 4405 3559 4458 τῆς
3612 4395 3661 4448 ἕν
3711 4395 3904 4470 ἀφέσει

2284 4483 2554 4556 ἁμαρτιῶν
2577 4483 2766 4549 αὐτῶν,
2792 4488 2953 4555 ἤγουν
2983 4493 3073 4545 τῆς
3097 4490 3367 4558 γινομένης
3423 4485 3470 4537 ἓν
3518 4495 3590 4556 τῷ
3640 4485 3904 4559 ἀφεθῆναι

515 4567 904 4634 eorum,sive,
938 4583 1075 4639 quae
1104 4567 1169 4622 ﬁt
1193 4583 1330 4623 cum
1358 4569 1738 4627 remittuntur
1765 4586 1836 4626 ac
1866 4572 2177 4628 solvuntur

2308 4578 2373 4624 Lai
2406 4572 2626 4632 λυθῆναι
2656 4576 2746 4634 τὰς
2775 4574 3036 4648 ἁμαρτίας
3059 4574 3249 4629 αὐτῶν.
3281 4575 3433 4627 Οὗτω
3449 4577 3551 4650 γὰρ
3572 4580 3662 4627 καὶ
3682 4577 3708 4627 ὁ
3738 4577 3904 4649 ἄγγε-

517 4655 628 4711 Ηιιε
660 4661 908 4728 peccata
938 4673 1066 4712 sua.
1137 4657 1227 4713 Sic
1257 4659 1417 4714 enim
1465 4664 1529 4728 et
1555 4659 1805 4731 angelus
1855 4661 1924 4716 ad
1954 4663 2175 4736 Ioseph

512 4743 748 4800 locutus
811 4750 916 4802 est.
999 4747 1396 4818 interpretans
1463 4763 1686 4804 nomen
1755 4749 2010 4806 Christi:
2055 4753 2176 4822 Ipse

514 4834 694 4898 enim,
724 4834 938 4906 inquit,
969 4835 1175 4890 salvum
1203 4835 1367 4906 faciet
1388 4837 1654 4907 populum
1681 4854 1838 4892 suum
1888 4856 1922 4893 a
1945 4841 2173 4910 peccatis

512 4939 699 4978 eorum
739 4925 806 4977 ¹².

585 5015 744 5069 Vers.
763 5014 852 5068 78.
889 5015 1011 5070 Per
1032 5015 1254 5070 viscera
1283 5045 1352 5054 —
1390 5015 1596 5071 nostri.
1630 5015 1740 5071 Per
1765 5016 2173 5075 remissionem

586 5193 629 5228 ¹¹
662 5191 861 5249 Matth.
895 5196 1081 5259 111,11.
1162 5193 1209 5228 ¹²
1241 5190 1441 5249 Matth.
1461 5209 1540 5260 ιν,
1567 5195 1657 5250 21.

2284 4660 2372 4723 λος
2394 4661 2502 4714 εἷπε
2526 4666 2652 4737 πρὸς
2677 4666 2763 4715 τὸν
2793 4663 3008 4736 Ἰωσὴφ,
3042 4663 3330 4738 ἑρμηνεύων
3359 4667 3416 4716 τὸ
3439 4666 3702 4736 ὄνοματοῦ
3726 4673 3905 4740 Χρισ-

2283 4760 2396 4804 τοῦ·
2433 4753 2597 4814 Αύτός
2621 4755 2746 4825 γὰρ,
2791 4759 2940 4825 φησὶ,
2979 4759 3140 4806 σώσει
3193 4759 3280 4806 τὸν
3321 4754 3441 4806 λαὸν
3471 4754 3631 4806 αὐτοῦ
3659 4753 3762 4807 ἀπὸ
3792 4765 3904 4808 τῶν

2284 4840 2551 4916 ἁμαρτιῶν
2583 4842 2749 4893 αὐτῶν
2759 4883 2772 4898 .

2356 5024 2452 5073 Διὰ
2509 5020 2795 5092 σπλάγχνα
2868 5053 2936 5062 ——
2985 5024 3152 5094 ἡμῶν.
3225 5021 3306 5076 Ἐν
3369 5025 3548 5095 ἀφέσει
3610 5019 3670 5075 δὲ
3724 5023 3910 5099 ἁμαρ-

1765 5374 1991 5442 νᾶτίευ
2015 5375 2345 5446 lectiones
2391 5389 2456 5444 et
2502 5387 2703 5446 notae.

602 5564 691 5634 37)
720 5567 779 5616 Δέ
810 5567 978 5623 abest
1007 5569 1074 5622 A.

579 5562 691 5776 337)
720 5567 779 5646 ᾼέ
810 5567 978 5623 abest
1007 5569 1074 5622 A.

605 5639 693 5777 38;
739 5643 871 5708 Ημῖν
912 5638 1098 5720 deest.
1144 5639 1203 5693 Β.

603 5710 670 5761 39
716 5709 853 5772 Quae
891 5709 1200 5766 hicmclus

603 5709 692 5777 39)
716 5709 853 5772 Quae
891 5709 984 5765 hic
1009 5709 1240 5766 inclusa
1266 5715 1422 5780 sunt,
1455 5711 1801 5769 addidimus
1830 5730 1903 5771 ex
1944 5715 2078 5772 cod.
2105 5716 2164 5769 Β.

2279 5572 2341 5626 In
2371 5573 2497 5628 cod.
2533 5576 2579 5626 A
2609 5587 2731 5628 non
2757 5571 3056 5642 leguntur.

2346 5645 2458 5716 (40)
2500 5643 2565 5699 Id
2603 5649 2712 5710 est,
2737 5646 2796 5695 τὸ
2829 5640 3238 5716 αἰνιγματῶδες.
