4074 6396
227 366 320 422 881

1301 359 1679 418 COMMENT.
1727 358 1796 414 IN
1837 358 2098 414 LUCAM.
2143 389 2206 400 -—
2249 359 2412 416 CAP.
2461 360 2534 418 ll.

3488 364 3591 418 882

224 499 340 542 τιῶν
379 497 436 561 τῇ
487 486 578 541 διὰ
627 487 913 560 σπλάγχνα
965 485 1131 548 ἐλέους
1179 493 1312 539 Θεοῦ
1361 487 1528 558 ἡμῶν,
1585 487 1703 542 ἦτοι
1750 491 1794 554 τῇ

1927 487 2331 552 peccatorum,
2365 500 2500 556 quae
2526 487 2621 540 est
2646 498 2754 556 per
2775 483 3009 541 viscera
3039 485 3458 542 misericordiae
3488 487 3587 542 Dei

225 577 465 650 διδομένη
495 574 588 631 διὰ
617 581 711 636 τήν
745 577 1068 650 συμπάθειαν
1099 583 1190 628 τοῦ
1223 574 1385 636 ἐλέους
1412 574 1594 638 αὐτοῦ,
1637 576 1726 625 καὶ
1756 572 1814 624 οὗ

224 665 311 721 διὰ
335 671 400 720 τα
428 671 551 740 ἔργα
579 667 770 721 αὐτῶν.

289 757 368 810 Ἐν
416 755 491 819 οἷς
547 788 615 797 -
681 755 863 827 ὕψους.

220 843 287 900 δι’
343 849 377 899 ὰ
454 845 738 918 σπλάγχνα
793 845 977 910 ἐλέους,
1036 843 1354 915 ἐπεσκέψατο
1423 845 1578 915 ἡμᾶς,
1649 844 1812 894 ε’ἲτουν

219 936 541 1008 ἐτι-ἐφοίτησεν
592 933 808 993 ἀνατολὴ
860 941 950 987 τοῦ
980 941 1166 992 νοητοῦ
1201 933 1370 1000 ἡλίου,
1403 932 1458 994 ἐξ
1505 931 1668 1002 ὕψους
1719 938 1814 990 τῆς

219 1028 469 1086 Θεὸτητος.
531 1029 685 1097 Λέγει
731 1021 790 1078 δὲ
845 1029 938 1082 τὴν
993 1025 1113 1076 ὅσον
1169 1026 1312 1075 οὔπω
1366 1021 1660 1094 ἐπιφάνειαν
1718 1026 1810 1072 τοῦ

939 754 1017 808 Ἐν
1088 751 1164 816 οἷς
1241 754 1566 825 σπλάγχνοις
1647 750 1813 812 ἐλέους

215 1123 461 1191 Χριστοῦ.

277 1206 549 1276 Ἐπιφᾶναι
618 1235 689 1245 -
767 1205 1092 1276 καθημένοις

210 1296 342 1367 ἡμᾶς
393 1291 490 1346 διὰ
538 1296 598 1344 τὸ
652 1291 917 1365 ἐπιφᾶναι,
972 1296 1260 1357 τουτέστιν,

211 1383 442 1444 ἀληθείας
469 1389 580 1444 τοῖς
608 1380 656 1434 ἐν
712 1385 886 1434 σκότει
933 1390 1022 1442 τῆς
1071 1381 1271 1441 πλάνης
1313 1381 1642 1452 καθημένοις.
1679 1379 1804 1430 Σκιὰ

1168 1201 1539 1270 Ἐπεσκέψατο,
1626 1204 1803 1272 φησὶν,

1341 1289 1636 1362 ἐπιλάμψαι
1702 1295 1806 1360 φῶς

210 1470 262 1525 δὲ
291 1474 512 1524 θανάτου
564 1473 594 1529 ἡ
656 1472 912 1544 ἁμαρτία·
966 1471 1204 1533 εἰκονίζει
1249 1473 1350 1542 γὰρ
1394 1473 1482 1521 καὶ
1537 1468 1666 1525 αὕτη
1714 1471 1801 1520 τὸν

209 1564 435 1616 Θάνατον.
463 1568 664 1633 ’Ὠσπερ
691 1563 791 1636 γὰρ
815 1561 963 1621 οὖθος
991 1559 1179 1632 ψυχης
1205 1559 1315 1611 ἐστι
1338 1561 1636 1632 χωρισμὸς.
1666 1558 1800 1609 οὕτω

205 1657 283 1705 καὶ
308 1653 442 1710 αὕτη
478 1654 775 1723 Πνεύματος
806 1651 959 1722 ἁγίου
991 1649 1104 1703 ἐστὶ
1141 1651 1439 1722 χωρισμὸς.

263 1855 362 1900 Τοῦ
390 1847 708 1899 κατευθύναι
744 1876 801 1884 -
829 1845 1048 1920 εἰρήνης.
1079 1845 1228 1919 ’Υριὲρ
1264 1852 1356 1897 τοῦ
1383 1846 1691 1896 κατευθύναι
1709 1863 1795 1901 την

206 1942 396 2009 πορείαν
431 1945 532 1999 τῆς
560 1935 820 1998 πολιτείας
851 1937 996 2008 ἡμῶν
1029 1935 1100 1997 εἰς
1129 1931 1250 1986 όόὀν
1283 1935 1509 2009 εἰρήνης,
1546 1941 1638 1995 τῆς
1664 1937 1795 1986 κατά

207 2031 316 2078 Θεὸν
325 2067 336 2078 .

265 2119 328 2168 Τὸ
357 2113 415 2169 δὲ
443 2146 512 2155 -
545 2117 821 2188 πνεὺματι.
855 2115 1116 2188 Πνεύματι
1156 2115 1292 2186 θείῳ.

273 2336 359 2384 Καὶ
412 2328 480 2391 ἦν
541 2362 607 2370 -
657 2329 891 2403 Ἰσραήλ.
935 2329 1061 2390 "Em;
1117 2331 1315 2403 ἡμέρας
1357 2323 1655 2390 ἀναδείξεως
1695 2327 1793 2380 αὔ-

207 2427 298 2489 τοῡ,
327 2429 418 2482 τῆς
472 2425 608 2493 πρὸς
655 2423 774 2480 τοὺς
812 2419 1158 2494 Ἰσραηλίτας,
1209 2420 1291 2470 ὅτε
1321 2415 1470 2476 ἦλθεν
1516 2417 1580 2478 εἰς
1618 2423 1792 2470 πᾶσαν

205 2513 284 2567 τὴν
319 2515 619 2585 περίχωρον
668 2505 935 2584 Ἰορδάνου
984 2510 1266 2583 κηρύσσων
1347 2506 1628 2580 βάπτισμα
1668 2525 1795 2579 μετα

203 2603 342 2662 νοίας.
394 2596 549 2652 Ἐὃει
604 2601 706 2672 γὰρ
761 2598 917 2650 αὐτὸν
952 2596 1004 2660 ἐξ
1052 2597 1258 2649 ἁπαλῶν
1308 2597 1512 2668 ὀνύχων
1558 2594 1794 2653 ἀσκῆσαι

203 2692 282 2746 τὴν
310 2688 519 2762 ἀρετὴν,
563 2690 646 2740 ἶνα
683 2693 773 2740 καὶ
808 2690 939 2760 μετὰ
958 2685 1258 2762 παρρησίας
1288 2685 1501 2758 ἐλέγχῃ,
1534 2690 1623 2737 καὶ
1655 2684 1793 2748 ἀξιό-

201 2797 368 2841 πιστος
419 2783 504 2837 εἴη
560 2779 764 2854 μάρτυς
814 2784 905 2831 τοῦ
962 2776 1048 2830 ὑπ’
1099 2775 1260 2830 αὐτοῦ
1313 2795 1402 2828 κατ
1417 2773 1791 2848 αγγελλομένου

206 2873 436 2943 Χριστοῦ.

531 3068 674 3116 ΚΕΦ.
715 3063 792 3117 Α¹.
838 3067 962 3138 Περὶ
991 3069 1087 3124 τῆς
1117 3060 1445 3135 ἀπογραφῆς.

260 3153 484 3224 Ἐγένετο
572 3183 642 3193 -
733 3154 1054 3224 οἰκουμένην.
1123 3151 1548 3226 ’Δπογράφεσθαι
1629 3148 1790 3206 αὐτὴν

199 3239 255 3300 εἰς
296 3245 350 3294 τὸ
394 3241 562 3296 τελεῖν
605 3250 819 3304 κῆνσον,
870 3241 936 3302 εἰς
977 3244 1034 3294 τὸ
1087 3244 1338 3315 παρέχειν
1391 3244 1562 3311 φόρον,
1608 3240 1794 3290 ὑποτε-

197 3334 431 3400 ταγμένην
493 3329 599 3390 ἤδη
771 3331 1034 3404 Ῥωμαίων
1086 3329 1318 3402 ἐξουσίᾳ,
1367 3329 1434 3381 ὧν
1485 3325 1623 3400 ἦρχε
1660 3334 1791 3380 Καῖ-

197 3435 308 3491 σαρ,

258 3514 559 3582 Ιιροετύπου
613 3507 673 3562 δὲ
718 3512 747 3568 ἡ
795 3513 922 3584 πρὸς
969 3513 1055 3562 τὸν
1107 3509 1358 3584 Καίσαρα
1415 3509 1650 3577 ὐποταγὴ
1694 3507 1791 3577 μά-

201 3615 286 3659 re;
331 3609 423 3661 τῆς
476 3599 788 3672 οἰκουμένης
843 3604 932 3651 καὶ
985 3600 1014 3658 ἡ
1078 3598 1355 3673 ἀπογραφὴ
1395 3602 1490 3656 τὴν
1543 3599 1672 3670 πρὸς
1702 3598 1789 3646 τὸν

198 3693 408 3759 Χριστὸν
467 3691 741 3760 ὑποταγὴν
787 3691 968 3750 πάσης
1017 3696 1114 3751 τῆς
1180 3689 1487 3760 οἰκουμένης
1553 3691 1641 3737 καὶ
1695 3689 1788 3742 τὴν

199 3773 483 3852 ἀπογραφὴν
542 3788 640 3830 τῶν
717 3777 1151 3852 ἁπογραφομένων
1220 3778 1287 3838 εἰς
1367 3777 1634 3850 οὐρανούς.
1700 3779 1787 3826 Γέο

196 3862 293 3918 λονε
339 3865 396 3921 δὲ
451 3872 478 3927 ἱ)
546 3870 760 3927 τοιαύτη
830 3866 1105 3942 ἀπογραφὴ
1160 3867 1430 3938 μέλλοντος
1480 3867 1790 3936 γεννηθῆναι

198 3967 275 4006 του
319 3964 575 4030 Χριστοῦ,
631 3957 730 4028 ἵνα,
791 3959 992 4010 πάνωτν
1047 3955 1096 4008 ἐν
1143 3963 1256 4018 ταῖς
1317 3952 1477 4015 ἰδίαις
1529 3957 1790 4028 μητροπό-

197 4043 320 4096 λεσιν
376 4046 837 4121 ἀπογραφομένων,
896 4045 1087 4104 ἁπέλθῆ
1145 4051 1233 4098 καὶ
1275 4047 1305 4104 ἡ
1359 4046 1613 4119 Παρθένος
1659 4046 1788 4115 πρὸς

198 4134 300 4205 (41)
327 4141 418 4194 τὴν
451 4139 700 4208 Βηθλεὲμ,
748 4141 836 4188 καὶ
888 4134 938 4187 ἐν
992 4136 1120 4208 αὐτῇ
1177 4143 1359 4188 τοῦτον
1407 4139 1651 4206 γεννήσῃ,
1709 4135 1790 4184 ἶνα

199 4222 301 4295 (4⁸2)
338 4226 589 4299 πληρωθῇ
646 4227 676 4284 ἠ
733 4229 1023 4302 προφητεία
1051 4227 1080 4284 ἡ
1118 4224 1362 4296 λέγουσα”
1395 4228 1494 4276 Καὶ
1527 4227 1614 4289 σὺ,
1656 4225 1792 4280 Βηθ-

198 4310 318 4385 λεὲμ,
370 4325 437 4386 γῆ
525 4310 723 4381 Ἰούδα,
800 4311 1047 4387 οὐδαμῶς
1112 4312 1367 4384 ἐλαχίστη
1451 4309 1497 4365 εἰ
1572 4311 1619 4363 ἐν
1683 4317 1793 4372 τοῖς

198 4402 435 4475 ἡγεμόσιν
489 4400 691 4457 Ἰούδα·
747 4405 801 4457 ἐκ
853 4412 948 4456 σοῦ
989 4406 1090 4478 γὰρ
1139 4401 1453 4466 ἐξελεύσεται
1484 4405 1788 4474 ἡγούμενος,

199 4493 331 4555 ὅστις
413 4503 659 4566 ποιμανεῖ
729 4498 816 4546 τὸν
889 4493 1010 4546 λαόν
1076 4513 1177 4566 μου
1230 4496 1316 4543 τὸν
1394 4491 1609 4564 Ισραήλ·
1675 4496 1792 4564 περὶ

199 4581 254 4642 ἧς
307 4586 510 4657 εἰρηται
565 4592 736 4656 σαφῶς
785 4581 833 4635 ἐν
883 4591 956 4654 τῷ
1002 4588 1190 4658 πρώτῳ
1220 4581 1478 4654 κεφαλαίῳ
1529 4588 1618 4634 τοῦ
1658 4583 1792 4633 κατὰ

198 4674 472 4730 Mareotica.

263 4762 398 4821 Αὕτη
441 4794 510 4804 ——
544 4760 757 4834 ἐγένετο.
789 4764 969 4834 Μέχρι
998 4765 1113 4813 τότε
1139 4765 1208 4834 μὴ
1237 4764 1500 4833 γενομένη.

261 4955 676 5031 Ἠγεμονεύοντος
753 4989 822 4999 —
921 4962 1204 5018 Κυρηνίου.
1306 4961 1405 5016 Τὴν

205 5045 440 5119 ἱστόρησε
485 5055 578 5100 τοῦ
630 5048 914 5123 Κυρηνίου,
977 5057 1245 5121 σημαίνων
1315 5048 1396 5101 ὅτι
1451 5047 1603 5109 αὐτὸς
1654 5047 1790 5102 ἕποι-

203 5140 294 5187 εῐτο
341 5140 434 5195 τὴν
485 5136 786 5213 ἀναγραφὴν
834 5137 950 5210 (43)
1001 5144 1091 5199 τῆς
1149 5140 1354 5214 Συρίας,
1389 5135 1470 5211 ὑφ’
1502 5141 1564 5197 ἣν
1613 5139 1643 5196 ἡ
1687 5145 1793 5191 Πα-

201 5219 424 5284 λαιστίνη
434 5267 447 5281 .

265 5347 310 5382 ¹³
351 5347 522 5406 Mich.
552 5365 613 5406 v.
652 5353 729 5419 2;
756 5349 955 5409 Matth.
984 5365 1046 5417 ιι,
1080 5353 1132 5407 6.

1513 4960 1704 5030 ἡγεμον
1713 4961 1790 5011 ίαν

1925 572 2130 636 nostri,
2151 573 2270 628 sive
2285 589 2419 644 quae
2431 573 2608 630 datur
2623 589 2728 644 per
2742 575 3234 646 compassionem
3255 575 3587 631 misericor-

1925 660 2039 716 diae
2066 660 2276 732 ipsius,
2301 668 2358 718 et
2387 679 2507 718 non
2535 678 2642 736 per
2672 679 2858 736 opera
2883 679 3115 720 eorum.

1997 752 2161 806 Vers.
2189 751 2278 807 78.
2319 752 2522 820 Quibus
2547 783 2615 794 —
2641 752 2773 808 alto.
2799 754 2907 809 Per
2935 769 3074 826 quae
3123 754 3352 810 viscera
3407 755 3583 810 mise-

1922 839 2193 896 ricordiie
2223 841 2317 896 vel
2343 847 2586 915 propter
2615 843 2843 898 viscera
2873 841 3293 899 misericordiae
3327 842 3584 900 visitavit

1923 944 2055 995 nos,
2080 931 2200 986 sive
2229 931 2720 1003 apparuitoriens
2752 931 2894 987 solis
2920 931 3334 988 intellectualis
3356 948 3428 989 ex
3456 932 3580 989 alto

1920 1018 2263 1076 divinitatis.
2301 1019 2443 1076 Dicit
2475 1024 2676 1077 autem
2703 1020 2909 1077 Christi
2945 1021 3408 1094 apparitionem,
3441 1037 3578 1095 quas

1919 1110 2193 1166 nondum
2224 1115 2371 1167 erat.

1988 1199 2148 1256 Vers.
2178 1199 2265 1255 79.
2303 1201 2371 1256 Ut
2396 1207 2687 1272 appareret
2716 1229 2786 1242 —
2808 1200 3011 1256 sedent.
3048 1199 3328 1268 Visitavit,
3362 1201 3570 1273 inquit,

1916 1304 2044 1353 nos,
2074 1292 2139 1345 ut
2159 1294 2493 1361 appareret,
2511 1289 2622 1346 hoc
2635 1293 2741 1356 est,
2765 1293 2829 1345 ut
2848 1289 3208 1345 illucesceret
3233 1289 3335 1345 lux
3362 1291 3574 1348 verita-

1915 1377 1986 1433 tis
2016 1377 2132 1447 his,
2163 1379 2267 1451 qui
2297 1379 2359 1434 in
2389 1378 2651 1434 tenebris
2680 1377 2896 1435 erroris
2919 1378 3145 1434 sedent.
3172 1378 3396 1435 Umbra
3427 1395 3572 1436 vero

1912 1468 2142 1531 mortis,
2209 1471 2517 1539 peccatum
2573 1474 2660 1523 est
2716 1484 2730 1534 ;
2782 1483 2928 1523 nam
3007 1472 3065 1523 et
3125 1467 3242 1522 hoc
3312 1473 3567 1524 mortem

1912 1557 2223 1628 signiﬁcat.
2305 1557 2464 1613 Sicut
2554 1557 2716 1613 enim
2784 1557 2915 1612 haec
2990 1557 3206 1612 animae
3273 1558 3567 1628 separatio

1909 1653 1996 1702 est
2022 1663 2035 1700 :
2067 1647 2145 1704 ita
2175 1662 2418 1720 quoque
2449 1651 2786 1719 peccatum,
2813 1650 2902 1702 est
2955 1645 3208 1718 Spiritus
3249 1647 3438 1702 sancti
3471 1662 3567 1702 ex-

1827 1785 1866 1838 Β
1907 1735 2124 1838 pulsio.

1977 1826 2140 1881 Vers.
2174 1828 2261 1880 79.
2286 1824 2376 1879 Ad
2406 1824 2724 1896 dirigendae
2745 1855 2814 1864 —
2837 1824 3008 1894 pacis.
3065 1825 3134 1879 Ut
3154 1823 3434 1893 dirigeret
3457 1825 3565 1879 iter

1905 1913 2375 1970 conversationis
2397 1917 2615 1969 nostrae
2639 1913 2698 1968 in
2711 1912 2867 1968 viam
2879 1913 3048 1984 pacis
3066 1928 3201 1984 quae
3226 1913 3560 1968 secundum

1905 2007 2089 2060 Deum
2117 2008 2221 2060 est.

1973 2093 2138 2149 Vers.
2172 2095 2260 2149 80.
2313 2094 2465 2148 Puer
2527 2099 2706 2148 autem
2759 2121 2832 2134 —
2893 2091 3119 2163 spiritu.

1903 2183 2066 2239 vino.

1978 2272 2137 2328 Vers.
2169 2272 2258 2326 80.
2303 2271 2379 2326 Et
2423 2273 2543 2326 erat
2584 2299 2656 2314 —
2684 2269 2907 2326 Israeli.
2975 2271 3172 2342 Usque
3247 2269 3325 2324 ad
3373 2268 3557 2335 diem,

1903 2377 2026 2435 quo
2057 2362 2254 2433 ipsum
2284 2360 2557 2416 lsraelitis
2583 2358 2984 2416 demonstrari
3005 2363 3304 2431 oporteret
3331 2378 3343 2416 :
3369 2375 3562 2431 quan-

1905 2451 1984 2506 do
2030 2451 2190 2506 venit
2235 2451 2295 2506 in
2347 2465 2615 2514 omnem,
2676 2465 2808 2521 quae
2873 2447 3030 2503 circa
3069 2447 3383 2503 Jordanem
3436 2453 3562 2504 erat

1902 2540 2232 2609 regionem,
2247 2539 2587 2611 praedicans
2601 2537 2969 2609 baptismum
2983 2535 3245 2609 pceniten
3256 2537 3562 2608 tiae.0por-

1904 2629 2068 2685 tebat
2104 2631 2260 2684 enim
2323 2644 2462 2683 eum
2504 2643 2540 2682 a
2605 2627 2841 2694 teneris,
2895 2625 3060 2698 quod
3131 2625 3296 2680 aiunt
3343 2624 3561 2693 ungui-

1904 2719 2037 2783 bus,
2094 2718 2172 2775 ad
2201 2717 2467 2774 virtutem
2526 2717 2827 2773 exerceri:
2883 2721 2948 2771 ut
3003 2719 3060 2771 et
3106 2713 3286 2770 libere
3353 2728 3561 2783 argue-

1901 2813 2008 2872 ret,
2041 2812 2099 2864 et
2138 2807 2367 2877 Christi,
2389 2806 2493 2880 qui
2535 2821 2662 2862 ase
2701 2805 3176 2870 annuntiaretur,
3219 2803 3383 2860 testis
3441 2803 3558 2858 ﬁde

1903 2896 2126 2968 dignus
2158 2901 2336 2953 esset.

3197 2091 3416 2163 Spiritu
3476 2091 3562 2148 di-

2314 3055 2464 3112 CAP.
2507 3056 2550 3111 I.
2590 3055 2670 3110 De
2694 3071 2853 3110 censu
2883 3053 3138 3109 Caesaris.

1975 3166 2126 3222 CAP.
2163 3164 2228 3220 ll.
2278 3164 2444 3220 Vers.
2480 3167 2529 3218 t.
2596 3160 2818 3218 Factum
2871 3192 2940 3200 —
2971 3159 3142 3215 orbis.
3197 3160 3265 3215 Ut
3304 3174 3552 3214 censum

1825 3249 1866 3306 C
1902 3255 2251 3329 penderent,
2297 3257 2358 3308 ut
2397 3251 2683 3308 tributum
2712 3249 3102 3313 exsolverent,
3135 3247 3238 3320 qui
3264 3249 3394 3318 jam
3447 3248 3558 3302 lto-

1902 3360 2221 3400 manorum
2260 3341 2512 3413 subjecti
2550 3345 2718 3397 erant
2765 3337 3060 3411 potestati,
3106 3353 3362 3410 quorum
3394 3336 3555 3408 prin-

1901 3449 2042 3507 ceps
2067 3437 2193 3488 erat
2224 3435 2434 3489 Caesar.

1975 3521 2615 3592 Praetigurabatautem
2637 3515 3063 3573 universiorbis
3092 3531 3234 3584 erga
3260 3516 3553 3570 Caesarem

1900 3612 2191 3682 subjectio
2213 3628 2282 3666 ac
2308 3607 2648 3681 descriptio,
2675 3607 2851 3663 totius
2879 3604 3090 3662 mundi
3122 3605 3197 3660 ad
3259 3603 3556 3658 Christum

1900 3700 2344 3773 subjectiouem,
2375 3715 2443 3754 ac
2461 3697 2873 3753 recensionem
2901 3711 3130 3758 eorum,
3165 3694 3267 3766 qui
3293 3691 3354 3747 in
3373 3691 3558 3748 caelos

1897 3790 2339 3845 describuntur.
2369 3790 2542 3843 Facta
2572 3789 2661 3841 est
2689 3790 2892 3841 autem
2914 3781 3266 3855 hujusmodi
3296 3781 3560 3852 descrip-

1900 3880 1997 3948 tio,
2032 3895 2168 3935 cum
2202 3878 2540 3933 nasciturus
2574 3873 2985 3930 eratChristus
3019 3876 3135 3938 :ut,
3161 3871 3307 3926 dum
3348 3886 3559 3925 omnes

1898 3969 1960 4024 in
1983 3985 2096 4024 sua
2122 3966 2439 4038 metropoli
2467 3963 2726 4020 describi
2758 3966 3078 4035 oporteret,
3111 3961 3320 4026 abiret,
3355 3965 3412 4015 et
3437 3959 3561 4013 Vir-

1899 4074 1976 4130 go
1997 4059 2056 4113 in
2084 4056 2399 4120 Bethleem,
2435 4071 2502 4110 ac
2525 4052 2727 4126 ipsum
2757 4051 2817 4107 in
2841 4067 2912 4106 ea
2937 4056 3187 4122 pareret,
3215 4054 3268 4103 et
3300 4048 3556 4121 prophe-

1898 4147 1980 4203 tia
2009 4144 2376 4216 impleretur,
2407 4157 2543 4214 quae
2583 4140 2701 4197 ait:
2744 4142 2813 4196 Et
2866 4145 2928 4194 tu
2955 4137 3248 4202 Bethleem,
3283 4142 3435 4190 terra
3462 4137 3561 4191 Ju-

1899 4237 1989 4302 da,
2021 4250 2361 4306 nequaquam
2393 4231 2620 4286 minima
2678 4246 2727 4285 es
2772 4229 2924 4284 inter
2969 4227 3316 4299 principatus
3366 4224 3555 4279 Iuda:

1900 4343 1968 4381 ea:
2014 4333 2068 4380 le
2117 4325 2258 4379 enim
2309 4321 2472 4376 exibit
2527 4321 2659 4386 dum,
2711 4319 2808 4390 qui
2866 4323 3017 4389 regat
3068 4315 3329 4385 populum
3377 4329 3559 4368 meum

1901 4415 2091 4478 Israel,
2125 4413 2199 4468 de
2229 4428 2352 4484 qua
2390 4408 2702 4466 manifeste
2743 4407 2970 4462 dictum
3010 4411 3100 4460 est
3137 4403 3331 4475 capite
3361 4402 3556 4474 primo

1900 4502 2199 4575 Evangelii
2234 4503 2405 4572 juxta
2433 4498 2775 4554 Matthaaum
2816 4497 2882 4549 1³.

1971 4593 2137 4650 Vers.
2169 4593 2223 4645 2.
2257 4591 2393 4645 Haec
2426 4619 2490 4628 —
2515 4589 2666 4658 facta
2691 4593 2785 4651 est,
2821 4587 2962 4651 Qum
3003 4598 3194 4656 usque
3225 4579 3369 4637 illud
3403 4584 3555 4636 tem-

1902 4700 2014 4757 pus
2041 4682 2193 4739 facta
2222 4695 2343 4736 non
2383 4684 2526 4736 erat.

1971 4963 2137 5018 Vers.
2175 4963 2228 5014 2.
2257 4956 2500 5013 Prwside
2527 4985 2598 4996 -
2624 4953 2884 5026 Cyrenio.
2910 4949 3320 5021 Principatum
3341 4946 3564 5003 descri-

1902 5050 2022 5125 psit
2038 5047 2288 5122 Cyrenii,
2303 5048 2381 5104 ad
2403 5042 2890 5115 signiﬁcandum,
2913 5039 3078 5112 quod
3091 5039 3214 5110 ipse
3243 5035 3442 5093 fecerit
3456 5035 3560 5107 Sy-

1899 5141 2004 5199 rite
2043 5137 2529 5210 descriptionem,
2562 5133 2626 5190 in
2654 5147 2780 5206 qua
2809 5131 2920 5187 sita
2957 5132 3047 5186 est
3075 5125 3410 5185 Palaestina.

1387 5475 1614 5546 Variae
1652 5476 1980 5546 lectiones
1999 5485 2065 5543 et
2095 5481 2298 5540 notae.

271 5642 379 5786 fit;
416 5643 505 5704 Εἰς
531 5649 646 5704 τήν,
677 5651 733 5699 Β.

293 5716 356 5769 4-2
417 5719 520 5768 Καὶ
548 5731 662 5786 pro
693 5717 733 5770 ἰν

293 5716 378 5786 42)
417 5719 520 5768 Καὶ
548 5731 662 5790 pro
693 5717 794 5770 ἶνα·
817 5723 872 5770 Β.

1976 5643 2092 5729 (43)
2147 5642 2235 5699 lta
2299 5643 2550 5710 uterque
2611 5633 2821 5701 codex,
2860 5632 2992 5688 loco
3057 5631 3380 5705 superioris
3436 5631 3563 5684 οἱπο-

1903 5734 2103 5789 γραφη·
