4074 6426
421 370 527 426 883

501 495 660 550 Vers.
740 497 792 548 3.
850 494 923 548 Et
1003 493 1153 552 ibant
1223 522 1288 532 σ-
1381 491 1694 548 civitatem.

428 601 553 639 suae
577 581 976 654 metrOpolim,
996 587 1056 637 ut
1073 586 1214 636 nota
1231 581 1398 636 ﬁeret
1413 581 1705 651 cujusque
1725 579 1911 634 tribus
1936 576 2085 631 mul-

428 673 646 731 ﬁtudo.

503 762 665 815 Vers.
706 761 760 814 4.
802 759 1064 815 Ascendit
1096 784 1161 800 —-—
1195 759 1357 814 Vers.
1405 763 1454 813 5.
1489 774 1680 813 uxore.
1731 758 1874 811 Cum
1906 755 2083 810 David

429 851 492 906 in
534 848 832 904 Bethleem
859 848 1215 920 imperasset
1247 847 1384 920 (dd),
1411 863 1584 903 suam
1607 845 1931 917 appellavit
1951 845 2088 900 civi-

433 942 634 998 tatem.
679 937 867 992 Simul
925 941 1123 992 autem
1180 937 1508 1007 descriptus
1555 939 1647 990 est
1685 933 1972 998 Christus,
2029 937 2092 988 ut

435 1042 557 1092 eos,
598 1025 703 1098 qui
759 1025 1039 1096 descripti
1069 1031 1270 1081 essent
1328 1027 1387 1080 in
1416 1025 1759 1079 servitutem
1803 1023 2092 1094 principis

436 1113 707 1183 Caesaris,
728 1113 1003 1169 liberaret
1029 1130 1063 1169 a
1090 1113 1369 1168 servitute
1400 1111 1645 1177 diaboli,
1678 1112 1782 1183 qui
1815 1112 2094 1182 princeps

435 1207 522 1258 est
551 1202 782 1257 mundi.

509 1290 674 1346 Vers.
716 1291 770 1345 5.
815 1291 947 1355 Quae
975 1298 1096 1346 erat
1126 1308 1436 1362 praegnans.
1493 1291 1573 1345 De
1617 1290 1834 1361 Spiritu
1889 1293 2094 1346 sancto

439 1378 728 1443 videlicet,
763 1379 915 1435 sicut
951 1379 1178 1436 dictum
1201 1385 1309 1435 est.

511 1469 674 1522 Vers.
707 1469 760 1522 6.
797 1468 1025 1523 Factum
1080 1500 1149 1508 —
1188 1469 1348 1523 Vers.
1403 1469 1458 1522 7.
1506 1468 1952 1539 primogenitum,
2021 1471 2099 1523 De

443 1556 868 1626 signiﬁcatione
923 1557 1183 1612 nominis
1228 1558 1650 1628 Primogenit-us,
1713 1558 2097 1612 tractavimus

1743 355 2091 418 EUTHYMIl
2133 353 2470 413 ZlGABENl

1772 490 1836 542 In
1894 481 2083 538 tribus
2112 477 2158 530 Α

3697 348 3803 402 884

2268 484 2366 531 Καὶ
2415 479 2715 554 ἐπορεύοντο
2745 509 2814 519 —
2851 477 3014 531 πόλιν.
3059 477 3153 538 Εἰς
3181 479 3276 534 τὴν
3312 482 3406 536 τῆς
3452 470 3590 533 ἰδίας
3639 479 3805 544 φυλῆς

2195 569 2531 643 μητρόπολιν,
2581 572 2662 619 ἱνα
2715 573 2972 642 γνώριπον
2993 571 3204 637 γένηται
3254 569 3309 616 τό
3355 563 3553 622 πλῆθος
3583 563 3805 622 ἑκάστης

2198 659 2381 730 φυλῆς.

2272 748 2448 803 Ἀνέϐη
2503 779 2566 786 -—
2615 752 2850 818 γυναικί.
2903 751 3008 804 Τὴν
3060 744 3285 816 Βηθλεὲμ
3315 745 3339 794 ό
3385 738 3553 794 Δαυὶδ
3604 748 3807 813 κοσμή-

2202 857 2317 903 σας,
2351 836 2542 888 οἰκείαν
2573 837 2823 908 ὠνόμασε.
2861 835 3231 907 Συναπεγράφη
3276 829 3335 885 δὲ
3373 837 3461 884 καὶ
3499 834 3523 883 ὁ
3555 835 3805 904 Χριστός,

2203 930 2285 978 ἵνα
2315 930 2433 986 τοὺς
2461 925 2850 998 ἀπογραφέντας
2891 925 2957 985 εἰς
3007 920 3244 976 δουλείαν
3292 930 3383 974 τοῦ
3425 921 3810 993 αὐτοκράτορος

2203 1018 2468 1090 Καίσαρος
2501 1014 2815 1088 ἐλευθερώσῃ
2849 1024 2942 1076 τῆς
2989 1011 3225 1074 δουλείας
3256 1019 3347 1064 τοῦ
3377 1014 3806 1084 κοσμοκράτορος

2206 1103 2473 1157 διαϐόλου.

2281 1297 2426 1366 Οὔση
2467 1292 2632 1363 ἐγκυῳ
2674 1291 2766 1344 Ἐκ
2798 1294 3094 1362 [Ινεύματος
3125 1289 3276 1360 ἁγίου
3323 1284 3590 1355 δηλονότι,
3644 1289 3816 1348 καθώς

2209 1386 2540 1454 προείρηται.

2285 1472 2514 1542 Ἐγένετο
2562 1501 2630 1510 -
2683 1475 3030 1541 πρωτότοκον.
3094 1473 3218 1540 Περὶ
3262 1476 3356 1529 τῆς
3408 1475 3683 1540 σημασίας
3725 1475 3819 1519 τοῦ

2217 1566 2552 1633 ιΙρωτοτόκου
2612 1556 2912 1629 διελάϐομεν
2984 1557 3034 1610 ἐν
3086 1565 3158 1628 τῷ
3211 1556 3340 1609 τέλει
3398 1566 3489 1609 του
3541 1562 3821 1632 προοιμίου

440 1644 502 1699 in
530 1645 645 1700 ﬁne
673 1646 946 1701 Prooemii
971 1645 1266 1716 Evangelii
1308 1646 1479 1717 juxta
1503 1646 1835 1703 Mattheeum
1886 1649 1953 1708 Ν,
2000 1647 2100 1702 ubi

2247 1658 2305 1701 οὐ
2345 1652 2478 1700 κατὰ
2527 1651 2793 1701 Mat-Gaia?
2835 1646 3173 1717 Εὐαγγελίου,
3215 1648 3337 1698 ἔνθα
3377 1654 3546 1699 κεῖται
3595 1651 3674 1699 τό·
3721 1651 3825 1700 Καὶ

443 1734 659 1790 dicitur
700 1750 712 1787 :
755 1736 830 1789 Et
865 1752 972 1789 non
1000 1736 1242 1805 cognovit
1281 1752 1416 1800 eant,
1471 1735 1632 1790 donec
1659 1736 1872 1806 peperit
1923 1735 2103 1807 ﬁlium

443 1840 598 1878 suum
625 1824 1068 1894 primogenitum.

518 1913 681 1968 Vers.
739 1912 792 1966 7.
819 1913 896 1970 Et
917 1913 1110 1984 fasciis
1137 1930 1256 1969 eunt
1286 1914 1516 1970 involvit
1544 1947 1613 1955 —
1643 1915 1966 1971 diversorio.
2012 1916 2102 1972 Di-

445 2001 1368 2075 versoriumdiciturhospitium,
1389 2004 1450 2059 in
1477 2021 1620 2076 quo,
1646 2022 1783 2060 cum
1806 2022 1927 2061 non
1951 2011 2107 2062 esset

445 2090 614 2146 locus
647 2096 892 2163 propter
916 2091 1134 2149 domus
1157 2094 1521 2164 angustiam,
1549 2093 1859 2150 reclinavit
1900 2095 2106 2167 ipsum

449 2180 510 2234 in
550 2195 824 2250 praesepe
845 2180 1304 2250 irrationalium,
1336 2183 1503 2254 quod
1523 2182 1604 2238 ibi
1630 2190 1774 2238 erat.
1817 2185 2106 2240 Futurum

449 2269 610 2323 enim
631 2273 777 2335 erat,
801 2273 866 2324 ut
891 2269 1146 2326 Verbum
1172 2276 1571 2343 pasceretnos
1600 2271 1783 2327 verbo
1807 2274 2109 2342 Evangelii

452 2360 509 2413 et
531 2357 609 2413 ab
631 2356 1143 2416 irrationabilitate
1168 2375 1239 2416 ac
1275 2359 1620 2418 brutalitate
1645 2361 2026 2418 atfectionum
2045 2363 2112 2419 li-

451 2447 703 2504 beraret.

524 2537 734 2604 Quaere
751 2540 951 2594 autem
969 2538 1166 2610 primo
1182 2539 1354 2610 juxta
1380 2540 1710 2597 Matthzeum
1735 2541 1924 2612 capite
1943 2558 2112 2598 enar-

454 2626 750 2681 rationem
791 2626 940 2696 ejus,
972 2627 1140 2700 quod
1168 2627 1383 2685 dicitur
1412 2645 1424 2683 :
1457 2630 1532 2683 Et
1577 2631 1852 2686 intrantes
1899 2631 2112 2687 domum

455 2714 708 2769 viderunt
729 2733 960 2786 puerum
990 2719 1060 2771 ³⁵.

2215 1738 2327 1810 (44)
2358 1739 2452 1791 οὐκ
2481 1737 2753 1808 ἐγίνωσκεν
2802 1736 2983 1794 αὐτὴν·
3018 1737 3108 1798 ἓως
3141 1736 3200 1788 οὗ
3229 1737 3366 1788 ἔτεκε
3393 1739 3480 1787 τόν
3510 1739 3621 1788 υἱόν
3660 1735 3826 1798 αὐτῆς

2216 1832 2302 1881 τόν
2334 1832 2679 1902 πρωτότοκον.

2294 1923 2389 1971 Καὶ
2472 1918 2874 1990 ἐσπαργάνωσεν
2952 1914 3108 1966 αὐτὸν
3169 1945 3230 1953 -
3297 1914 3651 1988 καταλύματι,
3723 1921 3828 1968 Ka-

2219 2007 2423 2079 τά),υμα
2501 2005 2703 2075 λέγεται
2779 2008 2836 2055 τὸ
2895 2009 3244 2075 καταγώγιον,
3319 2003 3367 2054 ἐν
3435 2004 3493 2074 ᾧ,
3553 2009 3623 2076 μὴ
3683 2008 3832 2067 ὄντος

2219 2102 2401 2162 τόπου,
2466 2092 2558 2146 διὰ
2637 2098 2729 2152 τήν
2797 2097 3148 2166 στενοχωρίαν
3219 2091 3468 2145 ἀνέκλινεν
3539 2093 3694 2146 αὐτόν
3762 2094 3832 2154 εἰς

2218 2192 2310 2245 τὴν
2368 2187 2529 2238 οὖσαν
2583 2184 2686 2236 ἐκεῖ
2734 2185 2926 2255 φάτνην
2984 2191 3082 2232 τῶν
3145 2180 3366 2254 ἀλόγων,
3435 2183 3648 2255 Ἔμελλε
3700 2185 3830 2258 γὰρ,

2224 2281 2393 2347 Λόγος
2448 2275 2535 2340 ὢν,
2585 2273 2722 2344 λόγῳ
2781 2272 2968 2346 θρέψαι
3015 2273 3175 2343 ἡμᾶς,
3232 2280 3304 2342 τῷ
3353 2279 3442 2324 τοῦ
3482 2271 3832 2343 Εὐάγγελίου,

2221 2371 2310 2418 καὶ
2376 2373 2458 2424 τῆς
2511 2363 2724 2434 ἀλογίας
2782 2371 2879 2413 τῶν
2935 2363 3111 2413 παθῶν
3190 2359 3482 2424 ἀπαλλάξαι
3543 2366 3632 2413 καὶ

2223 2451 2539 2515 κτηνωδίας.

2295 2551 2533 2603 Ζήτησον
2580 2539 2639 2594 δὲ
2689 2546 2777 2593 καὶ
2823 2540 2870 2591 ἐν
2908 2549 2978 2610 τῷ
3024 2545 3212 2614 πρώτῳ
3266 2538 3524 2612 κεφαλαίῳ
3571 2546 3660 2592 τοῦ
3697 2542 3836 2593 κατά

2224 2636 2488 2687 Ματθαῐον
2520 2636 2613 2689 τήν
2635 2629 2885 2702 ἐξήγησιν
2909 2637 3017 2681 τοῡ⁶
3045 2631 3147 2684 Καὶ
3174 2626 3396 2690 ἐλθόντες
3427 2629 3493 2690 εἰς
3522 2634 3614 2688 τὴν
3644 2629 3837 2699 οἰκίαν,

2227 2721 2363 2777 εἶδον
2393 2725 2448 2774 τὸ
2480 2717 2696 2774 παιδίον
2732 2721 2868 2791 (46).

528 2805 573 2873 -ξ-
601 2807 864 2876 Praesepe
884 2808 972 2862 est
996 2805 1284 2873 mundus,
1313 2823 1425 2863 nos
1455 2823 1593 2864 vero
1612 2809 1997 2866 irrationalia.
2032 2815 2096 2869 Ut
2116 2829 2259 2885 ergo
2292 2829 2401 2868 nos
2434 2813 2512 2868 ab
2537 2807 2987 2866 irrationalitate
3031 2806 3324 2872 liberaret,
3369 2807 3505 2862 ideo
3527 2807 3714 2864 voluit
3751 2807 3840 2863 ibi

457 2891 750 2950 reclinari.

639 3037 796 3094 CAP.
831 3038 890 3093 ll.
917 3039 996 3093 De
1021 3039 1327 3111 pastoribus
1352 3041 1416 3096 in
1446 3058 1576 3112 agro
1602 3041 1936 3114 degentibus.

535 3127 701 3183 Vers.
734 3131 786 3183 8.
825 3129 905 3183 Et
947 3137 1190 3200 pastores
1240 3160 1309 3170 —
1361 3146 1539 3188 suum.
1598 3131 1860 3190 Verbum
1920 3138 2116 3211 ἀγραυ-
2158 3125 2199 3181 C
2235 3169 2254 3211 ἑ

463 3216 565 3269 λεῐν
586 3217 836 3289 quidam
868 3218 1353 3290 interpretantur,
1384 3219 1434 3271 ἐν
1466 3218 1610 3294 ἀγρῷ
1643 3221 1833 3289 αὐλεῖν,
1867 3224 1926 3278 iu
1976 3241 2122 3295 agro

465 3305 613 3363 tibia
655 3322 888 3374 canere,
932 3308 1054 3363 sive
1085 3307 1289 3364 ﬁstula
1336 3309 1444 3364 uti.
1501 3309 1612 3364 Alii
1667 3327 1826 3378 vero,
1879 3312 1926 3364 ἐν
1979 3316 2122 3388 aio/pg.

464 3395 792 3466 αὐλίζεσθαι,
818 3396 879 3451 in
911 3411 1058 3466 agro
1079 3395 1316 3468 degere,
1352 3398 1471 3452 sive
1497 3405 1868 3470 pernoctare.

536 3485 701 3542 Vers.
734 3491 788 3542 9.
812 3487 877 3540 Et
914 3502 1023 3540 ecce
1059 3518 1126 3526 -
1177 3487 1322 3542 illos.
1355 3486 1694 3543 Claritatem
1751 3491 1986 3546 Domini
2031 3491 2124 3546 in-

467 3574 662 3644 tellige
708 3575 824 3638 hic,
873 3573 1146 3629 divinum
1200 3576 1429 3632 lumen.
1473 3577 1877 3634 Circumfulsit
1926 3585 2122 3634 autem

467 3663 620 3727 illos,
647 3666 711 3718 ut
726 3662 1008 3732 angelum
1039 3662 1276 3719 Domini
1307 3679 1439 3720 esse
1466 3667 1680 3722 scirent
1700 3683 1862 3732 eum,
1887 3669 1991 3740 qui
2013 3668 2124 3723 illis

472 3756 710 3808 astaret.

541 3841 707 3895 Vers.
747 3845 799 3896 6.
823 3841 896 3896 Et
929 3869 1000 3884 -
1053 3858 1262 3913 magno.
1313 3844 1557 3914 Propter
1598 3845 1839 3901 visionis
1898 3848 2126 3904 novita-

465 3934 612 3984 tem.

542 4018 702 4075 Vers.
749 4023 832 4075 10.
884 4020 1155 4092 Dixitque
1208 4051 1276 4061 ——
1314 4021 1530 4093 pop-ato.
1587 4025 1758 4087 Quod
1804 4029 2002 4082 autem
2055 4027 2128 4083 sit

469 4108 765 4179 nuntium,
793 4109 1018 4165 audito.

542 4199 702 4253 Vers.
739 4203 820 4253 lt.
862 4200 1008 4266 Quia
1036 4231 1105 4240 —
1125 4199 1322 4255 David.
1348 4203 1529 4256 Natus
1561 4207 1648 4258 est
1695 4203 1860 4259 vobis
1892 4205 1950 4259 in
1989 4205 2128 4260 civi-

468 4291 590 4343 tate
621 4287 807 4343 David
842 4288 1132 4353 Salvator,
1156 4289 1259 4360 qui
1307 4294 1393 4344 est
1429 4289 1715 4360 Christus,
1769 4297 1974 4365 utpote
2023 4310 2130 4348 un-

2414 2991 2564 3046 ΚΕΦ.
2603 2989 2653 3040 B’
2689 2991 2816 3062 Περὶ
2842 2995 2941 3039 τῶν
2965 2985 3358 3060 ἀγραυλούντων
3387 2990 3658 3058 ποιμένων.

2310 3084 2410 3134 Καὶ
2495 3082 2730 3151 ποιμένες
2805 3103 2874 3121 ~—
2955 3075 3146 3132 αὐτῶν.
3229 3064 3670 3146 Ἀχραυλεῖνόἱ
3751 3079 3846 3148 μὲν

2235 3169 2576 3243 ἑρμηνεύουσι
2642 3170 2702 3220 τὸ
2765 3166 2813 3218 ἐν
2865 3164 3008 3238 ἀγρῶ
3073 3165 3188 3237 (47)
3263 3164 3451 3228 αὐλεῖν,
3523 3168 3683 3216 εἶτουν
3748 3168 3843 3216 συ-

2233 3264 2402 3333 ριγγὶ,
2451 3259 2714 3329 χρῆσθαιο
2758 3259 2808 3308 οἱ
2838 3252 2897 3308 δὲ
2927 3258 2983 3306 τὸ
3035 3253 3082 3306 ἓν
3114 3252 3259 3328 ἀγρῷ
3314 3253 3643 3320 αὐλίζεσθαι,
3677 3256 3846 3325 ἤγουν

2235 3345 2662 3420 διανυκτερεύειν.

2309 3444 2391 3490 Κω
2422 3433 2539 3489 ἰδοῦ
2593 3466 2658 3476 ——
2694 3434 2900 3493 αὐτούς.
2948 3433 3126 3496 Δόξαν.
3181 3437 3377 3506 Κυρίου
3424 3440 3512 3484 νῦν
3559 3435 3690 3485 θεῖον
3741 3442 3852 3505 φῶς

2233 3530 2439 3584 νόησον.
2477 3523 2798 3598 Περιέλαμψε
2827 3520 2885 3576 δὲ
2915 3523 3125 3586 αὐτοὺς,
3165 3523 3248 3574 ἵνα
3274 3530 3488 3593 γνῶσιν,
3521 3524 3602 3575 ὅτι
3630 3522 3852 3594 ἄγγελος

2236 3622 2362 3668 θεοῦ
2393 3615 2536 3668 ἐστιν
2576 3617 2602 3667 ό
2628 3613 2842 3674 ἐπιστὰς
2877 3612 3070 3673 αὐτοῖς.

2309 3828 2416 3880 Καὶ
2457 3856 2524 3866 -
2562 3829 2744 3898 μέγαν.
2775 3828 2868 3877 Διά
2897 3827 2955 3877 τὸ
2994 3821 3293 3900 παράδοξον
3325 3830 3414 3876 τοῦ
3445 3825 3719 3896 θεάματος.

2311 4022 2414 4076 Καὶ
2448 4019 2582 4074 εἶπεν
2621 4053 2689 4062 -
2719 4020 2846 4092 λαῷ.
2878 4026 2940 4074 Τί
2994 4017 3053 4074 δὲ
3080 4023 3136 4072 τὸ
3182 4019 3479 4092 εὐαγγέλιον
3531 4029 3628 4082 τῆς
3655 4027 3852 4096 χαράς,

2239 4113 2366 4164 οἴκου
2377 4131 2485 4165 σον.

2309 4200 2429 4253 ’Ότι
2485 4233 2552 4239 —
2606 4195 2792 4254 Δαυίδ.
2853 4200 3078 4271 Ἐτέχθη
3140 4200 3260 4271 ὑμῖν
3317 4204 3541 4272 σήμερον
3593 4198 3639 4250 ἐν
3710 4199 3859 4252 πόλει

2243 4287 2408 4343 Δαυῐδ
2453 4294 2651 4361 Σωτὴρ,
2685 4291 2740 4351 ὃς
2785 4287 2896 4340 ἐστι
2946 4292 3176 4362 Χριστός
3225 4290 3336 4360 μὲν,
3393 4290 3457 4349 ὡς
3505 4297 3596 4348 τῆς
3651 4286 3858 4364 ἀνθρω-

470 4381 629 4433 ctam
649 4377 882 4433 habens
908 4377 1344 4434 humanitatem
1373 4395 1545 4434 suam
1573 4379 1898 4436 divinitate.
1937 4384 2114 4439 Domi-

2247 4386 2463 4440 πότητος
2529 4378 2690 4430 αὑτοῦ
2745 4379 3069 4452 χρισθείσης
3119 4385 3178 4450 τῇ
3227 4379 3450 4436 θεότητι·
3505 4379 3713 4452 Κύριος
3774 4375 3856 4446 δὲ,

470 4482 585 4520 nus
615 4472 835 4532 autem,
866 4471 1070 4538 utpote
1099 4469 1271 4522 Deus.
1305 4467 1520 4523 Scribis
1559 4484 1701 4524 vero
1731 4475 1788 4526 et
1818 4472 2130 4527 Pharisaeis

471 4569 592 4610 non
619 4554 994 4611 annuntiavit
1018 4555 1128 4610 hoc
1152 4555 1444 4626 gaudium
1477 4574 1488 4610 :
1515 4573 1653 4612 cum
1685 4559 1845 4614 enim
1871 4560 2130 4631 perversi

472 4647 671 4698 essent
696 4647 752 4698 et
776 4642 984 4710 invidi,
1021 4658 1146 4699 non
1185 4647 1354 4700 erant
1401 4645 1699 4712 credituri,
1743 4649 1844 4702 sed
1886 4651 2133 4720 pastori-

472 4733 608 4799 bus,
650 4732 754 4803 qui
779 4733 1036 4789 versutia
1063 4749 1130 4788 ac
1155 4733 1400 4798 invidia,
1436 4735 1740 4800 carebant,
1765 4739 1988 4808 quique
2039 4755 2134 4794 ve-

473 4828 658 4878 terem
684 4822 1152 4893 patriarcharum
1175 4823 1414 4879 vivendi
1445 4823 1695 4880 modum
1729 4828 2136 4899 apprehende-

546 4949 594 4984 “
617 4948 818 5006 Matth.
857 4965 898 5016 1,
925 4950 996 5005 25
1069 4951 1117 4987 ‘5
1148 4951 1353 5009 Matth.
1385 4967 1446 5007 ιι.
1480 4953 1573 5010 lt.

2244 4473 2312 4531 ὡς
2367 4473 2510 4529 Θεός.
2567 4467 2678 4519 Οὐκ
2736 4467 3106 4538 εὐηγγελίσατο
3166 4463 3224 4518 δε
3310 4475 3414 4528 τοῖς
3486 4473 3862 4541 Γραμματεῡσι

2244 4563 2333 4611 καὶ
2380 4559 2688 4632 Φαρισαίοις
2747 4562 2837 4615 τὴν
2898 4559 3072 4629 χαρὰν
3127 4559 3342 4627 ταύτην,
3397 4553 3536 4609 διότι
3577 4557 3668 4609 οὐκ
3717 4558 3863 4629 ἔμελ-

2245 4648 2328 4700 λον
2395 4655 2696 4712 πιστεῦσαι,
2758 4651 2973 4721 πονηροὶ
3029 4651 3118 4698 καὶ
3173 4647 3406 4721 φθονεροὶ
3485 4643 3859 4719 τυγχάνοντες,

2249 4737 2374 4788 ἀλλὰ
2407 4740 2650 4808 ποιμέσιν
2703 4733 2980 4810 ἀπόνηροις
3030 4740 3120 4786 καὶ
3174 4733 3406 4798 ἀκάκοις,
3451 4739 3540 4786 καὶ
3593 4739 3685 4794 τὴν
3758 4756 3864 4788 πα-

2246 4827 2394 4878 λαιὰν
2434 4825 2696 4878 πολιτείαν
2753 4823 3048 4885 ἐζηλωκόσι
3124 4831 3223 4875 τῶν
3284 4833 3651 4898 πατριαρχῶν,
3725 4825 3866 4878 Ἐπεὶ

1687 5076 1914 5144 Variae
1946 5075 2274 5144 lectiones
2318 5084 2383 5142 et
2414 5084 2617 5142 notae.

570 5287 661 5355 45)
693 5293 914 5346 Rarum
939 5290 1330 5355 vocabulum,
1363 5291 1441 5347 ab
1468 5287 1762 5352 κτηνώδης.

570 5362 664 5434 46)
705 5362 1028 5428 Scholium,
1061 5362 1226 5434 quod
1256 5362 1352 5434 hic
1383 5378 1456 5418 ex
1487 5364 1753 5431 margine
1783 5362 1876 5417 sui
1915 5362 2139 5418 codicis

475 5433 727 5503 subjecit
757 5433 1159 5504 interpres,in
1188 5433 1354 5489 nullo
1399 5450 1667 5489 meorum
1696 5434 1873 5490 codd.
1904 5434 2136 5502 legitur.

546 5504 658 5590 (ξεῖ)
693 5507 776 5560 [ta
800 5519 1054 5628 1quoque
1086 5503 1422 5586 Theopbyl.
1463 5521 1526 5586 p._
1557 5507 1690 5590 .315.
1742 5509 1804 5587 D_,
1867 5504 2141 5581 ἀγροτικὸν

546 5576 765 5628 λουντες.
855 5575 966 5628 ale.
1000 5576 1344 5628 Posterioris
1376 5576 1834 5628 smnihcatmms
1869 5578 2141 5628 exempla

476 5576 765 5636 αὐλοῦντες.
800 5575 966 5632 Male.
1000 5575 1346 5632 Posterioris
1376 5575 1834 5646 signiﬁcationis
1869 5575 2141 5648 eiempla

569 5219 639 5274 44
693 5223 789 5272 Τό⁸
829 5220 944 5285 οὐκ,
971 5218 1198 5275 omisso
1227 5223 1336 5274 καί.
1372 5221 1437 5274 Β.

543 5219 664 5432 ξζιὸξ
693 5293 914 5372 Rarum
939 5290 1330 5372 vocabulum,
1363 5291 1437 5347 ab

570 5362 638 5417 46
705 5362 1028 5428 Scholium,
1061 5362 1226 5432 quod
1256 5362 1352 5417 hic
1383 5378 1437 5418 e1

2249 5222 2328 5276 ad
2364 5219 2430 5276 h.
2478 5220 2516 5286 l.
2551 5219 2761 5276 laudat
2805 5221 2989 5274 West.
3023 5221 3212 5275 Monet
3243 5219 3423 5275 etiam
3453 5220 3528 5276 de
3557 5221 3673 5277 hoc
3712 5221 3871 5276 Grai»

2250 5292 2383 5366 vius
2419 5292 2495 5366 ad_
2541 5291 2880 5366 Hesiod._p.
2922 5292 3012 5346 75.
3066 5289 3257 5366 Addit
3290 5290 3431 5346 ibid.
3489 5292 3868 5366 Iheophﬁyla

2252 5363 2434 5438 {Eira‘i
2475 5362 2619 5438 ἀγρῷ
2665 5358 2994 5438 αὐλιζόμενοι
3024 5366 3114 5438 καὶ
3163 5358 3452 5438 διάγοντες.
3593 5358 3789 5438 ρξ31ν6
3823 5366 3870 5419 D

2251 5436 2310 5508 _in
2338 5433 2822 5508 interpretatione
2845 5433 3163 5508 allegorica
3183 5433 3257 5508 de
3279 5433 3615 5508 episcopis}
3647 5437 3875 5508 ᾊγραυ-

2250 5505 2371 5558 λεῖν·
2407 5501 2671 5559 τουτέστιν
2717 5501 2862 5575 ᾄδειν
2900 5506 3229 5575 πνευμάτικά
3281 5501 3397 5557 τινα
3451 5501 3539 5559 καὶ
3587 5501 3872 5560 διδάσκειν

2251 5582 2338 5630 τὸν
2370 5577 2513 5633 λαόν.

548 5717 663 5790 (dd)
688 5717 1036 5789 Imperasset.
1079 5720 1142 5774 ln
1171 5721 1366 5776 Graeco
1397 5724 1504 5784 est,
1530 5729 1790 5788 ornasset,
1825 5721 1885 5777 id
1915 5726 2022 5790 est,
2047 5721 2311 5779 auxisset
2335 5725 2392 5777 et
2428 5724 2704 5778 ornasset
2739 5717 3023 5786 aediﬁciis,
3044 5719 3255 5776 incolis
3282 5723 3343 5776 et
3379 5719 3533 5777 aliis.
