4074 6408
243 357 355 413 88ὃ
1319 354 1692 413 COMMENT.
1733 351 1804 409 IN
1839 350 2106 409 LUCAM.
2147 385 2218 397 —
2254 354 2413 413 CAP.
2454 356 2525 411 II.
3512 358 3621 414 886

244 478 310 535 δὲ
348 487 437 537 καὶ
474 487 672 555 ποιμὴν
724 481 967 556 ἐγεννήθη
1018 488 1110 535 τοῦ
1167 482 1313 549 λαοῦ,
1366 485 1581 555 ποιμέσι
1619 483 1687 533 τὰ
1731 499 1825 555 περ

1967 483 2111 535 rant.
2146 480 2298 546 Quia
2324 481 2503 537 etiam
2533 485 2736 554 pastor
2759 497 2832 539 ac
2883 481 3008 538 dux
3032 480 3228 537 factus
3271 483 3359 537 est
3384 480 3481 554 (ee)
3512 496 3619 554 po-

243 572 406 624 αὐτοῦ
435 573 759 646 γνωρίζεταί
777 580 999 649 πρῶτον.

1967 568 2103 640 puli,
2134 570 2465 641 pastoribus
2490 570 2748 642 primum
2780 587 2871 639 ea,
2912 587 3049 643 quae
3085 570 3160 626 de
3186 586 3248 625 se
3282 574 3451 626 erant
3488 586 3619 643 my-

1960 659 2151 723 steria,
2188 660 2612 715 manifestavit.

2031 746 2407 817 Signiﬁcatur
2432 765 2675 822 quoque
2699 754 2755 805 et
2781 749 2966 815 aliud,
2994 749 3162 822 quod
3205 747 3484 805 videlicet
3511 764 3617 820 pa-

1957 836 2214 891 storibus
2256 839 2637 895 rationalium
2691 841 2898 896 ovium
2957 840 3158 896 divina
3186 837 3468 910 mysteria
3496 838 3613 909 pri-

1955 941 2135 990 mum,
2169 932 2306 982 ante
2336 928 2505 997 alios,
2536 928 2891 985 revelantur.

314 768 571 826 Δηλοῦται
615 765 674 821 δὲ
710 773 799 820 καὶ
848 769 1032 840 ἕτερον,
1084 770 1164 820 ὅτι
1208 775 1313 828 τοῖς
1360 770 1576 839 ποιμέσι
1621 776 1717 818 τῶν
1765 766 1847 819 λο-

233 868 398 928 γικῶν
452 858 723 931 προϐάτων
781 860 846 909 τὰ
904 859 1015 910 θεῖα
1059 863 1331 929 μυστήρια
1376 860 1477 930 πρὸ
1531 865 1632 908 τῶν
1680 855 1845 908 ἄλλων

236 946 712 1001 ἀποκαλύπτονται.

308 1041 410 1090 Καὶ
467 1068 540 1079 -
596 1043 832 1110 σημεῖον.
898 1042 1062 1088 Τοῦτο
1110 1038 1231 1109 ὑμῖν
1294 1039 1353 1088 τό
1410 1038 1689 1109 τεκμήριον
1749 1042 1828 1087 τοί

2024 1015 2191 1070 Vers.
2215 1016 2302 1071 12.
2331 1016 2406 1072 Et
2436 1047 2505 1057 —
2528 1017 2764 1088 signum.
2802 1021 2923 1075 Hoc
2950 1017 3123 1075 vobis
3159 1028 3610 1096 argumentum,

232 1125 500 1184 ἀληθεύειν
529 1146 613 1199 με.

1967 1104 2117 1176 Ῑυοᾱ
2141 1121 2281 1160 vera
2310 1105 2531 1161 dicam.

302 1192 564 1287 Εὑρήσιτε
641 1246 711 1257 -
803 1216 966 1288 φάτνῃ
1058 1212 1243 1273 Ἐδέθη
1317 1217 1407 1287 μὲν
1498 1216 1828 1286 σπαργάνοις,

2022 1192 2185 1249 Vers.
2207 1195 2292 1251 12.
2311 1195 2630 1252 Invenietis
2645 1228 2715 1235 —
2730 1212 3007 1267 prasepe.
3030 1198 3248 1254 Fasciis
3270 1200 3605 1273 alligatum,

1948 1286 2012 1337 ut
2031 1282 2247 1339 fascias
2258 1288 2601 1340 nostrorum
2615 1284 2811 1341 solvat
2825 1290 3227 1356 peccatorum.
3246 1287 3492 1347 Jacebat
3507 1308 3609 1348 au-

1946 1375 2086 1436 tem,
2122 1380 2184 1427 ut
2222 1388 2347 1438 eos,
2397 1373 2503 1446 qui
2527 1375 2588 1430 in
2632 1379 2880 1447 peccata
2918 1375 3270 1444 ceciderant,
3332 1380 3601 1450 erigeret.

2014 1460 2177 1517 Vers.
2201 1461 2288 1517 13.
2315 1462 2394 1517 Et
2414 1492 2483 1501 -
2508 1464 2780 1519 caelestis.
2806 1465 2978 1520 Facta
2998 1468 3091 1519 est
3118 1481 3256 1521 cum
3280 1469 3517 1539 angelo,
3539 1468 3604 1525 id

1943 1553 2049 1616 est,
2078 1550 2396 1622 conjuncta
2435 1556 2526 1607 est
2543 1550 2626 1607 illi
2659 1551 2894 1623 angelo.

2014 1639 2173 1693 Vers.
2204 1644 2287 1695 13.
2320 1639 2728 1697 Laudantium
2752 1641 2957 1697 Deum.
2990 1642 3217 1698 Laudes
3249 1645 3599 1703 canentium

1941 1727 2044 1782 uni
2084 1732 2305 1783 sanctae
2341 1727 2642 1784 Trinitatis
2692 1727 3005 1796 divinitati,
3056 1736 3302 1804 propter
3348 1733 3603 1791 ordina-

1862 1827 1909 1899 β
1939 1821 2061 1873 tam
2083 1817 2399 1873 hominum
2430 1818 2702 1874 salutem.

2010 1907 2175 1962 Vers.
2206 1911 2287 1963 13.
2320 1909 2397 1962 Et
2442 1907 2771 1964 dicentium
2808 1939 2877 1948 -—
2926 1908 3064 1965 Deo.
3115 1910 3274 1967 Laus
3329 1911 3392 1967 in
3431 1913 3597 1969 caelis

1939 1997 2078 2050 Deo.

2008 2084 2171 2141 Vers.
2207 2084 2290 2138 14.
2325 2086 2403 2139 Et
2447 2085 2511 2139 in
2546 2091 2707 2140 terra
2729 2100 2877 2153 pax.
2910 2086 2980 2141 Ut
3015 2085 3144 2141 haec
3173 2086 3425 2158 hymno,
3469 2090 3595 2147 sive

1932 2171 2096 2229 laudi
2119 2173 2604 2244 correspondeat.
2636 2174 2786 2240 Quia
2805 2177 2864 2229 et
2891 2174 2953 2229 in
2974 2182 3130 2231 terra
3158 2192 3279 2248 pax
3298 2176 3453 2234 facta
3482 2183 3594 2246 est,

1932 2278 2068 2335 quae
2086 2262 2146 2318 in
2178 2263 2337 2318 caelis
2355 2264 2732 2333 versabatur,
2755 2262 3100 2320 hominibus
3126 2280 3339 2337 pacem
3361 2265 3491 2339 jam
3513 2268 3595 2325 ad

1933 2352 2122 2407 Deum
2151 2352 2540 2408 habentibus.

2004 2442 2109 2497 Vel
2138 2444 2282 2515 quia
2319 2444 2498 2499 etiam
2524 2442 2583 2498 in
2618 2447 2773 2500 terra
2804 2441 2906 2499 Dei
2936 2442 3116 2499 Filius
3144 2446 3445 2517 apparuit,
3483 2447 3591 2520 qui

1930 2537 2021 2588 est
2057 2549 2175 2605 pax
2193 2533 2424 2597 mundi,
2460 2532 2754 2588 mediator
2784 2533 2885 2587 Dei
2921 2536 2973 2587 et
3002 2532 3322 2590 hominum
3347 2535 3546 2591 factus
3573 2554 3588 2593 :

1929 2622 2033 2694 qui
2084 2622 2423 2694 paciﬁcavit
2484 2623 2782 2678 terrestria
2820 2622 3183 2692 coelestibus,
3236 2623 3591 2682 dissidentia

1928 2711 2329 2781 conjungens,
2360 2727 2605 2783 eosque,
2633 2710 2737 2783 qui
2766 2710 3025 2768 invicem
3050 2711 3249 2769 hostes
3281 2720 3470 2785 erant,
3502 2730 3591 2770 re-

1926 2799 2275 2855 concilians.

1997 2888 2121 2943 Vel.
2152 2890 2228 2944 Et
2251 2889 2315 2943 in
2368 2896 2533 2945 terra
2555 2905 2702 2959 pax,
2736 2888 2881 2961 quia
2909 2890 3318 2961 omnipotente
3356 2890 3588 2949 Christo

1923 2980 2087 3043 nato,
2110 2976 2339 3032 bellum
2370 2993 2550 3032 omne
2566 2977 2931 3033 dissolutum
2961 2982 3068 3041 est,
3094 2978 3380 3036 omnibus
3403 2979 3586 3036 simul

1925 3065 2203 3136 gentibus
2238 3069 2648 3123 Romanorum
2686 3066 2896 3123 ditioni
2927 3066 3233 3138 subjectis.

229 1306 313 1356 ἵνα
374 1305 506 1377 λύσῃ
561 1308 629 1357 τὰ
682 1308 957 1378 σπάργανα
1003 1312 1100 1356 τῶν
1150 1304 1414 1377 ἁμαρτιῶν
1448 1305 1615 1375 ἡμῶν·
1676 1306 1837 1359 ἔκειτο

228 1392 307 1464 δὲ,
345 1395 429 1445 ἶνα
450 1394 717 1467 ἀναστήσῃ
759 1398 878 1455 τοὺς
906 1398 1236 1455 πεπτωκότας
1269 1394 1339 1455 εἰς
1367 1393 1645 1467 ἁμαρτίαν.

298 1489 399 1536 Καὶ
456 1515 525 1523 -
579 1483 841 1556 οὐρανίου.
912 1483 1142 1554 Ἐγένετο
1184 1487 1277 1537 σὺν
1350 1490 1423 1552 τῷ
1489 1481 1711 1554 ἀγγελῳ,
1770 1478 1836 1537 ἡ·

219 1593 350 1644 γοῦν
383 1573 605 1633 συνῆλθε
632 1581 707 1643 τῷ
734 1571 933 1644 ἀγγέλῳ
965 1572 1164 1644 ἐκείνῳ,

293 1662 585 1717 Αὶνούντων
644 1666 733 1714 τὸν
816 1666 964 1715 Θεὸν.
1041 1669 1151 1714 Τῶν
1227 1660 1454 1732 ἀγγέλων
1538 1662 1831 1731 ὑμνούντων

219 1756 309 1809 τὴν
366 1756 491 1822 μίαν
531 1753 750 1809 θεότητα
800 1760 897 1813 τῆς
932 1750 1082 1823 ἁγίας
1116 1747 1366 1822 Τριάδος,
1422 1747 1517 1801 διὰ
1553 1754 1644 1807 τὴν
1692 1748 1828 1801 οἰκο-

217 1842 537 1912 νόμηθείσαν
571 1846 832 1914 σωτηρίαν
861 1849 960 1892 τῶν
992 1840 1280 1916 ἀνθρώπον.

294 1935 396 1982 Καὶ
457 1929 701 2002 λεγόντων
774 1962 830 1971 -
904 1938 1037 2001 Θεῷ.
1124 1928 1307 2001 ’Υμνος
1363 1927 1413 1980 ἐν
1466 1928 1704 2001 οὐρανοῖς
1754 1935 1825 1997 τῷ

216 2035 352 2098 Θεῷ.

288 2121 389 2169 Καὶ
432 2147 501 2158 -
531 2119 613 2170 ἰπὶ
671 2126 771 2189 γῆς
814 2117 1012 2192 εἰρήνη.
1070 2124 1235 2171 Τοῦτο
1283 2117 1427 2169 αἰτία
1476 2122 1568 2168 τοῦ
1620 2115 1821 2187 ὕμνου⁶

225 2203 359 2258 διότι
421 2212 511 2259 καὶ
568 2206 652 2260 ἐπὶ
716 2216 814 2278 γῆς
864 2208 1038 2281 εἰρήνη
1097 2212 1322 2278 γέγονεν,
1388 2208 1419 2263 ἠ
1480 2205 1528 2258 ἐν
1586 2204 1824 2281 οὐρανοῖς

223 2296 602 2368 πολιτευομένη,
674 2297 1035 2369 εἰρηνευόντων
1083 2292 1191 2356 ἤδη
1250 2301 1338 2349 καὶ
1380 2305 1481 2348 τῶν
1539 2295 1821 2369 ἀνθρώπων

217 2390 342 2458 πρὸς
371 2389 460 2437 τόν
492 2390 639 2439 Θεόν.

282 2474 350 2527 ’Ἡ
406 2472 546 2528 διότι
584 2480 675 2527 καὶ
705 2475 790 2527 ἐπὶ
832 2485 934 2546 γῆς
976 2478 1120 2547 ὤφθη
1175 2478 1200 2528 ό
1248 2478 1368 2536 Υἱὸς
1415 2481 1507 2527 τοῦ
1555 2480 1710 2540 Θεοῦ,
1766 2475 1821 2536 ὃς

210 2563 350 2616 ἐστιν
420 2565 595 2639 εἰρήνη
666 2570 758 2617 τοῦ
824 2569 1044 2637 κόσμου.
1099 2570 1332 2626 Μεσίτης
1392 2567 1494 2637 γὰρ
1550 2572 1684 2616 Θεοῦ
1729 2568 1819 2616 καὶ

208 2652 491 2727 ἀνθρώπων
570 2659 856 2726 γενόμενος,
922 2654 1185 2726 εἰρηνευσε
1267 2656 1334 2706 τὰ
1421 2652 1625 2725 ἐπίγεια
1688 2657 1819 2726 πρὸς

206 2745 271 2794 τὰ
309 2743 547 2817 οὐράνια,
597 2748 663 2795 τὰ
726 2739 986 2796 διεστῶτα
1026 2742 1259 2814 συνάψας
1315 2748 1405 2796 καὶ
1459 2745 1527 2794 τὰ
1572 2742 1817 2795 ἐκπεπολε

206 2838 419 2904 μωμένα
446 2832 790 2895 καταλλάξας.

276 2922 343 2975 ’Ἦ
414 2928 515 2975 Καὶ
573 2922 659 2975 ἐπὶ
697 2930 799 2994 γῆς
844 2923 1041 2997 εἰρήνη,
1078 2919 1217 2974 διότι
1251 2930 1342 2975 τοῦ
1396 2923 1814 2997 παντοκράτορος

204 3018 440 3085 Χριστοῦ
471 3016 772 3085 τικτομένου
822 3019 922 3074 πᾶς
970 3011 1209 3083 πόλεμος,
1264 3011 1541 3076 κατελύθη,
1606 3014 1813 3064 πάντων

203 3100 333 3171 ὁμοῦ
386 3109 486 3152 τῶν
540 3100 694 3153 ἐθνῶν
747 3111 819 3173 τῷ
874 3104 1054 3175 κράτει
1118 3110 1219 3153 τῶν
1285 3101 1547 3173 Ῥωμαίων
1610 3103 1811 3155 ὑποτα-

201 3194 410 3259 γέντων.
1845 3188 1886 3244 Ο

273 3280 355 3331 Ἐν
431 3278 724 3351 ἀνθρώποις
797 3276 1031 3333 εὐδοκία.
1114 3280 1195 3333 Ἐν
1271 3279 1563 3352 ἀνθρώποις
1635 3288 1723 3331 νῦν
1776 3282 1807 3337 ἡ

1994 3292 2155 3345 Vers.
2180 3290 2265 3345 14.
2290 3290 2363 3345 In
2389 3289 2719 3346 hominibus
2750 3290 3203 3358 beneptacitum.
3240 3292 3305 3345 In
3326 3290 3588 3349 homini-

202 3368 365 3419 πάλαι
422 3365 643 3420 εὐδοκία
694 3377 787 3420 τοῦ
840 3374 1075 3443 Πατρός⁶
1111 3369 1242 3426 αῦτη
1292 3366 1351 3421 δέ
1408 3368 1519 3421 ἐστι
1556 3372 1615 3421 τὸ
1674 3368 1811 3421 ἐναν-

1970 3396 2037 3434 us
2053 3395 2215 3435 nunc
2236 3385 2343 3448 est,
2372 3380 2539 3451 quod
2557 3379 2702 3434 olim
2729 3379 2913 3434 Patris
2943 3384 3069 3434 erat
3094 3379 3541 3451 beneplacitum
3565 3397 3581 3438 :

204 3459 484 3529 θρωπῆσαι
510 3461 596 3509 τόν
632 3460 772 3524 Υἱόν,
802 3462 892 3510 καὶ
924 3467 1098 3510 σῶσαι
1125 3462 1212 3510 τόν
1262 3458 1562 3510 ἀπολωλότα
1614 3460 1811 3531 ἄνθρω-

1967 3486 2033 3524 oc
2059 3474 2263 3525 autem
2293 3476 2401 3535 est,
2443 3475 2509 3524 ut
2537 3469 2952 3524 incarnaretur
2984 3469 3084 3524 Dei
3122 3469 3325 3533 Filius,
3368 3486 3438 3525 ac
3470 3470 3586 3525 sal-

200 3566 322 3598 πον.
384 3553 491 3599 Νῦν
540 3550 642 3621 γὰρ
690 3548 1045 3622 πεπλήρωται,
1101 3548 1126 3599 ὃ
1174 3547 1335 3600 πάλαι
1380 3545 1687 3617 εὐδόκησεν,
1740 3552 1810 3600 εἴ·

1967 3566 2161 3616 aretur
2190 3561 2374 3615 homo
2399 3560 2689 3631 perditus.
2707 3563 2873 3613 Nunc
2898 3558 3060 3614 enim
3082 3558 3448 3631 completum
3469 3566 3581 3627 est,

198 3654 326 3686 τουν
355 3636 561 3708 ὥρισεν,
594 3636 834 3694 ἠθελησε.

1967 3650 2085 3705 uod
2107 3650 2251 3705 olim
2282 3649 2362 3705 illi
2383 3649 2786 3721 beneplacuit,
2817 3648 2942 3704 sive
2962 3648 3130 3720 quod
3155 3648 3444 3717 deﬁnivit,
3477 3655 3584 3707 aut

1920 3737 2127 3795 voluit.

276 3836 379 3883 Καὶ
444 3830 635 3901 ἐγένετο
691 3863 756 3873 --
812 3834 956 3905 ἡμῖν.
1013 3829 1234 3907 Ἴδωμεν
1291 3836 1349 3885 τὸ
1413 3835 1578 3908 ῥῆμα,
1635 3836 1809 3886 τούτέ-

1990 3831 2157 3885 Vers.
2179 3830 2273 3888 15.
2308 3831 2389 3885 Et
2402 3830 2635 3899 factum
2654 3828 2913 3884 -—-vobis.
2930 3828 3259 3885 Videamus
3289 3845 3442 3897 rem,
3464 3829 3582 3886 hoc

199 3940 339 3985 στιν,
370 3920 685 3994 ἐξετάσωμεν
722 3923 833 3994 (48)
874 3926 929 3975 τὸ
978 3924 1141 3997 ῥῆμα,
1189 3926 1247 3975 τό
1290 3928 1408 3997 περὶ
1458 3931 1552 3975 τοῦ
1610 3926 1807 3995 τεχθῆ-

1967 3924 2024 3985 3t,
2065 3919 2442 3991 inquiramus
2477 3919 2723 3983 factum,
2757 3917 2833 3972 de
2864 3921 3008 3973 nato
3040 3917 3220 3973 nobis
3243 3918 3424 3975 hodie
3456 3920 3585 3976 Sal-

195 4030 287 4061 ναι
340 4012 465 4083 ἡμῖν
522 4018 740 4085 Σωτῆρα
806 4016 1052 4084 σήμερον.
1126 4012 1477 4084 Ἐξετάσωμεν
1537 4008 1597 4064 δὲ
1651 4021 1805 4065 τοῦτο

1967 4013 2144 4064 atore.
2207 4008 2588 4080 Inquiramus
2624 4011 2827 4062 autem
2862 4006 3000 4073 hoc,
3042 4022 3150 4078 per
3196 4006 3409 4064 datum
3477 4023 3587 4066 no-

195 4095 294 4150 διά
324 4108 416 4152 τοῦ
459 4097 697 4163 δοθέντος
728 4102 852 4173 ἡμῖν
881 4105 1125 4173 σημείου.

1967 4099 2011 4152 is
2051 4098 2313 4169 signum.

272 4195 373 4243 Καὶ
426 4187 581 4248 ἦλθον
632 4222 697 4230 —
745 4193 951 4243 τούτου.
1011 4195 1379 4264 Διεγνὼρισαν,
1446 4191 1558 4262 (49)
1618 4194 1801 4262 ἤγουν,

1987 4187 2156 4242 Vers.
2202 4191 2286 4242 16.
2313 4187 2394 4241 Et
2426 4190 2716 4241 venerunt
2752 4215 2823 4225 —
2852 4184 3018 4242 Vers.
3054 4188 3136 4239 17.
3181 4185 3311 4240 hoc.
3348 4186 3580 4256 Cogno-

192 4281 699 4354 ἐπληροφορηθησαν
754 4284 872 4354 περὶ
947 4287 1039 4332 τοῦ
1099 4281 1335 4354 ῥήματος
1400 4288 1492 4332 τοῦ
1564 4280 1804 4338 λαληθέν-

1967 4280 2146 4345 arunt,
2177 4276 2296 4331 sive
2347 4273 2629 4330 certiores
2662 4272 2799 4329 facti
2853 4276 2995 4328 sunt
3023 4272 3098 4327 de
3147 4272 3351 4339 verbo,
3411 4275 3578 4345 quod

190 4389 283 4429 τος
320 4368 494 4430 αὐτοῖς
536 4374 654 4443 περὶ
696 4377 786 4422 τοῦ
833 4367 1054 4422 παιδίου
1103 4372 1307 4437 τούτου,
1369 4371 1449 4422 ὃτι
1497 4370 1690 4441 ἐτέχθη
1732 4378 1803 4442 τῷ

1967 4372 2137 4424 .ctum
2168 4370 2293 4421 erat
2312 4366 2396 4420 eis
2426 4364 2500 4419 de
2533 4378 2717 4435 puero
2748 4362 2881 4428 hoc,
2914 4361 3083 4434 quod
3113 4367 3294 4418 natus
3320 4368 3446 4420 erat
3474 4379 3580 4436 po-

191 4458 301 4529 λαῷ
333 4464 532 4533 Σωτήρ.

1967 4458 2061 4512 ulo
2094 4457 2375 4513 Salvator.

275 4554 373 4601 Καὶ
433 4550 615 4609 πάντες
678 4580 751 4589 -
800 4552 931 4624 πρὸς
1008 4548 1210 4609 αὐτούς.
1287 4548 1627 4620 Ἀνήγγειλαν
1701 4553 1801 4623 γὰρ

1986 4549 2154 4603 Vers.
2190 4549 2272 4600 18.
2301 4546 2381 4600 Et
2407 4542 2862 4610 omnes—ipsis.
2897 4539 3112 4596 Statim
3143 4541 3304 4597 enim
3332 4557 3575 4598 annun-

196 4638 389 4689 αὐτίκα
442 4646 513 4709 τῷ
560 4657 612 4690 τε
668 4637 861 4711 Ἰωσὴφ
917 4643 1008 4690 καὶ
1063 4646 1125 4710 τῇ
1182 4643 1344 4711 μητρὶ
1418 4646 1509 4690 τοῦ
1584 4636 1803 4691 παιδίου

1967 4640 2213 4693 averunt
2235 4633 2459 4706 Joseph
2496 4637 2552 4688 et
2581 4631 2758 4687 matri
2787 4630 2975 4703 pueri,
3006 4645 3383 4702 quaecunque
3414 4632 3577 4689 dicta

196 4728 367 4779 πάντα
406 4730 506 4779 ὅσα
535 4731 767 4785 ἤκουσαν
800 4731 944 4801 παρά
993 4735 1085 4780 τοῦ
1144 4726 1383 4798 ἀγγέλου,
1435 4732 1523 4780 καὶ
1577 4732 1643 4782 τὰ
1689 4734 1805 4803 περὶ

1967 4731 2085 4781 rant
2122 4725 2270 4796 ipsis
2310 4722 2389 4778 ab
2414 4720 2648 4793 angelo,
2676 4725 2733 4777 et
2781 4719 2858 4775 de
2911 4718 3291 4774 multitudine
3320 4719 3575 4777 caelestis

198 4824 288 4868 τοῦ
329 4816 563 4877 πλήθους
617 4826 709 4877 τῆς
756 4816 999 4891 οὐρανίου
1058 4823 1321 4889 στρατιᾶς.
1386 4821 1486 4869 Καὶ
1540 4818 1598 4869 οὐ
1650 4823 1803 4891 μόνον

1967 4814 2166 4872 ιὶὶίῐίεθ.
2200 4816 2317 4869 Nec
2340 4810 2436 4867 his
2490 4810 2709 4878 solum,
2765 4824 2973 4865 verum
3026 4807 3208 4865 etiam
3260 4808 3572 4876 omnibus,

198 4908 416 4975 τούτοις,
476 4906 603 4958 ἀλλὰ
652 4912 741 4959 καὶ
792 4913 975 4972 πᾶσιν,
1035 4906 1112 4969 οἷς
1168 4905 1533 4978 ἐνετύγχανον,
1602 4908 1651 4960 οἰ
1716 4914 1804 4961 καὶ

1967 4904 2141 4960 uibus
2167 4900 2578 4969 occurrebant,
2601 4897 2706 4971 qui
2730 4898 2910 4955 etiam
2930 4897 3309 4955 mirabantur
3354 4898 3430 4956 de
3456 4897 3572 4967 his,

198 4993 528 5066 ἐοιοῦσαντες,
569 4995 891 5068 ἐθαύμασαν,
922 4999 1042 5070 περὶ
1088 4995 1156 5047 ὧν
1190 4998 1450 5055 ἥκουσαν,

1967 5012 2053 5051 uae
2085 4992 2431 5051 audiebant.

1452 5148 1670 5218 Variae
1708 5150 2038 5219 lectiones
2080 5157 2148 5215 et
2184 5156 2389 5215 notae.

264 5320 380 5393 (48)
406 5322 476 5371 Τὸ
505 5320 652 5393 ῥῆμα
681 5317 891 5393 abest._
912 5321 979 5373 Α.
1000 5389 1014 5393 _
1420 5390 1469 5393 μ
1918 5321 2077 5376 tinus
2103 5318 2364 5393 sequitur
2396 5331 2407 5369 :
2439 5316 2520 5393 Et
2566 5328 2781 5393 omnes,
2833 5311 3320 5393 quinaudierunt,
3363 5310 3572 5368 mirati

266 5387 378 5461 (49)
409 5387 726 5447 Heutenius
749 5389 1114 5445 reddendum
1144 5392 1375 5445 censet:
1409 5390 1629 5446 Notum
1654 5393 1810 5459 fece-
1914 5399 2075 5447 sunt.
2110 5387 2324 5446 Notum
2364 5392 2567 5461 autem
2609 5390 2719 5452 est,
2772 5388 3044 5461 γνωρίζειν
3074 5399 3207 5440 esse
3263 5387 3319 5440 et
3343 5398 3569 5454 cogno-

196 5458 1809 5534 runtveldiuulgauernnt,obidpotissimumguodpro-
1916 5479 2097 5529 scere,
2141 5468 2197 5518 et
2226 5465 2437 5517 notum
2462 5458 2683 5515 facere.

289 5660 370 5732 ee)
399 5662 623 5718 Factus
650 5665 755 5715 est.
788 5658 1030 5732 Videtur
1059 5673 1201 5729 ergo
1230 5658 1454 5727 legisse
1475 5656 1804 5732 ἐργαστικὸν.
1914 5657 2089 5732 plevit
2126 5656 2307 5730 (fecit)
2346 5659 2403 5711 et
2448 5652 2819 5727 superﬂuum
2859 5656 2947 5711 est
2986 5652 3048 5709 in
3077 5655 3406 5725 posterum,
3448 5667 3569 5709 ces-

289 5660 370 5732 ee)
399 5662 623 5718 Factus
650 5665 755 5715 est.
788 5660 1030 5713 Videtur
1059 5673 1201 5729 ergo
1230 5660 1454 5727 legisse
1475 5660 1804 5731 ἐργαστικὸν.
1914 5660 2089 5731 plevit
2126 5660 2307 5730 (fecit)
2346 5660 2403 5711 et
2448 5680 2449 5685 π

267 5660 354 5804 δη
407 5734 558 5792 Nam
593 5733 700 5790 hoc
722 5762 791 5771 —
822 5730 1108 5803 reliquum
1146 5737 1251 5788 est.
1278 5733 1470 5787 Suum
1510 5731 1671 5787 enim
1700 5732 1807 5788 im-
1915 5734 2005 5787 sat
2031 5730 2094 5787 in
2116 5736 2449 5802 posterum.
