4074 6402
470 379 573 433 887

544 499 708 555 Vers.
739 500 827 553 19.
872 497 1071 552 Maria
1101 500 1300 553 autem
1329 525 1397 533 —
1448 494 1591 549 haec.
1642 491 1786 554 Quae
1816 500 1853 542 a
1881 477 2134 553 pastori-
2162 473 2209 528 A

473 590 591 646 bus
620 588 772 643 dicta
802 594 987 641 erant.
1016 585 1418 641 Conservabat
1442 589 1643 638 autem
1671 576 1835 649 apud
1862 587 2013 628 sese.

547 679 712 734 Vers.
758 679 844 731 19.
899 677 1225 744 Conferens
1283 702 1349 711 —
1402 689 1527 727 suo.
1587 666 1947 724 lixaminans
2006 660 2135 714 haec

477 768 642 840 apud
665 784 727 821 se
759 767 971 837 ipsam.
1000 770 1051 819 et
1082 778 1445 835 comparans
1476 761 1550 815 ad
1568 756 1856 813 Gabrielis
1881 753 2136 807 abexor-

477 856 578 911 dio
611 855 1045 916 salutationem,
1109 870 1178 907 ac
1219 854 1343 906 sine
1393 851 1617 905 semine
1660 848 2033 912 conceptum,
2083 843 2138 891 et

479 946 711 1016 absque
750 943 1057 997 doloribus
1111 942 1518 1013 puerperium,
1597 942 1952 1007 partumque
2008 926 2137 1016 sine

479 1015 855 1104 corruptione
889 1052 899 1089 :
934 1036 989 1087 et
1011 1031 1301 1102 paulatim
1332 1026 1743 1083 certitudiuem
1775 1015 2142 1088 suscipiebat

479 1121 888 1193 perfectiorem
901 1160 913 1171 .

552 1211 713 1266 Vers.
746 1214 832 1264 20.
866 1210 945 1265 Et
975 1208 1192 1265 reversi
1217 1214 1361 1264 sunt
1406 1239 1475 1248 —
1502 1207 1680 1276 ipsos.
1738 1196 1972 1257 Reversi
2002 1198 2141 1250 sunt

482 1300 563 1358 ad
595 1314 837 1370 gregem
867 1315 1064 1355 suum.

552 1390 716 1444 Vers.
744 1390 833 1444 2t.
859 1388 1119 1459 Cumque
1140 1417 1206 1429 -—
1227 1391 1413 1444 utero.
1432 1384 1960 1451 Quemadmodum
1974 1383 2140 1456 apud

482 1494 596 1534 nos
634 1479 996 1545 sacerdotes,
1029 1476 1279 1549 quando
1306 1476 1626 1547 baptizant,
1660 1478 1803 1529 tunc
1834 1474 2012 1530 etiam
2037 1490 2140 1530 no-

482 1584 625 1625 men
656 1567 977 1639 imponunt
1008 1583 1018 1620 :
1049 1567 1127 1622 ita
1155 1571 1209 1621 et
1231 1565 1392 1636 apud
1422 1564 1717 1627 Hebraeos,
1751 1564 2002 1634 quando
2032 1563 2141 1619 cir-

484 1658 857 1722 cumcidunt,
886 1662 1023 1712 tunc
1055 1656 1233 1711 etiam
1265 1670 1486 1711 nomen
1514 1655 1848 1724 imponunt.

558 1746 854 1802 Dubitavit
875 1752 1072 1801 autem
1105 1744 1341 1815 aliquis,
1373 1759 1555 1815 quare
1588 1743 1853 1798 Christus
1889 1745 2140 1798 circum-

484 1834 695 1892 cisioni
717 1834 901 1890 ﬁnem
919 1840 1045 1890 erat
1062 1832 1452 1905 impositurus
1469 1832 1496 1886 ἲν
1524 1833 1627 1887 Cui
1645 1833 2141 1903 respondendum

2268 1831 2469 1899 ›ιτομὴν
2554 1828 2752 1901 ἔμελλεν
2831 1830 2856 1880 ὁ
2935 1832 3190 1903 Χριστὸς,

484 1930 590 1989 est,
611 1924 773 1997 quod
793 1924 906 1979 hoc
923 1922 1257 1978 secundum
1278 1922 1790 1993 dispensationem
1814 1928 2013 1977 actum
2031 1927 2141 1979 est.

486 2015 605 2071 Nisi
656 2015 818 2069 enim
867 2012 1258 2069 circumcisus
1307 2011 1509 2067 fuisset
1568 2027 1957 2084 nequaquam
2013 2013 2143 2082 ejus

484 2104 761 2160 doctrina
790 2106 1061 2173 suscepta
1099 2100 1323 2166 fuisset,
1370 2100 1474 2156 sed
1506 2100 1756 2156 omnino
1806 2101 2140 2173 repudiata,

486 2197 780 2265 tanquam
805 2191 1150 2261 alienigenae
1178 2211 1191 2246 :
1217 2206 1412 2261 neque
1438 2189 1787 2245 credidisset
1811 2191 2141 2262 quispiam,

485 2282 685 2355 ipsum
711 2297 843 2337 esse
874 2280 1173 2335 Christum
1206 2279 1281 2334 de
1313 2280 1538 2334 semine
1592 2279 1899 2335 Abraham
1941 2295 2147 2352 exspe-

486 2370 951 2428 ctatum.0mnes
967 2368 1256 2441 enim,qui
1270 2367 1662 2423 abAbraham
1677 2368 2144 2429 descendebant,

487 2458 751 2529 sigillum
784 2474 854 2514 ac
884 2458 1119 2529 signum
1158 2455 1461 2512 habebant
1489 2456 1975 2521 circumcisionis,
2010 2474 2145 2530 qua;

486 2547 892 2617 distinguebat
917 2546 1048 2602 illos
1076 2546 1154 2601 ab
1184 2545 1313 2601 aliis
1347 2546 1647 2614 gentibus.
1682 2545 1771 2601 Ob
1797 2547 1911 2601 hoc
1946 2546 2147 2619 itaque

488 2637 877 2693 circumcisus
903 2641 1008 2691 est.
1064 2636 1279 2705 Legem
1312 2635 1489 2689 etiam
1539 2635 1597 2689 in
1624 2634 1737 2690 hoc
1787 2634 2143 2706 adimplens,

489 2727 640 2782 sicut
667 2725 727 2780 in
760 2725 888 2781 aliis
918 2740 1160 2796 quoque
1196 2723 1513 2795 praeceptis
1544 2724 1861 2793 legalibus,
1900 2740 1971 2780 ne
2002 2726 2148 2797 legis

487 2823 888 2884 transgressor
931 2813 1249 2869 videretur.
1283 2816 1442 2868 Hanc
1474 2819 1675 2869 autem
1700 2829 1937 2869 cessare
1985 2814 2147 2879 facit,

489 2912 548 2962 et.
590 2903 763 2960 valde
800 2902 1247 2959 rationabiliter.
1297 2903 1670 2958 Hebraeorum
1705 2904 1864 2959 enim
1906 2904 2143 2960 circum-

491 2994 639 3049 cisio
669 2993 1138 3049 Christianorum
1176 2994 1468 3064 baptisma
1497 2992 1794 3062 ﬁgurabat
1841 3009 1909 3049 ac
1948 2994 2149 3067 praesi-

488 3084 734 3155 gnabat.
764 3081 1293 3148 Quemadmodum
1325 3082 1605 3139 enimille
1635 3083 1914 3153 signabat
1940 3101 2064 3149 eos,
2093 3090 2149 3139 et

1804 349 2150 414 EUTHYMII
2191 348 2525 405 ZIGABENI

3753 349 3863 404 888

2329 482 2371 527 Η
2408 472 2466 527 δὲ
2509 476 2729 550 Μαριὰμ
2777 505 2847 515 —
2884 480 3070 528 ταῦτα.
3128 474 3207 527 Τὰ
3250 475 3396 547 παρὰ
3442 481 3541 525 τῶν
3598 477 3861 546 ποιμένων

2243 563 2547 622 λαληθέντα.
2586 570 2857 634 Συνετήρει
2887 560 2947 617 δὲ
2978 570 3146 616 ταῦτα
3188 563 3308 637 παρ’
3339 562 3523 634 ἑαυτῇ.

2317 652 2694 726 Συμϐάλλουσα
2769 685 2839 694 -
2905 653 3087 715 αὐτῆς.
3188 652 3619 727 Ιιαρεξετάζουσα
3690 660 3865 707 ταῦτα

2247 744 2364 794 καθ’
2433 743 2638 811 ἑαυτήν,
2698 747 2828 817 πρὸς
2895 763 2948 796 τε
2992 746 3078 795 τὸν
3138 741 3190 804 ἐξ
3249 741 3425 817 ἀρχῆς
3484 742 3861 816 εύαγγελισμὸν

2247 839 2339 882 τοῦ
2398 831 2649 906 Γαϐριὴλ,
2708 839 2796 884 καὶ
2852 837 2945 890 τὴν
3003 834 3235 904 ἄσπορον
3289 829 3566 901 σύλληψιν,
3625 838 3714 884 καὶ
3764 838 3863 890 τὴν

2251 916 2497 973 ἀνῶὸινον
2542 925 2754 988 κύησιν,
2806 927 2895 973 καὶ
2944 924 3029 972 τὸν
3078 922 3301 993 ἄφθορον
3345 925 3518 984 τόκον,
3569 926 3656 972 καὶ
3704 919 3864 972 τελει-

2251 1014 2442 1083 ωτέραν
2473 1012 2584 1083 (50)
2619 1012 2789 1085 ήρέμα
2818 1008 3080 1083 δεχομένη
3120 1009 3496 1084 πληροφορίαν.

2324 1210 2425 1257 Καὶ
2500 1204 2830 1279 ὑπέστρεψαν
2919 1236 2989 1245 -
3060 1204 3271 1266 αὐτούς.

2247 1298 2340 1351 τὴν
2369 1298 2593 1366 ποίμνην
2624 1294 2811 1348 αὐτῶν.

3352 1203 3701 1277 Ὑπέστρεψαν
3790 1206 3866 1268 εἰς

2325 1388 2424 1435 Καὶ
2477 1385 2559 1436 ὅτε
2604 1413 2675 1425 —
2727 1383 2919 1456 κοιλίᾳ.
2974 1382 3174 1454 Ὠσπερ
3228 1385 3277 1434 οἱ
3330 1383 3455 1457 παρ’
3504 1384 3629 1455 ἡμῖν
3687 1386 3864 1457 ἱερεις,

2251 1472 2333 1523 ὅτε
2382 1470 2729 1543 βαπτίζουσι,
2779 1476 2895 1524 τότε
2942 1476 3032 1524 καὶ
3073 1471 3422 1544 ὀνομάζουσιν
3448 1492 3461 1505 ν
3500 1473 3635 1524 οὕτω
3689 1477 3779 1525 καὶ
3813 1475 3867 1525 οἰ

2250 1564 2373 1634 παρ’
2455 1560 2740 1634 Ἑϐραίοις,
2814 1563 2897 1614 ὅτε
2963 1565 3354 1634 περιτέμνουσι,
3428 1566 3541 1614 τότε
3614 1566 3705 1615 καὶ
3772 1567 3867 1621 τήν

2252 1648 2345 1708 κλῆ
2357 1668 2438 1701 σιν
2478 1648 2823 1704 ἐπιτιθέασιν.

2323 1739 2612 1812 Ἀπορήσει
2651 1736 2710 1791 δέ
2734 1759 2828 1809 τις,
2865 1740 2967 1807 ὅτι,
3014 1735 3195 1798 ἐπειδὴ
3249 1740 3365 1811 (51)
3409 1743 3587 1792 παύειν
3637 1745 3732 1798 τήν
3780 1760 3871 1792 πε-

3271 1825 3418 1881 διατί
3496 1836 3743 1902 περιετμή
3755 1832 3819 1888 θη
3852 1847 3866 1897 ;

2256 1921 2390 1989 Πρὸς
2451 1918 2504 1969 ὃν
2560 1917 2922 1989 ἀπολογητέον,
2984 1919 3083 1970 ὅτι
3117 1918 3232 1969 κατ’
3305 1919 3621 1990 οἰκονομίαν.
3682 1919 3743 1971 Εἰ
3791 1924 3865 1991 μή

2253 2010 2573 2079 περιετμήθη
2614 2010 2734 2080 γὰρ,
2791 2008 2884 2059 ούκ
2931 2006 2992 2058 ἂν
3036 2007 3159 2068 ὅλως
3198 2004 3507 2083 παρεδέχθη
3564 2004 3866 2073 διδάσκων,

2254 2094 2361 2147 ἀλλ’
2415 2095 2720 2168 ἀπεπέμφθη
2774 2095 2853 2163 ἂν,
2897 2099 2967 2159 ὡς
3007 2096 3308 2168 ἀλλόφυλος,
3359 2094 3474 2149 οὐδ’
3524 2096 3584 2148 ἂν
3626 2096 3872 2151 ἐπίστευ-

2259 2190 2316 2238 σέ
2370 2205 2471 2253 τις,
2521 2187 2601 2237 ὅτι
2654 2186 2812 2248 αὐτὸς
2877 2185 2990 2238 ἔστι
3055 2188 3080 2237 ὁ
3147 2183 3581 2258 προσδοκώμενος
3630 2192 3871 2261 Χριστὸς

2256 2273 2312 2326 ἐκ
2365 2278 2660 2349 σπέρματος
2713 2275 2975 2351 Ἀϐραάμ.
3037 2277 3104 2328 Οἱ
3152 2277 3254 2350 γὰρ
3313 2274 3367 2338 ἐξ
3420 2274 3658 2349 Ἀϐραὰμ
3704 2276 3846 2330 ἅπαν

2255 2382 2355 2432 τες,
2425 2360 2697 2436 σφραγῖδα
2759 2369 2849 2416 καὶ
2919 2372 3135 2436 σημεῖον
3187 2369 3281 2423 τήν
3352 2370 3640 2438 περιτομήν
3698 2363 3868 2439 εἶχον,

2260 2450 2666 2506 ὃιαστέλλουσαν
2709 2453 2895 2515 αὐτοὺς
2949 2452 3050 2506 ἀπὸ
3109 2463 3208 2505 τῶν
3257 2453 3421 2506 ἄλλων
3480 2454 3654 2507 ἐθνῶν.
3696 2463 3871 2530 Περιε-

2256 2544 2431 2615 τμήθη
2500 2545 2591 2615 μεν
2646 2543 2733 2595 οὖν
2788 2540 2883 2596 διὰ
2937 2551 3111 2609 τοῦτο,
3181 2543 3389 2617 πληρῶν
3447 2543 3713 2597 κάνταῦθα
3779 2551 3871 2598 τὸν

2257 2636 2430 2704 νόμον,
2482 2634 2654 2705 ὥσπερ
2687 2638 2776 2685 καὶ
2814 2635 2865 2685 ἐν
2903 2641 3017 2694 τοῖς
3071 2632 3241 2693 ἄλλοις
3291 2642 3525 2706 νομικοῖς
3575 2635 3873 2707 παραγγέλ-

2258 2741 2440 2795 μασιν,
2484 2722 2566 2773 ἵνα
2616 2726 2687 2794 μή
2744 2718 2872 2795 δόξῃ
2941 2730 3033 2774 τοῦ
3090 2727 3249 2795 νόμου
3298 2723 3627 2798 παραϐάτης.
3671 2723 3873 2777 Ἐπαν-

2263 2830 2319 2863 σε
2359 2807 2418 2863 δὲ
2472 2814 2667 2869 ταύτην
2715 2817 2806 2863 καὶ
2862 2813 2998 2864 πάνυ
3050 2811 3293 2883 εὐλόγως.
3350 2811 3408 2865 Ἡ
3461 2817 3559 2887 γὰρ
3612 2818 3870 2886 περιτομή

2259 2909 2358 2953 τῶν
2409 2899 2656 2973 Ἐϐραίων
2710 2905 2765 2953 τὸ
2828 2900 3111 2973 βάπτισμα
3184 2909 3284 2953 τῶν
3350 2909 3677 2976 Χριστιανῶν
3754 2902 3873 2955 ἇτύ-

2258 3009 2358 3042 που
2410 2994 2499 3041 καὶ
2554 2996 2951 3065 προεσήμαινεν.
3000 2989 3199 3065 Ὠσπερ
3256 2994 3357 3065 γὰρ
3428 2990 3595 3050 ἐκείνη
3647 2996 3769 3053 τοὺς
3817 2993 3874 3056 ἐξ

2260 3078 2502 3151 ’Δϐραάμ
2560 3080 2673 3150 (5'2)
2726 3079 3012 3154 ἐσφράγιζε
3068 3084 3158 3132 καὶ
3212 3075 3499 3133 διέστελλεν
3574 3081 3674 3134 ἀπὸ
3743 3102 3874 3135 παν-

488 3172 568 3228 ab
600 3172 766 3228 omni
795 3176 972 3244 gente
988 3172 1397 3241 distinguebat
1428 3188 1441 3226 :
1470 3171 1552 3228 ita
1573 3177 1630 3229 et
1656 3171 1768 3228 hoc
1792 3173 2144 3231 Chritianos.

2268 3172 2350 3229 τὸς
2393 3170 2588 3237 ἔθνους,
2645 3169 2781 3222 οὕτω
2832 3174 2922 3221 καὶ
2968 3176 3123 3221 τοῦτο
3160 3172 3279 3231 τοὺς
3322 3174 3695 3245 Χριστιανούς.
3740 3172 3871 3243 [Καὶ

489 3263 554 3333 (-t-
580 3264 647 3318 Et
664 3262 818 3317 sicut
846 3260 944 3318 illa
974 3260 1343 3333 superﬂuam
1365 3263 1634 3333 corporis
1655 3262 2030 3333 particulam,
2067 3264 2151 3319 ita

490 3356 549 3409 et
571 3350 686 3407 hoc
717 3354 989 3421 amputat
1026 3354 1341 3421 peccatum
1389 3351 1806 3421 superﬂuum).
1832 3352 2154 3422 Oportebat

490 3443 695 3496 autem
749 3454 981 3495 cessare
1033 3438 1316 3508 ﬁguram,
1362 3439 1634 3494 veniente
1684 3440 2053 3511 exemplari:
2099 3446 2155 3498 et

493 3527 800 3600 quiescere
838 3528 1100 3597 signum,
1151 3527 1420 3584 adhibito
1452 3528 1806 3596 signiﬁcato.
1860 3532 2007 3585 Nam
2038 3531 2153 3587 hoc

495 3616 882 3689 perseipsum
911 3615 1220 3689 adimplet,
1238 3621 1295 3671 et
1319 3616 1696 3686 superﬂuum
1714 3620 1820 3688 est,
1854 3618 2152 3691 quidquid

494 3704 792 3776 reliquum
817 3709 907 3759 est
927 3705 1039 3777 (θ’).

568 3795 733 3851 Vers.
767 3793 854 3848 22.
881 3795 958 3849 Et
979 3794 1212 3864 quando
1242 3827 1311 3835 —
1338 3796 1549 3865 Moysi.
1613 3797 1726 3853 Lex
1773 3797 2020 3869 quidem
2054 3799 2155 3855 Dei

495 3887 641 3947 erat,
675 3887 877 3954 utpote
897 3883 975 3939 ab
1006 3898 1078 3939 eo
1093 3882 1255 3939 data.
1288 3884 1604 3940 Dicebatur
1626 3890 1829 3941 autem
1862 3891 1918 3941 et
1943 3888 2149 3959 Moysi,

500 3976 783 4043 tanquam
810 3971 888 4028 ab
935 3988 1007 4027 eo
1060 3974 1298 4044 scripta.
1340 3973 1601 4030 Jubebat
1658 3980 1880 4041 autem,
1938 3981 2002 4031 ut
2022 3993 2154 4049 quae

499 4076 703 4117 semen
726 4062 1165 4133 suscepissetac
1179 4062 1510 4134 peperisset
1526 4064 1883 4130 masculum,
1915 4066 2155 4137 impura

496 4150 819 4207 haberetur
844 4166 1034 4223 usque
1065 4151 1143 4207 ad
1172 4151 1575 4223 quadraginta
1630 4153 1761 4223 djes
1806 4156 1871 4208 ¹⁶.
1909 4157 2027 4210 Hoc
2054 4171 2153 4211 au-

497 4244 620 4297 tem
651 4240 973 4296 ordinabat
1017 4240 1095 4296 ad
1122 4241 1392 4312 requiem
1426 4241 1649 4306 matris,
1685 4257 1759 4297 ne
1808 4245 2006 4300 statim
2048 4245 2151 4300 viri

497 4329 624 4385 suis
654 4346 792 4402 qua;
824 4330 1195 4401 peperissent
1255 4330 1545 4385 uxoribus
1597 4332 2150 4389 commiscerentur.

497 4418 771 4473 nondum
801 4423 1006 4473 curato
1031 4418 1258 4483 labore,
1290 4419 1393 4490 qui
1424 4419 1723 4491 parientes
1745 4423 2150 4494 consequitur.

498 4507 723 4562 Verum
758 4506 858 4562 Dei
895 4506 1158 4563 Genitrix
1186 4506 1327 4564 huic
1357 4513 1512 4567 certe
1536 4508 1652 4579 legi
1702 4510 1975 4581 subjecta
2030 4528 2144 4568 non

2268 4514 2380 4575 ρίαν
2464 4510 2901 4583 θεραπευσάσαις.
2964 4507 3100 4561 Ἀλλ’
3165 4511 3194 4567 ἡ
3254 4513 3505 4570 Θεοτὸκος
3574 4508 3678 4580 οὐχ

500 4600 644 4664 erat,
672 4611 742 4651 eo
767 4597 932 4666 quod
963 4612 1166 4652 semen
1193 4612 1314 4652 non
1366 4602 1707 4669 susceperat
1734 4616 1747 4654 :
1781 4601 2045 4657 obedivit
2073 4607 2154 4657 ta-

498 4699 660 4750 men,
689 4700 765 4741 ne
794 4685 988 4755 legem
1020 4687 1353 4754 transgredi
1405 4686 1720 4759 videretur.
1774 4689 2154 4760 Purgationis

497 4778 701 4833 autem
730 4789 961 4841 eorum,
1002 4779 1148 4845 puta
1178 4775 1385 4831 matris
1418 4776 1584 4846 pueri
1633 4792 1702 4831 ac
1734 4780 1937 4848 sponsi
1979 4780 2107 4850 ejus
2138 4798 2150 4836 :

498 4878 687 4936 appro
695 4863 1044 4936 priabantur
1064 4865 1223 4921 enim
1245 4870 1302 4922 et
1326 4864 1470 4922 viris
1491 4866 1877 4938 purgationes
1896 4884 2153 4926 uxorum

498 4969 770 5011 suarum.

568 5133 615 5168 “
652 5131 835 5190 Levit.
861 5147 964 5199 xu,
995 5135 1047 5190 2.

2261 3257 2376 3329 (53)
2444 3260 2676 3331 καθάπερ
2745 3257 2904 3317 ἐκείνη
2963 3262 3201 3333 περιττὸν
3285 3257 3559 3328 ἀποτέμνει
3624 3268 3715 3313 τοῦ
3771 3266 3873 3313 σώ-

2261 3366 2426 3420 ματος
2464 3352 2641 3421 μέρος,
2692 3348 2827 3400 οὕτω
2871 3353 2962 3400 καὶ
3000 3356 3153 3400 τοῦτο
3219 3352 3314 3405 τήν
3365 3348 3625 3422 ἁμαρτίαν
3683 3348 3872 3402 ἀποτέ-

2263 3456 2397 3509 μνει,
2447 3442 2686 3511 περιττὴν
2741 3436 3158 3512 ύπάρχουσαν.]
3190 3434 3336 3490 Ἔδει
3388 3434 3446 3490 δὲ
3490 3440 3752 3498 παυθῆναι
3784 3443 3873 3491 τὸν

2264 3529 2443 3594 τύπον,
2505 3525 2732 3587 έλθόντος
2807 3534 2899 3579 τοῦ
2968 3529 3331 3602 πρωτοτύπου,
3388 3532 3477 3579 καὶ
3538 3536 3762 3599 σιγῆσαι
3814 3532 3874 3581 τὸ

2263 3618 2475 3689 μηνῦον,
2536 3616 2838 3676 ἐπιστάντος
2889 3623 2981 3668 τοῦ
3025 3619 3370 3688 μηνυομένόυ.
3425 3620 3495 3669 Τὸ
3539 3620 3638 3691 γὰρ
3690 3618 3877 3671 ἑαυτοῦ

2264 3704 2588 3779 πεπλήρωκε,
2620 3710 2711 3757 καὶ
2741 3709 2978 3778 περιττόν
3006 3702 3121 3757 ἐστι
3150 3712 3242 3757 τοῦ
3271 3704 3475 3757 λοιποῦ.

2338 3801 2439 3847 Καὶ
2483 3796 2565 3847 ὅτε
2616 3826 2683 3834 -
2737 3798 3019 3857 Μωυσέως.
3077 3792 3136 3846 Ὀ
3207 3798 3357 3866 νόμος
3425 3802 3514 3847 τοῦ
3582 3802 3716 3849 Θεοῦ
3782 3799 3876 3869 μὲν

2265 3882 2347 3955 ἧν,
2404 3886 2469 3945 ὡς
2521 3884 2645 3957 παρ’
2691 3882 2851 3936 αὐτοῦ
2912 3885 3239 3956 ύφηγηθείς·
3284 3883 3477 3955 ἐλέγετο
3537 3881 3596 3937 δὲ
3651 3890 3741 3937 καὶ
3779 3894 3876 3938 τοῦ

2263 3978 2545 4043 Μωυσέως,
2599 3976 2667 4034 ὡς
2724 3972 2847 4048 παρ’
2887 3972 3047 4025 αὑτοῦ
3109 3977 3336 4045 γραφείς.
3390 3972 3615 4026 Ἐκέλευε
3672 3971 3731 4026 δε
3779 3979 3878 4034 τήν

2266 4064 2748 4138 σπερματισθεῖσαν
2834 4067 2923 4114 καὶ
2998 4069 3251 4115 τεκοῦσαν
3321 4064 3498 4135 ἄρσεν,
3582 4060 3878 4136 ἀκάθαρτον

2262 4153 2572 4225 νομίζεσθαι
2636 4156 2801 4225 μέχρι
2858 4152 3257 4223 τεσσαράκοντα
3316 4153 3540 4226 ἡμερῶν.
3602 4159 3765 4205 Τοῦτο
3817 4151 3881 4206 δὲ

2262 4245 2607 4317 προσέταττεν
2661 4241 2729 4301 εἰς
2803 4242 3100 4293 ἀνάπαυσιν
3175 4249 3266 4300 τῆς
3338 4246 3560 4314 μήτρας,
3643 4243 3725 4293 ἶνα
3799 4249 3877 4314 μὴ

2264 4331 2416 4391 εὐθὺς
2472 4332 2521 4382 οἱ
2581 4326 2771 4405 ἄνδρες
2843 4332 3123 4392 τεκούσαις
3170 4336 3286 4391 ταῖς
3350 4338 3606 4402 γαμεταῖς
3683 4330 3881 4384 ἑαυτῶν

2268 4420 2683 4492 συμπλέκωνται,
2733 4423 2891 4492 μήπω
2944 4423 3038 4477 τὴν
3093 4416 3193 4471 ἀπὸ
3246 4427 3339 4472 τοῦ
3400 4427 3559 4471 τεκεῖν
3616 4419 3884 4473 ταλαιπω-

3756 4510 3883 4561 ύπέ-

2264 4620 2401 4653 κειτο
2426 4603 2516 4671 μὲν
2538 4606 2609 4669 τῷ
2641 4602 2779 4671 νόμῳ
2809 4599 2994 4669 τούτῳ,
3033 4593 3126 4649 διὰ
3154 4600 3212 4649 τὸ
3258 4602 3327 4669 μή
3378 4598 3837 4672 σπερσαιισθῆναι
3864 4617 3877 4631 ·

2265 4688 2625 4761 ἑπειθάρχησε
2665 4683 2723 4740 δὲ
2753 4687 2913 4757 αύτῷ,
2941 4687 3024 4738 ἱνα
3066 4690 3138 4758 μή
3202 4683 3331 4749 δόξη
3393 4686 3728 4759 παραϐαινειν
3790 4692 3881 4739 τὸν

2263 4782 2436 4850 νόμον.
2486 4784 2590 4831 Τοῦ
2641 4778 2974 4851 καθαρισμοῦ
3019 4771 3078 4828 δὲ
3118 4775 3307 4842 αὐτῶν,
3359 4780 3475 4834 ἤτοι
3527 4785 3620 4839 τῆς
3674 4780 3884 4849 μητρὸς

2262 4874 2354 4920 τοῦ
2410 4863 2630 4920 παιδίου
2688 4871 2778 4918 καὶ
2830 4873 2921 4918 τοῦ
2969 4872 3272 4940 μνηστῆρος
3320 4864 3519 4928 αὐτῆς·
3575 4867 3881 4937 ’ῼκειοῦντο

2261 4960 2363 5032 γὰρ
2395 4959 2445 5009 οἱ
2484 4953 2672 5031 ἄνδρες
2700 4957 2788 5008 τὸν
2831 4956 3162 5028 καθαρισμὸν
3218 4963 3318 5007 τῶν
3365 4964 3622 5027 γυναικῶν
3682 4954 3880 5012 αὐτῶν,

1722 5337 1934 5406 Variae
1970 5338 2298 5408 lectiones
2341 5348 2407 5407 et
2447 5347 2652 5408 noue.

596 5630 684 5686 51)
715 5631 860 5682 Ἐπεὶ
899 5634 1104 5686 παύειν.
1139 5638 1193 5685 Β.

706 5557 1038 5631 Τελεωτέραν,
1072 5564 1128 5617 Β.

567 5560 684 5770 Ξείοζ
706 5560 1038 5631 Τελεωτέραν,
1072 5564 1128 5617 Β.

596 5630 654 5684 51
715 5631 860 5682 Ἐπεὶ
899 5634 1104 5686 παύειν.
1139 5638 1193 5685 Β.

590 5700 682 5769 52)
715 5700 801 5763 Ἐξ
827 5699 1064 5774 Ἀϐραάμ
1093 5717 1215 5759 non
1241 5701 1521 5773 exprimit
1549 5700 1857 5775 interpres.

2331 5560 2616 5644 (Sattiae
2646 5559 2707 5616 in
2737 5559 3004 5641 margine
3028 5559 3094 5614 A.
3125 5560 3462 5644 ‘Ijlenteni‘us
3499 5560 3631 5644 haec
3659 5560 3724 5617 in
3754 5560 3879 5619 ﬁne

2259 5630 2465 5690 scholii
2494 5649 2566 5689 ex
2607 5630 3005 5703 margine'sui
3033 5630 3255 5690 codicis
3284 5631 3616 5694 addiderat.
