4074 6380
209 356 310 413 889

1336 351 1705 411 COMMENT.
1750 346 1818 405 IN
1848 348 2106 406 LUCAM-
2148 380 2214 393 --
2254 350 2410 408 CAP.
2455 353 2523 409 ΙΙ.

3469 358 3573 413 890

280 485 567 555 Ἀνήγαγον
590 515 656 524 ——
687 484 1029 542 adriaticurm.
1077 489 1444 554 Ηαραστῆσαι,
1482 483 1646 532 εἰτουν
1670 476 1695 529 ό
1717 496 1806 529 πο-

1990 476 2149 532 Vers.
2210 477 2299 532 22.
2362 478 2729 536 Adduxerunt
2774 511 2844 522 —-
2911 484 3076 540 Vers.
3124 487 3213 540 23.
3272 483 3570 539 vocabitur.

208 578 427 645 κομίσαι
450 582 518 644 τῷ
544 575 723 646 Κυρίῳ
773 574 840 635 εἰς
871 575 957 625 τόν
989 572 1036 624 ἐν
1085 572 1457 643 Ἰεροσολύμοις
1490 572 1631 620 ναόν.
1664 566 1806 638 Ἐγέ-

207 682 405 735 γραπτο
434 666 533 735 γὰρ
576 661 623 715 ἐν
663 672 733 732 τῷ
765 668 902 734 νόμῳ
950 665 1027 714 ὅτι
1069 668 1177 714 Πᾶν
1219 664 1374 734 ἄρσεν
1407 656 1669 728 διανοῖγον
1708 661 1808 729 μή·

208 772 352 825 τραν,
385 762 587 825 πρῶτον
616 749 878 815 δηλονότι,
911 757 1148 804 τουτέστι
1178 757 1526 823 πρωτότοκον,
1557 748 1705 817 οἶγιον
1735 754 1806 815 τῷ

208 843 386 913 Κυρίῳ
406 842 725 899 κληθήσεται
758 864 768 875 ·
800 847 959 912 ἤγουν
992 841 1346 915 ἀφωρισμένον
1377 848 1449 909 τῷ
1477 846 1590 907 Θεῴ
1614 837 1807 893 κληθὴ-

209 950 376 982 σεται.

275 1020 603 1094 Ἀφιερούντο
634 1019 694 1074 δὲ
722 1028 788 1073 τὰ
820 1030 1124 1097 πρωτότοκα
1160 1030 1259 1073 τῶν
1288 1018 1541 1092 Ἐϐραίων
1571 1025 1643 1087 τῷ
1674 1020 1805 1085 Θεῷ,

208 1106 347 1163 διότι
378 1111 541 1163 πάλαι
563 1115 627 1164 τὰ
658 1116 967 1187 πρωτότοκα
1014 1121 1114 1163 τῶν
1146 1111 1444 1182 Αἰγυπτίων
1484 1106 1806 1160 ἐθανάτωσεν

205 1201 332 1272 ύπερ
366 1199 654 1276 ἐλευθέρίας
675 1210 774 1254 τῶν
802 1200 1074 1274 Ἐϐραίων.

275 1288 434 1342 Ἀλλά
470 1293 539 1343 τὰ
565 1294 657 1363 μὲν
684 1290 814 1344 σῦλα
842 1297 1148 1365 πρωτότοκα
1178 1285 1639 1363 προδιανοιγεῖσαν
1688 1281 1805 1337 δια-

202 1383 440 1450 νοίγουσὶ
466 1386 561 1438 τὴν
587 1386 791 1453 μήτραν
826 1399 837 1411 ·
868 1378 1297 1457 προδιανοίγεται
1322 1381 1424 1453 γὰρ
1451 1386 1513 1449 τῇ
1552 1379 1805 1445 συνουσίᾳ

205 1477 297 1521 τοῦ
328 1467 537 1543 ἀνδρὸς,
581 1473 664 1523 ὅτε
688 1474 746 1524 τό
800 1475 1007 1547 σπέρμα
1052 1470 1461 1529 εἰσακοντίζεται
1482 1485 1493 1496 '
1519 1472 1668 1538 μόνος
1690 1462 1749 1516 δὲ
1779 1465 1804 1514 ό

203 1563 439 1630 Χριστός
466 1564 627 1632 μήπω
668 1557 1026 1632 διανοιγεῖσαν
1078 1557 1334 1622 διήνοιξεν
1392 1560 1685 1628 ὑπερφυῶς,
1714 1557 1803 1604 καὶ

203 1648 566 1721 κεκλεισμὲνην
591 1652 724 1703 κατὰ
750 1654 903 1723 φύσιν
934 1650 1181 1726 ἐτήρησεν
1217 1669 1228 1681 ·
1261 1648 1367 1700 ἐπεὶ
1414 1652 1503 1698 καὶ
1543 1650 1697 1716 μόνος
1722 1642 1808 1695 οὗ·

202 1756 282 1797 τος
310 1737 459 1808 ἅγιος
488 1746 560 1808 τῷ
592 1740 767 1812 Κυρίῳ
795 1745 988 1812 κυρίως
1046 1757 1058 1769 ·
1109 1743 1244 1791 κατὰ
1300 1742 1393 1795 τὴν
1427 1738 1646 1791 θεότητα
1693 1736 1804 1805 μὲν,

1918 566 2217 632 Sisterent,
2251 567 2370 622 sive
2400 568 2679 624 afferrent
2710 572 3039 627 Dominoin
3073 572 3361 644 templum
3412 573 3571 645 quod

1916 660 2041 710 erat
2091 657 2503 727 Jerosolymis.
2556 658 2845 729 Scriptum
2896 666 3019 716 erat
3080 662 3235 715 enim
3295 664 3353 716 in
3394 662 3567 731 lege:

1916 744 2081 799 Omne
2110 748 2477 801 masculinum
2504 748 2831 818 adaperiens
2856 752 3066 805 vulvam
3096 751 3381 822 (primum
3417 751 3571 805 vide-

1912 833 2065 900 licet,
2126 836 2239 891 hoc
2287 844 2391 900 est,
2446 837 2933 908 primogenitum)
3010 848 3277 896 sanctum
3324 841 3570 895 Domino

1914 925 2225 981 vocabitur
2257 928 2298 962 ιτ
2328 945 2339 991 ;
2375 930 2516 991 sive,
2552 935 2894 998 separatum
2936 929 3192 985 Domino
3223 930 3563 986 vocabitur.

1988 1019 2505 1076 Consecrabantur
2528 1028 2727 1076 autem
2758 1021 3140 1077 Hebraeorum
3171 1021 3573 1091 primogenita

1917 1108 2055 1169 Deo,
2120 1107 2263 1179 quia
2300 1108 2441 1164 olim
2503 1111 2896 1182 primogenita
2950 1114 3341 1182 AEgyptorum
3396 1108 3571 1165 morti

1916 1196 2156 1252 tradidit
2185 1213 2295 1268 pro
2316 1198 2583 1255 libertate
2614 1200 3009 1257 Hebraeorum
3037 1202 3105 1251 η.

1985 1286 2097 1341 Sed
2130 1287 2252 1343 haec
2282 1288 2529 1359 quidem
2557 1290 2955 1361 primogenita
2967 1290 3085 1360 jam
3121 1295 3389 1361 apertam
3425 1289 3573 1344 ada-

1913 1377 2150 1447 periunt
2192 1377 2428 1433 vulvam
2462 1397 2477 1433 :
2509 1380 2773 1451 aperitur
2802 1380 2960 1434 enim
2996 1379 3054 1433 in
3084 1379 3190 1433 viri
3221 1394 3571 1447 congressu,

1913 1466 2161 1537 quando
2193 1483 2397 1521 semen
2420 1468 2696 1524 infundit.
2724 1468 2894 1525 Solus
2926 1468 3403 1538 autemiChristus
3430 1483 3575 1521 non-

1914 1554 2051 1609 dum
2069 1562 2360 1626 apertam,
2378 1557 2905 1630 supernaturaliter
2921 1557 3173 1629 aperuit,
3209 1561 3265 1612 et
3284 1556 3572 1622 clausam,

1914 1644 2261 1699 naturaliter
2290 1646 2547 1701 servavit
2580 1646 2755 1717 :quia
2780 1648 2957 1701 etiam
2990 1647 3151 1700 solus
3196 1646 3289 1700 hic
3336 1644 3575 1716 proprie

1915 1738 2157 1788 sanctus
2186 1735 2559 1799 estDomino,
2594 1740 2649 1789 et
2671 1735 3003 1790 secundum
3028 1734 3410 1798 divinitatem,
3432 1734 3576 1806 quia.

204 1828 273 1886 ὡς
302 1829 421 1888 Υἱός
450 1828 629 1891 αὐτοῦ,
661 1832 797 1880 κατὰ
819 1827 877 1881 δὲ
901 1833 994 1886 τὴν
1023 1828 1417 1897 ἄνθρωπός-ητα,
1453 1828 1519 1886 ὡς
1552 1826 1806 1895 ἡνωμένος

1925 1822 2097 1877 Filius
2163 1824 2338 1893 ejus:
2396 1831 2452 1878 et
2502 1825 2833 1879 secundum
2888 1825 3319 1879 humanitatem
3376 1829 3574 1893 utpote

205 1923 274 1984 τῷ
301 1917 407 1986 Υὲῷ
455 1917 635 1970 αὑτοῦ.
677 1916 856 1983 Ὠστε,
916 1918 957 1970 εἰ
981 1922 1070 1969 καὶ
1118 1914 1211 1968 διὰ
1240 1921 1327 1974 τὴν
1362 1916 1612 1990 ῥηθεῖσαν
1644 1913 1807 1963 αἰτίαν

205 2011 319 2080 περὶ
375 2008 583 2058 πάντων
630 2016 728 2059 τῶν
767 2014 1107 2082 πρωτοτόκων
1152 2006 1497 2077 ἐνομοθετήθη
1549 2006 1603 2055 τό
1644 2006 1808 2077 παρόν

209 2095 380 2168 ῥητόν,
414 2093 542 2148 ἀλλὰ
570 2116 629 2168 γε
662 2100 787 2171 πρός
834 2100 919 2149 τόν
948 2100 1177 2171 Χριστόν
1209 2101 1363 2168 μόνον
1390 2095 1555 2168 ὀρθῶς
1598 2091 1807 2145 ἀπέϐλε-

214 2203 316 2236 παν.

282 2272 657 2347 [Ἀμφιλοχίον
681 2276 795 2348 (54)
829 2277 1044 2329 Ἰκονίου
1071 2296 1082 2307 ·
1116 2279 1247 2350 Πρός
1282 2278 1372 2348 μὲν
1402 2279 1497 2332 τὴν
1526 2276 1807 2348 παρενικὴν

211 2366 358 2433 φύσιν
421 2362 539 2417 οὐδ’
588 2365 714 2427 ὅλως
763 2368 817 2418 αἱ
886 2369 1191 2440 παρθενικαὶ
1242 2365 1404 2417 πύλαι
1461 2363 1806 2434 ἀνεῴχθησαν

207 2452 459 2526 βουλήσει
487 2462 577 2507 τοῦ
628 2454 815 2529 ἀρτίως
843 2459 1260 2531 κυοφορεθέντος,
1323 2458 1458 2507 λατὰ
1504 2458 1561 2506 τό
1608 2455 1806 2526 φάσκον

205 2548 318 2616 περὶ
344 2543 507 2597 αὐτοῦ
529 2545 687 2619 ῥητόν
717 2563 728 2575 ·
768 2547 905 2605 Αὕτη
939 2549 968 2605 ἡ
1002 2546 1137 2605 πύλη
1165 2554 1255 2598 τού
1296 2550 1520 2618 Κμρίου,
1553 2548 1641 2594 καὶ
1672 2545 1805 2595 εἰσε-

202 2628 460 2697 λεύσεται,
494 2636 584 2682 καὶ
615 2631 951 2694 ἐξελεύσεται,
1012 2636 1101 2684 καὶ
1150 2634 1299 2684 ἔσται
1333 2633 1362 2688 ἠ
1404 2630 1539 2687 πύλη
1582 2628 1807 2681 κεκλεισ-

203 2721 326 2789 μένη
362 2736 377 2747 ⁵
416 2719 532 2789 (55)
576 2723 645 2782 ὡς
694 2718 753 2773 δὲ
799 2725 925 2795 πρὸς
974 2726 1067 2779 τὴν
1126 2718 1349 2792 δύναμιν
1409 2726 1501 2772 τοῦ
1531 2721 1805 2790 τεχθέντος

203 2812 488 2874 Δεσπότου,
541 2805 692 2862 οὐδὲν
749 2810 1043 2863 κέκλεισται
1099 2819 1171 2881 τῷ
1207 2810 1413 2883 Κυρίῳ,
1456 2807 1585 2860 ἀλλὰ
1635 2810 1806 2860 πάντα

204 2896 475 2967 ἀνέῳκται.
503 2897 521 2967 ]

276 2990 377 3038 Καὶ
407 2992 502 3037 τοῦ
548 2981 733 3039 δοῦναι
770 3018 840 3029 —
876 2997 1215 3062 περιστερῶν.
1258 3020 1325 3029 -
1355 2989 1647 3060 ⁹Ανηγαγον
1708 2986 1808 3039 αύ-

204 3077 287 3126 τόν
312 3074 429 3147 (56)
471 3080 624 3147 φησὶ,
647 3076 774 3152 ύπερ
805 3084 897 3131 τοῦ
927 3087 1272 3153 παραστῆσαι
1298 3086 1370 3149 τῷ
1407 3080 1607 3151 Κυρίῳ,
1634 3078 1808 3137 καθὼς

1918 1912 2119 1966 unitus
2155 1912 2294 1967 Filio
2312 1913 2464 1982 ejus.
2496 1914 2699 1984 Itaque
2737 1913 2868 1968 licet
2898 1922 3136 1983 propter
3185 1913 3405 1967 dictum
3438 1928 3574 1966 cau-

1918 2015 2048 2055 sam
2105 2000 2179 2055 de
2204 2002 2489 2056 omnibus
2548 2001 2959 2073 primogenitis
3001 2017 3259 2073 praesens
3322 2001 3572 2056 verbum

1918 2094 2207 2147 statutum
2242 2096 2347 2158 est,
2389 2091 2587 2147 solum
2635 2096 2838 2147 tamen
2864 2092 3163 2148 Christum
3204 2092 3423 2147 directe
3454 2107 3573 2146 res-

1917 2179 2076 2251 picit.

1987 2271 2074 2340 -Η-
2102 2270 2497 2342 Amphilochii
2532 2272 2868 2329 Iconensis:
2909 2271 3079 2337 Quod
3134 2272 3336 2326 attinet
3395 2274 3576 2326 natu-

1914 2374 2047 2415 ram
2077 2360 2349 2430 Virginis,
2382 2366 2569 2433 portas
2599 2362 2880 2430 virgineae
2912 2376 3155 2433 prorsus
3195 2376 3316 2416 non
3351 2364 3573 2432 apertas

1915 2454 2075 2512 sunt,
2136 2448 2443 2505 voluntate
2501 2450 2651 2521 ejus,
2685 2451 2787 2521 qui
2819 2451 2877 2505 in
2922 2457 3089 2505 utero
3128 2449 3463 2520 gerebatur,
3488 2464 3574 2503 se-

1914 2537 2185 2594 cundum
2213 2538 2440 2595 dictum
2470 2539 2545 2596 de
2574 2555 2682 2596 eo:
2717 2541 2860 2596 Haec
2889 2546 2971 2596 est
3009 2545 3187 2608 porta
3232 2539 3483 2602 Domini,
3518 2544 3575 2594 et

1914 2627 2191 2697 intrabit,
2212 2635 2265 2684 et
2288 2628 2492 2692 exibit,
2508 2635 2560 2686 et
2583 2634 2695 2685 erit
2722 2638 2897 2697 porta
2914 2632 3119 2685 clausa
3140 2631 3186 2665 ¹⁹
3213 2648 3225 2696 ;
3259 2628 3418 2699 quod
3436 2644 3574 2683 vero

1918 2717 2124 2774 attinet
2158 2719 2483 2788 potentiam
2514 2719 2638 2774 nati
2687 2720 2942 2784 Domini,
2986 2719 3130 2775 nihil
3183 2718 3453 2774 clausum
3486 2723 3577 2774 est

1918 2806 2193 2875 Domino,
2236 2807 2341 2862 sed
2357 2808 2554 2863 omnia
2578 2814 2785 2880 aperta
2813 2812 2974 2863 sunt.

1988 2985 2153 3041 Vers.
2168 2988 2256 3041 24.
2284 2987 2360 3041 Et
2377 2989 2443 3040 ut
2454 2987 2669 3043 darent
2684 3017 2751 3028 —
2763 3002 2826 3041 co
2835 2988 3189 3042 lumborum.
3216 3018 3284 3025 —
3296 2987 3576 3043 Adduxe-

1915 3080 2063 3130 runt
2082 3090 2236 3139 eum,
2268 3074 2479 3147 inquit,
2512 3082 2575 3130 ut
2597 3076 2862 3132 sisterent
2888 3076 3143 3141 Domino,
3167 3075 3324 3130 sicut
3346 3075 3575 3130 dictum

206 3166 429 3238 εἰρηται,
463 3170 553 3218 καὶ
602 3167 728 3240 ύπὶρ
783 3174 876 3220 τοῦ
908 3163 1091 3221 δοῦναι
1148 3170 1334 3221 θυσίαν
1388 3169 1515 3242 ὑπὲρ
1556 3167 1716 3219 αὐτοῦ
1742 3170 1806 3219 τὰ

1925 3168 2025 3228 est,
2059 3168 2115 3219 et
2140 3168 2202 3220 ut
2230 3163 2443 3220 darent
2470 3164 2728 3221 hostiam
2762 3180 2869 3237 pro
2912 3181 3002 3229 eo,
3034 3162 3134 3219 illa
3174 3164 3410 3226 scilicet.
3440 3179 3575 3236 quae

199 3251 444 3328 ῥηθέντα.
476 3254 759 3309 Ἐπέταττε
786 3259 885 3329 γὰρ
926 3259 952 3309 ό
982 3277 1137 3330 νομός
1192 3254 1403 3311 διδόναι
1458 3257 1636 3329 ζεῦγος
1682 3276 1806 3331 τρυ-

201 3344 361 3412 γόνων
393 3339 516 3414 ύᾶερ
574 3346 915 3416 σωφροσύνης
962 3352 1053 3397 τοῦ
1118 3341 1308 3406 παιδός
1335 3359 1349 3375 '
1385 3349 1805 3417 σωφρονέστατον

202 3432 301 3503 «γὰρ
324 3432 355 3488 ἡ
390 3436 592 3504 τρυγὼν
627 3448 639 3461 ·
668 3433 699 3491 ἣ
726 3428 823 3485 δύο
851 3438 1096 3495 νεοσσούς
1125 3444 1442 3508 περιστερῶν
1481 3437 1607 3507 ὑπὲρ
1638 3453 1806 3486 τεκνο-

200 3524 379 3591 γονίας
408 3518 570 3572 αύτοῦ
596 3536 609 3551 ⁸
642 3527 995 3594 γονιμώτατον
1033 3525 1135 3596 γὰρ
1167 3525 1197 3581 ἡ
1230 3525 1531 3597 περιστερά.
1560 3524 1718 3575 Διττὰ
1748 3519 1807 3575 δὲ

201 3615 290 3661 καὶ
317 3618 507 3674 ταῦτα,
540 3608 773 3680 κάκεῖνα,
804 3613 887 3664 ἱνα
910 3616 967 3665 τό
993 3616 1082 3685 μὲν
1127 3616 1205 3670 ε’ίη
1238 3613 1310 3675 εἰς
1353 3612 1627 3684 ἐξίλασμα,
1658 3616 1717 3664 τό
1746 3608 1806 3663 δὲ

202 3698 274 3759 εἰς
299 3700 667 3773 όλοκαρπωμα.
700 3700 899 3771 Ὠσπερ
933 3698 992 3755 δὲ
1038 3704 1066 3761 ἡ
1110 3707 1285 3777 μήτηρ
1314 3710 1409 3755 τοῦ
1440 3702 1675 3775 Χριστού
1712 3702 1806 3754 οὐκ

202 3791 438 3843 ὑπέκειτο
472 3798 543 3860 τῷ
568 3788 911 3865 προρῥηθίντι
967 3796 1125 3863 νόμῳ,
1188 3793 1353 3854 οὕτως
1390 3788 1515 3845 ούὸε
1544 3792 1696 3853 αύτός
1734 3800 1806 3863 τῷ

202 3883 441 3950 παρόντι.

598 4101 749 4156 ΚΕΦ.
785 4101 859 4154 Γ’.
886 4107 1009 4176 Περὶ
1048 4110 1138 4156 τοῦ
1188 4109 1411 4176 Συμεών.

277 4210 379 4275 Κᾳὶ
425 4205 543 4262 ἰδού
604 4241 667 4250 -
708 4210 940 4284 Ἰσραήλ.
1002 4211 1337 4281 Ἀνακλησιν,
1396 4211 1654 4285 λύτρωσιν
1712 4221 1805 4264 τοῦ

203 4299 593 4372 Ἰσραηλιτικοῡ
629 4298 755 4352 λαοῦ
800 4299 901 4352 ἀπὸ
944 4307 1033 4361 τῆς
1082 4297 1338 4362 δουλείας.
1385 4297 1694 4374 Προσεδόκα
1750 4299 1809 4355 δὲ

203 4391 393 4446 ταύτην
421 4388 474 4451 ἐξ
503 4387 841 4459 ἀναγνώσεως
869 4398 968 4441 τῶν
1000 4398 1329 4464 προφητικῶν
1361 4390 1576 4462 βίϐλων,
1627 4390 1682 4443 αἳ
1713 4412 1809 4444 κα-

205 4478 480 4550 τήγγελλον
528 4482 615 4530 τόν
646 4482 895 4553 Χριστόν⁹
940 4480 995 4541 ὃς
1044 4478 1185 4531 ἐστιν
1235 4478 1521 4543 ἀνάκλησις
1571 4488 1663 4532 τοῦ
1690 4485 1803 4533 νέου

205 4567 592 4643 Ἰσραηλιτικοῦ
629 4568 775 4635 λαοῦ,
807 4568 1212 4642 ἀνακαλούμενος
1244 4570 1399 4622 αὑτὸν
1430 4569 1530 4623 ἀπὸ
1569 4580 1657 4632 τῆς
1684 4568 1806 4624 δου-

206 4656 343 4720 λείας
360 4667 451 4719 τῆς
471 4658 683 4721 πλάνης.

276 4749 379 4801 Καὶ
404 4756 606 4821 πνεῦμα
638 4780 701 4789 -
723 4748 899 4801 αὐτόν·
924 4756 1133 4823 Πνεῦμα
1163 4751 1313 4821 οἷγιον
1340 4769 1671 4825 προφητείας.
1694 4752 1805 4805 Οὐκ

1534 4838 1563 4898 ἧ
1614 4844 1715 4914 γὰρ
1744 4842 1803 4894 ἆν

208 4922 436 4984 ἐδήλωσε
464 4932 554 4980 καὶ
591 4934 744 4981 τοῦτο
774 4930 974 4991 πάντως
1004 4930 1030 4981 ὀ
1060 4928 1451 5001 εύαγγελιστὴς,
1502 4933 1569 4991 ὡς
1600 4930 1806 5005 ἀξίωμα

208 5023 295 5069 τού
326 5014 536 5092 ἀνδρὸς.

207 4834 266 4895 ἧν
297 4835 356 4891 di
388 4840 595 4912 ἱερεύςό
625 4843 841 4914 Σῦρεὼν,
884 4842 954 4902 ὡς
998 4838 1110 4912 ἐμοὶ
1135 4844 1261 4901 τέως
1293 4836 1438 4892 δοκεῖ
1471 4855 1484 4868 '

278 5287 318 5321 ¹⁷
354 5286 539 5345 Exod.
572 5300 689 5351 ml,
721 5288 773 5343 2.
853 5286 901 5324 ³³
929 5285 1073 5344 ibid.
1109 5291 1193 5345 t5.

1272 5290 1317 5325 ιθ
1353 5290 1553 5347 Ezech.
1584 5305 1742 5358 mv,
1773 5293 1833 5347 2.

1916 3252 2076 3309 dicta
2105 3258 2260 3309 sunt.
2282 3254 2466 3308 Jussit
2490 3254 2648 3309 enim
2669 3255 2781 3320 lex,
2800 3254 3090 3310 utdarent
3111 3270 3222 3326 par
3252 3259 3574 3321 turturum,

1916 3348 2159 3413 propter
2182 3342 2349 3413 pueri
2383 3343 2859 3414 temperantiam,
2902 3349 2989 3399 est
3014 3344 3177 3399 enim
3229 3348 3422 3398 turtur
3450 3344 3574 3399 ani-

1916 3430 2039 3486 mal
2069 3432 2476 3487 castissimum
2512 3438 2653 3499 ;aut
2682 3432 2835 3488 duos
2888 3432 3084 3504 pullos
3129 3432 3572 3497 columbarum,

1915 3526 2158 3592 propter
2187 3522 2317 3592 ejus
2370 3520 2795 3578 fecunditatem
2826 3538 2838 3576 :
2870 3520 3151 3577 columba
3207 3536 3469 3591 namque
3495 3520 3576 3576 fe-

1916 3609 2288 3665 cundissima
2315 3616 2421 3667 est.
2452 3614 2630 3667 Erant
2658 3618 2856 3667 autem
2886 3617 2940 3665 et
2965 3611 3110 3673 haec,
3138 3616 3194 3665 et
3245 3610 3343 3665 illa
3383 3610 3577 3682 dupli-

1916 3697 2028 3753 cia.
2056 3700 2249 3755 Unum
2272 3699 2432 3755 enim
2457 3699 2820 3755 oﬂerebatur
2860 3700 2917 3754 in
2971 3698 3395 3770 placationem,
3437 3699 3577 3755 alte-

1915 3802 2051 3843 rum
2082 3789 2142 3844 in
2194 3788 2581 3844 oblationem.
2640 3791 2863 3851 Verum,
2913 3788 3068 3843 sicut
3124 3787 3337 3844 Christi
3390 3795 3577 3844 mater

1915 3875 2217 3949 praedictae
2244 3876 2359 3946 legi
2389 3876 2659 3947 subjecta
2689 3892 2814 3933 non
2836 3882 2983 3942 erat,
3011 3878 3093 3931 sic
3139 3892 3250 3933 nec
3277 3876 3401 3948 ipse
3432 3890 3580 3948 pras-

1918 3966 2091 4022 senti.

2395 4108 2548 4163 CAP.
2584 4108 2671 4162 lll.
2708 4107 2785 4162 De
2810 4108 3092 4163 Simeone.

1988 4214 2271 4272 Vers.25.
2323 4216 2398 4271 Et
2438 4230 2561 4271 ecce
2590 4246 2660 4255 —
2720 4215 2928 4271 Israel.
2972 4214 3035 4269 ld
3089 4220 3195 4285 est,
3255 4214 3579 4270 revocatio-

1916 4320 2078 4371 nem,
2109 4305 2583 4377 redemptionem
2634 4304 2933 4360 Israelitici
2985 4304 3185 4376 populi
3215 4320 3251 4358 a
3276 4304 3573 4359 servitute.

1917 4394 2314 4466 Exspectabat
2365 4400 2562 4449 autem
2618 4394 2773 4450 hanc
2838 4409 2911 4448 ex
2989 4393 3153 4447 libris
3216 4391 3575 4464 propheticis

1918 4483 2208 4539 Christum
2235 4482 2756 4547 annuntiantibus,
2799 4483 2903 4554 qui
2933 4483 3073 4537 novi
3125 4480 3428 4537 lsraelitici
3462 4497 3573 4553 po-

1920 4572 2039 4644 puli
2072 4574 2370 4629 revocatio
2392 4578 2499 4637 est,
2528 4587 2815 4628 revocans
2858 4588 2997 4627 eum
3015 4572 3093 4627 ab
3124 4572 3339 4627 erroris
3397 4572 3577 4627 servi-

1915 4667 2055 4718 tute.

1987 4754 2145 4808 Vers.
2177 4752 2267 4807 25.
2299 4752 2381 4808 Et
2429 4752 2671 4821 spiritus
2718 4782 2788 4792 —
2832 4766 2983 4808 eum.
3045 4750 3301 4823 Spiritus
3329 4755 3575 4807 sanctus

1913 4842 2258 4913 prophetiae.
2320 4846 2445 4898 Non
2516 4848 2641 4898 erat
2698 4847 2898 4898 autem
2954 4842 3255 4908 sacerdos,
3313 4847 3376 4897 ut
3437 4842 3578 4896 mihi

1914 4931 2151 4987 interim
2171 4932 2401 4987 videtur
2433 4949 2444 4987 :
2480 4931 2628 4988 alias
2653 4932 2815 4987 enim
2845 4936 2902 4987 et
2930 4931 3045 4987 hoc
3076 4930 3321 4986 omnino
3374 4931 3573 4984 mani-

1912 5020 2189 5077 festasset
2204 5020 2586 5093 evangelista,
2616 5026 2907 5094 tanquam
2941 5036 3216 5090 magnam
3249 5019 3360 5073 viri
3385 5018 3578 5089 digni-

1911 5112 2117 5168 tatem.

1434 5432 1658 5500 Variae
1686 5433 2015 5503 lectiones
2047 5444 2113 5502 et
2143 5445 2346 5501 notae.

278 5572 387 5644 (54)
410 5574 547 5644 Haec
576 5572 637 5628 in
663 5574 930 5644 margine
955 5590 992 5629 a
1019 5590 1207 5632 manu
1247 5575 1801 5633 recentiori.A.Vide

211 5642 675 5771 Amphilochdp.
728 5642 824 5702 26:
864 5648 934 5701 υ.

277 5715 411 5771 ((55)
447 5722 577 5771 Anu
648 5715 1397 5771 Amohiloch.additur:'nc
1416 5721 1547 5771 πρὸς
1564 5723 1616 5771 τῆ

277 5715 411 5786 ((55)
447 5715 621 5788 Apud
648 5715 1006 5789 Amphiloch
1019 5760 1031 5789 .
1044 5716 1397 5779 additurﬂn;
1416 5721 1547 5793 πρὸς
1564 5723 1656 5778 τὴν
1669 5739 1801 5794 παρ-

1914 5579 2115 5635 θενικὴν
2204 5581 2374 5629 τοίνυν
2457 5578 2610 5647 φύσιν
2699 5572 2811 5627 οὐδ’
2901 5574 3025 5635 όλως
3108 5576 3453 5646 ἠνεῴχθησαν
3522 5577 3575 5626 αἱ

1910 5650 2219 5703 παρθενικαὶ
2244 5647 2405 5700 πύλαι
2418 5690 2430 5703 ,

1983 5701 2096 5791 '(36)
2123 5720 2289 5774 Αὐτόν
2316 5701 2511 5775 abest.
2541 5724 2607 5773 A.
