4074 6392
484 334 583 389 891
1836 326 2185 386 EUTHYMII
2232 328 2571 388 ZIGABENI
3760 336 3875 393 892

562 461 718 514 Vers.
753 459 839 514 26.
872 461 950 516 Et
972 475 1311 529 responsum
1332 464 1633 532 acceperat
1660 491 1726 501 ——
1754 457 2010 514 Domini.
2049 455 2141 508 Le-

2336 456 2433 509 Καὶ
2484 454 2544 514 ἧν
2588 458 2726 528 αὐτῷ
2779 462 3270 531 κεχρηματισμένον
3331 491 3398 500 -
3446 460 3663 533 Κυρίου.
3709 462 3870 515 Ἀνα-

489 565 635 616 gens
666 550 821 603 enim
855 550 1121 621 quodam
1190 556 1451 619 tempore
1506 550 1868 621 prophetias,
1905 564 2038 619 quae
2076 544 2141 598 de

2275 554 2526 611 μνωσκων
2557 551 2657 619 γὰρ
2690 556 2813 600 ποτε
2838 552 2931 609 τὰς
2970 554 3086 623 περὶ
3119 558 3353 620 Χριστοῦ
3404 556 3740 623 προφητείας,
3776 557 3871 603 καὶ

493 636 720 692 Christo
738 644 924 702 erant,
951 656 1085 693 cum
1109 640 1451 703 invenisset,
1477 640 1634 711 quod
1658 642 1808 692 Deus
1836 636 2151 690 incarnan-

491 726 783 789 dusesset,
804 727 881 782 ad
896 744 1073 798 super
1093 727 1360 783 naturale
1378 728 1741 799 mysterium,
1758 732 2029 797 tanquam
2044 724 2149 778 ho—

494 831 613 884 mo,
638 816 960 872 anhelabat
991 833 1002 870 :
1029 817 1165 872 ideo
1188 819 1364 871 etiam
1393 817 1726 883 oraculum,
1759 816 1878 869 sive
1909 828 2151 884 respon-

492 921 647 970 sum,
672 906 918 975 accepit,
953 922 1145 960 senon
1176 906 1549 970 moriturum,
1580 906 1771 960 donec
1798 904 1927 975 ipse
1959 902 2151 957 Chris-

2261 635 2417 705 ευρών
2445 637 2524 686 ὁτι
2555 642 2684 697 Θεὸς
2725 638 2790 688 ὡν
2822 636 3115 709 ἐνανθρωπῆ
3129 659 3217 689 σαι
3242 639 3430 710 μέλλει,
3468 643 3595 712 πρὸς
3621 644 3679 692 τὸ
3710 642 3871 713 ὑπερ-

2262 726 2377 793 φυὲς
2401 732 2488 774 τοῦ
2527 731 2846 797 μυστηρίου,
2881 729 2949 787 ὡς
2980 729 3267 801 ἄνθρωπος,
3304 728 3564 799 ἰλιγγίασε
3606 749 3617 761 ·
3656 726 3741 781 διὸ
3773 734 3869 781 καὶ

2260 810 2615 885 χρησμῳδίαν
2647 815 2819 868 aut?“
2855 855 2872 884 ,
2909 820 3071 869 εῖτουν
3099 815 3358 885 ἀπόφασιν
3382 822 3448 879 ὡς
3466 820 3559 870 οὐκ
3592 818 3869 871 ἀποθανεί-

2262 921 2347 952 ται
2379 905 2567 975 μέχρις
2594 903 2652 953 ἂν
2684 901 2771 977 ἰὸη
2803 904 2958 957 αὐτὸν
2985 910 3070 957 τὸν
3124 911 3355 980 Χριστὸν
3409 915 3515 969 τοῖς
3558 913 3669 978 (57)
3698 908 3867 961 αὐτοῦ

492 998 618 1048 tum
641 995 827 1049 oculis
880 995 1104 1050 videret
1132 997 1452 1067 corporeis.
1486 996 1794 1055 Christum
1824 1000 2020 1049 autem
2044 992 2147 1045 D0-

490 1084 655 1149 mini,
690 1082 855 1147 dixit,
889 1090 1129 1155 propter
1159 1086 1286 1155 ejus
1310 1088 1387 1139 ad
1422 1088 1652 1140 Patrem
1681 1082 2145 1138 similitudinem.

490 1173 807 1227 Dominum
831 1173 988 1227 enim
1021 1174 1288 1244 intelligit
1314 1190 1471 1229 nunc
1506 1177 1753 1229 Patrem.

559 1264 644 1331 -Η-
670 1262 956 1332 Equidem
988 1264 1214 1319 invenit
1243 1264 1419 1320 etiam
1462 1264 1521 1319 in
1553 1263 1864 1319 codicibus
1894 1260 2148 1317 nonnul-

488 1350 558 1405 lis
608 1353 675 1406 de
720 1353 1018 1422 hocjusto
1067 1354 1214 1417 viro,
1261 1353 1426 1423 quod
1453 1352 1626 1408 fuerit
1675 1369 1746 1407 ex
1776 1351 2147 1423 septuaginta

487 1440 909 1511 interpretibus
942 1440 1261 1509 Hebraicis,
1286 1447 1551 1512 tempore
1612 1441 1905 1496 Ptolemaei
1952 1440 2143 1494 Phila-

488 1528 709 1600 delphi.
756 1530 1209 1600 Interpretantes
1235 1531 1395 1585 enim
1426 1531 1769 1585 vaticinium
1798 1532 1967 1585 Isaia:
1997 1546 2140 1600 pro-

490 1619 682 1689 pheta:
717 1635 729 1671 :
765 1620 923 1684 Ecce,
980 1620 1142 1689 virgo
1172 1620 1234 1675 in
1260 1625 1423 1675 utero
1456 1620 1684 1676 habebit
1719 1622 1762 1654 ¹⁹
1790 1639 1801 1686 ;
1836 1620 1951 1675 hoc
1982 1619 2143 1674 solus

490 1708 727 1763 Simeon
804 1724 923 1762 non
982 1709 1229 1764 credidit
1309 1710 1632 1781 prophetae,
1694 1709 1886 1790 donec
1937 1710 1989 1764 ei
2064 1708 2141 1764 ab

487 1797 687 1852 divino
707 1797 919 1866 angelo
933 1814 1288 1869 responsum
1314 1804 1485 1864 esset,
1510 1800 1709 1870 ipsum
1737 1808 1857 1853 non
1872 1799 2140 1853 visurum

2275 1804 2457 1870 ἰυμεὼν
2507 1802 2721 1857 ἠπίστει
2766 1809 2837 1870 τῷ
2892 1808 3153 1874 ωροφὴτη,
3217 1803 3269 1853 ὃν
3308 1808 3399 1862 τὴν
3437 1804 3553 1872 (61)

485 1891 760 1951 mortem,
794 1886 985 1941 donec
1016 1886 1310 1942 Christum
1341 1887 1575 1943 Domini
1618 1888 1678 1943 in
1723 1903 1943 1943 manus
1978 1902 2143 1943 acce-

485 1975 652 2046 perit.

556 2170 719 2224 Vers.
752 2172 839 2225 27.
868 2172 945 2226 Et
985 2172 1141 2228 venit
1194 2203 1260 2213 —
1292 2174 1583 2241 templum.
1619 2175 1806 2228 Motus
1838 2188 1873 2229 a
1924 2173 2141 2243 Spiritu

486 2264 711 2315 sancto.

556 2351 712 2404 Vers.
747 2349 835 2403 27.
872 2351 948 2405 Et
979 2366 1111 2407 cum
1144 2381 1212 2391 —
1240 2366 1398 2407 suas.
1434 2352 1641 2407 Statim
1672 2352 1832 2407 enim
1859 2352 2141 2421 cognovit

483 2454 622 2495 eum
658 2439 1183 2510 perspicacissimis
1213 2441 1424 2497 oculis.

558 2531 717 2584 Vers.
752 2528 838 2582 28.
900 2531 963 2583 Et
1015 2530 1307 2587 benedixit
1364 2533 1569 2587 Deum.
1622 2532 1732 2596 Qui
1794 2532 2141 2588 incarnatus

483 2622 629 2673 erat.

556 2708 718 2761 Vers.
740 2709 826 2760 28.
850 2710 926 2761 Et
956 2709 1041 2764 ait
1066 2742 1134 2747 —
1162 2708 1323 2765 Vers.
1354 2709 1444 2767 29.
1481 2710 1725 2766 Verbum
1753 2717 1939 2766 ίαῑινη·
1969 2714 2137 2767 ΝυΠο

483 2797 731 2852 omnino
771 2812 866 2851 me
913 2798 1177 2853 absolvis
1209 2814 1245 2854 a
1274 2799 1412 2863 vita,
1448 2800 1964 2870 quemadmodum
1992 2800 2135 2856 olim

483 2884 721 2939 dixeras
755 2885 899 2940 mihi
930 2887 1249 2957 requirenti
1276 2887 1351 2941 de
1391 2893 1491 2941 tua
1523 2888 1953 2943 incarnatione.

554 2974 718 3029 Vers.
753 2979 838 3029 29.
866 2976 935 3029 In
964 2990 1131 3043 pace.
1176 2978 1240 3030 In
1289 2992 1437 3048 pace
1481 2977 1935 3045 cogitationum.
1970 2982 2137 3034 Nunc

483 3062 663 3127 enim,
696 3078 833 3135 quae
866 3080 961 3119 me
1004 3064 1347 3129 turbabant,
1378 3066 1452 3121 de
1482 3066 1687 3121 divina
1725 3067 2135 3123 incarnatione

481 3152 866 3221 cogitationes
896 3154 1224 3224 paciﬁcatus
1256 3160 1411 3210 sunt.

550 3243 673 3311 Vel,
708 3243 767 3298 in
800 3259 945 3314 pace
977 3242 1398 3314 intrepiditatis
1429 3246 1608 3316 ;quia
1634 3245 1937 3318 deinceps,
1981 3262 2137 3302 mor-

482 3338 601 3388 tem
642 3349 763 3389 non
817 3338 1103 3399 metuam,
1159 3338 1398 3405 propter
1449 3334 1813 3404 profundam
1869 3342 2137 3392 senectu-

480 3428 623 3478 tem.

554 3512 671 3582 Vel,
706 3512 768 3566 In
792 3527 939 3583 pace
958 3511 1165 3579 gaudii
1191 3530 1207 3582 ;
1230 3512 1373 3583 quia
1388 3512 1670 3584 deinceps
1690 3530 1803 3570 non
1828 3516 2137 3572 contrista-

480 3603 592 3657 bor
617 3607 859 3674 propter
882 3602 1213 3658 libertatem
1246 3603 1473 3659 lsraelis
1506 3622 1519 3671 ;
1544 3605 1672 3675 jam
1716 3606 1875 3662 enim
1902 3607 2026 3662 vidi
2051 3608 2136 3662 Li-

480 3692 839 3746 beratorem.

554 3780 721 3835 Vers.
760 3784 847 3835 30.
884 3780 1033 3847 Quia
1059 3781 1330 3837 viderunt
1354 3814 1419 3823 —
1449 3785 1716 3839 salutare
1738 3791 1920 3841 tuum.
1969 3790 2135 3841 Nunc

480 3869 716 3925 dimittis
747 3886 863 3936 me,
893 3871 1101 3942 inquit,
1132 3872 1273 3942 quia
1314 3872 1433 3928 vidi
1458 3873 1933 3929 incarnationem
1968 3880 2132 3932 tuam

479 3959 635 4013 hanc
665 3960 823 4014 enim
855 3964 1029 4015 vocat
1078 3961 1377 4032 Salutare,
1426 3966 1629 4035 utpote
1661 3980 1768 4036 pro
1815 3965 2133 4021 hominum

482 4049 669 4105 salute
701 4049 942 4105 factam.

552 4138 717 4194 Vers.
751 4140 838 4195 31.
898 4140 1471 4210 Quod—populum.
1508 4144 1680 4209 Quod
1713 4144 1971 4201 salutare
2017 4148 2135 4203 dis-

479 4228 727 4301 posuisti
768 4245 966 4285 coram
996 4229 1299 4295 omnibus,
1336 4237 1398 4286 ut
1428 4232 1711 4287 omnibus
1744 4236 2131 4292 manifestum

479 4323 654 4383 esset,
679 4334 800 4373 non
820 4317 1040 4373 Judaeis
1064 4324 1312 4385 tantum,
1334 4336 1543 4376 verum
1572 4322 1750 4377 etiam
1782 4322 1913 4378 aliis
1943 4326 2132 4395 genti-

478 4408 612 4463 bus.

550 4498 711 4551 Vers.
743 4499 828 4550 32.
856 4498 1077 4552 Lumen
1101 4528 1169 4535 —
1202 4498 1413 4553 Israel.
1456 4500 1498 4570 ᾧ
1529 4501 1571 4557 Ο
1612 4502 1716 4573 qui
1752 4518 1886 4557 vere
1929 4502 2133 4559 lumen
2168 4506 2214 4563 D

480 4590 535 4642 et
566 4601 646 4649 es,
677 4591 732 4640 et
761 4585 995 4650 diceris,
1029 4586 1101 4640 ad
1127 4585 1547 4644 revelationem
1591 4592 1870 4659 gentium,
1916 4594 1992 4648 ad
2025 4611 2133 4648 ma-

478 4673 921 4729 nifestationem
940 4673 1282 4739 affectuum,
1308 4676 1385 4731 ad
1414 4676 1878 4749 increpationem
1907 4682 2137 4737 daemo-

479 4780 623 4819 num
651 4780 661 4816 :
700 4767 756 4817 et
776 4763 1025 4834 gloriam
1048 4766 1255 4836 populi
1281 4767 1367 4822 tui
1398 4767 1649 4833 lsraelis,
1674 4770 1813 4824 novi
1835 4771 2131 4827 videlicet:

552 4892 596 4925 ¹⁹
630 4891 743 4947 Isa.
778 4906 875 4959 vn,
910 4890 994 4945 14,

2261 991 2559 1063 ὀφθαλμοῖς.
2593 997 2689 1046 Τὸν
2730 1000 2955 1066 Χριστὸν
2985 992 3043 1048 δὲ
3074 996 3283 1068 Κνρίου.
3324 994 3431 1049 εἶπε
3463 994 3557 1049 δ’ιὰ
3606 1003 3698 1057 τὴν
3731 1003 3867 1072 πρὸς

2258 1085 2342 1132 τὸν
2374 1087 2580 1155 Πατέρα
2627 1083 2907 1140 οἰκείωσιν.
2959 1086 3149 1157 Κύριον
3194 1089 3295 1159 γὰρ
3350 1087 3462 1158 (58)
3503 1092 3606 1140 νόει
3637 1092 3722 1141 τὸν
3752 1096 3864 1142 Πα-

2258 1174 2397 1243 τέρα.

2328 1260 2519 1335 [Εὗρον
2551 1263 2664 1334 (59)
2692 1262 2836 1335 κάγὼ
2867 1267 2916 1316 ἓν
2947 1284 3058 1317 τισι
3088 1275 3186 1317 τῶν
3221 1267 3334 1337 (60)
3376 1266 3702 1340 ἀντιγράφων
3740 1275 3863 1340 περὶ

2256 1359 2347 1401 τοῦ
2388 1348 2597 1404 δικαίου
2642 1355 2827 1405 τούτου
2884 1352 3091 1427 ἀνδρὸς,
3127 1360 3191 1416 ὡς
3244 1356 3298 1408 ἐκ
3328 1367 3426 1409 τῶν
3495 1355 3863 1428 ἑϐδομήκοντα

2255 1441 2575 1513 ἐρμηνευτών
2608 1452 2705 1493 τών
2759 1442 3005 1515 Ἐϐραίων
3055 1442 3115 1502 ἦν
3149 1444 3195 1496 ἐν
3244 1454 3356 1507 ταῖς
3396 1449 3611 1520 ἡμέραις
3664 1448 3861 1499 Πτολε-

2254 1533 2411 1599 μαίου
2452 1538 2539 1582 τοῦ
2594 1529 2933 1596 Φιλαδέλφου.
2992 1536 3459 1606 Μεθερμηνευοντες
3512 1538 3612 1609 γὰρ
3674 1534 3863 1587 ἐκεῖνοι

2255 1622 2438 1680 πάντες
2492 1626 2583 1678 τὴν
2630 1621 2920 1695 προρρησιν
2973 1623 3191 1675 Ἠσαίου
3251 1633 3342 1677 τοῦ
3392 1630 3681 1697 προφήτου,
3737 1629 3797 1676 το
3844 1646 3856 1657 ·

2254 1706 2417 1773 Ἰδοὺ,
2474 1710 2502 1767 ἡ
2565 1712 2813 1781 παρθένος
2864 1710 2911 1761 ἐν
2957 1718 3151 1785 γαστρὶ
3195 1713 3294 1775 ἕξει
3351 1732 3362 1742 ·
3410 1722 3561 1766 τοῦτο
3623 1720 3780 1785 μονος
3832 1716 3859 1765 ὁ

3693 1802 3859 1856 ἐκεῖνο

2252 1892 2642 1962 χρηματισθεὶς
2672 1892 2771 1941 ὑπὸ
2805 1893 2941 1942 θείου
2973 1891 3215 1963 ἀγγέλου,
3240 1896 3311 1964 μὴ
3344 1889 3473 1945 ἰδεῖν
3507 1894 3742 1960 θάνατον,
3768 1895 3861 1954 ἕως

2252 1977 2311 2029 διν
2337 1983 2426 2029 τυν
2461 1982 2689 2050 Χριστὸν
2746 1980 2941 2054 Κυρίου
2993 1977 3209 2043 δέξηται
3273 1980 3320 2032 ἐν
3352 1990 3466 2043 ταῖς
3493 1984 3677 2035 ἑαυτοῦ
3726 2001 3857 2057 χερ-

2255 2068 2385 2141 σίν.]

2324 2160 2425 2211 Καὶ
2493 2155 2639 2215 ἦλθεν
2701 2189 2769 2197 —
2820 2160 2971 2233 ἱερὸν.
3020 2167 3102 2230 Τῷ
3146 2162 3406 2233 [[νεύματι
3469 2168 3542 2230 τῷ
3594 2160 3724 2232 ἁγίῳ
3779 2181 3863 2213 κι-

2252 2268 2310 2305 νη
2322 2250 2439 2308 θείς.

2326 2338 2427 2391 Καὶ
2448 2337 2495 2389 ἐν
2521 2370 2585 2377 -
2614 2339 2793 2391 αὑτοῦ.
2824 2344 3009 2411 Διέγνω
3039 2342 3141 2413 γὰρ
3186 2343 3312 2392 αὐτὸ
3343 2342 3576 2414 παρευθὺ
3600 2348 3707 2401 τοῖς
3743 2337 3859 2393 6co-

2253 2435 2484 2500 ρατικοῖς
2506 2428 2806 2500 ὀφθαλμοῖς.

2324 2517 2429 2570 Καὶ
2453 2516 2632 2588 εὐλογη
2644 2538 2700 2572 σε
2725 2523 2811 2570 τὸν
2839 2524 2987 2573 Θεὸν.
3021 2523 3117 2572 Τὸν
3141 2518 3631 2593 ἐνανθρωπήσαντα.

2323 2693 2556 2749 Καὶεἷπε
2602 2728 2661 2735 -
2707 2697 2853 2771 ῥῆμα
2905 2717 3020 2752 σου.
3059 2704 3167 2750 Νῦν
3224 2696 3465 2759 ἀπολύεις
3513 2716 3575 2769 με
3602 2705 3691 2750 τοῦ
3727 2696 3853 2753 ϐίου

2249 2789 2472 2855 πάντως,
2514 2790 2706 2850 καθὼς,
2762 2790 2970 2859 εἴρηκάς
3008 2808 3118 2859 μοι,
3152 2786 3312 2839 πάλαι
3362 2784 3702 2861 διαποροῦντι
3731 2793 3856 2859 περὶ

2249 2884 2339 2927 τοῦ
2361 2884 2655 2950 μυστηρίου
2679 2886 2765 2937 τῆς
2800 2886 2893 2936 σῆς
2915 2877 3213 2950 ἐνανθρωπὴ
3226 2896 3373 2938 σεως.

2321 2966 2406 3016 ’le
2439 2971 2633 3039 εἰρήνη.
2665 2966 2752 3019 Ἐν
2786 2967 2959 3039 εἰρήνη
2990 2966 3272 3038 λογισμῶν.
3308 2974 3415 3019 Νῦν
3448 2970 3546 3039 γὰρ
3584 2968 3632 3019 οἰ
3657 2969 3858 3039 ταράτ-

2248 3060 2419 3117 τοντές
2446 3075 2508 3127 με
2537 3055 2780 3127 λογισμοὶ
2820 3062 2936 3129 περὶ
2962 3064 3052 3117 τῆς
3093 3058 3228 3117 θείας
3250 3054 3678 3129 ἑνανθρωπῆσεως
3714 3056 3860 3129 εἰρή-

2168 3152 2211 3215 ﬁ
2249 3164 2454 3200 νευσαν.

2320 3234 2407 3303 "tl,
2449 3234 2533 3289 Ἐν
2574 3236 2747 3309 εἰρήνῃ
2789 3234 3024 3308 ἀφοϐίας,
3081 3240 3269 3307 μηκέτι
3297 3234 3607 3307 φοϐούμενον
3636 3238 3723 3288 τὸν
3761 3237 3855 3287 θοὶ-

2247 3344 2417 3391 νατον,
2454 3323 2548 3377 διὰ
2577 3329 2635 3378 τὸ
2677 3325 2817 3398 βαθύ
2840 3346 2939 3399 μου
2978 3336 3165 3399 γῆρας.

2320 3510 2407 3567 Ἤ,
2437 3504 2519 3559 Ἐν
2551 3505 2725 3579 εἰρήνη
2761 3512 2956 3579 χαρᾶς,
3002 3510 3190 3578 μηκέτι
3216 3505 3535 3576 λυπούμενον
3600 3507 3726 3578 ὑπὲρ
3755 3514 3856 3567 τῆς

2247 3592 2535 3668 ἐλευθερίας
2582 3603 2672 3646 τοῦ
2740 3595 2938 3667 Ἰσραελ
2991 3593 3177 3647 ἐἶδον
3235 3598 3333 3669 γὰρ
3366 3592 3473 3653 ἤδη
3536 3598 3622 3647 τὸν
3658 3594 3855 3647 ἐλευθε-

2243 3690 2437 3756 ρωτην.

2315 3770 2434 3823 Ὀτι
2467 3770 2602 3825 εἶδον
2630 3806 2696 3813 ——
2724 3779 2980 3848 σωτήριόν
3010 3794 3124 3828 σου.
3150 3781 3257 3826 Νῦν
3279 3772 3521 3833 ἀπολύεις
3550 3791 3634 3844 με,
3665 3775 3853 3843 φησὶν,

2244 3865 2323 3915 ὅτι
2369 3863 2479 3933 (6‘2)
2542 3860 2678 3916 εἶδον
2731 3870 2823 3922 τήν
2861 3864 3245 3939 ἐνανθρώπησίν
3302 3882 3394 3914 σου
3451 3878 3468 3894 ο
3504 3865 3696 3919 ταύτην
3749 3864 3856 3933 γὰρ

2244 3952 2407 4027 καλεῖ,
2444 3959 2720 4027 σωτήριον,
2751 3960 2813 4014 ὡς
2844 3954 2927 4007 ἐπὶ
2953 3958 3185 4025 σωτηρίᾳ
3203 3961 3300 4004 τῶν
3325 3953 3605 4024 ανθρώπων
3634 3968 3856 4020 γεγενη-

2245 4058 2421 4126 μένην.

2315 4142 2380 4193 ’Ὸ
2410 4172 2477 4180 -—
2522 4138 2676 4190 λαῶν.
2719 4134 2882 4207 Ὀπερ
2928 4138 3185 4206 σωτήριον
3236 4132 3580 4203 ᾠκονόμησας
3637 4128 3856 4179 ἐνώπιον

2245 4236 2468 4297 πάντων,
2506 4231 2588 4280 ἵνα
2630 4234 2791 4279 πᾶσιν
2838 4228 2913 4281 εἴη
2950 4227 3183 4297 φανερὸν,
3224 4222 3281 4274 οὐ
3331 4226 3483 4294 μόνον
3543 4214 3854 4287 Ἰουδαίοις,

2246 4322 2372 4375 ἀλλὰ
2402 4327 2491 4373 καὶ
2516 4328 2623 4380 τοῖς
2654 4318 2826 4377 ἀλλοις
2870 4316 3060 4368 ἔθνεσι.

2319 4507 2424 4559 Φῶς
2498 4530 2566 4537 -
2622 4495 2855 4569 Ἰσραήλ.
2909 4493 3045 4567 [Φῶς
3114 4492 3248 4562 (63),
3318 4488 3356 4541 ὦ
3422 4498 3526 4562 φῶς
3606 4486 3857 4544 ἀληθινὸν

2246 4596 2335 4644 καὶ
2370 4591 2421 4641 ὃν
2452 4593 2542 4640 καὶ
2607 4587 2919 4657 καλούμενον
2987 4582 3122 4654 (04),
3165 4582 3231 4642 εἰς
3294 4579 3622 4650 ἀποκάλυψιν
3669 4577 3853 4645 ἐθνῶν,

2248 4683 2318 4743 εἰς
2358 4683 2641 4752 φανέρωσιν
2698 4684 2798 4727 τῶν
2854 4675 3052 4741 παθῶν,
3110 4672 3175 4724 εἰς
3220 4672 3433 4742 ἔλεγχον
3484 4680 3582 4723 τῶν
3652 4666 3857 4742 δαιμο-

2244 4776 2362 4823 νίων
2413 4768 2547 4838 (65).
2591 4767 2695 4820 Καὶ
2748 4762 2905 4826 δόξαν
2953 4762 3081 4813 λαοῦ
3137 4754 3230 4813 σου
3293 4761 3526 4833 Ἰσραὴλ,
3594 4768 3686 4812 τοῦ
3735 4766 3857 4814 νέου

1707 5046 1933 5115 Variae
1954 5047 2283 5117 lectiones
2314 5057 2381 5117 et
2412 5058 2614 5114 notae.

571 5218 656 5288 5?)
682 5222 803 5276 Τοῖς
831 5222 923 5267 τοῦ
956 5220 1196 5288 σώματος
1226 5215 1527 5287 ὀφθαλμοῖς.
1556 5222 1613 5271 Β.

571 5218 656 5279 57)
682 5222 803 5276 Τοῖς
831 5222 923 5267 τοῦ
956 5220 1196 5288 σώματος
1226 5216 1523 5287 ὀφθαλμοῖς.

548 5216 662 5429 (58)
694 5290 797 5360 Γὰρ
824 5295 910 5337 νῦν
940 5290 1027 5367 ⁴τὸν
1070 5291 1276 5360 Πατέρα
1311 5293 1432 5342 νόει.
1468 5295 1523 5341 Β.

549 5361 639 5429 (59
670 5358 755 5411 τΙῑι
784 5373 1075 5429 margine,
1110 5376 1146 5414 a
1184 5375 1372 5413 manu
1403 5375 1523 5429 pro}

670 5358 1075 5430 ’tn'margine,
1110 5376 1146 5414 a
1184 5358 1372 5413 manu
1403 5375 1653 5430 prorsus
1682 5361 1925 5417 recenti.
1960 5363 2027 5417 A.

576 5361 755 5429 59)’In
786 5361 1075 5427 margine,
1110 5376 1146 5414 a
1184 5375 1372 5413 manu
1403 5375 1653 5430 prorsus
1682 5361 1925 5417 recenti.
1960 5363 2027 5417 A.

549 5361 660 5497 (60)
682 5428 925 5483 Codices
964 5445 1125 5506 nunc
1165 5430 1445 5506 appellat,
1482 5430 1958 5506 fabulasaniles,
1991 5450 2140 5506 qua-

476 5514 611 5554 rum
642 5515 926 5574 magnam
957 5500 1399 5574 multitudinem
1426 5504 1481 5556 in
1510 5504 1989 5574 peregrinatione
2011 5500 2139 5562 'sua

478 5586 514 5627 a
542 5570 754 5625 vetulis
776 5571 1002 5642 accepit
1025 5572 1261 5627 divinus
1290 5570 1591 5643 Origenes.

485 5711 507 5727 Ὗ
550 5643 667 5727 (6t)
689 5643 993 5727 _Sententia
1022 5644 1259 5727 interim
1301 5646 1379 5701 ita
1428 5646 1690 5719 suppleri
1721 5650 1919 5717 potest
1960 5665 1971 5704 :
2005 5648 2140 5712 Ἕως

480 5717 539 5785 ῄν
575 5717 715 5784 αὐτῷ
748 5717 1139 5785 χρηματισθέν.

2346 5222 2436 5275 62)
2475 5219 2617 5268 Διότι
2638 5211 2776 5267 εἶδον
2799 5220 2862 5266 Α.

2346 5222 2436 5275 62)
2475 5219 2617 5268 Διότι
2638 5218 2776 5267 εἶδον
2799 5220 2862 5266 Α.

2320 5218 2611 5361 (63)Ηωο
2649 5287 2707 5341 in
2749 5285 3019 5361 margine
3063 5283 3251 5361 habet
3279 5283 3350 5339 A.
3399 5284 3596 5361 Codex
3634 5286 3696 5361 AB,
3744 5284 3864 5343 ba-

2248 5355 2350 5417 bet
2378 5355 2642 5428 inferius,
2676 5363 2811 5431 post
2839 5356 3201 5431 xum-Eimaev,_
3238 5356 3357 5431 hoc
3395 5355 3602 5431 modo.
3634 5358 3862 5431 Ἑτέρως

2250 5431 2329 5500 δὲ,
2373 5441 2493 5505 φῶς,
2523 5453 2561 5482 ω
2592 5426 2697 5501 φῶξ
2726 5428 2984 5487 ἀληθινόν.
3026 5431 3131 5482 Pro
3172 5426 3230 5494 ὦ,
3272 5430 3511 5485 exhibet
3548 5432 3593 5483 A
3624 5432 3706 5494 ὡς,
3742 5426 3861 5502 pro

2249 5506 2302 5557 ὃν
2330 5510 2525 5559 autem
2569 5507 2657 5555 ὧν.

2323 5577 2435 5648 (64)
2478 5573 2788 5648 Καλούμενε.
2828 5574 2904 5648 ΔΒ.
2951 5570 3065 5648 Sed
3098 5570 3238 5648 _hoc,
3290 5573 3543 5629 relatum
3585 5574 3662 5629 ad
3685 5572 3858 5632 Chri-

2251 5628 2431 5711 stum:
2474 5628 2736 5717 postulat
2767 5642 2945 5717 etiam
2986 5642 3212 5701 ἁληθινέ.

2322 5719 2438 5791 (65)
2475 5715 2759 5789 λαιμόνων.
2792 5715 2859 5770 Α.
