  <div class='ocr_page' id='page_1' title='image "/cluster/home/n/w/nwhite01/storage/ocr_20150623/129/coo.31924054870344/456.png"; bbox 0 0 4074 6384; ppageno 0'>
   <div class='ocr_carea' id='block_1_1' title="bbox 190 339 294 394">
    <p class='ocr_par' dir='ltr' id='par_1_1' title="bbox 190 339 294 394">
     <span class='ocr_line' id='line_1_1' title="bbox 190 339 294 394; baseline -0.01 0"><span class='ocrx_word' id='word_1_1' title='bbox 190 339 294 394; x_wconf 86' lang='grc'>893</span> 
     </span>
    </p>
   </div>
   <div class='ocr_carea' id='block_1_2' title="bbox 1212 327 2436 392">
    <p class='ocr_par' dir='ltr' id='par_1_2' title="bbox 1212 327 2436 392">
     <span class='ocr_line' id='line_1_2' title="bbox 1212 327 2436 392; baseline -0.004 0"><span class='ocrx_word' id='word_1_2' title='bbox 1212 333 1589 392; x_wconf 89' lang='lat' dir='ltr'>COMMENT.</span> <span class='ocrx_word' id='word_1_3' title='bbox 1638 330 1709 385; x_wconf 87' lang='lat' dir='ltr'><strong>IN</strong></span> <span class='ocrx_word' id='word_1_4' title='bbox 1756 327 2017 385; x_wconf 79' lang='lat' dir='ltr'>LUCAM.</span> <span class='ocrx_word' id='word_1_5' title='bbox 2064 362 2131 370; x_wconf 95' lang='lat'>—</span> <span class='ocrx_word' id='word_1_6' title='bbox 2172 330 2331 386; x_wconf 86' lang='lat' dir='ltr'>CAP.</span> <span class='ocrx_word' id='word_1_7' title='bbox 2372 333 2436 387; x_wconf 90' lang='lat' dir='ltr'>II.</span> 
     </span>
    </p>
   </div>
   <div class='ocr_carea' id='block_1_3' title="bbox 3465 330 3572 385">
    <p class='ocr_par' dir='ltr' id='par_1_3' title="bbox 3465 330 3572 385">
     <span class='ocr_line' id='line_1_3' title="bbox 3465 330 3572 385; baseline 0.019 -2"><span class='ocrx_word' id='word_1_8' title='bbox 3465 330 3572 385; x_wconf 76' lang='lat'>894</span> 
     </span>
    </p>
   </div>
   <div class='ocr_carea' id='block_1_4' title="bbox 196 457 1792 535">
    <p class='ocr_par' dir='ltr' id='par_1_4' title="bbox 196 458 1792 535">
     <span class='ocr_line' id='line_1_4' title="bbox 196 458 1792 535; baseline -0.005 -21"><span class='ocrx_word' id='word_1_9' title='bbox 196 458 436 519; x_wconf 73' lang='grc' dir='ltr'>δηλονότι</span> <span class='ocrx_word' id='word_1_10' title='bbox 491 461 553 513; x_wconf 76' lang='grc' dir='ltr'>οὔ</span> <span class='ocrx_word' id='word_1_11' title='bbox 610 462 722 535; x_wconf 88' lang='grc'>(66)</span> <span class='ocrx_word' id='word_1_12' title='bbox 781 459 912 526; x_wconf 75' lang='grc' dir='ltr'>δόξα</span> <span class='ocrx_word' id='word_1_13' title='bbox 972 461 1063 517; x_wconf 73' lang='grc' dir='ltr'>διὰ</span> <span class='ocrx_word' id='word_1_14' title='bbox 1123 471 1221 515; x_wconf 71' lang='grc' dir='ltr'>σου</span> <span class='ocrx_word' id='word_1_15' title='bbox 1266 464 1295 520; x_wconf 78' lang='grc' dir='ltr'>ἡ</span> <span class='ocrx_word' id='word_1_16' title='bbox 1350 461 1638 521; x_wconf 84' lang='grc' dir='ltr'>ἀπόκτησις</span> <span class='ocrx_word' id='word_1_17' title='bbox 1694 466 1792 508; x_wconf 68' lang='grc' dir='ltr'>τῶν</span> 
     </span>
    </p>
   </div>
   <div class='ocr_carea' id='block_1_5' title="bbox 1916 457 3570 535">
    <p class='ocr_par' dir='ltr' id='par_1_5' title="bbox 1916 458 3570 530">
     <span class='ocr_line' id='line_1_5' title="bbox 1916 458 3570 530; baseline 0.004 -22"><span class='ocrx_word' id='word_1_18' title='bbox 1916 468 1967 523; x_wconf 61' lang='lat' dir='ltr'>in</span> <span class='ocrx_word' id='word_1_19' title='bbox 1985 472 2107 527; x_wconf 93' lang='lat' dir='ltr'>quo</span> <span class='ocrx_word' id='word_1_20' title='bbox 2155 473 2262 529; x_wconf 91' lang='lat' dir='ltr'>per</span> <span class='ocrx_word' id='word_1_21' title='bbox 2292 462 2343 513; x_wconf 88' lang='lat' dir='ltr'>te</span> <span class='ocrx_word' id='word_1_22' title='bbox 2392 462 2479 512; x_wconf 92' lang='lat' dir='ltr'>est</span> <span class='ocrx_word' id='word_1_23' title='bbox 2517 458 2840 514; x_wconf 83' lang='lat' dir='ltr'>destructio</span> <span class='ocrx_word' id='word_1_24' title='bbox 2888 459 3210 526; x_wconf 88' lang='lat' dir='ltr'>malorum,</span> <span class='ocrx_word' id='word_1_25' title='bbox 3255 474 3390 530; x_wconf 81' lang='lat' dir='ltr'>quae</span> <span class='ocrx_word' id='word_1_26' title='bbox 3430 462 3570 514; x_wconf 89' lang='lat' dir='ltr'>sunt</span> 
     </span>
    </p>
   </div>
   <div class='ocr_carea' id='block_1_6' title="bbox 192 546 1793 623">
    <p class='ocr_par' dir='ltr' id='par_1_6' title="bbox 192 546 1793 623">
     <span class='ocr_line' id='line_1_6' title="bbox 192 546 1793 623; baseline -0.004 -21"><span class='ocrx_word' id='word_1_27' title='bbox 192 553 335 623; x_wconf 79' lang='grc' dir='ltr'>παρὰ</span> <span class='ocrx_word' id='word_1_28' title='bbox 366 554 520 621; x_wconf 80' lang='grc' dir='ltr'>φύσιν</span> <span class='ocrx_word' id='word_1_29' title='bbox 551 560 741 619; x_wconf 78' lang='grc' dir='ltr'>κακῶν,</span> <span class='ocrx_word' id='word_1_30' title='bbox 788 558 876 605; x_wconf 77' lang='grc' dir='ltr'>καὶ</span> <span class='ocrx_word' id='word_1_31' title='bbox 906 562 1088 613; x_wconf 82' lang='grc' dir='ltr'>κτῆσις</span> <span class='ocrx_word' id='word_1_32' title='bbox 1127 561 1226 604; x_wconf 80' lang='grc' dir='ltr'>τῶν</span> <span class='ocrx_word' id='word_1_33' title='bbox 1255 554 1391 603; x_wconf 88' lang='grc' dir='ltr'>κατά</span> <span class='ocrx_word' id='word_1_34' title='bbox 1419 554 1572 621; x_wconf 75' lang='grc' dir='ltr'>φύσιν</span> <span class='ocrx_word' id='word_1_35' title='bbox 1605 546 1793 610; x_wconf 77' lang='grc' dir='ltr'>καλῶν,</span> 
     </span>
    </p>
   </div>
   <div class='ocr_carea' id='block_1_7' title="bbox 190 636 1793 715">
    <p class='ocr_par' dir='ltr' id='par_1_7' title="bbox 190 636 1793 715">
     <span class='ocr_line' id='line_1_7' title="bbox 190 636 1793 715; baseline -0.001 -25"><span class='ocrx_word' id='word_1_36' title='bbox 190 646 282 692; x_wconf 80' lang='grc' dir='ltr'>και</span> <span class='ocrx_word' id='word_1_37' title='bbox 312 639 590 700; x_wconf 78' lang='grc' dir='ltr'>ἐπίκτησις</span> <span class='ocrx_word' id='word_1_38' title='bbox 627 650 724 692; x_wconf 82' lang='grc' dir='ltr'>τῶν</span> <span class='ocrx_word' id='word_1_39' title='bbox 771 643 895 715; x_wconf 74' lang='grc' dir='ltr'>ὑπὲρ</span> <span class='ocrx_word' id='word_1_40' title='bbox 949 646 1103 714; x_wconf 74' lang='grc' dir='ltr'>φύσιν</span> <span class='ocrx_word' id='word_1_41' title='bbox 1144 641 1372 713; x_wconf 73' lang='grc' dir='ltr'>ἀγαθῶν.</span> <span class='ocrx_word' id='word_1_42' title='bbox 1422 639 1488 691; x_wconf 78' lang='grc' dir='ltr'>’Ἡ</span> <span class='ocrx_word' id='word_1_43' title='bbox 1540 641 1569 696; x_wconf 73' lang='grc' dir='ltr'><strong>ἡ</strong></span> <span class='ocrx_word' id='word_1_44' title='bbox 1620 636 1793 712; x_wconf 78' lang='grc' dir='ltr'>ἀρετὴ,</span> 
     </span>
    </p>
   </div>
   <div class='ocr_carea' id='block_1_8' title="bbox 189 730 1026 805">
    <p class='ocr_par' dir='ltr' id='par_1_8' title="bbox 189 730 1026 805">
     <span class='ocr_line' id='line_1_8' title="bbox 189 730 1026 805; baseline 0.002 -24"><span class='ocrx_word' id='word_1_45' title='bbox 189 735 281 781; x_wconf 78' lang='grc' dir='ltr'>καὶ</span> <span class='ocrx_word' id='word_1_46' title='bbox 312 732 343 788; x_wconf 82' lang='grc' dir='ltr'>ἡ</span> <span class='ocrx_word' id='word_1_47' title='bbox 376 738 590 801; x_wconf 74' lang='grc' dir='ltr'>γνῶσις,</span> <span class='ocrx_word' id='word_1_48' title='bbox 619 736 708 782; x_wconf 79' lang='grc' dir='ltr'>καὶ</span> <span class='ocrx_word' id='word_1_49' title='bbox 734 733 763 788; x_wconf 78' lang='grc' dir='ltr'><strong>ἡ</strong></span> <span class='ocrx_word' id='word_1_50' title='bbox 797 730 1026 805; x_wconf 82' lang='grc' dir='ltr'>θέωσις.]</span> 
     </span>
    </p>
   </div>
   <div class='ocr_carea' id='block_1_9' title="bbox 266 817 1799 893">
    <p class='ocr_par' dir='ltr' id='par_1_9' title="bbox 266 817 1799 893">
     <span class='ocr_line' id='line_1_9' title="bbox 266 817 1799 893; baseline -0.003 -21"><span class='ocrx_word' id='word_1_51' title='bbox 266 825 377 881; x_wconf 78' lang='grc' dir='ltr'>Φῶς</span> <span class='ocrx_word' id='word_1_52' title='bbox 439 819 492 871; x_wconf 82' lang='grc' dir='ltr'>ὃν</span> <span class='ocrx_word' id='word_1_53' title='bbox 548 819 619 881; x_wconf 82' lang='grc' dir='ltr'>εἰς</span> <span class='ocrx_word' id='word_1_54' title='bbox 676 819 952 891; x_wconf 68' lang='grc' dir='ltr'>ἀνάϐλεψιν</span> <span class='ocrx_word' id='word_1_55' title='bbox 1008 825 1097 893; x_wconf 71' lang='grc' dir='ltr'>μὲν</span> <span class='ocrx_word' id='word_1_56' title='bbox 1157 819 1329 886; x_wconf 79' lang='grc' dir='ltr'>ἐθνῶν,</span> <span class='ocrx_word' id='word_1_57' title='bbox 1390 827 1490 871; x_wconf 80' lang='grc' dir='ltr'>τῶν</span> <span class='ocrx_word' id='word_1_58' title='bbox 1547 817 1799 890; x_wconf 77' lang='grc' dir='ltr'>τετυφλω-</span> 
     </span>
    </p>
   </div>
   <div class='ocr_carea' id='block_1_10' title="bbox 191 906 1799 984">
    <p class='ocr_par' dir='ltr' id='par_1_10' title="bbox 191 906 1799 984">
     <span class='ocr_line' id='line_1_10' title="bbox 191 906 1799 984; baseline -0.001 -26"><span class='ocrx_word' id='word_1_59' title='bbox 191 912 354 979; x_wconf 81' lang='grc' dir='ltr'>μένων</span> <span class='ocrx_word' id='word_1_60' title='bbox 419 916 480 980; x_wconf 73' lang='grc' dir='ltr'>τῇ</span> <span class='ocrx_word' id='word_1_61' title='bbox 538 907 731 981; x_wconf 74' lang='grc' dir='ltr'>πλάνη·</span> <span class='ocrx_word' id='word_1_62' title='bbox 796 909 1123 981; x_wconf 72' lang='grc' dir='ltr'>ἀποκάλυψιν</span> <span class='ocrx_word' id='word_1_63' title='bbox 1175 914 1274 984; x_wconf 78' lang='grc' dir='ltr'>γὰρ</span> <span class='ocrx_word' id='word_1_64' title='bbox 1323 908 1459 980; x_wconf 75' lang='grc' dir='ltr'>λέγει</span> <span class='ocrx_word' id='word_1_65' title='bbox 1519 914 1612 966; x_wconf 81' lang='grc' dir='ltr'>τὴν</span> <span class='ocrx_word' id='word_1_66' title='bbox 1676 906 1799 957; x_wconf 82' lang='grc' dir='ltr'>ἀνά-</span> 
     </span>
    </p>
   </div>
   <div class='ocr_carea' id='block_1_11' title="bbox 192 994 1799 1071">
    <p class='ocr_par' dir='ltr' id='par_1_11' title="bbox 192 994 1799 1071">
     <span class='ocr_line' id='line_1_11' title="bbox 192 994 1799 1071; baseline -0.01 -8"><span class='ocrx_word' id='word_1_67' title='bbox 192 996 391 1067; x_wconf 55' lang='grc' dir='ltr'>ϐλεψιν*</span> <span class='ocrx_word' id='word_1_68' title='bbox 447 997 516 1058; x_wconf 79' lang='grc' dir='ltr'>εἰς</span> <span class='ocrx_word' id='word_1_69' title='bbox 580 994 736 1060; x_wconf 75' lang='grc' dir='ltr'>δόξαν</span> <span class='ocrx_word' id='word_1_70' title='bbox 790 995 849 1051; x_wconf 77' lang='grc' dir='ltr'>δὲ</span> <span class='ocrx_word' id='word_1_71' title='bbox 911 1000 1023 1071; x_wconf 84' lang='grc'>(67)</span> <span class='ocrx_word' id='word_1_72' title='bbox 1071 1004 1160 1051; x_wconf 84' lang='grc' dir='ltr'>καὶ</span> <span class='ocrx_word' id='word_1_73' title='bbox 1216 998 1443 1052; x_wconf 76' lang='grc' dir='ltr'>εὔκλειαν</span> <span class='ocrx_word' id='word_1_74' title='bbox 1506 997 1632 1049; x_wconf 82' lang='grc' dir='ltr'>λαοῦ</span> <span class='ocrx_word' id='word_1_75' title='bbox 1705 1014 1799 1047; x_wconf 92' lang='grc' dir='ltr'>σου</span> 
     </span>
    </p>
   </div>
   <div class='ocr_carea' id='block_1_12' title="bbox 190 1085 1801 1163">
    <p class='ocr_par' dir='ltr' id='par_1_12' title="bbox 190 1085 1801 1163">
     <span class='ocr_line' id='line_1_12' title="bbox 190 1085 1801 1163; baseline -0.001 -26"><span class='ocrx_word' id='word_1_76' title='bbox 190 1093 285 1137; x_wconf 71' lang='grc' dir='ltr'>τοῦ</span> <span class='ocrx_word' id='word_1_77' title='bbox 340 1085 751 1160; x_wconf 78' lang='grc' dir='ltr'>Ἰσραηλιτικου.</span> <span class='ocrx_word' id='word_1_78' title='bbox 808 1087 940 1151; x_wconf 85' lang='grc' dir='ltr'>Δόξα</span> <span class='ocrx_word' id='word_1_79' title='bbox 994 1091 1095 1163; x_wconf 77' lang='grc' dir='ltr'>γὰρ</span> <span class='ocrx_word' id='word_1_80' title='bbox 1146 1088 1319 1149; x_wconf 72' lang='grc' dir='ltr'>αὐτοῖς</span> <span class='ocrx_word' id='word_1_81' title='bbox 1380 1091 1439 1139; x_wconf 91' lang='grc' dir='ltr'>τὸ</span> <span class='ocrx_word' id='word_1_82' title='bbox 1495 1085 1801 1159; x_wconf 82' lang='grc' dir='ltr'>βλαστῆσαί</span> 
     </span>
    </p>
   </div>
   <div class='ocr_carea' id='block_1_13' title="bbox 193 1174 1801 1250">
    <p class='ocr_par' dir='ltr' id='par_1_13' title="bbox 193 1174 1801 1250">
     <span class='ocr_line' id='line_1_13' title="bbox 193 1174 1801 1250; baseline 0.001 -24"><span class='ocrx_word' id='word_1_83' title='bbox 193 1194 253 1227; x_wconf 81' lang='grc' dir='ltr'>σε</span> <span class='ocrx_word' id='word_1_84' title='bbox 295 1174 349 1236; x_wconf 82' lang='grc' dir='ltr'><em>ἐξ</em></span> <span class='ocrx_word' id='word_1_85' title='bbox 386 1175 556 1227; x_wconf 73' lang='grc' dir='ltr'>αὐτῶν</span> <span class='ocrx_word' id='word_1_86' title='bbox 598 1179 736 1228; x_wconf 82' lang='grc' dir='ltr'>κατὰ</span> <span class='ocrx_word' id='word_1_87' title='bbox 780 1181 837 1229; x_wconf 86' lang='grc' dir='ltr'>τὸ</span> <span class='ocrx_word' id='word_1_88' title='bbox 888 1176 1221 1250; x_wconf 81' lang='grc' dir='ltr'>ἀνθρώπινον.</span> <span class='ocrx_word' id='word_1_89' title='bbox 1271 1183 1371 1231; x_wconf 78' lang='grc' dir='ltr'>Καὶ</span> <span class='ocrx_word' id='word_1_90' title='bbox 1413 1181 1565 1238; x_wconf 81' lang='grc' dir='ltr'>ὄντως</span> <span class='ocrx_word' id='word_1_91' title='bbox 1612 1179 1642 1234; x_wconf 80' lang='grc' dir='ltr'>ἡ</span> <span class='ocrx_word' id='word_1_92' title='bbox 1704 1195 1801 1227; x_wconf 89' lang='grc' dir='ltr'>σω-</span> 
     </span>
    </p>
   </div>
   <div class='ocr_carea' id='block_1_14' title="bbox 190 1262 1796 1338">
    <p class='ocr_par' dir='ltr' id='par_1_14' title="bbox 190 1262 1796 1338">
     <span class='ocr_line' id='line_1_14' title="bbox 190 1262 1796 1338; baseline 0.001 -24"><span class='ocrx_word' id='word_1_93' title='bbox 190 1268 373 1335; x_wconf 81' lang='grc' dir='ltr'>τήριος</span> <span class='ocrx_word' id='word_1_94' title='bbox 449 1262 839 1338; x_wconf 81' lang='grc' dir='ltr'>ἐνανθρὼπησις</span> <span class='ocrx_word' id='word_1_95' title='bbox 905 1266 1063 1318; x_wconf 73' lang='grc' dir='ltr'>αὐτοῦ</span> <span class='ocrx_word' id='word_1_96' title='bbox 1126 1265 1342 1338; x_wconf 74' lang='grc' dir='ltr'>ἐφώτισε</span> <span class='ocrx_word' id='word_1_97' title='bbox 1409 1269 1496 1337; x_wconf 71' lang='grc' dir='ltr'>μὲν</span> <span class='ocrx_word' id='word_1_98' title='bbox 1558 1269 1623 1317; x_wconf 85' lang='grc' dir='ltr'>τά</span> <span class='ocrx_word' id='word_1_99' title='bbox 1680 1267 1796 1322; x_wconf 85' lang='grc' dir='ltr'>ἔθνη</span> 
     </span>
    </p>
   </div>
   <div class='ocr_carea' id='block_1_15' title="bbox 190 1351 1800 1428">
    <p class='ocr_par' dir='ltr' id='par_1_15' title="bbox 190 1351 1800 1428">
     <span class='ocr_line' id='line_1_15' title="bbox 190 1351 1800 1428; baseline 0.002 -26"><span class='ocrx_word' id='word_1_100' title='bbox 190 1355 461 1425; x_wconf 72' lang='grc' dir='ltr'>φωτισμὸν</span> <span class='ocrx_word' id='word_1_101' title='bbox 510 1355 824 1425; x_wconf 74' lang='grc' dir='ltr'>θεοσγνωσίας</span> <span class='ocrx_word' id='word_1_102' title='bbox 881 1360 971 1407; x_wconf 83' lang='grc' dir='ltr'>καὶ</span> <span class='ocrx_word' id='word_1_103' title='bbox 1026 1354 1230 1428; x_wconf 80' lang='grc' dir='ltr'>ἀρετῆς,</span> <span class='ocrx_word' id='word_1_104' title='bbox 1292 1352 1511 1417; x_wconf 76' lang='grc' dir='ltr'>ἐδόξασε</span> <span class='ocrx_word' id='word_1_105' title='bbox 1566 1351 1624 1406; x_wconf 74' lang='grc' dir='ltr'>δὲ</span> <span class='ocrx_word' id='word_1_106' title='bbox 1678 1359 1800 1414; x_wconf 79' lang='grc' dir='ltr'>τοὺς</span> 
     </span>
    </p>
   </div>
   <div class='ocr_carea' id='block_1_16' title="bbox 194 1438 1802 1516">
    <p class='ocr_par' dir='ltr' id='par_1_16' title="bbox 194 1438 1802 1516">
     <span class='ocr_line' id='line_1_16' title="bbox 194 1438 1802 1516; baseline 0.002 -24"><span class='ocrx_word' id='word_1_107' title='bbox 194 1438 504 1507; x_wconf 70' lang='grc' dir='ltr'>Ἰουδαίους,</span> <span class='ocrx_word' id='word_1_108' title='bbox 569 1445 648 1494; x_wconf 85' lang='grc' dir='ltr'>ὅτι</span> <span class='ocrx_word' id='word_1_109' title='bbox 708 1449 953 1516; x_wconf 72' lang='grc' dir='ltr'>συγγενὴς</span> <span class='ocrx_word' id='word_1_110' title='bbox 1022 1445 1188 1496; x_wconf 73' lang='grc' dir='ltr'>αὐτῶν</span> <span class='ocrx_word' id='word_1_111' title='bbox 1270 1446 1511 1516; x_wconf 76' lang='grc' dir='ltr'>γενέσθαι</span> <span class='ocrx_word' id='word_1_112' title='bbox 1589 1444 1802 1507; x_wconf 85' lang='grc' dir='ltr'>κατηξί-</span> 
     </span>
    </p>
   </div>
   <div class='ocr_carea' id='block_1_17' title="bbox 189 1549 313 1582">
    <p class='ocr_par' dir='ltr' id='par_1_17' title="bbox 189 1549 313 1582">
     <span class='ocr_line' id='line_1_17' title="bbox 189 1549 313 1582; baseline 0.016 -2"><span class='ocrx_word' id='word_1_113' title='bbox 189 1549 313 1582; x_wconf 87' lang='grc' dir='ltr'>ωσε.</span> 
     </span>
    </p>
   </div>
   <div class='ocr_carea' id='block_1_18' title="bbox 264 1616 1799 1697">
    <p class='ocr_par' dir='ltr' id='par_1_18' title="bbox 264 1616 1799 1697">
     <span class='ocr_line' id='line_1_18' title="bbox 264 1616 1799 1697; baseline 0.001 -24"><span class='ocrx_word' id='word_1_114' title='bbox 264 1624 365 1673; x_wconf 77' lang='grc' dir='ltr'>Καὶ</span> <span class='ocrx_word' id='word_1_115' title='bbox 414 1616 476 1678; x_wconf 77' lang='grc' dir='ltr'>ἧν</span> <span class='ocrx_word' id='word_1_116' title='bbox 524 1651 592 1663; x_wconf 95' lang='grc'><strong><em>-</em></strong></span> <span class='ocrx_word' id='word_1_117' title='bbox 640 1627 758 1697; x_wconf 80' lang='grc' dir='ltr'>περὶ</span> <span class='ocrx_word' id='word_1_118' title='bbox 810 1623 996 1679; x_wconf 73' lang='grc' dir='ltr'>αὑτοῦ.</span> <span class='ocrx_word' id='word_1_119' title='bbox 1042 1623 1388 1696; x_wconf 71' lang='grc' dir='ltr'>Ἐθαύμαζον,</span> <span class='ocrx_word' id='word_1_120' title='bbox 1439 1623 1532 1675; x_wconf 75' lang='grc' dir='ltr'>οὐκ</span> <span class='ocrx_word' id='word_1_121' title='bbox 1583 1626 1646 1683; x_wconf 83' lang='grc' dir='ltr'>ὡς</span> <span class='ocrx_word' id='word_1_122' title='bbox 1684 1627 1799 1676; x_wconf 88' lang='grc' dir='ltr'>τότε</span> 
     </span>
    </p>
   </div>
   <div class='ocr_carea' id='block_1_19' title="bbox 188 1708 1795 1783">
    <p class='ocr_par' dir='ltr' id='par_1_19' title="bbox 188 1708 1795 1783">
     <span class='ocr_line' id='line_1_19' title="bbox 188 1708 1795 1783; baseline 0.003 -25"><span class='ocrx_word' id='word_1_123' title='bbox 188 1708 306 1778; x_wconf 87' lang='grc'>(68)</span> <span class='ocrx_word' id='word_1_124' title='bbox 356 1716 561 1779; x_wconf 86' lang='grc' dir='ltr'>πρῶτον</span> <span class='ocrx_word' id='word_1_125' title='bbox 606 1716 725 1783; x_wconf 82' lang='grc' dir='ltr'>περὶ</span> <span class='ocrx_word' id='word_1_126' title='bbox 765 1711 923 1763; x_wconf 77' lang='grc' dir='ltr'>αὐτοῦ</span> <span class='ocrx_word' id='word_1_127' title='bbox 973 1713 1088 1783; x_wconf 88' lang='grc'>(69)</span> <span class='ocrx_word' id='word_1_128' title='bbox 1147 1715 1508 1782; x_wconf 75' lang='grc' dir='ltr'>μανθάνοντες,</span> <span class='ocrx_word' id='word_1_129' title='bbox 1554 1712 1661 1765; x_wconf 83' lang='grc' dir='ltr'>ἀλλ’</span> <span class='ocrx_word' id='word_1_130' title='bbox 1709 1715 1795 1780; x_wconf 83' lang='grc' dir='ltr'>ὡς,</span> 
     </span>
    </p>
   </div>
   <div class='ocr_carea' id='block_1_20' title="bbox 190 1794 1795 1877">
    <p class='ocr_par' dir='ltr' id='par_1_20' title="bbox 190 1794 1795 1877">
     <span class='ocr_line' id='line_1_20' title="bbox 190 1794 1795 1877; baseline 0.005 -30"><span class='ocrx_word' id='word_1_131' title='bbox 190 1794 263 1867; x_wconf 71' lang='grc' dir='ltr'>ἐφ’</span> <span class='ocrx_word' id='word_1_132' title='bbox 320 1794 393 1858; x_wconf 82' lang='grc' dir='ltr'>οἷς</span> <span class='ocrx_word' id='word_1_133' title='bbox 465 1801 957 1872; x_wconf 79' lang='grc' dir='ltr'>προμιμαθήκεσαν,</span> <span class='ocrx_word' id='word_1_134' title='bbox 1019 1804 1094 1854; x_wconf 78' lang='grc' dir='ltr'>ἔτι</span> <span class='ocrx_word' id='word_1_135' title='bbox 1140 1799 1543 1877; x_wconf 83' lang='grc' dir='ltr'>παραδοξότερα</span> <span class='ocrx_word' id='word_1_136' title='bbox 1606 1822 1795 1873; x_wconf 88' lang='grc' dir='ltr'>προσε-</span> 
     </span>
    </p>
   </div>
   <div class='ocr_carea' id='block_1_21' title="bbox 190 1890 548 1958">
    <p class='ocr_par' dir='ltr' id='par_1_21' title="bbox 190 1890 548 1958">
     <span class='ocr_line' id='line_1_21' title="bbox 190 1890 548 1958; baseline 0.011 -23"><span class='ocrx_word' id='word_1_137' title='bbox 190 1890 548 1958; x_wconf 81' lang='grc' dir='ltr'>νωτιζόμενοι.</span> 
     </span>
    </p>
   </div>
   <div class='ocr_carea' id='block_1_22' title="bbox 265 1975 1796 2053">
    <p class='ocr_par' dir='ltr' id='par_1_22' title="bbox 265 1975 1796 2053">
     <span class='ocr_line' id='line_1_22' title="bbox 265 1975 1796 2053; baseline 0.003 -25"><span class='ocrx_word' id='word_1_138' title='bbox 265 1981 365 2029; x_wconf 79' lang='grc' dir='ltr'>Καὶ</span> <span class='ocrx_word' id='word_1_139' title='bbox 425 1975 673 2048; x_wconf 72' lang='grc' dir='ltr'>εὖλόγησε</span> <span class='ocrx_word' id='word_1_140' title='bbox 742 2010 810 2018; x_wconf 88' lang='grc'><strong>-</strong></span> <span class='ocrx_word' id='word_1_141' title='bbox 868 1979 1100 2049; x_wconf 80' lang='grc' dir='ltr'>Ἰσραήλ.</span> <span class='ocrx_word' id='word_1_142' title='bbox 1155 1981 1243 2041; x_wconf 86' lang='grc' dir='ltr'>Εἰς</span> <span class='ocrx_word' id='word_1_143' title='bbox 1299 1990 1495 2033; x_wconf 83' lang='grc' dir='ltr'>πτῶσιν</span> <span class='ocrx_word' id='word_1_144' title='bbox 1552 1984 1640 2053; x_wconf 65' lang='grc' dir='ltr'>μὲν</span> <span class='ocrx_word' id='word_1_145' title='bbox 1697 1989 1796 2033; x_wconf 85' lang='grc' dir='ltr'>τῶν</span> 
     </span>
    </p>
   </div>
   <div class='ocr_carea' id='block_1_23' title="bbox 194 2067 1626 2144">
    <p class='ocr_par' dir='ltr' id='par_1_23' title="bbox 194 2067 1626 2144">
     <span class='ocr_line' id='line_1_23' title="bbox 194 2067 1626 2144; baseline 0.003 -27"><span class='ocrx_word' id='word_1_146' title='bbox 194 2070 626 2139; x_wconf 82' lang='grc' dir='ltr'>προσκοπτόντων</span> <span class='ocrx_word' id='word_1_147' title='bbox 700 2074 805 2128; x_wconf 87' lang='grc' dir='ltr'>τοῖς</span> <span class='ocrx_word' id='word_1_148' title='bbox 881 2067 1370 2144; x_wconf 85' lang='grc' dir='ltr'>ἀνθρωποπρεπέσιν</span> <span class='ocrx_word' id='word_1_149' title='bbox 1445 2071 1626 2137; x_wconf 80' lang='grc' dir='ltr'>αὐτοῦ,</span> 
     </span>
    </p>
   </div>
   <div class='ocr_carea' id='block_1_24' title="bbox 195 2155 1605 2220">
    <p class='ocr_par' dir='ltr' id='par_1_24' title="bbox 195 2155 1605 2220">
     <span class='ocr_line' id='line_1_24' title="bbox 195 2155 1605 2220; baseline 0.005 -15"><span class='ocrx_word' id='word_1_150' title='bbox 195 2159 479 2207; x_wconf 68' lang='grc' dir='ltr'>πιπτόντων</span> <span class='ocrx_word' id='word_1_151' title='bbox 536 2155 607 2217; x_wconf 84' lang='grc' dir='ltr'>εἰς</span> <span class='ocrx_word' id='word_1_152' title='bbox 667 2155 913 2210; x_wconf 84' lang='grc' dir='ltr'>ἀπιστίαν</span> <span class='ocrx_word' id='word_1_153' title='bbox 965 2167 1055 2219; x_wconf 78' lang='grc' dir='ltr'>τῆς</span> <span class='ocrx_word' id='word_1_154' title='bbox 1107 2161 1345 2220; x_wconf 79' lang='grc' dir='ltr'>θεότητος</span> <span class='ocrx_word' id='word_1_155' title='bbox 1400 2160 1559 2212; x_wconf 69' lang='grc' dir='ltr'>αὐτοῦ</span> <span class='ocrx_word' id='word_1_156' title='bbox 1594 2176 1605 2189; x_wconf 86' lang='grc'><em>’</em></span> 
     </span>
    </p>
   </div>
   <div class='ocr_carea' id='block_1_25' title="bbox 1708 2075 1798 2123">
    <p class='ocr_par' dir='ltr' id='par_1_25' title="bbox 1708 2075 1798 2123">
     <span class='ocr_line' id='line_1_25' title="bbox 1708 2075 1798 2123; baseline 0.011 -1"><span class='ocrx_word' id='word_1_157' title='bbox 1708 2075 1798 2123; x_wconf 79' lang='grc' dir='ltr'>καὶ</span> 
     </span>
    </p>
   </div>
   <div class='ocr_carea' id='block_1_26' title="bbox 1672 2159 1796 2212">
    <p class='ocr_par' dir='ltr' id='par_1_26' title="bbox 1672 2159 1796 2212">
     <span class='ocr_line' id='line_1_26' title="bbox 1672 2159 1796 2212; baseline 0.016 -2"><span class='ocrx_word' id='word_1_158' title='bbox 1672 2159 1796 2212; x_wconf 83' lang='grc' dir='ltr'>ἀνά-</span> 
     </span>
    </p>
   </div>
   <div class='ocr_carea' id='block_1_27' title="bbox 204 2242 1789 2322">
    <p class='ocr_par' dir='ltr' id='par_1_27' title="bbox 204 2242 1789 2322">
     <span class='ocr_line' id='line_1_27' title="bbox 204 2242 1789 2322; baseline 0.004 -28"><span class='ocrx_word' id='word_1_159' title='bbox 204 2263 379 2295; x_wconf 87' lang='grc' dir='ltr'>στασιν</span> <span class='ocrx_word' id='word_1_160' title='bbox 434 2242 493 2297; x_wconf 64' lang='grc' dir='ltr'>δὲ</span> <span class='ocrx_word' id='word_1_161' title='bbox 540 2253 639 2297; x_wconf 85' lang='grc' dir='ltr'>τῶν</span> <span class='ocrx_word' id='word_1_162' title='bbox 673 2252 1041 2319; x_wconf 81' lang='grc' dir='ltr'>προσεχόντων</span> <span class='ocrx_word' id='word_1_163' title='bbox 1090 2258 1194 2309; x_wconf 88' lang='grc' dir='ltr'>τοῖς</span> <span class='ocrx_word' id='word_1_164' title='bbox 1232 2251 1561 2322; x_wconf 81' lang='grc' dir='ltr'>θεοπρεπέσιν</span> <span class='ocrx_word' id='word_1_165' title='bbox 1611 2250 1789 2321; x_wconf 68' lang='grc' dir='ltr'>αὐτοῦ,</span> 
     </span>
    </p>
   </div>
   <div class='ocr_carea' id='block_1_28' title="bbox 196 2332 1792 2409">
    <p class='ocr_par' dir='ltr' id='par_1_28' title="bbox 196 2332 1792 2409">
     <span class='ocr_line' id='line_1_28' title="bbox 196 2332 1792 2409; baseline 0.006 -26"><span class='ocrx_word' id='word_1_166' title='bbox 196 2338 279 2384; x_wconf 84' lang='grc' dir='ltr'>καὶ</span> <span class='ocrx_word' id='word_1_167' title='bbox 332 2332 685 2406; x_wconf 81' lang='grc' dir='ltr'>ἀνισταμένων</span> <span class='ocrx_word' id='word_1_168' title='bbox 746 2338 874 2409; x_wconf 88' lang='grc' dir='ltr'>πρὸς</span> <span class='ocrx_word' id='word_1_169' title='bbox 925 2342 1103 2390; x_wconf 87' lang='grc' dir='ltr'>πίστιν</span> <span class='ocrx_word' id='word_1_170' title='bbox 1163 2347 1257 2401; x_wconf 82' lang='grc' dir='ltr'>τῆς</span> <span class='ocrx_word' id='word_1_171' title='bbox 1310 2341 1548 2401; x_wconf 77' lang='grc' dir='ltr'>θεότητος</span> <span class='ocrx_word' id='word_1_172' title='bbox 1611 2340 1792 2396; x_wconf 72' lang='grc' dir='ltr'>αὐτοῦ.</span> 
     </span>
    </p>
   </div>
   <div class='ocr_carea' id='block_1_29' title="bbox 194 2419 1793 2500">
    <p class='ocr_par' dir='ltr' id='par_1_29' title="bbox 194 2419 1793 2500">
     <span class='ocr_line' id='line_1_29' title="bbox 194 2419 1793 2500; baseline 0.006 -28"><span class='ocrx_word' id='word_1_173' title='bbox 194 2427 369 2473; x_wconf 81' lang='grc' dir='ltr'>Κεῑται</span> <span class='ocrx_word' id='word_1_174' title='bbox 412 2419 491 2483; x_wconf 72' lang='grc' dir='ltr'>δὲ,</span> <span class='ocrx_word' id='word_1_175' title='bbox 546 2427 611 2485; x_wconf 87' lang='grc' dir='ltr'>ὡς</span> <span class='ocrx_word' id='word_1_176' title='bbox 649 2424 789 2486; x_wconf 84' lang='grc' dir='ltr'>λίθος</span> <span class='ocrx_word' id='word_1_177' title='bbox 846 2425 1238 2499; x_wconf 77' lang='grc' dir='ltr'>ἀκρογωνιαῖος,</span> <span class='ocrx_word' id='word_1_178' title='bbox 1284 2425 1511 2481; x_wconf 77' lang='grc' dir='ltr'>συνδέων</span> <span class='ocrx_word' id='word_1_179' title='bbox 1562 2428 1632 2500; x_wconf 67' lang='grc' dir='ltr'>ἐφ’</span> <span class='ocrx_word' id='word_1_180' title='bbox 1679 2432 1793 2481; x_wconf 80' lang='grc' dir='ltr'>ἐαυ-</span> 
     </span>
    </p>
   </div>
   <div class='ocr_carea' id='block_1_30' title="bbox 189 2511 1782 2581">
    <p class='ocr_par' dir='ltr' id='par_1_30' title="bbox 189 2511 1782 2581">
     <span class='ocr_line' id='line_1_30' title="bbox 189 2511 1782 2581; baseline 0.006 -20"><span class='ocrx_word' id='word_1_181' title='bbox 189 2518 258 2579; x_wconf 79' lang='grc' dir='ltr'>τῷ</span> <span class='ocrx_word' id='word_1_182' title='bbox 304 2515 427 2574; x_wconf 78' lang='grc' dir='ltr'>τοὺς</span> <span class='ocrx_word' id='word_1_183' title='bbox 474 2511 572 2565; x_wconf 70' lang='grc' dir='ltr'>δύο</span> <span class='ocrx_word' id='word_1_184' title='bbox 616 2513 790 2581; x_wconf 73' lang='grc' dir='ltr'>λαοὺς,</span> <span class='ocrx_word' id='word_1_185' title='bbox 850 2520 936 2567; x_wconf 93' lang='grc' dir='ltr'>τόν</span> <span class='ocrx_word' id='word_1_186' title='bbox 994 2536 1046 2569; x_wconf 90' lang='grc' dir='ltr'>τε</span> <span class='ocrx_word' id='word_1_187' title='bbox 1085 2517 1303 2569; x_wconf 79' lang='grc' dir='ltr'>παλαιόν</span> <span class='ocrx_word' id='word_1_188' title='bbox 1350 2524 1437 2572; x_wconf 84' lang='grc' dir='ltr'>καὶ</span> <span class='ocrx_word' id='word_1_189' title='bbox 1496 2524 1581 2570; x_wconf 87' lang='grc' dir='ltr'>τόν</span> <span class='ocrx_word' id='word_1_190' title='bbox 1649 2524 1782 2576; x_wconf 88' lang='grc' dir='ltr'>νέον,</span> 
     </span>
    </p>
   </div>
   <div class='ocr_carea' id='block_1_31' title="bbox 186 2599 1795 2680">
    <p class='ocr_par' dir='ltr' id='par_1_31' title="bbox 186 2599 1795 2680">
     <span class='ocr_line' id='line_1_31' title="bbox 186 2599 1795 2680; baseline 0.007 -28"><span class='ocrx_word' id='word_1_191' title='bbox 186 2599 323 2653; x_wconf 73' lang='grc' dir='ltr'>Ἐπεὶ</span> <span class='ocrx_word' id='word_1_192' title='bbox 374 2608 463 2654; x_wconf 84' lang='grc' dir='ltr'>καὶ</span> <span class='ocrx_word' id='word_1_193' title='bbox 517 2599 610 2655; x_wconf 70' lang='grc' dir='ltr'>διὰ</span> <span class='ocrx_word' id='word_1_194' title='bbox 664 2603 883 2657; x_wconf 78' lang='grc' dir='ltr'>Ἠσαίου</span> <span class='ocrx_word' id='word_1_195' title='bbox 948 2613 1368 2680; x_wconf 75' lang='grc' dir='ltr'>προανεφώνησεν</span> <span class='ocrx_word' id='word_1_196' title='bbox 1429 2611 1453 2661; x_wconf 88' lang='grc' dir='ltr'>ό</span> <span class='ocrx_word' id='word_1_197' title='bbox 1511 2613 1652 2675; x_wconf 84' lang='grc' dir='ltr'>Θεὸς,</span> <span class='ocrx_word' id='word_1_198' title='bbox 1713 2612 1795 2663; x_wconf 83' lang='grc' dir='ltr'>ὅτι</span> 
     </span>
    </p>
   </div>
   <div class='ocr_carea' id='block_1_32' title="bbox 189 2687 1795 2775">
    <p class='ocr_par' dir='ltr' id='par_1_32' title="bbox 189 2687 1795 2775">
     <span class='ocr_line' id='line_1_32' title="bbox 189 2687 1795 2775; baseline 0.006 -32"><span class='ocrx_word' id='word_1_199' title='bbox 189 2687 329 2743; x_wconf 79' lang='grc' dir='ltr'>Ἰδοὺ</span> <span class='ocrx_word' id='word_1_200' title='bbox 360 2694 550 2765; x_wconf 86' lang='grc' dir='ltr'>τίθημι</span> <span class='ocrx_word' id='word_1_201' title='bbox 586 2692 637 2745; x_wconf 85' lang='grc' dir='ltr'>ἐν</span> <span class='ocrx_word' id='word_1_202' title='bbox 677 2700 803 2747; x_wconf 84' lang='grc' dir='ltr'>Σιὼν</span> <span class='ocrx_word' id='word_1_203' title='bbox 847 2694 987 2748; x_wconf 71' lang='grc' dir='ltr'>λίθον</span> <span class='ocrx_word' id='word_1_204' title='bbox 1028 2702 1433 2770; x_wconf 79' lang='grc' dir='ltr'>προσκόμματος</span> <span class='ocrx_word' id='word_1_205' title='bbox 1476 2704 1565 2752; x_wconf 85' lang='grc' dir='ltr'>καὶ</span> <span class='ocrx_word' id='word_1_206' title='bbox 1603 2704 1795 2775; x_wconf 84' lang='grc' dir='ltr'>πέτραν</span> 
     </span>
    </p>
   </div>
   <div class='ocr_carea' id='block_1_33' title="bbox 193 2777 515 2834">
    <p class='ocr_par' dir='ltr' id='par_1_33' title="bbox 193 2777 515 2834">
     <span class='ocr_line' id='line_1_33' title="bbox 193 2777 515 2834; baseline 0.009 -3"><span class='ocrx_word' id='word_1_207' title='bbox 193 2777 515 2834; x_wconf 73' lang='grc' dir='ltr'>σκανδάλου.</span> 
     </span>
    </p>
   </div>
   <div class='ocr_carea' id='block_1_34' title="bbox 258 2869 1795 2952">
    <p class='ocr_par' dir='ltr' id='par_1_34' title="bbox 258 2869 1795 2952">
     <span class='ocr_line' id='line_1_34' title="bbox 258 2869 1795 2952; baseline 0.005 -28"><span class='ocrx_word' id='word_1_208' title='bbox 258 2869 427 2941; x_wconf 85' lang='grc'>[(70)</span> <span class='ocrx_word' id='word_1_209' title='bbox 484 2870 572 2933; x_wconf 83' lang='grc' dir='ltr'>Εἰς</span> <span class='ocrx_word' id='word_1_210' title='bbox 612 2882 809 2925; x_wconf 82' lang='grc' dir='ltr'>πτῶσιν</span> <span class='ocrx_word' id='word_1_211' title='bbox 859 2877 949 2945; x_wconf 76' lang='grc' dir='ltr'>μὲν</span> <span class='ocrx_word' id='word_1_212' title='bbox 986 2879 1198 2947; x_wconf 85' lang='grc' dir='ltr'>σαρκός,</span> <span class='ocrx_word' id='word_1_213' title='bbox 1245 2881 1363 2935; x_wconf 77' lang='grc' dir='ltr'>ἤτοι</span> <span class='ocrx_word' id='word_1_214' title='bbox 1396 2886 1493 2930; x_wconf 74' lang='grc' dir='ltr'>τοῦ</span> <span class='ocrx_word' id='word_1_215' title='bbox 1541 2888 1795 2952; x_wconf 80' lang='grc' dir='ltr'>σαρκικοῦ</span> 
     </span>
    </p>
   </div>
   <div class='ocr_carea' id='block_1_35' title="bbox 192 2965 1795 3042">
    <p class='ocr_par' dir='ltr' id='par_1_35' title="bbox 192 2965 1795 3042">
     <span class='ocr_line' id='line_1_35' title="bbox 192 2965 1795 3042; baseline 0.007 -31"><span class='ocrx_word' id='word_1_216' title='bbox 192 2966 519 3034; x_wconf 74' lang='grc' dir='ltr'>φρονήματος</span> <span class='ocrx_word' id='word_1_217' title='bbox 576 2968 665 3015; x_wconf 86' lang='grc' dir='ltr'>καὶ</span> <span class='ocrx_word' id='word_1_218' title='bbox 724 2965 902 3015; x_wconf 86' lang='grc' dir='ltr'>παθῶν</span> <span class='ocrx_word' id='word_1_219' title='bbox 955 2970 1044 3017; x_wconf 86' lang='grc' dir='ltr'>καὶ</span> <span class='ocrx_word' id='word_1_220' title='bbox 1096 2965 1358 3040; x_wconf 74' lang='grc' dir='ltr'>λογισμῶν</span> <span class='ocrx_word' id='word_1_221' title='bbox 1411 2979 1647 3042; x_wconf 78' lang='grc' dir='ltr'>πονηρῶν</span> <span class='ocrx_word' id='word_1_222' title='bbox 1706 2974 1795 3023; x_wconf 84' lang='grc' dir='ltr'>καὶ</span> 
     </span>
    </p>
   </div>
   <div class='ocr_carea' id='block_1_36' title="bbox 193 3045 1792 3131">
    <p class='ocr_par' dir='ltr' id='par_1_36' title="bbox 193 3045 1792 3131">
     <span class='ocr_line' id='line_1_36' title="bbox 193 3045 1792 3131; baseline 0.008 -32"><span class='ocrx_word' id='word_1_223' title='bbox 193 3045 472 3121; x_wconf 77' lang='grc' dir='ltr'>δαιμόνων,</span> <span class='ocrx_word' id='word_1_224' title='bbox 509 3056 597 3103; x_wconf 87' lang='grc' dir='ltr'>καὶ</span> <span class='ocrx_word' id='word_1_225' title='bbox 645 3060 736 3104; x_wconf 79' lang='grc' dir='ltr'>τοῦ</span> <span class='ocrx_word' id='word_1_226' title='bbox 776 3057 906 3106; x_wconf 87' lang='grc' dir='ltr'>κατά</span> <span class='ocrx_word' id='word_1_227' title='bbox 958 3058 1016 3107; x_wconf 87' lang='grc' dir='ltr'>τὸ</span> <span class='ocrx_word' id='word_1_228' title='bbox 1060 3058 1281 3130; x_wconf 76' lang='grc' dir='ltr'>γράμμα</span> <span class='ocrx_word' id='word_1_229' title='bbox 1334 3063 1513 3131; x_wconf 71' lang='grc' dir='ltr'>νόμον*</span> <span class='ocrx_word' id='word_1_230' title='bbox 1565 3058 1792 3112; x_wconf 90' lang='grc' dir='ltr'>ἀνάστα-</span> 
     </span>
    </p>
   </div>
   <div class='ocr_carea' id='block_1_37' title="bbox 1908 548 3571 618">
    <p class='ocr_par' dir='ltr' id='par_1_37' title="bbox 1908 548 3571 618">
     <span class='ocr_line' id='line_1_37' title="bbox 1908 548 3571 618; baseline 0.003 -21"><span class='ocrx_word' id='word_1_231' title='bbox 1908 550 2115 615; x_wconf 70' lang='lat' dir='ltr'>prazter</span> <span class='ocrx_word' id='word_1_232' title='bbox 2149 552 2446 611; x_wconf 85' lang='lat' dir='ltr'>naturam,</span> <span class='ocrx_word' id='word_1_233' title='bbox 2490 552 2544 602; x_wconf 91' lang='lat' dir='ltr'>et</span> <span class='ocrx_word' id='word_1_234' title='bbox 2576 548 2875 618; x_wconf 85' lang='lat' dir='ltr'>pOssessio</span> <span class='ocrx_word' id='word_1_235' title='bbox 2926 548 3245 611; x_wconf 89' lang='lat' dir='ltr'>bonorum,</span> <span class='ocrx_word' id='word_1_236' title='bbox 3279 564 3409 617; x_wconf 70' lang='lat' dir='ltr'>quae</span> <span class='ocrx_word' id='word_1_237' title='bbox 3433 553 3571 602; x_wconf 88' lang='lat' dir='ltr'>sunt</span> 
     </span>
    </p>
   </div>
   <div class='ocr_carea' id='block_1_38' title="bbox 1912 635 3571 709">
    <p class='ocr_par' dir='ltr' id='par_1_38' title="bbox 1912 635 3571 709">
     <span class='ocr_line' id='line_1_38' title="bbox 1912 635 3571 709; baseline 0.004 -22"><span class='ocrx_word' id='word_1_238' title='bbox 1912 635 2243 688; x_wconf 88' lang='lat' dir='ltr'>secundum</span> <span class='ocrx_word' id='word_1_239' title='bbox 2258 637 3418 709; x_wconf 66' lang='lat' dir='ltr'>naturam,ctacquisitiobonorum,quae</span> <span class='ocrx_word' id='word_1_240' title='bbox 3434 641 3571 693; x_wconf 84' lang='lat' dir='ltr'>sunt</span> 
     </span>
    </p>
   </div>
   <div class='ocr_carea' id='block_1_39' title="bbox 1911 726 3565 795">
    <p class='ocr_par' dir='ltr' id='par_1_39' title="bbox 1911 726 3565 795">
     <span class='ocr_line' id='line_1_39' title="bbox 1911 726 3565 795; baseline 0.001 -19"><span class='ocrx_word' id='word_1_241' title='bbox 1911 739 2090 793; x_wconf 82' lang='lat' dir='ltr'>supra</span> <span class='ocrx_word' id='word_1_242' title='bbox 2116 733 2414 780; x_wconf 83' lang='lat' dir='ltr'>naturam.</span> <span class='ocrx_word' id='word_1_243' title='bbox 2448 726 2567 789; x_wconf 89' lang='lat' dir='ltr'>Vel,</span> <span class='ocrx_word' id='word_1_244' title='bbox 2622 726 2808 781; x_wconf 87' lang='lat' dir='ltr'>virtus</span> <span class='ocrx_word' id='word_1_245' title='bbox 2841 732 2896 781; x_wconf 90' lang='lat' dir='ltr'>et</span> <span class='ocrx_word' id='word_1_246' title='bbox 2939 726 3197 795; x_wconf 73' lang='lat' dir='ltr'>cognitio</span> <span class='ocrx_word' id='word_1_247' title='bbox 3228 726 3565 781; x_wconf 82' lang='lat' dir='ltr'>divinitatis.</span> 
     </span>
    </p>
   </div>
   <div class='ocr_carea' id='block_1_40' title="bbox 1983 812 3570 885">
    <p class='ocr_par' dir='ltr' id='par_1_40' title="bbox 1983 812 3570 885">
     <span class='ocr_line' id='line_1_40' title="bbox 1983 812 3570 885; baseline 0.003 -20"><span class='ocrx_word' id='word_1_248' title='bbox 1983 812 2204 868; x_wconf 83' lang='lat' dir='ltr'>Lumen</span> <span class='ocrx_word' id='word_1_249' title='bbox 2234 833 2245 871; x_wconf 89' lang='lat'>:</span> <span class='ocrx_word' id='word_1_250' title='bbox 2275 814 2439 885; x_wconf 90' lang='lat' dir='ltr'>quod</span> <span class='ocrx_word' id='word_1_251' title='bbox 2470 815 2751 883; x_wconf 81' lang='lat' dir='ltr'>gentibUS</span> <span class='ocrx_word' id='word_1_252' title='bbox 2784 832 2980 871; x_wconf 90' lang='lat' dir='ltr'>errore</span> <span class='ocrx_word' id='word_1_253' title='bbox 3012 817 3184 871; x_wconf 80' lang='lat' dir='ltr'>caecis</span> <span class='ocrx_word' id='word_1_254' title='bbox 3232 816 3423 870; x_wconf 89' lang='lat' dir='ltr'>visum</span> <span class='ocrx_word' id='word_1_255' title='bbox 3445 831 3570 870; x_wconf 90' lang='lat' dir='ltr'>res-</span> 
     </span>
    </p>
   </div>
   <div class='ocr_carea' id='block_1_41' title="bbox 1912 901 3571 970">
    <p class='ocr_par' dir='ltr' id='par_1_41' title="bbox 1912 901 3571 970">
     <span class='ocr_line' id='line_1_41' title="bbox 1912 901 3571 970; baseline 0.002 -14"><span class='ocrx_word' id='word_1_256' title='bbox 1912 901 2097 957; x_wconf 89' lang='lat' dir='ltr'>tituat.</span> <span class='ocrx_word' id='word_1_257' title='bbox 2156 901 2603 960; x_wconf 78' lang='lat' dir='ltr'>Revelationem</span> <span class='ocrx_word' id='word_1_258' title='bbox 2638 906 2794 960; x_wconf 89' lang='lat' dir='ltr'>enim</span> <span class='ocrx_word' id='word_1_259' title='bbox 2830 909 3017 970; x_wconf 90' lang='lat' dir='ltr'>vocat,</span> <span class='ocrx_word' id='word_1_260' title='bbox 3060 904 3225 960; x_wconf 89' lang='lat' dir='ltr'>visus</span> <span class='ocrx_word' id='word_1_261' title='bbox 3256 905 3571 960; x_wconf 90' lang='lat' dir='ltr'>restitutio-</span> 
     </span>
    </p>
   </div>
   <div class='ocr_carea' id='block_1_42' title="bbox 1912 991 3567 1065">
    <p class='ocr_par' dir='ltr' id='par_1_42' title="bbox 1912 991 3567 1065">
     <span class='ocr_line' id='line_1_42' title="bbox 1912 991 3567 1065; baseline 0.003 -21"><span class='ocrx_word' id='word_1_262' title='bbox 1912 1005 2073 1045; x_wconf 87' lang='lat' dir='ltr'><strong>nem.</strong></span> <span class='ocrx_word' id='word_1_263' title='bbox 2093 991 2178 1045; x_wconf 74' lang='lat' dir='ltr'>Ad</span> <span class='ocrx_word' id='word_1_264' title='bbox 2200 991 2444 1061; x_wconf 79' lang='lat' dir='ltr'>gloriam</span> <span class='ocrx_word' id='word_1_265' title='bbox 2469 993 2528 1047; x_wconf 91' lang='lat' dir='ltr'>id</span> <span class='ocrx_word' id='word_1_266' title='bbox 2552 994 2796 1065; x_wconf 87' lang='lat' dir='ltr'>quidem</span> <span class='ocrx_word' id='word_1_267' title='bbox 2820 1001 2876 1050; x_wconf 91' lang='lat' dir='ltr'>et</span> <span class='ocrx_word' id='word_1_268' title='bbox 2892 993 3153 1049; x_wconf 86' lang='lat' dir='ltr'>nominis</span> <span class='ocrx_word' id='word_1_269' title='bbox 3175 994 3567 1049; x_wconf 81' lang='lat' dir='ltr'>celebritatem</span> 
     </span>
    </p>
   </div>
   <div class='ocr_carea' id='block_1_43' title="bbox 1911 1080 3569 1154">
    <p class='ocr_par' dir='ltr' id='par_1_43' title="bbox 1911 1080 3569 1154">
     <span class='ocr_line' id='line_1_43' title="bbox 1911 1080 3569 1154; baseline 0.002 -20"><span class='ocrx_word' id='word_1_270' title='bbox 1911 1080 2111 1152; x_wconf 88' lang='lat' dir='ltr'>populi</span> <span class='ocrx_word' id='word_1_271' title='bbox 2142 1081 2223 1135; x_wconf 91' lang='lat' dir='ltr'>tui</span> <span class='ocrx_word' id='word_1_272' title='bbox 2255 1080 2575 1138; x_wconf 83' lang='lat' dir='ltr'>Israelitici.</span> <span class='ocrx_word' id='word_1_273' title='bbox 2605 1085 2743 1138; x_wconf 89' lang='lat' dir='ltr'>Nam</span> <span class='ocrx_word' id='word_1_274' title='bbox 2776 1083 2967 1153; x_wconf 82' lang='lat' dir='ltr'>gloria</span> <span class='ocrx_word' id='word_1_275' title='bbox 2996 1082 3233 1138; x_wconf 89' lang='lat' dir='ltr'>illorum</span> <span class='ocrx_word' id='word_1_276' title='bbox 3270 1089 3373 1148; x_wconf 88' lang='lat' dir='ltr'>est,</span> <span class='ocrx_word' id='word_1_277' title='bbox 3403 1082 3569 1154; x_wconf 91' lang='lat' dir='ltr'>quod</span> 
     </span>
    </p>
   </div>
   <div class='ocr_carea' id='block_1_44' title="bbox 1912 1170 3570 1245">
    <p class='ocr_par' dir='ltr' id='par_1_44' title="bbox 1912 1170 3570 1245">
     <span class='ocr_line' id='line_1_44' title="bbox 1912 1170 3570 1245; baseline 0.002 -22"><span class='ocrx_word' id='word_1_278' title='bbox 1912 1170 2239 1225; x_wconf 90' lang='lat' dir='ltr'>secundum</span> <span class='ocrx_word' id='word_1_279' title='bbox 2276 1170 2715 1227; x_wconf 81' lang='lat' dir='ltr'>humanitatem</span> <span class='ocrx_word' id='word_1_280' title='bbox 2743 1173 2819 1227; x_wconf 90' lang='lat' dir='ltr'>sis</span> <span class='ocrx_word' id='word_1_281' title='bbox 2848 1172 2925 1228; x_wconf 90' lang='lat' dir='ltr'>ab</span> <span class='ocrx_word' id='word_1_282' title='bbox 2969 1172 3051 1227; x_wconf 88' lang='lat' dir='ltr'>eis</span> <span class='ocrx_word' id='word_1_283' title='bbox 3095 1174 3460 1245; x_wconf 86' lang='lat' dir='ltr'>progenitus.</span> <span class='ocrx_word' id='word_1_284' title='bbox 3504 1175 3570 1227; x_wconf 84' lang='lat' dir='ltr'>Et</span> 
     </span>
    </p>
   </div>
   <div class='ocr_carea' id='block_1_45' title="bbox 1911 1258 3564 1333">
    <p class='ocr_par' dir='ltr' id='par_1_45' title="bbox 1911 1258 3564 1333">
     <span class='ocr_line' id='line_1_45' title="bbox 1911 1258 3564 1333; baseline 0.002 -21"><span class='ocrx_word' id='word_1_285' title='bbox 1911 1274 2044 1313; x_wconf 85' lang='lat' dir='ltr'>vere</span> <span class='ocrx_word' id='word_1_286' title='bbox 2076 1258 2353 1315; x_wconf 87' lang='lat' dir='ltr'>salutaris</span> <span class='ocrx_word' id='word_1_287' title='bbox 2373 1262 2725 1326; x_wconf 89' lang='lat' dir='ltr'>incarnatio,</span> <span class='ocrx_word' id='word_1_288' title='bbox 2751 1268 2954 1331; x_wconf 79' lang='lat' dir='ltr'>gentes</span> <span class='ocrx_word' id='word_1_289' title='bbox 2974 1262 3212 1333; x_wconf 88' lang='lat' dir='ltr'>quidem</span> <span class='ocrx_word' id='word_1_290' title='bbox 3232 1261 3564 1332; x_wconf 81' lang='lat' dir='ltr'>illustravit,</span> 
     </span>
    </p>
   </div>
   <div class='ocr_carea' id='block_1_46' title="bbox 1910 1347 3567 1419">
    <p class='ocr_par' dir='ltr' id='par_1_46' title="bbox 1910 1347 3567 1419">
     <span class='ocr_line' id='line_1_46' title="bbox 1910 1347 3567 1419; baseline 0.001 -17"><span class='ocrx_word' id='word_1_291' title='bbox 1910 1347 2294 1404; x_wconf 81' lang='lat' dir='ltr'>illustratione</span> <span class='ocrx_word' id='word_1_292' title='bbox 2328 1350 2545 1405; x_wconf 67' lang='lat' dir='ltr'>divinae</span> <span class='ocrx_word' id='word_1_293' title='bbox 2577 1351 2934 1419; x_wconf 81' lang='lat' dir='ltr'>cognitionis</span> <span class='ocrx_word' id='word_1_294' title='bbox 2961 1367 3030 1406; x_wconf 89' lang='lat' dir='ltr'>ac</span> <span class='ocrx_word' id='word_1_295' title='bbox 3052 1350 3296 1416; x_wconf 87' lang='lat' dir='ltr'>virtutis;</span> <span class='ocrx_word' id='word_1_296' title='bbox 3328 1350 3567 1404; x_wconf 68' lang='lat' dir='ltr'>Judzeos</span> 
     </span>
    </p>
   </div>
   <div class='ocr_carea' id='block_1_47' title="bbox 1910 1437 3568 1511">
    <p class='ocr_par' dir='ltr' id='par_1_47' title="bbox 1910 1437 3568 1511">
     <span class='ocr_line' id='line_1_47' title="bbox 1910 1437 3568 1511; baseline 0.003 -20"><span class='ocrx_word' id='word_1_297' title='bbox 1910 1453 2049 1492; x_wconf 86' lang='lat' dir='ltr'>vero</span> <span class='ocrx_word' id='word_1_298' title='bbox 2082 1437 2449 1507; x_wconf 84' lang='lat' dir='ltr'>gloriﬁcavit,</span> <span class='ocrx_word' id='word_1_299' title='bbox 2484 1440 2622 1510; x_wconf 87' lang='lat' dir='ltr'>quia</span> <span class='ocrx_word' id='word_1_300' title='bbox 2644 1444 2938 1511; x_wconf 86' lang='lat' dir='ltr'>cognatus</span> <span class='ocrx_word' id='word_1_301' title='bbox 2966 1456 3173 1495; x_wconf 92' lang='lat' dir='ltr'>eorum</span> <span class='ocrx_word' id='word_1_302' title='bbox 3205 1439 3331 1493; x_wconf 82' lang='lat' dir='ltr'>ﬁeri</span> <span class='ocrx_word' id='word_1_303' title='bbox 3361 1439 3568 1510; x_wconf 86' lang='lat' dir='ltr'>digna-</span> 
     </span>
    </p>
   </div>
   <div class='ocr_carea' id='block_1_48' title="bbox 1908 1531 2125 1582">
    <p class='ocr_par' dir='ltr' id='par_1_48' title="bbox 1908 1531 2125 1582">
     <span class='ocr_line' id='line_1_48' title="bbox 1908 1531 2125 1582; baseline 0 -1"><span class='ocrx_word' id='word_1_304' title='bbox 1908 1531 2125 1582; x_wconf 73' lang='lat' dir='ltr'>tusesL</span> 
     </span>
    </p>
   </div>
   <div class='ocr_carea' id='block_1_49' title="bbox 1982 1615 3567 1685">
    <p class='ocr_par' dir='ltr' id='par_1_49' title="bbox 1982 1615 3567 1685">
     <span class='ocr_line' id='line_1_49' title="bbox 1982 1615 3567 1685; baseline 0.003 -16"><span class='ocrx_word' id='word_1_305' title='bbox 1982 1615 2140 1671; x_wconf 89' lang='lat' dir='ltr'>Vers.</span> <span class='ocrx_word' id='word_1_306' title='bbox 2172 1616 2258 1672; x_wconf 87' lang='lat'>33.</span> <span class='ocrx_word' id='word_1_307' title='bbox 2316 1618 2393 1672; x_wconf 83' lang='lat' dir='ltr'>Et</span> <span class='ocrx_word' id='word_1_308' title='bbox 2424 1624 2591 1673; x_wconf 79' lang='lat' dir='ltr'>erant</span> <span class='ocrx_word' id='word_1_309' title='bbox 2642 1648 2709 1658; x_wconf 84' lang='lat'>-—</span> <span class='ocrx_word' id='word_1_310' title='bbox 2761 1619 2834 1675; x_wconf 85' lang='lat' dir='ltr'>de</span> <span class='ocrx_word' id='word_1_311' title='bbox 2864 1618 2981 1673; x_wconf 78' lang='lat' dir='ltr'>illo.</span> <span class='ocrx_word' id='word_1_312' title='bbox 3033 1618 3413 1685; x_wconf 78' lang='lat' dir='ltr'>Mirabantur,</span> <span class='ocrx_word' id='word_1_313' title='bbox 3445 1633 3567 1673; x_wconf 91' lang='lat' dir='ltr'>non</span> 
     </span>
    </p>
   </div>
   <div class='ocr_carea' id='block_1_50' title="bbox 1908 1705 3569 1778">
    <p class='ocr_par' dir='ltr' id='par_1_50' title="bbox 1908 1705 3569 1778">
     <span class='ocr_line' id='line_1_50' title="bbox 1908 1705 3569 1778; baseline 0.002 -19"><span class='ocrx_word' id='word_1_314' title='bbox 1908 1705 2073 1775; x_wconf 90' lang='lat' dir='ltr'>quod</span> <span class='ocrx_word' id='word_1_315' title='bbox 2104 1710 2315 1776; x_wconf 57' lang='lat' dir='ltr'>praeter</span> <span class='ocrx_word' id='word_1_316' title='bbox 2344 1723 2431 1772; x_wconf 87' lang='lat' dir='ltr'>ea,</span> <span class='ocrx_word' id='word_1_317' title='bbox 2465 1723 2600 1778; x_wconf 68' lang='lat' dir='ltr'>quas</span> <span class='ocrx_word' id='word_1_318' title='bbox 2632 1706 2793 1778; x_wconf 89' lang='lat' dir='ltr'>prius</span> <span class='ocrx_word' id='word_1_319' title='bbox 2846 1707 3195 1774; x_wconf 85' lang='lat' dir='ltr'>didicerant,</span> <span class='ocrx_word' id='word_1_320' title='bbox 3225 1707 3425 1763; x_wconf 89' lang='lat' dir='ltr'>adhuc</span> <span class='ocrx_word' id='word_1_321' title='bbox 3462 1707 3569 1763; x_wconf 88' lang='lat' dir='ltr'>mi-</span> 
     </span>
    </p>
   </div>
   <div class='ocr_carea' id='block_1_51' title="bbox 1840 1793 2649 1867">
    <p class='ocr_par' dir='ltr' id='par_1_51' title="bbox 1840 1793 2649 1867">
     <span class='ocr_line' id='line_1_51' title="bbox 1840 1793 2649 1867; baseline 0.002 -19"><span class='ocrx_word' id='word_1_322' title='bbox 1840 1811 1880 1864; x_wconf 76' lang='grc' dir='ltr'><strong>Β</strong></span> <span class='ocrx_word' id='word_1_323' title='bbox 1910 1793 2184 1851; x_wconf 79' lang='lat' dir='ltr'>rabiliora</span> <span class='ocrx_word' id='word_1_324' title='bbox 2218 1796 2649 1867; x_wconf 86' lang='lat' dir='ltr'>percipiebant.</span> 
     </span>
    </p>
   </div>
   <div class='ocr_carea' id='block_1_52' title="bbox 1979 2008 3563 2075">
    <p class='ocr_par' dir='ltr' id='par_1_52' title="bbox 1979 2008 3563 2075">
     <span class='ocr_line' id='line_1_52' title="bbox 1979 2008 3563 2075; baseline 0.002 -13"><span class='ocrx_word' id='word_1_325' title='bbox 1979 2008 2145 2063; x_wconf 88' lang='lat' dir='ltr'>Vers.</span> <span class='ocrx_word' id='word_1_326' title='bbox 2180 2008 2265 2064; x_wconf 71' lang='lat'>34.</span> <span class='ocrx_word' id='word_1_327' title='bbox 2299 2011 2364 2063; x_wconf 86' lang='lat' dir='ltr'>Et</span> <span class='ocrx_word' id='word_1_328' title='bbox 2414 2010 2703 2066; x_wconf 73' lang='lat' dir='ltr'>benedixit</span> <span class='ocrx_word' id='word_1_329' title='bbox 2746 2041 2815 2051; x_wconf 96' lang='lat'><strong>—</strong></span> <span class='ocrx_word' id='word_1_330' title='bbox 2865 2010 3075 2066; x_wconf 80' lang='lat' dir='ltr'>Israel.</span> <span class='ocrx_word' id='word_1_331' title='bbox 3105 2014 3167 2065; x_wconf 89' lang='lat' dir='ltr'>In</span> <span class='ocrx_word' id='word_1_332' title='bbox 3191 2026 3398 2066; x_wconf 89' lang='lat' dir='ltr'>casum</span> <span class='ocrx_word' id='word_1_333' title='bbox 3448 2009 3563 2075; x_wconf 92' lang='lat' dir='ltr'>his,</span> 
     </span>
    </p>
   </div>
   <div class='ocr_carea' id='block_1_53' title="bbox 1907 2097 3565 2171">
    <p class='ocr_par' dir='ltr' id='par_1_53' title="bbox 1907 2097 3565 2171">
     <span class='ocr_line' id='line_1_53' title="bbox 1907 2097 3565 2171; baseline 0.003 -20"><span class='ocrx_word' id='word_1_334' title='bbox 1907 2097 2012 2169; x_wconf 91' lang='lat' dir='ltr'>qui</span> <span class='ocrx_word' id='word_1_335' title='bbox 2047 2098 2125 2153; x_wconf 92' lang='lat' dir='ltr'>ad</span> <span class='ocrx_word' id='word_1_336' title='bbox 2156 2114 2220 2153; x_wconf 89' lang='lat' dir='ltr'>ea</span> <span class='ocrx_word' id='word_1_337' title='bbox 2253 2098 2586 2165; x_wconf 78' lang='lat' dir='ltr'>offendunt,</span> <span class='ocrx_word' id='word_1_338' title='bbox 2606 2116 2739 2171; x_wconf 76' lang='lat' dir='ltr'>quae</span> <span class='ocrx_word' id='word_1_339' title='bbox 2756 2099 3019 2159; x_wconf 87' lang='lat' dir='ltr'>hominis</span> <span class='ocrx_word' id='word_1_340' title='bbox 3040 2104 3198 2165; x_wconf 90' lang='lat' dir='ltr'>sunt,</span> <span class='ocrx_word' id='word_1_341' title='bbox 3224 2099 3327 2171; x_wconf 93' lang='lat' dir='ltr'>qui</span> <span class='ocrx_word' id='word_1_342' title='bbox 3343 2100 3565 2156; x_wconf 90' lang='lat' dir='ltr'>cadunt</span> 
     </span>
    </p>
   </div>
   <div class='ocr_carea' id='block_1_54' title="bbox 1907 2186 3565 2259">
    <p class='ocr_par' dir='ltr' id='par_1_54' title="bbox 1907 2186 3565 2259">
     <span class='ocr_line' id='line_1_54' title="bbox 1907 2186 3565 2259; baseline 0.003 -19"><span class='ocrx_word' id='word_1_343' title='bbox 1907 2186 1968 2241; x_wconf 91' lang='lat' dir='ltr'>in</span> <span class='ocrx_word' id='word_1_344' title='bbox 1988 2186 2456 2243; x_wconf 85' lang='lat' dir='ltr'>incredulitatem</span> <span class='ocrx_word' id='word_1_345' title='bbox 2486 2188 2805 2245; x_wconf 87' lang='lat' dir='ltr'>divinitatis</span> <span class='ocrx_word' id='word_1_346' title='bbox 2836 2189 2965 2259; x_wconf 92' lang='lat' dir='ltr'>ejus</span> <span class='ocrx_word' id='word_1_347' title='bbox 3000 2206 3011 2245; x_wconf 89' lang='lat'><strong>:</strong></span> <span class='ocrx_word' id='word_1_348' title='bbox 3043 2191 3395 2245; x_wconf 86' lang='lat' dir='ltr'>erectionem</span> <span class='ocrx_word' id='word_1_349' title='bbox 3426 2204 3565 2245; x_wconf 88' lang='lat' dir='ltr'>vero</span> 
     </span>
    </p>
   </div>
   <div class='ocr_carea' id='block_1_55' title="bbox 1903 2276 3568 2351">
    <p class='ocr_par' dir='ltr' id='par_1_55' title="bbox 1903 2276 3568 2351">
     <span class='ocr_line' id='line_1_55' title="bbox 1903 2276 3568 2351; baseline 0.002 -20"><span class='ocrx_word' id='word_1_350' title='bbox 1903 2276 2018 2343; x_wconf 90' lang='lat' dir='ltr'>his,</span> <span class='ocrx_word' id='word_1_351' title='bbox 2049 2277 2153 2348; x_wconf 91' lang='lat' dir='ltr'>qui</span> <span class='ocrx_word' id='word_1_352' title='bbox 2192 2276 2499 2333; x_wconf 67' lang='lat' dir='ltr'>adhaerent</span> <span class='ocrx_word' id='word_1_353' title='bbox 2528 2278 2729 2343; x_wconf 89' lang='lat' dir='ltr'>rebus,</span> <span class='ocrx_word' id='word_1_354' title='bbox 2789 2294 2923 2351; x_wconf 70' lang='lat' dir='ltr'>quae</span> <span class='ocrx_word' id='word_1_355' title='bbox 2961 2278 3062 2333; x_wconf 90' lang='lat' dir='ltr'>Dei</span> <span class='ocrx_word' id='word_1_356' title='bbox 3106 2283 3262 2334; x_wconf 90' lang='lat' dir='ltr'>sunt.</span> <span class='ocrx_word' id='word_1_357' title='bbox 3295 2279 3450 2335; x_wconf 88' lang='lat' dir='ltr'>Situs</span> <span class='ocrx_word' id='word_1_358' title='bbox 3478 2281 3568 2334; x_wconf 86' lang='lat' dir='ltr'>est</span> 
     </span>
    </p>
   </div>
   <div class='ocr_carea' id='block_1_56' title="bbox 1904 2367 3566 2439">
    <p class='ocr_par' dir='ltr' id='par_1_56' title="bbox 1904 2367 3566 2439">
     <span class='ocr_line' id='line_1_56' title="bbox 1904 2367 3566 2439; baseline -0.001 -17"><span class='ocrx_word' id='word_1_359' title='bbox 1904 2371 2126 2434; x_wconf 89' lang='lat' dir='ltr'>autem,</span> <span class='ocrx_word' id='word_1_360' title='bbox 2154 2371 2351 2438; x_wconf 84' lang='lat' dir='ltr'>utpote</span> <span class='ocrx_word' id='word_1_361' title='bbox 2381 2367 2532 2438; x_wconf 87' lang='lat' dir='ltr'>lapis</span> <span class='ocrx_word' id='word_1_362' title='bbox 2562 2368 2885 2437; x_wconf 82' lang='lat' dir='ltr'>angularis,</span> <span class='ocrx_word' id='word_1_363' title='bbox 2918 2369 3290 2437; x_wconf 86' lang='lat' dir='ltr'>conjungens</span> <span class='ocrx_word' id='word_1_364' title='bbox 3314 2367 3387 2423; x_wconf 91' lang='lat' dir='ltr'>ad</span> <span class='ocrx_word' id='word_1_365' title='bbox 3416 2368 3566 2439; x_wconf 90' lang='lat' dir='ltr'>seip-</span> 
     </span>
    </p>
   </div>
   <div class='ocr_carea' id='block_1_57' title="bbox 1904 2456 3569 2529">
    <p class='ocr_par' dir='ltr' id='par_1_57' title="bbox 1904 2456 3569 2529">
     <span class='ocr_line' id='line_1_57' title="bbox 1904 2456 3569 2529; baseline 0.001 -18"><span class='ocrx_word' id='word_1_366' title='bbox 1904 2472 2038 2511; x_wconf 91' lang='lat' dir='ltr'>sum</span> <span class='ocrx_word' id='word_1_367' title='bbox 2084 2456 2240 2512; x_wconf 87' lang='lat' dir='ltr'>duos</span> <span class='ocrx_word' id='word_1_368' title='bbox 2293 2457 2564 2529; x_wconf 90' lang='lat' dir='ltr'>populos,</span> <span class='ocrx_word' id='word_1_369' title='bbox 2611 2462 2866 2513; x_wconf 87' lang='lat' dir='ltr'>veterem</span> <span class='ocrx_word' id='word_1_370' title='bbox 2914 2473 2985 2513; x_wconf 84' lang='lat' dir='ltr'>ac</span> <span class='ocrx_word' id='word_1_371' title='bbox 3036 2474 3284 2513; x_wconf 88' lang='lat' dir='ltr'>novum.</span> <span class='ocrx_word' id='word_1_372' title='bbox 3334 2461 3481 2513; x_wconf 89' lang='lat' dir='ltr'>Nam</span> <span class='ocrx_word' id='word_1_373' title='bbox 3510 2460 3569 2513; x_wconf 88' lang='lat' dir='ltr'>et</span> 
     </span>
    </p>
   </div>
   <div class='ocr_carea' id='block_1_58' title="bbox 1902 2546 3564 2618">
    <p class='ocr_par' dir='ltr' id='par_1_58' title="bbox 1902 2546 3564 2618">
     <span class='ocr_line' id='line_1_58' title="bbox 1902 2546 3564 2618; baseline 0.001 -16"><span class='ocrx_word' id='word_1_374' title='bbox 1902 2562 2010 2617; x_wconf 89' lang='lat' dir='ltr'>per</span> <span class='ocrx_word' id='word_1_375' title='bbox 2026 2546 2240 2602; x_wconf 86' lang='lat' dir='ltr'>Isaiam</span> <span class='ocrx_word' id='word_1_376' title='bbox 2255 2547 2529 2618; x_wconf 83' lang='lat' dir='ltr'>praedixit</span> <span class='ocrx_word' id='word_1_377' title='bbox 2540 2549 2694 2603; x_wconf 91' lang='lat' dir='ltr'>Deus</span> <span class='ocrx_word' id='word_1_378' title='bbox 2710 2565 2733 2609; x_wconf 11' lang='lat'>:7</span> <span class='ocrx_word' id='word_1_379' title='bbox 2744 2549 2896 2603; x_wconf 85' lang='lat' dir='ltr'>Ecce</span> <span class='ocrx_word' id='word_1_380' title='bbox 2908 2564 3064 2617; x_wconf 77' lang='lat' dir='ltr'>pono</span> <span class='ocrx_word' id='word_1_381' title='bbox 3076 2547 3138 2604; x_wconf 85' lang='lat' dir='ltr'>in</span> <span class='ocrx_word' id='word_1_382' title='bbox 3152 2547 3294 2604; x_wconf 90' lang='lat' dir='ltr'>Sion</span> <span class='ocrx_word' id='word_1_383' title='bbox 3308 2547 3564 2616; x_wconf 82' lang='lat' dir='ltr'>lapidem</span> 
     </span>
    </p>
   </div>
   <div class='ocr_carea' id='block_1_59' title="bbox 1905 2636 2959 2706">
    <p class='ocr_par' dir='ltr' id='par_1_59' title="bbox 1905 2636 2959 2706">
     <span class='ocr_line' id='line_1_59' title="bbox 1905 2636 2959 2706; baseline 0.002 -16"><span class='ocrx_word' id='word_1_384' title='bbox 1905 2636 2241 2705; x_wconf 75' lang='lat' dir='ltr'>offensionis</span> <span class='ocrx_word' id='word_1_385' title='bbox 2266 2643 2320 2693; x_wconf 84' lang='lat' dir='ltr'>et</span> <span class='ocrx_word' id='word_1_386' title='bbox 2344 2643 2576 2706; x_wconf 80' lang='lat' dir='ltr'>petram</span> <span class='ocrx_word' id='word_1_387' title='bbox 2608 2638 2959 2695; x_wconf 68' lang='lat' dir='ltr'>scandali.so</span> 
     </span>
    </p>
   </div>
   <div class='ocr_carea' id='block_1_60' title="bbox 1974 2956 3566 3028">
    <p class='ocr_par' dir='ltr' id='par_1_60' title="bbox 1974 2956 3566 3028">
     <span class='ocr_line' id='line_1_60' title="bbox 1974 2956 3566 3028; baseline 0.003 -18"><span class='ocrx_word' id='word_1_388' title='bbox 1974 2958 2017 3026; x_wconf 66' lang='lat'><strong><em>+</em></strong></span> <span class='ocrx_word' id='word_1_389' title='bbox 2045 2956 2108 3011; x_wconf 91' lang='lat' dir='ltr'>In</span> <span class='ocrx_word' id='word_1_390' title='bbox 2131 2971 2339 3011; x_wconf 91' lang='lat' dir='ltr'>casum</span> <span class='ocrx_word' id='word_1_391' title='bbox 2363 2956 2609 3027; x_wconf 87' lang='lat' dir='ltr'>quidem</span> <span class='ocrx_word' id='word_1_392' title='bbox 2638 2958 2856 3023; x_wconf 90' lang='lat' dir='ltr'>carnis,</span> <span class='ocrx_word' id='word_1_393' title='bbox 2892 2957 3016 3011; x_wconf 90' lang='lat' dir='ltr'>sive</span> <span class='ocrx_word' id='word_1_394' title='bbox 3035 2957 3293 3013; x_wconf 89' lang='lat' dir='ltr'>carnalis</span> <span class='ocrx_word' id='word_1_395' title='bbox 3320 2959 3566 3028; x_wconf 88' lang='lat' dir='ltr'>pruden-</span> 
     </span>
    </p>
   </div>
   <div class='ocr_carea' id='block_1_61' title="bbox 1904 3044 3567 3115">
    <p class='ocr_par' dir='ltr' id='par_1_61' title="bbox 1904 3044 3567 3115">
     <span class='ocr_line' id='line_1_61' title="bbox 1904 3044 3567 3115; baseline 0.001 -14"><span class='ocrx_word' id='word_1_396' title='bbox 1904 3045 1999 3101; x_wconf 82' lang='lat' dir='ltr'>tiae</span> <span class='ocrx_word' id='word_1_397' title='bbox 2030 3051 2085 3101; x_wconf 90' lang='lat' dir='ltr'>et</span> <span class='ocrx_word' id='word_1_398' title='bbox 2113 3044 2515 3115; x_wconf 73' lang='lat' dir='ltr'>aﬂ‘ectionum,</span> <span class='ocrx_word' id='word_1_399' title='bbox 2560 3061 2630 3101; x_wconf 89' lang='lat' dir='ltr'>ac</span> <span class='ocrx_word' id='word_1_400' title='bbox 2676 3046 3105 3115; x_wconf 82' lang='lat' dir='ltr'>cogitationum</span> <span class='ocrx_word' id='word_1_401' title='bbox 3160 3046 3457 3102; x_wconf 89' lang='lat' dir='ltr'>malarum</span> <span class='ocrx_word' id='word_1_402' title='bbox 3511 3051 3567 3103; x_wconf 88' lang='lat' dir='ltr'>et</span> 
     </span>
    </p>
   </div>
   <div class='ocr_carea' id='block_1_62' title="bbox 193 3134 1792 3221">
    <p class='ocr_par' dir='ltr' id='par_1_62' title="bbox 193 3135 1792 3221">
     <span class='ocr_line' id='line_1_62' title="bbox 193 3135 1792 3221; baseline 0.008 -32"><span class='ocrx_word' id='word_1_403' title='bbox 193 3157 272 3189; x_wconf 91' lang='grc' dir='ltr'>σιν</span> <span class='ocrx_word' id='word_1_404' title='bbox 307 3135 366 3191; x_wconf 71' lang='grc' dir='ltr'>δὲ</span> <span class='ocrx_word' id='word_1_405' title='bbox 404 3142 708 3213; x_wconf 80' lang='grc' dir='ltr'>πνεύματος,</span> <span class='ocrx_word' id='word_1_406' title='bbox 753 3146 913 3214; x_wconf 76' lang='grc' dir='ltr'>ἤγουν</span> <span class='ocrx_word' id='word_1_407' title='bbox 953 3154 1302 3217; x_wconf 71' lang='grc' dir='ltr'>πνευματικοῦ</span> <span class='ocrx_word' id='word_1_408' title='bbox 1342 3153 1667 3221; x_wconf 77' lang='grc' dir='ltr'>φρονήματος</span> <span class='ocrx_word' id='word_1_409' title='bbox 1705 3155 1792 3202; x_wconf 88' lang='grc' dir='ltr'>καὶ</span> 
     </span>
    </p>
   </div>
   <div class='ocr_carea' id='block_1_63' title="bbox 1916 3134 3561 3221">
    <p class='ocr_par' dir='ltr' id='par_1_63' title="bbox 1922 3134 3561 3205">
     <span class='ocr_line' id='line_1_63' title="bbox 1922 3134 3561 3205; baseline 0.001 -16"><span class='ocrx_word' id='word_1_410' title='bbox 1922 3134 2266 3200; x_wconf 74' lang='grc' dir='ltr'>ἰεεωοωιω,</span> <span class='ocrx_word' id='word_1_411' title='bbox 2308 3151 2375 3191; x_wconf 91' lang='lat' dir='ltr'>ac</span> <span class='ocrx_word' id='word_1_412' title='bbox 2416 3134 2681 3190; x_wconf 85' lang='lat' dir='ltr'>litteratis</span> <span class='ocrx_word' id='word_1_413' title='bbox 2711 3152 2724 3189; x_wconf 90' lang='lat'><strong>:</strong></span> <span class='ocrx_word' id='word_1_414' title='bbox 2760 3135 3124 3191; x_wconf 89' lang='lat' dir='ltr'>Erectionem</span> <span class='ocrx_word' id='word_1_415' title='bbox 3152 3151 3292 3191; x_wconf 87' lang='lat' dir='ltr'>vero</span> <span class='ocrx_word' id='word_1_416' title='bbox 3319 3135 3561 3205; x_wconf 87' lang='lat' dir='ltr'>spiritus</span> 
     </span>
    </p>
   </div>
   <div class='ocr_carea' id='block_1_64' title="bbox 188 3225 1791 3307">
    <p class='ocr_par' dir='ltr' id='par_1_64' title="bbox 188 3225 1791 3307">
     <span class='ocr_line' id='line_1_64' title="bbox 188 3225 1791 3307; baseline 0.008 -30"><span class='ocrx_word' id='word_1_417' title='bbox 188 3236 416 3297; x_wconf 64' lang='grc' dir='ltr'>φυσικῶν</span> <span class='ocrx_word' id='word_1_418' title='bbox 467 3225 734 3302; x_wconf 70' lang='grc' dir='ltr'>δυνάμεων</span> <span class='ocrx_word' id='word_1_419' title='bbox 771 3238 859 3285; x_wconf 83' lang='grc' dir='ltr'>καὶ</span> <span class='ocrx_word' id='word_1_420' title='bbox 910 3231 1092 3307; x_wconf 79' lang='grc' dir='ltr'>ἀρετῆς</span> <span class='ocrx_word' id='word_1_421' title='bbox 1140 3240 1230 3287; x_wconf 86' lang='grc' dir='ltr'>καὶ</span> <span class='ocrx_word' id='word_1_422' title='bbox 1276 3242 1509 3307; x_wconf 73' lang='grc' dir='ltr'>γνώσεως</span> <span class='ocrx_word' id='word_1_423' title='bbox 1558 3242 1647 3290; x_wconf 88' lang='grc' dir='ltr'>καὶ</span> <span class='ocrx_word' id='word_1_424' title='bbox 1701 3248 1791 3290; x_wconf 79' lang='grc' dir='ltr'>τοῦ</span> 
     </span>
    </p>
   </div>
   <div class='ocr_carea' id='block_1_65' title="bbox 184 3319 875 3393">
    <p class='ocr_par' dir='ltr' id='par_1_65' title="bbox 184 3319 875 3393">
     <span class='ocr_line' id='line_1_65' title="bbox 184 3319 875 3393; baseline 0.01 -26"><span class='ocrx_word' id='word_1_425' title='bbox 184 3319 319 3369; x_wconf 84' lang='grc' dir='ltr'>κατά</span> <span class='ocrx_word' id='word_1_426' title='bbox 349 3320 407 3369; x_wconf 85' lang='grc' dir='ltr'>τὸ</span> <span class='ocrx_word' id='word_1_427' title='bbox 438 3326 642 3391; x_wconf 81' lang='grc' dir='ltr'>πνεῦμα</span> <span class='ocrx_word' id='word_1_428' title='bbox 670 3323 875 3393; x_wconf 90' lang='grc' dir='ltr'>νόμου.]</span> 
     </span>
    </p>
   </div>
   <div class='ocr_carea' id='block_1_66' title="bbox 257 3407 1789 3490">
    <p class='ocr_par' dir='ltr' id='par_1_66' title="bbox 257 3407 1789 3490">
     <span class='ocr_line' id='line_1_66' title="bbox 257 3407 1789 3490; baseline 0.008 -33"><span class='ocrx_word' id='word_1_429' title='bbox 257 3412 359 3458; x_wconf 83' lang='grc' dir='ltr'>Καὶ</span> <span class='ocrx_word' id='word_1_430' title='bbox 389 3438 459 3447; x_wconf 82' lang='lat'>——</span> <span class='ocrx_word' id='word_1_431' title='bbox 495 3407 901 3483; x_wconf 83' lang='grc' dir='ltr'>ἀντιλεγόμενον.</span> <span class='ocrx_word' id='word_1_432' title='bbox 950 3417 1050 3465; x_wconf 85' lang='grc' dir='ltr'>Καὶ</span> <span class='ocrx_word' id='word_1_433' title='bbox 1087 3413 1158 3474; x_wconf 76' lang='grc' dir='ltr'>εἰς</span> <span class='ocrx_word' id='word_1_434' title='bbox 1189 3416 1364 3487; x_wconf 78' lang='grc' dir='ltr'>θαῦμα</span> <span class='ocrx_word' id='word_1_435' title='bbox 1406 3415 1789 3490; x_wconf 68' lang='grc' dir='ltr'>ἀντιλεγόμενον</span> 
     </span>
    </p>
   </div>
   <div class='ocr_carea' id='block_1_67' title="bbox 180 3494 1792 3580">
    <p class='ocr_par' dir='ltr' id='par_1_67' title="bbox 180 3494 1792 3580">
     <span class='ocr_line' id='line_1_67' title="bbox 180 3494 1792 3580; baseline 0.009 -35"><span class='ocrx_word' id='word_1_436' title='bbox 180 3500 292 3555; x_wconf 88' lang='grc' dir='ltr'>τοῖς</span> <span class='ocrx_word' id='word_1_437' title='bbox 332 3494 596 3569; x_wconf 81' lang='grc' dir='ltr'>ἀπίστοις,</span> <span class='ocrx_word' id='word_1_438' title='bbox 640 3502 806 3551; x_wconf 82' lang='grc' dir='ltr'>εἵτουν</span> <span class='ocrx_word' id='word_1_439' title='bbox 858 3500 1155 3573; x_wconf 76' lang='grc' dir='ltr'>ἀντιλογίας</span> <span class='ocrx_word' id='word_1_440' title='bbox 1196 3505 1560 3578; x_wconf 72' lang='grc' dir='ltr'>ὑφιστάμενονο</span> <span class='ocrx_word' id='word_1_441' title='bbox 1616 3509 1792 3580; x_wconf 83' lang='grc' dir='ltr'>θαῦμα</span> 
     </span>
    </p>
   </div>
   <div class='ocr_carea' id='block_1_68' title="bbox 178 3583 1789 3668">
    <p class='ocr_par' dir='ltr' id='par_1_68' title="bbox 178 3583 1789 3668">
     <span class='ocr_line' id='line_1_68' title="bbox 178 3583 1789 3668; baseline 0.011 -35"><span class='ocrx_word' id='word_1_442' title='bbox 178 3586 284 3657; x_wconf 74' lang='grc' dir='ltr'>γὰρ</span> <span class='ocrx_word' id='word_1_443' title='bbox 344 3583 426 3651; x_wconf 73' lang='grc' dir='ltr'>ἦν,</span> <span class='ocrx_word' id='word_1_444' title='bbox 488 3590 557 3648; x_wconf 80' lang='grc' dir='ltr'>ὡς</span> <span class='ocrx_word' id='word_1_445' title='bbox 604 3593 731 3660; x_wconf 80' lang='grc' dir='ltr'>μήτε</span> <span class='ocrx_word' id='word_1_446' title='bbox 775 3590 1044 3665; x_wconf 77' lang='grc' dir='ltr'>ἄνθρωπος</span> <span class='ocrx_word' id='word_1_447' title='bbox 1098 3596 1272 3663; x_wconf 89' lang='grc' dir='ltr'>μόνον,</span> <span class='ocrx_word' id='word_1_448' title='bbox 1332 3596 1419 3661; x_wconf 84' lang='grc' dir='ltr'>ὢν,</span> <span class='ocrx_word' id='word_1_449' title='bbox 1476 3601 1607 3668; x_wconf 78' lang='grc' dir='ltr'>μήτε</span> <span class='ocrx_word' id='word_1_450' title='bbox 1660 3601 1789 3659; x_wconf 82' lang='grc' dir='ltr'>Θεὸς</span> 
     </span>
    </p>
   </div>
   <div class='ocr_carea' id='block_1_69' title="bbox 178 3674 1790 3760">
    <p class='ocr_par' dir='ltr' id='par_1_69' title="bbox 178 3674 1790 3760">
     <span class='ocr_line' id='line_1_69' title="bbox 178 3674 1790 3760; baseline 0.009 -37"><span class='ocrx_word' id='word_1_451' title='bbox 178 3678 354 3744; x_wconf 88' lang='grc' dir='ltr'>μόνον,</span> <span class='ocrx_word' id='word_1_452' title='bbox 418 3674 547 3727; x_wconf 86' lang='grc' dir='ltr'>ἀλλά</span> <span class='ocrx_word' id='word_1_453' title='bbox 606 3679 930 3751; x_wconf 83' lang='grc' dir='ltr'>θεάνθρωπος</span> <span class='ocrx_word' id='word_1_454' title='bbox 970 3694 982 3707; x_wconf 91' lang='grc'><strong>·</strong></span> <span class='ocrx_word' id='word_1_455' title='bbox 1051 3677 1136 3733; x_wconf 77' lang='grc' dir='ltr'>διὸ</span> <span class='ocrx_word' id='word_1_456' title='bbox 1192 3688 1303 3751; x_wconf 84' lang='grc' dir='ltr'>καὶ,</span> <span class='ocrx_word' id='word_1_457' title='bbox 1374 3687 1438 3745; x_wconf 83' lang='grc' dir='ltr'>ὼς</span> <span class='ocrx_word' id='word_1_458' title='bbox 1498 3686 1790 3760; x_wconf 67' lang='grc' dir='ltr'>ὑπερφυοῦς</span> 
     </span>
    </p>
   </div>
   <div class='ocr_carea' id='block_1_70' title="bbox 181 3763 1790 3844">
    <p class='ocr_par' dir='ltr' id='par_1_70' title="bbox 181 3763 1790 3844">
     <span class='ocr_line' id='line_1_70' title="bbox 181 3763 1790 3844; baseline 0.009 -31"><span class='ocrx_word' id='word_1_459' title='bbox 181 3766 341 3827; x_wconf 73' lang='grc' dir='ltr'>ὄντος,</span> <span class='ocrx_word' id='word_1_460' title='bbox 378 3763 723 3837; x_wconf 75' lang='grc' dir='ltr'>ἀντιλέγουσι,</span> <span class='ocrx_word' id='word_1_461' title='bbox 756 3770 923 3821; x_wconf 86' lang='grc' dir='ltr'>πάντα</span> <span class='ocrx_word' id='word_1_462' title='bbox 959 3773 1094 3822; x_wconf 84' lang='grc' dir='ltr'>κατὰ</span> <span class='ocrx_word' id='word_1_463' title='bbox 1126 3775 1280 3844; x_wconf 75' lang='grc' dir='ltr'>φύσιν</span> <span class='ocrx_word' id='word_1_464' title='bbox 1324 3772 1658 3841; x_wconf 79' lang='grc' dir='ltr'>ἐξετάζοντες,</span> <span class='ocrx_word' id='word_1_465' title='bbox 1701 3781 1790 3829; x_wconf 81' lang='grc' dir='ltr'>καὶ</span> 
     </span>
    </p>
   </div>
   <div class='ocr_carea' id='block_1_71' title="bbox 181 3849 1143 3931">
    <p class='ocr_par' dir='ltr' id='par_1_71' title="bbox 181 3849 1143 3931">
     <span class='ocr_line' id='line_1_71' title="bbox 181 3849 1143 3931; baseline 0.01 -28"><span class='ocrx_word' id='word_1_466' title='bbox 181 3849 298 3922; x_wconf 82' lang='grc' dir='ltr'>μηδ</span> <span class='ocrx_word' id='word_1_467' title='bbox 302 3854 350 3903; x_wconf 76' lang='grc' dir='ltr'>εν</span> <span class='ocrx_word' id='word_1_468' title='bbox 372 3855 621 3927; x_wconf 73' lang='grc' dir='ltr'>ὑπερφυὲς</span> <span class='ocrx_word' id='word_1_469' title='bbox 642 3856 819 3909; x_wconf 83' lang='grc' dir='ltr'>ἐννοεῖν</span> <span class='ocrx_word' id='word_1_470' title='bbox 847 3854 1143 3931; x_wconf 74' lang='grc' dir='ltr'>δυνάμενοι.</span> 
     </span>
    </p>
   </div>
   <div class='ocr_carea' id='block_1_72' title="bbox 252 4136 1787 4227">
    <p class='ocr_par' dir='ltr' id='par_1_72' title="bbox 252 4136 1787 4227">
     <span class='ocr_line' id='line_1_72' title="bbox 252 4136 1787 4227; baseline 0.008 -35"><span class='ocrx_word' id='word_1_471' title='bbox 252 4142 397 4201; x_wconf 74' lang='grc' dir='ltr'>Τινὲς</span> <span class='ocrx_word' id='word_1_472' title='bbox 468 4136 526 4193; x_wconf 76' lang='grc' dir='ltr'>δὲ</span> <span class='ocrx_word' id='word_1_473' title='bbox 573 4150 787 4214; x_wconf 85' lang='grc' dir='ltr'>σημεῖον</span> <span class='ocrx_word' id='word_1_474' title='bbox 859 4143 1243 4219; x_wconf 73' lang='grc' dir='ltr'>ἀντιλεγόμενον</span> <span class='ocrx_word' id='word_1_475' title='bbox 1317 4152 1409 4206; x_wconf 77' lang='grc' dir='ltr'>τὴν</span> <span class='ocrx_word' id='word_1_476' title='bbox 1492 4154 1787 4227; x_wconf 84' lang='grc' dir='ltr'>σταύρωσιν</span> 
     </span>
    </p>
   </div>
   <div class='ocr_carea' id='block_1_73' title="bbox 180 4227 1782 4313">
    <p class='ocr_par' dir='ltr' id='par_1_73' title="bbox 180 4227 1782 4313">
     <span class='ocr_line' id='line_1_73' title="bbox 180 4227 1782 4313; baseline 0.009 -34"><span class='ocrx_word' id='word_1_477' title='bbox 180 4227 411 4299; x_wconf 72' lang='grc' dir='ltr'>λέγουσι·</span> <span class='ocrx_word' id='word_1_478' title='bbox 484 4239 697 4303; x_wconf 81' lang='grc' dir='ltr'>σημεῖον</span> <span class='ocrx_word' id='word_1_479' title='bbox 753 4235 864 4305; x_wconf 76' lang='grc' dir='ltr'>μὲν,</span> <span class='ocrx_word' id='word_1_480' title='bbox 923 4237 986 4295; x_wconf 85' lang='grc' dir='ltr'>ὡς</span> <span class='ocrx_word' id='word_1_481' title='bbox 1055 4236 1311 4309; x_wconf 69' lang='grc' dir='ltr'>σύμϐολον</span> <span class='ocrx_word' id='word_1_482' title='bbox 1385 4238 1782 4313; x_wconf 77' lang='grc' dir='ltr'>φιλανθρωπίας·</span> 
     </span>
    </p>
   </div>
   <div class='ocr_carea' id='block_1_74' title="bbox 183 4314 1785 4399">
    <p class='ocr_par' dir='ltr' id='par_1_74' title="bbox 183 4314 1785 4399">
     <span class='ocr_line' id='line_1_74' title="bbox 183 4314 1785 4399; baseline 0.01 -31"><span class='ocrx_word' id='word_1_483' title='bbox 183 4314 279 4370; x_wconf 72' lang='grc' dir='ltr'>διὰ</span> <span class='ocrx_word' id='word_1_484' title='bbox 331 4322 450 4380; x_wconf 83' lang='grc' dir='ltr'>τοὺς</span> <span class='ocrx_word' id='word_1_485' title='bbox 501 4319 799 4395; x_wconf 81' lang='grc' dir='ltr'>ἀνθρώπους</span> <span class='ocrx_word' id='word_1_486' title='bbox 841 4326 942 4397; x_wconf 77' lang='grc' dir='ltr'>γὰρ</span> <span class='ocrx_word' id='word_1_487' title='bbox 1005 4328 1193 4383; x_wconf 79' lang='grc' dir='ltr'>ταύτην</span> <span class='ocrx_word' id='word_1_488' title='bbox 1242 4329 1524 4399; x_wconf 72' lang='grc' dir='ltr'>ὑπέμεινενο</span> <span class='ocrx_word' id='word_1_489' title='bbox 1596 4328 1785 4384; x_wconf 86' lang='grc' dir='ltr'>ἀντιλε-</span> 
     </span>
    </p>
   </div>
   <div class='ocr_carea' id='block_1_75' title="bbox 180 4404 1544 4485">
    <p class='ocr_par' dir='ltr' id='par_1_75' title="bbox 180 4404 1544 4485">
     <span class='ocr_line' id='line_1_75' title="bbox 180 4404 1544 4485; baseline 0.011 -29"><span class='ocrx_word' id='word_1_490' title='bbox 180 4410 394 4478; x_wconf 76' lang='grc' dir='ltr'>γόμενον</span> <span class='ocrx_word' id='word_1_491' title='bbox 428 4404 506 4478; x_wconf 73' lang='grc' dir='ltr'>δὲ,</span> <span class='ocrx_word' id='word_1_492' title='bbox 531 4412 595 4469; x_wconf 82' lang='grc' dir='ltr'>ως</span> <span class='ocrx_word' id='word_1_493' title='bbox 622 4407 1007 4485; x_wconf 76' lang='grc' dir='ltr'>ὁνειὸιζομένην</span> <span class='ocrx_word' id='word_1_494' title='bbox 1030 4416 1129 4466; x_wconf 71' lang='grc' dir='ltr'>ὑπὸ</span> <span class='ocrx_word' id='word_1_495' title='bbox 1161 4424 1259 4468; x_wconf 83' lang='grc' dir='ltr'>τῶν</span> <span class='ocrx_word' id='word_1_496' title='bbox 1288 4416 1544 4471; x_wconf 85' lang='grc' dir='ltr'>ἀπίστων.</span> 
     </span>
    </p>
   </div>
   <div class='ocr_carea' id='block_1_76' title="bbox 1817 4516 1864 4571">
    <p class='ocr_par' dir='ltr' id='par_1_76' title="bbox 1817 4516 1864 4571">
     <span class='ocr_line' id='line_1_76' title="bbox 1817 4516 1864 4571; baseline 0 0"><span class='ocrx_word' id='word_1_497' title='bbox 1817 4516 1864 4571; x_wconf 91' lang='lat' dir='ltr'>D</span> 
     </span>
    </p>
   </div>
   <div class='ocr_carea' id='block_1_77' title="bbox 258 4646 1784 4726">
    <p class='ocr_par' dir='ltr' id='par_1_77' title="bbox 258 4646 1784 4726">
     <span class='ocr_line' id='line_1_77' title="bbox 258 4646 1784 4726; baseline 0.009 -33"><span class='ocrx_word' id='word_1_498' title='bbox 258 4646 354 4694; x_wconf 77' lang='grc' dir='ltr'>Καὶ</span> <span class='ocrx_word' id='word_1_499' title='bbox 424 4650 519 4695; x_wconf 75' lang='grc' dir='ltr'>σοῦ</span> <span class='ocrx_word' id='word_1_500' title='bbox 594 4675 662 4683; x_wconf 91' lang='lat'><strong>—</strong></span> <span class='ocrx_word' id='word_1_501' title='bbox 740 4647 993 4719; x_wconf 78' lang='grc' dir='ltr'>ῥομφαία.</span> <span class='ocrx_word' id='word_1_502' title='bbox 1070 4648 1351 4721; x_wconf 71' lang='grc' dir='ltr'>Ῥομφαίαν</span> <span class='ocrx_word' id='word_1_503' title='bbox 1428 4648 1487 4704; x_wconf 76' lang='grc' dir='ltr'>δὲ</span> <span class='ocrx_word' id='word_1_504' title='bbox 1548 4653 1784 4726; x_wconf 82' lang='grc' dir='ltr'>ὠνόμασε</span> 
     </span>
    </p>
   </div>
   <div class='ocr_carea' id='block_1_78' title="bbox 182 4735 1784 4805">
    <p class='ocr_par' dir='ltr' id='par_1_78' title="bbox 182 4735 1784 4805">
     <span class='ocr_line' id='line_1_78' title="bbox 182 4735 1784 4805; baseline 0.01 -24"><span class='ocrx_word' id='word_1_505' title='bbox 182 4736 274 4788; x_wconf 78' lang='grc' dir='ltr'>τὴν</span> <span class='ocrx_word' id='word_1_506' title='bbox 312 4735 715 4800; x_wconf 85' lang='grc' dir='ltr'>τμητικωτάτην</span> <span class='ocrx_word' id='word_1_507' title='bbox 744 4739 834 4787; x_wconf 84' lang='grc' dir='ltr'>καὶ</span> <span class='ocrx_word' id='word_1_508' title='bbox 873 4736 1039 4799; x_wconf 84' lang='grc' dir='ltr'>ὀξεῖαν</span> <span class='ocrx_word' id='word_1_509' title='bbox 1085 4735 1297 4805; x_wconf 79' lang='grc' dir='ltr'>ὀδύνην,</span> <span class='ocrx_word' id='word_1_510' title='bbox 1332 4743 1449 4803; x_wconf 73' lang='grc' dir='ltr'>ἣτις</span> <span class='ocrx_word' id='word_1_511' title='bbox 1478 4738 1663 4802; x_wconf 73' lang='grc' dir='ltr'>διῆλθε</span> <span class='ocrx_word' id='word_1_512' title='bbox 1690 4754 1784 4804; x_wconf 89' lang='grc' dir='ltr'>τῆν</span> 
     </span>
    </p>
   </div>
   <div class='ocr_carea' id='block_1_79' title="bbox 181 4818 1780 4899">
    <p class='ocr_par' dir='ltr' id='par_1_79' title="bbox 181 4818 1780 4899">
     <span class='ocr_line' id='line_1_79' title="bbox 181 4818 1780 4899; baseline 0.009 -27"><span class='ocrx_word' id='word_1_513' title='bbox 181 4818 404 4897; x_wconf 73' lang='grc' dir='ltr'>καρδίαν</span> <span class='ocrx_word' id='word_1_514' title='bbox 434 4830 530 4884; x_wconf 79' lang='grc' dir='ltr'>τῆς</span> <span class='ocrx_word' id='word_1_515' title='bbox 560 4829 902 4899; x_wconf 81' lang='grc' dir='ltr'>Θεομήτορος,</span> <span class='ocrx_word' id='word_1_516' title='bbox 938 4828 1021 4878; x_wconf 86' lang='grc' dir='ltr'>ὅτε</span> <span class='ocrx_word' id='word_1_517' title='bbox 1050 4829 1075 4878; x_wconf 93' lang='grc' dir='ltr'>ό</span> <span class='ocrx_word' id='word_1_518' title='bbox 1115 4832 1236 4891; x_wconf 77' lang='grc' dir='ltr'>Υἱὸς</span> <span class='ocrx_word' id='word_1_519' title='bbox 1275 4830 1436 4892; x_wconf 71' lang='grc' dir='ltr'>αὐτῆς</span> <span class='ocrx_word' id='word_1_520' title='bbox 1465 4834 1780 4897; x_wconf 82' lang='grc' dir='ltr'>προσηλωθη</span> 
     </span>
    </p>
   </div>
   <div class='ocr_carea' id='block_1_80' title="bbox 181 4918 1782 4993">
    <p class='ocr_par' dir='ltr' id='par_1_80' title="bbox 181 4918 1782 4993">
     <span class='ocr_line' id='line_1_80' title="bbox 181 4918 1782 4993; baseline 0.009 -31"><span class='ocrx_word' id='word_1_521' title='bbox 181 4920 251 4980; x_wconf 85' lang='grc' dir='ltr'>τῷ</span> <span class='ocrx_word' id='word_1_522' title='bbox 304 4920 537 4985; x_wconf 83' lang='grc' dir='ltr'>σταυρῶ.</span> <span class='ocrx_word' id='word_1_523' title='bbox 600 4919 725 4987; x_wconf 82' lang='grc' dir='ltr'>Περὶ</span> <span class='ocrx_word' id='word_1_524' title='bbox 792 4918 989 4978; x_wconf 72' lang='grc' dir='ltr'>ταύτης</span> <span class='ocrx_word' id='word_1_525' title='bbox 1043 4920 1141 4993; x_wconf 81' lang='grc' dir='ltr'>γὰρ</span> <span class='ocrx_word' id='word_1_526' title='bbox 1203 4927 1297 4982; x_wconf 86' lang='grc' dir='ltr'>τῆς</span> <span class='ocrx_word' id='word_1_527' title='bbox 1352 4918 1643 4993; x_wconf 75' lang='grc' dir='ltr'>ἀλγηδόνος</span> <span class='ocrx_word' id='word_1_528' title='bbox 1696 4931 1782 4977; x_wconf 86' lang='grc' dir='ltr'>νῦν</span> 
     </span>
    </p>
   </div>
   <div class='ocr_carea' id='block_1_81' title="bbox 182 5006 571 5073">
    <p class='ocr_par' dir='ltr' id='par_1_81' title="bbox 182 5006 571 5073">
     <span class='ocr_line' id='line_1_81' title="bbox 182 5006 571 5073; baseline 0.018 -23"><span class='ocrx_word' id='word_1_529' title='bbox 182 5019 249 5071; x_wconf 87' lang='grc' dir='ltr'>πρ</span> <span class='ocrx_word' id='word_1_530' title='bbox 256 5006 459 5073; x_wconf 75' lang='grc' dir='ltr'>οεφήτευ</span> <span class='ocrx_word' id='word_1_531' title='bbox 466 5020 571 5057; x_wconf 79' lang='grc' dir='ltr'>σιν.</span> 
     </span>
    </p>
   </div>
   <div class='ocr_carea' id='block_1_82' title="bbox 249 5089 1783 5172">
    <p class='ocr_par' dir='ltr' id='par_1_82' title="bbox 249 5089 1783 5172">
     <span class='ocr_line' id='line_1_82' title="bbox 249 5089 1783 5172; baseline 0.01 -30"><span class='ocrx_word' id='word_1_532' title='bbox 249 5090 426 5153; x_wconf 82' lang='grc' dir='ltr'>Ὀτι-ῶς</span> <span class='ocrx_word' id='word_1_533' title='bbox 484 5122 556 5133; x_wconf 92' lang='lat'>—-</span> <span class='ocrx_word' id='word_1_534' title='bbox 620 5089 979 5167; x_wconf 78' lang='grc' dir='ltr'>διαλογισμοί.</span> <span class='ocrx_word' id='word_1_535' title='bbox 1040 5103 1154 5149; x_wconf 85' lang='grc' dir='ltr'>Τῶν</span> <span class='ocrx_word' id='word_1_536' title='bbox 1231 5100 1643 5172; x_wconf 82' lang='grc' dir='ltr'>ὑποπτευόντων,</span> <span class='ocrx_word' id='word_1_537' title='bbox 1704 5106 1783 5158; x_wconf 83' lang='grc' dir='ltr'>ὅτι</span> 
     </span>
    </p>
   </div>
   <div class='ocr_carea' id='block_1_83' title="bbox 250 5218 1567 5290">
    <p class='ocr_par' dir='ltr' id='par_1_83' title="bbox 250 5218 1567 5290">
     <span class='ocr_line' id='line_1_83' title="bbox 250 5218 1567 5290; baseline 0.008 -18"><span class='ocrx_word' id='word_1_538' title='bbox 250 5218 297 5253; x_wconf 80' lang='grc' dir='ltr'>³ο</span> <span class='ocrx_word' id='word_1_539' title='bbox 321 5218 438 5275; x_wconf 86' lang='lat' dir='ltr'>Isa.</span> <span class='ocrx_word' id='word_1_540' title='bbox 470 5233 592 5286; x_wconf 82' lang='lat' dir='ltr'>Vlll,</span> <span class='ocrx_word' id='word_1_541' title='bbox 630 5221 693 5275; x_wconf 80' lang='grc'><strong>14</strong></span> <span class='ocrx_word' id='word_1_542' title='bbox 722 5236 963 5287; x_wconf 77' lang='lat' dir='ltr'>;xxvui,</span> <span class='ocrx_word' id='word_1_543' title='bbox 998 5222 1064 5277; x_wconf 90' lang='grc'>16</span> <span class='ocrx_word' id='word_1_544' title='bbox 1094 5239 1108 5290; x_wconf 91' lang='grc'>;</span> <span class='ocrx_word' id='word_1_545' title='bbox 1156 5226 1326 5282; x_wconf 86' lang='lat' dir='ltr'>Rom.</span> <span class='ocrx_word' id='word_1_546' title='bbox 1366 5243 1446 5283; x_wconf 82' lang='lat' dir='ltr'>x1.</span> <span class='ocrx_word' id='word_1_547' title='bbox 1479 5227 1567 5285; x_wconf 92' lang='lat'>33.</span> 
     </span>
    </p>
   </div>
   <div class='ocr_carea' id='block_1_84' title="bbox 1905 3223 3561 3296">
    <p class='ocr_par' dir='ltr' id='par_1_84' title="bbox 1905 3223 3561 3296">
     <span class='ocr_line' id='line_1_84' title="bbox 1905 3223 3561 3296; baseline 0.001 -18"><span class='ocrx_word' id='word_1_548' title='bbox 1905 3226 2026 3278; x_wconf 88' lang='lat' dir='ltr'>sive</span> <span class='ocrx_word' id='word_1_549' title='bbox 2070 3223 2388 3296; x_wconf 85' lang='lat' dir='ltr'>spiritualis</span> <span class='ocrx_word' id='word_1_550' title='bbox 2432 3224 2756 3295; x_wconf 71' lang='lat' dir='ltr'>prudentiae</span> <span class='ocrx_word' id='word_1_551' title='bbox 2785 3240 2853 3279; x_wconf 89' lang='lat' dir='ltr'>ac</span> <span class='ocrx_word' id='word_1_552' title='bbox 2886 3223 3247 3280; x_wconf 87' lang='lat' dir='ltr'>naturalium</span> <span class='ocrx_word' id='word_1_553' title='bbox 3276 3224 3561 3295; x_wconf 88' lang='lat' dir='ltr'>potentia-</span> 
     </span>
    </p>
   </div>
   <div class='ocr_carea' id='block_1_85' title="bbox 1899 3312 3562 3385">
    <p class='ocr_par' dir='ltr' id='par_1_85' title="bbox 1899 3312 3562 3385">
     <span class='ocr_line' id='line_1_85' title="bbox 1899 3312 3562 3385; baseline 0.001 -17"><span class='ocrx_word' id='word_1_554' title='bbox 1899 3329 2055 3378; x_wconf 90' lang='lat' dir='ltr'>rum,</span> <span class='ocrx_word' id='word_1_555' title='bbox 2088 3312 2434 3384; x_wconf 82' lang='lat' dir='ltr'>virtutisque</span> <span class='ocrx_word' id='word_1_556' title='bbox 2464 3318 2520 3369; x_wconf 89' lang='lat' dir='ltr'>et</span> <span class='ocrx_word' id='word_1_557' title='bbox 2567 3313 2920 3383; x_wconf 87' lang='lat' dir='ltr'>cognitionis</span> <span class='ocrx_word' id='word_1_558' title='bbox 2978 3329 3047 3369; x_wconf 92' lang='lat' dir='ltr'>ac</span> <span class='ocrx_word' id='word_1_559' title='bbox 3085 3312 3231 3383; x_wconf 83' lang='lat' dir='ltr'>legis</span> <span class='ocrx_word' id='word_1_560' title='bbox 3285 3314 3562 3385; x_wconf 90' lang='lat' dir='ltr'>spiritua-</span> 
     </span>
    </p>
   </div>
   <div class='ocr_carea' id='block_1_86' title="bbox 1899 3403 1990 3458">
    <p class='ocr_par' dir='ltr' id='par_1_86' title="bbox 1899 3403 1990 3458">
     <span class='ocr_line' id='line_1_86' title="bbox 1899 3403 1990 3458; baseline 0 -1"><span class='ocrx_word' id='word_1_561' title='bbox 1899 3403 1990 3458; x_wconf 89' lang='lat' dir='ltr'>lis.</span> 
     </span>
    </p>
   </div>
   <div class='ocr_carea' id='block_1_87' title="bbox 1971 3491 3559 3558">
    <p class='ocr_par' dir='ltr' id='par_1_87' title="bbox 1971 3491 3559 3558">
     <span class='ocr_line' id='line_1_87' title="bbox 1971 3491 3559 3558; baseline 0.001 -13"><span class='ocrx_word' id='word_1_562' title='bbox 1971 3493 2132 3548; x_wconf 89' lang='lat' dir='ltr'>Vers.</span> <span class='ocrx_word' id='word_1_563' title='bbox 2165 3493 2252 3547; x_wconf 88' lang='grc'>34.</span> <span class='ocrx_word' id='word_1_564' title='bbox 2281 3493 2355 3548; x_wconf 83' lang='lat' dir='ltr'>Et</span> <span class='ocrx_word' id='word_1_565' title='bbox 2383 3523 2451 3533; x_wconf 96' lang='lat'><strong>—</strong></span> <span class='ocrx_word' id='word_1_566' title='bbox 2480 3492 2934 3549; x_wconf 80' lang='lat' dir='ltr'>contradicitur.</span> <span class='ocrx_word' id='word_1_567' title='bbox 2991 3494 3058 3547; x_wconf 92' lang='lat' dir='ltr'>Et</span> <span class='ocrx_word' id='word_1_568' title='bbox 3084 3492 3146 3548; x_wconf 91' lang='lat' dir='ltr'>in</span> <span class='ocrx_word' id='word_1_569' title='bbox 3176 3491 3559 3558; x_wconf 87' lang='lat' dir='ltr'>miraculum,</span> 
     </span>
    </p>
   </div>
   <div class='ocr_carea' id='block_1_88' title="bbox 1900 3581 3559 3647">
    <p class='ocr_par' dir='ltr' id='par_1_88' title="bbox 1900 3581 3559 3647">
     <span class='ocr_line' id='line_1_88' title="bbox 1900 3581 3559 3647; baseline 0.001 -10"><span class='ocrx_word' id='word_1_570' title='bbox 1900 3582 1996 3638; x_wconf 91' lang='lat' dir='ltr'>cui</span> <span class='ocrx_word' id='word_1_571' title='bbox 2022 3581 2101 3638; x_wconf 88' lang='lat' dir='ltr'>ab</span> <span class='ocrx_word' id='word_1_572' title='bbox 2138 3581 2484 3638; x_wconf 88' lang='lat' dir='ltr'>inﬁdelibus</span> <span class='ocrx_word' id='word_1_573' title='bbox 2514 3581 2953 3647; x_wconf 88' lang='lat' dir='ltr'>contradicitur,</span> <span class='ocrx_word' id='word_1_574' title='bbox 3000 3583 3124 3637; x_wconf 90' lang='lat' dir='ltr'>sive</span> <span class='ocrx_word' id='word_1_575' title='bbox 3143 3582 3559 3638; x_wconf 90' lang='lat' dir='ltr'>contradictio-</span> 
     </span>
    </p>
   </div>
   <div class='ocr_carea' id='block_1_89' title="bbox 1899 3670 3560 3743">
    <p class='ocr_par' dir='ltr' id='par_1_89' title="bbox 1899 3670 3560 3743">
     <span class='ocr_line' id='line_1_89' title="bbox 1899 3670 3560 3743; baseline 0 -16"><span class='ocrx_word' id='word_1_576' title='bbox 1899 3687 2038 3727; x_wconf 90' lang='lat' dir='ltr'>nem</span> <span class='ocrx_word' id='word_1_577' title='bbox 2064 3672 2358 3727; x_wconf 88' lang='lat' dir='ltr'>sustinens</span> <span class='ocrx_word' id='word_1_578' title='bbox 2388 3690 2399 3727; x_wconf 92' lang='lat'><strong>:</strong></span> <span class='ocrx_word' id='word_1_579' title='bbox 2421 3672 2785 3727; x_wconf 89' lang='lat' dir='ltr'>miraculum</span> <span class='ocrx_word' id='word_1_580' title='bbox 2802 3670 2963 3727; x_wconf 89' lang='lat' dir='ltr'>enim</span> <span class='ocrx_word' id='word_1_581' title='bbox 2982 3675 3126 3739; x_wconf 90' lang='lat' dir='ltr'>erat,</span> <span class='ocrx_word' id='word_1_582' title='bbox 3142 3676 3347 3742; x_wconf 92' lang='lat' dir='ltr'>utpote</span> <span class='ocrx_word' id='word_1_583' title='bbox 3366 3687 3560 3743; x_wconf 90' lang='lat' dir='ltr'>neque</span> 
     </span>
    </p>
   </div>
   <div class='ocr_carea' id='block_1_90' title="bbox 1899 3760 3562 3834">
    <p class='ocr_par' dir='ltr' id='par_1_90' title="bbox 1899 3760 3562 3834">
     <span class='ocr_line' id='line_1_90' title="bbox 1899 3760 3562 3834; baseline 0 -17"><span class='ocrx_word' id='word_1_584' title='bbox 1899 3766 1955 3817; x_wconf 91' lang='lat' dir='ltr'>et</span> <span class='ocrx_word' id='word_1_585' title='bbox 1970 3761 2153 3817; x_wconf 91' lang='lat' dir='ltr'>homo</span> <span class='ocrx_word' id='word_1_586' title='bbox 2170 3766 2423 3826; x_wconf 88' lang='lat' dir='ltr'>tantum,</span> <span class='ocrx_word' id='word_1_587' title='bbox 2440 3777 2635 3834; x_wconf 91' lang='lat' dir='ltr'>neque</span> <span class='ocrx_word' id='word_1_588' title='bbox 2650 3762 2802 3816; x_wconf 89' lang='lat' dir='ltr'>Deus</span> <span class='ocrx_word' id='word_1_589' title='bbox 2815 3765 3067 3825; x_wconf 90' lang='lat' dir='ltr'>tantum,</span> <span class='ocrx_word' id='word_1_590' title='bbox 3089 3761 3194 3816; x_wconf 90' lang='lat' dir='ltr'>sed</span> <span class='ocrx_word' id='word_1_591' title='bbox 3214 3764 3366 3816; x_wconf 85' lang='lat' dir='ltr'>Deus</span> <span class='ocrx_word' id='word_1_592' title='bbox 3384 3760 3562 3817; x_wconf 90' lang='lat' dir='ltr'>simul</span> 
     </span>
    </p>
   </div>
   <div class='ocr_carea' id='block_1_91' title="bbox 1899 3849 3560 3922">
    <p class='ocr_par' dir='ltr' id='par_1_91' title="bbox 1899 3849 3560 3922">
     <span class='ocr_line' id='line_1_91' title="bbox 1899 3849 3560 3922; baseline -0.002 -17"><span class='ocrx_word' id='word_1_593' title='bbox 1899 3854 1955 3905; x_wconf 93' lang='lat' dir='ltr'>et</span> <span class='ocrx_word' id='word_1_594' title='bbox 1983 3850 2168 3905; x_wconf 91' lang='lat' dir='ltr'>homo</span> <span class='ocrx_word' id='word_1_595' title='bbox 2198 3850 2379 3922; x_wconf 89' lang='lat' dir='ltr'>(quod</span> <span class='ocrx_word' id='word_1_596' title='bbox 2417 3849 2615 3905; x_wconf 83' lang='lat' dir='ltr'>Graece</span> <span class='ocrx_word' id='word_1_597' title='bbox 2642 3850 2818 3905; x_wconf 91' lang='lat' dir='ltr'>unico</span> <span class='ocrx_word' id='word_1_598' title='bbox 2836 3849 3056 3905; x_wconf 87' lang='lat' dir='ltr'>dicitur</span> <span class='ocrx_word' id='word_1_599' title='bbox 3092 3850 3385 3906; x_wconf 86' lang='lat' dir='ltr'>vocabulo</span> <span class='ocrx_word' id='word_1_600' title='bbox 3419 3851 3560 3902; x_wconf 84' lang='grc' dir='ltr'>θεάν-</span> 
     </span>
    </p>
   </div>
   <div class='ocr_carea' id='block_1_92' title="bbox 1900 3937 3556 4011">
    <p class='ocr_par' dir='ltr' id='par_1_92' title="bbox 1900 3937 3556 4011">
     <span class='ocr_line' id='line_1_92' title="bbox 1900 3937 3556 4011; baseline 0.002 -19"><span class='ocrx_word' id='word_1_601' title='bbox 1900 3941 2127 4011; x_wconf 85' lang='grc' dir='ltr'>θρωπος)</span> <span class='ocrx_word' id='word_1_602' title='bbox 2158 3939 2413 4011; x_wconf 89' lang='lat' dir='ltr'>ideoque</span> <span class='ocrx_word' id='word_1_603' title='bbox 2438 3937 2717 4011; x_wconf 88' lang='lat' dir='ltr'>quasirei</span> <span class='ocrx_word' id='word_1_604' title='bbox 2761 3955 2898 4010; x_wconf 74' lang='lat' dir='ltr'>quae</span> <span class='ocrx_word' id='word_1_605' title='bbox 2924 3955 3106 4010; x_wconf 92' lang='lat' dir='ltr'>supra</span> <span class='ocrx_word' id='word_1_606' title='bbox 3135 3944 3414 3994; x_wconf 88' lang='lat' dir='ltr'>naturam</span> <span class='ocrx_word' id='word_1_607' title='bbox 3449 3947 3556 4008; x_wconf 92' lang='lat' dir='ltr'>est,</span> 
     </span>
    </p>
   </div>
   <div class='ocr_carea' id='block_1_93' title="bbox 1896 4028 3556 4100">
    <p class='ocr_par' dir='ltr' id='par_1_93' title="bbox 1896 4028 3556 4100">
     <span class='ocr_line' id='line_1_93' title="bbox 1896 4028 3556 4100; baseline 0.001 -17"><span class='ocrx_word' id='word_1_608' title='bbox 1896 4028 2364 4084; x_wconf 87' lang='lat' dir='ltr'>contradicuntii</span> <span class='ocrx_word' id='word_1_609' title='bbox 2386 4028 2489 4099; x_wconf 89' lang='lat' dir='ltr'>qui</span> <span class='ocrx_word' id='word_1_610' title='bbox 2512 4028 2716 4083; x_wconf 89' lang='lat' dir='ltr'>omnia</span> <span class='ocrx_word' id='word_1_611' title='bbox 2728 4028 3063 4083; x_wconf 91' lang='lat' dir='ltr'>secundum</span> <span class='ocrx_word' id='word_1_612' title='bbox 3081 4028 3556 4100; x_wconf 87' lang='lat' dir='ltr'>naturaminqui-</span> 
     </span>
    </p>
   </div>
   <div class='ocr_carea' id='block_1_94' title="bbox 1895 4116 3554 4189">
    <p class='ocr_par' dir='ltr' id='par_1_94' title="bbox 1895 4116 3554 4189">
     <span class='ocr_line' id='line_1_94' title="bbox 1895 4116 3554 4189; baseline -0.001 -16"><span class='ocrx_word' id='word_1_613' title='bbox 1895 4122 2164 4181; x_wconf 87' lang='lat' dir='ltr'>runt,nec</span> <span class='ocrx_word' id='word_1_614' title='bbox 2177 4117 2467 4189; x_wconf 89' lang='lat' dir='ltr'>quidquid</span> <span class='ocrx_word' id='word_1_615' title='bbox 2482 4117 2927 4188; x_wconf 87' lang='lat' dir='ltr'>supernaturale</span> <span class='ocrx_word' id='word_1_616' title='bbox 2943 4116 3266 4185; x_wconf 84' lang='lat' dir='ltr'>intelligere</span> <span class='ocrx_word' id='word_1_617' title='bbox 3283 4123 3554 4189; x_wconf 88' lang='lat' dir='ltr'>possunt.</span> 
     </span>
    </p>
   </div>
   <div class='ocr_carea' id='block_1_95' title="bbox 1965 4205 3559 4277">
    <p class='ocr_par' dir='ltr' id='par_1_95' title="bbox 1965 4205 3559 4277">
     <span class='ocr_line' id='line_1_95' title="bbox 1965 4205 3559 4277; baseline 0 -15"><span class='ocrx_word' id='word_1_618' title='bbox 1965 4206 2209 4275; x_wconf 87' lang='lat' dir='ltr'>Quidam</span> <span class='ocrx_word' id='word_1_619' title='bbox 2240 4222 2401 4273; x_wconf 85' lang='lat' dir='ltr'>vero,</span> <span class='ocrx_word' id='word_1_620' title='bbox 2438 4206 2699 4277; x_wconf 88' lang='lat' dir='ltr'>signum,</span> <span class='ocrx_word' id='word_1_621' title='bbox 2730 4206 2824 4261; x_wconf 93' lang='lat' dir='ltr'>cui</span> <span class='ocrx_word' id='word_1_622' title='bbox 2870 4205 3309 4271; x_wconf 89' lang='lat' dir='ltr'>contradicitur,</span> <span class='ocrx_word' id='word_1_623' title='bbox 3351 4205 3559 4263; x_wconf 89' lang='lat' dir='ltr'>dicunt</span> 
     </span>
    </p>
   </div>
   <div class='ocr_carea' id='block_1_96' title="bbox 1895 4294 3557 4366">
    <p class='ocr_par' dir='ltr' id='par_1_96' title="bbox 1895 4294 3557 4366">
     <span class='ocr_line' id='line_1_96' title="bbox 1895 4294 3557 4366; baseline -0.001 -14"><span class='ocrx_word' id='word_1_624' title='bbox 1895 4296 2342 4352; x_wconf 84' lang='lat' dir='ltr'>cruciﬁxionem</span> <span class='ocrx_word' id='word_1_625' title='bbox 2380 4313 2394 4362; x_wconf 92' lang='lat'>;</span> <span class='ocrx_word' id='word_1_626' title='bbox 2441 4296 2682 4365; x_wconf 89' lang='lat' dir='ltr'>signum</span> <span class='ocrx_word' id='word_1_627' title='bbox 2709 4294 2977 4366; x_wconf 89' lang='lat' dir='ltr'>quidem,</span> <span class='ocrx_word' id='word_1_628' title='bbox 3006 4295 3182 4366; x_wconf 89' lang='lat' dir='ltr'>quasi</span> <span class='ocrx_word' id='word_1_629' title='bbox 3212 4294 3557 4365; x_wconf 81' lang='lat' dir='ltr'>symbolum</span> 
     </span>
    </p>
   </div>
   <div class='ocr_carea' id='block_1_97' title="bbox 1894 4383 3553 4455">
    <p class='ocr_par' dir='ltr' id='par_1_97' title="bbox 1894 4383 3553 4455">
     <span class='ocr_line' id='line_1_97' title="bbox 1894 4383 3553 4455; baseline -0.002 -14"><span class='ocrx_word' id='word_1_630' title='bbox 1894 4385 2115 4441; x_wconf 86' lang='lat' dir='ltr'>amoris</span> <span class='ocrx_word' id='word_1_631' title='bbox 2135 4401 2278 4455; x_wconf 86' lang='lat' dir='ltr'>erga</span> <span class='ocrx_word' id='word_1_632' title='bbox 2310 4386 2610 4453; x_wconf 88' lang='lat' dir='ltr'>homines,</span> <span class='ocrx_word' id='word_1_633' title='bbox 2637 4401 2781 4440; x_wconf 90' lang='lat' dir='ltr'>nam</span> <span class='ocrx_word' id='word_1_634' title='bbox 2810 4384 2966 4439; x_wconf 90' lang='lat' dir='ltr'>hanc</span> <span class='ocrx_word' id='word_1_635' title='bbox 2997 4388 3236 4455; x_wconf 88' lang='lat' dir='ltr'>propter</span> <span class='ocrx_word' id='word_1_636' title='bbox 3260 4383 3553 4449; x_wconf 90' lang='lat' dir='ltr'>homines,</span> 
     </span>
    </p>
   </div>
   <div class='ocr_carea' id='block_1_98' title="bbox 1894 4472 3554 4543">
    <p class='ocr_par' dir='ltr' id='par_1_98' title="bbox 1894 4472 3554 4543">
     <span class='ocr_line' id='line_1_98' title="bbox 1894 4472 3554 4543; baseline -0.001 -13"><span class='ocrx_word' id='word_1_637' title='bbox 1894 4474 2170 4530; x_wconf 86' lang='lat' dir='ltr'>sustinuit</span> <span class='ocrx_word' id='word_1_638' title='bbox 2210 4490 2222 4528; x_wconf 90' lang='lat'><strong>:</strong></span> <span class='ocrx_word' id='word_1_639' title='bbox 2252 4474 2389 4529; x_wconf 92' lang='lat' dir='ltr'>huic</span> <span class='ocrx_word' id='word_1_640' title='bbox 2420 4490 2562 4529; x_wconf 89' lang='lat' dir='ltr'>vero</span> <span class='ocrx_word' id='word_1_641' title='bbox 2615 4474 2693 4530; x_wconf 89' lang='lat' dir='ltr'>ab</span> <span class='ocrx_word' id='word_1_642' title='bbox 2737 4472 3079 4529; x_wconf 85' lang='lat' dir='ltr'>inﬁdelibus</span> <span class='ocrx_word' id='word_1_643' title='bbox 3109 4472 3554 4543; x_wconf 87' lang='lat' dir='ltr'>contradicitur,</span> 
     </span>
    </p>
   </div>
   <div class='ocr_carea' id='block_1_99' title="bbox 1896 4563 2566 4637">
    <p class='ocr_par' dir='ltr' id='par_1_99' title="bbox 1896 4563 2566 4637">
     <span class='ocr_line' id='line_1_99' title="bbox 1896 4563 2566 4637; baseline -0.004 -16"><span class='ocrx_word' id='word_1_644' title='bbox 1896 4569 2099 4637; x_wconf 92' lang='lat' dir='ltr'>utpote</span> <span class='ocrx_word' id='word_1_645' title='bbox 2124 4565 2204 4620; x_wconf 88' lang='lat' dir='ltr'>rei</span> <span class='ocrx_word' id='word_1_646' title='bbox 2234 4563 2566 4634; x_wconf 66' lang='lat' dir='ltr'>probrosae.</span> 
     </span>
    </p>
   </div>
   <div class='ocr_carea' id='block_1_100' title="bbox 1965 4652 3559 4724">
    <p class='ocr_par' dir='ltr' id='par_1_100' title="bbox 1965 4652 3559 4724">
     <span class='ocr_line' id='line_1_100' title="bbox 1965 4652 3559 4724; baseline 0.001 -14"><span class='ocrx_word' id='word_1_647' title='bbox 1965 4655 2127 4710; x_wconf 88' lang='lat' dir='ltr'>Vers.</span> <span class='ocrx_word' id='word_1_648' title='bbox 2162 4654 2249 4709; x_wconf 80' lang='lat'>35.</span> <span class='ocrx_word' id='word_1_649' title='bbox 2278 4655 2345 4708; x_wconf 87' lang='lat' dir='ltr'>Et</span> <span class='ocrx_word' id='word_1_650' title='bbox 2399 4659 2561 4709; x_wconf 86' lang='lat' dir='ltr'>tuam</span> <span class='ocrx_word' id='word_1_651' title='bbox 2597 4684 2659 4693; x_wconf 85' lang='lat'><strong>—</strong></span> <span class='ocrx_word' id='word_1_652' title='bbox 2690 4653 2946 4724; x_wconf 78' lang='lat' dir='ltr'>gladius.</span> <span class='ocrx_word' id='word_1_653' title='bbox 2976 4652 3251 4709; x_wconf 90' lang='lat' dir='ltr'>Gladium</span> <span class='ocrx_word' id='word_1_654' title='bbox 3283 4653 3559 4713; x_wconf 90' lang='lat' dir='ltr'>nomina-</span> 
     </span>
    </p>
   </div>
   <div class='ocr_carea' id='block_1_101' title="bbox 1893 4742 3553 4815">
    <p class='ocr_par' dir='ltr' id='par_1_101' title="bbox 1893 4742 3553 4815">
     <span class='ocr_line' id='line_1_101' title="bbox 1893 4742 3553 4815; baseline 0.001 -16"><span class='ocrx_word' id='word_1_655' title='bbox 1893 4744 1997 4808; x_wconf 87' lang='lat' dir='ltr'>vit,</span> <span class='ocrx_word' id='word_1_656' title='bbox 2021 4744 2287 4800; x_wconf 90' lang='lat' dir='ltr'>dolorem</span> <span class='ocrx_word' id='word_1_657' title='bbox 2319 4743 2732 4799; x_wconf 88' lang='lat' dir='ltr'>acutissimum</span> <span class='ocrx_word' id='word_1_658' title='bbox 2749 4742 3133 4815; x_wconf 83' lang='lat' dir='ltr'>maximeque</span> <span class='ocrx_word' id='word_1_659' title='bbox 3164 4744 3553 4811; x_wconf 88' lang='lat' dir='ltr'>dividentem,</span> 
     </span>
    </p>
   </div>
   <div class='ocr_carea' id='block_1_102' title="bbox 1894 4831 3557 4906">
    <p class='ocr_par' dir='ltr' id='par_1_102' title="bbox 1894 4831 3557 4906">
     <span class='ocr_line' id='line_1_102' title="bbox 1894 4831 3557 4906; baseline 0.002 -18"><span class='ocrx_word' id='word_1_660' title='bbox 1894 4834 1997 4905; x_wconf 91' lang='lat' dir='ltr'>qui</span> <span class='ocrx_word' id='word_1_661' title='bbox 2025 4834 2355 4906; x_wconf 87' lang='lat' dir='ltr'>penetravit</span> <span class='ocrx_word' id='word_1_662' title='bbox 2383 4848 2486 4889; x_wconf 91' lang='lat' dir='ltr'>cor</span> <span class='ocrx_word' id='word_1_663' title='bbox 2509 4832 2707 4889; x_wconf 88' lang='lat' dir='ltr'>Matris</span> <span class='ocrx_word' id='word_1_664' title='bbox 2724 4833 2842 4897; x_wconf 88' lang='lat' dir='ltr'>Dei,</span> <span class='ocrx_word' id='word_1_665' title='bbox 2864 4831 3011 4888; x_wconf 90' lang='lat' dir='ltr'>dum</span> <span class='ocrx_word' id='word_1_666' title='bbox 3030 4832 3209 4888; x_wconf 91' lang='lat' dir='ltr'>Filius</span> <span class='ocrx_word' id='word_1_667' title='bbox 3241 4835 3370 4905; x_wconf 87' lang='lat' dir='ltr'>ejus</span> <span class='ocrx_word' id='word_1_668' title='bbox 3394 4835 3557 4891; x_wconf 89' lang='lat' dir='ltr'>cruci</span> 
     </span>
    </p>
   </div>
   <div class='ocr_carea' id='block_1_103' title="bbox 1896 4922 3555 4979">
    <p class='ocr_par' dir='ltr' id='par_1_103' title="bbox 1896 4922 3555 4979">
     <span class='ocr_line' id='line_1_103' title="bbox 1896 4922 3555 4979; baseline -0.001 0"><span class='ocrx_word' id='word_1_669' title='bbox 1896 4922 2112 4979; x_wconf 81' lang='lat' dir='ltr'>afﬁxus</span> <span class='ocrx_word' id='word_1_670' title='bbox 2140 4929 2246 4979; x_wconf 90' lang='lat' dir='ltr'>est.</span> <span class='ocrx_word' id='word_1_671' title='bbox 2289 4925 2369 4979; x_wconf 90' lang='lat' dir='ltr'>De</span> <span class='ocrx_word' id='word_1_672' title='bbox 2391 4923 2509 4979; x_wconf 90' lang='lat' dir='ltr'>hoc</span> <span class='ocrx_word' id='word_1_673' title='bbox 2532 4923 2693 4978; x_wconf 91' lang='lat' dir='ltr'>enim</span> <span class='ocrx_word' id='word_1_674' title='bbox 2722 4922 2985 4979; x_wconf 88' lang='lat' dir='ltr'>cruciatu</span> <span class='ocrx_word' id='word_1_675' title='bbox 3004 4938 3166 4978; x_wconf 88' lang='lat' dir='ltr'>nunc</span> <span class='ocrx_word' id='word_1_676' title='bbox 3200 4924 3555 4979; x_wconf 89' lang='lat' dir='ltr'>vaticinatus</span> 
     </span>
    </p>
   </div>
   <div class='ocr_carea' id='block_1_104' title="bbox 1895 5019 2004 5071">
    <p class='ocr_par' dir='ltr' id='par_1_104' title="bbox 1895 5019 2004 5071">
     <span class='ocr_line' id='line_1_104' title="bbox 1895 5019 2004 5071; baseline -0.018 -1"><span class='ocrx_word' id='word_1_677' title='bbox 1895 5019 2004 5071; x_wconf 89' lang='lat' dir='ltr'>est.</span> 
     </span>
    </p>
   </div>
   <div class='ocr_carea' id='block_1_105' title="bbox 1964 5102 3555 5175">
    <p class='ocr_par' dir='ltr' id='par_1_105' title="bbox 1964 5102 3555 5175">
     <span class='ocr_line' id='line_1_105' title="bbox 1964 5102 3555 5175; baseline -0.001 -15"><span class='ocrx_word' id='word_1_678' title='bbox 1964 5104 2128 5161; x_wconf 88' lang='lat' dir='ltr'>Vers.</span> <span class='ocrx_word' id='word_1_679' title='bbox 2163 5108 2249 5161; x_wconf 85' lang='lat'>35.</span> <span class='ocrx_word' id='word_1_680' title='bbox 2279 5105 2357 5160; x_wconf 86' lang='lat' dir='ltr'>Et</span> <span class='ocrx_word' id='word_1_681' title='bbox 2401 5134 2469 5145; x_wconf 97' lang='lat'>—</span> <span class='ocrx_word' id='word_1_682' title='bbox 2498 5104 2897 5174; x_wconf 73' lang='lat' dir='ltr'>cogitationes.</span> <span class='ocrx_word' id='word_1_683' title='bbox 2961 5104 3180 5159; x_wconf 86' lang='lat' dir='ltr'>Eorum</span> <span class='ocrx_word' id='word_1_684' title='bbox 3224 5102 3327 5174; x_wconf 90' lang='lat' dir='ltr'>qui</span> <span class='ocrx_word' id='word_1_685' title='bbox 3366 5103 3555 5175; x_wconf 89' lang='lat' dir='ltr'>suspi-</span> 
     </span>
    </p>
   </div>
   <div class='ocr_carea' id='block_1_106' title="bbox 1320 5408 2257 5480">
    <p class='ocr_par' dir='ltr' id='par_1_106' title="bbox 1320 5408 2257 5480">
     <span class='ocr_line' id='line_1_106' title="bbox 1320 5408 2257 5480; baseline 0.003 -5"><span class='ocrx_word' id='word_1_686' title='bbox 1320 5408 1544 5477; x_wconf 73' lang='lat' dir='ltr'>Variae</span> <span class='ocrx_word' id='word_1_687' title='bbox 1585 5408 1912 5479; x_wconf 85' lang='lat' dir='ltr'>lectiones</span> <span class='ocrx_word' id='word_1_688' title='bbox 1970 5419 2039 5480; x_wconf 85' lang='lat' dir='ltr'>et</span> <span class='ocrx_word' id='word_1_689' title='bbox 2054 5421 2257 5479; x_wconf 57' lang='lat' dir='ltr'>notae.</span> 
     </span>
    </p>
   </div>
   <div class='ocr_carea' id='block_1_107' title="bbox 250 5568 1349 5639">
    <p class='ocr_par' dir='ltr' id='par_1_107' title="bbox 250 5568 1349 5639">
     <span class='ocr_line' id='line_1_107' title="bbox 250 5568 1349 5639; baseline 0.006 -17"><span class='ocrx_word' id='word_1_690' title='bbox 250 5568 361 5639; x_wconf 87' lang='lat'>(66)</span> <span class='ocrx_word' id='word_1_691' title='bbox 389 5568 522 5630; x_wconf 84' lang='grc' dir='ltr'>Δόξα</span> <span class='ocrx_word' id='word_1_692' title='bbox 551 5584 673 5624; x_wconf 90' lang='lat' dir='ltr'>non</span> <span class='ocrx_word' id='word_1_693' title='bbox 705 5573 980 5639; x_wconf 83' lang='lat' dir='ltr'>agnoscit</span> <span class='ocrx_word' id='word_1_694' title='bbox 1014 5574 1349 5634; x_wconf 89' lang='lat' dir='ltr'>Hentenius.</span> 
     </span>
    </p>
   </div>
   <div class='ocr_carea' id='block_1_108' title="bbox 249 5638 819 5707">
    <p class='ocr_par' dir='ltr' id='par_1_108' title="bbox 249 5638 819 5707">
     <span class='ocr_line' id='line_1_108' title="bbox 249 5638 819 5707; baseline 0.012 -14"><span class='ocrx_word' id='word_1_695' title='bbox 249 5638 356 5707; x_wconf 75' lang='lat'>(67)</span> <span class='ocrx_word' id='word_1_696' title='bbox 385 5645 486 5693; x_wconf 79' lang='grc' dir='ltr'>Καί</span> <span class='ocrx_word' id='word_1_697' title='bbox 510 5640 721 5697; x_wconf 86' lang='lat' dir='ltr'>omittit</span> <span class='ocrx_word' id='word_1_698' title='bbox 742 5638 819 5700; x_wconf 77' lang='grc' dir='ltr'>Α.</span> 
     </span>
    </p>
   </div>
   <div class='ocr_carea' id='block_1_109' title="bbox 253 5709 910 5786">
    <p class='ocr_par' dir='ltr' id='par_1_109' title="bbox 253 5709 910 5786">
     <span class='ocr_line' id='line_1_109' title="bbox 253 5709 910 5786; baseline 0.008 -21"><span class='ocrx_word' id='word_1_699' title='bbox 253 5709 361 5782; x_wconf 83' lang='grc'>(68)</span> <span class='ocrx_word' id='word_1_700' title='bbox 394 5718 606 5786; x_wconf 85' lang='grc' dir='ltr'>Πρῶτον</span> <span class='ocrx_word' id='word_1_701' title='bbox 633 5712 818 5771; x_wconf 89' lang='lat' dir='ltr'>abest.</span> <span class='ocrx_word' id='word_1_702' title='bbox 850 5721 910 5770; x_wconf 86' lang='lat' dir='ltr'>A.</span> 
     </span>
    </p>
   </div>
   <div class='ocr_carea' id='block_1_110' title="bbox 2109 5582 3095 5655">
    <p class='ocr_par' dir='ltr' id='par_1_110' title="bbox 2109 5582 3095 5655">
     <span class='ocr_line' id='line_1_110' title="bbox 2109 5582 3095 5655; baseline 0.002 -21"><span class='ocrx_word' id='word_1_703' title='bbox 2109 5583 2491 5655; x_wconf 65' lang='grc' dir='ltr'>Θαυμάζοντες,</span> <span class='ocrx_word' id='word_1_704' title='bbox 2527 5596 2635 5655; x_wconf 79' lang='lat' dir='ltr'>pro</span> <span class='ocrx_word' id='word_1_705' title='bbox 2652 5582 3095 5655; x_wconf 31' lang='grc' dir='ltr'>μανθάνοντεςχΑ.</span> 
     </span>
    </p>
   </div>
   <div class='ocr_carea' id='block_1_111' title="bbox 1889 5583 3551 5783">
    <p class='ocr_par' dir='ltr' id='par_1_111' title="bbox 1889 5583 3551 5783">
     <span class='ocr_line' id='line_1_111' title="bbox 1987 5583 3095 5655; baseline -0.002 -17"><span class='ocrx_word' id='word_1_706' title='bbox 1987 5584 2054 5638; x_wconf 87' lang='grc'>69</span> <span class='ocrx_word' id='word_1_707' title='bbox 2109 5583 2491 5655; x_wconf 77' lang='grc' dir='ltr'>Θαυμάζοντες,</span> <span class='ocrx_word' id='word_1_708' title='bbox 2527 5596 2635 5652; x_wconf 90' lang='lat' dir='ltr'>pro</span> <span class='ocrx_word' id='word_1_709' title='bbox 2652 5583 3010 5652; x_wconf 80' lang='grc' dir='ltr'>μανθάνοντες,</span> <span class='ocrx_word' id='word_1_710' title='bbox 3030 5585 3095 5636; x_wconf 83' lang='grc' dir='ltr'>Α.</span> 
     </span>
     <span class='ocr_line' id='line_1_112' title="bbox 1889 5583 3551 5783; baseline 0.002 -74"><span class='ocrx_word' id='word_1_711' title='bbox 1889 5583 2078 5783; x_wconf 48' lang='grc' dir='ltr'>ὴᾶἓῑὲ)</span> <span class='ocrx_word' id='word_1_712' title='bbox 2099 5653 2172 5709; x_wconf 77' lang='grc' dir='ltr'><strong>Ἠ</strong></span> <span class='ocrx_word' id='word_1_713' title='bbox 2222 5654 2373 5707; x_wconf 86' lang='grc' dir='ltr'>πάλιν</span> <span class='ocrx_word' id='word_1_714' title='bbox 2432 5654 2523 5715; x_wconf 80' lang='grc' dir='ltr'>εἰς.</span> <span class='ocrx_word' id='word_1_715' title='bbox 2560 5654 2624 5710; x_wconf 89' lang='grc' dir='ltr'>Β.</span> <span class='ocrx_word' id='word_1_716' title='bbox 2665 5652 2853 5708; x_wconf 83' lang='lat' dir='ltr'>codex</span> <span class='ocrx_word' id='word_1_717' title='bbox 2902 5655 2971 5722; x_wconf 83' lang='lat' dir='ltr'>A,</span> <span class='ocrx_word' id='word_1_718' title='bbox 3016 5654 3146 5710; x_wconf 69' lang='lat' dir='ltr'>hinc</span> <span class='ocrx_word' id='word_1_719' title='bbox 3169 5653 3232 5710; x_wconf 90' lang='lat' dir='ltr'>in</span> <span class='ocrx_word' id='word_1_720' title='bbox 3278 5656 3551 5729; x_wconf 77' lang='lat' dir='ltr'>margine</span> 
     </span>
    </p>
   </div>
   <div class='ocr_carea' id='block_1_112' title="bbox 1935 5741 2089 5783">
    <p class='ocr_par' dir='ltr' id='par_1_112' title="bbox 1935 5741 2089 5783">
     <span class='ocr_line' id='line_1_113' title="bbox 1935 5741 2089 5783; baseline -0.013 0"><span class='ocrx_word' id='word_1_721' title='bbox 1935 5741 2089 5783; x_wconf 62' lang='grc' dir='ltr'>δῦθι.</span> 
     </span>
    </p>
   </div>
  </div>
