4074 6386
507 363 615 418 895

1829 356 2172 415 EUTHYMII
2201 324 2541 411 'ZIGABENI
3782 348 3887 402 896

508 487 820 552 cabantur,
852 487 1008 543 hanc
1036 501 1157 543 non
1179 501 1307 542 esse
1331 486 1489 542 illius
1513 486 1780 542 Matrem.
1818 483 1976 539 Sicut
2005 481 2164 537 enim

2294 479 2368 530 ιῦκ
2423 481 2562 530 ἔστιν
2611 479 2742 536 αὕτη
2811 483 2981 550 μήτηρ
3040 477 3218 529 αὐτοῦ.
3261 475 3461 548 Ὠσπερ
3514 476 3614 546 γὰρ
3684 472 3886 536 πολλοὶ,

510 576 672 632 multi
693 577 771 632 ad
802 593 873 632 ea
899 577 1303 649 respicientes,
1337 593 1472 650 quae
1515 576 1778 631 hominis
1812 579 1967 638 sunt,
2011 571 2166 625 dice-

514 668 659 721 bant
719 665 1000 721 hominen
1055 673 1282 721 tantum
1333 682 1478 731 esse,
1532 664 1741 719 Filium
1793 661 2029 726 Maria;
2087 659 2166 714 ita

509 770 748 810 rursum
776 756 870 810 alii
899 756 1268 811 attendentes
1296 756 1374 810 ad
1395 771 1485 819 ea,
1511 771 1646 827 quae
1677 751 2004 808 divinitatis
2039 750 2166 821 ejus

512 849 698 911 erant,
723 845 1192 917 suspicabantur,
1231 844 1395 917 quod
1424 851 1578 900 esset
1612 849 1834 898 tantum
1863 844 2032 906 Deus,
2059 855 2167 894 nec

511 931 822 988 essethaec
859 940 1048 988 mater
1067 933 1232 1005 ejus:
1287 938 1423 988 tunc
1454 938 1655 988 autem
1709 932 2000 986 intuentes
2031 943 2164 983 eam

514 1036 715 1077 amare
755 1021 1067 1086 dolentem,
1101 1039 1170 1078 ac
1213 1021 1540 1095 plurimum
1560 1021 1880 1092 lugentem,
1925 1023 2168 1074 naturae-

513 1126 630 1182 que
668 1112 894 1181 cedere,
931 1111 1327 1178 crediderunt,
1357 1111 1525 1184 quod
1555 1117 1746 1167 mater
1785 1114 1940 1166 esset
1993 1109 2120 1179 ejus
2153 1123 2163 1161 :

514 1204 570 1254 et
588 1201 954 1269 retegebant,
987 1201 1110 1256 sive
1138 1201 1470 1273 prodebant
1491 1200 1878 1270 cogitationes
1901 1199 2167 1254 cordium

512 1303 782 1355 suorum,
805 1305 942 1363 quas
969 1306 1005 1347 a
1026 1290 1365 1362 suspicione
1392 1294 1820 1362 processerant.

838 1505 998 1561 CAP.
1045 1504 1136 1559 IV.
1177 1505 1264 1561 De
1291 1508 1468 1561 Anna
1491 1504 1871 1574 prophetissa.

587 1609 750 1665 Vers.
779 1611 866 1665 36.
902 1613 966 1666 Et
996 1619 1125 1668 erat
1154 1643 1223 1654 —-
1261 1613 1482 1668 multis.
1512 1613 1803 1667 Provectce
1839 1610 2166 1666 admodum

515 1699 721 1766 aetatis,
755 1701 875 1755 sive
903 1716 1070 1755 anus.

2276 567 2648 630 ἀποϐλέποντες
2719 567 2786 627 εἰς
2845 569 2910 618 τὰ
2981 566 3389 639 ἀνθρωποπρεπῆ
3473 563 3652 627 αὐτοῦ,
3717 563 3887 633 ἔλεγον

2277 660 2356 711 ὅτι
2404 657 2709 729 Ἄνθρωπος
2751 662 2904 730 μόνον
2961 655 3101 708 ἐστὶν
3151 657 3269 716 Υἱὸς
3315 663 3404 714 τῆς
3454 658 3680 726 Μαρίας·
3725 653 3887 713 οὕτως

2274 747 2419 799 ἄλλοι
2465 747 2639 811 πάλιν,
2711 745 3080 805 ἀποϐλέποντες
3134 744 3198 805 εἰς
3251 747 3315 796 τα
3369 745 3622 815 θεοπρεπῆ
3695 741 3879 804 αὐτοῦ,

2276 837 2575 889 ὑπώπτευον
2633 838 2714 888 ὅτι
2787 839 2916 897 Θεὸς
2982 840 3133 907 μόνον
3193 833 3322 896 ἐστὶ,
3402 837 3492 884 καὶ
3559 832 3651 882 οὐκ
3744 834 3886 882 ἐστιν

2277 927 2407 984 αὕτη
2461 931 2632 1001 μήτηρ
2671 925 2850 978 αὐτοῦ·
2913 929 3026 977 τότε
3073 921 3131 976 δὲ
3191 925 3497 994 θεασάμενοι
3554 925 3746 979 ταύτην
3803 940 3888 971 πι-

2277 1024 2407 1090 κρῶς
2441 1013 2790 1088 ὀδυνωμένην,
2819 1020 2908 1066 καὶ
2953 1009 3192 1086 σφοδρῶς
3231 1009 3574 1085 ὀδυρομένην,
3605 1014 3695 1062 xui
3720 1011 3887 1067 ἡττω-

2277 1110 2430 1178 μένην
2486 1114 2576 1166 τῆς
2657 1107 2876 1176 φύσεως,
2940 1106 3250 1156 ἐπίστευσαν
3331 1102 3410 1153 ὅτι
3486 1105 3662 1174 μήτηρ
3723 1099 3886 1151 αὐτοῦ

2279 1193 2410 1263 ἐστι,
2487 1195 2576 1247 καί
2647 1191 3005 1264 ἀπεκάλυψαν,
3091 1195 3257 1244 είτουν
3346 1189 3693 1262 ἐξηγόρευσαν
3771 1193 3888 1248 τοῦς

2280 1281 2661 1358 διαλογισμοὺς
2716 1291 2815 1334 τῶν
2871 1278 3104 1356 καρδιῶν
3153 1279 3340 1341 αὐτῶν,
3410 1282 3530 1340 τοὺς
3601 1286 3698 1338 τῆς
3754 1279 3886 1329 ὑπο-

2277 1372 2425 1444 ψίας.

2519 1521 2661 1568 ΚΕΦ.
2697 1513 2766 1567 Δ’.
2804 1519 2927 1586 Περὶ
2953 1511 3141 1572 Ἀννης
3166 1519 3253 1571 τῆς
3284 1506 3627 1583 προφήτιὸος.

2351 1626 2453 1674 Καὶ
2556 1618 2615 1680 ἦν
2719 1652 2790 1662 -—
2891 1619 3122 1681 πολλαῖς.
3235 1616 3617 1689 Προϐεκηκυῖα,
3722 1620 3884 1669 εἶτουν

2277 1719 2464 1784 γραῦς.

587 1789 746 1843 Vers.
793 1789 880 1844 36.
917 1785 1242 1847 Etvirerat
1295 1822 1360 1832 —-
1408 1791 1582 1847 Vers.
1630 1791 1724 1848 37.
1757 1791 1871 1848 die.
1932 1790 2019 1847 Ob
2053 1791 2168 1846 hoc

2349 1805 2573 1858 Ζήσασα
2641 1832 2705 1842 --
2757 1801 2969 1874 ἡμέραν.
3026 1801 3118 1850 Διά
3169 1803 3322 1849 τοῦτο
3369 1798 3470 1869 γὰρ
3528 1799 3619 1846 καὶ
3684 1813 3886 1868 προφη-

514 1877 673 1934 enim
704 1878 1052 1950 prophetica
1078 1880 1253 1935 etiam
1273 1881 1461 1949 gratia
1491 1881 1694 1936 dotata
1716 1880 1843 1948 fuit,
1875 1880 2016 1952 quia
2047 1897 2168 1936 non

512 1966 860 2023 discedebat
903 1969 977 2025 de
1004 1969 1247 2040 templo,
1286 1969 1532 2041 jejuniis
1569 1975 1625 2026 et
1665 1970 2168 2026 obsecrationibus

513 2057 632 2113 Deo
663 2058 922 2114 serviens
947 2065 1114 2116 nocte
1133 2076 1203 2116 ac
1229 2060 1347 2116 die.

586 2146 752 2202 Vers.
787 2148 874 2203 38.
909 2149 977 2203 Et
1008 2149 1135 2206 haec
1161 2180 1230 2189 —
1259 2150 1526 2207 Domino.
1559 2151 1787 2208 Gratias
1807 2150 2024 2222 agebat
2052 2150 2171 2206 Deo

2279 1899 2425 1942 τικοῦ
2469 1895 2807 1963 χαρίσματος
2861 1888 3080 1953 ἠξιώθη,
3130 1883 3271 1939 διότι
3319 1885 3412 1937 οὐκ
3467 1883 3720 1956 ἀφίστατο
3780 1881 3884 1934 ἀπὸ

2279 1987 2370 2032 τοῦ
2399 1983 2556 2054 ἱεροῦ,
2590 1979 2636 2030 ἐν
2665 1983 2932 2040 νηστείαις
2962 1981 3052 2028 καὶ
3083 1973 3299 2033 δεήσεσι
3328 1973 3653 2048 λατρεύουσα
3680 1975 3882 2046 νύκτωρ

2279 2075 2367 2122 καὶ
2412 2071 2523 2142 μεθ’
2579 2070 2776 2142 ἡμέραν
2823 2076 2892 2138 τῷ
2935 2071 3062 2137 Θεῷ.
3110 2069 3364 2138 Λατρείαν
3410 2061 3468 2116 δε
3516 2067 3610 2121 τὴν
3642 2058 3882 2114 δουλείαν

2278 2164 2369 2212 καὶ
2396 2162 2666 2234 θεραπείαν
2696 2162 2819 2210 νόει.

517 2238 853 2293 ῘΠΟᾶῙἬᾶῑΟ-
2354 2253 2452 2302 Καὶ
2521 2249 2652 2306 αὕτη
2711 2279 2778 2287 -
2858 2251 3051 2320 Κυρίῳ.
3110 2244 3441 2318 Ηὺχαρίστει
3505 2251 3577 2314 τῷ
3626 2246 3757 2313 Θεῷ,
3807 2250 3883 2313 τῷ

2282 2338 2576 2412 ἐνανθρωπή
2587 2357 2755 2390 σαντι.

2355 2431 2456 2479 Καὶ
2538 2425 2699 2479 ἐλάλει
2781 2458 2850 2466 -
2928 2423 3288 2494 Ἰερουσαλήμ.
3364 2421 3564 2476 Ἐλάλει
3619 2426 3736 2494 περὶ
3793 2420 3887 2472 αὖ·

587 2467 748 2524 Vers.
774 2469 862 2524 38.
896 2471 1066 2526 -Αο
1095 2470 1447 2542 loquebatur
1472 2504 1540 2511 —
1564 2473 1918 2529 Jerusalem.
1946 2473 2170 2545 Loque-
2280 2467 2503 2545 ___I_'"_.'_.
2538 2467 2699 2545 Ϊζξξξ
2742 2514 2879 2545 zu.“
2938 2467 3240 2545 ξ’ῗξξξξξξξέ

2280 2524 2393 2581 τοῦ,
2427 2518 2507 2568 ὅτι
2546 2516 2696 2578 οὗτός
2741 2514 2879 2568 ἐστιν
2937 2516 2962 2566 ὁ
3006 2514 3300 2586 λυτρωτης.
3347 2510 3484 2562 Ἀλλ’
3534 2511 3560 2562 ὁ
3598 2515 3687 2583 μεν
3721 2518 3882 2582 Συμε-

2281 2613 2349 2656 ὼν
2398 2608 2559 2668 τύπος
2615 2602 2675 2664 ἦν
2722 2613 2818 2666 τῆς
2885 2603 3117 2664 Παλαιᾱς
3180 2603 3464 2663 Διαθηκης,
3518 2601 3547 2658 ἡ
3620 2596 3670 2651 δ’
3723 2599 3889 2652 ’Ἄννα

2280 2703 2370 2756 τῆς
2398 2700 2550 2757 Νέας·
2581 2695 2647 2745 ὧν
2677 2699 2832 2766 μέσος
2856 2695 2880 2744 ὁ
2905 2696 3134 2766 Χριστὸς
3159 2696 3388 2764 κείμενος
3409 2695 3501 2748 τὴν
3525 2692 3612 2760 μὲν
3639 2687 3883 2754 ἀπέλυσε,

516 2556 696 2613 batur
715 2557 788 2613 de
816 2575 908 2623 eo,
948 2559 1110 2630 quod
1141 2559 1238 2615 hic
1284 2566 1436 2616 esset
1459 2561 1811 2634 redemptio.
1837 2563 2052 2618 Verum
2091 2564 2170 2618 Si.

518 2661 693 2700 meon
724 2645 990 2716 quidem,
1016 2646 1212 2717 ﬁgura
1239 2650 1982 2715 eratveteris'l‘estainenti,
2003 2654 2172 2706 Anna

520 2740 715 2788 autem
747 2737 887 2790 Novi
922 2751 934 2790 :
995 2736 1141 2791 inter
1173 2753 1325 2809 quos
1347 2739 1575 2794 medius
1628 2741 1856 2812 positus
1910 2740 2170 2796 Christus

517 2821 661 2878 illud
715 2823 1071 2880 absolvebat
1101 2829 1242 2896 (gg),
1292 2827 1405 2882 hoc
1429 2845 1566 2883 vero
1605 2829 1930 2886 retinebat:
1976 2835 2172 2885 osten-

517 2912 686 2979 dens,
720 2913 886 2984 quod
941 2922 1104 2971 vetus
1143 2916 1389 2988 quidem
1448 2924 1658 2984 cessat,
1705 2935 1930 2976 novum
1967 2924 2168 2977 autem

517 3001 680 3059 vivit.

589 3090 754 3146 Vers.
797 3095 884 3148 39.
920 3097 983 3147 Et
1015 3102 1075 3150 ut
1104 3125 1173 3134 ——-
1196 3096 1520 3154 Nazareth.
1565 3098 1796 3166 Omnia,
1830 3115 1966 3171 quas
2007 3104 2172 3155 erant

2358 3110 2455 3158 Kui
2511 3107 2578 3166 ὡς
2623 3135 2688 3143 -
2741 3103 3002 3177 Ναζαρέτ.
3064 3100 3298 3155 Ἀπαντα
3354 3103 3419 3152 τα
3473 3104 3589 3174 περὶ
3635 3106 3729 3159 τῆς
3783 3118 3890 3150 πα-

516 3179 670 3236 circa
704 3183 870 3252 pueri
924 3186 1470 3254 praesentationem,
1511 3203 1580 3242 ac
1629 3188 1784 3244 circa
1805 3189 2056 3254 hostias,
2098 3188 2172 3245 de

2294 3195 2583 3253 οαστάσεως
2609 3201 2699 3245 τοῦ
2747 3189 2988 3259 παιδίου,
3021 3196 3110 3244 καὶ
3140 3193 3206 3242 τὰ
3248 3194 3365 3264 περὶ
3397 3197 3487 3250 τῆς
3531 3190 3739 3255 Θυσίας,
3772 3192 3892 3261 περὶ

517 3269 737 3341 quibus
763 3269 1016 3340 jubebat
1041 3271 1150 3329 lex.

590 3358 798 3422 Quaere
839 3365 1037 3415 autem
1070 3363 1263 3432 primo
1294 3364 1487 3435 capite
1512 3367 1814 3435 Evangelii
1839 3368 2174 3422 secundum

517 3447 851 3503 Matthaeum
884 3449 1023 3505 dicti
1063 3451 1216 3505 illius
1240 3455 1666 3524 expositionem
1699 3471 1711 3509 :
1767 3456 1913 3512 Ecce
1944 3457 2173 3525 angelus

517 3537 753 3591 Domini
779 3544 1024 3606 apparet
1051 3540 1112 3594 in
1135 3541 1352 3597 somnis
1371 3543 1581 3612 Ioseph
1607 3545 1806 3600 dicens
1834 3562 1844 3598 :
1901 3547 2095 3616 Surge
2123 3553 2174 3602 et

517 3629 712 3698 accipe
760 3644 1004 3697 puerum
1049 3637 1098 3684 et
1155 3639 1401 3688 matrem
1446 3637 1572 3704 eius
1617 3642 1670 3691 et
1695 3636 1828 3706 fuge
1856 3637 1916 3692 in
1940 3638 2176 3708 ngyp-

521 3721 663 3770 tum.

589 3806 755 3861 Vers.
788 3807 874 3862 40.
908 3809 1065 3864 Puer
1083 3817 1274 3866 autem
1306 3841 1374 3852 —-
1402 3828 1582 3881 super
1605 3813 1794 3870 illum.
1831 3816 2037 3880 Quoad
2065 3815 2178 3870 hu-

522 3895 863 3951 manitatem
905 3897 1034 3953 haec
1081 3899 1285 3954 omnia
1338 3901 1620 3971 intellige.
1671 3907 1977 3976 Tanquam
2032 3921 2177 3976 puer

518 3984 678 4040 enim
707 3986 1014 4042 crescebat
1043 3994 1214 4044 aetate
1248 4006 1259 4044 :
1291 3992 1794 4048 corroborabatur
1843 4000 2043 4049 autem
2070 3995 2178 4050 ad-

517 4088 723 4128 versus
756 4074 1064 4142 malitiam,
1099 4078 1332 4148 spiritu,
1365 4080 1488 4136 sive
1518 4080 1683 4137 unita
1707 4083 1821 4137 sibi
1845 4082 2172 4139 divinitate.

518 4163 666 4217 Nam
693 4162 941 4232 Spiritus
965 4172 1212 4221 vocatur
1233 4172 1284 4221 et
1313 4168 1625 4235 Divinitas;
1649 4169 2010 4240 implebatur
2037 4188 2176 4227 vero

517 4250 821 4321 sapientia,
841 4257 1129 4324 tanquam
1143 4254 1435 4311 divinitati
1465 4258 1664 4313 unitus
1689 4261 1907 4329 ;gratia
1934 4276 2178 4333 quoque

519 4340 665 4394 uniti
686 4340 800 4395 sibi
833 4340 929 4395 Dei
952 4349 1074 4397 erat
1105 4360 1287 4414 super
1312 4344 1498 4414 illum,
1523 4364 1658 4418 quae
1686 4349 1883 4419 ipsum
1906 4349 2176 4406 modera-

519 4428 712 4494 batur,
749 4431 989 4497 regebat
1028 4435 1085 4486 et
1123 4435 1542 4506 componebat.

592 4517 695 4572 Vel
731 4519 912 4574 etiam
962 4521 1078 4576 alio
1142 4525 1344 4581 modo.
1384 4527 1890 4584 Corroborabatur
1936 4531 2174 4601 Spiritu,

519 4607 788 4663 videlicet
845 4617 1090 4675 sancto;
1131 4614 1321 4682 gratia
1376 4623 1575 4671 autem
1622 4619 1744 4684 Dei,
1798 4620 1922 4676 sive
1966 4620 2174 4692 patris,

519 4702 645 4751 erat
667 4697 1044 4764 super-illum.
1067 4702 1226 4756 Sicut
1243 4704 1401 4760 enim
1423 4705 1767 4763 incarnatus
1787 4715 1871 4764 est
1896 4726 1964 4765 ex
1990 4711 2176 4766 Patris

519 4785 915 4858 beneplacito,
946 4804 1014 4845 ac
1039 4793 1491 4862 superveniente
1519 4797 1737 4867 Spiritu
1803 4804 2009 4855 sancto
2053 4816 2064 4855 :
2096 4801 2180 4857 ita

520 4875 698 4933 etiam
732 4878 1196 4936 conversabatur
1220 4899 1290 4938 ac
1320 4884 1680 4954 Operabatur
1720 4901 1824 4958 per
1842 4887 2177 4960 beneplaci-

522 4970 650 5021 tum
703 4967 882 5021 Patris
913 4975 969 5024 et
999 4973 1473 5041 cooperationem
1507 4974 1755 5045 Spiritus
1777 4976 1986 5032 sancti.

594 5057 754 5111 Vers.
783 5059 871 5113 4i.
900 5059 968 5113 Et
990 5059 1155 5116 ibant
1185 5092 1254 5101 —-
1276 5060 1445 5116 Vers.
1479 5066 1566 5118 43.
1594 5063 1946 5122 Jerusalem.
1973 5065 2178 5124 Finitis

519 5145 1142 5216 diebus,videlicetdie
1155 5151 1304 5208 festo
1318 5153 1917 5229 Paschae,diebusque
1931 5157 2178 5231 Azymo-

594 5257 639 5292 ²¹
671 5255 870 5313 Matth.
893 5273 948 5325 II,
987 5259 1071 5314 l3.

2885 2603 3117 2664 Παλαιᾱς

2282 2788 2374 2841 τὴν
2433 2781 2490 2836 δὲ
2539 2787 2964 2859 παρακατέσχεν,
3027 2780 3282 2854 ἐμφαίνων
3334 2782 3415 2832 ὅτι
3463 2780 3490 2836 ἡ
3554 2781 3643 2851 μὲν
3690 2776 3888 2829 παλαια

2280 2877 2562 2943 πέπαυται,
2586 2875 2615 2932 ἡ
2647 2869 2707 2926 δὲ
2727 2877 2815 2926 νέα
2847 2876 2933 2935 ζῆ.

2286 3284 2353 3333 ὧν
2380 3285 2405 3334 ὁ
2435 3287 2589 3356 νόμος
2622 3281 2834 3336 ἐκέλευε.

2356 3374 2595 3430 Ζήτησον
2629 3369 2687 3424 δὲ
2728 3377 2818 3424 xui.
2866 3369 2912 3422 ἐν
2963 3379 3033 3441 τῷ
3082 3375 3269 3443 πρώτῳ
3314 3367 3571 3440 κεφαλαίῳ
3613 3375 3704 3419 τοῦ
3755 3371 3895 3419 κατὰ

2285 3465 2552 3515 Ματθαῖον
2626 3467 2717 3520 την
2799 3461 3047 3532 ἐξήγησιν
3125 3467 3240 3512 τοῦ⁶
3312 3455 3457 3511 Ἰδοὺ
3511 3455 3728 3529 οἶγγιλος
3791 3462 3895 3509 Κυ·

2284 3558 2400 3627 ρίου
2433 3557 2665 3624 φαίνεται
2696 3553 2808 3602 κατ’
2857 3555 2976 3624 ὄναρ
3028 3557 3099 3620 τῷ
3155 3549 3348 3620 Ἰωσὴφ
3401 3547 3578 3618 λέγων’
3635 3545 3897 3619 Ἐγερθεὶς

2287 3641 2551 3714 παράλαϐε
2577 3645 2632 3693 τὸ
2659 3637 2875 3692 παιδίον
2925 3644 3012 3691 καὶ
3045 3644 3131 3696 τὴν
3157 3641 3359 3712 μητέρα
3397 3637 3577 3700 αὑτοῦ,
3619 3641 3708 3687 καὶ
3740 3642 3898 3706 φεῦγε

2287 3733 2355 3794 εἰς
2387 3735 2669 3802 Αἴγυπτον.

2356 3825 2425 3874 Τὸ
2467 3818 2525 3873 δὲ
2580 3816 2795 3871 παιδίον
2848 3849 2916 3859 --
2963 3816 3039 3870 ἐπ’
3103 3817 3244 3889 αὐτῷ
3334 3820 3482 3870 Κατά
3519 3818 3574 3866 τὸ
3631 3813 3900 3884 ἀνθρώπι-

2285 3929 2366 3962 νον
2412 3917 2579 3961 ταῦτα
2621 3911 2791 3960 πάντα
2842 3927 3049 3963 νοησον.
3105 3906 3192 3966 Ὠς
3242 3902 3457 3958 παιδίον
3497 3905 3611 3976 (71)
3657 3905 3757 3976 γὰρ
3801 3905 3896 3958 n5-

2287 3998 2402 4062 ξανε
2458 4001 2547 4071 μὲν
2592 3997 2661 4058 εἰς
2689 3997 2916 4067 ἡλικίαν,
2940 4003 3276 4068 εκραταιοῦτο
3318 3991 3375 4047 δὲ
3404 3995 3539 4046 κατὰ
3566 4001 3661 4055 τῆς
3705 3996 3901 4054 κακίας

2284 4091 2561 4161 πνεύματι,
2659 4090 2820 4155 ἤγουν
2904 4094 2965 4158 τῇ
3063 4087 3293 4157 ἡνωμένη
3410 4084 3549 4153 αὖτῴ
3663 4083 3897 4140 θεὸτητι.

2287 4185 2495 4250 Πνεῦμα
2523 4179 2620 4250 γὰρ
2653 4175 2854 4228 καλειαι
2901 4179 2990 4226 καὶ
3027 4175 3057 4231 ἡ
3093 4175 3286 4233 θεότης.
3330 4173 3434 4227 Καὶ
3470 4172 3754 4246 ἐπληροῦτο
3803 4174 3900 4242 μὲν

2291 4272 2495 4339 σοφίας,
2529 4269 2596 4328 ὡς
2626 4268 2881 4338 ἡνωμένον
2913 4272 2974 4337 τῇ
3013 4267 3189 4336 σοφία·
3224 4265 3388 4336 χάρις
3420 4259 3478 4314 δὲ
3507 4269 3598 4313 τοῦ
3630 4263 3902 4333 ἡνωμένον

2288 4356 2428 4425 αὐτῷ
2479 4360 2604 4408 Θεοῦ
2638 4351 2696 4412 ἦν
2756 4353 2832 4405 ἔπ’
2890 4354 3050 4423 αὐτῷ,
3104 4349 3526 4423 παιδαγωγοῦσα
3585 4357 3738 4403 τοῦτο
3806 4357 3899 4403 xui

2212 4466 2255 4520 D
2285 4444 2624 4519 ῥυθμίζουσα
2652 4447 2742 4495 καὶ
2771 4448 3201 4513 κατακοσμοῦσα.

2358 4532 2425 4586 Ἦ
2458 4538 2547 4585 καὶ
2591 4533 2791 4604 ἑτέρως.
2851 4531 3217 4604 Ἐκραταιουτο
3271 4532 3360 4602 μὲν
3415 4532 3696 4601 Πνεῦματι,
3753 4531 3900 4586 ἤτοι·

2287 4632 2358 4694 τῷ
2407 4622 2567 4694 ἁγίῳ”
2628 4623 2787 4694 χάρις
2835 4616 2892 4672 δὲ
2947 4620 3058 4692 (7‘2)
3117 4625 3265 4686 Θεοῦ,
3317 4623 3478 4690 ἤγουν
3527 4625 3618 4671 τοῦ
3674 4621 3906 4690 Πατρός,

2288 4709 2348 4771 ἧν
2400 4710 2476 4764 ἐπ’
2536 4711 2696 4782 αὐτῷ.
2769 4708 2967 4782 Ὠσπερ
3027 4711 3125 4783 γὰρ
3197 4707 3470 4782 ἐσαρκώθη
3542 4710 3749 4779 Πατρός
3819 4708 3908 4759 εὖ·

2288 4890 2622 4958 ἐπολιτεύετο,
2675 4894 2764 4941 καὶ
2825 4889 3050 4961 ἐνήργει,
3108 4883 3325 4958 εῦὸοκιᾳ
3377 4890 3466 4960 μὲν
3525 4894 3613 4940 τοῦ
3674 4892 3907 4962 Πατρός,

2289 4984 2537 5053 συνεργίᾳ
2567 4975 2626 5032 δὴ
2652 4985 2743 5030 τοῦ
2769 4977 2922 5049 ἁγίου
2956 4979 3272 5049 Πνεῦματος.

2361 5074 2463 5123 Καὶ
2545 5067 2846 5141 ἐπορεύοντο
2929 5098 2997 5107 -
3065 5065 3426 5140 Ἰερουσαλήμ.
3508 5067 3911 5120 Τελειωσαντων

2288 5162 2377 5220 τὰς
2433 5161 2631 5234 ἡμέρας
2680 5160 2771 5219 τὰς
2831 5165 2928 5220 τῆς
2977 5156 3154 5230 ἑορτῆς
3226 5163 3317 5208 τοῦ
3379 5157 3582 5228 Πάσχα
3649 5160 3739 5209 καὶ
3804 5166 3912 5221 τῆς

1832 5363 2060 5434 Variae
2093 5365 2422 5436 lectiones
2437 5371 2505 5432 et
2529 5373 2733 5432 notae.

595 5468 837 5543 (71)Γάρ
879 5471 1069 5528 abest.
1103 5473 1168 5527 Α.

2360 5481 2475 5554 (72)
2510 5487 2614 5535 Τοῦ
2646 5479 2814 5536 addit
2851 5484 2914 5533 Α.

595 5644 720 5716 (99)
786 5647 1353 5727 Illu¢l_abs_olv_ebal_._
1399 5653 1586 5710 Istum
1629 5654 1868 5727 quidem
1901 5657 2173 5714 demisit:

967 5654 1354 5740 εειρςριυξιναιι
1399 5654 1586 5740 Istum
1629 5654 1868 5727 quidem
1899 5657 2172 5740 ἀφιηίείιε

2294 5673 2439 5740 nonA
2457 5657 2532 5715 de
2579 5655 2966 5716 testamentis.
3014 5654 3285 5717 Ἀπολιὶειν
3335 5656 3575 5740 respicit
3628 5656 3706 5713 ad
3763 5673 3913 5732 cap.

522 5716 676 5773 hanc
708 5733 847 5774 vero
876 5719 1134 5778 retinuit.
1175 5725 1255 5778 De
1297 5723 1576 5782 Simeone
1605 5716 1802 5785 sermo
1828 5734 1978 5787 estet
2002 5733 2178 5788 Anna

2287 5747 2349 5797 ιι,
2375 5732 2465 5786 29.

2289 4800 2467 4873 ὁοκίᾳ,
2531 4806 2621 4853 καὶ
2680 4801 2971 4871 Πνεύματος
3040 4797 3193 4869 ἁγίου
3261 4796 3535 4850 ἐπελεύσει·
3603 4797 3738 4850 οὕτω
3807 4804 3910 4852 καὶ
3999 4813 4008 4818 ·
