  <div class='ocr_page' id='page_1' title='image "/cluster/home/n/w/nwhite01/storage/ocr_20150623/129/coo.31924054870344/458.png"; bbox 0 0 4074 6384; ppageno 0'>
   <div class='ocr_carea' id='block_1_1' title="bbox 191 331 1809 403">
    <p class='ocr_par' dir='ltr' id='par_1_1' title="bbox 191 334 1770 403">
     <span class='ocr_line' id='line_1_1' title="bbox 191 334 1770 403; baseline -0.006 0"><span class='ocrx_word' id='word_1_1' title='bbox 191 347 294 403; x_wconf 85' lang='grc'>897</span> <span class='ocrx_word' id='word_1_2' title='bbox 1317 339 1663 397; x_wconf 86' lang='lat' dir='ltr'>COMMENT</span> <span class='ocrx_word' id='word_1_3' title='bbox 1704 334 1770 392; x_wconf 87' lang='lat' dir='ltr'>IN</span> 
     </span>
    </p>
   </div>
   <div class='ocr_carea' id='block_1_2' title="bbox 1946 331 2521 403">
    <p class='ocr_par' dir='ltr' id='par_1_2' title="bbox 1946 333 2521 392">
     <span class='ocr_line' id='line_1_2' title="bbox 1946 333 2521 392; baseline 0.007 -5"><span class='ocrx_word' id='word_1_4' title='bbox 1946 333 2080 389; x_wconf 74' lang='grc' dir='ltr'>ἱΛΜ.</span> <span class='ocrx_word' id='word_1_5' title='bbox 2121 365 2190 377; x_wconf 93' lang='grc'><strong><em>-</em></strong></span> <span class='ocrx_word' id='word_1_6' title='bbox 2227 335 2384 392; x_wconf 81' lang='lat' dir='ltr'>CAP.</span> <span class='ocrx_word' id='word_1_7' title='bbox 2427 335 2521 391; x_wconf 90' lang='grc' dir='ltr'>ΙΙΙ.</span> 
     </span>
    </p>
   </div>
   <div class='ocr_carea' id='block_1_3' title="bbox 3453 342 3559 397">
    <p class='ocr_par' dir='ltr' id='par_1_3' title="bbox 3453 342 3559 397">
     <span class='ocr_line' id='line_1_3' title="bbox 3453 342 3559 397; baseline 0 -1"><span class='ocrx_word' id='word_1_8' title='bbox 3453 342 3559 397; x_wconf 88' lang='lat'>898</span> 
     </span>
    </p>
   </div>
   <div class='ocr_carea' id='block_1_4' title="bbox 196 459 1809 553">
    <p class='ocr_par' dir='ltr' id='par_1_4' title="bbox 196 472 1795 553">
     <span class='ocr_line' id='line_1_4' title="bbox 196 472 1795 553; baseline -0.002 -23"><span class='ocrx_word' id='word_1_9' title='bbox 196 479 369 553; x_wconf 75' lang='grc' dir='ltr'>ἑορτῆς</span> <span class='ocrx_word' id='word_1_10' title='bbox 406 488 507 533; x_wconf 81' lang='grc' dir='ltr'>τῶν</span> <span class='ocrx_word' id='word_1_11' title='bbox 546 478 810 551; x_wconf 78' lang='grc' dir='ltr'>Ἀζυμων.</span> <span class='ocrx_word' id='word_1_12' title='bbox 878 478 1134 549; x_wconf 86' lang='grc' dir='ltr'>’Υπέμεινε</span> <span class='ocrx_word' id='word_1_13' title='bbox 1177 472 1238 528; x_wconf 70' lang='grc' dir='ltr'>δε</span> <span class='ocrx_word' id='word_1_14' title='bbox 1290 478 1476 540; x_wconf 83' lang='grc' dir='ltr'>εἴτουν,</span> <span class='ocrx_word' id='word_1_15' title='bbox 1522 472 1795 543; x_wconf 73' lang='grc' dir='ltr'>ὑπελείφθη</span> 
     </span>
    </p>
   </div>
   <div class='ocr_carea' id='block_1_5' title="bbox 1946 459 3557 553">
    <p class='ocr_par' dir='ltr' id='par_1_5' title="bbox 1946 460 3557 533">
     <span class='ocr_line' id='line_1_5' title="bbox 1946 460 3557 533; baseline 0.004 -19"><span class='ocrx_word' id='word_1_16' title='bbox 1946 475 2063 515; x_wconf 93' lang='lat' dir='ltr'>um.</span> <span class='ocrx_word' id='word_1_17' title='bbox 2084 460 2622 525; x_wconf 89' lang='lat' dir='ltr'>Remansitautem,</span> <span class='ocrx_word' id='word_1_18' title='bbox 2640 460 2761 517; x_wconf 84' lang='lat' dir='ltr'>sive</span> <span class='ocrx_word' id='word_1_19' title='bbox 2773 460 3010 518; x_wconf 87' lang='lat' dir='ltr'>relictus</span> <span class='ocrx_word' id='word_1_20' title='bbox 3026 462 3187 519; x_wconf 91' lang='lat' dir='ltr'>estin</span> <span class='ocrx_word' id='word_1_21' title='bbox 3200 464 3557 533; x_wconf 83' lang='lat' dir='ltr'>Jerusalem,</span> 
     </span>
    </p>
   </div>
   <div class='ocr_carea' id='block_1_6' title="bbox 195 559 1800 645">
    <p class='ocr_par' dir='ltr' id='par_1_6' title="bbox 195 559 1800 645">
     <span class='ocr_line' id='line_1_6' title="bbox 195 559 1800 645; baseline -0.006 -22"><span class='ocrx_word' id='word_1_22' title='bbox 195 570 243 622; x_wconf 80' lang='grc' dir='ltr'>ἐν</span> <span class='ocrx_word' id='word_1_23' title='bbox 280 568 643 645; x_wconf 77' lang='grc' dir='ltr'>Ἰερουσαλὴμ,</span> <span class='ocrx_word' id='word_1_24' title='bbox 717 566 1033 640; x_wconf 75' lang='grc' dir='ltr'>βουλόμενος</span> <span class='ocrx_word' id='word_1_25' title='bbox 1077 565 1337 637; x_wconf 81' lang='grc' dir='ltr'>συμμίξαι</span> <span class='ocrx_word' id='word_1_26' title='bbox 1378 570 1486 625; x_wconf 85' lang='grc' dir='ltr'>τοῖς</span> <span class='ocrx_word' id='word_1_27' title='bbox 1528 559 1800 615; x_wconf 78' lang='grc' dir='ltr'>διδασκά-</span> 
     </span>
    </p>
   </div>
   <div class='ocr_carea' id='block_1_7' title="bbox 193 658 316 718">
    <p class='ocr_par' dir='ltr' id='par_1_7' title="bbox 193 658 316 718">
     <span class='ocr_line' id='line_1_7' title="bbox 193 658 316 718; baseline -0.008 -9"><span class='ocrx_word' id='word_1_28' title='bbox 193 658 316 718; x_wconf 77' lang='grc' dir='ltr'>λοις.</span> 
     </span>
    </p>
   </div>
   <div class='ocr_carea' id='block_1_8' title="bbox 268 742 1793 814">
    <p class='ocr_par' dir='ltr' id='par_1_8' title="bbox 268 742 1793 814">
     <span class='ocr_line' id='line_1_8' title="bbox 268 742 1793 814; baseline -0.005 -15"><span class='ocrx_word' id='word_1_29' title='bbox 268 752 369 799; x_wconf 80' lang='grc' dir='ltr'>Καὶ</span> <span class='ocrx_word' id='word_1_30' title='bbox 399 746 495 798; x_wconf 81' lang='grc' dir='ltr'>οὑκ</span> <span class='ocrx_word' id='word_1_31' title='bbox 536 777 606 787; x_wconf 92' lang='grc'><strong>-</strong></span> <span class='ocrx_word' id='word_1_32' title='bbox 652 746 832 801; x_wconf 81' lang='grc' dir='ltr'>αὑτοῦ.</span> <span class='ocrx_word' id='word_1_33' title='bbox 885 746 1030 797; x_wconf 79' lang='grc' dir='ltr'>Κατὰ</span> <span class='ocrx_word' id='word_1_34' title='bbox 1077 746 1214 796; x_wconf 97' lang='grc' dir='ltr'>θείαν</span> <span class='ocrx_word' id='word_1_35' title='bbox 1261 742 1575 814; x_wconf 78' lang='grc' dir='ltr'>οἰκονομίαν,</span> <span class='ocrx_word' id='word_1_36' title='bbox 1613 742 1697 793; x_wconf 86' lang='grc' dir='ltr'>ἶνα</span> <span class='ocrx_word' id='word_1_37' title='bbox 1723 744 1793 812; x_wconf 84' lang='grc' dir='ltr'>μή</span> 
     </span>
    </p>
   </div>
   <div class='ocr_carea' id='block_1_9' title="bbox 192 831 1519 908">
    <p class='ocr_par' dir='ltr' id='par_1_9' title="bbox 192 831 1519 908">
     <span class='ocr_line' id='line_1_9' title="bbox 192 831 1519 908; baseline -0.002 -21"><span class='ocrx_word' id='word_1_38' title='bbox 192 836 503 887; x_wconf 73' lang='grc' dir='ltr'>κωλύσωσιν</span> <span class='ocrx_word' id='word_1_39' title='bbox 531 835 706 900; x_wconf 76' lang='grc' dir='ltr'>αὐτόν,</span> <span class='ocrx_word' id='word_1_40' title='bbox 754 838 820 895; x_wconf 83' lang='grc' dir='ltr'>ὼς</span> <span class='ocrx_word' id='word_1_41' title='bbox 846 831 1018 887; x_wconf 81' lang='grc' dir='ltr'>παῖδα</span> <span class='ocrx_word' id='word_1_42' title='bbox 1039 840 1127 885; x_wconf 65' lang='grc' dir='ltr'>καὶ</span> <span class='ocrx_word' id='word_1_43' title='bbox 1160 833 1519 908; x_wconf 79' lang='grc' dir='ltr'>ἀγράμματον.</span> 
     </span>
    </p>
   </div>
   <div class='ocr_carea' id='block_1_10' title="bbox 266 1028 1798 1105">
    <p class='ocr_par' dir='ltr' id='par_1_10' title="bbox 266 1028 1798 1105">
     <span class='ocr_line' id='line_1_10' title="bbox 266 1028 1798 1105; baseline -0.003 -20"><span class='ocrx_word' id='word_1_44' title='bbox 266 1036 587 1103; x_wconf 74' lang='grc' dir='ltr'>Νομίσαντες</span> <span class='ocrx_word' id='word_1_45' title='bbox 619 1062 686 1072; x_wconf 94' lang='grc'><strong><em>-</em></strong></span> <span class='ocrx_word' id='word_1_46' title='bbox 725 1028 1083 1085; x_wconf 70' lang='grc' dir='ltr'>διδασκάλων.</span> <span class='ocrx_word' id='word_1_47' title='bbox 1122 1034 1260 1083; x_wconf 87' lang='grc' dir='ltr'>Μίαν</span> <span class='ocrx_word' id='word_1_48' title='bbox 1299 1031 1388 1102; x_wconf 72' lang='grc' dir='ltr'>μὲν</span> <span class='ocrx_word' id='word_1_49' title='bbox 1437 1032 1633 1105; x_wconf 83' lang='grc' dir='ltr'>ἡμέραν</span> <span class='ocrx_word' id='word_1_50' title='bbox 1670 1028 1798 1081; x_wconf 73' lang='grc' dir='ltr'>ἀνά-</span> 
     </span>
    </p>
   </div>
   <div class='ocr_carea' id='block_1_11' title="bbox 194 1116 1797 1193">
    <p class='ocr_par' dir='ltr' id='par_1_11' title="bbox 194 1116 1797 1193">
     <span class='ocr_line' id='line_1_11' title="bbox 194 1116 1797 1193; baseline -0.002 -20"><span class='ocrx_word' id='word_1_51' title='bbox 194 1122 391 1185; x_wconf 62' lang='grc' dir='ltr'>λωσαν,</span> <span class='ocrx_word' id='word_1_52' title='bbox 425 1123 508 1173; x_wconf 82' lang='grc' dir='ltr'>ὅτε</span> <span class='ocrx_word' id='word_1_53' title='bbox 538 1118 693 1178; x_wconf 75' lang='grc' dir='ltr'>ἦλθον</span> <span class='ocrx_word' id='word_1_54' title='bbox 732 1122 929 1193; x_wconf 76' lang='grc' dir='ltr'>ἡμέρας</span> <span class='ocrx_word' id='word_1_55' title='bbox 958 1116 1101 1183; x_wconf 81' lang='grc' dir='ltr'>ὁδόν,</span> <span class='ocrx_word' id='word_1_56' title='bbox 1144 1124 1231 1171; x_wconf 84' lang='grc' dir='ltr'>καὶ</span> <span class='ocrx_word' id='word_1_57' title='bbox 1262 1118 1537 1179; x_wconf 70' lang='grc' dir='ltr'>ἀνεζήτουν</span> <span class='ocrx_word' id='word_1_58' title='bbox 1565 1118 1719 1170; x_wconf 80' lang='grc' dir='ltr'>αὑτὸν</span> <span class='ocrx_word' id='word_1_59' title='bbox 1751 1117 1797 1169; x_wconf 77' lang='grc' dir='ltr'>ἐν</span> 
     </span>
    </p>
   </div>
   <div class='ocr_carea' id='block_1_12' title="bbox 196 1204 1796 1282">
    <p class='ocr_par' dir='ltr' id='par_1_12' title="bbox 196 1204 1796 1282">
     <span class='ocr_line' id='line_1_12' title="bbox 196 1204 1796 1282; baseline -0.003 -19"><span class='ocrx_word' id='word_1_60' title='bbox 196 1218 306 1271; x_wconf 84' lang='grc' dir='ltr'>τοῖς</span> <span class='ocrx_word' id='word_1_61' title='bbox 337 1214 615 1282; x_wconf 70' lang='grc' dir='ltr'>συγγενέσι</span> <span class='ocrx_word' id='word_1_62' title='bbox 658 1214 749 1262; x_wconf 84' lang='grc' dir='ltr'>καὶ</span> <span class='ocrx_word' id='word_1_63' title='bbox 777 1208 825 1261; x_wconf 80' lang='grc' dir='ltr'>έν</span> <span class='ocrx_word' id='word_1_64' title='bbox 864 1216 974 1269; x_wconf 87' lang='grc' dir='ltr'>τοῖς</span> <span class='ocrx_word' id='word_1_65' title='bbox 1022 1216 1268 1280; x_wconf 81' lang='grc' dir='ltr'>γνωστοῖς</span> <span class='ocrx_word' id='word_1_66' title='bbox 1311 1226 1322 1237; x_wconf 84' lang='grc'>⁶</span> <span class='ocrx_word' id='word_1_67' title='bbox 1357 1208 1529 1280; x_wconf 79' lang='grc' dir='ltr'>ἑτέραν</span> <span class='ocrx_word' id='word_1_68' title='bbox 1584 1204 1660 1276; x_wconf 73' lang='grc' dir='ltr'>δε,</span> <span class='ocrx_word' id='word_1_69' title='bbox 1691 1210 1796 1273; x_wconf 81' lang='grc' dir='ltr'>ὅτε,</span> 
     </span>
    </p>
   </div>
   <div class='ocr_carea' id='block_1_13' title="bbox 194 1296 1799 1373">
    <p class='ocr_par' dir='ltr' id='par_1_13' title="bbox 194 1296 1799 1373">
     <span class='ocr_line' id='line_1_13' title="bbox 194 1296 1799 1373; baseline -0.002 -21"><span class='ocrx_word' id='word_1_70' title='bbox 194 1305 265 1371; x_wconf 75' lang='grc' dir='ltr'>μή</span> <span class='ocrx_word' id='word_1_71' title='bbox 304 1301 537 1373; x_wconf 77' lang='grc' dir='ltr'>εὑρόντες</span> <span class='ocrx_word' id='word_1_72' title='bbox 594 1299 768 1368; x_wconf 72' lang='grc' dir='ltr'>αὑτὸν,</span> <span class='ocrx_word' id='word_1_73' title='bbox 805 1298 1134 1373; x_wconf 76' lang='grc' dir='ltr'>ὑπέστρεψαν</span> <span class='ocrx_word' id='word_1_74' title='bbox 1179 1298 1251 1361; x_wconf 88' lang='grc' dir='ltr'>εἰς</span> <span class='ocrx_word' id='word_1_75' title='bbox 1297 1296 1656 1372; x_wconf 76' lang='grc' dir='ltr'>Ἰερουσαλήμ,</span> <span class='ocrx_word' id='word_1_76' title='bbox 1712 1300 1799 1359; x_wconf 86' lang='grc' dir='ltr'>ζη-</span> 
     </span>
    </p>
   </div>
   <div class='ocr_carea' id='block_1_14' title="bbox 194 1384 1793 1459">
    <p class='ocr_par' dir='ltr' id='par_1_14' title="bbox 194 1384 1793 1459">
     <span class='ocr_line' id='line_1_14' title="bbox 194 1384 1793 1459; baseline -0.001 -19"><span class='ocrx_word' id='word_1_77' title='bbox 194 1396 400 1449; x_wconf 81' lang='grc' dir='ltr'>τοῦντες</span> <span class='ocrx_word' id='word_1_78' title='bbox 431 1388 585 1440; x_wconf 68' lang='grc' dir='ltr'>αὐτόν</span> <span class='ocrx_word' id='word_1_79' title='bbox 628 1404 641 1416; x_wconf 89' lang='grc'><strong>·</strong></span> <span class='ocrx_word' id='word_1_80' title='bbox 667 1390 800 1439; x_wconf 82' lang='grc' dir='ltr'>κατὰ</span> <span class='ocrx_word' id='word_1_81' title='bbox 829 1392 923 1446; x_wconf 81' lang='grc' dir='ltr'>τὴν</span> <span class='ocrx_word' id='word_1_82' title='bbox 946 1392 1124 1459; x_wconf 80' lang='grc' dir='ltr'>τρίτην</span> <span class='ocrx_word' id='word_1_83' title='bbox 1157 1384 1191 1439; x_wconf 90' lang='grc' dir='ltr'>δ</span> <span class='ocrx_word' id='word_1_84' title='bbox 1195 1389 1215 1439; x_wconf 66' lang='grc' dir='ltr'>ξ</span> <span class='ocrx_word' id='word_1_85' title='bbox 1253 1386 1429 1439; x_wconf 79' lang='grc' dir='ltr'>λοιπὸν</span> <span class='ocrx_word' id='word_1_86' title='bbox 1450 1387 1592 1458; x_wconf 77' lang='grc' dir='ltr'>εὗρον</span> <span class='ocrx_word' id='word_1_87' title='bbox 1621 1385 1793 1439; x_wconf 72' lang='grc' dir='ltr'>αὑτὸν.</span> 
     </span>
    </p>
   </div>
   <div class='ocr_carea' id='block_1_15' title="bbox 193 1473 1799 1551">
    <p class='ocr_par' dir='ltr' id='par_1_15' title="bbox 193 1473 1799 1551">
     <span class='ocr_line' id='line_1_15' title="bbox 193 1473 1799 1551; baseline -0.001 -22"><span class='ocrx_word' id='word_1_88' title='bbox 193 1480 281 1529; x_wconf 82' lang='grc' dir='ltr'>Ἐν</span> <span class='ocrx_word' id='word_1_89' title='bbox 308 1486 382 1547; x_wconf 79' lang='grc' dir='ltr'>τῷ</span> <span class='ocrx_word' id='word_1_90' title='bbox 413 1480 530 1550; x_wconf 80' lang='grc' dir='ltr'>ἱερῷ</span> <span class='ocrx_word' id='word_1_91' title='bbox 563 1473 623 1528; x_wconf 66' lang='grc' dir='ltr'>δὲ</span> <span class='ocrx_word' id='word_1_92' title='bbox 662 1475 955 1549; x_wconf 76' lang='grc' dir='ltr'>εὑρίσκεται</span> <span class='ocrx_word' id='word_1_93' title='bbox 982 1479 1007 1528; x_wconf 87' lang='grc' dir='ltr'>ό</span> <span class='ocrx_word' id='word_1_94' title='bbox 1038 1479 1287 1551; x_wconf 82' lang='grc' dir='ltr'>Χριστός,</span> <span class='ocrx_word' id='word_1_95' title='bbox 1321 1480 1481 1546; x_wconf 76' lang='grc' dir='ltr'>ἤγουν</span> <span class='ocrx_word' id='word_1_96' title='bbox 1514 1474 1560 1526; x_wconf 79' lang='grc' dir='ltr'>ἐν</span> <span class='ocrx_word' id='word_1_97' title='bbox 1582 1484 1649 1546; x_wconf 78' lang='grc' dir='ltr'>τῷ</span> <span class='ocrx_word' id='word_1_98' title='bbox 1683 1477 1799 1550; x_wconf 82' lang='grc' dir='ltr'>ἱερῴ</span> 
     </span>
    </p>
   </div>
   <div class='ocr_carea' id='block_1_16' title="bbox 194 1564 1797 1640">
    <p class='ocr_par' dir='ltr' id='par_1_16' title="bbox 194 1564 1797 1640">
     <span class='ocr_line' id='line_1_16' title="bbox 194 1564 1797 1640; baseline -0.002 -22"><span class='ocrx_word' id='word_1_99' title='bbox 194 1572 361 1637; x_wconf 75' lang='grc' dir='ltr'>τόπῳ,</span> <span class='ocrx_word' id='word_1_100' title='bbox 395 1571 483 1617; x_wconf 72' lang='grc' dir='ltr'>καὶ</span> <span class='ocrx_word' id='word_1_101' title='bbox 521 1564 567 1617; x_wconf 81' lang='grc' dir='ltr'>έν</span> <span class='ocrx_word' id='word_1_102' title='bbox 595 1574 667 1636; x_wconf 80' lang='grc' dir='ltr'>τῷ</span> <span class='ocrx_word' id='word_1_103' title='bbox 701 1565 817 1640; x_wconf 83' lang='grc' dir='ltr'>ἱερὼ</span> <span class='ocrx_word' id='word_1_104' title='bbox 849 1568 1139 1640; x_wconf 74' lang='grc' dir='ltr'>πράγματι,</span> <span class='ocrx_word' id='word_1_105' title='bbox 1172 1570 1260 1617; x_wconf 72' lang='grc' dir='ltr'>καὶ</span> <span class='ocrx_word' id='word_1_106' title='bbox 1288 1564 1334 1616; x_wconf 87' lang='grc' dir='ltr'>ἐν</span> <span class='ocrx_word' id='word_1_107' title='bbox 1366 1574 1437 1636; x_wconf 79' lang='grc' dir='ltr'>τῷ</span> <span class='ocrx_word' id='word_1_108' title='bbox 1461 1567 1577 1639; x_wconf 83' lang='grc' dir='ltr'>ἱερῷ</span> <span class='ocrx_word' id='word_1_109' title='bbox 1608 1564 1797 1639; x_wconf 78' lang='grc' dir='ltr'>ἀνθρώ-</span> 
     </span>
    </p>
   </div>
   <div class='ocr_carea' id='block_1_17' title="bbox 195 1677 295 1727">
    <p class='ocr_par' dir='ltr' id='par_1_17' title="bbox 195 1677 295 1727">
     <span class='ocr_line' id='line_1_17' title="bbox 195 1677 295 1727; baseline 0 -19"><span class='ocrx_word' id='word_1_110' title='bbox 195 1677 295 1727; x_wconf 50' lang='grc' dir='ltr'>που</span> 
     </span>
    </p>
   </div>
   <div class='ocr_carea' id='block_1_18' title="bbox 268 1742 1801 1818">
    <p class='ocr_par' dir='ltr' id='par_1_18' title="bbox 268 1742 1801 1818">
     <span class='ocr_line' id='line_1_18' title="bbox 268 1742 1801 1818; baseline -0.001 -22"><span class='ocrx_word' id='word_1_111' title='bbox 268 1744 561 1796; x_wconf 82' lang='grc' dir='ltr'>Ἀκούοντα</span> <span class='ocrx_word' id='word_1_112' title='bbox 620 1775 688 1784; x_wconf 94' lang='lat'><strong>—</strong></span> <span class='ocrx_word' id='word_1_113' title='bbox 742 1744 947 1804; x_wconf 77' lang='grc' dir='ltr'>αὑτούς.</span> <span class='ocrx_word' id='word_1_114' title='bbox 993 1744 1274 1795; x_wconf 80' lang='grc' dir='ltr'>Ἀκούοντα</span> <span class='ocrx_word' id='word_1_115' title='bbox 1324 1748 1414 1795; x_wconf 89' lang='grc' dir='ltr'>καὶ</span> <span class='ocrx_word' id='word_1_116' title='bbox 1470 1742 1801 1818; x_wconf 75' lang='grc' dir='ltr'>ἐπερωτῶντα</span> 
     </span>
    </p>
   </div>
   <div class='ocr_carea' id='block_1_19' title="bbox 1906 548 2905 607">
    <p class='ocr_par' dir='ltr' id='par_1_19' title="bbox 1906 548 2905 607">
     <span class='ocr_line' id='line_1_19' title="bbox 1906 548 2905 607; baseline 0.005 -5"><span class='ocrx_word' id='word_1_117' title='bbox 1906 548 2115 604; x_wconf 90' lang='lat' dir='ltr'>volens</span> <span class='ocrx_word' id='word_1_118' title='bbox 2141 549 2515 606; x_wconf 82' lang='lat' dir='ltr'>commisceri</span> <span class='ocrx_word' id='word_1_119' title='bbox 2544 548 2905 607; x_wconf 87' lang='lat' dir='ltr'>doctoribus.</span> 
     </span>
    </p>
   </div>
   <div class='ocr_carea' id='block_1_20' title="bbox 1981 761 3561 834">
    <p class='ocr_par' dir='ltr' id='par_1_20' title="bbox 1981 761 3561 834">
     <span class='ocr_line' id='line_1_20' title="bbox 1981 761 3561 834; baseline 0.007 -21"><span class='ocrx_word' id='word_1_120' title='bbox 1981 761 2141 816; x_wconf 84' lang='lat' dir='ltr'>Vers.</span> <span class='ocrx_word' id='word_1_121' title='bbox 2184 766 2272 817; x_wconf 84' lang='grc'>43.</span> <span class='ocrx_word' id='word_1_122' title='bbox 2306 763 2382 817; x_wconf 89' lang='lat' dir='ltr'>Et</span> <span class='ocrx_word' id='word_1_123' title='bbox 2413 779 2532 819; x_wconf 85' lang='lat' dir='ltr'>non</span> <span class='ocrx_word' id='word_1_124' title='bbox 2562 794 2632 803; x_wconf 91' lang='lat'>—</span> <span class='ocrx_word' id='word_1_125' title='bbox 2661 766 2807 834; x_wconf 89' lang='lat' dir='ltr'>ejus.</span> <span class='ocrx_word' id='word_1_126' title='bbox 2840 766 3014 821; x_wconf 81' lang='lat' dir='ltr'>Juxta</span> <span class='ocrx_word' id='word_1_127' title='bbox 3056 765 3325 822; x_wconf 84' lang='lat' dir='ltr'>divinam</span> <span class='ocrx_word' id='word_1_128' title='bbox 3368 768 3561 825; x_wconf 87' lang='lat' dir='ltr'>Provi-</span> 
     </span>
    </p>
   </div>
   <div class='ocr_carea' id='block_1_21' title="bbox 1908 849 3563 929">
    <p class='ocr_par' dir='ltr' id='par_1_21' title="bbox 1908 849 3563 929">
     <span class='ocr_line' id='line_1_21' title="bbox 1908 849 3563 929; baseline 0.006 -25"><span class='ocrx_word' id='word_1_129' title='bbox 1908 849 2175 906; x_wconf 79' lang='lat' dir='ltr'>dentiam</span> <span class='ocrx_word' id='word_1_130' title='bbox 2189 850 2305 907; x_wconf 92' lang='lat' dir='ltr'>hoc</span> <span class='ocrx_word' id='word_1_131' title='bbox 2334 853 2556 907; x_wconf 84' lang='lat' dir='ltr'>factum</span> <span class='ocrx_word' id='word_1_132' title='bbox 2580 859 2686 917; x_wconf 87' lang='lat' dir='ltr'>est,</span> <span class='ocrx_word' id='word_1_133' title='bbox 2710 869 2784 908; x_wconf 87' lang='lat' dir='ltr'>ne</span> <span class='ocrx_word' id='word_1_134' title='bbox 2806 855 3360 925; x_wconf 87' lang='lat' dir='ltr'>prohiberenteum,</span> <span class='ocrx_word' id='word_1_135' title='bbox 3386 859 3563 929; x_wconf 72' lang='lat' dir='ltr'>quasi</span> 
     </span>
    </p>
   </div>
   <div class='ocr_carea' id='block_1_22' title="bbox 1909 941 2651 1011">
    <p class='ocr_par' dir='ltr' id='par_1_22' title="bbox 1909 941 2651 1011">
     <span class='ocr_line' id='line_1_22' title="bbox 1909 941 2651 1011; baseline 0.003 -16"><span class='ocrx_word' id='word_1_136' title='bbox 1909 957 2162 1011; x_wconf 88' lang='lat' dir='ltr'>puerum</span> <span class='ocrx_word' id='word_1_137' title='bbox 2189 946 2246 996; x_wconf 90' lang='lat' dir='ltr'>et</span> <span class='ocrx_word' id='word_1_138' title='bbox 2270 942 2393 996; x_wconf 87' lang='lat' dir='ltr'>sine</span> <span class='ocrx_word' id='word_1_139' title='bbox 2423 941 2651 997; x_wconf 75' lang='lat' dir='ltr'>litteris.</span> 
     </span>
    </p>
   </div>
   <div class='ocr_carea' id='block_1_23' title="bbox 1983 1030 3561 1093">
    <p class='ocr_par' dir='ltr' id='par_1_23' title="bbox 1983 1030 3561 1093">
     <span class='ocr_line' id='line_1_23' title="bbox 1983 1030 3561 1093; baseline 0.006 -10"><span class='ocrx_word' id='word_1_140' title='bbox 1983 1030 2144 1087; x_wconf 86' lang='lat' dir='ltr'>Vers.</span> <span class='ocrx_word' id='word_1_141' title='bbox 2176 1032 2262 1085; x_wconf 78' lang='grc'>44.</span> <span class='ocrx_word' id='word_1_142' title='bbox 2312 1031 2724 1089; x_wconf 72' lang='lat' dir='ltr'>Existimantes</span> <span class='ocrx_word' id='word_1_143' title='bbox 2774 1064 2842 1073; x_wconf 86' lang='lat'><strong>——</strong></span> <span class='ocrx_word' id='word_1_144' title='bbox 2893 1034 3053 1088; x_wconf 89' lang='lat' dir='ltr'>Vers.</span> <span class='ocrx_word' id='word_1_145' title='bbox 3097 1036 3185 1091; x_wconf 84' lang='grc'>46.</span> <span class='ocrx_word' id='word_1_146' title='bbox 3237 1036 3561 1093; x_wconf 79' lang='lat' dir='ltr'>doctarum.</span> 
     </span>
    </p>
   </div>
   <div class='ocr_carea' id='block_1_24' title="bbox 1911 1119 3564 1196">
    <p class='ocr_par' dir='ltr' id='par_1_24' title="bbox 1911 1119 3564 1196">
     <span class='ocr_line' id='line_1_24' title="bbox 1911 1119 3564 1196; baseline 0.005 -23"><span class='ocrx_word' id='word_1_147' title='bbox 1911 1121 2105 1174; x_wconf 91' lang='lat' dir='ltr'>Unum</span> <span class='ocrx_word' id='word_1_148' title='bbox 2131 1119 2377 1191; x_wconf 88' lang='lat' dir='ltr'>quidem</span> <span class='ocrx_word' id='word_1_149' title='bbox 2400 1120 2557 1175; x_wconf 90' lang='lat' dir='ltr'>diem</span> <span class='ocrx_word' id='word_1_150' title='bbox 2581 1129 3101 1193; x_wconf 87' lang='lat' dir='ltr'>consumpserunt,</span> <span class='ocrx_word' id='word_1_151' title='bbox 3131 1126 3375 1196; x_wconf 84' lang='lat' dir='ltr'>quando</span> <span class='ocrx_word' id='word_1_152' title='bbox 3394 1142 3564 1182; x_wconf 91' lang='lat' dir='ltr'>vene-</span> 
     </span>
    </p>
   </div>
   <div class='ocr_carea' id='block_1_25' title="bbox 1909 1208 3565 1287">
    <p class='ocr_par' dir='ltr' id='par_1_25' title="bbox 1909 1208 3565 1287">
     <span class='ocr_line' id='line_1_25' title="bbox 1909 1208 3565 1287; baseline 0.006 -25"><span class='ocrx_word' id='word_1_153' title='bbox 1909 1213 2047 1263; x_wconf 90' lang='lat' dir='ltr'>runt</span> <span class='ocrx_word' id='word_1_154' title='bbox 2068 1208 2277 1264; x_wconf 81' lang='lat' dir='ltr'>itinere</span> <span class='ocrx_word' id='word_1_155' title='bbox 2288 1209 2421 1275; x_wconf 89' lang='lat' dir='ltr'>diei,</span> <span class='ocrx_word' id='word_1_156' title='bbox 2440 1214 2499 1263; x_wconf 88' lang='lat' dir='ltr'>et</span> <span class='ocrx_word' id='word_1_157' title='bbox 2519 1210 2906 1279; x_wconf 81' lang='lat' dir='ltr'>requirebant</span> <span class='ocrx_word' id='word_1_158' title='bbox 2923 1211 3088 1267; x_wconf 92' lang='lat' dir='ltr'>illum</span> <span class='ocrx_word' id='word_1_159' title='bbox 3105 1213 3257 1269; x_wconf 90' lang='lat' dir='ltr'>inter</span> <span class='ocrx_word' id='word_1_160' title='bbox 3277 1221 3565 1287; x_wconf 89' lang='lat' dir='ltr'>cognatos</span> 
     </span>
    </p>
   </div>
   <div class='ocr_carea' id='block_1_26' title="bbox 1909 1298 3565 1370">
    <p class='ocr_par' dir='ltr' id='par_1_26' title="bbox 1909 1298 3565 1370">
     <span class='ocr_line' id='line_1_26' title="bbox 1909 1298 3565 1370; baseline 0.005 -18"><span class='ocrx_word' id='word_1_161' title='bbox 1909 1302 1967 1352; x_wconf 91' lang='lat' dir='ltr'>et</span> <span class='ocrx_word' id='word_1_162' title='bbox 1995 1303 2170 1353; x_wconf 91' lang='lat' dir='ltr'>notos</span> <span class='ocrx_word' id='word_1_163' title='bbox 2204 1314 2217 1363; x_wconf 88' lang='lat'><strong>;</strong></span> <span class='ocrx_word' id='word_1_164' title='bbox 2252 1298 2495 1353; x_wconf 87' lang='lat' dir='ltr'>alterum</span> <span class='ocrx_word' id='word_1_165' title='bbox 2521 1298 2767 1370; x_wconf 86' lang='lat' dir='ltr'>quando</span> <span class='ocrx_word' id='word_1_166' title='bbox 2814 1315 2934 1355; x_wconf 91' lang='lat' dir='ltr'>non</span> <span class='ocrx_word' id='word_1_167' title='bbox 2963 1301 3204 1357; x_wconf 89' lang='lat' dir='ltr'>invento</span> <span class='ocrx_word' id='word_1_168' title='bbox 3235 1319 3305 1358; x_wconf 92' lang='lat' dir='ltr'>eo</span> <span class='ocrx_word' id='word_1_169' title='bbox 3344 1305 3565 1361; x_wconf 84' lang='lat' dir='ltr'>reversi</span> 
     </span>
    </p>
   </div>
   <div class='ocr_carea' id='block_1_27' title="bbox 1909 1387 3565 1459">
    <p class='ocr_par' dir='ltr' id='par_1_27' title="bbox 1909 1387 3565 1459">
     <span class='ocr_line' id='line_1_27' title="bbox 1909 1387 3565 1459; baseline 0.006 -19"><span class='ocrx_word' id='word_1_170' title='bbox 1909 1387 2120 1442; x_wconf 85' lang='lat' dir='ltr'>suntin</span> <span class='ocrx_word' id='word_1_171' title='bbox 2145 1387 2468 1442; x_wconf 78' lang='lat' dir='ltr'>Jerusalem</span> <span class='ocrx_word' id='word_1_172' title='bbox 2490 1393 2823 1459; x_wconf 67' lang='lat' dir='ltr'>quaerentes</span> <span class='ocrx_word' id='word_1_173' title='bbox 2850 1388 3050 1456; x_wconf 88' lang='lat' dir='ltr'>illum;</span> <span class='ocrx_word' id='word_1_174' title='bbox 3085 1390 3309 1447; x_wconf 87' lang='lat' dir='ltr'>circiter</span> <span class='ocrx_word' id='word_1_175' title='bbox 3330 1394 3565 1449; x_wconf 84' lang='lat' dir='ltr'>tertium</span> 
     </span>
    </p>
   </div>
   <div class='ocr_carea' id='block_1_28' title="bbox 1909 1477 2931 1535">
    <p class='ocr_par' dir='ltr' id='par_1_28' title="bbox 1909 1477 2931 1535">
     <span class='ocr_line' id='line_1_28' title="bbox 1909 1477 2931 1535; baseline 0.006 -6"><span class='ocrx_word' id='word_1_176' title='bbox 1909 1491 2046 1531; x_wconf 90' lang='lat' dir='ltr'>vero</span> <span class='ocrx_word' id='word_1_177' title='bbox 2087 1478 2327 1531; x_wconf 90' lang='lat' dir='ltr'>tandem</span> <span class='ocrx_word' id='word_1_178' title='bbox 2366 1477 2931 1535; x_wconf 88' lang='lat' dir='ltr'>invenerantillum.</span> 
     </span>
    </p>
   </div>
   <div class='ocr_carea' id='block_1_29' title="bbox 1985 1565 3567 1637">
    <p class='ocr_par' dir='ltr' id='par_1_29' title="bbox 1985 1565 3567 1637">
     <span class='ocr_line' id='line_1_29' title="bbox 1985 1565 3567 1637; baseline 0.006 -19"><span class='ocrx_word' id='word_1_179' title='bbox 1985 1567 2045 1618; x_wconf 89' lang='lat' dir='ltr'>In</span> <span class='ocrx_word' id='word_1_180' title='bbox 2095 1565 2319 1637; x_wconf 87' lang='lat' dir='ltr'>templo</span> <span class='ocrx_word' id='word_1_181' title='bbox 2374 1566 2671 1622; x_wconf 83' lang='lat' dir='ltr'>invenitur</span> <span class='ocrx_word' id='word_1_182' title='bbox 2724 1566 3011 1633; x_wconf 84' lang='lat' dir='ltr'>Christus,</span> <span class='ocrx_word' id='word_1_183' title='bbox 3111 1570 3236 1625; x_wconf 88' lang='lat' dir='ltr'>sive</span> <span class='ocrx_word' id='word_1_184' title='bbox 3294 1571 3353 1626; x_wconf 92' lang='lat' dir='ltr'>in</span> <span class='ocrx_word' id='word_1_185' title='bbox 3400 1588 3567 1628; x_wconf 88' lang='lat' dir='ltr'>sacro</span> 
     </span>
    </p>
   </div>
   <div class='ocr_carea' id='block_1_30' title="bbox 1909 1653 3565 1725">
    <p class='ocr_par' dir='ltr' id='par_1_30' title="bbox 1909 1653 3565 1725">
     <span class='ocr_line' id='line_1_30' title="bbox 1909 1653 3565 1725; baseline 0.005 -17"><span class='ocrx_word' id='word_1_186' title='bbox 1909 1653 2035 1708; x_wconf 93' lang='lat' dir='ltr'>loco</span> <span class='ocrx_word' id='word_1_187' title='bbox 2082 1660 2139 1709; x_wconf 92' lang='lat' dir='ltr'>et</span> <span class='ocrx_word' id='word_1_188' title='bbox 2183 1655 2244 1709; x_wconf 90' lang='lat' dir='ltr'>in</span> <span class='ocrx_word' id='word_1_189' title='bbox 2294 1671 2464 1710; x_wconf 90' lang='lat' dir='ltr'>sacro</span> <span class='ocrx_word' id='word_1_190' title='bbox 2510 1655 2771 1725; x_wconf 89' lang='lat' dir='ltr'>negotio,</span> <span class='ocrx_word' id='word_1_191' title='bbox 2840 1672 2910 1711; x_wconf 91' lang='lat' dir='ltr'>ac</span> <span class='ocrx_word' id='word_1_192' title='bbox 2962 1657 3023 1711; x_wconf 91' lang='lat' dir='ltr'>in</span> <span class='ocrx_word' id='word_1_193' title='bbox 3075 1674 3246 1714; x_wconf 87' lang='lat' dir='ltr'>sacro</span> <span class='ocrx_word' id='word_1_194' title='bbox 3300 1660 3565 1717; x_wconf 87' lang='lat' dir='ltr'>homine.</span> 
     </span>
    </p>
   </div>
   <div class='ocr_carea' id='block_1_31' title="bbox 1983 1744 3570 1807">
    <p class='ocr_par' dir='ltr' id='par_1_31' title="bbox 1983 1744 3570 1807">
     <span class='ocr_line' id='line_1_31' title="bbox 1983 1744 3570 1807; baseline 0.007 -11"><span class='ocrx_word' id='word_1_195' title='bbox 1983 1744 2141 1797; x_wconf 89' lang='lat' dir='ltr'>Vers.</span> <span class='ocrx_word' id='word_1_196' title='bbox 2172 1745 2259 1798; x_wconf 74' lang='grc'>46.</span> <span class='ocrx_word' id='word_1_197' title='bbox 2293 1744 2641 1799; x_wconf 76' lang='lat' dir='ltr'>Audientem</span> <span class='ocrx_word' id='word_1_198' title='bbox 2672 1775 2741 1785; x_wconf 94' lang='lat'><strong><em>—</em></strong></span> <span class='ocrx_word' id='word_1_199' title='bbox 2780 1760 2895 1801; x_wconf 87' lang='lat' dir='ltr'>eos.</span> <span class='ocrx_word' id='word_1_200' title='bbox 2922 1746 3276 1803; x_wconf 79' lang='lat' dir='ltr'>Audientem</span> <span class='ocrx_word' id='word_1_201' title='bbox 3303 1756 3359 1804; x_wconf 86' lang='lat' dir='ltr'>et</span> <span class='ocrx_word' id='word_1_202' title='bbox 3398 1750 3570 1807; x_wconf 87' lang='lat' dir='ltr'>inter-</span> 
     </span>
    </p>
   </div>
   <div class='ocr_carea' id='block_1_32' title="bbox 194 1810 1809 1909">
    <p class='ocr_par' dir='ltr' id='par_1_32' title="bbox 194 1832 1799 1907">
     <span class='ocr_line' id='line_1_32' title="bbox 194 1832 1799 1907; baseline -0.001 -22"><span class='ocrx_word' id='word_1_203' title='bbox 194 1838 317 1907; x_wconf 80' lang='grc' dir='ltr'>περὶ</span> <span class='ocrx_word' id='word_1_204' title='bbox 356 1842 460 1886; x_wconf 83' lang='grc' dir='ltr'>τῶν</span> <span class='ocrx_word' id='word_1_205' title='bbox 504 1838 759 1905; x_wconf 81' lang='grc' dir='ltr'>νομίμων,</span> <span class='ocrx_word' id='word_1_206' title='bbox 815 1834 897 1885; x_wconf 85' lang='grc' dir='ltr'>ἱνα</span> <span class='ocrx_word' id='word_1_207' title='bbox 940 1832 995 1884; x_wconf 79' lang='grc' dir='ltr'>ἐκ</span> <span class='ocrx_word' id='word_1_208' title='bbox 1045 1836 1340 1894; x_wconf 83' lang='grc' dir='ltr'>νεότητοςὴ</span> <span class='ocrx_word' id='word_1_209' title='bbox 1382 1836 1590 1895; x_wconf 80' lang='grc' dir='ltr'>σύνεσις</span> <span class='ocrx_word' id='word_1_210' title='bbox 1640 1834 1799 1885; x_wconf 68' lang='grc' dir='ltr'>αὑτοῦ</span> 
     </span>
    </p>
   </div>
   <div class='ocr_carea' id='block_1_33' title="bbox 1946 1810 3570 1909">
    <p class='ocr_par' dir='ltr' id='par_1_33' title="bbox 1946 1832 3570 1909">
     <span class='ocr_line' id='line_1_33' title="bbox 1946 1832 3570 1909; baseline 0.007 -23"><span class='ocrx_word' id='word_1_211' title='bbox 1946 1837 2222 1900; x_wconf 86' lang='lat' dir='ltr'>ogantem</span> <span class='ocrx_word' id='word_1_212' title='bbox 2255 1832 2329 1887; x_wconf 90' lang='lat' dir='ltr'>de</span> <span class='ocrx_word' id='word_1_213' title='bbox 2370 1832 2685 1903; x_wconf 82' lang='lat' dir='ltr'>legalibus,</span> <span class='ocrx_word' id='word_1_214' title='bbox 2747 1838 2809 1889; x_wconf 90' lang='lat' dir='ltr'>ut</span> <span class='ocrx_word' id='word_1_215' title='bbox 2852 1849 2889 1889; x_wconf 91' lang='lat' dir='ltr'>a</span> <span class='ocrx_word' id='word_1_216' title='bbox 2940 1850 3127 1905; x_wconf 92' lang='lat' dir='ltr'>puero</span> <span class='ocrx_word' id='word_1_217' title='bbox 3180 1836 3570 1909; x_wconf 85' lang='lat' dir='ltr'>intelligentia</span> 
     </span>
    </p>
   </div>
   <div class='ocr_carea' id='block_1_34' title="bbox 195 1918 1803 1996">
    <p class='ocr_par' dir='ltr' id='par_1_34' title="bbox 195 1918 1803 1996">
     <span class='ocr_line' id='line_1_34' title="bbox 195 1918 1803 1996; baseline 0.001 -23"><span class='ocrx_word' id='word_1_218' title='bbox 195 1924 491 1996; x_wconf 76' lang='grc' dir='ltr'>γνῶρισθῇ.</span> <span class='ocrx_word' id='word_1_219' title='bbox 538 1922 848 1995; x_wconf 75' lang='grc' dir='ltr'>Φοϐηθῶμεν</span> <span class='ocrx_word' id='word_1_220' title='bbox 887 1918 975 1974; x_wconf 80' lang='grc' dir='ltr'>οὑν</span> <span class='ocrx_word' id='word_1_221' title='bbox 1014 1925 1064 1974; x_wconf 81' lang='grc' dir='ltr'>οἱ</span> <span class='ocrx_word' id='word_1_222' title='bbox 1090 1919 1430 1989; x_wconf 73' lang='grc' dir='ltr'>διδάσκαλοι,</span> <span class='ocrx_word' id='word_1_223' title='bbox 1460 1929 1803 1993; x_wconf 79' lang='grc' dir='ltr'>γινώσκοντες</span> 
     </span>
    </p>
   </div>
   <div class='ocr_carea' id='block_1_35' title="bbox 198 2010 1801 2087">
    <p class='ocr_par' dir='ltr' id='par_1_35' title="bbox 198 2010 1801 2087">
     <span class='ocr_line' id='line_1_35' title="bbox 198 2010 1801 2087; baseline 0 -24"><span class='ocrx_word' id='word_1_224' title='bbox 198 2011 353 2064; x_wconf 78' lang='grc' dir='ltr'>ότιέν</span> <span class='ocrx_word' id='word_1_225' title='bbox 406 2016 549 2083; x_wconf 82' lang='grc' dir='ltr'>μέσῳ</span> <span class='ocrx_word' id='word_1_226' title='bbox 602 2014 747 2083; x_wconf 79' lang='grc' dir='ltr'>ἡμῶν</span> <span class='ocrx_word' id='word_1_227' title='bbox 776 2010 916 2063; x_wconf 76' lang='grc' dir='ltr'>ἐστιν</span> <span class='ocrx_word' id='word_1_228' title='bbox 969 2014 994 2063; x_wconf 88' lang='grc' dir='ltr'><strong><em>ὁ</em></strong></span> <span class='ocrx_word' id='word_1_229' title='bbox 1046 2016 1293 2087; x_wconf 84' lang='grc' dir='ltr'>Χριστὸς,</span> <span class='ocrx_word' id='word_1_230' title='bbox 1344 2016 1642 2087; x_wconf 65' lang='grc' dir='ltr'>προσέχων,</span> <span class='ocrx_word' id='word_1_231' title='bbox 1694 2020 1801 2074; x_wconf 86' lang='grc' dir='ltr'>πῶς</span> 
     </span>
    </p>
   </div>
   <div class='ocr_carea' id='block_1_36' title="bbox 203 2097 551 2174">
    <p class='ocr_par' dir='ltr' id='par_1_36' title="bbox 203 2097 551 2174">
     <span class='ocr_line' id='line_1_36' title="bbox 203 2097 551 2174; baseline 0 -21"><span class='ocrx_word' id='word_1_232' title='bbox 203 2097 551 2174; x_wconf 76' lang='grc' dir='ltr'>διδάσκομεν.</span> 
     </span>
    </p>
   </div>
   <div class='ocr_carea' id='block_1_37' title="bbox 275 2188 1805 2263">
    <p class='ocr_par' dir='ltr' id='par_1_37' title="bbox 275 2188 1805 2263">
     <span class='ocr_line' id='line_1_37' title="bbox 275 2188 1805 2263; baseline 0.001 -21"><span class='ocrx_word' id='word_1_233' title='bbox 275 2191 575 2253; x_wconf 82' lang='grc' dir='ltr'>Ἐξίσταντο</span> <span class='ocrx_word' id='word_1_234' title='bbox 620 2221 675 2231; x_wconf 87' lang='grc'>--</span> <span class='ocrx_word' id='word_1_235' title='bbox 714 2191 894 2244; x_wconf 78' lang='grc' dir='ltr'>αὑτοῡ.</span> <span class='ocrx_word' id='word_1_236' title='bbox 930 2188 1076 2244; x_wconf 79' lang='grc' dir='ltr'>Ἔδει</span> <span class='ocrx_word' id='word_1_237' title='bbox 1122 2193 1224 2263; x_wconf 77' lang='grc' dir='ltr'>γὰρ</span> <span class='ocrx_word' id='word_1_238' title='bbox 1256 2199 1407 2244; x_wconf 80' lang='grc' dir='ltr'>τοῦτο</span> <span class='ocrx_word' id='word_1_239' title='bbox 1427 2194 1689 2263; x_wconf 82' lang='grc' dir='ltr'>γενέσθαι,</span> <span class='ocrx_word' id='word_1_240' title='bbox 1724 2194 1805 2244; x_wconf 86' lang='grc' dir='ltr'>ἱνα</span> 
     </span>
    </p>
   </div>
   <div class='ocr_carea' id='block_1_38' title="bbox 213 2278 1466 2357">
    <p class='ocr_par' dir='ltr' id='par_1_38' title="bbox 213 2278 1466 2357">
     <span class='ocr_line' id='line_1_38' title="bbox 213 2278 1466 2357; baseline 0.002 -25"><span class='ocrx_word' id='word_1_241' title='bbox 213 2280 416 2355; x_wconf 74' lang='grc' dir='ltr'>ὕστερον</span> <span class='ocrx_word' id='word_1_242' title='bbox 449 2278 727 2333; x_wconf 75' lang='grc' dir='ltr'>διδάσκων</span> <span class='ocrx_word' id='word_1_243' title='bbox 751 2278 1137 2357; x_wconf 67' lang='grc' dir='ltr'>εὐπαράδεκτος</span> <span class='ocrx_word' id='word_1_244' title='bbox 1158 2282 1336 2343; x_wconf 77' lang='grc' dir='ltr'>αὑτοῖς</span> <span class='ocrx_word' id='word_1_245' title='bbox 1367 2286 1466 2341; x_wconf 83' lang='grc' dir='ltr'>εἴη.</span> 
     </span>
    </p>
   </div>
   <div class='ocr_carea' id='block_1_39' title="bbox 276 2366 1807 2445">
    <p class='ocr_par' dir='ltr' id='par_1_39' title="bbox 276 2366 1807 2445">
     <span class='ocr_line' id='line_1_39' title="bbox 276 2366 1807 2445; baseline 0.002 -23"><span class='ocrx_word' id='word_1_246' title='bbox 276 2375 375 2422; x_wconf 79' lang='grc' dir='ltr'>Καὶ</span> <span class='ocrx_word' id='word_1_247' title='bbox 411 2366 605 2431; x_wconf 85' lang='grc' dir='ltr'>ἰδόντες</span> <span class='ocrx_word' id='word_1_248' title='bbox 631 2370 783 2423; x_wconf 82' lang='grc' dir='ltr'>αὑτὸν</span> <span class='ocrx_word' id='word_1_249' title='bbox 829 2370 1206 2443; x_wconf 73' lang='grc' dir='ltr'>ἐξεπλάγησαν.</span> <span class='ocrx_word' id='word_1_250' title='bbox 1252 2371 1309 2423; x_wconf 80' lang='grc' dir='ltr'><strong>Ὀ</strong></span> <span class='ocrx_word' id='word_1_251' title='bbox 1336 2372 1531 2445; x_wconf 76' lang='grc' dir='ltr'>Ἰωσὴφ</span> <span class='ocrx_word' id='word_1_252' title='bbox 1564 2370 1807 2431; x_wconf 73' lang='grc' dir='ltr'>δηλονότι</span> 
     </span>
    </p>
   </div>
   <div class='ocr_carea' id='block_1_40' title="bbox 202 2458 1807 2533">
    <p class='ocr_par' dir='ltr' id='par_1_40' title="bbox 202 2458 1807 2533">
     <span class='ocr_line' id='line_1_40' title="bbox 202 2458 1807 2533; baseline 0.001 -22"><span class='ocrx_word' id='word_1_253' title='bbox 202 2464 290 2511; x_wconf 84' lang='grc' dir='ltr'>καὶ</span> <span class='ocrx_word' id='word_1_254' title='bbox 320 2461 350 2517; x_wconf 79' lang='grc' dir='ltr'><strong>ἡ</strong></span> <span class='ocrx_word' id='word_1_255' title='bbox 396 2464 583 2533; x_wconf 83' lang='grc' dir='ltr'>Μήτηρ</span> <span class='ocrx_word' id='word_1_256' title='bbox 616 2459 798 2512; x_wconf 72' lang='grc' dir='ltr'>αὑτοῦ.</span> <span class='ocrx_word' id='word_1_257' title='bbox 824 2460 1213 2532; x_wconf 78' lang='grc' dir='ltr'>Ἐξεπλάγησαν</span> <span class='ocrx_word' id='word_1_258' title='bbox 1246 2458 1305 2514; x_wconf 72' lang='grc' dir='ltr'>δὲ</span> <span class='ocrx_word' id='word_1_259' title='bbox 1330 2462 1389 2513; x_wconf 77' lang='grc' dir='ltr'>οὐ</span> <span class='ocrx_word' id='word_1_260' title='bbox 1415 2467 1567 2533; x_wconf 90' lang='grc' dir='ltr'>μόνον</span> <span class='ocrx_word' id='word_1_261' title='bbox 1591 2460 1625 2515; x_wconf 90' lang='grc' dir='ltr'>δ</span> <span class='ocrx_word' id='word_1_262' title='bbox 1632 2466 1685 2515; x_wconf 79' lang='grc' dir='ltr'>ιὰ</span> <span class='ocrx_word' id='word_1_263' title='bbox 1712 2467 1807 2522; x_wconf 80' lang='grc' dir='ltr'>τὴν</span> 
     </span>
    </p>
   </div>
   <div class='ocr_carea' id='block_1_41' title="bbox 202 2549 1807 2623">
    <p class='ocr_par' dir='ltr' id='par_1_41' title="bbox 202 2549 1807 2623">
     <span class='ocr_line' id='line_1_41' title="bbox 202 2549 1807 2623; baseline 0.001 -22"><span class='ocrx_word' id='word_1_264' title='bbox 202 2552 414 2601; x_wconf 74' lang='grc' dir='ltr'>σύνεσιν</span> <span class='ocrx_word' id='word_1_265' title='bbox 445 2549 654 2611; x_wconf 78' lang='grc' dir='ltr'>καὶτὰς</span> <span class='ocrx_word' id='word_1_266' title='bbox 684 2549 988 2623; x_wconf 78' lang='grc' dir='ltr'>ἀποκρίσεις</span> <span class='ocrx_word' id='word_1_267' title='bbox 1042 2550 1223 2619; x_wconf 82' lang='grc' dir='ltr'>αὑτοῦ,</span> <span class='ocrx_word' id='word_1_268' title='bbox 1276 2550 1404 2604; x_wconf 80' lang='grc' dir='ltr'>ἀλλὰ</span> <span class='ocrx_word' id='word_1_269' title='bbox 1445 2557 1536 2604; x_wconf 84' lang='grc' dir='ltr'>καὶ</span> <span class='ocrx_word' id='word_1_270' title='bbox 1582 2549 1676 2605; x_wconf 82' lang='grc' dir='ltr'>διὰ</span> <span class='ocrx_word' id='word_1_271' title='bbox 1712 2557 1807 2612; x_wconf 81' lang='grc' dir='ltr'>τήν</span> 
     </span>
    </p>
   </div>
   <div class='ocr_carea' id='block_1_42' title="bbox 199 2638 419 2709">
    <p class='ocr_par' dir='ltr' id='par_1_42' title="bbox 199 2638 419 2709">
     <span class='ocr_line' id='line_1_42' title="bbox 199 2638 419 2709; baseline 0.005 -20"><span class='ocrx_word' id='word_1_272' title='bbox 199 2638 419 2709; x_wconf 80' lang='grc' dir='ltr'>τόλμαν.</span> 
     </span>
    </p>
   </div>
   <div class='ocr_carea' id='block_1_43' title="bbox 276 2728 1809 2803">
    <p class='ocr_par' dir='ltr' id='par_1_43' title="bbox 276 2728 1809 2803">
     <span class='ocr_line' id='line_1_43' title="bbox 276 2728 1809 2803; baseline 0.003 -23"><span class='ocrx_word' id='word_1_273' title='bbox 276 2732 379 2780; x_wconf 77' lang='grc' dir='ltr'>Καὶ</span> <span class='ocrx_word' id='word_1_274' title='bbox 432 2731 558 2799; x_wconf 82' lang='grc' dir='ltr'>πρὸς</span> <span class='ocrx_word' id='word_1_275' title='bbox 609 2758 678 2768; x_wconf 93' lang='grc'><strong>-</strong></span> <span class='ocrx_word' id='word_1_276' title='bbox 719 2746 795 2783; x_wconf 89' lang='grc' dir='ltr'>σε.</span> <span class='ocrx_word' id='word_1_277' title='bbox 850 2732 1054 2802; x_wconf 85' lang='grc' dir='ltr'>Πατέρα</span> <span class='ocrx_word' id='word_1_278' title='bbox 1094 2728 1251 2781; x_wconf 77' lang='grc' dir='ltr'>αὑτοῦ</span> <span class='ocrx_word' id='word_1_279' title='bbox 1297 2732 1381 2781; x_wconf 85' lang='grc' dir='ltr'>τὸν</span> <span class='ocrx_word' id='word_1_280' title='bbox 1437 2730 1630 2803; x_wconf 79' lang='grc' dir='ltr'>Ἰωσήφ</span> <span class='ocrx_word' id='word_1_281' title='bbox 1687 2732 1809 2784; x_wconf 88' lang='grc' dir='ltr'>ὠνό-</span> 
     </span>
    </p>
   </div>
   <div class='ocr_carea' id='block_1_44' title="bbox 199 2817 1804 2893">
    <p class='ocr_par' dir='ltr' id='par_1_44' title="bbox 199 2817 1804 2893">
     <span class='ocr_line' id='line_1_44' title="bbox 199 2817 1804 2893; baseline 0.004 -26"><span class='ocrx_word' id='word_1_282' title='bbox 199 2835 392 2889; x_wconf 83' lang='grc' dir='ltr'>μασεν,</span> <span class='ocrx_word' id='word_1_283' title='bbox 449 2820 519 2878; x_wconf 82' lang='grc' dir='ltr'>ὡς</span> <span class='ocrx_word' id='word_1_284' title='bbox 566 2826 849 2890; x_wconf 81' lang='grc' dir='ltr'>μνηστῆρα</span> <span class='ocrx_word' id='word_1_285' title='bbox 879 2817 1085 2884; x_wconf 84' lang='grc' dir='ltr'>ἑαυτῆς,</span> <span class='ocrx_word' id='word_1_286' title='bbox 1139 2824 1229 2871; x_wconf 79' lang='grc' dir='ltr'>καὶ</span> <span class='ocrx_word' id='word_1_287' title='bbox 1278 2820 1347 2879; x_wconf 84' lang='grc' dir='ltr'>ὡς</span> <span class='ocrx_word' id='word_1_288' title='bbox 1390 2822 1576 2893; x_wconf 71' lang='grc' dir='ltr'>τροφὸν</span> <span class='ocrx_word' id='word_1_289' title='bbox 1625 2820 1804 2873; x_wconf 82' lang='grc' dir='ltr'>αὑτοῦ.</span> 
     </span>
    </p>
   </div>
   <div class='ocr_carea' id='block_1_45' title="bbox 199 2902 1809 2980">
    <p class='ocr_par' dir='ltr' id='par_1_45' title="bbox 199 2902 1809 2980">
     <span class='ocr_line' id='line_1_45' title="bbox 199 2902 1809 2980; baseline 0.002 -23"><span class='ocrx_word' id='word_1_290' title='bbox 199 2902 561 2978; x_wconf 72' lang='grc' dir='ltr'>Ὀδυνώμενοι</span> <span class='ocrx_word' id='word_1_291' title='bbox 612 2903 671 2959; x_wconf 70' lang='grc' dir='ltr'>δι</span> <span class='ocrx_word' id='word_1_292' title='bbox 704 2905 921 2967; x_wconf 78' lang='grc' dir='ltr'>ἐζήτουν</span> <span class='ocrx_word' id='word_1_293' title='bbox 953 2907 1129 2976; x_wconf 77' lang='grc' dir='ltr'>αὐτόν,</span> <span class='ocrx_word' id='word_1_294' title='bbox 1184 2904 1277 2959; x_wconf 77' lang='grc' dir='ltr'>διὰ</span> <span class='ocrx_word' id='word_1_295' title='bbox 1318 2913 1412 2963; x_wconf 81' lang='grc' dir='ltr'>τήν</span> <span class='ocrx_word' id='word_1_296' title='bbox 1449 2913 1659 2980; x_wconf 86' lang='grc' dir='ltr'>σχέσιν.</span> <span class='ocrx_word' id='word_1_297' title='bbox 1711 2914 1809 2962; x_wconf 81' lang='grc' dir='ltr'>Καὶ</span> 
     </span>
    </p>
   </div>
   <div class='ocr_carea' id='block_1_46' title="bbox 202 2991 1809 3073">
    <p class='ocr_par' dir='ltr' id='par_1_46' title="bbox 202 2991 1809 3073">
     <span class='ocr_line' id='line_1_46' title="bbox 202 2991 1809 3073; baseline 0.004 -28"><span class='ocrx_word' id='word_1_298' title='bbox 202 2998 351 3055; x_wconf 80' lang='grc' dir='ltr'>εἴτις</span> <span class='ocrx_word' id='word_1_299' title='bbox 383 2991 443 3047; x_wconf 73' lang='grc' dir='ltr'>δε</span> <span class='ocrx_word' id='word_1_300' title='bbox 472 2994 527 3047; x_wconf 74' lang='grc' dir='ltr'>ἐκ</span> <span class='ocrx_word' id='word_1_301' title='bbox 567 2998 731 3049; x_wconf 88' lang='grc' dir='ltr'>πόθου</span> <span class='ocrx_word' id='word_1_302' title='bbox 766 2993 1089 3069; x_wconf 74' lang='grc' dir='ltr'>ὀδυνώμενος</span> <span class='ocrx_word' id='word_1_303' title='bbox 1119 2997 1342 3058; x_wconf 76' lang='grc' dir='ltr'>ζητήσει</span> <span class='ocrx_word' id='word_1_304' title='bbox 1395 2997 1572 3065; x_wconf 80' lang='grc' dir='ltr'>αὑτὸν,</span> <span class='ocrx_word' id='word_1_305' title='bbox 1606 2999 1809 3073; x_wconf 87' lang='grc' dir='ltr'>εὑρήσει</span> 
     </span>
    </p>
   </div>
   <div class='ocr_carea' id='block_1_47' title="bbox 202 3084 385 3136">
    <p class='ocr_par' dir='ltr' id='par_1_47' title="bbox 202 3084 385 3136">
     <span class='ocr_line' id='line_1_47' title="bbox 202 3084 385 3136; baseline 0.005 -1"><span class='ocrx_word' id='word_1_306' title='bbox 202 3084 385 3136; x_wconf 67' lang='grc' dir='ltr'>αὐτόν.</span> 
     </span>
    </p>
   </div>
   <div class='ocr_carea' id='block_1_48' title="bbox 1913 1921 3569 2000">
    <p class='ocr_par' dir='ltr' id='par_1_48' title="bbox 1913 1921 3569 2000">
     <span class='ocr_line' id='line_1_48' title="bbox 1913 1921 3569 2000; baseline 0.005 -25"><span class='ocrx_word' id='word_1_307' title='bbox 1913 1921 2041 1992; x_wconf 88' lang='lat' dir='ltr'>ejus</span> <span class='ocrx_word' id='word_1_308' title='bbox 2058 1922 2297 1991; x_wconf 84' lang='lat' dir='ltr'>cognita</span> <span class='ocrx_word' id='word_1_309' title='bbox 2312 1922 2481 1977; x_wconf 86' lang='lat' dir='ltr'>foret.</span> <span class='ocrx_word' id='word_1_310' title='bbox 2505 1923 2843 1978; x_wconf 87' lang='lat' dir='ltr'>Timeamus</span> <span class='ocrx_word' id='word_1_311' title='bbox 2866 1939 3028 1994; x_wconf 90' lang='lat' dir='ltr'>ergo,</span> <span class='ocrx_word' id='word_1_312' title='bbox 3053 1924 3569 2000; x_wconf 70' lang='lat' dir='ltr'>quiprmceptores</span> 
     </span>
    </p>
   </div>
   <div class='ocr_carea' id='block_1_49' title="bbox 1915 2010 3566 2086">
    <p class='ocr_par' dir='ltr' id='par_1_49' title="bbox 1915 2010 3566 2086">
     <span class='ocr_line' id='line_1_49' title="bbox 1915 2010 3566 2086; baseline 0.006 -22"><span class='ocrx_word' id='word_1_313' title='bbox 1915 2026 2147 2079; x_wconf 89' lang='lat' dir='ltr'>sumus,</span> <span class='ocrx_word' id='word_1_314' title='bbox 2175 2011 2458 2082; x_wconf 89' lang='lat' dir='ltr'>quoniam</span> <span class='ocrx_word' id='word_1_315' title='bbox 2491 2010 2551 2065; x_wconf 88' lang='lat' dir='ltr'>in</span> <span class='ocrx_word' id='word_1_316' title='bbox 2607 2012 2807 2067; x_wconf 89' lang='lat' dir='ltr'>medio</span> <span class='ocrx_word' id='word_1_317' title='bbox 2839 2017 3108 2068; x_wconf 82' lang='lat' dir='ltr'>nostrum</span> <span class='ocrx_word' id='word_1_318' title='bbox 3140 2020 3225 2070; x_wconf 86' lang='lat' dir='ltr'>est</span> <span class='ocrx_word' id='word_1_319' title='bbox 3280 2018 3566 2086; x_wconf 87' lang='lat' dir='ltr'>Christus,</span> 
     </span>
    </p>
   </div>
   <div class='ocr_carea' id='block_1_50' title="bbox 1914 2099 2975 2172">
    <p class='ocr_par' dir='ltr' id='par_1_50' title="bbox 1914 2099 2975 2172">
     <span class='ocr_line' id='line_1_50' title="bbox 1914 2099 2975 2172; baseline 0.003 -18"><span class='ocrx_word' id='word_1_320' title='bbox 1914 2099 2248 2166; x_wconf 88' lang='lat' dir='ltr'>attendens,</span> <span class='ocrx_word' id='word_1_321' title='bbox 2275 2116 2397 2171; x_wconf 90' lang='lat' dir='ltr'>quo</span> <span class='ocrx_word' id='word_1_322' title='bbox 2424 2104 2598 2172; x_wconf 83' lang='lat' dir='ltr'>pacto</span> <span class='ocrx_word' id='word_1_323' title='bbox 2630 2100 2975 2157; x_wconf 90' lang='lat' dir='ltr'>doceamus.</span> 
     </span>
    </p>
   </div>
   <div class='ocr_carea' id='block_1_51' title="bbox 1987 2188 3570 2262">
    <p class='ocr_par' dir='ltr' id='par_1_51' title="bbox 1987 2188 3570 2262">
     <span class='ocr_line' id='line_1_51' title="bbox 1987 2188 3570 2262; baseline 0.008 -21"><span class='ocrx_word' id='word_1_324' title='bbox 1987 2189 2146 2243; x_wconf 85' lang='lat' dir='ltr'>Vers.</span> <span class='ocrx_word' id='word_1_325' title='bbox 2179 2188 2269 2244; x_wconf 72' lang='grc'>47.</span> <span class='ocrx_word' id='word_1_326' title='bbox 2296 2188 2623 2258; x_wconf 77' lang='lat' dir='ltr'>Stupebant</span> <span class='ocrx_word' id='word_1_327' title='bbox 2658 2220 2721 2229; x_wconf 90' lang='lat'><strong><em>—</em></strong></span> <span class='ocrx_word' id='word_1_328' title='bbox 2750 2192 2897 2259; x_wconf 84' lang='lat' dir='ltr'>ejus.</span> <span class='ocrx_word' id='word_1_329' title='bbox 2921 2192 3244 2262; x_wconf 88' lang='lat' dir='ltr'>Oportebat</span> <span class='ocrx_word' id='word_1_330' title='bbox 3269 2195 3428 2251; x_wconf 90' lang='lat' dir='ltr'>enim</span> <span class='ocrx_word' id='word_1_331' title='bbox 3454 2196 3570 2253; x_wconf 91' lang='lat' dir='ltr'>hoc</span> 
     </span>
    </p>
   </div>
   <div class='ocr_carea' id='block_1_52' title="bbox 1916 2276 3568 2356">
    <p class='ocr_par' dir='ltr' id='par_1_52' title="bbox 1916 2276 3568 2356">
     <span class='ocr_line' id='line_1_52' title="bbox 1916 2276 3568 2356; baseline 0.007 -25"><span class='ocrx_word' id='word_1_332' title='bbox 1916 2276 2134 2344; x_wconf 88' lang='lat' dir='ltr'>ﬁeri,ut</span> <span class='ocrx_word' id='word_1_333' title='bbox 2150 2294 2287 2332; x_wconf 92' lang='lat' dir='ltr'>cum</span> <span class='ocrx_word' id='word_1_334' title='bbox 2306 2284 2512 2348; x_wconf 91' lang='lat' dir='ltr'>postea</span> <span class='ocrx_word' id='word_1_335' title='bbox 2525 2278 2957 2344; x_wconf 83' lang='lat' dir='ltr'>doceret,facile</span> <span class='ocrx_word' id='word_1_336' title='bbox 2970 2280 3173 2337; x_wconf 91' lang='lat' dir='ltr'>abillis</span> <span class='ocrx_word' id='word_1_337' title='bbox 3188 2284 3568 2356; x_wconf 86' lang='lat' dir='ltr'>reciperetur.</span> 
     </span>
    </p>
   </div>
   <div class='ocr_carea' id='block_1_53' title="bbox 1990 2366 3575 2443">
    <p class='ocr_par' dir='ltr' id='par_1_53' title="bbox 1990 2366 3575 2443">
     <span class='ocr_line' id='line_1_53' title="bbox 1990 2366 3575 2443; baseline 0.007 -24"><span class='ocrx_word' id='word_1_338' title='bbox 1990 2366 2149 2421; x_wconf 89' lang='lat' dir='ltr'>Vers.</span> <span class='ocrx_word' id='word_1_339' title='bbox 2164 2368 2253 2421; x_wconf 83' lang='grc'>48.</span> <span class='ocrx_word' id='word_1_340' title='bbox 2277 2367 2354 2422; x_wconf 87' lang='lat' dir='ltr'>Et</span> <span class='ocrx_word' id='word_1_341' title='bbox 2380 2366 2498 2422; x_wconf 84' lang='lat' dir='ltr'>viso</span> <span class='ocrx_word' id='word_1_342' title='bbox 2512 2382 2575 2422; x_wconf 92' lang='lat' dir='ltr'>eo</span> <span class='ocrx_word' id='word_1_343' title='bbox 2588 2368 3040 2436; x_wconf 79' lang='lat' dir='ltr'>obstupuerunt.</span> <span class='ocrx_word' id='word_1_344' title='bbox 3063 2372 3282 2443; x_wconf 86' lang='lat' dir='ltr'>Joseph</span> <span class='ocrx_word' id='word_1_345' title='bbox 3299 2373 3575 2430; x_wconf 86' lang='lat' dir='ltr'>videlicet</span> 
     </span>
    </p>
   </div>
   <div class='ocr_carea' id='block_1_54' title="bbox 1916 2454 3575 2534">
    <p class='ocr_par' dir='ltr' id='par_1_54' title="bbox 1916 2454 3575 2534">
     <span class='ocr_line' id='line_1_54' title="bbox 1916 2454 3575 2534; baseline 0.004 -23"><span class='ocrx_word' id='word_1_346' title='bbox 1916 2459 1973 2511; x_wconf 93' lang='lat' dir='ltr'>et</span> <span class='ocrx_word' id='word_1_347' title='bbox 2002 2456 2185 2511; x_wconf 87' lang='lat' dir='ltr'>Mater</span> <span class='ocrx_word' id='word_1_348' title='bbox 2222 2455 2373 2526; x_wconf 90' lang='lat' dir='ltr'>ejus.</span> <span class='ocrx_word' id='word_1_349' title='bbox 2404 2454 2854 2527; x_wconf 84' lang='lat' dir='ltr'>Obstupuerunt</span> <span class='ocrx_word' id='word_1_350' title='bbox 2900 2461 3121 2527; x_wconf 82' lang='lat' dir='ltr'>autem,</span> <span class='ocrx_word' id='word_1_351' title='bbox 3169 2476 3291 2516; x_wconf 91' lang='lat' dir='ltr'>non</span> <span class='ocrx_word' id='word_1_352' title='bbox 3332 2467 3575 2534; x_wconf 88' lang='lat' dir='ltr'>propter</span> 
     </span>
    </p>
   </div>
   <div class='ocr_carea' id='block_1_55' title="bbox 1918 2545 3573 2618">
    <p class='ocr_par' dir='ltr' id='par_1_55' title="bbox 1918 2545 3573 2618">
     <span class='ocr_line' id='line_1_55' title="bbox 1918 2545 3573 2618; baseline 0.005 -18"><span class='ocrx_word' id='word_1_353' title='bbox 1918 2545 2364 2614; x_wconf 83' lang='lat' dir='ltr'>intelligentiam</span> <span class='ocrx_word' id='word_1_354' title='bbox 2413 2550 2647 2601; x_wconf 91' lang='lat' dir='ltr'>tantum</span> <span class='ocrx_word' id='word_1_355' title='bbox 2692 2551 2749 2601; x_wconf 89' lang='lat' dir='ltr'>et</span> <span class='ocrx_word' id='word_1_356' title='bbox 2795 2562 3084 2618; x_wconf 89' lang='lat' dir='ltr'>responsa</span> <span class='ocrx_word' id='word_1_357' title='bbox 3132 2549 3306 2616; x_wconf 91' lang='lat' dir='ltr'>illius,</span> <span class='ocrx_word' id='word_1_358' title='bbox 3363 2566 3573 2608; x_wconf 90' lang='lat' dir='ltr'>verum</span> 
     </span>
    </p>
   </div>
   <div class='ocr_carea' id='block_1_56' title="bbox 1918 2634 2736 2704">
    <p class='ocr_par' dir='ltr' id='par_1_56' title="bbox 1918 2634 2736 2704">
     <span class='ocr_line' id='line_1_56' title="bbox 1918 2634 2736 2704; baseline 0.001 -16"><span class='ocrx_word' id='word_1_359' title='bbox 1918 2634 2096 2689; x_wconf 90' lang='lat' dir='ltr'>etiam</span> <span class='ocrx_word' id='word_1_360' title='bbox 2130 2638 2370 2704; x_wconf 87' lang='lat' dir='ltr'>propter</span> <span class='ocrx_word' id='word_1_361' title='bbox 2394 2635 2736 2691; x_wconf 88' lang='lat' dir='ltr'>audaciam.</span> 
     </span>
    </p>
   </div>
   <div class='ocr_carea' id='block_1_57' title="bbox 1993 2722 3571 2800">
    <p class='ocr_par' dir='ltr' id='par_1_57' title="bbox 1993 2722 3571 2800">
     <span class='ocr_line' id='line_1_57' title="bbox 1993 2722 3571 2800; baseline 0.005 -23"><span class='ocrx_word' id='word_1_362' title='bbox 1993 2722 2158 2777; x_wconf 89' lang='lat' dir='ltr'>Vers.</span> <span class='ocrx_word' id='word_1_363' title='bbox 2188 2723 2279 2779; x_wconf 73' lang='lat'>48.</span> <span class='ocrx_word' id='word_1_364' title='bbox 2311 2724 2387 2778; x_wconf 84' lang='lat' dir='ltr'>Et</span> <span class='ocrx_word' id='word_1_365' title='bbox 2403 2725 2485 2780; x_wconf 91' lang='lat' dir='ltr'>ad</span> <span class='ocrx_word' id='word_1_366' title='bbox 2518 2724 2717 2779; x_wconf 79' lang='lat' dir='ltr'>illium</span> <span class='ocrx_word' id='word_1_367' title='bbox 2745 2755 2815 2767; x_wconf 90' lang='lat'><strong>—</strong></span> <span class='ocrx_word' id='word_1_368' title='bbox 2842 2732 2915 2782; x_wconf 90' lang='lat' dir='ltr'>te.</span> <span class='ocrx_word' id='word_1_369' title='bbox 2948 2726 3444 2800; x_wconf 86' lang='lat' dir='ltr'>Patrem,Joseph</span> <span class='ocrx_word' id='word_1_370' title='bbox 3472 2745 3571 2785; x_wconf 94' lang='lat' dir='ltr'>no.</span> 
     </span>
    </p>
   </div>
   <div class='ocr_carea' id='block_1_58' title="bbox 1922 2811 3574 2884">
    <p class='ocr_par' dir='ltr' id='par_1_58' title="bbox 1922 2811 3574 2884">
     <span class='ocr_line' id='line_1_58' title="bbox 1922 2811 3574 2884; baseline 0.005 -18"><span class='ocrx_word' id='word_1_371' title='bbox 1922 2811 2169 2867; x_wconf 88' lang='lat' dir='ltr'>minavit</span> <span class='ocrx_word' id='word_1_372' title='bbox 2192 2853 2205 2877; x_wconf 91' lang='lat'><strong>,</strong></span> <span class='ocrx_word' id='word_1_373' title='bbox 2236 2816 2437 2884; x_wconf 86' lang='lat' dir='ltr'>utpote</span> <span class='ocrx_word' id='word_1_374' title='bbox 2461 2829 2749 2884; x_wconf 87' lang='lat' dir='ltr'>sponsum</span> <span class='ocrx_word' id='word_1_375' title='bbox 2776 2832 2971 2881; x_wconf 89' lang='lat' dir='ltr'>suum,</span> <span class='ocrx_word' id='word_1_376' title='bbox 2992 2820 3051 2872; x_wconf 87' lang='lat' dir='ltr'>et</span> <span class='ocrx_word' id='word_1_377' title='bbox 3070 2818 3225 2872; x_wconf 89' lang='lat' dir='ltr'>illius</span> <span class='ocrx_word' id='word_1_378' title='bbox 3243 2819 3574 2875; x_wconf 87' lang='lat' dir='ltr'>nutritium.</span> 
     </span>
    </p>
   </div>
   <div class='ocr_carea' id='block_1_59' title="bbox 1921 2900 3575 2979">
    <p class='ocr_par' dir='ltr' id='par_1_59' title="bbox 1921 2900 3575 2979">
     <span class='ocr_line' id='line_1_59' title="bbox 1921 2900 3575 2979; baseline 0.005 -24"><span class='ocrx_word' id='word_1_379' title='bbox 1921 2900 2194 2957; x_wconf 87' lang='lat' dir='ltr'>Dolentes</span> <span class='ocrx_word' id='word_1_380' title='bbox 2221 2907 2421 2957; x_wconf 87' lang='lat' dir='ltr'>autem</span> <span class='ocrx_word' id='word_1_381' title='bbox 2460 2903 2809 2973; x_wconf 66' lang='lat' dir='ltr'>quaerebant</span> <span class='ocrx_word' id='word_1_382' title='bbox 2840 2904 3031 2970; x_wconf 91' lang='lat' dir='ltr'>illum,</span> <span class='ocrx_word' id='word_1_383' title='bbox 3064 2911 3308 2977; x_wconf 86' lang='lat' dir='ltr'>propter</span> <span class='ocrx_word' id='word_1_384' title='bbox 3332 2907 3575 2979; x_wconf 88' lang='lat' dir='ltr'>longam</span> 
     </span>
    </p>
   </div>
   <div class='ocr_carea' id='block_1_60' title="bbox 1922 2989 3577 3067">
    <p class='ocr_par' dir='ltr' id='par_1_60' title="bbox 1922 2989 3577 3067">
     <span class='ocr_line' id='line_1_60' title="bbox 1922 2989 3577 3067; baseline 0.005 -23"><span class='ocrx_word' id='word_1_385' title='bbox 1922 3005 2148 3045; x_wconf 86' lang='lat' dir='ltr'>moram</span> <span class='ocrx_word' id='word_1_386' title='bbox 2179 2996 2234 3045; x_wconf 86' lang='lat' dir='ltr'>et</span> <span class='ocrx_word' id='word_1_387' title='bbox 2262 2989 2647 3046; x_wconf 89' lang='lat' dir='ltr'>desiderium.</span> <span class='ocrx_word' id='word_1_388' title='bbox 2682 2991 2737 3048; x_wconf 93' lang='lat' dir='ltr'>Si</span> <span class='ocrx_word' id='word_1_389' title='bbox 2776 2993 2912 3064; x_wconf 92' lang='lat' dir='ltr'>quis</span> <span class='ocrx_word' id='word_1_390' title='bbox 2942 3009 3085 3063; x_wconf 90' lang='lat' dir='ltr'>ergo</span> <span class='ocrx_word' id='word_1_391' title='bbox 3116 3011 3236 3067; x_wconf 61' lang='lat' dir='ltr'>prae</span> <span class='ocrx_word' id='word_1_392' title='bbox 3279 2996 3577 3052; x_wconf 89' lang='lat' dir='ltr'>desiderio</span> 
     </span>
    </p>
   </div>
   <div class='ocr_carea' id='block_1_61' title="bbox 1920 3078 3076 3150">
    <p class='ocr_par' dir='ltr' id='par_1_61' title="bbox 1920 3078 3076 3150">
     <span class='ocr_line' id='line_1_61' title="bbox 1920 3078 3076 3150; baseline 0.003 -17"><span class='ocrx_word' id='word_1_393' title='bbox 1920 3078 2134 3135; x_wconf 91' lang='lat' dir='ltr'>dolens</span> <span class='ocrx_word' id='word_1_394' title='bbox 2162 3084 2392 3150; x_wconf 65' lang='lat' dir='ltr'>quaerat</span> <span class='ocrx_word' id='word_1_395' title='bbox 2422 3095 2562 3135; x_wconf 91' lang='lat' dir='ltr'>eum</span> <span class='ocrx_word' id='word_1_396' title='bbox 2601 3079 2861 3135; x_wconf 90' lang='lat' dir='ltr'>inveniet</span> <span class='ocrx_word' id='word_1_397' title='bbox 2886 3080 3076 3137; x_wconf 90' lang='lat' dir='ltr'>illum.</span> 
     </span>
    </p>
   </div>
   <div class='ocr_carea' id='block_1_62' title="bbox 279 3152 1809 3249">
    <p class='ocr_par' dir='ltr' id='par_1_62' title="bbox 279 3171 1809 3249">
     <span class='ocr_line' id='line_1_62' title="bbox 279 3171 1809 3249; baseline 0.003 -22"><span class='ocrx_word' id='word_1_398' title='bbox 279 3180 380 3227; x_wconf 78' lang='grc' dir='ltr'>Καὶ</span> <span class='ocrx_word' id='word_1_399' title='bbox 411 3171 520 3228; x_wconf 84' lang='grc' dir='ltr'>εἷπε</span> <span class='ocrx_word' id='word_1_400' title='bbox 551 3207 619 3215; x_wconf 92' lang='grc'><strong><em>-</em></strong></span> <span class='ocrx_word' id='word_1_401' title='bbox 664 3195 727 3248; x_wconf 88' lang='grc' dir='ltr'>με</span> <span class='ocrx_word' id='word_1_402' title='bbox 778 3176 904 3241; x_wconf 82' lang='grc' dir='ltr'>;Ὠς</span> <span class='ocrx_word' id='word_1_403' title='bbox 932 3175 1256 3249; x_wconf 77' lang='grc' dir='ltr'>πλανώμενον</span> <span class='ocrx_word' id='word_1_404' title='bbox 1297 3173 1530 3236; x_wconf 84' lang='grc' dir='ltr'>δηλαδή.</span> <span class='ocrx_word' id='word_1_405' title='bbox 1583 3181 1709 3239; x_wconf 85' lang='grc' dir='ltr'>Θεὸς</span> <span class='ocrx_word' id='word_1_406' title='bbox 1751 3178 1809 3231; x_wconf 73' lang='grc' dir='ltr'>οὗ</span> 
     </span>
    </p>
   </div>
   <div class='ocr_carea' id='block_1_63' title="bbox 1946 3152 3580 3249">
    <p class='ocr_par' dir='ltr' id='par_1_63' title="bbox 1992 3168 3580 3236">
     <span class='ocr_line' id='line_1_63' title="bbox 1992 3168 3580 3236; baseline 0.004 -13"><span class='ocrx_word' id='word_1_407' title='bbox 1992 3168 2154 3223; x_wconf 84' lang='lat' dir='ltr'>Vers.</span> <span class='ocrx_word' id='word_1_408' title='bbox 2187 3171 2275 3223; x_wconf 82' lang='grc'>49.</span> <span class='ocrx_word' id='word_1_409' title='bbox 2310 3169 2387 3223; x_wconf 89' lang='lat' dir='ltr'>Et</span> <span class='ocrx_word' id='word_1_410' title='bbox 2417 3168 2563 3224; x_wconf 74' lang='lat' dir='ltr'>dixit</span> <span class='ocrx_word' id='word_1_411' title='bbox 2604 3200 2673 3207; x_wconf 98' lang='lat'><strong>—</strong></span> <span class='ocrx_word' id='word_1_412' title='bbox 2702 3184 2795 3225; x_wconf 89' lang='lat' dir='ltr'>me</span> <span class='ocrx_word' id='word_1_413' title='bbox 2814 3173 2841 3225; x_wconf 86' lang='lat'><strong><em>?</em></strong></span> <span class='ocrx_word' id='word_1_414' title='bbox 2872 3171 3052 3236; x_wconf 88' lang='lat' dir='ltr'>Quasi</span> <span class='ocrx_word' id='word_1_415' title='bbox 3093 3178 3392 3230; x_wconf 87' lang='lat' dir='ltr'>errantem</span> <span class='ocrx_word' id='word_1_416' title='bbox 3422 3173 3580 3230; x_wconf 90' lang='lat' dir='ltr'>vide-</span> 
     </span>
    </p>
   </div>
   <div class='ocr_carea' id='block_1_64' title="bbox 199 3262 483 3319">
    <p class='ocr_par' dir='ltr' id='par_1_64' title="bbox 199 3262 483 3319">
     <span class='ocr_line' id='line_1_64' title="bbox 199 3262 483 3319; baseline 0.014 -4"><span class='ocrx_word' id='word_1_417' title='bbox 199 3262 483 3319; x_wconf 79' lang='grc' dir='ltr'>πλανᾶται.</span> 
     </span>
    </p>
   </div>
   <div class='ocr_carea' id='block_1_65' title="bbox 280 3350 1806 3431">
    <p class='ocr_par' dir='ltr' id='par_1_65' title="bbox 280 3350 1806 3431">
     <span class='ocr_line' id='line_1_65' title="bbox 280 3350 1806 3431; baseline 0.004 -27"><span class='ocrx_word' id='word_1_418' title='bbox 280 3354 392 3405; x_wconf 80' lang='grc' dir='ltr'>Οὑκ</span> <span class='ocrx_word' id='word_1_419' title='bbox 431 3350 609 3426; x_wconf 71' lang='grc' dir='ltr'>ᾔδειτε</span> <span class='ocrx_word' id='word_1_420' title='bbox 639 3385 709 3394; x_wconf 91' lang='grc'><strong><em>-</em></strong></span> <span class='ocrx_word' id='word_1_421' title='bbox 756 3374 819 3427; x_wconf 87' lang='grc' dir='ltr'>με</span> <span class='ocrx_word' id='word_1_422' title='bbox 861 3372 874 3421; x_wconf 88' lang='grc'>;</span> <span class='ocrx_word' id='word_1_423' title='bbox 908 3355 989 3408; x_wconf 86' lang='grc' dir='ltr'>Ἐν</span> <span class='ocrx_word' id='word_1_424' title='bbox 1028 3363 1100 3415; x_wconf 83' lang='grc' dir='ltr'>τῷ</span> <span class='ocrx_word' id='word_1_425' title='bbox 1133 3358 1257 3427; x_wconf 81' lang='grc' dir='ltr'>οἶκῳ</span> <span class='ocrx_word' id='word_1_426' title='bbox 1297 3363 1388 3408; x_wconf 73' lang='grc' dir='ltr'>τοῦ</span> <span class='ocrx_word' id='word_1_427' title='bbox 1446 3362 1647 3431; x_wconf 86' lang='grc' dir='ltr'>Πατρός</span> <span class='ocrx_word' id='word_1_428' title='bbox 1685 3378 1806 3430; x_wconf 80' lang='grc' dir='ltr'>μου,</span> 
     </span>
    </p>
   </div>
   <div class='ocr_carea' id='block_1_66' title="bbox 200 3440 1809 3519">
    <p class='ocr_par' dir='ltr' id='par_1_66' title="bbox 200 3440 1809 3519">
     <span class='ocr_line' id='line_1_66' title="bbox 200 3440 1809 3519; baseline 0.003 -24"><span class='ocrx_word' id='word_1_429' title='bbox 200 3442 382 3514; x_wconf 73' lang='grc' dir='ltr'>Ἔλεγε</span> <span class='ocrx_word' id='word_1_430' title='bbox 413 3440 473 3496; x_wconf 73' lang='grc' dir='ltr'>δὲ</span> <span class='ocrx_word' id='word_1_431' title='bbox 502 3444 620 3517; x_wconf 83' lang='grc' dir='ltr'>περί</span> <span class='ocrx_word' id='word_1_432' title='bbox 649 3450 740 3496; x_wconf 78' lang='grc' dir='ltr'>τοῦ</span> <span class='ocrx_word' id='word_1_433' title='bbox 769 3446 926 3519; x_wconf 66' lang='grc' dir='ltr'>ἱεροῦ,</span> <span class='ocrx_word' id='word_1_434' title='bbox 960 3446 985 3497; x_wconf 87' lang='grc' dir='ltr'><strong>ὃ</strong></span> <span class='ocrx_word' id='word_1_435' title='bbox 1012 3454 1083 3515; x_wconf 86' lang='grc' dir='ltr'>τῷ</span> <span class='ocrx_word' id='word_1_436' title='bbox 1114 3453 1227 3515; x_wconf 82' lang='grc' dir='ltr'>Θεῷ</span> <span class='ocrx_word' id='word_1_437' title='bbox 1267 3450 1355 3497; x_wconf 83' lang='grc' dir='ltr'>καὶ</span> <span class='ocrx_word' id='word_1_438' title='bbox 1399 3452 1564 3519; x_wconf 88' lang='grc' dir='ltr'>Πατρί</span> <span class='ocrx_word' id='word_1_439' title='bbox 1595 3447 1753 3499; x_wconf 78' lang='grc' dir='ltr'>αὑτοῦ</span> <span class='ocrx_word' id='word_1_440' title='bbox 1784 3450 1809 3500; x_wconf 88' lang='grc' dir='ltr'><strong>ὀ</strong></span> 
     </span>
    </p>
   </div>
   <div class='ocr_carea' id='block_1_67' title="bbox 203 3531 1809 3611">
    <p class='ocr_par' dir='ltr' id='par_1_67' title="bbox 203 3531 1809 3611">
     <span class='ocr_line' id='line_1_67' title="bbox 203 3531 1809 3611; baseline 0.004 -28"><span class='ocrx_word' id='word_1_441' title='bbox 203 3531 442 3604; x_wconf 77' lang='grc' dir='ltr'>Σολομῶν</span> <span class='ocrx_word' id='word_1_442' title='bbox 488 3531 848 3606; x_wconf 75' lang='grc' dir='ltr'>ᾠκοδόμησεν.</span> <span class='ocrx_word' id='word_1_443' title='bbox 904 3534 1039 3587; x_wconf 77' lang='grc' dir='ltr'>Ἀλλ’</span> <span class='ocrx_word' id='word_1_444' title='bbox 1070 3535 1099 3592; x_wconf 81' lang='grc' dir='ltr'>ἡ</span> <span class='ocrx_word' id='word_1_445' title='bbox 1133 3537 1223 3605; x_wconf 77' lang='grc' dir='ltr'>μὲν</span> <span class='ocrx_word' id='word_1_446' title='bbox 1254 3540 1444 3608; x_wconf 82' lang='grc' dir='ltr'>Μήτηρ</span> <span class='ocrx_word' id='word_1_447' title='bbox 1478 3536 1657 3604; x_wconf 73' lang='grc' dir='ltr'>αὑτοῦ,</span> <span class='ocrx_word' id='word_1_448' title='bbox 1690 3543 1809 3611; x_wconf 83' lang='grc' dir='ltr'>περὶ</span> 
     </span>
    </p>
   </div>
   <div class='ocr_carea' id='block_1_68' title="bbox 199 3620 1813 3698">
    <p class='ocr_par' dir='ltr' id='par_1_68' title="bbox 199 3620 1813 3698">
     <span class='ocr_line' id='line_1_68' title="bbox 199 3620 1813 3698; baseline 0.004 -27"><span class='ocrx_word' id='word_1_449' title='bbox 199 3628 297 3672; x_wconf 80' lang='grc' dir='ltr'>τοῦ</span> <span class='ocrx_word' id='word_1_450' title='bbox 327 3624 467 3674; x_wconf 82' lang='grc' dir='ltr'>θέσει</span> <span class='ocrx_word' id='word_1_451' title='bbox 495 3626 693 3695; x_wconf 84' lang='grc' dir='ltr'>Πατρός</span> <span class='ocrx_word' id='word_1_452' title='bbox 724 3622 885 3675; x_wconf 80' lang='grc' dir='ltr'>αὑτοῦ</span> <span class='ocrx_word' id='word_1_453' title='bbox 910 3621 1064 3675; x_wconf 83' lang='grc' dir='ltr'>εἶπεν·</span> <span class='ocrx_word' id='word_1_454' title='bbox 1096 3623 1255 3685; x_wconf 86' lang='grc' dir='ltr'>αὑτός</span> <span class='ocrx_word' id='word_1_455' title='bbox 1281 3620 1315 3676; x_wconf 87' lang='grc' dir='ltr'>δ</span> <span class='ocrx_word' id='word_1_456' title='bbox 1319 3627 1340 3676; x_wconf 71' lang='lat'>&#39;5</span> <span class='ocrx_word' id='word_1_457' title='bbox 1368 3627 1531 3698; x_wconf 76' lang='grc' dir='ltr'>ταύτῃ</span> <span class='ocrx_word' id='word_1_458' title='bbox 1557 3629 1644 3677; x_wconf 87' lang='grc' dir='ltr'>τὸν</span> <span class='ocrx_word' id='word_1_459' title='bbox 1659 3628 1813 3698; x_wconf 77' lang='grc' dir='ltr'>φύσει</span> 
     </span>
    </p>
   </div>
   <div class='ocr_carea' id='block_1_69' title="bbox 205 3710 913 3784">
    <p class='ocr_par' dir='ltr' id='par_1_69' title="bbox 205 3710 913 3784">
     <span class='ocr_line' id='line_1_69' title="bbox 205 3710 913 3784; baseline 0.007 -22"><span class='ocrx_word' id='word_1_460' title='bbox 205 3714 419 3783; x_wconf 85' lang='grc' dir='ltr'>Πατέρα</span> <span class='ocrx_word' id='word_1_461' title='bbox 444 3712 605 3764; x_wconf 78' lang='grc' dir='ltr'>αὑτοῦ</span> <span class='ocrx_word' id='word_1_462' title='bbox 637 3710 883 3784; x_wconf 71' lang='grc' dir='ltr'>ἐγνώρισε</span> <span class='ocrx_word' id='word_1_463' title='bbox 899 3754 913 3767; x_wconf 93' lang='grc'>.</span> 
     </span>
    </p>
   </div>
   <div class='ocr_carea' id='block_1_70' title="bbox 284 3906 1451 3982">
    <p class='ocr_par' dir='ltr' id='par_1_70' title="bbox 284 3906 1451 3982">
     <span class='ocr_line' id='line_1_70' title="bbox 284 3906 1451 3982; baseline 0.003 -23"><span class='ocrx_word' id='word_1_464' title='bbox 284 3912 386 3960; x_wconf 82' lang='grc' dir='ltr'>Καὶ</span> <span class='ocrx_word' id='word_1_465' title='bbox 414 3907 567 3960; x_wconf 67' lang='grc' dir='ltr'>αὐτοὶ</span> <span class='ocrx_word' id='word_1_466' title='bbox 598 3938 668 3948; x_wconf 92' lang='lat'>—</span> <span class='ocrx_word' id='word_1_467' title='bbox 701 3906 893 3967; x_wconf 83' lang='grc' dir='ltr'>αὑτοῖς.</span> <span class='ocrx_word' id='word_1_468' title='bbox 923 3910 993 3961; x_wconf 87' lang='grc' dir='ltr'>Τὸ</span> <span class='ocrx_word' id='word_1_469' title='bbox 1018 3913 1133 3981; x_wconf 71' lang='grc' dir='ltr'>περὶ</span> <span class='ocrx_word' id='word_1_470' title='bbox 1165 3915 1261 3961; x_wconf 81' lang='grc' dir='ltr'>τοῦ</span> <span class='ocrx_word' id='word_1_471' title='bbox 1292 3912 1451 3982; x_wconf 83' lang='grc' dir='ltr'>ἳεροῦ.</span> 
     </span>
    </p>
   </div>
   <div class='ocr_carea' id='block_1_71' title="bbox 285 3993 1808 4073">
    <p class='ocr_par' dir='ltr' id='par_1_71' title="bbox 285 3993 1808 4073">
     <span class='ocr_line' id='line_1_71' title="bbox 285 3993 1808 4073; baseline 0.003 -25"><span class='ocrx_word' id='word_1_472' title='bbox 285 4001 385 4048; x_wconf 76' lang='grc' dir='ltr'>Καὶ</span> <span class='ocrx_word' id='word_1_473' title='bbox 414 3996 606 4055; x_wconf 78' lang='grc' dir='ltr'>κατέϐη</span> <span class='ocrx_word' id='word_1_474' title='bbox 667 4028 735 4037; x_wconf 93' lang='lat'><strong><em>—</em></strong></span> <span class='ocrx_word' id='word_1_475' title='bbox 778 3998 971 4057; x_wconf 79' lang='grc' dir='ltr'>αὐτοῖς.</span> <span class='ocrx_word' id='word_1_476' title='bbox 1010 3993 1279 4050; x_wconf 85' lang='grc' dir='ltr'>Παιδεύων</span> <span class='ocrx_word' id='word_1_477' title='bbox 1328 4001 1713 4053; x_wconf 77' lang='grc' dir='ltr'>ὑποτάττεσθαι</span> <span class='ocrx_word' id='word_1_478' title='bbox 1738 4005 1808 4073; x_wconf 81' lang='grc' dir='ltr'>μή</span> 
     </span>
    </p>
   </div>
   <div class='ocr_carea' id='block_1_72' title="bbox 208 4084 1574 4158">
    <p class='ocr_par' dir='ltr' id='par_1_72' title="bbox 208 4084 1574 4158">
     <span class='ocr_line' id='line_1_72' title="bbox 208 4084 1574 4158; baseline 0.004 -22"><span class='ocrx_word' id='word_1_479' title='bbox 208 4088 366 4154; x_wconf 80' lang='grc' dir='ltr'>μόνον</span> <span class='ocrx_word' id='word_1_480' title='bbox 389 4088 499 4148; x_wconf 83' lang='grc' dir='ltr'>τοὶς</span> <span class='ocrx_word' id='word_1_481' title='bbox 529 4088 683 4158; x_wconf 77' lang='grc' dir='ltr'>φύσει</span> <span class='ocrx_word' id='word_1_482' title='bbox 709 4094 971 4157; x_wconf 74' lang='grc' dir='ltr'>γονεῦσιν,</span> <span class='ocrx_word' id='word_1_483' title='bbox 1006 4084 1135 4139; x_wconf 79' lang='grc' dir='ltr'>ἀλλὰ</span> <span class='ocrx_word' id='word_1_484' title='bbox 1155 4092 1245 4140; x_wconf 85' lang='grc' dir='ltr'>καὶ</span> <span class='ocrx_word' id='word_1_485' title='bbox 1274 4096 1383 4151; x_wconf 86' lang='grc' dir='ltr'>τοῖς</span> <span class='ocrx_word' id='word_1_486' title='bbox 1415 4091 1574 4141; x_wconf 87' lang='grc' dir='ltr'>θέσει.</span> 
     </span>
    </p>
   </div>
   <div class='ocr_carea' id='block_1_73' title="bbox 286 4263 1815 4340">
    <p class='ocr_par' dir='ltr' id='par_1_73' title="bbox 286 4263 1815 4340">
     <span class='ocr_line' id='line_1_73' title="bbox 286 4263 1815 4340; baseline 0.003 -24"><span class='ocrx_word' id='word_1_487' title='bbox 286 4268 387 4316; x_wconf 76' lang='grc' dir='ltr'>Καὶ</span> <span class='ocrx_word' id='word_1_488' title='bbox 418 4265 449 4322; x_wconf 79' lang='grc' dir='ltr'>ἡ</span> <span class='ocrx_word' id='word_1_489' title='bbox 496 4268 673 4338; x_wconf 82' lang='grc' dir='ltr'>μήτηρ</span> <span class='ocrx_word' id='word_1_490' title='bbox 704 4296 773 4304; x_wconf 93' lang='lat'><em>—</em></span> <span class='ocrx_word' id='word_1_491' title='bbox 822 4263 952 4324; x_wconf 76' lang='grc' dir='ltr'>αὐτῆ</span> <span class='ocrx_word' id='word_1_492' title='bbox 967 4285 1005 4326; x_wconf 94' lang='grc' dir='ltr'>ς.</span> <span class='ocrx_word' id='word_1_493' title='bbox 1047 4266 1125 4317; x_wconf 82' lang='grc' dir='ltr'>Τὰ</span> <span class='ocrx_word' id='word_1_494' title='bbox 1153 4270 1272 4339; x_wconf 84' lang='grc' dir='ltr'>περὶ</span> <span class='ocrx_word' id='word_1_495' title='bbox 1322 4275 1415 4319; x_wconf 85' lang='grc' dir='ltr'>τοῦ</span> <span class='ocrx_word' id='word_1_496' title='bbox 1440 4269 1598 4340; x_wconf 85' lang='grc' dir='ltr'>ἱεροῦ,</span> <span class='ocrx_word' id='word_1_497' title='bbox 1631 4272 1721 4320; x_wconf 85' lang='grc' dir='ltr'>καὶ</span> <span class='ocrx_word' id='word_1_498' title='bbox 1750 4270 1815 4321; x_wconf 83' lang='grc' dir='ltr'>τὰ</span> 
     </span>
    </p>
   </div>
   <div class='ocr_carea' id='block_1_74' title="bbox 208 4351 1815 4428">
    <p class='ocr_par' dir='ltr' id='par_1_74' title="bbox 208 4351 1815 4428">
     <span class='ocr_line' id='line_1_74' title="bbox 208 4351 1815 4428; baseline 0.004 -24"><span class='ocrx_word' id='word_1_499' title='bbox 208 4360 450 4421; x_wconf 80' lang='grc' dir='ltr'>τοιαῦτα,</span> <span class='ocrx_word' id='word_1_500' title='bbox 476 4355 545 4415; x_wconf 81' lang='grc' dir='ltr'>ὡς</span> <span class='ocrx_word' id='word_1_501' title='bbox 573 4354 788 4428; x_wconf 82' lang='grc' dir='ltr'>ῥήματα</span> <span class='ocrx_word' id='word_1_502' title='bbox 814 4354 921 4426; x_wconf 81' lang='grc' dir='ltr'>οὑχ</span> <span class='ocrx_word' id='word_1_503' title='bbox 959 4353 1134 4417; x_wconf 81' lang='grc' dir='ltr'>ἁπλῶς</span> <span class='ocrx_word' id='word_1_504' title='bbox 1163 4351 1373 4421; x_wconf 83' lang='grc' dir='ltr'>παιδὸς,</span> <span class='ocrx_word' id='word_1_505' title='bbox 1426 4355 1554 4409; x_wconf 80' lang='grc' dir='ltr'>ἀλλὰ</span> <span class='ocrx_word' id='word_1_506' title='bbox 1582 4362 1671 4410; x_wconf 81' lang='grc' dir='ltr'>καὶ</span> <span class='ocrx_word' id='word_1_507' title='bbox 1692 4365 1815 4410; x_wconf 83' lang='grc' dir='ltr'>Υιοὺ</span> 
     </span>
    </p>
   </div>
   <div class='ocr_carea' id='block_1_75' title="bbox 212 4440 1897 4534">
    <p class='ocr_par' dir='ltr' id='par_1_75' title="bbox 212 4440 1897 4534">
     <span class='ocr_line' id='line_1_75' title="bbox 212 4440 1897 4534; baseline 0.003 -40"><span class='ocrx_word' id='word_1_508' title='bbox 212 4450 305 4494; x_wconf 84' lang='grc' dir='ltr'>τοῦ</span> <span class='ocrx_word' id='word_1_509' title='bbox 340 4450 494 4496; x_wconf 75' lang='grc' dir='ltr'>Θεοῦ.</span> <span class='ocrx_word' id='word_1_510' title='bbox 524 4447 755 4517; x_wconf 85' lang='grc' dir='ltr'>Διετήρει</span> <span class='ocrx_word' id='word_1_511' title='bbox 804 4440 863 4496; x_wconf 65' lang='grc' dir='ltr'>δὲ</span> <span class='ocrx_word' id='word_1_512' title='bbox 891 4451 1058 4495; x_wconf 74' lang='grc' dir='ltr'>ταῦτα</span> <span class='ocrx_word' id='word_1_513' title='bbox 1081 4443 1401 4507; x_wconf 79' lang='grc' dir='ltr'>έξετάςουσα</span> <span class='ocrx_word' id='word_1_514' title='bbox 1447 4447 1564 4498; x_wconf 79' lang='grc' dir='ltr'>καθ’</span> <span class='ocrx_word' id='word_1_515' title='bbox 1605 4446 1813 4513; x_wconf 83' lang='grc' dir='ltr'>ἑαυτήν,</span> <span class='ocrx_word' id='word_1_516' title='bbox 1854 4478 1897 4534; x_wconf 80' lang='lat' dir='ltr'>D</span> 
     </span>
    </p>
   </div>
   <div class='ocr_carea' id='block_1_76' title="bbox 213 4531 884 4606">
    <p class='ocr_par' dir='ltr' id='par_1_76' title="bbox 213 4531 884 4606">
     <span class='ocr_line' id='line_1_76' title="bbox 213 4531 884 4606; baseline 0.004 -23"><span class='ocrx_word' id='word_1_517' title='bbox 213 4534 286 4592; x_wconf 81' lang='grc' dir='ltr'>ὡς</span> <span class='ocrx_word' id='word_1_518' title='bbox 314 4536 384 4603; x_wconf 81' lang='grc' dir='ltr'>μή</span> <span class='ocrx_word' id='word_1_519' title='bbox 416 4531 591 4593; x_wconf 79' lang='grc' dir='ltr'>ἁπλῶς</span> <span class='ocrx_word' id='word_1_520' title='bbox 623 4532 884 4606; x_wconf 83' lang='grc' dir='ltr'>εἰρημένα.</span> 
     </span>
    </p>
   </div>
   <div class='ocr_carea' id='block_1_77' title="bbox 289 4620 1818 4696">
    <p class='ocr_par' dir='ltr' id='par_1_77' title="bbox 289 4620 1818 4696">
     <span class='ocr_line' id='line_1_77' title="bbox 289 4620 1818 4696; baseline 0.003 -24"><span class='ocrx_word' id='word_1_521' title='bbox 289 4626 391 4673; x_wconf 80' lang='grc' dir='ltr'>Καὶ</span> <span class='ocrx_word' id='word_1_522' title='bbox 422 4621 631 4683; x_wconf 83' lang='grc' dir='ltr'>Ἰησοῦς</span> <span class='ocrx_word' id='word_1_523' title='bbox 660 4651 731 4662; x_wconf 90' lang='grc'><strong>-</strong></span> <span class='ocrx_word' id='word_1_524' title='bbox 752 4620 1063 4694; x_wconf 81' lang='grc' dir='ltr'>ἀνθρώποις.</span> <span class='ocrx_word' id='word_1_525' title='bbox 1096 4620 1185 4684; x_wconf 83' lang='grc' dir='ltr'>Ὠς</span> <span class='ocrx_word' id='word_1_526' title='bbox 1200 4620 1415 4675; x_wconf 80' lang='grc' dir='ltr'>παιδίον</span> <span class='ocrx_word' id='word_1_527' title='bbox 1454 4628 1593 4696; x_wconf 84' lang='grc' dir='ltr'>νόμῳ</span> <span class='ocrx_word' id='word_1_528' title='bbox 1622 4627 1818 4696; x_wconf 75' lang='grc' dir='ltr'>φύσεως</span> 
     </span>
    </p>
   </div>
   <div class='ocr_carea' id='block_1_78' title="bbox 216 4707 1817 4788">
    <p class='ocr_par' dir='ltr' id='par_1_78' title="bbox 216 4707 1817 4788">
     <span class='ocr_line' id='line_1_78' title="bbox 216 4707 1817 4788; baseline 0.005 -29"><span class='ocrx_word' id='word_1_529' title='bbox 216 4707 876 4783; x_wconf 79' lang='grc' dir='ltr'>ἁνθρωπίνηςπροέκοπτεν</span> <span class='ocrx_word' id='word_1_530' title='bbox 903 4711 976 4772; x_wconf 81' lang='grc' dir='ltr'>εἰς</span> <span class='ocrx_word' id='word_1_531' title='bbox 1004 4719 1172 4764; x_wconf 85' lang='grc' dir='ltr'>ταῦτα</span> <span class='ocrx_word' id='word_1_532' title='bbox 1199 4717 1336 4765; x_wconf 79' lang='grc' dir='ltr'>κατὰ</span> <span class='ocrx_word' id='word_1_533' title='bbox 1373 4717 1577 4786; x_wconf 85' lang='grc' dir='ltr'>μικρὸν·</span> <span class='ocrx_word' id='word_1_534' title='bbox 1622 4716 1690 4777; x_wconf 84' lang='grc' dir='ltr'>ὡς</span> <span class='ocrx_word' id='word_1_535' title='bbox 1715 4718 1817 4788; x_wconf 85' lang='grc' dir='ltr'>γὰρ</span> 
     </span>
    </p>
   </div>
   <div class='ocr_carea' id='block_1_79' title="bbox 218 4797 774 4861">
    <p class='ocr_par' dir='ltr' id='par_1_79' title="bbox 218 4797 774 4861">
     <span class='ocr_line' id='line_1_79' title="bbox 218 4797 774 4861; baseline 0 -10"><span class='ocrx_word' id='word_1_536' title='bbox 218 4803 346 4861; x_wconf 81' lang='grc' dir='ltr'>Θεὸς</span> <span class='ocrx_word' id='word_1_537' title='bbox 371 4799 661 4861; x_wconf 83' lang='grc' dir='ltr'>παντέλειος</span> <span class='ocrx_word' id='word_1_538' title='bbox 687 4797 748 4859; x_wconf 75' lang='grc' dir='ltr'>ἦν</span> <span class='ocrx_word' id='word_1_539' title='bbox 761 4844 774 4857; x_wconf 87' lang='grc'><em>,</em></span> 
     </span>
    </p>
   </div>
   <div class='ocr_carea' id='block_1_80' title="bbox 290 4888 1817 4965">
    <p class='ocr_par' dir='ltr' id='par_1_80' title="bbox 290 4888 1817 4965">
     <span class='ocr_line' id='line_1_80' title="bbox 290 4888 1817 4965; baseline 0.004 -24"><span class='ocrx_word' id='word_1_540' title='bbox 290 4888 609 4964; x_wconf 84' lang='grc' dir='ltr'>[Γρηγορίου</span> <span class='ocrx_word' id='word_1_541' title='bbox 640 4890 754 4961; x_wconf 85' lang='grc'>(73)</span> <span class='ocrx_word' id='word_1_542' title='bbox 773 4896 864 4942; x_wconf 85' lang='grc' dir='ltr'>τοῦ</span> <span class='ocrx_word' id='word_1_543' title='bbox 896 4889 1173 4961; x_wconf 78' lang='grc' dir='ltr'>Θεολόγου.</span> <span class='ocrx_word' id='word_1_544' title='bbox 1186 4895 1568 4964; x_wconf 81' lang='grc' dir='ltr'>Προέκοπτε,φη</span> <span class='ocrx_word' id='word_1_545' title='bbox 1580 4898 1661 4945; x_wconf 85' lang='grc' dir='ltr'>σὶν</span> <span class='ocrx_word' id='word_1_546' title='bbox 1681 4896 1817 4965; x_wconf 78' lang='grc'>(74),</span> 
     </span>
    </p>
   </div>
   <div class='ocr_carea' id='block_1_81' title="bbox 222 4978 1821 5056">
    <p class='ocr_par' dir='ltr' id='par_1_81' title="bbox 222 4978 1821 5056">
     <span class='ocr_line' id='line_1_81' title="bbox 222 4978 1821 5056; baseline 0.004 -28"><span class='ocrx_word' id='word_1_547' title='bbox 222 4980 395 5053; x_wconf 76' lang='grc' dir='ltr'>ὥσπερ</span> <span class='ocrx_word' id='word_1_548' title='bbox 434 4978 631 5051; x_wconf 80' lang='grc' dir='ltr'>ἡλικίᾳ,</span> <span class='ocrx_word' id='word_1_549' title='bbox 691 4979 825 5031; x_wconf 86' lang='grc' dir='ltr'>οὑτω</span> <span class='ocrx_word' id='word_1_550' title='bbox 882 4984 972 5031; x_wconf 81' lang='grc' dir='ltr'>καὶ</span> <span class='ocrx_word' id='word_1_551' title='bbox 1031 4985 1190 5052; x_wconf 79' lang='grc' dir='ltr'>σοφίᾳ</span> <span class='ocrx_word' id='word_1_552' title='bbox 1240 4986 1329 5033; x_wconf 82' lang='grc' dir='ltr'>καὶ</span> <span class='ocrx_word' id='word_1_553' title='bbox 1381 4984 1589 5056; x_wconf 76' lang='grc' dir='ltr'>χάριτι.</span> <span class='ocrx_word' id='word_1_554' title='bbox 1648 4982 1723 5035; x_wconf 80' lang='grc' dir='ltr'>Οὑ</span> <span class='ocrx_word' id='word_1_555' title='bbox 1750 4992 1821 5055; x_wconf 83' lang='grc' dir='ltr'>τῷ</span> 
     </span>
    </p>
   </div>
   <div class='ocr_carea' id='block_1_82' title="bbox 996 5069 1824 5145">
    <p class='ocr_par' dir='ltr' id='par_1_82' title="bbox 996 5069 1824 5145">
     <span class='ocr_line' id='line_1_82' title="bbox 996 5069 1824 5145; baseline 0.006 -26"><span class='ocrx_word' id='word_1_556' title='bbox 996 5086 1008 5100; x_wconf 69' lang='grc' dir='ltr'>ι</span> <span class='ocrx_word' id='word_1_557' title='bbox 1043 5072 1094 5120; x_wconf 84' lang='grc' dir='ltr'>τί</span> <span class='ocrx_word' id='word_1_558' title='bbox 1131 5072 1229 5141; x_wconf 79' lang='grc' dir='ltr'>γὰρ</span> <span class='ocrx_word' id='word_1_559' title='bbox 1280 5076 1372 5121; x_wconf 84' lang='grc' dir='ltr'>τοῦ</span> <span class='ocrx_word' id='word_1_560' title='bbox 1404 5069 1495 5121; x_wconf 80' lang='grc' dir='ltr'>ἀπ’</span> <span class='ocrx_word' id='word_1_561' title='bbox 1524 5070 1701 5145; x_wconf 82' lang='grc' dir='ltr'>ἀρχῆς</span> <span class='ocrx_word' id='word_1_562' title='bbox 1738 5091 1824 5124; x_wconf 89' lang='grc' dir='ltr'>τε-</span> 
     </span>
    </p>
   </div>
   <div class='ocr_carea' id='block_1_83' title="bbox 221 5154 1823 5233">
    <p class='ocr_par' dir='ltr' id='par_1_83' title="bbox 221 5154 1823 5233">
     <span class='ocr_line' id='line_1_83' title="bbox 221 5154 1823 5233; baseline 0.004 -27"><span class='ocrx_word' id='word_1_563' title='bbox 221 5154 358 5208; x_wconf 69' lang='grc' dir='ltr'>λείου</span> <span class='ocrx_word' id='word_1_564' title='bbox 390 5157 574 5228; x_wconf 84' lang='grc' dir='ltr'>γένοιτ’</span> <span class='ocrx_word' id='word_1_565' title='bbox 602 5156 662 5209; x_wconf 81' lang='grc' dir='ltr'>ἂν</span> <span class='ocrx_word' id='word_1_566' title='bbox 702 5157 999 5231; x_wconf 64' lang='grc' dir='ltr'>τελεώτερον</span> <span class='ocrx_word' id='word_1_567' title='bbox 1034 5176 1047 5227; x_wconf 88' lang='grc'>;</span> <span class='ocrx_word' id='word_1_568' title='bbox 1077 5156 1203 5211; x_wconf 75' lang='grc' dir='ltr'>ἀλλὰ</span> <span class='ocrx_word' id='word_1_569' title='bbox 1221 5166 1294 5228; x_wconf 80' lang='grc' dir='ltr'>τῷ</span> <span class='ocrx_word' id='word_1_570' title='bbox 1324 5161 1460 5212; x_wconf 83' lang='grc' dir='ltr'>κατὰ</span> <span class='ocrx_word' id='word_1_571' title='bbox 1487 5164 1674 5233; x_wconf 86' lang='grc' dir='ltr'>μικρὸν</span> <span class='ocrx_word' id='word_1_572' title='bbox 1700 5169 1823 5213; x_wconf 85' lang='grc' dir='ltr'>ταῦ-</span> 
     </span>
    </p>
   </div>
   <div class='ocr_carea' id='block_1_84' title="bbox 218 5066 944 5139">
    <p class='ocr_par' dir='ltr' id='par_1_84' title="bbox 218 5066 944 5139">
     <span class='ocr_line' id='line_1_84' title="bbox 218 5066 944 5139; baseline 0 -21"><span class='ocrx_word' id='word_1_573' title='bbox 218 5084 387 5119; x_wconf 74' lang='grc' dir='ltr'>ταυτα</span> <span class='ocrx_word' id='word_1_574' title='bbox 414 5066 690 5139; x_wconf 76' lang='grc' dir='ltr'>λαμϐάνειν</span> <span class='ocrx_word' id='word_1_575' title='bbox 720 5068 944 5131; x_wconf 72' lang='grc' dir='ltr'>αὔξησιν</span> 
     </span>
    </p>
   </div>
   <div class='ocr_carea' id='block_1_85' title="bbox 222 5246 1434 5321">
    <p class='ocr_par' dir='ltr' id='par_1_85' title="bbox 222 5246 1434 5321">
     <span class='ocr_line' id='line_1_85' title="bbox 222 5246 1434 5321; baseline 0.003 -25"><span class='ocrx_word' id='word_1_576' title='bbox 222 5262 283 5297; x_wconf 82' lang='grc' dir='ltr'>τα</span> <span class='ocrx_word' id='word_1_577' title='bbox 304 5248 775 5320; x_wconf 84' lang='grc' dir='ltr'>παραγυμνουσθαι</span> <span class='ocrx_word' id='word_1_578' title='bbox 800 5253 890 5300; x_wconf 80' lang='grc' dir='ltr'>καὶ</span> <span class='ocrx_word' id='word_1_579' title='bbox 919 5250 1380 5321; x_wconf 81' lang='grc' dir='ltr'>παρεκφαίνεσθαι.</span> <span class='ocrx_word' id='word_1_580' title='bbox 1412 5246 1434 5321; x_wconf 89' lang='grc'>]</span> 
     </span>
    </p>
   </div>
   <div class='ocr_carea' id='block_1_86' title="bbox 336 5336 1715 5412">
    <p class='ocr_par' dir='ltr' id='par_1_86' title="bbox 336 5336 1715 5412">
     <span class='ocr_line' id='line_1_86' title="bbox 336 5336 1715 5412; baseline 0 -23"><span class='ocrx_word' id='word_1_581' title='bbox 336 5342 481 5389; x_wconf 77' lang='grc' dir='ltr'>ΚΕΦ.</span> <span class='ocrx_word' id='word_1_582' title='bbox 506 5336 579 5389; x_wconf 84' lang='grc' dir='ltr'>Ε’.</span> <span class='ocrx_word' id='word_1_583' title='bbox 619 5342 744 5411; x_wconf 85' lang='grc' dir='ltr'>Περὶ</span> <span class='ocrx_word' id='word_1_584' title='bbox 769 5344 862 5389; x_wconf 78' lang='grc' dir='ltr'>τοὺ</span> <span class='ocrx_word' id='word_1_585' title='bbox 888 5340 1157 5409; x_wconf 85' lang='grc' dir='ltr'>γενομένου</span> <span class='ocrx_word' id='word_1_586' title='bbox 1187 5338 1418 5411; x_wconf 79' lang='grc' dir='ltr'>ῥήματος</span> <span class='ocrx_word' id='word_1_587' title='bbox 1450 5340 1577 5412; x_wconf 86' lang='grc' dir='ltr'>πρὸς</span> <span class='ocrx_word' id='word_1_588' title='bbox 1607 5338 1715 5391; x_wconf 88' lang='grc' dir='ltr'>Ἰω-</span> 
     </span>
    </p>
   </div>
   <div class='ocr_carea' id='block_1_87' title="bbox 929 5445 1104 5484">
    <p class='ocr_par' dir='ltr' id='par_1_87' title="bbox 929 5445 1104 5484">
     <span class='ocr_line' id='line_1_87' title="bbox 929 5445 1104 5484; baseline 0 -7"><span class='ocrx_word' id='word_1_589' title='bbox 929 5445 1104 5484; x_wconf 85' lang='grc' dir='ltr'>αννην.</span> 
     </span>
    </p>
   </div>
   <div class='ocr_carea' id='block_1_88' title="bbox 287 5516 1820 5591">
    <p class='ocr_par' dir='ltr' id='par_1_88' title="bbox 287 5516 1820 5591">
     <span class='ocr_line' id='line_1_88' title="bbox 287 5516 1820 5591; baseline 0.001 -22"><span class='ocrx_word' id='word_1_590' title='bbox 287 5516 370 5569; x_wconf 90' lang='grc' dir='ltr'>Ἐν</span> <span class='ocrx_word' id='word_1_591' title='bbox 447 5520 548 5568; x_wconf 77' lang='grc' dir='ltr'>ἔτει</span> <span class='ocrx_word' id='word_1_592' title='bbox 612 5544 682 5555; x_wconf 91' lang='grc'><strong>-</strong></span> <span class='ocrx_word' id='word_1_593' title='bbox 738 5519 1025 5589; x_wconf 83' lang='grc' dir='ltr'>Καίσαρος.</span> <span class='ocrx_word' id='word_1_594' title='bbox 1099 5519 1243 5569; x_wconf 81' lang='grc' dir='ltr'>Μετὰ</span> <span class='ocrx_word' id='word_1_595' title='bbox 1299 5519 1385 5568; x_wconf 84' lang='grc' dir='ltr'>τόν</span> <span class='ocrx_word' id='word_1_596' title='bbox 1446 5516 1820 5591; x_wconf 75' lang='grc' dir='ltr'>προρρηθέντα.</span> 
     </span>
    </p>
   </div>
   <div class='ocr_carea' id='block_1_89' title="bbox 1918 3256 2838 3313">
    <p class='ocr_par' dir='ltr' id='par_1_89' title="bbox 1918 3256 2838 3313">
     <span class='ocr_line' id='line_1_89' title="bbox 1918 3256 2838 3313; baseline 0.002 -2"><span class='ocrx_word' id='word_1_597' title='bbox 1918 3256 2054 3312; x_wconf 92' lang='lat' dir='ltr'>licet</span> <span class='ocrx_word' id='word_1_598' title='bbox 2088 3273 2100 3309; x_wconf 88' lang='lat'>:</span> <span class='ocrx_word' id='word_1_599' title='bbox 2148 3259 2297 3312; x_wconf 90' lang='lat' dir='ltr'>Deus</span> <span class='ocrx_word' id='word_1_600' title='bbox 2327 3257 2487 3311; x_wconf 91' lang='lat' dir='ltr'>enim</span> <span class='ocrx_word' id='word_1_601' title='bbox 2514 3272 2637 3312; x_wconf 94' lang='lat' dir='ltr'>non</span> <span class='ocrx_word' id='word_1_602' title='bbox 2666 3264 2838 3313; x_wconf 88' lang='lat' dir='ltr'>errat.</span> 
     </span>
    </p>
   </div>
   <div class='ocr_carea' id='block_1_90' title="bbox 1993 3346 3582 3417">
    <p class='ocr_par' dir='ltr' id='par_1_90' title="bbox 1993 3346 3582 3417">
     <span class='ocr_line' id='line_1_90' title="bbox 1993 3346 3582 3417; baseline 0.007 -19"><span class='ocrx_word' id='word_1_603' title='bbox 1993 3349 2150 3401; x_wconf 88' lang='lat' dir='ltr'>Vers.</span> <span class='ocrx_word' id='word_1_604' title='bbox 2200 3346 2289 3400; x_wconf 82' lang='grc'>49.</span> <span class='ocrx_word' id='word_1_605' title='bbox 2323 3347 2681 3407; x_wconf 76' lang='lat' dir='ltr'>Nesciebatis</span> <span class='ocrx_word' id='word_1_606' title='bbox 2712 3378 2780 3388; x_wconf 93' lang='lat'>—</span> <span class='ocrx_word' id='word_1_607' title='bbox 2800 3363 2891 3405; x_wconf 90' lang='lat' dir='ltr'>me</span> <span class='ocrx_word' id='word_1_608' title='bbox 2914 3349 2941 3402; x_wconf 84' lang='lat'><strong>?</strong></span> <span class='ocrx_word' id='word_1_609' title='bbox 2973 3348 3030 3404; x_wconf 90' lang='lat' dir='ltr'>Id</span> <span class='ocrx_word' id='word_1_610' title='bbox 3062 3355 3168 3417; x_wconf 86' lang='lat' dir='ltr'>est,</span> <span class='ocrx_word' id='word_1_611' title='bbox 3194 3352 3253 3406; x_wconf 90' lang='lat' dir='ltr'>in</span> <span class='ocrx_word' id='word_1_612' title='bbox 3285 3352 3582 3409; x_wconf 84' lang='lat' dir='ltr'>domoPa-</span> 
     </span>
    </p>
   </div>
   <div class='ocr_carea' id='block_1_91' title="bbox 1921 3435 3580 3512">
    <p class='ocr_par' dir='ltr' id='par_1_91' title="bbox 1921 3435 3580 3512">
     <span class='ocr_line' id='line_1_91' title="bbox 1921 3435 3580 3512; baseline 0.004 -22"><span class='ocrx_word' id='word_1_613' title='bbox 1921 3436 2024 3490; x_wconf 91' lang='lat' dir='ltr'>tris</span> <span class='ocrx_word' id='word_1_614' title='bbox 2075 3435 2211 3491; x_wconf 92' lang='lat' dir='ltr'>mei.</span> <span class='ocrx_word' id='word_1_615' title='bbox 2273 3435 2511 3491; x_wconf 87' lang='lat' dir='ltr'>Dicebat</span> <span class='ocrx_word' id='word_1_616' title='bbox 2549 3443 2747 3492; x_wconf 87' lang='lat' dir='ltr'>autem</span> <span class='ocrx_word' id='word_1_617' title='bbox 2801 3437 2875 3493; x_wconf 90' lang='lat' dir='ltr'>de</span> <span class='ocrx_word' id='word_1_618' title='bbox 2929 3440 3169 3511; x_wconf 90' lang='lat' dir='ltr'>templo,</span> <span class='ocrx_word' id='word_1_619' title='bbox 3236 3441 3403 3512; x_wconf 89' lang='lat' dir='ltr'>quod</span> <span class='ocrx_word' id='word_1_620' title='bbox 3460 3444 3580 3497; x_wconf 90' lang='lat' dir='ltr'>Deo</span> 
     </span>
    </p>
   </div>
   <div class='ocr_carea' id='block_1_92' title="bbox 1922 3525 3581 3595">
    <p class='ocr_par' dir='ltr' id='par_1_92' title="bbox 1922 3525 3581 3595">
     <span class='ocr_line' id='line_1_92' title="bbox 1922 3525 3581 3595; baseline 0.003 -16"><span class='ocrx_word' id='word_1_621' title='bbox 1922 3525 2191 3595; x_wconf 86' lang='lat' dir='ltr'>Patrique</span> <span class='ocrx_word' id='word_1_622' title='bbox 2224 3541 2334 3580; x_wconf 93' lang='lat' dir='ltr'>suo</span> <span class='ocrx_word' id='word_1_623' title='bbox 2366 3540 2401 3579; x_wconf 91' lang='lat' dir='ltr'>a</span> <span class='ocrx_word' id='word_1_624' title='bbox 2431 3525 2751 3580; x_wconf 83' lang='lat' dir='ltr'>Salomone</span> <span class='ocrx_word' id='word_1_625' title='bbox 2781 3527 3141 3583; x_wconf 74' lang='lat' dir='ltr'>tediﬁcatum</span> <span class='ocrx_word' id='word_1_626' title='bbox 3183 3536 3327 3585; x_wconf 89' lang='lat' dir='ltr'>erat.</span> <span class='ocrx_word' id='word_1_627' title='bbox 3367 3532 3581 3586; x_wconf 89' lang='lat' dir='ltr'>Verum</span> 
     </span>
    </p>
   </div>
   <div class='ocr_carea' id='block_1_93' title="bbox 1922 3613 3582 3691">
    <p class='ocr_par' dir='ltr' id='par_1_93' title="bbox 1922 3613 3582 3691">
     <span class='ocr_line' id='line_1_93' title="bbox 1922 3613 3582 3691; baseline 0.002 -21"><span class='ocrx_word' id='word_1_628' title='bbox 1922 3617 2099 3670; x_wconf 82' lang='lat' dir='ltr'>Mater</span> <span class='ocrx_word' id='word_1_629' title='bbox 2130 3614 2255 3684; x_wconf 91' lang='lat' dir='ltr'>ejus</span> <span class='ocrx_word' id='word_1_630' title='bbox 2288 3614 2358 3669; x_wconf 91' lang='lat' dir='ltr'>de</span> <span class='ocrx_word' id='word_1_631' title='bbox 2396 3613 2683 3686; x_wconf 87' lang='lat' dir='ltr'>adoptivo</span> <span class='ocrx_word' id='word_1_632' title='bbox 2727 3622 2893 3685; x_wconf 86' lang='lat' dir='ltr'>patre</span> <span class='ocrx_word' id='word_1_633' title='bbox 2940 3616 3136 3673; x_wconf 87' lang='lat' dir='ltr'>locuta</span> <span class='ocrx_word' id='word_1_634' title='bbox 3191 3618 3422 3685; x_wconf 88' lang='lat' dir='ltr'>fuerat;</span> <span class='ocrx_word' id='word_1_635' title='bbox 3454 3620 3582 3691; x_wconf 91' lang='lat' dir='ltr'>ipse</span> 
     </span>
    </p>
   </div>
   <div class='ocr_carea' id='block_1_94' title="bbox 1923 3704 3584 3775">
    <p class='ocr_par' dir='ltr' id='par_1_94' title="bbox 1923 3704 3584 3775">
     <span class='ocr_line' id='line_1_94' title="bbox 1923 3704 3584 3775; baseline 0.003 -17"><span class='ocrx_word' id='word_1_636' title='bbox 1923 3714 2125 3760; x_wconf 83' lang='lat' dir='ltr'>autem</span> <span class='ocrx_word' id='word_1_637' title='bbox 2152 3719 2313 3769; x_wconf 86' lang='lat' dir='ltr'>eum,</span> <span class='ocrx_word' id='word_1_638' title='bbox 2341 3704 2445 3775; x_wconf 90' lang='lat' dir='ltr'>qui</span> <span class='ocrx_word' id='word_1_639' title='bbox 2493 3709 2708 3760; x_wconf 88' lang='lat' dir='ltr'>natura</span> <span class='ocrx_word' id='word_1_640' title='bbox 2750 3705 2861 3761; x_wconf 92' lang='lat' dir='ltr'>sibi</span> <span class='ocrx_word' id='word_1_641' title='bbox 2896 3707 3064 3763; x_wconf 88' lang='lat' dir='ltr'>Pater</span> <span class='ocrx_word' id='word_1_642' title='bbox 3110 3712 3253 3771; x_wconf 86' lang='lat' dir='ltr'>erat,</span> <span class='ocrx_word' id='word_1_643' title='bbox 3307 3708 3584 3765; x_wconf 87' lang='lat' dir='ltr'>manifes-</span> 
     </span>
    </p>
   </div>
   <div class='ocr_carea' id='block_1_95' title="bbox 1920 3791 2108 3848">
    <p class='ocr_par' dir='ltr' id='par_1_95' title="bbox 1920 3791 2108 3848">
     <span class='ocr_line' id='line_1_95' title="bbox 1920 3791 2108 3848; baseline -0.005 -1"><span class='ocrx_word' id='word_1_644' title='bbox 1920 3791 2108 3848; x_wconf 90' lang='lat' dir='ltr'>tabat.</span> 
     </span>
    </p>
   </div>
   <div class='ocr_carea' id='block_1_96' title="bbox 1996 3882 3581 3959">
    <p class='ocr_par' dir='ltr' id='par_1_96' title="bbox 1996 3882 3581 3959">
     <span class='ocr_line' id='line_1_96' title="bbox 1996 3882 3581 3959; baseline 0.005 -25"><span class='ocrx_word' id='word_1_645' title='bbox 1996 3882 2155 3936; x_wconf 91' lang='lat' dir='ltr'>Vers.</span> <span class='ocrx_word' id='word_1_646' title='bbox 2203 3882 2272 3937; x_wconf 84' lang='lat'>50</span> <span class='ocrx_word' id='word_1_647' title='bbox 2324 3882 2400 3936; x_wconf 88' lang='lat' dir='ltr'>Et</span> <span class='ocrx_word' id='word_1_648' title='bbox 2442 3882 2551 3952; x_wconf 81' lang='lat' dir='ltr'>ipsi</span> <span class='ocrx_word' id='word_1_649' title='bbox 2581 3912 2645 3923; x_wconf 88' lang='lat'><strong>—</strong></span> <span class='ocrx_word' id='word_1_650' title='bbox 2677 3882 2801 3938; x_wconf 87' lang='lat' dir='ltr'>illis</span> <span class='ocrx_word' id='word_1_651' title='bbox 2831 3884 3002 3947; x_wconf 88' lang='lat' dir='ltr'>Quod</span> <span class='ocrx_word' id='word_1_652' title='bbox 3048 3889 3175 3941; x_wconf 89' lang='lat' dir='ltr'>erat</span> <span class='ocrx_word' id='word_1_653' title='bbox 3223 3886 3298 3942; x_wconf 92' lang='lat' dir='ltr'>de</span> <span class='ocrx_word' id='word_1_654' title='bbox 3338 3885 3581 3959; x_wconf 91' lang='lat' dir='ltr'>templo.</span> 
     </span>
    </p>
   </div>
   <div class='ocr_carea' id='block_1_97' title="bbox 1994 3970 3584 4041">
    <p class='ocr_par' dir='ltr' id='par_1_97' title="bbox 1994 3970 3584 4041">
     <span class='ocr_line' id='line_1_97' title="bbox 1994 3970 3584 4041; baseline 0.004 -16"><span class='ocrx_word' id='word_1_655' title='bbox 1994 3971 2155 4025; x_wconf 90' lang='lat' dir='ltr'>Vers.</span> <span class='ocrx_word' id='word_1_656' title='bbox 2193 3971 2371 4025; x_wconf 74' lang='lat' dir='ltr'>5LEt</span> <span class='ocrx_word' id='word_1_657' title='bbox 2419 3970 2808 4028; x_wconf 85' lang='lat' dir='ltr'>descendit—</span> <span class='ocrx_word' id='word_1_658' title='bbox 2859 3972 3000 4028; x_wconf 79' lang='lat' dir='ltr'>illis.</span> <span class='ocrx_word' id='word_1_659' title='bbox 3049 3976 3300 4041; x_wconf 89' lang='lat' dir='ltr'>Docens,</span> <span class='ocrx_word' id='word_1_660' title='bbox 3335 3982 3398 4031; x_wconf 90' lang='lat' dir='ltr'>ut</span> <span class='ocrx_word' id='word_1_661' title='bbox 3448 3975 3584 4031; x_wconf 88' lang='lat' dir='ltr'>sub-</span> 
     </span>
    </p>
   </div>
   <div class='ocr_carea' id='block_1_98' title="bbox 1923 4060 3587 4134">
    <p class='ocr_par' dir='ltr' id='par_1_98' title="bbox 1923 4060 3587 4134">
     <span class='ocr_line' id='line_1_98' title="bbox 1923 4060 3587 4134; baseline 0.004 -19"><span class='ocrx_word' id='word_1_662' title='bbox 1923 4060 2030 4115; x_wconf 89' lang='lat' dir='ltr'>diti</span> <span class='ocrx_word' id='word_1_663' title='bbox 2047 4060 2254 4124; x_wconf 88' lang='lat' dir='ltr'>simus,</span> <span class='ocrx_word' id='word_1_664' title='bbox 2288 4075 2410 4115; x_wconf 89' lang='lat' dir='ltr'>non</span> <span class='ocrx_word' id='word_1_665' title='bbox 2444 4060 2638 4115; x_wconf 90' lang='lat' dir='ltr'>solum</span> <span class='ocrx_word' id='word_1_666' title='bbox 2671 4061 3043 4117; x_wconf 85' lang='lat' dir='ltr'>naturalibus</span> <span class='ocrx_word' id='word_1_667' title='bbox 3088 4064 3454 4134; x_wconf 88' lang='lat' dir='ltr'>parentibus,</span> <span class='ocrx_word' id='word_1_668' title='bbox 3490 4081 3587 4121; x_wconf 86' lang='lat' dir='ltr'>ve-</span> 
     </span>
    </p>
   </div>
   <div class='ocr_carea' id='block_1_99' title="bbox 1923 4148 2618 4220">
    <p class='ocr_par' dir='ltr' id='par_1_99' title="bbox 1923 4148 2618 4220">
     <span class='ocr_line' id='line_1_99' title="bbox 1923 4148 2618 4220; baseline -0.004 -15"><span class='ocrx_word' id='word_1_669' title='bbox 1923 4165 2058 4205; x_wconf 90' lang='lat' dir='ltr'>rum</span> <span class='ocrx_word' id='word_1_670' title='bbox 2090 4148 2270 4204; x_wconf 87' lang='lat' dir='ltr'>etiam</span> <span class='ocrx_word' id='word_1_671' title='bbox 2298 4148 2618 4220; x_wconf 88' lang='lat' dir='ltr'>adoptivis.</span> 
     </span>
    </p>
   </div>
   <div class='ocr_carea' id='block_1_100' title="bbox 1995 4239 3589 4314">
    <p class='ocr_par' dir='ltr' id='par_1_100' title="bbox 1995 4239 3589 4314">
     <span class='ocr_line' id='line_1_100' title="bbox 1995 4239 3589 4314; baseline 0.002 -20"><span class='ocrx_word' id='word_1_672' title='bbox 1995 4241 2154 4294; x_wconf 87' lang='lat' dir='ltr'>Vers.</span> <span class='ocrx_word' id='word_1_673' title='bbox 2190 4243 2275 4293; x_wconf 82' lang='lat' dir='ltr'>5t.</span> <span class='ocrx_word' id='word_1_674' title='bbox 2312 4239 2391 4293; x_wconf 86' lang='lat' dir='ltr'>Et</span> <span class='ocrx_word' id='word_1_675' title='bbox 2411 4244 2601 4294; x_wconf 78' lang='lat' dir='ltr'>mater</span> <span class='ocrx_word' id='word_1_676' title='bbox 2624 4270 2685 4278; x_wconf 89' lang='lat'><strong>-</strong></span> <span class='ocrx_word' id='word_1_677' title='bbox 2709 4253 2830 4294; x_wconf 88' lang='lat' dir='ltr'>suo.</span> <span class='ocrx_word' id='word_1_678' title='bbox 2861 4240 2997 4304; x_wconf 65' lang='lat' dir='ltr'>Qua</span> <span class='ocrx_word' id='word_1_679' title='bbox 3015 4240 3089 4295; x_wconf 94' lang='lat' dir='ltr'>de</span> <span class='ocrx_word' id='word_1_680' title='bbox 3116 4240 3330 4314; x_wconf 90' lang='lat' dir='ltr'>templo</span> <span class='ocrx_word' id='word_1_681' title='bbox 3360 4241 3589 4299; x_wconf 81' lang='lat' dir='ltr'>dixerat</span> 
     </span>
    </p>
   </div>
   <div class='ocr_carea' id='block_1_101' title="bbox 1926 4327 3582 4403">
    <p class='ocr_par' dir='ltr' id='par_1_101' title="bbox 1926 4327 3582 4403">
     <span class='ocr_line' id='line_1_101' title="bbox 1926 4327 3582 4403; baseline 0.001 -19"><span class='ocrx_word' id='word_1_682' title='bbox 1926 4344 1996 4385; x_wconf 91' lang='lat' dir='ltr'>ac</span> <span class='ocrx_word' id='word_1_683' title='bbox 2027 4327 2263 4394; x_wconf 89' lang='lat' dir='ltr'>similia,</span> <span class='ocrx_word' id='word_1_684' title='bbox 2298 4331 2592 4400; x_wconf 89' lang='lat' dir='ltr'>tanquam</span> <span class='ocrx_word' id='word_1_685' title='bbox 2639 4328 2819 4383; x_wconf 88' lang='lat' dir='ltr'>verba</span> <span class='ocrx_word' id='word_1_686' title='bbox 2847 4343 2969 4385; x_wconf 91' lang='lat' dir='ltr'>non</span> <span class='ocrx_word' id='word_1_687' title='bbox 3010 4329 3358 4402; x_wconf 90' lang='lat' dir='ltr'>simpliciter</span> <span class='ocrx_word' id='word_1_688' title='bbox 3392 4331 3582 4403; x_wconf 90' lang='lat' dir='ltr'>pueri,</span> 
     </span>
    </p>
   </div>
   <div class='ocr_carea' id='block_1_102' title="bbox 1927 4416 3589 4476">
    <p class='ocr_par' dir='ltr' id='par_1_102' title="bbox 1927 4416 3589 4476">
     <span class='ocr_line' id='line_1_102' title="bbox 1927 4416 3589 4476; baseline 0.002 -3"><span class='ocrx_word' id='word_1_689' title='bbox 1927 4417 2032 4473; x_wconf 91' lang='lat' dir='ltr'>sed</span> <span class='ocrx_word' id='word_1_690' title='bbox 2055 4417 2233 4473; x_wconf 90' lang='lat' dir='ltr'>etiam</span> <span class='ocrx_word' id='word_1_691' title='bbox 2264 4416 2369 4472; x_wconf 91' lang='lat' dir='ltr'>ﬁlii</span> <span class='ocrx_word' id='word_1_692' title='bbox 2403 4419 2523 4472; x_wconf 90' lang='lat' dir='ltr'>Dei.</span> <span class='ocrx_word' id='word_1_693' title='bbox 2561 4416 2972 4474; x_wconf 88' lang='lat' dir='ltr'>Conservabat</span> <span class='ocrx_word' id='word_1_694' title='bbox 3001 4425 3202 4474; x_wconf 88' lang='lat' dir='ltr'>autem</span> <span class='ocrx_word' id='word_1_695' title='bbox 3233 4420 3589 4476; x_wconf 87' lang='lat' dir='ltr'>examinans</span> 
     </span>
    </p>
   </div>
   <div class='ocr_carea' id='block_1_103' title="bbox 1928 4507 3587 4579">
    <p class='ocr_par' dir='ltr' id='par_1_103' title="bbox 1928 4507 3587 4579">
     <span class='ocr_line' id='line_1_103' title="bbox 1928 4507 3587 4579; baseline 0.002 -16"><span class='ocrx_word' id='word_1_696' title='bbox 1928 4507 2093 4579; x_wconf 90' lang='lat' dir='ltr'>apud</span> <span class='ocrx_word' id='word_1_697' title='bbox 2124 4522 2273 4573; x_wconf 90' lang='lat' dir='ltr'>sese,</span> <span class='ocrx_word' id='word_1_698' title='bbox 2304 4511 2506 4578; x_wconf 89' lang='lat' dir='ltr'>utpote</span> <span class='ocrx_word' id='word_1_699' title='bbox 2538 4522 2668 4578; x_wconf 80' lang='lat' dir='ltr'>quae</span> <span class='ocrx_word' id='word_1_700' title='bbox 2701 4523 2822 4562; x_wconf 90' lang='lat' dir='ltr'>non</span> <span class='ocrx_word' id='word_1_701' title='bbox 2854 4508 3175 4578; x_wconf 85' lang='lat' dir='ltr'>vulgariter</span> <span class='ocrx_word' id='word_1_702' title='bbox 3204 4508 3369 4567; x_wconf 91' lang='lat' dir='ltr'>dicta</span> <span class='ocrx_word' id='word_1_703' title='bbox 3398 4514 3587 4567; x_wconf 88' lang='lat' dir='ltr'>erant.</span> 
     </span>
    </p>
   </div>
   <div class='ocr_carea' id='block_1_104' title="bbox 2000 4596 3592 4672">
    <p class='ocr_par' dir='ltr' id='par_1_104' title="bbox 2000 4596 3592 4672">
     <span class='ocr_line' id='line_1_104' title="bbox 2000 4596 3592 4672; baseline 0.004 -23"><span class='ocrx_word' id='word_1_704' title='bbox 2000 4596 2162 4652; x_wconf 78' lang='lat' dir='ltr'>Vers.</span> <span class='ocrx_word' id='word_1_705' title='bbox 2225 4599 2310 4651; x_wconf 86' lang='lat'>52.</span> <span class='ocrx_word' id='word_1_706' title='bbox 2345 4597 2422 4651; x_wconf 88' lang='lat' dir='ltr'>Et</span> <span class='ocrx_word' id='word_1_707' title='bbox 2477 4597 2643 4652; x_wconf 87' lang='lat' dir='ltr'>Jesus</span> <span class='ocrx_word' id='word_1_708' title='bbox 2671 4627 2737 4638; x_wconf 91' lang='lat'><em>—</em></span> <span class='ocrx_word' id='word_1_709' title='bbox 2769 4597 3042 4654; x_wconf 85' lang='lat' dir='ltr'>homines.</span> <span class='ocrx_word' id='word_1_710' title='bbox 3075 4600 3388 4671; x_wconf 88' lang='lat' dir='ltr'>Tanquam</span> <span class='ocrx_word' id='word_1_711' title='bbox 3440 4616 3592 4672; x_wconf 88' lang='lat' dir='ltr'>puer</span> 
     </span>
    </p>
   </div>
   <div class='ocr_carea' id='block_1_105' title="bbox 1928 4685 3588 4761">
    <p class='ocr_par' dir='ltr' id='par_1_105' title="bbox 1928 4685 3588 4761">
     <span class='ocr_line' id='line_1_105' title="bbox 1928 4685 3588 4761; baseline 0.001 -20"><span class='ocrx_word' id='word_1_712' title='bbox 1928 4685 2057 4755; x_wconf 89' lang='lat' dir='ltr'>lege</span> <span class='ocrx_word' id='word_1_713' title='bbox 2077 4685 2357 4741; x_wconf 81' lang='lat' dir='ltr'>humanae</span> <span class='ocrx_word' id='word_1_714' title='bbox 2387 4690 2614 4741; x_wconf 60' lang='lat' dir='ltr'>natura</span> <span class='ocrx_word' id='word_1_715' title='bbox 2642 4686 2931 4758; x_wconf 89' lang='lat' dir='ltr'>paulatim</span> <span class='ocrx_word' id='word_1_716' title='bbox 2963 4688 3039 4743; x_wconf 91' lang='lat' dir='ltr'>ad</span> <span class='ocrx_word' id='word_1_717' title='bbox 3065 4687 3192 4744; x_wconf 72' lang='lat' dir='ltr'>haec</span> <span class='ocrx_word' id='word_1_718' title='bbox 3217 4689 3588 4761; x_wconf 88' lang='lat' dir='ltr'>proﬁciebat.</span> 
     </span>
    </p>
   </div>
   <div class='ocr_carea' id='block_1_106' title="bbox 1929 4775 3125 4848">
    <p class='ocr_par' dir='ltr' id='par_1_106' title="bbox 1929 4775 3125 4848">
     <span class='ocr_line' id='line_1_106' title="bbox 1929 4775 3125 4848; baseline 0.004 -20"><span class='ocrx_word' id='word_1_719' title='bbox 1929 4775 2081 4831; x_wconf 89' lang='lat' dir='ltr'>Nam</span> <span class='ocrx_word' id='word_1_720' title='bbox 2113 4780 2175 4830; x_wconf 91' lang='lat' dir='ltr'>ut</span> <span class='ocrx_word' id='word_1_721' title='bbox 2205 4778 2355 4831; x_wconf 93' lang='lat' dir='ltr'>Deus</span> <span class='ocrx_word' id='word_1_722' title='bbox 2385 4776 2636 4831; x_wconf 89' lang='lat' dir='ltr'>omnino</span> <span class='ocrx_word' id='word_1_723' title='bbox 2666 4775 2959 4848; x_wconf 82' lang='lat' dir='ltr'>perfectus</span> <span class='ocrx_word' id='word_1_724' title='bbox 2982 4782 3125 4834; x_wconf 91' lang='lat' dir='ltr'>erat.</span> 
     </span>
    </p>
   </div>
   <div class='ocr_carea' id='block_1_107' title="bbox 2002 4864 3589 4941">
    <p class='ocr_par' dir='ltr' id='par_1_107' title="bbox 2002 4864 3589 4941">
     <span class='ocr_line' id='line_1_107' title="bbox 2002 4864 3589 4941; baseline 0.004 -21"><span class='ocrx_word' id='word_1_725' title='bbox 2002 4865 2045 4934; x_wconf 67' lang='grc' dir='ltr'>σξ-</span> <span class='ocrx_word' id='word_1_726' title='bbox 2079 4867 2317 4935; x_wconf 88' lang='lat' dir='ltr'>Gregor.</span> <span class='ocrx_word' id='word_1_727' title='bbox 2348 4865 2628 4937; x_wconf 89' lang='lat' dir='ltr'>Theolog.</span> <span class='ocrx_word' id='word_1_728' title='bbox 2662 4864 3031 4933; x_wconf 89' lang='lat' dir='ltr'>Proﬁciebat,</span> <span class='ocrx_word' id='word_1_729' title='bbox 3063 4868 3278 4941; x_wconf 89' lang='lat' dir='ltr'>inquit,</span> <span class='ocrx_word' id='word_1_730' title='bbox 3313 4874 3373 4924; x_wconf 92' lang='lat' dir='ltr'>ut</span> <span class='ocrx_word' id='word_1_731' title='bbox 3401 4873 3589 4935; x_wconf 66' lang='lat' dir='ltr'>aetate,</span> 
     </span>
    </p>
   </div>
   <div class='ocr_carea' id='block_1_108' title="bbox 1932 4954 3593 5030">
    <p class='ocr_par' dir='ltr' id='par_1_108' title="bbox 1932 4954 3593 5030">
     <span class='ocr_line' id='line_1_108' title="bbox 1932 4954 3593 5030; baseline 0.002 -22"><span class='ocrx_word' id='word_1_732' title='bbox 1932 4954 2014 5011; x_wconf 86' lang='lat' dir='ltr'>ita</span> <span class='ocrx_word' id='word_1_733' title='bbox 2035 4960 2092 5010; x_wconf 89' lang='lat' dir='ltr'>et</span> <span class='ocrx_word' id='word_1_734' title='bbox 2134 4955 2425 5027; x_wconf 88' lang='lat' dir='ltr'>sapientia</span> <span class='ocrx_word' id='word_1_735' title='bbox 2445 4959 2502 5011; x_wconf 88' lang='lat' dir='ltr'>et</span> <span class='ocrx_word' id='word_1_736' title='bbox 2527 4956 2731 5024; x_wconf 89' lang='lat' dir='ltr'>gratia.</span> <span class='ocrx_word' id='word_1_737' title='bbox 2760 4959 2888 5012; x_wconf 87' lang='lat' dir='ltr'>Non</span> <span class='ocrx_word' id='word_1_738' title='bbox 2914 4957 3043 5012; x_wconf 72' lang='lat' dir='ltr'>haec</span> <span class='ocrx_word' id='word_1_739' title='bbox 3072 4957 3331 5029; x_wconf 88' lang='lat' dir='ltr'>accipere</span> <span class='ocrx_word' id='word_1_740' title='bbox 3362 4963 3593 5030; x_wconf 89' lang='lat' dir='ltr'>oportet</span> 
     </span>
    </p>
   </div>
   <div class='ocr_carea' id='block_1_109' title="bbox 1932 5043 3593 5118">
    <p class='ocr_par' dir='ltr' id='par_1_109' title="bbox 1932 5043 3593 5118">
     <span class='ocr_line' id='line_1_109' title="bbox 1932 5043 3593 5118; baseline 0.001 -18"><span class='ocrx_word' id='word_1_741' title='bbox 1932 5059 2040 5116; x_wconf 86' lang='lat' dir='ltr'>per</span> <span class='ocrx_word' id='word_1_742' title='bbox 2086 5048 2504 5115; x_wconf 87' lang='lat' dir='ltr'>augmentum.</span> <span class='ocrx_word' id='word_1_743' title='bbox 2556 5043 2710 5109; x_wconf 88' lang='lat' dir='ltr'>Quid</span> <span class='ocrx_word' id='word_1_744' title='bbox 2761 5045 2971 5100; x_wconf 80' lang='lat' dir='ltr'>enim?</span> <span class='ocrx_word' id='word_1_745' title='bbox 2996 5049 3148 5102; x_wconf 90' lang='lat' dir='ltr'>Num</span> <span class='ocrx_word' id='word_1_746' title='bbox 3180 5046 3283 5118; x_wconf 90' lang='lat' dir='ltr'>qui</span> <span class='ocrx_word' id='word_1_747' title='bbox 3314 5046 3393 5102; x_wconf 87' lang='lat' dir='ltr'>ab</span> <span class='ocrx_word' id='word_1_748' title='bbox 3422 5046 3593 5103; x_wconf 90' lang='lat' dir='ltr'>initio</span> 
     </span>
    </p>
   </div>
   <div class='ocr_carea' id='block_1_110' title="bbox 1933 5133 3593 5207">
    <p class='ocr_par' dir='ltr' id='par_1_110' title="bbox 1933 5133 3593 5207">
     <span class='ocr_line' id='line_1_110' title="bbox 1933 5133 3593 5207; baseline 0.001 -18"><span class='ocrx_word' id='word_1_749' title='bbox 1933 5133 2231 5205; x_wconf 85' lang='lat' dir='ltr'>perfectus</span> <span class='ocrx_word' id='word_1_750' title='bbox 2279 5138 2425 5203; x_wconf 88' lang='lat' dir='ltr'>erat,</span> <span class='ocrx_word' id='word_1_751' title='bbox 2458 5133 2773 5205; x_wconf 86' lang='lat' dir='ltr'>perfectior</span> <span class='ocrx_word' id='word_1_752' title='bbox 2819 5134 2947 5190; x_wconf 88' lang='lat' dir='ltr'>ﬁeri</span> <span class='ocrx_word' id='word_1_753' title='bbox 2973 5136 3259 5206; x_wconf 85' lang='lat' dir='ltr'>poterat?</span> <span class='ocrx_word' id='word_1_754' title='bbox 3280 5134 3399 5192; x_wconf 87' lang='lat' dir='ltr'>Sed</span> <span class='ocrx_word' id='word_1_755' title='bbox 3428 5135 3593 5207; x_wconf 92' lang='lat' dir='ltr'>quod</span> 
     </span>
    </p>
   </div>
   <div class='ocr_carea' id='block_1_111' title="bbox 1934 5222 3339 5295">
    <p class='ocr_par' dir='ltr' id='par_1_111' title="bbox 1934 5222 3339 5295">
     <span class='ocr_line' id='line_1_111' title="bbox 1934 5222 3339 5295; baseline 0.001 -17"><span class='ocrx_word' id='word_1_756' title='bbox 1934 5224 2062 5279; x_wconf 66' lang='lat' dir='ltr'>haec</span> <span class='ocrx_word' id='word_1_757' title='bbox 2102 5222 2390 5295; x_wconf 90' lang='lat' dir='ltr'>paulatim</span> <span class='ocrx_word' id='word_1_758' title='bbox 2431 5222 2758 5280; x_wconf 89' lang='lat' dir='ltr'>denudaret</span> <span class='ocrx_word' id='word_1_759' title='bbox 2787 5239 2856 5280; x_wconf 90' lang='lat' dir='ltr'>ac</span> <span class='ocrx_word' id='word_1_760' title='bbox 2881 5224 3339 5282; x_wconf 86' lang='lat' dir='ltr'>demonstraret.</span> 
     </span>
    </p>
   </div>
   <div class='ocr_carea' id='block_1_112' title="bbox 2010 5331 3591 5403">
    <p class='ocr_par' dir='ltr' id='par_1_112' title="bbox 2010 5331 3591 5403">
     <span class='ocr_line' id='line_1_112' title="bbox 2010 5331 3591 5403; baseline 0 -16"><span class='ocrx_word' id='word_1_761' title='bbox 2010 5331 2166 5388; x_wconf 86' lang='lat' dir='ltr'>CAP.</span> <span class='ocrx_word' id='word_1_762' title='bbox 2204 5332 2251 5385; x_wconf 89' lang='lat' dir='ltr'><strong>V</strong></span> <span class='ocrx_word' id='word_1_763' title='bbox 2272 5361 2360 5384; x_wconf 95' lang='lat'>.—</span> <span class='ocrx_word' id='word_1_764' title='bbox 2381 5332 2458 5387; x_wconf 92' lang='lat' dir='ltr'>De</span> <span class='ocrx_word' id='word_1_765' title='bbox 2472 5331 2667 5402; x_wconf 85' lang='lat' dir='ltr'>verbo,</span> <span class='ocrx_word' id='word_1_766' title='bbox 2689 5333 2848 5403; x_wconf 86' lang='lat' dir='ltr'>quod</span> <span class='ocrx_word' id='word_1_767' title='bbox 2859 5332 3085 5402; x_wconf 80' lang='lat' dir='ltr'>factum</span> <span class='ocrx_word' id='word_1_768' title='bbox 3111 5341 3191 5389; x_wconf 84' lang='lat' dir='ltr'>est</span> <span class='ocrx_word' id='word_1_769' title='bbox 3206 5334 3287 5389; x_wconf 87' lang='lat' dir='ltr'>ad</span> <span class='ocrx_word' id='word_1_770' title='bbox 3296 5334 3591 5390; x_wconf 86' lang='lat' dir='ltr'>Joannem.</span> 
     </span>
    </p>
   </div>
   <div class='ocr_carea' id='block_1_113' title="bbox 2011 5518 3597 5591">
    <p class='ocr_par' dir='ltr' id='par_1_113' title="bbox 2011 5518 3597 5591">
     <span class='ocr_line' id='line_1_113' title="bbox 2011 5518 3597 5591; baseline 0.002 -17"><span class='ocrx_word' id='word_1_771' title='bbox 2011 5520 2162 5574; x_wconf 79' lang='lat' dir='ltr'>CAP.</span> <span class='ocrx_word' id='word_1_772' title='bbox 2190 5520 2283 5575; x_wconf 88' lang='grc' dir='ltr'>Πῐ.</span> <span class='ocrx_word' id='word_1_773' title='bbox 2299 5518 2463 5575; x_wconf 86' lang='lat' dir='ltr'>Vers.</span> <span class='ocrx_word' id='word_1_774' title='bbox 2484 5520 2534 5574; x_wconf 79' lang='lat' dir='ltr'>l.</span> <span class='ocrx_word' id='word_1_775' title='bbox 2555 5521 2721 5575; x_wconf 83' lang='lat' dir='ltr'><strong><em>Anno</em></strong></span> <span class='ocrx_word' id='word_1_776' title='bbox 2736 5547 2807 5561; x_wconf 92' lang='lat'>-—</span> <span class='ocrx_word' id='word_1_777' title='bbox 2828 5519 3080 5576; x_wconf 58' lang='lat' dir='ltr'>Casaris</span> <span class='ocrx_word' id='word_1_778' title='bbox 3093 5520 3232 5576; x_wconf 90' lang='lat' dir='ltr'>Post</span> <span class='ocrx_word' id='word_1_779' title='bbox 3252 5520 3597 5591; x_wconf 69' lang='lat' dir='ltr'>praedictum</span> 
     </span>
    </p>
   </div>
   <div class='ocr_carea' id='block_1_114' title="bbox 1430 5605 2343 5676">
    <p class='ocr_par' dir='ltr' id='par_1_114' title="bbox 1430 5605 2343 5676">
     <span class='ocr_line' id='line_1_114' title="bbox 1430 5605 2343 5676; baseline 0.003 -4"><span class='ocrx_word' id='word_1_780' title='bbox 1430 5605 1650 5672; x_wconf 63' lang='lat' dir='ltr'>Variae</span> <span class='ocrx_word' id='word_1_781' title='bbox 1690 5608 2018 5676; x_wconf 88' lang='lat' dir='ltr'>lectiones</span> <span class='ocrx_word' id='word_1_782' title='bbox 2049 5617 2112 5673; x_wconf 91' lang='lat' dir='ltr'>et</span> <span class='ocrx_word' id='word_1_783' title='bbox 2143 5618 2343 5675; x_wconf 72' lang='lat' dir='ltr'>notae.</span> 
     </span>
    </p>
   </div>
   <div class='ocr_carea' id='block_1_115' title="bbox 293 5720 1271 5794">
    <p class='ocr_par' dir='ltr' id='par_1_115' title="bbox 293 5720 1271 5794">
     <span class='ocr_line' id='line_1_115' title="bbox 293 5720 1271 5794; baseline -0.001 -18"><span class='ocrx_word' id='word_1_784' title='bbox 293 5722 406 5794; x_wconf 89' lang='lat'>(73)</span> <span class='ocrx_word' id='word_1_785' title='bbox 445 5724 491 5776; x_wconf 82' lang='grc' dir='ltr'><strong>Α</strong></span> <span class='ocrx_word' id='word_1_786' title='bbox 521 5722 582 5779; x_wconf 89' lang='lat' dir='ltr'>in</span> <span class='ocrx_word' id='word_1_787' title='bbox 619 5720 889 5792; x_wconf 79' lang='lat' dir='ltr'>margine</span> <span class='ocrx_word' id='word_1_788' title='bbox 914 5721 956 5775; x_wconf 91' lang='grc' dir='ltr'><strong>Β</strong></span> <span class='ocrx_word' id='word_1_789' title='bbox 997 5720 1056 5776; x_wconf 92' lang='lat' dir='ltr'>in</span> <span class='ocrx_word' id='word_1_790' title='bbox 1090 5723 1271 5777; x_wconf 83' lang='lat' dir='ltr'>textu.</span> 
     </span>
    </p>
   </div>
   <div class='ocr_carea' id='block_1_116' title="bbox 2010 5724 3085 5798">
    <p class='ocr_par' dir='ltr' id='par_1_116' title="bbox 2010 5724 3085 5798">
     <span class='ocr_line' id='line_1_116' title="bbox 2010 5724 3085 5798; baseline 0.004 -21"><span class='ocrx_word' id='word_1_791' title='bbox 2010 5725 2124 5795; x_wconf 83' lang='grc'>(74)</span> <span class='ocrx_word' id='word_1_792' title='bbox 2146 5724 2387 5797; x_wconf 86' lang='lat' dir='ltr'>Gregor.</span> <span class='ocrx_word' id='word_1_793' title='bbox 2412 5726 2683 5783; x_wconf 85' lang='lat' dir='ltr'>Nazianz.</span> <span class='ocrx_word' id='word_1_794' title='bbox 2716 5740 2857 5798; x_wconf 89' lang='lat' dir='ltr'>pag.</span> <span class='ocrx_word' id='word_1_795' title='bbox 2890 5729 2957 5782; x_wconf 83' lang='lat'><strong>86</strong></span> <span class='ocrx_word' id='word_1_796' title='bbox 2983 5726 3085 5783; x_wconf 87' lang='lat' dir='ltr'>ﬁn.</span> 
     </span>
    </p>
   </div>
  </div>
