4074 6390
508 361 614 416 899

1827 345 2174 408 EUTHYMII
2213 341 2544 401 ZIGABENI

3775 345 3884 401 900

583 488 915 554 Augustum
950 482 1214 538 Tiberius
1247 483 1354 538 fuit
1379 482 1577 538 Caesar
1608 482 2022 544 Romanorum,
2049 476 2161 531 hoc

2288 476 2574 543 ὶῦιγουστον
2617 471 2903 546 ὁΤιϐέριος
2941 475 3119 542 γέγονε
3167 477 3370 543 Καῖσαρ
3430 477 3528 521 τῶν
3587 469 3881 542 Ῥωμαίων,

512 581 618 640 est,
687 575 1027 645 imperator.
1088 576 1249 628 Tunc
1306 574 1464 626 enim
1531 571 1729 627 Caesar
1785 586 1920 641 rege
1969 567 2163 637 major

513 668 638 718 erat
669 679 682 728 ;
712 667 919 734 postea
961 677 1102 716 vero
1135 660 1381 716 Caesaris
1423 659 1682 731 dignitas
1732 659 2019 727 depressa
2057 659 2158 708 est.

512 750 822 821 Signiﬁcat
854 756 1043 806 autem
1092 749 1462 818 Evangelista
1501 753 1556 803 et
1613 753 1850 818 tempus
1890 743 2160 807 Caesaris,

509 841 613 912 qui
648 847 783 895 tunc
832 839 1192 910 imperabat,
1217 845 1272 892 et
1299 837 1642 910 praesidum,
1679 852 1844 890 more
1879 833 2162 890 historiae.

509 929 571 985 ld
597 929 757 984 enim
783 927 1074 984 historicis
1104 943 1226 982 mos
1256 933 1406 982 erat.

583 1127 718 1179 Vers
750 1168 759 1179 .
803 1131 819 1178 t
863 1167 874 1179 .
919 1124 1177 1178 Prwside
1212 1155 1274 1164 ——
1307 1122 1612 1178 tetrarcha
1643 1122 1725 1174 De
1764 1119 1857 1174 his
1900 1121 2164 1175 accurate

505 1213 731 1267 dictum
775 1217 864 1267 est
909 1214 1099 1283 capite
1153 1211 1415 1267 secundo
1476 1209 1772 1277 Evangelii
1830 1207 2160 1262 secundum

507 1302 861 1366 Matthaeum,
894 1302 992 1356 ubi
1017 1302 1088 1356 de
1113 1301 1336 1371 Ioseph
1363 1299 1579 1355 dicitur
1609 1315 1619 1352 :
1656 1299 1920 1353 Audiens
1943 1303 2159 1362 autem,

507 1392 663 1462 quod
687 1391 1021 1447 Archelaus
1048 1397 1322 1460 regnaret
1360 1389 1423 1444 in
1453 1389 1659 1444 Iudaea
1683 1404 1794 1456 pro
1821 1387 2050 1442 Herode
2063 1401 2165 1455 pa-

512 1488 602 1536 tre
621 1497 746 1546 suo,
775 1481 966 1536 timuit
995 1481 1096 1536 illo
1125 1482 1213 1536 ire
1239 1481 1307 1533 ²².

581 1674 751 1728 Vers.
783 1678 840 1730 2.
865 1674 1076 1729 Sub—
1109 1673 1353 1745 Caipha.
1388 1673 1562 1745 Atqui
1594 1689 1664 1729 eo
1696 1677 1962 1745 tempore
1997 1671 2162 1727 solus

506 1764 709 1818 Annas
726 1762 992 1834 pontifex
1025 1769 1148 1818 erat
1177 1779 1189 1817 :
1223 1764 1477 1834 Caiphas
1503 1763 1660 1817 enim
1695 1762 1951 1834 pontifex
1976 1761 2164 1817 factus

507 1857 593 1908 est
641 1852 868 1907 circiter
924 1869 1176 1917 annum,
1231 1868 1346 1924 quo
1389 1852 1710 1907 cruciﬁxus
1741 1856 1832 1906 est
1873 1852 2158 1907 Salvator.

2288 1852 2365 1890 οας
2412 1831 2625 1901 ὕστερον
2670 1833 2870 1899 γέγονεν
2940 1826 3238 1901 ἀρχιερεὺς,
3297 1829 3433 1878 κατὰ

507 1942 722 1997 Verum
744 1942 1120 2012 Evangelista
1147 1939 1526 2012 conjunxitet
1550 1942 1857 2012 Caipham,
1874 1946 2162 2012 tanquam

503 2031 868 2101 adjutorem.
926 2034 1056 2086 Erat
1083 2032 1238 2086 enim
1284 2046 1462 2102 gener
1495 2031 1644 2100 ejus.
1676 2037 1732 2085 et
1778 2045 2162 2084 communem

506 2120 656 2174 inter
673 2135 800 2174 sese
819 2119 1309 2188 gubernationem
1335 2120 1460 2190 (ὴή)
1481 2119 1801 2183 habebant,
1829 2119 2002 2174 veluti
2016 2118 2164 2173 dixi-

508 2225 642 2262 mus
665 2209 1041 2277 sexagesimo
1059 2210 1267 2282 quinto
1285 2209 1454 2277 juxta
1468 2209 1803 2264 Matthteum
1820 2208 2039 2280 capite,
2063 2209 2164 2263 ubi

506 2295 580 2351 de
634 2297 806 2352 Petro
854 2298 1070 2353 dicitur
1095 2321 1104 2352 :
1131 2299 1207 2353 Et
1245 2299 1542 2368 ingressus
1591 2299 1746 2353 intro
1775 2298 2006 2353 sedebat
2036 2314 2164 2352 cum

502 2385 792 2442 ministris
822 2389 890 2441 ³³.
918 2387 1221 2457 Siquidem
1283 2388 1461 2442 etiam
1523 2387 1726 2441 Annas
1772 2386 2162 2458 postmodum

505 2474 913 2546 opitulabatur
940 2477 1178 2548 Caiphae
1210 2477 1268 2531 in
1303 2475 1646 2547 pontiﬁcatu
1687 2475 1896 2548 ipsius.

579 2728 744 2783 Vers.
777 2727 1076 2782 2Factum
1105 2732 1270 2782 est—
1290 2727 1460 2784 Vers.
1491 2731 1546 2783 3.
1577 2727 1917 2784 Iordanem.
1956 2729 2165 2793 Quaere

503 2815 674 2871 tertio
687 2816 878 2887 capite
902 2816 1204 2883 Evangelii
1228 2816 1556 2871 secundum
1575 2817 1906 2872 Matthaeum
1934 2817 2164 2872 dictum

502 2904 648 2960 illud
678 2922 690 2960 :
713 2905 784 2961 In
812 2905 1012 2962 diebus
1032 2906 1150 2961 illis
1169 2908 1325 2961 venit
1351 2907 1606 2962 Joannes
1636 2907 1921 2977 Baptista,
1943 2906 2165 2977 praedi-

505 3008 644 3049 cans
664 2994 727 3049 in
753 2993 975 3050 deserto
999 2994 1221 3049 Iudam
1251 2995 1320 3059 είς
1352 3002 1406 3049 et
1437 2995 1565 3065 lege
1604 3000 1786 3051 totam
1809 2996 1970 3051 illius
2000 2995 2164 3052 verbi

505 3083 961 3138 enarrationem.

574 3172 738 3226 Vers.
757 3176 812 3228 3.
842 3172 1628 3242 Maedicam—peccatorum.
1656 3177 1731 3230 De
1742 3174 1836 3230 his
1852 3175 2164 3231 manifeste

503 3259 728 3316 dictum
743 3262 900 3316 estin
915 3262 1202 3317 Prooemio
1216 3262 1517 3332 Evangelii
1533 3264 1862 3319 secundum
1877 3265 2138 3319 Marcum
2150 3306 2163 3330 ,

502 3347 608 3403 ubi
637 3349 854 3405 dicitur
885 3366 898 3404 :
931 3351 1072 3405 Fuit
1112 3351 1369 3407 Joannes
1411 3351 1717 3419 baptizans
1747 3353 1809 3407 in
1839 3355 2084 3418 deserto,
2116 3358 2166 3407 et

499 3438 834 3506 praedicans
887 3439 1212 3508 baptismun
1265 3441 1623 3510 paenitentiae
1662 3441 1728 3496 in
1767 3441 2163 3498 remissionem

497 3533 898 3595 peccatorum.
944 3528 1013 3583 ⁸⁸.

574 3615 741 3672 Vers.
782 3620 840 3671 4.
880 3616 1042 3672 Sicut
1069 3617 1349 3688 scriptum
1376 3625 1544 3674 est—
1575 3619 1812 3676 semitas
1843 3621 1994 3690 ejus.
2031 3621 2163 3677 Haec

503 3705 810 3777 Prophetas
854 3705 1036 3760 verba
1071 3705 1373 3762 declarata
1399 3708 1724 3764 sunttertio
1750 3709 1944 3781 capite
1976 3712 2166 3765 Evan-

503 3793 638 3862 gelii
658 3795 831 3864 juxta
844 3795 1182 3850 Matthaeum
1197 3839 1210 3852 .
1223 3794 1365 3863 Quae
1380 3813 1517 3852 vero
1531 3813 1632 3870 seq
1643 3803 1884 3863 uuntur,
1902 3799 2163 3871 prophe-

503 3881 585 3937 tia
601 3887 686 3937 est
713 3882 936 3938 docens
959 3884 1125 3954 quod
1137 3884 1400 3956 aequabit
1415 3885 1675 3942 Christus
1693 3887 2163 3961 inaequalitatem

502 3969 738 4036 mundi,
761 3972 1192 4028 tortuositatem
1213 3989 1283 4029 ac
1303 3974 1685 4045 asperitatem
1701 3976 2017 4033 hominum
2038 3993 2164 4033 cor-

2270 567 2537 614 τουτέστιν
2569 563 2923 635 αὐτοκράτωρ.
2952 567 3076 613 Τότε
3105 564 3194 632 μὲν
3225 562 3326 634 γὰρ
3367 561 3392 611 6
3429 566 3634 632 Καῖσαρ
3685 559 3881 630 μείζων

2273 648 2332 706 ἦν
2365 661 2454 702 του
2485 650 2760 724 βασιλέως·
2797 652 3011 722 ὕστερον
3048 646 3106 701 δὲ
3153 653 3210 700 τό
3241 658 3332 700 του
3377 653 3640 722 Καίσαρος
3693 647 3882 700 ὖπεϐι-

2273 740 2444 799 ϐάσθη
2514 741 2736 813 ἀξίωμα.
2797 745 3262 814 Παρασημειοῦται
3321 735 3378 790 δὲ
3417 741 3503 789 τὸν
3550 740 3731 810 καιρὸν
3784 742 3880 788 τόῡ

2272 850 2326 882 τε
2355 838 2641 887 τηνικαῦτα
2671 835 2954 904 Καίσαρος,
3011 833 3100 880 καὶ
3144 836 3244 878 τῶν
3285 829 3550 898 ἡγεμόνων
3583 828 3608 878 6
3665 826 3883 898 έύαγγε-

2272 919 2472 982 λιστὲς,
2505 925 2644 991 νόμῳ
2678 921 2936 991 ἱστορίας.
2993 917 3141 976 Ἐθος
3170 919 3268 990 γὰρ
3328 923 3482 967 τοῦτο
3512 923 3620 976 τοίς
3680 918 3883 990 ἱστορι-

2272 1016 2402 1068 κοῖς.

2343 1115 2757 1187 Ἠγεμονεύοντος
2843 1146 2911 1154 —-
2976 1120 3407 1188 τετραρχοῦντος.
3465 1114 3684 1184 Εἴρηται
3757 1113 3874 1182 περὶ

2272 1224 2468 1256 τουτων
2525 1203 2751 1278 ἀκριϐῶς
2804 1203 2852 1254 ἐν
2909 1223 2981 1255 τω
3023 1199 3248 1274 δευτέρῳ
3296 1205 3553 1273 κεφαλαίῳ
3601 1207 3692 1252 τοῦ
3741 1203 3881 1250 κατὰ

2276 1296 2558 1356 Ματθαίρν,
2595 1295 2715 1345 ἔνθα
2744 1300 2912 1345 κεῖται
2970 1299 3089 1366 περὶ
3140 1299 3233 1344 τοὺ
3273 1290 3466 1361 Ἰωσὴφ
3523 1293 3581 1341 τό
3627 1304 3639 1316 ⁸
3705 1291 3882 1341 Λκού-

2276 1403 2370 1444 σας
2404 1381 2461 1435 δὲ
2506 1385 2583 1434 ὃτι
2637 1381 2918 1456 Ἀρχέλαος
2968 1380 3236 1454 βασιλεύει
3298 1381 3414 1450 (75)
3468 1388 3560 1438 τῆς
3615 1375 3882 1438 Ἰουδαίοις

2273 1472 2387 1524 ἀντὶ
2433 1469 2670 1545 Ἡρώδου
2720 1480 2812 1523 τοῦ
2857 1475 3053 1546 πατρὸς
3105 1470 3286 1535 αὐτοῦ,
3332 1467 3558 1540 ἐφοϐήθη
3593 1468 3700 1521 ἐκεῖ
3728 1467 3883 1519 ἀπε).-

2277 1565 2398 1615 θεῖν.

2345 1654 2462 1703 Ἐπί
2541 1682 2608 1690 -
2694 1651 2920 1721 Καῑάφα.
3015 1653 3115 1700 Καὶ
3193 1651 3295 1720 μὴν
3364 1649 3500 1698 κατὰ
3552 1649 3640 1698 τόν
3697 1648 3882 1720 καιρὸν

2275 1741 2458 1793 ἐκεῖνον
2515 1745 2664 1812 μόνος
2717 1741 2741 1790 6
2799 1738 2986 1799 Ἄννας
3043 1735 3103 1795 ἧν
3151 1735 3426 1811 ἀρχιερεύς
3460 1755 3472 1767 ·
3503 1737 3528 1787 6
3560 1737 3660 1808 γὰρ
3716 1737 3884 1788 Καῑοί-

3491 1828 3579 1877 τὸν
3643 1823 3882 1877 ἐνιαυτόν

2275 1928 2369 1979 τῆς
2406 1927 2495 1970 τοῦ
2550 1926 2782 1990 Σωτῆρος
2838 1924 3203 1989 στανρὼσεως.
3261 1915 3395 1967 Ἀλλ’
3441 1917 3467 1967 ό
3499 1914 3882 1986 εὐαγγελιστὴς

2276 2007 2642 2080 συμπαρέλαϐε
2697 2012 2786 2059 καὶ
2858 2010 2944 2057 τὸν
3017 2008 3272 2077 Καϊάφαν,
3360 2007 3429 2066 ὡς
3499 2006 3883 2078 συμπράκτορα

2274 2107 2363 2149 τοῦ
2407 2097 2581 2150 Ἀννα.
2629 2096 2724 2148 Ἤν
2778 2098 2877 2169 γὰρ
2925 2095 3157 2167 γαμϐρός
3211 2094 3391 2156 αὐτοῦ,
3447 2100 3537 2146 καὶ
3567 2099 3744 2152 κοινὴν
3785 2093 3881 2145 αὖ·

2273 2196 2344 2257 τῷ
2389 2192 2482 2244 τὴν
2531 2190 2800 2237 κατοικίαν
2855 2183 3015 2256 εἶχεν,
3073 2187 3142 2245 ὡς
3203 2185 3478 2256 εἰρήκαμεν
3535 2184 3586 2234 ἐν
3638 2192 3712 2254 τῷ
3767 2182 3881 2244 ἐξηο

2273 2285 2445 2346 κοστῲ
2508 2281 2723 2347 πέμπτῳ
2783 2274 3042 2345 κεφαλαίῳ
3098 2280 3189 2325 τοῦ
3245 2275 3381 2324 κατὰ
3431 2275 3714 2337 Ματθαῖον,
3758 2274 3883 2324 ἔνθα

2273 2373 2440 2416 κεῖται
2492 2370 2608 2438 περὶ
2662 2372 2752 2414 τοῦ
2813 2368 3028 2427 Πέτρου,
3117 2363 3214 2430 ὅτι,
3303 2365 3403 2414 Καὶ
3469 2361 3707 2414 εἰσελθὼν
3776 2363 3882 2413 ἔσω

2275 2452 2497 2510 ἐκάθητο
2551 2455 2681 2524 μετὰ
2746 2461 2844 2502 τῶν
2902 2454 3189 2525 ὑπηρετῶν.
3244 2455 3343 2502 Καὶ
3390 2453 3492 2524 γὰρ
3533 2449 3646 2522 (76)
3701 2449 3883 2502 ὁ”Δν-

2273 2561 2359 2598 νας
2390 2543 2606 2617 ὕστερον
2640 2545 2956 2614 συνέπραττε
2984 2549 3056 2610 τῷ
3082 2542 3294 2612 Καὶοίφᾳ
3321 2538 3370 2591 ἐν
3408 2546 3470 2610 τῇ
3506 2537 3881 2611 ἀρχιερωσύνη

2277 2632 2456 2687 αὐτοῦ.

2349 2722 2571 2792 Ἐγίνετο
2597 2752 2660 2761 -
2693 2717 2980 2796 Ἰορδάνου.
3006 2724 3244 2777 Ζητησον
3272 2721 3320 2770 ὲν
3351 2726 3424 2788 τῷ
3445 2723 3602 2791 τρίτῳ
3619 2718 3883 2790 κεφαλαίῳ

2273 2819 2364 2863 τοῦ
2404 2814 2539 2862 κατά
2568 2812 2838 2863 Ματθαῐον
2863 2813 2921 2860 τό
2970 2829 2982 2840 ·
3020 2816 3082 2862 Εν
3112 2805 3170 2860 δὲ
3222 2816 3338 2869 ταῖς
3390 2810 3610 2882 ἠμραις
3662 2806 3884 2868 ἐκείναις

2273 2906 2618 2974 παραγὶνεται
2641 2902 2887 2959 Ἰωάννης
2923 2902 2948 2950 ό
3001 2901 3322 2961 Βαπτιστης,
3374 2899 3655 2971 κηρύσσων
3709 2896 3757 2948 ἐν
3813 2904 3878 2969 τῇ

2274 2989 2448 3066 ἆρήμῳ
2479 2998 2574 3051 τῆς
2607 2985 2871 3048 Ἰουδαίας
2895 3007 2907 3019 ·
2942 2993 3032 3040 καὶ
3061 2985 3320 3057 ἀνάγνωθι
3353 2990 3447 3044 τήν
3477 2985 3727 3057 ἐξήγησιν
3756 2985 3882 3043 ὅλην

2275 3088 2366 3132 τοῦ
2393 3083 2630 3132 τοιούτου
2655 3079 2838 3152 ῥητοῦ.

2351 3168 2650 3242 Κηρύσσων
2680 3197 2750 3208 —-
2780 3166 3074 3238 ἁμαρτιῶν,
3107 3168 3324 3239 Εἴρηται
3349 3169 3467 3239 περὶ
3487 3168 3674 3217 τούτου
3700 3174 3883 3237 σαφῶς

2275 3258 2322 3310 ἐν
2355 3267 2426 3330 τῷ
2456 3261 2714 3330 προοιμίῳ
2773 3263 2865 3308 τοῦ
2910 3257 3046 3306 κατὰ
3094 3257 3329 3326 Μάρκον,
3380 3257 3501 3307 ἔνθα
3553 3251 3722 3306 κεῖται
3775 3260 3835 3307 τό
3864 3274 3878 3287 ·

2273 3349 2502 3419 Ἐγένετο
2541 3348 2784 3406 Ἰωάννης
2837 3343 3107 3417 βαπτίζων
3147 3343 3196 3395 ἐν
3255 3351 3317 3416 τῇ
3353 3344 3551 3417 ἐρήμῳ,
3588 3347 3678 3396 καὶ
3717 3345 3884 3413 κηρύ-

2276 3457 2416 3490 σσων
2531 3435 2810 3508 βάπτισμα
2889 3437 3166 3506 μετανοίας
3255 3434 3330 3496 εἰς
3435 3434 3618 3505 ἄφεσιν
3711 3432 3883 3505 ἁμαρ-

2272 3534 2416 3581 τιῶν.

2342 3632 2428 3686 Ὡς
2457 3629 2746 3698 γέγραπται
2801 3653 2869 3664 -
2930 3621 3140 3696 τρίϐους
3215 3623 3396 3674 αὐτοῦ.
3448 3627 3628 3674 Ταῦτα
3671 3620 3738 3673 τὰ
3786 3624 3882 3693 μὲν

2277 3711 2741 3786 ὃιηρμηνεύθησαν
2793 3710 2841 3763 ἐν
2894 3719 2967 3782 τῷ
3015 3718 3173 3784 τρίτῳ
3236 3711 3495 3784 κεφαλαίῳ
3573 3718 3664 3762 τοῦ
3743 3713 3886 3762 κατὰ

2276 3805 2536 3856 Ματθαῐον
2589 3820 2600 3833 '
2629 3803 2696 3854 τὰ
2741 3797 2800 3854 δὲ
2849 3801 3025 3873 ἐφεξῆς
3083 3806 3370 3875 προφητεία
3412 3800 3527 3853 ἐστὶ
3585 3796 3886 3852 διδάσκου-

2275 3913 2344 3946 σα
2395 3895 2475 3945 ὃτι
2523 3891 2762 3955 ἐξισώσει
2812 3895 2905 3948 τὴν
2963 3890 3258 3963 ἀνωμαλίαν
3313 3898 3402 3943 τοῦ
3455 3894 3656 3962 κόσμου
3697 3890 3885 3963 iach-

2275 3985 2416 4050 στὸς,
2465 3983 2560 4042 τὰς
2591 3979 2932 4040 σκολιότητας
2983 3984 3071 4033 καὶ
3118 3968 3461 4053 τραχύτητας
3519 3987 3619 4031 τῶν
3685 3976 3888 4052 ἀνθρώ-

501 4060 722 4129 rigens,
750 4076 821 4117 ac
845 4060 1051 4116 delens
1070 4062 1158 4133 (ii)
1183 4067 1382 4119 aratro
1408 4064 1882 4135 evangelicorum
1906 4082 2161 4140 praecep-

2288 4092 2380 4124 των
2429 4071 2649 4124 εὐθύνων
2707 4073 2798 4122 καὶ
2839 4068 3049 4122 λεαίνων
3105 4077 3177 4140 τῷ
3234 4068 3434 4143 ἀρότρῳ
3496 4076 3595 4120 τῶν
3659 4067 3883 4137 εὐαγγε-

499 4152 720 4204 torum.
762 4149 857 4206 Ait
885 4149 1073 4208 enim.

566 4348 609 4416 σι·
634 4348 934 4403 Desertum
959 4351 1066 4415 est,
1095 4347 1190 4404 hic
1213 4349 1478 4404 mundus
1507 4355 1611 4405 aut
1629 4351 1901 4408 humana
1923 4356 2156 4421 natura,

501 4433 624 4489 sive
681 4437 968 4508 cujusque
1033 4438 1259 4504 anima,
1312 4443 1556 4511 propter
1628 4440 2157 4500 infructuositatem

496 4524 818 4591 bonorum,
872 4541 1009 4598 qua
1051 4529 1293 4584 aveteri
1349 4533 1813 4600 transgressione
1863 4535 2156 4605 provenit.

497 4615 618 4668 Vox
673 4619 874 4669 autem
913 4616 1232 4671 clamantis
1281 4617 1518 4688 dicitur,
1559 4621 1755 4676 morbi
1804 4638 2014 4679 sensus
2065 4624 2156 4696 (jj)

2271 4159 2427 4212 λικῶν
2474 4158 2706 4212 ἐντολῶν.
2762 4157 2980 4231 [”Ακουε
3039 4158 3152 4230 (77)
3210 4160 3311 4230 γάρ
3375 4165 3387 4186 ‘
3423 4163 3580 4210 Πᾶσα
3651 4157 3881 4228 φάραγξ,

2270 4269 2320 4304 κ.
2354 4269 2407 4305 τ.
2437 4249 2514 4317 λ.]

2341 4356 2364 4430 [
2390 4362 2494 4410 Τοῦ
2520 4355 2673 4426 ἁγίου
2705 4355 2948 4426 Μαξίμου
2979 4371 2993 4386 ο
3026 4353 3256 4426 Ἔρημός
3287 4353 3426 4406 ἐστιν
3475 4355 3590 4424 (78)
3622 4354 3648 4404 6
3678 4357 3884 4425 κόσμος

2271 4445 2444 4514 οὗτος,
2474 4447 2502 4504 ᾖ
2539 4448 2569 4502 ἡ
2605 4445 2898 4517 ἀνθρωπίνη
2925 4447 3095 4516 φύσις,
3128 4445 3158 4501 ἡ
3186 4447 3214 4502 ἡ
3244 4443 3464 4496 ἑκάστου
3485 4439 3767 4515 ψυχὴ,διὰ
3784 4449 3883 4502 τὴν

2271 4535 2325 4587 ἐκ
2352 4543 2444 4595 τῆς
2497 4535 2730 4607 ἀρχαίας
2782 4532 3129 4608 παραϐάσεως
3159 4531 3420 4605 ἀκαρπίαν
3468 4541 3568 4583 τῶν
3618 4530 3832 4602 ἀγαθῶν
3864 4551 3878 4564 ·

2272 4629 2412 4682 Φωνὴ
2440 4621 2501 4676 6":
2541 4622 2768 4696 βοῶντος
2793 4623 2912 4694 (79)
2954 4622 3154 4693 λέγεται
3181 4624 3212 4680 ἡ
3259 4624 3396 4674 κατὰ
3448 4617 3754 4678 συνείδησιν
3791 4619 3884 4673 ἐπὶ

569 4766 617 4800 ²²
639 4765 839 4821 Matth.
872 4782 928 4831 ιι,
964 4767 1058 4823 22.
1139 4770 1185 4803 ³³
1210 4769 1411 4825 Matth.
1442 4747 1604 4835 xxv1,
1642 4773 1728 4828 58.
1809 4775 1858 4810 ²⁴
1897 4775 2100 4834 Matth.
2133 4792 2161 4833 11

2288 4819 2305 4836 .
2381 4778 2590 4832 “Marc
2623 4793 2658 4840 ι,
2692 4779 2749 4831 4.

1747 4898 2316 4969 νετὶωιθοιὶοηθε
2340 4910 2620 4968 etnotae.

567 5034 681 5105 (75)
712 5033 830 5087 Ἐπί
857 5033 1032 5091 abest
1068 5035 1248 5092 etiam
1292 5037 1354 5092 in
1417 5038 1505 5093 his
1562 5039 1870 5097 codicibus
1914 5043 1976 5098 in
2015 5057 2154 5100 con-

493 5108 655 5162 textu
702 5105 974 5162 Matthaai.

566 5177 681 5319 £76;
722 5182 821 5230 Καὶ
858 5180 959 5254 «γὰρ
991 5184 1080 5232 καὶ
1110 5180 1161 5236 ὁ.
1199 5186 1261 5235 Α.

589 5253 655 5303 77
710 5250 946 5306 Inclusa
1007 5251 1261 5307 omittit.

589 5250 681 5308 77)
710 5250 946 5306 Inclusa
1007 5251 1220 5307 omittit
1257 5252 1324 5308 B.

567 5423 697 5496 (hh)
739 5425 1257 5482 Gubernationem.
1288 5428 1414 5484 Imo
1445 5429 1711 5487 domum.
1744 5437 1997 5485 Κατοικία
2018 5449 2155 5490 nus-

494 5511 680 5576 quam
713 5502 810 5576 est
827 5498 1202 5576 gubernatio,
1235 5507 1350 5576 _s_ed
1375 5497 1684 5576 -ὃιοίκησις,
1723 5504 1886 5576 Patet
1929 5506 1988 5559 id
2020 5522 2156 5563 vero

496 5569 674 5645 etiam
698 5583 768 5645 ex
797 5569 913 5645 l.‘l.
955 5573 1101 5624 Nam
1125 5572 1204 5645 ad_
1233 5571 1439 5645 Matth.
1487 5589 1643 5639 xxvr,
1678 5579 1767 5639 58,
1812 5575 1892 5631 ita
1933 5577 2152 5645 habet;

570 5643 667 5715 ξςαὶ
691 5640 796 5715 χὰρ
826 5637 1124 5715 ἀμφοςερων
1154 5639 1222 5701 εἷς
1251 5639 1387 5715 οἶκος
1425 5649 1514 5696 καὶ
1538 5637 1637 5715 μία
1665 5637 1793 5702 ατ)λή
1811 5689 1823 5701 .

566 5708 652 5779 (ii)
679 5708 916 5765 Delens.‘
953 5708 1199 5768 Plenam
1241 5713 1482 5783 faciens,
1523 5708 1799 5789 tiaquans.
1849 5721 1968 5776 Hoc
1993 5721 2154 5777 enim

2346 5045 2460 5116 (78)
2493 5050 2533 5116 Α
2573 5043 2634 5098 in
2666 5041 2930 5114 margine
2965 5044 3006 5098 Β
3053 5041 3115 5097 in
3160 5045 3359 5116 textu.
3427 5044 3656 5100 Nomen
3687 5041 3882 5098 sancti

2270 5113 2518 5173 Maximi
2550 5130 2672 5171 non
2707 5113 2889 5171 habet
2927 5113 3271 5170 Hentenius.

2340 5186 2460 5258 (79,)
2489 5190 2688 5258 Λόγᾱυ,
2717 5201 2818 5258 pro
2839 5185 3068 5257 ὶέγεται.
3106 5185 3164 5240 Β.
3200 5185 3323 5240 Hoc
3351 5183 3574 5251 malim,
3609 5183 3715 5240 etsi
3735 5182 3881 5239 illud

2265 5257 2477 5328 legerit
2504 5257 2852 5314 Hentenius.

2266 5439 2356 5492 est
2395 5436 2457 5491 h.
2498 5437 2538 5499 1,
2569 5435 2803 5488 λεαίνειν.

2336 5509 2436 5578 (jj)
2462 5509 2653 5564 Morbi
2690 5521 2911 5571 sensus,
2973 5509 3087 5578 etc.
3143 5507 3365 5563 Sensus
3397 5506 3775 5563 conscientiae
3802 5522 3881 5563 ex

2261 5577 2364 5644 iis,
2382 5577 2531 5652 quae
2561 5578 2811 5652 quilibet
2851 5577 3138 5652 peccavit,
3174 5579 3347 5650 quasi
3379 5578 3651 5635 clamans
3683 5583 3741 5633 et
3785 5594 3882 5634 ar-

2264 5648 2456 5722 guens
2493 5648 2728 5707 occulta
2757 5648 2972 5715 cordis,
3018 5654 3128 5706 etc.
