4074 6406
163 363 242 424 901
1249 361 1615 420 COMMENT.
1657 359 1734 417 IN

1909 359 2031 418 AM.
2071 393 2139 404 —
2179 359 2339 419 CAP.
2375 361 2470 418 III.
3407 354 3515 417 903'

159 499 250 552 τοῖς
285 490 479 560 ἑκάστῳ
523 487 942 561 πλημμεληθεῐσι
993 491 1363 557 συναίσθησις,
1395 491 1548 541 οἱονεὶ
1593 487 1733 561 βοῶ-
1765 536 1768 543 .

1903 487 2015 542 1asi
2063 503 2169 558 per
2211 487 2634 542 conscientiam
2690 485 2960 542 clamans
3003 491 3214 543 contra
3261 502 3332 542 ea
3381 503 3512 558 quas

163 600 218 632 σα
246 582 323 632 τὸν
359 578 574 649 ἔλεγχον
605 577 742 628 κατά
771 581 828 630 τὸ
858 581 1085 651 κρυπτὸν
1125 587 1215 638 τῆς
1245 575 1485 652 καρδίας,
1520 583 1608 630 καὶ
1636 599 1731 629 πα-

1902 577 2100 646 uisque
2119 575 2364 647 deliquit
2389 575 2696 645 arguendo
2720 575 2918 630 cordis
2944 576 3193 640 occulta,
3221 580 3277 630 et
3298 575 3511 630 adhor-

159 676 383 743 ραινοῦσα
433 674 696 739 μετανοεῖν
745 671 834 718 καὶ
883 666 1160 739 ἑτοιμάσαι
1211 671 1304 725 τὴν
1336 664 1457 719 ὁδὸν
1519 672 1727 739 Κυρίου*

1902 666 2030 719 ,ndo
2052 665 2126 718 ad
2143 665 2630 735 resipiscendum,
2648 666 2890 720 etetiam
2910 665 2984 719 ad
3000 665 3339 736 parandum
3354 665 3511 720 viam

162 760 411 830 ἑτοιμασία
463 752 521 808 δὲ
556 759 586 813 ἡ
637 764 736 807 τῶν
768 761 970 828 τρόπων
1020 757 1133 825 (80)
1176 761 1265 808 καὶ
1317 765 1412 808 τῶν
1470 757 1734 826 λογισμῶν

1899 754 2102 808 omini.
2143 753 2501 825 Praeparatio
2530 760 2729 808 autem
2761 759 2847 809 est
2871 770 3104 808 morum
3129 759 3186 808 et
3207 754 3508 823 cogitatio-

160 848 227 900 ἐπὶ
262 851 315 899 τὸ
364 853 595 919 κρεῖττον
643 844 922 917 μεταϐολὴ·
967 846 1090 906 ὁδὸς
1158 843 1216 898 δὲ
1278 851 1490 919 Κυρίου,
1539 848 1562 896 ὁ
1603 849 1739 896 κατὰ

1901 859 1997 896 um
2029 843 2105 896 ad
2138 842 2352 897 melius
2387 844 2654 898 mutatio.
2698 843 2797 897 Via
2822 859 2964 898 vero
2993 842 3225 898 Domini
3251 851 3337 898 est
3366 842 3510 910 vita,

161 941 263 989 Θεὸν
317 933 548 1010 ἐνάρετος
615 931 752 1006 βίος·
813 933 983 1008 τρίϐοι
1045 931 1105 986 δὲ
1155 935 1313 987 αὐτοῦ
1380 937 1444 986 τὰ
1509 932 1737 1008 διάφορα

1904 947 1984 986 uas
2011 932 2209 986 virtuti
2233 932 2560 986 secundum
2589 934 2771 986 Deum
2799 933 3084 987 innititur.
3111 932 3345 987 Semita:
3366 947 3513 1003 quo-

158 1028 272 1077 κατὰ
324 1027 449 1076 Θεὸν
513 1019 930 1094 ἐπιτηδεύματα,
990 1023 1052 1083 ἇς
1100 1024 1401 1076 εὐθύνουσιν
1461 1024 1510 1075 οἰ
1571 1023 1736 1098 ὀρθῶς

1904 1035 1986 1087 ue,
2018 1019 2183 1074 varia
2210 1028 2347 1074 sunt
2369 1021 2562 1075 studia
2584 1020 2911 1074 secundum
2949 1023 3153 1092 Deum.
3179 1020 3292 1074 Has
3320 1026 3513 1075 rectas

159 1119 232 1165 καὶ
260 1113 526 1186 ἀμέμπτως
552 1116 646 1170 τὴν
670 1111 854 1186 ἀρετὴν
886 1109 1297 1174 ἐπιτηδεύοντες.
1329 1113 1402 1165 Οὐ
1424 1112 1579 1164 καλὸν
1609 1115 1735 1186 γὰρ,

1903 1108 2096 1174 οἱιωῐ,
2119 1109 2222 1181 qui
2244 1114 2399 1164 recte
2430 1115 2604 1180 atque
2635 1110 3220 1180 irreprehensibiliter
3238 1111 3512 1165 virtutem

157 1208 285 1276 φησι,
316 1206 372 1254 τὸ
403 1201 579 1266 καλὸν,
622 1204 742 1254 ὅταν
768 1206 839 1274 μὴ
863 1201 1032 1263 καλῶς
1059 1201 1328 1275 γίνηται]

1903 1204 2174 1252 actantur.
2197 1197 2426 1253 Bonum
2445 1197 2627 1261 enim,
2649 1198 2860 1270 inquit,
2882 1214 3002 1254 non
3021 1205 3111 1254 est
3130 1198 3376 1262 bonum,
3397 1198 3512 1253 nisi

1849 1292 2005 1341 recte
2025 1292 2082 1341 et
2107 1286 2262 1342 bene
2284 1287 2406 1341 ﬁat.

215 1405 356 1452 Πᾶσα
430 1429 500 1440 —-
582 1399 1044 1456 ταπεινωθήσεται.
1137 1398 1263 1471 [Τοῦ
1345 1399 1523 1450 αὐτου·
1631 1403 1736 1450 Φα-

1921 1402 2088 1457 Vers.
2120 1407 2171 1456 5.
2195 1402 2393 1458 Omnis
2413 1435 2475 1444 —
2499 1403 2876 1472 deprimetur.
2895 1405 2937 1472 -ι-
2957 1403 3134 1458 Vallis
3153 1408 3210 1458 et
3227 1403 3514 1476 cujusque

156 1489 268 1562 ραγξ
312 1487 425 1560 (81)
479 1485 620 1539 ἐστὶν
673 1489 702 1544 ἡ
761 1485 982 1539 ἑκάστου
1040 1487 1191 1562 σὰρξ,
1239 1489 1268 1545 ἡ
1317 1495 1389 1558 τῷ
1434 1487 1606 1557 πολλῷ
1647 1491 1735 1538 καὶ

1903 1506 2010 1555 lt‘O,
2043 1507 2182 1562 quae
2213 1491 2401 1546 multo
2438 1507 2508 1546 ac
2539 1491 2876 1547 vehementi
2907 1491 3076 1546 ﬂuxu
3107 1492 3512 1557 aﬁ‘ectionum,

1776 1627 1819 1681 B
1849 1581 1909 1635 in
1943 1579 2190 1634 modum
2221 1581 2497 1636 torrentis
2529 1579 2654 1652 (hic)
2681 1581 2962 1644 demissa,
2995 1581 3358 1652 spiritualem
3392 1581 3517 1636 ani-

156 1671 234 1726 τὴν
284 1670 412 1741 πρὸς
467 1671 560 1724 τὴν
619 1665 818 1738 ψυχὴν,
881 1668 1015 1718 κατὰ
1079 1670 1164 1718 τὸν
1221 1674 1312 1718 τοῦ
1373 1663 1737 1728 συνδήσαντος

1909 1685 1966 1724 a3
1997 1670 2441 1724 continuttatem
2481 1685 2551 1724 ac
2596 1670 3081 1740 conjunctionem
3119 1671 3196 1725 ad
3231 1670 3330 1725 Dei
3361 1671 3518 1726 colli-

158 1765 272 1810 Θεοῦ
328 1755 440 1828 (82)
504 1760 677 1827 νόμον,
733 1761 1084 1828 πνευματικὴν
1144 1760 1416 1827 συνέχειαν
1475 1756 1584 1827 (83)
1648 1765 1732 1807 καὶ

1907 1758 2044 1813 tntis
2077 1757 2264 1828 legem
2297 1757 2523 1813 dividit.
2555 1758 2755 1813 Potest
2800 1764 2999 1814 autem
3031 1766 3087 1814 et
3117 1761 3322 1814 anima
3350 1759 3516 1815 vallis

158 1849 415 1918 σννάφειαν
460 1841 838 1917 ὃιατμηθεῐσα.
877 1849 1098 1897 Δυνατόν
1158 1842 1216 1897 δε
1270 1851 1358 1897 καὶ
1406 1849 1498 1903 τὴν
1550 1844 1735 1915 ψυχὴν

1907 1846 2114 1915 .telligi.
2163 1863 2300 1918 qua:
2333 1846 2619 1920 frequenti
2651 1863 2721 1902 ac
2769 1847 2950 1902 veloci
3003 1848 3300 1903 malarum
3355 1849 3516 1916 cogi-

155 1939 378 1993 νοηθῆναι
438 1936 710 2010 φάραγγα,
761 1938 854 1992 τὴν
914 1943 973 2006 τῇ
1036 1943 1209 2007 συχνῇ
1281 1940 1369 1986 καὶ
1450 1933 1590 2005 ὀξείᾳ
1636 1943 1734 1984 τῶν

1907 1935 2146 1991 .tionum
2193 1935 2437 1991 deﬂuxu
2486 1943 2755 2002 cavatur,
2785 1941 2840 1992 et
2885 1936 3211 2006 spiritualis
3255 1937 3516 2008 planitict

154 2033 364 2097 πονηρῶν
430 2023 696 2095 λογισμῶν
760 2021 971 2098 ἐπιῤῥοῇ
1044 2023 1422 2093 κοιλανθείσαν,
1482 2028 1571 2074 καὶ
1649 2032 1738 2083 τῆς

1906 2024 2354 2080 ulchritudinem
2380 2041 2485 2097 per
2510 2026 2862 2097 pravitatem
2891 2027 3110 2096 abjicit.
3143 2027 3348 2081 Omnis
3375 2042 3515 2096 ergo

153 2121 484 2186 πνευματικῆς
536 2111 853 2184 ὀμαλότητος
907 2116 966 2164 τὸ
1024 2111 1204 2172 καλλος
1268 2109 1360 2164 διὰ
1416 2120 1510 2174 τῆς
1556 2117 1739 2179 κ-ακίας

1907 2115 2200 2185 Jjusmodi
2245 2115 2414 2170 vallis
2466 2131 2573 2187 per
2617 2131 2720 2170 eos
2779 2116 3145 2187 implebitur,
3194 2116 3300 2188 qui
3355 2115 3516 2172 viam

153 2201 518 2254 ἀποϐαλοῦσαν.
577 2208 733 2254 Πᾶσα
802 2205 971 2252 τοίνυν
1060 2203 1274 2258 τοιαύτη
1345 2201 1550 2274 φάραγξ
1640 2209 1738 2252 τῶν

1910 2203 2086 2258 omini
2120 2211 2344 2273 parant,
2387 2205 2502 2260 hoc
2531 2211 2620 2260 est
2645 2204 2723 2259 ad
2747 2204 3022 2260 debitum
3069 2209 3287 2260 statum
3314 2220 3519 2276 perve-

153 2291 518 2364 ἐτοιμασάντων
565 2295 657 2349 τὴν
707 2287 829 2342 ὁδὸν
883 2294 1075 2363 Κυρίου
1124 2290 1542 2364 πληρωθήσεναι,
1582 2309 1736 2342 τουτ-

1915 2296 2037 2358 ent,
2068 2307 2172 2364 per
2203 2294 2510 2364 pravitatis
2535 2300 2592 2349 et
2638 2294 2988 2363 ignorantiae
3017 2295 3433 2364 abjectionem,
3465 2298 3519 2351 et

152 2384 270 2431 ἐστιν
333 2381 404 2442 εἰς
472 2384 564 2439 τήν
635 2378 964 2451 ὀφειλομένην
1038 2379 1149 2440 ἣξει
1233 2383 1578 2445 κατάστασιν,
1646 2375 1740 2430 δια

1913 2381 2080 2436 rtutis
2106 2397 2177 2437 ac
2231 2382 2486 2438 scientiae
2515 2383 2934 2454 adjectionem,
2969 2383 3377 2455 recipientque
3414 2382 3518 2438 de-

153 2477 228 2529 τής
271 2467 533 2529 ἀποϐολῆς
581 2477 678 2529 τῆς
714 2472 902 2528 κακίας
959 2473 1048 2520 καὶ
1089 2476 1178 2529 τῆς
1237 2466 1465 2538 ἀγνοίας,
1499 2473 1589 2520 καὶ
1647 2477 1738 2529 τῆς

1515 2473 1589 2520 ιαὶ
1647 2477 1738 2529 τῆς
1850 2474 2082 2525 cantem
2116 2473 2480 2528 naturalium
2519 2473 2802 2529 virtutum
2822 2477 3124 2528 ornatum.

152 2556 370 2620 ἐπιϐολῆς
477 2565 574 2618 τῆς
653 2555 841 2632 ἀρετῆς
925 2562 1015 2610 καὶ
1108 2565 1198 2617 τῆς
1280 2563 1538 2628 γνώσεως,
1611 2562 1701 2609 καὶ
1790 2556 2122 2629 ἀπολήψεται
2193 2565 2285 2619 τὴν
2360 2562 2663 2636 εὐπρέπειαν
2733 2570 2834 2614 τῶν
2912 2564 3047 2614 κατὰ
3139 2564 3292 2634 φύσιν
3365 2559 3521 2615 δυνά-

156 1575 344 1652 σφοδρῷ
398 1578 621 1652 ῥεύματι
695 1585 796 1628 τῶν
857 1579 1033 1630 παθῶν
1096 1574 1587 1651 ἐκχαραδρωθεῖσα,
1648 1581 1736 1628 καὶ

151 2667 264 2717 μεων
272 2689 283 2701 .

209 2735 359 2810 Ὀρος
386 2741 487 2810 μέν
514 2734 624 2788 ἐστι
645 2742 794 2788 πᾶσα
821 2744 1012 2807 γνῶσις
1036 2731 1399 2808 ψευδώνυμος,
1431 2734 1740 2810 ἐπαιρομένη

1923 2757 1967 2826 -Ξ-
1998 2759 2161 2812 Mons
2187 2762 2273 2811 est
2320 2757 2568 2813 scientia
2615 2758 2813 2814 omnis
2857 2758 2990 2814 falsi
3049 2758 3332 2824 nominis,
3368 2758 3523 2814 elata

149 2829 265 2878 κατὰ
289 2835 379 2889 τῆς
411 2826 647 2886 ἀληθοῦς
674 2831 914 2897 γνώσεως
946 2833 1036 2878 τοῦ
1075 2833 1226 2878 Θεοῦ·
1260 2824 1448 2897 βουνὸς
1494 2822 1552 2878 δὲ
1599 2833 1746 2878 πᾶσα

1913 2850 2058 2900 intra
2089 2862 2290 2901 veram
2331 2847 2422 2901 Dei
2457 2847 2785 2903 scientiam.
2822 2847 2997 2903 Collis
3030 2864 3171 2904 vero
3205 2853 3295 2904 est
3325 2849 3522 2904 omnis

149 2920 286 2968 κακία
309 2916 794 2987 κατεξανισταμένη
819 2923 914 2975 τῆς
955 2914 1160 2988 ἀρετῆς.

1343 3003 1350 3005 _
1442 3001 1456 3005 _
1781 2914 1817 2926 ν
1853 2934 2158 3005 iniquitas,
2183 2940 2389 2989 contra
2407 2936 2680 2991 virtutem
2703 2941 2912 2992 erecta.

205 3003 264 3058 Ἠ
318 3009 442 3078 ripa;
501 3007 592 3077 μὲν
657 3006 722 3056 τὰ
796 3003 1100 3076 ἐνεργητικα
1173 3011 1268 3066 τῆς
1322 3001 1556 3076 ψευδοῦς
1617 3010 1745 3076 γνώ-

1925 3001 2103 3093 -ξ-Λυῐ
2129 3039 2302 3078 mons
2331 3023 2628 3093 significat
2654 3025 2910 3096 spiritus,
2941 3025 3040 3097 qui
3064 3025 3275 3081 falsam
3303 3025 3523 3096 produ-

148 3111 257 3155 σεως
327 3096 624 3165 πνεύματα·
677 3090 866 3165 βουνὸς
924 3089 1003 3157 δὲ,
1064 3095 1129 3144 τὰ
1179 3095 1432 3152 ποιητικὰ
1496 3101 1591 3154 τῆς
1655 3113 1746 3145 κα-

1916 3117 1997 3166 mt
2048 3112 2359 3168 scientiam
2416 3129 2426 3165 :
2473 3113 2638 3168 collis
2690 3129 2831 3169 vero
2885 3129 3008 3180 eos,
3053 3116 3150 3184 qui
3200 3119 3525 3186 operantur

145 3187 266 3251 κίας,
323 3183 357 3235 οἱ
409 3185 596 3236 πάντα
665 3183 1114 3240 ταπεινωθήσεται
1170 3181 1596 3254 καταϐαλλόμενα
1656 3185 1746 3232 καὶ

1904 3200 2170 3267 Ialitiam,
2234 3202 2338 3274 qui
2395 3218 2606 3258 omnes
2662 3202 3093 3274 deprimentur,
3141 3203 3513 3274 dejicientur.

147 3277 611 3345 κατασκαπτόμενα
653 3277 744 3324 καὶ
784 3270 1211 3346 ἀπορριπτόμενα
1243 3267 1337 3323 διά
1376 3291 1430 3323 τε
1472 3281 1568 3334 τῆς
1610 3270 1743 3323 ἀντι-

1909 3290 2164 3346 lruentur
2199 3296 2255 3345 et
2285 3292 2627 3346 auferantur
2655 3309 2762 3364 per
2790 3292 3151 3348 contrariam
3189 3292 3518 3357 scientiam,

150 3362 278 3413 θετου
306 3368 554 3434 γνώσεως
594 3365 684 3413 καὶ
712 3368 804 3420 τῆς
835 3362 1191 3432 ἀντικειμένης
1222 3359 1421 3432 ἀρετῆς.

1020 3364 1191 3452 ιμένης
1222 3359 1421 3432 ἀρετῆς·
1854 3385 1911 3435 et
1939 3379 2279 3452 oppositam
2332 3381 2629 3435 virtutem.

211 3454 300 3502 Καὶ
347 3450 646 3524 καθ’ἐτερον
720 3445 779 3501 δὲ
828 3448 1001 3520 λόγον,
1053 3451 1078 3500 ὁ
1144 3454 1448 3522 μεταγαγὼν
1506 3454 1599 3508 τὴν
1643 3450 1747 3512 ἕξιν

1926 3445 2155 3540 {Il-tem
2209 3469 2325 3524 alio
2375 3485 2617 3542 quoque
2661 3470 2865 3539 modo,
2894 3471 3210 3543 quifalsee
3266 3471 3521 3527 scientiae

146 3544 230 3598 τῆς
264 3536 496 3610 ψευδοῦς
540 3543 777 3610 ’γνώσεως
824 3537 892 3600 εἰς
940 3542 1034 3597 τὴν
1081 3534 1172 3598 τῆς
1215 3537 1462 3602 ἀληθοῦς,
1512 3544 1602 3590 καὶ
1653 3544 1746 3597 τὴν

1912 3557 2129 3614 abitum
2173 3558 2236 3614 in
2277 3575 2483 3614 veram
2527 3559 2854 3630 scientiam,
2904 3565 2959 3616 et
2991 3559 3298 3633 pravitatis
3324 3559 3521 3616 eﬂica-

147 3625 382 3700 ἐνέργειαν
445 3637 545 3688 τῆς
590 3632 780 3688 κακίας
823 3627 890 3688 εἰς
936 3632 1029 3684 τὴν
1072 3635 1164 3690 τῆς
1217 3629 1420 3702 αρετῆς³
1460 3628 1605 3688 οὗτος
1657 3625 1750 3684 διὰ

1916 3664 2013 3703 am
2041 3646 2101 3703 in
2132 3653 2334 3707 actum
2380 3648 2602 3705 virtutis
2633 3649 3055 3717 immutaverit,
3082 3651 3182 3707 hic
3224 3667 3324 3723 per
3355 3665 3525 3707 mon-

149 3723 232 3776 τῆς
265 3720 626 3793 καθαιρέσεως
663 3725 762 3768 τῶν
785 3719 941 3789 ὁρέων
967 3721 1056 3769 καὶ
1097 3725 1196 3769 τῶν
1227 3715 1430 3790 βουνών
1462 3717 1753 3794 ἀναπληροῖ

1916 3753 2005 3792 1m
2025 3742 2079 3792 et
2097 3737 2338 3792 collium
2359 3737 2836 3806 subversionem,
2856 3740 3102 3796 vallium
3123 3739 3525 3798 concavitates

150 3805 229 3864 τὰς
253 3815 351 3857 τῶν
373 3809 661 3883 φαράγγων
700 3806 1021 3868 κοιλότητας.

582 3828 661 3858 κων
700 3806 1021 3868 κοιλότητας.
1856 3825 2191 3898 repleverit.

208 3905 390 3970 Σκολια
445 3905 568 3977 (84)
633 3907 745 3976 μὲν,
795 3908 862 3958 τὰ
920 3907 1064 3976 παρὰ
1129 3907 1282 3975 φύσιν
1343 3911 1605 3977 κινήματα
1653 3914 1749 3957 τῶν

1928 3925 1970 3994 -ι-
1995 3923 2274 3996 Obliqua,
2301 3930 2432 3979 sunt
2473 3941 2759 3982 sensuum
2809 3926 3122 3992 motiones,
3151 3944 3288 4000 qua:
3313 3934 3527 4000 praeter

150 3991 451 4051 αἰσθήσεων·
517 3994 710 4046 εὐθεῖαι
770 3991 850 4063 δὲ,
905 3997 971 4047 τὰ
1017 3997 1152 4046 κατὰ
1196 3997 1372 4063 φύσιν.
1420 4001 1520 4048 Καὶ
1572 3995 1744 4048 πάλιν·

1915 4020 2136 4069 ituram
2181 4014 2334 4082 ﬁunt
2366 4030 2378 4068 :
2414 4014 2637 4071 directa
2667 4031 2806 4070 vero
2848 4017 3179 4072 secundum
3222 4025 3524 4080 naturam.

147 4092 382 4153 τραχεῖαι
422 4088 522 4156 μὲν
585 4086 640 4135 αἱ
695 4093 795 4135 τῶν
855 4082 1114 4135 ἀκουσίων
1170 4093 1470 4157 πειρασμῶν
1524 4085 1750 4157 προσϐο·

1918 4119 2114 4156 ursum
2141 4118 2368 4174 asperae
2399 4104 2502 4157 viae
2528 4108 2663 4158 sunt
2691 4105 3087 4160 tentationum
3120 4105 3378 4175 impetus
3395 4123 3527 4180 qua:

149 4169 237 4221 λαί·
267 4169 382 4225 ὁδοὶ
439 4170 529 4237 δὲ,
579 4171 714 4226 λεῖαι
743 4175 798 4226 αἱ
844 4169 939 4225 διὰ
980 4176 1170 4225 τούτων
1209 4175 1320 4245 μεθ’
1368 4175 1632 4245 ὑπομονῆς
1663 4181 1752 4227 καὶ

1920 4191 2038 4247 )bis
2086 4192 2284 4247 invitis
2311 4192 2610 4261 accidunt,
2661 4180 3098 4264 planaa‘autem
3144 4199 3283 4250 sunt
3317 4169 3529 4251 attrac-

149 4263 485 4334 εύχαριστίας
537 4262 651 4333 (85)
696 4261 921 4334 ἀγωγαί.
974 4261 1244 4334 Ὀμαλίζει
1299 4265 1400 4335 γὰρ
1459 4268 1548 4316 καὶ
1604 4283 1755 4336 μετα-

1917 4297 2075 4350 ones.
2105 4297 2240 4354 quas
2271 4298 2376 4352 per
2405 4282 2514 4338 has
2544 4261 2696 4337 ﬁunt
2724 4283 2783 4338 in
2811 4283 3097 4354 patientia
3117 4290 3172 4338 et
3201 4283 3526 4354 gratiarum

150 4347 309 4403 ϐάλλει
370 4356 432 4404 τὸ
485 4355 670 4425 τραχὺ
732 4357 822 4404 καὶ
880 4350 1118 4404 ἐπίπονον
1173 4351 1342 4404 αὐτῶν
1384 4353 1494 4423 (86)
1555 4356 1582 4411 ὴ
1643 4355 1755 4426 μεθ’

1920 4347 2146 4426 ῑῑὶοῐιθ.-
2173 4347 2464 4442 Explanat
2513 4371 2674 4425 enim
2731 4375 2786 4428 et
2811 4347 3035 4428 -mutat
3064 4347 3529 4442 laboriositatem

146 4439 403 4513 ὑπομονῆς
459 4440 809 4513 εὐχαριστία.
856 4441 1044 4494 Σκολιὰ
1086 4438 1167 4511 δὲ,
1216 4446 1529 4516 σαφέστερον
1575 4443 1755 4508 εἰπεῖν,

1920 4463 2099 4516 larum
2119 4462 2443 4531 gratiarum
2469 4460 2617 4516 actio
2641 4477 2780 4516 cum
2799 4462 3090 4533 patientia
3112 4462 3369 4534 Obliqua
3387 4479 3529 4518 vero

151 4531 193 4580 οἱ
241 4528 311 4583 δι’
361 4528 571 4592 ἡδονῆς
628 4531 857 4583 ἑκούσιοι
915 4535 1218 4605 πειρασμοί·
1276 4530 1601 4605 πολύτροπος
1654 4533 1756 4604 γὰρ

1919 4549 2242 4605 lanifestius
2285 4549 2402 4605 dici
2433 4557 2701 4621 possunt,
2757 4550 3114 4607 tentationes
3159 4552 3528 4624 voluntariae,

151 4619 176 4675 ἡ
227 4617 417 4680 ἡδονήο
474 4623 652 4692 ὥσπερ
697 4625 788 4672 καὶ
842 4628 1089 4696 τραχεῖαι
1145 4623 1193 4673 οὶ
1235 4617 1308 4672 δι’
1358 4617 1548 4681 ὀδύνης
1596 4621 1758 4672 ἁκού-

1927 4657 2004 4695 1ae
2049 4655 2154 4710 per
2192 4638 2560 4710 voluptatem
2616 4639 2939 4708 accidunt;
2974 4646 3060 4696 est
3087 4642 3248 4698 enim
3289 4641 3454 4698 varia
3479 4648 3536 4698 et

153 4709 296 4781 σι⁰⁸·]
1870 4727 2168 4785 mutabilis
2219 4727 2508 4800 voluptas.
2566 4731 2798 4800 Aspera;
2835 4738 3032 4786 autem
3082 4732 3190 4786 vias
3234 4732 3533 4798 dicuntur,

1869 4835 2004 4892 quas
2027 4835 2132 4892 per
2173 4818 2441 4873 dolorem
2471 4817 2669 4873 invitis
2705 4817 2877 4875 n'obis
2909 4819 3207 4876 accidunt.

217 4909 317 4958 Καὶ
349 4906 376 4957 ὀ
420 4904 542 4977 (87)
576 4905 781 4981 φάραγξ
809 4910 898 4958 καὶ
937 4909 995 4958 τὸ
1028 4909 1146 4979 ὅρος
1179 4909 1270 4958 καὶ
1299 4907 1324 4958 ὁ
1389 4903 1579 4978 βουνὸς
1631 4905 1758 4958 ἀνώ-

1941 4907 2126 4965 Vallis
2170 4909 2228 4963 et
2269 4923 2443 4962 mons
2488 4924 2558 4963 ac
2582 4908 2766 4974 collis,
2818 4909 2950 4966 loca
2980 4910 3450 4983 suntinrequalia
3481 4916 3536 4968 et

1365 5022 1586 5092 Varia
1625 5024 1955 5097 lectiones
1996 5035 2061 5093 et
2110 5033 2316 5098 notae.

357 5145 585 5215 Τροπων
614 5157 670 5191 τε
693 5143 802 5215 καί.
833 5145 901 5215 WB.
1067 5214 1071 5215 γ
1181 5211 1222 5215 __
1410 5211 1419 5215 _
1630 5211 1641 5215 Α
1699 5213 1706 5215 _
1875 5144 2194 5215 συμπάθεια.

215 5210 332 5299 (81)
355 5210 489 5299 A'_in
521 5213 793 5281 margine
818 5214 860 5268 B
881 5211 945 5272 in
961 5214 1142 5268 textu.
1179 5211 1497 5268 Hentenius
1522 5211 1758 5283 omittit,
1921 5210 2060 5299 _'(85-)
2076 5211 2473 5299 Atti-actiones
2492 5213 2768 5299 ﬂentenii
2785 5213 3168 5299 alienissima;
3188 5217 3345 5270 sunt.
3373 5215 3534 5287 Ἀγω·

151 5287 234 5331 τοῦ
263 5285 452 5338 αὑτοῦ.
587 5352 601 5359 _

1871 5291 1941 5359 ’νὴ
1958 5285 2050 5359 est
2072 5285 2315 5341 vivendi
2341 5285 2694 5343 consuetudo
2717 5293 2769 5342 et
2809 5288 2965 5342 ratio

216 5352 328 5429 (82)
361 5358 507 5408 Θεοῦ
549 5352 736 5429 abest.
767 5357 834 5409 A.

1879 5352 1892 5359 ’
1947 5356 2062 5429 (86)
2093 5363 2204 5408 Τῶν
2234 5364 2563 5429 πειρασμῶν,

241 5427 330 5504 ξζὶ)
361 5433 432 5504 '_I_‘s
472 5428 710 5504 xati._B._
818 5495 833 5504 _
899 5495 916 5504 _
977 5497 994 5504 _
1067 5501 1075 5504 _
1125 5501 1165 5504 __
1257 5503 1262 5504 γ
1352 5497 1363 5504 _
1617 5501 1625 5504 _
1913 5427 2060 5504 (8‘7)
2116 5431 2180 5483 lu
2228 5427 2390 5504 textu
2431 5427 2738 5504 i2.Dicitur
2784 5429 2987 5485 autem
3040 5432 3288 5504 utroque
3329 5430 3534 5488 modo.

242 5495 331 5567 84)
361 5499 506 5552 Haec
536 5495 788 5554 inferius
817 5495 1083 5555 habebat
1125 5497 1462 5561 Hentenius,
1496 5501 1633 5570 post
1677 5504 1768 5551 καὶ
1877 5495 2070 5556 Malim
2117 5505 2320 5555 tamen
2362 5501 2418 5565 ἡ,
2459 5503 2523 5553 ut
2553 5516 2713 5555 mox.

225 5675 324 5750 kk)
350 5675 425 5732 In
451 5675 693 5750 modum
734 5675 1026 5750 torrentis,
1056 5681 1166 5734 etc.
1201 5676 1379 5750 Quasi
1411 5679 1694 5750 excavata
1715 5679 1772 5750 et
1876 5675 2023 5750 tnali
2045 5676 2279 5744 mentis,
2308 5692 2440 5748 quas
2465 5682 2558 5733 est
2583 5678 2912 5734 secundum
2938 5678 3132 5750 legem
3159 5680 3260 5736 Dei
3273 5681 3538 5738 vincien-

161 5743 424 5805 abscissa
455 5749 559 5804 est.
579 5762 617 5804 θ.
651 5747 1074 5819 conjunctione
1098 5751 1157 5805 et
1193 5743 1574 5821 copulatione
1604 5747 1772 5820 spiri-
1882 5748 1976 5805 tis.
