4074 6392
500 335 606 390 903
1812 313 2153 374 EUTHYMII

2205 310 2558 369 ZAGABENI
3776 316 3885 372 904

503 475 750 517 accessu
775 456 1057 513 difﬁcilia.
1096 453 1519 524 Signiﬁcantur
1566 452 1765 505 autem
1797 460 1899 517 per
1942 439 2162 497 vallem

2288 438 2411 490 Luiu
2468 444 2557 492 xui
2604 437 2960 515 δυσπρόσιτα.
3016 439 3307 493 Αἰνίττιται
3340 437 3397 494 δὲ
3430 437 3521 493 διὰ
3549 449 3637 502 τῆς
3680 443 3885 513 φάραγ-

501 548 793 622 priefracti
820 554 875 602 et
903 547 979 603 ad
1012 544 1365 617 pravitatem
1397 539 1763 596 allicientes:
1800 535 1969 590 vallis
2000 534 2160 589 enim

503 644 805 710 prterupta
830 640 937 693 est.
972 637 1076 690 Per
1109 638 1374 689 montem
1405 636 1463 687 et
1492 629 1703 686 collem
1739 625 1895 691 elati,
1927 622 2063 679 duri
2093 640 2161 679 ac

504 728 849 783 infructuosi
894 726 971 780 ad
1024 726 1319 779 virtutem.
1374 719 1655 790 lmpletur
1719 724 1917 772 autem
1964 714 2162 770 omnis

507 817 695 880 vallis,
743 817 958 885 injecto
986 830 1076 881 eo,
1108 812 1271 884 quod
1302 812 1519 876 deerat,
1556 807 1819 862 videlicet
1848 806 2063 877 pietate
2095 820 2162 860 ac

499 907 709 963 virtute
732 922 745 960 :
765 904 1115 976 deprimitur
1136 917 1275 956 vero
1296 900 1494 955 omnis
1514 913 1681 953 mons
1703 902 1759 952 et
1778 895 1943 951 collis
1962 893 2162 950 ablato

506 995 810 1067 superﬂuo
838 999 977 1065 puta
1010 991 1309 1063 impietate
1358 1005 1428 1044 ac
1458 988 1768 1059 pravitate.

578 1298 750 1363 Quod
775 1305 971 1353 autem
1019 1295 1235 1351 dicitur
1284 1293 1498 1357 Omnis,
1546 1292 1671 1346 etsi
1704 1288 2035 1345 universale
2067 1287 2157 1353 sit,

508 1390 721 1460 saepius
779 1393 981 1442 tamen
1058 1384 1220 1456 apud
1293 1382 1561 1439 Hebraeos
1627 1397 1748 1436 non
1816 1380 2159 1435 universum

508 1477 823 1545 signiﬁcat,
860 1476 959 1530 sed
996 1473 1338 1545 simpliciter
1389 1470 1848 1526 multitudinem.
1882 1470 2077 1524 Potest
2106 1471 2163 1522 et

507 1566 623 1622 alio
649 1580 892 1637 quoque
923 1564 1105 1619 modo
1138 1562 1302 1617 vallis
1328 1561 1569 1632 quidem
1600 1560 1731 1615 illos
1760 1560 2026 1622 innuere,
2057 1556 2162 1628 qui

508 1655 568 1711 in
616 1654 979 1726 profundum
1029 1652 1375 1723 perditionis
1431 1650 1642 1717 dejecti
1696 1656 1851 1713 sunt,
1902 1650 1998 1719 qui
2054 1647 2163 1703 im-

506 1744 765 1815 plebitur
795 1758 899 1814 per
937 1740 1342 1809 evangelicam
1376 1739 1881 1810 praedicationem.
1914 1740 2078 1793 Mons
2105 1742 2163 1792 et

507 1832 691 1897 collis,
733 1830 919 1886 elatos
968 1829 1294 1894 daemones,
1344 1828 1441 1898 qui
1473 1827 1881 1899 deprimentur
1920 1832 1976 1882 et
2000 1841 2160 1881 ever-

508 1926 702 1978 tentur
731 1937 767 1976 a
793 1920 1040 1975 Christo.

576 2011 739 2065 Vers.
766 2014 813 2064 5.
848 2011 909 2063 Et
955 2008 1197 2077 obliqua
1225 2008 1369 2075 ﬁent
1399 2037 1466 2047 —
1491 2005 1697 2077 plana.
1739 2005 1996 2076 Obliqua
2025 2008 2167 2059 sunt

507 2100 611 2155 viae
643 2114 940 2169 perversa:
984 2096 1321 2159 hominum,
1360 2100 1415 2150 et
1445 2112 1671 2165 asperae
1699 2095 1827 2158 viae,
1853 2094 2167 2165 opiniones

508 2188 778 2259 ipsorum
812 2203 826 2251 ;
872 2186 1001 2241 htec
1033 2186 1172 2239 ﬁent
1203 2189 1361 2240 recta
1403 2190 1459 2239 et
1488 2184 1691 2255 plana,
1731 2182 1811 2238 ita
1851 2189 1913 2238 ut
1962 2198 2066 2254 per
2094 2198 2167 2238 ea

507 2276 878 2348 aequabiliter
909 2280 1161 2346 pergant
1190 2275 1265 2329 ad
1300 2272 1615 2328 Christum.
1648 2274 1759 2328 Aut
1800 2273 1981 2327 etiam
2018 2271 2168 2327 obli-

506 2367 706 2439 quitas
756 2371 813 2421 et
860 2364 1149 2436 asperitas
1192 2362 1517 2435 pravitatis,
1564 2362 1623 2416 in
1658 2361 2071 2417 rectitudinem
2112 2365 2168 2416 et

506 2455 812 2529 planitiem
836 2454 1069 2509 virtutis
1094 2453 1523 2508 immutabitur.

582 2544 678 2600 Vel
702 2543 817 2599 alio
839 2558 1080 2615 quoque
1097 2541 1302 2610 modo,
1331 2539 1654 2612 obliquitas
1679 2544 1735 2595 et
1765 2540 2056 2612 asperitas
2078 2556 2169 2593 ve.

510 2633 644 2689 teris
673 2633 838 2701 legis,
871 2633 929 2685 in
962 2630 1379 2689 rectiludinem
1414 2646 1483 2684 ac
1527 2629 1948 2701 perfectionem
1982 2630 2170 2684 Evan-

509 2721 645 2791 gelii
675 2726 1064 2776 convertetur.
1115 2719 1332 2773 Veteris
1366 2718 1611 2791 quidem
1654 2718 1799 2789 legis
1821 2717 2165 2791 obliquitas,

509 2816 635 2867 erat
664 2810 996 2866 obscuritas
1029 2825 1099 2864 ac
1126 2809 1378 2864 varietas
1411 2826 1425 2875 ;
1475 2807 1768 2879 asperitas
1803 2823 1957 2875 vero,
1980 2813 2167 2863 auste-

508 2901 648 2955 ritas
684 2906 740 2955 et
787 2897 1375 2970 incompassibilitas.
1423 2900 1644 2953 Rursus
1678 2898 1975 2966 Evangelii
2003 2897 2169 2951 recti-

507 2988 656 3045 tudo
705 2994 792 3043 est
842 2987 1076 3043 claritas
1121 3004 1191 3043 ac
1241 2987 1591 3059 simplicitas
1638 2987 1895 3041 :lenitas
1941 2992 2165 3050 autem,

508 3077 909 3133 mansuetudo
958 3082 1012 3131 et
1065 3076 1597 3148 compassibilitas.

579 3166 739 3221 Vers.
773 3168 823 3221 6.
852 3166 925 3219 Et
954 3165 1176 3221 videbit
1198 3196 1262 3205 —
1294 3165 1421 3221 Dei.
1458 3164 1723 3221 Salutare
1748 3164 1952 3220 lumen
1982 3163 2166 3219 Evan-

507 3255 661 3326 gelii,
682 3253 774 3309 vel
790 3254 1112 3310 salutarem
1144 3255 1636 3319 incarnationem,
1663 3270 1799 3326 qua;
1822 3254 2004 3309 ambo
2022 3269 2166 3325 prae-

505 3343 739 3414 paravit
761 3342 913 3398 Deus
938 3348 1074 3398 ante
1095 3342 1307 3399 faciem
1334 3343 1606 3398 omnium
1636 3344 2021 3415 populorum.

576 3569 742 3625 Vers.
782 3574 841 3623 7.
894 3566 1291 3623 Dicebat—ira
1320 3566 1348 3621 ‘t
1379 3569 1511 3622 Haec
1558 3566 1736 3621 etiam
1769 3566 1995 3637 scripsit
2023 3567 2167 3622 Mat-

506 3658 698 3713 theeus
728 3656 919 3728 capite
952 3655 1120 3711 tertio
1139 3656 1231 3711 sui
1260 3655 1583 3725 Evangelii,
1613 3662 1669 3712 et
1691 3657 1746 3712 in
1764 3671 1835 3711 eo
1865 3657 2167 3712 declarata

509 3751 664 3802 sunt.

580 3836 745 3891 Vers.
781 3838 832 3889 8.
864 3834 1140 3891 Facite—
1168 3835 1454 3891 Abrahae.
1491 3833 1769 3891 Similiter
1798 3841 1853 3891 et
1876 3834 2023 3891 haec.

577 3926 717 3980 Vers
742 3924 929 3980 9.Jam
967 3932 1155 3979 autem
1180 3954 1244 3963 —
1261 3924 1539 3979 mittitur.
1571 3922 1699 3979 Pari
1735 3924 1913 3980 modo
1936 3925 2166 3980 ethaac:

505 4030 709 4087 quaere
740 4029 883 4083 ergo
915 4012 997 4067 ibi
1024 4013 1291 4069 omnium
1318 4013 1773 4069 enarrationem.

508 4159 667 4215 CAP.
701 4159 799 4215 Vl.
838 4159 920 4215 De
948 4158 1035 4214 his
1055 4158 1158 4229 qui
1202 4160 1483 4215 Joannem
1516 4158 1980 4229 interrogabant.

576 4304 743 4359 Vers.
787 4302 879 4357 10.
910 4301 988 4356 Et
1010 4302 1441 4372 interrogabant
1464 4333 1531 4342 —
1545 4302 1838 4369 faciemus
1862 4302 1890 4357 ?
1910 4302 2063 4357 Jussi
2090 4304 2168 4359 fa-

505 4407 636 4448 cere
661 4390 884 4447 fructus
928 4390 1281 4463 poenitentia
1320 4391 1534 4460 dignos
1565 4389 1951 4462 interrogant.

574 4482 745 4537 Vers.
785 4485 873 4537 11.
906 4482 1277 4549 Respondens
1308 4513 1370 4521 —-
1404 4481 1665 4537 habenti.
1692 4481 1907 4538 Tradat
1936 4481 2164 4537 nullam

504 4570 753 4625 omnino
772 4569 1013 4624 habenti
1039 4587 1052 4624 :
1076 4575 1178 4624 aut
1200 4570 1444 4625 habenti
1464 4570 1728 4640 quidem,
1751 4571 1853 4626 sed
1873 4572 2162 4627 inutilem.

580 4658 737 4712 Vers.
776 4663 829 4713 lt
851 4700 863 4713 .
904 4658 979 4713 Et
1007 4658 1110 4729 qui
1134 4688 1191 4698 --
1217 4658 1427 4725 faciat.
1453 4662 1557 4714 Per
1585 4660 1956 4716 traditionem
1988 4662 2165 4716 vestis

507 4763 577 4803 ac
620 4746 738 4803 cibi
796 4747 1157 4803 inducuntur
1208 4748 1268 4802 hi
1300 4748 1378 4802 ad
1412 4747 1742 4820 pauperum
1799 4749 2162 4815 subsidium,

505 4837 1108 4892 communicationem
1140 4842 1196 4891 et
1224 4842 1501 4892 mutuum
1534 4853 1822 4893 amorem.
1849 4839 1998 4894 Nihil
2026 4856 2165 4909 ergo

504 4942 683 4991 nunc,
732 4926 899 4997 quod
925 4928 1166 4996 gravius
1196 4931 1363 4991 esset,
1421 4925 1533 4981 illis
1584 4927 1867 4998 praecepit
1900 4945 1914 4993 ;
1949 4929 2163 4993 sciens,

504 5016 669 5089 quod
698 5031 820 5071 non
854 5015 1039 5071 multo
1084 5020 1219 5087 post
1246 5014 1509 5071 Christus
1558 5016 1912 5086 evangelica
1945 5017 2167 5074 stabili-

503 5109 671 5162 turus
698 5108 850 5159 esset
879 5109 1197 5176 praecepta.

578 5195 743 5252 Vers.
773 5196 860 5249 12.
890 5194 1270 5251 Venerunt—
1292 5196 1451 5250 Vers.
1487 5198 1571 5252 13.
1595 5195 1831 5266 exigite.
1855 5195 2169 5253 Habebant

504 5285 664 5341 enim
722 5283 1106 5339 constitutum
1145 5283 1220 5338 de
1254 5284 1685 5356 exactionibus,
1726 5284 1799 5340 de
1836 5288 2167 5357 quantitate

506 5380 564 5428 et
590 5374 874 5444 qualitate
924 5377 1298 5429 exactorum.

506 5454 512 5461 ’
579 5460 743 5516 Vers.
779 5462 861 5517 14.
887 5462 1340 5533 Interrogabant
1371 5495 1439 5503 -—
1461 5464 1912 5520 catumniemim‘.
1944 5466 2165 5519 Concu-

509 5548 735 5605 tiebant
751 5549 911 5604 enim
931 5554 988 5604 et
1004 5550 1531 5608 calumniabantur
1553 5552 1789 5619 multos,
1807 5555 1976 5625 quasi
1995 5570 2030 5608 a
2048 5552 2163 5608 Cae-

508 5653 639 5693 sare
670 5638 1029 5705 deﬁcientes,
1071 5645 1174 5696 aut
1218 5641 1589 5699 insidiatores
1644 5657 1757 5710 ;eo
1787 5642 1951 5715 quod
1982 5643 2163 5700 vitam

508 5725 753 5796 turpiter
781 5732 1194 5797 quaestuosam
1214 5730 1520 5789 ducerent.

2271 548 2364 597 γος
2405 532 2494 600 μὲν
2553 533 2673 591 τοὺς
2727 529 3023 602 ἀποτόμους
3065 534 3154 582 καὶ
3213 530 3548 592 ἐλκυστικούς
3593 530 3665 592 εἰς
3689 535 3882 582 κακίαν

2272 614 2533 689 ἀπότομος
2580 621 2679 690 γὰρ
2729 623 2817 670 καὶ
2872 617 3205 693 ἀπόκρημνος
3254 621 3282 677 ἡ
3345 620 3550 693 φάγαρξ
3582 639 3594 651 ·
3645 616 3737 671 διὰ
3786 626 3882 671 τοῦ

2273 710 2424 778 ᾅοους
2474 704 2532 759 δὲ
2580 714 2667 758 καὶ
2709 706 2902 779 βουνοῦ
2941 712 3062 769 τούς
3119 708 3440 781 ἐπηρμένους
3489 714 3578 760 καὶ
3624 708 3883 783 σκληρούς

2271 798 2361 845 xui
2404 792 2669 866 ἀκάρπους
2732 795 2798 855 εἱς
2854 794 3058 869 ἀρετήν.
3117 801 3214 847 Καὶ
3263 796 3553 869 πληροῦται
3602 800 3691 869 μὲν
3731 803 3883 847 πᾶσα

2272 882 2477 955 φάραγξ
2555 882 2951 955 ἐπιϐαλλομένου
3025 892 3114 936 τοῦ
3191 884 3467 953 λείποντος,
3556 889 3716 957 ἤγουν
3782 893 3880 947 τῆς

2272 971 2528 1033 εύσεϐείας
2581 980 2669 1025 xui
2726 972 2925 1047 ἀρετῆς
2980 979 3311 1026 ταπεινοῦταί
3362 970 3421 1027 δε
3478 980 3575 1027 πᾶν
3624 979 3735 1046 ὅρος
3788 980 3882 1026 xui

2273 1059 2477 1133 βουνὸς,
2514 1060 2922 1134 ἀποτεμνομένου
2954 1071 3045 1114 τοῦ
3078 1066 3483 1136 περιττεύοντος,
3518 1072 3613 1125 τῆς
3639 1062 3882 1125 άσεϐείας

2269 1157 2359 1202 xui
2388 1156 2591 1211 κακίας.

2340 1244 2409 1293 Τὸ
2443 1237 2501 1292 δὲ
2546 1246 2664 1306 πᾶς,
2708 1240 2750 1292 εἰ
2802 1246 2891 1294 καὶ
2934 1241 3208 1294 καθολικόν
3240 1240 3396 1307 ἐστιν,
3447 1240 3552 1295 ἀλλ’
3607 1242 3695 1294 οὖν
3750 1244 3878 1316 παρ’

2269 1329 2521 1403 Ἑϐραίοις
2584 1329 2830 1390 πολλάκις
2887 1331 2945 1382 ού
3014 1337 3257 1403 σημαίνει
3314 1336 3372 1384 τό
3445 1332 3687 1399 καθόλου,
3750 1331 3883 1385 ἀλλά

2270 1419 2465 1479 πλῆθος
2514 1418 2707 1480 ἁπλῶς.
2765 1419 2857 1477 Εἲη
2907 1417 2955 1472 δ’
2985 1422 3046 1472 ἄν
3090 1428 3179 1472 και
3220 1421 3398 1493 ἑτέρως
3444 1423 3648 1497 φάραγξ
3694 1425 3784 1493 μὲν
3830 1424 3883 1474 οἱ

2271 1508 2677 1583 καταρῥαγέντες
2726 1509 2799 1569 εἰς
2824 1508 2991 1581 βάθος
3039 1508 3291 1572 ἀπωλείας
3352 1513 3639 1585 ἄνθρωποι,
3699 1515 3882 1573 οἵτινες

2273 1596 2648 1668 ἐπληρώθησαν
2670 1606 2760 1650 τοῦ
2793 1599 3125 1669 εύαγγελικοῦ
3157 1603 3507 1674 κηρύγματος·
3544 1600 3660 1675 ὄρος
3692 1597 3751 1653 δέ
3789 1607 3882 1654 καὶ

2274 1689 2476 1757 βουνὸς,
2511 1690 2559 1739 οἱ
2609 1687 2885 1761 ἐπηρμένοι
2927 1684 3185 1760 δαίμονες,
3229 1688 3407 1751 οἳτινες
3458 1688 3879 1750 ἐταπεινώθησαν

2197 1789 2237 1843 Β
2270 1782 2360 1829 καὶ
2393 1782 2673 1830 κατέπεσον
2713 1779 2812 1829 ύπό
2844 1786 2935 1829 τοῦ
2975 1786 3230 1852 Χριστοῦ.

2349 2026 2449 2074 Καὶ
2488 2024 2637 2074 ἔσται
2686 2025 2749 2075 τὰ
2818 2023 3004 2076 σκολιὰ
3060 2056 3126 2064 -
3174 2024 3332 2085 λείας.
3392 2027 3469 2077 Τὰ
3528 2025 3710 2077 σκολιὰ
3772 2028 3877 2085 ἤθη

2275 2120 2373 2163 τῶν
2424 2109 2847 2185 διεστραμμένων
2887 2112 3187 2187 ἀνθρώπων,
3221 2120 3310 2167 καὶ
3354 2117 3409 2166 αἱ
3438 2122 3701 2187 τραχεῖαι,
3744 2126 3883 2187 γνῶ-

2276 2220 2371 2272 μαι
2428 2200 2594 2252 αύτῶν
2660 2202 3064 2261 εύθυνθὴσονται
3143 2208 3233 2255 καὶ
3291 2203 3679 2269 λέανθὴσονται,
3743 2207 3883 2258 ὥστε

2277 2284 2473 2340 ὁδεύειν
2505 2289 2581 2341 ἐπ’
2616 2290 2782 2342 αὐτῶν
2831 2291 3035 2362 ὁμαλῶς
3063 2296 3148 2344 τόν
3180 2298 3429 2367 Χριστόν.
3483 2292 3547 2346 Ἤ
3576 2298 3660 2345 xui
3691 2296 3721 2352 ἠ
3760 2313 3883 2346 σκο-

2275 2377 2451 2439 λιότης
2491 2383 2580 2430 καὶ
2634 2383 2906 2452 τραχύτης
2970 2389 3063 2443 τῆς
3128 2388 3315 2444 κακίας
3364 2383 3433 2445 εἰς
3492 2382 3749 2441 εύθυτητα
3791 2390 3883 2437 καὶ

2275 2467 2514 2525 λειότητα
2544 2467 2729 2543 ἀρετῆς
2755 2476 2986 2541 μεταστή
2998 2490 3161 2523 σεται.

2348 2554 2415 2608 Ἦ
2465 2562 2555 2609 xui
2599 2558 2797 2633 ἑτέρως,
2848 2562 2877 2618 ἡ
2933 2560 3203 2621 σκολιότης
3250 2565 3340 2613 xui
3390 2562 3419 2619 ἡ
3481 2565 3756 2636 τραχύτης
3788 2570 3880 2615 τοῦ

2276 2645 2501 2697 παλαιοῦ
2582 2652 2741 2720 νόμου
2828 2648 2900 2711 εἰς
2972 2649 3229 2708 εὐθύτητα
3308 2654 3397 2702 καὶ
3474 2650 3714 2709 λειότητα
3787 2660 3881 2704 τοῦ

2278 2733 2593 2806 Εῦαγγελίου
2652 2736 3126 2807 μεταϐληθὴσεται.
3180 2746 3283 2792 Τοῦ
3334 2736 3393 2791 δὲ
3444 2739 3666 2793 παλαιοῦ
3718 2746 3880 2813 νόμου

2281 2823 2557 2886 σκολιότης
2582 2829 2692 2898 μεν,
2726 2828 2755 2884 ἠ
2782 2826 2987 2900 ἀσάφεα
3016 2834 3105 2880 xui
3172 2828 3425 2881 ποικιλία·
3478 2832 3749 2902 τραχύτης
3797 2828 3879 2897 δὲ,

2276 2917 2332 2965 τὸ
2365 2914 2629 2987 αύστηρόν
2654 2920 2741 2968 καὶ
2772 2916 3096 2989 ἀσυμπαθίς’
3124 2923 3214 2969 καὶ
3242 2925 3335 2970 τοῦ
3378 2918 3697 2990 Εύαγγελίου
3720 2919 3881 2973 πάλιν

2279 3003 2493 3065 εὐθύτης
2523 3008 2632 3076 μεν,
2663 3006 2693 3063 ἡ
2726 3011 2981 3078 σαφήνεια
3024 3011 3112 3060 καὶ
3165 3008 3420 3071 ἁπλότης·
3469 3007 3665 3070 λειότης
3716 3006 3795 3074 δὲ,
3847 3011 3878 3067 ἡ

2278 3098 2479 3165 πραότη
2491 3115 2512 3157 ς
2543 3100 2631 3147 καὶ
2672 3098 2997 3168 συμπάθεια.

2352 3189 2452 3236 Καὶ
2537 3184 2721 3255 ἅψεται
2804 3217 2873 3225 -
2946 3194 3099 3241 Θεοῦ.
3146 3189 3216 3240 Τὸ
3291 3192 3549 3263 σωτήριον
3616 3197 3718 3261 φῶς
3790 3195 3883 3241 τοῦ

2279 3272 2617 3344 Εύασγγελίου,
2676 3277 2706 3332 ἤ
2758 3279 2851 3333 τὴν
2922 3281 3176 3349 σωτήριον
3230 3275 3640 3351 ἐνανθρώπησιν,
3696 3277 3730 3329 ά
3793 3283 3883 3331 καὶ

2278 3360 2430 3434 ἄμφω
2468 3366 2755 3435 ἡτοίμασεν
2786 3366 2811 3416 ὁ
2855 3367 2978 3427 Θεὸς
3026 3368 3161 3418 κατά
3189 3370 3468 3442 πρόσωπον
3524 3369 3728 3421 πάντων
3782 3376 3884 3420 τῶν

2274 3451 2408 3505 λαῶν
2418 3492 2429 3503 .

2345 3541 2549 3613 Ἔλεγεν
2577 3574 2642 3584 --
2676 3542 2838 3616 ὀργῆς
2863 3559 2876 3610 ;
2909 3550 3087 3597 Ταῦτα
3115 3549 3205 3597 καὶ
3235 3546 3261 3597 ό
3286 3547 3559 3609 Ματθαῖος
3596 3544 3884 3620 ἀνέγραψεν

2276 3628 2325 3681 ἓν
2360 3639 2431 3701 τῷ
2460 3635 2620 3704 τρίτῳ
2649 3632 2907 3704 κεφαλαίῳ
2928 3640 3020 3686 τοῦ
3049 3633 3366 3706 Εύαγγελίου
3392 3635 3572 3688 αὐτοῦ’
3596 3640 3686 3689 xui
3714 3638 3888 3712 ἡρμη-

2276 3721 2427 3778 νεύθη
2436 3738 2531 3772 σαν
2562 3719 2610 3772 ἓν
2637 3720 2828 3792 ἐκείνῳ.

2351 3814 2613 3867 Ποιήσατε
2639 3841 2705 3851 -
2736 3810 2999 3885 Ἀϐραάμ.
3024 3812 3245 3885 Ὁμοίως
3284 3818 3375 3867 καὶ
3404 3821 3591 3869 ταῦτα.

2351 3894 2494 3956 ’Ἤδη
2534 3895 2593 3952 δε
2619 3929 2686 3941 -
2719 3898 2984 3972 βάλλεται.
3018 3902 3407 3975 Παραπλησίως
3432 3908 3523 3957 xui
3576 3911 3765 3971 ταῦτα,
3793 3908 3887 3958 xui

2282 3988 2508 4049 ζήτησον
2536 3989 2639 4041 ἐκεῖ
2663 3993 2758 4048 τὴν
2799 3989 3049 4062 ἐξήγησιν
3068 3995 3293 4048 πάντων.

2204 3141 2245 3199 C

2378 4163 2527 4215 ΚΕΦ.
2571 4156 2635 4222 ς’.
2666 4164 2792 4234 Περὶ
2818 4168 2917 4211 τῶν
2943 4158 3380 4235 ἐπερωτησάντων
3410 4166 3497 4215 τὸν
3528 4163 3791 4223 Ἰωάννην.

2352 4324 2452 4373 Καὶ
2494 4318 2768 4395 ἐπηρώτων
2826 4352 2895 4361 -
2942 4327 3267 4395 ποιήσομεν;
3313 4323 3672 4386 Κελευσθέντες
3718 4334 3887 4379 ποιεῖν

2277 4412 2510 4481 καρπούς
2539 4408 2712 4472 ἀξίους
2746 4418 2837 4470 τῆς
2864 4416 3159 4483 μετανοίας,
3194 4412 3540 4487 ἐπερωτῶσιν.

2198 4499 2243 4553 Ι)
2350 4500 2657 4573 Αποκριθεὶς
2731 4530 2797 4540 -
2872 4503 3070 4571 ἔχοντι.
3144 4498 3428 4555 Μεταδότω
3499 4512 3571 4574 τῷ
3636 4501 3887 4577 μηδόλως

2278 4588 2474 4660 ἔχοντι·
2507 4592 2535 4647 ἣ
2564 4596 2636 4658 τῷ
2666 4592 2844 4661 ἔχοντι
2882 4594 2993 4661 μὲν,
3026 4590 3302 4665 ἄχρηστον
3336 4588 3413 4645 δέ.

2352 4682 2448 4731 Καὶ
2496 4680 2520 4729 ό
2560 4709 2628 4719 —
2672 4683 2902 4733 ποιείτω.
2960 4683 3054 4732 Διά
3109 4690 3206 4742 τῆς
3257 4677 3589 4753 μεταδόσεως
3618 4691 3709 4734 τοῦ
3740 4680 3892 4736 ἐνδύ-

2278 4786 2437 4839 ματος
2465 4773 2555 4819 καὶ
2610 4776 2701 4829 τῆς
2755 4778 2945 4841 τροφῆς
2996 4769 3285 4841 εἰσηγεῖται
3347 4774 3551 4833 τούτοις
3598 4777 3690 4831 τὴν
3747 4772 3890 4825 ἀντί-

2276 4856 2435 4927 ληψιν
2492 4866 2592 4909 τῶν
2646 4863 2891 4923 πενήτων,
2939 4864 3028 4911 καὶ
3081 4879 3139 4911 το
3192 4864 3488 4912 κοινωνικόν
3554 4867 3643 4913 xui
3702 4862 3887 4934 φιλάλ-

2276 4945 2447 5003 ληλον.
2485 4944 2652 4999 Ούδεν
2684 4948 2771 4999 οὖν
2800 4946 3088 5022 βαρύτερον
3129 4954 3187 5001 τό
3238 4969 3297 5020 γε
3328 4957 3415 5001 νῦν
3470 4952 3593 5023 ἔχον
3624 4950 3891 5006 ἐπιτάττει

2279 5036 2477 5101 αὐτοῖς,
2496 5032 2647 5097 εἰδὼς
2672 5038 2753 5089 ὅτι
2784 5040 2808 5088 ὃ
2836 5042 3067 5111 Χριστὸς
3096 5038 3190 5091 οὐκ
3220 5039 3293 5101 εἰς
3312 5042 3517 5113 μακρὰν
3543 5043 3891 5113 νομοθετήσει

2277 5128 2371 5186 τὰς
2397 5125 2731 5197 εύαγγελικάς
2760 5126 2986 5189 ἐντολάς.

2348 5214 2536 5267 Ἦλθον
2593 5247 2660 5255 -
2726 5218 3008 5289 πράσσετε.
3071 5219 3345 5290 Διάταγμα
3428 5220 3527 5293 ’γὰρ
3588 5218 3734 5291 εἶχον
3802 5219 3892 5274 ἐπὶ

2277 5312 2393 5387 ταῖς
2442 5302 2757 5362 ἀπαιτήσεσι
2814 5311 2932 5381 περὶ
2984 5313 3272 5368 ποσότητος
3321 5313 3409 5360 xui
3465 5313 3737 5369 ποιότητος
3784 5319 3893 5362 τῶν

2277 5381 2687 5449 ἀπαιτουμένων.

2344 5464 2652 5538 Ἐπηρώτων
2705 5496 2773 5507 --
2834 5472 3285 5539 συκοφαντήσητε.
3337 5474 3561 5522 Διέσειον
3635 5472 3734 5543 γὰρ
3797 5476 3896 5525 καὶ

2277 5554 2659 5627 ἐσυκοφάντουν
2680 5555 2920 5620 πολλοὺς,
2950 5559 3018 5618 ὡς
3055 5556 3359 5621 ἀποστάτας
3386 5558 3413 5617 ἦ
3458 5558 3763 5621 ἐπιϐούλους
3794 5570 3896 5613 τοῦ

2280 5650 2568 5717 Καίσαρος,
2600 5642 2671 5697 δι’
2699 5644 3160 5721 αἰσχροκέρδειαν.
