4074 6388
171 332 274 390 905

1239 329 1597 388 COMMENT.
1646 325 1718 382 IN
1760 322 2021 381 LUCAM.
2063 354 2131 365 —
2170 324 2327 384 CAP.
2372 325 2468 383 Ill.

3448 322 3553 384 906

244 465 346 513 Καὶ
402 491 463 501 -
506 462 676 533 ὑμῶν.
737 465 859 521 Τοῖς
903 462 1244 533 σιτηρεσίοις.
1306 454 1650 514 Καταλληλως
1691 447 1778 503 οὖν

1961 448 2104 505 Vers
2137 450 2223 505 14.
2257 451 2321 505 Et
2352 480 2421 491 -
2460 448 2684 507 vestris.
2728 480 2797 493 —
2826 450 3089 507 Tesseris
3114 450 3546 509 frumentariis.

171 557 305 603 πᾶσι
356 553 637 621 παρῄνεσε,
684 555 775 607 τὴν
832 549 1131 624 τελεωτέραν
1188 544 1542 600 διδασκαλίαν
1602 540 1780 593 ἀπολε-

167 640 362 702 λοιπὼς
384 648 455 709 τῷ
478 647 718 713 Χριστῷ.

246 726 658 803 Προσδοκῶντος
735 761 802 768 —
880 728 1028 781 λαοῦ.
1099 724 1586 799 ’Υπολαμϐάνοντος-
1671 719 1781 773 εἶτα

170 820 502 893 ἐφερμηνεύει
532 823 618 871 τὸν
644 819 813 890 λόγον.

248 915 351 963 Καὶ
430 906 869 981 διαλογιζομένων
926 941 994 948 -
1068 908 1261 963 ἅπασι.
1340 904 1779 977 Διαλοσγιζομένων

169 1002 402 1064 πάντων,
443 1004 645 1070 μήποτε
695 997 845 1058 αὐτὸς
877 1000 950 1054 εἴη
1013 998 1037 1048 ὁ
1079 999 1329 1070 Χριστὸς,
1377 995 1429 1045 ὃν
1483 996 1531 1045 οἱ
1577 999 1782 1066 προφῆ-

167 1109 261 1140 ται
286 1087 731 1159 καταγγελλουσι·
772 1086 1042 1149 ἐξέπληττε
1070 1090 1171 1159 γὰρ
1219 1085 1402 1144 αὐτοὺς
1432 1085 1457 1134 ὁ
1487 1082 1636 1154 λόγος
1666 1082 1778 1153 (88)

166 1183 262 1229 καὶ
293 1179 323 1235 ἡ
354 1176 591 1229 πολιτεία
615 1175 794 1228 αὑτοῦ·
827 1180 977 1246 ’γνούς
1006 1172 1064 1228 δε
1091 1176 1116 1227 ὁ
1147 1176 1389 1233 Ἰωάννης
1418 1178 1511 1230 τὴν
1534 1174 1780 1229 τοιαύτην

165 1266 343 1318 αὐτῶν
394 1264 658 1336 ὑπόληψιν
707 1273 778 1335 τῷ
830 1262 1110 1339 διορατικῷ
1157 1266 1432 1335 πνεύματι,
1476 1261 1781 1336 ἁπεκρίνατο

168 1353 544 1428 διορθούμενος
578 1355 752 1411 αὐτὴν.

247 1450 428 1516 Λέγων
474 1476 539 1485 -
594 1445 773 1510 αὐτοῦ,
836 1447 1055 1516 Εῐρηται
1124 1448 1213 1495 καὶ
1303 1447 1416 1516 περὶ
1494 1444 1684 1495 τούτων
1735 1438 1781 1492 ἐν

168 1543 247 1606 τῷ
302 1540 462 1609 τρίτῳ
532 1533 791 1605 κεφαλαίῳ
862 1541 953 1585 τού
1008 1536 1141 1584 κατὰ
1203 1535 1484 1595 Ματθαῑον,
1549 1535 1638 1582 καὶ
1698 1530 1784 1590 ζὴ-

168 1644 338 1682 τησον
370 1622 492 1676 ἐκεῖ.
526 1623 815 1693 Ἀνάγνωθι
856 1620 914 1675 δε
943 1627 1032 1674 καὶ
1058 1622 1105 1674 ἐν
1140 1631 1211 1693 τῷ
1243 1627 1498 1695 προοιμίῳ
1529 1628 1619 1673 τού
1650 1623 1784 1672 κατὰ

172 1717 391 1786 Μάρκον
418 1718 511 1771 τὴν
539 1712 790 1785 ἐξήγησιν
820 1720 931 1764 τοῦ·
962 1712 1216 1787 Ἔρχεται
1248 1714 1271 1763 ό
1315 1712 1653 1783 ἰσχυρότερός
1681 1729 1781 1782 μον

173 1802 350 1855 ὀπίσω
375 1823 499 1875 μου.

246 1893 335 1963 -Η-
388 1898 453 1944 Ὃ
503 1892 741 1953 Ἰωάννης
787 1892 901 1963 (89)
951 1896 1128 1964 φησίν·
1176 1892 1288 1943 Ούκ
1327 1891 1430 1964 εἰμὶ
1481 1892 1650 1951 ἱκανὸς
1695 1888 1782 1941 λῦ-

174 2002 269 2035 σαι
352 1986 442 2034 τὸν
521 1980 710 2055 ἱμὰντα
779 1990 878 2033 τῶν
960 1978 1314 2053 ὑποδημάτων
1376 1980 1560 2046 αὐτοῦ,
1649 1982 1783 2032 κατά

167 2076 263 2144 μεν
318 2078 407 2129 την
458 2080 694 2145 προφανῆ
754 2074 946 2123 ἔννοιαν
997 2066 1172 2133 δηλοῖ,
1231 2072 1309 2122 ὁτι
1364 2066 1487 2122 οὐδὲ
1553 2071 1782 2141 ἔσχατος

171 2159 359 2223 δοῦλος
391 2161 553 2213 αὑτοῦ
586 2161 692 2233 εἰμι
740 2161 880 2223 οῖξιος
930 2161 1227 2212 τάττεσθαι·
1280 2162 1414 2211 κατὰ
1463 2156 1521 2211 δὲ
1564 2163 1621 2211 τὸ
1660 2178 1777 2233 κρυ-

172 2258 441 2326 φιωτερον,
486 2248 583 2303 δύο
626 2247 947 2323 ὑποδήματά
994 2250 1097 2302 εἰσι
1150 2258 1240 2302 τοῦ
1284 2254 1497 2320 Κυρίου,
1552 2251 1581 2307 ἡ
1628 2268 1682 2301 τε
1730 2248 1785 2312 ἐξ

172 2341 398 2416 ούρανοῦ
452 2339 535 2393 ἐπὶ
592 2345 686 2399 τὴν
742 2349 841 2411 γῆν
896 2336 1175 2412 ἐπιδημία,
1226 2345 1314 2391 καὶ
1364 2341 1392 2396 ἠ
1447 2338 1502 2390 ἐκ
1551 2346 1652 2409 γῆς
1699 2338 1783 2391 ἐπὶ

172 2435 260 2483 τὸν
288 2428 448 2501 ᾅδην·
502 2432 696 2482 τούτων
739 2426 826 2482 οὖν
874 2438 970 2481 τῶν
1024 2425 1121 2481 δύο
1166 2426 1459 2500 ἕπιὸημιὼν
1506 2432 1620 2489 τοὺς
1659 2433 1785 2502 τρό-

172 2540 305 2582 πους
331 2520 391 2571 ού
426 2515 644 2571 δύναταί
672 2539 749 2579 τις
777 2518 955 2581 λῦσαι,
987 2514 1110 2570 οὐδὲ
1137 2518 1180 2570 εἰ
1209 2519 1343 2569 κατὰ
1375 2518 1613 2574 Ἰωάννην
1648 2520 1782 2571 ἐστι.

172 2615 261 2672 Τίς
281 2612 384 2683 ’γὰρ
404 2606 628 2662 δύναταί
658 2609 835 2665 εἰπεῖν.
856 2610 884 2667 ἦ
909 2616 1015 2668 πῶς
1037 2607 1335 2682 ἐσαρκώθη,
1355 2608 1384 2666 ἦ
1411 2616 1516 2668 πῶς
1534 2609 1784 2667 κατῆλθεν

178 2700 249 2761 εἰς
278 2695 418 2771 ᾅδην
442 2713 456 2765 ;

252 2895 422 2957 Αύτὸς
469 2926 538 2935 -—
594 2898 743 2967 πυρί.
810 2893 890 2947 Ἐν
938 2902 1008 2964 τῷ
1073 2891 1358 2951 δηλωθέντι
1415 2898 1573 2967 τρίτῳ
1637 2915 1787 2968 κεφα-

178 2987 308 3057 λαίῳ
366 2992 459 3036 τού
517 2986 654 3035 κατὰ
710 2983 982 3036 Ματθαίον
1054 2983 1292 3058 εύρησεις
1353 2988 1437 3036 καὶ
1497 2989 1614 3057 περὶ
1673 2989 1787 3037 τού-

182 3096 271 3128 του
287 3120 299 3131 .

1819 1806 1865 1860 Β

1892 538 2112 593 Omnes
2143 553 2285 608 ergo
2335 539 2701 596 admonebat
2738 539 3139 597 diversimode
3179 545 3245 597 ut
3288 541 3557 613 expedie-

1888 627 2008 691 bat,
2043 627 2452 700 perfectiorem
2483 629 2818 686 doctrinam
2846 630 3045 687 Chisto
3074 630 3443 705 relinquens.

1961 715 2126 774 Vers.
2191 718 2279 773 15.
2320 719 2719 787 Exspectante
2752 750 2809 761 —
2865 721 3103 791 populo.
3178 710 3550 793 Suspicante,

1888 803 2105 861 deinde
2138 806 2556 878 interpretatur
2590 809 2863 866 verbum.

1961 894 2120 950 Vers.
2150 901 2233 951 l5.
2249 897 2322 950 Et
2344 898 2733 967 cogitantibus
2752 929 2821 938 —
2837 898 2997 955 Vers.
3021 900 3107 954 16.
3129 898 3424 957 Omnibus.
3447 898 3551 957 Co-

1889 982 2217 1053 gitantibus
2237 985 2545 1053 omnibus,
2566 1001 2711 1042 num
2743 988 2871 1059 ipse
2895 994 3048 1043 esset
3066 987 3352 1055 Christus,
3367 1002 3553 1061 quem

1888 1072 2196 1145 prophetae
2223 1074 2686 1131 annuntiabant.
2714 1075 3243 1149 Obstupet'aciebat
3264 1077 3422 1133 enim
3448 1092 3552 1134 eos

1890 1161 2263 1217 conversatio
2287 1177 2358 1218 ac
2384 1178 2581 1219 sermo
2607 1163 2816 1235 ipsius.
2848 1165 3048 1221 Sciens
3068 1170 3265 1222 autem
3290 1166 3553 1223 Joannes

1889 1251 2048 1307 hanc
2090 1266 2299 1307 eorum
2346 1251 2694 1325 opinionem
2728 1255 3006 1311 acumine
3039 1257 3132 1311 sui
3184 1254 3425 1327 spritus,
3466 1269 3553 1313 re-

1891 1340 2133 1413 spondit
2162 1340 2326 1397 illam
2359 1342 2684 1412 corrigens.

1962 1430 2246 1486 Vers.16.
2284 1430 2758 1503 Dicens—ejus.
2817 1432 3048 1489 Dictum
3101 1438 3189 1492 est
3234 1437 3292 1491 et
3337 1433 3412 1490 de
3462 1434 3552 1490 his

1892 1518 2089 1592 capite
2116 1520 2286 1576 tertio
2305 1520 2608 1591 Evangelii
2631 1522 2806 1594 juxta
2834 1523 3196 1579 Matthmum.
3228 1525 3378 1593 Lege
3407 1538 3555 1596 quo-

1891 1624 2012 1681 que
2041 1610 2100 1664 in
2127 1609 2421 1680 proremio
2458 1611 2792 1667 secundum
2816 1611 3078 1669 Marcum
3109 1612 3554 1669 enarrationem

1896 1697 2052 1753 illius
2083 1698 2248 1753 verbi
2276 1716 2290 1751 :
2333 1699 2499 1756 Venit
2524 1700 2572 1755 is
2601 1699 2700 1771 qui
2726 1716 2819 1757 me
2840 1701 3063 1771 fortior
3080 1710 3165 1759 est
3199 1708 3332 1772 post
3359 1718 3451 1759 me
3480 1703 3550 1759 ".

1963 1912 2182 1985 +Quod
2212 1915 2474 1970 Joannes
2504 1916 2585 1971 ait
2606 1933 2619 1971 :
2640 1916 2781 1973 Non
2809 1933 2939 1974 sum
2969 1917 3206 1989 dignus,
3234 1924 3301 1974 ut
3325 1918 3553 1975 solvam

1891 2003 2206 2073 corrigiam
2244 2004 2765 2061 calceamentorum
2788 2009 2950 2076 ejus:
2980 2012 3277 2079 quantum
3315 2009 3390 2063 ad
3417 2023 3554 2065 ma-

1892 2092 2257 2149 nifestiorem
2284 2092 2757 2163 intelligentiam,
2802 2096 3097 2165 signiﬁcat
3145 2111 3210 2152 se
3253 2112 3377 2153 non
3426 2112 3554 2153 esse

1892 2181 2164 2252 dignum,
2211 2182 2316 2254 qui
2344 2183 2438 2238 vel
2488 2185 2790 2240 numerari
2820 2185 3039 2255 dignus
3098 2186 3173 2241 sit
3216 2191 3554 2257 postremus

1893 2270 2023 2342 ejus
2052 2287 2277 2327 servus.
2311 2271 2612 2339 Quantum
2644 2278 2844 2331 autem
2889 2274 2965 2329 ad
3004 2276 3378 2331 reconditum
3423 2291 3559 2332 sen-

1894 2377 2051 2430 sum,
2074 2360 2197 2418 duo
2222 2361 2629 2419 calceamenta
2656 2364 2889 2419 Domini
2917 2368 3055 2420 sunt
3079 2364 3216 2421 duae
3241 2365 3368 2435 ejus
3390 2381 3557 2439 pere-

1896 2449 2280 2519 grinationes,
2305 2456 2442 2523 puta
2471 2468 2507 2508 a
2526 2453 2679 2509 caan
2708 2454 2769 2508 in
2806 2458 3023 2509 terram
3046 2458 3102 2510 et
3131 2470 3168 2510 a
3190 2458 3342 2511 terra
3371 2455 3444 2511 ad
3470 2455 3557 2511 in—

1895 2538 2130 2595 fernum
2144 2584 2158 2597 .
2178 2540 2401 2597 Harum
2419 2541 2578 2597 enim
2593 2543 3131 2614 peregrinationum
3152 2544 3365 2600 modos
3376 2559 3557 2602 nemo

1895 2633 2092 2700 potest
2107 2629 2354 2695 solvere,
2378 2631 2493 2686 nisi
2520 2631 2737 2688 Joanni
2762 2632 3008 2705 quidem
3044 2632 3119 2688 sit
3157 2633 3385 2690 similis.
3413 2634 3558 2700 Quis

1895 2722 2055 2774 enim
2099 2718 2553 2790 poteritdicere,
2587 2726 2688 2776 aut
2724 2722 3036 2791 quomodo
3086 2722 3157 2778 sit
3182 2724 3555 2796 incarnatus,

1896 2812 1999 2863 aut
2027 2808 2335 2879 quomodo
2366 2807 2443 2863 ad
2484 2808 2783 2864 infernum
2814 2810 3237 2867 descenderit?

1970 2896 2130 2951 Vers.
2173 2897 2259 2951 16.
2319 2898 2450 2966 Ipse
2503 2928 2573 2937 —
2610 2899 2741 2968 igni
2794 2898 3083 2955 Praedicta
3138 2901 3306 2957 tertio
3362 2902 3557 2974 capite

1899 2986 2192 3057 Evangelii
2218 2986 2553 3042 secundum
2593 2987 2939 3043 Matthaaum
2980 2988 3159 3045 etiam
3188 2989 3264 3047 de
3301 3005 3374 3046 eo
3403 2991 3563 3047 inve-

1897 3090 2024 3132 mes
2035 3113 2050 3129 ο

254 3166 528 3236 [Βαπτίζει
555 3161 667 3234 (90)
691 3164 918 3234 Χριστὸς
950 3160 995 3213 ἐν
1038 3164 1301 3235 Πνεύματι
1342 3182 1432 3235 μεν
1476 3162 1630 3235 ἁγίῳ,
1671 3168 1786 3225 τοὺς

1975 3165 2299 3238 +Baplizat
2342 3165 2608 3221 Christus
2648 3167 2709 3223 in
2738 3164 2963 3238 Spiritu
3001 3172 3209 3224 sancto
3237 3167 3463 3235 ﬁdeles,
3501 3168 3564 3225 in

181 3257 425 3316 πιστούς·
452 3252 499 3304 ἐν
530 3257 658 3324 πυρὶ
686 3247 762 3321 δὲ,
796 3256 913 3312 τοὺς
940 3249 1210 3313 ἀπίστους.
1246 3254 1350 3306 Καὶ
1382 3256 1440 3305 τὸ
1470 3256 1581 3325 μὲν,
1629 3253 1675 3305 ἐν
1713 3264 1786 3325 τῷ

177 3349 405 3418 παρόντι
435 3341 564 3415 βίῳ*
603 3344 662 3393 τὸ
690 3337 769 3403 δὲ,
793 3338 841 3392 έν
872 3348 943 3411 τῷ
974 3340 1250 3412 μέλλοντα]

252 3433 334 3483 Οὔ
366 3463 433 3473 -
477 3430 736 3501 ἀσϐέστῳ.
781 3436 959 3483 Ταῦτα
998 3436 1085 3483 καὶ
1124 3432 1148 3482 ὸ
1199 3434 1466 3494 Ματθαίος
1511 3432 1785 3505 ἀνέγραψε,

174 3529 273 3575 καὶ
319 3519 784 3595 διηρμηνεύθησαν
842 3521 1031 3592 ὁμοίως
1094 3518 1141 3572 ἐν
1191 3529 1262 3591 τῷ
1314 3527 1473 3595 τρίτῳ
1532 3522 1790 3595 κεφαλαίῳ

178 3614 344 3666 αὐτοῦ
353 3651 365 3663 .

256 3701 429 3755 nam
480 3731 548 3741 —
599 3699 727 3770 λαῷ.
794 3698 961 3751 Πολλά
1007 3703 1095 3751 καὶ
1163 3702 1308 3774 ἔτερα
1354 3709 1469 3774 περὶ
1518 3710 1609 3755 τοῦ
1669 3710 1791 3774 Χρι-

183 3800 317 3846 στοῦ
374 3789 734 3861 εὐηγγελίζετο
790 3798 861 3859 τῷ
944 3789 1071 3859 λαῷ,
1157 3791 1469 3863 παρακαλῶν
1524 3790 1793 3865 προσδρα-

179 3886 298 3956 μεῖν
346 3886 437 3932 καὶ
485 3887 770 3932 πιστεῦσαν
820 3878 980 3949 αύτῷ,
1033 3879 1299 3951 ἐρχομένῳ
1345 3878 1473 3939 ἤδη·
1530 3883 1584 3948 ἦ,
1631 3882 1795 3935 πολλὰ

175 3976 301 4046 περὶ
353 3973 620 4043 σωτηρίας
677 3967 864 4033 αὐτῶν,
921 3968 1233 4042 παρακαλῶν
1300 3979 1622 4042 μετανοῆσαι
1701 3972 1793 4023 αύ-

177 4065 336 4123 τούς.

253 4152 314 4203 Ὀ
356 4146 415 4202 δὲ
460 4144 705 4222 Ἡρώδης
750 4179 819 4187 -
862 4147 1084 4220 φυλακῇ.
1134 4151 1277 4202 Μετὰ
1323 4153 1383 4202 τὸ
1433 4149 1795 4222 βαπτισθῆναι

176 4248 268 4295 τον
318 4242 569 4313 Χριστὸν,
613 4234 876 4296 δηλονότι.
927 4241 1147 4310 Εῖρῆται
1180 4234 1239 4291 δε
1268 4245 1387 4313 περὶ
1434 4248 1524 4301 τῆς
1565 4248 1794 4315 φρουρᾶς

175 4340 271 4384 τον
305 4331 537 4383 Ἰωάννον
569 4326 615 4380 ἐν
642 4336 712 4397 τῷ
739 4327 958 4398 εἰκοστῷ
984 4332 1199 4401 πέμπτῳ
1238 4329 1497 4401 κεφαλαίῳ
1529 4339 1620 4382 τοῦ
1663 4335 1794 4384 κατα

180 4421 471 4477 Ματθαίόν.

1904 3255 2041 3327 igne
2094 3271 2231 3310 vero
2262 3255 2554 3311 inﬁdeles:
2606 3263 2661 3311 et
2708 3255 2851 3312 illud
2900 3256 3143 3328 quidem
3194 3257 3255 3313 in
3286 3260 3565 3331 praesenti

1898 3344 2044 3409 vita,
2078 3344 2197 3400 hoc
2241 3351 2442 3400 autem
2473 3345 2531 3399 in
2562 3345 2780 3401 futura.

1970 3433 2139 3488 Vers.
2202 3439 2283 3488 t7.
2338 3434 2515 3505 Cujus
2559 3466 2625 3473 —
2657 3434 3140 3506 inexstinguibili.
3196 3435 3329 3491 Haec
3381 3437 3564 3494 etiam

1900 3522 2138 3595 scripsit
2158 3522 2480 3588 Matthaaus,
2514 3528 2569 3579 et
2601 3522 2867 3579 similiter
2891 3524 3198 3581 enucleata
3229 3531 3364 3581 sunt
3397 3526 3564 3583 tertio

1903 3614 2093 3683 capite
2121 3612 2420 3683 Evangelii
2447 3612 2665 3685 ipsius.

1976 3701 2136 3757 Vers.
2156 3703 2242 3756 18.
2258 3704 2456 3759 Multa
2475 3703 2782 3773 —populo.
2800 3702 2976 3759 Multa
2997 3708 3279 3775 praeterea
3291 3709 3345 3760 et
3361 3702 3480 3761 alia
3491 3703 3566 3761 de

1904 3790 2132 3847 Christo
2161 3793 2561 3848 annuntiabat
2591 3793 2811 3864 populo
2848 3793 3201 3864 adhortans,
3235 3799 3297 3849 ut
3326 3793 3405 3850 ad
3430 3811 3570 3851 eum

1904 3887 2300 3947 accurrerent,
2329 3887 2385 3936 et
2408 3880 2467 3936 in
2487 3898 2623 3936 eum
2658 3881 2967 3938 crederent
2992 3883 3239 3954 quijatn
3269 3882 3563 3941 veniebat.

1902 3970 2023 4035 Vel,
2054 3969 2240 4025 multa
2262 3970 2335 4025 de
2357 3970 2794 4026 saluteillorum
2815 3970 3142 4027 adhortans
3156 3988 3276 4041 eos,
3298 3971 3565 4044 utpceni-

1904 4064 2048 4115 teret
2079 4058 2241 4131 ipsos
2270 4074 2338 4114 ac
2371 4058 2801 4129 resipiscerent.

1975 4147 2138 4204 Vers.
2172 4148 2253 4203 19.
2291 4148 2553 4204 Herodes
2599 4156 2789 4204 autem
2831 4180 2898 4190 —
2928 4149 3092 4205 Vers.
3120 4152 3203 4205 20.
3245 4150 3558 4209 Custodia.

1903 4239 2227 4310 Postquam
2261 4237 2527 4294 videlicet
2568 4238 2903 4309 baptizatus
2935 4238 3125 4295 fuerat
3158 4239 3443 4298 Christus.
3477 4241 3569 4294 Di-

1904 4334 2062 4383 ctum
2088 4335 2173 4383 est
2200 4334 2399 4384 autem
2418 4327 2491 4383 de
2511 4327 2754 4383 Joannis
2786 4328 3250 4383 iucarceratione
3279 4327 3564 4384 vicesimo

1902 4418 2112 4490 quinto
2156 4419 2350 4489 capite
2383 4416 2678 4486 Evangelii
2711 4419 3044 4472 secundum
3078 4417 3445 4473 Matthaaum.

256 4512 473 4580 Εγένετο
539 4537 607 4547 -
679 4502 977 4564 ηύδόκησα.
1049 4509 1366 4570 Βαπτισθεὶς
1434 4513 1786 4582 προσηύχετο,

1977 4506 2141 4563 Vers.
2173 4508 2264 4561 21.
2316 4507 2567 4562 Factum
2616 4512 2699 4563 est
2730 4538 2795 4547 —
2824 4507 2986 4562 Vers.
3022 4507 3109 4562 20.
3145 4508 3569 4577 Complacz'tum

182 4595 482 4664 διδάσκων,
514 4598 593 4648 ὅτι
635 4600 743 4669 χρὴ
787 4600 907 4658 τοὺς
952 4594 1335 4669 βαπτισθέντας
1374 4602 1791 4673 προσεύχεσθαι·

182 4692 242 4741 τὸ
300 4694 511 4759 Πνεῦμα
555 4680 614 4738 δὲ
665 4688 722 4737 τὸ
779 4684 928 4756 ἅγιον
993 4695 1275 4758 σωματικῷ
1334 4684 1461 4740 εῖδει
1519 4689 1792 4757 κατῆλθεν,

187 4780 273 4831 ἶνα
326 4778 484 4849 θεαθῇ
536 4782 639 4836 τοῖς
699 4782 1018 4847 σωματικοῖς
1087 4775 1373 4849 ὀφθαλμοῖς
1432 4787 1532 4829 τῶν
1597 4778 1792 4853 ανθρώ-

185 4889 315 4932 πων,
340 4871 431 4918 καὶ
458 4865 526 4926 εἰς
555 4868 712 4936 τιμὴν
738 4872 829 4916 τοῦ
862 4870 1102 4937 σώματος
1139 4873 1231 4918 τοῦ
1274 4869 1529 4940 Χρῖστοῦ.
1567 4874 1690 4943 Περὶ
1737 4867 1795 4922 δὲ

185 4957 277 5009 τοῦ
310 4955 685 5029 βαπτίσματος
708 4953 868 5007 αὐτοῦ
885 4953 1199 5029 πλατύτερον
1224 4955 1445 5028 ἔγραψεν
1478 4959 1503 5008 ὁ
1532 4960 1795 5020 Ματθαίος

187 5044 233 5096 ἐν
278 5052 352 5115 τῷ
399 5047 560 5118 τρίτῳ
601 5043 875 5115 κεφαλαίῳ,
937 5048 1025 5096 καὶ
1068 5046 1471 5120 ἡρμῆνεύθησαν
1521 5046 1571 5099 ἐν
1620 5045 1792 5121 ἐκείνῳ

189 5136 360 5187 πάντα
397 5135 533 5185 κατὰ
558 5132 724 5207 ῥῆμα.

257 5288 306 5322 ²⁶
337 5283 546 5343 Matth.
581 5281 625 5349 Ι,
652 5284 705 5341 7.

1908 4603 2012 4655 est.
2061 4596 2398 4668 Baptizatus
2446 4596 2699 4661 orabat,
2754 4596 2977 4651 docens
3024 4612 3148 4661 eos,
3179 4598 3283 4669 qui
3310 4596 3587 4667 baptizati

1906 4692 2044 4743 sunt
2060 4702 2249 4742 orare.
2277 4684 2529 4757 Sipritus
2575 4692 2821 4741 sanctus
2851 4696 3040 4741 autem
3068 4685 3365 4758 corporali
3396 4684 3588 4757 specie

1904 4775 2229 4841 descendit,
2259 4781 2320 4830 ut
2356 4774 2561 4830 oculis
2593 4774 3008 4847 corporalibus
3047 4775 3354 4831 hominum
3401 4774 3592 4845 videri

1905 4871 2137 4939 posset:
2180 4871 2237 4920 et
2261 4865 2441 4921 etiam
2472 4865 2527 4919 in
2558 4864 2847 4921 honorem
2885 4865 3170 4936 corporis.
3199 4863 3414 4920 Christi
3449 4862 3565 4920 Sed

1906 4956 1979 5011 de
2011 4956 2139 5025 ejus
2154 4954 2514 5025 baptismate
2546 4954 2781 5025 planius
2802 4954 3043 5026 scripsit
3070 4953 3381 5009 Matthqu
3404 4951 3532 5007 terti
3555 4965 3592 5005 ο

1908 5046 2120 5118 capite,
2176 5050 2232 5100 et
2260 5043 2343 5099 ibi
2373 5049 2512 5099 sunt
2551 5046 2762 5101 omnia
2809 5044 2887 5100 ad
2922 5044 3166 5100 verbum
3217 5043 3572 5115 explanata.

1396 5412 1633 5488 Variae
1675 5417 2009 5488 lectiones
2050 5424 2117 5485 et
2156 5422 2369 5484 notae.

285 5557 378 5629 88)
414 5556 476 5611 ’Π
499 5559 737 5611 πολιτεία
759 5560 851 5611 καὶ
872 5557 899 5609 ὁ
922 5554 1090 5630 λόγος.
1126 5557 1191 5614 Β.

262 5560 380 5703 ξ89)
414 5629 537 5687 Hoc
559 5630 624 5688 in
646 5629 920 5703 margine
950 5628 1173 5686 codicis

289 5627 380 5701 89)
414 5629 537 5687 Hoc
559 5630 624 5688 in
646 5629 920 5701 margine
950 5627 1173 5686 codicis
1202 5627 1424 5701 reperit
1451 5631 1806 5691 Hentenius.

201 5700 464 5759 meorum
478 5706 685 5760 neuter
699 5700 902 5759 habet.
922 5703 1040 5758 Hoc
1062 5700 1411 5760 translatum
1428 5707 1515 5762 est
1531 5716 1604 5761 ex
1623 5703 1811 5763 Theo-

485 5802 726 5858 PATROL.
770 5801 874 5859 Gn.
916 5799 1167 5858 CXXIX.

1915 5559 2177 5639 phzl‘act:
2200 5572 2261 5630 p.
2313 5556 2420 5639 .325
2454 5554 2516 5611 E.
2580 5626 2592 5639 .

1990 5630 2103 5705 (Ὡο)
2136 5633 2270 5690 Haec
2310 5630 2372 5686 in
2402 5630 2672 5699 margine
2698 5630 2770 5686 Α.

3240 5796 3311 5852 29
