4074 6384
451 433 454 436 ,
547 341 652 412 eo?
1637 358 1653 370 -
1871 341 2207 403 EUTHYMII

619 480 784 538 Vers.
811 477 902 537 25.
932 477 1012 534 Et
1050 477 1177 547 ipse
1196 507 1265 518 —
1291 474 1564 549 triginta.
1603 479 1682 534 De
1713 477 1808 534 his
1838 475 2084 549 pulchre
2123 471 2212 528 di-

544 574 708 628 ctum
736 573 826 626 est
852 569 913 625 in
940 565 1228 640 principio
1259 565 1398 623 dicti
1447 568 1597 624 tertii
1627 566 1856 640 capitis,
1905 564 2004 620 ubi
2034 562 2215 620 habe-

545 665 670 718 tur:
696 660 864 719 Venit
879 659 1139 716 Joannes
1151 656 1436 727 Baptista
1454 657 1791 728 praedicans
1807 659 1860 713 in
1875 655 2214 713 desertoJu-

547 749 687 808 deas
709 749 781 808 ³⁷.

617 963 661 1036 -ι-
684 963 1050 1022 Tricenarius
1078 964 1176 1023 hic
1204 980 1492 1023 numerus
1521 967 1577 1022 et
1604 963 1913 1037 temporis,
1941 965 1998 1018 et
2040 965 2214 1017 natu-

545 1067 629 1111 ra:
645 1054 967 1124 sensibilis,
992 1059 1341 1129 naturasque
1367 1052 1771 1126 intelligibilis,
1795 1057 2119 1109 creatorem
2145 1065 2215 1105 ac

545 1142 998 1216 gubernatorem
1017 1145 1248 1202 inducit
1266 1145 1605 1201 Dominum.
1633 1143 1937 1214 Temporis
1967 1140 2215 1213 quidem

544 1247 653 1304 per
682 1237 935 1307 septem.
967 1237 1224 1308 Tempus
1259 1236 1442 1301 enim,
1466 1250 1574 1307 per
1602 1238 1828 1305 septem
1858 1231 1988 1287 dies
2014 1245 2219 1302 proce-

545 1324 651 1396 dit,
690 1324 929 1382 Naturae
993 1331 1197 1381 autem
1250 1323 1571 1390 sensibilis,
1604 1338 1711 1396 per
1735 1321 2004 1395 quinque
2036 1337 2050 1376 :
2081 1327 2218 1378 sunt

548 1413 704 1473 enim
725 1413 995 1487 quinque
1011 1429 1244 1470 sensus.
1271 1417 1509 1470 Naturae
1539 1428 1680 1469 vero
1709 1410 2091 1483 intelligibilis
2111 1427 2219 1484 per

545 1506 718 1562 octo:
748 1502 1068 1576 paululum
1098 1503 1258 1560 enim
1290 1519 1473 1574 supra
1505 1509 1760 1574 tempus,
1792 1501 1954 1573 quod
1987 1516 2093 1572 per
2131 1516 2218 1556 se-

545 1596 712 1667 ptem
732 1592 1013 1665 procedit,
1043 1598 1132 1650 est
1159 1591 1620 1664 intelligibilium
1643 1591 1965 1662 generatio.
2001 1589 2219 1646 Guber-

544 1682 854 1748 nationem
883 1697 1045 1749 vero,
1079 1698 1184 1756 per
1200 1681 1434 1748 decem,
1463 1685 1702 1754 propter
1726 1680 2041 1737 denarium
2070 1697 2220 1754 prae.

545 1776 858 1844 captorum
884 1787 1226 1838 numerum,
1249 1772 1354 1844 qui
1374 1771 1649 1827 homines
1677 1770 1753 1826 ad
1775 1771 2214 1826 beatitudinem

545 1860 809 1919 inducit:
841 1867 943 1918 aut
971 1862 1123 1930 ideo,
1153 1861 1299 1934 quia
1329 1860 1523 1917 littera
1555 1860 1696 1927 iota,
1720 1877 1858 1933 quae
1897 1861 2103 1916 decem
2139 1861 2214 1917 si-

545 1950 812 2022 gniﬁcat,
846 1950 1202 2024 principium
1233 1955 1320 2006 est
1341 1951 1625 2006 humanae
1657 1949 2074 2022 appellationis
2106 1951 2214 2006 Do-

544 2039 715 2107 mini,
745 2040 966 2096 scilicet
1012 2039 1278 2097 nominis
1311 2040 1535 2102 Ἰησοῦς.
1594 2039 1971 2111 Conjungens
2011 2039 2213 2112 itaque

547 2133 776 2203 septem
806 2129 1074 2203 quinque
1098 2133 1232 2186 octo
1263 2133 1318 2185 et
1343 2129 1575 2197 decem,
1599 2127 1970 2184 tricesimum
1999 2127 2214 2184 efﬁcies

546 2233 889 2287 numerum,
918 2217 1020 2292 qui
1043 2218 1356 2292 prmdictas
1380 2233 1472 2274 res
1495 2217 1746 2290 mystice
1763 2233 1832 2273 ac
1844 2218 2213 2289 aenigmatice

549 2307 836 2378 designat.

619 2395 784 2453 Vers.
817 2399 904 2454 23.
933 2396 1238 2454 Incedens.
1264 2396 1543 2464 Veniens,
1579 2412 1710 2453 sese
1739 2395 2211 2453 demonstrando

547 2485 627 2544 ad
655 2485 952 2559 populum
998 2487 1322 2544 manifesta
1353 2487 1828 2551 conversatione,
1879 2501 1984 2558 per
2039 2487 2212 2558 signa

547 2574 823 2632 videlicet
847 2579 902 2632 et
931 2575 1289 2633 doctrinam.

619 2665 780 2721 Vere.
811 2667 901 2721 23.
937 2665 1008 2722 Ut
1051 2666 1396 2737 putabatur,
1437 2665 1596 2736 [ilius
1648 2665 1880 2735 Joseph.
1923 2665 1994 2722 Ut
2041 2672 2210 2738 puta-

550 2753 726 2811 batur
753 2769 790 2810 a
812 2753 1058 2824 Judaeis,
1088 2760 1151 2811 ut
1179 2755 1338 2810 enim
1371 2755 1587 2811 veritas
1618 2755 1896 2822 habebat,
1931 2771 2053 2810 non
2086 2760 2211 2811 erat

558 2842 720 2900 ﬁlius
735 2843 884 2916 ejus.
922 2842 1033 2900 Ubi
1064 2848 1266 2900 autem
1292 2845 1365 2900 de
1397 2845 1622 2916 Joseph
1655 2844 1792 2900 fecit
1821 2844 2203 2912 mentionem,

549 2931 820 2992 ascendit
854 2936 910 2988 et
959 2933 1036 2988 ad
1086 2938 1318 3007 patrem
1361 2934 1601 3006 Joseph,
1635 2933 1852 2990 deinde
1910 2933 2090 2989 etiam
2131 2933 2209 2990 ad

549 3038 730 3080 avum
751 3021 903 3094 ejus,
929 3022 1078 3079 etad
1108 3038 1402 3095 proavum
1436 3038 1507 3079 ac
1537 3024 1801 3079 abavum
1834 3040 1848 3091 ;
1874 3029 1930 3079 et
1959 3022 2039 3080 ita
2063 3040 2210 3080 con-

547 3116 864 3186 sequenter
891 3111 1233 3184 regrediens
1259 3113 1526 3169 ascendit
1556 3129 1751 3186 usque
1779 3114 1993 3170 Adam.

621 3202 852 3258 Dictum
896 3207 985 3258 est
1038 3207 1239 3259 autem
1266 3202 1339 3258 de
1367 3202 1711 3274 hujusmodi
1748 3202 2100 3276 genealogia
2147 3205 2164 3260 i

546 3291 892 3365 primordiis
916 3292 1304 3363 genealogiaa,
1338 3309 1473 3366 quas
1525 3292 1689 3364 apud
1720 3293 2053 3350 Matthaeum
2098 3299 2205 3363 est,

548 3381 655 3437 ubi
697 3380 926 3447 dicitur,
968 3381 1117 3437 Filii
1157 3381 1376 3452 David,
1427 3383 1546 3450 ﬁlii
1573 3383 1875 3439 Abraham
1897 3383 1942 3418 ²⁸
1977 3400 1989 3438 :
2026 3391 2082 3439 et
2125 3381 2208 3439 ibi

549 3486 754 3544 quaere
791 3485 1044 3527 causam
1071 3470 1430 3526 diversitatis
1479 3486 1708 3528 earum.

625 3561 788 3616 Vers.
811 3562 900 3615 24.
919 3560 1029 3626 Qui
1045 3561 1162 3632 fuit
1181 3560 1302 3616 Eli.
1326 3560 1548 3632 Joseph
1571 3561 1671 3616 ﬁlii
1696 3561 1795 3618 Eli.
1817 3563 2036 3620 Verum
2063 3581 2210 3637 quo-

551 3649 737 3707 modo
753 3650 1060 3707 Mattheeus
1076 3648 1297 3722 Joseph
1313 3649 1500 3705 ﬁlium
1519 3649 1705 3706 dixitJ
1715 3651 1887 3722 acob,
1907 3657 2093 3710 Lucas
2111 3671 2213 3711 au-

557 3743 673 3796 tem
716 3754 879 3795 nunc
909 3738 1099 3795 ﬁlium
1148 3738 1228 3794 Eli
1255 3737 1450 3804 ‘i’Quia
1487 3745 1721 3797 mortuo
1750 3742 1832 3797 Eli
1860 3742 1990 3799 sine
2023 3744 2208 3816 prole,

550 3827 759 3898 Jacob,
777 3827 880 3901 qui
904 3827 1081 3884 frater
1101 3828 1228 3899 ejus
1261 3844 1332 3884 ex
1362 3829 1573 3884 eadem
1597 3835 1786 3886 matre
1809 3838 1953 3898 erat,
1973 3841 2212 3907 sumpta

552 3916 711 3974 illius
744 3933 928 3974 uxore
951 3917 1121 3990 juxta
1149 3917 1296 3988 legis
1321 3925 1706 3992 praeceptum,
1742 3924 1947 3992 genuit
1969 3925 2207 3997 Joseph,

552 4014 610 4062 et
637 4004 832 4062 factus
856 4011 944 4062 est
969 4005 1186 4080 Joseph
1230 4009 1360 4078 lege
1386 4008 1630 4080 quidem
1661 4009 1817 4065 ﬁlius
1846 4011 1944 4076 Eli,
1997 4019 2212 4071 natura

551 4110 689 4152 vero
727 4094 882 4151 ﬁlius
908 4095 1112 4152 Jacob.
1149 4100 1347 4169 Itaque
1376 4097 1681 4153 Matthaeus
1715 4101 2050 4158 naturalem
2081 4103 2210 4174 ejus

548 4188 784 4257 patrem
811 4184 1268 4258 scripsit.Lucas
1290 4201 1427 4242 vero
1448 4186 1725 4256 legalem,
1753 4191 2028 4262 utrinque
2051 4193 2208 4248 enim

547 4273 772 4348 Joseph
817 4275 1116 4333 invenitur
1177 4274 1412 4347 generis
1465 4275 1816 4334 relationem
1862 4279 2086 4336 habere
2131 4282 2209 4338 ad

548 4362 760 4422 David.

620 4575 782 4636 Vers.
813 4581 908 4638 24.
961 4578 1072 4647 Qui
1091 4579 1213 4650 fuit
1254 4580 1548 4637 Matt/mn.
1589 4581 1779 4655 Ipsius
1803 4584 1887 4641 Eli
1929 4584 2032 4642 ﬁlii
2061 4589 2207 4644 Mat-

548 4667 720 4725 than.
752 4669 869 4726 Sed
897 4670 1206 4742 quomodo
1239 4673 1804 4748 rursumMalthaaus
1832 4674 2096 4733 Mattlian
2123 4678 2209 4734 di-

549 4757 631 4814 cit
664 4762 894 4830 patrem
917 4759 1116 4825 Jacob,
1152 4760 1341 4816 Lucas
1371 4765 1572 4817 autem
1599 4777 1761 4818 nunc
1787 4771 2020 4836 patrem
2064 4767 2208 4824 dicit

548 4846 680 4905 Eli?
710 4849 859 4914 Quia
885 4847 1032 4905 alius
1065 4848 1174 4905 fuit
1199 4847 1457 4905 Matthan
1491 4849 1602 4906 iste
1631 4856 1688 4907 et
1728 4852 1881 4909 alius
1915 4854 2036 4911 ille.
2084 4856 2205 4914 Ma-

620 4973 664 5009 ³⁷
690 4973 891 5032 Matth.
927 4988 1009 5039 in,
1044 4973 1096 5026 l.
1129 4973 1175 5008 ³⁸
1199 4974 1394 5031 Matth.
1433 4990 1471 5042 1,
1510 4981 1561 5032 l.

2249 329 2574 397 ZlGABENl
3811 350 3907 409 908

2249 467 2294 522 A
2398 474 2500 523 καὶ
2565 471 2717 532 αὐτὸς
2774 502 2841 509 -
2909 470 3204 544 τριάκοντα.
3268 475 3393 542 Περὶ
3468 475 3652 525 τούτων
3720 480 3906 549 εἴρηται

2325 559 2489 620 καλῶς
2547 559 2597 611 ἐν
2673 559 2815 632 ἀρχῇ
2893 567 2982 611 τοῦ
3063 560 3308 633 ῥηθέντος
3369 565 3543 634 τρίτου
3626 565 3904 636 κεφαλαίου,

2325 651 2443 701 ἔνθα
2508 657 2675 701 κεῖται
2759 654 2834 701 τό.
2900 649 2980 702 Ἐν
3061 646 3118 701 δὲ
3192 657 3308 710 ταῖς
3369 651 3584 722 ἡμέραις
3650 662 3906 726 παραγίνε-

2324 757 2411 789 ται
2440 739 2676 801 Ἰωάννης
2719 741 2744 791 6
2788 743 3104 805 Βαπτιστὴς,
3135 741 3417 812 κηρύσσων
3455 737 3499 790 ἐν
3531 748 3591 812 τῇ
3626 741 3793 815 ἐρήμῳ
3821 754 3906 808 τῆς

2325 823 2608 890 Ἰουδαίας.

2402 915 2483 984 [Ὀ
2560 919 2842 991 τριάκοντά
2905 919 3014 988 (91)
3093 918 3244 980 οὗτος
3321 917 3538 990 ἀριθμός
3605 926 3791 993 χρόνον
3863 944 3908 976 τε

2325 1009 2414 1056 καὶ
2461 1009 2661 1078 φύσεως
2716 1009 2977 1070 αἰσθητῆς
3033 1014 3124 1059 καὶ
3187 1011 3382 1080 φύσεως
3435 1017 3618 1069 νοητῆς
3667 1007 3909 1085 dxi-tione

2324 1097 2416 1164 γόν
2487 1100 2575 1148 καὶ
2659 1102 2950 1169 προνοητὴν
3022 1097 3222 1168 εἰσάγει
3288 1101 3373 1148 τὸν
3437 1101 3642 1170 Κύριον.
3727 1106 3908 1172 Χρόνου

2325 1186 2436 1255 μὲν,
2471 1181 2563 1236 διὰ
2601 1194 2691 1237 τοῦ
2736 1186 2881 1238 ἑπτά·
2945 1183 3284 1258 ἐϐδοματικός
3339 1190 3440 1260 γὰρ
3500 1189 3524 1238 ό
3577 1193 3776 1260 χρόνοςο
3822 1194 3909 1261 φύ-

2329 1292 2458 1335 σεως
2511 1271 2569 1326 δὲ
2609 1275 2888 1342 αἰσθητῆς,
2950 1273 3044 1327 διὰ
3081 1284 3172 1327 τοῦ
3209 1280 3370 1328 πέντε·
3408 1273 3690 1334 πενταδικὴ
3739 1281 3832 1350 γὰρ
3882 1281 3907 1336 ἡ

2328 1364 2596 1424 αἰσθησις·
2660 1368 2856 1435 φύσεως
2921 1361 2978 1416 δὲ
3048 1372 3253 1431 νοητῆς,
3319 1362 3411 1416 διὰ
3463 1373 3554 1417 τοῦ
3605 1365 3752 1418 ὀκτώ·
3799 1369 3910 1440 ὑπὲρ

2325 1455 2423 1525 γὰρ
2456 1455 2540 1504 τὸν
2717 1458 2907 1526 χρόνον
2947 1455 3060 1514 (93)
3106 1454 3134 1511 ἡ
3180 1462 3278 1506 τῶν
3317 1463 3513 1512 νοητῶν
3551 1459 3765 1526 γένεσις·
3812 1457 3911 1528 (94)

2326 1549 2616 1615 προνοητην
2796 1541 2853 1596 δὲ
2900 1542 2994 1596 διὰ
3038 1552 3130 1596 τοῦ
3178 1541 3326 1609 δέκα,
3380 1541 3474 1597 διὰ
3521 1565 3575 1598 τε
3607 1550 3698 1604 τὴν
3729 1543 3915 1598 δεκάδα

2327 1641 2427 1684 τῶν
2482 1631 2690 1684 ἐντολῶν
2753 1634 2863 1703 (96)
2915 1633 2984 1696 εἰς
3037 1637 3092 1685 τὸ
3163 1630 3214 1686 εὖ
3274 1635 3402 1686 εἶναι
3454 1639 3574 1696 τοὺς
3633 1633 3915 1708 ἀνθρώπους

2327 1723 2633 1793 ἐνάγουσαν,
2683 1727 2772 1774 καὶ
2815 1719 2906 1775 διὰ
2953 1727 3011 1775 τὸ
3067 1722 3241 1798 ἀρχὴν
3281 1724 3411 1776 εἶναι
3468 1733 3560 1784 τῆς
3613 1723 3914 1798 ἀνθρωπίνης

2251 1825 2293 1883 Β
2326 1819 2416 1863 τοῦ
2470 1817 2662 1884 Κυρίου
2722 1819 3087 1887 προσηγορίας
3136 1817 3192 1864 τό
3247 1813 3392 1865 ἰῶτα.
3449 1816 3654 1876 Συνοεὶς
3709 1815 3792 1866 οὖν
3837 1819 3913 1866 τόν

2325 1901 2452 1953 ἑπτὰ
2483 1907 2571 1952 καὶ
2614 1906 2701 1952 τόν
2742 1907 2888 1954 πέντε
2929 1907 3015 1954 καὶ
3051 1907 3134 1954 τόν
3179 1903 3314 1954 ὀκτὼ
3353 1908 3443 1955 καὶ
3486 1907 3571 1955 τὸν
3623 1901 3767 1967 δέκα,
3815 1904 3914 1977 (97)

2322 1993 2408 2042 τόν
2471 1993 2772 2064 τριακονταπ
2814 1991 3130 2066 πληρώσεις,
3185 2001 3457 2065 μυστικῶς
3513 1995 3581 2045 τὰ
3637 1990 3916 2051 δηλωθέντα

2323 2081 2790 2152 ὑπαινιττόμενόν]

2392 2349 2728 2424 Ἀρχόμενος.
2757 2351 2866 2420 (98)
2890 2350 3157 2425 Ἀρχομος
3179 2359 3268 2412 τῆς
3291 2351 3361 2412 εἰς
3385 2355 3474 2403 τὸν
3490 2350 3610 2403 λαὸν
3629 2349 3919 2414 ἀναδέίξεως

2319 2438 2499 2504 αὐτοῦ,
2534 2448 2629 2499 τῆς
2662 2447 2877 2514 φανερᾶς
2913 2441 3028 2511 (99)
3067 2441 3329 2502 πολιτείας
3357 2442 3520 2493 αὑτοῦ
3667 2446 3798 2506 ﬁt“,
3831 2450 3919 2492 τῶν

2320 2533 2545 2600 σημείων
2576 2535 2664 2580 καὶ
2689 2539 2778 2590 τῆς
2811 2525 3162 2591 διδασκαλίας

2387 2617 2502 2685 ⁴Ων,
2554 2621 2618 2680 ὡς
2672 2618 2953 2692 ἐνομίζετο,
3011 2623 3120 2680 υἱός
3170 2621 3390 2692 Ἰωσήφ.
3462 2624 3549 2682 Ὠς
3604 2618 3772 2674 ἐδόκει
3826 2629 3921 2680 τοῖς

2319 2704 2614 2768 Ἰουδαίοις.
2682 2707 2763 2768 Ὠς
2820 2712 2921 2782 γὰρ
2969 2710 2997 2766 ἡ
3059 2707 3274 2766 ἀλήθεια
3331 2707 3497 2781 εἶχεν,
3554 2711 3648 2763 οὐκ
3710 2708 3769 2769 ἦν
3824 2712 3923 2770 υίὸς

2316 2797 2497 2850 αὐτοῦ.
2568 2798 2734 2850 Εἰπὼν
2803 2795 2863 2850 δέ
2920 2804 3036 2870 περὶ
3090 2807 3182 2850 τοῦ
3244 2798 3459 2872 Ἰωσὴφ,
3529 2800 3791 2853 ἀναϐαίνει
3840 2805 3922 2852 καὶ

2319 2885 2402 2939 ἐπὶ
2432 2890 2518 2938 τόν
2565 2891 2766 2960 πατέρα
2814 2896 2905 2938 τοῦ
2962 2889 3180 2960 Ἰωσὴφ,
3236 2885 3345 2940 εἶτα
3375 2895 3466 2940 καὶ
3523 2889 3607 2942 ἐπὶ
3646 2895 3732 2942 τόν
3795 2893 3922 2942 πάπ-

2316 2996 2410 3029 πον
2451 2976 2630 3045 αὐτοῦ,
2680 2982 2769 3028 καὶ
2815 2976 2900 3029 ἐπὶ
2929 2981 3014 3029 τόν
3059 2983 3393 3050 πρόπαππον,
3429 2984 3520 3031 καὶ
3569 2978 3652 3032 ἐπὶ
3695 2984 3778 3032 τόν
3817 2979 3924 3031 ἐπί-

2318 3086 2547 3137 παππον,
2577 3072 2666 3118 καὶ
2697 3067 2832 3118 οὕτω
2863 3066 3040 3118 λοιπόν
3066 3066 3422 3133 ἀναποδίζων,
3449 3071 3648 3122 ἄνεισιν
3680 3071 3813 3142 οἶχρι
3842 3077 3924 3121 τοῦ

2171 3220 2208 3260 n
2324 3152 2500 3228 Αδάμ.

2391 3247 2612 3319 Εἴρηται
2662 3242 2720 3298 δὲ
2765 3250 2882 3320 περὶ
2941 3254 3031 3306 τῆς
3080 3250 3325 3308 τοιαύτης
3381 3248 3722 3319 ﬁnale-yria;
3774 3248 3822 3300 ἐν
3862 3255 3927 3316 τῷ

2320 3342 2578 3410 προοιμίῳ
2644 3345 2731 3397 τῆς
2783 3339 2927 3408 παρὰ
2984 3345 3055 3406 τῷ
3112 3339 3366 3407 Ματθαίῳ
3418 3338 3772 3410 γενεαλογίας,
3822 3339 3932 3389 ἔνθα

2319 3433 2488 3478 κεῖται
2537 3430 2614 3477 re"
2674 3427 2796 3477 Υὶοῦ
2859 3423 3045 3491 Δαυὶδ,
3096 3428 3212 3478 υἱοῦ
3244 3426 3519 3502 Ἀϐραάμ·
3579 3429 3683 3483 Καὶ
3712 3429 3933 3489 ζήτησον

2320 3514 2425 3566 ἐκεῖ
2451 3521 2544 3573 τὴν
2584 3515 2778 3567 αἰτίαν.

2391 3612 2493 3656 Τοῦ
2552 3604 2710 3661 Ἡλεί.
2762 3605 2954 3677 Ἰωσὴφ
3010 3613 3101 3657 τοῦ
3154 3605 3313 3659 Ἢλεί.
3391 3607 3564 3660 Ἀλλὰ
3619 3616 3724 3670 πῶς
3774 3609 3799 3660 6
3849 3612 3932 3680 μὲν

2322 3696 2588 3754 Ματθαῐος
2659 3696 2769 3746 υἱὸν
2820 3703 2910 3746 τοῦ
2969 3694 3156 3747 Ἰακὼϐ
3206 3692 3314 3747 εἶπε
3366 3699 3457 3748 τὸν
3525 3700 3744 3770 Ἰωσήφ,
3806 3700 3830 3750 6
3882 3695 3936 3750 δε

2324 3790 2531 3846 Λουκᾶς
2585 3792 2692 3853 νῦν,
2742 3786 2852 3835 υἱὸν
2913 3792 3004 3836 τοῦ
3067 3783 3419 3851 Ἠλείμίιότι
3482 3796 3577 3840 τοῦ
3629 3788 3752 3840 nisi
3801 3807 3936 3840 τετε-

2320 3873 2629 3935 λευτηκότος
2709 3870 2952 3938 ἄπαιδος,
3033 3877 3057 3926 6
3103 3877 3417 3950 ὁμομήτριος
3491 3875 3718 3950 ἀδελφὸς
3785 3879 3935 3930 αὐτοῦ

2325 3963 2529 4028 Ἰακὼϐ,
2589 3963 2754 4015 λαϐὼν
2806 3969 2899 4022 τὴν
2945 3962 3136 4016 ἐκείνου
3175 3973 3401 4035 γυναῖκα
3452 3970 3594 4019 κατά
3630 3972 3720 4020 τὸν
3769 3973 3936 4041 νόμον,

2319 4057 2590 4124 γεγέννηκε
2656 4057 2741 4105 τὸν
2815 4053 3030 4124 Ἰωσὴφ,

3121 4059 3209 4106 καὶ
3293 4059 3496 4126 γέγονεν
3595 4059 3619 4109 ὁ
3725 4058 3935 4127 Ἰωσὴφ.

2319 4147 2456 4213 νόμῳ
2527 4145 2636 4213 μὲν,
2721 4144 2833 4204 υἱὸς
2917 4151 3007 4195 τοῦ
3059 4143 3216 4196 Ἠλεί⁶
3291 4148 3442 4214 φύσει
3515 4143 3597 4205 δὲ,
3671 4150 3786 4208 υἱός
3853 4154 3938 4198 τοῦ

2321 4230 2525 4284 Ἰακώϐ.
2565 4237 2662 4283 Καὶ
2706 4231 2883 4283 λοιπόν
2932 4235 3197 4292 Ματθαῑος
3243 4236 3351 4303 μὲν,
3405 4237 3492 4285 τόν
3536 4239 3694 4307 φύσει
3747 4241 3940 4308 πατέρα

2319 4321 2478 4373 αὐτοῦ
2504 4318 2779 4394 ἀνέγραψε·
2808 4327 3016 4383 Λουκᾶς
3041 4318 3119 4386 δὲ,
3144 4327 3229 4374 τὸν
3247 4328 3412 4395 νόμῳ.
3447 4330 3551 4377 Καὶ
3581 4324 3938 4402 ἀμφοτέρωθεν

2317 4412 2418 4484 γὰρ
2447 4411 2471 4462 ὁ
2504 4410 2692 4482 Ἰωσὴφ
2726 4413 3022 4483 εὑρίσκεται
3053 4417 3142 4470 τὴν
3170 4411 3429 4486 ἀναφορὰν
3471 4423 3566 4467 τοῦ
3592 4421 3778 4487 γένους
3808 4418 3938 4487 ἔχων

2250 4537 2279 4554 ν.
2319 4500 2402 4554 ἐπὶ
2440 4504 2517 4553 τόν
2551 4498 2743 4554 Δαυῖδ.

2388 4598 2490 4644 Τοῦ
2558 4593 2797 4647 Ματθοίν.
2858 4594 2960 4646 Τοῦ
3013 4593 3171 4658 Ἠλεὶ,
3234 4602 3325 4646 τοῦ
3371 4596 3488 4647 υἱοῦ
3550 4605 3646 4649 τοῦ
3704 4597 3934 4650 Ματθαν.

2317 4681 2474 4736 Ἀλλὰ
2548 4681 2722 4746 πάλιν,
2804 4691 2910 4742 πῶς
2974 4687 3059 4735 τὸν
3119 4686 3334 4736 Ματθάν
3407 4687 3431 4736 6
3509 4691 3604 4757 μέν
3679 4688 3939 4743 Ματθαῐος

2315 4776 2516 4844 πατέρα
2562 4771 2697 4842 λέγει
2749 4781 2839 4825 τοῦ
2885 4771 3097 4825 Ἰακωϐ.
3150 4775 3174 4824 6
3225 4769 3285 4826 δὲ
3335 4781 3542 4836 Λουκᾶς
3592 4784 3707 4841 νῦν,
3746 4780 3942 4849 πατέρα

2315 4869 2406 4915 τοῦ
2461 4861 2804 4928 Ἢλεί;Διότι
2861 4861 3012 4925 ἄλλος
3075 4863 3222 4924 οὗτος
3279 4865 3304 4915 6
3351 4866 3574 4917 Ματϐἀν
3643 4871 3736 4918 καὶ
3795 4865 3942 4924 ἄλλος

1757 5123 1980 5193 Varia!
2033 5126 2358 5202 lectiones
2398 5144 2464 5202 et
2504 5143 2705 5201 notae.

620 5279 729 5354 (gl)
761 5281 890 5336 Haec
922 5284 1166 5354 uterque
1197 5282 1256 5338 in
1305 5282 1598 5353 margine.

643 5350 737 5426 92)
759 5357 870 5426 Τεδν
900 5350 1127 5426 χρόνιόν·
1160 5359 1222 5426 Αο

645 5421 731 5489 93)
757 5421 1100 5507 Men—lenius!
1148 5425 1382 5507 videtur
1417 5424 1636 5507 legisse
1670 5433 1918 5507 :_Miprv
1945 5434 2046 5507 γὰρ
2079 5435 2206 5505 ὑπερ

545 5493 878 5570 τὸνᾷχρόνον,
901 5497 988 5546 τὸν
1020 5491 1054 5547 δ
1059 5497 1114 5570 ια
1138 5497 1268 5550 ἑπτὰ
1291 5491 1674 5570 προχωροῦντα
1701 5501 1754 5558 ἡ.

621 5563 738 5636 (94)
769 5569 1037 5628 Γέννησις.
1078 5567 1145 5624 Β.
1331 5563 1340 5570 ’
1394 5563 1435 5570 ﬂ
1481 5563 1492 5570 ’
1615 5587 1622 5596 '

620 5638 734 5712 (9.5)
768 5636 1028 5712 Intellige
1054 5639 1274 5712 εἰσάγει.
1359 5663 1371 5677 ο

621 5711 734 5782 (96)
764 5712 870 5768 Τήν
901 5709 1128 5767 videtur
1157 5709 1658 5786 interponendum
1715 5730 1875 5773 esse.

2392 5294 2507 5438 (97)
2543 5294 2804 5366 Intellige
2833 5295 3068 5372 ἀριθμόν,
3105 5295 3266 5369 quod
3313 5297 3645 5354 Hentenius
3687 5293 3944 5355 addidit.

2413 5367 2504 5438 98)
2547 5368 2641 5421 Βιε
2659 5367 2956 5438 deinceps
2986 5367 3263 5438 ἐρχόμενος
3283 5369 3515 5424 videtur
3545 5369 3774 5438 legisse
3797 5369 3944 5426 Hen-

2413 5367 2504 5448 98)
2547 5367 2965 5448 Qis‘deinceps
2986 5367 3263 5441 ἐρχόμενος
3283 5369 3515 5424 videtur
3545 5369 3774 5441 legisse
3797 5369 3948 5426 Hen-

2320 5437 3110 5587 teililigi'MMagcicinterpretatio
3141 5510 3365 5585 optime
3398 5510 3702 5586 applicari
3748 5513 3948 5587 potest

2317 5579 2612 5639 voeabula
2644 5579 2995 5646 Ἀναδείξεως.
3032 5579 3238 5651 Lucfi,
3281 5587 3348 5641 80

2387 5654 2464 5730 (1)
2503 5653 2676 5710 Αὐτοῦ
2708 5653 2925 5712 omittit
2965 5653 3030 5712 Β.
