4074 6408
173 410 259 470 909
1222 407 1594 468 COMMENT.
1637 405 1709 460 IN
1751 401 2012 460 LUGAM.
2057 438 2124 448 —
2163 411 2314 465 CAP.
2359 411 2452 467 IV.

3416 413 3524 471 910

174 543 350 603 ἐκεῖνος.
397 540 504 598 Τὴν
552 541 656 611 γὰρ
689 542 886 612 μητέρα
915 546 1006 591 τοῦ
1057 537 1196 591 Ἠλεὶ
1247 542 1334 590 καὶ
1396 543 1488 588 τοῦ
1545 529 1752 595 Ἰακὼϐ,

1886 546 2010 588 rem
2034 533 2337 606 siquidem
2369 535 2559 608 ipsius
2581 535 2662 591 Eli
2691 538 2746 592 et
2771 536 2953 593 Jacob
2980 536 3242 609 primum
3274 536 3522 594 duxitin

171 641 323 701 πρῶτα
375 635 463 702 μὲν
523 632 715 701 ἔγημεν
767 630 792 680 ὀ
853 633 994 702 παρά
1047 637 1118 697 τῷ
1176 633 1357 698 Λουκᾷ
1410 626 1627 678 Ματθαν
1673 622 1756 673 οῦ-

171 741 255 786 79;,
291 725 376 772 καὶ
407 719 644 790 ἐγέννησε
701 722 788 770 τὸν
820 717 960 770 Ἡλεί
989 739 999 750 ·
1065 715 1172 770 εἶτα
1224 716 1572 776 αποθανόντος
1631 715 1756 766 ἑκεί-

167 831 261 874 νου,
289 816 460 882 χήραν
495 810 660 860 οὖσαν
699 809 924 878 ἠγάγετο
961 811 1154 864 ταύτην
1183 809 1206 858 ὸ
1235 810 1377 882 παρὰ
1402 815 1472 876 τῷ
1501 807 1754 874 Ματθαίῳ

169 902 359 953 Ματθαν

169 986 221 1041 δε
280 992 594 1058 συγγενείας,

713 905 807 959 τῆς
857 897 1018 959 αὐτῆς
1081 901 1169 968 μὲν
1220 897 1381 968 φυλῆς
1431 900 1519 964 ὧν,
1582 895 1756 968 ἐτέρας

1573 983 1752 1035 λοιπον

428 898 631 959 ἐκεῖνος,

679 992 764 1038 καὶ
821 985 1056 1057 ἐγέννησε
1127 991 1211 1038 τὸν
1291 985 1512 1039 Ἰακώϐ·

167 1079 259 1144 οῦν,
317 1078 453 1130 Ἠλεὶ
509 1082 600 1128 καὶ
673 1075 860 1128 Ἰακὼϐ
934 1078 1246 1148 ὁμομήτριοι
1331 1079 1440 1148 μὲν,
1517 1075 1754 1149 ἐτεροποξ-

166 1187 286 1239 τριοι
331 1163 410 1219 δέ.
455 1167 742 1236 Ἀνςίγονσι
801 1162 860 1218 δὲ
912 1170 967 1217 τέ
1021 1170 1182 1236 γένος,
1239 1167 1263 1216 ὁ
1317 1169 1405 1237 μὲν
1460 1171 1550 1216 τοῦ
1613 1163 1752 1216 Ἠλεὶ

166 1262 339 1331 πατὴρ,
399 1255 484 1308 ἐπὶ
553 1255 734 1317 Ῥησα,
788 1259 871 1307 τὸν
932 1257 1042 1306 υἱὸν
1104 1263 1194 1306 τοῦ
1247 1252 1634 1327 Ζοροϐάϐελ·ὁ
1695 1249 1752 1304 δὲ

164 1346 452 1399 τοῦἸακώϐ
481 1350 676 1419 πατὴρ,
735 1343 816 1396 ἐπὶ
868 1342 1083 1398 Ἀϐιοῦὸ
1123 1350 1209 1396 τον
1258 1347 1367 1396 υἱον
1417 1345 1608 1415 ὁμοίως
1661 1349 1750 1393 τοῦ

163 1434 455 1511 Ζοροϐάϐελ,
511 1439 595 1486 καὶ
659 1433 938 1508 ἀμφότεροι
1008 1431 1066 1486 δὲ
1124 1433 1208 1486 ἐπὶ
1274 1438 1358 1485 τον
1440 1431 1748 1504 Ζοροϐάϐελ,

164 1527 321 1600 ἀφόὗ
351 1529 419 1578 τὰ
461 1522 557 1578 δύο
600 1530 722 1596 γένη
774 1533 940 1577 ταῦτα
989 1523 1341 1596 ἐσχίσθησαν.
1384 1528 1481 1576 Καὶ
1521 1522 1649 1575 ἄλλα
1695 1519 1753 1575 δὲ

159 1619 360 1671 τοιαῦτα
432 1615 563 1667 εἰσιν
640 1613 688 1666 ἐν
742 1621 858 1676 ταῖς
923 1623 1020 1667 τῶν
1091 1614 1461 1686 εῦαγγελιστὼν
1520 1611 1752 1684 γενεαλο-

160 1712 309 1778 γίαις.

223 1803 320 1849 Τοῦ
368 1798 498 1848 Λευῖ
535 1825 603 1836 -
646 1802 737 1847 τοῦ
781 1799 940 1866 Νηρί,
992 1797 1090 1847 Τὸν
1135 1793 1394 1852 Σαλαθιήλ
1433 1792 1457 1846 ὁ
1489 1795 1578 1865 μὲν
1616 1799 1758 1846 Ματ-
1794 1802 1834 1857 Β

163 1889 297 1948 Baio;
362 1888 474 1937 υἱὸν
541 1892 630 1936 τοῦ
690 1887 941 1955 Ἰεχονίου
1144 1884 1432 1955 ὠνομασεν,
1497 1886 1564 1945 ὡς
1621 1887 1756 1935 κατὰ

160 1979 304 2046 φύσιν
344 1977 456 2026 υἱὸν
498 1975 657 2027 αὐτοῦ
691 1991 703 2005 ⁸
736 1977 761 2025 ὸ
809 1971 867 2026 δε
905 1980 1112 2034 Λουκᾶς
1159 1981 1246 2024 νῦν
1295 1976 1405 2024 υἱὸν
1452 1981 1537 2024 τοῦ
1593 1977 1752 2047 Νηρὶ,

160 2070 222 2126 ὡς
267 2068 400 2117 κατὰ
451 2069 627 2136 νόμον.
689 2064 972 2134 Ἀνοίγουσι
1022 2059 1081 2115 δε
1139 2068 1227 2114 καὶ
1281 2063 1424 2114 οὗτοι
1480 2067 1536 2114 τὸ
1589 2066 1751 2134 γένος,

159 2158 182 2208 ὁ
224 2159 308 2227 μεν
368 2160 526 2229 Napi,
579 2153 662 2206 ἐπὶ
720 2155 900 2206 Νάθαν
951 2157 1036 2204 τὸν
1086 2154 1198 2204 υἱὸν
1237 2161 1328 2204 τοῦ
1390 2149 1643 2205 Δαυίὃοὸ
1697 2150 1754 2205 δὲ

161 2246 404 2317 Ἰεχονίας
486 2243 570 2294 ἐπὶ
653 2242 974 2315 Σολομῶντα,
1055 2246 1140 2293 τὸν
1228 2245 1337 2293 υἱὸν
1411 2244 1596 2314 ὁμοίως
1663 2252 1753 2295 τοῦ

160 2331 336 2404 Δαυὶὸ,
366 2338 457 2385 καὶ
485 2331 763 2406 ἀμφότεροι
789 2327 848 2383 δὲ
873 2332 1024 2383 πάλιν
1064 2329 1146 2382 ἐπι
1173 2335 1254 2382 νον
1290 2330 1476 2385 Δαυῖιῖ.

219 2431 320 2477 Τοῦ
351 2422 527 2494 Μιλχὶ
579 2455 646 2464 —
698 2429 789 2474 τοῦ
835 2419 1030 2494 Ἀδάμ.
1085 2423 1208 2475 Ἀπὸ
1265 2431 1356 2475 τοῦ
1411 2428 1522 2476 νέου
1582 2421 1756 2496 Ἀδὰμ

157 2513 452 2589 ἀρξάμενος,
521 2511 706 2570 ἀνῆλθε
779 2511 1086 2582 γενεαλογῶν
1156 2513 1291 2586 ἄχρι
1368 2520 1457 2564 τοῦ
1533 2513 1754 2566 παλαιοῦ

158 2601 343 2674 Ἀδάμ.
405 2606 511 2660 Τὴν
569 2602 740 2653 αἰτίαν
808 2604 867 2653 οὲ
914 2603 1221 2673 μεμάθηκας
1281 2601 1328 2653 ἐν
1379 2610 1447 2672 τῷ
1500 2609 1756 2675 προοιμίῳ

154 2703 238 2753 τῆς
301 2695 448 2765 παρὰ
504 2700 575 2761 τῷ
648 2694 902 2763 Ματθαίῳ
973 2690 1320 2762 γενεαλογίας,
1396 2694 1514 2744 ἔνθα
1591 2700 1756 2745 κεῖται

153 2789 206 2836 τό
235 2801 247 2813 ·
281 2785 408 2836 Υἰοῦ
437 2777 624 2846 Δαυίὸ,
658 2783 774 2833 υἱοῦ
815 2781 1051 2856 Αϐραοὲμ.

218 2880 323 2925 Τοῦ
382 2879 536 2924 Θεοῦ.
595 2878 698 2924 Τοῦ
748 2867 942 2942 Ἀδὰμ,
1001 2879 1092 2922 τοῦ
1160 2876 1214 2922 ἐκ
1270 2879 1360 2923 τοῦ
1425 2880 1576 2925 Θεοῦ.
1653 2879 1755 2925 Τοῦ

155 2959 326 3031 Ἀδὰμ
373 2965 472 3033 γὰρ
529 2961 622 3012 οῦκ
674 2964 788 3013 ἔστι
831 2966 1005 3032 πατὴρ
1055 2962 1340 3033 ἄνθρωπος,
1399 2961 1502 3012 αλλ’
1553 2964 1576 3012 ὁ
1627 2965 1756 3024 Θεὸς

154 3053 369 3104 ἔπλασεν
412 3052 586 3104 αὐτὸν.
629 3049 767 3124 Ὀρα
806 3047 884 3119 δὲ,
940 3053 1020 3102 ὅτι
1071 3048 1172 3102 ἀπὸ
1222 3061 1310 3112 τῆς
1364 3051 1757 3126 ἀνθρωποτητος
1790 3052 1829 3108 C

155 3150 242 3193 τοῦ
292 3144 522 3214 Χριστοῦ
578 3139 876 3214 ἀρξάμενος,
929 3141 995 3201 εἰς
1036 3145 1128 3198 τὴν
1185 3143 1404 3198 θεοῖ-ητα
1461 3142 1619 3194 αὑτοῦ
1672 3147 1756 3195 τὸν

152 3231 302 3302 λογον
354 3239 444 3291 τῆς
487 3231 816 3301 γενεαλογίας
861 3230 1110 3302 ἀνήγαγε,
1160 3227 1338 3294 δείξας
1401 3236 1486 3283 τὸν
1529 3238 1756 3306 Χριστὸν

155 3322 408 3396 ἠργμένον
459 3325 569 3386 μὲν,
615 3322 683 3382 ὡς
732 3321 1022 3394 ἄνθρωπον,
1077 3322 1308 3394 ἄναρχον
1364 3319 1440 3388 δὲ,
1487 3324 1554 3384 ὡς
1607 3330 1754 3376 Θεὸν.

316 3527 460 3574 ΚΕΦ.
503 3519 574 3573 Ζ’.
617 3524 738 3592 Περὶ
769 3529 858 3573 τοῦ
889 3529 1182 3594 πειρασμοῦ
1223 3529 1313 3574 τοῦ
1344 3529 1595 3596 Σωτῆρος.

223 3648 434 3708 Ἰησοῦς
499 3678 555 3688 -—
619 3643 891 3704 διαϐόλου.
950 3647 1160 3720 Πλήρης
1234 3651 1528 3720 Πνεῦμα-τος
1583 3649 1756 3722 ἁγίου,

149 3741 230 3790 ἶνα
307 3740 571 3810 μάθωμεν,
650 3738 728 3788 ὅτι
798 3743 1004 3810 Πνεῦμα
1072 3738 1220 3808 ἅγιον
1269 3739 1592 3811 λαμϐάνομεν
1658 3739 1758 3792 ἀπὸ

147 3835 237 3879 τοῦ
268 3829 409 3879 θείου
443 3825 829 3898 βαπτίσματος.
874 3826 1164 3898 Ἀνοίγνωθι
1195 3824 1252 3880 δὲ
1300 3834 1390 3880 καὶ
1439 3828 1484 3880 ἐν
1534 3838 1604 3899 τῷ
1657 3835 1762 3900 τρί-

149 3936 215 3987 τ’)
246 3916 510 3990 κεφαλαίῳ
546 3924 634 3968 τοῦ
665 3920 801 3968 κατα
849 3918 1113 3969 Ματθαῐον
1171 3923 1263 3974 τὴν
1318 3916 1568 3990 ἐξήγησιν
1622 3928 1712 3971 τοῦ
1743 3939 1753 3948 ’

147 4013 276 4059 Τοτε
335 4008 363 4060 ὁ
416 4007 620 4066 Ἰησοῦς
679 4006 889 4078 ἀνήχθη
952 4005 1022 4069 εἰς
1086 4012 1178 4065 τὴν
1238 4009 1427 4081 ἔρημον
1493 4010 1593 4061 ῦπὸ
1669 4019 1760 4062 τοῦ

151 4101 461 4168 πνεύματος,
496 4098 846 4169 πειρασθῆναι
873 4097 970 4148 ὑπὸ
1011 4104 1101 4148 τοῦ
1135 4093 1403 4152 διαϐόλου.

221 4191 341 4260 Χρὴ
388 4183 446 4239 δὲ
487 4192 783 4258 γινώσκειν,
839 4187 918 4237 ὅτι
963 4187 990 4243 ἠ
1046 4185 1380 4261 ἀνθρωττοι-ης
1434 4197 1524 4240 τοῦ
1584 4196 1762 4248 Σωτῆ-

147 4296 236 4348 ρος
298 4278 475 4351 ὥσπερ
537 4271 862 4328 διδάσκαλον
917 4272 1029 4347 εἶχε
1094 4279 1151 4327 τὸ
1211 4284 1420 4350 Πνεῦμα
1485 4282 1538 4331 τὸ
1593 4280 1760 4351 ἅγιον,

150 4367 260 4438 οὐχ
303 4371 376 4428 ὡς
420 4374 515 4428 τῆς
554 4367 819 4438 ἡνωμένης
846 4364 985 4436 αὐτῷ
1032 4367 1270 4428 θεότητος
1323 4368 1414 4419 οῦκ
1458 4368 1720 4440 ἀρκούσης
1748 4392 1760 4404 ο

1867 638 2110 680 uxorem
2141 626 2236 682 hic
2268 627 2554 692 Matthan,
2587 626 2662 681 de
2700 642 2821 698 quo
2847 626 3059 693 Lucas,
3083 633 3140 682 et
3161 628 3368 698 genuit
3392 626 3476 683 Eli
3505 644 3518 683 :

1863 712 2078 770 deinde
2101 714 2228 786 jam
2274 717 2515 772 viduam
2566 717 2735 772 duxit
2767 717 2923 772 hanc
2971 717 3229 774 Matthan
3261 717 3382 782 ille,
3418 719 3525 790 qui

1863 803 2028 875 apud
2051 805 2385 862 Mattheeum
2405 807 2665 878 ponitur,
2682 822 2820 862 cum
2840 811 2996 864 esset
3016 808 3086 863 de
3109 808 3319 864 eadem
3343 807 3518 873 tribu,

1862 907 2216 965 quanquam
2249 895 2321 950 de
2381 895 2500 952 alia
2547 895 2922 966 cognatione,
2977 900 3033 952 et
3061 896 3267 969 genuit
3312 895 3521 953 Jacob.

1863 981 1948 1037 Eli
1978 982 2181 1056 itaque
2208 988 2264 1040 et
2287 984 2471 1041 Jacob
2502 985 2579 1042 ab
2627 985 2842 1042 eadem
2874 985 2995 1042 nati
3027 991 3164 1043 sunt
3194 990 3403 1053 matre,
3431 985 3525 1043 di-

1861 1073 2052 1128 versis
2102 1079 2297 1130 tamen
2359 1075 2650 1147 patribus.
2697 1076 3001 1132 Reducunt
3059 1081 3258 1134 autem
3308 1092 3518 1148 genus,

1862 1161 2120 1218 Matthan
2144 1163 2382 1235 quidem
2411 1169 2575 1236 pater
2593 1165 2674 1220 Eli
2696 1166 2774 1221 ad
2793 1169 2942 1222 Resa
2963 1165 3146 1222 filium
3167 1167 3520 1238 Zorobabel,

1861 1250 2121 1308 Matthan
2146 1269 2288 1309 vero
2329 1261 2492 1325 pater
2517 1254 2700 1310 Jacob
2726 1255 2804 1310 ad
2835 1256 3025 1311 Abiud
3054 1256 3314 1312 similiter
3335 1256 3520 1312 filium

1859 1341 2211 1409 Zorobabel,
2240 1348 2295 1398 et
2317 1349 2563 1416 uterque
2587 1345 2664 1400 ad
2686 1344 3030 1416 Zorobabel,
3061 1361 3097 1402 a
3118 1361 3234 1419 quo
3263 1346 3376 1402 duo
3393 1345 3524 1401 haec

1862 1444 2083 1499 genera
2108 1430 2300 1489 divisa
2324 1437 2481 1489 sunt.
2513 1433 2640 1490 Alia
2659 1450 2898 1508 quoque
2931 1435 3151 1493 similia
3178 1436 3236 1492 in
3263 1438 3527 1506 Evange-

1861 1518 2133 1577 listarum
2166 1521 2535 1594 genealogiis
2573 1522 2888 1582 habentur.

1936 1845 2093 1899 Vers.
2118 1842 2205 1900 24.
2232 1843 2341 1912 Qui
2351 1843 2474 1914 fuit
2505 1843 2650 1902 Levi
2666 1875 2732 1886 -
2755 1845 2921 1902 Vers.
2945 1848 3039 1904 27.
3073 1849 3174 1920 qui
3195 1849 3321 1918 fuit
3350 1848 3520 1906 Neri.

1867 1933 2146 1990 Salathiel
2175 1935 2481 1990 Matthmus
2507 1934 2696 1991 ﬁlium
2721 1936 3019 1993 Jechonite
3050 1939 3402 2008 nominavit,
3437 1944 3526 1996 ut-

1866 2029 2002 2096 pote
2025 2024 2362 2080 naturalem
2389 2025 2518 2095 ejus
2535 2024 2725 2080 ﬁlium
2749 2044 2761 2093 ;
2785 2025 2978 2082 Lucas
3002 2043 3138 2083 vero
3166 2044 3321 2084 nunc
3343 2027 3522 2083 ﬁlium

1866 2113 2016 2182 Neri,
2052 2118 2341 2185 tanquam
2373 2113 2650 2183 legalem.
2680 2115 2985 2171 Reducunt
3007 2121 3208 2173 autem
3247 2122 3304 2172 et
3330 2117 3390 2172 hi
3424 2134 3527 2188 ge-

1865 2219 2000 2266 nus,
2029 2203 2161 2258 Neri
2189 2203 2429 2274 quidem
2456 2203 2534 2259 ad
2573 2204 2807 2261 Nathan
2845 2205 3033 2262 ﬁlium
3067 2205 3281 2272 David,
3322 2207 3527 2264 Jecho-

1865 2292 1998 2347 nias
2029 2307 2170 2347 vero
2194 2291 2270 2347 ad
2293 2291 2699 2358 Salomonem,
2721 2294 2912 2350 ﬁlium
2941 2295 3206 2351 similiter
3235 2296 3439 2362 David,
3469 2301 3527 2354 et

1865 2397 2076 2437 rursus
2109 2385 2357 2453 uterque
2383 2383 2460 2436 ad
2497 2381 2701 2440 David.

1938 2471 2100 2528 Vers.
2125 2471 2221 2526 28.
2259 2471 2374 2537 Qui
2418 2471 2536 2543 fuit
2562 2472 2781 2529 Male/ti
2831 2505 2900 2514 —
2941 2475 3098 2530 Vers.
3129 2473 3216 2530 38.
3263 2475 3369 2547 qui
3403 2475 3526 2546 fuit

1864 2560 2082 2617 Adam.
2107 2563 2152 2615 A
2183 2577 2342 2617 novo
2365 2562 2560 2618 Adam
2589 2563 2882 2636 incipiens
2911 2563 3178 2620 ascendit
3198 2565 3528 2634 generatio-

1866 2665 2004 2705 nem
2031 2650 2288 2705 texendo
2313 2666 2501 2723 usque
2525 2650 2601 2706 ad
2629 2661 2901 2709 veterem.
2938 2656 3195 2710 Causam
3214 2657 3414 2711 autem
3442 2653 3528 2709 di-

1866 2739 2062 2795 dicisti
2084 2739 2144 2794 in
2177 2740 2518 2810 primordiis
2535 2742 2920 2813 genealogiae,
2949 2759 3130 2814 quam
3153 2744 3354 2799 retexit
3387 2742 3530 2800 Mat-

1868 2829 2078 2893 thaeus,
2116 2829 2216 2884 ubi
2254 2829 2470 2884 dicitur
2499 2829 2639 2886 Filii
2666 2832 2882 2897 David,
2906 2832 3020 2901 ﬁlii
3051 2833 3356 2890 Abraham
3383 2836 3454 2888 ’9.

1945 2905 2212 2973 Vers‘38.
2248 2919 2363 2985 Qui
2388 2919 2510 2988 fuit
2557 2919 2679 2974 Dei.
2717 2923 2907 2992 Ipsius
2956 2921 3168 2988 Adam,
3203 2922 3308 2994 qui
3350 2922 3458 2978 fuit
3492 2939 3528 2978 a

1870 3007 2014 3063 Deo.
2055 3011 2254 3080 Neque
2285 3008 2445 3063 enim
2487 3009 2600 3080 ipsi
2632 3010 2821 3064 Adam
2848 3009 3146 3083 fuitpater
3183 3012 3385 3077 homo,
3423 3011 3528 3067 sed

1871 3099 2023 3152 Deus
2054 3096 2327 3152 formavit
2352 3113 2510 3162 eum.
2537 3097 2679 3154 Vide
2704 3103 2926 3166 autem,
2952 3100 3109 3172 quod
3132 3116 3166 3156 a
3189 3100 3401 3157 Christi
3441 3102 3529 3156 in-

1868 3186 2088 3243 choans
2111 3187 2491 3250 humanitate,
2523 3205 2862 3245 sermonem
2889 3191 3216 3247 reduxitad
3231 3191 3360 3264 ejus
3387 3192 3528 3248 divi-

1868 3279 2117 3333 nitatem
2143 3296 2154 3332 :
2180 3281 2599 3334 demonstrans
2626 3279 2941 3348 Christum,
2971 3286 3032 3336 ut
3064 3281 3370 3337 hominem
3397 3283 3528 3354 qui-

1867 3366 2008 3424 dem
2037 3367 2348 3440 incepisse,
2380 3373 2440 3424 ut
2471 3369 2658 3425 Deum
2691 3385 2832 3426 vero
2878 3385 3074 3426 carere
3102 3371 3419 3444 principio.

2153 3512 2310 3568 CAP.
2346 3512 2455 3569 VII.
2483 3513 2567 3570 De
2597 3514 3021 3572 lentationibus
3045 3515 3205 3624 Jesiu.

1939 3655 2093 3711 CAP.
2155 3655 2246 3712 IV.
2286 3657 2433 3712 Vers
2489 3657 2540 3711 1.
2595 3656 2790 3713 Iesus.
2837 3658 3094 3715 —Vers.
3152 3658 3205 3715 2.
3252 3659 3519 3716 diabolo.

1871 3745 2086 3801 Plenus
2117 3745 2333 3817 Spiritu
2364 3752 2594 3812 sancto,
2628 3755 2688 3802 ut
2719 3747 2998 3814 sciamus,
3035 3748 3199 3821 quod
3244 3749 3527 3822 Spiritum

1870 3839 2147 3890 sanctum
2187 3834 2514 3907 accipimus
2566 3835 2625 3889 in
2684 3835 2886 3892 divino
2951 3836 3325 3908 baptismate.
3383 3839 3530 3908 Lege

1870 3932 2072 3981 autem
2105 3925 2270 3979 tertio
2293 3923 2484 3994 capite
2511 3925 2803 3994 Evangelii
2838 3926 3165 3982 secundum
3191 3926 3530 3982 Mattheeum

1871 4012 2297 4084 expositionem
2318 4011 2474 4068 illius
2498 4012 2678 4068 dicti:
2707 4015 2861 4069 Tunc
2900 4014 3112 4071 ductus
3151 4023 3235 4071 est
3273 4014 3440 4071 Iesus
3468 4015 3530 4072 in

1871 4104 2152 4160 desertum
2186 4118 2221 4158 a
2258 4103 2495 4172 spiritu,
2547 4109 2608 4158 ut
2643 4108 2966 4159 tentaretur
2995 4121 3032 4160 a
3068 4104 3288 4162 diabolo
3307 4106 3380 4162 ³ο.

1945 4193 2100 4248 Scire
2122 4200 2323 4248 autem
2343 4198 2594 4264 oportet,
2617 4193 2782 4264 quod
2813 4193 3161 4251 humanitas
3211 4194 3535 4250 Salvatoris

1875 4289 2155 4355 tanquam
2181 4281 2529 4350 magistrum
2553 4281 2760 4338 habuit
2777 4281 3061 4354 Spiritum
3093 4289 3391 4351 sanctum,
3412 4299 3535 4339 non

1875 4373 2035 4446 quod
2061 4372 2225 4428 unita
2256 4371 2368 4426 sibi
2398 4370 2674 4427 divinitas
2705 4388 2826 4428 non
2857 4372 3176 4437 sufﬁceret,
3196 4372 3300 4429 sed
3324 4390 3534 4445 quem-

147 4457 282 4509 αλλὰ
358 4458 594 4529 καθάπερ
646 4452 863 4528 εὐδοκία
935 4463 1025 4508 τοῦ
1082 4461 1284 4529 Πατρός
1334 4457 1760 4532 ἐνηνθρώπησεν·

1881 4434 2204 4520 admodum
2252 4461 2440 4516 Patris
2488 4460 2864 4534 beneplacito
2913 4434 3258 4519 incarnatus
3309 4434 3414 4529 est,
3460 4464 3540 4521 ita

144 4546 285 4599 οὕτω
325 4552 421 4598 καὶ
478 4551 725 4618 συνεργίᾳ
763 4553 854 4597 τοῦ
894 4545 1046 4617 ἁγίου
1109 4550 1404 4620 Πνεῦματος
1462 4549 1763 4616 ἐτελειοῦτο,

145 4637 231 4689 ἵνα
319 4641 380 4689 τὸ
444 4637 664 4708 ὁμοφυες
731 4635 898 4688 αὐτῶν
959 4633 1153 4709 δειχθῇ
1225 4643 1315 4690 καὶ
1368 4639 1444 4710 (3)

142 4726 323 4785 ληλον.

220 4821 329 4870 Καὶ
381 4815 476 4868 οῦκ
525 4847 592 4856 -
625 4822 779 4870 Θεοῦ.
835 4815 967 4870 Ἐκεῖ
1017 4823 1186 4869 ταῦτα
1222 4819 1392 4872 πάντα
1443 4824 1575 4874 κατά
1617 4820 1767 4894 λόγον

145 4907 592 4980 ἠρμηνεύθησαν,

223 5002 330 5049 Καὶ
402 4995 674 5067 ἀναγαγὼν
747 5028 815 5036 --
853 4995 1173 5071 λατρεύσεις.
1242 5002 1342 5052 Καὶ
1400 5004 1514 5074 περὶ
1575 5005 1769 5054 τούτων

145 5088 368 5138 πάντων
414 5084 463 5137 ἐν
491 5083 662 5156 ἐκείνῳ
707 5095 777 5156 τῷ
807 5087 1066 5160 κεφαλαίῳ
1102 5093 1405 5161 σαφέστατα
1436 5094 1638 5165 εἴρηται
1669 5094 1768 5164 (4),

219 5211 270 5246 ³³
309 5208 520 5266 Matth.
553 5224 592 5279 ι,
631 5214 678 5264 t.
712 5209 760 5245 ³ο
788 5209 989 5266 Matth.
1023 5225 1101 5277 1v,
1136 5211 1187 5266 1.

1524 4642 1768 4714 φανερά).-

1815 4604 1852 4632 ι,
1878 4552 2291 4624 cooperatione
2317 4550 2548 4622 Spritus
2579 4551 2768 4606 sancti
2818 4552 2998 4608 totius
3031 4553 3163 4608 vitae
3191 4553 3382 4624 ipsius
3411 4570 3541 4609 cur-

1847 4629 2132 4699 ‘riculum
2181 4649 2488 4712 peractum
2537 4647 2650 4708 est,
2702 4647 2761 4697 ut
2786 4641 3324 4710 demonstraretur,
3377 4646 3540 4717 quod

1883 4731 2143 4806 ejusdem
2164 4731 2278 4786 sint
2307 4731 2457 4786 inter
2490 4747 2551 4787 se
2599 4738 2842 4788 naturae.

1955 4823 2115 4878 Vers.
2151 4825 2202 4876 2.
2228 4823 2602 4894 Nihilque—
2623 4822 2793 4881 Vers.
2820 4825 2870 4878 4.
2906 4825 3033 4882 Dei.
3075 4825 3160 4881 Ibi
3179 4829 3231 4882 et
3255 4825 3385 4882 haec
3417 4842 3543 4882 om-

1883 4913 1981 4969 nia
2011 4913 2087 4968 ad
2129 4911 2381 4968 verbum
2403 4912 2707 4969 declarata
2728 4919 2892 4972 sunt.

1957 5003 2120 5059 Vers.
2145 5003 2282 5057 5.131
2313 5002 2596 5059 subduxit
2621 5001 2874 5059 —Vers.
2915 5004 2967 5058 8.
2986 5004 3234 5061 Servies.
3265 5003 3447 5059 Etiam
3470 5003 3544 5058 de

1885 5093 1978 5148 his
2005 5092 2290 5148 omnibus
2313 5091 2413 5147 illo
2454 5094 2647 5165 capite
2681 5093 3165 5162 manifestissime
3194 5095 3412 5152 dictum
3431 5099 3541 5160 est,

1419 5348 1640 5419 Variae
1668 5350 1994 5420 lectiones
2026 5359 2092 5420 et
2131 5361 2330 5419 notae.

208 5519 308 5665 g2)
342 5521 630 5593 Ἰεχωνίου.
665 5525 734 5574 Α.

236 5597 302 5665 3)
329 5599 460 5665 ίΚαὶ
491 5591 734 5665 φεράλληλ

236 5590 460 5668 3)}(521
491 5591 823 5668 φεράλληλον.
876 5590 941 5645 Β.
975 5590 1148 5668 ferri
1195 5595 1390 5664 potest
1421 5595 1772 5668 utrumque.

134 5662 612 5746 {deformatur
652 5681 700 5746 at
739 5667 924 5746 Zép‘sw,
971 5662 1118 5746 illud
1160 5662 1213 5746 ἐξ
1251 5671 1516 5746 φανεροῦν.
1569 5662 1779 5746 liente-

133 5737 288 5810 nius
305 5737 428 5794 hoc
451 5737 725 5810 exclusit.
744 5733 810 5792 'Si
827 5735 941 5790 hoc
957 5733 1268 5810 probetur,
1300 5733 1466 5810 φέρειν
1483 5736 1780 5810 accipien-

138 5806 299 5866 dum
335 5819 442 5884 est,
490 5816 554 5869 ut
583 5808 763 5867 Hebr.
794 5823 832 5878 ι,
863 5812 927 5863 3;
956 5807 1013 5860 ’Π
1047 5805 1170 5879 ἁγία
1190 5805 1523 5884 Τριὰς’φέρει
1561 5805 1775 5880 sumtu,

1888 5521 1949 5597 id
2006 5525 2112 5597 est,
2172 5520 2420 5597 ἐπαρκὴς,
2484 5521 2752 5597 αὐτάρνιης
2795 5519 2935 5575 ἐστὶν
2987 5523 3116 5582 αὑτὴ
3170 5521 3384 5589 ἑαυτῆς.
3433 5531 3551 5585 Aut

1887 5595 1917 5652 ἡ
2002 5593 2128 5665 ἁγία
2202 5593 2362 5671 Τριάς
2441 5596 2572 5654 αὐτὴ
2619 5593 2838 5652 ’ἑαυτὴν
2915 5603 3122 5669 φανεροῐ
3182 5604 3290 5660 τοῖς
3349 5599 3547 5676 ανθρώ-

1886 5684 2026 5719 ποις.

2067 5737 2242 5808 Loco,
2275 5740 2396 5794 ἔνθα
2435 5746 2605 5793 κεῖται
2641 5741 2724 5813 τὸ,
2757 5738 2940 5798 habet
2969 5741 3036 5808 A,
3078 5737 3126 5793 ἐν
3156 5748 3229 5816 τῷ
3256 5740 3441 5818 λέγειν,
