4074 6386
572 377 674 432 911

1923 370 2260 436 EUTHYMII
2299 370 2625 429 ZIGABENI

3819 375 3916 433 912

575 501 677 558 ubi
707 501 1253 560 habeturzlterum
1298 500 1610 572 assumpsit
1668 516 1799 558 eum
1853 498 2110 556 diabolus
2164 497 2215 552 in

2343 500 2458 550 ἔνθα
2499 507 2666 552 κεῖται
2705 503 2780 551 τό·
2819 498 2978 551 Πάλιν
3010 497 3403 574 παραλαμϐάνει
3442 498 3592 550 αῦτόν
3638 500 3661 550 ὁ
3694 496 3919 565 διάϐολος

573 599 827 650 montem
869 592 1163 649 excelsum
1195 592 1369 649 valde
1400 594 1468 644 ³¹.

645 681 816 740 Vers.
873 683 925 736 9.
981 681 1372 752 Duxilque—
1425 681 1586 736 Vers.
1645 679 1730 734 12.
1787 681 1967 738 Deum
2048 683 2223 732 tuum.

572 769 847 826 Similiter
875 777 930 826 et
959 769 1081 825 haec
1112 769 1212 826 illo
1246 771 1439 842 capite
1465 768 1882 825 convenienter
1913 765 2228 839 explanata

571 863 730 926 sunt,
774 859 878 915 ubi
935 859 1190 915 dicitur:
1229 861 1392 915 Tunc
1421 858 1654 915 assumit
1699 874 1829 914 eum
1869 856 2131 913 diabolus
2169 855 2227 908 in

548 939 825 1004 sanctam
847 949 1136 1005 civitatem
1157 951 1224 1004 ³³.

642 1036 804 1094 Vers.
835 1039 928 1096 13.
964 1037 1230 1110 Cumque
1256 1039 1598 1110 explevisset
1629 1070 1692 1079 —
1722 1044 1967 1106 tempus.
1996 1035 2224 1091 Dictum

567 1131 655 1182 est
687 1131 742 1182 et
788 1128 863 1184 de
905 1128 1018 1184 hoc
1077 1128 1321 1194 ibidem,
1358 1128 1459 1184 ubi
1488 1129 1741 1185 habetur
1777 1144 1789 1182 :
1824 1127 1972 1182 Tunc
2001 1124 2226 1180 dimisit

563 1230 696 1272 eum
735 1216 1013 1274 diabolus
1055 1219 1124 1274 ".

635 1305 798 1362 Vers.
836 1307 929 1362 14.
967 1307 1046 1362 Et
1076 1322 1346 1364 reversus
1376 1314 1532 1363 est—
1551 1307 1884 1363 Galilaeam.
1925 1305 1989 1360 In
2015 1302 2226 1358 virtute

562 1395 747 1450 unita:
779 1395 861 1451 ibi
892 1395 1238 1462 divinitatis,
1275 1396 1368 1452 vel
1399 1397 1577 1452 etiam
1615 1395 1797 1452 sancti
1833 1395 2082 1466 Spiritus
2118 1409 2129 1446 :
2166 1398 2229 1447 ut

563 1483 895 1550 discamus,
944 1485 1114 1557 quod
1170 1485 1274 1557 qui
1313 1485 1624 1542 diabolum
1669 1483 1892 1550 vicerit,
1947 1482 2226 1554 deinceps

564 1571 954 1630 conﬁrmatur
994 1573 1189 1630 divino
1226 1575 1436 1646 Spiritu
1469 1575 1548 1629 ad
1595 1573 1870 1631 facienda
1922 1572 2115 1644 signa.

2341 589 2407 648 εὶς
2429 593 2545 661 ὀρος
2571 589 2768 659 ὑψηλὸν
2795 589 2928 641 λίαν.

2414 683 2512 730 Καὶ
2543 683 2732 749 ἤγαγεν
2775 710 2841 717 -
2873 681 2999 731 Θεὸν
3035 697 3148 731 σου.
3186 677 3404 748 Ὀμοίως
3435 682 3522 729 καὶ
3566 685 3724 729 ταῦτα
3768 677 3811 728 ἐν
3858 688 3918 748 τῷ

2339 769 2555 836 τοιούτῳ
2604 768 2860 838 κεφαλαίῳ
2910 771 3276 839 προσηκόντως
3321 765 3760 837 ἐσαφηνίσθησαν,
3805 770 3920 818 ὅπου

2339 875 2414 906 το·
2445 862 2572 908 Τότε
2601 856 2994 931 παραλαμϐάνει
3022 857 3176 908 αὑτὸν
3209 858 3232 907 0
3279 853 3522 916 διάϐολος
3552 860 3621 917 εὶς
3664 860 3752 914 τήν
3781 854 3918 926 ἁγίαν

2339 943 2502 998 πόλιν.

2413 1040 2512 1087 Καὶ
2546 1035 2847 1096 συντελέσας
2889 1067 2953 1075 -
2985 1044 3197 1108 καιροῦ.
3236 1033 3461 1109 Ἐῤῥήθη
3496 1039 3718 1108 καὶπερὶ
3750 1036 3917 1086 τούτου

2339 1122 2385 1175 ἐν
2431 1123 2588 1194 αὐτῷ.
2643 1131 2740 1178 Καὶ
2803 1126 3033 1186 ζήτησον
3096 1130 3172 1176 τόσ
3231 1131 3357 1177 Τότε
3415 1121 3630 1196 ἀφίησιν
3695 1121 3839 1175 αὑτὸν
3897 1125 3918 1174 0

2340 1209 2602 1276 διάϐολος.

2413 1308 2510 1355 Καὶ
2564 1304 2880 1378 ὑπέστρεψεν
2944 1337 3009 1344 —
3079 1303 3372 1358 Γαλιλαίαν.
3443 1302 3526 1356 Ἐν
3591 1310 3653 1374 τῇ
3723 1297 3918 1372 δυνάμει

2338 1402 2431 1454 τῆς
2500 1395 2759 1466 ἡνωμένης
2821 1395 2960 1464 αὐτῷ
3040 1396 3302 1458 θεοτητος,
3384 1393 3413 1451 ἡ
3495 1397 3584 1443 καὶ
3647 1398 3737 1443 τοῦ
3789 1391 3921 1461 ἁγίου

2340 1486 2655 1554 [Iunium-0;,
2690 1486 2772 1535 ἶνα
2800 1485 3066 1556 μάθωμεν,
3111 1486 3191 1536 ὅτι
3230 1485 3254 1534 0
3290 1488 3509 1542 νικήσας
3549 1487 3634 1532 τον
3679 1477 3920 1533 διάϐολον.

2337 1571 2512 1624 λοιπὸν
2557 1569 2932 1646 ἐνδυναμουται
2971 1581 3042 1644 τῷ
3072 1575 3188 1644 θείῳ
3229 1575 3492 1644 Ιίνευματι
3524 1575 3656 1644 πρὸς
3695 1575 3750 1622 τὸ
3780 1577 3925 1622 ποιεῖν

2341 1669 2556 1734 σημεῖα.

2411 1757 2509 1805 Καὶ
2527 1757 2670 1825 φήμη
2691 1784 2757 1793 -
2775 1755 2998 1806 πάντων.
3022 1751 3422 1824 Εὐφημοῦμενος
3440 1750 3542 1802 ὑπὸ
3559 1757 3654 1802 τῶν
3672 1747 3922 1820 ἀπονήρων

636 1821 803 1878 Vers.
846 1824 936 1876 14.
975 1822 1050 1877 Et
1096 1822 1361 1892 fama—
1394 1824 1550 1878 Vers.
1606 1826 1689 1877 15.
1748 1821 2026 1878 omnibus.
2077 1823 2215 1879 Lau-

2343 1841 2506 1913 ὄχλων
2517 1882 2528 1893 .

562 1910 822 1967 dabatur
848 1926 886 1966 a
910 1909 1124 1975 turbis,
1153 1927 1288 1982 quae
1314 1909 1540 1966 malitia
1562 1925 1632 1966 ac
1653 1910 1886 1966 invidia
1916 1910 2219 1966 carebant.

635 2000 804 2056 Vers.
847 2000 928 2054 16.
958 1999 1032 2054 Et
1060 2031 1128 2039 —
1158 2002 1440 2062 nutritus,
1494 2001 1721 2055 Dictum
1761 2005 1852 2054 est
1881 2000 1955 2055 de
1985 2001 2100 2056 hoc
2143 2000 2226 2054 vi-

564 2090 782 2145 cesimo
840 2096 1052 2160 quarto
1103 2089 1296 2160 capite
1338 2089 1639 2159 Evangelii
1695 2091 2029 2144 secundum
2088 2093 2224 2146 Mat-

567 2179 790 2234 thasum
821 2185 957 2250 post
977 2179 1158 2234 tinem
1187 2178 1644 2250 parabolarum.

637 2268 806 2326 Vers.
853 2272 934 2324 l6.
966 2269 1042 2321 Ει
1074 2269 1362 2338 ingressus
1387 2300 1446 2308 —
1472 2275 1532 2322 ut
1587 2269 1818 2338 legeret.
1855 2268 2226 2324 Adhortanti-

563 2357 676 2414 bus
709 2374 848 2413 cum
877 2359 1346 2430 praeceptoribus
1379 2358 1605 2430 populi,
1641 2359 1805 2428 quod
1838 2365 1892 2414 et
1922 2359 2048 2430 ipse
2076 2375 2226 2430 prue-

564 2452 770 2519 ceptor
825 2448 1124 2504 essetzvel
1169 2455 1226 2504 ut
1278 2453 1726 2519 cognoscerent,
1782 2454 1979 2504 utrum
2035 2449 2224 2518 legere

563 2541 788 2602 nosset,
843 2552 981 2592 cum
1023 2537 1238 2591 litteras
1279 2552 1401 2592 non
1441 2536 1758 2591 didicisset.

638 2626 799 2682 Vers.
836 2631 918 2681 t7.
972 2627 1050 2681 Et
1106 2625 1366 2681 traditus
1415 2631 1590 2680 est—
1622 2628 1779 2681 Vers.
1815 2627 1901 2681 18.
1959 2641 2071 2683 me.
2122 2629 2226 2682 Per

565 2714 1002 2787 providentiam
1034 2732 1196 2770 suam
1224 2715 1317 2787 (ll)
1348 2715 1570 2770 invenit
1601 2715 1822 2783 statim,
1857 2732 1987 2786 quae
2033 2716 2108 2771 de
2139 2719 2225 2770 di-

565 2804 806 2860 vinitate
847 2820 959 2860 sua
988 2804 1145 2860 dicta
1170 2810 1375 2860 erant:
1407 2804 1574 2876 prius
1605 2804 1764 2859 enim
1805 2805 1930 2876 ipse
1963 2806 2089 2861 haec
2122 2822 2225 2878 per

563 2895 923 2966 prophetam
946 2893 1142 2950 fuerat
1179 2893 1429 2950 locutus.
1477 2893 1621 2949 Dicit
1651 2901 1872 2961 autem,
1933 2901 2220 2967 tanquam

563 2983 748 3040 homo
781 3003 794 3043 :
829 2984 1110 3040 Divinitas
1151 2984 1407 3050 Domini,
1445 2983 1564 3038 sive
1594 2983 1719 3049 lilii,
1776 3001 1958 3056 super
1992 3001 2086 3040 me
2133 2985 2224 3039 Je-

565 3090 721 3139 sum,
754 3073 869 3130 hoc
895 3079 1000 3140 est,
1034 3073 1189 3129 Deus
1217 3075 1416 3129 unitus
1447 3080 1538 3130 est
1585 3075 1752 3129 mihi.
1804 3076 1919 3130 Hoc
1957 3090 2223 3146 namque

561 3163 695 3220 loco
750 3180 855 3236 per
901 3163 1179 3236 Spiritum
1219 3164 1483 3233 intellige
1518 3163 1910 3220 Divimtatem.
1970 3165 2223 3236 Spiritus

563 3258 766 3310 autem
785 3253 1020 3309 Domini
1047 3269 1226 3325 super
1242 3269 1357 3320 me,
1383 3260 1443 3307 ut
1468 3253 1742 3308 homines
1764 3253 1962 3308 salvos
1981 3254 2221 3322 faciam;

560 3343 624 3398 id
645 3343 806 3398 enim
836 3342 1033 3398 deﬁcit
1059 3349 1115 3398 et
1136 3343 1516 3406 subauditur,
1549 3343 1699 3397 sicut
1726 3343 2102 3399 manifestum
2137 3350 2225 3400 est

562 3432 642 3488 ab
676 3448 768 3498 eo,
805 3432 972 3504 quod
1003 3432 1290 3503 sequitur.

635 3521 799 3577 Vers.
829 3523 1186 3590 18.Propter
1214 3521 1366 3592 quod
1417 3522 1586 3578 unxit
1637 3536 1742 3577 me.
1785 3521 1965 3592 Cujus
2016 3539 2220 3590 causa,

562 3611 740 3683 cujus
763 3610 978 3682 gratia,
997 3612 1270 3665 unxitine
1285 3611 1590 3666 hominem
1619 3611 1804 3682 Deus;
1831 3615 1994 3667 unxit
2020 3619 2219 3668 autem

561 3714 680 3765 me,
700 3715 822 3754 non
841 3699 993 3763 oleo,
1028 3699 1178 3754 sicut
1193 3715 1362 3769 reges
1391 3699 1555 3772 ipsos
1579 3700 1738 3772 (mm)
1768 3702 2090 3771 ungebant,
2116 3703 2220 3757 sed

562 3787 893 3844 divinitate.

635 3878 796 3932 Vers.
831 3880 924 3936 18.
962 3877 1054 3933 Ad
1100 3878 1630 3949 evangelizandum
1656 3910 1718 3921 —
1751 3896 1861 3936 me.
1886 3881 2076 3948 Pater,
2133 3881 2219 3937 vi-

561 3964 792 4023 delicet.
848 3969 1145 4038 Pauperes
1199 3974 1402 4023 autem
1459 3973 1632 4024 vocat
1684 3970 1957 4039 gentiles,
2021 3976 2219 4043 utpote

559 4057 746 4113 divini
777 4057 969 4113 cultus
995 4057 1227 4113 divitias
1249 4074 1370 4114 non
1401 4058 1711 4130 habentes,
1747 4061 2031 4133 omnique
2053 4061 2218 4119 bono

559 4153 850 4204 carentes.

627 4256 744 4310 Aut
779 4255 958 4310 etiam
1001 4254 1254 4320 Judaaos,
1283 4255 1388 4326 qui
1420 4254 1629 4310 virtute
1684 4273 1968 4329 pauperes
2023 4266 2212 4327 erant,

556 4343 776 4415 quibus
791 4343 1261 4399 simulomnibus
1274 4345 1670 4413 evangelizavi
1683 4355 1698 4399 t
1711 4348 1931 4401 cultum
1948 4347 2214 4404 divinum

557 4449 629 4488 ac
662 4437 1202 4497 conversationem,
1249 4448 1385 4504 quae
1409 4433 1744 4490 secundum
1781 4437 2052 4493 virtutem
2105 4446 2211 4508 est,

554 4521 737 4594 idque
776 4537 881 4593 per
910 4521 1319 4592 Evangelium.

631 4612 788 4666 Vers.
826 4611 909 4666 18.
943 4612 1040 4666 Ad
1067 4612 1404 4669 sanandum
1437 4645 1504 4653 —
1534 4614 1724 4671 corde.
1760 4617 2027 4682 Eosdem,
2080 4619 2214 4690 qui-

551 4697 670 4754 bus
699 4701 989 4769 gravitate
1017 4706 1393 4772 peccatorum
1425 4720 1527 4759 cor
1559 4706 1876 4761 contritum
1908 4715 2057 4764 erat.

629 4791 788 4845 Vers.
827 4791 908 4844 18.
955 4792 1053 4846 Ad
1086 4792 1534 4860 pradicandum
1563 4825 1628 4836 -—
1671 4794 1880 4850 visum.
1929 4797 2205 4868 Captivis,

551 4895 811 4951 quorum
838 4879 1086 4937 animaa
1106 4881 1348 4938 diabolo
1366 4883 1544 4938 ducta
1571 4888 1661 4938 est
1695 4883 1755 4939 in
1785 4886 2206 4956 captivitatem.

551 4969 731 5026 Cascis
758 4986 914 5039 vero,
948 4971 1060 5026 hoc
1121 4975 1226 5037 est,
1268 4974 1544 5029 exmcatis
1607 4980 1796 5030 mente
1834 4974 1906 5030 ab
1946 4975 2206 5034 affectio-

620 5099 665 5134 ⁸¹
694 5098 892 5156 Matth.
923 5116 994 5168 Iv,
1019 5102 1072 5154 8.
1117 5100 1162 5134 ³⁸
1190 5099 1338 5155 Ibid.
1365 5101 1422 5156 5.
1465 5105 1510 5136 ³³
1541 5101 1685 5159 ibid.
1716 5107 1803 5160 11.

2243 4566 2292 4626 D

2410 1939 2508 1984 Καὶ
2565 1964 2627 1972 -
2693 1935 3060 2004 τεθραμμένος.
3110 1935 3330 2005 Εἴρηται
3371 1934 3492 2002 περὶ
3535 1931 3728 1989 ταύτης
3782 1925 3826 1978 ἐν
3863 1933 3923 1995 τῷ

2337 2022 2553 2092 εἰκοστῷ
2592 2025 2818 2095 τετάρτῳ
2851 2021 3108 2094 κεφαλαίῳ
3140 2029 3229 2073 τοῦ
3252 2022 3389 2072 κατὰ
3411 2021 3696 2083 Ματθαῖον,
3727 2019 3850 2090 μετὰ
3875 2018 3924 2066 τὸ

2336 2112 2470 2171 τέλος
2493 2122 2589 2164 τὼν
2619 2112 2945 2185 παραϐολῶν.

2412 2208 2511 2254 Καὶ
2584 2202 2789 2260 εἰσῆλθε
2871 2233 2936 2241 -
3029 2199 3337 2271 ἀναγνῶναι.
3440 2202 3764 2273 ΙΙροτραπεὶς
3839 2197 3926 2246 ὑπὸ

2337 2303 2433 2344 των
2462 2289 2800 2344 διδασκάλων
2831 2299 2921 2343 τοῦ
2961 2291 3106 2356 λαοῦ,
3141 2293 3210 2350 ως
3251 2295 3340 2340 καὶ
3389 2289 3548 2349 αὐτὸς
3596 2283 3929 2347 διδάσκαλος,

2337 2385 2364 2440 ἡ
2416 2385 2497 2434 ἱνα
2548 2390 2733 2453 γνοῖεν,
2804 2381 2846 2433 εἰ
2900 2379 3120 2433 δύναται
3175 2379 3573 2450 ἀναγινωσκειν.
3642 2381 3713 2448 μὴ
3766 2377 3928 2447 μαθὼν

2336 2493 2396 2548 γρ
2406 2475 2640 2544 άμματα.

2410 2568 2509 2615 Καὶ
2555 2558 2775 2619 ἐπεδόθη
2833 2592 2902 2600 ——
2965 2559 3068 2632 ἐμὲ.
3123 2559 3246 2611 Κατ’
3295 2558 3596 2628 οἰκονομίαν
3628 2555 3766 2628 εὗρεν
3791 2552 3928 2611 εὗθυς

2335 2654 2396 2704 τὰ
2429 2657 2539 2726 περὶ
2578 2661 2672 2712 τῆς
2718 2652 2956 2711 ϐεότητος
3009 2648 3168 2700 αὑτοῦ
3203 2649 3358 2722 ῥητά.
3405 2651 3501 2698 Διά
3545 2652 3637 2697 τοῦ
3678 2647 3929 2718 προφήτου

3515 2735 3602 2796 Ὠς
3678 2735 3930 2804 ἄνθρωπος

2336 2829 2395 2884 δε
2434 2851 2610 2903 φησιν,
2659 2833 2736 2881 ὅτι
2788 2831 2958 2888 θεοτης
2994 2830 3211 2899 Κυριού,
3244 2831 3382 2892 ἤτοι,
3432 2835 3524 2878 του
3557 2827 3704 2891 Υἰοῦ,
3751 2821 3824 2874 ἐπ’
3855 2819 3931 2892 ἐμὲ

2334 2744 2434 2815 γὰρ
2518 2741 2669 2800 αὐτος
2743 2748 2908 2792 ταῦτα
2987 2743 3431 2810 προανεφωνησεν.

2334 2927 2418 2974 τὸν
2475 2923 2698 2985 Ἰησοῦν,
2756 2920 3096 2988 τουτέστιν,ὁ
3151 2921 3278 2977 Θεὸς
3325 2919 3520 2974 ἧνωταί
3561 2935 3678 2986 μοι,
3738 2920 3934 2982 Πνεῦμα

2333 3015 2454 3084 γὰρ,
2506 3017 2600 3068 τήν
2651 3012 2870 3066 θεότητα
2915 3017 3004 3060 τοῦ
3037 3009 3156 3059 Υίοῦ
3193 3011 3380 3064 νόησον
3413 3004 3706 3057 κάνταῦθα.
3742 3009 3935 3072 Πνεῦμα

2337 3098 2394 3153 δε
2435 3105 2626 3174 Κυρίου
2677 3097 2751 3150 ἐπ’
2794 3097 2898 3170 ἐμὲ,
2947 3094 3039 3148 διὰ
3086 3101 3143 3147 τὸ
3191 3098 3425 3154 σωθῆναι
3465 3098 3590 3156 τοὺς
3630 3092 3938 3166 ἀνθρώπους.

2333 3197 2495 3243 Τοῦτο
2537 3193 2638 3263 γὰρ
2671 3186 2892 3240 ἐλλεῖπον
2927 3185 3343 3248 συνεξακοὺεται,
3390 3189 3491 3236 καὶ
3523 3181 3683 3242 δῆλον
3735 3180 3832 3233 ἀπὸ
3862 3185 3943 3230 τοῦ

2335 3279 2509 3352 ἐφεξῆς
2529 3280 2712 3353 ῥητοῦ.

2406 3510 2481 3562 Οὔ
2511 3511 2690 3561 εἵνεκεν
2743 3509 2928 3580 ἔχρισέ
2978 3523 3060 3577 με.
3122 3503 3198 3555 Οὔ
3253 3503 3439 3554 εἵνεκεν
3496 3503 3594 3573 (5),
3655 3501 3717 3553 οὗ
3770 3503 3943 3572 χάριν,

2333 3603 2517 3673 ἔχρισέ
2567 3617 2627 3669 με
2672 3600 2757 3648 τὸν
2797 3597 3065 3668 ἄνθρωπον
3115 3595 3140 3643 0
3181 3597 3324 3651 Θεὸς.
3386 3593 3582 3663 ἔχρισε
3631 3587 3690 3642 δὲ
3722 3608 3802 3662 με,
3858 3586 3944 3639 οὐκ

2331 3689 2502 3759 ἐλαίῳ,
2545 3688 2776 3758 καθάπερ
2834 3688 2956 3746 τοὺς
3007 3682 3243 3756 βασιλεῖς
3275 3685 3480 3752 ἔχριον,
3540 3679 3672 3732 ἀλλα
3721 3686 3780 3751 τῇ
3841 3679 3943 3729 θεο-

2329 3795 2471 3835 τητι.

2404 3865 2864 3937 Εῦαγγελίσασθαι
2934 3893 3000 3903 -
3075 3881 3162 3935 με.

2333 3960 2586 4028 Πτωχοὺς
2641 3951 2698 4006 δε
2745 3954 2897 4026 λέγει,
2959 3956 3073 4012 τοὺς
3139 3950 3192 4012 ἐξ
3235 3949 3408 4013 ἐθνῶν,
3471 3952 3538 4009 ὼς
3603 3953 3673 4021 μὴ
3729 3951 3940 4020 ἔχοντας

3457 4043 3697 4112 γυμνοὺς
3763 4040 3944 4096 παντὸς

3240 3859 3298 3912 Ὀ
3388 3864 3602 3934 Πατὴρ,
3684 3855 3940 3916 δηλονότι.

2329 4051 2416 4099 τὸν
2468 4046 2686 4098 πλοῦτον
2764 4052 2861 4105 τῆς
2938 4039 3218 4109 εὐσεϐείας,
3282 4045 3367 4090 καί

2329 4138 2550 4208 ἀγαθοῦ.

2399 4227 2467 4278 "il
2498 4230 2588 4277 καὶ
2634 4228 2752 4286 τοὺς
2798 4218 3110 4284 Ἰουδαίους,
3165 4222 3414 4290 πτωχοὺς
3463 4223 3615 4280 ὄντας
3667 4217 3716 4271 ἐν
3769 4216 3942 4292 ἀρετῇ,

2327 4318 2406 4377 οἷς
2454 4318 2583 4388 ὁμοῦ
2635 4321 2795 4367 πᾶσιν
2832 4311 3204 4382 εὐηγγελίσατο
3253 4314 3346 4366 την
3377 4307 3674 4372 εὐσέϐειαν,
3718 4313 3809 4359 καὶ
3858 4309 3945 4361 τὴν

2328 4406 2557 4478 ἐνάρετον
2584 4403 2862 4471 πολιτείαν,
2897 4398 2990 4452 διὰ
3019 4408 3107 4451 τοῦ
3141 4397 3479 4470 Εὐαγγελίου.

2402 4621 2680 4675 Ἰάσασθαι
2730 4649 2796 4657 -
2826 4612 3070 4689 καρδίαν.
3116 4618 3244 4674 Τοὺς
3287 4615 3503 4680 αυταῦς,
3561 4613 3634 4665 ὧν
3677 4615 3708 4672 ὴ
3756 4607 3950 4684 καρδία

2333 4709 2606 4784 συνετρίϐη
2638 4717 2710 4780 τῷ
2744 4706 2896 4781 βάρει
2925 4714 3019 4766 τῆς
3046 4703 3322 4779 ἁμαρτίας.

2405 4804 2645 4876 Κηρύςαι
2691 4829 2759 4838 -—-
2833 4794 3130 4866 ἀνάϐλεψιν.
3189 4791 3570 4866 Αἰχμαλὼτοις
3648 4796 3764 4866 μὲν,
3844 4795 3949 4848 τοῖς

2329 4889 2808 4964 αἰχμαλωτισθείσι
2877 4889 2968 4943 τὴν
3045 4883 3231 4955 ψυχὴν
3311 4882 3411 4933 ὑπὸ
3472 4889 3572 4934 τοῦ
3651 4879 3944 4934 διαϐόλου·

2323 4982 2527 5054 τυφλοῖς
2577 4976 2655 5042 δε,
2711 4983 2814 5037 τοῖς
2843 4975 3157 5047 τυφλωθεῖσι
3189 4976 3274 5024 τὸν
3316 4978 3434 5024 νοῦν
3463 4972 3572 5023 ὑπὸ
3609 4980 3714 5024 τῶν
3749 4972 3943 5024 παθῶν.

1770 5232 1985 5301 Variae
2031 5235 2365 5306 lectiones
2417 5245 2483 5304 et
2532 5242 2737 5305 nota.

615 5368 698 5443 (5)
736 5367 935 5423 Ἕνεκεν
947 5412 960 5427 .
1003 5375 1058 5425 Β.

614 5548 703 5618 (ll)
722 5549 1163 5607 Providentiam
1187 5565 1379 5608 suam.
1413 5551 1596 5608 Suam
1627 5568 1750 5610 non
1775 5559 1860 5611 est
1885 5554 1943 5612 in
1968 5557 2188 5613 Graeco.

541 5619 827 5697 Οιῖκονομία
840 5627 1042 5678 autem
1062 5623 1475 5697 alibireddere
1495 5625 1642 5680 solet
1662 5625 2188 5697 dispensationem.

539 5691 826 5772 ρίκονομία
854 5699 940 5748 est
971 5695 1493 5772 vocabulumejus
1545 5698 1720 5772 modi,
1757 5691 1932 5772 'quod
1969 5701 2192 5772 Latina

534 5763 737 5838 lngua
753 5766 847 5820 vix
872 5766 1168 5837 exprimit.
1207 5769 1323 5823 Hoc
1348 5763 1479 5824 loco
1525 5769 1766 5827 reddere
1791 5763 2032 5843 'possis,
2066 5785 2193 5842 op-

2301 5562 2730 5701 maximos
2767 5640 2877 5683 nec
2908 5623 2968 5682 in
3000 5622 3204 5681 Graeco
3248 5624 3355 5691 est,
3383 5635 3494 5680 nec
3543 5635 3818 5682 necesse
3866 5623 3958 5680 est

2301 5700 2551 5760 addere.
