4074 6378
162 345 258 400 913

1225 333 1594 396 COMMENT.
1640 331 1707 387 IN
1751 327 2013 384 LUCAM.
2057 356 2124 368 --
2164 325 2322 384 CAP.
2365 323 2460 382 IV.

3424 314 3530 375 914

163 471 448 545 Ἐκήρυττε
475 465 534 523 δε
563 475 674 531 τοῖς
703 470 793 541 μὲν
824 467 1129 541 ἐλευθερίαν,
1163 471 1272 528 τοῖς
1301 463 1379 529 δὲ,
1420 466 1647 526 σύνεσιν,
1679 461 1762 513 ὅτε

1913 456 2070 513 ibus.
2099 453 2471 512 Praedicabat
2495 455 2714 517 autem,
2764 449 2860 506 his
2917 446 3166 521 quidem
3197 447 3531 504 libertatem

165 555 454 636 παρεδίδου
485 561 580 621 τὰς
600 557 937 630 εύαγγελικὰς
966 556 1192 619 ἐντολάς.
1234 555 1404 609 Αὗται
1437 558 1538 629 ’γάρ
1571 553 1675 606 εἰσι
1704 554 1761 604 τὸ

164 655 414 724 κήρυγμα
441 656 532 702 τοῦ
565 656 828 723 Σωτῆρος.

240 847 571 901 ’Λποστεῖλαι
623 877 693 886 -
745 843 794 898 ἐν
841 844 1041 918 ἀφέσει.
1103 842 1395 897 Ἀπολῦσαι
1435 838 1482 892 ἓν
1510 839 1771 913 ἐλευθερίᾳ

169 942 286 1000 τούς
315 939 733 1011 τεθραυσμένους
753 943 814 1010 τῇ
849 931 1118 1011 τυραννίδι
1149 943 1247 988 τῶν
1280 930 1562 1006 δαιμόνων.

242 1133 482 1207 Κηρύξαι
511 1165 580 1174 ——
607 1131 806 1188 δεκτόν.
859 1134 1124 1186 Ἐνιαυτόν
1172 1135 1261 1205 μὲν
1320 1127 1427 1183 εἷπε
1451 1133 1537 1182 τὸν
1568 1133 1770 1201 καιρὸν,

168 1225 327 1277 καθὸν
359 1221 614 1277 ἐδίδασκε
665 1229 755 1277 καὶ
797 1223 1209 1296 ἐθαυματούργει
1253 1240 1266 1252 ⁸
1293 1218 1474 1274 δεκτόν
1531 1215 1590 1272 δὲ
1619 1217 1773 1270 αὐτὸν

170 1313 456 1387 ὠνόμασεν,
487 1317 555 1376 ὡς
587 1311 932 1367 εύαπόδεκτον
956 1323 1025 1385 τῲ
1059 1318 1226 1386 Ιιατρὶ
1257 1313 1382 1385 ὑπὲρ
1419 1312 1587 1363 πάντα
1611 1308 1774 1360 ἐνιαυ·

167 1406 273 1454 τὸν.
313 1405 394 1456 Ἐν
425 1404 566 1475 αύτῷ
599 1407 702 1478 γὰρ
733 1412 804 1474 τῷ
838 1413 1003 1479 καιρῷ
1033 1405 1063 1462 ἡ
1132 1406 1370 1476 σωτηρία
1421 1401 1626 1452 πάντων
1673 1403 1773 1448 τῶν

170 1490 454 1566 ἀνθρώπων
501 1493 840 1564 ἐϐλάστησεν,
874 1496 1008 1557 ἤτοι,
1037 1495 1095 1545 τὸ
1130 1497 1385 1563 σωτήριον
1437 1488 1773 1560 Εὑαγγέλίον,

172 1581 454 1657 Ἐκήρυττε
477 1579 535 1636 δὲ
571 1587 649 1635 τὸν
675 1582 906 1635 ἐνιαυτὸν
932 1590 1132 1650 τοῦτον,
1175 1583 1301 1653 μετά
1338 1584 1395 1633 τὸ
1425 1581 1777 1654 πειρασθῆναι

175 1678 261 1724 καὶ
294 1681 515 1731 νικῆσαι
543 1677 627 1724 τὸν
654 1677 961 1745 πειραστὴν,
996 1676 1085 1724 καὶ
1113 1671 1461 1746 ὑποστρέψαι.
1509 1671 1634 1723 Ἀπὸ
1668 1673 1780 1720 τότε

175 1769 293 1837 γὰρ,
327 1770 504 1836 φησιν,
541 1763 770 1838 ’Ἠρξατο
803 1765 828 1816 ὁ
872 1760 1079 1824 Ἰησοῦς
1109 1766 1395 1834 κηρύσσειν
1422 1767 1513 1814 καὶ
1567 1760 1730 1832 λέγειν
1763 1777 1776 1791 ”

597 1857 786 1925 irim
877 1855 979 1925 γὰρ

427 1989 439 2000 .
515 1947 586 1998 Τὸ
665 1946 766 2016 γὰρ
867 1941 1114 2015 Ἧγγικε,

181 1858 480 1910 Μετανοεῖτε
531 1873 543 1886 ·
597 1857 786 1925 ἤγγικε
877 1855 979 1925 γὰρ
1091 1855 1119 1911 ἡ
1201 1851 1448 1926 βασιλεία
1510 1859 1609 1902 τῶν
1693 1848 1783 1901 ού-

180 1955 342 2019 ρανῶν
427 1989 439 2000 .
515 1947 586 1998 Τὸ
665 1946 766 2016 γὰρ
867 1943 1114 2015 Ἦγγικε,
1189 1948 1376 2014 καιροῦ
1465 1943 1782 2013 σημαντικὸν

182 2035 314 2088 ἐστι.

255 2125 360 2179 Καὶ
393 2125 591 2188 πτύξας
620 2155 688 2164 -
718 2122 948 2176 ἐκάθισε.
982 2129 1065 2194 Τῷ
1105 2123 1336 2192 ὑπηρέτῃ
1387 2129 1488 2174 τῶν
1521 2117 1784 2173 διδασκά-

181 2214 298 2268 λων.

253 2310 354 2359 Καὶ
377 2307 584 2356 πάντων
626 2335 691 2344 -
722 2303 884 2374 αύτῷ.
915 2301 1026 2355 Ἰνα
1063 2300 1354 2367 ἀκούσωσι,
1385 2308 1490 2362 πῶς
1521 2299 1782 2374 ἑρμηνεύει

183 2397 247 2447 τὰ
278 2394 675 2466 ἀναγνωσθέντα
698 2394 853 2468 ῥητάο

248 2481 480 2557 Ἤρξατο
507 2514 577 2523 -
607 2485 766 2547 ὑμῶν.
793 2482 851 2535 Ἠ
889 2486 1064 2557 γραφή
1100 2481 1253 2546 αὕτη,
1301 2483 1330 2540 ἡ
1393 2480 1440 2532 ἐν
1492 2485 1600 2541 τοῖς
1657 2479 1786 2530 ὠσὶν

182 2573 319 2644 ὑμῶν
353 2590 366 2602 ·
393 2577 450 2624 τὸ
493 2569 552 2626 δε
583 2578 829 2646 Σήμερον,
866 2571 980 2624 ἀντὶ
1011 2579 1126 2639 τοῦ,
1161 2572 1244 2624 Ἐν
1270 2574 1489 2631 ταύταις
1520 2577 1630 2630 ταῖς
1659 2571 1785 2640 ἠμέ-

181 2682 318 2734 ραις.
358 2669 524 2716 Τοῦτο
552 2661 612 2715 δε
643 2663 818 2730 εἰπὼν,
869 2659 1149 2728 ἐδήλωσεν,
1179 2663 1259 2714 ὅτι
1300 2661 1453 2723 αὐτὸς
1501 2661 1636 2727 ἐστι,
1670 2659 1787 2733 περὶ

178 2753 233 2804 οὗ
273 2756 337 2806 τὰ
368 2752 761 2824 ἀναγνωσθέντα

259 2933 365 2987 Καὶ
396 2935 579 2992 παντες
609 2963 676 2972 —
705 2931 886 2984 αὐτοῦ.
920 2928 1044 2985 Εἶπε
1085 2933 1186 3006 γὰρ
1219 2936 1308 2984 καὶ
1366 2930 1496 2983 ἄλλα
1553 2933 1790 3003 Θαυμασ-

187 3025 270 3088 τὰ,
326 3022 403 3096 ἐφ’
461 3023 538 3084 οἷς
583 3021 879 3095 ἐθαύμαζον
940 3026 1030 3074 καὶ
1079 3019 1396 3096 ἐμαρτύρουν
1444 3022 1584 3092 αὐτῷ
1627 3023 1789 3096 χάριν

190 3116 347 3166 θείαν.

261 3206 361 3255 Καὶ
406 3201 574 3274 ἔλεγον
621 3232 690 3242 -
744 3201 935 3274 Ἰωσήφ
962 3217 975 3266 ;
1004 3205 1242 3259 Ζήτησον
1284 3199 1330 3252 ἐν
1385 3209 1454 3271 τῷ
1506 3196 1791 3258 δηλωθέντι

192 3291 404 3362 εἰκοστῷ
436 3292 666 3363 τετάρτῳ
689 3289 949 3362 κεφαλαίῳ
980 3295 1069 3342 καὶ
1093 3295 1209 3364 περὶ
1240 3293 1446 3358 τούτου,
1478 3290 1788 3365 πλατύτερον

190 3384 350 3434 ἐκεῖσε
380 3384 637 3454 κειμένου.

261 3476 360 3524 Καὶ
388 3469 495 3523 εἶπε
525 3501 594 3510 ——
621 3465 724 3523 ὧδε
921 3469 1228 3544 Παραϐολὴν
1276 3470 1495 3523 ἐνταῦθα
1552 3476 1644 3529 τὴν
1692 3491 1790 3523 πα-

188 3566 395 3632 ροιμίαν
433 3561 672 3632 ὠνόμασε
730 3565 986 3636 παροιμία
1026 3563 1128 3634 γὰρ
1186 3557 1246 3619 ἦν
1277 3560 1524 3633 λεγομένη
1559 3559 1640 3613 ἐπὶ
1689 3570 1789 3613 τῶν

188 3653 476 3702 νοσούντων
521 3650 728 3724 ἰατρῶν,
784 3650 968 3724 Ἰατρέ,
1029 3652 1343 3723 θεράπευσον
1395 3654 1630 3703 σεαυτὸν.
1671 3648 1790 3704 Εἶπε

187 3738 246 3792 δὲ
301 3747 475 3800 τοῦτο,
531 3744 680 3812 γνοὺς
729 3740 920 3802 αύτούς
969 3739 1201 3800 θέλοντας
1259 3741 1336 3812 (8)
1399 3737 1526 3792 ἰδεῖν
1573 3748 1785 3814 σημεῖα.

185 3835 350 3889 Φησὶν
401 3826 488 3882 οὖν
537 3849 549 3862 ·
605 3832 814 3892 Πάντως
865 3828 1023 3904 ἐρεῖτέ
1077 3849 1189 3901 μοι,
1238 3833 1405 3904 Ιατρὲ,
1473 3832 1788 3902 θεράπευσον

190 3923 426 3984 σεαυτὸν,
457 3923 638 3991 ἤγουν,
681 3923 772 3977 τὴν
811 3915 1050 3991 πατρίδα
1078 3938 1193 3980 σου,
1250 3927 1507 3972 νοσοῦσαν
1539 3920 1596 3972 ού
1637 3925 1788 3992 μόνον

186 4017 296 4070 ταῖς
322 4009 598 4081 καχεξίαις
637 4017 728 4061 τοῦ
763 4015 1025 4081 σώματος,
1061 4007 1188 4060 ἀλλὰ
1229 4013 1318 4061 καὶ
1350 4016 1410 4082 τῇ
1448 4008 1670 4078 ἀπιστίᾳ
1702 4020 1792 4070 τῆς

188 4099 390 4171 ψυχῆς,
420 4105 510 4151 καὶ
537 4103 606 4170 μὴ
639 4095 929 4170 δυναμένην
951 4101 1232 4164 πιστεύειν,
1268 4100 1345 4160 οἷς
1381 4097 1557 4151 ἀκούει
1588 4103 1791 4170 ’γινομέ-

186 4208 293 4251 νοις
317 4188 461 4262 παρᾶ
489 4195 582 4241 σοῦ
616 4193 869 4260 σημείοις,
896 4187 938 4239 εἰ
964 4187 1041 4258 (9)
1073 4191 1144 4259 μὴ
1173 4192 1258 4239 καὶ
1287 4184 1358 4240 δι’
1390 4187 1553 4260 ὅψεως
1575 4197 1794 4242 τοιαῦτα

191 4280 447 4336 θεάσηται
475 4281 590 4350 (10)
602 4318 614 4330 .

261 4324 447 4336 ---μη
476 4324 614 4350 νη,

261 4366 384 4422 Εἷπε
417 4366 494 4421 δέ’
530 4399 598 4409 -
631 4367 810 4420 αὑτοῦ.
855 4367 936 4420 Ἐν
963 4375 1034 4438 τῷ
1069 4366 1412 4443 προρῥηθέντι
1465 4369 1683 4437 εἰκοστῷ
1708 4387 1789 4421 τε·
1823 4324 1869 4380 D

192 4462 358 4533 τάρτῳ
386 4457 646 4530 κεφαλαίῳ
668 4465 758 4509 τοῦ
780 4458 916 4509 κατά
939 4456 1208 4510 Μαι-θαίον
1242 4456 1470 4531 ἀκριϐῶς
1488 4457 1678 4534 ἑῤῥὴθη
1704 4465 1792 4512 καὶ

191 4555 307 4622 περὶ
337 4552 548 4601 τούτου.

261 4640 372 4692 Ἐπ’
423 4637 665 4699 ἀληθείας
716 4669 782 4678 -
839 4642 1038 4711 χήραν.
1087 4637 1352 4709 Ἐμφαίνει
1411 4634 1503 4689 διὰ
1551 4647 1640 4691 τοῦ
1695 4659 1794 4692 πα-

190 4727 563 4803 ραδείγματος,
628 4729 704 4780 ὅτε
738 4727 831 4780 ούκ
880 4726 1012 4779 εἰσὶν
1061 4726 1197 4790 ἄξιοι
1259 4731 1506 4800 σημείων,
1565 4725 1658 4781 διὰ
1704 4734 1791 4786 τὴν

193 4819 394 4870 ἀνίατον
447 4817 692 4869 ἀπιστίαν
742 4817 911 4869 αὐτῶν
955 4835 966 4848 ·
997 4815 1195 4889 Ὠσπερ
1228 4819 1328 4891 γὰρ
1386 4817 1614 4879 ὀἬλίας
1656 4824 1788 4884 τότε,

191 4909 387 4960 πολλῶν
484 4915 668 4980 χηρῶν
793 4906 961 4958 ούσῶν
1065 4905 1112 4958 ἔν
1211 4915 1316 4968 τοῖς
1420 4908 1790 4981 Ἰσραηλίταις,

191 5003 317 5070 πρὸς
356 4999 470 5070 (11)
528 4993 777 5069 οὐδεμίαν
827 4995 994 5047 αὐτῶν
1046 4996 1274 5068 ἐπέμφθη
1334 5000 1477 5072 παρά
1532 5005 1682 5067 Θεοῦ,
1731 5002 1794 5058 ως

193 5087 410 5152 ἀναξίων
470 5097 562 5148 τῆς
620 5083 903 5158 ἐπιδημίας
952 5085 1133 5156 αὐτοῦ,
1184 5090 1309 5161 πρὸς
1360 5092 1520 5160 μόνην
1594 5084 1652 5140 δε
1700 5092 1794 5146 τὴν

1872 547 1985 603 illis
2005 561 2148 602 vero
2173 543 2645 614 intelligentiam,
2698 539 2940 614 quando
2976 536 3246 594 tradebat
3275 551 3534 607 evange-

1872 637 1985 692 lica
2015 638 2328 708 praecepta.
2369 631 2672 706 Siquidem
2717 629 2811 686 illa
2860 631 3001 684 sunt
3042 625 3390 700 praedicatio
3421 623 3539 683 Sal-

1876 727 2122 783 vatoris.

1948 819 2109 872 Vers.
2143 815 2231 871 18.
2293 813 2387 869 Ad
2433 810 2836 868 dimittendum
2871 839 2939 849 —
2975 822 3087 878 per
3125 805 3538 864 remissionem.

1877 905 1966 962 Ad
1997 903 2432 962 absolvendum
2463 917 2569 974 per
2608 900 2942 956 libertatem
2973 895 3310 954 contractos
3335 900 3544 968 tyran-

1881 995 2018 1050 nide
2048 993 2421 1050 doenzonum.

1951 1101 2122 1159 Vers.
2155 1104 2247 1158 19.
2269 1099 2368 1155 Ad
2387 1097 2829 1169 praedicandum
2853 1123 2923 1137 —
2956 1098 3278 1164 acceptum.
3302 1093 3542 1148 Annum

1887 1192 2115 1246 vocavit
2143 1195 2400 1261 tempus,
2443 1203 2564 1260 quo
2585 1185 2831 1242 docebat
2886 1199 2956 1240 ac
3012 1181 3301 1238 miracula
3330 1196 3544 1253 opera-

1883 1281 2079 1336 batur.
2115 1283 2437 1351 Acceptum
2485 1292 2628 1333 vero
2646 1275 2811 1339 dixit,
2845 1277 3050 1345 utpote
3094 1287 3276 1343 super
3301 1285 3546 1326 omnem

1885 1387 2113 1428 annum
2141 1370 2292 1425 Patri
2319 1365 2767 1440 acceptabilem.
2803 1366 2882 1419 Eo
2915 1363 3072 1418 enim
3096 1367 3367 1433 tempore
3384 1359 3549 1416 salus

1886 1461 2159 1518 omnium
2179 1457 2496 1514 hominum
2512 1453 2892 1525 germinavit.
2923 1456 3036 1508 Aut
3061 1451 3335 1507 salutare.
3363 1451 3552 1505 Evan-

1887 1546 2518 1620 gelium.Preedicabat
2541 1548 2740 1600 autem
2759 1543 2920 1598 hunc
2951 1555 3200 1609 annum,
3223 1542 3554 1610 postquam

1889 1643 2146 1694 tentatus
2179 1636 2371 1691 fuerat
2395 1651 2465 1690 ac
2493 1637 2847 1689 tentatorem
2879 1631 3265 1702 superaverat
3293 1631 3553 1683 etrever-

1890 1743 1991 1782 sus
2016 1732 2158 1783 erat.
2188 1724 2274 1780 Ab
2305 1740 2374 1780 eo
2396 1723 2557 1779 enim
2580 1726 2848 1791 tempore
2895 1719 3094 1789 coepit,
3146 1716 3355 1789 inquit,
3389 1716 3555 1772 Jesus

1813 1814 1858 1869 Β
1889 1817 2220 1887 praedicare
2248 1821 2299 1870 et
2321 1815 2534 1876 dicere,
2565 1809 2901 1880 Resipiscite
2921 1808 3106 1864 instat
3132 1805 3286 1862 enim
3312 1820 3556 1876 regnum

1891 1909 2196 1965 oratorum.
2230 1908 2380 1961 Nam
2431 1904 2646 1968 Instat,
2725 1897 3011 1971 temporis
3090 1893 3556 1967 signiﬁcativum

1892 2019 2126 2160 esii’ere.
2152 2105 2249 2160 20.
2291 2101 2554 2172 Cumque
2596 2099 2865 2154 clausum
2920 2126 2985 2138 -—
3039 2093 3271 2150 resedit.
3299 2090 3558 2150 Ministro

1894 2193 2110 2250 scilicet
2140 2193 2475 2247 doctorum.

1965 2285 2126 2338 Vers.
2159 2281 2246 2336 20.
2296 2281 2378 2335 Et
2417 2277 2679 2335 omnium
2738 2305 2805 2316 —
2835 2289 2986 2330 eum.
3016 2274 3086 2329 Ut
3106 2269 3381 2328 audirent
3415 2283 3562 2342 quo-

1897 2373 2080 2430 modo
2105 2372 2592 2440 interpretaretur
2620 2381 2691 2422 ea
2720 2380 2856 2437 quae
2882 2362 3121 2434 legerat.

1967 2465 2124 2518 Vers.
2150 2460 2244 2516 21.
2294 2458 2477 2528 Capit
2497 2486 2556 2498 --
2591 2454 2819 2512 vestris.
2861 2450 3313 2523 Scripturahaec,
3341 2451 3406 2504 ut
3426 2445 3560 2502 sub-

1897 2551 2177 2608 audiatur
2223 2550 2404 2614 :Quae
2459 2545 2683 2610 sonuit,
2709 2545 2769 2600 in
2818 2542 3062 2598 auribus
3108 2538 3336 2604 vestris,
3375 2536 3564 2593 Hodie

1895 2657 2060 2706 vero,
2100 2640 2216 2695 hoc
2273 2643 2383 2704 est,
2427 2636 2521 2692 his
2583 2633 2810 2690 diebus.
2874 2634 2992 2687 Hoc
3059 2634 3259 2685 autem
3334 2627 3560 2698 dicens,

1900 2729 2300 2800 signiﬁcabat,
2345 2743 2472 2782 sese
2512 2740 2652 2780 eum
2698 2737 2830 2780 esse
2860 2721 2935 2777 de
2983 2735 3105 2794 quo
3142 2717 3562 2791 loquebantur,

1902 2836 2038 2893 quae
2067 2819 2220 2874 lecta
2243 2832 2343 2872 era
2362 2820 2458 2870 nt.

1971 2909 2131 2965 Vers.
2184 2910 2271 2960 2'2.
2296 2906 2375 2961 Et
2427 2918 2626 2960 omnes
2663 2933 2734 2943 —
2773 2902 2922 2971 ejus.
2968 2897 3120 2954 Dixit
3170 2897 3329 2952 enim
3366 2901 3422 2951 et
3447 2894 3568 2952 alia

1900 2997 2279 3061 admiranda,
2313 2996 2382 3050 de
2405 2993 2624 3066 quibus
2648 2990 3036 3054 mirabantur,
3069 2992 3126 3044 et
3151 2985 3566 3043 testimonium

1900 3089 1953 3147 ei
1981 3089 2210 3144 dabant
2236 3086 2311 3141 de
2337 3085 2527 3155 gratia
2561 3081 2790 3137 divina.

1826 3166 1867 3225 Ο
1968 3177 2138 3234 Vers.
2165 3178 2256 3230 22.
2289 3175 2366 3230 Et
2387 3171 2658 3230 dicebant
2715 3202 2775 3212 —
2816 3167 3084 3236 Joseph?
3112 3167 3318 3233 Quaere
3352 3164 3427 3222 de
3451 3164 3568 3222 hoc

1899 3269 2057 3326 dicto
2087 3266 2298 3339 capite,
2331 3263 2428 3320 ubi
2454 3262 2583 3318 haec
2608 3260 2766 3316 clare
2796 3261 3122 3331 ponuntur.

1974 3475 2134 3530 Vers.
2163 3473 2255 3530 23.
2315 3470 2389 3525 Et
2438 3468 2620 3526 ait—
2677 3467 2739 3522 in
2787 3463 3007 3537 papria
3035 3469 3160 3520 tua.
3191 3458 3566 3523 Parabolam,

1899 3565 2038 3621 dicit
2057 3563 2154 3619 hic
2180 3559 2584 3635 proverbium,
2632 3552 3038 3628 proverbium,
3092 3551 3364 3623 inquam,
3401 3547 3571 3622 quod

1898 3656 2012 3711 dici
2034 3653 2179 3710 solet
2228 3651 2302 3707 de
2331 3648 2578 3705 medicis
2628 3641 3059 3716 aegrotantibus
3095 3657 3107 3698 :
3142 3640 3394 3704 Mediae,
3425 3653 3572 3696 cura

1899 3745 2162 3816 teipsum.
2218 3740 2371 3796 Dixit
2405 3742 2604 3796 autem
2647 3736 2783 3801 hoc,
2844 3734 3100 3802 cognito,
3151 3729 3317 3803 quod
3358 3727 3560 3801 cupidi

1899 3837 2097 3891 essent
2121 3829 2356 3888 videndi
2373 3829 2561 3900 signa.
2581 3825 2674 3881 Ait
2703 3839 2844 3895 ergo
2875 3842 2888 3877 :
2922 3822 3168 3879 Omnino
3193 3819 3399 3878 dicetis
3425 3819 3567 3876 m'hi.

1899 3925 2133 3988 Medice,
2168 3935 2312 3977 cura
2357 3925 2412 3975 te
2447 3918 2662 3988 ipsum,
2721 3914 2844 3969 sive
2881 3913 3139 3984 patriam
3193 3915 3384 3976 tuam,
3434 3925 3572 3983 qua

1901 4016 2164 4084 aegrotat,
2199 4025 2316 4065 non
2346 4007 2540 4062 solum
2573 4003 2772 4077 pravis
2812 4000 3080 4074 corporis
3110 3999 3434 4066 habitibus,
3465 4015 3566 4056 ve-

1901 4119 2034 4158 rum
2076 4100 2256 4158 etiam
2296 4095 2642 4152 inﬁdelitate
2678 4092 2917 4153 animae.
2979 4105 3089 4146 nec
3129 4089 3366 4145 credere
3413 4089 3573 4146 valet

1901 4190 2110 4262 signis,
2157 4201 2354 4261 quzea
2393 4190 2447 4239 te
2505 4182 2660 4240 facta
2746 4194 2877 4236 esse
2932 4177 3182 4245 audivit,
3222 4177 3335 4233 nisi
3389 4178 3566 4235 etiam

1903 4279 2094 4338 oculis
2121 4276 2334 4333 similia
2367 4275 2581 4330 videat.

1973 4369 2244 4426 Vers.2-t.
2285 4365 2446 4422 Dixit
2519 4369 2714 4419 autem
2767 4376 2984 4417 —sua.
3057 4356 3347 4414 Presdicto
3411 4356 3566 4414 vice-

1904 4460 2056 4516 simo
2083 4460 2296 4530 quarto
2327 4453 2519 4525 capite
2552 4449 2849 4520 Evangelii
2872 4449 3044 4520 juxta
3086 4445 3428 4504 Matthaeum
3473 4461 3569 4504 ac-

1903 4554 2101 4606 curate
2134 4547 2312 4602 etiam
2344 4543 2417 4598 de
2452 4541 2568 4598 hoc
2601 4541 2827 4596 dictum
2854 4544 2965 4595 est.

1973 4638 2136 4693 Vers.
2199 4639 2286 4690 25.
2338 4634 2409 4688 In
2462 4631 2716 4688 veritate
2789 4660 2857 4670 —
2921 4628 3089 4683 Vers.
3160 4627 3227 4683 26
3305 4625 3563 4684 viduam.

1904 4726 2168 4784 Ostendit
2195 4725 2310 4781 hoc
2341 4722 2531 4795 signo,
2570 4719 2736 4793 quod
2761 4717 2991 4788 indigni
3024 4717 3141 4773 sint
3198 4715 3385 4787 signis
3435 4732 3569 4788 pro-

1904 4823 2030 4892 pter
2060 4818 2425 4872 insensatam
2472 4811 2713 4867 illorum
2745 4807 3240 4864 incredulitatem.
3271 4805 3566 4872 Quemad-

1904 4906 2155 4963 modum
2191 4903 2350 4959 enim
2409 4905 2463 4957 et
2509 4899 2684 4961 Elias,
2741 4913 2879 4954 cum
2920 4897 3118 4953 multae
3164 4898 3361 4951 essent
3399 4894 3565 4966 apud

1906 4995 2197 5054 lsraelitas
2215 4991 2439 5057 viduae,
2475 4989 2551 5046 ad
2607 4987 2835 5045 nullam
2894 4985 3133 5042 illarum
3166 4985 3383 5040 missus
3417 4987 3503 5039 est
3528 4998 3565 5040 a

1908 5088 2048 5156 Deo,
2087 5083 2252 5159 quod
2276 5081 2536 5153 indignae
2563 5081 2776 5148 essent,
2818 5081 2882 5134 ut
2927 5074 3002 5132 ad
3054 5091 3156 5133 eas
3204 5073 3560 5134 accederet:

1395 5312 1622 5382 Variae
1649 5311 1981 5381 lectiones
2011 5319 2078 5378 et
2106 5317 2309 5376 notae.

259 5189 306 5224 ³⁸
339 5187 536 5245 Matth.
559 5201 638 5258 1v,
667 5186 755 5241 17.

260 5456 342 5602 ἱϐξ
368 5455 544 5512 Forte
574 5452 900 5510 Hentenius
927 5455 1202 5514 additum
1223 5456 1441 5528 reperit
1467 5456 1622 5529 ἔλεγε.

283 5535 313 5584 7
373 5529 454 5584 Ἐι
478 5534 541 5600 τῇ
579 5521 796 5599 πατρίδι
829 5545 942 5594 σου,
975 5529 1139 5600 quod
1172 5529 1493 5602 Hentenius
1553 5529 1622 5583 Vit

283 5521 339 5600 7)
373 5529 454 5584 Ἐι
478 5534 541 5600 τῇ
579 5521 796 5599 πατρίδι
829 5545 942 5594 σου,
975 5529 1139 5600 quod
1172 5521 1493 5600 Hentenius
1553 5521 1789 5600 videtur

194 5599 646 5672 legisse,nenter
675 5613 948 5672 meorum
980 5599 1267 5671 agnoscit.
1300 5599 1420 5656 Soli
1446 5605 1647 5657 autem
1672 5599 1789 5658 hoc

195 5669 473 5746 omittunt
501 5671 653 5746 inter
682 5669 939 5746 reliquos
967 5669 1198 5730 codices
1224 5675 1624 5746 Mosquenses.

264 5749 343 5820 (8)
371 5742 524 5801 Ἰδεῖν
561 5743 735 5802 abest
761 5744 826 5800 Α.

1968 5453 2042 5526 (9)
2072 5452 2131 5507 Εἰ
2157 5455 2241 5504 καὶ
2273 5455 2341 5522 μή
2380 5450 2434 5526 Β.

1970 5525 2084 5596 (10)
2109 5526 2387 5577 Θεάσεται.
2413 5525 2470 5576 Β.

1995 5583 2079 5652 Μ’
2110 5601 2170 5650 Ae’
2201 5601 2339 5668 post
2380 5597 2507 5668 πρὸς
2556 5589 2722 5648 addit
2777 5589 2843 5646 A.
2896 5584 3097 5644 Malim
3153 5583 3376 5644 addere
3426 5585 3567 5657 post

1900 5669 2171 5744 οὐδεμίαν.
