4074 6384
520 307 625 364 915

1866 322 2221 380 EUTHYMII
2257 321 2589 384 ZIGABENI

3785 344 3881 399 916

522 433 602 490 ad
655 435 852 492 solam
891 443 1092 498 autem
1150 441 1314 501 illam
1358 447 1537 512 venit,
1595 465 1729 521 quae
1773 450 1830 506 in
1864 449 2191 544 Sarephtha

2314 450 2553 506 οἰκοῦσαν
2587 454 2634 507 ἐν
2668 463 2901 531 Σαρεπτά
2958 462 3074 530 (12)
3136 461 3276 515 πόλει
3333 473 3423 524 τῆς
3478 463 3688 529 Σιδῶνος
3716 477 3881 544 χώρας

525 524 753 580 civitate
803 526 1040 584 Sidonis
1085 533 1345 602 regionis
1397 536 1728 607 habitabat,
1770 545 2013 612 propter
2039 540 2193 595 illius

523 611 894 671 honestatem
927 623 980 673 et
1033 623 1562 693 promptitudinem
1596 629 1669 683 ad
1722 611 2018 695 virtutem,
2061 630 2194 685 licet

524 702 862 773 alienigena
890 715 1045 762 esset
1080 716 1168 775 ;et
1206 713 1559 770 miraculum
1604 719 1764 788 apud
1822 735 1952 774 eam
1986 735 2193 787 opera-

525 796 620 846 tus
668 800 773 862 est,
812 796 958 852 sicut
1006 802 1264 854 ostendit
1297 803 1500 858 tertius
1534 806 1680 861 liber
1741 811 1962 878 Regum
1997 811 2069 866 ³⁵.
2109 811 2193 866 Ita

523 896 766 953 quoque
796 885 922 956 ipse
947 887 1024 942 ad
1050 889 1285 946 nullum
1314 892 1551 960 horum,
1586 897 1689 968 qui
1729 897 1958 970 indigni
2001 905 2190 966 erant,

523 972 798 1028 veniebat
828 975 1002 1045 signa
1032 978 1338 1038 facturus:
1381 985 1546 1055 quod
1592 1004 1714 1043 non
1765 990 1958 1045 solum
1991 991 2192 1048 inutile

525 1065 698 1130 esset,
712 1079 908 1119 verum
922 1067 1101 1122 etiam
1117 1068 1507 1143 blasphemiae
1521 1079 1780 1145 occasio,
1797 1083 1900 1137 sed
1921 1081 1997 1135 ad
2034 1081 2191 1140 solos

525 1163 627 1204 eos
669 1152 770 1222 qui
816 1168 921 1224 per
963 1172 1034 1211 ea
1083 1157 1332 1228 juvandi
1377 1171 1562 1232 erant,
1615 1171 1670 1224 et
1724 1185 1877 1241 quos
1921 1171 2190 1230 futurum

523 1243 666 1306 erat,
696 1246 758 1297 ut
787 1245 1123 1313 pmniteret.

593 1332 680 1400 -Η-
705 1330 882 1402 lgitur
906 1335 1036 1391 haec
1076 1344 1200 1394 erat
1256 1342 1439 1399 vidua
1487 1344 1830 1420 alienigena,
1865 1355 1928 1406 ut
1957 1356 2014 1408 tu
2043 1353 2189 1410 dixi-

523 1418 804 1477 stiilmo
860 1439 995 1480 vero
1050 1443 1116 1483 ex
1164 1429 1322 1486 tribu
1379 1434 1515 1488 Levi
1561 1418 1686 1492 erat
1744 1418 2031 1498 et'mater
2055 1459 2188 1515 pro-

523 1509 712 1580 phetae
762 1513 946 1582 Jonte,
979 1532 1164 1587 quam
1212 1526 1349 1590 post
1403 1527 1637 1597 tempus
1685 1531 2015 1601 prophetiae
2059 1509 2186 1591 sum

525 1600 758 1671 accepit
799 1607 854 1658 et
911 1607 1298 1665 translocavit
1341 1611 1401 1668 in
1461 1620 1618 1672 terra
1675 1600 1892 1686 aliena,
1956 1623 2185 1693 pudore

525 1689 902 1760 popularium
933 1711 1195 1763 suorum,
1226 1700 1391 1771 quod
1415 1705 1728 1776 prophetia
1754 1709 1882 1780 ejus
1905 1689 2183 1770 eventum

523 1793 648 1836 non
684 1780 996 1849 habuerat,
1046 1803 1230 1860 quam
1265 1791 1338 1847 de
1390 1796 1532 1852 urbe
1580 1799 1800 1856 Nineve
1835 1803 2184 1873 praedixerat
2215 1813 2254 1866 B

524 1873 591 1926 ut
619 1871 824 1928 tertius
851 1875 1084 1948 Regum
1111 1878 1260 1936 liber
1281 1889 1503 1942 narrat.

597 2048 766 2106 Vers.
806 2053 899 2110 27.
934 2054 1014 2111 Et
1046 2059 1222 2116 multi
1247 2091 1314 2102 -—
1338 2079 1531 2132 syrus.
1567 2066 1730 2124 Idem
1762 2085 2007 2144 quoque
2038 2089 2188 2146 prae-

525 2141 678 2195 senti
718 2143 1425 2224 manifestavitexemplo.

597 2231 758 2286 Vers.
792 2232 880 2288 28.
913 2235 989 2290 Et
1022 2240 1237 2306 repleti
1273 2249 1408 2297 sunt
1441 2274 1510 2284 —
1541 2246 1700 2302 Vers.
1732 2251 1821 2306 29.
1858 2267 2010 2309 eum.
2044 2254 2189 2310 Hinc

526 2319 910 2377 ostenderunt
969 2340 1030 2378 se
1074 2325 1236 2398 ipsos
1285 2347 1416 2386 esse
1475 2334 1661 2404 signis
1726 2339 2008 2409 indignos
2074 2359 2084 2398 :
2135 2349 2192 2400 et

528 2407 842 2466 Salvatoris
896 2428 1255 2486 sermonem,
1298 2420 1393 2492 qui
1423 2422 1497 2478 de
1538 2425 1652 2481 hoc
1710 2407 1903 2486 factu—8
1955 2437 2078 2490 erat
2111 2434 2188 2489 ab

526 2513 617 2562 eo,
645 2500 809 2572 quod
849 2501 1042 2558 facere
1074 2507 1470 2579 conabantur,
1499 2515 1906 2574 coﬁrmarunt.

599 2589 756 2644 Vers.
797 2593 884 2654 30.
918 2593 1046 2664 Ipse
1074 2620 1128 2628 —
1158 2596 1299 2653 ibat.
1320 2600 1597 2659 Servatus
1623 2606 1693 2660 ab
1725 2608 1890 2666 unita
1911 2610 2017 2666 sibi
2048 2612 2190 2669 divi-

525 2677 729 2734 nitate.

598 2768 763 2826 Vers.
793 2772 879 2826 31.
907 2773 986 2830 Et
1040 2775 1340 2834 descendit
1369 2811 1440 2822 —
1488 2782 1650 2839 Vers.
1700 2786 1787 2842 32.
1832 2790 2016 2846 illius.
2046 2792 2192 2850 Scri-

525 2857 642 2929 psit
666 2863 722 2914 et
746 2859 860 2917 hoc
904 2865 1212 2923 Matthaeus
1239 2868 1298 2924 in
1333 2870 1449 2927 ﬁne
1483 2875 1673 2946 quinti
1701 2879 1912 2951 capitis
1945 2896 1956 2936 :
1989 2899 2192 2954 quaere

526 2960 669 3016 ergo
694 2953 1159 3013 enarrationem.

592 3039 738 3094 CAP.
781 3041 922 3098 VIII.
956 3044 1038 3098 De
1093 3047 1339 3106 habente
1386 3053 1663 3121 spiritum
1735 3057 2188 3120 daemoniacum.

596 3128 758 3185 Vers.
789 3131 881 3189 33.
915 3132 995 3188 Et
1038 3135 1100 3191 in
1147 3167 1212 3177 ——
1246 3139 1404 3195 Vers.
1438 3141 1527 3198 34.
1569 3145 1688 3201 Dei.
1719 3146 1853 3203 Hinc
1884 3156 1940 3206 et
1970 3153 2196 3210 Marcus
2241 3161 2279 3217 C

526 3214 724 3286 primo
739 3219 974 3292 scripsit
1000 3225 1208 3297 capite,
1244 3234 1299 3286 et
1326 3230 1384 3286 in
1421 3247 1490 3288 eo
1522 3233 1593 3290 ad
1616 3235 1867 3293 verbum
1893 3239 2197 3301 declarata

529 3312 682 3363 sunt.

598 3395 761 3454 Vers.
818 3399 907 3458 35.
948 3403 1027 3460 Et
1055 3405 1382 3478 increpavit
1405 3441 1472 3451 —
1501 3411 1612 3468 illi.
1645 3415 1921 3475 Similiter
1948 3425 2003 3476 et
2032 3421 2183 3481 hinc.

598 3577 760 3633 Vers.
795 3583 875 3636 36.
927 3582 994 3637 Et
1031 3584 1223 3654 factus
1275 3594 1357 3644 est
1411 3619 1478 3629 —
1527 3593 1801 3650 exeunt?
1839 3598 2114 3660 Similiter
2139 3607 2196 3660 et

525 3665 675 3722 haec.

600 3755 762 3811 Vers.
819 3761 906 3813 37.
943 3761 1383 3831 Egrediebatur
1427 3798 1497 3809 —
1531 3771 1802 3842 regionis.
1855 3777 2085 3839 Dictum
2105 3789 2195 3842 est

529 3843 601 3899 de
625 3843 739 3902 hoc
762 3853 976 3919 quarto
1004 3851 1178 3922 juxta
1205 3853 1534 3914 Matthaaum
1564 3863 1779 3934 capite.

969 4031 1125 4088 CAP.
1157 4035 1241 4090 IX.
1277 4035 1359 4093 De
1396 4054 1562 4095 socru
1600 4043 1785 4101 Petri.

600 4115 762 4172 Vers.
795 4118 878 4174 38.
914 4121 1177 4194 Cumque
1202 4129 1552 4186 surrexisset
1604 4163 1670 4174 —-
1733 4135 1891 4194 Vers.
1924 4143 2012 4198 36.
2045 4144 2186 4202 illis-

528 4211 838 4280 Ηρώτησαν,
867 4225 985 4267 non
1011 4217 1098 4270 est
1139 4213 1456 4284 significat,
1487 4222 2025 4298 interrogaverunt,
2061 4236 2186 4303 sed,

526 4296 920 4367 Rogaverunt,
957 4302 1111 4360 sicut
1163 4306 1300 4363 alibi
1349 4307 1576 4368 dictum
1639 4322 1743 4373 est.
1796 4296 2071 4380 Similiter
2105 4296 2192 4378 s’n';

527 4391 756 4458 ετίμησε,
792 4404 915 4446 nou
947 4398 1036 4448 est
1056 4394 1150 4452 hic
1213 4404 1449 4474 proprie
1486 4407 1832 4481 lucrepavit,
1891 4414 1994 4470 sed
2035 4415 2192 4474 Prae-

525 4477 688 4546 cepit,
720 4479 886 4551 quod
913 4483 1087 4540 etiam
1118 4487 1234 4545 alio
1260 4492 1391 4549 loco
1423 4477 1783 4558 dictum—est.

599 4566 740 4631 Quae
767 4583 907 4626 vero
939 4579 1078 4629 sunt
1107 4577 1181 4634 de
1196 4595 1372 4637 socru
1416 4586 1670 4645 Simonis
1693 4591 1844 4650 Petri
1879 4597 2190 4656 manifeste

525 4653 824 4714 declarata
858 4661 1124 4722 invenies
1155 4673 1367 4729 octavo
1409 4678 1602 4750 capite
1642 4682 1945 4756 Evangelii
1977 4704 2185 4746 secun-

525 4744 671 4802 dum
703 4750 1056 4811 Mattheeum.

776 4841 929 4900 CAP.
957 4846 1017 4903 X.
1049 4849 1139 4906 De
1167 4856 1386 4912 curatis
1415 4873 1452 4915 α
1491 4861 1668 4917 variis
1696 4867 1933 4924 morbis.

521 5019 682 5075 Vers.
721 5020 808 5080 40.
864 5025 1004 5085 Cum
1061 5032 1146 5088 sol
1203 5042 1396 5092 autem
1443 5044 1683 5098 essetin
1731 5061 1944 5104 occasu
1971 5082 2038 5092 —
2069 5068 2179 5110 eos.

519 5107 752 5167 Dictum
780 5120 868 5173 est
893 5116 966 5173 de
999 5118 1090 5174 his
1119 5122 1177 5176 in
1211 5126 1501 5200 principio
1537 5131 1681 5188 noni
1737 5137 1946 5208 capitis
2001 5141 2184 5200 Evan-

519 5197 653 5268 gelii
680 5205 1011 5265 secundum
1042 5212 1394 5272 Matthaeum.

591 5323 638 5359 ³⁵
658 5323 739 5385 ΙΙΙ
758 5331 897 5402 Reg.
929 5349 1074 5408 xvn,
1111 5342 1162 5394 9.

2307 538 2447 608 ἦλθε,
2479 540 2571 596 διὰ
2596 550 2653 598 τό
2691 553 2874 621 σεμνὸν
2906 550 3090 614 αὐτῆς,
3145 558 3233 605 καὶ
3265 556 3390 627 πρὸς
3442 553 3622 626 ἀρετὴν
3673 559 3882 633 ἕτοιμον,

2303 637 2476 684 καίτοι
2505 633 2781 708 ἆλλόφυλον
2815 635 2994 705 οὖσαν,
3014 647 3102 694 καὶ
3126 641 3586 716 ἐθαυματούργησε
3601 647 3717 720 παρ’
3737 650 3878 723 αὐτῇ,

2305 724 2370 782 ὡς
2417 725 2446 780 ἡ
2504 730 2653 798 τρίτη
2698 736 2794 778 των
2841 727 3121 801 βασιλειῶν
3151 729 3414 794 διέξεισιν.
3449 734 3581 785 οὕτω
3625 741 3710 788 καὶ
3741 739 3884 802 αὐτὸς

2302 816 2433 885 πρὸς
2463 812 2652 867 οὐδένα
2679 821 2769 889 μὲν
2801 839 2896 870 των
2925 817 3143 882 ἀναξίων
3174 825 3386 894 ἔρχεται
3403 829 3634 880 ποιήσων
3661 836 3878 898 σημεῖον,

2306 896 2398 952 διὰ
2424 905 2481 954 τὸ
2514 910 2584 970 μή
2611 911 2763 977 μόνον
2795 907 3030 984 ἀκερδὲς,
3067 910 3193 963 ἀλλὰ
3221 916 3306 963 καὶ
3341 910 3672 984 βλασφημίας
3710 923 3881 990 παραί-

2303 1009 2431 1059 τιον,
2466 997 2594 1067 πρὸς
2624 1001 2808 1067 μόνους
2841 995 2898 1051 δὲ
2930 1004 3051 1063 τοὺς
3079 1000 3627 1074 μεταϐληθησομένους
3656 1010 3741 1056 καὶ
3770 1006 3885 1080 ὠφε-

2301 1078 2713 1156 ληθησομένους.

2377 1296 2604 1369 [Οὐκοῦν
2636 1302 2748 1373 (13)
2795 1305 2927 1363 αὕτη
2957 1308 2986 1364 ή
3022 1312 3176 1382 χήρα
3205 1307 3508 1382 ἀλλόφυλος,
3543 1313 3609 1372 ὡς
3655 1313 3718 1361 σὺ
3762 1313 3886 1382 εἰρη-

2299 1407 2390 1448 κας
2423 1405 2436 1455 ;
2466 1389 2623 1443 Ἀλλὰ
2651 1393 2842 1463 μᾶλλον
2865 1393 2918 1446 ἐκ
2945 1405 3036 1456 τῆς
3080 1404 3358 1459 Λευῖτικῆς
3385 1399 3546 1471 φυλῆς
3578 1397 3657 1465 ἦν,
3689 1404 3772 1451 καὶ
3797 1406 3886 1471 μή·

2299 1497 2396 1548 τηρ
2429 1487 2520 1531 τοῦ
2550 1488 2819 1554 προφήτου
2870 1486 3036 1550 Ἰωνᾶ,
3103 1489 3158 1545 ἢν
3197 1488 3366 1540 λαϐὼν
3397 1493 3528 1561 μετὰ
3583 1495 3669 1542 τόν
3697 1494 3883 1562 καιρόν,

2298 1576 2387 1628 τῆς
2419 1569 2574 1622 αὐτοῦ
2633 1580 2968 1645 προφητείας,
3021 1584 3308 1647 κατῴκισεν
3375 1580 3489 1650 (14)
3537 1578 3583 1630 ἐν
3637 1587 3701 1651 γῇ
3758 1578 3886 1630 ἀλλο-

2298 1658 2482 1729 φύλων,
2560 1661 2932 1734 αἰσχυνόμενος
2987 1671 3104 1728 τοὺς
3161 1667 3320 1719 αὐτοῦ
3374 1670 3680 1741 ὁμοφύλους,
3733 1669 3777 1719 ἐν
3822 1677 3885 1738 τῷ

2299 1743 2689 1818 διαψευσθῆναι
2746 1757 2840 1804 τήν
2906 1754 3065 1807 αὑτοῦ
3132 1763 3466 1831 προφητείαν,
3521 1757 3580 1815 ἢν
3629 1762 3888 1832 προείρηκε

2295 1843 2414 1909 περὶ
2469 1847 2564 1899 τῆς
2612 1846 2811 1906 Νινευὶ,
2862 1847 2928 1906 ὡς
2983 1846 3012 1902 ἡ
3071 1852 3220 1919 τρίτη
3307 1856 3407 1898 τῶν
3469 1848 3744 1900 Βασιλειών
3796 1843 3888 1899 διέ-

2297 1923 2450 1986 ξεισι.
2483 1927 2504 2001 ]

2371 2021 2470 2068 Καὶ
2500 2019 2675 2071 πολλοὶ
2700 2053 2768 2060 -
2809 2026 2984 2098 Σύρος.
3015 2029 3082 2077 Τό
3117 2026 3242 2078 αὑτό
3275 2033 3364 2080 καὶ
3414 2025 3507 2080 διὰ
3540 2037 3627 2080 τοῦ
3655 2033 3889 2101 παρόντος

2299 2100 2500 2176 ἐνέφηνε
2521 2106 2962 2182 παραδείγματος.

2374 2202 2473 2247 Καὶ
2545 2197 2884 2258 ἐπλήσθησαν
2969 2236 3037 2244 -
3115 2206 3290 2259 αὐτόν.

2302 2281 2511 2346 ἀναξίου
2523 2307 2543 2348 ς
2611 2294 2837 2361 σημείων

3357 2205 3604 2271 ’Ἐδειξαν
3680 2207 3889 2260 ἐντεῦθεν

2923 2292 3158 2362 ἑαυτοὺς,
3234 2300 3324 2348 καὶ
3381 2301 3470 2348 τόν
3541 2302 3657 2369 περὶ
3717 2298 3889 2348 τούτου

2299 2371 2449 2444 λόγον
2498 2384 2588 2428 τοῦ
2651 2386 2887 2453 Σωτῆρος
2934 2382 3266 2449 ἐϐεϐαίωσαν,
3345 2385 3432 2459 ἀφ’
3503 2388 3569 2438 ὧν
3632 2386 3891 2460 ἑπεχείρή·

2304 2482 2419 2516 σαν.

2375 2554 2557 2618 Ἀὐτός
2590 2589 2652 2598 -—
2681 2558 2968 2634 ἐπορεύετο.
3002 2567 3383 2638 Φρουρούμενος
3415 2575 3477 2639 τῇ
3508 2569 3737 2640 ἡνωμένη
3761 2565 3890 2636 αὐτῷ

2304 2644 2529 2703 θεότητι.

2376 2741 2475 2788 Καὶ
2502 2737 2749 2797 κατῆλθεν
2778 2772 2846 2781 —
2868 2742 3048 2795 αὐτοῦ.
3077 2743 3306 2817 Ἔγραψε
3335 2754 3490 2798 τοῦτο
3530 2752 3620 2799 καὶ
3649 2747 3892 2804 Ματθαῖος

2303 2822 2351 2875 ἐν
2383 2834 2454 2896 τῷ
2477 2827 2604 2879 τέλει
2636 2837 2728 2881 τοῦ
2759 2835 2992 2903 πέμπτου
3033 2833 3333 2905 κεφαλαίου,
3387 2841 3477 2889 καὶ
3525 2838 3754 2898 ζήτησον
3802 2833 3895 2887 ἐκεῖ

2304 2920 2397 2974 τὴν
2439 2916 2709 2990 ἐξήγησιν.

2416 3048 2559 3100 ΚΕΦ.
2592 3043 2670 3100 ΙΓ.
2718 3051 2840 3119 Περὶ
2871 3055 2961 3098 τοῦ
3011 3051 3224 3120 ἔχοντος
3254 3058 3456 3123 πνεῦμα
3507 3049 3798 3124 δαιμονίου.

2384 3138 2482 3185 Καὶ
2514 3132 2561 3184 ἐν
2594 3166 2657 3173 -
2691 3143 2845 3190 Θεοῦ,
2879 3143 3056 3189 Ταῦτα
3083 3144 3173 3190 καὶ
3205 3143 3413 3214 Μάρκος
3448 3143 3724 3214 ἱστόρησεν
3765 3139 3807 3192 ἐν
3837 3147 3902 3190 τῶ

2308 3229 2492 3296 πρώτῳ
2542 3224 2820 3297 κεφαλαίῳ,
2872 3232 2961 3279 καὶ
3016 3226 3423 3303 ἡρμηνεύὸἧσαν
3465 3230 3512 3283 ἐν
3569 3230 3740 3303 ἐκείνῳ
3779 3232 3904 3282 κατὰ

2307 3310 2478 3383 λόγον.

2383 3401 2482 3457 Καὶ
2518 3401 2824 3476 ἐπετίμησεν
2854 3438 2914 3446 -
2945 3408 3119 3460 αὑτόν.
3156 3407 3380 3474 Ὁμοίως
3405 3416 3504 3464 καὶ
3526 3418 3711 3466 ταῦτα.

2378 3582 2482 3636 Καὶ
2531 3581 2724 3654 ἐγένετο
2791 3615 2858 3625 -
2917 3583 3221 3659 ἐξέρχονται

2305 3678 2490 3728 ταῦτα.

3287 3607 3298 3654 ς
3364 3589 3626 3664 Παραπλη
3636 3595 3762 3652 σίως
3823 3591 3906 3640 καὶ

2377 3761 2481 3816 Καὶ
2554 3761 2871 3835 ἐξεπορεύετο
2955 3797 3020 3806 —
3097 3775 3418 3843 περίχωρον.
3499 3773 3720 3842 Εἴρηται
3799 3787 3905 3840 περι

2302 3853 2487 3904 τούτου
2547 3852 2594 3904 ἐν
2659 3862 2730 3925 τῷ
2785 3856 3010 3926 τετάρτω
3064 3858 3321 3930 κεφαλαίῳ
3391 3868 3488 3912 τοῦ
3563 3865 3700 3913 κατὰ
3773 3863 3905 3916 Ματ-

2303 3942 2466 3997 θαῖον.

2556 4085 2701 4133 ΚΕΦ.
2736 4078 2806 4135 Θ’.
2844 4087 2968 4156 Περὶ
3000 4090 3095 4144 τῆς
3141 4085 3388 4158 πενθερᾶς
3433 4091 3662 4161 Πέτρου.

2375 4168 2624 4229 Ἀναστὰς
2683 4167 2742 4223 δὲ
2821 4202 2886 4211 -
2971 4172 3169 4234 αὐτοῖς.
3240 4174 3557 4246 Ἠρὼτησαν
3627 4181 3738 4250 μὲν,
3799 4175 3907 4228 ἀντὶ

2299 4267 2408 4322 τοῦ,
2497 4259 2860 4334 Παρεκίίλεσαν
2939 4281 2950 4292 ·

2301 4348 2570 4412 Ἐπέταξε.

3040 4262 3346 4335 Ἐκετίμησε
3431 4262 3513 4332 δε,
3601 4266 3716 4320 ἀντὶ
3800 4274 3904 4333 τοὺ,

2372 4586 2447 4636 Τὰ
2506 4581 2565 4636 δὲ
2618 4603 2735 4658 περι
2815 4593 2909 4646 τῆς
2964 4587 3208 4658 πενθερᾶς
3276 4596 3365 4638 τοῦ
3449 4594 3653 4663 Πέτρου
3737 4598 3908 4660 σαφῶς

2301 4675 2705 4746 ἡρμηνευθησαν
2738 4677 2784 4726 ἐν
2815 4684 2886 4746 τῷ
2927 4672 3100 4747 ὀγδοῳ
3149 4676 3406 4749 κεφαλαίῳ
3437 4687 3531 4730 τοῦ
3579 4684 3717 4732 κατὰ
3767 4681 3906 4735 Ματ-

2303 4765 2444 4816 Θαῐον
2453 4806 2465 4817 .

2517 4878 2660 4927 ΚΕΦ.
2695 4871 2747 4929 Γ.
2778 4878 2902 4947 Περὶ
2932 4882 3030 4926 τῶν
3065 4874 3304 4926 ἰαθέντων
3323 4874 3424 4927 ἀπό
3439 4878 3692 4930 ποικίλων

3009 4969 3193 5020 νόσων.

2367 5056 2607 5112 Δύνοντος
2639 5050 2697 5106 δὲ
2724 5061 2815 5105 τοῦ
2843 5052 2990 5111 ἡλίου
3019 5085 3086 5094 ——-
3131 5054 3339 5116 αὐτούς.
3387 5056 3614 5130 Εἷρηται
3645 5064 3764 5133 περὶ
3789 5059 3908 5110 τού-

2294 5163 2385 5197 του
2417 5148 2464 5197 ἐν
2489 5145 2600 5215 (15)
2641 5140 2782 5216 ἀρχῇ
2815 5152 2900 5196 τοῦ
2935 5144 3108 5196 ἐνάτου
3154 5145 3432 5216 κεφαλαίου
3465 5155 3560 5198 τοῦ
3594 5153 3733 5200 κατά
3769 5154 3906 5201 Ματο

2223 5230 2235 5236 ’
2296 5237 2440 5289 θαῖον
2451 5277 2464 5291 .

1743 5431 1964 5503 Varia;
1996 5437 2325 5509 lectiones
2358 5451 2644 5510 etnotae.

587 5535 697 5615 (ἐξ)
733 5544 969 5615 ξᾳρεφθοί
998 5547 1058 5602 Β·

585 5604 697 5714 £13.)
721 5604 1148 5714 “Hoc'a‘manLu
1185 5638 1446 5714 'prorsu's
1494 5628 1711 5714 recenti
1757 5629 1942 5714 habet
2000 5637 2054 5714 AA
2093 5640 2189 5714 Est

516 5679 678 5732 utem
720 5687 1006 5747 correctio
1029 5679 1992 5767 scholiiproxime—aniecedentis.
2015 5706 2190 5766 Caret

2301 5583 2370 5623 eo
2395 5565 2734 5623 Hentenius.

2372 5639 2482 5710 (14)
2513 5641 2674 5695 Forte
2707 5641 3030 5710 κατῴκησεν,
3045 5637 3333 5710 intellige,
3371 5641 3474 5696 μετ’
3507 5642 3702 5706 αὐτῆς.

2372 5639 2462 5710 (Ur
2513 5641 2674 5695 Forte
2707 5641 3030 5708 κατῴκησεν,
3058 5639 3285 5708 intelligi

2368 5639 2482 5784 (15;
2515 5711 2600 5766 Ἐν
2627 5719 2699 5783 τῷ
2728 5708 2886 5783 ἐνάτῳ
2913 5709 3191 5784 κεφαλαίῳ.
3228 5719 3285 5772 Β,
