4074 6376
210 334 307 390 917

1436 331 1807 393 COMMENT.
1854 329 1923 384 IN
1965 329 2231 389 LUCAM.
2273 363 2339 373 —
2381 331 2537 389 CAP.
2583 332 2648 389 V.

3475 333 3584 393 918

278 461 555 535 Ἐξήρχετο
588 492 653 501 -
692 459 840 517 εἶναι.
891 494 958 505 -—
1012 463 1312 535 Ἐπιτιμὼν,
1356 462 1466 516 ἀντὶ
1496 468 1610 531 τοῦ,
1660 460 1793 513 Ἐπι-

1992 457 2159 513 Vers.
2212 461 2299 515 41.
2359 460 2620 516 Eaeibant
2664 472 2918 530 —,esse.
2972 462 3256 530 Επιτιμῶν,
3320 474 3442 516 non
3496 464 3583 521 est

211 552 488 622 (κομίζων.
539 552 829 623 Ἀνάγνωθι
879 550 937 606 δὲ
994 557 1041 605 ἐν
1096 562 1167 623 τῷ
1212 558 1371 629 τρίτῳ
1420 552 1677 625 κεφαλαίῳ
1711 558 1803 603 τοῦ

205 645 334 692 κατα
390 645 603 716 Μάρκον
653 648 748 701 τὴν
798 643 1047 715 ἐξήγησιν
1099 652 1209 696 τού³
1266 650 1365 697 Καὶ
1393 645 1505 716 (16)
1557 645 1804 713 ἐπιτιμῶν

205 732 293 782 ούκ
316 735 435 803 ipa:
465 731 632 784 λαλεῖν
674 735 738 784 τὰ
770 730 1036 805 δαιμόνια.

271 914 549 981 Γενομένης
595 942 660 950 -
716 914 891 965 τόπον.
952 914 1176 984 Εἴρηται
1238 915 1329 963 καὶ
1372 914 1490 982 περὶ
1531 911 1715 962 τούτου
1758 905 1805 959 ἐν

202 998 357 1068 ούτῴ.

281 1094 381 1141 Καὶ
404 1092 452 1142 οἱ
492 1090 647 1163 ὄχλοι
690 1091 944 1145 -αὗτῶν,
987 1090 1068 1145 Ἐν
1109 1090 1281 1162 ἐκείνῳ
1319 1093 1407 1141 καὶ
1451 1093 1568 1162 περὶ
1614 1091 1806 1139 τούτων

201 1186 319 1261 ἆρρή
331 1187 416 1241 θη.

264 1275 323 1328 Ὀ
378 1271 437 1327 δὲ
499 1304 567 1313 --
628 1271 924 1334 Γαλιλαίας.

263 1367 470 1415 πάντων
481 1403 492 1415 .

260 1453 497 1523 Ἐγένετο
524 1484 583 1492 -
616 1451 819 1522 λίμνην,
853 1453 922 1503 Τὸ
949 1452 1038 1522 μὲν
1068 1454 1284 1521 Σίμωνος
1332 1452 1422 1500 καὶ
1453 1442 1721 1520 Ἀνδρέου,
1750 1448 1808 1498 τὸ

1014 1271 1229 1343 Ὀςιοίως
1284 1274 1374 1322 καὶ
1429 1273 1546 1341 περί
1613 1270 1808 1320 τούτων

166 1540 250 1596 ’δὲ
302 1542 554 1597 Ἰακώϐου
609 1547 697 1593 καὶ
738 1542 996 1595 Ἰωάννου.
1056 1543 1300 1592 Κοινωνοὶ
1356 1540 1458 1611 γὰρ
1519 1533 1652 1596 ἦσαν
1720 1544 1811 1596 τῆς

196 1632 412 1698 ἁλιείας,
443 1635 511 1692 ὡς
542 1634 803 1703 προϊόντες
842 1631 1151 1705 εὑρήσομεν.

1914 547 2011 603 hic
2051 549 2289 620 proprie
2317 551 2658 621 Increpans,
2688 547 2815 617 sed,
2850 547 3166 605 Silentium
3218 547 3341 604 illis
3397 549 3582 620 impo-

1917 652 2080 693 nens.
2120 638 2272 707 Lege
2325 644 2521 695 autem
2570 639 2739 695 tertio
2790 637 2983 709 capite
3032 637 3337 708 Evangelii
3375 653 3584 696 secun-

1916 726 2062 782 dum
2099 730 2358 784 Marcum
2408 728 2551 784 dicti
2584 728 2740 783 illius
2772 726 3202 801 expositionem
3229 742 3245 784 :
3273 735 3327 785 et
3356 744 3477 786 non
3507 727 3583 788 si-

1915 817 2093 873 nebat
2121 817 2273 890 loqui
2306 817 2604 876 dwmonia
2652 819 2717 873 ³⁸.
3276 804 3281 809 ”

1988 906 2154 963 Vers.
2188 911 2277 964 42.
2309 909 2493 965 Facto
2518 939 2586 950 —
2620 910 2834 965 locum.
2878 907 3110 964 Dictum
3142 912 3233 967 est
3261 906 3335 966 de
3365 907 3581 966 eodem

1918 996 2069 1053 loco.

1992 1089 2153 1146 Vers.
2189 1091 2276 1144 4'2.
2328 1089 2403 1145 Et
2435 1089 2623 1146 turba
2644 1119 2712 1130 —
2738 1088 2839 1146 eis.
2872 1086 2979 1144 Illo
3005 1087 3198 1162 capite
3236 1088 3313 1146 de
3354 1088 3448 1146 his
3493 1087 3580 1146 di-

1919 1182 2080 1233 ctum
2110 1182 2219 1234 est.

1992 1268 2159 1324 Vers.
2203 1269 2289 1325 43.
2345 1269 2468 1341 Ipse
2496 1274 2689 1327 autem
2717 1299 2787 1311 —
2816 1269 2975 1325 Vers.
3016 1270 3105 1326 44.
3162 1267 3441 1327 Galilaeam
3498 1267 3582 1325 Si-

1921 1357 2133 1413 militer
2149 1362 2205 1413 et
2224 1357 2297 1412 de
2322 1357 2418 1413 his
2450 1358 2756 1414 omnibus.

1991 1447 2153 1505 CAP.
2196 1448 2267 1503 V.
2305 1450 2463 1504 Vers.
2530 1452 2578 1503 1.
2634 1448 2885 1505 Factum
2933 1449 3019 1503 est
3063 1477 3130 1488 —
3187 1448 3345 1503 Vers.
3386 1450 3439 1504 2.
3500 1447 3584 1505 ιο.

1921 1552 2074 1593 cum.
2106 1539 2234 1595 Una
2258 1536 2504 1607 quidem
2554 1542 2680 1593 erat
2715 1536 2974 1594 Simonis
3015 1540 3071 1592 et
3101 1535 3369 1608 Andreae,
3398 1535 3585 1595 altera

1921 1643 2060 1683 vero
2105 1626 2314 1683 Jacobi
2355 1632 2411 1683 et
2437 1627 2689 1683 Joannis
2722 1649 2733 1680 :
2762 1626 2825 1682 hi
2868 1626 3170 1699 siquidem
3210 1626 3359 1683 socii
3407 1626 3468 1683 in
3496 1627 3585 1702 pi-

1924 1718 2191 1774 scatione
2205 1722 2394 1782 erant.
2408 1720 2585 1789 prout
2600 1716 2659 1771 in
2677 1716 3067 1788 sequentibus
3080 1716 3476 1776 inveniemus.

262 1816 330 1865 Οἱ
386 1810 445 1865 δὲ
500 1812 659 1873 αλιεῐς
714 1842 763 1849 -
814 1806 1027 1861 δίκτυα.
1064 1813 1249 1880 Σίμων,
1294 1811 1379 1858 καὶ
1423 1802 1689 1881 Ἀνδρέας,
1717 1812 1793 1857 κα¹

1997 1809 2156 1865 Vers.
2196 1810 2248 1863 2.
2296 1806 2724 1863 Piscatores—
2769 1806 2933 1863 retia.
2994 1808 3218 1879 Nempe
3269 1806 3475 1864 Simon
3527 1809 3586 1865 et

194 1901 459 1967 Ἰάκωϐος,
494 1908 584 1953 καὶ
615 1901 874 1959 Ἰωάννης.
922 1903 1021 1951 Καὶ
1057 1903 1180 1970 μὴν,
1213 1899 1236 1948 ό
1269 1898 1535 1957 Ματθαῖος
1566 1894 1613 1947 ἐν
1660 1894 1803 1968 ἀρχῇ

189 2002 281 2045 τού
341 1994 684 2063 κηρύγματος
732 2008 889 2060 φησιν
940 1987 1130 2048 αύτούς
1174 1986 1478 2039 καταλιπεῖν
1518 1989 1583 2037 τὰ
1630 1984 1804 2037 ἁλιευ-

188 2086 311 2134 τικὰ
358 2085 548 2145 πάντα,
590 2085 679 2130 καὶ
731 2077 1087 2134 ἀκολουθῆσαι
1130 2086 1200 2147 τῷ
1250 2084 1483 2149 Χριστῷ·
1528 2074 1655 2127 ἀλλὰ
1709 2079 1802 2133 τὴν

187 2177 276 2243 μεν
329 2174 524 2245 ἡμέραν
551 2167 865 2228 ἠκολούθουν
893 2166 1052 2237 αὐτῷ·
1106 2171 1198 2224 τὴν
1245 2162 1303 2218 δὲ
1359 2168 1523 2217 νύκτα
1551 2173 1612 2237 τῇ
1656 2163 1800 2237 αλείᾳ

186 2261 501 2332 έσκσλαξον,
567 2266 710 2309 οὔπω
750 2262 1101 2328 ’γνησιώτερον
1152 2256 1498 2316 οἰκειωθέντες
1574 2250 1668 2306 διὰ
1740 2258 1795 2306 τὸ

186 2349 545 2423 αἰσχυντηλόν
576 2348 765 2400 αύτών.
804 2348 956 2407 Εἰκὸς
1000 2343 1079 2414 δὲ,
1112 2350 1235 2417 μίαν
1266 2346 1295 2405 ἦ
1341 2350 1431 2396 καὶ
1479 2340 1576 2397 δύο
1606 2346 1795 2407 νύκτας

188 2450 339 2493 τοῦτο
364 2448 607 2503 ποιῆσαι,
641 2442 731 2489 καὶ
758 2442 828 2510 μὴ
855 2440 1162 2511 περαιτέρω.

253 2620 445 2691 sese;
490 2649 558 2658 --
606 2617 797 2689 ὀλίγον.
832 2649 899 2657 -
939 2622 1239 2689 Πρώτησεν,
1294 2613 1404 2667 ἀντὶ
1448 2622 1560 2681 τοῦ,
1622 2621 1789 2689 Προσ-

185 2712 352 2773 έταξε.

256 2802 355 2854 Καὶ
391 2800 615 2858 καθίσας
666 2829 733 2836 -
774 2796 984 2869 ὄχλους·
1027 2792 1339 2848 Ἐδίδασκεν
1366 2798 1420 2847 ἐκ
1451 2802 1543 2846 τοῦ
1586 2794 1791 2859 πλοίου,

181 2894 265 2941 ἵνα
304 2893 375 2960 μὴ
438 2887 760 2939 ἐπιπίπτοιεν
801 2886 937 2956 αύτῷ
984 2882 1317 2950 διδάσκοντι,
1346 2889 1435 2936 καὶ
1480 2886 1563 2936 ἱνα
1600 2886 1792 2944 πάντας

180 2982 296 3051 όρᾲ,
352 2980 492 3029 κατὰ
544 2981 823 3051 πρόσωπον
874 2975 1121 3036 ἑστῶτας.
1176 2983 1339 3027 Τοῦτο
1391 2970 1448 3025 δὲ
1497 2978 1585 3025 καὶ
1638 2973 1791 3025 πάλιν

178 3072 477 3133 πεποίηκεν,
534 3069 603 3127 ὡς
655 3060 762 3118 εἷπε
820 3066 1088 3126 Ματθαῐος
1133 3062 1180 3116 ἐν
1226 3071 1296 3116 τῶ
1351 3062 1479 3116 τέλει
1511 3071 1599 3115 τοῦ
1650 3064 1790 3115 εἰκο-

182 3166 307 3210 στοῦ
334 3162 511 3230 τρίτου
542 3155 843 3228 κεφαλαίου.

437 3252 579 3300 ΚΕΦ.
610 3243 707 3298 ΙΑ’.
744 3249 868 3317 Περὶ
893 3251 989 3305 τῆς
1022 3242 1183 3315 ἄγρας
1204 3252 1300 3295 τῶν
1326 3242 1545 3313 ἰχθύων.

248 3342 339 3398 Ὠς
392 3332 451 3388 δὲ
501 3367 568 3375 —
608 3334 795 3409 ἄγραν.
854 3340 1124 3385 Γινώσκων
1179 3336 1259 3384 ὅτι
1308 3329 1508 3395 διὀλης
1551 3341 1640 3392 τῆς
1670 3351 1787 3383 νυκο

178 3430 261 3487 τος
308 3423 461 3477 οὐδὲν
514 3428 794 3499 ἧγρευσαν,
844 3421 1103 3495 ἐπιτρέπει
1142 3426 1347 3483 τούτοις
1394 3421 1635 3493 χαλάσαι
1674 3422 1787 3492 (17)

177 3520 244 3566 τα
276 3512 471 3566 δίκτυα
497 3523 607 3577 νυν,
650 3512 733 3564 ἱνα
761 3517 966 3584 γνόντες
997 3518 1089 3569 τὴν
1135 3509 1357 3583 δύναμιν
1388 3512 1547 3563 αὐτοῦ
1576 3510 1789 3584 βεϐαιό-

179 3624 345 3679 τερον,
406 3604 615 3656 πλείονα
675 3608 856 3655 πίστιν
916 3602 1075 3654 αὐτοῦ
1127 3600 1491 3674 προσλάϐοιεν,
1542 3606 1631 3653 καὶ
1687 3602 1792 3654 λοι-

181 3700 275 3746 πον
309 3692 630 3755 ἀποστάντες
659 3693 823 3745 τέλεον
872 3700 964 3753 τῆς
1002 3691 1214 3755 άλιείας,
1269 3688 1520 3752 διηνεκῶς
1574 3691 1791 3744 ἀκολου-

185 3787 342 3837 θῶσιν
382 3784 524 3855 αύτῷ
535 3824 547 3836 .

259 3880 356 3927 Καὶ
387 3872 689 3946 ἀποκριθεὶς
718 3901 780 3909 -
810 3868 1044 3925 δικτυον.
1077 3871 1394 3934 Ἐπιστάτης
1425 3870 1538 3943 (l8)
1590 3870 1792 3943 λέγεται

184 3967 209 4015 ό
238 3960 584 4024 διδάσκαλος.

257 4059 355 4106 Καὶ
407 4062 561 4105 τοῦτο
629 4058 943 4113 ποιήσαντες
1011 4082 1077 4092 -—
1149 4050 1303 4105 αὐτά.
1374 4052 1467 4103 Διά
1540 4052 1790 4123 νεύματος

180 4142 631 4216 προσεκαλέσαντο
691 4142 893 4208 αύτούς,
955 4147 1026 4213 μή
1083 4137 1361 4213 δυνάμενοι
1408 4140 1635 4199 λαλῆσαι
1688 4139 1787 4193 ἀπὸ

180 4241 273 4294 τῆς
299 4231 593 4294 ἐκπλήξεως
627 4237 714 4283 καὶ
768 4240 858 4283 τοῦ
890 4230 1070 4303 φόϐου.
1102 4235 1374 4301 Μετόχους
1405 4227 1464 4283 δὲ
1484 4230 1640 4302 λέγει,
1668 4234 1789 4293 τοὺς

180 4327 421 4375 κοινωνού
432 4342 471 4383 ς.

250 4410 400 4465 Ἰδὼν
441 4444 509 4451 -
558 4411 680 4482 εἰμι.
726 4418 963 4475 Συνῆκεν,
1021 4412 1101 4463 ὄτί
1154 4414 1210 4462 τό
1255 4414 1574 4483 πρόσταγμα
1624 4410 1784 4462 αὐτοῦ

1919 1897 2205 1961 Andreas,
2228 1897 2484 1953 Jacobus
2515 1900 2573 1953 et
2592 1896 2873 1952 Joannes.
2910 1895 3087 1968 Atqui
3119 1895 3423 1953 Matthteus
3476 1896 3579 1970 ait,

1914 1986 2027 2042 hos
2056 1987 2117 2043 in
2148 1986 2445 2059 principio
2474 1985 2920 2059 praedicationis
2964 1984 3275 2058 reliquisse
3326 1985 3580 2060 piscato-

1911 2077 2002 2131 ria
2052 2076 2279 2141 omnia,
2313 2081 2370 2131 et
2400 2080 2633 2131 secutos
2666 2089 2795 2130 esse
2838 2073 3164 2130 Christum.
3216 2075 3436 2131 Verum
3482 2074 3581 2133 die

1909 2165 2156 2238 quidem
2191 2164 2601 2238 sequebantur
2648 2164 2969 2231 Christum,
3012 2168 3183 2220 nocte
3223 2179 3357 2221 vero
3386 2164 3582 2237 pisca-

1907 2255 2059 2311 toria
2088 2254 2487 2311 exercebant:
2511 2254 2785 2311 nondum
2803 2253 3060 2325 ingenue
3085 2254 3147 2310 in
3173 2252 3387 2312 Christi
3403 2253 3575 2311 fami-

1902 2345 2048 2402 liam
2074 2343 2268 2409 acciti,
2295 2359 2365 2400 eo
2392 2343 2557 2417 quod
2580 2342 2822 2416 propria
2852 2341 3259 2400 detinerentur
3287 2358 3569 2401 verecun-

1903 2434 2016 2491 dia.
2051 2433 2377 2490 Verisimile
2406 2438 2495 2489 est
2512 2438 2735 2500 autem,
2761 2431 2822 2487 id
2849 2448 2969 2489 una
2992 2437 3161 2490 nocte
3184 2431 3435 2503 factum,
3454 2435 3570 2492 aut

1901 2524 2164 2591 duabus,
2203 2527 2261 2580 et
2304 2539 2428 2579 non
2460 2523 2741 2595 amplius.

1974 2613 2138 2672 νοτε.
2169 2618 2222 2670 3.
2282 2614 2576 2687 Ingressus
2607 2644 2663 2656 —
2697 2612 2995 2685 pusillum.
3055 2612 3315 2670 Verbum
3366 2612 3571 2686 ἠρώτη-

1905 2722 1988 2756 σεν
2015 2719 2126 2759 nec
2156 2704 2248 2759 hic
2280 2703 2576 2774 signiﬁcat
2605 2702 3019 2773 Interrogavit,
3063 2702 3169 2759 sed
3193 2701 3389 2759 Iussit.

1974 2795 2134 2848 Vers.
2167 2794 2223 2848 3.
2276 2794 2355 2848 Et
2398 2793 2599 2850 sedens
2636 2791 2946 2850 —turbas.
2981 2791 3242 2849 Docebat
3288 2791 3364 2848 de
3408 2792 3568 2859 navi,

1903 2898 1979 2939 ne
2008 2883 2069 2938 in
2100 2899 2239 2937 eum
2270 2882 2587 2938 docentem
2623 2881 2951 2938 irruerent:
2987 2880 3328 2954 videretque
3357 2897 3572 2939 omnes

1900 2988 2104 3028 coram
2119 2971 2270 3027 facie
2288 2976 2530 3027 stantes.
2561 2972 2680 3026 Hoc
2702 2976 2905 3027 autem
2938 2970 3086 3027 alias
3112 2971 3295 3027 etiam
3315 2970 3447 3029 fecit
3472 2985 3569 3028 ve-

1900 3061 2003 3119 luti
2031 3061 2178 3118 dixit
2206 3060 2519 3118 Matthaaus
2549 3059 2835 3117 vicesimo
2865 3060 3035 3117 tertio
3066 3059 3281 3133 capite.

2260 3238 2413 3296 CAP.
2443 3239 2525 3297 X1.
2561 3239 2643 3297 De
2673 3244 2931 3309 captura
2955 3238 3243 3307 piscium.

1972 3330 2137 3386 Vers.
2177 3332 2231 3385 4.
2286 3330 2354 3388 Ut
2408 3336 2608 3387 autem
2642 3360 2695 3371 —
2738 3333 3063 3399 capturum.
3121 3326 3349 3397 Sciens,
3405 3326 3569 3400 quod

1900 3423 2025 3477 tota
2062 3424 2239 3477 nocte
2277 3419 2425 3476 nihil
2466 3425 2767 3492 ceperant,
2799 3418 3254 3476 adhortabatur.
3297 3422 3362 3475 ut
3404 3432 3569 3476 nunc

1900 3510 2170 3567 laxarent
2196 3510 2385 3576 retia;
2426 3526 2545 3582 quo
2586 3509 2825 3579 cognita
2853 3508 3085 3563 firmius
3124 3508 3251 3579 ejus
3295 3506 3565 3580 potentia

1901 3602 2194 3674 majorem
2218 3600 2293 3656 de
2314 3616 2385 3656 eo
2409 3599 2593 3655 ﬁdem
2614 3599 3012 3670 conciperent,
3041 3597 3365 3671 relictaque
3392 3596 3559 3654 dein-

1901 3709 2042 3764 ceps
2062 3695 2326 3763 capturas
2345 3688 2759 3761 magnitudine
2780 3688 2934 3761 (nn),
2976 3687 3256 3746 continue
3282 3703 3428 3757 eum
3474 3702 3564 3743 se-

1901 3784 2250 3855 querentur.

1973 3873 2135 3927 Vers.
2179 3874 2229 3925 5.
2286 3870 2367 3926 Et
2404 3868 2758 3942 respondens
2800 3899 2871 3911 —
2913 3874 3054 3927 rete.
3104 3868 3193 3941 -Η-
3243 3867 3572 3931 Ἐπιστάτης

1901 3960 2119 4017 dicitur
2160 3960 2382 4016 doctor.

1973 4050 2144 4107 Vers.
2171 4050 2225 4103 6.
2255 4049 2506 4120 Cumque
2539 4046 2651 4104 hoc
2701 4046 2987 4117 fecissent
3016 4078 3084 4090 —
3116 4048 3279 4105 Vers.
3312 4052 3369 4105 7.
3407 4047 3567 4119 ipsa.

1900 4141 2055 4196 Nutu
2083 4154 2189 4197 eos
2227 4141 2618 4202 vocaverunt,
2652 4152 2785 4191 cum
2820 4151 2942 4210 prae
2983 4141 3228 4210 stupore
3262 4141 3321 4193 et
3359 4136 3570 4195 timore

1897 4226 2063 4301 loqui
2088 4244 2211 4286 non
2240 4231 2505 4301 possent.
2538 4225 2860 4299 Participes
2898 4229 3100 4285 autem
3144 4232 3322 4285 vocat
3348 4226 3567 4289 socios.

1971 4410 2130 4464 Vers.
2172 4410 2223 4463 8.
2282 4406 2492 4463 Videns
2523 4420 2765 4461 —sum.
2794 4404 3102 4473 lntellexit,
3133 4405 3302 4479 quod
3344 4419 3568 4479 prace-

187 4500 493 4574 παραδόξως
548 4503 822 4574 ἐνήργησε,
884 4505 971 4551 καὶ
1028 4503 1108 4551 ὅτι
1162 4502 1291 4560 θεῖός
1330 4498 1444 4551 ἐστι
1496 4504 1581 4551 καὶ
1631 4501 1785 4573 ὑπερ·-

1929 4504 2067 4555 ιιιιω
2099 4497 2228 4569 ejus
2246 4494 2607 4552 admirando
2639 4495 2817 4550 modo
2849 4499 3163 4568 operatum
3189 4499 3335 4562 erat,
3369 4494 3565 4568 quod-

184 4598 308 4662 φυῂς
359 4593 647 4663 ἄνθρωπος,
704 4595 791 4641 καὶ
846 4590 1021 4642 λοιπὸν
1077 4588 1282 4651 ἀνάξιον
1337 4588 1515 4641 ἑαυτὸν
1577 4589 1786 4661 λογισά-

184 4700 347 4752 μενος,
378 4681 478 4732 ὑπὸ
532 4679 722 4741 πολλῆς
775 4679 916 4751 μάλα
970 4688 1059 4739 τῆς
1118 4678 1381 4740 εὐλαϐείας
1428 4684 1517 4731 καὶ
1596 4698 1785 4732 συστο-

183 4771 292 4835 λῆς,
337 4778 622 4841 παρῃτεῖτο
652 4773 745 4827 τὴν
796 4773 1090 4842 παρουσίαν
1123 4769 1302 4833 αὐτοῦ,
1359 4770 1620 4842 φορηθεὶς,
1690 4774 1788 4841 μὴ·

185 4880 301 4913 ποτε
340 4862 456 4932 (19)
488 4856 825 4931 κινδυνεύσῃ,
860 4858 1127 4931 τολμήσας
1160 4855 1522 4921 ὑποδέξασθαι
1554 4866 1786 4920 τοιοῦτος

185 4959 433 5003 τοιοῦτον.

250 5038 457 5112 Θαμϐος
531 5069 599 5078 -
679 5036 975 5090 συνέλαϐον.
1061 5042 1212 5099 Εἰκὸς
1289 5040 1412 5109 γὰρ,
1478 5041 1617 5109 ἔχειν
1692 5041 1785 5091 σύν

247 5181 290 5216 ³⁷
322 5181 501 5238 Marc.
536 5196 573 5247 1,
598 5182 684 5238 34.

1897 4605 2015 4662 que
2040 4586 2283 4643 divinus
2308 4600 2378 4641 ac
2400 4584 2872 4657 supernaturalis
2897 4584 3083 4642 homo
3114 4590 3274 4651 esset
3304 4601 3317 4643 :
3351 4588 3408 4643 et
3438 4599 3569 4642 ma-

1898 4694 2015 4750 gna
2052 4677 2209 4733 illius
2238 4673 2585 4745 reverentia,
2638 4674 2854 4748 suique
2912 4674 3287 4749 correptione
3340 4689 3567 4747 represp

1899 4784 2024 4832 sus,
2058 4765 2375 4835 indignum
2404 4779 2535 4820 sese
2550 4763 2827 4821 ducebat.
2863 4763 3223 4838 Ejusitaque
3252 4764 3565 4823 devitabat

1898 4855 2302 4930 praesentiam,
2332 4855 2567 4921 timens,
2611 4853 2939 4927 nequando
2980 4854 3433 4927 periclitaretur,
3490 4867 3563 4913 eo

1898 4947 2064 5021 quod
2096 4945 2226 5003 talis
2258 4944 2434 5001 talem
2462 4960 2647 5002 ausus
2678 4943 2888 5001 fuisset
2912 4944 3238 5017 suscipere.

1970 5036 2131 5092 Vers.
2173 5036 2230 5091 9.
2264 5032 2481 5105 Stupor
2505 5064 2573 5075 —
2604 5033 3194 5107 comprehenderant.
3228 5029 3561 5101 Verisimile

1396 5278 1622 5349 Variae
1650 5278 1985 5349 lectiones
2023 5285 2090 5348 et
2118 5285 2323 5346 noue.

246 5450 360 5531 (16)
386 5451 674 5524 Ἐπιτιμῶν
705 5466 816 5508 nec
832 5453 1079 5517 Marcus,
1110 5466 1220 5508 nec
1249 5450 1571 5507 Hentenius
1602 5465 1784 5523 agno-

182 5530 306 5578 SCll.

247 5595 359 5666 (Π)
384 5595 685 5650 Χαλάσατι.
715 5600 777 5648 Δ.

250 5751 377 5822 (nn)
412 5752 684 5824 Captum
708 5747 1140 5821 magnitudine.
1172 5746 1425 5805 Prorsus
1455 5746 1804 5820 piscatione.

1967 5448 2081 5523 (t8)
2110 5449 2379 5515 Quatuor
2427 5445 2559 5503 haec
2607 5444 2903 5523 vocabula
2941 5443 3142 5523 omisit
3197 5445 3552 5509 Hentenius.

1895 5518 2085 5579 Verba
2122 5524 2433 5577 contextus
2463 5530 2663 5590 autem
2691 5518 3018 5590 conjunxit.

1968 5593 2080 5667 (l9)
2110 5597 2325 5651 Μήποτε
2353 5596 2443 5645 καὶ
2476 5586 2819 5665 κινδυνεύσῃ.
2842 5590 2909 5647 Β.
