4074 6402
520 363 629 421 919

1851 358 2214 423 EUTHYMII
2252 358 2582 416 ZIGABENI
3788 362 3883 418 990

524 491 685 548 enim
720 493 830 560 est,
861 504 981 545 non
1014 487 1211 545 solum
1241 489 1483 547 fratrem
1509 489 1817 548 Andream
1851 504 2055 545 secum
2080 487 2186 543 ha-

2304 483 2442 555 αύτῷ
2482 490 2551 558 μή
2604 488 2758 557 μόνον
2795 486 2883 537 τὸν
2938 480 3156 556 ἀδελφὸν
3197 478 3470 558 Ἀνδρέαν,
3504 481 3628 535 ἀλλά
3674 487 3756 538 καὶ
3806 508 3879 558 μι-

523 580 755 650 buisse,
796 594 1007 635 verum
1053 578 1233 634 etiam
1269 579 1672 635 mercenarios
1712 580 1865 635 sicut
1893 578 2067 634 etiam
2112 576 2185 632 de

526 670 751 739 Jacobo
795 674 853 725 et
890 671 1118 725 Joanne
1162 668 1365 724 docuit
1412 672 1639 725 Marcus
1680 670 1834 726 circa
1863 668 2045 724 ﬁnem
2092 665 2186 722 sui

526 759 823 833 prooemii.

599 848 872 905 Vers.10.
896 847 1559 916 Simililer—captabis.
1587 847 1916 903 Abundans
1941 848 2190 916 captura

525 937 783 1010 piscium
828 942 1009 1009 typus
1044 942 1169 992 erat
1226 936 1482 1007 copiosa
1537 936 1855 993 hominum
1906 939 2186 1008 captura,

528 1043 600 1083 ac
617 1026 997 1099 przesignatio
1013 1041 1248 1096 magnae
1268 1026 1505 1082 illorum
1534 1026 1955 1090 multitudinis,
1977 1025 2078 1097 qui
2111 1023 2188 1079 ab

529 1116 816 1189 apostolis
830 1115 1126 1171 irretiendi
1144 1122 1332 1182 erant,
1352 1132 1612 1188 quorum
1630 1115 1972 1172 sensibilem
1987 1118 2186 1185 captu.

528 1222 659 1262 ram
690 1205 766 1261 ad
789 1204 1242 1261 intellectualem
1274 1205 1566 1262 transtulit
1593 1206 1877 1262 Christus.
1908 1204 2185 1269 Posthac,

528 1293 742 1367 inquit,
784 1298 1019 1350 mutata
1047 1294 1151 1350 tibi
1188 1294 1540 1367 piscatione,
1582 1294 1857 1351 homines
1894 1292 2189 1366 captabis.

603 1469 1109 1530 Considerandum
1148 1476 1349 1526 autem
1388 1473 1444 1527 et
1480 1470 1652 1541 juxta
1681 1484 2016 1541 anagogen,
2060 1484 2193 1541 quae

533 1560 613 1617 ad
642 1573 909 1633 praesens
941 1558 1167 1614 faciunt
1196 1559 1599 1631 propositum.
1628 1562 1774 1614 Ante
1810 1559 2017 1614 Christi
2050 1575 2193 1614 sane

531 1648 1097 1724 peregrinationem,
1172 1664 1290 1705 nox
1349 1654 1472 1705 erat
1520 1648 1738 1704 erroris
1803 1654 1859 1704 et
1915 1650 2192 1719 ignoran-

533 1741 636 1798 tiae
687 1743 859 1795 rectae
907 1736 1045 1792 ﬁdei
1096 1754 1108 1794 :
1150 1738 1209 1793 in
1276 1754 1393 1810 qua
1460 1738 1767 1810 prophetas
1852 1738 2194 1794 laborantes

2302 577 2552 639 σθωτούς,
2596 578 2664 635 ὡς
2693 579 2782 627 καὶ
2819 572 3066 634 Ἰάκωϐος
3094 578 3182 624 καὶ
3216 571 3478 639 Ἰωάννης,
3508 574 3672 633 καθὼς
3700 575 3723 625 6
3751 578 3882 646 Μαρ-

2298 684 2387 726 κος
2410 661 2623 728 ἐδίδαξε
2653 668 2783 739 πρὸς
2808 672 2879 735 τῷ
2905 663 3033 716 τελει
3059 671 3149 715 τοῦ
3180 667 3458 736 προοιμίου
3483 661 3654 717 αὐτοῦ.

2369 841 2592 915 Ὁμοίως
2640 873 2709 884 -
2756 845 2847 916 ἔσῃ
2904 846 3136 914 ζωγρῶν·
3194 848 3259 894 ’Ἦ
3317 843 3418 914 γὰρ
3475 838 3700 911 δαψιλὴς
3756 844 3883 917 ἄγρα

2298 938 2396 981 τῶν
2429 931 2629 1003 ἰχθύων
2668 935 2824 993 τύπος
2856 929 2917 991 ἧν
2948 940 3040 1005 τῇς
3080 928 3114 983 δ
3120 930 3337 1002 αψιλοῦς
3368 930 3533 1003 ἄγρας
3574 940 3670 981 τῶν
3706 930 3883 1005 ἀνθΡ¹ί⁵·’

2300 1040 2427 1084 πων,
2470 1026 2559 1073 καὶ
2616 1027 2935 1096 προμήνυμα
2981 1021 3071 1073 τοῦ
3125 1020 3312 1073 πολλοῦ
3366 1020 3593 1082 πλήθους
3638 1028 3733 1071 τῶν
3771 1022 3881 1093 μελ-

2298 1109 2486 1162 λόντων
2530 1114 2915 1183 σαγηνευθῆναι
2976 1115 3119 1185 παρά
3163 1118 3262 1163 τῶν
3313 1110 3628 1174 ἀποστόλων,
3685 1110 3748 1161 ὧν
3800 1115 3882 1169 τὴν

2303 1199 2562 1259 αἰσθητὴν
2595 1200 2788 1254 ἁλιείαν
2829 1201 2895 1262 εἰς
2924 1206 3112 1259 νοητήν
3138 1203 3413 1273 μετέθηκεν
3444 1202 3469 1251 6
3500 1204 3740 1274 Χριστός.
3771 1200 3882 1252 Ἀπὸ

2300 1297 2391 1341 τοῦ
2431 1297 2518 1341 νῦν
2548 1292 2670 1364 γὰρ,
2714 1296 2866 1362 φησὶ,
2898 1290 3312 1363 μεταϐληθείσης
3344 1309 3428 1343 σοι
3466 1298 3557 1351 τῆς
3594 1289 3882 1357 ἁλιευτικῆς,

2303 1377 2600 1454 ἀνθρώπους
2632 1383 2724 1453 ἔσῃ
2764 1383 3012 1455 θηρεύων.

2376 1474 2673 1544 Θεωρητέον
2725 1466 2782 1522 δὲ
2822 1475 2911 1522 καὶ
2955 1473 3089 1522 κατά
3141 1469 3416 1542 ἀναγωγὴν
3474 1472 3540 1522 τὰ
3586 1478 3679 1531 τῆς
3714 1472 3887 1541 παρούο

2307 1576 2400 1617 σης
2432 1558 2741 1619 ὑποθέσεως.
2778 1563 2884 1633 Πρὸ
2936 1562 3026 1631 μὲν
3056 1568 3147 1620 τῆς
3193 1556 3479 1632 ἐπιδημίας
3526 1568 3615 1611 τοῦ
3647 1565 3885 1634 Χριστοῦ,

2303 1646 2394 1708 νὺξ
2426 1643 2485 1704 ἦν
2530 1647 2727 1710 πλάνης
2757 1654 2845 1701 καὶ
2882 1652 3094 1720 ἀγνοίας
3132 1658 3226 1709 τῆς
3283 1649 3443 1723 ὀρθῆς
3481 1653 3720 1711 πίστεως,
3761 1646 3803 1699 ἐν

2305 1738 2353 1787 οἱ
2411 1745 2675 1809 προφῆται
2728 1741 3090 1803 κοπιάσαντες,
3152 1736 3341 1791 οὐδένα
3398 1738 3573 1791 ἔλαϐον
3623 1740 3885 1799 πειθήνιον,

533 1828 763 1885 nullum
777 1825 1159 1883 obedientem
1181 1834 1556 1900 acccperant,
1572 1843 1639 1883 eo
1655 1827 1818 1900 quod
1843 1833 2039 1883 essent
2059 1827 2191 1884 faci-

2304 1828 2607 1899 κακούργων
2663 1831 2818 1879 ὄντων
2875 1836 2976 1880 τῶν
3039 1828 3260 1900 λογικῶν
3315 1826 3517 1880 ἐκείνων
3570 1828 3764 1898 ἰχθύων
3811 1830 3888 1877 καὶ

532 1918 735 1975 norosi
755 1916 869 1991 (oo)
898 1917 1219 1973 rationales
1248 1917 1326 1973 illi
1346 1918 1539 1989 pisces
1553 1924 1608 1973 et
1628 1918 1917 1988 fugerent.
1940 1917 2194 1983 Quando

534 2011 736 2065 autem
774 2011 940 2062 ortus
972 2011 1059 2061 est
1083 2005 1183 2062 Sol
1208 2006 1469 2077 justitite,
1502 2006 1820 2062 hominum
1847 2006 2193 2063 illuminans

538 2097 796 2161 animas,
814 2100 955 2152 tunc
968 2096 1041 2150 ab
1060 2096 1347 2167 apostolis
1367 2095 1564 2152 laxata
1579 2102 1717 2152 sunt
1742 2097 1889 2151 retia
1911 2096 2196 2151 doctrinae

537 2184 984 2259 praedicationis
1006 2184 1357 2253 evangelicae
1374 2201 1386 2239 :
1403 2189 1459 2239 et
1488 2183 1909 2240 concluserunt
1935 2184 2199 2239 multitu-

528 2274 741 2330 dinem
758 2273 1068 2345 copiosam
1091 2272 1476 2329 rationalium
1494 2274 1769 2346 piscium,
1803 2289 2012 2346 greges
2040 2274 2197 2330 vide-

532 2363 672 2419 licet
701 2363 988 2433 gentium.
1011 2361 1335 2434 Participes
1349 2378 1490 2418 vero
1521 2378 1590 2419 ac
1610 2363 1751 2418 socii
1776 2368 2035 2435 capturas
2057 2378 2199 2434 apo-

537 2452 762 2509 stolica:
774 2455 909 2508 sunt
934 2452 1198 2523 episcopi
1230 2467 1300 2507 ac
1322 2451 1594 2521 magistri
1611 2450 1986 2522 singularum
2012 2451 2200 2507 eccle-

537 2541 785 2607 siarum,
818 2541 921 2613 qui
955 2556 1067 2596 suo
1088 2540 1295 2596 labore
1316 2540 1753 2612 coopitulantur
1781 2540 2089 2613 apostolis.

611 2633 769 2687 Vers.
796 2631 880 2687 11.
909 2630 989 2687 Et
1014 2630 1359 2687 deducentes
1387 2661 1456 2671 —
1473 2645 1622 2687 eum.
1647 2632 1811 2687 Nunc
1840 2630 2094 2702 perfecte
2112 2646 2198 2687 se-

536 2720 656 2777 cuti
689 2722 829 2776 sunt
856 2735 1015 2777 eum.

966 2810 1119 2865 CAP.
1153 2808 1257 2864 XII.
1291 2810 1377 2865 De
1400 2809 1643 2879 leproso.

607 2898 747 2956 Vers
762 2899 848 2954 12.
875 2899 950 2954 Et
960 2899 1193 2967 factum
1211 2904 1294 2955 est
1312 2930 1381 2939 —
1401 2898 1703 2955 mundare.
1728 2901 1806 2955 De
1833 2899 1939 2955 hoc
1964 2898 2193 2956 dictum

538 2992 628 3047 est
660 2993 828 3045 sexto
878 2989 1070 3061 capite
1098 2988 1401 3059 Evangelii
1452 2988 1782 3045 secundum
1832 2989 2189 3045 Matthaeum.

605 3077 771 3136 Vers.
808 3082 891 3136 13.
920 3078 999 3135 Et
1022 3109 1093 3120 —
1118 3078 1283 3135 Vers-
1319 3081 1411 3136 14.
1448 3079 1680 3137 diceret.
1728 3078 1809 3136 ibi
1840 3081 2022 3136 etiam
2066 3080 2193 3137 haec

533 3166 837 3225 declarata
868 3171 1025 3223 sunt.

605 3257 768 3314 Vers.
800 3260 883 3313 14.
936 3255 1046 3313 Sed
1073 3286 1142 3298 —
1174 3257 1383 3314 Moses.
1412 3256 1527 3313 Sed
1560 3257 1676 3322 abi,
1720 3256 1915 3329 inquit
1947 3274 1959 3314 :
1992 3258 2196 3315 Deﬁcit

534 3347 716 3414 enim,
744 3347 956 3420 inquit,
978 3347 1341 3402 extrinsecus
1364 3347 1752 3404 sumendum.
1784 3347 2052 3403 Invenies
2090 3363 2192 3404 au-

531 3438 653 3494 tem
704 3436 919 3493 horum
979 3451 1223 3509 quoque
1274 3436 1715 3493 enarrationem
1763 3436 2048 3508 praedicto
2101 3453 2194 3494 ca-

531 3525 671 3599 pite.

600 3615 871 3672 Versu.
887 3614 957 3671 In
980 3613 1375 3672 testimonium
1390 3615 1538 3671 illis.
1560 3613 1838 3671 Similiter
1860 3619 1918 3672 et
1937 3631 2196 3688 praesen-

531 3704 608 3761 tis
639 3704 822 3760 verbi.

603 3793 769 3849 Vers.
794 3792 875 3848 t5.
898 3793 1353 3863 Pervagabatur
1375 3824 1437 3834 —
1458 3792 1627 3849 Vers.
1653 3793 1739 3852 t6.
1754 3795 1989 3852 orabat.
2010 3797 2194 3867 Opor-

534 3885 615 3940 tet
655 3897 799 3953 ergo
844 3872 900 3938 et
947 3872 1081 3947 nos,
1138 3897 1275 3937 cum
1336 3883 1603 3955 praeclari
1652 3883 1880 3958 aliquid
1931 3885 2190 3956 agimus,

531 3972 757 4045 fugere,
784 3988 859 4028 ne
888 3971 967 4029 ab
998 3972 1344 4028 hominibus
1384 3973 1755 4030 celebremur
1784 3993 1796 4031 :
1830 3991 2001 4033 orare
2027 3991 2188 4043 vero,

531 4066 598 4119 ut
626 4060 805 4118 nobis
843 4060 1068 4118 donum
1101 4066 1156 4117 et
1179 4063 1367 4131 gratia
1398 4069 1800 4121 conservetur.

604 4151 769 4209 Vers.
805 4157 890 4210 17.
920 4152 1289 4223 Factumque
1316 4183 1385 4193 —
1413 4152 1641 4209 docens.
1670 4153 1728 4209 ln
1761 4154 1874 4210 hac
1926 4156 2193 4212 oratione

532 4242 608 4299 Et
632 4242 747 4315 ipse
776 4247 907 4299 erat
934 4241 1172 4307 docens,
1211 4241 1503 4309 abundat,
1541 4246 1591 4297 et
1630 4242 1945 4301 Hebraicae
1992 4251 2191 4302 autem

531 4330 752 4402 linguas
764 4332 878 4387 hoc
890 4330 1188 4403 peculiare
1201 4335 1310 4397 est,
1332 4331 1550 4403 saepius
1562 4336 1765 4388 autem
1780 4334 1941 4405 apud
1954 4334 2190 4390 Lucam-

533 4422 765 4478 Marcus
794 4436 934 4477 vero
956 4421 1136 4477 etiam
1162 4420 1412 4488 addidit,
1437 4422 1537 4478 ubi
1566 4426 1708 4479 tunc
1734 4430 1863 4481 erat
1895 4424 2103 4483 dorens
2123 4427 2191 4492 ³⁷,

530 4525 751 4582 nempe
779 4510 841 4566 in
880 4509 1085 4577 domo,

602 4569 767 4655 Vers.
793 4600 885 4656 17.
919 4601 984 4655 Et
1019 4569 1301 4656 sedebant
1324 4629 1385 4642 -
1417 4600 1749 4659 Jerusalem.
1784 4604 1894 4670 Qui
1926 4604 2193 4679 undique
2224 4569 2269 4623 Β

532 4686 903 4745 advenerant
934 4693 1180 4760 propter
1213 4690 1442 4746 famam
1481 4691 1631 4769 ejus.

604 4776 765 4833 Vers.
794 4778 883 4835 17.
915 4779 996 4835 Et
1040 4777 1229 4834 virtus
1254 4810 1320 4820 —
1348 4795 1460 4836 eos.
1506 4780 1702 4837 Virtus
1748 4782 1849 4838 Dei
1896 4788 2023 4840 erat
2052 4800 2191 4841 cum

532 4880 605 4924 eo
645 4868 721 4925 ad
751 4867 1096 4925 sanandum
1123 4868 1346 4926 turbas.
1378 4870 1661 4927 Virtutem
1707 4878 1907 4927 autem
1959 4874 2192 4931 Domini

530 4954 699 5024 dixit,
731 4957 806 5016 ob
828 4957 1181 5015 continuam
1202 4964 1257 5015 et
1277 4960 1646 5017 auctoritatis
1668 4959 1911 5033 plenam
1934 4963 2194 5020 sanatio-

529 5061 695 5105 nem.

600 5197 699 5274 (³⁸)
730 5198 912 5259 Marc.
944 5214 1008 5270 ιι,
1040 5200 1096 5258 1.

2306 1920 2611 1986 φευγόντων·
2664 1919 2746 1969 ὅτε
2801 1914 2859 1970 δε
2918 1917 3159 1970 ἀνέτειλεν
3212 1919 3236 1968 6
3270 1916 3449 1978 Ἥλιος
3505 1925 3594 1977 τῆς
3633 1913 3888 1968 δικαιοσύ-

2304 2023 2411 2070 νης,
2443 2006 2467 2056 6
2496 2006 2732 2077 φωτίζων
2768 2010 2861 2068 τὰς
2894 2006 3079 2077 ψυχὰς
3135 2015 3235 2059 τῶν
3268 2005 3569 2082 ἀνθρώπων,
3602 2011 3713 2059 τότε
3763 2006 3890 2078 παρὰ

2305 2100 2404 2144 τῶν
2436 2092 2734 2147 ἀποστόλων
2783 2095 3054 2167 ἐχαλάσθη
3092 2100 3156 2147 τὰ
3184 2096 3378 2149 δίκτυα
3416 2105 3505 2156 τῆς
3555 2092 3890 2157 διδασκαλίας

2306 2190 2397 2233 τοῦ
2425 2185 2758 2255 εύαγγελικοῦ
2805 2190 3156 2257 κηρύγματος,
3199 2192 3287 2238 καὶ
3335 2186 3670 2244 συνεκλείσθη
3711 2188 3891 2247 πλῆθος

2306 2270 2526 2342 λογικῶν
2555 2274 2752 2346 ἰχθύων
2790 2275 2942 2338 πολὺ,
3000 2275 3179 2346 ἀγέλαι
3229 2275 3405 2328 ἐθνῶν·
3442 2281 3657 2348 μέτοχοι
3708 2273 3764 2327 δὲ
3812 2279 3889 2327 καὶ

2308 2368 2539 2415 κοινωνοὶ
2583 2372 2673 2425 τῆς
2722 2363 3069 2425 ἀποστολικῆς
3127 2364 3308 2437 ἄγρας,
3383 2368 3431 2418 οἱ
3492 2369 3763 2418 ἐπίσκοποι
3817 2370 3894 2415 καὶ

2310 2447 2626 2505 διδάσκαλοι
2656 2462 2753 2505 τῶν
2781 2458 2916 2506 κατ-ἀ
2944 2460 3133 2515 τόπους
3182 2454 3492 2522 ἐκκλησιῶν,
3528 2455 3575 2506 οἱ
3619 2452 3892 2526 συλλαμϐα-

2306 2559 2480 2593 νονται
2511 2550 2602 2594 τοῦ
2633 2548 2789 2595 πόνου
2820 2551 2928 2606 τοῖς
2972 2544 3303 2607 ἀποστόλοις.

2380 2636 2481 2683 Καὶ
2544 2637 2926 2705 καταγαγόντες
2982 2664 3051 2673 —-
3108 2634 3270 2704 αύτῷ.
3336 2641 3445 2687 Νῦν
3512 2634 3747 2695 ὁλοτελῶς
3788 2633 3895 2692 ἠκο-

2303 2718 2464 2780 λούθη
2475 2741 2568 2773 σαν
2601 2723 2737 2793 αύτῷ
2752 2767 2763 2780 .

2714 2816 2862 2868 ΚΕΦ.
2896 2812 2992 2867 ΙΒ’.
3023 2818 3147 2887 Περὶ
3171 2821 3259 2866 τοῦ
3297 2822 3507 2888 λεπροῦ.

2379 2905 2481 2953 Καὶ
2508 2900 2702 2973 ἐγένετό
2752 2934 2818 2943 —-
2859 2906 3165 2977 καθαρίσαι.
3210 2907 3434 2978 Εἴρηται
3485 2910 3601 2981 περὶ
3644 2906 3821 2957 τούτου
3850 2902 3894 2954 ἐν

2303 2998 2375 3060 τῷ
2400 2991 2530 3063 ἕκτῳ
2565 2993 2821 3065 κεφαλαίῳ
2843 3001 2934 3045 τοῦ
2956 2996 3090 3045 κατά
3121 2996 3408 3050 Βιιατθαίον.

2380 3084 2479 3133 Καὶ
2512 3112 2575 3122 -
2614 3082 2763 3136 simi.
2789 3082 2929 3134 Ἐκεῖ
2952 3087 3041 3134 καὶ
3064 3090 3230 3134 ταῦτα
3253 3079 3738 3156 διηρμηνεύθησαν.

2378 3258 2513 3312 Ἀλλ’
2570 3288 2637 3298 -
2692 3266 2943 3322 Μωῦσῆς.
3005 3259 3140 3311 Ἀλλ’
3199 3260 3451 3327 ἀπελθὼν,
3502 3267 3649 3334 φησί,
3700 3265 3784 3313 καὶ
3836 3261 3895 3311 τὰ

2307 3348 2444 3412 ἑξῆς.
2510 3353 2689 3402 Λείπει
2756 3352 2857 3423 γὰρ
2913 3352 2992 3416 τὸ,
3054 3355 3206 3422 φησὶ,
3268 3348 3450 3414 ἔξωθεν
3508 3352 3890 3425 λαμϐανόμενον.

2307 3441 2557 3513 Εύρήσεις
2611 3436 2669 3491 δὲ
2717 3443 2806 3491 καὶ
2854 3444 2947 3498 τὴν
2996 3442 3189 3492 τούτων
3223 3438 3476 3511 ἐξήγησιν
3509 3444 3557 3494 ὲν
3606 3449 3675 3512 τῷ
3704 3441 3895 3515 ῥηθέντι

2305 3526 2583 3600 κεφαλαίῳ.

2380 3617 2463 3678 Εἰς
2484 3619 2770 3692 μαρτύριον
2801 3616 2995 3678 αὐτοῖς.
3031 3617 3256 3690 Ὀμοίως
3289 3622 3378 3670 καὶ
3406 3624 3500 3678 τὴν
3532 3626 3624 3671 τοῦ
3653 3621 3896 3692 παρόντος

2304 3707 2487 3782 ῥητοῦ.

2379 3801 2638 3869 Διήρχετο
2684 3827 2751 3836 -
2798 3802 3238 3869 προσευχόμενος.
3305 3802 3420 3871 Χρὴ
3489 3801 3587 3872 γὰρ
3644 3802 3729 3849 καὶ
3779 3798 3903 3867 ἡμᾶς

2305 3888 2687 3961 κατορθοῦντας
2718 3905 2790 3951 τι,
2829 3889 3030 3957 φεύγειν
3063 3890 3173 3959 μὲν,
3209 3888 3334 3957 ὑπὲρ
3384 3896 3482 3939 τοῦ
3532 3892 3603 3959 μὴ
3639 3888 3775 3960 παρά
3810 3893 3900 3936 τῶν

2308 3975 2586 4051 ἀνθρώπων
2642 3976 3004 4047 εύφημεῖσθαι·
3060 3979 3460 4049 προσεύχεσθαι
3516 3975 3594 4047 δὲ,
3646 3979 3769 4049 ύπερ
3816 3980 3897 4025 τοῦ

2308 4063 2740 4138 διαφυλαχθῆναι
2778 4067 2902 4137 ἡμῖν
2934 4068 2990 4117 τὸ
3020 4068 3289 4140 χάρισμα.

2380 4162 2480 4210 Καὶ
2499 4154 2694 4227 ἐγένετο
2724 4188 2792 4196 -
2819 4151 3115 4210 διδάσκων,
3158 4159 3280 4212 Τοῦ·
3319 4156 3428 4228 (20)
3481 4163 3581 4212 Καὶ
3630 4159 3782 4217 αύτός
3841 4150 3894 4210 ἦν

2308 4243 2603 4313 διδάσκων,
2636 4250 2874 4319 περιττόν
2893 4242 3003 4297 ἐστι
3036 4249 3115 4315 τὸ,
3144 4250 3252 4297 καὶ.
3281 4252 3353 4318 Τῇ
3384 4249 3487 4322 γὰρ
3520 4256 3618 4299 τῶν
3652 4245 3895 4318 Ἑϐραίων

2308 4333 2561 4407 διαλέκτῳ
2592 4340 2681 4387 καὶ
2719 4343 2868 4387 τοῦτο
2920 4337 3151 4395 σύνηθες’
3186 4334 3456 4407 πολλαχοῦ
3506 4334 3564 4389 δε
3620 4343 3766 4388 τοῦτο
3817 4336 3897 4382 καὶ

2304 4428 2449 4496 παρά
2496 4433 2568 4495 τῷ
2617 4430 2821 4495 Λουκᾲ·
2890 4426 3100 4497 Μάρκος
3150 4421 3209 4476 δέ
3252 4427 3565 4499 προσέθηκε,
3599 4430 3687 4477 καὶ
3714 4430 3810 4475 ποῦ
3840 4418 3894 4478 ἦν

2308 4512 2582 4568 διδάσκων
2609 4518 2743 4581 τότε,
2790 4514 2869 4566 ὄτι
2900 4512 2947 4564 ἐν
2979 4512 3137 4585 οἰκίᾳ.

2378 4608 2482 4661 Καὶ
2523 4602 2656 4662 ἦσαν
2704 4605 2986 4675 καθήμενοι
3041 4634 3107 4644 -
3152 4602 3515 4676 Ἰερουσαλήμ.
3572 4600 3893 4673 Πανταχόθεν

2304 4692 2553 4758 ἐλθόντες,
2579 4690 2672 4745 διά
2691 4698 2783 4751 τὴν
2811 4698 2986 4765 φήμην
3028 4692 3207 4744 αὐτοῦ.

2376 4784 2478 4838 Καὶ
2512 4779 2736 4855 δύναμις
2767 4812 2831 4822 —-
2859 4782 3066 4844 αὐτούς.
3103 4785 3327 4852 Δύναμις
3379 4786 3504 4834 Θεοῦ
3549 4778 3610 4840 ἦν
3641 4779 3760 4854 παρ’
3807 4776 3895 4829 αύ-

2302 4882 2373 4945 τῷ
2406 4873 2477 4935 εἰς
2506 4876 2563 4925 τὸ
2597 4873 2779 4925 ἰᾶσθαι
2813 4876 2928 4932 τοῦς
2960 4871 3169 4943 ὄχλους·
3223 4868 3444 4943 δύναμιν
3494 4868 3553 4923 δέ
3601 4874 3789 4943 Κυρίου
3829 4863 3894 4917 ιῖο

2301 4983 2390 5016 πεν
2431 4962 2608 5033 αὐτὴν,
2643 4958 2735 5015 διὰ
2774 4965 2830 5014 τὸ
2873 4965 3090 5034 συνεχὲς
3140 4966 3230 5013 καὶ
3270 4960 3665 5024 ἐξουσιαστικὸν
3692 4966 3785 5019 τῆς
3817 4956 3893 5007 ἰά-

2306 5071 2459 5114 σεως.

1734 5274 1964 5344 Variae
2010 5275 2341 5348 lectiones
2370 5286 2438 5346 et
2466 5285 2647 5347 nota

554 5442 738 5519 .'(_20).
770 5441 1405 5519 ﬂenteniusreddidit,
1448 5458 1517 5519 ac
1571 5444 1617 5499 si
1646 5443 1931 5519 legerit‘év
1986 5455 2057 5519 τῷ
2106 5454 2194 5502 καὶ

532 5517 669 5601 ante
698 5513 881 5601 fore;
933 5513 1169 5601 omittit.
1346 5516 1481 5601 Legi
1521 5530 1663 5586 ergo
1712 5513 1903 5601 possit
1933 5513 2045 5601 τξρὸ⁵
2078 5528 2189 5589 τοῦ,

533 5584 693 5647 αὐτὸς
720 5584 800 5643 ἧν.
837 5587 1054 5644 Scriba
1084 5601 1228 5657 ergo
1266 5586 1380 5645 hoc
1409 5584 1563 5660 loco,
1592 5584 1755 5657 ‘nori,
1790 5594 1855 5647 ut
1907 5584 2069 5661 alibi,
2103 5584 2195 5651 so-

606 5728 720 5800 (oo)
752 5729 1077 5789 Facinorosi
1104 5732 1249 5801 lmo,
1278 5731 1530 5799 subdoli,
1566 5732 1809 5791 versuti.

2306 5448 2426 5505 lam
2461 5448 2713 5504 litteram
2739 5447 3145 5518 majuscnlam
3174 5452 3230 5503 et
3254 5447 3564 5511 initialem,
3591 5443 3691 5500 sed
3716 5446 3897 5498 totum

2304 5520 2669 5580 vocabulum
2703 5521 3055 5577 omiserunt.
