4074 6382
216 344 307 399 921
1344 328 1716 391 COMMENT.
1768 324 1836 380 IN
1881 324 2131 384 LUCAM.
2174 364 2241 374 -—-
2281 333 2440 394 CAP.
2491 336 2590 396 VI.

1842 449 1890 505 A

533 472 680 521 ΚΕΦ.
712 464 806 520 II".
835 468 961 537 Περὶ
986 470 1077 516 τοῦ
1116 462 1487 538 παραλυτικοῦ.

284 561 381 612 Kal
416 553 533 610 ἰδοὺ
565 587 630 597 -
665 555 1073 629 αὐτοῦΕἰρηται
1102 558 1221 626 περὶ
1251 556 1434 606 τούτου
1470 557 1642 622 σαφῶς
1662 545 1709 598 ἐν
1740 553 1810 615 τῷ

217 642 633 722 τρισκαιδεκάτῳ
664 645 922 717 κεφαλαίῳ
953 651 1043 697 τοῦ
1074 646 1210 695 κατὰ
1240 644 1523 696 Ματϐαῖον.

281 737 391 791 Καὶ
421 741 492 810 μὴ
527 737 754 811 εὑρόντες
800 767 869 775 -
914 734 1091 806 ὄχλον.
1124 738 1280 794 Ποίας
1328 730 1473 803 ὁδοῦ,
1529 727 1622 783 διὰ
1665 732 1813 786 ποίας

215 825 443 882 εἰσόδου.

278 914 589 976 Ἀναϐάντες
643 945 711 955 -
770 932 883 967 σου.
932 913 1014 967 Ἐν
1071 915 1243 984 ἐκείνῳ
1302 916 1389 963 καὶ
1443 914 1563 983 περὶ
1619 910 1813 959 τούτων

213 1004 424 1080 ἐρῥήθη.

284 1100 384 1149 Καὶ
414 1093 635 1169 ἤρξαντο
664 1123 730 1135 ο-
759 1096 783 1145 ὀ
811 1098 939 1155 Θεός
965 1109 978 1158 ;
1013 1098 1215 1165 Ομοιως
1242 1097 1329 1144 καὶ
1360 1093 1476 1164 περὶ
1498 1108 1711 1143 τουτων.

281 1276 556 1346 Ἐπιγνοὺς
607 1305 673 1313 -
726 1275 1037 1347 repararet;
1101 1269 1491 1347 Παραπλησῖως
1546 1271 1635 1319 καὶ
1698 1272 1813 1339 περὶ

210 1367 422 1416 τούτων.

277 1452 390 1507 Ἰνα
436 1483 501 1492 -
531 1454 620 1505 τὸν
667 1456 819 1509 Θιόν.
874 1452 1009 1504 Ἐκεῖ
1051 1455 1140 1503 καὶ
1172 1457 1337 1503 ταῦτα
1374 1450 1543 1501 πάντα
1601 1444 1814 1520 διηκρι-

209 1542 373 1601 ϐώθη.

284 1639 383 1686 Καὶ
436 1630 774 1690 ἐπλήσθησαν
835 1661 895 1670 —-
946 1637 1189 1705 σήμερον.
1248 1633 1325 1682 Τὰ
1376 1626 1655 1702 παράδοξα
1709 1631 1809 1698 γὰρ

208 1723 427 1775 εἰώθασι
449 1720 601 1794 φόϐον
624 1720 849 1794 ἐμποιεῖν
871 1730 975 1781 τοῖς
994 1720 1339 1794 ἁμαρτωλοῖς,
1356 1726 1425 1792 μή
1451 1721 1548 1772 πού
1570 1739 1616 1770 τι
1645 1714 1810 1770 δεινὸν

206 1814 440 1875 πάθωσι,
467 1808 560 1864 διὰ
585 1814 676 1873 τὰς
705 1811 963 1887 ἁμαρτίας
990 1812 1176 1865 αὖτῶν.

519 1997 669 2046 ΚΕΦ.
712 1989 786 2042 ΙΔ¹
824 1993 946 2064 Περὶ
976 1992 1104 2042 Λευὶ
1133 1996 1225 2040 τοῦ
1254 1988 1488 2041 τελώνου.

283 2084 383 2132 Καὶ
440 2082 571 2151 μετὰ
630 2112 692 2120 --
754 2079 914 2149 αὐτῷ.
980 2082 1195 2152 Εἴρηται
1243 2082 1359 2151 περὶ
1412 2079 1592 2128 τούτου
1647 2074 1693 2127 ἐν
1744 2082 1815 2127 τῶ

208 2165 769 2242 τεσσαρεσκαιδεκάτῳ
799 2168 1057 2241 κεφαλαίῳ
1077 2176 1169 2219 τοῦ
1193 2170 1325 2219 κατὰ
1357 2168 1633 2221 Ματοαὶον.

281 2353 381 2401 Καὶ
457 2350 673 2405 ἐποίησε
738 2378 801 2387 ——
880 2351 1251 2417 κατακείμενοι.
1334 2345 1411 2396 Ἐν
1485 2347 1651 2414 ἐκείνῳ
1726 2346 1815 2394 καὶ

206 2446 374 2490 ταῦτα
413 2434 825 2510 διασεσάφηταυ
857 2433 1031 2508 δοχὴν
1080 2432 1139 2487 δὲ
1184 2435 1337 2506 λέγει,
1378 2438 1470 2491 τὴν
1512 2430 1811 2505 ὑποδοχὴν,

204 2533 302 2586 τὴν
334 2528 594 2582 ἑστῖασιν.

282 2711 385 2761 Καὶ
432 2704 723 2777 ἐγόγγυζον
776 2735 840 2745 -
900 2710 1085 2758 πίνετε·
1128 2704 1263 2757 Ἐκεῖ
1308 2710 1398 2756 καὶ
1445 2709 1562 2778 περὶ
1619 2707 1813 2755 τούτων

209 2794 528 2855 διείληπται.

282 2891 384 2940 Kal
415 2884 713 2958 ἀποκριθεὶς
742 2914 811 2925 -
856 2886 1146 2956 μετάνοιαν.
1180 2883 1292 2937 Ἔτι
1339 2888 1427 2936 καὶ
1458 2887 1574 2955 περὶ
1622 2884 1813 2935 τούτων

207 2980 409 3028 πάντων
424 3019 436 3032 ,

278 3067 343 3118 Οἱ
373 3061 432 3118 δὲ
457 3094 526 3106 —-
556 3069 830 3131 πίνουσιν;
856 3063 938 3116 Ἐν
965 3062 1137 3137 ἐκείνῳ
1162 3070 1233 3115 τῶ
1263 3062 1521 3135 κεφαλαίῳ
1542 3066 1814 3114 καὶταῦτα

204 3160 566 3227 τετυχήκασιν
598 3154 755 3225 ἑξηγή
767 3173 866 3207 σεω
876 3175 897 3215 ς
910 3196 922 3208 .

275 3245 333 3297 Ὀ
385 3241 443 3298 δὲ
494 3274 563 3285 -
610 3246 920 3309 vacabat»;

204 3338 410 3409 εἴρηται
448 3330 507 3386 δὲ
541 3337 630 3386 καὶ
660 3338 778 3405 περὶ
806 3335 993 3385 τούτου
1016 3331 1063 3384 ἐν
1094 3331 1289 3403 ἐκείνῳ·
1323 3336 1381 3384 τό
1415 3329 1491 3403 δέ,
1527 3331 1572 3384 ἐν
1596 3332 1655 3402 ᾧ,
1699 3329 1810 3384 ἀντὶ

956 3242 1081 3296 Κατ’
1128 3241 1290 3316 ἐρώτη
1301 3263 1382 3296 σιν
1434 3242 1806 3314 ἀναγνωστέον.

203 3432 316 3491 τοῦ,
343 3423 418 3496 ἐφ’
449 3426 598 3480 ὅσον.

276 3512 609 3568 Ἐλεύσονται
711 3544 780 3553 -—
872 3514 1107 3587 ἡμέραις.

203 3607 417 3657 τούτων.

274 3693 451 3765 Ἔλεγε
515 3724 583 3733 —
648 3700 848 3747 καινοῦ.
924 3698 1025 3746 Καὶ
1081 3700 1249 3745 ταῦτα
1314 3692 1499 3745 ἐκεῖθεν
1566 3688 1809 3763 διαγινώο

1198 3518 1411 3584 Ὁμοίως
1511 3517 1600 3563 καὶ
1692 3516 1810 3586 περὶ

207 3802 386 3835 σκεται
428 3780 640 3858 ῥᾴδιον,
696 3783 771 3834 Οὐ
822 3782 1073 3853 σχίζεται
1104 3778 1163 3836 δὲ
1201 3785 1258 3834 τὸ
1302 3786 1497 3847 καινὸν,
1542 3780 1651 3833 ἀλλ’
1682 3782 1809 3834 αὐτὸ

202 3872 391 3944 μᾶλλον
447 3876 629 3944 σχίζει
686 3876 742 3924 τὸ
781 3871 999 3923 παλαιὸν
1210 3872 1399 3927 Καινὸν
1440 3869 1498 3924 δὲ
1541 3871 1691 3942 λέγει,
1750 3875 1808 3922 τὸ

205 3966 352 4018 Θέον.

276 4056 375 4105 Kal
405 4047 581 4113 οὐδεὶς
622 4082 686 4091 -
735 4057 1135 4124 συντηροῦνται.
1181 4050 1448 4112 Ὡσαύτως
1503 4057 1593 4103 καὶ
1646 4059 1809 4104 ταῦτα

206 4140 314 4212 (22)
345 4143 536 4194 πάντα.

277 4235 376 4285 Καὶ
445 4226 618 4291 οὐδεὶς
692 4261 760 4270 —
827 4228 986 4283 ἐστιν.
1058 4235 1336 4283 Λείκνυσιν
1406 4229 1650 4293 ἐντεῦθεν,
1739 4232 1806 4292 ὡς

203 4321 229 4372 ὁ
311 4328 369 4393 τῇ
465 4319 780 4379 παλαιότητι
870 4326 961 4371 τοῦ
1044 4324 1203 4392 νόμου
1296 4322 1632 4384 συνεθισθεὶς,
1714 4321 1807 4373 οὐκ

204 4410 348 4471 εὐθὺς
402 4407 624 4462 δύναται
675 4414 769 4468 τὴν
816 4413 1102 4466 καινότητα
1165 4418 1256 4461 τοῦ
1324 4410 1641 4481 Εὑαγγελίου
1711 4410 1807 4483 βα-

3473 342 3580 397 922

2347 461 2503 518 CAP.
2532 463 2670 519 XliI.
2699 467 2772 519 De
2801 465 3145 538 paralytico.

1997 545 2156 603 Vers.
2191 553 2274 608 l8.
2306 552 2380 607 Et
2400 568 2529 610 ecce
2549 586 2616 594 —
2640 556 2767 610 illo.
2791 557 2864 610 De
2889 555 2997 610 hoc
3020 556 3336 613 manifeste
3353 558 3578 615 dictum

1924 639 2011 689 est
2047 635 2282 695 decimo
2315 642 2484 698 tertio
2514 645 2703 715 capite
2724 644 2897 715 juxta
2916 646 3277 701 Matthaaum.

1996 725 2158 781 Vers.
2190 732 2271 784 19.
2304 732 2556 803 Cumque
2578 748 2690 788 non
2724 733 3080 790 invenissent
3128 766 3195 776 —
3226 735 3413 793 turba.
3451 738 3580 804 Qua

1922 813 2040 882 via,
2073 832 2180 887 per
2217 834 2403 891 quam
2436 820 2792 891 ingressum.

1995 906 2151 961 Vers.
2220 913 2299 964 19.
2358 910 2679 968 Conscenso
2727 913 2981 969 —Vers.
3043 914 3129 970 20.
3187 918 3302 971 tua.
3360 916 3423 971 ln
3478 916 3579 972 illo

1923 994 2103 1051 etiam
2130 998 2204 1053 de
2236 998 2330 1054 his
2362 999 2590 1056 dictum
2621 1006 2729 1057 est.

1996 1085 2154 1142 Vers.
2188 1089 2274 1143 21.
2302 1089 2735 1162 σωρεναηιᾳαε
2757 1122 2824 1135 -
2856 1093 3006 1150 Deus
3042 1092 3069 1149 ?
3100 1094 3374 1152 Similiter
3417 1100 3474 1151 et
3506 1096 3578 1152 de

1922 1174 2035 1230 his.

1997 1267 2154 1321 Vers.
2201 1271 2289 1324 22.
2351 1269 2595 1342 Cognita
2648 1300 2715 1315 --
2757 1274 2914 1328 Vers.
2975 1273 3063 1328 23.
3115 1274 3361 1331 ambula
3393 1274 3421 1329 ?
3449 1274 3576 1331 Pari

1924 1358 2102 1413 modo
2128 1362 2185 1412 et
2205 1358 2279 1414 de
2309 1359 2419 1416 his.

1997 1449 2153 1502 Vers.
2186 1451 2275 1504 24.
2327 1449 2399 1506 Ut
2446 1480 2513 1493 --
2538 1451 2700 1509 Vers.
2732 1455 2818 1508 26.
2848 1454 3054 1509 Deum.
3109 1453 3195 1510 Ibi
3239 1454 3415 1510 etiam
3451 1454 3578 1511 haec

1922 1536 2128 1592 omnia
2148 1537 2460 1609 diligenter
2499 1541 2809 1598 enucleata
2837 1546 2987 1597 sunt.

1993 1625 2157 1682 Vers.
2213 1628 2300 1683 26.
2336 1628 2675 1701 Impletique
2706 1638 2845 1687 sunt
2876 1664 2943 1672 —
2970 1632 3156 1689 hodie.
3209 1633 3580 1689 Admiranda

1922 1716 2145 1787 quippe
2169 1718 2441 1773 timorem
2466 1719 2988 1777 solentimmittere
3020 1724 3436 1793 peccatoribus
3463 1739 3484 1778 ,ο
3506 1740 3579 1779 ne

1849 1810 1891 1865 B
1923 1822 2036 1877 que
2078 1807 2261 1862 modo
2291 1809 2591 1879 patiantur
2615 1809 2840 1883 aliquid
2882 1811 3023 1867 mali
3065 1817 3307 1883 propter
3331 1822 3579 1886 peccata

1922 1912 2049 1952 sua.

2265 1988 2419 2044 CAP.
2458 1989 2587 2044 XIV.
2623 1989 2705 2046 De
2732 1991 2874 2047 Levi
2899 1991 3231 2060 publicano.

1993 2078 2152 2131 Vers.
2186 2082 2272 2133 27.
2306 2076 2386 2131 Et
2413 2084 2538 2149 post
2577 2110 2646 2119 —
2702 2080 2860 2134 Vers.
2904 2082 2991 2134 28.
3044 2095 3194 2137 eum.
3235 2081 3461 2137 Dictum
3493 2087 3580 2138 est

1921 2165 1995 2221 de
2014 2166 2130 2222 hoc
2170 2166 2405 2222 decimo
2437 2172 2655 2240 quarto
2687 2169 2879 2241 capite
2913 2170 3214 2240 Evangelii
3243 2172 3578 2227 secundum

1922 2256 2290 2312 Matthmum.

1994 2347 2160 2403 Vers.
2202 2347 2288 2401 29.
2323 2346 2596 2419 Fecitque
2632 2378 2701 2389 -
2726 2349 2833 2420 qui
2860 2349 3300 2405 accumbebant.
3358 2349 3577 2404 Eodem

1922 2435 2113 2507 capite
2145 2435 2321 2491 etiam
2360 2437 2487 2493 haec
2541 2438 2917 2493 manifestata
2966 2444 3102 2493 sunt
3146 2444 3289 2509 Δοχὴ
3354 2445 3575 2503 autem,

1922 2526 2084 2597 quod
2104 2526 2198 2581 hic
2217 2527 2475 2599 ponitur,
2502 2527 2655 2582 idem
2677 2528 2973 2596 signiﬁcat
2995 2528 3179 2599 ,quod
3197 2524 3429 2600 ἐπιδοχή
3447 2528 3578 2599 (pp)

1924 2616 2014 2672 vel
2047 2614 2308 2681 ἑστίασις,
2344 2617 2696 2683 convivium,
2723 2618 2957 2687 epulum
2991 2618 3079 2672 vel
3110 2618 3449 2688 prandium.

1993 2705 2158 2759 Vers.
2195 2704 2283 2759 30.
2332 2707 2411 2760 Ει
2442 2707 2904 2763 murmurabant
2934 2738 2999 2747 —
3033 2707 3225 2763 bibitis
3251 2707 3279 2763 ?
3306 2707 3386 2762 lbi
3420 2713 3474 2762 et
3502 2706 3577 2763 de

1920 2794 2013 2847 his
2044 2794 2415 2865 disputatum
2448 2798 2554 2850 est.

1991 2882 2158 2938 Vers.
2182 2883 2275 2943 3t.
2317 2884 2395 2939 Et
2422 2885 2800 2953 respondens.
2832 2917 2901 2927 --
2927 2884 3089 2943 Vers.
3152 2886 3249 2943 32.
3282 2888 3575 2956 paeniten-

1923 2973 2083 3029 tiam.
2121 2974 2411 3030 Praatereo
2438 2978 2495 3030 et
2519 2973 2587 3028 de
2618 2975 2709 3030 his
2739 2975 3043 3031 omnibus.

1991 3065 2146 3119 Vers.
2175 3067 2269 3120 33.
2301 3064 2379 3119 At
2406 3063 2506 3120 illi
2537 3095 2606 3104 —
2648 3064 2853 3119 bibunt
2884 3065 2913 3121 ?
2938 3064 3157 3122 Eodem
3205 3065 3400 3139 capite
3445 3064 3576 3123 hac

1845 3168 1887 3226 α
1918 3154 2352 3210 enarrationem
2373 3154 2575 3210 sortita
2606 3157 2763 3209 sunt.

1990 3244 2155 3299 Vers.
2180 3246 2271 3301 34.
2302 3244 2415 3300 Ille
2443 3258 2582 3300 vero
2601 3275 2663 3283 —
2678 3244 3002 3314 jejunent?
3029 3244 3145 3302 Per
3164 3244 3577 3317 interrogatio-

1922 3348 2059 3389 nem
2076 3334 2190 3390 hoc
2214 3333 2538 3406 legendum
2568 3339 2673 3390 est.
2698 3333 2929 3390 Dictum
2955 3340 3042 3390 est
3063 3338 3266 3390 autem
3286 3334 3435 3391 etde
3461 3334 3576 3391 hoc

1922 3424 1982 3480 in
2012 3423 2223 3480 eodem
2254 3424 2406 3480 loco.

1992 3515 2162 3572 Vers.
2202 3519 2287 3572 35.
2338 3513 2575 3572 Venient
2598 3546 2669 3559 —
2694 3513 2916 3570 diebus.
2954 3513 3231 3571 Similiter
3264 3518 3322 3570 et
3350 3513 3424 3569 de
3459 3511 3571 3568 his.

1992 3695 2152 3750 Vers.
2184 3696 2270 3749 36.
2304 3693 2550 3749 Dicebat
2578 3724 2649 3733 —
2672 3707 2839 3749 novo.
2872 3692 3059 3749 Etiam
3086 3693 3212 3749 haec
3242 3692 3381 3749 inde
3408 3690 3575 3749 facile

1920 3790 2380 3853 cognoscuntur.
2425 3783 2659 3837 Novum
2707 3788 2907 3838 autem
2948 3798 3069 3839 non
3122 3781 3431 3852 scinditur,
3475 3782 3577 3837 sed

1918 3875 2121 3945 ipsum
2142 3873 2341 3945 potius
2372 3872 2589 3928 scindit
2610 3876 2797 3929 vetus.

1988 4054 2150 4106 Vers.
2183 4049 2272 4106 37.
2313 4050 2380 4105 Et
2419 4049 2624 4105 nullus
2665 4079 2725 4090 —
2761 4051 2921 4105 Vers.
2978 4049 3063 4104 38.
3125 4056 3574 4106 conservantur.

1916 4140 2194 4196 Similiter
2215 4143 2272 4195 et
2299 4139 2428 4195 hmc
2456 4138 2681 4195 omnia.

1989 4230 2151 4286 Vers.
2185 4228 2273 4284 39.
2304 4228 2376 4285 Et
2407 4243 2576 4284 nemo
2606 4258 2675 4269 —
2706 4233 2805 4283 est.
2841 4226 3111 4284 Ostendit
3155 4227 3308 4299 quod
3374 4225 3576 4283 nullus

1918 4318 2191 4376 vetustati
2204 4318 2350 4390 legis
2365 4322 2658 4383 assuetus,
2674 4317 2871 4373 statim
2899 4322 3090 4389 potest
3108 4316 3411 4389 Evangelii
3425 4315 3574 4372 ferre

1918 4409 2264 4465 novitatem.
2290 4408 2456 4462 Putat
2484 4408 2666 4473 enim,
2689 4406 2832 4463 illud
2864 4406 3075 4462 melius
3102 4422 3230 4462 esse
3261 4422 3329 4462 ac
3349 4405 3574 4475 utilius,

208 4502 434 4562 στάζειν.
492 4501 671 4553 Οῖεται
727 4501 827 4571 γὰρ
880 4503 1236 4573 χρηστότερον
1304 4498 1508 4565 ἐκεῖνον,
1567 4497 1660 4552 δια
1714 4506 1807 4560 τὴν

1962 4504 2161 4571 ropter
2190 4496 2691 4553 consuetudinem.

208 4591 501 4647 συνήθειαν.

276 4679 500 4749 Ἐγένετο
584 4710 654 4718 -
732 4682 1001 4751 σπορίμων
1037 4721 1048 4732 .
1088 4678 1364 4731 ’Σάϐϐατον
1460 4680 1634 4742 ἁπλῶς
1708 4688 1805 4733 πᾶ-

208 4786 301 4820 σαν
339 4768 515 4842 ἑορτὴν
566 4768 913 4840 ὀνομάζουσιν
969 4767 1220 4841 Ἑϐραῖοι,
1275 4766 1368 4822 διὰ
1417 4775 1511 4828 τὴν
1570 4770 1807 4824 ἀνάπαυ-

208 4874 304 4909 σιν’
359 4866 447 4910 νῦν
516 4855 574 4911 δὲ
627 4858 763 4929 λέγει
817 4862 908 4916 τὴν
980 4858 1159 4931 ἑορτὴν
1208 4858 1321 4929 (23)
1387 4869 1485 4912 τῶν
1550 4862 1806 4934 Ἀζύμων,

206 4952 364 5000 Τοῦτο
413 4944 472 5000 δε
520 4951 579 4999 τὸ
633 4946 894 5001 Σάϐϐατόν
954 4946 1182 5002 ἐκαλεῖτο
1254 4945 1690 5021 δευτεροπρωτον,
1748 4954 1811 5011 ὡς

1992 4678 2145 4736 CAP.
2172 4677 2262 4732 VI.
2305 4677 2471 4731 Vers.
2497 4675 2546 4730 1.
2578 4675 2822 4732 Factum
2851 4682 2931 4731 est
2962 4707 3029 4717 —
3058 4683 3207 4732 sata.
3246 4675 3579 4732 Sabbatum

1921 4767 2283 4841 simpliciter,
2312 4781 2491 4822 omne
2522 4765 2741 4821 festum
2775 4770 2996 4821 vocant
3054 4765 3294 4824 Hebraei
3336 4770 3580 4838 pr0pter

1922 4860 2204 4932 requiem.
2264 4858 2433 4911 Nunc
2486 4860 2684 4912 autem
2741 4854 2884 4911 dicit
2924 4854 3141 4911 festum
3203 4861 3574 4927 Azymorum.

1925 4953 2043 5006 Hoc
2067 4949 2266 5020 itaque
2296 4945 2620 5003 Sabbatum
2646 4944 2977 5002 vocabatur
2994 4945 3258 5002 secundo
3290 4944 3575 5016 primum.

1440 5127 1665 5197 Variae
1690 5128 2022 5198 lectiones
2054 5136 2343 5197 etnotae.

272 5324 387 5397 (21)
444 5331 485 5378 Α
539 5328 715 5377 καινὸν
764 5324 841 5381 ad
889 5328 996 5377 νέον
1045 5323 1261 5381 omittit
1302 5325 1643 5381 Hentenius.
1700 5325 1809 5381 Pro

209 5402 310 5449 νέον
343 5396 526 5454 habet
555 5396 797 5450 παλαιὸν.
832 5404 895 5451 Α.

277 5468 384 5539 (22)
428 5474 623 5535 Πάντα,
668 5468 857 5524 abest.
899 5469 963 5523 A.

277 5469 363 5539 (22
428 5474 623 5535 Πάντα,
668 5469 857 5524 abest.
899 5469 963 5523 A.

270 5469 384 5614 (23;
422 5540 690 5598 Deseruit
714 5556 858 5611 ergo
888 5538 1349 5611 explicationem
1379 5539 1806 5613 Chrysostomi.

1922 5329 2070 5382 tom.
2112 5324 2211 5382 VI.
2274 5339 2349 5395 ρ.
2385 5323 2477 5395 431
2528 5323 2591 5386 D,
2621 5320 2999 5395 subitaneam
3030 5320 3575 5395 etsubobscurani.

1919 5413 2107 5470 quam
2137 5392 2295 5451 Theo
2340 5394 2378 5450 h
2424 5394 2613 5450 lactus
2662 5409 2715 5465 p.
2769 5397 2891 5451 341.
2946 5394 3004 5448 Ε.
3052 5392 3284 5448 videtur
3311 5392 3581 5449 voluisse

1921 5468 2272 5522 exnrimere.
2298 5411 2441 5522 giti’e
2465 5465 2765 5522 Patavium
2794 5465 2854 5520 in
2880 5464 3036 5521 notis
3077 5464 3152 5521 ad
3184 5463 3581 5522 Epiphaniam

1921 5463 2272 5540 exprimere.
2298 5463 2441 5523 Vide
2465 5463 2765 5522 Patavium
2794 5465 2854 5520 in
2880 5464 3036 5521 notis
3077 5464 3152 5521 ad
3184 5463 3581 5538 Epiphaniam

1922 5556 1979 5613 p.
2018 5541 2079 5595 61
2125 5554 2293 5613 seqq.

270 5745 390 5821 (pp)
422 5744 669 5805 ὲπιὸοκή.
702 5749 783 5802 lta
811 5744 1131 5802 Hentenius
1159 5744 1363 5804 edidit.
1408 5743 1526 5803 Sed
1555 5745 1810 5815 legendu

1961 5739 2212 5818 τοδοχήν.
