4074 6402
493 332 598 387 923

1819 330 2168 387 ΕΠἸῊΥΜΙΙ
2210 328 2544 392 ZIGABENI

3763 353 3867 411 924

500 464 788 530 tanquam
808 460 1134 515 secundum
1149 459 1393 532 quidem
1409 475 1442 515 a
1465 460 1713 516 Pascha.
1728 459 1992 531 primum
2022 472 2161 512 vero

2278 455 2510 536 δεύτερον
2553 469 2642 536 μὲν
2688 476 2778 519 τοῦ
2834 469 3052 538 Πάσχα·
3117 474 3317 538 πρῶτον
3360 465 3418 521 δὲ
3473 477 3569 521 τῶν
3610 473 3862 548 Ἀζύμων.

495 548 572 604 ab
604 549 859 621 Azyinis.
891 551 1026 605 Post
1065 549 1278 605 festum
1307 550 1463 604 enim
1503 551 1744 605 Pascha:
1775 550 1988 604 festum
2019 549 2158 618 Azy-

499 656 734 694 morum
762 640 1148 710 peragebant,
1183 639 1342 709 quod
1369 640 1596 710 primus
1629 645 1754 695 erat
1785 644 2012 710 septem
2042 638 2161 691 die-

497 742 652 792 rum,
686 729 905 800 quibus
931 728 1324 784 vescebantur
1365 729 1605 798 azymis.

571 819 730 874 Vers.
773 823 815 872 t.
859 821 936 875 Et
970 820 1265 876 vellebant
1296 850 1363 858 —
1412 819 1697 875 manibus.
1750 819 1954 884 Quaere
2014 817 2159 872 vice-

501 909 656 966 simo
679 911 869 983 capite
902 911 1204 980 Evangelii
1258 911 1592 966 secundum
1626 911 1966 966 Matthaeum
1993 925 2162 964 enar-

499 1001 790 1056 rationem
812 1001 964 1055 illius
992 1001 1128 1056 dicti
1156 1021 1166 1058 :
1195 1001 1261 1055 In
1280 1002 1386 1055 illo
1406 1005 1663 1068 tempore
1684 1001 1807 1057 ibat
1824 1002 1994 1055 Jesus
2018 998 2161 1055 Sab-

503 1088 654 1147 batis
690 1107 806 1162 per.
828 1099 1040 1161 segetes
1093 1091 1163 1146 ³³.
1237 1093 1363 1146 Non
1396 1095 1630 1162 oportet
1684 1096 1884 1146 autem
1916 1093 2161 1161 propter

501 1191 737 1256 tempus
785 1182 1078 1236 haesitare.
1124 1180 1270 1235 Cum
1295 1182 1452 1235 enim
1488 1179 1852 1235 calidissima
1879 1180 1952 1235 sit
1980 1178 2161 1234 Palae-

500 1275 666 1332 stinae
700 1272 886 1345 regio,
922 1271 1148 1326 fructus
1181 1270 1458 1342 producit
1497 1285 1818 1342 praecoces.

571 1453 734 1510 Vers.
763 1455 816 1506 2.
853 1450 1092 1517 Quidam
1119 1455 1315 1506 autem
1347 1481 1414 1490 —
1445 1449 1612 1504 Vers.
1639 1451 1692 1505 4.
1720 1449 2159 1514 sacerdotibus;

571 1541 796 1598 Eodem
829 1542 1020 1612 capite
1053 1541 1122 1595 de
1155 1541 1246 1594 his
1277 1539 1558 1594 omnibus
1589 1539 1872 1594 invenies.

574 1633 740 1688 Vers.
773 1633 828 1687 5.
873 1632 950 1686 Et
1004 1630 1322 1686 dicebal—
1353 1629 1622 1686 Sabbati.
1654 1629 1731 1684 lbi
1759 1633 1815 1684 et
1865 1628 1979 1684 hoc
2027 1633 2163 1700 post

500 1738 692 1796 pauca
729 1721 994 1794 positum
1019 1725 1124 1775 est.

575 1813 724 1868 CAP.
755 1811 868 1865 XV.
895 1813 972 1866 De
991 1809 1242 1866 habente
1273 1809 1542 1865 dextram
1564 1825 1804 1864 manum
1826 1808 2084 1864 aridam.

574 1904 730 1957 Vers.
784 1904 840 1956 6.
880 1901 1123 1954 Factum
1180 1905 1264 1954 est
1311 1930 1379 1938 —
1413 1898 1573 1953 Vers.
1627 1900 1678 1951 7.
1721 1913 1875 1954 eum.
1925 1897 2003 1952 De
2042 1897 2157 1951 hoc

501 1992 727 2048 dictum
747 1996 832 2047 est
863 1989 1150 2045 vicesimo
1181 1988 1371 2059 primo
1399 1989 1592 2061 capite
1631 1987 1937 2058 Evangelii
1983 1987 2158 2059 juxta

503 2081 846 2136 Matthreum
863 2124 875 2134 .

574 2171 743 2225 Vers.
773 2169 825 2220 8.
857 2168 980 2235 [pse
1010 2198 1076 2207 —
1097 2167 1260 2221 Vers.
1295 2167 1381 2222 10.
1415 2167 1622 2222 altera.
1652 2165 1712 2221 1n
1735 2165 1947 2221 eodem
1980 2164 2158 2220 etiam

503 2259 578 2315 de
609 2259 702 2314 his
725 2257 1007 2314 omnibus
1039 2256 1346 2326 diligenter
1376 2255 1658 2310 diximus.
1694 2256 1971 2310 Animam
2018 2269 2159 2309 vero

503 2347 783 2418 intellige,
818 2345 1146 2409 hominem,
1183 2362 1215 2398 a
1242 2350 1407 2414 parte
1439 2344 1709 2400 videlicet
1735 2348 1947 2398 totum.

577 2440 734 2492 Vers.
760 2437 846 2490 ll.
880 2436 952 2488 At
987 2435 1080 2490 illi
1108 2465 1176 2474 —-
1203 2434 1387 2490 Jesus.
1449 2433 1531 2488 lbi
1560 2449 1802 2505 quoque
1853 2433 1921 2487 de
1960 2433 2052 2487 his
2077 2432 2161 2488 di-

505 2531 667 2583 ctum
693 2531 781 2580 est
807 2525 865 2579 in
891 2523 1328 2579 enarrationem
1365 2522 1502 2578 dicti
1526 2522 1699 2588 illius,
1722 2522 2006 2578 Phariswi
2027 2538 2162 2578 vero

505 2621 802 2685 cleperunt
833 2614 1148 2669 concilium
1171 2613 1447 2668 adversus
1467 2629 1614 2668 eum.

543 2704 718 2763 CAP.
767 2705 910 2760 XVI.
954 2705 1034 2759 De
1063 2699 1344 2758 electione
1373 2703 1659 2759 duodecin
1695 2704 2124 2772 apostolorum.

579 2797 736 2848 Vers.
774 2794 853 2848 12.
899 2794 1144 2848 Factum
1189 2801 1270 2847 est
1302 2823 1367 2832 —-
1415 2795 1576 2847 Vers.
1638 2794 1719 2849 13.
1767 2809 1901 2847 suos
1957 2795 2162 2858 Quaere

506 2883 566 2940 in
599 2883 918 2952 Evangelio
943 2883 1110 2954 juxta
1127 2883 1386 2937 Marcum
1416 2883 1856 2938 enarrationem
1890 2883 2164 2955 principii

506 2973 695 3030 octavi
729 2973 957 3044 capitis,
989 2972 1088 3027 ubi
1121 2977 1176 3027 et
1208 2973 1332 3026 haec
1364 2971 1606 3044 pulchre
1630 2988 1698 3027 ac
1726 2973 2024 3028 succincte
2065 2975 2161 3028 ha.-

505 3064 737 3122 bentur.

580 3156 738 3210 Vers.
771 3155 850 3209 l3.
889 3155 960 3208 Et
1001 3155 1174 3224 elegit
1206 3184 1273 3194 -—
1307 3155 1464 3208 Vers.
1498 3156 1581 3208 16.
1614 3152 1902 3220 proditor.
1937 3152 2168 3207 Decimo
2204 3175 2244 3231 ρ

506 3260 668 3300 nono
682 3244 874 3316 capite
890 3243 1188 3314 Evangelii
1203 3242 1531 3298 secundum
1548 3242 1888 3298 Matthaaum
1904 3241 2168 3297 invenies

507 3332 580 3388 de
593 3333 801 3388 ordine
816 3334 1029 3389 horum
1046 3335 1248 3388 nomin
1260 3348 1359 3388 um
1377 3330 1896 3402 apostolorum,ubi
1911 3331 2165 3386 dicetur:

505 3423 804 3480 Duodecin
843 3430 1034 3480 autem
1067 3423 1461 3492 apostolorum
1511 3421 1745 3476 nomina
1785 3429 1922 3477 sunt
1957 3422 2097 3477 haec.

578 3603 738 3657 Vers.
767 3605 848 3656 17.
887 3602 1144 3672 Cumque
1165 3599 1531 3656 descendisset
1558 3631 1627 3639 —
1648 3599 1810 3655 Vers.
1849 3604 1934 3655 l9.
1963 3613 2169 3655 omnes.

509 3691 706 3746 Virtus
728 3692 807 3747 ab
838 3691 937 3746 illo
966 3690 1385 3763 egrediebatur
1415 3689 1635 3754 divina,
1669 3706 1893 3746 sanans
1918 3690 2046 3746 illos
2070 3690 2172 3762 qui

510 3781 603 3836 vel
637 3780 966 3850 tetigissent
998 3781 1190 3851 ipsum
1207 3824 1219 3836 .

871 3871 1032 3928 CAP.
1068 3871 1221 3925 XVII.
1251 3873 1332 3926 De
1360 3869 1815 3926 beatitut'linibus

582 3960 744 4015 Vers.
777 3962 864 4016 20.
916 3962 986 4016 Ει
1020 3961 1141 4030 ipse
1178 3991 1244 3999 -
1277 3974 1525 4029 regnum
1565 3961 1687 4014 Det.
1725 3959 1866 4014 Aliae
1899 3965 2040 4015 sunt
2079 3960 2169 4016 hae

509 4049 911 4105 beatitudines
926 4050 1001 4105 ab
1021 4050 1273 4122 his,qum
1293 4064 1478 4119 supra
1501 4049 1730 4119 scriptas
1747 4049 1958 4104 suntin
1985 4051 2170 4105 Evan-

511 4139 663 4209 gelio
691 4142 861 4212 juxta
892 4140 1250 4195 Matthasum.
1289 4138 1418 4193 lllas
1453 4137 1750 4210 siquidem
1781 4137 1947 4202 dixit,
1977 4139 2080 4195 ubi
2109 4141 2168 4194 in

511 4234 772 4286 montem
833 4230 1276 4286 conscendisset
1307 4244 1376 4284 ac
1422 4227 1747 4284 resedisset
1799 4227 1962 4298 ;has
2007 4245 2165 4295 vero,

509 4337 646 4376 cum
667 4320 1095 4385 descendisset,
1131 4318 1513 4390 stetissetque
1554 4317 1614 4372 in
1645 4316 1776 4372 loco
1825 4319 2166 4389 campestri.

512 4412 575 4466 Et
603 4409 685 4465 ibi
703 4409 951 4480 quidem
973 4424 1260 4480 pauperes
1276 4408 1508 4479 spiritu,
1527 4407 1646 4462 sive
1666 4407 1870 4462 animo
1887 4407 2164 4472 humiles,

2271 553 2413 603 Μετά
2459 557 2558 628 γὰρ
2606 561 2699 614 τὴν
2760 556 2938 631 ἑορτὴν
2983 565 3072 608 του
3131 559 3346 628 Πάσχα,
3401 564 3495 617 τὴν
3551 561 3727 634 ἑορτὴν
3775 577 3868 619 τὼν

2270 641 2511 712 Ἀζύμων
2553 643 2834 714 ἐπετέλουν,
2880 650 2992 706 ἣτις
3050 643 3109 704 ἦν
3136 654 3314 720 πρώτη
3348 656 3446 700 τῶν
3479 650 3609 703 ἑπτὰ
3653 655 3865 730 ἡμερῶν,

2270 727 2316 779 ἐν
2348 733 2429 790 αἷς
2460 733 2706 790 ὴσθίοντο
2733 739 2794 786 τα
2821 737 3019 808 οἰζυμα.

2343 826 2442 873 Καὶ
2495 823 2683 875 ἔτιλλον
2733 857 2789 865 -
2853 831 3031 900 χερσί.
3085 832 3324 884 Ζήτησον
3389 826 3438 878 ἐν
3520 837 3588 898 τῷ
3661 831 3868 904 εἰκοστῷ

2270 909 2526 982 κεφαλαίῳ
2583 921 2672 965 τοῦ
2729 918 2864 966 κατα
2934 918 3202 968 Άιατθαίον
3255 922 3346 974 τὴν
3431 915 3680 988 ἐξήγησιν
3760 930 3864 973 τού·

2269 998 2349 1051 Ἐν
2427 999 2596 1072 ἐκείνῳ
2679 1013 2749 1074 τῷ
2829 1014 2993 1078 καιρῷ
3053 1004 3302 1078 ἐπορεύθη
3382 1008 3408 1057 ό
3485 1007 3692 1069 Ἰησοῦς
3766 1018 3868 1073 τοῖς

2269 1088 2501 1142 Σάϐὅασι
2533 1089 2626 1143 διὰ
2679 1102 2777 1144 των
2839 1099 3125 1168 σπορίμων.
3180 1100 3292 1167 Χρὴ
3347 1091 3405 1148 δὲ
3451 1101 3569 1168 περὶ
3621 1105 3709 1149 τοῦ
3761 1118 3867 1150 και-

2267 1187 2360 1252 ροῦ
2399 1186 2470 1253 μὴ
2529 1181 2882 1254 ἁμφιϐάλλειν.
2951 1190 3281 1258 Θερμότατος
3341 1188 3444 1259 γὰρ
3505 1187 3572 1236 ὠν
3631 1189 3656 1238 ό
3723 1192 3866 1249 τόπος

2267 1278 2360 1332 τῆς
2452 1272 2826 1338 Παλαιστίνης,
2914 1278 3180 1349 πρωῖμους
3279 1271 3479 1327 δίδωσι
3561 1279 3681 1339 τοὺς
3743 1296 3867 1348 καρ-

2268 1363 2418 1422 πούς,

2339 1454 2477 1510 Τινὲς
2509 1447 2566 1502 δὲ
2597 1483 2664 1492 —
2699 1455 2847 1526 ἱερεῖς
2879 1471 2890 1482 ·
2929 1453 3012 1508 Ἑν
3035 1453 3206 1525 ἐκείνῳ
3239 1463 3309 1525 τῷ
3348 1453 3605 1527 κεφαλαίῳ
3635 1459 3724 1508 καὶ
3762 1461 3868 1528 περὶ

2269 1541 2462 1589 τούτων
2499 1543 2696 1592 πάντων
2730 1543 2848 1614 εύρὴ
2861 1563 2990 1605 σείς,

2345 1635 2442 1680 Καὶ
2473 1629 2633 1700 ἔλεγεν
2661 1663 2725 1671 -—
2760 1633 3046 1688 Σαϐϐάτου.
3099 1633 3236 1686 Ἐκεῖ
3279 1634 3388 1705 μετ’
3419 1633 3572 1705 ὀλίγα
3613 1637 3700 1685 καὶ
3725 1641 3867 1686 τοῦτο

2269 1725 2452 1772 κεῖται.

2400 1815 2542 1863 ΚΕΦ.
2575 1809 2672 1868 υἷ’,
2719 1818 2840 1885 Περὶ
2870 1821 2960 1864 τοῦ
2995 1813 3154 1887 ξηρὰν
3186 1815 3401 1884 ἔχοντος
3430 1817 3524 1871 τήν
3555 1819 3735 1884 χεῖρα.

2340 1899 2561 1970 Ἐγένετο
2643 1933 2706 1940 --
2783 1902 2957 1954 αὐτοῦ.
3036 1907 3256 1976 Εἴρηται
3336 1907 3422 1955 καὶ
3503 1907 3620 1974 περὶ
3693 1903 3866 1952 τούτου

2269 1986 2316 2039 ἐν
2364 1997 2436 2057 τῷ
2508 1990 2726 2060 εἰκοστῷ
2784 1998 2972 2066 πρώτῳ
3054 1992 3309 2064 κεφαλαίῳ
3383 1999 3474 2044 τοῦ
3547 1993 3682 2043 κατὰ
3739 1996 3868 2042 Ματ-

2271 2079 2432 2129 θαῖον.

2342 2167 2506 2230 Αύτὸς
2543 2201 2601 2208 --—-
2635 2171 2663 2227 ἡ
2699 2170 2846 2228 άλλη.
2879 2171 2959 2223 Ἐν
2986 2169 3158 2241 ἐκείνῳ
3190 2175 3276 2222 καὶ
3303 2176 3421 2245 περὶ
3447 2174 3642 2222 τούτων
3677 2170 3867 2221 πάντων

2271 2255 2498 2329 ἀκριϐῶς
2521 2258 2814 2332 εἰρήκαμεν’
2841 2263 3025 2331 ψυχὴν
3053 2256 3112 2312 δὲ
3133 2265 3236 2312 νόει
3259 2264 3343 2312 τόν
3363 2257 3758 2334 ἅνθρωπον,ὰπὸ
3788 2261 3866 2327 μέ-

2270 2365 2407 2420 ρους,
2438 2347 2550 2399 ὅλον
2567 2392 2578 2403 .

2347 2439 2502 2489 Αύτοὶ
2548 2436 2606 2490 δὲ
2637 2470 2703 2478 -
2735 2437 2934 2496 Ἰησοῦ.
2972 2440 3112 2491 Ἐκεῖ
3141 2445 3230 2492 καὶ
3277 2445 3397 2514 περὶ
3437 2442 3632 2492 τούτων
3661 2436 3862 2511 ἐρρήθη,

2272 2524 2318 2576 ἐν
2351 2534 2409 2597 τῇ
2453 2526 2695 2598 ἐξηγήσει
2720 2538 2827 2580 τοῦ·
2859 2533 2924 2581 Οἰ
2955 2525 3009 2581 3's
3039 2535 3318 2603 Φαρισαῖοι
3353 2527 3669 2602 συμϐούλιον
3699 2522 3865 2578 ἔλαϐον

2271 2617 2385 2667 κατ’
2420 2617 2598 2671 αὐτοῦ.

2442 2709 2587 2759 ΚΕΦ.
2625 2705 2712 2766 ις’.
2748 2713 2869 2779 Περὶ
2900 2716 2989 2768 τῆς
3021 2716 3119 2760 τῶν
3149 2707 3451 2760 ἀποστόλων
3480 2707 3707 2777 ἐκλογῆς.

2347 2793 2572 2865 Ἐγένετο
2631 2827 2694 2833 —-—
2747 2797 2925 2850 αὑτοῦ.
2965 2802 3203 2855 Ζήτησον
3241 2796 3288 2848 ἐν
3354 2807 3426 2866 τῷ
3485 2798 3618 2848 κατὰ
3668 2794 3867 2864 Μάρκον

2275 2889 2367 2941 τὴν
2400 2883 2648 2954 ἐξήγησιν
2701 2886 2813 2952 (‘24-)
2865 2893 2960 2947 τῆς
2991 2885 3162 2959 ἀρχῆς
3215 2895 3306 2939 τού
3357 2885 3551 2957 ὀγδόου
3608 2882 3866 2955 κεφαλαίου

2278 2973 2440 3035 καλῶς
2473 2994 2524 3026 τε
2546 2981 2634 3026 καὶ
2667 2973 2937 3036 ἀνελλιπὼς
2964 2980 3214 3047 ἔχουσαν.

2352 3159 2452 3206 Καὶ
2511 3151 2836 3225 ἐκλεξάμενος
2889 3185 2952 3193 -
3015 3150 3298 3226 προδότης.
3359 3155 3452 3210 Ἐν
3508 3162 3580 3224 τῷ
3635 3151 3876 3203 ἐννεακαι-

2282 3241 2484 3314 δεκάτῳ
2531 3243 2788 3315 κεφαλαίῳ
2820 3251 2911 3296 τοῦ
2969 3248 3098 3296 κατὰ
3155 3246 3420 3298 Ματθαῖον
3492 3246 3720 3318 εὑρήσεις
3771 3253 3880 3308 περι

2281 3343 2375 3395 τῆς
2400 3323 2590 3396 τάξεως
2641 3342 2736 3384 τῶν
2778 3331 3133 3386 ἀποστολικῶν
3183 3338 3375 3386 τούτων
3435 3335 3718 3406 ὀνομάτων,
3770 3327 3880 3378 ἔνθα

2281 3431 2448 3474 κεῖται
2480 3428 2561 3474 to”
2601 3429 2709 3475 Τών
2742 3419 2800 3475 δὲ
2828 3421 3039 3476 δώδεκα
3068 3423 3372 3477 ἀποστόλων
3403 3428 3478 3476 τὰ
3509 3423 3731 3494 ὀνόματα
3777 3415 3876 3468 ἐστι

2283 3520 2468 3567 ταῦτα.

2359 3608 2458 3654 Καὶ
2525 3602 2752 3662 καταϐὰς
2832 3632 2896 3642 -
2960 3605 3175 3662 πάντας.
3262 3605 3489 3662 Δύναμις
3559 3600 3645 3654 ἀπ’
3726 3595 3874 3648 αύτοῡ

2832 3632 2896 3642 -
2960 3605 3175 3665 πάντας.
3262 3605 3489 3674 Δύναμις
3559 3600 3645 3654 ἀπ’

2284 3690 2532 3763 ἐξήρχετο
2618 3694 2747 3756 θεία,
2825 3692 3009 3764 ἰωμένη
3096 3697 3217 3755 τοὺς
3316 3698 3472 3765 μόνον
3573 3689 3877 3760 ἁπτομένους

2285 3781 2470 3837 αύτού.

2598 3877 2741 3935 ΚΕΦ,
2767 3871 2864 3925 1Ζ’.
2910 3876 3033 3944 Περὶ
3064 3880 3163 3922 τῶν
3191 3880 3566 3946 μακαρισμῶν.

2357 3966 2453 4014 Καὶ
2504 3961 2658 4023 αὐτὸς
2705 3993 2774 4002 —
2831 3963 2860 4019 ἠ
2925 3960 3172 4033 βασιλεία
3221 3969 3311 4014 τού
3369 3970 3525 4016 Θεοῦ,
3580 3959 3774 4029 Ἐτιροί
3816 3951 3878 4003 εἰ·

2284 4072 2364 4104 σιν
2415 4055 2462 4104 οἱ
2523 4057 2851 4124 μακαρισμοὶ
2909 4051 3071 4115 οὗτοι,
3122 4054 3264 4126 παρὰ
3317 4056 3436 4113 τούς
3493 4045 3874 4122 ἀναγεγραμμέο

2279 4163 2397 4204 νους
2436 4141 2482 4193 ἐν
2524 4152 2594 4212 τῷ
2630 4145 2765 4193 κατὰ
2808 4143 3094 4194 Ματθαῖον.
3127 4141 3376 4201 Ἐκείνους
3408 4145 3500 4213 μὲν
3543 4143 3665 4212 γὰρ,
3700 4130 3876 4188 ἀναϐὰς

2281 4233 2350 4294 εἰς
2389 4237 2447 4284 τό
2471 4237 2588 4305 ὅρος
2621 4237 2710 4282 καὶ
2765 4233 2992 4292 καθίσας
3020 4234 3194 4305 εἴρηκε
3236 4250 3248 4262 '
3281 4234 3495 4293 τούτους
3555 4226 3613 4282 δὲ
3656 4218 3876 4278 καταϐὰς

2279 4328 2368 4374 καὶ
2391 4326 2520 4383 στὰς
2546 4321 2629 4373 ἐπὶ
2660 4327 2821 4373 τόπου
2852 4317 3085 4373 πεδινοῦ·
3121 4318 3270 4372 κάκεῖ
3285 4324 3375 4392 μὲν
3399 4326 3518 4383 τούς
3540 4316 3784 4387 πτωχοὺς
3813 4314 3877 4376 τῷ

2280 4415 2532 4482 πνεύματι
2564 4410 2894 4484 ἐμακάρισεν,
2925 4414 3061 4482 ᾕτοι,
3085 4414 3201 4470 τοὺς
3223 4415 3642 4482 ταπεινόφρονας·
3670 4398 3877 4456 ἐνταῦθα

509 4499 708 4554 beatos
737 4499 886 4554 dixit
913 4516 926 4563 ;
956 4499 1051 4553 hic
1092 4503 1291 4554 autem
1328 4497 1677 4568 simpliciter
1707 4513 2023 4569 pauperes,
2067 4514 2162 4553 eos

2282 4498 2339 4553 δε
2379 4505 2495 4562 τούς
2542 4505 2790 4570 πτωχούς
2822 4500 3013 4564 ἁπλῶς,
3067 4504 3247 4570 ἤγουν,
3302 4505 3415 4560 τούς
3465 4495 3874 4572 ἀφιλοπλούτονς,

509 4588 804 4658 videlicet,
830 4590 930 4659 qui
969 4588 1311 4642 divitiarum
1351 4603 1546 4642 amore
1581 4603 1696 4642 non
1745 4593 2037 4654 tenentur,
2067 4603 2168 4644 eOs

511 4677 614 4749 qui
645 4676 974 4732 voluntarie
1018 4692 1304 4746 pauperes
1335 4681 1486 4732 sunt.

582 4767 744 4822 Vers.
779 4767 865 4820 21.
899 4767 1063 4821 Beati
1093 4795 1160 4805 —
1210 4765 1651 4820 saturabimini.
1713 4766 1975 4822 Similiter
2023 4784 2162 4840 quo-

511 4872 629 4928 que
684 4855 1007 4911 esurientes
1057 4871 1128 4910 ac
1172 4855 1434 4910 sitientes
1469 4854 1758 4924 justitiam
1794 4855 2165 4923 beatificavit,

513 4946 638 5001 sive
673 4945 967 5016 justitiam
1001 4944 1382 4999 vehementer
1412 4948 1762 5014 appetentes
1797 4961 1809 4999 :
1845 4945 1938 5001 hic
1966 4952 2167 5003 autem

513 5034 859 5106 simpliciter
888 5033 1231 5097 esurientes,
1267 5049 1366 5087 eos
1389 5032 1677 5097 videlicet,
1709 5035 1809 5105 qui
1837 5036 2169 5093 voluntaria

513 5125 1166 5195 esuriuntpaupertate,
1193 5128 1483 5194 gratoque
1507 5123 1798 5179 sustinent
1818 5125 2041 5193 animo,
2065 5125 2168 5199 qui

513 5214 745 5270 seternis
775 5213 1198 5269 saturabuntur
1227 5212 1480 5269 deliciis.

585 5429 633 5464 ³⁸
658 5429 866 5486 Matth.
897 5445 1000 5496 xu,
1044 5431 1130 5484 14.
1209 5429 1256 5464 ³⁸
1289 5427 1486 5486 Matth.
1515 5445 1567 5496 χ,
1591 5433 1645 5484 2.

2279 4594 2396 4651 τοὺς
2427 4589 2675 4649 ἑκουσίως
2704 4608 2888 4661 πτωχο
2900 4592 2920 4639 3
2933 4610 2969 4649 ς.

2352 4771 2613 4839 Μακάριοι
2691 4798 2760 4808 --
2819 4768 3276 4841 χορτασθήσεσθε.
3347 4767 3570 4836 Ὀμοίως
3642 4761 3744 4812 ἐκεῖ
3795 4755 3876 4824 μὲν

2279 4865 2397 4920 τους
2436 4869 2714 4917 πεινωντας
2761 4862 2850 4908 καὶ
2898 4854 3164 4926 διψῶντας
3219 4861 3310 4912 τὴν
3369 4852 3711 4906 δικαιοσύνην
3764 4859 3871 4914 ε,ιια’

2279 4951 2511 5020 κάρισεν,
2567 4951 2703 5016 ἤτοι,
2773 4949 2894 5008 τοὺς
2965 4943 3203 5020 σφοδρῶς
3262 4944 3595 5016 ὀρεγομένους
3651 4947 3739 4995 τῆς
3800 4928 3875 4982 δι’

2280 5041 2562 5096 καιοσύνης
2667 5035 2888 5088 ἐνταῦθα
2972 5032 3029 5087 δε
3126 5038 3243 5095 τούς
3327 5044 3606 5091 πεινῶντας
3696 5026 3875 5080 amas

2280 5132 2442 5199 ἤγουν
2473 5131 2594 5188 τοὺς
2623 5134 2901 5186 πεινῶντας
2931 5126 3044 5196 (25)
3097 5121 3168 5176 δι’
3201 5123 3437 5175 ἑκούσιον
3481 5122 3763 5191 πτωχείαν,
3799 5125 3878 5160 καί

2282 5219 2628 5288 ὑπομένοντας
2676 5214 3028 5287 εὐχαρίστως,
3080 5211 3128 5264 οἱ
3171 5214 3634 5284 χορτασθήσονται
3692 5204 3880 5276 τρυφῆς

2283 5306 2492 5358 αἰωνίου
2503 5347 2514 5360 .

1761 5581 1985 5651 Variae
2016 5582 2345 5653 lectiones
2369 5593 2433 5652 et
2465 5591 2666 5650 notae.

589 5749 705 5822 (24)
737 5755 844 5811 Τῆς
875 5751 1047 5822 ἀρχῆς
1077 5748 1238 5806 abest
1267 5753 1332 5804 Α.

2358 5752 2475 5826 (25)
2516 5749 2590 5805 Δι’
2608 5749 2844 5809 omittit.
2873 5753 2950 5806 Α.
