4074 6378
204 353 298 410 925
1292 350 1660 407 CO.‘.lMEN'l‘.
1709 346 1771 402 lN
1814 345 2075 402 LUCAM.
2121 381 2186 389 —
2226 350 2381 406 CAP.
2424 352 2516 408 VI.
3455 348 3562 406 926

267 479 526 553 Μακάριοι
564 509 625 518 -
677 478 940 549 γελάσετε.
995 481 1060 531 Οἱ
1108 478 1386 539 κλαίοντες.
1441 478 1545 548 οὐχ
1596 475 1785 536 ἁπλῶς,

1977 472 2139 528 Vers.
2171 479 2260 534 2t.
2297 477 2462 534 Beati
2514 510 2582 519 ο·-
2620 479 2912 534 videbitis.
2964 475 3068 542 Qui
3120 475 3262 531 ﬂent
3311 489 3428 528 non
3478 480 3562 529 ut-

206 569 352 627 ἀλλ’ἧ
384 568 467 621 ἐπὶ
487 576 596 630 τοὶς
623 569 815 620 ἑαυτῶν
847 568 1244 643 ἁμαρτήμασιν,
1280 571 1305 628 ἦ
1360 568 1442 620 ἐπὶ
1468 576 1581 628 ταῖς
1615 567 1790 639 ἐτέρων

202 661 580 726 κακοπαθείαις,
623 665 712 711 καὶ
740 658 1014 711 συνελόντα
1044 659 1222 723 εἰπεῖν,
1276 662 1324 710 οἱ
1358 660 1617 718 κλαίοντες
1658 659 1793 707 κατὰ

203 754 338 814 Θεὸν,
370 751 420 800 οἱ
442 748 731 819 γελάσουσι
756 751 892 800 κατὰ
915 753 1000 800 τὸν
1021 749 1267 820 μέλλοντα
1297 749 1476 812 αἰῶνα,
1501 752 1787 806 τουτέστιν,

201 841 632 914 ευφρανθήσονται
652 838 1297 911 πνευματικῶς.Σύμϐο).ον
1322 841 1423 910 γὰρ
1446 838 1787 910 εὐφροσύνης,

204 932 226 982 ὁ
247 929 420 1001 γε’λως.

263 1019 520 1092 Μακάριοι
543 1048 608 1058 -
635 1015 926 1092 ἀνθρώπου.
955 1024 1119 1070 Ὅταν
1150 1021 1213 1070 τὰ
1232 1016 1474 1091 ἐὶρήμένα
1495 1022 1788 1075 ποιήσωσιν

199 1110 326 1180 ὑμῖν,
357 1113 429 1180 μή
461 1103 554 1159 διά
589 1127 706 1159 τινα
736 1112 920 1160 κακίαν
948 1109 1110 1180 ὑμῶν,
1167 1106 1272 1159 ἀλλ’
1315 1109 1472 1160 ἕνεκεν
1519 1110 1662 1180 ἐμοῦ,
1697 1103 1791 1158 διὰ

198 1202 249 1250 τὸ
285 1194 412 1250 εἶναι
436 1197 572 1269 ὑμᾶς
603 1199 777 1270 ἐμούς.

260 1378 467 1450 Χάρητε
525 1407 592 1418 -
651 1376 870 1450 οὐρανῷ.
916 1377 1332 1449 Ἀγαλλιάσθήτε
1392 1380 1500 1448 (26)
1557 1397 1790 1446 πνευμα-

195 1475 356 1527 τικῶς.

253 1559 394 1608 Κατὰ
428 1586 492 1596 -
525 1555 712 1607 αὐτῶν.
747 1556 898 1610 Κατὰ
917 1558 984 1607 τὰ
1011 1557 1253 1630 ῥηθέντα,
1279 1560 1540 1618 τουτέστι,
1573 1564 1787 1628 μισοῦν-

195 1664 267 1705 τες
295 1650 382 1697 καὶ
407 1644 759 1719 ἀφορίζοντες,
804 1649 940 1710 ἤτοι,
998 1647 1312 1717 χωρίζοντες
1339 1647 1551 1708 ἑαυτῶν,
1595 1652 1682 1697 καὶ
1723 1650 1786 1698 τα

195 1735 314 1797 ἑξῆς.
356 1738 425 1787 0i
455 1738 666 1810 πατέρες
694 1732 752 1788 δέ
774 1735 964 1805 αὐτῶν,
1002 1732 1210 1794 δηλαδὴ
1237 1745 1334 1788 των
1359 1736 1641 1808 μελλόντων
1664 1737 1783 1807 ὑμῖν

192 1832 344 1876 ταῦτα
370 1832 496 1883 ποιῆ
508 1843 598 1877 σαι
626 1821 915 1880 Ἰουδαίων,

256 2004 390 2063 Πλὴν
425 2036 492 2046 --
523 2007 684 2078 ὑμῶν.
732 2010 1046 2080 Μακαρίσας
1072 2010 1188 2066 τοὺς
1221 2010 1489 2078 πτωχοὺς,
1544 2013 1632 2059 καὶ
1670 2011 1784 2067 τοὺς

192 2103 486 2162 πεινῶντας,
517 2101 607 2148 καὶ
639 2101 754 2156 τοὺς
784 2095 1072 2164 κλαίοντας,
1121 2102 1209 2148 καὶ
1241 2101 1361 2157 τοὺς
1413 2101 1782 2168 μισουμένους,

189 2189 268 2236 καὶ
318 2183 748 2258 ἀφοριζομένους,
805 2191 894 2237 καὶ
951 2181 1363 2257 ὀνειδιζομένους
1393 2192 1481 2238 καὶ
1516 2183 1784 2258 loc-30.000-

189 2277 360 2344 μένους
391 2271 471 2327 δι’
509 2275 682 2338 αὐτὸν,
718 2275 895 2326 λοιπὸν
927 2275 1190 2336 ταλανιζει
1217 2281 1339 2336 τοὺς
1372 2277 1609 2336 ἐναντίως
1637 2278 1785 2345 ἔχον-

189 2382 287 2429 τας,
337 2367 426 2416 ἵνα
484 2360 578 2416 διὰ
635 2369 724 2436 μὲν
765 2373 854 2416 τοῦ
917 2374 1254 2438 μακαρισμον
1322 2365 1586 2438 πιοοτρέψή
1657 2367 1788 2434 πρὸς

1560 2454 1612 2504 ἐκ
1672 2454 1785 2524 (27)

189 2545 367 2594 τούτων
421 2543 748 2606 ’πλουσίους
805 2540 864 2596 δε
922 2545 1034 2612 (‘28)
1079 2553 1166 2594 νῦν
1218 2545 1372 2614 λέγει,
1425 2547 1542 2605 τοὺς
1597 2542 1782 2615 ἁμεταο

189 2451 361 2521 ἐκεῖνα,
417 2449 512 2506 διὰ
567 2451 626 2506 δὲ
693 2463 784 2506 τοῦ
837 2454 1160 2526 ταλανισμοῦ
1217 2453 1485 2528 ἀποτρέ-ψῃ

192 2628 387 2695 δότους,
462 2636 580 2693 τοὺς
630 2641 1042 2706 πιτοστετήκότας
1079 2644 1148 2704 τῷ
1186 2634 1413 2703 πλούτῳ,
1450 2637 1570 2694 τοὺς
1613 2643 1788 2695 κακῶς

187 2721 554 2784 πλουτοῦντας.
621 2723 870 2793 Ἀπέχιτε
959 2719 1036 2785 δε,
1109 2721 1221 2774 ἀντὶ
1287 2732 1398 2784 του,
1457 2723 1785 2774 Ἀπέντεῦθεν

187 2812 334 2882 ῑχετε.

247 2901 376 2954 Οὐαὶ
403 2930 480 2942 -
513 2903 876 2955 πεινάσετε.οὶ
900 2905 1425 2975 κεκορέσμένοι,κατὰ
1446 2905 1532 2953 τὸν
1554 2906 1787 2974 παρόντα

187 2988 312 3060 βίον,
340 2993 434 3043 ὅτι
459 2993 748 3058 πεινάσετε,
777 2994 913 3044 κατὰ
956 2999 1041 3044 τὸν
1093 2991 1360 3063 μέλλοντα,
1393 2988 1658 3064 μηδεμιᾶς
1686 2990 1786 3043 ἐκεῖ

181 3099 404 3154 παρηγορ
427 3085 510 3142 ίας
541 3078 903 3144 ἀπολαύοντες.

1903 577 2160 634 cunque.
2196 567 2310 620 Sed
2344 567 2432 622 vel
2458 584 2566 640 pro
2597 568 2718 622 suis
2751 567 3008 639 peccatis
3039 565 3128 620 vel
3164 579 3272 636 pro
3305 563 3558 618 aliorum

1903 649 2325 710 afﬂictionibus
2357 671 2370 710 :
2403 662 2479 722 et,
2533 663 2596 711 ut
2661 673 2782 711 uno
2833 654 3147 712 absolvam
3200 654 3404 711 verbo.
3457 652 3563 724 qui

1901 743 2233 798 secundum
2265 745 2451 800 Deum
2476 747 2636 802 ﬂent.
2666 746 2731 801 Hi
2758 750 2956 801 autem
2979 745 3036 799 in
3064 744 3260 798 futuro
3282 741 3563 798 ridebunt

1902 831 2142 896 saeculo,
2183 833 2297 889 hoc
2342 840 2451 902 est,
2504 835 2883 907 spiritualiter
2934 833 3322 904 gaudebunt;
3359 831 3562 901 gaudii

1901 921 2061 976 enim
2089 924 2327 993 signum
2363 931 2450 982 est
2479 928 2657 982 risus.
2725 956 2731 962 -

1971 1012 2134 1067 Vers.
2162 1017 2251 1070 23.
2285 1016 2458 1073 Beati
2484 1047 2553 1059 -
2584 1017 2858 1073 hominis.
2895 1015 3044 1071 Cum
3078 1012 3359 1086 praedicta
3388 1010 3562 1067 vobis

1899 1099 2164 1173 fecerint,
2215 1121 2335 1160 non
2382 1112 2625 1178 propter
2674 1106 2920 1179 aliquod
2972 1105 3224 1167 malum,
3283 1102 3442 1174 quod
3497 1101 3560 1156 in

1901 1192 2075 1248 vobis
2131 1193 2224 1261 sit,
2275 1196 2379 1251 sed
2427 1201 2670 1269 propter
2699 1212 2816 1262 me,
2857 1200 2914 1252 et
2963 1195 3105 1268 quia
3145 1208 3253 1249 vos
3311 1191 3429 1247 mei
3472 1206 3562 1246 es-

1902 1280 1994 1336 tis.

1972 1371 2130 1428 Vers.
2186 1376 2275 1431 23.
2329 1375 2585 1432 Gaudete
2631 1405 2700 1416 —
2752 1376 2908 1430 calo.
2957 1373 3222 1429 Gaudete
3292 1373 3557 1444 spiritua-

1897 1460 2044 1517 liter.

1969 1551 2135 1608 Vers.
2176 1557 2266 1611 23.
2302 1555 2641 1611 Secundum
2682 1585 2751 1596 -—
2801 1570 3023 1611 eorum.
3086 1551 3427 1609 Secundum
3491 1566 3564 1606 ea

1896 1657 2021 1713 qua:
2052 1642 2214 1698 dicta
2251 1648 2408 1711 sunt,
2442 1650 2587 1716 puta
2617 1644 2757 1701 odio
2788 1644 3095 1708 habentes,
3121 1647 3178 1698 et
3217 1645 3562 1713 separantes

1897 1737 2020 1787 sive
2050 1740 2431 1803 segregantes
2460 1750 2588 1790 sese
2619 1735 2697 1790 ab
2738 1734 2870 1800 illis,
2921 1740 2978 1790 et
3008 1738 3242 1794 caetera,
3278 1747 3413 1803 quae
3469 1746 3562 1785 se-

1817 1832 1861 1887 B
1893 1827 2173 1893 quuntur.
2223 1823 2426 1878 Patres
2466 1829 2662 1880 autem
2708 1840 2940 1888 eorum,
2990 1827 3134 1894 puta
3189 1820 3559 1883 Judaeorum,

1893 1912 1997 1984 qui
2030 1912 2202 1968 vobis
2232 1913 2361 1969 haec
2388 1914 2599 1970 facturi
2631 1919 2789 1970 sunt.

1965 2002 2221 2058 Vers.24.
2256 2003 3021 2061 Verumtamen—vestram.
3062 2001 3384 2071 Postquam
3412 1998 3558 2054 bea—

1897 2091 2135 2148 tiﬁcavit
2162 2108 2458 2165 pauperes
2485 2099 2542 2149 et
2570 2094 2900 2150 esurientes
2928 2107 2999 2148 ac
3026 2091 3257 2155 ﬂentes,
3313 2094 3369 2144 et
3417 2087 3558 2143 odio

1895 2181 2130 2238 habitos
2157 2198 2226 2238 ac
2250 2188 2612 2254 segregatos,
2647 2181 3112 2254 opprobriisque
3141 2195 3210 2234 ac
3273 2177 3558 2233 conviciis

1897 2277 2140 2344 propter
2194 2287 2257 2327 se
2298 2272 2568 2339 affectos,
2625 2271 2902 2343 deplorat
2955 2270 3238 2339 deinceps
3292 2283 3396 2323 eos
3452 2266 3559 2338 qui

1897 2361 2194 2418 contrario
2232 2361 2416 2417 modo
2446 2377 2507 2418 se
2538 2361 2780 2432 habent,
2817 2365 2882 2416 ut
2912 2376 3018 2432 per
3059 2357 3559 2414 beatiﬁcationem

1897 2450 1976 2507 ad
2002 2450 2102 2506 illa
2132 2450 2499 2517 adhortetur,
2536 2467 2642 2524 per
2669 2450 3144 2522 deplorationem
3174 2462 3311 2502 vero
3329 2446 3407 2502 ab
3463 2446 3558 2500 his

1893 2545 2143 2596 avertat.
2173 2540 2388 2597 Divites
2418 2546 2614 2597 autem
2643 2541 2797 2609 dicit
2833 2555 2993 2594 nunc
3048 2554 3284 2602 avaros,
3341 2535 3558 2592 divitiis

1897 2630 2352 2696 intabescentes,
2389 2631 2666 2703 maleque
2691 2631 3086 2686 tabescentes.
3145 2628 3400 2699 Ἀπέχετε
3453 2641 3557 2682 au-

1896 2724 2036 2786 tem,
2073 2719 2446 2790 Habetis,sive
2476 2721 2745 2790 Aufertis
2777 2724 2969 2785 sonat;
2994 2717 3088 2773 vel
3121 2719 3194 2773 ab
3251 2717 3368 2772 hoc
3411 2721 3559 2771 tem-

1896 2824 2059 2882 pore,
2095 2809 2219 2866 sive
2243 2810 2322 2866 ab
2347 2809 2495 2880 ipsis
2525 2810 2745 2866 divitiis
2773 2807 3057 2880 accipitis.

1966 2899 2132 2955 Vers.
2188 2903 2276 2956 25.
2335 2901 2429 2956 Vae
2467 2931 2535 2940 ——
2569 2899 2850 2963 esurietis,
2880 2899 2986 2962 Qui
3018 2897 3265 2953 saturati
3323 2895 3462 2952 estis
3497 2896 3559 2952 in

1894 2990 2170 3062 praesenti
2208 2989 2347 3055 vita,
2401 2993 2548 3063 quia
2593 2989 2865 3045 esurietis
2921 2988 2982 3043 in
3037 2987 3254 3050 futura,
3313 3002 3388 3043 ne
3436 3001 3560 3042 una

1894 3079 2145 3152 quidam
2171 3079 2580 3136 consolatione
2625 3079 2910 3135 fruentes.

247 3169 376 3222 Οὐαὶ
404 3200 478 3210 -
512 3168 778 3224 κλαύσετε.
815 3172 880 3222 Οἱ
907 3169 1146 3242 γελῶντες
1195 3178 1283 3222 νυν
1340 3169 1659 3232 ἀκολάστως,
1706 3171 1785 3222 ὅτι

1966 3171 2128 3226 Vers.
2157 3172 2245 3226 25.
2289 3171 2382 3226 Vw
2410 3201 2480 3210 —-
2503 3169 2742 3240 ﬂebitis.
2775 3167 2883 3234 Qui
2923 3166 3124 3222 ridetis
3155 3180 3317 3222 nunc
3346 3165 3559 3221 immo-

185 3257 421 3312 κλαύσετε
457 3264 596 3321 τότε,
627 3258 982 3332 κολαζόμενοι.
1035 3261 1329 3327 Ἐπίτασις,
1361 3257 1419 3312 δὲ
1448 3268 1539 3311 τοῦ
1570 3261 1786 3321 πένθους

186 3349 206 3398 ὁ
230 3347 512 3422 κλαυθμὸς.
541 3347 607 3400 ’Ἦ
635 3351 812 3411 πένθος
832 3353 939 3420 μὲν,
959 3351 984 3401 ὁ
1009 3350 1378 3422 καθ’ἠσυχίαν
1408 3352 1607 3424 θρῆνοςσ
1633 3349 1785 3402 κλαυ-

187 3439 304 3509 θμὸς
331 3436 411 3505 δὶ,
449 3439 478 3490 ὁ
511 3437 846 3501 ἐξάκουστος.

247 3530 378 3581 Οὐαὶ
408 3559 482 3570 -—
507 3529 789 3600 ἅνθρωποι.
822 3532 1027 3591 Κακοὺς
1058 3533 1227 3591 ὄντας.
1257 3529 1393 3582 Οὐαὶ
1423 3533 1563 3600 ὑμῖν,
1601 3535 1778 3601 φησιν,

183 3618 289 3670 ὅταν
343 3619 729 3692 εὐφημήσωσιν
787 3619 938 3690 ὑμᾶς,
980 3621 1049 3680 ὡς
1105 3617 1418 3693 ἀρέσκοντας
1472 3619 1644 3680 αὐτοῖς
1695 3625 1784 3672 καὶ

182 3707 234 3757 οὐ
302 3717 374 3779 τῷ
465 3715 604 3778 Θεῷ.
680 3706 879 3782 Ὠσπερ
969 3711 1070 3781 γὰρ
1155 3712 1411 3783 μακάριος
1474 3711 1498 3760 ὁ
1585 3706 1784 3771 ἀδίκως

183 3795 516 3871 ὑϐριζόμενος
551 3815 562 3826 ⁶
593 3797 727 3850 οὕτω
757 3797 910 3849 πάλιν
938 3797 1117 3860 οἰθλιος
1152 3799 1177 3850 ὁ
1219 3795 1420 3860 ἀδίκως
1463 3798 1785 3871 εὐφημούμε-

180 3905 278 3950 νος,

247 3979 388 4030 Κατὰ
417 4009 495 4018 —
521 3976 707 4032 αὐτῶν.
746 3980 892 4031 Κατὰ
909 3986 1093 4042 ταῦτα,
1129 3981 1312 4042 εἶτουν,
1339 3981 1604 4042 ὡσαύτως,
1626 3978 1784 4050 εὐφή-

181 4073 391 4135 μοῦντας
421 4067 634 4132 αὐτοὺς,
665 4070 731 4129 ὡς
766 4071 892 4142 πρὸς
929 4066 1198 4142 ἀρέσκειαν
1237 4067 1403 4119 αὐτῶν
1435 4071 1782 4142 προφητεύον-

180 4172 273 4216 τις,

245 4245 379 4302 Ἀλλ’
414 4278 488 4289 —-
511 4245 812 4302 ἀκούουσιν.
847 4254 966 4308 Τοῖς
998 4249 1320 4320 πειθομένοις
1349 4267 1459 4320 μοι.

240 4425 514 4496 Ἀγαπᾶτε
552 4456 614 4464 -
649 4427 810 4497 ὑμῶν.
842 4424 967 4478 Εἷπε
1019 4433 1172 4478 τοῦτο
1227 4431 1315 4478 καὶ
1370 4425 1417 4476 ἐν
1465 4435 1535 4496 τῷ
1569 4429 1783 4498 πέμπτῳ

1894 3263 2116 3330 derata,
2143 3259 2797 3335 quiaﬂebitis.lntentio
2824 3263 3022 3314 autem
3051 3256 3446 3329 ipsiusluctus
3471 3262 3559 3312 est

1894 3354 2088 3416 ﬂetus,
2121 3351 2438 3408 autluctus
2466 3356 2553 3407 est
2577 3350 2755 3407 tacita
2782 3347 3149 3417 lamentatio,
3200 3346 3375 3402 ﬂetus
3415 3361 3558 3402 vero

1893 3460 1964 3500 ea
1993 3460 2124 3518 quae
2149 3441 2411 3498 auditur.

1966 3533 2130 3589 Vers.
2160 3535 2251 3586 26.
2297 3531 2390 3586 Vae
2420 3561 2488 3571 —
2532 3529 2807 3588 homines.
2851 3532 2999 3586 Cum
3049 3525 3196 3584 mali
3239 3525 3366 3582 sitis
3408 3541 3423 3580 :
3458 3525 3558 3581 νω

1894 3621 2085 3686 vobis,
2114 3622 2326 3693 inquit,
2360 3636 2498 3676 cum
2537 3619 2914 3676 laudaverint
2954 3633 3079 3684 vos,
3128 3622 3414 3688 tanquam
3443 3614 3557 3671 illis

1895 3713 2193 3785 placentes
2219 3717 2274 3766 et
2304 3726 2424 3766 non
2479 3712 2621 3767 Deo.
2654 3710 2816 3766 Sicut
2861 3709 3022 3765 enim
3062 3707 3280 3764 beatus
3315 3711 3426 3773 est,
3453 3704 3559 3778 qui

1896 3803 2116 3875 injuste
2148 3799 2526 3857 contumeliis
2562 3798 2835 3866 amcitur,
2861 3799 2941 3856 ita
2969 3814 3211 3854 rursum
3244 3796 3422 3852 miser
3446 3799 3556 3860 est,

1894 3894 1995 3966 qui
2019 3892 2236 3963 injuste
2263 3890 2568 3946 laudatur.

1966 3982 2128 4036 Vers.
2157 3981 2250 4036 26.
2293 3979 2625 4036 Secundum
2654 3993 2971 4035 —eorum.
3011 3976 3354 4034 Secundum
3404 3975 3554 4041 haec,

1895 4070 2166 4127 videlicet
2194 4069 2404 4125 eodem
2432 4069 2612 4124 modo
2637 4068 2954 4123 laudantes
2985 4108 2999 4133 ,
3029 4071 3323 4140 tanquam
3351 4064 3430 4122 ad
3458 4065 3559 4122 be-

1893 4160 2263 4232 neplacitum
2301 4174 2470 4213 suum
2505 4157 2961 4230 prophetantes.

1965 4250 2140 4307 Vers.
2175 4253 2269 4305 27.
2306 4247 2762 4305 Sed—auditis.
2799 4246 2906 4312 Qui
2951 4245 3100 4301 mihi
3145 4243 3447 4302 assentitis
3502 4247 3558 4300 et

1894 4340 2244 4398 obedientes
2273 4339 2441 4395 estis.

1965 4431 2134 4486 Vers.
2169 4434 2234 4484 27
2267 4429 2505 4499 Diligite
2533 4459 2601 4468 —
2645 4430 2884 4483 vestros.
2941 4425 3094 4481 Dixit
3150 4425 3264 4480 hoc
3316 4439 3557 4496 quoque

177 4516 430 4587 κεφαλαίῳ
461 4521 556 4567 τοῦ
578 4518 711 4567 κατὰ
736 4517 1024 4580 Ματθαῖον,
1052 4518 1170 4568 ἔνθα
1200 4523 1366 4567 κεῖται
1393 4521 1471 4567 τό·
1494 4520 1784 4570 Ἠκούσατε

1916 4520 2088 4591 :apite
2118 4519 2326 4592 quinto
2360 4515 2657 4586 Evangelii
2684 4515 3016 4572 secundum
3059 4514 3418 4579 Matthieum,
3455 4513 3558 4570 ubi

177 4604 247 4655 ὃτι
276 4604 460 4680 ἐρῥέθη
493 4622 506 4635 ·
546 4604 866 4676 Ἀγαπήσεις
898 4609 984 4657 τὸν
1014 4605 1234 4664 πλησίον
1266 4625 1380 4672 σου,
1415 4612 1504 4658 καὶ
1535 4613 1783 4680 μισήσεις

176 4697 256 4744 τὸν
286 4694 484 4767 ἐχθρόν
528 4714 642 4747 σου.

244 4784 428 4847 Καλῶς
494 4791 687 4836 ποιεῖτε
746 4815 809 4824 -
887 4785 1042 4856 ὑμᾶς.

177 4891 317 4942 ρηκε.

239 4969 322 5034 Τῷ
366 4966 620 5016 τύπτοντι
675 4993 744 5006 -—
798 4963 1058 5036 κωλύσῃς.
1133 4962 1214 5016 Ἐν
1272 4962 1442 5035 ἐκείνῳ
1504 4974 1575 5036 τῷ
1634 4985 1785 5038 κεφα-

1124 4789 1224 4837 Καὶ
1295 4783 1399 4837 ἐκεῖ
1483 4793 1648 4838 ταῦτα
1720 4790 1782 4840 εἷο

174 5049 296 5123 λαίῳ
354 5054 593 5114 ζήτησον
642 5057 732 5105 καὶ
789 5057 881 5110 τήν
939 5055 1135 5104 τούτων
1205 5051 1471 5124 ἐξήγησιν,
1518 5059 1617 5129 πρὸ
1684 5065 1783 5107 τῶν

1032 5161 1044 5172 ο
1091 5134 1380 5196 Ἠκούσατε
1425 5145 1500 5195 ὅτι
1553 5144 1729 5219 ἐρρέθη
1767 5188 1779 5200 .

177 5230 473 5306 Ὀφθαλμὸν
550 5231 662 5285 ἀντὶ
734 5231 1020 5304 ὀφθαλμοῦ,
1089 5237 1176 5285 καὶ
1244 5229 1435 5286 ὀδόντα
1477 5232 1590 5286 ἀντὶ
1637 5231 1782 5288 ὀδον-

177 5339 276 5384 τος.

244 5421 290 5456 ³ο
320 5420 529 5478 Matth.
558 5436 611 5486 ν,
641 5423 732 5478 43.

177 5140 477 5214 εἰρημένων,
536 5143 656 5194 ἔνθα
697 5149 866 5194 κεῖται
922 5146 980 5194 τὸ

811 5421 855 5458 ³¹
885 5420 1028 5478 ibid.
1061 5422 1150 5477 38.

1895 4609 2153 4665 habetur
2181 4625 2196 4662 :
2222 4608 2503 4672 Audistis,
2527 4607 2677 4678 quod
2705 4607 2924 4663 dictum
2965 4606 3064 4670 sit,
3097 4604 3314 4674 Diliges
3351 4604 3554 4661 Proxi-

1896 4715 2056 4755 mum.
2089 4705 2276 4764 tuum,
2304 4703 2358 4752 et
2380 4697 2510 4753 odio
2543 4697 2778 4752 habebis
2815 4695 3117 4752 inimicum
3151 4701 3314 4750 tuum
3357 4697 3430 4752 ³ο.

1967 4789 2134 4846 Vers.
2176 4791 2269 4845 27.
2309 4787 2737 4858 Benefacite—
2763 4785 2936 4842 Vers.
2959 4789 3052 4843 28.
3083 4801 3208 4843 vos.
3233 4787 3361 4841 Haec
3375 4784 3556 4840 etiam

1895 4878 1970 4934 ibi
1997 4879 2165 4935 dixit.

1969 4969 2135 5024 Vers.
2169 4967 2261 5022 29.
2285 4965 2590 5023 Percutien
2599 4965 2644 5020 ti
2659 4996 2726 5007 —
2740 4964 3129 5034 prohibueris.
3170 4963 3233 5018 In
3256 4962 3355 5019 illo
3373 4961 3555 5034 capite

1876 5058 2077 5129 etiam
2111 5055 2328 5112 horum
2359 5071 2560 5128 quaere
2586 5054 3045 5119 enarrationem,
3080 5052 3183 5110 ubi
3227 5056 3365 5110 ante
3406 5067 3557 5123 pras-

1895 5147 2054 5203 dicta
2081 5145 2335 5203 habetur
2368 5145 2688 5210 ;Audistis,
2721 5144 2877 5218 quod
2919 5144 3120 5200 dictum
3149 5143 3260 5200 sit:
3301 5142 3551 5200 Oculum

1892 5253 2003 5305 pro
2032 5235 2215 5302 oculo,
2245 5234 2470 5290 dentem
2491 5249 2604 5304 pro
2631 5233 2806 5289 dente
2836 5234 2878 5270 ³¹
2897 5278 2909 5290 .

1381 5519 1607 5589 Variae
1636 5520 1962 5591 lectiones
1997 5531 2062 5588 et
2091 5532 2292 5591 notae.

243 5637 356 5708 (26)
396 5636 840 5708 Ἀγαλλιάσθητε.
874 5641 933 5690 Α.

247 5707 359 5778 (27)
402 5710 577 5768 Forte
616 5707 738 5764 ἀπὸ.
767 5709 1021 5766 Prorsus
1062 5707 1277 5766 abesse
1316 5709 1639 5782 poterath.

1977 5639 2092 5711 (28)
2118 5644 2178 5693 Δε
2204 5639 2342 5713 λέγει
2365 5645 2478 5696 νῦν.
2517 5646 2572 5694 Β.
