4074 6384
502 344 608 401 927

1835 335 2184 396 EUTHYMII
2237 335 2571 393 ZIGABENI

577 471 752 528 Vers.
779 474 872 527 30.
906 471 1081 527 Omni
1108 500 1176 510 —
1199 468 1407 526 tribue.
1440 469 1720 525 Similiter
1740 470 1798 524 et
1820 466 2002 537 hujus
2027 463 2165 519 data

2346 471 2509 519 Παντὶ
2535 498 2595 507 -
2625 462 2805 520 δίδου.
2830 464 3049 537 Ὁμοίως
3073 469 3163 517 καὶ
3190 467 3283 521 τὴν
3308 466 3513 517 τούτου.

509 566 596 616 est
621 560 1049 632 interpretatio.

581 648 748 702 Vers.
786 652 871 704 30.
900 648 977 702 Et
1008 647 1081 703 ab
1112 677 1177 687 —-
1210 662 1488 716 reposcas.
1529 647 1645 703 Hoc
1692 644 2007 702 manifeste
2060 656 2163 698 ex-

510 739 768 811 positum
810 743 920 793 est.

578 829 750 884 Vers.
792 832 882 883 3|.
919 829 994 883 Et
1027 827 1510 899 quemadmodum
1538 857 1600 866 -
1636 825 1979 882 ita.Rursus
2007 823 2068 877 in
2094 837 2164 878 eo

511 917 700 987 capite
726 933 925 988 quaere
960 916 1101 972 dicti
1133 916 1288 971 illius
1332 916 1895 987 interpretationem.
1959 913 2165 968 Omnia

510 1021 650 1076 ergo
692 1022 1047 1078 quaecunque
1102 1007 1298 1075 vultis,
1328 1007 1643 1076 utfaciant
1681 1005 1837 1061 vobis
1884 1003 2161 1069 homines,

512 1096 637 1151 haec
667 1102 718 1151 et
742 1112 840 1152 vos
878 1096 1059 1165 facile
1086 1097 1223 1167 ipsis
1259 1100 1328 1149 3’.

580 1185 743 1239 Vers.
776 1190 867 1242 32.
903 1186 981 1241 Et
1022 1187 1074 1241 si
1098 1186 1345 1257 diligitis
1371 1217 1437 1226 —
1464 1185 1751 1256 diligunt.
1811 1183 1896 1239 lbi
1926 1196 2166 1254 quoque

508 1273 623 1329 hoc
653 1274 943 1332 invenies.

579 1363 746 1420 Vers.
786 1369 851 1420 33
880 1365 953 1420 Et
992 1365 1045 1420 si
1069 1396 1134 1405 —
1165 1367 1417 1435 faciunt.
1455 1368 1601 1421 Nam
1633 1364 1694 1420 id
1736 1361 2044 1420 retributio
2060 1363 2165 1425 est,

510 1467 633 1509 non
664 1453 1051 1510 beneﬁcium.

587 1542 745 1597 Vers.
780 1546 865 1599 34.
896 1544 979 1599 Et
1016 1543 1067 1598 si
1117 1575 1183 1585 -—
1234 1546 1430 1612 paria.
1488 1548 1555 1600 Et
1609 1544 1724 1600 hoc
1782 1542 2169 1599 manifestum

514 1637 622 1687 est.

588 1720 860 1778 Vers.35.
904 1724 1313 1780 Verumtamen
1343 1755 1409 1765 —
1450 1724 1665 1780 multa.
1725 1721 1872 1777 Nihil
1931 1721 2005 1777 ab
2058 1718 2171 1775 illis

2349 650 2448 697 Καὶ
2473 644 2571 697 ἀπὸ
2600 677 2662 685 -
2702 643 2931 700 ἀπαίτει.
2959 651 3124 697 Τοῦτο
3152 646 3324 714 σαφές.

2350 828 2449 877 Καὶ
2497 826 2668 887 καθὼς
2700 827 2905 897 ὁμοίως.
2945 822 3027 876 Ἐν
3077 822 3250 893 ἐκείνῳ
3292 822 3444 874 πάλιν
3496 830 3567 892 τῷ
3617 822 3860 895 κεφαλαίῳ

2277 915 2507 975 ζήτησον
2534 920 2626 973 τὴν
2684 916 2955 987 ἑρμηνείαν
2986 922 3099 970 τοῦ.
3140 915 3312 965 Πάντα
3338 908 3423 964 οὖν
3468 912 3568 963 ὃσα
3596 910 3655 963 ἂν
3698 911 3862 970 θέλητε

2278 1005 2358 1055 ἱνα
2384 1014 2603 1057 ποιῶσιν
2643 1005 2762 1077 ὑμῖν
2812 1006 2860 1055 οἱ
2909 1004 3192 1077 ἄνθρωποι,
3225 1002 3360 1055 οὕτω
3398 1005 3488 1053 καὶ
3513 1002 3657 1073 ὑμεῖς
3685 1008 3863 1054 ποιεῖτε

2276 1094 2470 1155 αὐτοῖς.

2349 1188 2450 1237 Καὶ
2483 1184 2526 1236 εἰ
2566 1182 2800 1256 ἀγαπᾶτε
2832 1212 2896 1223 -
2920 1180 3218 1255 ἀγαπῶσιν,
3259 1181 3396 1234 Ἐκεῖ
3424 1184 3513 1232 καὶ
3541 1186 3693 1232 τοῦτο
3722 1178 3864 1251 εὑρή-

2279 1292 2404 1335 σεις.

2352 1367 2451 1416 Καὶ
2508 1360 2590 1415 ἐὰν
2621 1393 2689 1404 --
2740 1369 3003 1417 ποιοῦσιν.
3048 1359 3273 1432 Ἀμοιϐὴ
3323 1361 3424 1434 γὰρ
3463 1364 3635 1426 τοῦτο,
3667 1360 3753 1409 καὶ
3783 1354 3867 1408 οὐκ

2281 1452 2568 1528 εὐεργεσία.

2352 1545 2456 1598 Καὶ
2483 1542 2568 1594 ἐὰν
2598 1573 2665 1583 -
2692 1544 2804 1594 ἶσα.
2835 1546 2935 1595 Καὶ
2965 1548 3117 1593 τοῦτο
3146 1535 3432 1613 πρόδηλον.

2355 1722 2493 1781 Πλὴν
2532 1753 2600 1761 -
2622 1721 2797 1781 πολύς.
2831 1717 3010 1778 Μηδὲν
3042 1718 3129 1771 ἀπ’
3162 1718 3330 1771 αὐτῶν
3361 1716 3654 1777 ἐλπίζοντες
3682 1711 3866 1765 λαϐεῖν.

515 1819 824 1882 sperantes
856 1831 959 1867 vos
992 1819 1361 1885 accepturos.
1411 1814 1695 1885 Repetivit
1715 1820 1918 1869 autem
1952 1826 2173 1866 sermo-

2292 1811 2593 1864 Ἐπανέλαϐε
2625 1808 2685 1863 δὲ
2724 1814 2809 1862 τόν
2848 1810 3020 1881 λόγον,
3062 1806 3285 1880 βεϐαιῶν
3318 1806 3555 1879 μάλιστα
3583 1809 3675 1863 τὴν
3713 1803 3873 1854 τοιαύ-

512 1914 662 1965 nem,
693 1902 1049 1957 conﬁrmans
1082 1902 1431 1972 hujusmodi
1487 1909 1868 1974 praeceptum.

584 1993 625 2061 -ι-
658 1993 725 2046 Et
749 1992 926 2064 quale
959 1999 1226 2047 mutuum
1252 2000 1361 2057 est,
1398 2009 1433 2048 a
1454 2009 1575 2064 quo
1625 2008 1748 2049 non
1798 1993 2176 2063 exspectatur

514 2097 649 2148 spes
684 2082 1039 2152 receptionis
1068 2082 1095 2137 ?
1122 2084 1272 2151 Erga
1293 2099 1430 2137 eum
1464 2083 1724 2153 quidem,
1768 2083 1864 2153 qui
1899 2086 2176 2136 mutuum

517 2171 753 2242 accipit,
788 2171 1016 2226 donum
1046 2179 1150 2237 est,
1186 2188 1256 2227 eo
1282 2174 1444 2244 quod
1475 2188 1598 2227 non
1631 2175 1700 2227 sit
1726 2189 1859 2243 spes
1896 2170 2179 2241 receptiO'

516 2258 628 2314 nis:
663 2275 804 2330 erga
831 2261 1016 2314 Deum
1052 2274 1190 2315 vero
1218 2265 1497 2315 mutuum
1544 2265 1651 2322 est,
1711 2265 1954 2331 propter
2007 2274 2176 2329 spem

514 2348 960 2403 retributionis:
1012 2349 1123 2416 Qui
1141 2349 1463 2412 miseretur,
1493 2350 1703 2420 inquit,
1754 2349 2055 2418 pauperis,
2092 2350 2178 2417 fe-

513 2444 779 2503 neratur,
803 2438 919 2494 sive
940 2445 1205 2494 mutuum
1229 2438 1333 2495 dat
1375 2439 1490 2494 Deo
1520 2440 1588 2492 ⁸³.

588 2526 754 2583 Vers.
802 2527 888 2583 35.
940 2528 1018 2582 Et
1060 2529 1225 2584 eritis
1274 2558 1342 2568 —
1391 2530 1578 2584 malos
1618 2528 1813 2583 Bonus
1863 2534 1950 2584 est
2004 2527 2175 2583 simul

517 2630 659 2684 erga
685 2616 919 2671 Omnes.
957 2617 1118 2671 Dicto
1144 2622 1345 2673 autem
1379 2618 1565 2688 capite
1599 2620 1677 2673 ait
1705 2635 1716 2673 :
1749 2618 2177 2686 Utefﬁciamini

514 2704 631 2773 ﬁlii
654 2705 857 2760 Patris
884 2707 1088 2771 vestri,
1123 2710 1228 2778 qui
1259 2707 1321 2762 in
1342 2708 1504 2763 ccelis
1527 2715 1629 2773 est,
1650 2708 1790 2779 quia
1814 2709 1991 2764 solem
2006 2724 2173 2763 suum

517 2796 669 2851 oriri
690 2797 841 2863 facit
857 2812 1037 2864 super
1069 2798 1252 2853 malos
1282 2813 1348 2854 ac
1363 2799 1536 2853 bonos
1549 2806 1601 2855 et
1618 2799 1776 2870 pluit
1786 2814 1966 2868 super
1977 2802 2172 2869 justas

524 2900 595 2941 ac
626 2883 885 2955 injustos
912 2886 979 2939 δι.

588 3064 755 3121 νοτε.
816 3067 903 3121 36.
951 3065 1152 3123 Estote
1212 3096 1282 3107 —
1328 3072 1437 3123 est.
1501 3069 1567 3122 Et
1616 3067 1731 3124 hoc
1788 3066 2175 3124 manifestum

520 3154 625 3206 est.

589 3239 728 3294 Vers
782 3242 868 3295 37.
924 3238 1005 3295 Et
1049 3239 1236 3296 nolite
1277 3271 1346 3282 -
1385 3242 1745 3299 remittetur.
1825 3241 2047 3298 Dictum
2091 3245 2178 3297 est

520 3328 721 3393 etiam,
752 3328 952 3385 Nolite
970 3330 1242 3399 judicare
1266 3332 1334 3395 ³⁸,
1378 3331 1658 3402 praedicto
1680 3332 1886 3401 capite.

589 3417 750 3473 Vers.
782 3421 872 3477 38.
908 3425 1051 3476 Date
1080 3450 1141 3462 —
1176 3420 1349 3476 vobis.
1384 3420 1526 3477 Date
1554 3436 1624 3476 ac
1672 3425 1947 3491 praestate
1996 3435 2176 3476 omne

521 3522 708 3578 genus
740 3508 1029 3564 beneficii.
1106 3522 1109 3525 '

592 3596 757 3652 Vers.
791 3600 878 3653 38.
915 3598 1254 3654 Mensarum
1311 3630 1377 3639 —-
1433 3605 1716 3655 vestrum.
1780 3598 2177 3670 Metaphorica

522 3685 739 3741 locutio
758 3692 870 3742 est.
914 3686 1114 3743 Solent
1144 3688 1326 3757 enim,
1353 3688 1457 3759 qui
1480 3688 1733 3744 triticum
1752 3689 1906 3744 bene
1928 3688 2177 3743 metiun-

522 3779 634 3839 tur,
664 3775 1051 3845 superpositis
1103 3778 1295 3832 modio
1346 3778 1648 3842 manibus,
1701 3779 1987 3834 deorsum
2032 3778 2176 3834 illud

521 3880 809 3935 premere,
839 3872 1166 3931 concutere,
1203 3874 1262 3922 ut
1293 3867 1636 3933 descendat,
1667 3874 1721 3924 et
1750 3869 2026 3939 adjicere,
2073 3869 2177 3925 do-

522 3968 631 4008 nec
676 3954 1216 4025 supereﬁ'undatur.
1253 3958 1519 4013 Reddent
1572 3966 1770 4014 autem
1825 3958 2174 4029 hujusmodi

521 4057 856 4098 mensuram
888 4043 1181 4113 beneﬁcii,
1223 4045 1261 4101 ii
1322 4063 1486 4113 sane,
1538 4047 1637 4119 qui
1694 4047 1983 4104 beneﬁcio
2038 4046 2173 4104 affe-

522 4132 597 4187 cti
629 4137 784 4188 sunt.
802 4136 919 4188 Deo
945 4135 1103 4190 enim
1158 4152 1264 4206 pro
1295 4137 1437 4208 ipsis
1483 4138 1858 4208 rependente,
1909 4138 2054 4209 ipsis
2087 4154 2172 4194 re-

521 4222 779 4293 pendere
805 4222 1095 4279 videntur.
1128 4227 1287 4281 Hanc
1327 4242 1470 4282 vero
1498 4226 1610 4282 illis
1637 4227 1903 4295 reddent,
1960 4229 2063 4300 qui
2110 4227 2173 4282 li-

520 4311 787 4367 beraliter
812 4313 894 4367 eis
925 4320 1183 4369 mutuum
1217 4314 1523 4371 dederunt.

593 4488 756 4546 Vers.
830 4493 918 4546 38.
988 4492 1277 4550 Eamdem
1351 4494 1528 4550 vobis.
1595 4494 1816 4552 Eadem
1900 4496 2175 4553 beneﬁcii

524 4593 826 4645 mensura,
859 4595 982 4651 qua
1010 4582 1319 4649 metimini,
1350 4589 1558 4640 mutuo
1624 4585 1764 4641 illud
1820 4586 2026 4643 dantes
2057 4587 2171 4653 his,

524 4669 626 4741 qui
654 4668 940 4738 indigent.

596 4758 759 4815 Vers.
791 4762 878 4815 39.
912 4761 1149 4817 Dixit—
1180 4764 1397 4819 cadent
1425 4765 1451 4819 ?
1481 4754 1651 4819 'Dixit
1696 4764 1875 4820 etiam
1929 4766 2044 4822 hoc
2091 4766 2177 4821 vi-

526 4849 752 4905 cesimo
796 4856 1005 4907 octavo
1071 4853 1262 4923 capite
1314 4853 1619 4925 Evangelii
1650 4854 1985 4911 secundum
2042 4859 2176 4913 Mat-

526 4940 757 5008 thaeum,
787 4940 890 4996 sed
922 4940 996 4996 de
1028 4941 1354 5011 Pharisaeis,
1386 4943 1481 4999 hic
1512 4950 1703 4999 autem
1756 4944 1829 4999 de
1892 4945 2176 5002 omnibus

523 5027 668 5084 dixit
720 5029 1082 5102 simpliciter,
1132 5030 1236 5103 qui
1289 5031 1636 5088 obscuratos
1682 5033 1909 5089 habent
1957 5036 2177 5091 animae

524 5117 753 5183 oculos,
783 5124 839 5175 et
855 5135 958 5175 eos
986 5119 1201 5176 docere
1223 5126 1535 5185 conantur,
1565 5121 1669 5194 qui
1697 5122 1962 5179 similiter
1983 5122 2179 5181 aﬁecti

596 5301 643 5336 "
670 5301 868 5357 Matth.
895 5317 988 5366 vn,
1018 5303 1104 5356 4'2.
1184 5304 1231 5337 ³³
1256 5301 1425 5358 Prov.
1460 5318 1539 5373 ιι,
1567 5302 1640 5358 17.

1720 5305 1766 5339 ³⁴
1800 5304 1999 5360 Matth.
2036 5321 2091 5373 v,
2123 5306 2211 5362 45.

2284 1921 2377 1959 την
2413 1902 2635 1959 ἐντολὴν.

2364 1990 2383 2063 [
2419 1996 2518 2043 Καὶ
2549 1998 2692 2042 ποῖον
2723 1989 2837 2060 (29)
2868 1996 3019 2041 τοῦτο
3070 1984 3291 2051 δάνειον,
3430 1993 3526 2045 τῆς
3583 1979 3875 2051 ἀπολήψεως

2288 2080 2429 2141 ἐλπὶς
2482 2080 2539 2132 οὐ
2592 2083 2971 2142 συνέζευκται;
3019 2082 3152 2151 Πρὸς
3222 2079 3311 2148 μεν
3368 2079 3455 2127 τόν
3509 2070 3873 2141 δανειζόμενον,

2290 2168 2457 2244 δωρον
2508 2169 2639 2235 ἐστι,
2703 2166 2797 2221 διὰ
2850 2173 2942 2226 την
3010 2166 3338 2220 ἀνελπιστίαν
3399 2173 3489 2224 τῆς
3538 2158 3868 2229 ἀποληψεως·

2288 2264 2417 2334 πρὸς
2468 2258 2525 2313 δὲ
2585 2262 2671 2311 τὸν
2740 2263 2887 2321 Θεὸν,
2959 2254 3181 2320 δάνειον,
3242 2253 3337 2307 διὰ
3398 2259 3487 2312 τὴν
3545 2247 3731 2303 ἑλπίόα
3792 2254 3875 2305 τῆς

2289 2346 2586 2408 ἀποδόσεως
2638 2348 2739 2400 "0
2780 2347 2923 2400 ἐλεῶν
2990 2349 3112 2420 γὰρ,
3181 2349 3331 2417 φησὶ,
3388 2348 3605 2411 πένητα,
3664 2334 3877 2394 δανείζει

2289 2446 2401 2507 Θεῷ
2416 2479 2430 2493 .

2359 2530 2462 2582 Καὶ
2557 2529 2736 2579 ἔσεσθε
2813 2558 2880 2565 -
2961 2526 3237 2597 πονηρούς.
3323 2521 3556 2593 Ἀγαθός
3612 2515 3745 2568 ἐστιν
3804 2510 3879 2563 ἐπὶ

2287 2620 2479 2677 πάντας
2537 2618 2686 2686 ὁμοῦ,
2739 2614 2821 2667 Ἐν
2865 2611 2923 2667 δὲ
2971 2622 3042 2684 τῷ
3098 2612 3306 2688 ῥηθέντι
3361 2610 3619 2683 κεφαλαίῳ
3676 2607 3875 2693 φησὶνς

2282 2706 2456 2766 ’Ὀπως
2511 2707 2729 2776 γένησθε
2808 2706 2913 2756 υἱοί
2964 2711 3056 2755 τοῦ
3135 2705 3336 2774 Πατρός
3424 2702 3589 2772 ὑμῶν,
3662 2699 3750 2744 τοῦ
3836 2706 3879 2738 εν

2285 2796 2541 2870 οὐρανοῖς,
2594 2797 2673 2846 ὅτι
2727 2798 2812 2845 τὸν
2864 2793 3004 2852 ἣλιον
3036 2792 3193 2844 αὐτοῦ
3224 2789 3483 2842 ἀνατέλλει
3517 2786 3598 2839 ἐπὶ
3643 2779 3881 2870 πονηροὺς

2284 2891 2373 2937 καὶ
2436 2884 2684 2955 ἀγαθοὺς,
2751 2887 2840 2935 καὶ
2914 2880 3103 2955 βρέχει
3169 2879 3251 2932 ἐπὶ
3320 2875 3559 2937 δικαίους
3623 2875 3711 2925 καὶ
3775 2862 3882 2918 ἀδί-

2285 2994 2427 3036 κους.

2358 3067 2566 3116 Γίνεσθε
2598 3094 2661 3102 -
2694 3061 2826 3115 ἐστί.
2856 3060 2961 3114 Καὶ
2992 3067 3146 3112 τοῦτο
3176 3062 3353 3132 σαφές.

2360 3243 2464 3297 Καὶ
2489 3247 2559 3314 μὴ
2587 3273 2645 3281 -
2681 3238 3094 3298 ἀπολυθήσεσθε.
3127 3238 3351 3311 Εἴρηται
3368 3241 3456 3289 καὶ
3480 3237 3557 3288 τὸ.
3576 3231 3660 3287 Μὴ
3678 3228 3880 3300 κρίνετε.

2290 3331 2336 3384 ἐν
2364 3340 2434 3403 τῷ
2461 3334 2814 3405 προειρημένῳ
2846 3328 3124 3399 κεφαλαίῳ.
3855 3403 3861 3413 ο

2360 3418 2542 3475 Δίδοτε
2574 3452 2640 3460 -
2671 3422 2813 3493 ὑμῖν.
2861 3415 3045 3471 Δίδοτε
3079 3416 3371 3490 εὐεργεσίαν
3400 3416 3543 3467 κατὰ
3571 3410 3740 3463 πάντα
3784 3410 3889 3474 τρο-

2288 3532 2380 3565 πον
2389 3553 2400 3566 .

2360 3605 2551 3673 Μέτρον
2614 3629 2684 3640 -
2749 3600 2911 3669 ὑμῶν.
2972 3598 3331 3668 Μεταφορικός
3396 3594 3544 3646 ἐστιν
3611 3590 3635 3640 ό
3694 3585 3839 3683 λόγος
3875 3614 3885 3625 ·

2292 3692 2522 3743 eaeeae;
2566 3691 2665 3761 γὰρ
2709 3690 2757 3739 οἱ
2805 3685 2969 3745 καλῶς
3021 3694 3325 3759 μετροῦντες
3373 3687 3465 3735 τὸν
3522 3688 3683 3742 σῖτον,
3732 3686 3889 3724 επιτι-

2290 3784 2449 3841 θέντες
2494 3788 2564 3849 τῷ
2610 3774 2778 3850 μοδίῳ
2836 3778 2927 3836 τὰς
2980 3783 3179 3849 χεῖρας,
3240 3777 3435 3836 πιέζειν
3494 3770 3647 3823 αὑτὸν
3700 3763 3782 3814 ἐπὶ
3835 3773 3887 3850 τέ

2286 3874 2446 3933 κάτω,
2503 3874 2592 3921 καὶ
2644 3867 2969 3926 λακτίζοντες
3024 3864 3275 3930 σαλεύειν,
3329 3866 3411 3914 ἱνα
3491 3860 3757 3932 συμπέσῃ,
3806 3863 3890 3897 καί

2287 3932 2591 4022 ἐπιϐάλλειν,
2653 3959 2816 4030 οἷχρις
2891 3954 2951 4006 ἂν
3033 3955 3143 4025 (30)
3207 3954 3569 4025 ὑπερεκχυθῇ·
3648 3932 3887 3996 Ἀποδὼ-

2289 4069 2444 4102 σουσι
2478 4045 2535 4100 δε
2590 4050 2647 4099 τό
2701 4054 2934 4098 τοιοῦτον
2983 4049 3167 4117 μέτρον
3230 4051 3323 4103 τῆς
3364 4042 3683 4115 εὐεργεσίας,
3721 4032 3885 4121 ’ξίνλεςῖ

2287 4140 2351 4189 Οἱ
2407 4137 2817 4210 εὐεργετηθέντες
2861 4136 3091 4195 πάντως.
3150 4140 3253 4185 Τοῦ
3308 4138 3441 4184 Θεοῦ
3470 4133 3571 4203 γὰρ
3616 4111 3888 4213 ἀποδιδρ-

2284 4247 2366 4287 τος
2392 4228 2519 4299 ὑπὲρ
2570 4226 2756 4287 αὐτῶν,
2789 4224 2936 4277 αὐτοὶ
2966 4219 3214 4276 δοκοῦσιν
3270 4217 3611 4273 ἀποδιδόναι.
3663 4198 3889 4265 Ἀποδω·

2289 4336 2445 4367 σονσι
2501 4312 2559 4367 δὲ
2616 4325 2788 4379 τούτο,
2863 4320 2968 4373 τοῖς
3040 4313 3172 4364 οὕτω
3253 4311 3535 4383 φιλοτίμως
3592 4301 3887 4357 δανείσασιν

2290 4406 2487 4467 αὐτοῖς,
3792 4468 3803 4483 ,

2357 4502 2440 4564 Τῷ
2470 4496 2570 4569 γὰρ
2604 4494 2742 4563 αὐτῷ
2796 4524 2860 4533 -
2904 4493 3052 4564 ὑμῖν.
3114 4497 3196 4561 Τῷ
3227 4490 3366 4560 αὐτῷ
3424 4493 3597 4562 μέτρῳ
3636 4486 3725 4537 τῆς
3756 4484 3887 4579 εἴφ’

2286 4589 2490 4655 γεσίας,
2509 4583 2619 4657 μεθ’
2644 4584 2702 4635 οὗ
2733 4588 2962 4656 μετρεῖτε
2989 4578 3311 4643 δανείζοντες
3338 4579 3501 4637 αὐτην
3530 4580 3641 4632 τοῖς
3662 4560 3887 4640 χρῇζον·

2290 4694 2392 4730 σιν,

2359 4763 2485 4818 Eine
2549 4795 2612 4803 —
2667 4757 3144 4828 πεσοῦνται;Εἷπε
3207 4767 3357 4811 τοῦτο
3397 4763 3485 4811 καὶ
3530 4754 3578 4806 ἐν
3627 4755 3699 4816 τῷ

2288 4864 2394 4924 στῲ
2475 4849 2647 4924 ργδόῳ
2700 4854 2958 4923 κεφαλαίῳ
3020 4858 3111 4902 τοῦ
3192 4851 3327 4900 κατά
3400 4846 3693 4902 Ματθαῖον,
3770 4834 3889 4877 an.“

2287 4950 2402 5018 περὶ
2451 4954 2549 4996 τὼν
2596 4946 2894 5014 Φαρισαίων
2930 4940 3195 4993 ’ἐνταῦθα
3225 4936 3283 4992 δε
3331 4940 3464 5010 λέγει
3525 4934 3643 5005 περὶ
3693 4930 3887 5017 πανττῗν

2288 5035 2461 5096 ἁπλῶς
2522 5042 2620 5085 τῶν
2684 5030 3065 5103 ἐσκοτισμένων
3121 5034 3209 5103 μὲν
3276 5033 3390 5090 τοὺς
3448 5017 3744 5100 ὀφθαλμοὺς
3800 5016 3890 5107 τςης

2285 5123 2476 5197 ψυχῆς
2524 5161 2536 5174 ·
2597 5120 2998 5195 ἐπιχειρούντων
3076 5117 3133 5173 δε
3203 5114 3479 5170 διδάσκειν
3534 5113 3653 5168 τοὺς
3706 5103 3887 5170 ὁμοίως

2328 5304 2373 5342 ³⁸
2417 5303 2616 5361 Matth.
2648 5317 2749 5370 vu,
2788 5306 2833 5359 t.

1754 5482 1980 5552 Variae
2014 5484 2347 5553 lectiones
2379 5492 2445 5552 et
2478 5491 2677 5550 notae.

600 5675 723 5803 ξθέ
744 5674 879 5731 Haec
923 5680 1172 5746 uterque
1219 5675 1279 5731 in
1334 5677 1627 5744 margine.
1690 5678 2008 5736 Hentenius
2053 5681 2176 5738 haec

600 5794 602 5803 ,
650 5762 681 5802 e
730 5752 790 5802 at
818 5747 994 5803 paulo
1022 5752 1175 5803 ante.
1212 5754 1344 5803 nost
1361 5746 1641 5803 πρόδηλον.

526 5746 790 5804 habebat
818 5747 994 5819 paulo
1022 5752 1175 5812 ante,
1212 5754 1344 5819 post
1361 5746 1641 5822 πρόδηλον.

2360 5678 2473 5753 (30)
2503 5676 2914 5753 ’Υπερεκχυνθῆ.
2946 5682 3012 5733 Α.
