4074 6378
217 356 309 418 9ἓ9

1428 340 1799 410 COMMENT.
1844 344 1913 405 IN
1956 340 2220 406 LUCAM.
2271 383 2337 390 —
2377 351 2532 405 CAP.
2576 349 2665 405 VI.

3464 350 3570 407 930

219 486 375 545 αὐτοῖς
424 484 662 555 ἔχοντας.
729 484 843 557 Χρὴ
909 482 1010 555 γὰρ
1068 489 1268 554 πρῶτον
1329 479 1637 551 ἀναϐλέψαι,
1693 475 1803 530 εἶτα

1946 490 2050 531 unt
2082 493 2094 531 :
2131 477 2387 547 primum
2424 478 2582 532 enim
2605 475 2801 532 videre
2823 491 2977 548 opus
3008 479 3114 541 est,
3149 475 3364 531 deinde
3391 477 3571 532 duca-

218 572 433 645 ὁδηγεῖν.

284 663 386 715 Οὐκ
446 659 557 713 ἐστι
609 690 679 700 —
733 659 913 714 αὐτοῦ.
970 665 1069 712 Καὶ
1111 667 1265 711 τοῦτο
1306 659 1458 711 πάλιν
1514 657 1559 708 ἐν
1612 665 1683 727 τῷ
1732 655 1802 707 ἐν-

216 747 584 820 νεακαιδεκάτῳ
657 749 916 821 κεφαλαίῳ
972 756 1063 801 τοῦ
1135 751 1269 801 κατὰ
1343 749 1610 801 Ματθαῑον
1688 749 1804 817 περὶ

217 842 387 893 ἑαυτοῦ
453 843 673 911 εἰρηκεν,
755 838 973 891 ἐνταῦθα
1041 835 1118 905 δὲ,
1195 843 1310 911 περὶ
1375 846 1471 888 τῶν
1557 838 1803 907 μαθητῶν

216 935 355 982 τοῦτο
386 949 563 1000 φησιν,
602 928 690 990 οὓς
735 924 1097 990 διδασκάλους
1154 926 1414 992 ἐποίησεν,
1476 929 1556 977 ἱνα
1616 921 1806 997 μηδεὶς

214 1020 368 1071 αὐτῶν
428 1020 756 1090 κατεπαρθῇ,
831 1014 999 1070 δοκῶν
1077 1016 1365 1089 ὑπερϐῆναι
1456 1020 1550 1072 τήν
1623 1013 1804 1087 ἀρετὴν

216 1109 390 1160 αὐτῶν.

281 1200 693 1271 Κατηρτισμένος
760 1226 826 1236 -
885 1194 1063 1249 αὑτοῦ.
1121 1193 1258 1253 Εἶπε
1313 1198 1415 1268 γὰρ
1478 1199 1566 1246 καὶ
1621 1196 1667 1246 ἐν
1734 1201 1806 1263 τῷ

579 1282 1013 1357 ἐννεακαιδεκάτῳ
1110 1288 1405 1357 κεφαλαίῳ·
1500 1286 1579 1336 ὅτι
1658 1283 1810 1357 ἀρκε-

215 1283 487 1344 δηλωθέντι
579 1283 1013 1357 ἐννεακαιδεκάτῳ
1110 1288 1405 1357 κεφαλαίῳ·

212 1380 290 1429 τόν
338 1385 408 1448 τῷ
482 1378 716 1448 μαθητῇ,
776 1376 858 1427 ἵνα
940 1379 1174 1447 γένηται,
1258 1378 1325 1435 ὠς
1384 1376 1408 1426 6
1487 1371 1809 1433 διδασκαλος

214 1466 387 1522 αὐτοῦ.

275 1560 335 1607 Τί
362 1550 422 1607 δὲ
456 1586 517 1595 -
552 1552 775 1627 ἀδελφοῦ
822 1574 937 1609 σου.
974 1558 1191 1629 Εἴρηται
1225 1560 1387 1605 ταῦτα
1429 1555 1599 1606 πάντα
1640 1558 1730 1606 καὶ
1760 1556 1808 1605 ἐν

212 1653 276 1714 τῷ
304 1648 520 1716 πέμπτῳ
548 1645 811 1717 κεφαλαίῳ
842 1653 929 1696 τοὺ
963 1646 1099 1696 κατὰ
1136 1645 1425 1708 Ματθαῖον,
1458 1647 1548 1695 καὶ
1579 1643 1809 1704 ζήτησον

214 1732 307 1787 ἐκεῖ
333 1739 425 1792 τήν
456 1736 650 1787 τούτων
690 1733 963 1807 ἐξήγησιν.

278 1913 348 1966 Οὐ
377 1916 480 1987 γάρ
533 1913 648 1966 ἐστι
701 1945 766 1955 —
823 1918 1156 1985 γινώσκεται.
1216 1913 1433 1985 Ὁμοίως
1486 1916 1574 1964 καὶ
1624 1918 1808 1963 ταῦτα,

216 2002 345 2061 Πλὴν
398 2002 505 2055 ἐκεῖ
530 2006 619 2076 μεν
649 2008 768 2077 περὶ
798 2011 897 2054 τῶν
922 2003 1123 2055 πλάνων
1150 2020 1161 2031 ·
1219 2000 1440 2070 ἐνταῦθα
1488 1998 1546 2053 δὲ
1595 2005 1712 2073 περί
1760 2019 1813 2052 τε

210 2100 301 2144 τῶν
334 2094 731 2167 κεκαθαρμένων
770 2097 855 2143 καὶ
901 2094 1249 2165 καθαιρόντων
1300 2091 1517 2163 ἐτέρους,
1560 2096 1650 2143 καὶ
1697 2095 1814 2162 περὶ

212 2190 303 2232 τῶν
360 2181 672 2253 ἁκαθάρτών
735 2186 824 2233 καὶ
886 2183 1152 2254 καθαίρειν
1215 2180 1398 2240 ἄλλους
1467 2183 1810 2253 πειρωμένων.

214 2271 575 2343 Παραϐολικώς
647 2268 705 2323 δὲ
795 2274 1013 2331 τούτους
1102 2276 1190 2342 μὲν
1283 2270 1518 2341 ὠνομασε
1585 2265 1811 2340 δένδρα’

215 2366 450 2434 καρποὺς
476 2358 555 2425 δὲ,
586 2363 680 2421 τὰς
708 2360 914 2432 πράξεις
942 2360 1128 2423 αὐτῶν,
1163 2364 1252 2411 καὶ
1279 2366 1519 2431 παραινεί
1538 2364 1815 2432 προσέχειν

214 2458 313 2510 ταῖς
368 2450 596 2525 πράξεσι
655 2452 867 2513 τούτων,
921 2452 975 2499 αῖ
1026 2449 1128 2500 εἰσι
1171 2453 1389 2522 καρπὸς,
1448 2453 1536 2500 καὶ
1585 2452 1656 2519 μὴ
1712 2455 1819 2509 τοῖς

211 2540 391 2609 λόγοις,
428 2541 480 2591 οἱ
513 2545 615 2591 εισι
646 2538 826 2611 φύλλα.

277 2629 347 2681 Οὐ
376 2631 489 2702 γὰρ
539 2659 608 2668 -
654 2627 936 2699 σταφυλήν.
999 2626 1075 2679 Οὐ
1119 2626 1475 2698 συλλέγουσιν,
1519 2623 1641 2678 οὐδὲ
1690 2645 1819 2693 τρυ-

211 2727 337 2789 γῶσι
380 2726 612 2770 τοιαυτα
668 2720 721 2769 ἐκ
787 2736 1034 2769 τοιουτων
1083 2718 1131 2768 οἱ
1192 2718 1489 2790 ἄνθρωποι·
1552 2716 1704 2767 πάλιν
1760 2712 1819 2766 δὲ

215 2805 716 2880 παραδειγματικῶς
766 2805 983 2878 βεϐαιοῖ
1047 2810 1133 2857 τὸν
1214 2805 1384 2876 λόγον.
1455 2804 1657 2876 ’Ὠσπερ
1716 2808 1815 2878 γὰρ

209 2906 347 2949 τοῦτο
395 2900 552 2969 παρα
610 2899 763 2968 φύσιν
825 2900 915 2948 καὶ
964 2891 1294 2948 ἀνένδεκτόν·
1352 2896 1511 2954 οὕτως
1568 2896 1673 2968 ἄρα
1727 2897 1817 2945 κα-

212 2994 352 3041 κεῖνο.

272 3074 327 3128 Ὀ
375 3075 581 3146 ἀ-γαθὸς
655 3106 720 3114 -—-
778 3076 961 3128 αὐτοῦ.
1032 3077 1157 3147 Περὶ
1222 3081 1321 3124 τῶν
1376 3072 1717 3143 εὐλογοῦντων
1788 3075 1813 3129 ὅ

214 3164 632 3235 κακολ.ολ,λοὺντ(ι›ν
673 3163 785 3236 (31)
818 3168 939 3225 τοὺς
971 3159 1243 3234 ἀδελφοὺς,
1288 3161 1422 3233 λέγει
1450 3170 1536 3221 νῦν
1559 3179 1569 3190 ·
1606 3158 1714 3212 εἶπε
1761 3157 1819 3213 δὲ

218 3262 372 3307 ταῦτα
405 3259 503 3306 καὶ
534 3253 584 3305 ἐν
612 3262 683 3324 τῷ
726 3253 945 3323 εἰκοστῷ
980 3249 1200 3326 δευτέρῳ
1250 3251 1508 3323 κεφαλαίῳ
1549 3258 1640 3303 τοῦ
1688 3253 1819 3303 κατὰ

218 3346 503 3409 Ματθαίον,
529 3348 619 3394 καὶ
653 3346 882 3405 ζήτησον
912 3346 1030 3414 περὶ
1057 3343 1249 3393 τούτων
1272 3340 1395 3394 ἐκεῖ.

281 3437 341 3485 Τί
366 3430 427 3486 δὲ
451 3463 521 3473 -
559 3432 721 3503 λέγω;
758 3437 900 3489 Ζήτη
912 3450 999 3482 σον
1027 3429 1073 3481 ἐν
1100 3438 1171 3500 τῷ
1198 3434 1415 3501 πέμπτῳ
1445 3430 1699 3502 κεφαλαίῳ
1730 3438 1818 3482 τοῦ

216 3525 341 3574 κατά
374 3523 649 3576 Ματθαὶον
680 3526 773 3579 τήν
804 3521 1049 3592 ἐξήγησιν
1072 3527 1165 3572 τοῦ
1190 3537 1203 3549 ⁸
1239 3520 1313 3571 Οὐ
1352 3526 1450 3579 πᾶς
1476 3521 1500 3571 ὁ
1531 3519 1685 3591 λέγων
1707 3539 1816 3591 μοι,

221 3614 384 3685 Κύριε,
448 3614 628 3684 Κύριε,
684 3610 1029 3663 εἰσελεύσεται
1102 3610 1167 3669 εἰς
1233 3614 1326 3666 τήν
1392 3607 1664 3681 βασιλείαν
1720 3620 1820 3661 τών

218 3701 433 3773 οὐρανῶν
461 3718 473 3730 ⁶
512 3698 618 3752 ἀλλ’
651 3701 676 3751 6
728 3708 886 3752 ποιῶν
917 3703 974 3752 τὸ
1009 3699 1206 3771 Θὲλημα
1237 3706 1327 3750 του
1364 3703 1563 3773 Πατρός
1592 3719 1692 3770 μου
1732 3705 1820 3750 τοῦ

219 3787 261 3839 ἓν
285 3791 545 3865 οὐρανοῖς.

284 3886 388 3942 Πᾶς
450 3881 476 3931 6
536 3911 604 3919 —
670 3883 878 3951 πέτραν.
946 3885 1124 3930 Ταῦτα
1178 3879 1348 3951 εἰρηκε
1410 3883 1498 3929 καὶ
1574 3881 1703 3951 πρὸς
1752 3887 1821 3949 τῷ

217 3967 339 4021 τῇει
385 3976 482 4022 τοῦ
542 3973 779 4041 πέμπτου
827 3966 1103 4039 κεφαλαίου
1173 3975 1264 4019 τοῦ
1329 3971 1465 4019 κατά
1530 3970 1817 4032 ΒΙατθαίον,

1718 4064 1823 4117 Ιιᾱις

217 4142 320 4215 οὖν,
373 4151 527 4210 ὅστις
587 4146 761 4199 ἀκούει
818 4166 917 4217 μου
991 4150 1111 4207 τοὺς
1182 4145 1367 4216 λόγους
1437 4149 1670 4208 τούτους,
1732 4152 1823 4199 καὶ

216 4064 296 4109 καὶ
348 4059 614 4129 ἀνάγνωθι
685 4056 731 4109 ἐν
812 4057 951 4126 αὐτῴ
1015 4062 1107 4114 τήν
1175 4056 1441 4130 ἑρμηνείαν
1510 4065 1634 4108 τοῦ·

216 4244 347 4288 ποιεῖ
399 4237 616 4297 αὐτούς.
683 4234 819 4290 Ἀλλ’
869 4233 970 4286 ἐκεῖ
1040 4239 1130 4307 μεν
1203 4233 1455 4306 ἐπιτόμως
1516 4236 1629 4307 (32)
1689 4239 1824 4308 εἴρη-

215 4340 331 4376 ται·
411 4328 494 4378 ὅτι
572 4322 755 4385 ’Ὅστις

215 4412 294 4466 ἐπὶ
350 4419 446 4474 τὴν
498 4418 725 4487 πέτραν”
773 4412 995 4465 ἐνταῦθα
1043 4410 1101 4466 δὲ
1162 4412 1515 4484 πλατύτερον·
1574 4414 1653 4465 ὃτι
1708 4414 1819 4483 (33)

838 4320 1152 4395 ὠκοδόμησε
1238 4329 1330 4382 τήν
1411 4324 1578 4375 οἰκίαν
1663 4324 1822 4375 αὐτοῦ

212 4508 301 4565 ’ος
378 4502 581 4574 ἓσκαψε
660 4508 748 4555 καὶ
833 4501 1090 4565 ἐϐάθυνεν,
1180 4500 1213 4552 ἃ
1298 4510 1652 4573 προηγοῦνται
1731 4509 1822 4553 τοῦ

1914 570 2040 621 tum
2070 565 2199 621 aliis
2232 570 2531 637 prrestare.

1981 652 2145 710 Vers.
2180 654 2268 709 40.
2314 655 2451 710 Νοη
2478 686 2545 694 -
2575 661 2655 709 est
2683 669 2875 709 suum.
2928 655 2991 709 Et
3032 652 3146 708 hoc
3196 669 3438 709 rursum
3469 653 3571 709 de-

1913 741 2071 798 cimo
2114 758 2275 798 nono
2297 743 2469 814 juxta
2501 742 2837 798 Matthaaum
2871 742 3063 813 capite
3113 742 3187 797 de
3224 758 3286 797 se
3317 742 3448 814 ipso
3479 742 3574 797 di-

1912 831 1995 885 xit
2024 846 2035 886 :
2060 831 2155 886 hic
2185 838 2381 887 autem
2424 831 2496 886 de
2540 831 2843 903 discipulis
2874 831 2985 886 hoc
3016 832 3114 896 ait,
3148 847 3302 903 quos
3351 846 3575 902 praece-

1913 926 2114 993 ptores
2154 921 2473 986 constituit,
2501 926 2563 977 ut
2593 922 2791 976 nullus
2818 937 2999 993 super
3022 937 3125 978 eos
3147 921 3447 991 efferatur,
3470 937 3574 994 pu-

1916 1016 2047 1066 tans
2072 1009 2422 1082 supergredi
2449 1011 2726 1067 virtutem
2752 1011 3010 1066 illorum.

1990 1188 2153 1244 Vers.
2187 1188 2275 1245 40.
2309 1188 2609 1259 Perfectus
2643 1218 2705 1228 —-
2738 1204 2874 1244 suus
2918 1187 3072 1243 Dixit
3102 1188 3261 1243 enim
3291 1186 3577 1260 praedicto

1916 1292 2161 1351 quoque
2191 1277 2428 1332 decimo
2474 1293 2635 1333 nono
2666 1278 2879 1348 capite.
2912 1277 3134 1333 Sufﬁcit
3170 1277 3485 1349 discipulo,
3520 1282 3581 1332 ut

1916 1366 2021 1423 ﬁat
2049 1367 2203 1422 sicut
2224 1366 2512 1436 magister
2542 1382 2685 1421 suus
2718 1366 2787 1421 ⁸⁸.

1990 1544 2155 1602 Vers.
2188 1549 2275 1600 41.
2313 1545 2467 1612 Quid
2510 1550 2703 1601 autem
2730 1576 2799 1586 —
2832 1544 2991 1600 Vers.
3053 1548 3141 1601 42.
3197 1545 3418 1616 fratris
3471 1547 3581 1601 tui.

1918 1635 2084 1691 Dicta
2115 1639 2253 1690 sunt
2280 1635 2485 1691 omnia
2518 1636 2729 1707 quinto
2751 1634 2923 1706 juxta
2968 1634 3308 1691 Matthteum
3344 1636 3536 1707 capite
3567 1650 3580 1692 :

1920 1724 2001 1780 ibi
2022 1740 2164 1794 ergo
2194 1740 2397 1796 quaere
2428 1724 2935 1796 explanationem.

1996 1814 2155 1869 Vers.
2189 1814 2276 1869 43.
2304 1814 2436 1869 Νοη
2477 1820 2559 1870 est
2590 1813 2742 1869 enim
2771 1845 2840 1853 -—
2870 1814 3035 1870 Vers.
3069 1816 3158 1869 44.
3192 1817 3579 1885 cognoscitur.

1923 1903 2204 1959 Similiter
2248 1909 2305 1959 et
2353 1904 2501 1959 haec.
2548 1908 2821 1958 Attamen
2876 1903 2955 1957 ibi
2998 1903 3072 1958 de
3120 1903 3578 1960 seductoribus:

1921 1993 2018 2049 hic
2044 1998 2244 2049 autem
2268 1993 2341 2047 de
2370 1993 2463 2048 his
2491 1994 2594 2065 qui
2613 1993 2850 2064 purgati
2879 1996 3019 2047 sunt
3039 1993 3257 2047 etalios
3289 2000 3580 2065 purgant:

1924 2086 1981 2138 et
2037 2083 2111 2137 de
2156 2083 2248 2138 bis
2298 2083 2399 2155 qui
2452 2098 2590 2138 cum
2646 2083 2942 2137 immundi
2992 2083 3131 2150 sint,
3177 2083 3324 2138 alios
3381 2089 3583 2139 tamen

1928 2173 2218 2227 mundare
2254 2178 2500 2227 tentant.
2540 2172 2661 2227 Hos
2711 2177 2911 2226 autem
2967 2188 3073 2243 per
3133 2172 3583 2228 similitudinem

1925 2261 2247 2334 appellavit
2285 2262 2527 2316 arbores
2560 2278 2569 2314 :
2608 2261 2834 2316 fructus
2867 2278 3001 2316 vero
3044 2263 3423 2333 operationes
3465 2262 3589 2317 illo-

1925 2368 2081 2407 rum.
2110 2354 2174 2406 Et
2196 2351 2501 2416 admonet,
2539 2356 2598 2405 ut
2636 2351 2710 2405 ad
2746 2351 2963 2405 horum
3003 2353 3375 2421 Operationes
3403 2357 3588 2407 atten-

1928 2441 2169 2505 damus,
2199 2458 2334 2513 quae
2376 2446 2513 2496 sunt
2562 2440 2808 2503 fructus,
2841 2447 2895 2496 et
2939 2456 3055 2496 non
3087 2442 3162 2496 ad
3196 2442 3397 2508 verba,
3450 2457 3588 2513 quae

1929 2536 2066 2587 sunt
2104 2531 2268 2587 folia.

2001 2621 2163 2676 Vers.
2219 2624 2306 2677 44.
2362 2622 2493 2677 Non
2545 2621 2698 2677 enim
2747 2651 2814 2662 —
2852 2635 3050 2678 uvam.
3106 2620 3233 2676 Non
3282 2621 3589 2691 colligunt,

1928 2726 2123 2782 neque
2175 2710 2549 2765 vindemiant
2598 2709 2792 2766 taliae
2824 2710 3043 2766 talibus
3097 2710 3391 2766 homines.
3445 2713 3591 2765 Rur-

1929 2816 2061 2854 sum
2104 2804 2304 2855 autem
2357 2799 2633 2870 exemplo
2677 2800 2996 2855 confirmat
3029 2816 3383 2855 sermonem.
3434 2800 3593 2858 Sicut

1929 2889 2086 2943 enim
2117 2888 2230 2943 hoc
2269 2894 2481 2958 praeter
2513 2892 2788 2944 naturam
2839 2893 2927 2943 est
2958 2895 3014 2944 et
3058 2888 3453 2961 impossibile,
3511 2890 3594 2947 ita

1930 2993 2077 3033 sane
2103 2983 2160 3032 et
2184 2977 2353 3041 illud,

1998 3067 2161 3123 Vers.
2195 3068 2284 3121 45.
2331 3068 2771 3137 Bonus—ejus
2805 3068 2881 3121 De
2912 3066 3026 3131 his,
3071 3066 3173 3138 qui
3225 3066 3594 3124 benedicunt

1931 3156 2409 3213 autmaledicunt
2431 3155 2723 3220 fratribus,
2744 3154 3201 3227 ntncloquitur.
3220 3157 3370 3211 Dixit
3391 3163 3592 3213 autem

1860 3208 2055 3301 Chaac
2111 3245 2293 3301 etiam
2370 3245 2649 3301 vicesimo
2705 3244 2972 3300 secundo
3027 3246 3218 3317 capite
3289 3246 3592 3316 Evangelii

1921 3337 2094 3405 juxta
2134 3334 2476 3390 Matthaeum
2506 3350 2519 3400 ;
2549 3339 2605 3389 et
2624 3333 2703 3389 ibi
2735 3349 2944 3406 quaere.
2967 3333 3042 3389 de
3066 3333 3180 3391 his.

2000 3423 2167 3479 Vers.
2228 3424 2316 3479 46.
2375 3422 2529 3490 Quid
2581 3430 2776 3479 autem
2809 3454 2874 3462 —
2909 3422 3040 3478 dico
3066 3422 3096 3475 ‘?
3126 3424 3333 3488 Quaere
3382 3423 3593 3495 quinto

1925 3513 2096 3584 juxta
2122 3513 2462 3570 Mattbaeum
2503 3512 2694 3583 capite
2742 3511 2880 3567 dicti
2923 3511 3080 3567 illius
3109 3512 3587 3569 enarrationem:

1928 3604 2062 3659 Non
2094 3603 2283 3658 omnis
2305 3604 2409 3673 qui
2436 3602 2576 3657 dicit
2608 3602 2772 3669 mihi,
2806 3602 3075 3664 Domine,
3104 3603 3361 3668 Domine,
3401 3602 3592 3659 intra-

1932 3694 2012 3748 bit
2040 3694 2099 3747 in
2133 3707 2374 3763 regnum
2405 3694 2702 3756 caelorum,
2746 3691 2848 3747 sed
2890 3692 2996 3762 qui
3034 3691 3185 3761 facit
3227 3693 3593 3749 voluntatem

1930 3783 2135 3840 Patris
2165 3782 2296 3847 mei,
2329 3782 2432 3854 qui
2462 3783 2527 3837 in
2559 3783 2714 3837 cretis
2745 3784 2822 3835 est
2855 3782 2922 3834 ³⁷.

2002 3873 2164 3927 Vers.
2193 3873 2280 3927 47.
2308 3871 2504 3926 Omnis
2529 3901 2593 3911 ——
2617 3870 2780 3926 Vers.
2824 3871 2910 3924 48.
2947 3875 3197 3938 petram.
3247 3873 3377 3927 Haec
3422 3870 3591 3926 etiam

1930 3960 2251 4017 dixitcirca
2275 3961 2459 4015 ﬁnem
2482 3959 2674 4032 quinti
2696 3958 2908 4030 capitis
2937 3959 3236 4029 Evangelii
3258 3960 3595 4016 secundum

1932 4050 2267 4106 Mattheeum
2295 4066 2308 4115 ;
2341 4056 2395 4105 et
2421 4051 2481 4104 in
2527 4066 2596 4104 eo
2627 4049 2755 4119 lege
2799 4048 3349 4119 interpretationem
3388 4049 3501 4105 loci
3532 4049 3597 4105 il-

1931 4139 2081 4195 lius:
2109 4140 2311 4194 Omnis
2341 4154 2499 4207 ergo,
2537 4139 2639 4209 qui
2662 4137 2823 4192 audit
2850 4137 2946 4191 hos
2989 4152 3278 4193 sermones
3310 4154 3485 4206 meos,
3543 4146 3595 4194 et

1927 4228 2074 4298 facit
2094 4245 2216 4296 eos,
2245 4227 2589 4284 assz’mitabo
2625 4242 2749 4281 eum
2794 4226 2920 4281 viro
2949 4226 3223 4296 prudenti
3249 4227 3316 4280 ³⁸.
3365 4227 3477 4282 Sed
3512 4227 3596 4282 ibi

1930 4318 2175 4389 quidem
2207 4316 2634 4389 compendiose
2687 4315 2912 4370 dictum
2956 4320 3043 4370 est
3087 4332 3099 4370 :
3135 4315 3248 4382 Qui
3277 4315 3595 4383 aediﬁcavit

1932 4408 2162 4463 domum
2189 4423 2349 4462 suam
2374 4422 2554 4475 super
2581 4410 2815 4474 petram
2850 4420 2861 4458 :
2888 4403 2981 4459 hic
3004 4408 3207 4477 autem
3234 4404 3413 4460 latius
3439 4422 3450 4461 :
3480 4407 3592 4471 Qui

1936 4498 2077 4553 fodit
2100 4498 2394 4563 inattum,
2420 4495 2585 4568 quod
2620 4493 3069 4565 adjaciendum
3103 4494 3595 4560 fundamentum,

216 4593 608 4666 93516113.).11'09
679 4592 1012 4665 Εἰλήφθησαν
1090 4588 1149 4644 δὲ
1223 4600 1391 4643 ταῦτα
1465 4594 1590 4665 πρὸς
1659 4595 1815 4663 μόνην

1940 4586 2279 4658 ρτωοοάθηε
2311 4590 2397 4641 est
2424 4602 2437 4651 ;
2467 4590 2524 4640 et
2555 4585 2633 4641 ad
2669 4583 2861 4640 solam
2894 4588 3209 4654 acceptum
3241 4587 3329 4639 est
3354 4586 3601 4657 empha-

215 4683 432 4754 ἔμφασιν
497 4681 739 4757 ἀκριϐοῦς
793 4680 1193 4753 Θεμελιώματος.
1263 4680 1558 4754 Πλημμύρα
1617 4677 1676 4733 δὲ
1730 4688 1823 4732 τοῦ

216 4780 473 4846 ποταμοῦ,
527 4775 583 4825 τὸ
650 4770 848 4834 πλῆθος
905 4775 994 4824 καὶ
1042 4773 1071 4829 ἡ
1134 4767 1430 4845 σφοδρότης
1493 4780 1593 4823 τῶν
1640 4790 1821 4845 πειρα-

218 4869 355 4932 σμῶν
365 4900 378 4913 .

280 4947 339 5001 Ὀ
395 4947 458 5002 δὲ
515 4980 580 4991 -
629 4953 786 5023 μέγα.
848 4953 947 5003 Καὶ
1007 4956 1177 5001 ταῦτα
1233 4947 1336 5001 ἐκεῖ
1403 4945 1816 5022 διασεσάφηται.

212 5035 414 5112 Ῥῆγμα
445 5035 523 5105 δὲ,
556 5040 587 5099 ἡ
621 5036 915 5116 διάῤῥηξις,
947 5041 977 5098 ii
1009 5034 1270 5099 διάλυσις.

288 5308 334 5344 ³⁸
364 5305 575 5365 Matth.
597 5323 652 5377 x,
683 5308 772 5365 '25.
838 5305 882 5346 "'
910 5305 1109 5366 Matth.
1148 5321 1247 5377 vn,
1267 5306 1360 5365 21.
1424 5307 1473 5345 ⁸⁸
1502 5305 1651 5364 ibid.
1684 5308 1775 5363 24.

1937 4679 2030 4733 sin
2077 4676 2393 4747 diligenter
2423 4676 2887 4731 fundamentum
2938 4673 3235 4745 ponentis.
3288 4673 3598 4731 lnundatio

1934 4783 2071 4823 vero
2099 4765 2387 4833 ﬂuminis,
2421 4770 2513 4821 est
2541 4763 2860 4821 multitudo
2887 4778 2956 4819 ac
3004 4765 3378 4820 vehementia
3408 4768 3596 4820 tenta-

1932 4861 2171 5003 mox?ng
2203 4946 2293 5002 49.
2349 4946 2460 5012 Qui
2496 4949 2693 5001 autem
2724 4973 2795 4983 —-
2839 4957 3076 5013 magna.
3105 4942 3295 4998 Etiam
3344 4942 3472 4998 haec
3515 4941 3601 4999 ibi

1930 5036 2311 5095 manifestata
2340 5038 2495 5091 sunt.
2525 5034 2714 5091 Ruina
2742 5047 2908 5097 vero,
2941 5046 3117 5089 casus
3139 5036 3227 5089 est
3253 5047 3324 5089 ac
3345 5031 3603 5089 dissolu~

1931 5127 2037 5187 tio.

1423 5484 1649 5558 Variae
1684 5484 2015 5555 lectiones
2055 5493 2123 5553 et
2161 5492 2369 5554 notae.

286 5684 403 5831 E31)
444 5678 514 5738 Ἥ
541 5684 982 5758 κακολογούντων,
1015 5686 1219 5745 abest.
1247 5690 1312 5743 Δ.

314 5760 405 5827 32)
444 5754 769 5831 ’Δποτόμωςο
799 5760 874 5819 Α.

314 5754 405 5830 32)
444 5754 720 5835 ’Δποτόμω
727 5754 769 5822 ξ.
799 5760 874 5819 Α.

1972 5682 2087 5759 (33)
2109 5685 2234 5737 Ὅτι
2262 5679 2405 5744 ὅστις
2442 5676 2660 5753 ἔσκωψε.
2690 5681 2751 5737 Β.
