4074 6390
1831 339 2103 396 ΕυΤΗΥΒ

2247 337 2543 400 ἰῐϐΑΒΕΝῙ
3756 352 3869 414 932

802 469 954 524 CAP.
988 469 1164 524 XVIII.
1198 472 1278 524 De
1309 471 1673 525 centurione.
2170 469 2216 520 Α

476 343 574 397 931

2541 477 2682 527 ΚΕΦ.
2729 474 2830 527 II-I'.
2869 479 2994 548 Περὶ
3033 482 3129 528 τοῦ
3161 476 3571 553 ἑκατοντάρχου.

2323 557 2467 611 Ἐπεὶ
2500 557 2558 612 δὲ
2599 593 2668 601 —-
2725 568 3086 637 Καπερναοῦμ.
3151 569 3324 618 Πάντα
3382 572 3447 619 τα
3498 569 3713 642 ῥήματα
3767 573 3866 624 αῦ-

552 561 692 630 Cap.
740 558 849 612 VII.
887 559 1054 614 Vers.
1114 567 1159 614 1.
1212 560 1348 614 Cum
1386 591 1451 598 —
1485 559 1882 628 Capernaum.
1933 555 2140 611 Omnia

477 649 662 703 verba
689 665 814 710 sua,
851 664 986 719 quae
1013 649 1277 704 videlicet
1302 648 1446 703 dicta
1487 655 1624 704 sunt
1652 693 1665 705 .
1703 648 1790 702 Ait
1815 645 1970 700 enim
1995 645 2140 699 Mat-

477 738 666 792 thaeus
691 754 707 794 :
735 739 810 792 Et
839 739 1069 806 factum
1117 745 1198 794 est
1233 754 1367 794 cum
1401 739 1625 807 ﬁnisset
1669 743 1835 792 Jesus
1866 737 1969 792 hos
2018 749 2135 790 ser-

475 842 668 882 mones
712 830 778 881 ³³.

548 917 708 971 Vers.
765 921 818 970 ‘2.
871 918 1266 974 Centurionis.
1296 949 1366 958 -
1393 919 1554 974 Vers.
1587 917 1640 972 3.
1672 916 1876 984 ipsius.
1931 918 1996 970 Et
2039 915 2135 970 hic

470 1007 671 1077 ἐρωτῶν
713 1006 871 1061 idem
928 1008 1241 1078 signiﬁcat,
1299 1007 1462 1080 quod
1516 1007 1872 1078 deprecans.
1913 1006 1989 1060 De
2019 1005 2134 1059 hoc

473 1103 673 1150 autem
705 1096 932 1151 dictum
961 1104 1046 1151 est
1079 1097 1524 1167 septimojuxta
1551 1096 1892 1151 Matthaaum
1917 1094 2129 1166 capite.

471 1186 618 1254 Lege
649 1201 790 1254 ergo
818 1187 992 1239 totius
1020 1185 1228 1257 capitis
1264 1186 1423 1240 illitis
1450 1185 1908 1250 enarrationem,
1950 1191 2001 1238 et
2031 1199 2132 1254 po-

468 1275 752 1330 tissimum
800 1275 858 1329 in
910 1275 1049 1338 ﬁne,
1087 1282 1146 1330 ut
1195 1276 1366 1340 scias,
1420 1276 1583 1348 quod
1637 1290 1755 1330 non
1807 1279 2130 1344 repugnent

465 1363 967 1433 evangelistarum
994 1365 1172 1429 dicta,
1207 1371 1260 1421 et
1293 1365 1337 1419 si
1371 1365 1698 1420 videantur.

536 1453 701 1509 Vers.
732 1457 785 1507 4.
818 1453 930 1519 Qui
959 1483 1011 1494 —
1039 1454 1167 1510 hoc.
1205 1456 1343 1520 Hoc,
1376 1453 1671 1526 quidnam
1703 1453 1730 1508 ?
1754 1457 1897 1525 puta
1929 1453 2128 1508 venire

465 1560 531 1599 ac
568 1559 783 1599 sanare
817 1558 1058 1597 servum
1091 1547 1241 1614 ejus.

539 1633 704 1687 Vers.
731 1637 779 1688 5.
803 1631 1003 1703 Diligit
1029 1664 1092 1671 -
1115 1634 1302 1689 nobis.
1330 1635 1650 1704 Synagoga
1671 1632 1798 1687 haec
1826 1630 2124 1686 habitacu-

461 1719 587 1776 lum
621 1727 763 1787 erat,
797 1722 856 1776 in
897 1736 1017 1792 quo
1049 1725 1570 1793 congregabantur
1621 1721 1854 1776 statutis
1909 1737 1945 1776 a
1992 1719 2122 1790 lege

459 1812 692 1866 diebus.

534 1901 690 1956 Vers.
722 1902 774 1956 6.
833 1905 1000 1959 Jesus
1029 1906 1213 1958 autem
1264 1933 1327 1943 ——
1361 1902 1591 1958 vexari.
1625 1899 1704 1956 Ne
1750 1899 2114 1961 distraharis,

458 2005 532 2044 ne
584 1992 936 2047 molesteris.

531 2079 692 2134 Vers.
725 2083 777 2135 6.
814 2083 948 2138 Non
975 2114 1040 2124 —
1067 2083 1228 2137 Vers.
1271 2087 1323 2135 7.
1357 2097 1502 2150 puer
1544 2095 1720 2137 meus.
1757 2082 1882 2135 Haec
1934 2078 2116 2135 etiam

454 2168 602 2224 dixit
633 2171 964 2236 Matthaaus,
1001 2179 1055 2226 et
1095 2171 1395 2226 declarata
1425 2176 1563 2224 sunt
1595 2170 1877 2241 praedicto
1904 2169 2112 2238 capite.

537 2265 701 2319 Vers.
733 2263 785 2316 8.
809 2260 1108 2331 Siquidem
1141 2291 1207 2300 —
1237 2260 1389 2328 facit
1419 2258 1696 2315 Similiter
1734 2262 1792 2312 et
1820 2256 1970 2313 haec.

526 2355 685 2409 Vers.
717 2353 772 2406 9.
814 2351 921 2405 His
948 2357 1133 2406 autem
1163 2349 1384 2404 auditis
1412 2379 1480 2388 ——
1503 2347 1725 2404 inveni.
1762 2345 1896 2402 Pari
1933 2338 2115 2402 modo

454 2451 508 2500 et
533 2445 678 2500 haec.

525 2534 685 2588 Vers.
716 2536 797 2586 10.
821 2531 899 2585 Ει
932 2530 1230 2586 reversi—
1256 2545 1487 2583 sanum.
1515 2528 1593 2581 De
1617 2527 1730 2580 hoc
1769 2542 2002 2581 rursum
2027 2524 2115 2580 in-

452 2624 646 2679 venies
700 2621 755 2675 in
790 2619 950 2673 calce
997 2617 1414 2684 enarrationis,
1457 2633 1592 2687 quae
1642 2615 1837 2687 posita
1889 2621 1978 2671 est
2034 2615 2112 2672 ad

449 2713 630 2768 ﬁnem
666 2709 804 2766 dicti
839 2707 1075 2780 capitis.
1195 2707 1201 2712 ’

771 2799 920 2852 CAP.
959 2799 1088 2853 XIX.
1122 2796 1206 2852 De
1239 2796 1367 2863 ﬁlio
1400 2795 1615 2852 viduae.

522 2901 677 2954 Vers.
739 2898 825 2950 11.
868 2896 942 2950 Et
977 2896 1207 2964 factum
1241 2900 1324 2949 est
1356 2925 1420 2933 ——
1465 2895 1619 2948 Vers.
1679 2893 1762 2946 12.
1799 2909 1922 2948 cum
1972 2895 2104 2949 illa.

448 2988 861 3046 Condolebaut
907 2985 1066 3039 enim
1094 2984 1191 3048 illi,
1237 2990 1298 3039 ut
1323 3000 1459 3054 quin
1515 2999 1633 3039 non
1688 2982 1870 3038 modo
1913 2984 2104 3038 virum

446 3078 806 3152 perdiderat,
837 3073 942 3130 sed
994 3090 1153 3129 nunc
1185 3088 1427 3144 quoque
1456 3072 1667 3141 ﬁlium,
1702 3077 1760 3128 et
1785 3071 1942 3127 hunc
1974 3074 2107 3127 uni-

446 3174 865 3311 883;?1312:
886 3253 1157 3308 —illnm.
1176 3251 1428 3306 Intuitus
1448 3267 1579 3306 eam
1597 3249 2104 3306 inconsolabiliter

440 3347 704 3402 ﬂentem.
741 3345 796 3400 Si
830 3342 1176 3399 cnimturba
1201 3341 1612 3406 miserebatur,
1637 3346 1863 3412 quanto
1895 3341 2098 3410 magis,

437 3437 539 3510 qui
569 3437 700 3492 fons
731 3441 854 3489 erat
899 3429 1350 3488 misericordiae?

506 3527 668 3580 Vers.
704 3525 792 3589 13,
843 3521 1115 3594 Dixitque
1144 3551 1213 3561 —
1245 3520 1406 3574 Vers.
1444 3523 1521 3574 14.
1575 3519 1858 3576 loculum.
1922 3526 2099 3575 Arcu-

433 3615 577 3682 lam,
611 3615 669 3668 in
710 3629 828 3684 qua
854 3611 1093 3682 jacebat
1125 3615 1416 3664 mortuus.

507 3706 664 3758 Vers.
719 3703 807 3755 14.
851 3700 965 3767 Qui
1007 3715 1138 3754 vero
1174 3729 1234 3739 —-
1261 3700 1420 3754 Vers.
1491 3702 1572 3754 15.
1627 3712 1769 3753 sum.
1817 3699 2095 3763 Quemad-

434 3793 674 3848 modum
733 3791 975 3855 t'errum,
1043 3788 1208 3860 quod
1259 3789 1317 3842 in
1369 3788 1504 3858 igne
1573 3787 1880 3860 aliquanto
1954 3795 2096 3844 tem-

432 3898 575 3954 pore
608 3879 956 3949 permansit,
1005 3879 1186 3934 habet
1217 3878 1370 3949 ignis
1404 3877 1803 3948 operationes,
1835 3877 1916 3935 ita
1946 3894 2088 3950 quo-

428 3988 547 4044 que
575 3977 779 4026 sancta
801 3969 986 4042 ipsius
1018 3984 1156 4024 caro
1187 3967 1475 4023 divinitati
1509 3968 1693 4035 unita,
1718 3984 1852 4039 qua?
1880 3968 2090 4023 divini-

429 4063 563 4118 tatis
577 4067 733 4126 sunt,
749 4058 1127 4132 Operabatur.
1145 4057 1282 4112 Ideo
1299 4074 1509 4112 manus
1527 4059 1768 4129 quidem
1791 4063 2087 4114 mortuum

428 4168 494 4207 ac
538 4151 833 4207 desertum
866 4165 1085 4221 corpus
1129 4147 1438 4218 conjunxit
1472 4164 1485 4214 ;
1519 4163 1632 4202 vox
1679 4153 1880 4203 autem
1932 4164 2090 4204 rece-

425 4242 660 4297 dentem
696 4240 964 4296 animam
993 4240 1312 4294 revocavit.

494 4331 656 4386 Vers.
698 4332 778 4384 16.
823 4331 1064 4398 Accepit
1091 4360 1157 4368 —
1183 4328 1412 4396 plebem
1467 4342 1650 4382 suam.
1707 4326 1860 4383 Olim
1897 4327 2088 4399 siqui-

420 4421 552 4476 dem
604 4421 895 4491 propheta
951 4418 1099 4473 Elias
1152 4417 1342 4472 ﬁlium
1402 4416 1831 4488 Sarephthame
1886 4417 2083 4473 vidua:

2249 654 2359 711 τοῦ,
2393 652 2457 699 τὰ
2502 651 2742 723 ῥηθέντα,
2779 650 3040 710 δηλονότι.
3103 660 3238 712 Φησὶ
3294 659 3395 729 γὰρ
3458 664 3483 709 ο
3553 663 3858 722 Ματθαῐος’

2252 740 2350 787 Καὶ
2390 736 2604 808 ἐγένετο,
2645 743 2726 793 ὅτε
2783 745 3100 796 συνετέλεσεν
3156 747 3180 796 ὸ
3241 746 3446 808 Ἰησοῦς
3501 752 3618 809 τοὺς
3673 749 3861 822 λόγους

2247 843 2478 887 τοντους.

2315 914 2733 990 Ἐκατοντάρχου
2793 952 2860 962 -
2915 922 3092 974 αὐτοῦ.
3145 955 3212 963 -
3265 924 3519 998 Ἑρωτῶν,
3571 925 3686 980 ἀντὶ
3739 939 3856 997 τοῦ,

2248 1006 2583 1078 Παρακαλών.
2634 1013 2847 1080 Εἴρηται
2907 1008 2966 1063 r3":
3017 1017 3133 1084 περὶ
3187 1017 3370 1066 τούτου
3417 1014 3464 1066 ἐν
3521 1024 3593 1086 τῷ
3644 1013 3856 1088 ἑϐδόμῳ

2243 1095 2502 1166 κεφαλαίῳ
2541 1106 2631 1148 τοῦ
2682 1103 2816 1150 κατά
2848 1103 3136 1166 Ματθαῖον,
3169 1110 3259 1154 καὶ
3301 1101 3559 1174 ἀνάγνωθι
3588 1110 3681 1163 τὴν
3729 1105 3854 1163 ὅλην

2242 1181 2493 1253 ἐξήγησιν
2532 1195 2624 1238 τοῦ
2653 1187 2770 1240 ὅλου
2801 1189 3082 1260 κεφαλαίου
3111 1189 3324 1255 ἐκείνου,
3353 1197 3442 1244 καὶ
3462 1192 3654 1264 μᾶλλον
3675 1199 3770 1252 τήν
3802 1193 3853 1245 ἐν

2241 1282 2312 1342 τῷ
2340 1274 2488 1339 τέλει,
2524 1278 2605 1327 ἱνα
2639 1287 2814 1349 σαφῶς
2842 1287 2997 1350 γνῷς,
3044 1282 3124 1332 ὅτι
3163 1281 3221 1332 οὗ
3256 1278 3626 1354 διαφωνοῦσιν,
3670 1284 3713 1336 εἰ
3761 1289 3853 1336 καὶ

2241 1359 2510 1419 δοκοῦσιν.

2311 1455 2375 1504 0i
2407 1485 2472 1495 —
2498 1463 2668 1511 τοῦτο.
2704 1464 2883 1523 Τοῦτο,
2927 1467 3074 1512 ποῖον
3103 1477 3116 1525 ;
3149 1463 3218 1514 Τὸ
3250 1460 3410 1514 ἐλθεῖν
3455 1467 3544 1514 καὶ
3577 1458 3852 1517 διασῶσαι

2237 1546 2323 1594 τον
2357 1541 2540 1596 δοῦλον
2575 1547 2758 1599 αὐτοῦ.

2307 1632 2519 1705 Ἀγαπᾷ
2589 1666 2658 1677 -
2723 1639 2866 1707 ἡμῖν.
2945 1637 3000 1691 Ἡ
3065 1643 3348 1711 συναγωγὴ
3416 1639 3572 1705 αῦτη,
3646 1644 3849 1714 οἴκημα

2232 1717 2312 1786 ἦν,
2361 1721 2408 1773 ἐν
2530 1731 2815 1796 συνήγοντο
2861 1730 2996 1779 κατὰ
3052 1732 3142 1788 τὰς
3207 1727 3261 1780 ἐκ
3313 1733 3474 1802 νόμου
3526 1735 3849 1802 τεταγμένας

2155 1831 2194 1885 Β
2230 1813 2444 1886 ἡμέρας.

2298 1901 2356 1953 Ὀ
2419 1901 2477 1955 δὲ
2555 1904 2756 1961 Ἰησους
2826 1938 2884 1946 —-
2954 1906 3194 1961 σκύλλου.

2227 1997 2564 2063 περικοπτου.

2300 2081 2374 2132 0')
2406 2113 2468 2123 --
2495 2092 2613 2144 παῖς
2652 2104 2773 2155 μου.
2822 2093 3000 2138 Ταῦτα
3052 2083 3159 2138 εἶπε
3202 2092 3291 2138 καὶ
3339 2089 3364 2138 ὁ
3414 2090 3701 2160 Ματθαῑος,
3747 2096 3842 2142 καὶ

2555 1904 2756 1965 Ἰησους
2826 1938 2884 1946 -
2954 1906 3194 1961 σκύλλου.
3280 1912 3365 1966 Μή
3447 1918 3707 1984 περισπῶ,
3763 1916 3840 1983 μὴ

2228 2171 2629 2244 ἡρμηνεύθησαν
2662 2173 2708 2225 ἐν
2750 2184 2818 2245 τῷ
2847 2177 3056 2249 ῥηθέντι
3085 2176 3365 2247 κεφαλαίῳ.

2301 2267 2400 2314 Καὶ
2428 2264 2528 2336 γὰρ
2582 2295 2624 2303 -
2664 2272 2816 2316 ποιεῖ.
2860 2265 3077 2336 Ὁμοίως
3103 2272 3191 2318 καὶ
3223 2275 3410 2322 ταῦτα.

2301 2350 2555 2414 Ἀκούσας
2635 2350 2694 2405 δὲ
2757 2362 2921 2406 ταῦτα
3007 2387 3071 2396 -
3157 2356 3322 2430 εὗρον,
3395 2355 3666 2420 Ὡσαύτως
3741 2363 3835 2410 καὶ

2225 2448 2408 2512 ταῦτα.

2301 2535 2396 2582 Καὶ
2430 2531 2849 2604 ὑποστρέψαντες
2873 2565 2940 2572 -
2966 2535 3288 2604 ὑγιαίνοντα.
3321 2539 3444 2608 Περὶ
3463 2539 3648 2588 τούτου
3675 2537 3833 2588 πάλιν

2223 2622 2457 2692 εὑρήσεις
2478 2621 2526 2672 ἐν
2554 2631 2625 2691 τῷ
2653 2623 2781 2675 τέλει
2821 2631 2911 2683 τῆς
2940 2622 3258 2695 ἐξηγήσεως,
3286 2632 3381 2686 τῆς
3411 2624 3460 2676 ἐν
3481 2633 3552 2695 τῷ
3583 2625 3713 2678 τέλει
3736 2635 3833 2678 τοῦ

2220 2708 2491 2780 λεχθέντος
2523 2712 2822 2783 κεφαλαίου.

2493 2806 2636 2856 ΚΕΦ.
2669 2801 2773 2857 ΙΘ’.
2810 2808 2933 2875 Περὶ
2965 2811 3055 2854 τοῦ
3082 2805 3198 2855 υἱοῦ
3229 2811 3324 2864 τῆς
3351 2810 3545 2878 χήρας.

2293 2896 2391 2942 Καὶ
2436 2889 2628 2961 ἐγένετο
2681 2923 2745 2931 —
2805 2898 2897 2944 σὺν
2955 2893 3108 2966 αὐτῇ.
3165 2893 3453 2964 Συνήλγουν
3503 2897 3606 2966 γὰρ
3664 2895 3823 2966 αὐτῇ,

2220 2982 2288 3040 ὡς
2319 2979 2651 3053 ἀποϐαλοῦση
2687 2987 2757 3053 μή
2801 2987 2887 3034 τὸν
2917 2980 3088 3053 ἄνδρα
3121 2984 3293 3055 μόνον,
3330 2982 3435 3034 ἀλλ’
3470 2980 3576 3042 ἤδη
3606 2989 3694 3036 καὶ
3733 2989 3825 3035 τὸν

2217 3071 2348 3135 υἱὸν,
2377 3074 2466 3121 καὶ
2495 3078 2675 3122 τοῦτον
2706 3079 2973 3142 μονογενῆ.

2289 3253 2384 3300 Καὶ
2414 3280 2482 3288 -
2512 3249 2664 3322 αὐτῇ.
2711 3247 2858 3302 Ἰδὼν
2888 3250 3051 3309 αὐτὴν
3085 3249 3464 3324 ἁπαρηγόρητα
3509 3251 3816 3305 κλαίουσαν.

2214 3340 2272 3389 Ei
2297 3340 2396 3411 γὰρ
2428 3339 2451 3388 ὁ
2492 3339 2648 3409 ὁχλος
2682 3340 2816 3398 ἠλέει
2847 3340 3028 3404 αὐτήν,
3049 3340 3218 3411 πολλῷ
3243 3341 3433 3413 μᾶλλον
3471 3341 3625 3402 αὐτὸς
3661 3343 3688 3400 ἠ
3724 3349 3819 3394 τοῦ

2213 3425 2381 3487 ἐλέους
2411 3434 2577 3499 πηγή.

2286 3521 2383 3569 Καὶ
2417 3514 2548 3570 εἶπεν
2598 3550 2664 3559 -
2697 3527 2876 3593 σοροῦ.
2923 3522 3024 3575 Τοῦ
3073 3519 3344 3585 κὶϐωτίου,
3379 3520 3426 3572 ἐν
3569 3525 3734 3574 ἔκειτο
3787 3525 3815 3575 ὁ

2208 3611 2405 3679 νεκρός.

2279 3698 2344 3748 Οἱ
2375 3693 2434 3748 δὲ
2467 3730 2532 3738 --
2581 3698 2758 3752 αὑτοῦ.
2811 3697 3009 3772 Ὠσπερ
3053 3701 3077 3752 ὁ
3136 3697 3379 3775 σίδηρος,
3437 3701 3691 3774 ὁμιλήσας
3738 3710 3812 3772 τῷ

2204 3791 2350 3859 πυρὶ,
2378 3791 2439 3839 τὰ
2484 3795 2575 3839 τοῦ
2614 3792 2778 3862 πυρὸς
2830 3787 3053 3863 ἐνεργεῖ·
3091 3791 3221 3842 οὕτω
3275 3795 3362 3842 καὶ
3413 3793 3442 3848 ἡ
3501 3794 3624 3861 άγία
3677 3792 3814 3865 σαρξ

2203 3877 2383 3941 αὐτοῦ,
2441 3877 2691 3929 ἐνωοέῑσα
2745 3886 2807 3950 τῇ
2864 3881 3090 3944 θεότητι,
3132 3882 3197 3932 τὰ
3251 3887 3342 3940 τῆς
3397 3882 3633 3942 θεότητος
3679 3881 3812 3950 ἐνερ-

2201 3974 2297 4038 γεῖ.
2351 3971 2436 4019 Διὸ
2481 3969 2510 4024 ἡ
2546 3972 2665 4040 χεὶρ
2712 3971 2801 4040 μὲν
2849 3968 3009 4020 αὐτοῦ
3049 3973 3106 4020 τὸ
3151 3973 3324 4040 νεκρὸν
3358 3974 3447 4021 καὶ
3503 3975 3810 4045 παρειμένον

2202 4065 2354 4128 σῶμα
2399 4057 2765 4129 συνέσφιγξεν·
2798 4058 2828 4115 ἡ
2877 4055 2936 4110 6":
2987 4063 3123 4130 φωνὴ
3172 4062 3264 4117 τὴν
3310 4058 3579 4132 οἰχομένην
3618 4060 3808 4132 ψυχὴν

2199 4145 2528 4220 ἐπέστρεψεν.

2268 4326 2454 4380 Ἕλαϐε
2493 4362 2542 4368 ——
2580 4327 2700 4379 λαὸν
2725 4327 2904 4382 αὑτοῦ.
2932 4328 3099 4380 Πάλαι
3125 4331 3215 4401 μὲν
3240 4331 3340 4402 γὰρ
3369 4334 3457 4382 καὶ
3488 4331 3514 4381 ὁ
3535 4337 3808 4404 προφήτης

2198 4416 2370 4476 Ἠλίας
2455 4415 2707 4474 ἀνέστησε
2775 4421 2860 4468 τὸν
2944 4419 3056 4468 υἱὸν
3140 4427 3237 4480 τῆς
3307 4421 3622 4493 Σαραφείας,
3693 4420 3804 4473 ἀλλ’

421 4511 754 4574 suscitavit,
789 4509 893 4564 sed
925 4509 1290 4579 deplorando
1323 4524 1462 4577 erga
1515 4512 1716 4575 Deum,
1763 4509 2082 4580 ipsumque

2247 4504 2591 4578 τοὸυράμενος
2646 4510 2769 4577 πρὸς
2817 4511 2944 4560 Θεὸν
2983 4513 3072 4560 καὶ
3110 4510 3373 4570 ἱκετεύσας
3417 4509 3592 4563 αὐτόν.
3640 4514 3739 4562 Καὶ
3776 4513 3804 4562 ὁ

418 4599 821 4671 deprecando.
859 4601 923 4652 Et
953 4598 1246 4668 propheta
1275 4597 1511 4651 Eliszeus
1540 4597 1726 4652 tilium
1756 4598 2083 4654 Somaniti-

417 4689 532 4752 dis,
576 4687 682 4742 sed
717 4692 988 4742 extensus
1021 4701 1195 4756 super
1234 4702 1392 4755 eum,
1430 4691 1597 4760 totus
1643 4703 1821 4757 super
1867 4691 2074 4742 totum.

415 4779 517 4834 Hic
545 4793 681 4832 vero
707 4782 958 4847 tangens
992 4775 1181 4830 solum
1204 4773 1532 4844 acjubens,
1562 4775 1760 4830 statim
1781 4777 2072 4832 excitavit.

413 4869 660 4938 Propter
705 4866 819 4921 hoc
846 4865 1045 4937 itaque
1089 4863 1389 4927 dicebant,
1449 4862 1746 4934 PrOpheta
1794 4879 2071 4933 magnus,

415 4957 521 5014 sed
569 4955 783 5027 ingrati
828 4953 1216 5027 postmodum
1249 4951 1451 5025 ipsum
1493 4952 1858 5009 occiderunt.

484 5049 646 5104 Vers.
708 5045 793 5102 t7.
849 5042 1686 5116 Egressusque—ﬁnitimam
1749 5046 2071 5114 regionem.

412 5143 619 5197 Sermo
649 5137 940 5203 miraculi,
981 5143 1037 5193 et
1062 5135 1220 5209 quod
1251 5135 1545 5208 propheta
1586 5151 1846 5208 magnus
1880 5153 2072 5193 surre-

410 5229 613 5286 xisset.

479 5410 528 5449 ³³
557 5407 755 5466 Matth.
790 5426 887 5474 vn,
919 5411 1010 5464 28.

2193 4604 2463 4670 προφήτης
2505 4595 2802 4657 Ἐλισσαῖος
2835 4600 2921 4648 τὸν
2963 4599 3072 4648 υἱὸν
3113 4605 3207 4658 τῆς
3241 4599 3373 4668 (3i).
3428 4596 3797 4670 Σωμανίτιδος,

2193 4685 2297 4737 ἀλλ’
2337 4686 2634 4746 ἐπιπλακεὶς
2667 4686 2805 4756 αὐτῷ
2835 4686 2944 4746 ὅλος
2973 4682 3044 4738 δι’
3069 4685 3186 4739 ὅλου
3212 4707 3224 4718 ο
3250 4688 3400 4750 οὗτος
3423 4685 3805 4760 δὲ,’ἁψάμενος

2188 4782 2340 4849 μόνον
2379 4781 2468 4827 καὶ
2513 4776 2828 4849 προστάξας,
2887 4777 3070 4838 εὐθέως
3115 4781 3306 4849 ἤγειρε.
3376 4783 3475 4830 Καὶ
3705 4774 3800 4832 διὰ

2186 4874 2338 4918 τοῦτο
2369 4865 2546 4917 λοιπὸν
2588 4865 2776 4936 ἔλεγον,
2810 4868 2889 4917 ὅτι
2917 4871 3183 4940 προφήτης
3213 4872 3387 4938 μέγας,
3437 4866 3542 4919 ἀλλ’
3580 4868 3799 4942 ὔστερον

2186 4959 2233 5008 οἱ
2261 4955 2550 5027 ἀγνώμονες
2582 4953 2771 5007 ἀνεῖλον
2795 4955 2968 5009 αὐτόν.

2258 5051 2358 5098 Καὶ
2387 5045 2592 5107 ἐξῆλθεν
2617 5077 2678 5085 -
2700 5053 2762 5118 τῇ
2790 5051 3094 5120 περιχώρῳ.
3117 5045 3176 5098 Ὀ
3202 5045 3350 5118 λόγος
3380 5054 3472 5099 τοῦ
3501 5049 3794 5120 θαύματος,

2184 5139 2213 5196 ἦ
2248 5137 2328 5188 ὅτι
2357 5140 2624 5210 προφήτης
2651 5139 2810 5207 μέγας
2835 5133 3134 5210 ἐγήγερται.

1636 5531 1864 5600 Varia:
1894 5531 2224 5601 lectiones
2255 5543 2321 5601 et
2355 5541 2555 5602 notae.

479 5731 592 5802 (34)
639 5726 728 5788 Ita
761 5747 1002 5803 quoque
1041 5729 1328 5803 reperitur
1358 5729 1430 5786 in'
1470 5727 1647 5803 codd.
1679 5732 1767 5803 7_O,
1829 5727 1918 5784 IV.
1945 5735 2057 5800 “pro

405 5799 731 5879 Σουναμίτις.
783 5799 999 5860 Crte—cis
1056 5799 1308 5858 molesta
1366 5806 1486 5858 erat
1538 5799 1773 5874 syllaba
1828 5799 1965 5854 σουν
2000 5805 2055 5857 et

2179 5747 2272 5783 σου
2279 5749 2336 5800 μ.

2235 5797 2349 5872 (35)
2395 5802 2492 5852 Καὶ
2524 5797 2743 5860 omittit
2769 5798 2838 5856 Β.
