4074 6394
279 493 433 547 ΚΕΦ.
473 489 555 546 Κ’.
593 494 718 561 Περὶ
747 498 848 542 τῶν
883 488 1275 544 ἀποσταλέντων
1307 495 1448 558 παρά
1477 492 1735 543 Ἰωάννου.
1843 503 1882 555 Α

281 584 388 636 Καὶ
439 578 762 650 ἀπήγγειλαν
833 611 890 620 --
950 578 1374 653 προσδοκῶμενς
1433 585 1652 654 Εἴρηται
1696 585 1812 652 περὶ

207 673 403 723 τούτων
453 668 681 743 ἀκριϐῶς
737 667 786 720 ἐν
836 677 905 738 τῷ
970 669 1189 740 εἰκοστῷ
1240 670 1500 742 κεφαλαίῳ
1548 678 1638 722 τοῦ
1681 673 1814 721 κατὰ

210 761 500 813 Ματθαῖον.

283 853 697 924 Παραγενόμενοι
775 879 843 888 —
927 847 975 899 ἐν
1042 847 1172 920 ἐμοί.
1255 854 1354 902 Καὶ
1435 856 1548 923 περὶ
1621 853 1814 901 τούτων

210 941 414 992 πάντων
459 937 506 990 ἐν
563 936 733 1008 ἐκείνῳ
785 933 1197 1010 διασεσάφηται.
1231 941 1507 1009 Μάστιγας
1561 936 1638 1003 δε,
1698 943 1816 1000 τοὺς

214 1037 395 1089 πόνους
443 1027 783 1085 ὑποληπτέον.
831 1027 951 1081 Εἰσὶ
980 1030 1080 1102 γὰρ
1135 1047 1264 1088 τινες
1320 1032 1465 1080 νόσοι
1509 1033 1681 1100 χωρὶς
1727 1034 1816 1080 πό-

208 1140 326 1180 νων,
371 1121 438 1179 ὼς
464 1119 494 1175 ἡ
517 1117 790 1189 τυφλότης,
819 1121 908 1168 και
937 1119 967 1175 ἡ
1002 1123 1254 1190 κωφότης,
1288 1124 1378 1170 καί
1403 1121 1430 1176 η
1471 1117 1686 1189 ἀφωνία,
1729 1122 1816 1167 καὶ

209 1207 396 1260 πολλαὶ
422 1213 682 1259 τοιαῦται.

289 1385 633 1438 ’Λπελθόντων
676 1416 742 1424 ---
800 1387 1038 1438 Ιωάννου.
1085 1383 1359 1456 Ἀγγέλων,
1390 1393 1488 1436 τῶν
1522 1385 1634 1455 (36)
1668 1383 1818 1455 ἀγγε-

210 1476 330 1528 λίαν
369 1480 643 1548 φερόντων,
677 1483 777 1526 τῶν
807 1482 1068 1546 μηνυτῶν.

285 1659 348 1706 Τί
401 1684 468 1694 —-
523 1672 640 1707 σου.
675 1651 900 1725 Ὁμοίως
952 1657 1042 1705 καὶ
1085 1657 1198 1721 περὶ
1245 1656 1440 1704 τούτων
1475 1655 1678 1706 πάντων
1719 1652 1820 1705 ὲκει

215 1741 521 1802 διείληπται
549 1745 685 1794 κατά
713 1743 871 1816 ῥητόν
882 1785 892 1796 ,

291 1837 440 1903 Λέγω
477 1863 543 1873 -
585 1831 751 1886 ἐστίν.
786 1837 887 1885 Καὶ
919 1839 1088 1883 ταῦτα
1129 1832 1412 1890 καλλίστην
1452 1836 1670 1904 ἔχουσιν
1720 1837 1821 1884 ἐκεῖ

214 1928 311 1980 τήν
343 1921 614 1993 ἐξήγησιν.

292 2013 394 2066 Καὶ
440 2017 542 2072 πᾶς
608 2043 678 2050 -
734 2012 993 2064 Ἰωάννου.
1051 2009 1422 2070 Ἐὃικαίωσαν,
1485 2015 1649 2064 εἵτουν
1722 2014 1823 2070 ηὑ-

215 2106 584 2173 χαρίστησαν,
634 2099 996 2153 ἀποστείλαντὶ
1043 2101 1219 2160 αὐτοῖς
1262 2106 1348 2153 τὸν
1395 2107 1687 2159 Βαπτιστὴν
1741 2100 1824 2153 ἐπὶ

212 2195 436 2262 προνοίᾳ
459 2197 554 2252 τῆς
587 2195 851 2263 σωτηρίας
877 2191 1065 2242 αὐτῶν.
1099 2198 1200 2242 Τοῦ
1236 2198 1468 2264 Χριστοῦ
1499 2192 1611 2262 (37)
1647 2188 1706 2243 δὲ
1735 2195 1824 2242 καὶ

220 2280 374 2342 οὗτος
407 2281 432 2330 ό
462 2279 635 2350 λόγος,
669 2283 841 2353 ὥσπερ
874 2285 1046 2332 καὶτὸ
1079 2281 1196 2342 ἑξῆς
1225 2282 1402 2354 ῥητόν.

295 2371 361 2420 Οἱ
419 2367 476 2422 δὲ
525 2375 805 2442 Φαρισαῖοι
852 2401 904 2408 —-
959 2371 1046 2421 ὑπ’
1078 2370 1260 2422 αὐτοῦ.
1305 2370 1498 2427 Βουλὴν
1547 2377 1638 2422 τοῦ
1675 2375 1822 2434 Θεοῦ,

215 2461 280 2510 τό
325 2457 600 2530 ϐάπτιτιιια
637 2459 789 2530 λέγει,
845 2462 910 2520 ως
965 2459 1079 2511 κατ’
1125 2458 1328 2518 ἐντολὴν
1373 2468 1464 2512 τοῦ
1511 2467 1644 2512 Θεοῦ
1690 2465 1827 2529 7mi-

217 2567 389 2620 μενον.
451 2551 681 2620 Ἐγένετο
731 2552 856 2623 γὰρ,
922 2553 1072 2620 φησὶ,
1123 2550 1267 2622 ῥῆμα
1320 2557 1453 2602 Θεοῦ
1511 2549 1594 2601 ἐπὶ
1652 2550 1829 2602 Ἰωάν-

213 2657 313 2694 νην
376 2641 462 2688 τὸν
541 2644 816 2710 Ζαχαρίου
874 2641 984 2689 υἱὸν
1050 2637 1096 2688 ἐν
1301 2637 1487 2713 ἐρήμῳ,
1542 2644 1631 2690 καὶ
1679 2636 1826 2696 ἦλθεν

219 2728 297 2786 εἰς
335 2733 510 2778 πᾶσαν
563 2732 658 2785 τὴν
707 2733 1004 2802 περίχωρον
1059 2735 1149 2779 τοῦ
1205 2725 1490 2800 Ἰορδάνου,
1545 2732 1827 2801 κηρύσσων

219 2816 511 2889 βάπτισμα
553 2822 823 2888 μετανοίας
861 2817 926 2878 εἰς
970 2820 1153 2889 ἄφεσιν
1186 2816 1471 2892 ἁμαρτιῶν.
1509 2819 1592 2879 Εἰς
1621 2819 1829 2878 ἑαυτοὺς

221 2903 308 2972 δέ,
335 2907 451 2958 ἀντὶ
476 2914 592 2972 τοῦ,
633 2906 716 2961 Ἢν
749 2906 970 2968 ἑαυτοῖς.

295 3087 409 3138 Τίνι
450 3084 676 3138 πάντων.
725 3084 806 3136 Ἐν
872 3092 940 3154 τῷ
995 3084 1244 3158 εἰρημένῳ
1300 3084 1520 3155 εἰκοστῷ
1573 3084 1828 3156 κεφαλαίῳ

217 3175 343 3244 περὶ
376 3175 578 3224 πάντων
613 3175 804 3224 τούτων
834 3173 941 3244 (38;
977 3174 1214 3246 εὑρήσεις
1244 3172 1585 3246 λητομερώς.
1863 3210 1901 3264 C

302 3357 447 3406 ΚΕΦ.
485 3357 594 3406 ΚΑ.
629 3357 752 3424 Περὶ
795 3359 891 3412 τῆς
931 3350 1223 3422 ἁλειψάσης
1247 3355 1330 3404 τόν
1357 3353 1550 3426 Κύριον
1588 3356 1756 3427 μύρῳ,

301 3441 511 3513 Ἠρώτα
543 3471 611 3480 -—
652 3441 833 3495 αὑτοῦ.
871 3439 1148 3494 Κάνταῦθα
1195 3445 1253 3493 τό
1288 3442 1512 3514 Ἦρὼτα,
1555 3441 1670 3495 ἀντὶ
1717 3453 1830 3511 τοῦ,

224 3528 538 3604 Παρεκάλει.
589 3528 677 3590 Ὠς
701 3536 967 3602 προφήτην
1014 3527 1072 3583 δὲ
1112 3530 1266 3583 αὐτὸν
1297 3530 1465 3584 ἐκάλει
1495 3535 1625 3606 πρὸς
1661 3532 1831 3584 ἑστία-

225 3638 340 3674 σιν.

307 3800 406 3848 Καὶ
434 3794 674 3848 εἰσελθὼν
717 3829 777 3838 --
827 3796 1088 3855 ἀνεκλίθη.
1121 3799 1194 3851 Οὐ
1244 3804 1587 3873 παρῃτήσατο
1632 3808 1834 3866 τοῦτον,

218 3889 316 3937 ἶνα
345 3891 415 3957 μὴ
462 3883 538 3956 ὃς)
571 3891 847 3958 πρόφασιν,
885 3891 948 3947 ὡς
991 3888 1234 3950 τελώναις
1265 3893 1352 3959 μὲν
1391 3894 1480 3941 καὶ
1511 3889 1836 3964 ἁμαρτωλοῖς

222 3977 538 4027 συνεσθίων·
569 3979 690 4036 τοὺς
721 3982 1035 4049 Φαρισαίους
1064 3977 1121 4029 δὲ
1149 3974 1584 4051 βδελυσσόμενος.

308 4158 407 4206 Καὶ
441 4151 560 4206 ἰδοὺ
610 4185 673 4195 υ-
728 4151 979 4229 δάκρυσι.
1011 4162 1242 4214 Ζητησοι
1293 4156 1339 4208 ἐν
1389 4167 1460 4222 τῷ
1504 4162 1637 4210 κατά
1692 4167 1838 4212 Ματ-

222 4245 379 4296 θαῖον
436 4248 528 4302 τὴν
584 4243 824 4316 ἐξήγησιν
875 4254 966 4297 τοῦ
1027 4247 1314 4308 ἑξηκοστοῦ
1379 4243 1620 4322 δευτέρου
1680 4269 1839 4321 κεφα-

219 4334 406 4388 λαίου.
444 4334 586 4391 Αὖτη
613 4331 672 4386 δὲ
717 4337 745 4392 ἠ
779 4343 931 4405 γυνη,
961 4339 1026 4387 τα
1065 4339 1152 4408 μὲν
1204 4333 1398 4389 ὶὸουσα
1428 4347 1526 4388 τῶν
1565 4340 1839 4410 θαυμάτων

224 4432 324 4476 τοῦ
364 4431 616 4497 Χριστοῦ,
660 4427 724 4475 τὰ
752 4421 810 4477 ὃε
835 4427 1081 4495 μαθοῦσα
1119 4429 1260 4499 παρὰ
1286 4435 1383 4477 τῶν
1418 4423 1649 4494 ἰδόντων,
1685 4428 1840 4480 ἐπισ-

222 4532 435 4579 τευσεν,
485 4515 565 4564 ὅτι
615 4518 742 4576 Θεός
797 4514 937 4566 ἐστιν
992 4517 1015 4566 ό
1077 4523 1240 4567 ταῦτα
1303 4515 1698 4590 τελεσιουργῶν.
1753 4520 1839 4570 Διὸ

223 4608 322 4655 καὶ
374 4607 671 4677 πρότασιν,
725 4602 1013 4664 ἐλπίζουσα
1065 4604 1235 4657 λαϐεῖν
1291 4605 1471 4677 ἄφεσιν
1522 4615 1620 4657 τῶν
1671 4608 1841 4679 αμαρ-

222 4701 359 4744 τιῶν
389 4692 519 4751 αὐτῆ
533 4712 571 4752 ς.

303 4881 442 4947 Ὀρα
495 4870 554 4927 δὲ
579 4881 673 4933 τὴν
714 4875 906 4934 πολλὴν
955 4879 1152 4938 ταύτης
1177 4875 1464 4929 εὐλάϐειαν.
1523 4875 1690 4936 Ἔστη
1740 4882 1841 4954 γὰρ

221 4967 382 5039 παρὰ
423 4968 489 5016 τὰ
527 4966 735 5035 ἔσχατα
787 4969 915 5038 μέρη
971 4973 1064 5019 τοῦ
1115 4972 1349 5039 σώματος
1401 4966 1580 5032 αὐτοῦ,
1642 4971 1711 5028 ὡς
1763 4967 1845 5021 ἐσ-

220 5057 408 5128 χάτη·
437 5058 528 5106 καὶ
557 5052 748 5122 ὀπίσω,
782 5060 851 5118 ὡς
889 5055 1347 5130 ἀπαρρησίαστος,
1408 5061 1509 5109 Καὶ
1548 5056 1717 5110 ἔκλαιε
1754 5061 1844 5130 μὲν

224 5141 336 5198 διὰ
361 5147 449 5204 τὰς
477 5143 739 5216 ἁμαρτίας
769 5144 900 5204 αὐτῆ
913 5162 951 5206 ς·
980 5145 1164 5218 ἔϐρεχε
1216 5142 1276 5198 δὲ
1322 5150 1444 5208 τοὺς
1473 5143 1640 5208 πόδας
1683 5147 1845 5201 αὐτοῦ

219 5239 344 5293 τοῖς
371 5229 652 5308 δάκρυσιν,
693 5237 757 5295 ὡς
783 5233 1123 5308 ἐπικεκυφυῖα
1152 5235 1350 5298 αὐτοῖς.

312 5473 366 5511 ⁴⁰
394 5473 539 5532 Luc.
569 5491 648 5542 ιιι,
682 5474 735 5529 2.

1218 362 1594 422 COMMENT.
1647 354 1713 418 ΙΝ
1760 363 2025 418 LUCAM-
2073 394 2139 404 —-
2183 363 2343 418 CAP.
2387 363 2514 418 νη.

3459 360 3575 420 934

2100 491 2253 544 CAP.
2290 490 2392 545 XX.
2437 491 2511 544 De
2532 481 2842 557 discipulis
2869 487 3056 543 missis
3089 503 3123 543 a
3153 488 3398 544 Joanne.

1992 578 2154 632 Vers.
2197 582 2275 633 t8.
2310 579 2384 633 Et
2406 578 2835 634 nuntiaverunt
2867 609 2934 617 —
2967 577 3131 632 Vers.
3172 581 3252 633 l9.
3287 587 3585 648 exspecta-

1925 667 2099 722 mus?
2134 670 2211 722 De
2241 668 2333 722 his
2386 673 2591 723 exacte
2649 667 2877 722 dictum
2929 672 3019 722 est
3078 667 3357 723 vicesimo
3416 667 3585 739 juxta

1925 757 2264 812 Mattheum
2289 757 2498 828 capite.

1907 837 1910 840 ’
1996 848 2160 903 Vers.
2199 850 2287 901 20.
2328 846 2474 902 Cum
2507 847 2798 903 venissent
2823 878 2889 887 —
2919 845 3079 902 Vers.
3113 848 3199 901 23.
3240 847 3352 903 mei
3381 863 3582 904 causa.

1927 938 2003 991 De
2051 935 2142 990 his
2173 951 2413 1009 quoque
2465 936 2743 992 omnibus
2777 937 2837 992 in
2879 936 2978 991 illo
3010 937 3197 1008 capite
3240 937 3465 992 dictum
3499 944 3587 992 est

1930 1024 2258 1080 manifeste.
2321 1025 2528 1094 Plagas
2582 1033 2798 1089 autem,
2853 1028 2969 1081 sive
3015 1025 3279 1096 ﬂagella.
3327 1025 3586 1096 intellige

1926 1113 2187 1170 dolores.
2225 1117 2370 1170 Sunt
2405 1116 2564 1170 enim
2596 1117 2786 1169 morbi
2823 1116 3074 1186 quidam
3131 1115 3338 1171 dolore
3385 1133 3587 1171 caren-

1929 1208 2014 1258 tes
2049 1202 2266 1268 ;veluti
2299 1209 2429 1257 sunt
2451 1204 2709 1267 caecitas,
2740 1205 3020 1269 surditas,
3058 1210 3292 1258 mutum
3337 1219 3487 1272 esse,
3517 1219 3588 1259 ac

1929 1291 2095 1347 multi
2141 1292 2500 1363 hujusmodi.

1997 1381 2160 1436 Vers.
2192 1383 2281 1436 24.
2320 1383 2580 1452 Cumque
2604 1381 2998 1438 discessissent
3028 1413 3084 1422 »-
3112 1382 3363 1438 Joanne.
3399 1382 3589 1438 Dictio

1926 1470 2158 1544 ἀγγέλων
2191 1471 2488 1541 signiﬁcat
2520 1472 2614 1527 hic
2670 1473 3188 1538 internuntiantes,
3229 1472 3350 1527 sive
3383 1473 3589 1527 nuntia

1926 1563 2288 1632 perferentes
2317 1577 2352 1616 a
2388 1561 2619 1617 Joanne
2659 1562 2732 1616 ad
2768 1563 3088 1618 Christum.

2000 1651 2162 1706 Vers.
2213 1654 2301 1705 24.
2345 1650 2497 1715 Quid
2538 1683 2602 1691 —
2634 1651 2795 1706 Vers.
2831 1657 2916 1706 27.
2963 1660 3033 1708 te.
3078 1653 3352 1708 Similiter
3409 1657 3465 1707 et
3517 1650 3591 1707 de

1929 1740 2024 1796 his
2054 1740 2338 1796 omnibus
2370 1741 2447 1795 ad
2481 1743 2724 1795 verbum
2758 1741 2979 1796 dictum
3015 1748 3122 1797 est.

2003 1831 2165 1885 Vers.
2195 1831 2282 1885 28.
2319 1831 2463 1885 Dico
2485 1861 2553 1870 —
2584 1837 2690 1886 est.
2723 1833 2786 1884 Et
2825 1831 2952 1885 haec
2983 1847 3227 1902 quoque
3275 1831 3591 1902 pulchram

1933 1920 2155 1974 ibidem
2189 1920 2394 1975 sortita
2427 1927 2564 1974 sunt
2591 1921 3159 1990 interpretationem.

2006 2010 2166 2064 Vers.
2198 2013 2286 2064 29.
2327 2009 2635 2080 Omnisque
2665 2041 2731 2048 —
2761 2010 3030 2074 Joannis,
3090 2009 3590 2074 Justiﬁcaverunt,

1936 2101 2059 2155 sive
2086 2099 2311 2170 gratias
2336 2099 2386 2154 ei
2412 2103 2675 2167 egerunt,
2713 2115 2814 2171 qun
2842 2099 3168 2169 Baptistam
3195 2100 3305 2155 sibi
3326 2099 3591 2165 miserat,

1935 2189 2256 2262 providens
2308 2189 2571 2259 ipsorum
2630 2188 2825 2243 saluti.
2880 2189 3092 2243 Christi
3142 2197 3344 2244 autem
3403 2193 3460 2243 et
3498 2188 3594 2244 hic

1937 2293 2135 2334 sermo
2167 2283 2271 2341 est,
2298 2276 2449 2332 sicut
2482 2277 2656 2330 ctiam
2691 2278 2936 2343 dictum,
2969 2278 3130 2349 quod
3167 2278 3453 2348 sequitur.

2007 2368 2172 2424 Vers.
2201 2371 2290 2422 30.
2326 2366 2623 2422 Pharisaei
2654 2383 2789 2422 vero
2821 2399 2888 2407 —
2913 2368 2985 2422 ab
3015 2383 3098 2422 eo.
3133 2365 3445 2423 Consilium
3497 2367 3597 2422 Dei

1940 2464 2111 2514 vocat
2141 2458 2341 2528 ipsum
2376 2457 2683 2528 baptisma,
2710 2461 2997 2528 tanquam
3030 2458 3126 2510 Dei
3162 2463 3456 2528 praecepto
3480 2456 3599 2512 fac-

1939 2556 2084 2617 tum,
2106 2546 2352 2602 Factum
2370 2552 2467 2611 est,
2495 2546 2703 2618 inquit,
2730 2546 2968 2601 verbum
2985 2546 3225 2602 Domini
3235 2562 3409 2616 super
3427 2546 3601 2600 Joan-

1936 2652 2060 2692 nem
2094 2635 2398 2691 Zachariae
2433 2636 2621 2703 ﬁlium
2672 2637 2735 2690 in
2781 2637 3000 2692 deserto
3038 2655 3050 2695 :
3082 2643 3134 2692 et
3187 2636 3344 2692 venit
3376 2637 3436 2689 in
3482 2651 3602 2690 om-

1939 2743 2065 2781 nem
2080 2727 2399 2796 regionem,
2426 2741 2559 2795 qule
2573 2726 2735 2781 circa
2753 2726 2977 2781 Jordan
2987 2742 3072 2781 em
3103 2733 3253 2789 erat,
3269 2725 3600 2794 praedicans

1940 2816 2288 2884 baptismum
2303 2815 2655 2885 ptBnitentz’w
2669 2816 2730 2871 ιή
2746 2816 3127 2872 remissionem
3142 2822 3515 2883 peccatorum
3531 2817 3598 2870 ⁸ο.

1939 2905 2003 2959 In
2049 2905 2379 2975 semetipsis
2420 2913 2640 2960 autem.
2682 2905 2830 2961 Nam
2890 2923 2958 2966 εις
2988 2908 3205 2968 ἑαυτοὺς
3234 2905 3461 2976 capitur
3491 2920 3602 2976 pro

1938 2997 1987 3046 ὲν
2017 2995 2233 3054 ἑαυτοῖς.

2010 3083 2172 3138 Vers.
2238 3083 2325 3138 3'1.
2393 3083 2498 3138 Cui
2542 3113 2611 3122 —
2668 3082 2830 3138 Vers.
2891 3087 2978 3138 35.
3047 3083 3305 3139 omnibus
3391 3081 3601 3137 Praedi-

1942 3178 2036 3228 cto
2059 3173 2354 3242 vigesimo
2384 3173 2574 3244 capite
2599 3173 2670 3228 de
2700 3172 2791 3226 his
2822 3172 3106 3228 omnibus
3139 3189 3207 3228 ac
3239 3171 3486 3242 singulis
3515 3172 3603 3225 in-

1943 3263 2162 3320 venies.

1978 3355 2128 3410 CAP.
2158 3355 2284 3408 ΧΧΙ.
2321 3352 2402 3408 De
2427 3368 2515 3420 ea,
2540 3367 2663 3423 qute
2693 3353 2865 3408 unxit
2899 3352 3210 3408 Dominum
3244 3356 3569 3422 unguento.

2018 3442 2177 3497 Vers.
2239 3443 2329 3497 36.
2377 3443 2680 3498 Invitabat
2736 3473 2806 3483 --
2854 3443 2998 3512 ipso.
3052 3442 3328 3498 Similiter
3398 3447 3454 3496 et
3508 3441 3606 3495 hic

1943 3532 2139 3607 ἠρώτα.
2174 3548 2296 3586 non
2345 3531 2644 3602 signiﬁcat
2684 3532 3111 3602 Interrogabat,
3170 3532 3275 3587 sed
3307 3530 3601 3586 Vocabat:

1944 3638 2108 3689 nam,
2141 3628 2430 3694 tanquam
2457 3623 2835 3694 prophetam,
2865 3639 3004 3678 eum
3035 3623 3113 3679 ad
3140 3621 3480 3678 convivium
3504 3635 3609 3676 vo-

1945 3712 2140 3780 cabat,
2173 3713 2267 3768 vel
2301 3714 2359 3768 in
2370 3713 2612 3769 vitabat.

2016 3804 2176 3858 Vers.
2211 3807 2303 3860 36.
2363 3804 2442 3859 Et
2490 3805 2786 3874 ingressus
2825 3834 2895 3845 —
2933 3803 3218 3859 accubuit.
3272 3806 3396 3859 Non
3448 3800 3611 3858 devi-

1947 3893 2092 3949 tavit
2119 3894 2300 3957 hunc,
2344 3908 2418 3948 ne
2473 3893 2640 3948 daret
2693 3893 3076 3949 occasionem
3133 3893 3390 3957 dicendi,
3441 3892 3608 3964 quod

1947 3999 2084 4037 cum
2109 3982 2440 4052 publicanis
2463 3983 2941 4052 etpeccatoribus
2963 3999 3084 4037 una
3114 3983 3318 4038 cibum
3349 3988 3606 4052 caperet.

1949 4071 2280 4126 Pharisaeos
2312 4079 2508 4126 autem
2535 4071 2854 4126 fastideret.

2019 4163 2176 4216 Vers.
2201 4161 2288 4214 37.
2321 4161 2400 4215 Et
2433 4177 2560 4216 ecce
2612 4190 2677 4201 —
2725 4162 2882 4215 Vers.
2927 4163 3014 4215 3S.
3055 4160 3352 4230 tacrymz’s.
3402 4161 3611 4224 Quaere

1949 4251 2006 4305 in
2040 4249 2356 4320 Evangelio
2401 4250 2734 4305 secundum
2776 4249 3120 4304 Mutthaeum
3171 4249 3611 4304 enarrationem

1951 4340 2311 4410 sexagesimi
2355 4339 2598 4395 secundi
2680 4338 2912 4411 capitis.
2959 4341 3091 4394 Haec
3123 4343 3324 4394 autem
3377 4337 3608 4407 mulier,

1951 4447 2088 4486 cum
2120 4429 2326 4485 Christi
2360 4427 2647 4485 miracula
2683 4429 2900 4500 partim
2941 4429 3076 4500 ipsa
3099 4428 3358 4493 vidisset,
3393 4427 3613 4499 partim

1953 4519 2029 4576 ab
2055 4519 2166 4585 his,
2200 4519 2297 4591 qui
2329 4519 2616 4582 viderant,
2648 4518 2934 4586 audisset,
2991 4517 3174 4573 Deum
3207 4533 3334 4573 esse
3367 4516 3618 4573 credidit

1953 4626 2092 4667 eum
2113 4611 2216 4681 qui
2265 4609 2390 4664 haec
2433 4610 2797 4679 operabatur
2828 4625 2842 4674 ;
2875 4608 3010 4663 ideo
3041 4609 3212 4664 etiam
3247 4606 3434 4674 venit,
3486 4623 3621 4678 spe-

1952 4715 2112 4767 rans,
2144 4699 2552 4754 remissionem
2609 4704 2995 4769 pcccatorum
3036 4714 3281 4753 suorum
3331 4713 3393 4752 se
3446 4711 3616 4753 acce-

1953 4793 2214 4861 pturam.

2027 4877 2354 4935 Considera
2383 4892 2520 4932 vero
2545 4891 2833 4947 magnam
2853 4875 3034 4948 hujus
3057 4875 3470 4932 reverentiam.
3497 4877 3619 4931 Ste-

1955 4969 2023 5024 tit
2065 4969 2226 5025 enim
2269 4967 2348 5023 ad
2378 4971 2671 5022 extremas
2725 4966 2993 5038 corporis
3038 4965 3196 5022 illius
3237 4972 3460 5038 partes,
3494 4970 3620 5022 tau-

1955 5075 2140 5131 quam
2158 5063 2448 5121 extrema;
2463 5062 2518 5112 et
2540 5072 2574 5112 a
2590 5061 2773 5122 tergo,
2791 5061 3082 5128 tanquam
3101 5056 3360 5112 audacia
3373 5068 3582 5110 carens
3604 5069 3617 5119 ;

1956 5149 2136 5204 ﬂebat
2167 5146 2415 5220 quidem
2449 5151 2692 5218 propter
2738 5151 2986 5218 peccata
3015 5162 3126 5202 sua
3167 5161 3181 5213 ;
3227 5145 3466 5216 rigabat
3519 5159 3622 5199 au-

1956 5245 2076 5295 tem
2105 5237 2292 5310 pedes
2315 5235 2473 5292 illius
2493 5235 2796 5308 lacrymis,
2826 5240 3032 5308 utpote
3059 5234 3139 5292 ad
3168 5234 3355 5308 pedes
3381 5234 3509 5308 ejus
3536 5233 3622 5290 in-

1959 5327 2199 5384 clinata.

1471 5549 1698 5620 Varias
1735 5549 2064 5620 lectiones
2106 5557 2171 5616 et
2209 5557 2393 5615 notae

316 5687 432 5771 (ag)
468 5692 578 5771 rem
610 5687 1015 5771 ἀγγελιαφόρων.
1042 5698 1099 5748 Β.
1131 5691 1299 5767 quod
1329 5692 1748 5769 eodeni-edit.

318 5764 434 5834 (57)
466 5765 528 5814 Δὲ
552 5764 770 5821 omittit
790 5763 860 5820 A.

2032 5690 2147 5768 (38)
2181 5693 2439 5768 Εὑρήσεις
2466 5689 2636 5748 abest
2656 5691 2738 5749 Α.
2817 5739 2825 5746 .
