4074 6378
537 334 645 391 935

540 549 817 623 lacrymis
873 552 1148 608 madidos
1196 554 1555 611 reddiderat.
1603 555 1889 621 Christus,
1943 571 2081 609 cum
2113 555 2192 607 rei

543 653 786 693 causam
816 646 1033 703 nosset,
1055 641 1386 698 sustinebat
1419 664 1430 701 :
1465 648 1523 697 ut
1550 644 1728 698 etiam
1761 643 1908 699 ﬁdes
1932 643 2060 714 ejus
2090 644 2197 697 fer-

542 746 760 801 vorque
791 731 1147 800 paenitentiae
1188 742 1565 804 apparerent,
1616 739 1672 789 et
1732 741 1791 790 ut
1832 736 2041 790 merito
2095 750 2196 805 pro

540 817 634 872 his
666 818 867 881 rebus,
896 821 1047 891 quod
1067 825 1394 892 quaerebat,
1423 824 1735 895 acciperet.

612 907 775 962 Vers.
820 908 905 963 38.
940 910 1014 964 Et
1056 910 1507 968 deosculabatur
1540 944 1605 953 —
1653 920 1967 984 unguento.
2017 916 2195 970 Oscu-

542 995 776 1051 labatur
790 997 1234 1069 quidemipsos,
1259 1007 1546 1073 tanquam
1565 1003 1827 1075 ejus,qui
1851 1004 2193 1075 petitionem

540 1102 711 1141 suam
754 1086 1082 1159 adimplere
1125 1097 1374 1161 poterat,
1429 1094 1545 1147 sive
1591 1098 1877 1165 tanquam
1913 1093 2056 1161 Dei;
2092 1109 2193 1147 un-

538 1174 716 1243 gebat
758 1191 890 1231 vero
938 1184 1259 1249 unguento,
1296 1180 1433 1251 plus
1467 1198 1655 1253 quam
1712 1182 1982 1237 humano
2014 1183 2195 1238 modo

535 1262 696 1318 hunc
758 1264 1089 1333 honorans,
1126 1283 1227 1339 qm
1252 1268 1410 1340 plus,
1442 1286 1627 1342 quam
1659 1271 1845 1326 homo
1872 1278 2014 1327 erat.

608 1353 773 1409 Vers.
801 1358 888 1411 39.
917 1356 1177 1413 [ηιαίίιις
1208 1390 1271 1399 -
1293 1360 1601 1429 peccatrix
1621 1367 1725 1417 est.
1754 1360 2194 1416 Offendiculnm

536 1458 754 1515 passus
798 1445 926 1499 haec
976 1445 1234 1511 dicebat,
1292 1448 1597 1519 ignorans,
1649 1450 1811 1522 quod
1853 1467 1991 1505 cum
2043 1453 2194 1506 Deus

536 1538 712 1598 esset,
753 1537 994 1605 propter
1017 1543 1354 1607 peccatores
1384 1538 1566 1594 homo
1600 1540 1791 1595 factus
1817 1545 1961 1597 erat.
1996 1543 2193 1611 Neque

538 1628 734 1677 autem
782 1624 967 1678 Judas
1000 1625 1091 1680 hic
1124 1628 1558 1693 murmurabat,
1612 1645 1805 1700 neque
1851 1631 2076 1685 caeteris
2103 1630 2192 1684 di-

535 1711 799 1782 scipulis,
835 1713 1131 1785 siquidem
1160 1716 1253 1770 ille
1289 1718 1497 1773 morbo
1520 1719 1782 1774 avaritiae
1809 1718 2073 1775 nondum
2099 1736 2193 1774 ca-

533 1805 672 1873 ptus
693 1809 835 1872 erat,
861 1803 1107 1859 istivero
1135 1806 1393 1861 necdum
1409 1823 1714 1863 sermones
1732 1808 1805 1863 de
1826 1810 2191 1881 pauperibus

532 1890 748 1946 inﬁxos
779 1891 1099 1949 habebant.

604 1982 764 2035 Vers.
804 1984 890 2035 40.
920 1983 999 2037 Et
1030 1985 1388 2053 respondens
1418 2018 1482 2026 —
1530 1988 1646 2043 dic.
1678 1986 2007 2043 Pharisaeus
2039 1988 2191 2043 intra

534 2072 920 2141 semetipsum
945 2072 1018 2127 de
1051 2089 1119 2127 eo
1152 2074 1418 2132 offensus
1445 2084 1587 2142 erat,
1623 2077 1785 2149 quod
1820 2078 2190 2132 meretricem

533 2159 888 2223 admitteret,
916 2176 1019 2215 nec
1048 2162 1220 2217 sciret
1257 2180 1383 2219 esse
1418 2166 1811 2234 peccatricem
1845 2184 1857 2221 :
1888 2166 2015 2238 ipse
2049 2182 2191 2222 vero

532 2248 645 2303 hoc
676 2249 937 2319 cognito,
972 2251 1170 2321 majus
1225 2254 1515 2323 quiddam
1549 2256 1705 2317 facit,
1739 2272 1926 2327 quam
1955 2257 2025 2311 sit
2059 2272 2192 2327 pro-

533 2338 745 2409 phetze-
779 2338 1063 2411 detegens
1082 2342 1131 2395 ei
1161 2358 1451 2398 arcanum
1480 2344 1856 2413 cogitationis
1889 2362 2033 2402 suae.
2087 2350 2193 2401 tta-

529 2443 640 2499 qne
673 2428 950 2499 exemplo
981 2429 1371 2496 demonstrat,
1406 2434 1570 2503 quod
1614 2434 1792 2489 etiam
1823 2434 1938 2489 hoc
1969 2440 2186 2505 nosset,

534 2533 604 2571 ac
644 2517 794 2587 juste
844 2534 978 2573 eam
1028 2520 1363 2577 admitteret
1402 2528 1643 2594 propter
1672 2540 1957 2593 magnam
1998 2524 2190 2595 ipsius

531 2606 926 2673 dilectionem,
977 2625 1112 2679 quas
1168 2626 1203 2665 a
1264 2608 1379 2665 ﬁde
1412 2617 1467 2665 et
1524 2614 1874 2683 pwnitentia
1910 2613 2187 2684 procede-

528 2695 650 2750 bat.

598 2786 764 2839 Vers.
814 2787 900 2840 41.
946 2787 1072 2841 Duo
1122 2819 1189 2827 —
1232 2791 1388 2843 Vers.
1425 2791 1511 2845 43.
1553 2791 1858 2861 judicasti.
1910 2792 2050 2848 Hinc
2103 2792 2188 2846 in-

528 2874 912 2946 telligendum
948 2876 1133 2941 dedit,
1169 2878 1331 2949 quod
1379 2880 1535 2934 velut
1589 2888 1786 2935 narrat
1819 2883 2180 2952 exemplum,

526 2965 604 3020 ita
638 2981 782 3019 sane
814 2970 867 3019 et
898 2972 979 3036 tn,
1017 2972 1303 3039 tanquam
1336 2969 1385 3023 is
1414 2969 1515 3040 qui
1546 2972 1751 3042 paucis
1800 2971 2099 3027 obnoxius
2124 2990 2185 3027 es

526 3054 853 3126 suppliciis,
882 3070 1097 3126 parum
1140 3074 1232 3112 me
1265 3058 1518 3114 dilexisti
1562 3079 1575 3115 :
1606 3060 1729 3116 haec
1762 3077 1922 3127 vero,
1961 3068 2021 3117 ut
2048 3079 2183 3135 quas

524 3145 725 3199 multis
779 3150 904 3200 erat
956 3146 1232 3214 obnoxia,
1274 3148 1661 3205 vehementer
1704 3167 1787 3205 me
1843 3151 2065 3218 dilexit,
2127 3160 2186 3208 ut

523 3234 778 3290 multum
813 3235 925 3290 sibi
958 3238 1374 3293 remitteretur:
1410 3239 1545 3295 ideo
1577 3256 1822 3311 quoque
1850 3258 2181 3312 congruum

1864 332 2215 395 EUTHYMII
2249 330 2585 397 ZIGABENI

616 462 772 516 Vers.
806 461 891 517 38.
928 464 991 516 EI
1028 495 1085 502 --
1114 466 1455 535 extergebat.
1489 469 1840 535 Extergehat
1893 482 2014 527 eos,
2047 480 2195 535 quos
2226 466 2269 518 A

3795 346 3893 402 936

2381 472 2593 518 Καὶ-
2648 467 2950 538 ἐξέμασσεν.
3017 466 3362 537 Ἐσπόγγισεν
3429 466 3616 531 αὐτοὺς
3694 466 3892 543 διαϐροο

2306 576 2437 625 χους
2491 560 2807 627 γινομένους.
2851 556 2907 607 Ὀ
2950 552 3007 608 δὲ
3056 558 3303 629 Χριστός,
3359 552 3508 617 εἰδὼς
3563 561 3654 615 τὴν
3705 564 3887 624 αἰτίαν,

2308 646 2559 715 ἠνείχετο,
2596 648 2676 696 ἵνα
2726 652 2814 697 καὶ
2864 648 2891 704 η
2946 650 3129 705 πίστις
3160 646 3319 705 αὐτῆς
3350 653 3504 716 φανῇ,
3537 652 3624 698 καὶ
3662 649 3689 704 ἡ
3722 649 3893 720 θερμό-

2306 754 2396 795 της
2453 744 2545 796 τῆς
2596 741 2888 806 μετανοίας,
2931 741 3018 787 καὶ
3075 736 3156 786 ἶνα
3205 734 3363 797 ἀξίως
3410 738 3601 786 τούτων
3651 735 3777 807 λάϐῃ
3832 742 3883 789 τό

2309 825 2371 884 ζη
2385 828 2643 896 τούμενον.

2383 920 2481 966 Καὶ
2538 915 2797 986 κατεφίλει
2849 946 2916 954 —
2981 917 3149 988 μύρῳ.
3208 913 3475 984 Κατεφίλει
3533 917 3621 985 μὲν
3696 914 3887 985 αὐτούς,

2307 1007 2374 1065 ὡς
2432 1001 2719 1076 δυναμένου
2758 1004 3033 1075 πληρῶσαι
3092 1008 3186 1061 τὴν
3239 1006 3450 1059 αἴτησιν
3508 1002 3686 1068 αὐτῆς,
3716 1006 3889 1067 εἰτουν,

2307 1097 2375 1155 ως
2422 1102 2574 1146 Θεου·
2633 1093 2803 1164 ἡλειφε
2838 1090 2896 1145 δὲ
2949 1102 3018 1162 τῷ
3066 1096 3232 1167 μύρῳ,
3282 1100 3493 1164 τιμῶσα
3548 1100 3724 1144 τοῦτον
3774 1092 3888 1165 ὕπερ

2308 1182 2593 1254 ἆνθρωπον,
2628 1185 2695 1244 ὡς
2728 1183 2851 1234 ὂντα
2878 1184 3003 1256 ὑπερ
3038 1184 3329 1253 ἄνθρωπον.

2380 1358 2527 1415 Ἰδὼν
2575 1393 2643 1400 —
2700 1360 2999 1433 ἁμαρτωλός
3066 1358 3199 1412 ἐστι.
3290 1355 3698 1419 Σκανδαλισθεὶς
3768 1357 3889 1429 ελεγε

2304 1460 2487 1511 ταῦτα,
2518 1456 2589 1522 μὴ
2624 1457 2911 1522 γινώσκων,
2969 1452 3048 1501 ὅτι
3097 1453 3225 1511 Θεὸς
3296 1452 3385 1512 ὧν,
3424 1444 3518 1500 διὰ
3568 1452 3679 1508 τοὺς
3731 1447 3887 1519 ἁμαρ-

2304 1543 2496 1601 τωλοὺς
2546 1540 2956 1614 tympanum.
3007 1544 3141 1591 Οὔτε
3206 1535 3264 1592 δὲ
3307 1541 3332 1590 ό
3406 1535 3613 1599 Ἰούδας
3684 1536 3890 1589 ἐνταῦθα

2304 1630 2603 1701 ἐγόγγυσεν,
2646 1633 2761 1681 οὔτε
2812 1633 2914 1700 μὴν
2964 1631 3012 1680 οἱ
3051 1628 3195 1680 ἄλλοι
3234 1629 3490 1699 μαθηταί.
3544 1633 3599 1678 Ὀ
3653 1630 3741 1698 μὲν
3776 1629 3888 1697 γὰρ,

2305 1724 2448 1771 οὔπω
2477 1729 2546 1790 τῷ
2577 1724 2843 1790 νοσήματι
2890 1726 2984 1779 τῆς
3021 1717 3367 1792 φιλαργυρίας
3418 1716 3653 1768 ἑάλωκεν
3723 1717 3768 1767 οἱ
3818 1711 3887 1780 δε,

2230 1818 2268 1870 Β
2304 1813 2445 1861 οὔπω
2509 1813 2629 1868 τοὺς
2686 1810 2811 1879 ὑπὲρ
2868 1815 2967 1859 τῶν
3021 1816 3249 1877 πτωχῶν
3307 1806 3495 1877 λόγους
3552 1803 3891 1877 ἐμπεπηγότας

2304 1896 2468 1970 εἶχον.

2378 1993 2476 2040 Καὶ
2530 1986 2827 2059 ἀποκριθεὶς
2864 2016 2929 2025 -
2977 1986 3105 2041 εἰπέ,
3156 1987 3215 2037 Ὀ
3255 1988 3344 2057 μὲν
3397 1991 3679 2060 Φαρισαῖος
3727 1982 3887 2035 ἐσκαν-

2304 2076 2530 2134 δαλίσθη
2579 2078 2694 2127 καθ’
2743 2076 2923 2127 ἑαυτὸν
2957 2074 3069 2145 (39)
3129 2074 3210 2127 ἐπ’
3241 2074 3407 2145 αὐτῷ,
3464 2077 3535 2135 ὡς
3586 2075 3887 2146 προσιεμένῳ

2302 2174 2394 2225 τὴν
2457 2172 2668 2240 πόρνην,
2718 2170 2806 2216 καὶ
2852 2170 2922 2236 μὴ
2954 2170 3253 2239 προγνόντι,
3288 2165 3369 2216 ὅτι
3401 2162 3704 2236 ἁμαρτωλός
3742 2160 3884 2212 ἐστιν·

2302 2256 2458 2316 αὐτὸς
2510 2253 2567 2307 δὲ
2615 2263 2767 2305 τουτο
2809 2258 2983 2325 γνοὺς,
3018 2254 3195 2324 μεῖζον
3246 2259 3516 2327 προφήτου
3572 2258 3724 2311 ποιεῖ,
3781 2248 3887 2299 ἀνα-

2301 2346 2572 2397 καλύπτων
2628 2343 2767 2413 αὐτῴ
2810 2346 2891 2393 τόν
2953 2341 3251 2415 ἀπόρρητον
3320 2338 3669 2412 διαλογισμὸν
3718 2337 3885 2399 αὐτοῦ,

2300 2441 2389 2487 καὶ
2423 2434 2598 2486 λοιπόν
2652 2428 2983 2484 ἀποδεικνύει
3023 2428 3116 2483 διὰ
3164 2432 3277 2501 (40)
3317 2426 3765 2503 παραδείγματος,
3817 2427 3887 2477 ότι

2300 2530 2389 2576 καὶ
2408 2530 2655 2595 γινώσκει
2694 2525 2911 2587 ταύτην,
2942 2526 3031 2572 καὶ
3063 2517 3282 2582 δικαίως
3309 2520 3475 2579 αὐτὴν
3499 2522 3786 2593 προσίεται,
3805 2510 3890 2567 διὰ

2300 2620 2391 2672 τὴν
2424 2614 2489 2673 εἰς
2514 2613 2665 2664 αὐτόν
2697 2610 2887 2668 πολλὴν
2915 2609 3124 2680 ἀγάπην
3159 2610 3338 2675 αὐτῆς,
3374 2613 3491 2671 ἣτις
3520 2606 3578 2667 ἦν
3601 2606 3651 2659 ἐκ
3679 2610 3890 2663 πίστεως

2298 2709 2387 2755 καὶ
2427 2706 2722 2775 μετανοίας.

2372 2796 2467 2844 Δύο
2532 2823 2592 2831 —
2624 2794 2846 2861 ἔκρινας.
2895 2786 3122 2841 Δέδωκεν
3174 2786 3400 2840 ἐντεῦθεν
3459 2793 3609 2851 νοεῖν,
3657 2784 3734 2835 ὅτι
3788 2782 3888 2831 ὦσ-

2298 2902 2389 2954 περ
2440 2885 2551 2953 ἔχει
2595 2885 2652 2931 τό
2684 2876 3047 2952 παράδειγμα,
3080 2879 3242 2938 ουτως
3294 2876 3399 2949 ἄρα
3451 2880 3515 2929 σὺ
3543 2878 3652 2947 μεν,
3699 2874 3761 2931 ως
3794 2868 3888 2920 ὄλί-

2296 2993 2416 3043 γαις
2469 2975 2744 3043 τιμωρίαις
2798 2970 3070 3041 ὑπόχρεως
3124 2969 3211 3031 ὦν,
3263 2966 3437 3037 ὀλίγον
3482 2984 3545 3037 με
3596 2964 3885 3034 ἠγάπησας

2297 3064 2427 3119 αῦτη
2482 3056 2560 3125 δὲ,
2616 3062 2679 3119 ὡς
2735 3058 2964 3117 πολλαῖς,
3025 3056 3175 3121 πολὺ,
3231 3059 3317 3107 ἶνα
3367 3055 3498 3108 πολὺ
3543 3052 3671 3123 αὐτῇ
3713 3048 3885 3119 ἀφεθῇ·

2226 3150 2383 3220 ρδιό
2461 3155 2549 3201 καὶ
2614 3153 2680 3209 ως
2760 3147 2889 3200 πολὺ
2965 3146 3321 3218 ἀγαπήσασαν
3375 3144 3744 3218 προσηκάμην,
3813 3138 3889 3186 ἵνα

2295 3242 2423 3295 πολὺ
2453 3240 2661 3312 ἀφήσω.
2699 3238 2835 3290 Πολὺ
2878 3234 2935 3289 δὲ
2958 3244 3043 3287 νῦν
3078 3240 3133 3287 τό
3170 3241 3269 3287 πᾶν
3299 3240 3508 3292 νόησον.

523 3324 667 3380 mihi
694 3330 785 3379 est
826 3328 887 3379 ut
918 3325 987 3394 ei,
1024 3330 1314 3397 tanquam
1349 3329 1727 3385 vehementer
1763 3330 2046 3401 diligenti,
2101 3336 2356 3391 multum
2419 3330 2732 3385 remittam.
2767 3327 3014 3382 Multum
3069 3330 3291 3390 autem,
3340 3324 3599 3392 intellige
3630 3319 3724 3374 hic
3766 3314 3881 3369 uui-

522 3431 762 3469 versum
796 3413 1080 3469 debitum.

594 3506 754 3560 Vers.
788 3505 875 3558 44.
914 3505 991 3558 Et
1029 3522 1344 3563 conversus
1376 3540 1440 3547 —
1474 3508 1634 3563 Vers.
1667 3512 1752 3564 46.
1808 3509 1972 3579 pedes
2004 3528 2177 3569 meos.

519 3598 601 3650 Tu
634 3594 878 3666 quidem
905 3610 976 3650 ea
1008 3596 1208 3662 etiam,
1242 3597 1590 3669 qutPfacilia
1617 3604 1783 3656 erant
1818 3616 1935 3655 non
1970 3600 2177 3667 fecisti,

518 3685 647 3740 hrec
695 3700 856 3747 vero,
909 3701 1041 3757 qum
1092 3686 1267 3742 etiam
1302 3685 1571 3742 difﬁcilia
1615 3695 1752 3742 sunt
1792 3694 2043 3760 operata
2069 3697 2179 3749 est.

593 3776 735 3831 Vide
768 3783 985 3844 autem,
1019 3777 1181 3847 quod
1217 3777 1294 3831 ab
1326 3775 1437 3843 his,
1474 3776 1626 3831 unde
1657 3777 1817 3848 prius
1849 3794 2020 3834 suam
2048 3780 2181 3852 ipsa

516 3867 848 3923 venabatur
874 3868 1291 3940 perditionem,
1322 3866 1399 3923 ab
1422 3867 1643 3922 eisdem
1670 3884 1827 3923 nunc
1852 3876 2063 3926 venata
2094 3876 2182 3926 est

520 3958 775 4013 salutem
810 3976 821 4013 :
864 3958 1149 4030 lacrymis
1180 3958 1341 4013 enim
1374 3957 1679 4012 amatoriis
1713 3962 1771 4011 et
1821 3958 2045 4029 capillis
2083 3976 2180 4015 cu-

518 4048 731 4102 riosius
788 4048 1151 4103 concinnatis
1204 4064 1272 4103 ac
1300 4051 1616 4116 unguento,
1647 4046 1900 4102 lascivos
1925 4049 2180 4120 juvenes

516 4137 904 4194 demenlabat
926 4154 1089 4209 :quaa
1105 4154 1240 4192 vero
1257 4135 1770 4208 primumfuerunt
1792 4137 2180 4194 instrumenta

518 4228 768 4298 peccati,
796 4244 865 4283 ea
904 4244 1060 4283 nunc
1089 4228 1217 4283 fecit
1247 4227 1643 4281 instrumenta
1675 4225 1927 4281 virtutis.

596 4318 751 4373 Vers.
785 4319 873 4372 47.
908 4320 1166 4387 PrOpter
1195 4316 1347 4388 quod
1378 4346 1442 4357 --
1476 4315 1746 4369 multum.
1796 4316 1970 4372 Multa
2008 4316 2179 4389 equi-

518 4406 658 4462 dem
692 4424 830 4463 cum
863 4407 964 4462 illa
1013 4406 1198 4462 multa
1253 4406 1517 4469 haberet,
1578 4410 1633 4458 et
1663 4407 1874 4460 omnia
1898 4408 2175 4461 remissa.

590 4497 859 4551 Vers.“.
896 4497 1001 4551 Cui
1025 4503 1215 4551 autem
1242 4526 1309 4535 —
1335 4494 1553 4565 diligit.
1589 4495 1707 4551 Hoc
1738 4495 1900 4563 dixit,
1943 4510 2179 4568 repren-
2214 4526 2258 4579 Ι)

518 4585 667 4639 dens
693 4586 1012 4642 Simonem.

588 4674 751 4729 Vers.
783 4678 875 4732 48.
906 4675 1063 4730 Dixit
1094 4707 1162 4714 —
1190 4680 1425 4745 peccata
1452 4680 1575 4731 tua.
1626 4673 1777 4729 Dixit
1830 4672 1945 4729 hoc
1984 4672 2085 4737 illi,
2117 4676 2177 4727 ut

515 4764 726 4819 certior
754 4765 886 4835 ipsa
914 4764 1279 4835 redderetur,
1329 4772 1384 4820 et
1414 4754 1543 4836 ipse
1590 4763 1841 4818 donaret
1888 4761 2176 4832 indigenti

512 4853 673 4926 quod
695 4854 795 4910 illa
826 4854 1090 4926 petebat.

584 4944 747 4999 Vers.
780 4947 846 5000 49
877 4945 956 4999 Et
987 4951 1281 5014 cmperunt
1340 4942 1581 4999 remittit
1610 4946 1635 4995 .9
1668 4944 1786 4997 Hoc
1832 4944 1887 4996 et
1944 4939 2041 4996 alii
2092 4940 2179 4995 di-

509 5039 742 5100 xerunt,
773 5036 1022 5107 quando
1054 5034 1444 5107 paralyticum
1473 5031 1723 5087 curavit.

582 5124 747 5180 Vers.
777 5125 867 5179 50.
900 5124 1071 5181 Dixit
1100 5130 1298 5181 autem
1330 5152 1395 5162 -—
1423 5136 1578 5192 pace.
1616 5120 1838 5176 Eodem
1877 5119 2063 5175 modo
2093 5118 2177 5174 lo-

508 5217 680 5269 cutus
695 5215 867 5270 estad
894 5230 1050 5283 eam,
1078 5229 1212 5286 quae
1249 5210 1560 5281 sanguinis
1600 5208 1896 5282 proﬂuvio
1937 5207 2176 5265 labora-

506 5301 629 5368 bat,
644 5303 1165 5375 quemadmodum
1180 5301 1465 5359 vicesimo
1483 5306 1644 5355 sexto
1663 5298 1961 5372 prmsentis
1974 5300 2014 5353 E
2028 5312 2179 5354 van-

510 5392 648 5465 gelii
690 5393 879 5465 capite
911 5392 1201 5449 invenies.

2368 3516 2466 3564 Καὶ
2501 3512 2739 3581 στραφεὶς
2767 3537 2833 3547 -
2862 3526 2961 3577 μου
2995 3510 3114 3567 τοὺς
3145 3501 3339 3565 πόδας.
3375 3510 3443 3556 Σὺ
3494 3505 3582 3575 μὲν
3614 3501 3676 3552 τὰ
3703 3494 3879 3566 εὐχερῆ

2290 3607 2594 3659 πεποίηκας’
2625 3599 2754 3655 αὕτη
2783 3593 2840 3648 δὲ
2875 3599 2940 3647 τά
2980 3592 3220 3669 δυσχερῆ
3251 3591 3592 3668 διεπράξατο.

2359 3780 2494 3852 Ὀρα
2526 3775 2602 3841 δὲ,
2637 3780 2715 3828 ὃτι
2754 3775 2805 3838 ἐξ
2836 3772 2902 3825 ὧν
2952 3778 3199 3847 πρότερον
3252 3773 3466 3845 ἐθήρευε
3506 3775 3598 3827 τὴν
3642 3761 3881 3817 ἀπώλειαν

2291 3868 2497 3931 ἑαυτῆς,
2554 3866 2607 3917 ἐκ
2657 3868 2850 3917 τούτων
2909 3862 3094 3937 ἀρτίως
3149 3862 3399 3937 ἐθήρευσε
3457 3866 3549 3918 τὴν
3608 3853 3880 3925 σωτηρίαν-

2290 3960 2522 4028 Δακρυσι
2576 3956 2687 4026 (41)
2741 3958 2838 4027 γάρ
2909 3951 3195 4027 ἐρωτικοῖς,
3245 3957 3335 4003 καὶ
3388 3950 3530 4025 θριξὶ
3573 3942 3885 4020 περιεργότε-

2288 4066 2375 4120 ρον
2436 4042 2921 4115 διαπεπλεγμέναις,
2990 4046 3080 4093 καὶ
3137 4044 3285 4115 μύρῳ
3371 4044 3493 4103 τοὺς
3575 4032 3883 4088 ἀκολάστους

2290 4139 2648 4205 κτεγοήτευσε,
2678 4138 2767 4185 καὶ
2806 4134 2871 4183 τὰ
2900 4136 3020 4204 πρὶν
3052 4134 3245 4203 ὄργανα
3266 4138 3362 4191 τῆς
3384 4128 3668 4201 ἁμαρτίας,
3702 4123 3885 4193 ὄργανα

2290 4234 2376 4276 νυν
2412 4228 2689 4281 πεποίηκεν
2723 4221 2925 4294 ἀρετῆς.

2435 4309 2510 4365 Οὖ
2541 4315 2701 4386 χάριν
2733 4343 2797 4351 -
2823 4310 2973 4364 πολύ.
3008 4312 3070 4363 Αἰ
3098 4308 3280 4361 πολλαὶ
3306 4311 3418 4381 μὲν,
3459 4314 3630 4361 πᾶσαι
3670 4295 3746 4351 δέ.

2359 4492 2420 4543 Ὠ
2447 4488 2504 4543 δὲ
2538 4524 2595 4531 —
2656 4490 2854 4561 ἀγαπᾷ.
2911 4497 3074 4541 Τοῦτο
3129 4491 3301 4561 εῖρηκε
3353 4487 3739 4554 καθαπτόμενος
3797 4485 3881 4520 τον

2291 4588 2535 4653 Σίμωνος.
3807 4646 3823 4661 η

2363 4670 2483 4723 Eli-.5
2544 4703 2599 4711 -—
2655 4690 2748 4722 σου
2805 4672 2858 4721 αἱ
2907 4670 3177 4740 ἁμαρτίαι.
3222 4663 3371 4720 Εἶπεν
3431 4666 3560 4736 αὐτῇ
3610 4662 3879 4713 τοῦτονινα

2288 4760 2680 4832 πληροφορηθῇ,
2732 4765 2819 4810 καὶ
2874 4754 3074 4810 δίδωσι
3128 4765 3189 4829 τῇ
3248 4753 3462 4829 δεομένη
3537 4755 3594 4804 τὸ
3654 4751 3882 4807 Oli-TW?"

2288 4871 2392 4904 νον.

2362 4944 2461 4992 Καὶ
2514 4938 2736 5012 ἡρξαντο
2781 4969 2835 4976 -
2869 4935 3083 5009 ἀφίησιν
3119 4952 3131 4999 ;
3190 4931 3343 4987 Εἶπον
3388 4941 3541 4987 τοῦτο
3592 4927 3682 4979 καὶ
3711 4927 3878 4985 πίθοι’

2287 5032 2368 5081 ὅτε
2400 5032 2485 5080 τόν
2512 5027 2861 5100 παραλυτικὸν
2885 5026 3244 5100 ἐθεράπευσεν.
3834 5091 3841 5101 ε

2357 5116 2482 5171 Είπε
2530 5114 2587 5170 δὲ
2634 5148 2704 5157 ——
2754 5117 2980 5191 εἰρήνην.
3038 5115 3264 5187 Ἐφησεν
3320 5117 3458 5166 οὕτω
3489 5128 3581 5163 και
3632 5103 3763 5174 πρὸς
3791 5103 3878 5142 την

2285 5206 2688 5282 αἱμορῤοοῡσαν,
2723 5207 2793 5267 ὡς
2822 5206 3056 5277 εὑρήσεις
3100 5202 3149 5255 ἐν
3180 5211 3250 5274 τῷ
3308 5207 3530 5272 εἰκοστῷ
3574 5194 3699 5261 ἷκτῳ
3740 5191 3882 5248 “7a-

2284 5296 2413 5369 λαίῳ
2451 5303 2542 5349 τοῦ
2574 5299 2829 5370 παρόντος
2859 5292 3200 5366 Εὐαγγελίου.

1718 5513 1941 5584 Variae
1970 5513 2299 5584 lectiones
2342 5522 2636 5582 etnotae.

740 5682 856 5739 Ἐπ’
890 5685 1029 5754 αὐτῷ
1055 5683 1225 5739 abest
1254 5685 1326 5738 A.

609 5687 675 5739 39
740 5682 856 5739 Ἐπ’
890 5685 1029 5736 αὑτῶ
1055 5683 1162 5739 abe

584 5682 699 5827 ito;
727 5756 830 5810 Τού
862 5738 1022 5811 addit
1055 5756 1118 5810 A.
1154 5806 1162 5845 ,

2356 5676 2471 5753 (41)
2502 5676 2606 5751 Γάρ
2639 5673 2804 5731 abest
2833 5672 2901 5730 Α.
