4074 6442
170 408 276 470 937
1181 411 1549 470 COMMENT.
1594 411 1663 469 IN
1703 398 1972 467 LUCAM.
2013 440 2081 450 -
2120 400 2273 466 CAP.
2321 406 2462 465 VIII.
3454 368 3559 465 938

248 543 445 592 Γένοιτο
482 535 543 592 δί
582 543 672 592 καὶ
717 544 808 598 τὴν
861 538 987 612 ἕμήν
1047 544 1259 614 πόρνην,
1311 544 1449 602 ἤτοι,
1501 542 1592 596 τὴν
1639 536 1783 609 wh,"
1819 536 1857 589 Α

1954 536 2130 590 tinam
2165 540 2364 591 autem
2407 533 2788 606 contingeret,
2823 537 2889 591 ut
2935 537 2992 590 et
3020 520 3226 590 anima
3273 522 3421 613 mea
3450 518 3563 617 for:-

179 625 326 681 ὃονόν
380 648 480 700 μου
528 628 717 701 ψυχὴν
760 637 1100 701 μετανοῆσαι,
1142 637 1230 682 καὶ
1274 626 1533 703 δάκρυσιν
1574 626 1788 679 ἀπολού-

1960 625 2140 691 caria,
2171 624 2291 680 sive
2323 626 2697 697 voluptatum
2735 625 3010 690 amatrix,
3040 623 3387 705 pmnitentia
3417 638 3564 697 pun-

183 720 381 770 σασθαι
420 722 516 775 τὴν
549 714 825 771 δυσωδίαν
856 728 947 771 τού
979 718 1237 795 βορϐόρου
1269 726 1359 778 τῆς
1389 718 1669 790 ἁμαρτίας,
1702 721 1789 767 καὶ

1955 719 2151 781 eretur,
2180 719 2237 769 et
2263 713 2545 786 lacrymis
2595 713 2862 770 ablueret
2891 713 3162 770 faetorem
3206 713 3395 785 ipsius
3429 729 3564 788 pec-

183 816 540 883 προσαγαγεῖν
571 816 646 878 τῷ
670 816 783 879 Θεῷ
817 805 1039 861 εὐωδίαν
1065 812 1232 884 μύρου
1272 807 1476 881 ἀρετῆς.

1958 802 2032 868 ιιὶ,
2053 818 2123 858 ac
2140 819 2387 859 suavem
2408 802 2486 860 ad
2519 806 2704 860 Deum
2725 802 2978 860 deferret
3006 802 3255 861 odorem
3279 803 3567 874 unguenti

1898 891 2091 964 ipsius
2134 892 2393 950 Virtutis.

259 989 363 1042 Καὶ
385 985 580 1057 ἐγένετο
604 1018 670 1027 ——
698 994 788 1038 τού
810 994 962 1041 Θεοῦ.
988 985 1360 1057 Καταγσγέλλων
1386 990 1478 1043 τήν
1507 983 1795 1037 ἀπόλαυσιν

1972 981 2121 1036 CAP.
2149 981 2295 1036 VIII.
2330 981 2496 1038 Vers.
2534 986 2581 1038 1.
2610 981 3167 1054 Factumque—Dei.
3198 981 3567 1039 Denuntians

189 1081 274 1133 τὴν
316 1078 476 1143 θείαν,
527 1081 621 1133 την
653 1074 945 1133 ἀνάπαυσιν
992 1080 1085 1134 τὴν
1131 1072 1325 1143 ἀίδιον,
1372 1078 1452 1128 ὅτι
1496 1071 1795 1148 δεδώρηται

1961 1070 2067 1126 10d
2097 1070 2293 1127 fruitio
2323 1070 2549 1143 divina,
2591 1073 2947 1145 requiesque
2980 1073 3347 1146 sempiterna
3374 1071 3570 1128 dona-

189 1173 297 1227 τοῖς
328 1167 669 1217 πιστεύουσιν
701 1172 772 1227 εἰς
801 1164 979 1223 αύτόν,

1900 1165 2109 1215 rentur
2137 1159 2199 1215 in
2241 1158 2441 1231 ipsum
2494 1159 2902 1219 credentibus.

264 1260 365 1308 Καὶ
394 1286 460 1295 -
486 1254 648 1325 αύτῷ.
673 1261 800 1313 Συνῆ
813 1274 907 1307 σαν
938 1255 1098 1326 αύτῷ.

1979 1246 2143 1313 Vers.
2174 1248 2227 1303 1.
2253 1248 2332 1304 Et
2357 1278 2429 1291 —
2453 1264 2538 1306 eo.
2570 1250 2751 1306 Simul
2781 1256 2947 1306 erant
2972 1266 3112 1306 cum
3142 1266 3238 1308 eo.

266 1343 369 1397 Καὶ
416 1352 655 1415 γυναῖκες
728 1376 796 1384 -
859 1344 1062 1405 αύταῖς.
1140 1343 1590 1418 Εύεργετηθείσαι,
1671 1344 1796 1416 γὰρ,

1976 1336 2143 1393 Vers.
2197 1342 2251 1392 2.
2304 1342 2393 1395 Ac
2442 1339 2712 1396 mulieres
2770 1370 2840 1381 --
2888 1341 3051 1397 Vers.
3111 1344 3164 1397 3.
3222 1328 3363 1397 suis.
3420 1339 3570 1395 Cum

192 1434 286 1486 ούκ
337 1431 642 1490 ἀπέστησαν
688 1431 774 1484 ἀπ’
821 1433 1001 1485 αὐτοῦ’
1046 1429 1296 1505 δαιμόνια
1347 1429 1404 1485 δὲ
1456 1433 1627 1498 ἑπτὰ,,
1669 1436 1801 1494 τινες

1961 1426 2066 1483 lim
2109 1426 2416 1483 beneﬁciis
2459 1428 2537 1484 ab
2563 1444 2635 1485 eo
2685 1428 2913 1485 affectae
2963 1434 3182 1495 essent,
3228 1445 3348 1485 non
3376 1429 3570 1485 dices-

193 1526 549 1597 ἡρμήνευσαν,
602 1521 716 1574 ἀντὶ
753 1530 864 1587 τοῦ,
910 1523 1090 1587 πολλοὶ.
1136 1525 1354 1584 Σύνηθες
1395 1525 1495 1595 γὰρ
1522 1522 1797 1597 Ἑϐραίοις,

1963 1521 2109 1572 erunt
2131 1517 2207 1572 ab
2240 1532 2331 1573 eo.
2366 1519 2603 1589 Septem
2632 1517 2937 1575 daemonia
2962 1517 3207 1591 quidam
3235 1534 3343 1599 pro
3373 1517 3572 1574 multis

195 1614 325 1666 ἑπτα
382 1612 566 1683 λέγειν,
602 1614 667 1663 τὰ
716 1611 897 1664 πολλοί.
948 1614 1251 1687 Ἐττίτροπον
1304 1608 1362 1663 δὲ
1406 1608 1640 1684 Ἰῐρώδου
1685 1612 1797 1682 (42)

1967 1608 2759 1678 .terpretantur.Consuetum
2772 1612 2861 1663 est
2872 1623 3139 1680 namque
3155 1606 3317 1687 apud
3331 1607 3576 1663 Haebraa-

194 1708 298 1755 νόει
358 1706 445 1755 τόν
496 1700 807 1773 ἐπιμελητὴν
861 1706 950 1753 καὶ
1008 1704 1273 1773 οἰκονόμον
1326 1710 1423 1753 τῶν
1482 1702 1801 1774 πραγμάτων

1968 1713 1977 1749 ι
2007 1698 2238 1767 septem
2266 1711 2495 1761 vocare,
2538 1711 2675 1769 qua:
2708 1696 2899 1752 multa
2939 1702 3096 1752 sunt.
3126 1699 3577 1753 Procuratorem

199 1792 382 1845 αύτοῡ.
1909 1800 2050 1841 vero
2067 1784 2314 1840 Herodis
2331 1784 2592 1857 intellige
2611 1800 2999 1842 (economum
3018 1791 3074 1842 et
3094 1786 3574 1859 dispensatorem

1838 1890 1878 1944 Β
1914 1889 2115 1929 rerum
2162 1873 2369 1945 ipsius.

348 1976 496 2024 ΚΕΦ.
533 1969 654 2026 KB'.
705 1975 829 2043 Περὶ
870 1977 963 2029 τῆς
992 1968 1291 2043 παραϐολῆς
1317 1977 1407 2021 τοῦ
1441 1973 1659 2042 σπόρου.

2166 1960 2506 2018 CAP.XXII.
2538 1965 2622 2020 De
2664 1965 2981 2021 seminante
3008 1964 3326 2033 parabola.

274 2068 516 2120 Συνοντος
548 2057 607 2112 δέ
637 2091 704 2101 -
745 2058 1271 2112 ἑκατονταπλασίονα.
1322 2063 1445 2133 Περὶ
1486 2061 1675 2117 ταύτης
1715 2064 1808 2117 τῆς

1988 2052 2155 2108 Vers.
2180 2056 2232 2108 4.
2256 2055 2401 2109 Cum
2422 2060 2621 2111 autem
2653 2054 2992 2110 conveniret
3011 2084 3077 2095 —
3107 2054 3277 2110 Vers.
3305 2055 3356 2109 8.
3378 2060 3583 2112 centu.

199 2149 474 2223 παραϐολῆ
487 2170 508 2210 ς
528 2157 619 2201 τού
645 2154 842 2221 σπόρου
857 2149 1169 2221 πλατύτερον
1183 2150 1208 2199 ὁ
1242 2150 1511 2209 Ματθαῑος
1532 2147 1713 2220 ἰστόρη
1725 2165 1807 2197 σεν

1975 2144 2107 2198 tum.
2167 2144 2245 2199 De
2280 2143 2394 2199 hac
2452 2144 2734 2200 sementis
2780 2143 3070 2216 parabola
3131 2144 3308 2201 latius
3349 2144 3584 2218 scripsit

201 2239 249 2291 ἐν
283 2248 355 2310 τῷ
405 2239 623 2309 εἰκοστῷ
650 2241 876 2309 τετάρτῳ
906 2237 1163 2310 κεφαλαίῳ
1208 2238 1387 2291 αὐτοῦ.
1442 2237 1544 2291 Καὶ
1577 2237 1808 2297 ζήτησον

1973 2232 2223 2288 atthaeus
2273 2233 2552 2289 vicesimo
2601 2238 2817 2306 quarto
2864 2234 3059 2306 capite
3106 2249 3121 2301 ;
3170 2238 3227 2290 et
3276 2233 3358 2289 ibi
3383 2233 3457 2291 de
3486 2233 3580 2290 his

201 2328 249 2381 ἐν
292 2328 465 2399 ἐκείνῳ
500 2334 617 2402 περὶ
648 2330 841 2380 τούτων
868 2329 1091 2381 πάντων.
1922 2320 2202 2377 omnibus
2226 2337 2448 2394 (Ῑυωΐθ.

274 2424 455 2470 Ταῦτα
506 2449 571 2458 -
627 2415 872 2471 ἀκουέτω.
937 2418 1016 2469 Ἐν
1070 2415 1241 2488 ἐκείνῳ
1305 2421 1395 2468 καὶ
1454 2420 1569 2491 περὶ
1626 2418 1810 2467 τούτου

1993 2411 2160 2467 Vers.
2193 2414 2245 2467 8.
2278 2412 2419 2469 ch
2443 2442 2512 2453 —
2541 2412 2776 2470 audiat.
2807 2412 2887 2469 De
2918 2412 3010 2469 his
3041 2412 3217 2469 etiam
3246 2412 3329 2469 ibi
3355 2411 3582 2470 dictum

203 2512 432 2583 εἴρηται.

1924 2506 2036 2559 est.
3238 2576 3240 2580 ι

278 2596 593 2670 Ἐπηρώτων
615 2627 681 2636 -
705 2601 859 2650 Θεοῦ.
888 2596 1108 2667 Ὁμοίως
1135 2599 1217 2647 καὶ
1250 2600 1366 2667 περὶ
1391 2597 1601 2647 τούτων.

1996 2592 2154 2648 Vers.
2190 2594 2244 2648 9.
2275 2591 2725 2665 Interrogabant
2750 2623 2819 2634 —
2843 2591 3006 2649 Vers.
3038 2592 3124 2649 10.
3157 2590 3285 2649 Dei.
3311 2591 3588 2650 Similiter

1926 2685 1983 2737 et
2020 2679 2095 2736 de
2126 2680 2239 2736 his.

280 2783 403 2837 Τοῖς
433 2772 492 2828 δὲ
521 2774 719 2835 λοιποῖς
748 2806 816 2814 -
846 2773 1186 2847 παραϐολαῖς.
1212 2774 1271 2826 Ὀ
1302 2770 1360 2826 δὲ
1387 2776 1597 2849 Μάρκος
1622 2774 1817 2849 ἔγραψε

1999 2770 2162 2825 Vers.
2204 2771 2292 2827 10.
2349 2770 2589 2828 Caeteﬁs
2632 2778 2833 2829 autem
2890 2803 2958 2812 —
2998 2771 3319 2844 parabolis.
3354 2771 3588 2830 Marcus

212 2870 551 2939 σαφέστερον,
582 2863 763 2937 λέγων’
798 2864 1036 2926 Ἐκείνοις
1068 2860 1127 2916 δὲ
1158 2872 1265 2924 τοῖς
1296 2864 1389 2927 ἔξω
1425 2863 1471 2915 ἐν
1499 2864 1818 2940 παραϐολαῖς

1982 2876 2070 2916 aro
2097 2859 2329 2932 planius
2356 2861 2609 2933 scripsit,
2665 2862 2906 2921 dicens:
2940 2863 3048 2918 His
3073 2869 3268 2919 autem
3297 2864 3415 2934 qui,
3438 2862 3591 2933 foris

212 2958 281 3007 τὰ
328 2957 497 3007 πάντα
526 2959 743 3024 γίνεται,
800 2959 899 3006 Καὶ
932 2955 1163 3014 ζήτησον
1212 2959 1305 3011 τὴν
1344 2956 1538 3005 τούτων
1570 2953 1819 3025 ἐξήγησιν

1984 2956 2091 3016 tnt,
2120 2951 2181 3004 in
2208 2950 2516 3018 parabolis
2544 2951 2744 3007 omnia
2766 2952 2923 3018 ﬁunt
2946 2953 3011 2987 ‘1-
3044 2954 3107 3006 Et
3141 2952 3359 3008 horum
3392 2967 3593 3024 quaere

213 3044 264 3095 ἐν
300 3053 367 3113 τῷ
399 3042 557 3115 ἐνάτῳ
588 3043 846 3115 κεφαλαίῳ
878 3043 1058 3096 αὐτοῦ.

1930 3040 2363 3112 expositionem
2409 3054 2568 3095 nono
2617 3040 2743 3110 ejus
2774 3040 2985 3111 capite.

289 3132 399 3186 Ἰνα
448 3165 508 3173 —
577 3142 844 3185 συνιῶσιν.
904 3134 988 3185 Ἐν
1036 3141 1105 3203 τῷ
1163 3135 1377 3203 τοιούτῳ
1431 3134 1687 3205 κεφαλαίῳ
1733 3143 1821 3186 τοῦ

2004 3131 2169 3185 Vers.
2204 3130 2289 3184 10.
2344 3129 2420 3185 Ut
2450 3160 2519 3169 —
2555 3128 2925 3201 intelligant.
2952 3129 3038 3185 Ibi
3059 3134 3114 3186 et
3142 3130 3267 3187 haec
3293 3128 3596 3187 declarata

216 3225 437 3295 Μάρκου
468 3228 558 3273 καὶ
589 3230 756 3273 ταῦτα
788 3219 1269 3295 διηρμηνεύθησαν.
1855 3250 1895 3308 C
1935 3223 2089 3275 sunt.

292 3311 445 3364 Ἐστι
475 3343 544 3352 -
579 3311 869 3386 παραϐολή.
916 3311 1078 3379 Αὕτη,
1122 3310 1234 3364 ἀντὶ
1278 3319 1389 3375 τοῦ,
1426 3316 1661 3378 τοιαύτη,
1694 3318 1827 3366 κατα
1871 3307 1879 3308 ί

2008 3312 2162 3364 Vers.
2198 3312 2277 3367 Il.
2308 3310 2498 3364 Est—
2527 3308 2833 3380 parabola.
2864 3309 3015 3374 Haec,
3040 3307 3102 3365 id
3127 3312 3233 3373 est,
3267 3308 3406 3365 talis
3428 3308 3600 3382 juxta

213 3406 315 3460 τήν
340 3402 631 3475 ἑρμηνείαν.

1938 3398 2504 3470 interpretationem.

294 3499 336 3543 0
401 3496 598 3566 σπόρος
661 3522 729 3530 —
767 3496 917 3544 Θεοῦ.
979 3489 1038 3543 Ὀ
1102 3498 1194 3553 τῆς
1238 3495 1484 3556 πίστεως,
1543 3492 1567 3543 ό
1615 3491 1831 3562 εὐαγγε-

2012 3491 2172 3544 Vers.
2195 3489 2285 3543 11.
2306 3488 2515 3546 Semen
2549 3519 2614 3532 —
2638 3488 2763 3546 Dei.
2787 3487 2998 3545 Sermo
3028 3487 3171 3544 ﬁdei
3198 3487 3599 3561 evangelicae.

212 3582 333 3634 λικό
344 3601 382 3642 ς.

298 3675 363 3723 Οἵ
412 3667 471 3723 δε
510 3702 579 3711 -—
638 3672 897 3722 σωθῶσιν.
960 3670 1037 3723 Ἐν
1090 3679 1161 3741 τῷ
1217 3671 1427 3744 ῥηθέντι
1491 3672 1708 3742 εἰκοστῷ
1750 3690 1831 3723 τε·

2015 3669 2181 3725 Vers.
2215 3669 2302 3724 l2.
2338 3668 2449 3733 Qui
2496 3684 2624 3725 vero
2655 3701 2723 3708 —
2761 3668 2913 3725 salvi
2932 3668 3108 3737 ﬁant.
3143 3667 3427 3725 Prmdicto
3457 3668 3609 3724 vice-

216 3762 398 3831 τοὶρτῳ
464 3758 723 3832 κεφαλαίῳ
805 3764 964 3831 φησὶν
1033 3761 1057 3811 ὁ
1130 3762 1415 3821 Ματθαίοςο
1482 3763 1558 3813 ὅτι
1637 3765 1825 3821 Παντὸς

1999 3774 2087 3814 mo
2117 3762 2331 3830 quarto
2358 3758 2542 3830 capite
2574 3759 2651 3813 ait
2684 3757 2984 3815 Matthaeus
3019 3773 3030 3811 :
3067 3757 3209 3813 Cum
3242 3757 3422 3829 quivis
3448 3757 3607 3813 audi-

222 3850 501 3909 ἀκούοντος
575 3853 663 3901 τὸν
712 3850 860 3921 λόγον
934 3857 1024 3909 τῆς
1083 3848 1377 3921 βασιλείας,
1432 3857 1519 3902 καὶ
1594 3857 1664 3922 μὴ
1718 3871 1831 3902 συν-

2010 3849 2291 3904 tverbum
2324 3849 2501 3920 regni,
2536 3862 2639 3903 nec
2665 3847 2950 3917 intelligit
2984 3863 2994 3902 :
3026 3848 3177 3902 venit
3200 3847 3302 3903 ille
3324 3848 3527 3913 matus,
3554 3853 3612 3902 et

224 3943 419 4003 τέντος,
486 3941 699 4013 ἔρχεται
752 3940 777 3990 ό
862 3942 1108 4011 πονηρός,
1183 3945 1271 3991 καὶ
1344 3940 1566 4011 ἁρπάζει
1628 3944 1686 3992 τό
1746 3938 1833 3992 ἐσ-

2005 3938 2103 4007 :pit
2120 3938 2271 4009 quod
2286 3941 2632 3994 sominatum
2664 3945 2742 3993 est
2761 3955 2818 3991 ιη
2845 3937 3022 3993 corde
3048 3937 3219 4008 ipsius
3241 3954 3258 4003 ;
3280 3937 3376 3994 hic
3395 3943 3497 4002 est,
3519 3936 3614 4008 qui

222 4033 486 4101 ﬁzpps'vow
564 4027 610 4080 ἐν
685 4036 744 4100 τῇ
802 4025 1001 4101 καρδία
1076 4028 1256 4084 αύτού.
1348 4029 1509 4090 Οὗτός
1592 4028 1730 4082 ἐστιν
1812 4031 1831 4081 ό

2004 4034 2121 4083 rcta
2166 4027 2315 4083 viam
2359 4027 2667 4083 seminatus
2710 4027 2825 4095 fuit
2884 4027 2952 4080 ⁴².
3006 4029 3070 4081 Et
3097 4030 3226 4096 lege
3270 4027 3613 4099 universam

224 4121 375 4192 παρὰ
433 4121 521 4175 τὴν
575 4113 698 4169 ὀδόν
758 4122 991 4191 σπαρείς.
1063 4123 1163 4170 Καὶ
1220 4116 1478 4190 ἀνάγνωθι
1549 4122 1641 4177 τὴν
1718 4117 1833 4174 ὧιην

2014 4133 2186 4171 orum
2252 4116 2706 4189 expositionem,
2766 4115 2922 4171 unde
2971 4120 3027 4170 et
3074 4116 3393 4188 praesentia
3442 4116 3614 4173 facile

224 4211 427 4260 τούτων
465 4206 736 4279 ἐξήγησιν,
776 4206 860 4279 ἀφ’
902 4207 964 4269 ἧς
1000 4204 1187 4282 ῥᾴδιον
1217 4216 1306 4261 και
1353 4211 1420 4261 τὰ
1461 4213 1693 4282 παρόντα
1724 4204 1833 4259 δια-

859 4211 860 4217 “
902 4207 964 4269 ἧς
1000 4204 1187 4282 ῥᾴδιον
1217 4216 1306 4261 και
1353 4211 1420 4261 τὰ
1461 4213 1693 4282 παρόντα
1724 4204 1840 4259 δια·
1949 4208 2054 4263 erit
2088 4223 2468 4277 cognoscere.

224 4318 445 4370 γνωναι.

307 4390 373 4439 Οἱ
402 4383 461 4439 δὲ
486 4385 570 4439 ἐπὶ
600 4395 695 4447 τῆς
725 4391 929 4461 πέτρας.
960 4388 1025 4439 Oi
1052 4382 1111 4439 δὲ
1149 4389 1284 4439 κατὰ
1308 4392 1398 4446 τὴν
1429 4392 1640 4461 πέτραν,
1688 4387 1837 4452 εἰσὶν,

2027 4386 2185 4442 Vers.
2220 4386 2301 4441 13.
2341 4385 2449 4454 Qui
2478 4400 2613 4441 vero
2639 4400 2813 4456 super
2835 4390 3083 4455 petram.
3119 4384 3228 4449 Qui
3254 4381 3334 4440 ad
3360 4384 3614 4455 petram,

227 4477 400 4543 οὗτοι,
432 4473 693 4539 δηλονότι,
729 4482 845 4549 περὶ
884 4477 950 4527 ὧν
981 4475 1099 4549 ἐρεῖ.

1952 4476 2014 4532 hi
2037 4480 2175 4531 sunt
2204 4474 2494 4538 videlicet,
2522 4474 2596 4530 de
2638 4473 2859 4548 quibus
2888 4473 3155 4529 dicturus
3190 4478 3294 4528 est.

308 4570 374 4621 Οἳ
427 4569 546 4620 ὅταν
580 4599 646 4607 -
679 4568 1012 4638 ἀφίστανται.
1063 4568 1147 4620 Ἐν
1197 4575 1268 4639 τῷ
1319 4569 1537 4640 τοιούτῳ
1584 4567 1843 4641 κεφαλαίῳ
1877 4614 1917 4668 D

2024 4565 2188 4620 Vers.
2226 4568 2310 4621 13.
2352 4564 2462 4629 Qui
2485 4580 2619 4621 cum
2646 4563 2943 4620 recedunt.
2977 4562 3199 4619 Eodem
3226 4564 3416 4635 capite
3448 4564 3625 4619 etiam

228 4665 328 4711 καὶ
352 4662 471 4733 περὶ
500 4666 599 4709 τῶν
629 4659 875 4709 τοιούτων
907 4659 1165 4733 εύρήσεις.

799 4677 875 4709 ’ων
907 4659 1165 4733 εὑρήσεις.
1877 4653 1918 4668 υ
1956 4655 2081 4711 Ι]ωο
2124 4653 2408 4710 invenies.

310 4751 380 4800 Τό
410 4743 469 4800 δὲ
510 4778 575 4787 -
608 4746 759 4800 εἰσιν.
796 4748 945 4802 Ἀντὶ
988 4754 1099 4811 τοῦ,
1152 4746 1199 4799 ἓν
1243 4750 1443 4810 τούτοις
1494 4746 1626 4801 ἔστί.
1672 4751 1846 4810 Ποίοις

2033 4746 2192 4799 Vers.
2220 4744 2307 4799 14.
2343 4743 2509 4809 Quod
2534 4746 2726 4800 autem
2759 4773 2823 4783 —
2842 4750 2999 4798 sunt.
3030 4744 3150 4799 Hoc
3171 4746 3277 4815 est,
3304 4742 3364 4799 in
3390 4742 3486 4799 his
3510 4747 3624 4799 est.

236 4840 443 4898 τούτοις
466 4854 480 4904 ;
508 4834 673 4890 Ἃκου
682 4855 790 4891 σον.

1960 4834 2247 4901 Qualibus
2278 4834 2369 4889 his
2427 4832 2455 4887 ?
2488 4831 2662 4888 Audi.

317 4928 383 4979 0i
484 4957 553 4966 —
646 4926 1061 5001 τελεσφοροῦσιν.
1175 4926 1297 4981 ’Υπό
1404 4936 1662 5003 μεριμνῶν
1761 4932 1850 4980 καὶ

2031 4924 2198 4980 Vers.
2216 4923 2301 4978 14.
2320 4922 2424 4988 Qui
2446 4954 2497 4963 —
2513 4923 2775 4993 referunt
2781 4921 3198 4993 fructum.Sub
3212 4921 3623 4991 sollicitudini-

241 5016 470 5071 πλούτου
562 5021 653 5069 καὶ
721 5013 943 5081 ἡδονῶν,
1035 5013 1148 5069 ἀντὶ
1218 5011 1357 5088 τού,
1411 5020 1542 5090 μετὰ
1595 5026 1850 5093 μεριμνῶν

2017 5031 2075 5069 us
2089 5019 2143 5069 et
2156 5012 2370 5068 divitiis
2386 5029 2455 5068 ac
2481 5011 2908 5082 voluptatibus:
2926 5012 3038 5067 hoc
3053 5018 3287 5067 estcum
3305 5010 3626 5066 sollicitudi

241 5111 334 5159 καὶ
436 5105 662 5159 πλούτου
753 5111 842 5159 καὶ
925 5102 1127 5165 ἡδονῶν
1215 5112 1569 5183 πορευόμενοι,
1663 5109 1849 5174 είτουν,

2023 5104 2143 5160 bus
2158 5109 2214 5159 et
2241 5100 2459 5159 divitiis
2476 5118 2547 5158 ac
2573 5100 2983 5174 voluptatibus
3000 5106 3206 5158 euntes
3242 5100 3370 5157 sive
3388 5115 3632 5157 conver-

244 5196 652 5269 πολιτευόμενοι.
710 5195 792 5251 Ἐν
870 5194 1046 5269 ἕκείνῳ
1122 5192 1200 5269 δε,
1299 5201 1390 5250 καὶ
1472 5201 1590 5273 περὶ
1660 5198 1853 5249 τούτων

1660 5198 1853 5249 τούτων
1966 5197 2183 5250 sanies.
2224 5191 2293 5249 ln
2324 5207 2395 5249 eo
2433 5191 2615 5249 etiam
2645 5189 2720 5247 de
2750 5189 2843 5247 his
2882 5190 3108 5248 dictum
3131 5194 3238 5247 est.

247 5285 469 5362 έῤῥψθηο

322 5467 367 5504 ιι
411 5468 692 5535 Marc.1v,
741 5466 832 5525 11.
909 5467 955 5503 ⁸³
995 5465 1211 5524 Matth.
1242 5481 1370 5535 xm,
1404 5464 1491 5523 19.

1462 5604 1687 5689 Variae
1726 5616 2057 5704 lectiones
2098 5625 2166 5684 et
2213 5625 2418 5685 notae.

333 5818 448 5895 (42)
484 5813 724 5893 Ἡρώδου
758 5816 955 5875 abest.
987 5820 1053 5872 A.

550 5917 787 5973 PATROL.
826 5914 937 5973 Gn.
977 5914 1225 5973 CXXIX.
1940 5910 1947 5918 ’

1940 5910 1947 5918 ’
3294 5911 3365 5973 30
