4074 6380
521 310 624 370 939
1840 299 2130 361 EUTHYM

2271 301 2566 361 ‘IGABENI
3785 303 3880 362 940

593 434 765 493 Vers.
795 433 885 490 15.
918 431 1082 499 Quod
1112 445 1248 490 vero
1276 460 1343 472 —
1370 444 1476 501 per
1502 429 1876 501 patientiam.
1908 427 2182 485 Similiter

2362 434 2430 482 Τὸ
2509 427 2567 483 δὲ
2657 462 2721 469 --
2802 428 2850 482 ἓν
2944 429 3207 502 ὑπομονῇ.
3313 424 3531 498 Ὀμοίως
3613 433 3699 479 καὶ
3773 435 3881 502 περὶ

519 527 580 582 δι
629 526 706 580 de
748 520 864 580 his.

2292 522 2381 572 τού
2389 539 2486 570 των
2495 561 2506 572 .

521 618 528 623 ’
592 612 757 668 Vers.
793 613 883 668 16.
914 608 1385 666 Nemo—lumen.
1407 608 1539 664 Haec
1557 606 1759 664 debito
1790 605 1970 662 modo
1989 605 2130 661 decl:

2365 606 2558 671 Οὐδεὶς
2596 641 2664 648 —
2704 618 2826 681 φὼς.
2870 615 3048 660 Ταῦτα
3077 609 3208 658 κατὰ
3235 609 3291 658 τὸ
3337 605 3467 665 εἰκός
3496 606 3881 677 ήρμηνεύθησαν

521 706 654 759 rata
682 705 823 758 sunt
859 698 1071 772 quinto
1101 698 1294 770 capite
1339 696 1643 767 Evangelii
1675 697 2005 752 secundum
2039 695 2130 750 Ma

2293 697 2340 750 ἐν
2374 708 2442 769 τῷ
2469 704 2681 770 πέμπτῳ
2721 697 2979 770 κεφαλαίῳ
3015 704 3105 748 τοῦ
3137 699 3272 747 κατά
3299 695 3584 758 Ματθαῐον,
3618 698 3741 766 μετὰ
3775 699 3882 755 τοὺς

521 789 760 857 ὼωιιω,
786 789 1037 862 ubipost
1058 787 1456 844 beatitudines
1480 787 1720 858 ponitur
1744 805 1756 842 :
1790 785 1897 841 Vos
1919 787 2049 842 estis
2073 785 2130 839 lu

2293 791 2680 861 μακαρισμοὺς,
2715 789 2836 839 ἔνθα
2868 795 3034 839 κεῖται
3083 791 3158 837 τό·
3202 785 3366 856 ’Υμεῐς
3415 783 3526 835 ἐστε
3556 787 3612 834 τὸ
3661 791 3758 854 φῶς
3800 793 3881 836 τοῦ

519 879 724 936 mundi
743 879 811 930 η.
835 879 924 934 Ad
955 876 1253 950 apostolos
1269 877 1429 932 enim
1451 875 1612 931 dicta
1642 881 1796 942 sunt,
1826 890 2128 947 quanqual

2293 882 2518 949 κόσμου.
2564 880 2702 950 Πρὸς
2729 881 2850 938 τοὺς
2884 874 3209 936 ἀποστόλους
3248 877 3347 946 γὰρ
3379 872 3692 947 ἐρρήθησαν,
3735 872 3775 925 εἰ
3802 879 3881 925 καὶ

523 969 602 1027 ad
632 984 844 1026 omnes
877 967 1227 1024 communia
1278 966 1608 1021 videantur.
1967 969 1972 973 ‘

1480 970 1608 1020 itur.
1967 969 1972 973 ⁷
2293 969 2441 1018 κοινά
2471 963 2691 1019 δοκοῦσι
2716 969 2846 1039 πρὸς
2875 969 3089 1026 πάντας.

521 1063 526 1068 ’
593 1057 760 1114 Vers.
781 1059 868 1112 17.
886 1057 1020 1114 Νοη
1039 1057 1190 1113 enim
1208 1087 1276 1096 —
1293 1062 1625 1112 venturum.
1648 1055 1888 1110 Decimo
1912 1070 2072 1110 nono
2091 1069 2130 1108 c;

2366 1056 2441 1108 Οὐ
2522 1058 2620 1128 γὰρ
2701 1087 2767 1098 --
2825 1055 2969 1128 ἔλθῃ.
3023 1055 3102 1107 Ἐν
3165 1061 3236 1124 τῷ
3308 1047 3737 1121 ἐννεακαιδεκάτῳ
3812 1070 3875 1103 κε-

519 1149 640 1221 pite
666 1147 810 1204 dicit
834 1146 1140 1204 Matthaeus
1175 1162 1188 1200 :
1212 1145 1384 1202 Nihil
1399 1143 1617 1202 tectum
1646 1150 1749 1210 est,
1779 1145 1919 1215 quin
1940 1143 2014 1198 sit
2037 1143 2128 1199 det

2297 1145 2494 1218 φαλαίῳ
2548 1150 2678 1217 φησὶ
2741 1147 3028 1206 ΙνΙατθαίος⁹
3097 1141 3176 1196 ὅτι
3229 1138 3397 1194 Οὐδέν
3474 1139 3586 1192 ἐστι
3648 1139 3879 1212 κεκαλυμ-

519 1237 770 1310 gendum
795 1251 807 1290 :
832 1241 887 1292 et
914 1235 1073 1292 nihil
1103 1235 1401 1291 occultum
1434 1240 1537 1298 est,
1562 1232 1699 1305 quin
1721 1231 2128 1304 futuruhzsit.:

2295 1238 2462 1306 μένον,
2533 1237 2558 1286 ὀ
2635 1235 2728 1286 οὐκ
2809 1233 3323 1305 ἀποκαλυφθήσεται,
3401 1234 3492 1282 καὶ
3561 1232 3804 1302 κρυπτὸν,
3865 1229 3886 1280 ὁ

518 1326 752 1382 sciatur
774 1325 844 1380 4⁸.
885 1326 951 1380 Et
979 1323 1108 1394 lege
1139 1339 1349 1379 eorum
1390 1323 1852 1379 enarrationem.
1882 1321 2127 1377 Versimi

2296 1323 2353 1376 οὗ
2402 1325 2790 1396 γνωσθήσεται.
2838 1328 2937 1376 Καὶ
2975 1322 3234 1394 ἀνάγνωθι
3281 1325 3374 1378 τήν
3421 1319 3671 1391 ἐξήγησιν
3713 1316 3884 1370 αὖτῶν-

518 1420 605 1471 est
626 1418 849 1483 autem,
885 1413 1050 1486 quod
1076 1413 1254 1468 variis
1281 1411 1648 1484 temporibus
1682 1411 1942 1468 Christus
1969 1411 2120 1467 simil

2296 1414 2448 1476 Εἰκὸς
2503 1411 2582 1481 δὲ,
2636 1417 2771 1466 κατὰ
2834 1410 3115 1486 διαφόρους
3154 1414 3368 1486 καιροὺς
3429 1411 3493 1461 τὰ
3543 1413 3759 1460 τοιαῦτα
3812 1409 3887 1457 τὸν

520 1503 734 1560 dixerit
775 1519 790 1571 ;
840 1502 976 1559 ideo
1007 1501 1185 1559 etiam
1228 1501 1478 1557 diversis
1526 1499 1980 1570 Evangeliorum
2038 1498 2129 1556 loc

2297 1508 2526 1579 Χριστὸν
2554 1503 2732 1558 εἰπεῖν.
2762 1507 2850 1557 Διὸ
2881 1507 2966 1554 καὶ
3005 1501 3051 1554 ἐν
3083 1498 3359 1574 διαφόροις
3400 1504 3576 1558 τόποις
3619 1503 3714 1549 τῶν
3745 1495 3889 1567 εὐαγ-

520 1593 718 1666 posita
744 1597 898 1648 sunt.

2294 1593 2473 1666 γελίων
2506 1593 2775 1652 ἐτέθησαν.

593 1681 846 1747 Quidam
860 1684 1060 1737 autem
1076 1679 1300 1746 dicunt,
1324 1695 1662 1736 sermonem
1677 1679 1840 1735 hunc
1858 1679 1932 1734 de
1950 1679 2186 1735 occulta

2364 1669 2508 1746 Τῖνες
2536 1678 2594 1735 δέ
2612 1703 2759 1755 φασι,
2781 1687 2866 1734 τόν
2888 1681 3037 1754 λόγον
3056 1688 3237 1733 τοῦτον
3266 1675 3394 1731 εἶναι
3413 1681 3530 1750 περὶ
3553 1683 3643 1736 τῆς
3672 1682 3893 1750 κρυπτῆς

520 1769 638 1827 dici
665 1771 899 1836 virtute,
923 1785 1052 1842 quae
1073 1770 1320 1826 omnino
1339 1768 1777 1825 manifestanda
1801 1775 1889 1825 est
1915 1774 2129 1840 tempm

2297 1773 2498 1846 ἀρετῆς,
2568 1775 2649 1825 ὅτι
2707 1779 3016 1844 φανεροῦται
3063 1772 3263 1830 πάντως
3330 1767 3378 1820 ἐν
3446 1774 3518 1836 τῷ
3591 1772 3754 1837 καιρῷ
3807 1770 3892 1823 τῆς

519 1859 924 1916 retributionis
958 1877 971 1915 :
1006 1875 1363 1931 quanquam
1398 1860 1516 1930 (qq)
1542 1860 1603 1914 in
1643 1858 1917 1932 praesenti
1939 1874 2128 1931 quoqi

2297 1862 2713 1924 ἀνταποὸόσεως
2769 1861 3014 1923 πολλάκις
3038 1858 3095 1912 δὲ
3116 1864 3204 1911 καὶ
3235 1862 3368 1910 κατὰ
3391 1862 3485 1915 τήν
3518 1855 3738 1908 ἐνταῦθα
3765 1854 3891 1914 ζωήν

517 1950 637 2007 vita
662 1948 1026 2022 frequentius
1051 1949 1167 2004 hoc
1197 1949 1319 2004 ﬁat.

2295 1961 2385 2006 τοῦ
2417 1955 2613 2010 ταύτην
2646 1951 3015 2027 ἐργαζομένου.

590 2038 753 2094 Vers.
783 2039 870 2094 18.
913 2039 1110 2094 Videte
1131 2069 1199 2078 —
1219 2037 1496 2094 audiatis.
1532 2037 1848 2101 Attendite,
1878 2037 2183 2110 quomodo

2367 2042 2575 2094 Βλέπετε
2634 2073 2698 2083 -
2749 2039 2976 2092 ἀκούετε.
3068 2042 3382 2110 Προσέχετε,
3446 2044 3552 2095 πῶς
3601 2032 3888 2093 ἐνωτίζεσθι

515 2127 629 2192 his,
659 2143 834 2200 quaee.
861 2143 959 2182 me
985 2128 1282 2193 dicuntur,
1316 2127 1589 2182 animum
1623 2127 1942 2182 advertatis
1973 2143 1985 2182 :
2010 2144 2124 2199 opo

2294 2132 2618 2204 τὰλεγόμενα
2639 2132 2760 2204 παρ’
2783 2129 2928 2203 ἐμοῦ.
2954 2134 3068 2204 Χρὴ
3092 2132 3192 2203 γὰρ
3215 2123 3522 2188 σπουδαίως
3546 2129 3634 2177 καὶ
3654 2121 3888 2195 ἐπιμελῶς

516 2221 599 2274 tet
629 2217 788 2273 enim
818 2216 1132 2286 diligenter
1155 2220 1215 2270 et
1241 2232 1380 2271 cum
1409 2216 1606 2271 studio
1627 2215 1752 2270 haec
1787 2216 2009 2282 audire,
2044 2233 2125 2272 cu.

2295 2223 2461 2274 αὐτῶν
2496 2221 2806 2294 ἀκροᾶσθαι,
2853 2219 3178 2292 συμϐολικὼν
3227 2221 3382 2269 ὄντων
3429 2221 3518 2268 καὶ
3562 2212 3770 2285 ὑψηλῶν
3811 2214 3891 2262 καὶ

516 2306 838 2376 allegorica
867 2306 984 2362 sint
1007 2322 1075 2362 ac
1100 2304 1394 2376 sublimia,
1454 2311 1646 2361 etnon
1669 2311 1882 2361 temere
1909 2310 2012 2362 aut
2039 2323 2125 2363 cas

1454 2311 1646 2361 etnon
1669 2311 1882 2361 temere
1909 2310 2012 2362 aut
2039 2323 2182 2363 casu
2293 2312 2419 2384 οὐχ,
2446 2314 2514 2372 ὡς
2536 2313 2714 2382 ἔτυχε,
2746 2309 3046 2382 λεγομένων.

515 2395 699 2453 dicta.

587 2488 756 2544 Vers.
783 2487 872 2542 18.
898 2485 1156 2558 Quisquis
1177 2485 1378 2541 —itti.
1400 2484 1746 2557 Quicunque
1769 2485 2044 2542 habuerit
2063 2491 2176 2543 stu-

2360 2490 2451 2551 ⁶Ος
2482 2523 2546 2530 -
2580 2489 2741 2560 αὐτῷ.
2760 2495 2850 2549 Ὃς
2868 2488 2926 2539 ἂν
2945 2488 3058 2559 (43)
3092 2490 3191 2559 ἔχῃ
3219 2481 3463 2542 σπουδήν
3481 2488 3571 2536 καὶ
3589 2479 3890 2554 ἐπιμέλειαν,

513 2573 683 2631 dium
698 2591 767 2632 ac
779 2575 1172 2645 diligentiam,
1187 2573 1518 2630 dahiturilli
1533 2574 1746 2630 horum
1767 2575 2050 2646 cognitio.

1604 2590 1746 2629 trum
1767 2575 2050 2646 cognitio.
2291 2578 2579 2638 δοθήσεται
2611 2580 2747 2649 αὐτῷ
2779 2587 2970 2650 γνῶσις
3000 2580 3213 2632 τούτων.

585 2663 749 2720 Vers.
799 2665 887 2718 18.
933 2665 1194 2735 Quisquis
1242 2694 1302 2703 —
1344 2679 1428 2719 eo.
1482 2665 1647 2718 Nono
1695 2664 1887 2736 capite
1933 2665 2075 2720 dicit
2123 2674 2178 2724 et

2364 2675 2463 2723 Καὶ
2503 2671 2557 2730 ὃς
2601 2701 2668 2708 -
2702 2668 2883 2721 αὑτοῦ.
2927 2668 3005 2720 Ἐν
3047 2675 3117 2736 τῷ
3169 2664 3328 2734 ἐνάτῳ
3360 2662 3623 2736 κεφαλαίῳ
3679 2664 3832 2733 φησιν
3870 2658 3890 2708 ό

513 2752 747 2809 Marcus
773 2772 786 2812 ε
814 2753 1148 2825 Quicunque
1166 2753 1458 2816 habuerit,
1481 2752 1733 2811 dabitur
1761 2755 1830 2819 ei,
1860 2761 1913 2811 et
1935 2757 2035 2826 qui
2055 2773 2122 2813 ne

2288 2759 2397 2831 (44)
2428 2762 2658 2833 Μάρκος·
2695 2760 2772 2810 ὅτι
2802 2756 2897 2818 Ὃς
2927 2755 2987 2808 ἂν
3019 2759 3142 2828 ἔχῃ,
3175 2751 3465 2812 δοθήσεται
3507 2753 3668 2821 αὐτῷ,
3715 2754 3800 2801 καὶ
3844 2747 3891 2809 ὃς

515 2841 710 2912 habet,
739 2844 912 2898 etiam
939 2842 1089 2915 quod
1119 2843 1290 2899 habet
1313 2843 1611 2912 auferetur
1636 2843 1709 2900 ab
1735 2859 1798 2900 eo
1828 2845 1873 2878 ‘5
1897 2861 1910 2911 ;
1937 2844 2124 2902 illorul

2283 2848 2377 2899 οὐκ
2427 2849 2559 2920 ἔχει,
2630 2852 2720 2898 καὶ
2779 2846 2803 2898 ὃ
2870 2849 3003 2916 ἔχει,
3057 2843 3343 2918 ἀρθήσεται
3395 2841 3487 2894 ἀπ’
3562 2841 3742 2894 αὐτοῦ.
3800 2841 3892 2890 Καὶ

512 2947 656 3002 ergo
693 2931 820 3003 lege
846 2930 1418 3004 interpretationem.

2283 2937 2543 3008 ἀνάγνωθι
2573 2941 2666 2994 τήν
2689 2935 2938 3008 ἐξήγησιν
2970 2935 3155 2988 αὐτῶν,

582 3021 859 3080 Vers.19.
926 3021 1211 3078 Venerunt
1251 3051 1322 3063 —
1380 3021 1633 3078 turbam.
1685 3021 1920 3079 Dictum
1976 3028 2062 3079 est
2096 3024 2170 3080 de

2355 3031 2698 3102 Παρεγένοντο
2754 3057 2821 3065 --
2887 3024 3065 3096 ὄχλον.
3119 3026 3338 3097 Εἴρηται
3376 3026 3500 3094 περὶ
3562 3023 3757 3073 τούτων
3814 3014 3891 3068 ἐπι

509 3109 669 3166 hisin
685 3111 805 3167 ﬁne
819 3111 1079 3167 vicesimi
1096 3111 1245 3168 tertii
1263 3110 1478 3183 capitis
1511 3111 1811 3183 Evangelii
1834 3113 2118 3170 secundm

2282 3117 2457 3178 τέλους
2488 3123 2578 3168 τοῦ
2627 3115 2866 3168 εἰκοστοῦ
2906 3119 3084 3189 τρίτου
3136 3112 3416 3184 κεφαλαίου
3446 3120 3539 3164 τοῦ
3591 3111 3726 3162 κατά
3760 3114 3890 3160 Ματ-

507 3199 872 3266 Μειιιῇωυω,
2226 3199 2233 3200 ί
2285 3209 2447 3261 Οαῖον.

579 3288 746 3347 Vers.
779 3289 866 3346 20.
897 3290 975 3347 Et
998 3292 1334 3348 nuntiatum
1363 3295 1444 3347 est
1461 3321 1528 3331 —
1551 3289 1820 3348 volentes.
1844 3292 1886 3363 -ι-
1907 3291 1943 3359 -Ῑ-
1968 3291 2172 3349 Dicen-

2357 3300 2456 3347 Καὶ
2498 3293 2763 3366 ἀπηγγελη
2816 3325 2882 3333 -
2935 3292 3175 3352 θέλοντες.
3225 3295 3520 3363 Λεγόντων,
3565 3298 3666 3342 τῶν
3723 3285 3891 3357 ἀπαγ-

507 3379 694 3448 tibus,
718 3380 1002 3436 nimirum
1048 3379 1563 3436 annuntiantibus.

1115 3379 1563 3436 Inuntiantibus.
2283 3385 2558 3457 γελλόντων
2590 3385 2724 3457 (45).

589 3471 751 3526 Vers.
783 3469 872 3524 21.
903 3473 984 3525 At
1035 3469 1140 3526 itte
1193 3501 1262 3511 ——
1308 3469 1565 3539 faciunt.
1626 3468 1712 3525 lbi
1751 3469 1930 3528 etiam
1977 3471 2051 3528 de
2080 3471 2174 3528 his

2353 3473 2412 3527 Ὀ
2455 3470 2514 3526 δὲ
2563 3505 2626 3514 --
2666 3479 2950 3535 ποιοῦντες.
3024 3473 3158 3526 Ἐκεῖ
3206 3474 3326 3543 περὶ
3404 3471 3616 3522 πάντων
3672 3463 3894 3542 ἀκριϐῶς

504 3559 790 3616 omnibus
832 3564 1037 3615 exacte
1077 3557 1492 3615 disseruimus.

998 3575 1037 3614 :e
1077 3557 1492 3615 disseruimus.
2287 3561 2607 3636 διελάϐομεν.

505 3646 657 3702 CAP.
711 3646 900 3705 XXIII.
948 3648 1035 3704 De
1061 3646 1452 3719 increpatione
1497 3647 1656 3704 venti
1705 3663 1777 3704 ac
1818 3655 2114 3720 tempesta:

2391 3659 2535 3707 ΚΕΦ.
2576 3651 2693 3707 Kl".
2731 3655 2856 3725 Περὶ
2885 3659 2978 3712 τῆς
3005 3649 3398 3723 ἑπιπτιμήσεως
3431 3656 3533 3702 τῶν
3561 3644 3788 3700 ὑδάτων.

1240 3751 1416 3792 maris

577 3826 722 3882 Vers
750 3829 841 3881 22.
882 3826 962 3882 Et
992 3824 1198 3883 accidit
1229 3857 1298 3866 —
1327 3823 1493 3880 Vers.
1535 3827 1625 3881 23.
1649 3827 2168 3895 periclitabantur.

2355 3838 2457 3886 Καὶ
2536 3831 2727 3904 ἐγένετο
2821 3862 2886 3871 ——
2967 3826 3308 3883 ὶκινδύνευον.
3434 3833 3539 3886 Τήν
3628 3827 3893 3902 ἑρμηνείαν

503 3912 730 3972 Horum
745 3915 1290 3987 interpretationem
1305 3931 1502 3987 quaere
1515 3915 1576 3970 in
1591 3917 1966 3973 enarratione
1989 3921 2112 3976 und

2291 3926 2474 3977 τούτων
2507 3923 2738 3983 ζήτησον
2783 3919 2830 3972 ἐν
2864 3928 2924 3993 τῇ
2978 3919 3222 3991 ἐξηγήσει
3267 3926 3357 3970 τοῦ
3411 3915 3698 3970 ἑνδεκάτου
3749 3932 3900 3986 κεφαη

502 4004 641 4061 cimi
659 4005 868 4077 capitis
887 4005 1189 4076 Evangelii
1212 4004 1544 4061 secundum
1574 4005 1938 4064 Matthaeum.
1962 4009 2111 4082 Impt

2289 4015 2426 4064 >.αίου
2476 4019 2566 4064 τοῦ
2615 4013 2752 4062 κατὰ
2797 4011 3087 4064 Ματθαῖον.
3128 4009 3548 4081 Συνεπληροῦντο
3585 4004 3667 4076 δὲ,
3709 4002 3898 4062 ὕδατος

504 4094 719 4151 bantur
740 4099 960 4161 autem,
988 4099 1131 4166 puta
1161 4109 1341 4166 aqua.

935 4117 960 4161 ι,
988 4099 1131 4166 puta
1161 4109 1341 4166 aqua.
2280 4097 2544 4159 δηλονότι.

572 4183 736 4240 Vers.
766 4187 853 4239 24.
877 4184 1220 4241 Accedentes
1256 4214 1308 4225 —
1338 4183 1840 4254 periclitabantur.
1871 4188 2164 4245 Omniain

2351 4189 2723 4264 Προσελθίντες
2747 4222 2811 4229 -
2837 4189 3054 4261 γαλήνη.
3078 4191 3253 4240 Πάντα
3270 4191 3318 4240 ἐν
3336 4190 3512 4258 ἐκείνῳ
3540 4193 3616 4256 τῷ
3639 4184 3895 4258 κεφαλαίῳ

500 4287 572 4330 eo
601 4272 788 4345 capite
827 4273 1250 4329 convenienter
1297 4272 1617 4328 manifesta
1649 4279 1804 4330 sunt.

1514 4279 1617 4328 ista
1649 4279 1804 4330 sunt.
2276 4285 2644 4355 προσηκόντως
2676 4281 3123 4352 ἐσαφήνίσθησαν.

569 4360 735 4418 Vers.
766 4366 853 4418 25.
889 4361 1056 4418 Dixit
1082 4392 1153 4402 -
1184 4368 1374 4418 vestra
1404 4361 1431 4416 ?
1457 4363 1594 4427 Quae
1620 4364 1688 4418 de
1718 4364 1834 4419 hoc
1861 4372 1964 4435 est,
1999 4367 2164 4439 quod

2348 4366 2468 4422 Εἷπε
2511 4401 2573 4409 ——
2615 4371 2755 4440 ὑμὼν
2782 4386 2795 4435 ;
2826 4368 2882 4420 Ἠ
2941 4373 3057 4442 περὶ
3104 4375 3211 4430 τοῦ,
3271 4368 3350 4418 ὅτι
3394 4371 3571 4439 Σωτήρ
3641 4364 3750 4438 εἰμι
3801 4370 3895 4416 τῶν

499 4467 734 4508 servem
783 4468 816 4507 θ.
853 4450 1153 4523 periculis,
1185 4451 1471 4524 quodque
1520 4453 1709 4524 perire
1763 4469 1885 4511 non
1918 4456 2108 4528 possin

2287 4455 2696 4525 ιινὸυνευόντων,
2754 4463 2844 4510 καὶ
2895 4460 2974 4509 ὅτι
3033 4452 3289 4509 ἀδύνατον
3366 4452 3718 4508 κινδυνεῦσαι
3777 4456 3896 4513 τοὺς

498 4540 602 4614 qui
632 4539 1007 4597 Salvatorem
1053 4555 1256 4595 secum
1277 4540 1518 4596 habent.

2198 4539 2241 4554 ν
2276 4551 2494 4621 ἔχοντας
2517 4552 2601 4600 τὸν
2633 4555 2850 4620 Σωτῆρα
2879 4547 2926 4599 ἐν
2959 4547 3180 4607 ἑαυτοῖς.

572 4630 747 4687 Vers.
803 4630 892 4683 25.
934 4629 1147 4686 Territi
1187 4631 1260 4686 ei.
1318 4631 1504 4686 Etiam
1545 4631 1620 4688 de
1649 4631 1742 4687 his
1779 4633 2049 4691 similiter
2083 4634 2166 4691 ibi

2346 4637 2652 4698 Φοϐηθέντες
2693 4669 2758 4678 -
2794 4637 2982 4707 αὑτῷς.
3020 4640 3120 4690 Καὶ
3159 4640 3278 4708 περὶ
3319 4653 3517 4687 τουτων
3562 4635 3756 4708 ὁμοίως
3795 4631 3896 4684 ἐκεῖ

497 4717 872 4793 disputatum
915 4725 1023 4776 est.
1477 4756 1481 4760 ~

994 4725 1023 4775 t-
1477 4756 1481 4760 υ
2277 4724 2603 4787 διείληπται.

748 4808 906 4867 CAP.
957 4810 1149 4866 XXIV.
1183 4811 1269 4866 De
1317 4811 1534 4883 legione
1563 4811 1911 4869 daemonum.

2473 4823 2622 4875 KE<l>.
2652 4815 2771 4872 ΚΝ.
2815 4819 2941 4890 Περὶ
2974 4823 3062 4869 τοῦ
3094 4833 3303 4888 εχοντος
3331 4817 3415 4868 τὸν
3439 4813 3691 4886 λεγεῶνα.

571 4897 732 4955 Vers.
761 4903 848 4955 26.
880 4899 954 4954 Et
983 4901 1411 4972 navigaverunt
1442 4932 1508 4941 —
1541 4898 1702 4955 Vers.
1753 4902 1841 4957 28.
1876 4908 2159 4976 torqueas.

2349 4911 2450 4960 Καὶ
2503 4905 2856 4960 κατέπλευσαν
2921 4937 2990 4946 -
3057 4901 3384 4978 βασανίσῃς.
3470 4903 3556 4958 Ἐν
3634 4912 3698 4978 τῇ
3777 4901 3891 4966 ἐξη-

568 5080 614 5116 ιι
642 5078 842 5138 Matth.
874 5094 930 5150 ν,
971 5079 1054 5136 14.
1132 5079 1180 5115 ιι
1209 5077 1410 5136 Matth.
1444 5093 1504 5145 x,
1538 5082 1630 5137 26.
1707 5081 1754 5118 ⁴⁵
1785 5083 1962 5139 Marc.
1997 5099 2077 5152 iv,
2109 5087 2200 5141 25.

1739 5252 1960 5323 Variae
1984 5254 2310 5326 lectiones
2342 5264 2408 5326 et
2434 5266 2640 5328 notae.

563 5421 679 5568 ξω)
713 5429 782 5484 Ος
819 5421 905 5475 ἐάν
937 5424 1059 5506 ἔχῃ,
1111 5426 1167 5477 Β.

590 5495 659 5550 44
720 5498 855 5554 Φησὶ
878 5499 967 5549 καὶ
997 5512 1044 5560 ο,
1070 5499 1134 5554 Β.

2349 5427 2465 5500 (45)
2492 5428 2593 5484 His
2620 5425 2810 5484 tribus
2838 5426 3148 5485 vocabulis
3179 5429 3342 5483 caret
3355 5422 3713 5483 Hentenius.
3747 5428 3899 5500 Ergo

2290 5505 2622 5558 eontextum
2651 5499 3020 5568 conjunctim
3057 5497 3320 5556 exhibet.

590 5495 679 5568 44)
720 5498 855 5554 Φησὶ
878 5499 967 5549 καὶ
997 5495 1044 5560 ὁ,
1070 5499 1134 5554 Β.

2277 5495 2622 5558 contextum
2651 5499 3020 5573 conjunctim
3057 5497 3319 5556 exhibet.

565 5671 686 5746 (qq)
720 5673 1087 5744 Quanquam,
1130 5676 1247 5732 etc.
1289 5671 1459 5745 Saepe
1497 5687 1639 5730 vero
1677 5673 1858 5734 etiam
1892 5675 1955 5734 in
1993 5677 2115 5735 vita
2145 5679 2273 5750 ejus
2309 5677 2447 5748 huc,
2479 5679 2584 5753 qui
2611 5694 2747 5738 eam
2772 5677 2930 5736 fecit.
