  <div class='ocr_page' id='page_1' title='image "/cluster/home/n/w/nwhite01/storage/ocr_20150623/129/coo.31924054870344/480.png"; bbox 0 0 4074 6378; ppageno 0'>
   <div class='ocr_carea' id='block_1_1' title="bbox 220 324 3605 421">
    <p class='ocr_par' dir='ltr' id='par_1_1' title="bbox 220 324 3605 421">
     <span class='ocr_line' id='line_1_1' title="bbox 220 324 3605 421; baseline 0.012 -40"><span class='ocrx_word' id='word_1_1' title='bbox 220 324 318 383; x_wconf 70' lang='grc'><strong>941</strong></span> <span class='ocrx_word' id='word_1_2' title='bbox 1319 332 1689 392; x_wconf 79' lang='lat' dir='ltr'><strong>COMMENT.</strong></span> <span class='ocrx_word' id='word_1_3' title='bbox 1734 331 1802 387; x_wconf 81' lang='lat' dir='ltr'><strong>IN</strong></span> <span class='ocrx_word' id='word_1_4' title='bbox 1839 331 2098 393; x_wconf 79' lang='lat' dir='ltr'><strong>LUCAM.</strong></span> <span class='ocrx_word' id='word_1_5' title='bbox 2142 370 2209 379; x_wconf 81' lang='lat'><em>—</em></span> <span class='ocrx_word' id='word_1_6' title='bbox 2250 342 2405 400; x_wconf 85' lang='lat' dir='ltr'><strong>CAP.</strong></span> <span class='ocrx_word' id='word_1_7' title='bbox 2439 342 2584 403; x_wconf 77' lang='lat' dir='ltr'><strong>VIII.</strong></span> <span class='ocrx_word' id='word_1_8' title='bbox 3500 363 3605 421; x_wconf 79' lang='grc'><strong>942</strong></span> 
     </span>
    </p>
   </div>
   <div class='ocr_carea' id='block_1_2' title="bbox 220 452 1829 560">
    <p class='ocr_par' dir='ltr' id='par_1_2' title="bbox 220 452 1828 532">
     <span class='ocr_line' id='line_1_2' title="bbox 220 452 1828 532; baseline 0.001 -26"><span class='ocrx_word' id='word_1_9' title='bbox 220 473 379 524; x_wconf 75' lang='grc' dir='ltr'>γησει</span> <span class='ocrx_word' id='word_1_10' title='bbox 429 464 522 508; x_wconf 82' lang='grc' dir='ltr'><strong>τοῦ</strong></span> <span class='ocrx_word' id='word_1_11' title='bbox 578 452 881 511; x_wconf 76' lang='grc' dir='ltr'><strong>δωδεκάτου</strong></span> <span class='ocrx_word' id='word_1_12' title='bbox 931 460 1210 532; x_wconf 76' lang='grc' dir='ltr'><strong>κεφαλαίου</strong></span> <span class='ocrx_word' id='word_1_13' title='bbox 1249 468 1338 513; x_wconf 83' lang='grc' dir='ltr'>τοῦ</span> <span class='ocrx_word' id='word_1_14' title='bbox 1392 464 1527 513; x_wconf 71' lang='grc' dir='ltr'>κατὰ</span> <span class='ocrx_word' id='word_1_15' title='bbox 1562 462 1828 513; x_wconf 82' lang='grc' dir='ltr'>Ματθαίον</span> 
     </span>
    </p>
   </div>
   <div class='ocr_carea' id='block_1_3' title="bbox 1997 452 3606 560">
    <p class='ocr_par' dir='ltr' id='par_1_3' title="bbox 1997 469 3606 560">
     <span class='ocr_line' id='line_1_3' title="bbox 1997 469 3606 560; baseline 0.016 -43"><span class='ocrx_word' id='word_1_16' title='bbox 1997 480 2005 515; x_wconf 76' lang='grc' dir='ltr'><strong>ι</strong></span> <span class='ocrx_word' id='word_1_17' title='bbox 2034 469 2407 525; x_wconf 81' lang='lat' dir='ltr'><strong>enarratione</strong></span> <span class='ocrx_word' id='word_1_18' title='bbox 2446 473 2779 532; x_wconf 86' lang='lat' dir='ltr'><strong>duodecimi</strong></span> <span class='ocrx_word' id='word_1_19' title='bbox 2806 477 2978 548; x_wconf 86' lang='lat' dir='ltr'><strong>juxta</strong></span> <span class='ocrx_word' id='word_1_20' title='bbox 3005 479 3348 540; x_wconf 74' lang='lat' dir='ltr'><strong>Mattbteum</strong></span> <span class='ocrx_word' id='word_1_21' title='bbox 3400 488 3606 560; x_wconf 76' lang='lat' dir='ltr'><strong>capitis</strong></span> 
     </span>
    </p>
   </div>
   <div class='ocr_carea' id='block_1_4' title="bbox 226 548 1835 633">
    <p class='ocr_par' dir='ltr' id='par_1_4' title="bbox 226 548 1831 621">
     <span class='ocr_line' id='line_1_4' title="bbox 226 548 1831 621; baseline 0.003 -26"><span class='ocrx_word' id='word_1_22' title='bbox 226 548 429 618; x_wconf 82' lang='grc' dir='ltr'>εῖρηται</span> <span class='ocrx_word' id='word_1_23' title='bbox 482 553 599 620; x_wconf 81' lang='grc' dir='ltr'>περὶ</span> <span class='ocrx_word' id='word_1_24' title='bbox 642 551 827 600; x_wconf 78' lang='grc' dir='ltr'>τούτου</span> <span class='ocrx_word' id='word_1_25' title='bbox 896 559 1086 621; x_wconf 76' lang='grc' dir='ltr'>σαφῶς.</span> <span class='ocrx_word' id='word_1_26' title='bbox 1130 555 1197 603; x_wconf 85' lang='grc' dir='ltr'><strong>Τὸ</strong></span> <span class='ocrx_word' id='word_1_27' title='bbox 1238 551 1431 612; x_wconf 75' lang='grc' dir='ltr'>πλῆθος</span> <span class='ocrx_word' id='word_1_28' title='bbox 1488 548 1547 603; x_wconf 67' lang='grc' dir='ltr'>δὲ</span> <span class='ocrx_word' id='word_1_29' title='bbox 1577 558 1675 601; x_wconf 80' lang='grc' dir='ltr'>τῶν</span> <span class='ocrx_word' id='word_1_30' title='bbox 1708 554 1831 601; x_wconf 79' lang='grc' dir='ltr'>ένοι-</span> 
     </span>
    </p>
   </div>
   <div class='ocr_carea' id='block_1_5' title="bbox 1999 548 3608 633">
    <p class='ocr_par' dir='ltr' id='par_1_5' title="bbox 1999 548 3608 633">
     <span class='ocr_line' id='line_1_5' title="bbox 1999 548 3608 633; baseline 0.016 -25"><span class='ocrx_word' id='word_1_31' title='bbox 1999 568 2012 607; x_wconf 68' lang='lat' dir='ltr'><em>a</em></span> <span class='ocrx_word' id='word_1_32' title='bbox 2040 553 2153 610; x_wconf 92' lang='lat' dir='ltr'><strong>hoc</strong></span> <span class='ocrx_word' id='word_1_33' title='bbox 2183 559 2494 616; x_wconf 79' lang='lat' dir='ltr'><strong>manifeste</strong></span> <span class='ocrx_word' id='word_1_34' title='bbox 2525 562 2738 620; x_wconf 78' lang='lat' dir='ltr'><strong>dictum</strong></span> <span class='ocrx_word' id='word_1_35' title='bbox 2762 571 2868 622; x_wconf 89' lang='lat' dir='ltr'><strong>est.</strong></span> <span class='ocrx_word' id='word_1_36' title='bbox 2886 567 3192 626; x_wconf 79' lang='lat' dir='ltr'><strong>Multitudo</strong></span> <span class='ocrx_word' id='word_1_37' title='bbox 3214 587 3355 629; x_wconf 86' lang='lat' dir='ltr'><strong>vero</strong></span> <span class='ocrx_word' id='word_1_38' title='bbox 3376 548 3608 633; x_wconf 66' lang='lat' dir='ltr'><strong>inhabi-</strong></span> 
     </span>
    </p>
   </div>
   <div class='ocr_carea' id='block_1_6' title="bbox 223 632 1832 738">
    <p class='ocr_par' dir='ltr' id='par_1_6' title="bbox 223 632 1828 707">
     <span class='ocr_line' id='line_1_6' title="bbox 223 632 1828 707; baseline 0.003 -23"><span class='ocrx_word' id='word_1_39' title='bbox 223 637 451 686; x_wconf 79' lang='grc' dir='ltr'>κούντων</span> <span class='ocrx_word' id='word_1_40' title='bbox 498 632 803 707; x_wconf 74' lang='grc' dir='ltr'><strong>δαιμονίων,</strong></span> <span class='ocrx_word' id='word_1_41' title='bbox 839 640 903 699; x_wconf 81' lang='grc' dir='ltr'>ὼς</span> <span class='ocrx_word' id='word_1_42' title='bbox 934 639 1005 705; x_wconf 84' lang='grc' dir='ltr'><strong>ἐν,</strong></span> <span class='ocrx_word' id='word_1_43' title='bbox 1041 636 1135 692; x_wconf 78' lang='grc' dir='ltr'>διὰ</span> <span class='ocrx_word' id='word_1_44' title='bbox 1182 646 1274 698; x_wconf 75' lang='grc' dir='ltr'>τὴν</span> <span class='ocrx_word' id='word_1_45' title='bbox 1320 644 1609 706; x_wconf 78' lang='grc' dir='ltr'><strong>κοινωνίαν,</strong></span> <span class='ocrx_word' id='word_1_46' title='bbox 1639 636 1828 704; x_wconf 82' lang='grc' dir='ltr'>ἐδέετο,</span> 
     </span>
    </p>
   </div>
   <div class='ocr_carea' id='block_1_7' title="bbox 1999 632 3608 738">
    <p class='ocr_par' dir='ltr' id='par_1_7' title="bbox 1999 646 3608 738">
     <span class='ocr_line' id='line_1_7' title="bbox 1999 646 3608 738; baseline 0.016 -40"><span class='ocrx_word' id='word_1_47' title='bbox 1999 646 2198 701; x_wconf 90' lang='lat' dir='ltr'><strong>.ntium</strong></span> <span class='ocrx_word' id='word_1_48' title='bbox 2238 648 2297 703; x_wconf 87' lang='lat' dir='ltr'><strong>in</strong></span> <span class='ocrx_word' id='word_1_49' title='bbox 2325 665 2397 705; x_wconf 92' lang='lat' dir='ltr'><strong>eo</strong></span> <span class='ocrx_word' id='word_1_50' title='bbox 2427 650 2795 721; x_wconf 71' lang='lat' dir='ltr'><strong>daemonum,</strong></span> <span class='ocrx_word' id='word_1_51' title='bbox 2831 660 3116 729; x_wconf 90' lang='lat' dir='ltr'><strong>tanquam</strong></span> <span class='ocrx_word' id='word_1_52' title='bbox 3148 677 3337 718; x_wconf 91' lang='lat' dir='ltr'><strong>unum</strong></span> <span class='ocrx_word' id='word_1_53' title='bbox 3370 671 3608 738; x_wconf 82' lang='lat' dir='ltr'><strong>propter</strong></span> 
     </span>
    </p>
   </div>
   <div class='ocr_carea' id='block_1_8' title="bbox 224 728 1833 813">
    <p class='ocr_par' dir='ltr' id='par_1_8' title="bbox 224 728 1303 803">
     <span class='ocr_line' id='line_1_8' title="bbox 224 728 1303 803; baseline 0.008 -30"><span class='ocrx_word' id='word_1_54' title='bbox 224 728 494 795; x_wconf 77' lang='grc' dir='ltr'>χρώμενον</span> <span class='ocrx_word' id='word_1_55' title='bbox 534 734 605 796; x_wconf 81' lang='grc' dir='ltr'>τῷ</span> <span class='ocrx_word' id='word_1_56' title='bbox 636 731 858 799; x_wconf 80' lang='grc' dir='ltr'>στόματι</span> <span class='ocrx_word' id='word_1_57' title='bbox 880 737 969 780; x_wconf 78' lang='grc' dir='ltr'>τοῦ</span> <span class='ocrx_word' id='word_1_58' title='bbox 1011 728 1303 803; x_wconf 75' lang='grc' dir='ltr'>ἀνθρώπου.</span> 
     </span>
    </p>
   </div>
   <div class='ocr_carea' id='block_1_9' title="bbox 1995 728 3604 813">
    <p class='ocr_par' dir='ltr' id='par_1_9' title="bbox 1995 728 3604 813">
     <span class='ocr_line' id='line_1_9' title="bbox 1995 728 3604 813; baseline 0.014 -25"><span class='ocrx_word' id='word_1_59' title='bbox 1995 738 2571 807; x_wconf 69' lang='lat' dir='ltr'><strong>immunicationem,</strong></span> <span class='ocrx_word' id='word_1_60' title='bbox 2600 728 2975 813; x_wconf 63' lang='lat' dir='ltr'><strong>obsecrabat,</strong></span> <span class='ocrx_word' id='word_1_61' title='bbox 3003 754 3169 805; x_wconf 90' lang='lat' dir='ltr'><strong>utens</strong></span> <span class='ocrx_word' id='word_1_62' title='bbox 3195 768 3295 808; x_wconf 89' lang='lat' dir='ltr'><strong>ore</strong></span> <span class='ocrx_word' id='word_1_63' title='bbox 3318 728 3604 812; x_wconf 73' lang='lat' dir='ltr'><strong>hominis.</strong></span> 
     </span>
    </p>
   </div>
   <div class='ocr_carea' id='block_1_10' title="bbox 302 815 1911 916">
    <p class='ocr_par' dir='ltr' id='par_1_10' title="bbox 302 815 1833 891">
     <span class='ocr_line' id='line_1_10' title="bbox 302 815 1833 891; baseline 0.003 -27"><span class='ocrx_word' id='word_1_64' title='bbox 302 815 629 888; x_wconf 77' lang='grc' dir='ltr'>Ηαρήγγειλε</span> <span class='ocrx_word' id='word_1_65' title='bbox 683 848 751 858; x_wconf 89' lang='lat'><strong><em>—</em></strong></span> <span class='ocrx_word' id='word_1_66' title='bbox 822 815 1117 891; x_wconf 79' lang='grc' dir='ltr'>ἀνθρώπου.</span> <span class='ocrx_word' id='word_1_67' title='bbox 1174 819 1257 879; x_wconf 76' lang='grc' dir='ltr'>Ὠς</span> <span class='ocrx_word' id='word_1_68' title='bbox 1314 819 1384 871; x_wconf 79' lang='grc' dir='ltr'><strong>ἐνὶ</strong></span> <span class='ocrx_word' id='word_1_69' title='bbox 1442 826 1551 881; x_wconf 88' lang='grc' dir='ltr'>τοῖς</span> <span class='ocrx_word' id='word_1_70' title='bbox 1630 818 1833 879; x_wconf 77' lang='grc' dir='ltr'><strong>πολλοῖς</strong></span> 
     </span>
    </p>
   </div>
   <div class='ocr_carea' id='block_1_11' title="bbox 1999 815 3608 916">
    <p class='ocr_par' dir='ltr' id='par_1_11' title="bbox 2014 825 3608 916">
     <span class='ocr_line' id='line_1_11' title="bbox 2014 825 3608 916; baseline 0.017 -41"><span class='ocrx_word' id='word_1_71' title='bbox 2014 825 2190 916; x_wconf 86' lang='lat' dir='ltr'><strong>Vers.</strong></span> <span class='ocrx_word' id='word_1_72' title='bbox 2208 827 2296 882; x_wconf 88' lang='lat'><strong>26.</strong></span> <span class='ocrx_word' id='word_1_73' title='bbox 2330 829 2713 902; x_wconf 66' lang='lat' dir='ltr'><strong>Praecipiebat</strong></span> <span class='ocrx_word' id='word_1_74' title='bbox 2742 865 2812 875; x_wconf 95' lang='lat'><strong><em>—</em></strong></span> <span class='ocrx_word' id='word_1_75' title='bbox 2836 835 3082 895; x_wconf 84' lang='lat' dir='ltr'><strong>homine.</strong></span> <span class='ocrx_word' id='word_1_76' title='bbox 3128 839 3446 916; x_wconf 76' lang='lat' dir='ltr'><strong>Tanquam</strong></span> <span class='ocrx_word' id='word_1_77' title='bbox 3504 846 3608 901; x_wconf 92' lang='lat' dir='ltr'><strong>uni</strong></span> 
     </span>
    </p>
   </div>
   <div class='ocr_carea' id='block_1_12' title="bbox 228 902 1837 1001">
    <p class='ocr_par' dir='ltr' id='par_1_12' title="bbox 228 902 1833 978">
     <span class='ocr_line' id='line_1_12' title="bbox 228 902 1833 978; baseline 0.004 -25"><span class='ocrx_word' id='word_1_78' title='bbox 228 902 468 956; x_wconf 77' lang='grc' dir='ltr'><strong>ἐπέταττε</strong></span> <span class='ocrx_word' id='word_1_79' title='bbox 526 902 770 978; x_wconf 75' lang='grc' dir='ltr'>δαίμοσι,</span> <span class='ocrx_word' id='word_1_80' title='bbox 818 904 911 960; x_wconf 76' lang='grc' dir='ltr'><strong>δια</strong></span> <span class='ocrx_word' id='word_1_81' title='bbox 957 914 1051 967; x_wconf 82' lang='grc' dir='ltr'>τὴν</span> <span class='ocrx_word' id='word_1_82' title='bbox 1117 909 1385 961; x_wconf 75' lang='grc' dir='ltr'>ἀσθένειαν</span> <span class='ocrx_word' id='word_1_83' title='bbox 1456 909 1645 969; x_wconf 72' lang='grc' dir='ltr'>αὐτῶν,</span> <span class='ocrx_word' id='word_1_84' title='bbox 1682 909 1709 966; x_wconf 76' lang='grc' dir='ltr'>ἦ</span> <span class='ocrx_word' id='word_1_85' title='bbox 1743 912 1833 961; x_wconf 83' lang='grc' dir='ltr'>καὶ</span> 
     </span>
    </p>
   </div>
   <div class='ocr_carea' id='block_1_13' title="bbox 1999 902 3608 1001">
    <p class='ocr_par' dir='ltr' id='par_1_13' title="bbox 1999 902 3608 1001">
     <span class='ocr_line' id='line_1_13' title="bbox 1999 902 3608 1001; baseline 0.014 -32"><span class='ocrx_word' id='word_1_86' title='bbox 1999 915 2281 986; x_wconf 83' lang='lat' dir='ltr'><strong>nperabat</strong></span> <span class='ocrx_word' id='word_1_87' title='bbox 2305 918 2505 975; x_wconf 91' lang='lat' dir='ltr'><strong>multis</strong></span> <span class='ocrx_word' id='word_1_88' title='bbox 2527 922 2925 992; x_wconf 67' lang='lat' dir='ltr'><strong>daemonibus,</strong></span> <span class='ocrx_word' id='word_1_89' title='bbox 2961 933 3204 1001; x_wconf 77' lang='lat' dir='ltr'><strong>propter</strong></span> <span class='ocrx_word' id='word_1_90' title='bbox 3225 902 3461 989; x_wconf 70' lang='lat' dir='ltr'><strong>illorum</strong></span> <span class='ocrx_word' id='word_1_91' title='bbox 3496 934 3608 990; x_wconf 87' lang='lat' dir='ltr'><strong>im-</strong></span> 
     </span>
    </p>
   </div>
   <div class='ocr_carea' id='block_1_14' title="bbox 230 988 1839 1094">
    <p class='ocr_par' dir='ltr' id='par_1_14' title="bbox 230 988 1831 1068">
     <span class='ocr_line' id='line_1_14' title="bbox 230 988 1831 1068; baseline 0.004 -26"><span class='ocrx_word' id='word_1_92' title='bbox 230 988 325 1043; x_wconf 81' lang='grc' dir='ltr'>διὰ</span> <span class='ocrx_word' id='word_1_93' title='bbox 356 998 412 1044; x_wconf 84' lang='grc' dir='ltr'>τὸ</span> <span class='ocrx_word' id='word_1_94' title='bbox 451 996 651 1057; x_wconf 86' lang='grc' dir='ltr'>πάντας</span> <span class='ocrx_word' id='word_1_95' title='bbox 687 998 817 1068; x_wconf 77' lang='grc' dir='ltr'>ὁμου</span> <span class='ocrx_word' id='word_1_96' title='bbox 858 996 1079 1068; x_wconf 73' lang='grc' dir='ltr'>λεγεὼνα</span> <span class='ocrx_word' id='word_1_97' title='bbox 1130 998 1425 1061; x_wconf 84' lang='grc' dir='ltr'>καλεῖσθαι,</span> <span class='ocrx_word' id='word_1_98' title='bbox 1460 1000 1487 1056; x_wconf 73' lang='grc' dir='ltr'>ἡ</span> <span class='ocrx_word' id='word_1_99' title='bbox 1518 1004 1604 1050; x_wconf 79' lang='grc' dir='ltr'><strong>καὶ</strong></span> <span class='ocrx_word' id='word_1_100' title='bbox 1637 995 1731 1051; x_wconf 81' lang='grc' dir='ltr'><strong>διὰ</strong></span> <span class='ocrx_word' id='word_1_101' title='bbox 1773 1001 1831 1049; x_wconf 89' lang='grc' dir='ltr'>τὸ</span> 
     </span>
    </p>
   </div>
   <div class='ocr_carea' id='block_1_15' title="bbox 1999 988 3608 1094">
    <p class='ocr_par' dir='ltr' id='par_1_15' title="bbox 1999 988 3608 1094">
     <span class='ocr_line' id='line_1_15' title="bbox 1999 988 3608 1094; baseline 0.014 -35"><span class='ocrx_word' id='word_1_102' title='bbox 1999 1004 2363 1075; x_wconf 71' lang='lat' dir='ltr'><strong>aciliitatem;</strong></span> <span class='ocrx_word' id='word_1_103' title='bbox 2398 1008 2491 1064; x_wconf 85' lang='lat' dir='ltr'><strong>vel</strong></span> <span class='ocrx_word' id='word_1_104' title='bbox 2526 1012 2724 1077; x_wconf 90' lang='lat' dir='ltr'><strong>etiam,</strong></span> <span class='ocrx_word' id='word_1_105' title='bbox 2757 1013 2903 1085; x_wconf 87' lang='lat' dir='ltr'><strong>quia</strong></span> <span class='ocrx_word' id='word_1_106' title='bbox 2955 988 3167 1074; x_wconf 78' lang='lat' dir='ltr'><strong>omnes</strong></span> <span class='ocrx_word' id='word_1_107' title='bbox 3220 1020 3418 1089; x_wconf 91' lang='lat' dir='ltr'><strong>simul,</strong></span> <span class='ocrx_word' id='word_1_108' title='bbox 3449 1022 3608 1094; x_wconf 81' lang='lat' dir='ltr'><strong>legio</strong></span> 
     </span>
    </p>
   </div>
   <div class='ocr_carea' id='block_1_16' title="bbox 229 1082 1838 1184">
    <p class='ocr_par' dir='ltr' id='par_1_16' title="bbox 229 1082 1832 1158">
     <span class='ocr_line' id='line_1_16' title="bbox 229 1082 1832 1158; baseline 0.005 -26"><span class='ocrx_word' id='word_1_109' title='bbox 229 1082 316 1133; x_wconf 82' lang='grc' dir='ltr'>ἕνα</span> <span class='ocrx_word' id='word_1_110' title='bbox 345 1085 463 1134; x_wconf 80' lang='grc' dir='ltr'>τινὰ</span> <span class='ocrx_word' id='word_1_111' title='bbox 487 1082 726 1158; x_wconf 79' lang='grc' dir='ltr'>ἐξάρχειν</span> <span class='ocrx_word' id='word_1_112' title='bbox 766 1096 864 1138; x_wconf 77' lang='grc' dir='ltr'>τῶν</span> <span class='ocrx_word' id='word_1_113' title='bbox 916 1086 1099 1151; x_wconf 78' lang='grc' dir='ltr'>ἄλλων,</span> <span class='ocrx_word' id='word_1_114' title='bbox 1157 1088 1212 1148; x_wconf 84' lang='grc' dir='ltr'>ὃς</span> <span class='ocrx_word' id='word_1_115' title='bbox 1268 1095 1357 1140; x_wconf 80' lang='grc' dir='ltr'>καὶ</span> <span class='ocrx_word' id='word_1_116' title='bbox 1416 1086 1606 1157; x_wconf 79' lang='grc' dir='ltr'>ἐδέετο,</span> <span class='ocrx_word' id='word_1_117' title='bbox 1665 1089 1832 1158; x_wconf 82' lang='grc' dir='ltr'>καὶ</span> 
     </span>
    </p>
   </div>
   <div class='ocr_carea' id='block_1_17' title="bbox 2001 1082 3610 1184">
    <p class='ocr_par' dir='ltr' id='par_1_17' title="bbox 2001 1082 3610 1184">
     <span class='ocr_line' id='line_1_17' title="bbox 2001 1082 3610 1184; baseline 0.013 -35"><span class='ocrx_word' id='word_1_118' title='bbox 2001 1094 2344 1163; x_wconf 71' lang='grc' dir='ltr'><strong>›Οεώδηῐυι·;</strong></span> <span class='ocrx_word' id='word_1_119' title='bbox 2374 1098 2493 1154; x_wconf 80' lang='lat' dir='ltr'><strong>sive</strong></span> <span class='ocrx_word' id='word_1_120' title='bbox 2522 1100 2688 1171; x_wconf 90' lang='lat' dir='ltr'><strong>quod</strong></span> <span class='ocrx_word' id='word_1_121' title='bbox 2716 1082 2869 1158; x_wconf 80' lang='lat' dir='ltr'><strong>unus</strong></span> <span class='ocrx_word' id='word_1_122' title='bbox 2907 1112 3061 1163; x_wconf 84' lang='lat' dir='ltr'><strong>esset</strong></span> <span class='ocrx_word' id='word_1_123' title='bbox 3103 1110 3382 1184; x_wconf 87' lang='lat' dir='ltr'><strong>princeps</strong></span> <span class='ocrx_word' id='word_1_124' title='bbox 3440 1082 3610 1170; x_wconf 44' lang='lat' dir='ltr'><strong>ciete-</strong></span> 
     </span>
    </p>
   </div>
   <div class='ocr_carea' id='block_1_18' title="bbox 230 1172 1839 1263">
    <p class='ocr_par' dir='ltr' id='par_1_18' title="bbox 230 1172 1831 1250">
     <span class='ocr_line' id='line_1_18' title="bbox 230 1172 1831 1250; baseline 0.004 -28"><span class='ocrx_word' id='word_1_125' title='bbox 230 1173 255 1222; x_wconf 87' lang='lat'><strong>6</strong></span> <span class='ocrx_word' id='word_1_126' title='bbox 320 1176 554 1246; x_wconf 81' lang='grc' dir='ltr'>Χριστὸς</span> <span class='ocrx_word' id='word_1_127' title='bbox 639 1172 928 1243; x_wconf 78' lang='grc' dir='ltr'><strong>ἐπέταττεν,</strong></span> <span class='ocrx_word' id='word_1_128' title='bbox 1023 1180 1092 1238; x_wconf 85' lang='grc' dir='ltr'>ὡς</span> <span class='ocrx_word' id='word_1_129' title='bbox 1160 1186 1256 1230; x_wconf 85' lang='grc' dir='ltr'>τῶν</span> <span class='ocrx_word' id='word_1_130' title='bbox 1338 1178 1500 1229; x_wconf 78' lang='grc' dir='ltr'>ἄλλων</span> <span class='ocrx_word' id='word_1_131' title='bbox 1577 1178 1831 1250; x_wconf 74' lang='grc' dir='ltr'><strong>ἑπομένων</strong></span> 
     </span>
    </p>
   </div>
   <div class='ocr_carea' id='block_1_19' title="bbox 2000 1172 3609 1263">
    <p class='ocr_par' dir='ltr' id='par_1_19' title="bbox 2000 1172 3609 1263">
     <span class='ocr_line' id='line_1_19' title="bbox 2000 1172 3609 1263; baseline 0.013 -24"><span class='ocrx_word' id='word_1_132' title='bbox 2000 1199 2139 1240; x_wconf 76' lang='grc' dir='ltr'>ιτυω</span> <span class='ocrx_word' id='word_1_133' title='bbox 2175 1202 2189 1241; x_wconf 88' lang='lat'><strong>:</strong></span> <span class='ocrx_word' id='word_1_134' title='bbox 2220 1187 2323 1257; x_wconf 89' lang='lat' dir='ltr'><strong>qui</strong></span> <span class='ocrx_word' id='word_1_135' title='bbox 2353 1188 2531 1243; x_wconf 90' lang='lat' dir='ltr'><strong>etiam</strong></span> <span class='ocrx_word' id='word_1_136' title='bbox 2560 1187 2932 1263; x_wconf 86' lang='lat' dir='ltr'><strong>obsecrabat,</strong></span> <span class='ocrx_word' id='word_1_137' title='bbox 2955 1200 3012 1251; x_wconf 92' lang='lat' dir='ltr'><strong>et</strong></span> <span class='ocrx_word' id='word_1_138' title='bbox 3033 1172 3128 1253; x_wconf 74' lang='lat' dir='ltr'><strong>cui</strong></span> <span class='ocrx_word' id='word_1_139' title='bbox 3182 1172 3447 1257; x_wconf 73' lang='lat' dir='ltr'><strong>Christus</strong></span> <span class='ocrx_word' id='word_1_140' title='bbox 3503 1202 3609 1258; x_wconf 88' lang='lat' dir='ltr'><strong>im-</strong></span> 
     </span>
    </p>
   </div>
   <div class='ocr_carea' id='block_1_20' title="bbox 228 1258 3303 1357">
    <p class='ocr_par' dir='ltr' id='par_1_20' title="bbox 228 1258 3303 1357">
     <span class='ocr_line' id='line_1_20' title="bbox 228 1258 3303 1357; baseline 0.011 -46"><span class='ocrx_word' id='word_1_141' title='bbox 228 1258 418 1332; x_wconf 74' lang='grc' dir='ltr'>ἐκείνῳ.</span> <span class='ocrx_word' id='word_1_142' title='bbox 1942 1274 2211 1344; x_wconf 85' lang='lat' dir='ltr'><strong>perabat,</strong></span> <span class='ocrx_word' id='word_1_143' title='bbox 2243 1282 2535 1349; x_wconf 89' lang='lat' dir='ltr'><strong>tanquam</strong></span> <span class='ocrx_word' id='word_1_144' title='bbox 2567 1277 2705 1332; x_wconf 88' lang='lat' dir='ltr'><strong>aliis</strong></span> <span class='ocrx_word' id='word_1_145' title='bbox 2734 1294 2865 1334; x_wconf 89' lang='lat' dir='ltr'><strong>eum</strong></span> <span class='ocrx_word' id='word_1_146' title='bbox 2897 1288 3303 1357; x_wconf 86' lang='lat' dir='ltr'><strong>sequentibus,</strong></span> 
     </span>
    </p>
   </div>
   <div class='ocr_carea' id='block_1_21' title="bbox 303 1352 1912 1453">
    <p class='ocr_par' dir='ltr' id='par_1_21' title="bbox 303 1352 1828 1430">
     <span class='ocr_line' id='line_1_21' title="bbox 303 1352 1828 1430; baseline 0.004 -26"><span class='ocrx_word' id='word_1_147' title='bbox 303 1352 516 1413; x_wconf 79' lang='grc' dir='ltr'><strong>Πολλοῖς</strong></span> <span class='ocrx_word' id='word_1_148' title='bbox 546 1385 607 1393; x_wconf 86' lang='lat'><strong>——</strong></span> <span class='ocrx_word' id='word_1_149' title='bbox 640 1354 891 1428; x_wconf 73' lang='grc' dir='ltr'><strong>ἐρήμους.</strong></span> <span class='ocrx_word' id='word_1_150' title='bbox 925 1354 1047 1408; x_wconf 73' lang='grc' dir='ltr'><strong>’Υπὸ</strong></span> <span class='ocrx_word' id='word_1_151' title='bbox 1079 1364 1169 1408; x_wconf 76' lang='grc' dir='ltr'><strong>τοῦ</strong></span> <span class='ocrx_word' id='word_1_152' title='bbox 1204 1352 1447 1429; x_wconf 79' lang='grc' dir='ltr'>δαίμονος</span> <span class='ocrx_word' id='word_1_153' title='bbox 1473 1364 1563 1409; x_wconf 77' lang='grc' dir='ltr'><strong>τοῦ</strong></span> <span class='ocrx_word' id='word_1_154' title='bbox 1601 1355 1828 1430; x_wconf 80' lang='grc' dir='ltr'><strong>ἐξάρχου</strong></span> 
     </span>
    </p>
   </div>
   <div class='ocr_carea' id='block_1_22' title="bbox 2000 1352 3609 1453">
    <p class='ocr_par' dir='ltr' id='par_1_22' title="bbox 2013 1352 3609 1453">
     <span class='ocr_line' id='line_1_22' title="bbox 2013 1352 3609 1453; baseline 0.013 -36"><span class='ocrx_word' id='word_1_155' title='bbox 2013 1364 2169 1420; x_wconf 87' lang='lat' dir='ltr'><strong>Vers.</strong></span> <span class='ocrx_word' id='word_1_156' title='bbox 2202 1370 2290 1421; x_wconf 81' lang='lat'><strong>29.</strong></span> <span class='ocrx_word' id='word_1_157' title='bbox 2324 1368 2686 1442; x_wconf 82' lang='lat' dir='ltr'><strong>Frequenter</strong></span> <span class='ocrx_word' id='word_1_158' title='bbox 2721 1407 2792 1415; x_wconf 90' lang='lat'><em>—</em></span> <span class='ocrx_word' id='word_1_159' title='bbox 2829 1352 3067 1431; x_wconf 76' lang='lat' dir='ltr'><strong>deserta.</strong></span> <span class='ocrx_word' id='word_1_160' title='bbox 3094 1378 3139 1430; x_wconf 89' lang='lat' dir='ltr'><strong>A</strong></span> <span class='ocrx_word' id='word_1_161' title='bbox 3170 1352 3451 1446; x_wconf 62' lang='lat' dir='ltr'><strong>damone,</strong></span> <span class='ocrx_word' id='word_1_162' title='bbox 3503 1381 3609 1453; x_wconf 89' lang='lat' dir='ltr'><strong>qui</strong></span> 
     </span>
    </p>
   </div>
   <div class='ocr_carea' id='block_1_23' title="bbox 225 1442 1834 1538">
    <p class='ocr_par' dir='ltr' id='par_1_23' title="bbox 225 1442 643 1514">
     <span class='ocr_line' id='line_1_23' title="bbox 225 1442 643 1514; baseline 0.014 -24"><span class='ocrx_word' id='word_1_163' title='bbox 225 1449 326 1491; x_wconf 80' lang='grc' dir='ltr'>τῶν</span> <span class='ocrx_word' id='word_1_164' title='bbox 356 1446 450 1492; x_wconf 78' lang='grc' dir='ltr'>σὺν</span> <span class='ocrx_word' id='word_1_165' title='bbox 483 1442 643 1514; x_wconf 73' lang='grc' dir='ltr'>αὐτῷ.</span> 
     </span>
    </p>
   </div>
   <div class='ocr_carea' id='block_1_24' title="bbox 1709 1442 3318 1538">
    <p class='ocr_par' dir='ltr' id='par_1_24' title="bbox 1939 1457 3318 1538">
     <span class='ocr_line' id='line_1_24' title="bbox 1939 1457 3318 1538; baseline 0.012 -31"><span class='ocrx_word' id='word_1_166' title='bbox 1939 1457 2424 1529; x_wconf 72' lang='lat' dir='ltr'><strong>caaterorum,qui</strong></span> <span class='ocrx_word' id='word_1_167' title='bbox 2451 1476 2651 1517; x_wconf 89' lang='lat' dir='ltr'><strong>secum</strong></span> <span class='ocrx_word' id='word_1_168' title='bbox 2684 1471 2852 1521; x_wconf 91' lang='lat' dir='ltr'><strong>erant</strong></span> <span class='ocrx_word' id='word_1_169' title='bbox 2872 1466 3154 1538; x_wconf 85' lang='lat' dir='ltr'><strong>princeps</strong></span> <span class='ocrx_word' id='word_1_170' title='bbox 3177 1473 3318 1523; x_wconf 89' lang='lat' dir='ltr'><strong>erat.</strong></span> 
     </span>
    </p>
   </div>
   <div class='ocr_carea' id='block_1_25' title="bbox 299 1530 1908 1624">
    <p class='ocr_par' dir='ltr' id='par_1_25' title="bbox 299 1530 1830 1608">
     <span class='ocr_line' id='line_1_25' title="bbox 299 1530 1830 1608; baseline 0.001 -23"><span class='ocrx_word' id='word_1_171' title='bbox 299 1530 630 1605; x_wconf 84' lang='grc' dir='ltr'>Ἐπερὼτησε</span> <span class='ocrx_word' id='word_1_172' title='bbox 657 1565 721 1572; x_wconf 89' lang='grc'><strong>-</strong></span> <span class='ocrx_word' id='word_1_173' title='bbox 756 1531 1008 1588; x_wconf 78' lang='grc' dir='ltr'>ἀπελθεῖν,</span> <span class='ocrx_word' id='word_1_174' title='bbox 1047 1542 1225 1587; x_wconf 67' lang='grc' dir='ltr'>Ταῦτα</span> <span class='ocrx_word' id='word_1_175' title='bbox 1283 1541 1372 1587; x_wconf 79' lang='grc' dir='ltr'>καὶ</span> <span class='ocrx_word' id='word_1_176' title='bbox 1428 1536 1451 1586; x_wconf 87' lang='grc' dir='ltr'>ὁ</span> <span class='ocrx_word' id='word_1_177' title='bbox 1484 1536 1691 1608; x_wconf 85' lang='grc' dir='ltr'>Μάρκος</span> <span class='ocrx_word' id='word_1_178' title='bbox 1724 1534 1830 1587; x_wconf 80' lang='grc' dir='ltr'>ἀνέ-</span> 
     </span>
    </p>
   </div>
   <div class='ocr_carea' id='block_1_26' title="bbox 1999 1530 3608 1624">
    <p class='ocr_par' dir='ltr' id='par_1_26' title="bbox 2014 1530 3608 1624">
     <span class='ocr_line' id='line_1_26' title="bbox 2014 1530 3608 1624; baseline 0.011 -25"><span class='ocrx_word' id='word_1_179' title='bbox 2014 1546 2172 1602; x_wconf 88' lang='lat' dir='ltr'><strong>Vers.</strong></span> <span class='ocrx_word' id='word_1_180' title='bbox 2206 1551 2292 1604; x_wconf 90' lang='grc'>30.</span> <span class='ocrx_word' id='word_1_181' title='bbox 2348 1548 2749 1624; x_wconf 79' lang='lat' dir='ltr'><strong>Interrogavit</strong></span> <span class='ocrx_word' id='word_1_182' title='bbox 2803 1530 3054 1612; x_wconf 47' lang='lat' dir='ltr'><strong>—-Vers.</strong></span> <span class='ocrx_word' id='word_1_183' title='bbox 3084 1530 3188 1613; x_wconf 47' lang='lat'><strong>.31.</strong></span> <span class='ocrx_word' id='word_1_184' title='bbox 3257 1562 3435 1615; x_wconf 80' lang='lat' dir='ltr'><strong>irent.</strong></span> <span class='ocrx_word' id='word_1_185' title='bbox 3472 1560 3608 1616; x_wconf 61' lang='lat' dir='ltr'><strong>Haec</strong></span> 
     </span>
    </p>
   </div>
   <div class='ocr_carea' id='block_1_27' title="bbox 220 1619 1829 1714">
    <p class='ocr_par' dir='ltr' id='par_1_27' title="bbox 220 1619 1828 1696">
     <span class='ocr_line' id='line_1_27' title="bbox 220 1619 1828 1696; baseline 0.002 -25"><span class='ocrx_word' id='word_1_186' title='bbox 220 1619 398 1692; x_wconf 73' lang='grc' dir='ltr'>γραψε</span> <span class='ocrx_word' id='word_1_187' title='bbox 417 1625 505 1673; x_wconf 83' lang='grc' dir='ltr'>καὶ</span> <span class='ocrx_word' id='word_1_188' title='bbox 537 1625 763 1684; x_wconf 82' lang='grc' dir='ltr'><strong>ζήτησον</strong></span> <span class='ocrx_word' id='word_1_189' title='bbox 785 1627 878 1681; x_wconf 80' lang='grc' dir='ltr'>τὴν</span> <span class='ocrx_word' id='word_1_190' title='bbox 908 1627 1102 1677; x_wconf 70' lang='grc' dir='ltr'>τούτων</span> <span class='ocrx_word' id='word_1_191' title='bbox 1126 1624 1377 1696; x_wconf 71' lang='grc' dir='ltr'>ἐξήγησιν</span> <span class='ocrx_word' id='word_1_192' title='bbox 1396 1623 1443 1676; x_wconf 85' lang='grc' dir='ltr'>ἐν</span> <span class='ocrx_word' id='word_1_193' title='bbox 1475 1632 1545 1694; x_wconf 81' lang='grc' dir='ltr'>τῷ</span> <span class='ocrx_word' id='word_1_194' title='bbox 1573 1620 1828 1694; x_wconf 86' lang='grc' dir='ltr'>ἑνδεκάτῳ</span> 
     </span>
    </p>
   </div>
   <div class='ocr_carea' id='block_1_28' title="bbox 2000 1619 3609 1714">
    <p class='ocr_par' dir='ltr' id='par_1_28' title="bbox 2000 1635 3609 1714">
     <span class='ocr_line' id='line_1_28' title="bbox 2000 1635 3609 1714; baseline 0.012 -27"><span class='ocrx_word' id='word_1_195' title='bbox 2000 1635 2139 1692; x_wconf 89' lang='lat' dir='ltr'><strong>nnia</strong></span> <span class='ocrx_word' id='word_1_196' title='bbox 2179 1638 2419 1709; x_wconf 81' lang='lat' dir='ltr'><strong>scripsit</strong></span> <span class='ocrx_word' id='word_1_197' title='bbox 2474 1644 2723 1714; x_wconf 86' lang='lat' dir='ltr'><strong>Marcus,</strong></span> <span class='ocrx_word' id='word_1_198' title='bbox 2782 1650 2838 1700; x_wconf 91' lang='lat' dir='ltr'><strong>et</strong></span> <span class='ocrx_word' id='word_1_199' title='bbox 2879 1645 3097 1701; x_wconf 89' lang='lat' dir='ltr'><strong>borum</strong></span> <span class='ocrx_word' id='word_1_200' title='bbox 3165 1649 3609 1705; x_wconf 86' lang='lat' dir='ltr'><strong>enarrationem</strong></span> 
     </span>
    </p>
   </div>
   <div class='ocr_carea' id='block_1_29' title="bbox 221 1710 1830 1808">
    <p class='ocr_par' dir='ltr' id='par_1_29' title="bbox 221 1710 685 1782">
     <span class='ocr_line' id='line_1_29' title="bbox 221 1710 685 1782; baseline 0.009 -21"><span class='ocrx_word' id='word_1_201' title='bbox 221 1710 483 1782; x_wconf 74' lang='grc' dir='ltr'>κεφαλαίῳ</span> <span class='ocrx_word' id='word_1_202' title='bbox 509 1712 685 1766; x_wconf 68' lang='grc' dir='ltr'>αὐτοῦ.</span> 
     </span>
    </p>
   </div>
   <div class='ocr_carea' id='block_1_30' title="bbox 1987 1710 3596 1808">
    <p class='ocr_par' dir='ltr' id='par_1_30' title="bbox 1989 1710 3596 1808">
     <span class='ocr_line' id='line_1_30' title="bbox 1989 1710 3596 1808; baseline 0.011 -30"><span class='ocrx_word' id='word_1_203' title='bbox 1989 1740 2146 1780; x_wconf 82' lang='lat' dir='ltr'><strong>uaere</strong></span> <span class='ocrx_word' id='word_1_204' title='bbox 2195 1726 2514 1785; x_wconf 86' lang='lat' dir='ltr'><strong>undecimo</strong></span> <span class='ocrx_word' id='word_1_205' title='bbox 2569 1710 2763 1804; x_wconf 77' lang='lat' dir='ltr'><strong>capite</strong></span> <span class='ocrx_word' id='word_1_206' title='bbox 2803 1735 3120 1805; x_wconf 83' lang='lat' dir='ltr'><strong>Evangelii,</strong></span> <span class='ocrx_word' id='word_1_207' title='bbox 3155 1736 3316 1808; x_wconf 88' lang='lat' dir='ltr'><strong>quod</strong></span> <span class='ocrx_word' id='word_1_208' title='bbox 3346 1736 3444 1795; x_wconf 90' lang='lat' dir='ltr'><strong>ille</strong></span> <span class='ocrx_word' id='word_1_209' title='bbox 3479 1753 3596 1796; x_wconf 92' lang='lat' dir='ltr'><strong>con</strong></span> 
     </span>
    </p>
   </div>
   <div class='ocr_carea' id='block_1_31' title="bbox 1864 1813 2189 1884">
    <p class='ocr_par' dir='ltr' id='par_1_31' title="bbox 1864 1813 2189 1884">
     <span class='ocr_line' id='line_1_31' title="bbox 1864 1813 2189 1884; baseline 0.009 -18"><span class='ocrx_word' id='word_1_210' title='bbox 1864 1822 1909 1878; x_wconf 86' lang='grc' dir='ltr'>Β</span> <span class='ocrx_word' id='word_1_211' title='bbox 1944 1813 2189 1884; x_wconf 86' lang='lat' dir='ltr'><strong>scripsit.</strong></span> 
     </span>
    </p>
   </div>
   <div class='ocr_carea' id='block_1_32' title="bbox 296 1887 1905 1985">
    <p class='ocr_par' dir='ltr' id='par_1_32' title="bbox 296 1887 1833 1967">
     <span class='ocr_line' id='line_1_32' title="bbox 296 1887 1833 1967; baseline 0.002 -25"><span class='ocrx_word' id='word_1_212' title='bbox 296 1887 394 1942; x_wconf 82' lang='grc' dir='ltr'>Ἦν</span> <span class='ocrx_word' id='word_1_213' title='bbox 427 1887 487 1943; x_wconf 71' lang='grc' dir='ltr'>δὲ</span> <span class='ocrx_word' id='word_1_214' title='bbox 520 1922 581 1930; x_wconf 86' lang='grc'><strong>-</strong></span> <span class='ocrx_word' id='word_1_215' title='bbox 614 1890 895 1962; x_wconf 72' lang='grc' dir='ltr'><strong>ἀπεπνίγη·</strong></span> <span class='ocrx_word' id='word_1_216' title='bbox 943 1899 1007 1945; x_wconf 86' lang='grc' dir='ltr'><strong>Εν</strong></span> <span class='ocrx_word' id='word_1_217' title='bbox 1060 1900 1131 1963; x_wconf 81' lang='grc' dir='ltr'>τῷ</span> <span class='ocrx_word' id='word_1_218' title='bbox 1184 1893 1393 1967; x_wconf 83' lang='grc' dir='ltr'><strong>ῥηθέντι</strong></span> <span class='ocrx_word' id='word_1_219' title='bbox 1446 1889 1729 1963; x_wconf 75' lang='grc' dir='ltr'><strong>δωδεκάτῳ</strong></span> <span class='ocrx_word' id='word_1_220' title='bbox 1754 1912 1833 1945; x_wconf 81' lang='grc' dir='ltr'>κε-</span> 
     </span>
    </p>
   </div>
   <div class='ocr_carea' id='block_1_33' title="bbox 1997 1887 3606 1985">
    <p class='ocr_par' dir='ltr' id='par_1_33' title="bbox 2014 1904 3606 1985">
     <span class='ocr_line' id='line_1_33' title="bbox 2014 1904 3606 1985; baseline 0.011 -28"><span class='ocrx_word' id='word_1_221' title='bbox 2014 1905 2174 1970; x_wconf 88' lang='lat' dir='ltr'><strong>Vers,</strong></span> <span class='ocrx_word' id='word_1_222' title='bbox 2203 1904 2292 1960; x_wconf 74' lang='lat'><strong>32.</strong></span> <span class='ocrx_word' id='word_1_223' title='bbox 2326 1908 2483 1965; x_wconf 87' lang='lat' dir='ltr'><strong>Erat</strong></span> <span class='ocrx_word' id='word_1_224' title='bbox 2506 1917 2699 1967; x_wconf 84' lang='lat' dir='ltr'><strong>autem</strong></span> <span class='ocrx_word' id='word_1_225' title='bbox 2727 1943 2797 1953; x_wconf 89' lang='lat'>--</span> <span class='ocrx_word' id='word_1_226' title='bbox 2830 1915 2988 1969; x_wconf 88' lang='lat' dir='ltr'><strong>Vers.</strong></span> <span class='ocrx_word' id='word_1_227' title='bbox 3017 1918 3106 1971; x_wconf 88' lang='lat'><strong>33.</strong></span> <span class='ocrx_word' id='word_1_228' title='bbox 3138 1917 3469 1985; x_wconf 81' lang='lat' dir='ltr'><strong>suffocatus</strong></span> <span class='ocrx_word' id='word_1_229' title='bbox 3497 1924 3606 1975; x_wconf 83' lang='lat' dir='ltr'><strong>est.</strong></span> 
     </span>
    </p>
   </div>
   <div class='ocr_carea' id='block_1_34' title="bbox 225 1977 1834 2075">
    <p class='ocr_par' dir='ltr' id='par_1_34' title="bbox 225 1977 1834 2056">
     <span class='ocr_line' id='line_1_34' title="bbox 225 1977 1834 2056; baseline 0.002 -27"><span class='ocrx_word' id='word_1_230' title='bbox 225 1977 427 2051; x_wconf 77' lang='grc' dir='ltr'>φαλαίῳ</span> <span class='ocrx_word' id='word_1_231' title='bbox 457 1987 549 2032; x_wconf 77' lang='grc' dir='ltr'>του</span> <span class='ocrx_word' id='word_1_232' title='bbox 578 1983 713 2033; x_wconf 79' lang='grc' dir='ltr'>κατὰ</span> <span class='ocrx_word' id='word_1_233' title='bbox 741 1984 1008 2035; x_wconf 87' lang='grc' dir='ltr'>Ματθαῖον</span> <span class='ocrx_word' id='word_1_234' title='bbox 1048 1987 1167 2055; x_wconf 86' lang='grc' dir='ltr'>περὶ</span> <span class='ocrx_word' id='word_1_235' title='bbox 1217 1985 1409 2036; x_wconf 80' lang='grc' dir='ltr'>τούτων</span> <span class='ocrx_word' id='word_1_236' title='bbox 1438 1985 1639 2035; x_wconf 84' lang='grc' dir='ltr'>πάντων</span> <span class='ocrx_word' id='word_1_237' title='bbox 1684 1982 1834 2056; x_wconf 71' lang='grc' dir='ltr'>εὑρή-</span> 
     </span>
    </p>
   </div>
   <div class='ocr_carea' id='block_1_35' title="bbox 1999 1977 3608 2075">
    <p class='ocr_par' dir='ltr' id='par_1_35' title="bbox 1999 1977 3608 2075">
     <span class='ocr_line' id='line_1_35' title="bbox 1999 1977 3608 2075; baseline 0.011 -29"><span class='ocrx_word' id='word_1_238' title='bbox 1999 1994 2225 2050; x_wconf 72' lang='lat' dir='ltr'><strong>reedicto</strong></span> <span class='ocrx_word' id='word_1_239' title='bbox 2268 1996 2624 2056; x_wconf 90' lang='lat' dir='ltr'><strong>duodecimo</strong></span> <span class='ocrx_word' id='word_1_240' title='bbox 2680 2002 2873 2073; x_wconf 88' lang='lat' dir='ltr'><strong>capite</strong></span> <span class='ocrx_word' id='word_1_241' title='bbox 2921 1977 3608 2075; x_wconf 38' lang='lat' dir='ltr'><strong>Evangelii-secundum-</strong></span> 
     </span>
    </p>
   </div>
   <div class='ocr_carea' id='block_1_36' title="bbox 227 2082 3149 2149">
    <p class='ocr_par' dir='ltr' id='par_1_36' title="bbox 227 2082 3149 2149">
     <span class='ocr_line' id='line_1_36' title="bbox 227 2082 3149 2149; baseline 0.01 -30"><span class='ocrx_word' id='word_1_242' title='bbox 227 2085 356 2130; x_wconf 83' lang='grc' dir='ltr'>σεις.</span> <span class='ocrx_word' id='word_1_243' title='bbox 1944 2082 2283 2140; x_wconf 69' lang='lat' dir='ltr'><strong>Matthaaum</strong></span> <span class='ocrx_word' id='word_1_244' title='bbox 2323 2086 2397 2143; x_wconf 90' lang='lat' dir='ltr'><strong>de</strong></span> <span class='ocrx_word' id='word_1_245' title='bbox 2422 2088 2514 2143; x_wconf 87' lang='lat' dir='ltr'><strong>bis</strong></span> <span class='ocrx_word' id='word_1_246' title='bbox 2546 2090 2829 2146; x_wconf 90' lang='lat' dir='ltr'><strong>omnibus</strong></span> <span class='ocrx_word' id='word_1_247' title='bbox 2859 2092 3149 2149; x_wconf 84' lang='lat' dir='ltr'><strong>invenies.</strong></span> 
     </span>
    </p>
   </div>
   <div class='ocr_carea' id='block_1_37' title="bbox 303 2156 1912 2259">
    <p class='ocr_par' dir='ltr' id='par_1_37' title="bbox 303 2156 1836 2233">
     <span class='ocr_line' id='line_1_37' title="bbox 303 2156 1836 2233; baseline 0.002 -23"><span class='ocrx_word' id='word_1_248' title='bbox 303 2156 488 2231; x_wconf 67' lang='grc' dir='ltr'><strong>[Οἶμαι</strong></span> <span class='ocrx_word' id='word_1_249' title='bbox 547 2160 657 2230; x_wconf 65' lang='lat' dir='ltr'><strong>(i6)</strong></span> <span class='ocrx_word' id='word_1_250' title='bbox 713 2169 812 2212; x_wconf 84' lang='grc' dir='ltr'>τῶν</span> <span class='ocrx_word' id='word_1_251' title='bbox 862 2162 1151 2233; x_wconf 77' lang='grc' dir='ltr'><strong>ὀμοχώρων</strong></span> <span class='ocrx_word' id='word_1_252' title='bbox 1202 2160 1493 2233; x_wconf 77' lang='grc' dir='ltr'>ἀλλοφύλων</span> <span class='ocrx_word' id='word_1_253' title='bbox 1550 2158 1676 2213; x_wconf 81' lang='grc' dir='ltr'>εἶναι</span> <span class='ocrx_word' id='word_1_254' title='bbox 1718 2165 1836 2221; x_wconf 83' lang='grc' dir='ltr'>τους</span> 
     </span>
    </p>
   </div>
   <div class='ocr_carea' id='block_1_38' title="bbox 2003 2156 3612 2259">
    <p class='ocr_par' dir='ltr' id='par_1_38' title="bbox 2015 2172 3612 2259">
     <span class='ocr_line' id='line_1_38' title="bbox 2015 2172 3612 2259; baseline 0.01 -32"><span class='ocrx_word' id='word_1_255' title='bbox 2015 2173 2102 2243; x_wconf 72' lang='grc' dir='ltr'><strong>-Η-</strong></span> <span class='ocrx_word' id='word_1_256' title='bbox 2132 2172 2354 2245; x_wconf 89' lang='lat' dir='ltr'><strong>Opinor</strong></span> <span class='ocrx_word' id='word_1_257' title='bbox 2380 2177 2711 2235; x_wconf 89' lang='lat' dir='ltr'><strong>vicinorum</strong></span> <span class='ocrx_word' id='word_1_258' title='bbox 2745 2180 3219 2251; x_wconf 84' lang='lat' dir='ltr'><strong>alienigenarum</strong></span> <span class='ocrx_word' id='word_1_259' title='bbox 3253 2183 3436 2242; x_wconf 86' lang='lat' dir='ltr'><strong>fuisse</strong></span> <span class='ocrx_word' id='word_1_260' title='bbox 3473 2201 3612 2259; x_wconf 91' lang='lat' dir='ltr'><strong>por-</strong></span> 
     </span>
    </p>
   </div>
   <div class='ocr_carea' id='block_1_39' title="bbox 225 2246 1834 2346">
    <p class='ocr_par' dir='ltr' id='par_1_39' title="bbox 225 2246 1834 2323">
     <span class='ocr_line' id='line_1_39' title="bbox 225 2246 1834 2323; baseline 0.002 -24"><span class='ocrx_word' id='word_1_261' title='bbox 225 2253 448 2321; x_wconf 85' lang='grc' dir='ltr'>χοίρους</span> <span class='ocrx_word' id='word_1_262' title='bbox 479 2248 631 2312; x_wconf 84' lang='grc' dir='ltr'><strong>Εἰκὸς</strong></span> <span class='ocrx_word' id='word_1_263' title='bbox 664 2246 723 2302; x_wconf 78' lang='grc' dir='ltr'><strong>δε</strong></span> <span class='ocrx_word' id='word_1_264' title='bbox 753 2255 840 2302; x_wconf 86' lang='grc' dir='ltr'>καὶ</span> <span class='ocrx_word' id='word_1_265' title='bbox 889 2254 1009 2312; x_wconf 75' lang='grc' dir='ltr'>τοὺς</span> <span class='ocrx_word' id='word_1_266' title='bbox 1040 2247 1332 2312; x_wconf 76' lang='grc' dir='ltr'><strong>Ἰουδαίους</strong></span> <span class='ocrx_word' id='word_1_267' title='bbox 1382 2248 1669 2323; x_wconf 79' lang='grc' dir='ltr'><strong>διατρέφειν</strong></span> <span class='ocrx_word' id='word_1_268' title='bbox 1712 2256 1834 2322; x_wconf 84' lang='grc' dir='ltr'>χοί-</span> 
     </span>
    </p>
   </div>
   <div class='ocr_carea' id='block_1_40' title="bbox 2002 2246 3611 2346">
    <p class='ocr_par' dir='ltr' id='par_1_40' title="bbox 2002 2246 3611 2346">
     <span class='ocr_line' id='line_1_40' title="bbox 2002 2246 3611 2346; baseline 0.01 -31"><span class='ocrx_word' id='word_1_269' title='bbox 2002 2279 2069 2320; x_wconf 70' lang='lat' dir='ltr'><strong>is.</strong></span> <span class='ocrx_word' id='word_1_270' title='bbox 2107 2263 2394 2321; x_wconf 87' lang='lat' dir='ltr'><strong>Credibile</strong></span> <span class='ocrx_word' id='word_1_271' title='bbox 2421 2283 2578 2339; x_wconf 84' lang='lat' dir='ltr'><strong>vero,</strong></span> <span class='ocrx_word' id='word_1_272' title='bbox 2607 2269 2845 2325; x_wconf 74' lang='lat' dir='ltr'><strong>Judteos</strong></span> <span class='ocrx_word' id='word_1_273' title='bbox 2871 2246 3044 2327; x_wconf 76' lang='lat' dir='ltr'><strong>etiam</strong></span> <span class='ocrx_word' id='word_1_274' title='bbox 3076 2272 3350 2330; x_wconf 85' lang='lat' dir='ltr'><strong>nutriisse</strong></span> <span class='ocrx_word' id='word_1_275' title='bbox 3404 2246 3611 2346; x_wconf 58' lang='lat' dir='ltr'><strong>porcos</strong></span> 
     </span>
    </p>
   </div>
   <div class='ocr_carea' id='block_1_41' title="bbox 225 2336 1834 2436">
    <p class='ocr_par' dir='ltr' id='par_1_41' title="bbox 225 2336 1831 2413">
     <span class='ocr_line' id='line_1_41' title="bbox 225 2336 1831 2413; baseline 0.001 -23"><span class='ocrx_word' id='word_1_276' title='bbox 225 2358 353 2411; x_wconf 78' lang='grc' dir='ltr'>ρους</span> <span class='ocrx_word' id='word_1_277' title='bbox 382 2337 467 2391; x_wconf 79' lang='grc' dir='ltr'><strong>ἐπὶ</strong></span> <span class='ocrx_word' id='word_1_278' title='bbox 495 2344 550 2391; x_wconf 84' lang='grc' dir='ltr'>τό</span> <span class='ocrx_word' id='word_1_279' title='bbox 570 2338 1011 2411; x_wconf 54' lang='grc' dir='ltr'>κάνηάπεμπολεῖν</span> <span class='ocrx_word' id='word_1_280' title='bbox 1040 2341 1249 2403; x_wconf 72' lang='grc' dir='ltr'><strong>αὐτοὺς,</strong></span> <span class='ocrx_word' id='word_1_281' title='bbox 1278 2342 1307 2399; x_wconf 73' lang='grc' dir='ltr'><strong><em>ἦ</em></strong></span> <span class='ocrx_word' id='word_1_282' title='bbox 1334 2346 1423 2392; x_wconf 78' lang='grc' dir='ltr'>καὶ</span> <span class='ocrx_word' id='word_1_283' title='bbox 1455 2340 1539 2392; x_wconf 83' lang='grc' dir='ltr'><strong>ἐπὶ</strong></span> <span class='ocrx_word' id='word_1_284' title='bbox 1572 2336 1831 2413; x_wconf 71' lang='grc' dir='ltr'>διατροφῇ</span> 
     </span>
    </p>
   </div>
   <div class='ocr_carea' id='block_1_42' title="bbox 2001 2336 3610 2436">
    <p class='ocr_par' dir='ltr' id='par_1_42' title="bbox 2001 2336 3610 2436">
     <span class='ocr_line' id='line_1_42' title="bbox 2001 2336 3610 2436; baseline 0.009 -30"><span class='ocrx_word' id='word_1_285' title='bbox 2001 2357 2010 2406; x_wconf 74' lang='lat' dir='ltr'><strong>t</strong></span> <span class='ocrx_word' id='word_1_286' title='bbox 2029 2367 2135 2407; x_wconf 86' lang='lat' dir='ltr'><strong>eos</strong></span> <span class='ocrx_word' id='word_1_287' title='bbox 2153 2336 2676 2423; x_wconf 46' lang='lat' dir='ltr'><strong>divenderenﬂaut</strong></span> <span class='ocrx_word' id='word_1_288' title='bbox 2697 2364 2757 2414; x_wconf 92' lang='lat' dir='ltr'><strong>ut</strong></span> <span class='ocrx_word' id='word_1_289' title='bbox 2780 2360 2994 2416; x_wconf 84' lang='lat' dir='ltr'><strong>milites</strong></span> <span class='ocrx_word' id='word_1_290' title='bbox 3013 2361 3288 2430; x_wconf 78' lang='lat' dir='ltr'><strong>Romani,</strong></span> <span class='ocrx_word' id='word_1_291' title='bbox 3305 2336 3610 2436; x_wconf 44' lang='lat' dir='ltr'><strong>qui-urbes</strong></span> 
     </span>
    </p>
   </div>
   <div class='ocr_carea' id='block_1_43' title="bbox 226 2427 1835 2523">
    <p class='ocr_par' dir='ltr' id='par_1_43' title="bbox 226 2427 1835 2504">
     <span class='ocr_line' id='line_1_43' title="bbox 226 2427 1835 2504; baseline 0.001 -25"><span class='ocrx_word' id='word_1_292' title='bbox 226 2436 327 2479; x_wconf 82' lang='grc' dir='ltr'>τῶν</span> <span class='ocrx_word' id='word_1_293' title='bbox 402 2427 772 2500; x_wconf 72' lang='grc' dir='ltr'>φυλασσόντων</span> <span class='ocrx_word' id='word_1_294' title='bbox 833 2432 923 2490; x_wconf 82' lang='grc' dir='ltr'><strong>τὰς</strong></span> <span class='ocrx_word' id='word_1_295' title='bbox 1008 2430 1183 2492; x_wconf 84' lang='grc' dir='ltr'>πόλεις</span> <span class='ocrx_word' id='word_1_296' title='bbox 1266 2430 1434 2482; x_wconf 77' lang='grc' dir='ltr'>αὐτῶν</span> <span class='ocrx_word' id='word_1_297' title='bbox 1508 2438 1835 2504; x_wconf 81' lang='grc' dir='ltr'>στρατιωτῶν</span> 
     </span>
    </p>
   </div>
   <div class='ocr_carea' id='block_1_44' title="bbox 1855 2427 3464 2523">
    <p class='ocr_par' dir='ltr' id='par_1_44' title="bbox 1945 2427 3464 2523">
     <span class='ocr_line' id='line_1_44' title="bbox 1945 2427 3464 2523; baseline 0.008 -26"><span class='ocrx_word' id='word_1_298' title='bbox 1945 2456 2156 2497; x_wconf 91' lang='lat' dir='ltr'><strong>eorum</strong></span> <span class='ocrx_word' id='word_1_299' title='bbox 2183 2444 2615 2513; x_wconf 86' lang='lat' dir='ltr'><strong>custodiebant,</strong></span> <span class='ocrx_word' id='word_1_300' title='bbox 2657 2447 2968 2515; x_wconf 86' lang='lat' dir='ltr'><strong>haberent,</strong></span> <span class='ocrx_word' id='word_1_301' title='bbox 2995 2466 3117 2523; x_wconf 89' lang='lat' dir='ltr'><strong>quo</strong></span> <span class='ocrx_word' id='word_1_302' title='bbox 3148 2427 3464 2509; x_wconf 79' lang='lat' dir='ltr'><strong>alerentur.</strong></span> 
     </span>
    </p>
   </div>
   <div class='ocr_carea' id='block_1_45' title="bbox 225 2517 575 2592">
    <p class='ocr_par' dir='ltr' id='par_1_45' title="bbox 225 2517 575 2592">
     <span class='ocr_line' id='line_1_45' title="bbox 225 2517 575 2592; baseline 0.003 -19"><span class='ocrx_word' id='word_1_303' title='bbox 225 2517 515 2589; x_wconf 76' lang='grc' dir='ltr'>Ῥωμαίων.</span> <span class='ocrx_word' id='word_1_304' title='bbox 552 2517 575 2592; x_wconf 86' lang='grc'>]</span> 
     </span>
    </p>
   </div>
   <div class='ocr_carea' id='block_1_46' title="bbox 306 2603 1915 2690">
    <p class='ocr_par' dir='ltr' id='par_1_46' title="bbox 306 2603 1836 2682">
     <span class='ocr_line' id='line_1_46' title="bbox 306 2603 1836 2682; baseline -0.001 -22"><span class='ocrx_word' id='word_1_305' title='bbox 306 2603 521 2668; x_wconf 77' lang='grc' dir='ltr'>’ἰδόντες</span> <span class='ocrx_word' id='word_1_306' title='bbox 581 2605 638 2660; x_wconf 71' lang='grc' dir='ltr'><strong>δε</strong></span> <span class='ocrx_word' id='word_1_307' title='bbox 710 2638 777 2648; x_wconf 95' lang='grc'><strong>-</strong></span> <span class='ocrx_word' id='word_1_308' title='bbox 825 2606 1034 2680; x_wconf 77' lang='grc' dir='ltr'><strong>ἀγρούς.</strong></span> <span class='ocrx_word' id='word_1_309' title='bbox 1101 2607 1321 2681; x_wconf 79' lang='grc' dir='ltr'><strong>Ὁμοίως</strong></span> <span class='ocrx_word' id='word_1_310' title='bbox 1386 2612 1475 2659; x_wconf 84' lang='grc' dir='ltr'>καὶ</span> <span class='ocrx_word' id='word_1_311' title='bbox 1542 2612 1659 2682; x_wconf 81' lang='grc' dir='ltr'>περὶ</span> <span class='ocrx_word' id='word_1_312' title='bbox 1724 2610 1836 2659; x_wconf 76' lang='grc' dir='ltr'>τού-</span> 
     </span>
    </p>
   </div>
   <div class='ocr_carea' id='block_1_47' title="bbox 2004 2603 3613 2690">
    <p class='ocr_par' dir='ltr' id='par_1_47' title="bbox 2017 2606 3613 2690">
     <span class='ocr_line' id='line_1_47' title="bbox 2017 2606 3613 2690; baseline 0.008 -13"><span class='ocrx_word' id='word_1_313' title='bbox 2017 2621 2177 2678; x_wconf 87' lang='lat' dir='ltr'><strong>Vers.</strong></span> <span class='ocrx_word' id='word_1_314' title='bbox 2206 2626 2294 2680; x_wconf 74' lang='grc'><strong>34.</strong></span> <span class='ocrx_word' id='word_1_315' title='bbox 2325 2626 2473 2682; x_wconf 83' lang='lat' dir='ltr'><strong>Cum</strong></span> <span class='ocrx_word' id='word_1_316' title='bbox 2503 2606 2704 2684; x_wconf 77' lang='lat' dir='ltr'><strong>autern</strong></span> <span class='ocrx_word' id='word_1_317' title='bbox 2732 2628 3014 2686; x_wconf 72' lang='lat' dir='ltr'><strong>vidissent</strong></span> <span class='ocrx_word' id='word_1_318' title='bbox 3040 2661 3107 2670; x_wconf 91' lang='lat'><strong>——</strong></span> <span class='ocrx_word' id='word_1_319' title='bbox 3145 2631 3350 2690; x_wconf 80' lang='lat' dir='ltr'><strong>vittas.</strong></span> <span class='ocrx_word' id='word_1_320' title='bbox 3388 2632 3613 2690; x_wconf 90' lang='lat' dir='ltr'><strong>Simili-</strong></span> 
     </span>
    </p>
   </div>
   <div class='ocr_carea' id='block_1_48' title="bbox 230 2712 1839 2785">
    <p class='ocr_par' dir='ltr' id='par_1_48' title="bbox 230 2716 349 2751">
     <span class='ocr_line' id='line_1_48' title="bbox 230 2716 349 2751; baseline 0.017 -2"><span class='ocrx_word' id='word_1_321' title='bbox 230 2716 349 2751; x_wconf 87' lang='grc' dir='ltr'>των.</span> 
     </span>
    </p>
   </div>
   <div class='ocr_carea' id='block_1_49' title="bbox 745 2712 2354 2785">
    <p class='ocr_par' dir='ltr' id='par_1_49' title="bbox 1580 2712 2354 2785">
     <span class='ocr_line' id='line_1_49' title="bbox 1580 2712 2354 2785; baseline 0.01 -24"><span class='ocrx_word' id='word_1_322' title='bbox 1580 2783 1597 2785; x_wconf 28' lang='grc' dir='ltr'><strong>Α</strong></span> <span class='ocrx_word' id='word_1_323' title='bbox 1690 2784 1693 2785; x_wconf 14' lang='grc' dir='ltr'><em>ν</em></span> <span class='ocrx_word' id='word_1_324' title='bbox 1947 2716 2031 2766; x_wconf 84' lang='lat' dir='ltr'><strong>ter</strong></span> <span class='ocrx_word' id='word_1_325' title='bbox 2059 2718 2116 2767; x_wconf 93' lang='lat' dir='ltr'><strong>et</strong></span> <span class='ocrx_word' id='word_1_326' title='bbox 2139 2712 2214 2768; x_wconf 89' lang='lat' dir='ltr'><strong>de</strong></span> <span class='ocrx_word' id='word_1_327' title='bbox 2244 2714 2354 2769; x_wconf 89' lang='lat' dir='ltr'><strong>his.</strong></span> 
     </span>
    </p>
   </div>
   <div class='ocr_carea' id='block_1_50' title="bbox 303 2783 1912 2879">
    <p class='ocr_par' dir='ltr' id='par_1_50' title="bbox 303 2783 1834 2859">
     <span class='ocr_line' id='line_1_50' title="bbox 303 2783 1834 2859; baseline -0.002 -18"><span class='ocrx_word' id='word_1_328' title='bbox 303 2785 650 2848; x_wconf 78' lang='grc' dir='ltr'><strong>Ἐξῆλθον-</strong></span> <span class='ocrx_word' id='word_1_329' title='bbox 698 2788 1051 2859; x_wconf 73' lang='grc' dir='ltr'>ἐφοϐήθησαν.</span> <span class='ocrx_word' id='word_1_330' title='bbox 1102 2789 1366 2848; x_wconf 65' lang='grc' dir='ltr'><strong>ὓΙατθαίος</strong></span> <span class='ocrx_word' id='word_1_331' title='bbox 1414 2790 1503 2859; x_wconf 72' lang='grc' dir='ltr'><strong>μὶν</strong></span> <span class='ocrx_word' id='word_1_332' title='bbox 1551 2783 1705 2839; x_wconf 83' lang='grc' dir='ltr'>εἶπεν·</span> <span class='ocrx_word' id='word_1_333' title='bbox 1754 2788 1834 2838; x_wconf 85' lang='grc' dir='ltr'>ὅτι</span> 
     </span>
    </p>
   </div>
   <div class='ocr_carea' id='block_1_51' title="bbox 2000 2783 3609 2879">
    <p class='ocr_par' dir='ltr' id='par_1_51' title="bbox 2021 2803 3609 2879">
     <span class='ocr_line' id='line_1_51' title="bbox 2021 2803 3609 2879; baseline 0.008 -25"><span class='ocrx_word' id='word_1_334' title='bbox 2021 2803 2178 2856; x_wconf 89' lang='lat' dir='ltr'><strong>Vers.</strong></span> <span class='ocrx_word' id='word_1_335' title='bbox 2199 2806 2286 2858; x_wconf 85' lang='lat'><strong>35.</strong></span> <span class='ocrx_word' id='word_1_336' title='bbox 2313 2804 2619 2862; x_wconf 71' lang='lat' dir='ltr'><strong>Exierunt</strong></span> <span class='ocrx_word' id='word_1_337' title='bbox 2635 2837 2703 2847; x_wconf 88' lang='lat'><strong>—-</strong></span> <span class='ocrx_word' id='word_1_338' title='bbox 2725 2809 3074 2866; x_wconf 83' lang='lat' dir='ltr'><strong>timuerunt.</strong></span> <span class='ocrx_word' id='word_1_339' title='bbox 3108 2812 3413 2869; x_wconf 71' lang='lat' dir='ltr'><strong>Matthwus</strong></span> <span class='ocrx_word' id='word_1_340' title='bbox 3437 2812 3609 2879; x_wconf 83' lang='lat' dir='ltr'><strong>dixit,</strong></span> 
     </span>
    </p>
   </div>
   <div class='ocr_carea' id='block_1_52' title="bbox 234 2875 1843 2974">
    <p class='ocr_par' dir='ltr' id='par_1_52' title="bbox 234 2875 1833 2951">
     <span class='ocr_line' id='line_1_52' title="bbox 234 2875 1833 2951; baseline -0.001 -23"><span class='ocrx_word' id='word_1_341' title='bbox 234 2875 443 2938; x_wconf 75' lang='grc' dir='ltr'><strong>ἐξῆλθον</strong></span> <span class='ocrx_word' id='word_1_342' title='bbox 466 2876 532 2937; x_wconf 81' lang='grc' dir='ltr'><strong>εἰς</strong></span> <span class='ocrx_word' id='word_1_343' title='bbox 574 2880 887 2934; x_wconf 75' lang='grc' dir='ltr'>συνάντησιν</span> <span class='ocrx_word' id='word_1_344' title='bbox 936 2886 1007 2947; x_wconf 80' lang='grc' dir='ltr'>τῷ</span> <span class='ocrx_word' id='word_1_345' title='bbox 1058 2876 1255 2934; x_wconf 75' lang='grc' dir='ltr'>Ἰησοῦ.</span> <span class='ocrx_word' id='word_1_346' title='bbox 1286 2876 1519 2951; x_wconf 78' lang='grc' dir='ltr'>’Ἡρχετο</span> <span class='ocrx_word' id='word_1_347' title='bbox 1549 2879 1651 2950; x_wconf 76' lang='grc' dir='ltr'>γὰρ</span> <span class='ocrx_word' id='word_1_348' title='bbox 1684 2875 1833 2935; x_wconf 74' lang='grc' dir='ltr'>αὐτὸς</span> 
     </span>
    </p>
   </div>
   <div class='ocr_carea' id='block_1_53' title="bbox 2005 2875 3614 2974">
    <p class='ocr_par' dir='ltr' id='par_1_53' title="bbox 2005 2890 3614 2974">
     <span class='ocr_line' id='line_1_53' title="bbox 2005 2890 3614 2974; baseline 0.009 -29"><span class='ocrx_word' id='word_1_349' title='bbox 2005 2890 2110 2945; x_wconf 81' lang='lat' dir='ltr'><strong>10d</strong></span> <span class='ocrx_word' id='word_1_350' title='bbox 2131 2892 2393 2949; x_wconf 84' lang='lat' dir='ltr'><strong>exierunt</strong></span> <span class='ocrx_word' id='word_1_351' title='bbox 2420 2895 2480 2949; x_wconf 92' lang='lat' dir='ltr'><strong>in</strong></span> <span class='ocrx_word' id='word_1_352' title='bbox 2508 2911 2825 2953; x_wconf 90' lang='lat' dir='ltr'><strong>occursum</strong></span> <span class='ocrx_word' id='word_1_353' title='bbox 2853 2898 2994 2954; x_wconf 86' lang='lat' dir='ltr'><strong>Jesu</strong></span> <span class='ocrx_word' id='word_1_354' title='bbox 3040 2902 3107 2965; x_wconf 65' lang='lat'><strong>‘5,</strong></span> <span class='ocrx_word' id='word_1_355' title='bbox 3164 2902 3460 2973; x_wconf 84' lang='lat' dir='ltr'><strong>siquidem</strong></span> <span class='ocrx_word' id='word_1_356' title='bbox 3487 2903 3614 2974; x_wconf 83' lang='lat' dir='ltr'><strong>ipse</strong></span> 
     </span>
    </p>
   </div>
   <div class='ocr_carea' id='block_1_54' title="bbox 236 2963 1845 3057">
    <p class='ocr_par' dir='ltr' id='par_1_54' title="bbox 236 2963 1835 3038">
     <span class='ocr_line' id='line_1_54' title="bbox 236 2963 1835 3038; baseline -0.001 -21"><span class='ocrx_word' id='word_1_357' title='bbox 236 2965 321 3018; x_wconf 79' lang='grc' dir='ltr'><strong>ἆπὶ</strong></span> <span class='ocrx_word' id='word_1_358' title='bbox 350 2970 442 3023; x_wconf 79' lang='grc' dir='ltr'>τὴν</span> <span class='ocrx_word' id='word_1_359' title='bbox 474 2966 616 3018; x_wconf 75' lang='grc' dir='ltr'>πόλιν</span> <span class='ocrx_word' id='word_1_360' title='bbox 653 2983 663 2994; x_wconf 89' lang='grc'><strong>·</strong></span> <span class='ocrx_word' id='word_1_361' title='bbox 710 2972 912 3027; x_wconf 83' lang='grc' dir='ltr'>Λουκᾶς</span> <span class='ocrx_word' id='word_1_362' title='bbox 935 2964 993 3019; x_wconf 80' lang='grc' dir='ltr'>δὲ</span> <span class='ocrx_word' id='word_1_363' title='bbox 1014 2976 1101 3018; x_wconf 79' lang='grc' dir='ltr'>νῦν</span> <span class='ocrx_word' id='word_1_364' title='bbox 1129 2966 1381 3038; x_wconf 74' lang='grc' dir='ltr'>ἐμφαίνει,</span> <span class='ocrx_word' id='word_1_365' title='bbox 1414 2971 1483 3038; x_wconf 77' lang='grc' dir='ltr'><strong><em>μὴ</em></strong></span> <span class='ocrx_word' id='word_1_366' title='bbox 1519 2963 1715 3018; x_wconf 78' lang='grc' dir='ltr'>ὁδεύειν</span> <span class='ocrx_word' id='word_1_367' title='bbox 1747 2965 1835 3016; x_wconf 73' lang='grc' dir='ltr'><strong>αὐ-</strong></span> 
     </span>
    </p>
   </div>
   <div class='ocr_carea' id='block_1_55' title="bbox 2003 2963 3612 3057">
    <p class='ocr_par' dir='ltr' id='par_1_55' title="bbox 2003 2978 3612 3057">
     <span class='ocr_line' id='line_1_55' title="bbox 2003 2978 3612 3057; baseline 0.009 -24"><span class='ocrx_word' id='word_1_368' title='bbox 2003 2978 2225 3035; x_wconf 67' lang='lat' dir='ltr'><strong>eniebat</strong></span> <span class='ocrx_word' id='word_1_369' title='bbox 2250 2980 2310 3035; x_wconf 90' lang='lat' dir='ltr'><strong>in</strong></span> <span class='ocrx_word' id='word_1_370' title='bbox 2355 2982 2675 3040; x_wconf 82' lang='lat' dir='ltr'><strong>civitatem.</strong></span> <span class='ocrx_word' id='word_1_371' title='bbox 2733 2986 2922 3041; x_wconf 89' lang='lat' dir='ltr'><strong>Lucas</strong></span> <span class='ocrx_word' id='word_1_372' title='bbox 2970 3004 3113 3043; x_wconf 85' lang='lat' dir='ltr'><strong>vero</strong></span> <span class='ocrx_word' id='word_1_373' title='bbox 3141 3004 3303 3045; x_wconf 90' lang='lat' dir='ltr'><strong>nunc</strong></span> <span class='ocrx_word' id='word_1_374' title='bbox 3335 2992 3612 3057; x_wconf 88' lang='lat' dir='ltr'><strong>ostendit,</strong></span> 
     </span>
    </p>
   </div>
   <div class='ocr_carea' id='block_1_56' title="bbox 236 3053 1845 3150">
    <p class='ocr_par' dir='ltr' id='par_1_56' title="bbox 236 3053 1837 3128">
     <span class='ocr_line' id='line_1_56' title="bbox 236 3053 1837 3128; baseline -0.001 -22"><span class='ocrx_word' id='word_1_375' title='bbox 236 3061 341 3107; x_wconf 78' lang='grc' dir='ltr'>τόν.</span> <span class='ocrx_word' id='word_1_376' title='bbox 378 3056 437 3107; x_wconf 84' lang='grc' dir='ltr'>Εἰ</span> <span class='ocrx_word' id='word_1_377' title='bbox 467 3059 567 3128; x_wconf 70' lang='grc' dir='ltr'><strong>γὰρ</strong></span> <span class='ocrx_word' id='word_1_378' title='bbox 596 3053 855 3122; x_wconf 75' lang='grc' dir='ltr'>ἐϐάδιζεν,</span> <span class='ocrx_word' id='word_1_379' title='bbox 884 3056 977 3108; x_wconf 69' lang='grc' dir='ltr'><strong>οὐκ</strong></span> <span class='ocrx_word' id='word_1_380' title='bbox 1008 3057 1066 3107; x_wconf 80' lang='grc' dir='ltr'>ἂν</span> <span class='ocrx_word' id='word_1_381' title='bbox 1091 3058 1115 3107; x_wconf 88' lang='lat'><strong>6</strong></span> <span class='ocrx_word' id='word_1_382' title='bbox 1145 3064 1235 3107; x_wconf 71' lang='grc' dir='ltr'><strong>τοῦ</strong></span> <span class='ocrx_word' id='word_1_383' title='bbox 1264 3056 1501 3126; x_wconf 77' lang='grc' dir='ltr'>λεγεῶνος</span> <span class='ocrx_word' id='word_1_384' title='bbox 1530 3055 1837 3125; x_wconf 71' lang='grc' dir='ltr'>ἀπαλλαγεὶς</span> 
     </span>
    </p>
   </div>
   <div class='ocr_carea' id='block_1_57' title="bbox 2005 3053 3614 3150">
    <p class='ocr_par' dir='ltr' id='par_1_57' title="bbox 2005 3053 3614 3150">
     <span class='ocr_line' id='line_1_57' title="bbox 2005 3053 3614 3150; baseline 0.01 -28"><span class='ocrx_word' id='word_1_385' title='bbox 2005 3069 2106 3124; x_wconf 83' lang='lat' dir='ltr'><strong>uod</strong></span> <span class='ocrx_word' id='word_1_386' title='bbox 2132 3070 2261 3141; x_wconf 90' lang='lat' dir='ltr'><strong>ipse</strong></span> <span class='ocrx_word' id='word_1_387' title='bbox 2291 3086 2413 3127; x_wconf 93' lang='lat' dir='ltr'><strong>non</strong></span> <span class='ocrx_word' id='word_1_388' title='bbox 2444 3073 2797 3130; x_wconf 87' lang='lat' dir='ltr'><strong>ambulabat</strong></span> <span class='ocrx_word' id='word_1_389' title='bbox 2826 3091 2839 3142; x_wconf 90' lang='lat'><strong>;</strong></span> <span class='ocrx_word' id='word_1_390' title='bbox 2865 3091 3009 3132; x_wconf 90' lang='lat' dir='ltr'><strong>nam</strong></span> <span class='ocrx_word' id='word_1_391' title='bbox 3036 3079 3080 3132; x_wconf 89' lang='lat' dir='ltr'><strong>si</strong></span> <span class='ocrx_word' id='word_1_392' title='bbox 3096 3053 3614 3150; x_wconf 70' lang='lat' dir='ltr'><strong>progrediebatur.</strong></span> 
     </span>
    </p>
   </div>
   <div class='ocr_carea' id='block_1_58' title="bbox 237 3141 1846 3235">
    <p class='ocr_par' dir='ltr' id='par_1_58' title="bbox 237 3141 1838 3219">
     <span class='ocr_line' id='line_1_58' title="bbox 237 3141 1838 3219; baseline -0.001 -23"><span class='ocrx_word' id='word_1_393' title='bbox 237 3145 459 3202; x_wconf 78' lang='grc' dir='ltr'><strong>ἐκάθητο</strong></span> <span class='ocrx_word' id='word_1_394' title='bbox 481 3148 623 3218; x_wconf 77' lang='grc' dir='ltr'>παρὰ</span> <span class='ocrx_word' id='word_1_395' title='bbox 647 3149 767 3206; x_wconf 76' lang='grc' dir='ltr'>τους</span> <span class='ocrx_word' id='word_1_396' title='bbox 796 3142 964 3207; x_wconf 84' lang='grc' dir='ltr'>ποδας</span> <span class='ocrx_word' id='word_1_397' title='bbox 1010 3146 1189 3200; x_wconf 67' lang='grc' dir='ltr'>αὐτοῦ.</span> <span class='ocrx_word' id='word_1_398' title='bbox 1225 3146 1382 3204; x_wconf 81' lang='grc' dir='ltr'>Δῆλον</span> <span class='ocrx_word' id='word_1_399' title='bbox 1427 3141 1534 3209; x_wconf 77' lang='grc' dir='ltr'><strong>οὖν,</strong></span> <span class='ocrx_word' id='word_1_400' title='bbox 1569 3146 1647 3197; x_wconf 88' lang='grc' dir='ltr'>ὃτι</span> <span class='ocrx_word' id='word_1_401' title='bbox 1680 3144 1838 3219; x_wconf 83' lang='grc' dir='ltr'>ἐρχο-</span> 
     </span>
    </p>
   </div>
   <div class='ocr_carea' id='block_1_59' title="bbox 2007 3141 3616 3235">
    <p class='ocr_par' dir='ltr' id='par_1_59' title="bbox 2007 3159 3616 3235">
     <span class='ocr_line' id='line_1_59' title="bbox 2007 3159 3616 3235; baseline 0.01 -24"><span class='ocrx_word' id='word_1_402' title='bbox 2007 3173 2334 3230; x_wconf 71' lang='lat' dir='ltr'><strong>aquaquam</strong></span> <span class='ocrx_word' id='word_1_403' title='bbox 2371 3159 2418 3214; x_wconf 89' lang='lat' dir='ltr'><strong>is</strong></span> <span class='ocrx_word' id='word_1_404' title='bbox 2445 3160 2603 3232; x_wconf 88' lang='lat' dir='ltr'><strong>quia</strong></span> <span class='ocrx_word' id='word_1_405' title='bbox 2641 3162 2954 3220; x_wconf 62' lang='lat' dir='ltr'><strong>daemoniis</strong></span> <span class='ocrx_word' id='word_1_406' title='bbox 2987 3165 3269 3223; x_wconf 88' lang='lat' dir='ltr'><strong>liberatus</strong></span> <span class='ocrx_word' id='word_1_407' title='bbox 3293 3168 3506 3235; x_wconf 82' lang='lat' dir='ltr'><strong>fuerat,</strong></span> <span class='ocrx_word' id='word_1_408' title='bbox 3534 3170 3616 3227; x_wconf 88' lang='lat' dir='ltr'><strong>ad</strong></span> 
     </span>
    </p>
   </div>
   <div class='ocr_carea' id='block_1_60' title="bbox 237 3231 1846 3331">
    <p class='ocr_par' dir='ltr' id='par_1_60' title="bbox 237 3231 1839 3307">
     <span class='ocr_line' id='line_1_60' title="bbox 237 3231 1839 3307; baseline -0.001 -20"><span class='ocrx_word' id='word_1_409' title='bbox 237 3254 385 3306; x_wconf 77' lang='grc' dir='ltr'>μενος</span> <span class='ocrx_word' id='word_1_410' title='bbox 423 3234 506 3287; x_wconf 78' lang='grc' dir='ltr'><strong>ἐπὶ</strong></span> <span class='ocrx_word' id='word_1_411' title='bbox 563 3240 657 3293; x_wconf 74' lang='grc' dir='ltr'>τὴν</span> <span class='ocrx_word' id='word_1_412' title='bbox 696 3236 861 3298; x_wconf 83' lang='grc' dir='ltr'>πόλιν,</span> <span class='ocrx_word' id='word_1_413' title='bbox 896 3238 1021 3292; x_wconf 82' lang='grc' dir='ltr'>ἔστη</span> <span class='ocrx_word' id='word_1_414' title='bbox 1059 3242 1148 3287; x_wconf 82' lang='grc' dir='ltr'>καὶ</span> <span class='ocrx_word' id='word_1_415' title='bbox 1195 3232 1477 3288; x_wconf 84' lang='grc' dir='ltr'>ἐδίδασκεν</span> <span class='ocrx_word' id='word_1_416' title='bbox 1504 3252 1515 3263; x_wconf 85' lang='grc'><strong>·</strong></span> <span class='ocrx_word' id='word_1_417' title='bbox 1551 3237 1575 3286; x_wconf 84' lang='grc' dir='ltr'>ὁ</span> <span class='ocrx_word' id='word_1_418' title='bbox 1605 3231 1663 3287; x_wconf 77' lang='grc' dir='ltr'>δὲ</span> <span class='ocrx_word' id='word_1_419' title='bbox 1696 3237 1839 3307; x_wconf 77' lang='grc' dir='ltr'><strong>θερα⁴</strong></span> 
     </span>
    </p>
   </div>
   <div class='ocr_carea' id='block_1_61' title="bbox 2003 3231 3612 3331">
    <p class='ocr_par' dir='ltr' id='par_1_61' title="bbox 2003 3231 3612 3331">
     <span class='ocr_line' id='line_1_61' title="bbox 2003 3231 3612 3331; baseline 0.008 -29"><span class='ocrx_word' id='word_1_420' title='bbox 2003 3248 2135 3303; x_wconf 75' lang='lat' dir='ltr'><strong>edes</strong></span> <span class='ocrx_word' id='word_1_421' title='bbox 2194 3252 2363 3304; x_wconf 85' lang='lat' dir='ltr'><strong>Jesus</strong></span> <span class='ocrx_word' id='word_1_422' title='bbox 2396 3231 2651 3309; x_wconf 84' lang='lat' dir='ltr'><strong>sedebat.</strong></span> <span class='ocrx_word' id='word_1_423' title='bbox 2687 3253 3066 3311; x_wconf 86' lang='lat' dir='ltr'><strong>Manifestum</strong></span> <span class='ocrx_word' id='word_1_424' title='bbox 3105 3271 3249 3327; x_wconf 87' lang='lat' dir='ltr'><strong>ergo</strong></span> <span class='ocrx_word' id='word_1_425' title='bbox 3296 3264 3385 3315; x_wconf 86' lang='lat' dir='ltr'><strong>est</strong></span> <span class='ocrx_word' id='word_1_426' title='bbox 3425 3231 3612 3331; x_wconf 87' lang='lat' dir='ltr'><strong>quod,</strong></span> 
     </span>
    </p>
   </div>
   <div class='ocr_carea' id='block_1_62' title="bbox 238 3321 1847 3420">
    <p class='ocr_par' dir='ltr' id='par_1_62' title="bbox 238 3321 1837 3399">
     <span class='ocr_line' id='line_1_62' title="bbox 238 3321 1837 3399; baseline 0 -24"><span class='ocrx_word' id='word_1_427' title='bbox 238 3324 557 3392; x_wconf 81' lang='grc' dir='ltr'>πευθεὶς,οἱτε</span> <span class='ocrx_word' id='word_1_428' title='bbox 576 3333 637 3397; x_wconf 73' lang='grc' dir='ltr'>τῇ</span> <span class='ocrx_word' id='word_1_429' title='bbox 664 3321 935 3399; x_wconf 85' lang='grc' dir='ltr'>τυραννίδι</span> <span class='ocrx_word' id='word_1_430' title='bbox 956 3334 1052 3376; x_wconf 77' lang='grc' dir='ltr'>τῶν</span> <span class='ocrx_word' id='word_1_431' title='bbox 1078 3321 1337 3397; x_wconf 74' lang='grc' dir='ltr'>δαιμόνων</span> <span class='ocrx_word' id='word_1_432' title='bbox 1353 3325 1837 3397; x_wconf 75' lang='grc' dir='ltr'>τεταλαιπωρηκὼς,</span> 
     </span>
    </p>
   </div>
   <div class='ocr_carea' id='block_1_63' title="bbox 2005 3321 3614 3420">
    <p class='ocr_par' dir='ltr' id='par_1_63' title="bbox 2005 3336 3614 3420">
     <span class='ocr_line' id='line_1_63' title="bbox 2005 3336 3614 3420; baseline 0.008 -29"><span class='ocrx_word' id='word_1_433' title='bbox 2005 3353 2095 3392; x_wconf 84' lang='lat' dir='ltr'><strong>um</strong></span> <span class='ocrx_word' id='word_1_434' title='bbox 2110 3336 2219 3393; x_wconf 89' lang='lat' dir='ltr'><strong>iret</strong></span> <span class='ocrx_word' id='word_1_435' title='bbox 2234 3337 2291 3392; x_wconf 90' lang='lat' dir='ltr'><strong>in</strong></span> <span class='ocrx_word' id='word_1_436' title='bbox 2306 3339 2626 3407; x_wconf 69' lang='lat' dir='ltr'><strong>civntatem,</strong></span> <span class='ocrx_word' id='word_1_437' title='bbox 2643 3343 2797 3398; x_wconf 86' lang='lat' dir='ltr'><strong>stetit</strong></span> <span class='ocrx_word' id='word_1_438' title='bbox 2830 3343 3093 3414; x_wconf 89' lang='lat' dir='ltr'><strong>quodam</strong></span> <span class='ocrx_word' id='word_1_439' title='bbox 3114 3345 3171 3401; x_wconf 92' lang='lat' dir='ltr'><strong>in</strong></span> <span class='ocrx_word' id='word_1_440' title='bbox 3198 3346 3325 3403; x_wconf 92' lang='lat' dir='ltr'><strong>loco</strong></span> <span class='ocrx_word' id='word_1_441' title='bbox 3356 3346 3614 3420; x_wconf 82' lang='lat' dir='ltr'><strong>docens;</strong></span> 
     </span>
    </p>
   </div>
   <div class='ocr_carea' id='block_1_64' title="bbox 238 3411 1847 3509">
    <p class='ocr_par' dir='ltr' id='par_1_64' title="bbox 238 3411 785 3476">
     <span class='ocr_line' id='line_1_64' title="bbox 238 3411 785 3476; baseline 0.009 -13"><span class='ocrx_word' id='word_1_442' title='bbox 238 3411 447 3466; x_wconf 74' lang='grc' dir='ltr'>ἐκάθισε</span> <span class='ocrx_word' id='word_1_443' title='bbox 467 3413 760 3476; x_wconf 79' lang='grc' dir='ltr'>κελευσθείς</span> <span class='ocrx_word' id='word_1_444' title='bbox 774 3459 785 3468; x_wconf 94' lang='grc'><strong>.</strong></span> 
     </span>
    </p>
   </div>
   <div class='ocr_carea' id='block_1_65' title="bbox 2008 3411 3617 3509">
    <p class='ocr_par' dir='ltr' id='par_1_65' title="bbox 2029 3411 3617 3509">
     <span class='ocr_line' id='line_1_65' title="bbox 2029 3411 3617 3509; baseline 0.008 -27"><span class='ocrx_word' id='word_1_445' title='bbox 2029 3434 2228 3484; x_wconf 90' lang='lat' dir='ltr'><strong>autem</strong></span> <span class='ocrx_word' id='word_1_446' title='bbox 2282 3430 2387 3500; x_wconf 89' lang='lat' dir='ltr'><strong>qui</strong></span> <span class='ocrx_word' id='word_1_447' title='bbox 2439 3437 2683 3486; x_wconf 89' lang='lat' dir='ltr'><strong>curatus</strong></span> <span class='ocrx_word' id='word_1_448' title='bbox 2729 3411 2942 3495; x_wconf 72' lang='lat' dir='ltr'><strong>fuerat,</strong></span> <span class='ocrx_word' id='word_1_449' title='bbox 2982 3440 3266 3507; x_wconf 86' lang='lat' dir='ltr'><strong>tanquam</strong></span> <span class='ocrx_word' id='word_1_450' title='bbox 3298 3411 3617 3509; x_wconf 76' lang='lat' dir='ltr'><strong>tyrannide</strong></span> 
     </span>
    </p>
   </div>
   <div class='ocr_carea' id='block_1_66' title="bbox 1950 3515 3618 3596">
    <p class='ocr_par' dir='ltr' id='par_1_66' title="bbox 1950 3515 3618 3596">
     <span class='ocr_line' id='line_1_66' title="bbox 1950 3515 3618 3596; baseline 0.009 -26"><span class='ocrx_word' id='word_1_451' title='bbox 1950 3515 2296 3572; x_wconf 68' lang='lat' dir='ltr'><strong>daemonum</strong></span> <span class='ocrx_word' id='word_1_452' title='bbox 2357 3520 2570 3576; x_wconf 87' lang='lat' dir='ltr'><strong>misere</strong></span> <span class='ocrx_word' id='word_1_453' title='bbox 2599 3519 2859 3578; x_wconf 74' lang='lat' dir='ltr'><strong>afﬂictus</strong></span> <span class='ocrx_word' id='word_1_454' title='bbox 2911 3539 2981 3579; x_wconf 91' lang='lat' dir='ltr'><strong>ac</strong></span> <span class='ocrx_word' id='word_1_455' title='bbox 3015 3524 3369 3596; x_wconf 83' lang='lat' dir='ltr'><strong>defatigatus</strong></span> <span class='ocrx_word' id='word_1_456' title='bbox 3410 3528 3618 3585; x_wconf 88' lang='lat' dir='ltr'><strong>sedere</strong></span> 
     </span>
    </p>
   </div>
   <div class='ocr_carea' id='block_1_67' title="bbox 1945 3607 2292 3678">
    <p class='ocr_par' dir='ltr' id='par_1_67' title="bbox 1945 3607 2292 3678">
     <span class='ocr_line' id='line_1_67' title="bbox 1945 3607 2292 3678; baseline 0.003 -19"><span class='ocrx_word' id='word_1_457' title='bbox 1945 3607 2158 3678; x_wconf 86' lang='lat' dir='ltr'><strong>jussus</strong></span> <span class='ocrx_word' id='word_1_458' title='bbox 2187 3612 2292 3663; x_wconf 88' lang='lat' dir='ltr'><strong>est.</strong></span> 
     </span>
    </p>
   </div>
   <div class='ocr_carea' id='block_1_68' title="bbox 310 3694 1919 3777">
    <p class='ocr_par' dir='ltr' id='par_1_68' title="bbox 310 3694 1680 3771">
     <span class='ocr_line' id='line_1_68' title="bbox 310 3694 1680 3771; baseline 0.001 -19"><span class='ocrx_word' id='word_1_459' title='bbox 310 3698 660 3770; x_wconf 72' lang='grc' dir='ltr'>Ἀπηιγγειλαν</span> <span class='ocrx_word' id='word_1_460' title='bbox 682 3731 749 3739; x_wconf 87' lang='grc'><strong><em>-</em></strong></span> <span class='ocrx_word' id='word_1_461' title='bbox 778 3694 1157 3771; x_wconf 81' lang='grc' dir='ltr'>δαιμονισθείς.</span> <span class='ocrx_word' id='word_1_462' title='bbox 1201 3707 1316 3761; x_wconf 85' lang='grc' dir='ltr'><strong>Πῶς</strong></span> <span class='ocrx_word' id='word_1_463' title='bbox 1341 3701 1518 3771; x_wconf 72' lang='grc' dir='ltr'>ὑγίανε</span> <span class='ocrx_word' id='word_1_464' title='bbox 1543 3700 1680 3771; x_wconf 73' lang='grc'>(48).</span> 
     </span>
    </p>
   </div>
   <div class='ocr_carea' id='block_1_69' title="bbox 2012 3694 3621 3777">
    <p class='ocr_par' dir='ltr' id='par_1_69' title="bbox 2025 3697 3621 3777">
     <span class='ocr_line' id='line_1_69' title="bbox 2025 3697 3621 3777; baseline 0.01 -28"><span class='ocrx_word' id='word_1_465' title='bbox 2025 3697 2184 3752; x_wconf 85' lang='lat' dir='ltr'><strong>Vers.</strong></span> <span class='ocrx_word' id='word_1_466' title='bbox 2212 3697 2301 3752; x_wconf 87' lang='lat'><strong>36.</strong></span> <span class='ocrx_word' id='word_1_467' title='bbox 2326 3700 2779 3757; x_wconf 85' lang='lat' dir='ltr'><strong>Nuntiaverunt</strong></span> <span class='ocrx_word' id='word_1_468' title='bbox 2802 3733 2867 3743; x_wconf 92' lang='lat'><strong>—</strong></span> <span class='ocrx_word' id='word_1_469' title='bbox 2888 3704 3051 3775; x_wconf 87' lang='lat' dir='ltr'><strong>quia</strong></span> <span class='ocrx_word' id='word_1_470' title='bbox 3082 3705 3373 3763; x_wconf 73' lang='lat' dir='ltr'><strong>daemonio</strong></span> <span class='ocrx_word' id='word_1_471' title='bbox 3422 3708 3621 3777; x_wconf 82' lang='lat' dir='ltr'><strong>agita-</strong></span> 
     </span>
    </p>
   </div>
   <div class='ocr_carea' id='block_1_70' title="bbox 1952 3786 3171 3857">
    <p class='ocr_par' dir='ltr' id='par_1_70' title="bbox 1952 3786 3171 3857">
     <span class='ocr_line' id='line_1_70' title="bbox 1952 3786 3171 3857; baseline 0.007 -18"><span class='ocrx_word' id='word_1_472' title='bbox 1952 3786 2145 3842; x_wconf 83' lang='lat' dir='ltr'><strong>batur.</strong></span> <span class='ocrx_word' id='word_1_473' title='bbox 2172 3788 2260 3857; x_wconf 75' lang='grc' dir='ltr'><strong>-Η-</strong></span> <span class='ocrx_word' id='word_1_474' title='bbox 2289 3788 2603 3852; x_wconf 88' lang='lat' dir='ltr'><strong>Quomodo</strong></span> <span class='ocrx_word' id='word_1_475' title='bbox 2637 3807 2818 3846; x_wconf 90' lang='lat' dir='ltr'><strong>sanus</strong></span> <span class='ocrx_word' id='word_1_476' title='bbox 2852 3793 3044 3849; x_wconf 80' lang='lat' dir='ltr'><strong>factus</strong></span> <span class='ocrx_word' id='word_1_477' title='bbox 3077 3793 3171 3851; x_wconf 87' lang='lat' dir='ltr'><strong>sit.</strong></span> 
     </span>
    </p>
   </div>
   <div class='ocr_carea' id='block_1_71' title="bbox 311 3876 1920 3954">
    <p class='ocr_par' dir='ltr' id='par_1_71' title="bbox 311 3876 1842 3954">
     <span class='ocr_line' id='line_1_71' title="bbox 311 3876 1842 3954; baseline 0.003 -24"><span class='ocrx_word' id='word_1_478' title='bbox 311 3877 418 3930; x_wconf 82' lang='grc' dir='ltr'><strong>Καὶ</strong></span> <span class='ocrx_word' id='word_1_479' title='bbox 450 3876 729 3950; x_wconf 79' lang='grc' dir='ltr'>ἠρώτησαν</span> <span class='ocrx_word' id='word_1_480' title='bbox 786 3908 841 3919; x_wconf 89' lang='grc'><strong><em>-</em></strong></span> <span class='ocrx_word' id='word_1_481' title='bbox 910 3883 1211 3949; x_wconf 75' lang='grc' dir='ltr'>συνείχοντο</span> <span class='ocrx_word' id='word_1_482' title='bbox 1244 3880 1364 3933; x_wconf 77' lang='grc' dir='ltr'><strong>’Ἐν</strong></span> <span class='ocrx_word' id='word_1_483' title='bbox 1429 3889 1501 3951; x_wconf 84' lang='grc' dir='ltr'>τῷ</span> <span class='ocrx_word' id='word_1_484' title='bbox 1558 3879 1842 3954; x_wconf 81' lang='grc' dir='ltr'>δωδεκάτῳ</span> 
     </span>
    </p>
   </div>
   <div class='ocr_carea' id='block_1_72' title="bbox 2013 3876 3622 3954">
    <p class='ocr_par' dir='ltr' id='par_1_72' title="bbox 2026 3876 3622 3949">
     <span class='ocr_line' id='line_1_72' title="bbox 2026 3876 3622 3949; baseline 0.01 -19"><span class='ocrx_word' id='word_1_485' title='bbox 2026 3876 2186 3930; x_wconf 88' lang='lat' dir='ltr'><strong>Vers.</strong></span> <span class='ocrx_word' id='word_1_486' title='bbox 2215 3877 2302 3933; x_wconf 84' lang='lat'><strong>37.</strong></span> <span class='ocrx_word' id='word_1_487' title='bbox 2345 3878 2425 3932; x_wconf 87' lang='lat' dir='ltr'><strong>Et</strong></span> <span class='ocrx_word' id='word_1_488' title='bbox 2476 3888 2842 3949; x_wconf 79' lang='lat' dir='ltr'><strong>rogaverunt</strong></span> <span class='ocrx_word' id='word_1_489' title='bbox 2872 3912 2940 3923; x_wconf 90' lang='lat'>—</span> <span class='ocrx_word' id='word_1_490' title='bbox 2985 3884 3349 3941; x_wconf 82' lang='lat' dir='ltr'><strong>tenebantur.</strong></span> <span class='ocrx_word' id='word_1_491' title='bbox 3393 3886 3622 3946; x_wconf 86' lang='lat' dir='ltr'><strong>Duode-</strong></span> 
     </span>
    </p>
   </div>
   <div class='ocr_carea' id='block_1_73' title="bbox 239 3965 1848 4047">
    <p class='ocr_par' dir='ltr' id='par_1_73' title="bbox 239 3966 1843 4047">
     <span class='ocr_line' id='line_1_73' title="bbox 239 3966 1843 4047; baseline 0.004 -29"><span class='ocrx_word' id='word_1_492' title='bbox 239 3966 499 4038; x_wconf 78' lang='grc' dir='ltr'>κεφαλαίῳ</span> <span class='ocrx_word' id='word_1_493' title='bbox 527 3973 620 4018; x_wconf 83' lang='grc' dir='ltr'><strong>τοῦ</strong></span> <span class='ocrx_word' id='word_1_494' title='bbox 649 3970 782 4019; x_wconf 73' lang='grc' dir='ltr'>κατὰ</span> <span class='ocrx_word' id='word_1_495' title='bbox 815 3970 1081 4021; x_wconf 70' lang='grc' dir='ltr'>Ματθαίω</span> <span class='ocrx_word' id='word_1_496' title='bbox 1111 3974 1201 4021; x_wconf 80' lang='grc' dir='ltr'>καὶ</span> <span class='ocrx_word' id='word_1_497' title='bbox 1231 3977 1397 4022; x_wconf 81' lang='grc' dir='ltr'>ταῦτα</span> <span class='ocrx_word' id='word_1_498' title='bbox 1443 3972 1610 4033; x_wconf 82' lang='grc' dir='ltr'>καλῶς</span> <span class='ocrx_word' id='word_1_499' title='bbox 1646 3975 1843 4047; x_wconf 78' lang='grc' dir='ltr'>ἠρμνη-</span> 
     </span>
    </p>
   </div>
   <div class='ocr_carea' id='block_1_74' title="bbox 2013 3965 3622 4047">
    <p class='ocr_par' dir='ltr' id='par_1_74' title="bbox 2013 3966 3622 4044">
     <span class='ocr_line' id='line_1_74' title="bbox 2013 3966 3622 4044; baseline 0.007 -24"><span class='ocrx_word' id='word_1_500' title='bbox 2013 3981 2111 4021; x_wconf 93' lang='lat' dir='ltr'><strong>mo</strong></span> <span class='ocrx_word' id='word_1_501' title='bbox 2129 3966 2297 4036; x_wconf 83' lang='lat' dir='ltr'><strong>juxta</strong></span> <span class='ocrx_word' id='word_1_502' title='bbox 2325 3968 2664 4024; x_wconf 78' lang='lat' dir='ltr'><strong>Mattheeum</strong></span> <span class='ocrx_word' id='word_1_503' title='bbox 2705 3971 2915 4041; x_wconf 89' lang='lat' dir='ltr'><strong>capite,</strong></span> <span class='ocrx_word' id='word_1_504' title='bbox 2971 3971 3101 4028; x_wconf 85' lang='lat' dir='ltr'><strong>haec</strong></span> <span class='ocrx_word' id='word_1_505' title='bbox 3131 3973 3374 4044; x_wconf 86' lang='lat' dir='ltr'><strong>pulchre</strong></span> <span class='ocrx_word' id='word_1_506' title='bbox 3426 3975 3622 4033; x_wconf 88' lang='lat' dir='ltr'><strong>decla-</strong></span> 
     </span>
    </p>
   </div>
   <div class='ocr_carea' id='block_1_75' title="bbox 240 4057 1849 4138">
    <p class='ocr_par' dir='ltr' id='par_1_75' title="bbox 240 4060 518 4115">
     <span class='ocr_line' id='line_1_75' title="bbox 240 4060 518 4115; baseline 0.018 -9"><span class='ocrx_word' id='word_1_507' title='bbox 240 4060 518 4115; x_wconf 76' lang='grc' dir='ltr'>νεὺθησαν.</span> 
     </span>
    </p>
   </div>
   <div class='ocr_carea' id='block_1_76' title="bbox 2009 4057 3618 4138">
    <p class='ocr_par' dir='ltr' id='par_1_76' title="bbox 2009 4057 3618 4138">
     <span class='ocr_line' id='line_1_76' title="bbox 2009 4057 3618 4138; baseline 0.007 -27"><span class='ocrx_word' id='word_1_508' title='bbox 2009 4061 2083 4111; x_wconf 70' lang='lat' dir='ltr'><strong>ita</strong></span> <span class='ocrx_word' id='word_1_509' title='bbox 2113 4061 2263 4111; x_wconf 89' lang='lat' dir='ltr'><strong>sunt.</strong></span> <span class='ocrx_word' id='word_1_510' title='bbox 2298 4057 2366 4113; x_wconf 90' lang='lat' dir='ltr'><strong>Et</strong></span> <span class='ocrx_word' id='word_1_511' title='bbox 2394 4057 2489 4113; x_wconf 88' lang='lat' dir='ltr'><strong>hic</strong></span> <span class='ocrx_word' id='word_1_512' title='bbox 2520 4058 2816 4131; x_wconf 81' lang='grc' dir='ltr'>ἠρώτησαν,</span> <span class='ocrx_word' id='word_1_513' title='bbox 2876 4060 3037 4119; x_wconf 90' lang='lat' dir='ltr'><strong>idem</strong></span> <span class='ocrx_word' id='word_1_514' title='bbox 3092 4070 3180 4118; x_wconf 91' lang='lat' dir='ltr'><strong>est</strong></span> <span class='ocrx_word' id='word_1_515' title='bbox 3231 4065 3399 4136; x_wconf 89' lang='lat' dir='ltr'><strong>quod</strong></span> <span class='ocrx_word' id='word_1_516' title='bbox 3446 4082 3618 4138; x_wconf 87' lang='lat' dir='ltr'><strong>roga-</strong></span> 
     </span>
    </p>
   </div>
   <div class='ocr_carea' id='block_1_77' title="bbox 1957 4145 2122 4202">
    <p class='ocr_par' dir='ltr' id='par_1_77' title="bbox 1957 4145 2122 4202">
     <span class='ocr_line' id='line_1_77' title="bbox 1957 4145 2122 4202; baseline -0.03 -1"><span class='ocrx_word' id='word_1_517' title='bbox 1957 4145 2122 4202; x_wconf 87' lang='lat' dir='ltr'><strong>bant.</strong></span> 
     </span>
    </p>
   </div>
   <div class='ocr_carea' id='block_1_78' title="bbox 314 4230 1923 4312">
    <p class='ocr_par' dir='ltr' id='par_1_78' title="bbox 314 4230 1843 4312">
     <span class='ocr_line' id='line_1_78' title="bbox 314 4230 1843 4312; baseline 0.005 -26"><span class='ocrx_word' id='word_1_518' title='bbox 314 4233 481 4296; x_wconf 71' lang='grc' dir='ltr'><strong>Αῧτὸς</strong></span> <span class='ocrx_word' id='word_1_519' title='bbox 507 4230 564 4286; x_wconf 74' lang='grc' dir='ltr'><strong>δε</strong></span> <span class='ocrx_word' id='word_1_520' title='bbox 597 4264 662 4274; x_wconf 90' lang='grc'><strong><em>-</em></strong></span> <span class='ocrx_word' id='word_1_521' title='bbox 703 4235 727 4286; x_wconf 88' lang='lat'><strong>6</strong></span> <span class='ocrx_word' id='word_1_522' title='bbox 771 4235 995 4295; x_wconf 80' lang='grc' dir='ltr'><strong>Ἰησοὺς.</strong></span> <span class='ocrx_word' id='word_1_523' title='bbox 1032 4241 1155 4309; x_wconf 82' lang='grc' dir='ltr'>Περὶ</span> <span class='ocrx_word' id='word_1_524' title='bbox 1210 4239 1406 4289; x_wconf 84' lang='grc' dir='ltr'>τούτων</span> <span class='ocrx_word' id='word_1_525' title='bbox 1436 4243 1526 4291; x_wconf 88' lang='grc' dir='ltr'>καὶ</span> <span class='ocrx_word' id='word_1_526' title='bbox 1557 4241 1582 4291; x_wconf 86' lang='grc' dir='ltr'><strong><em>ὁ</em></strong></span> <span class='ocrx_word' id='word_1_527' title='bbox 1637 4243 1843 4312; x_wconf 78' lang='grc' dir='ltr'>Μάρκος</span> 
     </span>
    </p>
   </div>
   <div class='ocr_carea' id='block_1_79' title="bbox 2011 4230 3620 4312">
    <p class='ocr_par' dir='ltr' id='par_1_79' title="bbox 2026 4236 3620 4305">
     <span class='ocr_line' id='line_1_79' title="bbox 2026 4236 3620 4305; baseline 0.007 -16"><span class='ocrx_word' id='word_1_528' title='bbox 2026 4236 2185 4292; x_wconf 82' lang='lat' dir='ltr'><strong>Vers.</strong></span> <span class='ocrx_word' id='word_1_529' title='bbox 2240 4239 2327 4292; x_wconf 87' lang='lat'><strong>37.</strong></span> <span class='ocrx_word' id='word_1_530' title='bbox 2381 4237 2514 4305; x_wconf 81' lang='lat' dir='ltr'><strong>Ipse</strong></span> <span class='ocrx_word' id='word_1_531' title='bbox 2550 4251 2688 4294; x_wconf 86' lang='lat' dir='ltr'><strong>vero</strong></span> <span class='ocrx_word' id='word_1_532' title='bbox 2741 4269 2809 4280; x_wconf 89' lang='lat'>—</span> <span class='ocrx_word' id='word_1_533' title='bbox 2850 4240 3011 4296; x_wconf 89' lang='lat' dir='ltr'><strong>Vers.</strong></span> <span class='ocrx_word' id='word_1_534' title='bbox 3046 4244 3134 4297; x_wconf 89' lang='lat'><strong>39.</strong></span> <span class='ocrx_word' id='word_1_535' title='bbox 3161 4242 3356 4299; x_wconf 80' lang='lat' dir='ltr'><strong>Jesus.</strong></span> <span class='ocrx_word' id='word_1_536' title='bbox 3391 4241 3472 4300; x_wconf 90' lang='lat' dir='ltr'><strong>De</strong></span> <span class='ocrx_word' id='word_1_537' title='bbox 3524 4244 3620 4300; x_wconf 89' lang='lat' dir='ltr'><strong>bis</strong></span> 
     </span>
    </p>
   </div>
   <div class='ocr_carea' id='block_1_80' title="bbox 246 4321 1855 4402">
    <p class='ocr_par' dir='ltr' id='par_1_80' title="bbox 246 4321 1843 4402">
     <span class='ocr_line' id='line_1_80' title="bbox 246 4321 1843 4402; baseline 0.004 -27"><span class='ocrx_word' id='word_1_538' title='bbox 246 4325 517 4399; x_wconf 84' lang='grc' dir='ltr'>ἱστόρησεν</span> <span class='ocrx_word' id='word_1_539' title='bbox 550 4323 598 4376; x_wconf 75' lang='grc' dir='ltr'>ἐν</span> <span class='ocrx_word' id='word_1_540' title='bbox 619 4332 691 4395; x_wconf 83' lang='grc' dir='ltr'>τῷ</span> <span class='ocrx_word' id='word_1_541' title='bbox 720 4321 975 4396; x_wconf 74' lang='grc' dir='ltr'>ἑνδεκάτῳ</span> <span class='ocrx_word' id='word_1_542' title='bbox 1002 4325 1261 4398; x_wconf 87' lang='grc' dir='ltr'>κεφαλαίῳ</span> <span class='ocrx_word' id='word_1_543' title='bbox 1289 4327 1469 4391; x_wconf 72' lang='grc' dir='ltr'>αὐτοῦ,</span> <span class='ocrx_word' id='word_1_544' title='bbox 1493 4334 1583 4381; x_wconf 78' lang='grc' dir='ltr'><strong>καὶ</strong></span> <span class='ocrx_word' id='word_1_545' title='bbox 1605 4330 1843 4402; x_wconf 79' lang='grc' dir='ltr'>εὑρήσεις</span> 
     </span>
    </p>
   </div>
   <div class='ocr_carea' id='block_1_81' title="bbox 2010 4321 3619 4402">
    <p class='ocr_par' dir='ltr' id='par_1_81' title="bbox 2010 4326 3619 4401">
     <span class='ocr_line' id='line_1_81' title="bbox 2010 4326 3619 4401; baseline 0.007 -22"><span class='ocrx_word' id='word_1_546' title='bbox 2010 4326 2186 4397; x_wconf 73' lang='lat' dir='ltr'><strong>:ripsit</strong></span> <span class='ocrx_word' id='word_1_547' title='bbox 2214 4328 2442 4381; x_wconf 85' lang='lat' dir='ltr'><strong>Marcus</strong></span> <span class='ocrx_word' id='word_1_548' title='bbox 2474 4328 2793 4384; x_wconf 90' lang='lat' dir='ltr'><strong>undecimo</strong></span> <span class='ocrx_word' id='word_1_549' title='bbox 2824 4330 3040 4401; x_wconf 88' lang='lat' dir='ltr'><strong>capite,</strong></span> <span class='ocrx_word' id='word_1_550' title='bbox 3092 4334 3147 4387; x_wconf 88' lang='lat' dir='ltr'><strong>et</strong></span> <span class='ocrx_word' id='word_1_551' title='bbox 3204 4331 3285 4387; x_wconf 92' lang='lat' dir='ltr'><strong>ibi</strong></span> <span class='ocrx_word' id='word_1_552' title='bbox 3331 4331 3619 4398; x_wconf 83' lang='lat' dir='ltr'><strong>invenies,</strong></span> 
     </span>
    </p>
   </div>
   <div class='ocr_carea' id='block_1_82' title="bbox 242 4410 1851 4495">
    <p class='ocr_par' dir='ltr' id='par_1_82' title="bbox 242 4410 1840 4491">
     <span class='ocr_line' id='line_1_82' title="bbox 242 4410 1840 4491; baseline 0.004 -26"><span class='ocrx_word' id='word_1_553' title='bbox 242 4412 288 4464; x_wconf 82' lang='grc' dir='ltr'>ἐν</span> <span class='ocrx_word' id='word_1_554' title='bbox 314 4414 507 4485; x_wconf 79' lang='grc' dir='ltr'>ἐκείνῳ,</span> <span class='ocrx_word' id='word_1_555' title='bbox 567 4410 712 4466; x_wconf 87' lang='grc' dir='ltr'>διατί</span> <span class='ocrx_word' id='word_1_556' title='bbox 743 4418 831 4487; x_wconf 77' lang='grc' dir='ltr'><strong>μὲν</strong></span> <span class='ocrx_word' id='word_1_557' title='bbox 885 4416 910 4466; x_wconf 87' lang='grc' dir='ltr'><strong><em>ὁ</em></strong></span> <span class='ocrx_word' id='word_1_558' title='bbox 941 4414 1069 4490; x_wconf 78' lang='grc' dir='ltr'>ἀνὴρ</span> <span class='ocrx_word' id='word_1_559' title='bbox 1127 4413 1299 4469; x_wconf 84' lang='grc' dir='ltr'>ἐδέετο</span> <span class='ocrx_word' id='word_1_560' title='bbox 1347 4413 1475 4469; x_wconf 81' lang='grc' dir='ltr'>εἶναι</span> <span class='ocrx_word' id='word_1_561' title='bbox 1536 4422 1629 4471; x_wconf 85' lang='grc' dir='ltr'>σὺν</span> <span class='ocrx_word' id='word_1_562' title='bbox 1677 4420 1840 4491; x_wconf 71' lang='grc' dir='ltr'>αὐτῷ,</span> 
     </span>
    </p>
   </div>
   <div class='ocr_carea' id='block_1_83' title="bbox 2012 4410 3621 4495">
    <p class='ocr_par' dir='ltr' id='par_1_83' title="bbox 2012 4415 3621 4495">
     <span class='ocr_line' id='line_1_83' title="bbox 2012 4415 3621 4495; baseline 0.007 -26"><span class='ocrx_word' id='word_1_563' title='bbox 2012 4430 2138 4470; x_wconf 69' lang='lat' dir='ltr'><strong>lare</strong></span> <span class='ocrx_word' id='word_1_564' title='bbox 2163 4415 2376 4470; x_wconf 89' lang='lat' dir='ltr'><strong>orabat</strong></span> <span class='ocrx_word' id='word_1_565' title='bbox 2405 4431 2545 4471; x_wconf 90' lang='lat' dir='ltr'><strong>eum</strong></span> <span class='ocrx_word' id='word_1_566' title='bbox 2569 4417 2676 4480; x_wconf 79' lang='lat' dir='ltr'><strong>vir,</strong></span> <span class='ocrx_word' id='word_1_567' title='bbox 2711 4422 2775 4473; x_wconf 91' lang='lat' dir='ltr'><strong>ut</strong></span> <span class='ocrx_word' id='word_1_568' title='bbox 2794 4433 2933 4474; x_wconf 92' lang='lat' dir='ltr'><strong>cum</strong></span> <span class='ocrx_word' id='word_1_569' title='bbox 2964 4419 3094 4491; x_wconf 88' lang='lat' dir='ltr'><strong>ipso</strong></span> <span class='ocrx_word' id='word_1_570' title='bbox 3122 4425 3297 4487; x_wconf 88' lang='lat' dir='ltr'><strong>esset,</strong></span> <span class='ocrx_word' id='word_1_571' title='bbox 3340 4426 3395 4478; x_wconf 90' lang='lat' dir='ltr'><strong>et</strong></span> <span class='ocrx_word' id='word_1_572' title='bbox 3434 4438 3621 4495; x_wconf 89' lang='lat' dir='ltr'><strong>quam</strong></span> 
     </span>
    </p>
   </div>
   <div class='ocr_carea' id='block_1_84' title="bbox 245 4499 1854 4581">
    <p class='ocr_par' dir='ltr' id='par_1_84' title="bbox 245 4499 1844 4581">
     <span class='ocr_line' id='line_1_84' title="bbox 245 4499 1844 4581; baseline 0.004 -26"><span class='ocrx_word' id='word_1_573' title='bbox 245 4499 277 4555; x_wconf 86' lang='grc' dir='ltr'><strong>δ</strong></span> <span class='ocrx_word' id='word_1_574' title='bbox 284 4510 389 4556; x_wconf 88' lang='grc' dir='ltr'>ιατί</span> <span class='ocrx_word' id='word_1_575' title='bbox 420 4500 453 4556; x_wconf 87' lang='grc' dir='ltr'><strong>δ</strong></span> <span class='ocrx_word' id='word_1_576' title='bbox 458 4507 478 4556; x_wconf 77' lang='grc' dir='ltr'><strong>ὲ</strong></span> <span class='ocrx_word' id='word_1_577' title='bbox 505 4505 529 4555; x_wconf 88' lang='lat'><strong>6</strong></span> <span class='ocrx_word' id='word_1_578' title='bbox 568 4506 777 4565; x_wconf 75' lang='grc' dir='ltr'>Ἰησοῦς</span> <span class='ocrx_word' id='word_1_579' title='bbox 814 4503 1065 4558; x_wconf 68' lang='grc' dir='ltr'>ἀπελυσεν</span> <span class='ocrx_word' id='word_1_580' title='bbox 1092 4506 1267 4575; x_wconf 69' lang='grc' dir='ltr'>αὐτὸν,</span> <span class='ocrx_word' id='word_1_581' title='bbox 1308 4512 1397 4559; x_wconf 84' lang='grc' dir='ltr'>καὶ</span> <span class='ocrx_word' id='word_1_582' title='bbox 1422 4513 1659 4581; x_wconf 83' lang='grc' dir='ltr'>περὶτῶν</span> <span class='ocrx_word' id='word_1_583' title='bbox 1681 4509 1844 4562; x_wconf 80' lang='grc' dir='ltr'>ἄλλων</span> 
     </span>
    </p>
   </div>
   <div class='ocr_carea' id='block_1_85' title="bbox 2015 4499 3624 4581">
    <p class='ocr_par' dir='ltr' id='par_1_85' title="bbox 2015 4504 3624 4581">
     <span class='ocr_line' id='line_1_85' title="bbox 2015 4504 3624 4581; baseline 0.005 -22"><span class='ocrx_word' id='word_1_584' title='bbox 2015 4520 2034 4559; x_wconf 84' lang='grc'><strong>&gt;</strong></span> <span class='ocrx_word' id='word_1_585' title='bbox 2065 4519 2314 4559; x_wconf 89' lang='lat' dir='ltr'><strong>causam</strong></span> <span class='ocrx_word' id='word_1_586' title='bbox 2339 4504 2563 4560; x_wconf 89' lang='lat' dir='ltr'><strong>remisit</strong></span> <span class='ocrx_word' id='word_1_587' title='bbox 2588 4521 2727 4561; x_wconf 89' lang='lat' dir='ltr'><strong>eum</strong></span> <span class='ocrx_word' id='word_1_588' title='bbox 2768 4508 2955 4571; x_wconf 85' lang='lat' dir='ltr'><strong>Jesus,</strong></span> <span class='ocrx_word' id='word_1_589' title='bbox 2989 4524 3059 4564; x_wconf 92' lang='lat' dir='ltr'><strong>ac</strong></span> <span class='ocrx_word' id='word_1_590' title='bbox 3097 4508 3171 4564; x_wconf 90' lang='lat' dir='ltr'><strong>de</strong></span> <span class='ocrx_word' id='word_1_591' title='bbox 3205 4509 3333 4565; x_wconf 85' lang='lat' dir='ltr'><strong>aliis</strong></span> <span class='ocrx_word' id='word_1_592' title='bbox 3373 4510 3624 4581; x_wconf 89' lang='lat' dir='ltr'><strong>diligen-</strong></span> 
     </span>
    </p>
   </div>
   <div class='ocr_carea' id='block_1_86' title="bbox 244 4591 1853 4668">
    <p class='ocr_par' dir='ltr' id='par_1_86' title="bbox 244 4591 484 4668">
     <span class='ocr_line' id='line_1_86' title="bbox 244 4591 484 4668; baseline 0.017 -24"><span class='ocrx_word' id='word_1_593' title='bbox 244 4591 484 4668; x_wconf 76' lang='grc' dir='ltr'>ἀκριϐῶς.</span> 
     </span>
    </p>
   </div>
   <div class='ocr_carea' id='block_1_87' title="bbox 727 4591 2336 4668">
    <p class='ocr_par' dir='ltr' id='par_1_87' title="bbox 1960 4596 2336 4649">
     <span class='ocr_line' id='line_1_87' title="bbox 1960 4596 2336 4649; baseline -0.005 0"><span class='ocrx_word' id='word_1_594' title='bbox 1960 4597 2043 4649; x_wconf 89' lang='lat' dir='ltr'><strong>ter</strong></span> <span class='ocrx_word' id='word_1_595' title='bbox 2068 4596 2336 4649; x_wconf 88' lang='lat' dir='ltr'><strong>tractata.</strong></span> 
     </span>
    </p>
   </div>
   <div class='ocr_carea' id='block_1_88' title="bbox 386 4681 1995 4763">
    <p class='ocr_par' dir='ltr' id='par_1_88' title="bbox 386 4682 1704 4763">
     <span class='ocr_line' id='line_1_88' title="bbox 386 4682 1704 4763; baseline 0.005 -27"><span class='ocrx_word' id='word_1_596' title='bbox 386 4689 538 4738; x_wconf 74' lang='grc' dir='ltr'><strong>ΚΕΦ.</strong></span> <span class='ocrx_word' id='word_1_597' title='bbox 578 4682 710 4738; x_wconf 84' lang='grc' dir='ltr'>ΚΕ’.</span> <span class='ocrx_word' id='word_1_598' title='bbox 744 4688 869 4757; x_wconf 84' lang='grc' dir='ltr'>Περὶ</span> <span class='ocrx_word' id='word_1_599' title='bbox 893 4691 990 4746; x_wconf 85' lang='grc' dir='ltr'><strong>τῆς</strong></span> <span class='ocrx_word' id='word_1_600' title='bbox 1022 4686 1276 4759; x_wconf 75' lang='grc' dir='ltr'>θυγατρὸς</span> <span class='ocrx_word' id='word_1_601' title='bbox 1315 4694 1406 4739; x_wconf 83' lang='grc' dir='ltr'>τοῦ</span> <span class='ocrx_word' id='word_1_602' title='bbox 1447 4686 1704 4763; x_wconf 81' lang='grc' dir='ltr'>ἀρχισυν-</span> 
     </span>
    </p>
   </div>
   <div class='ocr_carea' id='block_1_89' title="bbox 1721 4681 3330 4763">
    <p class='ocr_par' dir='ltr' id='par_1_89' title="bbox 2244 4681 3330 4761">
     <span class='ocr_line' id='line_1_89' title="bbox 2244 4681 3330 4761; baseline 0.004 -22"><span class='ocrx_word' id='word_1_603' title='bbox 2244 4681 2399 4740; x_wconf 80' lang='lat' dir='ltr'><strong>CAP.</strong></span> <span class='ocrx_word' id='word_1_604' title='bbox 2424 4685 2580 4741; x_wconf 85' lang='lat' dir='ltr'><strong>XXV.</strong></span> <span class='ocrx_word' id='word_1_605' title='bbox 2595 4686 2679 4742; x_wconf 84' lang='lat' dir='ltr'><strong>De</strong></span> <span class='ocrx_word' id='word_1_606' title='bbox 2692 4686 2824 4755; x_wconf 79' lang='lat' dir='ltr'><strong>ﬁlia</strong></span> <span class='ocrx_word' id='word_1_607' title='bbox 2844 4686 3330 4761; x_wconf 83' lang='lat' dir='ltr'><strong>archisynagogi.</strong></span> 
     </span>
    </p>
   </div>
   <div class='ocr_carea' id='block_1_90' title="bbox 936 4779 1167 4847">
    <p class='ocr_par' dir='ltr' id='par_1_90' title="bbox 936 4779 1167 4847">
     <span class='ocr_line' id='line_1_90' title="bbox 936 4779 1167 4847; baseline 0.009 -22"><span class='ocrx_word' id='word_1_608' title='bbox 936 4779 1167 4847; x_wconf 71' lang='grc' dir='ltr'><strong>αγὼγου.</strong></span> 
     </span>
    </p>
   </div>
   <div class='ocr_carea' id='block_1_91' title="bbox 312 4860 1921 4944">
    <p class='ocr_par' dir='ltr' id='par_1_91' title="bbox 312 4860 1631 4941">
     <span class='ocr_line' id='line_1_91' title="bbox 312 4860 1631 4941; baseline 0.003 -25"><span class='ocrx_word' id='word_1_609' title='bbox 312 4860 541 4933; x_wconf 75' lang='grc' dir='ltr'>Ἐγένετο</span> <span class='ocrx_word' id='word_1_610' title='bbox 571 4892 640 4902; x_wconf 90' lang='lat'>-</span> <span class='ocrx_word' id='word_1_611' title='bbox 664 4862 839 4920; x_wconf 70' lang='grc' dir='ltr'>αὐτόν.</span> <span class='ocrx_word' id='word_1_612' title='bbox 869 4862 958 4924; x_wconf 74' lang='grc' dir='ltr'>Ὠς</span> <span class='ocrx_word' id='word_1_613' title='bbox 986 4863 1256 4939; x_wconf 74' lang='grc' dir='ltr'>εὐεργέτην</span> <span class='ocrx_word' id='word_1_614' title='bbox 1278 4870 1367 4919; x_wconf 83' lang='grc' dir='ltr'>καὶ</span> <span class='ocrx_word' id='word_1_615' title='bbox 1394 4874 1631 4941; x_wconf 86' lang='grc' dir='ltr'>Σωτῆρα.</span> 
     </span>
    </p>
   </div>
   <div class='ocr_carea' id='block_1_92' title="bbox 2016 4860 3625 4944">
    <p class='ocr_par' dir='ltr' id='par_1_92' title="bbox 2029 4871 3625 4944">
     <span class='ocr_line' id='line_1_92' title="bbox 2029 4871 3625 4944; baseline 0.004 -19"><span class='ocrx_word' id='word_1_616' title='bbox 2029 4871 2192 4926; x_wconf 85' lang='lat' dir='ltr'><strong>Vers.</strong></span> <span class='ocrx_word' id='word_1_617' title='bbox 2225 4872 2312 4926; x_wconf 84' lang='grc'>40.</span> <span class='ocrx_word' id='word_1_618' title='bbox 2343 4873 2581 4930; x_wconf 86' lang='lat' dir='ltr'><strong>Factum</strong></span> <span class='ocrx_word' id='word_1_619' title='bbox 2610 4887 2841 4929; x_wconf 79' lang='lat' dir='ltr'><strong>—-eum.</strong></span> <span class='ocrx_word' id='word_1_620' title='bbox 2879 4874 3194 4944; x_wconf 84' lang='lat' dir='ltr'><strong>Tanquam</strong></span> <span class='ocrx_word' id='word_1_621' title='bbox 3219 4873 3375 4932; x_wconf 91' lang='lat' dir='ltr'><strong>bene</strong></span> <span class='ocrx_word' id='word_1_622' title='bbox 3432 4876 3508 4932; x_wconf 90' lang='lat' dir='ltr'><strong>de</strong></span> <span class='ocrx_word' id='word_1_623' title='bbox 3537 4875 3625 4932; x_wconf 88' lang='lat' dir='ltr'><strong>eis</strong></span> 
     </span>
    </p>
   </div>
   <div class='ocr_carea' id='block_1_93' title="bbox 1960 4960 2758 5018">
    <p class='ocr_par' dir='ltr' id='par_1_93' title="bbox 1960 4960 2758 5018">
     <span class='ocr_line' id='line_1_93' title="bbox 1960 4960 2758 5018; baseline 0 0"><span class='ocrx_word' id='word_1_624' title='bbox 1960 4963 2236 5018; x_wconf 86' lang='lat' dir='ltr'><strong>meritum</strong></span> <span class='ocrx_word' id='word_1_625' title='bbox 2268 4976 2339 5016; x_wconf 85' lang='lat' dir='ltr'><strong>ac</strong></span> <span class='ocrx_word' id='word_1_626' title='bbox 2363 4960 2758 5018; x_wconf 84' lang='lat' dir='ltr'><strong>Salvatorem.</strong></span> 
     </span>
    </p>
   </div>
   <div class='ocr_carea' id='block_1_94' title="bbox 317 5037 1926 5124">
    <p class='ocr_par' dir='ltr' id='par_1_94' title="bbox 317 5037 1847 5124">
     <span class='ocr_line' id='line_1_94' title="bbox 317 5037 1847 5124; baseline 0.005 -29"><span class='ocrx_word' id='word_1_627' title='bbox 317 5046 418 5095; x_wconf 79' lang='grc' dir='ltr'><strong>Καὶ</strong></span> <span class='ocrx_word' id='word_1_628' title='bbox 462 5037 580 5095; x_wconf 81' lang='grc' dir='ltr'>ἰδοὺ</span> <span class='ocrx_word' id='word_1_629' title='bbox 633 5073 701 5083; x_wconf 89' lang='grc'><strong>-</strong></span> <span class='ocrx_word' id='word_1_630' title='bbox 756 5040 1096 5101; x_wconf 77' lang='grc' dir='ltr'>ἀπέθνησκεν.</span> <span class='ocrx_word' id='word_1_631' title='bbox 1148 5046 1366 5118; x_wconf 84' lang='grc' dir='ltr'>Εἰρηται</span> <span class='ocrx_word' id='word_1_632' title='bbox 1418 5048 1673 5101; x_wconf 82' lang='grc' dir='ltr'>κάλλιστα</span> <span class='ocrx_word' id='word_1_633' title='bbox 1728 5056 1847 5124; x_wconf 85' lang='grc' dir='ltr'>περὶ</span> 
     </span>
    </p>
   </div>
   <div class='ocr_carea' id='block_1_95' title="bbox 2016 5037 3625 5124">
    <p class='ocr_par' dir='ltr' id='par_1_95' title="bbox 2033 5050 3625 5110">
     <span class='ocr_line' id='line_1_95' title="bbox 2033 5050 3625 5110; baseline 0.003 -4"><span class='ocrx_word' id='word_1_634' title='bbox 2033 5053 2187 5106; x_wconf 88' lang='lat' dir='ltr'><strong>Vers.</strong></span> <span class='ocrx_word' id='word_1_635' title='bbox 2220 5051 2311 5107; x_wconf 82' lang='grc'><strong>41.</strong></span> <span class='ocrx_word' id='word_1_636' title='bbox 2338 5051 2412 5105; x_wconf 84' lang='lat' dir='ltr'><strong>Et</strong></span> <span class='ocrx_word' id='word_1_637' title='bbox 2458 5065 2585 5107; x_wconf 85' lang='lat' dir='ltr'><strong>ecce</strong></span> <span class='ocrx_word' id='word_1_638' title='bbox 2628 5081 2695 5090; x_wconf 90' lang='lat'><strong>—</strong></span> <span class='ocrx_word' id='word_1_639' title='bbox 2724 5050 2889 5106; x_wconf 90' lang='lat' dir='ltr'><strong>Vers.</strong></span> <span class='ocrx_word' id='word_1_640' title='bbox 2912 5055 3001 5107; x_wconf 77' lang='grc'><strong>42.</strong></span> <span class='ocrx_word' id='word_1_641' title='bbox 3028 5052 3409 5110; x_wconf 83' lang='lat' dir='ltr'><strong>moriebatur.</strong></span> <span class='ocrx_word' id='word_1_642' title='bbox 3435 5056 3515 5109; x_wconf 90' lang='lat' dir='ltr'><strong>De</strong></span> <span class='ocrx_word' id='word_1_643' title='bbox 3533 5054 3625 5109; x_wconf 84' lang='lat' dir='ltr'><strong>his</strong></span> 
     </span>
    </p>
   </div>
   <div class='ocr_carea' id='block_1_96' title="bbox 244 5129 1853 5213">
    <p class='ocr_par' dir='ltr' id='par_1_96' title="bbox 244 5129 1847 5209">
     <span class='ocr_line' id='line_1_96' title="bbox 244 5129 1847 5209; baseline 0.008 -28"><span class='ocrx_word' id='word_1_644' title='bbox 244 5132 437 5183; x_wconf 86' lang='grc' dir='ltr'>τούτων</span> <span class='ocrx_word' id='word_1_645' title='bbox 467 5129 515 5184; x_wconf 75' lang='grc' dir='ltr'>ἐν</span> <span class='ocrx_word' id='word_1_646' title='bbox 555 5139 627 5203; x_wconf 80' lang='grc' dir='ltr'>τῷ</span> <span class='ocrx_word' id='word_1_647' title='bbox 647 5129 1092 5206; x_wconf 83' lang='grc' dir='ltr'>πεντεκαιδεκάτῳ</span> <span class='ocrx_word' id='word_1_648' title='bbox 1122 5134 1380 5209; x_wconf 86' lang='grc' dir='ltr'>κεφαλαίῳ</span> <span class='ocrx_word' id='word_1_649' title='bbox 1405 5145 1496 5191; x_wconf 79' lang='grc' dir='ltr'>τοῦ</span> <span class='ocrx_word' id='word_1_650' title='bbox 1540 5142 1674 5192; x_wconf 87' lang='grc' dir='ltr'>κατὰ</span> <span class='ocrx_word' id='word_1_651' title='bbox 1704 5145 1847 5193; x_wconf 86' lang='grc' dir='ltr'>Ματ-</span> 
     </span>
    </p>
   </div>
   <div class='ocr_carea' id='block_1_97' title="bbox 2018 5129 3627 5213">
    <p class='ocr_par' dir='ltr' id='par_1_97' title="bbox 2018 5138 3627 5213">
     <span class='ocr_line' id='line_1_97' title="bbox 2018 5138 3627 5213; baseline 0.003 -17"><span class='ocrx_word' id='word_1_652' title='bbox 2018 5139 2202 5196; x_wconf 77' lang='lat' dir='ltr'><strong>ilchre</strong></span> <span class='ocrx_word' id='word_1_653' title='bbox 2232 5138 2460 5195; x_wconf 85' lang='lat' dir='ltr'><strong>dictum</strong></span> <span class='ocrx_word' id='word_1_654' title='bbox 2489 5144 2577 5195; x_wconf 90' lang='lat' dir='ltr'><strong>est</strong></span> <span class='ocrx_word' id='word_1_655' title='bbox 2598 5139 2833 5196; x_wconf 91' lang='lat' dir='ltr'><strong>decimo</strong></span> <span class='ocrx_word' id='word_1_656' title='bbox 2862 5142 3073 5213; x_wconf 89' lang='lat' dir='ltr'><strong>quinto</strong></span> <span class='ocrx_word' id='word_1_657' title='bbox 3092 5150 3264 5213; x_wconf 74' lang='lat' dir='ltr'><strong>Juxta</strong></span> <span class='ocrx_word' id='word_1_658' title='bbox 3288 5142 3627 5201; x_wconf 71' lang='lat' dir='ltr'><strong>Matthmum</strong></span> 
     </span>
    </p>
   </div>
   <div class='ocr_carea' id='block_1_98' title="bbox 248 5220 1857 5303">
    <p class='ocr_par' dir='ltr' id='par_1_98' title="bbox 248 5220 410 5273">
     <span class='ocr_line' id='line_1_98' title="bbox 248 5220 410 5273; baseline 0.012 -2"><span class='ocrx_word' id='word_1_659' title='bbox 248 5220 410 5273; x_wconf 83' lang='grc' dir='ltr'>θαίον.</span> 
     </span>
    </p>
   </div>
   <div class='ocr_carea' id='block_1_99' title="bbox 664 5220 2273 5303">
    <p class='ocr_par' dir='ltr' id='par_1_99' title="bbox 1957 5232 2273 5303">
     <span class='ocr_line' id='line_1_99' title="bbox 1957 5232 2273 5303; baseline -0.006 -16"><span class='ocrx_word' id='word_1_660' title='bbox 1957 5232 2178 5303; x_wconf 89' lang='lat' dir='ltr'><strong>capite.</strong></span> <span class='ocrx_word' id='word_1_661' title='bbox 2264 5239 2273 5245; x_wconf 86' lang='lat'><em>‘</em></span> 
     </span>
    </p>
   </div>
   <div class='ocr_carea' id='block_1_100' title="bbox 314 5345 849 5417">
    <p class='ocr_par' dir='ltr' id='par_1_100' title="bbox 314 5345 849 5417">
     <span class='ocr_line' id='line_1_100' title="bbox 314 5345 849 5417; baseline 0.009 -18"><span class='ocrx_word' id='word_1_662' title='bbox 314 5354 354 5385; x_wconf 67' lang='grc' dir='ltr'>ω</span> <span class='ocrx_word' id='word_1_663' title='bbox 387 5345 590 5404; x_wconf 87' lang='lat' dir='ltr'><strong>Matth.</strong></span> <span class='ocrx_word' id='word_1_664' title='bbox 612 5362 738 5417; x_wconf 80' lang='lat' dir='ltr'><strong>vni,</strong></span> <span class='ocrx_word' id='word_1_665' title='bbox 756 5348 849 5404; x_wconf 75' lang='grc'><strong>34.</strong></span> 
     </span>
    </p>
   </div>
   <div class='ocr_carea' id='block_1_101' title="bbox 1450 5451 2405 5527">
    <p class='ocr_par' dir='ltr' id='par_1_101' title="bbox 1450 5451 2405 5527">
     <span class='ocr_line' id='line_1_101' title="bbox 1450 5451 2405 5527; baseline 0.003 -8"><span class='ocrx_word' id='word_1_666' title='bbox 1450 5451 1676 5524; x_wconf 76' lang='lat' dir='ltr'><strong>Variae</strong></span> <span class='ocrx_word' id='word_1_667' title='bbox 1718 5455 2045 5527; x_wconf 88' lang='lat' dir='ltr'><strong>lectiones</strong></span> <span class='ocrx_word' id='word_1_668' title='bbox 2099 5461 2165 5523; x_wconf 90' lang='lat' dir='ltr'><strong>et</strong></span> <span class='ocrx_word' id='word_1_669' title='bbox 2204 5463 2405 5523; x_wconf 63' lang='lat' dir='ltr'><strong>notae.</strong></span> 
     </span>
    </p>
   </div>
   <div class='ocr_carea' id='block_1_102' title="bbox 293 5611 3626 5697">
    <p class='ocr_par' dir='ltr' id='par_1_102' title="bbox 293 5611 3626 5697">
     <span class='ocr_line' id='line_1_102' title="bbox 293 5611 3626 5697; baseline 0.005 -28"><span class='ocrx_word' id='word_1_670' title='bbox 293 5611 432 5694; x_wconf 44' lang='lat'><strong>.(46)</strong></span> <span class='ocrx_word' id='word_1_671' title='bbox 462 5616 596 5671; x_wconf 62' lang='lat' dir='ltr'><strong>Hac</strong></span> <span class='ocrx_word' id='word_1_672' title='bbox 645 5618 895 5689; x_wconf 87' lang='lat' dir='ltr'><strong>uterque</strong></span> <span class='ocrx_word' id='word_1_673' title='bbox 938 5615 1000 5672; x_wconf 90' lang='lat' dir='ltr'><strong>in</strong></span> <span class='ocrx_word' id='word_1_674' title='bbox 1043 5619 1330 5691; x_wconf 74' lang='lat' dir='ltr'><strong>margine.</strong></span> <span class='ocrx_word' id='word_1_675' title='bbox 1372 5622 1600 5681; x_wconf 88' lang='lat' dir='ltr'><strong>Omittit</strong></span> <span class='ocrx_word' id='word_1_676' title='bbox 1640 5625 1849 5685; x_wconf 86' lang='lat' dir='ltr'><strong>Hente-</strong></span> <span class='ocrx_word' id='word_1_677' title='bbox 2032 5625 2147 5697; x_wconf 65' lang='lat'><strong>(48)</strong></span> <span class='ocrx_word' id='word_1_678' title='bbox 2187 5625 2317 5680; x_wconf 87' lang='lat' dir='ltr'><strong>Duo</strong></span> <span class='ocrx_word' id='word_1_679' title='bbox 2366 5623 2495 5679; x_wconf 80' lang='lat' dir='ltr'><strong>haec</strong></span> <span class='ocrx_word' id='word_1_680' title='bbox 2525 5621 2822 5697; x_wconf 70' lang='lat' dir='ltr'><strong>vocabula</strong></span> <span class='ocrx_word' id='word_1_681' title='bbox 2872 5638 2994 5681; x_wconf 91' lang='lat' dir='ltr'><strong>non</strong></span> <span class='ocrx_word' id='word_1_682' title='bbox 3046 5623 3231 5684; x_wconf 88' lang='lat' dir='ltr'><strong>habet</strong></span> <span class='ocrx_word' id='word_1_683' title='bbox 3277 5625 3626 5687; x_wconf 82' lang='lat' dir='ltr'><strong>Hentenius.</strong></span> 
     </span>
    </p>
   </div>
   <div class='ocr_carea' id='block_1_103' title="bbox 246 5696 2742 5770">
    <p class='ocr_par' dir='ltr' id='par_1_103' title="bbox 246 5696 2742 5770">
     <span class='ocr_line' id='line_1_103' title="bbox 246 5696 2742 5770; baseline 0.002 -25"><span class='ocrx_word' id='word_1_684' title='bbox 246 5699 424 5770; x_wconf 38' lang='lat' dir='ltr'><strong>milis;</strong></span> <span class='ocrx_word' id='word_1_685' title='bbox 458 5759 504 5770; x_wconf 54' lang='grc' dir='ltr'><em>υ</em></span> <span class='ocrx_word' id='word_1_686' title='bbox 548 5758 581 5770; x_wconf 46' lang='grc' dir='ltr'><strong>ν</strong></span> <span class='ocrx_word' id='word_1_687' title='bbox 725 5766 745 5770; x_wconf 24' lang='grc' dir='ltr'><strong><em>Δ</em></strong></span> <span class='ocrx_word' id='word_1_688' title='bbox 996 5730 999 5733; x_wconf 57' lang='grc' dir='ltr'><strong>ι</strong></span> <span class='ocrx_word' id='word_1_689' title='bbox 1958 5696 2141 5770; x_wconf 84' lang='lat' dir='ltr'><strong>Igitur</strong></span> <span class='ocrx_word' id='word_1_690' title='bbox 2161 5704 2387 5755; x_wconf 87' lang='lat' dir='ltr'><strong>textum</strong></span> <span class='ocrx_word' id='word_1_691' title='bbox 2409 5696 2742 5769; x_wconf 81' lang='lat' dir='ltr'><strong>conjunxit.</strong></span> 
     </span>
    </p>
   </div>
   <div class='ocr_carea' id='block_1_104' title="bbox 318 5756 775 5835">
    <p class='ocr_par' dir='ltr' id='par_1_104' title="bbox 318 5756 775 5835">
     <span class='ocr_line' id='line_1_104' title="bbox 318 5756 775 5835; baseline 0.002 -22"><span class='ocrx_word' id='word_1_692' title='bbox 318 5756 429 5835; x_wconf 74' lang='grc' dir='ltr'><strong>(4η</strong></span> <span class='ocrx_word' id='word_1_693' title='bbox 455 5758 651 5817; x_wconf 80' lang='lat' dir='ltr'><strong>Malim</strong></span> <span class='ocrx_word' id='word_1_694' title='bbox 682 5766 775 5833; x_wconf 73' lang='grc' dir='ltr'>τῷ.</span> 
     </span>
    </p>
   </div>
  </div>
