4074 6380
546 320 650 380 943

617 449 782 507 Vers.
807 452 895 506 42.
919 451 1081 507 Inter
1108 450 1363 507 eundum
1385 457 1584 509 autem
1611 483 1680 494 —
1722 469 1875 511 eum.
1909 454 2210 510 Constrin-
2242 457 2288 509 A

544 538 785 609 gebant,
817 540 1318 613 comprimebant,
1346 540 1718 613 impellentes
1749 543 1909 599 circa
1940 560 2097 599 eum.

542 628 698 685 CAP.
726 630 901 686 XXVI.
959 631 1042 687 De
1084 630 1333 686 muliere
1384 631 1678 700 proﬂuvio
1708 634 2021 704 sanguinis
2048 633 2205 690 labo-

1275 735 1385 776 ran
1397 726 1471 777 te.

616 806 774 863 Vers.
808 811 896 865 43.
927 808 1008 864 Et
1046 808 1263 866 mulier
1290 839 1361 850 —
1392 811 1553 868 Vers.
1584 811 1673 867 44.
1721 812 1877 883 ejus.
1911 813 2002 868 Ab
2034 814 2207 869 annis

539 894 861 964 duodecim,
882 896 945 953 id
976 901 1085 964 est,
1108 913 1301 954 annos
1313 898 1635 956 duodecim
1672 916 1685 967 ;
1710 900 1821 957 hoc
1846 902 2008 958 enim
2030 903 2207 972 signi-

538 984 874 1042 ﬁcaverunt
901 985 1127 1058 priores
1158 988 1559 1060 evangelista.
1603 992 1831 1046 Marcus
1856 1005 1996 1047 vero
2028 993 2073 1025 ⁸⁷
2103 993 2206 1047 ad-

537 1074 707 1142 didit,
748 1076 915 1148 quod
964 1091 1084 1132 non
1118 1076 1315 1133 solum
1355 1094 1392 1133 a
1435 1078 1687 1135 medicis
1718 1080 1777 1135 in
1804 1079 1968 1135 nullo
1997 1080 2206 1152 adjuta

535 1162 748 1228 fuerat,
799 1179 1011 1221 verum
1056 1166 1237 1222 etiam
1270 1166 1463 1236 magis
1522 1168 1583 1223 in
1622 1168 1885 1223 deterius
1939 1174 2200 1224 venerat.

537 1253 691 1319 Quid
712 1252 789 1310 sit
810 1260 1007 1310 autem
1046 1254 1305 1320 ﬁmbria,
1350 1255 1578 1312 dictum
1627 1262 1715 1313 est
1754 1257 1985 1313 decimo
2041 1264 2201 1313 sexto

532 1343 724 1416 capite
764 1342 1064 1414 Evangelii
1113 1343 1449 1401 secundum
1514 1346 1866 1403 Mattheeum.
1915 1346 2202 1402 Prmterea

531 1432 675 1490 dicit
703 1435 926 1490 Marcus
954 1434 1023 1499 ‘3,
1057 1434 1296 1490 venisse
1328 1434 1523 1507 ipsam
1553 1435 1615 1491 in
1630 1434 1854 1492 turbae.
1875 1441 2062 1507 tergo,
2085 1437 2200 1492 hoc

531 1526 639 1590 est,
670 1521 1069 1579 immiscuisse
1119 1539 1181 1579 se
1222 1523 1433 1591 turbas,
1474 1524 1641 1597 quod
1671 1525 1853 1581 latere
1893 1525 2196 1581 niteretur.

608 1612 725 1670 Sed
750 1628 855 1669 cur
867 1612 1176 1669 manifeste
1216 1629 1339 1670 non
1370 1613 1554 1685 tetigit
1583 1620 1606 1666 ?
1628 1615 1781 1681 Quia
1809 1614 2196 1688 seipsamim-

526 1702 824 1760 mundam
855 1718 995 1762 esse
1027 1702 1275 1768 sciebat,
1324 1708 1401 1774 et,
1439 1720 1599 1771 cum,
1630 1705 1729 1776 qui
1755 1705 2025 1761 mundus
2073 1710 2199 1761 erat

1880 322 2229 383 EUTHYMII
2271 323 2599 385 ZIGABENI

3802 339 3897 397 944

2395 458 2472 510 Ἐν
2506 456 2563 511 δε
2589 467 2659 530 τῷ
2700 460 2918 531 ὑπάγειν
2947 490 3014 500 -
3044 458 3221 513 αὐτόν.
3275 462 3627 531 Συνίσφιγγον,
3663 462 3900 536 ὠθιζόμε-

2318 566 2395 597 νοι
2417 552 2533 620 περὶ
2562 547 2732 601 αὐτόν.

2610 640 2760 693 ΚΕΦ.
2807 638 2921 701 KQ".
2957 643 3080 712 Περὶ
3108 648 3202 697 τῆς
3236 637 3634 712 αἱμοῤῥοούσης.

2392 821 2491 868 Καὶ
2556 821 2684 886 γυνή
2780 848 2845 857 -—
2899 816 3077 877 αὐτῆς.
3140 821 3255 869 Am}
3324 816 3446 867 ἐτῶν
3499 813 3721 879 δώδεκα,
3794 820 3897 870 ἀντὶ

2316 914 2407 956 τοῦ
2436 904 2484 956 ἐν
2525 908 2662 957 ἔτεσι
2712 903 2941 960 δώδεκα.
2994 910 3156 960 Τοῦτο
3208 910 3307 977 γὰρ
3365 902 3630 963 ἐδήλωσαν
3683 910 3729 958 οἱ
3786 927 3895 981 προο

2315 994 2554 1057 λαϐόντες
2586 996 2969 1067 εὖαγγελισταί.
3004 1000 3211 1069 Μάρκος
3259 993 3317 1048 δε
3342 997 3680 1068 προσέθηκεν,
3729 998 3803 1048 ὅτι
3843 998 3893 1048 οὐ

2315 1090 2467 1157 μόνον
2511 1081 2661 1137 οὐδὲν
2716 1086 2951 1157 ὠφελήθη
3002 1089 3145 1160 παρά
3195 1082 3294 1137 τῶν
3364 1086 3571 1160 ἰατρῶν,
3636 1084 3757 1136 ἀλλά
3813 1093 3892 1138 καὶ

2315 1175 2503 1245 μᾶλλον
2563 1175 2634 1235 εἰς
2675 1178 2731 1225 τὸ
2780 1182 2958 1249 χεῖρον
3002 1172 3141 1233 ἦλθε.
3204 1180 3265 1228 Τί
3312 1171 3371 1227 δέ
3424 1173 3537 1226 ἐστι
3594 1171 3889 1246 κράσπεδον,

2314 1268 2514 1339 εἴρηται
2545 1264 2594 1315 ἐν
2634 1273 2705 1334 τῷ
2734 1262 3082 1335 ἑξκαιδεκάτῳ
3126 1264 3384 1336 κεφαλαίῳ
3434 1272 3524 1315 του
3578 1266 3708 1315 κατά
3758 1271 3893 1317 Ματ-

2315 1356 2479 1408 θαίον.
2531 1355 2647 1409 ”Ετι
2680 1352 2739 1406 δέ
2792 1374 2949 1425 φησιν
2980 1357 3005 1406 6
3039 1357 3264 1428 Μάρκος,
3328 1352 3486 1405 ἐλθεῖν
3537 1353 3693 1411 αὐτὴν
3740 1353 3785 1404 ἐν
3832 1362 3894 1422 τῷ

2312 1444 2455 1515 ὄχλῳ
2484 1446 3016 1510 ὄπισθεν,τουτέστιν,
3042 1442 3360 1516 ἀναμιγῆναι
3383 1452 3455 1514 τῷ
3479 1443 3642 1515 ὄχλῳ,
3666 1462 3895 1515 μηχανω-

2310 1538 2465 1605 μένην
2496 1533 2688 1587 λαθεῖν.

2381 1627 2528 1675 Διατί
2576 1620 2636 1675 δε
2676 1623 2781 1695 οὐχ
2831 1622 3004 1694 ἥψατο
3062 1632 3292 1697 φανερῶς
3348 1640 3362 1687 ;
3429 1626 3571 1675 Διότι
3622 1620 3894 1696 ἀκάθαρτον

2309 1711 2495 1770 ἑαυτὴν
2520 1711 2787 1783 ἐγίνωσκε,
2840 1718 2928 1764 καὶ
2982 1710 3210 1784 ἐφοϐεῖτο
3268 1720 3495 1785 φανερῶς
3543 1711 3779 1781 ἅψασθαι
3814 1719 3894 1762 τοῦ

524 1792 729 1865 palam
750 1797 1000 1865 tangere
1017 1792 1405 1860 formidabat,
1424 1810 1562 1850 cum
1576 1810 1611 1851 a
1625 1794 1751 1865 lege
1766 1794 2176 1867 prohiberetur

2308 1804 2560 1875 καθαροῦ,
2616 1802 2909 1874 κωλυομένη
2960 1805 3104 1875 παρὰ
3145 1809 3237 1853 τοῦ
3266 1806 3446 1873 νόμου.
3511 1807 3610 1854 Καὶ
3660 1798 3799 1853 διατί
3828 1804 3890 1871 μὴ

525 1884 719 1948 Quare
743 1888 946 1941 autem
976 1899 1012 1939 a
1049 1882 1378 1954 longinquo
1413 1889 1578 1940 stans
1608 1900 1730 1940 non
1777 1885 2015 1955 petebat
2035 1886 2198 1939 sani-

529 1977 712 2029 tatem
744 1974 771 2030 ?
802 1974 952 2039 Quia
982 1972 1297 2029 verebatur
1318 1972 1668 2044 hujusmodi
1691 1977 1973 2030 morbum
2000 1975 2195 2045 publi-

521 2077 677 2119 care.
713 2063 901 2119 Simul
927 2063 1109 2118 etiam
1139 2062 1405 2127 timebat,
1435 2078 1509 2119 ne
1558 2080 1681 2135 quo
1713 2065 1897 2119 modo
1927 2063 2133 2135 agnita
2156 2081 2190 2119 a

518 2153 699 2209 turba
724 2153 1105 2226 repelleretur
1135 2157 1376 2224 propter
1408 2169 1574 2209 suam
1613 2153 2041 2225 impuritatem.

589 2242 759 2301 Vers.
795 2246 883 2299 45.
915 2243 991 2299 Et
1029 2244 1114 2299 ait
1158 2272 1228 2282 —
1257 2258 1335 2296 me
1362 2248 1385 2293 ‘I
1416 2243 1825 2314 Interrogavit,
1853 2259 1974 2299 non
2019 2242 2183 2314 quod

513 2332 837 2403 ignoraret,
888 2333 996 2389 sed
1046 2332 1247 2400 utilla,
1292 2332 1555 2403 cognito,
1587 2334 1755 2406 quod
1782 2349 1905 2389 non
1953 2333 2179 2398 lateret,

513 2428 691 2495 prout
718 2427 1071 2495 speraverat,
1102 2423 1425 2481 sanitatem
1446 2421 1648 2479 furtim
1674 2436 1799 2478 non
1824 2422 2179 2494 subriperet,

513 2512 619 2568 sed
640 2512 791 2569 hanc
814 2512 892 2569 ab
914 2512 1050 2585 ipso
1065 2514 1333 2570 ultroneo
1349 2512 1627 2581 auferret,
1644 2510 2009 2577 conﬁtendo,
2044 2527 2179 2583 quae

511 2600 671 2658 circa
728 2618 790 2658 se
846 2601 1001 2659 facta
1049 2608 1245 2659 essent
1274 2618 1288 2657 :
1317 2607 1375 2658 et
1406 2600 1485 2657 ita
1515 2606 1659 2657 nota
1698 2600 1908 2656 ﬁerent
1933 2599 2045 2664 his,
2074 2600 2177 2671 qui

510 2689 806 2747 Christum
832 2692 1255 2764 sequebantur,
1286 2698 1339 2747 et
1372 2690 1639 2747 mulieris
1677 2689 1828 2745 ﬁdes
1879 2694 1934 2745 et
1966 2688 2175 2745 Christi

507 2780 715 2849 virtus,
743 2798 926 2855 quem
947 2781 1094 2837 nihil
1121 2781 1303 2838 latere
1335 2785 1564 2853 potest;
1598 2796 1669 2837 ac
1706 2779 1874 2837 multi
1907 2785 1967 2835 et
1990 2779 2175 2835 ﬁdem

503 2869 663 2927 illius
716 2871 1101 2941 imitarentur,
1135 2877 1192 2928 et
1228 2871 1507 2928 timerent
1565 2871 1749 2942 hujus
1797 2871 2175 2942 omnipoten-

503 2960 669 3029 tiam,
692 2962 1086 3035 omniumque
1116 2960 1429 3018 scientiam
1464 2977 1477 3028 ;
1520 2966 1794 3033 praetera,
1823 2970 1884 3015 ut
1914 2958 2175 3030 archisy-

500 3066 834 3123 nagogusa
858 3052 1128 3125 praesenti
1171 3050 1463 3109 miraculo
1503 3051 1797 3122 majorem
1836 3050 2175 3121 conciperet

499 3140 809 3199 ﬁduciam.

570 3232 735 3291 Vers.
766 3233 856 3287 45.
888 3231 1256 3303 Negantibus
1289 3260 1354 3273 -
1382 3235 1518 3288 me?
1577 3230 1785 3286 Petrus
1818 3228 1891 3285 de
1913 3227 2173 3300 simplici

498 3326 770 3378 contactu
798 3321 1095 3377 Christum
1125 3321 1292 3395 loqui
1320 3321 1724 3383 existimabat,
1776 3335 1900 3391 quo
1941 3334 2167 3387 omnes,

493 3410 601 3484 qui
636 3411 1057 3484 sequebantur,
1090 3410 1423 3480 tangebant
1446 3426 1610 3475 eum,
1643 3408 1884 3480 impulsi
1915 3424 1984 3464 ac
2006 3423 2174 3463 coar-

492 3500 631 3557 ctati
659 3501 817 3557 circa
854 3501 1066 3573 ipsum,
1098 3504 1155 3555 et
1181 3500 1265 3555 ita
1295 3497 1791 3567 constringebant
1818 3512 1958 3552 eum
1990 3510 2002 3549 :
2046 3495 2172 3565 ipse

493 3605 635 3646 vero
669 3589 743 3645 de
792 3589 893 3644 tali
946 3605 1070 3645 non
1115 3587 1499 3661 loquebatur,
1540 3587 1648 3642 sed
1679 3585 1754 3641 de
1794 3602 1885 3652 eo,
1910 3586 2016 3657 qui
2049 3584 2170 3641 ﬁde

489 3677 681 3736 factus
719 3682 868 3734 erat.
898 3678 1047 3733 Cum
1086 3677 1245 3732 enim
1276 3682 1414 3733 tunc
1436 3675 1604 3731 multi
1638 3691 1783 3731 casu
1827 3690 1967 3731 eum
2011 3690 2168 3730 com-

493 3768 806 3840 primendo
832 3766 1369 3837 tangerent,solum
1399 3766 1577 3837 hujus
1595 3764 1779 3821 sensit
1797 3768 2162 3831 contactum,

490 3857 597 3930 qui
635 3873 673 3915 a
695 3856 814 3913 ﬁde
844 3856 1244 3930 procedebat.

560 4037 822 4101 Vers.46,
853 4036 1023 4093 Jesus
1054 4051 1183 4093 vero
1212 4064 1274 4073 —
1328 4034 1649 4106 quispiam.
1712 4033 1860 4100 Quia
1883 4032 2160 4090 nondum

488 4127 764 4185 confessa
808 4132 935 4184 erat
969 4125 1187 4184 mulier
1216 4124 1428 4181 timore
1470 4124 1798 4196 perterrita,
1858 4130 2159 4194 exspecta-

484 4219 592 4276 bat
615 4218 741 4290 ipse
759 4217 892 4290 (rr),
908 4216 1115 4273 dicens
1138 4232 1152 4271 :
1181 4215 1395 4285 Tetigit
1422 4230 1511 4271 me
1532 4214 1849 4286 quispiam,
1868 4220 1929 4269 ut
1947 4213 2158 4269 videns

483 4308 617 4381 ipsa
646 4307 830 4379 hujus
860 4306 1035 4380 quasi
1063 4311 1369 4378 stuporem
1408 4304 1534 4375 (ss),
1564 4321 1674 4360 sua
1707 4309 1943 4375 sponte,
1995 4303 2157 4376 quod

482 4397 712 4455 factum
751 4400 899 4467 erat,
930 4395 1332 4462 conﬁteretur,
1374 4400 1433 4451 et
1460 4393 1593 4465 ipsa
1624 4393 1982 4450 miraculum
2010 4410 2157 4466 prae-

481 4487 730 4631 dii/86:?
768 4578 859 4632 46.
904 4575 1022 4646 Ego
1078 4606 1145 4616 —
1202 4591 1312 4632 me.
1372 4574 1673 4641 Virtutem,
1731 4573 2005 4631 videlicet
2063 4589 2154 4630 sa-

480 4666 688 4733 nandi,
724 4681 905 4738 quam
950 4665 1190 4721 attraxit
1225 4664 1377 4721 ﬁdes
1420 4665 1709 4722 mulieris.
1763 4664 1916 4720 Dixit
1956 4669 2152 4720 autem

479 4756 615 4824 hoc,
644 4761 709 4812 ut
736 4755 930 4825 magis
947 4754 1412 4822 conﬁrmaretur,
1438 4754 1604 4826 quod
1618 4770 1754 4810 eum
1784 4754 2154 4827 nonlateret,

478 4863 615 4921 quas
643 4851 795 4903 esset
824 4862 895 4903 ea
918 4862 1055 4917 qua;
1085 4845 1288 4918 ipsum
1328 4844 1617 4914 tetigerat.
1660 4846 1885 4900 Marcus
1925 4846 1972 4881 “
2016 4861 2155 4901 vero

476 4936 646 5003 dixit,
672 4934 840 5010 quod
863 4936 1047 4992 etiam
1072 4933 1602 5007 circumspiciebat,
1638 4939 1701 4990 ut
1731 4933 1964 4992 videret
1990 4949 2153 4998 eam,

479 5044 616 5101 qua:
634 5027 749 5085 hoc
776 5026 1009 5083 fecerat.

544 5182 593 5221 ⁴⁷
618 5182 791 5239 Marc.
817 5196 875 5247 v,
900 5184 994 5237 26.
1079 5181 1128 5216 ⁴⁸
1147 5179 1312 5245 lbid.,
1337 5178 1425 5235 27.
1460 5180 1506 5216 ⁴⁹
1538 5179 1709 5249 lbid.,
1733 5180 1801 5238 32
1821 5218 1839 5236 .

2305 1890 2480 1965 πόρρω
2513 1898 2687 1943 στᾶσα
2708 1896 2799 1948 τὴν
2832 1893 3010 1961 ὑγείαν
3050 1891 3287 1963 ᾐτήσατο
3311 1910 3324 1960 ;
3347 1896 3488 1943 Διότι
3519 1892 3778 1963 ᾐσχύνετο
3799 1885 3890 1946 δη-

2303 1990 2585 2051 μοσιεῦσαι
2613 1989 2843 2032 τοιοῦτον
2870 1982 3053 2041 πάθος·
3083 1980 3226 2051 Ἀμα
3268 1977 3325 2032 δὲ
3355 1986 3446 2032 καὶ
3479 1983 3758 2042 ὑπώπτευε,
3802 1983 3888 2050 μή·

2300 2069 2421 2121 ποτε
2457 2067 2845 2141 διαγνωσθεῖσα
2888 2068 3115 2141 ἀπελαθῇ
3147 2073 3288 2143 παρά
3326 2078 3419 2122 τοῦ
3459 2070 3640 2141 ὄχλου,
3670 2065 3761 2121 διὰ
3804 2072 3885 2126 τὴν

2300 2156 2627 2232 ἀκαθαρσίαν
2660 2158 2788 2218 αὐτῆ
2802 2180 2843 2220 ς.

2370 2255 2469 2299 Καὶ
2524 2245 2656 2300 εἶπεν
2698 2281 2761 2288 -
2814 2268 2951 2319 μον;
2998 2250 3312 2320 ’Πρώτησεν,
3372 2250 3467 2301 οὐκ
3522 2248 3735 2319 ἀγνοῶν,
3789 2246 3885 2299 ἀλλ’

2296 2336 2377 2387 ἵνα
2401 2344 2620 2407 γνοῦσα,
2653 2339 2732 2388 ὅτι
2786 2338 2876 2389 οὐκ
2934 2338 3130 2404 ἔλαθεν,
3186 2339 3255 2398 ως
3304 2338 3543 2401 ἤλπιζεν,
3585 2334 3885 2406 οὐδ’ἒκλεψε

2291 2431 2385 2483 τὴν
2416 2428 2614 2497 ὑγείαν,
2667 2424 2795 2477 ἀλλά
2835 2428 2955 2499 παρ’
3016 2426 3220 2487 ἑκόντος
3269 2428 3433 2478 αὐτοῦ
3486 2431 3678 2484 ταύτην
3724 2427 3884 2497 ἐκομίο

2294 2534 2441 2580 σατο,
2509 2514 2872 2588 ἀνομολογήση
2922 2519 2986 2567 τά
3016 2516 3129 2567 κατ’
3160 2517 3344 2581 αὐτὴν,
3378 2522 3469 2568 καὶ
3495 2518 3758 2589 γνωρισθῇ
3786 2522 3884 2573 τοῖς

2289 2603 2656 2669 ἀκολουθοῦσι,
2688 2609 2884 2665 ταύτης
2909 2608 2999 2677 μὲν
3049 2608 3077 2664 ἡ
3134 2610 3335 2669 πίστις,
3372 2606 3535 2657 αὑτοῦ
3586 2602 3645 2658 δε
3674 2607 3703 2663 ἡ
3739 2601 3882 2656 δῦναι

2285 2716 2376 2767 μις
2419 2700 2507 2746 καὶ
2563 2700 2621 2747 τὸ
2686 2694 2965 2763 ἀλάθητον,
3032 2700 3121 2747 καὶ
3188 2700 3528 2767 μιμήσωνται
3582 2698 3671 2767 μὶν
3719 2693 3883 2747 πολλοὶ

2286 2790 2378 2842 τὴν
2414 2789 2589 2836 πίστιν
2621 2785 2801 2850 αὐτῆς,
2836 2783 3108 2856 φοϐηθῶσι
3168 2782 3227 2836 δὲ
3274 2788 3333 2835 τὸ
3360 2782 3759 2856 παντοδύναμον
3798 2782 3881 2834 αὖ·

2284 2882 2376 2925 τοῦ
2443 2878 2527 2926 καὶ
2589 2880 2998 2935 πανεπίσκοπον,
3078 2879 3168 2925 και
3232 2876 3315 2925 ἵνα
3396 2880 3487 2926 καὶ
3542 2877 3567 2926 6
3621 2872 3877 2949 ἀρχισυν-

2284 2964 2481 3034 ἀγωγος
2507 2962 2712 3015 πλείονα
2758 2962 2889 3034 λάϐῃ
2920 2968 3097 3014 πίστιν
3125 2961 3226 3015 ἀπὸ
3258 2971 3349 3015 τοῦ
3375 2970 3635 3038 παρόντος
3683 2965 3882 3034 θαύμα-

2283 3071 2390 3112 τος.

2355 3232 2701 3305 Ἀρνουμένων
2761 3251 2956 3303 -μου
3020 3249 3032 3298 ;
3088 3230 3146 3284 Ὀ
3202 3236 3390 3304 Πέτρος
3446 3237 3537 3305 μεν
3591 3236 3715 3305 ᾤετο
3771 3233 3879 3304 περὶ

2281 3320 2450 3382 ἁπλῆς
2479 3320 2673 3393 ἐπαφῆς
2701 3322 2862 3393 λέγειν
2914 3325 3001 3374 τὸν
3052 3326 3299 3397 Χριστὸν.
3346 3322 3466 3375 καθ’
3516 3324 3579 3382 ἣν
3608 3325 3786 3381 πάντες
3834 3321 3878 3371 οἱ

2282 3409 2676 3473 ἀκολουθοῦντες
2724 3415 2945 3470 ἣπτοντο
2999 3412 3177 3481 αὐτοῦ,
3237 3416 3357 3485 περὶ
3415 3412 3575 3464 αὐτὸν
3637 3412 3876 3481 ὠθιζόμε·

2279 3520 2355 3551 νοι
2386 3506 2474 3551 καὶ
2524 3499 2905 3564 ἀποθλίϐοντες,
2961 3504 3145 3566 εἷτουν,
3206 3498 3621 3573 ἀποσφίγγοντες
3684 3501 3831 3552 αὐτόν
3863 3539 3873 3551 .

2278 3589 2435 3651 αὐτὸς
2485 3586 2542 3641 δὲ
2596 3589 2656 3641 οὗ
2724 3595 2837 3663 περὶ
2884 3592 3130 3651 τοιαύτης
3184 3588 3363 3660 ἔλεγεν,
3435 3590 3564 3642 ἀλλά
3618 3595 3733 3662 περὶ
3794 3596 3877 3647 τῆς

2275 3684 2549 3750 γενομένης
2593 3678 2647 3730 ἐκ
2700 3684 2945 3741 πίστεως.
3016 3679 3218 3733 Πολλῶν
3291 3677 3350 3732 δὲ
3425 3688 3716 3739 τηνικαῦτα
3767 3679 3873 3750 (49)

2274 3772 2409 3821 κατά
2451 3772 2621 3840 τύχην
2662 3769 2959 3841 ἁπτομένων
3013 3770 3195 3835 αὐτοῦ,
3241 3765 3335 3821 διὰ
3391 3774 3478 3822 τὸν
3529 3772 3873 3841 συνωθισμόν,

2272 3864 2429 3931 μόνης
2478 3861 2669 3931 ᾔσθετο
2715 3866 2805 3919 τῆς
2854 3859 3055 3931 ἐπαφῆς
3095 3862 3309 3923 ταύτης,
3364 3864 3647 3933 γενομένης
3686 3858 3740 3910 ἐκ
3800 3861 3876 3909 πί-

2275 3969 2462 4011 στεως.

2340 4038 2398 4090 Ὀ
2431 4035 2488 4091 δὲ
2521 4038 2729 4099 Ἰησοῦς
2786 4070 2853 4077 -
2914 4042 3012 4099 τίς’
3079 4038 3217 4091 Ἐπεὶ
3285 4037 3427 4089 οὔπω
3488 4035 3875 4111 διωμολόγησεν

2270 4130 2299 4186 ἡ
2360 4133 2512 4199 γυνὴ,
2565 4127 2850 4199 φοϐουμένη
2928 4130 3152 4191 πάντως,
3219 4127 3373 4189 αὐτὸς
3424 4127 3653 4201 ἐπιμένει
3703 4127 3870 4197 λέγων,

2266 4216 2474 4287 Ἥψατό
2505 4220 2605 4287 μου
2650 4236 2749 4282 τις,
2798 4218 2880 4268 ἱνα
2935 4215 3204 4289 βλέπουσα
3256 4221 3347 4275 τὴν
3410 4220 3659 4270 ἔνστασιν
3699 4216 3870 4277 αὐτοῦ,

2270 4307 2555 4378 αὐτόματος
2585 4306 2883 4379 ὁμολογήσῃ
2921 4310 2977 4359 τὸ
3017 4310 3243 4377 γεγονός,
3300 4311 3387 4358 καὶ
3438 4308 3573 4366 αὐτὴ
3603 4310 3661 4359 τὸ
3695 4308 3865 4376 θαῦμα

2268 4395 2594 4470 ἀνακηρύξῃο

2339 4577 2471 4647 Ἐγὼ
2524 4608 2591 4616 -—
2649 4574 2793 4649 ἐμοῦ.
2853 4578 3077 4648 Δύναμιν
3134 4577 3527 4647 θεραπευτικὴν,
3609 4576 3868 4638 δηλονότι,

2269 4666 2327 4725 ἢν
2360 4666 2588 4719 εἵλκυσεν
2615 4668 2643 4725 ἠ
2686 4672 2861 4727 πίστις
2892 4672 2987 4726 τῆς
3016 4670 3278 4735 γυναικός.
3310 4662 3433 4719 Εῖπε
3466 4662 3526 4719 δε
3552 4675 3706 4719 τοῦτο
3749 4666 3868 4735 πρὸς

2264 4755 2472 4808 πλείονα
2504 4754 2787 4827 βεϐαίωσιν
2816 4762 2905 4806 τοῦ
2935 4760 3006 4826 μὴ
3075 4753 3272 4826 ἀγνοεῖν
3302 4760 3391 4812 τὴν
3422 4753 3718 4829 ἁψαμένην·
3756 4756 3780 4806 6
3813 4748 3867 4804 δε

2267 4847 2478 4917 Μάρκος
2508 4841 2661 4911 εἶπεν,
2694 4846 2775 4898 ὅτι
2818 4849 2907 4897 καὶ
2966 4843 3321 4920 περιεϐλέπετο
3375 4840 3507 4897 ἰδεῖν
3566 4850 3663 4904 τὴν
3720 4850 3866 4897 τοῦτο

2264 4953 2330 4987 πο
2338 4938 2387 4993 ιη
2397 4953 2565 4987 σασαν
2574 4976 2588 4992 .

1712 5334 1936 5405 Variae
1964 5336 2290 5407 lectiones
2306 5346 2372 5407 et
2399 5346 2605 5407 nota.

545 5480 662 5555 (49)
690 5480 893 5534 Πολλῶν
917 5480 1019 5556 γὰρ
1046 5485 1340 5539 τηνικαῦτα
1369 5480 1426 5534 Β.

508 5606 1077 5691 ._(rr)Ezspectabat
1113 5607 1249 5679 ipse.
1290 5605 1418 5678 Ipse
1454 5605 1514 5661 in
1552 5620 1622 5661 eo
1662 5606 1916 5678 persistit
1954 5622 2024 5663 ac
2045 5607 2129 5661 di-

470 5686 636 5825 ωᾷε)
689 5750 1014 5821 Stuporem,
1079 5749 1383 5805 Ἐκστασιν.
1432 5749 1559 5808 loco
1622 5752 1862 5804 ἔνστασιν
1893 5750 2130 5807 videtur

2238 5606 2477 5678 legisse.
2510 5605 2730 5678 Redde,
2764 5605 2942 5678 hujus
2964 5606 3481 5677 perseverantiam.
3500 5607 3656 5663 Nam
3685 5606 3862 5657 ἔνατα·

2244 5675 2328 5743 σιξ
2354 5694 2477 5737 non
2508 5676 2710 5736 differt
2740 5678 2820 5736 ab
2843 5675 3105 5753 imae”-
