4074 6404
220 382 320 439 946

1308 382 1671 439 COMMENT.
1715 381 1786 437 IN
1831 382 2089 439 LUCAM.
2130 414 2202 428 —
2238 385 2401 445 CAP.
2441 388 2536 443 IX.

3491 389 3597 445 946

293 506 503 562 ’ἰδοῦσα
533 505 593 561 δε
621 539 689 549 -
720 505 862 567 ἦλθε.
889 513 1185 581 Τρέμουσα,
1216 510 1326 583 ἅμα
1357 514 1465 581 μὲν,
1496 516 1583 562 καὶ
1612 507 1705 562 διὰ
1728 514 1811 567 rip.

2006 511 2169 567 Vers.
2197 513 2283 567 47.
2319 512 2463 569 Cum
2505 528 2643 583 ergo
2664 512 2891 569 videret
2917 542 2985 551 —
3015 500 3269 569 accessit.
3294 513 3595 581 Tremens,

222 596 437 671 δύναμιν
459 598 619 650 αὐτοῦ
641 616 653 628 '
680 598 790 671 ἅμα
815 594 895 665 δὲ,
922 604 1012 651 καὶ
1039 595 1133 651 διὰ
1158 604 1243 652 τὸν
1268 604 1441 671 νόμον,
1476 601 1557 652 ὅτι
1586 601 1824 675 ἀκαθαρ-

223 707 307 749 τος
329 684 481 757 οὖσα,
515 687 689 759 ἥψατο
720 696 811 740 τοῦ
840 690 1095 764 καθαροῦ.

293 871 393 919 Καὶ
436 873 815 939 προσπεσοῦσα
854 897 919 910 —
969 875 1325 942 παραχρῆμα.
1370 868 1496 921 Καθ’
1534 867 1822 942 ύπέρϐατόν

223 954 360 1008 ἔστιν
390 957 420 1013 ἡ
456 956 699 1019 σύνταξις
742 964 842 1008 τῶν
871 957 1061 1031 ῥητῶν,
1111 958 1191 1009 ὃτι
1238 964 1619 1031 προσπεσοῦσα
1658 958 1818 1026 αύτῷ.

224 1043 515 1115 ἀνήγγειλεν
538 1045 679 1115 αὐτῷ
706 1044 917 1098 ἐνώπιον
948 1050 1138 1109 παντὸς
1166 1054 1258 1099 τοῦ
1286 1047 1434 1111 λαοῦ,
1462 1044 1496 1099 δ
1502 1047 1535 1099 ι’
1559 1050 1619 1106 ἧν
1651 1046 1819 1097 αἰτίαι

223 1134 394 1205 ἥψατο
418 1134 600 1199 αὐτοῦ,
628 1131 860 1199 δηλαδὴ,
885 1133 1171 1198 λεληθότως
1201 1152 1211 1162 ·
1234 1138 1429 1193 ταύτην
1447 1131 1507 1189 δε
1531 1140 1623 1194 τὴν
1646 1136 1820 1187 αἰτίαν

218 1228 595 1297 προειρήκαμεν
628 1221 882 1296 ἀνωτέρω.

285 1311 343 1364 Ὀ
385 1309 443 1364 δὲ
490 1312 692 1373 Ἰησοῦς
753 1344 803 1353 -
859 1332 933 1367 σε.
984 1320 1067 1371 Μή
1116 1312 1297 1386 φοϐοῦ,
1338 1320 1470 1385 μήτε
1528 1315 1633 1385 iui,
1689 1319 1822 1387 μήτε

215 1405 295 1454 τὸν
344 1407 516 1473 νόμον.
568 1401 654 1455 Ἐκ
707 1407 934 1465 πίστεως
985 1405 1109 1476 γὰρ,
1161 1404 1255 1455 οὐκ
1286 1402 1340 1455 ἐκ
1386 1408 1820 1477 καταφρονήσεως

216 1490 354 1561 Mm,
384 1497 472 1543 καὶ
518 1491 715 1558 λοιπὸν,
765 1494 794 1550 ἠ
827 1497 1009 1554 πίστις
1043 1511 1138 1544 σου
1186 1492 1308 1565 παρ’
1346 1492 1469 1564 ἐμοῦ
1513 1496 1621 1565 μὲν,
1666 1512 1817 1565 προε-

215 1580 394 1643 ξένησέ
430 1601 513 1633 σοι
541 1586 637 1639 τὴν
680 1582 794 1653 (50)
826 1582 1002 1653 ὑγείαν
1027 1599 1039 1611 ·
1070 1586 1212 1654 παρὰ
1263 1579 1321 1635 δὲ
1363 1589 1455 1634 τοῦ
1490 1588 1669 1654 νόμου,
1726 1588 1819 1641 τήν

212 1672 416 1742 ἄφεσιν.
456 1678 529 1744 Τῇ
565 1676 738 1723 πίστει
785 1668 843 1723 δὲ
885 1671 1045 1732 αὐτῆς
1092 1676 1150 1724 τό
1189 1678 1289 1723 πᾶν
1336 1671 1688 1746 ἐπεγράψατο,
1737 1674 1820 1724 ἶνα

210 1767 295 1812 και
334 1760 481 1812 ἄλλοι
535 1765 657 1830 πρὸς
694 1765 875 1813 πίστιν
916 1760 1317 1833 ἔφελκυσθῶσιν,
1372 1763 1441 1822 ὡς
1497 1762 1774 1837 εἰρήκαμεν
1800 1781 1813 1796 ·

1935 605 2064 656 tum
2095 606 2333 673 propter
2356 602 2522 660 illius
2554 604 2847 667 virtutem,
2902 606 3027 658 tum
3072 604 3316 673 propter
3375 600 3591 672 legem,

1933 690 2121 761 quod,
2147 707 2285 747 cum
2316 691 2636 749 immunda
2666 696 2841 761 esset,
2871 706 3030 761 eum,
3050 691 3155 764 qui
3176 690 3444 748 mundus
3470 695 3600 750 erat

1934 780 2235 850 tetigisset.

2003 871 2170 925 Vers.
2198 871 2287 926 47.
2321 873 2410 927 Ac
2440 871 2697 940 procidit
2727 872 3096 941 -protinus.
3137 870 3243 926 Per
3287 870 3598 942 hyperba-

1931 966 2031 1015 ton
2064 966 2152 1015 est
2168 962 2313 1015 ordo
2337 960 2683 1017 verborum.
2716 960 2969 1017 Procidit
2999 960 3079 1017 ad
3108 961 3293 1033 pedes
3340 961 3492 1033 ejus,
3539 964 3598 1017 et

1931 1050 2217 1106 indicavit
2246 1050 2297 1105 ei
2314 1066 2515 1107 coram
2547 1051 2713 1106 omni
2738 1050 2985 1122 populo,
3012 1049 3094 1105 ob
3120 1065 3309 1121 quam
3336 1065 3593 1106 causam

1931 1139 2096 1196 illum
2150 1140 2459 1210 tetigisset,
2520 1145 2665 1211 puta
2722 1140 2869 1196 clam
2923 1140 3046 1195 sive
3107 1132 3383 1196 oceulte:
3433 1140 3592 1197 hanc

1932 1237 2132 1287 autem
2160 1246 2411 1286 causam
2438 1229 2710 1301 superius
2738 1228 3149 1301 praediximus.

2001 1320 2164 1375 Vers.
2200 1323 2286 1375 48.
2316 1320 2480 1376 Iesus
2512 1326 2700 1375 autem
2730 1349 2798 1359 -—
2848 1325 2921 1375 te.
2968 1322 3048 1375 Ne
3092 1322 3195 1375 aut
3227 1319 3339 1389 Lme
3383 1322 3485 1375 aut
3516 1318 3595 1375 le-

1931 1426 2065 1479 gem
2099 1410 2319 1465 timeas.
2354 1410 2433 1465 Ex
2464 1408 2581 1464 ﬁde
2599 1409 2758 1464 enim
2790 1412 2843 1463 et
2872 1424 2989 1463 non
3019 1423 3092 1463 ex
3137 1412 3486 1481 contemptu
3511 1412 3592 1465 te-

1930 1500 2107 1570 tigisti
2144 1516 2157 1566 ;
2183 1505 2238 1555 et
2263 1503 2417 1555 certe
2444 1498 2594 1553 ﬁdes
2624 1502 2729 1554 tua
2759 1516 2791 1553 a
2821 1513 2915 1552 me
2960 1497 3205 1570 quidem
3257 1497 3593 1554 conciliavit

1931 1589 2031 1645 tibi
2056 1588 2391 1653 sanitatem,
2406 1587 2578 1656 alege
2597 1603 2737 1642 vero
2752 1586 3192 1643 remissionem.
3212 1586 3373 1642 Fidei
3391 1591 3592 1644 autem

1928 1676 2082 1733 illius
2112 1680 2306 1732 totum
2340 1674 2603 1731 attribuit
2628 1675 2958 1745 negotium,
2987 1679 3050 1729 ut
3077 1680 3133 1729 et
3162 1673 3261 1730 alii
3301 1674 3378 1731 ad
3404 1674 3593 1731 ﬁdem

1928 1766 2381 1830 attraherentur,
2411 1765 2565 1819 sicut
2594 1763 2999 1836 praediximus.
3060 1763 3331 1820 Ostendit
3387 1764 3589 1837 itaque

210 1846 375 1911 ἔδειξε
404 1846 463 1902 δὲ
500 1848 769 1901 κάνταῦθα
808 1851 922 1922 (51)
955 1852 980 1901 6
1012 1855 1257 1925 Χριστός,
1310 1853 1388 1903 ὅτι
1439 1848 1615 1912 οὐδεὶς
1666 1850 1811 1903 ἁκού-

1933 1871 2034 1927 per
2058 1855 2174 1911 hoc
2204 1854 2489 1920 Christus,
2538 1853 2704 1926 quod
2754 1852 2955 1908 nullus
3006 1852 3086 1907 ob
3144 1852 3427 1908 morbum
3489 1852 3583 1909 vel

213 1959 319 1992 σιον
383 1941 521 2011 ἒχων
569 1940 754 2003 πάθος,
824 1937 1117 2013 ἁκάθαρτός
1173 1939 1285 1991 ἐστι
1343 1942 1485 2014 παρὰ
1540 1948 1612 2010 τῷ
1667 1947 1813 2011 Θεῷο

214 2031 475 2101 θυγατέρα
507 2025 565 2081 δὲ
618 2028 779 2087 αὐτὴν
831 2028 1084 2099 ἐκάλεσεν,
1132 2032 1199 2089 ὡς
1247 2031 1636 2087 υἱοθετηθεῖσαν
1676 2030 1817 2101 αύτῷ

214 2114 303 2170 διὰ
352 2124 598 2187 πίστεως,
641 2122 731 2169 καὶ
775 2117 886 2189 ἅμα
941 2114 1033 2170 διὰ
1084 2127 1175 2178 τῆς
1228 2123 1587 2193 προσηγορίας
1626 2122 1819 2180 ταύτης

212 2208 469 2268 παντελῶς
514 2211 601 2259 τόν
642 2206 795 2279 φόϐον
827 2207 987 2268 αὐτῆς
1034 2205 1287 2258 ἐκϐάλλων
1345 2213 1433 2260 καὶ
1477 2208 1818 2281 οἰκειούμενος

213 2296 392 2355 αὐτήν.

279 2388 514 2459 Πορεύου
566 2385 632 2446 εἰς
684 2384 911 2460 εἰρήνην.
975 2390 1080 2443 Τήν
1138 2388 1239 2437 ἀπὸ
1302 2393 1393 2438 τοῦ
1444 2391 1632 2459 μηκέτι
1670 2388 1817 2441 πολε-

208 2478 424 2547 μεῖσθαι
460 2477 562 2527 ὑπὸ
592 2483 685 2527 τοῦ
733 2477 950 2536 πάθους.
995 2478 1139 2528 Κατὰ
1188 2470 1247 2527 δὲ
1291 2473 1585 2548 ἀναγωγὴν,
1630 2481 1706 2536 εἴη
1751 2480 1813 2531 ἄν

208 2565 486 2640 αἰμόρῥόυς
526 2567 555 2622 ἡ
609 2568 764 2637 φύσις
801 2573 900 2617 τῶν
932 2563 1233 2637 ἀνθρώπων,
1282 2568 1399 2627 ἣτις
1446 2570 1545 2637 πρὸ
1595 2576 1687 2619 τοῦ
1736 2567 1814 2620 ἐλ-

208 2657 303 2706 θεῖν
330 2660 424 2706 τόν
454 2658 704 2726 Χριστόν,
736 2652 967 2725 ἐπήγαζε
1012 2659 1106 2712 τήν
1139 2652 1467 2727 ἀκαθαρσίαν
1499 2665 1595 2719 τῆς
1644 2657 1816 2731 ἁμαρ-

204 2750 330 2810 τίας,
378 2748 616 2816 φοινικῆν
644 2739 824 2809 οὖσαν,
877 2747 1018 2810 ἤτοι,
1071 2749 1301 2815 φονικὴν.
1355 2741 1521 2797 Οὐδὲν
1564 2742 1622 2798 δὲ
1680 2748 1812 2819 ὠφε-

204 2833 330 2891 λήθη
375 2836 524 2906 παρὰ
553 2841 652 2884 τῶν
681 2832 930 2905 ψυχικῶν
964 2833 1151 2907 ἰατρῶν
1195 2833 1381 2902 αὐτῆς,
1414 2833 1545 2905 λέγω
1578 2832 1669 2899 δὴ,
1715 2846 1813 2888 τῶν

205 2923 494 2995 φιλοσόφων
520 2939 532 2952 ⁸
592 2921 719 2974 ἀλλὰ
749 2927 836 2974 καὶ
889 2922 1077 2994 μάλλον
1122 2920 1308 2980 ἐϐλάϐη
1359 2931 1475 2984 ταῖς
1519 2922 1813 2989 ἀλλοκότοις

206 3008 587 3073 διδασκαλίαις
625 3011 827 3063 αὐτῶν⁵
860 3009 1099 3082 ἀραμένη
1144 3008 1203 3063 δε
1233 3019 1324 3063 τοῦ
1368 3014 1576 3084 ἱματίου
1627 3015 1808 3082 αὐτοῦ,

203 3106 464 3170 τουτέστι,
520 3110 614 3163 τῆς
672 3107 979 3175 σαρκῶσεως
1032 3100 1214 3169 αὐτοῦ,
1276 3098 1369 3153 διὰ
1420 3108 1661 3169 πίστεως,
1723 3106 1812 3157 αύ-

1926 1944 2326 2011 affectionem,
2354 1958 2540 2015 quam
2572 1942 2791 1997 invitus
2825 1942 3060 2013 patitur,
3094 1941 3448 1996 immundus
3501 1946 3589 1998 est

1927 2036 2088 2106 apud
2118 2037 2322 2089 Deum.
2368 2032 2577 2088 Filiam
2599 2032 2951 2101 veroipsam
2968 2029 3225 2095 vocavit,
3266 2034 3590 2103 utpoteper

1925 2124 2107 2179 ﬁdem
2142 2122 2256 2177 sidi
2285 2121 2637 2193 adoptatam
2678 2137 2690 2175 :
2716 2120 2893 2176 simul
2922 2120 3094 2176 etiam
3117 2118 3589 2193 hujusmodiap-

1925 2212 2240 2285 pellatione
2262 2210 2537 2266 timorem
2560 2210 2795 2282 penitus
2827 2208 2907 2265 ab
2934 2224 3006 2265 ea
3025 2207 3340 2280 repellens,
3365 2207 3586 2281 ipsam-

1925 2318 2042 2375 que
2075 2300 2186 2356 sibi
2219 2299 2571 2355 familiarem
2601 2298 2885 2354 reddens.

1995 2392 2162 2448 Vers.
2203 2391 2296 2446 48.
2342 2389 2579 2445 Vadein
2603 2403 2770 2458 pace.
2804 2389 2935 2453 Qua
2958 2386 3246 2459 deinceps
3277 2402 3315 2444 a
3379 2386 3587 2445 morbo

1923 2497 2041 2537 non
2075 2479 2446 2552 impugneris
2467 2478 2646 2535 Juxta
2672 2492 2990 2548 anagogen
3012 2491 3153 2533 vero
3203 2475 3448 2547 intelligi
3478 2492 3584 2549 po-

1922 2576 2035 2626 test
2065 2570 2362 2639 sanguine
2391 2568 2602 2639 ﬂuens,
2622 2571 2840 2627 natura
2860 2566 3132 2622 humana
3163 2580 3176 2620 :
3204 2581 3363 2638 quae.
3392 2566 3587 2638 prius-

1922 2676 2108 2733 quam
2140 2657 2366 2713 veniret
2412 2656 2694 2721 Christus,
2760 2655 3048 2712 manabat
3093 2654 3313 2727 peccati
3338 2655 3587 2727 impuri-

1923 2754 2040 2804 tate
2068 2747 2460 2817 sanguinaria
2490 2746 2615 2802 sive
2660 2744 2961 2801 mortifera
3014 2760 3029 2812 ;
3080 2760 3192 2800 nec
3242 2744 3585 2817 quidquam

1923 2837 2250 2908 adjumenti
2282 2839 2551 2892 senserat
2574 2851 2611 2890 a
2650 2834 3018 2906 spiritalibus
3068 2833 3411 2890 animorum
3455 2849 3583 2890 me-

1922 2927 2092 2994 dicis,
2123 2926 2291 2999 quiej
2304 2943 2367 2981 us
2390 2941 2597 2981 curam
2620 2924 2977 2989 habuerant,
3010 2928 3158 2995 puta
3182 2922 3582 2995 philosophis:

1922 3017 2026 3072 sed
2056 3016 2477 3072 detrimentum
2502 3014 2701 3085 potius
2730 3017 3090 3084 susceperat,
3134 3028 3243 3083 per
3270 3016 3583 3070 extraneas

1921 3122 1990 3161 ac
2027 3104 2328 3162 absurdas
2368 3120 2575 3159 eorum
2628 3101 2953 3158 doctrinas.
3006 3102 3076 3157 Ut
3115 3104 3319 3157 autem
3368 3100 3583 3159 Christi

200 3196 316 3243 τίκα
368 3191 516 3249 ἰάθη.
565 3196 665 3243 Καὶ
695 3194 796 3264 γὰρ
844 3190 1064 3243 ἅπτεται
1113 3198 1203 3242 τοῦ
1254 3192 1460 3262 ἱματίου
1502 3193 1661 3245 αὐτοῦ
1717 3191 1811 3247 διὰ

1933 3196 2102 3267 :etigit
2153 3188 2581 3261 vestiment’um,
2613 3190 2729 3247 hoc
2772 3194 2877 3255 est,
2922 3189 3392 3246 incarnationem
3450 3189 3582 3262 ejus

200 3284 424 3340 πίστεως
489 3281 626 3349 (5‘2),
705 3285 802 3340 πᾶς
868 3281 893 3331 ό
959 3282 1216 3331 πιστεύων
1288 3288 1348 3352 τῇ
1423 3279 1809 3355 ἐνανθρωπήσει

201 3370 379 3422 αὑτοῦ.

266 3458 387 3512 Ἔτι
421 3489 489 3499 —
518 3461 835 3516 σωθήσεταὶ.
882 3465 1061 3510 Ταῦτα
1088 3463 1178 3509 καὶ
1209 3460 1233 3510 6
1266 3462 1476 3532 Μάρκος
1505 3460 1726 3535 ἔγραψεν
1758 3462 1805 3515 ἐν

198 3557 263 3618 τῷ
295 3544 725 3619 τρισκαιδεκάτῳ
750 3547 1031 3620 κεφαλαίῳ,
1062 3552 1151 3600 καὶ
1174 3548 1406 3608 ζήτησον
1434 3550 1480 3600 ἐν
1512 3548 1683 3621 ἐκείνῳ
1714 3555 1807 3608 τὴν

196 3638 487 3711 ἐρμηνεῖαν.

262 3728 458 3782 Ε’λθὼν
488 3723 521 3779 δ
525 3730 546 3779 's
576 3757 643 3767 —-
677 3725 924 3779 ἀπέθανεν
1107 3726 1327 3799 Ὁμοίως
1356 3731 1444 3779 καὶ
1472 3732 1590 3799 περὶ
1612 3730 1802 3780 τούτων
1830 3722 1841 3731 ’

194 3821 396 3871 πάντων
426 3815 474 3868 ἓν
515 3815 687 3887 ἐκείνῳ
735 3820 1137 3888 σεσαφήνισται.
1171 3817 1481 3870 Ἐκόπτοντο
1530 3814 1588 3870 δε
1618 3817 1797 3885 αὐτὴν,

196 3904 300 3958 ἀντὶ
325 3914 447 3971 τοῦ,
480 3907 725 3978 ἐθρήνουν
748 3905 932 3962 αύτήν.

262 4001 360 4050 Καὶ
413 4001 686 4070 κρατήσας
734 4026 800 4035 -
844 3998 1073 4066 γεγονός.
1130 3994 1246 4049 Ἔτι
1294 4000 1384 4049 καὶ
1430 4001 1548 4071 περὶ
1604 3999 1798 4049 τούτων

195 4083 583 4159 ἁπαραλείπτως
616 4086 851 4158 εὑρήσεις
882 4083 930 4135 ἐν
960 4085 1152 4156 ἐκείνῳ.

349 4181 498 4230 ΚΕΦ.
532 4174 649 4227 KZ’.
683 4178 807 4248 Περὶ
836 4181 927 4233 τῆς
958 4174 1249 4235 ἀποστολῆς
1270 4183 1370 4227 τῶν
1402 4172 1632 4229 δώδεκα.

257 4264 712 4336 Συγκαλεσάμενος
803 4294 869 4302 -
954 4265 1269 4336 θεραπεύειν.
1366 4268 1585 4340 Εἴρηται
1678 4271 1794 4341 περὶ

189 4356 379 4406 τούτων
443 4352 493 4405 ἓν
545 4362 617 4421 τῷ
700 4349 1138 4424 ἐννεακαιδεκάτῳ
1194 4354 1455 4426 κεφαλαίῳ
1512 4364 1604 4408 τοῦ
1660 4358 1796 4409 κατὰ

190 4446 477 4496 Ματθαίον.

1917 3301 2025 3358 per
2053 3284 2252 3353 ﬁdem,
2278 3288 2519 3355 repente
2562 3286 2769 3337 sanata
2784 3286 2892 3337 est.
2922 3280 3061 3351 Ejus
3085 3278 3375 3352 siquidem
3392 3280 3582 3349 tangit

1918 3374 2357 3439 vestimentum,
2376 3372 2650 3445 quisquis
2671 3370 2858 3427 credit
2872 3368 3059 3441 ipsius
3076 3368 3577 3427 incarnationem.

1995 3466 2159 3521 Vers.
2195 3468 2288 3522 49.
2345 3464 2561 3519 Adhuc
2596 3494 2663 3503 —
2695 3461 2855 3516 Vers.
2900 3462 2992 3515 50.
3047 3461 3209 3516 salva
3266 3460 3405 3517 erit.
3448 3460 3579 3518 haec

1916 3556 2095 3612 etiam
2129 3555 2365 3626 scripsit
2388 3554 2617 3609 Marcus
2644 3551 2879 3608 decimo
2908 3549 3079 3607 tertio
3108 3548 3326 3623 capite,
3353 3554 3410 3607 et
3429 3560 3483 3608 in
3505 3564 3577 3608 eo

1914 3660 2116 3716 quaere
2146 3643 2715 3716 interpretationem.

1984 3735 2150 3791 Vers.
2186 3736 2272 3790 51.
2309 3735 2453 3789 Cum
2475 3738 2670 3789 autem
2703 3729 2956 3788 venisset
2986 3760 3053 3771 —
3110 3730 3253 3786 Vers
3281 3733 3368 3787 53.
3421 3747 3579 3788 mor-

1913 3830 2019 3881 tua
2047 3831 2201 3881 esset.
2229 3822 2504 3879 Similiter
2528 3826 2586 3877 et
2613 3821 2746 3877 haec
2776 3819 2982 3877 omnia
3007 3819 3106 3876 illo
3161 3819 3353 3892 capite
3379 3819 3578 3893 expla-

1908 3918 2053 3970 nata
2081 3916 2240 3969 sunt.

1979 4003 2143 4059 Vers.
2171 4005 2259 4057 54.
2290 4002 2373 4057 Et
2393 3998 3131 4070 apprehensa—Vers.“.
3175 3998 3570 4070 quodfactum

1906 4098 1990 4147 est
2020 4133 2033 4146 .
2066 4092 2147 4147 De
2168 4091 2263 4147 his
2284 4106 2529 4163 quoque
2550 4087 2715 4145 nullo
2741 4088 3138 4161 praetermisso
3164 4087 3246 4144 ibi
3273 4087 3563 4146 invenies.

1907 4180 2065 4236 CAP.
2096 4182 2305 4237 XXVII.
2348 4181 2436 4236 De
2464 4178 2737 4235 missione
2777 4177 3087 4234 duodecim
3132 4178 3566 4247 apostolorum.

1976 4272 2115 4343 Cap.
2152 4272 2235 4327 IX.
2275 4270 2432 4324 Vers.
2482 4274 2497 4324 t
2514 4311 2529 4327 .
2558 4267 2893 4325 Convocatis
2922 4297 2990 4307 —
3020 4273 3090 4321 ut
3109 4273 3419 4336 curarent,
3442 4266 3569 4323 Dic-

1904 4363 2029 4416 tum
2052 4364 2140 4415 est
2159 4359 2233 4415 de
2258 4358 2351 4414 his
2370 4357 2607 4415 decimo
2626 4372 2786 4414 nono
2799 4357 2975 4428 juxta
2991 4355 3332 4412 Matthmum
3350 4354 3564 4428 capite.

259 4538 358 4585 Καὶ
384 4531 680 4584 ἀπέστειλεν
725 4530 1142 4593 -νάσθενοῖντας
1178 4532 1259 4585 Ἐν
1291 4531 1459 4605 ἐκείνῳ
1492 4530 1791 4593 διείληπται

1974 4538 2134 4594 Vers.
2168 4543 2220 4593 2.
2258 4539 2335 4594 Et
2362 4538 2527 4594 misit
2554 4567 2624 4579 —
2652 4538 2939 4608 inﬁrmos,
2974 4535 3198 4592 Eodem
3248 4534 3446 4606 capite
3489 4534 3565 4592 de

187 4627 272 4674 καὶ
327 4626 449 4695 περὶ
507 4623 720 4692 τούτων,
781 4622 901 4673 ἔνθα
954 4628 1121 4673 κεῖται
1170 4626 1263 4673 τό·
1345 4629 1682 4698 Πορευόμενοι
1734 4622 1792 4679 δε

186 4712 494 4781 κηρύσσετε,
556 4709 805 4780 λέγοντες,
881 4710 959 4762 ὅτι
1019 4714 1233 4782 ἤγγικεν
1305 4715 1334 4770 ἡ
1394 4711 1640 4785 βασιλεία
1692 4724 1791 4767 τῶν

186 4800 436 4872 οὐρανῶν.

255 4894 357 4941 Καὶ
390 4884 497 4941 εἶπε
525 4919 589 4929 --
616 4891 775 4960 ἔχειν.
812 4888 1037 4960 Ὁμοίως
1066 4894 1155 4942 καὶ
1185 4895 1301 4965 περὶ
1327 4894 1542 4947 τούτων.

256 4983 356 5031 Καὶ
390 4978 462 5040 εὶς
492 5008 561 5019 -
604 4977 899 5052 ἐξέρχεσθε.
934 4984 1033 5032 Καὶ
1064 4984 1180 5052 περὶ
1211 4983 1393 5034 τούτου
1424 4982 1736 5059 πλατύνερον
1762 4987 1787 5038 ό

184 5069 449 5128 Ματθαίος
479 5066 586 5120 ἐκεῖ
612 5069 794 5142 ἱστόρη
804 5086 882 5123 σε,

250 5242 301 5279 ⁸⁸
326 5242 597 5315 Matth.x,
627 5249 683 5301 7.

1900 4628 1992 4684 his
2012 4643 2249 4701 quoque
2264 4626 2541 4683 distincte
2560 4628 2785 4682 dictum
2804 4631 2908 4691 est,
2928 4624 3029 4681 ubi
3042 4624 3283 4697 ponitur
3307 4626 3565 4684 :Euntes

1900 4724 2095 4774 autem
2120 4716 2460 4788 pra-dicate,
2482 4716 2739 4774 dicentes
2754 4715 2965 4771 :Instat
2995 4729 3244 4786 regnum
3260 4714 3562 4773 caelorum.

1972 4896 2133 4953 Vers.
2163 4900 2213 4953 3.
2238 4897 2319 4950 Et
2348 4895 2435 4953 ait
2466 4926 2531 4936 —
2562 4894 2852 4951 habeatis.
2884 4893 3229 4951 Similiteret
3243 4894 3319 4951 de
3334 4893 3450 4951 his.

1968 4987 2136 5042 Vers.
2168 4987 2331 5043 4.Εε
2368 4985 2429 5039 in
2472 5014 2541 5025 —-
2594 4985 2765 5041 exite.
2818 4984 2897 5039 De
2951 4983 3045 5040 his
3091 4997 3330 5056 quoque
3383 4983 3564 5040 latius

1899 5074 2139 5149 scripsit
2161 5075 2245 5133 ibi
2272 5074 2579 5133 Matthmus
2616 5074 2686 5129 ⁵ο.

1398 5373 1625 5444 Variae
1664 5376 1995 5447 lectiones
2038 5387 2105 5447 et
2150 5387 2352 5446 notae.

251 5564 370 5707 (50;
414 5569 509 5618 Σου
540 5568 655 5623 τήν.
690 5570 752 5619 Α.

251 5636 335 5705 (51
410 5639 470 5690 Δὶ
496 5638 752 5690 κάντεῦθε

249 5636 366 5705 (51)
410 5639 470 5690 Δὶ
496 5638 794 5690 κάντεῦθεν.
836 5642 893 5690 Β.

248 5707 363 5853 (52ς
405 5710 501 5762 Διά
529 5713 773 5775 πίστεως,
808 5709 1025 5765 omittit
1055 5710 1119 5768 Β.

269 5779 339 5835 53
432 5779 573 5851 Post
623 5780 866 5851 ἀπέθανε,
933 5782 1119 5843 omitti

432 5779 573 5851 Post
623 5780 866 5851 ἀπέθανε,
933 5782 1154 5843 omittit
1213 5784 1396 5847 etiam
1462 5788 1789 5847 Hentenius
1838 5846 1843 5849 ,

1898 5575 2085 5632 verba
2132 5581 2327 5632 textus
2357 5592 2368 5630 :
2424 5574 2584 5637 Αὐτὸς
2616 5570 2675 5628 δὲ
2701 5572 2926 5627 ἐκϐαλὼν
2958 5573 3053 5638 ἔξω
3091 5573 3312 5643 πάντας,
3335 5574 3400 5633 in
3448 5589 3563 5635 sua

1899 5649 2194 5777 versiptne,
2229 5648 2472 5707 tametsi
2510 5648 2573 5706 in
2602 5646 2953 5707 Prtefatione
2978 5645 3128 5706 nihil
3156 5662 3230 5706 ea
3247 5646 3324 5705 de
3349 5661 3415 5705 re
3436 5661 3564 5707 mo-

1897 5733 2072 5776 nueri
2101 5760 2118 5777 .
