4074 6406
475 344 581 403 947

480 566 539 617 et
558 561 633 617 de
652 561 766 617 his.

554 651 713 707 Vers.
773 656 824 709 6.
870 651 1108 722 Egressi
1156 683 1225 692 —
1278 651 1501 723 ubique.
1552 653 1726 706 Juxta
1768 651 2139 721 praeceptum

484 740 614 812 ejus
644 782 658 806 ,
683 741 787 814 qui
815 741 1058 796 miserat
1093 740 1244 796 illos.

559 832 703 885 Vers
732 836 803 885 .7.
834 830 1076 885 Audiuit
1103 861 1165 870 -—
1203 831 1367 884 Vers.
1404 834 1456 885 9.
1482 845 1630 885 eum.
1682 829 1761 883 De
1808 827 1895 881 his
1936 827 2141 880 exacte

486 919 863 993 disputatum
895 925 983 976 est
1006 920 1290 977 vicesimo
1333 920 1544 992 quinto
1592 919 1778 991 capite
1840 913 2143 984 Evangelii

487 1010 819 1066 secundum
846 1010 1206 1067 Matthaaum.

559 1100 728 1155 Vers.
776 1100 1305 1155 IO.Etreversi—
1356 1101 1519 1155 Vers.
1571 1099 1659 1152 11.
1714 1113 1859 1154 eum.
1906 1094 2144 1151 Decimo

488 1190 697 1260 quinto
728 1188 915 1259 capite
938 1188 1243 1258 Evangelii
1275 1188 1609 1244 secundum
1632 1190 1892 1243 Marcum
1918 1185 2145 1240 dictum

489 1282 579 1334 est
604 1277 677 1332 de
707 1278 798 1332 his
824 1277 1023 1341 latius,
1044 1278 1403 1350 ubiponitur
1434 1293 1445 1332 :
1474 1278 1553 1332 Et
1577 1282 2006 1348 congregantur
2020 1291 2147 1346 apo-

488 1368 627 1423 stati
664 1368 734 1421 ad
758 1369 952 1425 Jesum
983 1368 1053 1421 δι.

561 1456 941 1512 Vers.M.Et
970 1456 1278 1525 suscipiens
1306 1455 1668 1513 —sanabat.
1720 1457 1799 1510 De
1848 1455 1945 1511 his
1998 1455 2145 1510 vice-

494 1546 648 1602 simo
677 1546 887 1619 quinto
903 1546 1078 1616 juxta
1108 1547 1434 1601 Matthaeum
1464 1546 1654 1616 capite
1691 1545 1999 1615 diligenter
2033 1545 2149 1599 dis-

492 1636 855 1707 putavimus,
884 1635 988 1690 ubi
1019 1634 1235 1691 dicitur
1266 1653 1278 1690 :
1311 1637 1387 1690 Et
1408 1650 1659 1705 egressus
1673 1634 1833 1690 Iesus
1865 1636 2150 1691 vidittur-

497 1724 622 1782 bam
650 1726 901 1782 multum
934 1740 947 1781 :
982 1731 1031 1779 et
1056 1726 1319 1781 misertus
1350 1732 1431 1781 est
1450 1724 1690 1780 illorum
1714 1726 1781 1777 ⁵2.

783 1903 936 1961 CAP.
963 1906 1189 1961 XXVIII.
1219 1906 1298 1959 De
1321 1904 1564 1976 quinque
1590 1903 1860 1973 panibus.

569 2084 735 2140 Vers.
767 2084 857 2139 12.
904 2082 1039 2140 Dies
1079 2099 1216 2141 vero
1266 2115 1335 2124 —
1390 2100 1609 2140 sumus.
1640 2083 1931 2139 Prmdicto
1963 2084 2152 2155 capite

495 2175 717 2231 horum
744 2174 884 2232 data
914 2178 1002 2229 est
1028 2173 1391 2246 explanatio.
1424 2172 1811 2229 Diversorium
1849 2189 1981 2229 vero
2013 2172 2155 2228 dicit

499 2279 684 2329 nunc,
715 2262 1179 2335 receptaculum.

573 2444 746 2502 Vers.
784 2446 870 2500 13.
899 2442 999 2498 Ait
1031 2474 1099 2482 —
1131 2444 1290 2499 Vers.
1325 2443 1413 2500 14.
1438 2441 1746 2515 quinquies
1767 2442 1950 2499 mitte.
1982 2441 2158 2499 Simi-

502 2533 634 2591 liter
657 2537 714 2591 et
736 2533 811 2590 de
841 2532 960 2590 his.

578 2624 738 2680 Vers.
771 2623 858 2679 14.
884 2623 1053 2679 Dixit
1084 2652 1151 2663 —
1181 2624 1349 2678 Vers.
1407 2622 1490 2677 l5.
1546 2638 1751 2679 omnes.
1801 2622 1930 2679 Pari
1980 2623 2161 2678 modo

506 2717 563 2771 et
594 2712 670 2769 de
696 2711 815 2769 his.

577 2804 748 2860 Vers.
785 2805 871 2859 16.
903 2802 1176 2872 Acceptis
1198 2803 1440 2857 —Vers.
1499 2802 1586 2857 I7.
1637 2802 1969 2860 duodecim.
2016 2818 2164 2875 prae-

506 2896 669 2951 terea
697 2891 837 2948 etde
863 2891 976 2947 his.

507 2982 663 3039 CAP.
716 2984 889 3039 XXIX.
939 2981 1025 3037 De
1060 2979 1522 3050 interrogatione
1580 2982 1823 3039 Domini
1865 2982 1947 3039 ad
1990 2983 2167 3039 disci-

1251 3071 1442 3140 pulos.

1782 335 2141 400 EUTHYMII
2181 334 2481 398 ZIGABEN
2488 340 2509 398 Ι

551 471 716 529 Vere.
741 469 796 527 5.
810 472 892 528 Et
905 470 1231 545 quicunque
1246 502 1308 513 —
1323 471 1607 529 adversus
1619 470 1775 528 illos.
1789 466 1927 524 Pari
1948 463 2135 522 modo
2163 460 2211 515 A

3745 356 3845 414 948

2321 471 2422 519 Καὶ
2466 470 2581 522 ὅσοι
2643 500 2711 512 -
2766 472 2844 524 ἐπ’
2899 471 3107 533 αὐτούς.
3162 472 3553 546 Παραπλησίως
3598 484 3684 532 καὶ
3735 486 3845 555 περὶ

2248 574 2459 613 τουτων,

2324 647 2685 723 Ἐξερχόμενοι
2732 682 2795 692 -
2847 660 3144 725 πανταχοῦ.
3194 656 3341 707 Κατὰ
3385 659 3474 712 τήν
3524 654 3721 716 ἐντολήν
3761 668 3846 712 τοῦ

2251 732 2649 801 ἀποστείλαντος
2675 740 2880 802 αὐτούς.

2321 833 2577 881 Ἤκουσεν
2635 861 2704 871 -
2758 830 2932 883 αὐτόν.
2981 838 3105 907 Περὶ
3174 835 3369 884 τούτων
3446 834 3852 907 ἠκριϐολὸγηται

2252 915 2365 986 (54)
2398 917 2563 978 καλῶς
2594 917 2641 971 ἐν
2672 929 2741 991 τῷ
2783 920 3000 992 εἰκοστῷ
3026 926 3241 995 πέμπτῳ
3287 922 3548 994 κεφαλαίῳ
3594 930 3684 975 τοῦ
3728 929 3852 976 κατά

2254 1007 2542 1061 Ματθαῐον.

2330 1101 2427 1148 Καὶ
2460 1098 2875 1170 ὑποστρέψαντες
2905 1132 2973 1141 -—
3006 1100 3166 1170 αὐτῷ.
3202 1101 3283 1154 Ἐν
3313 1109 3386 1171 τῷ
3418 1098 3851 1171 πεντεκαιδεκάτῳ

2254 1184 2511 1257 κεφαλαίῳ
2539 1195 2629 1239 τοῦ
2659 1192 2795 1240 κατά
2824 1193 3034 1263 Μάρκον
3061 1193 3259 1264 εἴρηται
3288 1195 3408 1263 περὶ
3434 1194 3632 1243 τούτων
3670 1189 3851 1242 πλατύ-

2257 1293 2419 1346 τερον,
2454 1277 2573 1328 ἔνθα
2616 1285 2782 1329 κεῖται
2830 1284 2923 1331 τό·
2972 1284 3071 1332 Καὶ
3118 1284 3432 1352 συνάγονται
3481 1282 3531 1332 οἱ
3583 1278 3851 1331 ἀπόστολοι

2256 1368 2382 1438 πρὸς
2413 1369 2499 1417 τὸν
2531 1366 2753 1424 Ἰησοῦν.

2334 1458 2433 1505 Καὶ
2494 1450 2769 1526 δεξάμενος
2828 1488 2881 1497 -
2950 1457 3079 1509 ἰᾶτο.
3138 1463 3263 1530 Περὶ
3316 1478 3516 1510 τουτων
3571 1456 3619 1508 ἐν
3674 1464 3742 1525 τῷ
3795 1455 3854 1507 εἰ·

2260 1552 2431 1613 κοστῷ
2496 1549 2711 1617 πέμπτῳ
2772 1546 3030 1618 κεφαλαίῳ
3083 1555 3175 1599 τοῦ
3232 1552 3368 1600 κατά
3424 1550 3695 1600 Ματθαῐον
3760 1548 3856 1596 ἑπι-

2260 1633 2424 1703 μελῶς
2478 1631 2800 1707 διελαϐομεν,
2862 1638 2989 1688 ὅπου
3053 1645 3220 1689 κεῖται
3274 1642 3370 1689 τοο
3434 1641 3534 1689 Καὶ
3580 1634 3783 1697 ἐξελθὼν
3836 1635 3857 1684 ὁ

2262 1723 2469 1785 Ἰησοῦς
2533 1720 2639 1777 εἶδε
2690 1724 2847 1777 πολὺν
2912 1726 3091 1797 ὄχλον,
3162 1731 3252 1778 καὶ
3316 1725 3721 1797 ἐσπλαγχνίσθη
3783 1722 3856 1774 ἐπ’

2185 1820 2233 1877 Β
2262 1812 2459 1875 αὐτοῖς.

2264 1908 2409 1955 ΚΕΦ.
2467 1903 2592 1955 KH'.
2659 1909 2784 1979 Περὶ
2844 1913 2940 1957 τῶν
3006 1910 3155 1958 πέντε
3220 1908 3390 1979 ἄρτων
3454 1910 3545 1957 καὶ
3607 1911 3705 1955 τῶν
3771 1897 3859 1952 δύο

2951 1995 3172 2066 ἰχθύων.

2332 2080 2388 2133 Ἠ
2431 2078 2489 2133 δὲ
2547 2084 2715 2156 ἡμέρα
2752 2114 2820 2123 —-
2877 2082 3047 2155 ἐσμέν.
3109 2087 3193 2136 Ἐν
3246 2093 3319 2154 τῷ
3374 2082 3663 2143 δηλωθέντι
3713 2098 3859 2149 κεφα-

2262 2168 2391 2241 λαίῳ
2437 2178 2527 2223 τοῦ
2590 2175 2724 2223 κατά
2772 2175 3035 2226 Ματθαῖον
3092 2179 3181 2226 καὶ
3246 2180 3365 2249 περὶ
3431 2176 3627 2226 τούτων
3678 2168 3861 2239 ἕσαφη-

2264 2262 2441 2318 νίσθη.
2523 2260 2820 2313 Κατάλυσιν
2898 2259 2957 2315 δὲ
3047 2263 3179 2335 λέγει
3244 2271 3332 2315 νῦν
3426 2268 3521 2321 τήν
3612 2261 3864 2313 κατασκή-

2267 2369 2445 2404 νωσιν.

2342 2437 2465 2492 Εἶπε
2555 2471 2624 2481 -
2718 2441 3160 2513 πεντακισχίλιοι.
3249 2442 3474 2513 Ὀμοίως
3574 2443 3663 2490 καὶ
3755 2437 3864 2505 περὶ

2271 2531 2485 2584 τούτων.

2344 2616 2467 2672 Εἵπε
2498 2651 2564 2660 -
2594 2620 2839 2680 ἅπαντας.
2876 2619 3145 2683 Ὡσαύτως
3174 2626 3260 2673 καὶ
3296 2626 3417 2696 περὶ
3449 2623 3662 2673 τούτων.

2346 2797 2534 2852 Λαϐὼν
2569 2830 2632 2839 --
2665 2796 2897 2853 δώδεκα.
2933 2805 3045 2853 Ἔτι
3073 2804 3162 2852 καὶ
3188 2806 3307 2873 περὶ
3337 2803 3554 2853 τούτων.

2280 2984 2426 3032 ΚΕΦ.
2479 2977 2606 3032 KG'.
2670 2983 2795 3053 Περὶ
2848 2987 2944 3040 τῆς
3013 2986 3113 3029 τῶν
3177 2980 3426 3050 μαθητῶν
3496 2976 3867 3048 ἐπερωτήσεως.

581 3163 744 3217 Vers.
778 3161 866 3216 IS.
898 3159 977 3216 Et
999 3160 1226 3230 factum
1254 3166 1335 3217 est
1363 3191 1431 3200 —
1460 3162 1619 3217 νει-ε.
1653 3162 1743 3216 20.
1781 3161 1901 3218 Dei.
1930 3162 2165 3219 Horum

2350 3162 2451 3209 Καὶ
2505 3155 2692 3228 ἐγένετο
2746 3187 2812 3199 —-
2878 3165 2969 3208 τοῦ
3023 3163 3177 3211 Θεοῦ.
3236 3161 3445 3210 Τούτων
3518 3156 3720 3208 πάντων
3787 3150 3872 3202 τὴν

509 3248 784 3307 omnium
814 3248 1365 3319 interpretationem
1390 3249 1657 3305 invenies
1676 3250 1975 3306 tricesimo
1996 3250 2168 3305 tertio

509 3338 705 3412 capite
734 3336 1036 3408 Evangelii
1067 3336 1396 3392 secundum
1429 3337 1791 3394 Matthaaum.

583 3429 749 3483 Vers.
782 3426 956 3482 21.15
988 3442 1211 3482 vero—
1258 3425 1382 3482 hoc.
1432 3426 1562 3495 lege
1612 3432 1796 3482 totam
1847 3428 2172 3483 enarratio-

512 3532 655 3573 nem
692 3532 903 3573 eorum
928 3514 1146 3587 quaein
1178 3514 1279 3569 illo
1334 3515 1528 3586 caqite
1578 3514 1735 3571 dicta
1784 3522 1942 3579 sunt,
1981 3532 2172 3588 usque

515 3608 593 3663 ad
637 3622 777 3662 eum
819 3605 1019 3661 locum
1052 3604 1155 3659 ubi
1194 3603 1437 3659 dicitur:
1467 3605 1565 3661 Ea:
1601 3620 1665 3661 eo
1715 3612 1968 3673 tempore
1997 3606 2170 3675 capit

513 3694 671 3751 Iesus
721 3693 976 3750 indicare
1011 3693 1316 3762 discipulis
1333 3694 1487 3759 53;et
1516 3692 1655 3750 inde
1694 3694 1871 3749 simul
1898 3695 2172 3750 omnlum

516 3782 1036 3856 diligentissimam
1073 3782 1291 3838 sumito
1331 3782 1837 3854 explanationem.

591 3876 753 3928 Vers.
796 3875 885 3926 22.
917 3873 1121 3928 Dicens
1146 3902 1214 3911 —
1244 3873 1524 3943 refugere.
1556 3872 1642 3928 Ibi
1692 3873 1766 3928 de
1814 3873 1909 3929 his
1939 3889 2173 3947 quoque

517 3979 630 4019 suo
666 3960 875 4018 ordine
905 3961 1276 4033 disputatum
1302 3966 1409 4017 est.

588 4054 748 4108 Vers.
781 4053 870 4107 23.
900 4051 1136 4107 Dicebat
1158 4080 1225 4092 --
1250 4067 1359 4115 me,
1399 4051 1504 4107 Sed
1538 4057 1593 4108 et
1652 4052 1725 4108 de
1774 4052 1869 4108 his
1935 4069 2173 4126 quoque

517 4140 745 4205 ibidem
774 4144 912 4211 post
933 4155 1129 4212 pauca
1170 4141 1416 4196 omnino
1437 4141 1723 4197 invenies.

528 4277 535 4281 .
588 4231 751 4287 Vers.
780 4228 869 4285 24.
903 4229 1169 4301 Quisquis
1199 4260 1265 4270 --
1297 4246 1441 4285 eam.
1509 4231 1863 4304 Quicunque
1922 4232 2175 4289 voluerit

519 4321 788 4381 animam
820 4334 994 4374 suam
1020 4333 1056 4373 a
1096 4324 1282 4375 morte
1305 4334 1540 4374 servare
1582 4326 1849 4391 tempore
1883 4323 2171 4395 martyrii,

521 4409 709 4465 factus
739 4407 957 4463 animae
989 4412 1243 4476 amator,
1273 4413 1329 4463 at
1353 4422 1478 4463 non
1503 4408 1713 4464 Christi
1737 4417 1992 4481 amator,
2054 4428 2177 4483 per-

520 4498 622 4553 det
644 4512 779 4553 eam
805 4496 866 4551 in
904 4495 1103 4551 futuro
1135 4495 1383 4563 saeculo,
1415 4496 1529 4552 hoc
1563 4501 1667 4563 est,
1699 4498 1759 4553 in
1813 4499 2174 4571 supplicium

521 4586 888 4659 projicietur.
908 4585 1056 4642 Hasc
1069 4585 1725 4653 autemibidemetiam,
1754 4605 1987 4661 suoque
2019 4590 2181 4647 dicta

523 4679 663 4731 sunt
685 4672 917 4744 ordine,
933 4672 1196 4730 videlicet
1215 4673 1449 4731 decimo
1470 4690 1634 4733 nono
1661 4678 1854 4750 capite
1876 4679 2182 4751 Evangelii

524 4763 860 4820 secundum
906 4763 1267 4820 Matthaeum.
1495 4775 1499 4779 '

595 4852 760 4908 Vers.
788 4852 877 4909 24.
912 4851 1174 4924 Quisquis
1209 4884 1276 4892 —
1314 4867 1457 4910 eam.
1479 4852 1835 4925 Quicunque
1868 4855 1969 4911 illa
1986 4858 2185 4928 priva-

523 4946 618 5002 tus
639 4941 812 4999 fuerit
840 4957 947 5014 per
972 4941 1348 5014 martyrium,
1372 4942 1467 4999 hic
1490 4942 1747 5000 servabit
1796 4959 1931 5001 eam
1986 4946 2047 5001 in
2096 4946 2183 5001 fu-

524 5039 657 5090 turo
689 5031 930 5089 saeculo.

599 5185 644 5222 ⁸¹
677 5186 847 5243 Marc.
878 5201 955 5253 τι,
989 5187 1078 5241 30.
1155 5183 1204 5219 ⁵³
1247 5182 1443 5240 Matth.
1476 5198 1594 5253 XIV,
1642 5185 1726 5239 14.

2279 3247 2548 3321 ἑρμηνείαν
2575 3249 2813 3322 εὑρήσεις
2858 3246 2906 3299 ἐν
2949 3256 3021 3317 τῷ
3072 3256 3369 3322 τριακοστῷ
3416 3252 3575 3322 τρίτῳ
3626 3238 3871 3312 κεφαλαίῳ

2280 3344 2371 3388 τοῦ
2397 3340 2530 3388 κατὰ
2556 3340 2842 3391 Ματθαῐον.

2352 3426 2409 3478 Ὀ
2455 3424 2513 3479 δὲ
2551 3458 2619 3467 -
2648 3435 2821 3480 τοῦτο.
2856 3428 3144 3499 Ἀνάγνωθι
3191 3432 3284 3485 τήν
3316 3428 3436 3485 ὃλην
3497 3425 3741 3496 ἐξήγησιν
3783 3423 3873 3466 τῶν

2284 3516 2331 3568 ἐν
2363 3515 2535 3587 ἐκείνῳ
2574 3517 2687 3587 (55)
2718 3518 2888 3591 ῥητῶν
2919 3518 3055 3589 ἄχρι
3102 3524 3193 3569 τοῦ
3219 3534 3230 3547 ’
3279 3518 3414 3571 Ἀπὸ
3458 3522 3574 3571 τότε
3619 3509 3807 3583 ἤρξατο
3853 3502 3876 3551 ὁ

2286 3604 2492 3665 Ἰησοῦς
2537 3602 2784 3658 δεικνύειν
2842 3614 2951 3667 τοίς
3006 3608 3268 3677 μαθηταῖς
3328 3608 3535 3659 αὐτοῦ·
3607 3605 3693 3653 καὶ
3742 3592 3875 3663 λήψῃ

2284 3695 2484 3745 πάντων
2516 3696 2644 3765 ὁμοῦ
2678 3692 2966 3766 διάγνωσιν
2998 3693 3395 3767 ἀκριϐεστάτην,

2358 3872 2525 3925 Εἰπὼν
2545 3890 2557 3903 ⁸
2598 3903 2666 3916 ·-
2697 3872 2986 3948 ἐγερθῆναι.
3023 3873 3257 3937 Καθεξῆς
3297 3874 3400 3927 ἐκεῖ
3426 3879 3519 3927 καὶ
3548 3873 3664 3943 περὶ
3696 3865 3877 3917 τούτων

2287 3959 2604 4021 διείληπται.

2356 4051 2532 4124 Ἔλεγε
2561 4085 2628 4092 —
2654 4073 2762 4126 μοι.
2799 4052 2951 4106 Ἀλλὰ
2994 4053 3108 4123 (56)
3149 4058 3237 4105 καὶ
3267 4059 3384 4127 περὶ
3416 4057 3611 4107 τούτων
3638 4047 3684 4099 ἐν
3717 4042 3877 4106 ἐκείνῳ

2285 4143 2395 4213 μετ’
2431 4142 2579 4214 ὀλίγα
2608 4144 2778 4195 πάντα
2802 4145 3061 4216 εὑρήσεις.

2354 4239 2448 4291 ’ος
2498 4263 2563 4272 -·
2616 4233 2797 4290 αὐτὴν.
2856 4231 2947 4292 Ὀς
3002 4234 3062 4284 ἄν
3135 4232 3251 4304 θέλῃ
3332 4238 3425 4290 τὴν
3484 4232 3670 4303 ψυχήν
3726 4218 3876 4273 αὐτοῦ

2290 4318 2559 4373 διασῶσαι
2610 4320 2709 4373 ἀπὸ
2774 4323 3016 4386 θανάτου,
3081 4321 3128 4373 ἐν
3197 4330 3362 4396 καιρῴ
3408 4321 3698 4395 μαρτυρίου
3750 4321 3878 4396 7W?“

2288 4430 2434 4482 μενος
2490 4410 2805 4482 φιλόψυχος,
2851 4410 2959 4461 ἀλλ’
3004 4410 3061 4461 οὐ
3098 4410 3459 4483 φιλόχριστος,
3519 4405 3756 4460 ἀπολέσει
3794 4391 3878 4444 αὖ·

2288 4505 2380 4557 τήν
2438 4498 2484 4551 ἐν
2552 4509 2623 4570 τῷ
2682 4499 2915 4570 μέλλοντι
2982 4500 3149 4563 αἰῶνι,
3204 4504 3493 4563 τουτέστιν,
3551 4497 3617 4556 εἰς
3673 4487 3875 4543 κόλασιν

3225 4608 3278 4642 τε
3344 4594 3433 4641 καὶ
3488 4592 3555 4641 τὰ
3630 4582 3739 4644 ἑξῆς
3796 4571 3877 4623 καὶ

2288 4670 2339 4731 ¹ἐν
2421 4687 2491 4749 τῷ
2557 4675 2992 4749 ἐννεακαιδεκάτῳ
3055 4678 3313 4750 κεφαλαίῳ
3379 4688 3472 4732 τοῦ
3537 4674 3670 4729 κατὰ
3748 4670 3876 4718 Ματ·

2296 4771 2459 4821 θαῑον.

2292 4588 2517 4661 ἐμϐαλεῖ.
2587 4592 2775 4661 Εἰρηκε
2841 4585 2899 4641 δὲ
2983 4592 3147 4640 ταῦτα

2362 4858 2459 4920 ’ος
2508 4888 2577 4899 -
2620 4858 2799 4917 αὐτόν.
2852 4856 2947 4919 Ὀς
2998 4859 3058 4912 ἄν
3092 4856 3343 4933 ἀφαιρεθῇ
3400 4858 3584 4922 αὐτὴν,
3634 4848 3723 4903 διὰ
3753 4857 3875 4916 μαρ-

2293 4953 2498 5021 τυρίου,
2527 4947 2675 5009 οὗτος
2708 4954 2867 5001 σώσει
2895 4948 3058 5006 αὐτήν
3084 4946 3131 4999 ἐν
3162 4956 3233 5018 τῷ
3259 4947 3493 5019 μελλοντι
3524 4945 3689 4998 αἰῶνι.

1805 5185 1853 5221 ⁵³
1876 5185 2075 5243 Matth.
2104 5202 2220 5255 xv1,
2252 5192 2343 5245 21.

1773 5334 2002 5404 Variae
2042 5336 2366 5408 lectiones
2394 5348 2461 5406 et
2491 5347 2692 5407 notae.

598 5478 711 5620 (54)
752 5476 1188 5553 Ἠκριϐολογήθη,
1234 5483 1289 5529 Β.

600 5555 687 5620 (55
739 5556 851 5604 Τῶν
880 5548 1100 5617 ἐκείνων,
1144 5555 1211 5604 Α.

600 5548 711 5622 (55)
739 5548 859 5604 Τῶν
880 5548 1100 5617 ἐκείνων,
1122 5621 1127 5622 γ
1144 5555 1183 5601 Α
1199 5591 1211 5604 .

534 5654 543 5665 -
597 5620 713 5692 (‘56)
745 5627 805 5678 In
830 5637 965 5677 mea
992 5621 1132 5693 Novi
1159 5620 1515 5693 Testamenti
1550 5620 1748 5693 Graeci
1796 5620 2071 5686 editione,
2118 5638 2158 5693 p

524 5696 650 5757 209,
682 5694 1021 5766 suspicatus
1061 5692 1290 5747 fueram
1317 5692 1606 5766 vocabula
1660 5693 1786 5766 ista,
1816 5693 1931 5744 καθ’
1954 5692 2179 5766 ,ἡμέραη

526 5780 662 5839 quos
680 5764 1027 5835 Euthymius
1057 5777 1175 5819 non
1192 5764 1478 5833 agnoscit,
1501 5764 1783 5822 translata
1801 5779 1931 5821 esse
1949 5764 2011 5820 in
2046 5764 2183 5822 con-

2295 5484 2521 5561 textum
2563 5496 2633 5561 ex
2683 5480 3231 5561 homiletaaliquo.
3270 5483 3679 5561 _Laudav_eram
3713 5474 3875 5561 etiam

2294 5552 2431 5628 loca
2460 5552 2675 5608 similia
2710 5548 3139 5628 Chrysostomi.
3175 5554 3287 5609 Sed
3314 5571 3473 5612 nunc
3507 5557 3565 5611 in
3614 5548 3874 5628 prompt}!

2292 5628 2382 5696 est
2401 5624 2579 5696 locus
2619 5640 2798 5696 quem
2827 5619 3205 5695 quaerebam.
3241 5628 3387 5683 Nam
3433 5635 3470 5683 t.
3512 5619 3627 5692 VII;
3662 5638 3698 5696 p
3729 5692 3736 5696 Α
3762 5619 3876 5671 ὕὸῗν

2291 5694 2374 5773 ita
2398 5692 3054 5773 harbetszmvsxcfigjup,
3101 5702 3252 5773 φησὶ,
3286 5705 3521 5773 περίφερε
3559 5692 3875 5749 τὸνθάνατον

2291 5771 2381 5820 καὶ
2416 5772 2552 5820 ΚΑΘ
2582 5766 2872 5821 ἨΜΕΡΑΝ
2907 5766 3115 5841 ἕτοιμος
3136 5766 3387 5843 aucupa;
3414 5766 3655 5846 'ag'myv'w.
3734 5796 3747 5813 κ
