4074 6392
209 392 316 449 949
1357 386 1729 445 COMMENT.
1770 381 1839 438 IN
1881 379 2150 437 LUCAM.
2179 412 2249 424 —
2275 383 2430 440 CAP.
2461 382 2559 439 IX.
3487 380 3592 437 950

279 524 343 571 Τί
379 520 477 590 γὰρ
531 548 592 556 -
636 516 911 587 ζημιωθείς
938 531 950 582 ;
982 522 1146 568 Τοῦτο
1186 521 1273 568 καὶ
1306 517 1331 567 ό
1362 517 1631 574 Ματθαῖος
1666 514 1819 584 ἔγρα-
1854 505 1888 559 Α

2007 509 2163 564 Vers.
2324 510 2475 578 Quid
2494 512 2641 566 enim
2669 541 2731 551 —
2755 507 2998 580 faciat?
3030 507 3163 566 Hoc
3193 512 3248 564 et
3286 507 3593 564 Matthaaus

207 610 301 679 ψεν
369 606 450 659 ἐπὶ
511 605 687 667 τέλους
738 613 826 656 τοῦ
881 613 1198 679 τριακοστοϋ
1280 609 1455 679 τρίτου
1513 602 1815 676 κεφαλαίου,

1988 597 2174 669 :ripsit
2203 597 2265 654 in
2314 598 2427 655 ﬁne
2469 600 2747 656 tricesimi
2780 598 2927 655 tertii
2956 596 3205 669 capitis:
3240 601 3295 653 et
3324 596 3404 653 ibi
3445 611 3597 669 quae-

210 703 297 750 καὶ
330 698 561 757 ζήτησον
607 694 710 746 ἐκεῖ
757 698 851 752 τὴν
886 693 1155 766 ἐξήγησιν.
1199 697 1268 746 Τὸ
1322 690 1401 756 δὲ,
1434 695 1463 752 ἢ
1518 693 1818 764 ζημιωθεὶς,

1988 708 1994 739 ι
2054 688 2557 744 enarrationnem.
2608 689 2775 755 Quod
2833 693 3033 744 autem
3088 686 3460 743 addit:Aut
3504 683 3597 741 sui

212 789 638 861 ἐφερμηνιυτικόν
697 786 810 834 ἔστι
880 790 993 850 τοῦ,
1080 782 1359 845 ἀπολέσας.
1422 782 1705 835 Ἀπωλειαν
1766 776 1821 832 δὲ

1987 777 2122 831 »ειίιε
2139 779 2438 847 jacturam
2453 779 2663 849 faciat,
2688 777 3125 834 declarativum
3148 782 3235 832 est
3261 775 3596 848 praeceden-

208 880 297 926 καὶ
367 874 560 945 ζημίαν
628 870 871 944 ὀνομάζει
924 877 1019 931 τὴν
1100 874 1304 925 αἰώνιον
1363 868 1659 928 καταδίκην
1734 872 1817 921 xui

1989 883 2026 929 ε,
2071 871 2230 937 puta,
2274 868 2543 939 seipsum
2602 868 2832 940 perdat.
2893 866 3289 922 Perditionem
3332 881 3475 922 vero
3540 866 3598 922 et

210 962 448 1015 κόλασιν,
1929 954 2228 1026 jacturam
2268 958 2558 1023 nominat,
2594 962 2868 1014 aeternam
2922 955 3484 1013 condemnationem
3540 956 3599 1011 et

1936 1045 2321 1117 supplicium.

278 1141 370 1202 ⁸ος
417 1143 519 1215 γὰρ
589 1172 656 1182 -
718 1141 968 1213 ἁγγῦων.
1044 1144 1248 1194 Τούτων
1319 1144 1667 1215 ξμνημόνευσε
1736 1159 1820 1193 και

2009 1136 2179 1191 Vers.
2208 1138 2297 1192 26.
2334 1136 2758 1209 Quemcumque
2788 1168 2856 1178 —
2882 1137 3252 1208 angelorum.
3285 1135 3511 1190 Horum
3540 1134 3598 1191 et

212 1234 237 1284 ὁ
286 1234 498 1305 Μάρκος
546 1230 594 1283 ἐν
648 1238 721 1301 τῷ
774 1231 993 1300 εἰκοστῷ
1048 1233 1275 1305 τετάρτῳ
1323 1229 1602 1303 κεφαλαίῳ,
1646 1233 1734 1281 καὶ
1779 1228 1821 1280 ἐν

1994 1242 2169 1281 arcus
2201 1226 2469 1281 meminit
2498 1227 2781 1282 vicesimo
2806 1230 3022 1299 quarto
3048 1225 3262 1297 capite,
3297 1229 3352 1280 et
3385 1224 3468 1279 ibi
3499 1239 3597 1280 ex-

211 1322 387 1391 ἒκείνῳ
456 1317 941 1393 διηρμηνεύθησαν.
1016 1321 1173 1375 Ἀλλά
1229 1330 1337 1382 πῶς
1387 1318 1541 1385 εἶπεν,
1601 1321 1676 1371 ὅτι
1737 1323 1820 1370 xui

1985 1316 2183 1372 lanata
2208 1323 2369 1374 sunt.
2390 1318 2609 1372 Verum
2633 1317 2942 1389 quomodo
2965 1322 3022 1370 et
3042 1314 3255 1385 Patris,
3286 1318 3343 1371 et
3364 1318 3594 1370 sancto-

211 1420 303 1463 του
338 1414 539 1485 Πατρός
570 1415 660 1461 καὶ
690 1419 787 1460 τῶν
820 1409 980 1480 ἁγίων
1009 1409 1237 1481 ἀγγέλων
1267 1427 1279 1476 ;
1315 1414 1456 1462 Διότι
1485 1414 1574 1460 καὶ
1618 1410 1647 1466 ἡ
1694 1405 1820 1469 δόξα

1987 1423 2072 1461 1m
2122 1407 2464 1476 angelorum
2488 1407 2515 1461 ?
2538 1407 2687 1473 Quia
2728 1406 2917 1474 gloria
2946 1405 3134 1460 Patris
3162 1404 3350 1473 gloria
3389 1408 3473 1458 est
3510 1403 3596 1475 ip-

210 1508 303 1552 τοῦ
338 1503 553 1571 Πατρός,
608 1496 740 1561 ὃόξσ
780 1498 938 1550 αὐτοῦ
985 1501 1152 1552 ἔσται.
1200 1501 1316 1559 Υἱὸς
1355 1502 1452 1571 γὰρ
1496 1498 1655 1549 αὐτοῦ
1688 1496 1819 1553 ἐστι.

1998 1512 2086 1563 us,
2136 1512 2273 1551 cum
2307 1512 2495 1551 unum
2537 1497 2670 1551 sint.
2704 1497 2823 1567 Ego
2854 1501 2906 1552 et
2938 1497 3139 1560 Pater,
3172 1492 3384 1565 inquit,
3418 1509 3597 1549 unum

212 1592 315 1641 Καὶ
344 1590 374 1646 ἡ
428 1586 559 1651 δόξα
604 1597 702 1640 τῶν
744 1587 905 1659 ἁγίων
956 1586 1205 1659 ἀγγέλων,
1263 1585 1393 1650 δόξα
1442 1587 1597 1639 αὐτοῦ
1651 1590 1819 1639 ἔσται.

1988 1600 2139 1640 imus
2165 1586 2213 1620 δι
2246 1585 2371 1657 (tt):
2399 1585 2587 1655 gloria
2617 1601 2759 1641 vero
2787 1584 3162 1655 angelorum,
3193 1582 3373 1639 etiam
3406 1582 3597 1654 ipsius

211 1682 475 1737 Δεσπότης
499 1680 601 1751 γὰρ
634 1678 803 1729 αὐτῶν
833 1676 965 1731 ἐστι.

1936 1679 2062 1746 est;
2096 1675 2387 1730 Dominus
2418 1674 2579 1731 enim
2608 1674 2849 1730 illorum
2878 1677 2984 1730 est.

288 1772 432 1838 Λέγω
478 1764 537 1819 δὲ
591 1798 658 1807 -
714 1773 805 1818 τοῦ
869 1773 1022 1819 Θεοῦ.
1086 1767 1307 1841 Εἴρηται
1363 1769 1480 1838 περὶ
1532 1768 1725 1818 τούτων
1775 1764 1823 1817 ἐν

2003 1766 2165 1819 Vers.
2205 1766 2294 1819 27.
2328 1764 2473 1820 Dico
2505 1795 2572 1803 —
2601 1764 2723 1820 Dei.
2760 1764 2990 1818 Dictum
3022 1767 3109 1818 est
3146 1761 3221 1817 de
3262 1760 3355 1817 his
3383 1761 3444 1817 in
3477 1760 3597 1818 fine

208 1864 281 1926 τῷ
325 1856 454 1908 τέλει
492 1864 583 1908 τοῦ
627 1863 943 1929 τριακοστοῡ
996 1860 1175 1929 τρίτου
1224 1855 1501 1928 κεφαλαίου
1548 1862 1638 1907 τοῦ
1687 1856 1817 1906 κατὰ

1990 1852 2212 1908 icesimi
2266 1852 2416 1909 tertii
2460 1853 2672 1926 capitis
2732 1851 3035 1922 Evangelii
3080 1851 3418 1907 secundum
3462 1853 3599 1907 Mat-

213 1948 508 2001 Mu‘rOuiov.

1933 1942 2182 1999 thaaum.

344 2042 487 2090 ΚΕΦ.
524 2034 604 2089 Λ’.
642 2035 766 2109 Περί
792 2043 888 2097 τῆς
919 2040 1363 2107 μεταμορφώσεως
1392 2042 1480 2087 τοῦ
1514 2034 1711 2092 Ἰησοῦ,

2290 2030 2443 2088 CAP.
2481 2031 2642 2088 XXX.
2662 2032 2749 2087 De
2780 2029 3322 2100 transformatione.

289 2126 516 2197 Ἐγένετο
544 2155 614 2166 —
649 2124 803 2177 ὀκτώ,
838 2123 1080 2191 Διῆλθον,
1112 2121 1373 2182 δηλονότι.

2004 2123 2167 2177 Vers.
2202 2122 2289 2176 28.
2331 2121 2566 2191 factum
2607 2128 2688 2177 est
2712 2152 2780 2161 —
2810 2125 2939 2176 octo
2996 2117 3278 2175 Videlicet
3306 2120 3599 2190 pertrans-

1934 2210 2146 2266 ierunt.

295 2307 395 2357 Καὶ
441 2301 754 2375 παραλαϐὼν
824 2332 891 2341 —
950 2301 1311 2375 Ἰερουσαλήμ.
1392 2306 1515 2377 Περὶ
1575 2308 1671 2363 τῆς
1740 2321 1827 2373 με·

2006 2301 2165 2355 Vers.
2221 2299 2308 2354 28.
2343 2298 2683 2367 Assumpsit
2720 2329 2790 2339 —
2815 2298 2977 2354 Vers.
3008 2297 3097 2353 31.
3159 2295 3594 2367 Hierosolymis.

216 2398 601 2467 ταμορφώσεως
664 2393 854 2451 ταύτης
905 2395 1248 2464 φανερώτερον
1317 2391 1537 2463 ἔγραψέν
1593 2393 1617 2442 ὁ
1677 2399 1823 2444 Ματ-

1993 2406 2017 2444 e
2047 2390 2161 2444 hac
2193 2388 2720 2444 transformalione
2763 2387 3134 2443 manifestius
3186 2385 3427 2456 scripsit
3458 2386 3602 2442 Mat‘

218 2485 366 2543 θαίος
414 2481 460 2533 ἐν
506 2491 577 2551 τῷ
617 2488 912 2555 τριακοστῷ
961 2482 1189 2551 τετάρτῳ
1226 2480 1487 2552 κεφαλαίῳ
1547 2481 1729 2544 αὐτοῦ,
1776 2480 1823 2532 ἐν

1989 2497 2121 2535 nens
2179 2478 2479 2537 tricesimo
2528 2484 2743 2551 quarto
2785 2477 2876 2532 sui
2921 2475 3223 2548 Evangelii
3276 2475 3490 2547 capite,
3539 2476 3598 2532 in

217 2572 258 2641 ᾧ
313 2576 401 2623 καὶ
458 2579 628 2622 ταυτα
686 2572 821 2621 κατὰ
868 2569 1018 2641 λόγον
1086 2571 1510 2642 ἡρμηνευθησαν.
1592 2577 1821 2642 Προσευ-

1989 2585 2056 2625 uo
2100 2569 2279 2625 etiam
2314 2576 2441 2623 haec
2471 2569 2548 2624 ad
2588 2567 2838 2623 verbum
2878 2566 3178 2621 declarata
3210 2568 3370 2621 sunt.
3412 2565 3598 2621 Orans

213 2664 436 2732 χόμενος
458 2657 517 2712 δὲ
551 2660 941 2731 μετεμορφώθη,
974 2661 1056 2709 ἱνα
1082 2660 1345 2730 μάθωμεν,
1380 2661 1459 2710 ὅτι
1480 2661 1509 2717 ἡ
1546 2665 1820 2733 πρόσευχή

1990 2664 2125 2715 item
2151 2657 2609 2714 transformatus
2639 2661 2745 2723 est,
2774 2661 2838 2712 ut
2859 2656 3183 2720 discamus,
3213 2654 3377 2726 quod
3408 2654 3599 2711 oratio

218 2758 542 2823 μεταμορφοῐ
592 2754 683 2800 καὶ
738 2748 1024 2823 λαμπρύνει
1082 2752 1169 2800 τὸν
1222 2750 1510 2823 ἄνθρωπον,
1568 2752 1631 2809 ὡς
1688 2755 1819 2822 χρὴ,

1990 2750 2311 2805 ansformat
2338 2763 2405 2802 ac
2449 2746 2699 2804 illustrat
2722 2745 3051 2812 hominem,
3085 2744 3132 2800 si
3173 2743 3280 2800 ﬁat
3307 2744 3599 2816 quemad-

216 2843 483 2910 γινομένη.

1934 2837 2185 2893 modum
2218 2840 2469 2909 oportet.

289 2928 347 2980 Ὀ
371 2925 430 2981 δι
450 2933 639 2997 Πέτρος
670 2959 733 2968 --
763 2928 919 2998 αὗτῳ.
957 2927 1091 2979 Ἐκεῖ
1129 2932 1217 2979 xui
1238 2932 1350 2999 περὶ
1382 2930 1574 2979 τούτων
1606 2927 1823 3003 ἐρρήθη.

2006 2929 2171 2982 Vers.
2223 2930 2311 2982 3'2.
2363 2927 2579 2981 Petrus
2616 2940 2747 2981 vero
2786 2955 2853 2964 —
2890 2924 3011 2979 illo.
3055 2923 3140 2979 lbi
3171 2923 3342 2979 etiam
3386 2922 3460 2979 de
3508 2922 3600 2979 his

221 3022 349 3071 Δόαν
389 3015 449 3071 δε
482 3023 583 3071 νόει
622 3023 711 3077 τὴν
740 3017 1107 3090 λαμπρότητα,

1987 3017 2163 3073 ictum
2210 3023 2315 3071 est.
2374 3015 2629 3071 Gloriam
2686 3028 2828 3069 vero
2879 3013 3139 3084 intellige
3192 3012 3596 3084 splendorem.

292 3109 396 3163 Καὶ
449 3107 639 3180 ἐγένετο
697 3138 765 3147 -
813 3106 1045 3179 νεφέλην,
1096 3113 1329 3167 Μωυσῆς
1386 3110 1474 3179 μὲν
1528 3112 1616 3159 xui
1646 3107 1823 3171 Ἠλίας

2006 3108 2169 3161 Vers.
2222 3106 2310 3171 33,
2366 3106 2615 3161 Factum
2654 3109 2742 3160 est
2783 3133 2851 3143 —
2906 3103 3069 3158 Vers.
3129 3102 3358 3158 nubem.
3413 3104 3599 3158 Moses

220 3198 458 3257 εἰσῆλθον
487 3197 559 3259 εἰς
585 3200 642 3250 τὸ
671 3199 845 3268 πάχος
872 3204 968 3257 τῆς
985 3197 1214 3269 νεφέλης,
1240 3196 1678 3269 ἀπαχθησόμενοι
1700 3200 1825 3250 πάν-

1990 3196 2180 3252 uidem
2203 3200 2259 3251 el
2284 3194 2437 3250 Elias
2463 3194 2826 3249 intraverant
2850 3193 2911 3248 in
2942 3190 3390 3264 spissitudinem
3418 3190 3599 3247 nubis

219 3308 319 3349 τως
341 3289 413 3349 εἰς
442 3292 564 3349 τοὺς
595 3286 985 3359 ἀφωρισμένους
1033 3286 1211 3347 αὐτοῖς
1242 3291 1456 3348 τόπονςθ
1498 3290 1546 3339 οἱ
1589 3288 1823 3359 μαθητὰὶ

1991 3286 2175 3342 iloca
2223 3284 2470 3341 omnino
2520 3283 2674 3338 inter
2705 3298 2765 3338 se
2820 3284 3100 3354 separata
3130 3279 3262 3353 (uu)
3286 3294 3299 3335 :
3326 3279 3600 3351 discipuli

220 3375 296 3441 δὲ,
323 3383 462 3440 ὄντες
491 3382 580 3450 μὲν
610 3376 818 3450 ἔκφοϐοι
848 3382 937 3429 καὶ
988 3373 1080 3428 διὰ
1134 3382 1225 3434 τὴν
1276 3382 1677 3452 μεταμορφωσιν
1730 3386 1822 3431 τοῦ

1989 3392 2096 3442 :ro,
2126 3392 2259 3430 cum
2282 3374 2459 3430 etiam
2485 3376 2726 3445 propter
2747 3370 2977 3427 Domini
3004 3368 3598 3426 transformationem

218 3474 499 3531 Δεσποτου,
538 3469 704 3527 καθὼς
732 3468 839 3519 εἷπε
865 3468 1096 3538 Μάρκος,
1126 3468 1431 3538 θεασάμενοι
1478 3464 1536 3518 δὲ
1564 3473 1652 3520 xui
1705 3472 1820 3520 τού-

1987 3470 2129 3521 ssent
2176 3464 2453 3532 exterriti,
2509 3461 2689 3518 veluti
2743 3459 2890 3516 dixit
2942 3460 3175 3515 Marcus
3206 3460 3253 3495 ⁵⁵
3287 3475 3300 3525 ;
3330 3459 3596 3514 videntes

216 3577 337 3617 τους
368 3558 528 3618 οὕτως
576 3559 847 3629 ὑπερφυῶς
907 3554 1435 3629 ἀναλαμϐανομένους,
1490 3555 1820 3628 ἐφοϐήθησαν

1984 3557 2131 3622 iam,
2161 3554 2327 3629 quod
2349 3555 2463 3609 hoc
2487 3552 2668 3609 modo
2692 3550 2809 3623 ipsi
2837 3550 2956 3620 (vv)
2991 3548 3516 3622 supernaturaliter
3534 3549 3593 3605 in

216 3647 435 3719 μᾶλλον.
1932 3647 2158 3702 nubem
2188 3645 2608 3717 reciperentur,
2630 3641 2891 3697 maxime
2924 3640 3273 3695 timuerunt.

291 3741 390 3789 Καὶ
424 3740 559 3808 φωνὴ
592 3767 659 3776 ——
689 3740 863 3807 μόνος.
903 3742 964 3787 Εν
1003 3744 1074 3805 τῷ
1106 3731 1392 3793 δηλωθέντι
1440 3736 1699 3809 κεφαλαίῴ
1728 3746 1819 3791 τοῦ

2002 3736 2166 3792 Vers.
2226 3734 2316 3790 35.
2349 3734 2427 3788 Et
2473 3746 2589 3788 vox
2633 3759 2702 3773 —
2732 3731 2895 3785 Vers.
2954 3729 3044 3786 36.
3094 3729 3274 3784 solus.
3317 3727 3596 3783 Praedicto

215 3829 352 3877 κατά
382 3827 639 3879 Ματθαίον
668 3831 754 3877 xui
787 3831 905 3900 περὶ
954 3827 1151 3877 τούτωυ
1208 3824 1436 3896 ἐξηγήθη
1476 3825 1817 3901 λεπομερώς.

1990 3826 2123 3897 Lpite
2174 3822 2474 3893 Evangelii
2532 3819 2865 3876 secundum
2913 3819 3251 3874 Matthaeum
3308 3816 3599 3873 subtiliter

214 3914 277 3968 'A
328 3919 417 3988 μὲν
447 3912 534 3967 οὖν
590 3915 704 3981 (57)
733 3922 961 3986 παρῆκεν
1005 3914 1029 3965 ὁ
1079 3916 1368 3979 Ματθαίος,
1404 3914 1647 3977 ἐξεῖπενό
1689 3928 1819 3969 Λου-

1989 3932 2004 3970 3
2052 3915 2147 3969 his
2198 3913 2568 3984 disputatum
2617 3914 2717 3965 est.
2754 3910 2895 3975 Qum
2940 3923 3083 3978 ergo
3122 3906 3406 3981 praeteriit
3457 3907 3598 3966 Mat-

216 4013 312 4067 κάς
342 4023 354 4035 ·
389 4005 424 4057 ἃ
456 4001 515 4057 δὲ
542 4000 873 4080 παρέδραμεν
924 4005 949 4055 ὁ
1010 4009 1238 4069 Λουκᾶς,
1301 4006 1578 4077 ἱστόρησεν
1611 4007 1636 4057 ὁ
1678 4008 1817 4059 Ματ-

1997 4020 2147 4068 aeus,
2181 4018 2253 4058 ea
2293 4001 2483 4056 Lucas
2523 3998 2812 4070 expressit
2847 4014 2859 4064 ;
2891 4013 3028 4069 quas
3056 4012 3199 4053 vero
3224 3996 3599 4068 praatermisit

220 4097 382 4156 θαῖος.
1934 4095 2141 4155 Lucas,
2172 4106 2243 4147 ea
2273 4087 2511 4160 scripsit
2548 4086 2876 4143 Mattheeus.

290 4190 390 4238 Καὶ
440 4184 588 4235 αὐτοὶ
621 4215 686 4223 —
731 4183 1041 4256 ἑωράκασιν.
1095 4180 1215 4235 Εἷπε
1265 4184 1367 4255 γάρ
1423 4184 1446 4234 ὁ
1496 4185 1762 4245 Ματθαίος
1797 4200 1810 4214 ⁸

2002 4180 2281 4237 Vers.36.
2323 4179 2400 4233 Et
2449 4177 2538 4247 ipi
2565 4206 2635 4217 —
2676 4175 2976 4231 viderunt.
3040 4173 3193 4230 Dixit
3248 4172 3407 4229 enim
3454 4175 3597 4230 Mat-

216 4276 294 4326 ὃτι
342 4272 755 4326 καταϐαινόντων
806 4272 971 4323 αὐτῶν
1040 4270 1139 4323 ἀπὸ
1192 4272 1305 4343 (58)
1366 4279 1456 4323 τοῦ
1515 4278 1685 4345 ὄρους,
1742 4273 1815 4325 ἐν·

1989 4288 2141 4338 τρυε,
2160 4269 2324 4343 quod
2346 4267 2493 4323 dum
2512 4264 2941 4322 descenderent
2966 4262 3039 4318 de
3066 4267 3286 4332 monte,
3310 4261 3598 4334 praecepit

217 4364 440 4416 ιτεί).ατο
472 4363 704 4423 αὐτοίςὸ
748 4368 951 4434 ,Ιησοῦς
1006 4363 1165 4433 )ἐγων
1217 4379 1228 4389 ·
1293 4358 1494 4419 Μηδενὶ
1542 4366 1719 4421 εἴπητε
1759 4368 1815 4415 τὸ

1987 4380 2012 4416 s
2037 4362 2209 4416 Jesus
2240 4358 2447 4414 dicens
2474 4374 2486 4413 :
2514 4355 2756 4412 Nemini
2795 4352 3070 4409 dixeritis
3101 4350 3395 4419 visionem,
3423 4350 3596 4408 donec

213 4454 444 4527 Ὀραμα,
508 4455 601 4513 ἓως
648 4453 707 4504 οὗ
754 4454 777 4503 ὁ
834 4451 968 4511 ’Υιός
1018 4460 1107 4503 του
1163 4450 1434 4523 ἀνθρώπου
1503 4451 1559 4504 ἐκ
1628 4461 1816 4527 νεκρῶν

1987 4450 2108 4505 ῗίἰιιδ
2120 4448 2373 4505 hominis
2394 4464 2427 4501 a
2449 4444 2692 4502 mortuis
2714 4448 2998 4514 resurgat
3026 4442 3094 4497 ⁵⁸.
3128 4443 3194 4498 Et
3219 4440 3302 4498 ibi
3332 4440 3463 4513 lege
3483 4439 3596 4498 ho-

214 4542 411 4614 ἀναστῇ
477 4562 488 4574 ·
558 4545 647 4592 καὶ
743 4539 1001 4611 ἀνάγνωθι
1076 4544 1168 4598 τὴν
1269 4543 1463 4592 τούτων
1548 4543 1816 4617 ἑρμηνείαν

1076 4544 1168 4598 τὴν
1269 4543 1463 4592 τούτων
1548 4543 1816 4617 ἑρμηνείαν
1852 4583 1898 4637 D
1928 4555 2064 4596 rum
2102 4535 2674 4609 interpretationem.

216 4651 314 4685 εκει
324 4675 334 4685 .

465 4725 611 4775 ΚΕΦ.
646 4719 753 4772 ΛΑ¹
786 4723 911 4790 Περὶ
964 4726 1054 4770 τοῦ
1113 4718 1564 4791 σεληνιαζομένου.

1521 4741 1564 4775 υ.
2358 4714 2511 4771 CAP.
2546 4714 2722 4769 XXXI.
2755 4712 2838 4770 De
2869 4710 3130 4769 lunatieo

286 4810 513 4882 Ἐγίνετο
590 4840 657 4850 -
744 4805 1113 4867 ἠδυνήθησαν.
1200 4813 1299 4862 Τὸν
1375 4806 1548 4862 παῖὸα
1637 4816 1816 4862 τοῦτον

1998 4810 2156 4864 Vers.
2202 4809 2288 4863 37.
2344 4806 2597 4863 Factum
2638 4809 2821 4861 est—
2872 4804 3037 4859 Vers.
3095 4800 3189 4858 40.
3243 4805 3594 4873 potuerunt.

286 4964 335 4999 ⁸⁴
360 4965 568 5020 Joann.
590 4977 651 5032 x,
676 4961 764 5017 30.
844 4960 893 4996 ⁸⁸
931 4962 1099 5017 Marc.
1134 4976 1213 5029 1x,
1248 4963 1300 5015 6.
1379 4960 1426 4998 ⁸⁸
1458 4958 1654 5016 Matth.
1686 4975 1824 5027 xvn,
1873 4960 1929 5016 9.

1440 5108 1670 5179 Varia:
1706 5108 2039 5179 lectiones
2069 5114 2138 5177 et
2174 5113 2382 5175 notae.

283 5281 542 5401 (572061:
575 5284 771 5340 abest.
810 5286 877 5337 Α.
1176 5352 1186 5363 ⁸
1994 5278 2293 5358 Chrysost.
2358 5279 2503 5357 tom.
2558 5271 2675 5353 VII,
2872 5274 2991 5338 570,
3053 5269 3369 5354 habetjx,
3433 5284 3599 5329 com-

283 5358 369 5401 (εκ
435 5358 581 5401 Ἀπὸ.
624 5354 758 5401 ιηηο
802 5352 877 5401 ἐκ-
910 5350 1084 5401 habet
1114 5356 1294 5401 etlam
1326 5355 1573 5401 uteraue
1622 5349 1812 5401 codex
1922 5344 2722 5401 DrobantlbuseilamCOdICI
2770 5360 2841 5401 us
2858 5344 3597 5401 Chrvsostomeosauen—

281 5344 393 5431 (58$
435 5358 583 5421 Ἀπὸ,
614 5354 760 5431 loco
802 5352 877 5431 ἐκ,
910 5350 1084 5431 habet
1114 5352 1295 5408 etiam
1326 5355 1573 5431 uterque
1622 5349 1813 5431 codex
1922 5344 2322 5431 probantibus
2340 5347 2519 5402 etiam
2533 5344 2841 5402 codicibus
2858 5344 3266 5417 Chrysostomi
3284 5346 3597 5417 Mosquen-

210 5434 269 5487 in
290 5421 579 5487 contextu
610 5425 883 5494 Matthaai,
906 5424 1071 5497 quod
1104 5439 1173 5479 eo
1202 5423 1390 5495 magis
1421 5421 1623 5487 miror,
1648 5421 1813 5494 quod
1927 5421 2115 5477 sibus.

280 5575 372 5645 (tt)
415 5574 557 5645 Cum
609 5585 899 5645 unum—
957 5582 1175 5645 sumus.
1217 5566 1282 5621 In
1337 5568 1539 5622 Graeco
1581 5568 1813 5621 tantum
1937 5564 2114 5645 ‘__(vv)
2154 5563 2415 5645 Vitlciites
2451 5592 2514 5645 -τ
2555 5559 2689 5645 ipsi,
2723 5563 2834 5645 etc.
2866 5557 3143 5615 Videntes
3171 5561 3399 5645 autem,
3444 5557 3597 5645 istos

211 5630 321 5709 est,
352 5630 548 5701 [filius
578 5641 734 5698 enim
756 5642 882 5711 ejus
912 5643 1010 5695 est.
1091 5713 1096 5714 ί
1395 5709 1403 5714 _
1479 5707 1488 5714 _
1748 5707 1765 5714 _
1928 5630 2149 5714 (Μδεέῐ)
2184 5641 2240 5690 et
2296 5632 2508 5714 Ehem.)
2557 5632 2737 5688 eum
2775 5632 2878 5714 μθ
2928 5630 3458 5704 supernamra‘umr
3504 5645 3598 5689 as-

280 5704 410 5788 (ιλιι)
464 5716 561 5788 Ad
589 5716 726 5788 ioca
769 5704 827 5750 ὶ-
862 5713 1166 5788 separata.
1231 5710 1309 5786 Ut.
1349 5707 1632 5765 nimirum
1674 5707 1818 5765 refe-
1929 5704 2206 5780 Sumptos
2239 5704 2438 5775 magis
2468 5704 2812 5761 timuerunt.

209 5781 419 5849 rantur
457 5786 537 5846 ad
569 5785 867 5842 destinata
887 5781 1035 5855 ipsis
1054 5781 1208 5838 loca.
