4074 6378
462 324 567 385 951

1801 318 2136 377 EUTHYMII
2171 316 2507 375 ZIGABENI

3725 328 3821 384 959

543 449 754 507 Filium
778 449 941 507 hunc
968 448 1300 507 lunaticum
1331 450 1517 506 fuisse
1546 448 1781 521 scripsit
1819 445 2127 505 Matthaaus

2280 444 2641 506 εληνιάζεσθαι
2708 448 2977 509 Ματθαίος
3044 446 3268 521 ἔγραψεν
3326 448 3375 501 ἐν
3425 458 3491 520 ac?)
3542 463 3821 524 τριακοστῷ

470 541 771 598 tricesimo
802 540 1008 612 quinto
1039 541 1231 612 capite
1266 556 1279 607 ;
1315 544 1370 595 et
1399 539 1643 595 omnino
1674 539 1747 595 de
1776 537 1869 593 his
1898 536 1978 592 ibi
2011 535 2127 591 dic-

471 626 597 691 tum
620 635 725 687 est.

543 723 703 777 Vers.
736 721 823 775 41.
871 720 1230 790 Respondens
1255 752 1323 760 —
1350 721 1482 776 huc.
1518 722 1581 775 In
1624 718 1722 774 illo
1753 717 1968 773 horum
2004 731 2130 771 om-

471 812 639 867 nium
665 808 1094 865 declarationes
1125 809 1412 865 invenies.

546 900 707 956 Vers.
758 901 849 954 42.
885 898 1029 953 Cum
1058 930 1112 939 —
1137 898 1465 968 dissipavit.
1510 898 1644 952 Haec
1689 896 1865 952 latius
1897 894 2133 967 scripsit

474 990 710 1045 Marcus
736 987 1022 1043 vicesimo
1054 991 1224 1047 sexto
1247 988 1456 1059 capite,
1490 992 1542 1043 et
1584 985 1659 1041 ibi
1690 984 2130 1041 enarrationem

473 1080 673 1136 horum
696 1094 917 1152 quaere.

546 1170 709 1225 Vers.
760 1168 848 1223 42.
902 1168 1251 1237 Increpavit
1276 1198 1341 1207 —
1370 1173 1533 1238 patri
1581 1181 1685 1222 suo
1725 1164 2007 1220 Praedicto
2038 1163 2134 1219 tri-

476 1260 698 1316 cesimo
730 1257 942 1329 quinto
991 1257 1183 1329 capite
1235 1255 1537 1326 Evangelii
1568 1256 1741 1326 juxta
1789 1253 2134 1310 Matthaeum

474 1350 549 1405 de
586 1348 682 1405 his
711 1347 934 1403 dictum
966 1352 1073 1403 est.

547 1438 712 1495 Vers.
769 1441 857 1493 43.
925 1436 1259 1507 Stupebant
1298 1466 1365 1477 -—
1400 1435 1527 1492 Dei.
1587 1434 1884 1490 Putabant
1951 1432 2132 1498 enim,

476 1544 600 1585 non
636 1526 902 1600 propria,
937 1526 1041 1581 sed
1066 1525 1167 1581 Dei
1205 1526 1419 1581 virtute
1444 1525 1573 1580 haec
1605 1540 1744 1580 eum
1769 1522 2005 1596 operari
2034 1522 2139 1577 mi-

475 1616 701 1675 racula.

550 1706 716 1763 Vers.
746 1707 836 1762 43.
867 1705 1140 1762 Omnibus
1170 1735 1237 1745 —
1263 1704 1425 1759 Vers.
1459 1703 1546 1759 44.
1594 1703 1750 1760 istos.
1794 1703 1952 1757 Ouos
1992 1701 2139 1758 dixti

2237 538 2455 606 πέμπτῳ
2482 534 2760 607 κεφαλαίῳ,
2818 541 2906 588 καὶ
2968 540 3169 612 εἴρηται
3226 544 3345 612 περὶ
3400 541 3589 590 τούτων
3633 543 3822 594 πάντων

2239 642 2360 679 εγει,

2309 714 2641 787 Ἀποκριθεὶς
2674 747 2740 755 -
2770 712 2894 770 ὧδε.
2939 716 3024 773 Ἐν
3056 716 3231 788 ἐκείνῳ
3287 718 3380 779 τὰς
3433 717 3603 780 λύσεις
3645 722 3825 771 τούτων

2243 802 2368 855 ὅλων
2396 805 2653 877 εὑρήσεις.

2312 891 2427 945 Ἔτι
2466 925 2535 933 —
2589 895 2959 967 συνεσπάροξε,
3019 903 3193 948 Ταῦτα
3237 896 3549 971 πλατύτερον
3581 899 3605 947 6
3633 899 3830 968 Μάρκος

2245 983 2520 1056 ἱστόρησεν
2557 981 2605 1034 ἐν
2632 992 2702 1053 τῷ
2744 984 2961 1055 εἰκοστῷ
2991 986 3117 1056 ἓκτῳ
3146 985 3427 1057 κεφαλαίῳ,
3482 990 3566 1037 καὶ
3618 987 3830 1046 ζήτησον

2243 1070 2290 1122 ἐν
2331 1071 2505 1143 ἐκείνῳ
2536 1078 2628 1130 τήν
2670 1076 2859 1125 τούτων
2886 1073 3159 1145 ἐξήγησιν,

2317 1160 2630 1234 Ἐπετίμησε
2655 1194 2716 1203 -
2734 1168 2888 1236 πατρὶ
2923 1164 3105 1221 αὐτου.
3140 1165 3223 1219 Ἑν
3246 1173 3317 1236 τῷ
3336 1164 3674 1240 προρρηθέντι
3699 1185 3837 1236 τρια-

2244 1259 2417 1321 κοστῷ
2445 1255 2660 1322 πέμπτῳ
2718 1253 2976 1325 κεφαλαίῳ
3030 1261 3119 1305 τοῦ
3173 1258 3309 1307 κατά
3356 1257 3624 1308 Ματθαῖον
3656 1253 3835 1328 ἐρρήθη

2245 1345 2363 1413 περὶ
2388 1343 2602 1393 τούτων.

2318 1429 2727 1491 Ἐξεπλήσσοντο
2773 1464 2839 1471 -
2886 1440 2977 1484 τοι)
3035 1438 3181 1488 Θεοῦ.
3237 1432 3424 1506 ’ᾩοντο
3479 1436 3604 1506 γὰρ,
3660 1433 3751 1485 οὐκ
3797 1432 3843 1495 ἐξ

2252 1515 2393 1579 ἰδίάς
2426 1515 2714 1592 δυνάμεως,
2746 1519 2853 1573 ἀλλ’
2896 1521 2949 1573 ἐκ
2998 1527 3125 1575 Θεοῦ
3151 1531 3317 1575 ταῦτα
3345 1530 3704 1597 τερατουργεῖν
3753 1522 3843 1573 αυ-

2248 1628 2359 1660 τον-

2325 1700 2535 1749 Πάντων
2612 1731 2680 1739 -——
2759 1703 2993 1763 τούτους.
3075 1702 3175 1761 Οὓς
3235 1701 3369 1754 εἶπεν
3420 1700 3469 1753 ἐν
3518 1710 3590 1771 τῷ
3640 1702 3848 1771 εἰκοστῷ

478 1795 764 1853 vicesimo
816 1810 980 1851 nono
1023 1794 1216 1867 capite
1245 1793 1543 1867 praesentis
1572 1791 1881 1863 Evangelii
1916 1792 1990 1848 de
2032 1808 2141 1848 sua

2280 1790 2411 1859 νάτῳ
2451 1788 2707 1861 κεφαλαίῳ
2760 1799 2849 1841 τον
2908 1796 3161 1863 παρόντος
3215 1792 3564 1863 Εὑαγγελίοιι,
3640 1796 3756 1865 περὶ
3803 1809 3853 1842 τε

478 1876 758 1959 passione
836 1888 895 1941 et
959 1884 1259 1940 occisione
1307 1899 1377 1939 ac
1444 1884 1873 1939 resurrectione
1929 1898 1939 1936 :
2006 1881 2142 1937 ideo

480 1975 680 2041 etiam,
730 1989 869 2029 cum
917 1974 1029 2031 hos
1080 1973 1259 2046 quasi
1290 1972 1626 2044 signiﬁcare
1659 1974 1997 2044 incepisset,
2032 1987 2141 2026 cae-

482 2068 609 2122 tera
645 2062 901 2137 reliquit,
944 2068 1233 2137 tanquam
1254 2062 1381 2134 jam
1403 2060 1703 2118 intellecta

544 2242 733 2298 .Vers.
796 2245 886 2298 44.
943 2240 1135 2298 Filius
1187 2240 1623 2297 enim—Vers.
1681 2240 1769 2296 45.
1832 2239 1959 2296 hoc.
2015 2240 2147 2294 Ver-

488 2333 654 2395 bum,
690 2346 813 2387 non
846 2329 1009 2404 quod
1038 2335 1164 2386 erat
1194 2330 1267 2385 de
1291 2330 1566 2400 passione
1606 2334 1665 2384 et
1690 2328 2017 2396 occisione,
2043 2327 2148 2383 sed

489 2422 564 2477 de
601 2420 1051 2477 resurrectione.
1117 2420 1345 2475 Dictum
1398 2423 1490 2473 est
1538 2424 1737 2474 autem
1798 2418 1872 2473 de
1928 2419 2043 2473 hoc
2087 2417 2148 2472 in

489 2511 610 2567 ﬁne
652 2509 1039 2566 enarrationis
1075 2508 1351 2564 tricesimi
1377 2508 1566 2581 quinti
1604 2507 1816 2579 capitis
1850 2506 2149 2573 Evangelii

492 2599 826 2657 secundum
871 2598 1211 2655 Matthaeum
1242 2616 1254 2653 :
1286 2600 1417 2667 lege
1447 2613 1611 2669 ergo,
1668 2613 1804 2669 quae
1862 2596 1941 2652 ibi
1997 2596 2152 2653 dicta

494 2693 657 2746 sunt.

497 2778 648 2837 CAP.
683 2778 892 2833 XXXII.
925 2778 1007 2833 De
1042 2776 1491 2846 disputantibus
1523 2776 1653 2848 quis
1675 2783 1813 2832 esset
1841 2776 2043 2846 major.

566 2870 731 2923 Vers.
785 2869 874 2921 46.
929 2866 1188 2922 Intravit
1217 2898 1283 2907 —
1318 2866 1480 2923 Vers.
1530 2866 1618 2921 47.
1668 2867 1848 2937 juxta
1890 2880 1966 2921 se.
2016 2865 2154 2920 Mat-

498 2956 690 3014 theeus
722 2971 861 3012 vero
905 2954 1201 3011 tricesimo
1242 2956 1497 3027 septimo
1529 2956 1720 3028 capite
1748 2956 1827 3010 ait
1875 2956 1944 3020 ⁵⁷,
1990 2954 2155 3027 quod

498 3046 853 3103 accedentes
903 3044 1178 3117 discipuli
1222 3044 1296 3099 de
1326 3044 1438 3100 hoc
1469 3044 1985 3113 interrogaverunt
2020 3060 2155 3099 eum

2252 1886 2345 1930 τοῦ
2408 1880 2632 1943 Πάθους,
2694 1885 2905 1942 καὶτῆς
2962 1883 3287 1953 ἀναιρέσεως,
3343 1887 3436 1934 καὶ
3488 1890 3585 1942 τῆς
3633 1879 3852 1933 ἀναστάο

2258 1986 2386 2028 σεως
2451 1968 2630 2021 αὐτοῦ.
2690 1971 2775 2021 Διό
2835 1973 2919 2021 καὶ
2969 1969 3304 2043 ἐναρξάμενος
3352 1971 3546 2040 αὐτῶν,
3604 1974 3734 2023 ὥστε
3766 1967 3854 2026 δη·

2254 2056 2441 2121 λώσαι,
2486 2062 2597 2130 περὶ
2632 2058 2698 2108 ὧν
2737 2057 2892 2129 λέγει,
2924 2062 2991 2110 τὰ
3051 2059 3206 2111 λοιπὰ
3252 2059 3637 2125 καταλέλοιπεν,
3663 2063 3725 2120 ὡς
3753 2055 3853 2117 ἤδη

2255 2148 2522 2218 νοούμενα.

2327 2235 2385 2287 Ὀ
2439 2238 2540 2308 γὰρ
2587 2238 2708 2298 Υἱός
2783 2268 2851 2277 —-
2912 2241 3117 2293 τούτου.
3174 2242 3243 2291 Τὸ
3302 2240 3473 2314 ῥῆμα,
3522 2239 3580 2291 οὐ
3639 2243 3696 2291 τό
3748 2243 3859 2312 περὶ

2259 2345 2349 2377 του
2400 2327 2602 2386 Ποίθους
2651 2331 2738 2377 καὶ
2781 2335 2875 2386 τῆς
2927 2326 3249 2401 ἀναιρέσεως,
3312 2327 3441 2380 ἀλλὰ
3494 2333 3552 2381 τό
3606 2334 3725 2403 περὶ
3773 2336 3862 2389 τῆς

2260 2412 2612 2473 ἀναστάσεως.
2671 2419 2891 2490 Εἴρηται
2969 2414 3026 2470 δὲ
3078 2423 3195 2489 περὶ
3265 2422 3455 2471 τούτου
3523 2418 3570 2470 ἐν
3622 2428 3690 2488 τῷ
3742 2417 3865 2470 τέλει

2262 2512 2357 2565 τῆς
2437 2502 2734 2574 ἐξηγήσεως
2812 2514 2902 2557 τοῦ
2978 2514 3292 2579 τριακοστοῦ
3389 2513 3633 2580 πέμπτου
3722 2527 3865 2578 κεφας

2266 2594 2413 2645 λαίου
2473 2602 2562 2645 τοῦ
2622 2598 2753 2646 κατὰ
2808 2597 3095 2663 Ματθαῐον,
3180 2602 3270 2649 xui
3338 2596 3603 2668 ἀνάγνωθι
3655 2600 3720 2649 τὰ
3772 2596 3869 2649 ἐκεῖ

2262 2683 2504 2757 ῥηθέντα.

2374 2780 2519 2826 ΚΕΦ.
2548 2772 2665 2829 ΛΒ’.
2700 2778 2819 2848 Περὶ
2851 2783 2950 2826 τῶν
2975 2772 3415 2847 διαλογιζομένων
3446 2783 3524 2838 τίς
3554 2782 3767 2850 μείζων.

2337 2863 2564 2920 Εἰσῆλθε
2610 2896 2677 2903 -
2729 2865 2850 2939 παρ’
2908 2864 3081 2935 ἐαντῳ.
3138 2865 3195 2917 Ὀ
3249 2862 3307 2918 δε
3362 2870 3640 2929 Ματθαίος
3700 2866 3746 2919 ἐν
3808 2874 3877 2936 τῷ

2267 2961 2562 3025 τριακοστῷ
2622 2949 2827 3024 ἑϐδόμῳ
2885 2954 3144 3027 κεφαλαίῳ
3208 2960 3517 3027 emo-irati
3568 2957 3880 3029 προσελθόν-

2268 3060 2349 3102 τες
2393 3044 2439 3094 οἰ
2470 3044 3019 3115 μαθηταὶήμωτήσαν
3069 3044 3223 3097 αὑτὸν
3290 3051 3404 3118 περὶ
3468 3050 3680 3099 τούτου.
3737 3048 3881 3107 Εἰκὸς

498 3134 827 3192 Verisimile
853 3149 995 3205 ergo
1028 3139 1133 3199 est,
1158 3134 1323 3198 quod
1352 3132 1448 3189 ubi
1464 3134 1887 3204 cogitationem
1920 3132 2154 3189 illorum

2280 3129 2351 3197 δὲ,
2391 3136 2598 3203 γνόντος
2650 3132 2809 3184 αὐτοῦ
2857 3137 2942 3185 τὸν
2998 3130 3343 3207 διαλογισμὸν
3404 3136 3603 3203 αὐτῶν,
3664 3142 3754 3189 καὶ
3798 3136 3871 3188 έπ-

499 3222 1452 3297 COgnovisset:etinterrogasset:
1484 3222 1636 3289 Quid
1657 3223 1833 3279 invia
1862 3221 2160 3277 tractaba-

503 3314 575 3370 tis
603 3315 630 3369 ?
659 3313 810 3369 sicut
840 3312 989 3368 dixit
1013 3315 1239 3368 Marcus
1273 3313 1338 3377 ⁵⁸,
1378 3312 1757 3383 postmodum
1800 3312 1979 3366 etiam
2028 3310 2156 3381 ipsi,

501 3420 639 3460 cum
677 3404 807 3475 jam
829 3402 1067 3472 cognita
1096 3406 1249 3457 esset
1288 3401 1568 3469 cogitatio
1601 3416 1733 3465 sua,
1767 3400 2161 3469 interrogave-

500 3497 641 3550 runt
688 3493 762 3548 de
789 3493 903 3547 hoc
938 3491 1190 3546 :deinde
1230 3492 1400 3546 Jesus
1452 3490 1844 3561 apprehendit
1886 3506 2159 3559 puerum,

501 3582 605 3653 qui
650 3581 733 3636 ibi
772 3596 1037 3653 praesens
1065 3585 1208 3645 erat,
1251 3584 1307 3635 et
1336 3580 1541 3634 statuit
1572 3579 1739 3634 illum
1770 3579 1938 3648 juxta
1970 3594 2049 3639 se,
2083 3577 2166 3633 di-

500 3670 705 3742 xitque
752 3674 984 3734 caetera,
1031 3685 1167 3739 quae
1221 3672 1566 3741 sequuntur.
1614 3671 1815 3740 Itaque
1862 3667 2165 3722 Matthaaus

504 3758 755 3829 scripsit,
798 3757 963 3829 quod
1004 3758 1517 3827 interrogaverunt
1565 3757 1840 3829 discipuli
1875 3774 1887 3822 ;
1932 3756 2165 3812 Marcus

504 3863 643 3904 vero
693 3852 749 3902 et
781 3848 966 3902 Lucas
1007 3847 1118 3901 hoc
1158 3847 1358 3901 relicto
1413 3848 1789 3917 scripserunt,
1850 3846 2018 3920 quod
2072 3862 2167 3901 co-

507 3938 711 4010 gnovit
741 3937 1156 4008 cOgitationem
1190 3953 1393 3991 eorum
1424 3953 1436 3990 :
1471 3944 1525 3991 et
1556 3936 1649 3991 ille
1689 3936 1935 4009 quidem
1978 3942 2167 4007 poste-

504 4028 665 4083 riora
690 4026 855 4090 dixit,
886 4025 982 4081 hic
1017 4031 1215 4081 autem
1246 4026 1464 4098 priora.
1510 4026 1660 4098 Lege
1692 4042 1833 4096 ergo
1882 4026 2041 4081 dicto
2073 4042 2169 4081 ca-

506 4114 629 4188 pite
686 4114 983 4185 Evangelii
1034 4115 1207 4186 juxta
1278 4116 1617 4171 Mattbaeum
1685 4114 2168 4189 explanationem

506 4210 717 4272 totam,
741 4220 877 4278 quae
899 4204 1232 4260 admodum
1266 4204 1419 4259 utilis
1451 4210 1558 4261 est.

579 4293 743 4351 Vers.
798 4295 886 4350 48.
919 4294 993 4349 Et
1034 4294 1347 4351 ait—me.
1379 4294 1508 4350 Alia
1560 4310 1793 4367 quoque
1847 4302 1985 4351 ante
2042 4294 2172 4350 haec

508 4382 679 4453 dixit,
735 4399 872 4455 quae
913 4382 1220 4438 Matthaeus
1264 4383 1635 4455 conscripsit.
1670 4400 1775 4455 per
1817 4401 1953 4457 quae
1994 4385 2172 4440 etiam

2272 3228 2621 3295 ερωτήσαντος
2668 3222 2876 3286 αὐτοὺς,
2924 3228 2973 3275 τί
3012 3222 3059 3274 ἐν
3099 3232 3161 3295 τῇ
3217 3226 3319 3294 όκῷ
3369 3230 3506 3298 πρὸς
3560 3227 3777 3287 ἑαυτοὺς
3806 3223 3884 3278 δι-

2272 3312 2586 3382 ελογίζοντο,
2639 3314 2706 3371 ὡς
2740 3308 2872 3363 εἶπεν
2941 3314 2965 3364 6
3024 3316 3251 3385 Μάρκος,
3302 3313 3485 3366 λοιπόν
3548 3320 3641 3367 καὶ
3702 3316 3889 3378 αὐτοὺς

2274 3404 2342 3462 ως
2371 3397 2477 3459 ἤδη
2510 3403 2830 3472 γνωσθέντος
2877 3410 2967 3453 τοῦ
3016 3398 3386 3475 διαλογισμοῦ,
3445 3403 3721 3479 ἐρωτῆσαι
3777 3411 3890 3478 περὶ

2276 3491 2455 3556 αὑτοῦ,
2507 3487 2618 3542 εἶτα
2668 3494 2753 3541 τόν
2807 3492 3014 3548 Ἰησοῦν
3074 3490 3418 3549 ἐπιήαϐέσθαι
3473 3492 3703 3547 παιδίου
3759 3515 3890 3567 παρ-

2278 3599 2463 3642 ιόντος,
2527 3584 2617 3630 καὶ
2694 3589 2890 3637 στῆσαι
2943 3582 3067 3631 αὐτὸ
3125 3586 3245 3654 παρ’
3310 3582 3497 3652 ἐαυτῷ,
3562 3590 3650 3637 καὶ
3735 3585 3893 3637 εἰπεῖν

2276 3672 2341 3720 τὰ
2368 3669 2498 3730 ἑξῆς.
2549 3673 2743 3720 Λοιπὸν
2798 3666 2884 3720 οὖν
2940 3671 2964 3720 6
3004 3673 3092 3741 μὲν
3150 3673 3437 3734 Ματθαῖος,
3502 3673 3734 3747 ἔγραψεν
3780 3675 3894 3725 ’ὅτι

2280 3759 2552 3832 ήρωτησαν
2599 3761 2646 3810 οἱ
2691 3760 2925 3829 μαθηταί
2954 3774 2967 3787 ⁹
3004 3762 3216 3832 Μάρκος
3254 3756 3312 3812 δὲ
3355 3765 3443 3813 καὶ
3472 3769 3709 3831 Λουκᾶς,
3744 3774 3897 3816 τουτο

2278 3848 2664 3919 παραλιπόντες,
2768 3850 3074 3921 ἱστόρησαν,
3186 3850 3264 3900 ὃτι
3346 3852 3471 3919 ἔγνω
3551 3856 3642 3903 τόν
3723 3850 3899 3905 διαλο-

2276 3941 2469 4009 γισμὸν
2519 3937 2705 3988 αὐτῶν.
2761 3942 2861 3989 Καὶ
2911 3939 2934 3988 6
2993 3941 3080 4010 μὲν
3125 3940 3191 3989 τὰ
3230 3938 3444 4012 ὓστερον
3501 3937 3665 4008 εἶπεν,
3738 3945 3789 3994 οἱ
3844 3937 3902 3994 δὲ

2278 4030 2343 4079 τὰ
2373 4032 2641 4099 πρότερον.
2700 4029 2985 4098 Ἀνάγνωθι
3040 4023 3098 4079 δὲ
3157 4026 3204 4078 ἐν
3257 4036 3328 4097 τῷ
3372 4028 3583 4101 ῥηθέντι
3635 4032 3901 4103 κεφαλαίῳ

2280 4124 2370 4168 τοῦ
2402 4119 2533 4169 κατὰ
2562 4118 2819 4171 Ματθαῐον
2846 4121 2939 4175 τήν
2972 4116 3092 4173 ὃλην
3141 4115 3413 4188 ἐξήγησιν,
3466 4116 3904 4191 ἀναγκαιοτάτην

2282 4204 2468 4261 αὖσαν.

2358 4299 2457 4348 Καὶ
2506 4293 2641 4347 εἶπεν
2690 4325 2757 4335 -
2806 4314 2887 4366 με.
2946 4297 3048 4350 Καὶ
3107 4294 3236 4346 ἄλλα
3286 4298 3383 4368 πρὸ
3438 4300 3640 4350 τούτων
3675 4302 3908 4372 εἴρηκεν,

2284 4385 2411 4456 οἷπερ
2485 4382 2767 4458 ἀνέγραφεν
2813 4386 2836 4434 6
2888 4385 3176 4448 Ματθαίος,
3231 4383 3316 4456 ἀφ’
3383 4387 3449 4435 ὧν
3520 4387 3760 4462 εὐχερῶς
3819 4392 3911 4438 καὶ

508 4466 635 4531 hac
682 4472 854 4529 facile
910 4477 1401 4542 cognoscuntur;
1444 4490 1642 4546 qurere
1690 4490 1831 4546 ergo
1870 4474 1989 4530 illa.
2047 4476 2154 4529 Per

2284 4482 2451 4525 ταῦτα
2539 4468 2993 4543 διαγινώσκονται,
3086 4478 3174 4525 καὶ
3234 4474 3458 4533 ζήτησον
3554 4477 3719 4531 αὐτά.
3817 4478 3915 4529 Διὰ

510 4578 767 4636 puerum
810 4577 954 4618 vero
1001 4561 1400 4618 humilitatem
1450 4567 1506 4619 et
1552 4563 1953 4635 abjectionem
1996 4563 2178 4634 signi-

509 4651 706 4708 ticavi.

542 4796 551 4813 ,
583 4740 747 4795 Vers.
790 4740 879 4794 48.
933 4739 1087 4796 Nam
1117 4771 1184 4779 —
1214 4757 1481 4811 magnus.
1508 4742 1620 4796 Hic
1660 4741 1797 4797 ﬁnis
1858 4748 1948 4798 est
1979 4744 2178 4798 inten-

513 4830 690 4888 tionis
741 4833 985 4901 propter
1038 4834 1213 4902 quam
1279 4845 1526 4901 puerum
1579 4832 1751 4901 juxta
1814 4848 1878 4885 se
1954 4832 2173 4887 statuit.

514 4918 821 4977 Minimum
852 4923 1076 4984 autem,
1123 4917 1267 4974 dixit
1309 4919 1737 4974 humillimum.
1775 4919 2000 4976 Similia
2030 4936 2197 4991 quo-_

514 5026 633 5082 que
686 5008 831 5064 dixit
869 5008 1334 5081 quadragesimo
1393 5009 1561 5064 tertio
1601 5008 1902 5078 Evangelii
1959 5025 2178 5064 secun-

516 5100 664 5156 dum
706 5099 1048 5155 Matthaaum
1106 5098 1300 5171 capite
1343 5104 1448 5155 :et
1500 5098 1671 5170 juxta
1729 5098 2177 5171 medium‘ejus

517 5189 749 5262 capitis.
814 5262 817 5265 _

526 5277 1283 5347 “Vers;'119.Respondens
1349 5308 1417 5316 —
1467 5278 1630 5332 Vers.
1697 5278 1787 5333 50.
1862 5285 1966 5335 est.
2045 5278 2180 5333 Haec

521 5366 701 5425 etiam
732 5367 965 5439 scripsit
1008 5369 1237 5424 Marcus
1270 5366 1553 5422 vicesimo
1585 5367 1841 5438 septimo
1884 5369 2096 5440 capite,
2128 5373 2182 5425 et

519 5457 602 5514 ibi
630 5458 850 5515 horum
878 5456 1008 5528 lege
1038 5457 1546 5529 explanationem.

535 5650 547 5659 '
600 5641 645 5675 ⁸⁷
672 5638 875 5697 Matth.
902 5653 1061 5703 xvm,
1094 5637 1143 5693 l.
1224 5636 1271 5673 ⁸⁸
1301 5638 1473 5735 Narc-
1509 5652 1587 5705 IX,
1613 5635 1701 5693 33-

2285 4570 2376 4614 τοῦ
2398 4558 2616 4615 παιδίου
2652 4558 2709 4614 δε
2742 4567 2833 4620 τήν
2863 4568 3171 4615 ταπείνωσιν
3198 4568 3287 4615 καὶ
3336 4562 3591 4615 εὖτελειαν
3635 4564 3911 4625 ὑπεδήλω-

2288 4670 2392 4704 σεν.

2354 4739 2413 4792 Ὀ
2455 4743 2555 4814 γαρ
2604 4773 2669 4779 -
2705 4745 2887 4812 μέγας.
2946 4748 3108 4794 Τοῦτο
3167 4746 3321 4813 πέρας
3360 4761 3448 4793 του
3485 4751 3715 4810 σκοποῦ,
3750 4742 3828 4797 δι’
3863 4746 3916 4796 ὃν

2287 4832 2477 4886 ἔστησε
2503 4829 2557 4881 τὸ
2587 4826 2803 4881 παιδίον
2830 4829 2951 4902 παρ’
2978 4831 3141 4902 ἐαυτῷ
3177 4850 3186 4859 ⁸
3223 4838 3518 4903 μικρόιερον
3549 4828 3610 4883 δὲ
3642 4833 3811 4903 λέγει,
3830 4837 3917 4885 τόν

2286 4923 2662 4990 ταπεινότερον.
2699 4916 2822 4971 Εἷπε
2856 4916 2912 4971 δὲ
2934 4928 3154 4972 τοιαῦτα
3182 4924 3271 4971 καὶ
3294 4920 3343 4972 ἐν
3374 4929 3445 4990 τῷ
3486 4932 3919 4993 τεσσαρακοστῷ

2286 5012 2446 5078 τρίτῳ
2466 5007 2724 5079 κεφαλαίῳ
2773 5016 2862 5059 τοῦ
2893 5012 3026 5061 κατά
3079 5010 3369 5075 Ματθαίον,
3399 5015 3489 5062 καὶ
3516 5010 3764 5070 ζήτησον
3800 5016 3922 5084 περὶ

2287 5100 2343 5149 τό
2370 5101 2526 5169 μέσον
2557 5105 2649 5149 τοῦ
2679 5100 2914 5150 τοιούτου
2946 5097 3246 5169 κεφαλαίου.

2364 5277 2699 5348 Ἀπσκριθεὶς
2723 5309 2789 5316 -
2813 5274 2944 5331 ἐστί.
2974 5282 3153 5329 Ταῦτα
3181 5280 3270 5328 καὶ
3311 5278 3335 5328 6
3364 5276 3577 5350 Μάρκος
3606 5278 3852 5351 ἔφραψεν
3879 5276 3929 5330 ἐν

2292 5377 2362 5440 τῷ
2395 5368 2611 5437 εἰκοστῷ
2636 5364 2842 5439 ἑϐδόμῳ
2882 5364 3159 5437 κεφαλαίῳ,
3195 5372 3283 5419 καὶ
3335 5366 3593 5439 ἀνάγνωθι
3655 5365 3773 5421 ἐκεῖ
3829 5373 3929 5427 τήν

2291 5461 2487 5510 τούτων
2518 5462 2803 5529 σαφήνειαν
2817 5498 2828 5511 .
