4074 6410
228 378 335 437 953

306 505 530 577 Ἐγένετο
587 535 655 545 -
721 502 1017 577 Ἰερουσαλή
1025 524 1082 576 μ·

239 595 367 665 ,μεως
425 594 584 646 αὐτοῦ
641 594 776 666 λέγει
828 597 914 645 τὸν
974 597 1153 668 καιρὸν
1210 596 1297 644 τὸν
1358 591 1703 666 ἀφορισθέντα
1750 596 1834 662 μέ-

233 705 333 759 χρι
360 693 449 745 τῆς
473 682 776 754 ἀναλήψεως
828 683 1010 747 αὐτοῦ,
1044 690 1138 744 τῆς
1180 680 1280 735 ἀπὸ
1330 689 1428 753 γῆς
1480 681 1550 742 εἰς
1598 681 1831 755 οὐρανόν.

234 773 458 846 Ἥγνιζε
501 775 603 847 γὰρ
642 770 749 832 ἤδη
791 778 881 825 καὶ
938 775 968 831 ἠ
1018 771 1281 847 ἀναίρεσις
1306 771 1485 839 αὐτοῦ,
1525 776 1614 822 καὶ
1644 772 1673 827 ἡ
1719 767 1837 820 ἀνά-

236 882 444 927 στασις,
472 868 564 915 καὶ
614 864 644 921 ἡ
693 861 975 933 ἀνάληψις.
1027 861 1295 936 Ἐστήριξε
1335 859 1392 915 δὲ
1454 864 1511 913 τὸ
1558 864 1835 934 πρόσωπον

236 953 417 1019 αὐτοῦ,
480 951 594 1005 ἀντὶ
655 960 765 1022 τοῦ,
837 951 1147 1017 ἀπηύθυνεν,
1207 954 1341 1003 ὥστε
1400 951 1712 1024 πορεύεσθαι
1768 948 1838 1009 εἰς

233 1041 580 1116 Ἰερουσαλὴμ
610 1040 1019 1115 ἀμεταστρεπτὶ,
1051 1044 1374 1113 ἐπειγόμενος
1399 1043 1528 1114 πρὸς
1552 1043 1609 1092 τὸ
1644 1040 1835 1098 Πάθος.

234 1135 532 1202 Γέγραπται
568 1133 670 1204 γὰρ
710 1129 758 1182 ἐν
801 1138 862 1202 τῇ
899 1129 1068 1202 βίϐλῳ
1092 1138 1190 1183 τῶν
1239 1130 1481 1202 Ψαλμῶν
1516 1128 1839 1199 Ἐπιστηριώ

234 1218 319 1271 ἐπι
351 1223 408 1272 σε
430 1225 552 1282 τοὺς
578 1220 874 1294 ὀφθαλμούς
902 1239 1002 1290 μου
1032 1219 1510 1292 εἶτουν,ἀπερείσω,
1546 1216 1835 1285 ἀπευθυνῶ,

233 1307 454 1371 ἀκλινῶς
479 1308 677 1382 βλέψω.

309 1404 410 1453 Καὶ
440 1428 506 1438 -
539 1399 717 1454 αὐτοῦ.
751 1400 1013 1461 Μηνυτάς.

310 1582 411 1630 Καὶ
471 1579 803 1651 πορευθέντες
867 1607 935 1618 -
990 1584 1333 1650 Σαμαρειτῶν.
1393 1578 1536 1630 Κατὰ
1606 1574 1837 1650 πάροδον

230 1666 394 1718 αὐτοῦ
420 1671 677 1739 κειμένην.

302 1754 465 1809 Ὠστε
503 1755 782 1828 ἑτοιμάσαι
825 1755 986 1826 αὐτῷ.
1041 1752 1362 1828 ’Υποδοχὴν,
1411 1752 1673 1823 δηλονότι,
1714 1758 1836 1829 πρὸς

228 1849 546 1917 καταγωγὴν
577 1844 739 1897 αὐτου
769 1864 823 1897 τε
852 1851 941 1897 καὶ
966 1854 1065 1897 τῶν
1099 1849 1192 1897 σὺν
1218 1846 1379 1916 αὐτῷ.

308 2028 408 2076 Καὶ
450 2023 544 2076 οὐκ
577 2054 639 2066 -
663 2023 1030 2097 Ἰερουσαλήμ.
1077 2027 1147 2078 Τὸ
1187 2029 1465 2097 πρόσωπον
1509 2024 1688 2089 αὐτοῦ,
1720 2024 1810 2076 αντ

230 2122 349 2182 τοῦ,
383 2113 559 2180 αὐτὸς,
586 2111 687 2165 ἀπὸ
717 2118 926 2187 μέρους,
969 2116 1026 2165 τὸ
1059 2113 1190 2168 ὅλον.
1223 2115 1331 2166 Οὐκ
1362 2111 1620 2181 ἐδέξαντο,
1655 2120 1834 2186 φησιν,

236 2204 413 2270 αὐτὸν,
451 2200 592 2256 διότι
622 2200 681 2262 ἦν
731 2208 1068 2277 πορευόμενος
1104 2204 1177 2265 εἰς
1222 2204 1575 2276 Ἰερουσαλὴμ,
1604 2203 1682 2257 ἐπὶ
1717 2208 1838 2266 τοὺς

235 2293 461 2368 ἐχθροὺς
492 2293 678 2349 αὐτῶν.
709 2293 1097 2369 Ἐναντίωςγαρ
1126 2296 1173 2345 οὶ
1208 2302 1520 2367 Σαμαρεῖται
1561 2300 1684 2368 πρὸς
1724 2298 1839 2356 τοὺς

238 2382 642 2457 Ιεροσολυμίτας
677 2379 944 2435 διέκειντο.

309 2468 528 2532 ’ἰδόντες
574 2468 632 2524 δε
692 2501 757 2512 —-—
802 2472 975 2533 αὐτοῖς
1185 2472 1575 2545 Ὑπολαμϐάνω,
1622 2477 1837 2535 τούτονς

234 2560 367 2614 εἶναι
408 2565 526 2622 τοὺς
591 2560 997 2623 ἀποσταλέντας.
1049 2563 1407 2635 Ὠργίσθησαν
1456 2567 1546 2634 μὲν
1607 2561 1714 2625 οὖν,
1773 2567 1837 2625 ὡς

234 2650 610 2724 ἀτιμασθέντος
650 2658 741 2703 τοῦ
791 2648 1141 2703 διδασκάλου·
1181 2654 1459 2725 ἠρώτησαν
1512 2650 1587 2713 δὲ,
1628 2654 1671 2705 εἰ
1723 2659 1833 2725 χρὴ

231 2746 354 2803 τοὺς
403 2740 765 2812 ἀτιμάσαντας
816 2739 1137 2813 ἀμύνασθαι,
1178 2746 1245 2792 ὡν
1302 2745 1612 2813 μιμούμενοι
1660 2744 1837 2795 Ἠλίαν

231 2832 320 2881 τὸν
378 2829 636 2890 ζηλωτήν.
669 2830 982 2902 Ἐπετίμησε
1025 2828 1084 2882 δὲ
1150 2831 1321 2892 αὐτοῖς
1382 2834 1407 2883 ὁ
1468 2836 1713 2905 Χριστός,
1773 2836 1837 2893 ὡς

234 2917 556 2983 ἀνεξίκακος,
624 2916 890 2972 παιδεύων
967 2920 1176 2988 αὐτοὺς,
1245 2923 1597 2993 μακροθύμως
1675 2926 1837 2993 φέρειν

232 3012 322 3069 τὰς
373 3007 584 3081 ἀτιμίας
636 3018 735 3061 τῶν
785 3007 1147 3063 ἀπειθούντων.
1222 3010 1498 3081 Ἐγίνωσκε
1560 3014 1648 3083 μεν
1713 3014 1835 3083 γὰρ,

236 3098 313 3148 ὃτι
352 3097 410 3149 οὐ
456 3095 839 3171 παραδέξονταί
884 3099 1038 3150 αὐτὸν
1087 3099 1198 3171 (60)
1253 3102 1301 3152 οὶ
1344 3098 1676 3173 Σαμαρεῖται·
1714 3098 1839 3152 ἀπέ-

1310 375 1683 432 COMMENT.
1734 372 1803 427 IN
1843 371 2107 437 LUCAM.
2150 402 2215 414 -
2256 370 2412 429 CAP.
2459 370 2556 426 IX.

1171 500 1392 575 Ἡμέρας
1472 511 1563 562 τῆς
1641 499 1836 556 ἀναλή-

2021 499 2178 553 Vers.
2233 498 2319 554 51.
2352 499 2607 555 Factum
2638 502 2721 554 est
2751 529 2820 538 —-
2850 495 3285 566 Hierosolyma.
3338 493 3474 550 Dies
3518 510 3608 551 as-

3505 371 3613 431 954

1946 587 2305 659 sumptionis
2342 588 2553 659 ipsius,
2595 587 2735 644 dicit
2786 586 3143 658 praeﬁnitum
3176 591 3430 656 tempus,
3464 584 3607 640 dum

1946 693 1984 732 a
2016 682 2170 732 terra
2198 683 2604 733 assumeretur
2630 676 2690 732 in
2721 676 2938 732 coelum
2970 676 3125 745 ;jam
3165 675 3321 729 enim
3348 673 3609 729 instabat

1948 767 2035 821 sui
2068 766 2448 837 interemptio
2474 784 2543 823 ac
2577 766 2930 822 resurrectio
2956 770 3011 820 et
3035 762 3381 835 assumptio.
3418 762 3607 819 Obﬁr-

1950 855 2362 910 mavitfaciem
2394 872 2589 920 suam,
2626 856 2738 911 hoc
2787 860 2889 920 est,
2938 853 3163 918 direxit,
3223 859 3283 907 ut
3326 853 3435 907 iret
3482 851 3609 906 Hic-

1946 946 2267 1017 resolyma,
2300 946 2691 1018 progrediens
2721 946 2797 1001 ad
2838 945 3203 1017 passionem,
3245 959 3319 998 ne
3367 941 3609 1013 respici-

1949 1035 2105 1091 endo
2156 1036 2403 1108 quidem
2454 1035 2513 1089 in
2548 1041 2805 1105 tergum.
2866 1034 3167 1106 Scriptum
3207 1039 3295 1089 est
3334 1032 3493 1087 enim
3543 1032 3607 1087 in

1948 1125 2095 1179 libro
2126 1141 2366 1196 quoque
2384 1124 2755 1181 Psalmorum
2786 1140 2799 1180 :
2829 1124 3158 1189 Obﬁrmabo
3186 1138 3365 1191 super
3399 1128 3453 1177 te
3471 1137 3607 1177 ocu-

1952 1216 2036 1270 los
2063 1231 2219 1271 meos
2245 1216 2292 1249 5°
2318 1215 2471 1281 ;sive
2498 1214 2768 1285 inﬁgam,
2796 1214 3074 1284 dirigam,
3108 1211 3608 1268 indeclinabiliter

1948 1304 2258 1376 aspiciam.

2020 1396 2175 1449 Vers.
2204 1398 2287 1451 52.
2318 1396 2400 1450 Et
2429 1427 2495 1435 —
2526 1411 2717 1459 suum,
2762 1394 2861 1449 llic
2892 1392 3069 1449 etiam
3126 1392 3302 1447 dictio
3356 1392 3605 1461 ἀγγέλους

1948 1484 2292 1555 simpliciter
2316 1484 2551 1540 nuntios
2584 1484 2897 1553 signiﬁcat.

2026 1573 2180 1629 Vers.
2211 1579 2298 1629 5'2.
2330 1576 2411 1630 Et
2434 1581 2635 1632 euntes
2666 1605 2734 1615 —
2764 1572 3305 1630 Samaritanorum.
3341 1569 3513 1635 Quod
3544 1570 3604 1624 in

1948 1663 2198 1720 transitu
2226 1664 2355 1735 ejus
2400 1664 2582 1719 situm
2615 1669 2763 1719 erat.

2018 1755 2179 1808 Vers.
2211 1758 2297 1808 5'2.
2343 1755 2413 1810 Ut
2441 1757 2717 1825 pararent
2772 1752 2884 1809 illi.
2941 1750 3264 1822 Hospitium
3306 1748 3602 1805 videlicet.

1874 1842 1914 1898 Β
1947 1844 2020 1897 ad
2069 1844 2507 1915 susceptionem
2541 1842 2749 1915 ipsius,
2783 1848 2840 1897 et
2869 1841 3128 1907 illorum,
3185 1840 3292 1912 qui
3347 1855 3484 1894 eum
3535 1854 3606 1894 eo

1946 1938 2136 1988 erant.

2019 2025 2179 2078 Vers.
2208 2022 2396 2080 53.Et
2425 2022 3065 2091 non-Hierosolyma.
3097 2021 3297 2077 Facies
3326 2020 3607 2093 ejus,hoe

1949 2115 2055 2177 est,
2087 2113 2234 2183 ipse,
2285 2129 2320 2169 a
2353 2118 2519 2184 parte
2550 2116 2756 2168 totum.
2805 2114 2930 2167 Non
2971 2115 3338 2181 receperunt,
3390 2109 3604 2182 inquit,

1948 2218 2107 2266 eum,
2151 2202 2294 2273 quia
2324 2200 2613 2273 pergebat
2635 2199 3049 2272 Hierosolyma
3072 2200 3143 2255 ad
3176 2198 3429 2253 ininicos
3451 2199 3608 2269 ipso-

1948 2307 2104 2346 rum.
2134 2292 2283 2345 Nam
2315 2289 2674 2349 Samaritani
2703 2289 2947 2344 inimico
2972 2288 3175 2344 animo
3203 2286 3395 2343 affecti
3438 2290 3607 2343 erant

1949 2380 2026 2436 ad
2056 2379 2557 2451 Hierosolymitas.

2020 2469 2183 2525 Vers.
2238 2472 2323 2524 54.
2360 2468 2516 2536 Quod
2556 2484 2687 2525 cum
2732 2468 3010 2523 vidissent
3054 2498 3122 2505 —
3156 2465 3323 2522 Vers.
3372 2468 3458 2521 55.
3490 2482 3607 2521 ser-

1950 2558 2229 2616 vandum.
2280 2559 2579 2631 Suspicor,
2612 2560 2725 2614 hos
2786 2557 2963 2614 fuisse
2995 2556 3357 2628 praemissos.
3401 2558 3604 2627 Itaque

1949 2650 2081 2705 irati
2111 2656 2269 2714 sunt,
2304 2649 2467 2721 quod
2510 2654 2939 2720 praeceptorem
2990 2648 3349 2720 sprevissent
3389 2661 3402 2699 :
3433 2646 3606 2701 inter-

1947 2744 2311 2808 rogaverunt
2326 2754 2490 2807 ergo,
2515 2754 2589 2793 an
2602 2742 3046 2811 contemptores
3064 2736 3269 2792 ulcisci
3285 2739 3603 2807 oporteret,

1949 2832 2152 2900 utpote
2189 2826 2414 2883 zeloten
2461 2827 2646 2882 Etiam
2679 2828 2999 2883 imitantes.
3035 2826 3363 2898 Inerepavit
3403 2829 3607 2882 autem

1948 2916 2078 2972 illos
2120 2916 2411 2981 Christus,
2446 2921 2735 2987 tanquam
2796 2916 3057 2972 clemens
3092 2932 3105 2970 :
3140 2915 3442 2971 instruens
3478 2930 3599 2984 eos,

1950 3006 2729 3077 utincreduloruminjurias
2742 3005 3030 3076 patienter
3045 3005 3277 3061 ferrent.
3301 3003 3605 3075 Siquidem

1951 3096 2196 3162 sciebat,
2220 3098 2381 3168 quod
2413 3112 2474 3151 se
2493 3096 2822 3162 suscepturi
2841 3110 2966 3149 non
2988 3100 3186 3149 essent
3210 3094 3568 3150 Samaritani
3591 3109 3605 3149 :

237 3185 401 3239 στειλε
454 3182 514 3239 δε
563 3189 819 3259 μαθητὰς,
882 3189 965 3239 ἶνα
1017 3187 1408 3246 ἀπειθησάντων
1461 3193 1549 3261 μὲν
1615 3189 1835 3256 ἐκείνων,

1962 3185 2110 3242 misit
2136 3190 2333 3241 tamen
2376 3184 2723 3255 discipulos,
2754 3189 2816 3239 ut
2853 3183 2965 3238 illis
2996 3198 3116 3238 non
3150 3182 3518 3255 parentibus,
3552 3190 3609 3240 et

233 3274 577 3348 ὀργισθέντων
632 3273 691 3329 δὲ
719 3282 929 3341 τούτων,
963 3278 1217 3341 ἐπιπλήξῃ
1258 3284 1347 3330 καὶ
1388 3276 1583 3350 διδάξῃ
1631 3278 1837 3346 αὐτοὺς,

232 3368 302 3435 μὴ
354 3364 732 3440 ἐπεξέρχεσθαι
780 3375 890 3428 τοῖς
940 3376 1376 3441 καταφρονοῦσιν.
1436 3367 1680 3439 Ἔμελλον
1737 3372 1838 3443 γὰρ

231 3458 289 3504 τὸ
351 3458 602 3529 κήρυγμα
684 3456 1114 3527 καταγγελλοντες
1190 3459 1290 3508 ὑπὸ
1352 3457 1548 3509 πολλῶν
1605 3457 1841 3529 ἀποπέμ-

234 3544 446 3595 πεσθαι.
480 3543 604 3615 Οὐχ
647 3544 847 3605 ἑαυτοῖς
880 3542 957 3610 δὲ,
995 3545 1121 3597 ἀλλὰ
1160 3554 1220 3618 τῇ
1272 3546 1431 3598 αὑτοῦ
1467 3544 1685 3619 δυνάμει
1722 3546 1840 3618 θαρο

231 3628 441 3703 ῥοῡντες
484 3639 644 3698 εἷπον,
702 3636 781 3686 ὅτι
832 3639 1068 3708 Εῑπωμεν
1118 3645 1221 3710 πῦρ
1266 3636 1558 3695 καταϐῆναι
1608 3636 1707 3689 ἀπὸ
1752 3645 1844 3688 τοῦ

232 3719 472 3794 οὐρανοῦ.

302 3811 360 3863 Εἰ
411 3816 498 3863 καὶ
549 3813 660 3883 (61)
695 3823 923 3885 παρῆκεν
962 3816 986 3867 ὁ
1042 3822 1421 3889 Χρυσόστομος
1453 3819 1563 3887 (63)
1602 3816 1842 3879 ἐνταῦθα,

233 3905 308 3952 ro‘
366 3902 477 3954 Οὔκ
545 3900 724 3956 οἴδατε
780 3907 889 3956 οἷον
944 3909 1234 3977 πνεύματός
1295 3905 1425 3959 ἐστε·
1486 3906 1591 3958 ἀλλ’
1645 3903 1731 3959 οὖν
1794 3909 1842 3959 ὲν

234 3989 418 4062 ἑτέροις
472 3990 640 4063 λόγοις
692 3998 1007 4045 Δεσποτικόν
1070 3993 1198 4047 εἶναι
1244 3994 1380 4066 λέγει
1442 4002 1531 4048 καὶ
1587 4001 1734 4048 τουτὶ
1786 4000 1841 4048 τὸ

234 4098 409 4152 ρητον.

238 4173 461 4241 Πνεῦμα.
523 4175 687 4221 Τοῦτο
756 4174 854 4245 γὰρ
912 4170 1105 4242 ἀγαθόν
1188 4171 1299 4225 ἐστι
1357 4178 1447 4225 καὶ
1516 4172 1836 4238 ἀνεξίκακον,

236 4259 406 4332 ὥσπερ
439 4263 529 4311 καὶ
568 4262 634 4311 τὰ
662 4259 818 4313 λοιπὰ
855 4266 1116 4335 πρόσωπα
1149 4272 1244 4323 τῆς
1282 4270 1407 4335 μιᾶς
1429 4263 1733 4337 Θεοτητο;.]

306 4353 449 4400 ΚΕΦ.
478 4346 602 4402 AI".
640 4354 765 4422 Περὶ
794 4357 886 4403 τοῦ
915 4354 987 4421 μὴ
1018 4349 1414 4424 ἐπιτρεπομένου
1446 4352 1761 4406 ἀκολουθεῖν.

482 4085 681 4133 Λοιπὸν
721 4087 891 4134 τοίνυν
962 4091 1161 4155 πνεῦμα
1228 4090 1329 4137 νόει
1407 4104 1498 4156 μοι
1563 4088 1620 4136 τὸ
1692 4087 1841 4156 οἷγιον

1949 3276 2040 3331 his
2059 3275 2475 3341 irascentibus,
2506 3274 2849 3345 objurgaret
2876 3288 2946 3329 ac
2975 3272 3217 3327 doceret
3240 3287 3342 3326 eos
3372 3288 3496 3327 non
3522 3272 3609 3328 in-

1954 3381 2196 3435 surgere
2227 3365 2285 3420 in
2318 3365 2445 3419 illos
2486 3364 2590 3436 qui
2629 3369 3093 3419 contemnerent.
3131 3363 3417 3416 Futurum
3445 3362 3610 3418 enim

1954 3460 2095 3521 erat,
2133 3461 2196 3511 ut
2240 3471 2369 3510 cum
2414 3454 2796 3523 Evangelium
2856 3452 3296 3515 annuutiarent,
3345 3467 3380 3505 a
3408 3450 3609 3506 multis

1954 3545 2428 3617 repudiarentur.
2478 3547 2605 3599 Non
2634 3543 2742 3599 sibi
2774 3542 2923 3614 ipsis
2954 3545 3175 3605 autem,
3210 3541 3313 3595 sed
3346 3539 3419 3595 de
3450 3539 3607 3595 illius

1955 3636 2221 3707 potentia
2268 3634 2638 3690 conﬁdentes
2696 3633 3012 3691 dixerunt:
3061 3633 3153 3686 Vis
3204 3631 3487 3695 dicamus,
3540 3635 3611 3683 ut

1952 3724 2102 3796 ignis
2132 3741 2195 3782 ce
2225 3725 2372 3782 ccelo
2396 3725 2754 3779 descendat?

2024 3816 2111 3885 -Η-
2145 3814 2381 3869 Etiamsi
2402 3813 2970 3886 praetermiserithoe
2984 3811 3117 3868 loco
3150 3810 3610 3882 Chrysostomus

1953 3904 2064 3959 ista
2088 3920 2099 3959 :
2128 3905 2374 3960 Nescitis
2399 3906 2570 3973 cujus
2591 3902 2829 3974 spiritus
2863 3903 3020 3965 estis,
3052 3900 3156 3956 sed
3175 3902 3231 3955 in
3261 3899 3391 3954 aliis
3420 3898 3611 3954 homi-

1953 3993 2042 4049 liis
2070 3994 2185 4049 hae
2214 3993 2446 4049 Domini
2474 4008 2827 4063 responsum
2850 4007 2977 4046 esse
3001 3990 3100 4047 ait.
3126 3990 3307 4061 Igitur
3327 3989 3609 4061 Spiritum

1950 4083 2193 4156 quidem
2215 4082 2472 4154 intellige
2506 4082 2787 4153 Spiritum
2820 4085 3118 4135 sanctum.
3139 4079 3193 4133 Is
3219 4077 3381 4133 enim
3410 4076 3610 4133 bonus

1948 4177 2115 4229 estet.
2154 4171 2489 4242 indulgens,
2519 4176 2582 4226 ut
2609 4169 2849 4242 reliquae
2884 4183 3158 4240 personas
3181 4166 3361 4222 unius
3383 4172 3608 4223 natura:

1946 4261 2185 4318 divinae.

2018 4352 2173 4407 CAP.
2206 4352 2432 4415 XXXIII,
2467 4352 2553 4409 De
2582 4367 2645 4408 eo
2672 4352 2765 4408 cui
2788 4365 2908 4406 non
2943 4346 3210 4419 permisit
3239 4353 3308 4402 ut
3348 4361 3537 4416 seque-

2686 4447 2873 4496 retur.

307 4532 406 4579 Καὶ
462 4525 820 4600 ἐπορεύθησαν
869 4559 936 4569 —
994 4528 1162 4602 κλίνῃ.
1208 4531 1437 4604 Ἔγραψε
1488 4537 1603 4605 περὶ
1658 4536 1838 4585 τοῦτον

2021 4532 2184 4588 Vers.
2216 4532 2304 4587 56.
2345 4532 2423 4586 Et
2469 4531 2739 4587 abierunt
2770 4561 2837 4571 —
2868 4530 3026 4584 Vers.
3064 4526 3151 4583 58.
3209 4527 3476 4586 reclinet.
3534 4528 3607 4581 De

235 4621 322 4667 καὶ
376 4617 401 4667 ὁ
450 4618 718 4679 Ματθαίος
766 4616 813 4670 ἐν
865 4627 938 4689 τῷ
993 4615 1196 4692 δεκάτῳ
1227 4620 1504 4694 κεφαλαίῳ,
1538 4628 1626 4676 καὶ
1666 4626 1836 4697 ἡρμη-

232 4706 489 4763 νεύθησαν
521 4704 623 4758 ἐκεῖ
646 4706 781 4778 (63).

308 4792 431 4847 Eine
480 4826 549 4836 -—
602 4796 756 4850 Θεοῦ.
793 4796 932 4849 Ἐκεῖ
958 4802 1046 4850 καὶ
1082 4803 1199 4871 περὶ
1246 4803 1431 4867 τούτου
1483 4810 1661 4873 σαφῶς
1716 4800 1841 4856 διεί-

236 4882 450 4943 ληπται·
513 4883 721 4939 ἐκάλεσε
778 4882 836 4939 δε
891 4896 1069 4939 τοῦτον
1119 4890 1143 4940 ό
1190 4894 1441 4959 Χριστὸς,
1490 4888 1639 4953 εἰδὼς
1687 4896 1841 4945 αὐτὸν

232 4974 396 5036 ἀξιον.

306 5154 353 5188 ⁸³
379 5152 533 5209 Psal.
554 5168 710 5219 xxxi,
742 5154 795 5208 8.

1951 4623 2065 4678 hoc
2093 4627 2151 4677 et
2173 4621 2476 4679 Matthaaus
2508 4620 2744 4693 scripsit
2782 4618 3143 4674 duodecimo
3197 4618 3408 4690 capite,
3440 4619 3498 4671 et
3526 4614 3611 4672 ibi

1954 4711 2150 4783 posita
2180 4716 2264 4766 est
2295 4709 2714 4782 interpretatio.

2024 4802 2188 4857 Vers.
2226 4804 2311 4856 59.
2361 4802 2469 4856 Ait
2500 4832 2565 4841 —
2598 4800 2767 4855 Vers.
2812 4799 2901 4855 60.
2936 4799 3051 4857 Dei.
3091 4797 3177 4855 Ibi
3202 4798 3383 4854 etiam
3431 4798 3610 4869 plane

1954 4893 2029 4950 de
2051 4892 2168 4949 hoc
2198 4892 2565 4964 disputatum
2591 4896 2699 4945 est.
2736 4892 2899 4959 Hune
2930 4905 3067 4945 vero
3126 4888 3394 4945 Christus
3442 4902 3612 4943 voea-

1955 4982 2074 5045 bat,
2112 4980 2303 5038 sciens
2342 4996 2481 5037 eum
2511 4979 2787 5051 dignum.

1469 5255 1688 5325 Variae
1729 5256 2059 5327 lectiones
2086 5268 2152 5327 et
2181 5268 2361 5327 notae

305 5449 415 5521 (59)
448 5449 553 5505 Hic
587 5446 908 5521 Hentenius
940 5449 1222 5521 quaedam
1255 5450 1421 5508 addit
1458 5468 1528 5508 ex
1573 5452 1842 5510 editioni-

228 5522 365 5587 bus,
391 5520 471 5578 uti
504 5537 691 5593 supra
726 5520 851 5592 ipse
882 5520 1116 5593 monuit
1146 5521 1208 5577 in
1250 5523 1620 5580 Praefatione.

301 5596 412 5661 (60)
443 5592 657 5660 Τοῦτον,
685 5607 791 5663 pro
831 5592 1006 5649 αὐτόν.
1048 5596 1117 5651 Α.

304 5664 420 5747 (tit)
463 5667 597 5721 Hree
626 5670 872 5737 uterque
910 5664 971 5721 in
1020 5666 1312 5737 margine.
1348 5669 1517 5726 Caret
1572 5684 1643 5726 eo
1681 5669 1867 5747 Hen—q

232 5740 614 5884 ωἲέἓῗρτίαε
658 5823 799 5883 ergo
844 5809 1619 5883 Chrysostomiauctoritate
1642 5819 1844 5872 motus

1952 5454 2306 5526 Euthymius
2366 5453 2659 5520 omiserat,
2710 5456 2799 5505 καὶ
2878 5455 3058 5526 εἷπεν·-
3110 5455 3203 5504 οὐκ
3279 5450 3358 5506 ad
3413 5457 3609 5505 σῶσαι.

1951 5524 2164 5581 deinde
2192 5541 2337 5597 rvero
2363 5526 2634 5597 ejusdem
2669 5524 3016 5597 auctoritate
3046 5524 3469 5597 interpretatus
3500 5528 3608 5597 est.

1950 5596 2241 5653 Addenda
2267 5594 2407 5667 ergo
2436 5602 2605 5652 erant
2630 5594 2936 5651 codicibus
2959 5594 3341 5667 Euthymiiiin
3362 5594 3613 5667 repetita.

1949 5669 2215 5726 lectione.
2243 5666 2357 5727 Sed
2381 5668 2497 5726 hoc
2521 5666 3140 5741 neglectum.Copiose
3165 5666 3239 5725 de
3258 5666 3376 5725 hoc
3404 5666 3527 5721 dixi
3552 5666 3608 5721 in

1950 5744 2134 5889 Ν’(ὲΓέ)
2160 5812 2244 5868 Ἐν
2273 5814 2467 5887 ὶκείνῳ,
2501 5828 2610 5885 pro
2640 5813 2761 5868 'sxs'i.
2802 5818 2858 5867 B.
