4074 6414
487 385 594 440 955
1818 381 2110 438 EUTHYM
2123 381 2166 435 ll
2208 379 2530 438 ZIGABENI
3772 385 3870 440 956

570 510 730 566 Vers.
783 511 865 566 61.
916 509 1087 565 Dixit
1139 542 1207 550 —
1268 509 1432 565 Vers.
1491 511 1579 565 62.
1642 524 1817 581 regno
1895 509 2009 564 Dei.
2037 506 2148 574 Qui

2333 505 2456 560 Εἶπε
2521 541 2588 548 -
2644 507 2917 582 βασιλείαν
2999 516 3091 560 τοῦ
3151 515 3314 564 Θεοῦ.
3388 507 3450 560 Ὀ
3534 506 3870 583 ἐπιχειρὰσας

493 614 662 655 arare
694 603 966 662 conatur,
995 605 1049 654 et
1085 615 1118 654 a
1151 604 1307 670 tergo
1349 598 1587 671 respicit
1615 598 1944 670 corrumpit
1971 612 2102 652 con:

2262 594 2521 668 ἀροτριᾷν,
2551 604 2640 650 καὶ
2683 598 2884 671 βλέπων
2943 598 3010 658 εἰς
3065 599 3130 649 τά
3179 598 3375 663 ὀπίσω,
3413 599 3616 670 φθείρει
3657 603 3714 650 τὸ
3755 606 3871 675 προ-

494 693 588 743 tus
616 689 1145 761 promptitudinem
1178 688 1444 760 segnitie,
1479 705 1600 762 qua
1627 706 1662 744 a
1693 693 1856 757 tergo
1884 686 2096 758 respici

2262 686 2420 757 θυμόν
2467 695 2558 746 τῆς
2607 686 2986 761 ἐπιχειρήσεως
3024 695 3086 760 τῇ
3133 688 3376 761 ῥᾳθυμίᾳ
3426 694 3522 738 τοῦ
3566 685 3772 758 βλέπειν
3811 695 3871 749 εἰς

493 779 836 835 Parabolice
865 795 1004 851 ergo
1033 779 1302 834 Salvator
1327 779 1486 843 dixit,
1529 786 1797 833 aratrum
1822 782 1877 833 et
1901 776 2034 849 (xx)
2067 793 2102 832 St

2260 777 2323 826 τά
2374 777 2565 832 ὀπίσω,
2629 777 3000 850 Παραϐολικώς
3069 782 3238 829 τοίνυν
3307 778 3332 828 ό
3411 781 3587 850 Σωτὴρ
3663 777 3869 852 ἄροτρον

494 871 600 941 qui
621 885 681 925 se
705 868 1294 934 :ettantumdemest,
1320 885 1388 923 ac
1406 869 1453 922 si
1471 868 1660 923 dicat:
1694 871 1898 934 Nemo,
1922 865 2027 938 qui
2052 882 2103 920 m

2264 864 2511 936 ὠνόμασε,
2545 870 2603 918 τὸ
2633 865 2929 919 ἀκολουθεῖν
2968 867 3126 936 αὐτῷ,
3158 867 3344 937 λέγων,
3410 868 3494 917 ὃτι
3544 863 3742 927 Οὐδεὶς
3773 866 3873 920 ἐπι-

494 958 663 1030 sequi
693 963 961 1024 conatur,
996 960 1105 1013 sia
1135 963 1300 1027 tergo
1345 957 1642 1030 respiciat,
1683 957 1797 1012 hoc
1838 961 1944 1022 est,
1982 971 2103 1010 met

2259 960 2512 1026 χειρὴσας
2565 955 2860 1008 ἀκολουθεῖν
2917 976 3024 1028 μοι,
3061 960 3148 1007 καὶ
3197 954 3410 1026 βλέπῶν
3465 956 3540 1016 εἰς
3579 957 3648 1007 τὰ
3690 955 3868 1021 ὀπίσω,

495 1053 613 1104 tem
647 1047 844 1103 adhuc
877 1047 951 1103 ad
988 1048 1336 1119 temporalia
1364 1047 1606 1112 habeat,
1636 1053 1814 1118 aptus
1845 1052 1931 1102 est
1959 1046 2033 1101 ad
2062 1063 2104 1101 re

2261 1048 2513 1111 τουτέστι,
2556 1049 2640 1096 τὸν
2692 1052 2808 1097 νοῦν
2855 1048 2928 1097 ἔτι
2965 1049 3101 1117 ἔχων
3153 1044 3225 1105 εἰς
3269 1046 3340 1096 τὰ
3390 1043 3649 1118 βιωτικὰ,
3699 1044 3870 1104 ἐπιτή-

494 1152 689 1212 gnum
715 1139 831 1194 Dei.
853 1140 1093 1210 Oportet
1121 1139 1276 1193 enim
1304 1153 1457 1209 eum,
1483 1139 1583 1209 qui
1603 1137 1762 1207 eligit
1800 1136 1970 1209 sequi
1989 1135 2103 1192 Chr

2260 1129 2395 1193 δειος
2433 1137 2572 1186 ἐστιν
2628 1134 2696 1195 εἰς
2743 1139 2836 1192 τὴν
2892 1133 3164 1206 βασιλείαν
3218 1141 3312 1186 τοῦ
3368 1140 3530 1187 Θεοῦ.
3587 1139 3704 1207 Χρὴ
3754 1137 3869 1208 γὰρ,

496 1234 653 1284 stum
683 1228 991 1284 confestim
1019 1228 1538 1298 omniadespicere
1561 1227 1822 1299 etsequi,
1850 1243 1923 1282 ne
1945 1226 2105 1282 oculc

2264 1225 2343 1274 τὸν
2389 1222 2616 1292 ἑλόμενον
2665 1227 2722 1274 τὸ
2779 1222 3075 1275 ἀκολουθεῖν
3117 1231 3187 1293 τῷ
3237 1230 3484 1296 Χριστῷ,
3546 1225 3753 1274 πάντων
3803 1222 3873 1274 εῦ-

493 1316 734 1389 quidem
765 1316 843 1372 ab
861 1333 930 1371 eo
957 1316 1326 1379 divertendo,
1348 1332 1422 1371 ne
1452 1315 1599 1370 forte
1623 1315 1828 1371 habitu
1865 1331 1932 1367 ac
1955 1317 2102 1385 speci

2262 1313 2381 1371 θέως
2446 1309 2727 1384 ὑπεριδεῖν,
2802 1317 2891 1364 καὶ
2965 1311 3351 1387 ἀμεταστρεπτὶ
3410 1315 3585 1383 τούτῳ
3641 1312 3869 1384 ἔπεσθαι,

493 1422 702 1462 eorum
754 1422 888 1478 quze
921 1423 955 1460 a
986 1410 1147 1476 tergo
1197 1399 1354 1471 sunt;
1393 1406 1734 1461 retineatur.
1788 1405 1942 1471 Quid
1989 1404 2102 1459 enin

2264 1406 2460 1473 μήποτε
2490 1409 2550 1473 τῇ
2588 1406 2773 1473 σχέσει
2802 1411 2898 1454 τῶν
2941 1401 3111 1454 ὀπίσω
3141 1403 3484 1474 κατασχεϐᾕ.
3527 1407 3594 1454 Τί
3624 1404 3725 1475 γὰρ
3757 1407 3873 1455 Θεοῦ

494 1499 614 1552 Deo
646 1494 967 1566 optabilius
1006 1510 1075 1548 ac
1110 1495 1489 1566 praestantius
1517 1495 1546 1550 ?

2260 1493 2606 1563 ποθεινότερον
2635 1511 2686 1543 τε
2712 1497 2800 1543 καὶ
2831 1496 3202 1565 προτίριοτερον
3227 1509 3239 1558 ;

565 1584 714 1639 CAP.
747 1584 973 1639 XXXIV.
1008 1584 1091 1638 De
1113 1583 1427 1653 designatis
1451 1583 1825 1654 septuaginta
1851 1583 2147 1651 apostolis.

2334 1586 2480 1633 ΚΕΦ·
2529 1579 2634 1633 ΔΔ’.
2673 1586 2798 1653 Περὶ
2829 1590 2926 1632 τῶν
2960 1577 3381 1651 ἀναδειχθέντων
3415 1576 3806 1652 ἐϐδομήκοντα.

497 1675 638 1745 Cap.
673 1673 747 1726 X.
804 1672 967 1728 Vers.
1002 1688 1042 1727 1.
1074 1674 1218 1727 Post
1288 1672 1412 1728 haec
1457 1706 1523 1718 —
1568 1675 1964 1742 septuaginta.
1999 1675 2106 1744 Δρ(

2332 1672 2476 1722 Μετὰ
2541 1678 2708 1722 ταῦτα
2771 1701 2840 1709 -
2898 1667 3279 1741 ἐϐδομήκοντα.
3339 1669 3719 1732 Ἀποστόλους,
3790 1664 3877 1725 δη-

495 1762 680 1818 stolos
720 1761 1008 1818 videlicet.
1046 1760 1199 1817 Multi
1234 1761 1392 1817 enim
1425 1763 1702 1817 credituri
1732 1767 1915 1827 erant,
1947 1769 2000 1816 et
2025 1762 2104 1834 pll

2264 1759 2450 1812 λονοτι.
2504 1758 2690 1812 Πολλοὶ
2734 1762 2834 1832 γὰρ
2877 1759 3079 1832 ἔμελλον
3128 1761 3393 1811 πιστεύειν
3439 1764 3532 1811 καὶ
3577 1761 3740 1833 χρεία
3791 1777 3873 1815 κη-

493 1851 658 1908 ribus
720 1851 1211 1924 praedicatoribus
1275 1867 1428 1923 opus
1486 1856 1632 1908 erat.
1685 1851 2008 1907 Duodecim
2079 1868 2102 1906 s

2268 1852 2430 1918 οὐκων
2490 1848 2732 1901 πλειονων
2781 1845 2860 1906 ἧν.
2932 1846 3144 1902 Δώδεκα
3203 1851 3292 1920 μεν
3353 1845 3445 1900 οὖν
3496 1847 3798 1913 ἀπόστολοι,
3855 1848 3877 1898 ὁ

491 1940 736 2013 quidem
759 1940 1011 2012 apostoli
1052 1942 1281 2012 primus
1313 1946 1439 1996 erat
1475 1941 1696 1996 chorus
1728 1957 1741 2008 ;
1775 1941 2100 2014 septuagim

2269 1947 2465 2012 πρῶτος
2504 1943 2687 2012 χορός·
2744 1935 3108 2008 ἐϐδομήκοντα
3139 1934 3220 2005 δὲ,
3263 1938 3288 1988 ο
3341 1934 3610 2012 δεύτερος.
3658 1939 3878 1997 Τούτους

493 2045 654 2095 vero,
690 2030 1013 2086 secundus.
1048 2033 1164 2085 Hos
1217 2035 1406 2086 autem
1463 2030 1778 2086 duodecim
1821 2035 1875 2085 et
1920 2035 2102 2102 septu:

2268 2023 2324 2080 δὲ
2377 2031 2492 2087 τοῦς
2541 2024 2771 2091 δώδεκα,
2812 2033 2902 2080 καὶ
2953 2031 3070 2088 τοὺς
3114 2024 3504 2098 ἐϐδομήκοντα,
3557 2025 3720 2078 πάλαι
3767 2027 3877 2096 (64)

493 2119 659 2190 ginta
688 2119 1157 2192 praeﬁgurabant
1186 2119 1505 2175 duodecim
1536 2119 1731 2175 fontes
1751 2135 2067 2192 aquarum,
2100 2149 2102 2166 ι

2269 2121 2606 2190 προετύπουν,
2648 2116 2695 2168 ἐν
2745 2125 2807 2190 τῇ
2845 2118 3047 2190 Αἰλεὶμ,
3079 2116 3148 2180 εἰς
3179 2118 3242 2176 ἦν
3279 2113 3440 2175 ἦλθον
3474 2119 3524 2169 οἱ
3556 2115 3878 2191 Ἰσραηλῖται

495 2207 877 2279 septuaginta
909 2209 1104 2263 trunci
1135 2208 1476 2280 palmarum
1504 2209 1564 2263 in
1596 2209 1786 2275 IElim,
1837 2208 1916 2265 ad
1968 2225 2104 2280 qua:

2271 2204 2541 2269 διαϐάντες
2568 2212 2662 2264 τὴν
2705 2207 2956 2282 Ἐρυθρὰν
3003 2207 3293 2271 θάλασσαν,
3344 2209 3401 2258 αἱ
3455 2203 3677 2259 δώδεκα
3718 2208 3880 2276 πηγαὶ

491 2302 783 2353 venerunt
813 2298 1086 2354 Israelitee
1119 2299 1190 2366 ⁸ο,
1222 2298 1323 2354 ubi
1364 2314 1531 2354 mare
1563 2298 1827 2353 Rubrum
1855 2304 2094 2369 pertran

2272 2305 2362 2348 τῶν
2417 2285 2644 2362 ὑδάτων,
2679 2301 2768 2348 καὶ
2817 2299 2882 2348 τὰ
2927 2294 3290 2368 ἐϐδομήκοντα
3337 2295 3570 2368 στελέχη
3622 2303 3723 2347 τῶν
3780 2313 3881 2366 φοι-

491 2387 694 2445 issent.

2267 2390 2443 2438 νίκων.

563 2477 729 2533 Vers.
764 2477 814 2531 1.
835 2478 915 2532 Et
940 2477 1132 2533 emisit
1156 2483 1379 2534 —e7‘at
1402 2479 1517 2547 ipse
1538 2483 1846 2533 venturus.
1881 2475 2159 2533 Similiter

2343 2481 2443 2527 Καὶ
2525 2473 2818 2527 ἀπέστειλεν
2889 2505 2958 2514 —-
3054 2473 3252 2547 ἔμελλεν
3354 2474 3519 2535 αὐτὸς
3613 2475 3876 2547 ἔρχεσθαι.

492 2570 549 2622 et
577 2565 896 2623 duodecim
929 2566 1296 2638 conjunctim
1351 2567 1471 2638 (yy)
1527 2567 1736 2631 emisit,
1795 2566 1963 2621 sicuti
2013 2566 2101 2621 di)

2273 2569 2373 2617 Καὶ
2431 2567 2552 2625 τοὺς
2588 2561 2801 2616 δώδεκα
2843 2565 3035 2636 ὁμοίως
3089 2566 3225 2616 κατά
3271 2567 3540 2635 συζυγίαν
3573 2562 3879 2626 ἀπέστειλεν,

493 2658 721 2713 Marcus
776 2656 1008 2711 decimo
1057 2661 1271 2729 quarto
1331 2656 1566 2727 capite;
1611 2656 1714 2710 sed
1747 2655 2102 2711 duodecim:

2273 2657 2338 2716 ὡς
2393 2657 2565 2728 εἴρηκε
2619 2657 2830 2727 Μάρκος
2881 2652 2928 2705 ἐν
2989 2662 3058 2724 τῷ
3116 2651 3690 2726 τεσσαρεσκαιδεκάτῳ
3740 2671 3882 2723 κεφα-

494 2759 708 2800 omnes
755 2745 1021 2801 civitates
1060 2761 1129 2801 ac
1163 2761 1350 2816 pagos
1397 2745 1571 2800 Israel
1605 2744 1817 2811 emisit,
1865 2749 2103 2816 tanqua.

2274 2744 2416 2815 λαίῳ·
2462 2741 2590 2795 ἀλλά
2646 2747 2766 2804 τοὺς
2823 2739 3033 2796 δώδεκα
3076 2744 3166 2814 μὲν
3226 2743 3297 2803 εἰς
3351 2745 3538 2804 πάσας
3587 2745 3680 2804 τὰς
3725 2741 3883 2798 πόλεις

493 2833 876 2906 perfectiores
913 2851 924 2890 :
961 2835 1342 2906 septuaginta
1401 2850 1559 2902 vero,
1592 2834 1653 2890 in
1686 2834 1847 2890 solas
1900 2851 2000 2890 eas
2029 2851 2102 2906 qu

2271 2840 2360 2886 καὶ
2406 2840 2586 2905 κώμας
2631 2840 2722 2885 τοῦ
2773 2831 2989 2906 Ἰσραὴλ
3043 2831 3364 2896 ἀπέστειλεν,
3408 2836 3474 2893 ὼς
3528 2831 3879 2904 τελειοτέρους’

493 2923 553 2978 in
588 2924 838 2980 transitu
885 2930 1074 2990 erant,
1107 2941 1209 2996 per
1254 2941 1407 2997 quas
1445 2925 1550 2979 iter
1589 2923 1854 2980 facturus
1912 2930 2058 2990 erat,
2101 2941 2102 2952 π

2273 2927 2392 2984 τοὺς
2443 2919 2799 2994 ἐϐδομήκοντα
2837 2919 2913 2984 δὲ,
2975 2922 3043 2982 εἰς
3086 2925 3246 2993 μόνας
3306 2925 3396 2982 τάς
3454 2924 3594 2975 κατά
3652 2915 3881 2996 πάροδον

494 3012 881 3084 praedicarent
929 3013 1343 3068 remissionem
1425 3018 1834 3085 peccatorum,
1907 3014 2103 3087 ejusqi

2273 3013 2432 3064 αὐτοῦ
2496 3016 2754 3083 κειμένας,
2809 3007 2880 3062 δι’
2929 3008 2996 3061 ὧν
3049 3009 3221 3082 ἔμελλε
3287 3013 3630 3083 πορεύεσθαι’
3691 3011 3877 3082 “"00.-

496 3102 847 3172 adventum,
874 3103 976 3174 qui
1010 3102 1423 3158 remissionem
1461 3102 1707 3160 illorum
1746 3102 2050 3158 tribueret.

2272 3122 2454 3162 τοντας
2476 3103 2748 3175 μετάνοιαν
2769 3102 3178 3173 ἄμαρτημάτων,
3204 3105 3294 3152 καὶ
3317 3101 3496 3172 ἄφιξιν
3523 3108 3617 3153 τοῦ
3649 3104 3880 3172 χορηγοῦ

2201 3211 2240 3268 C
2275 3200 2367 3253 τῆς
2398 3193 2593 3242 τούτων
2632 3189 2880 3262 ἀφέσεως.

564 3281 726 3337 Vers.
759 3285 810 3336 2.
873 3281 1117 3337 Dicebat
1160 3313 1226 3322 —
1278 3282 1476 3350 pauci.
1515 3280 1770 3337 Messem
1829 3281 1970 3338 dicit
2009 3281 2160 3352 illos,

2344 3280 2516 3352 Ἔλεγε
2564 3311 2632 3320 ——
2685 3279 2872 3350 ὀλίγοι.
2929 3281 3184 3351 Θερισριόν
3233 3281 3322 3351 μὲν
3375 3279 3519 3351 λέγει
3575 3282 3694 3339 τοὺς
3761 3278 3883 3347 θερι-

494 3371 595 3442 qui
637 3370 714 3426 ab
751 3370 1096 3427 inﬁdelitate
1141 3370 1505 3436 demetendi,
1556 3375 1608 3425 et
1662 3370 1739 3425 ad
1772 3369 1946 3425 ﬁdem
1989 3388 2098 3427 sua

2279 3373 2638 3440 σθησομένους
2668 3369 2781 3440 (65)
2816 3368 2916 3421 ἀπὸ
2955 3377 3051 3430 τῆς
3084 3367 3335 3428 ἀπιστίας
3379 3375 3474 3421 καὶ
3531 3367 3884 3440 συγκομισθη-

493 3465 662 3517 erant
685 3460 1103 3531 comportandi
1133 3479 1145 3515 :
1182 3459 1489 3531 operarios
1536 3476 1698 3525 vero,
1730 3459 2054 3530 apostolos,

2279 3464 2526 3532 σομένους
2583 3459 2649 3519 εἰς
2721 3463 2812 3516 τὴν
2877 3464 3056 3511 πίστιν
3115 3459 3290 3510 αὐτοῦ·
3351 3459 3586 3531 ἐργάτας
3649 3454 3727 3524 δὲ,
3780 3457 3885 3512 τοὺς

490 3549 842 3622 quicunque
865 3549 941 3603 ad
959 3550 1070 3603 hoc
1095 3549 1642 3605 subministrarem.
1677 3549 1774 3603 Hic
1799 3554 1998 3603 autem
2032 3567 2099 3603 m.

2277 3547 2616 3615 ἀποστόλους,
2652 3551 2766 3608 τοὺς
2794 3550 3174 3622 ὑπηρετοῦντας
3200 3548 3270 3611 εἰς
3297 3555 3474 3602 τοῦτο.
3509 3545 3806 3606 Δεδήλωται
3833 3539 3886 3594 δὲ

492 3637 770 3694 nifestata
790 3645 875 3692 est
891 3653 1075 3692 causa
1090 3636 1467 3709 promotionis
1482 3637 1745 3707 ipsorum
1760 3637 2101 3708 septuagint

2277 3636 2496 3689 ἐνταῦθα
2520 3639 2548 3694 ἡ
2595 3638 2739 3689 αἰτία
2779 3644 2874 3698 τῆς
2914 3636 3175 3709 προϐολῆς
3209 3645 3309 3688 τῶν
3356 3634 3746 3710 ἐϐδομήκοντα.
3792 3636 3883 3686 Καὶ

494 3732 552 3783 et
573 3734 793 3782 tamem
815 3741 1045 3797 paucos
1069 3725 1263 3780 adhuc
1297 3741 1425 3781 esse
1443 3725 1588 3780 dicit
1613 3742 1824 3781 omnes
1851 3727 2103 3798 apostoli

2275 3728 2347 3777 ἔτι
2375 3723 2432 3778 δὲ
2462 3726 2668 3796 ὀλίγους
2695 3729 2878 3798 ἔφησεν
2902 3733 3030 3778 εἰναι
3053 3731 3170 3787 τοὺς
3197 3729 3514 3798 σύμπαντας
3543 3723 3879 3784 ἀποστόλους,

495 3817 570 3873 ad
604 3814 1047 3871 multitudinem
1066 3815 1328 3880 illorum,
1360 3814 1459 3888 qui
1493 3815 1771 3870 credituri
1793 3821 1981 3872 erant.

1862 3821 1981 3872 ant.
2273 3819 2398 3889 πρὸς
2429 3819 2484 3867 τό
2516 3815 2712 3877 πλῆθος
2739 3824 2838 3866 τῶν
2864 3815 3147 3888 μελλόντων
3179 3818 3471 3868 πιστεύειν.

567 3908 732 3960 Vers.
772 3908 825 3959 2.
857 3906 1064 3974 Rogata
1093 3936 1159 3944 —-
1197 3920 1381 3959 suam.
1416 3903 1540 3960 Hoc
1579 3911 1634 3960 et
1688 3905 1769 3974 id,
1803 3906 1968 3977 quod
2025 3913 2161 3963 ante

2345 3907 2568 3962 Δεήθητε
2629 3935 2698 3944 —-
2753 3900 2934 3956 αὐτοῦ.
3009 3911 3174 3956 Τοῦτο
3231 3910 3321 3956 καὶ
3400 3908 3461 3957 τό
3512 3909 3615 3978 πρὸ
3697 3903 3875 3954 τούτου

494 3995 656 4052 istud
688 3994 1012 4066 praecessit,
1048 3994 1223 4049 etiam
1273 3994 1422 4049 dixit
1459 3995 1518 4048 in
1551 3994 1668 4050 ﬁne
1722 3995 1937 4050 decimi
1969 4001 2102 4053 octa

2270 3995 2424 4068 ῥητὸν
2466 3991 2572 4046 εἶπε
2622 3999 2711 4045 καὶ
2760 3992 2808 4045 ἓν
2859 4002 2931 4064 τῷ
2960 3993 3089 4046 τέλει
3142 4001 3233 4045 τοῦ
3293 3991 3751 4046 ὀκτωκαιδεκάτου
3800 4006 3875 4040 κε-

489 4085 660 4156 juxta
705 4083 1047 4140 Matthaaum
1089 4083 1313 4155 capitis,
1354 4084 1456 4138 sed
1487 4083 1563 4138 ibi
1600 4100 1859 4140 messeni
1905 4085 2093 4143 multa

2272 4084 2488 4156 φαλαίου
2538 4091 2628 4136 τοῦ
2686 4085 2819 4135 κατά
2848 4085 3135 4136 Ματθαῖον·
3195 4082 3302 4134 ἀλλ’
3345 4082 3450 4135 ἐκεῖ
3501 4087 3591 4156 μὲν
3638 4081 3875 4154 θερισμὸν

496 4175 757 4247 appellat
797 4189 897 4228 eos
931 4173 1034 4245 qui
1066 4172 1139 4228 de
1195 4173 1409 4228 JUdtBlS
1468 4179 1638 4229 erant
1681 4174 1962 4230 credituri
2012 4193 2023 4232 :
2061 4177 2105 4232 h.

2270 4174 2426 4226 πολὺν
2454 4174 2612 4244 ἔλεγε,
2648 4178 2766 4233 τοὺς
2815 4172 2869 4236 ἐξ
2921 4169 3194 4226 Ἰουδαίων
3249 4180 3538 4225 πιστεῦσαι
3589 4171 3870 4244 μέλλοντας·

494 4271 694 4321 autem
727 4280 830 4319 eos
860 4261 964 4336 qui
995 4279 1063 4318 ex
1093 4262 1370 4334 gentibus
1426 4279 1439 4316 :
1489 4268 1546 4318 et
1575 4262 1656 4318 ibi
1697 4265 1981 4321 admouet
2011 4265 2103 4321 dUt

2270 4261 2488 4316 ἐνταῦθα
2521 4261 2598 4331 δὲ,
2625 4268 2743 4324 τοὺς
2797 4263 2850 4325 ἐξ
2898 4261 3078 4318 ἐθνῶν.
3123 4266 3222 4314 Καὶ
3285 4262 3398 4333 (66)
3439 4261 3545 4315 ἐκεῖ
3591 4265 3680 4333 μὲν
3726 4275 3873 4332 προε-

493 4353 790 4415 decim.ut
815 4355 987 4408 orent
1012 4367 1120 4423 pro
1151 4351 1473 4407 emissione
1503 4350 1723 4407 horum
1750 4355 2102 4424 septuagint.

2269 4358 2477 4424 τρέπετο
2536 4356 2656 4413 τοὺς
2723 4348 2951 4415 δώδεκα,
2985 4348 3237 4409 δεηθῆναι
3292 4357 3410 4424 περὶ
3439 4350 3732 4411 ἀποστολῆς
3783 4352 3873 4397 τῶν

493 4442 586 4498 hic
616 4458 758 4498 vero
793 4441 954 4512 ipsos
987 4443 1367 4514 septuaginta
1397 4441 1697 4506 admonet,
1734 4447 1795 4496 ut
1842 4449 2012 4499 orent
2048 4461 2102 4516 pi

2270 4439 2630 4513 ἐϐδομήκοντα
2679 4443 2892 4493 τούτων’
2945 4440 3166 4492 ἐνταῦθα
3226 4437 3284 4493 δὲ
3341 4445 3457 4502 τοὺς
3521 4438 3874 4512 ἑϐδομήκοντα

493 4531 871 4604 promotione
897 4530 1309 4602 episcoporum
1341 4546 1408 4586 ac
1441 4535 1868 4603 praeceptorum
1905 4548 2012 4604 per
2037 4533 2102 4589 sil

2268 4535 2504 4597 τούτους,
2561 4536 2677 4604 περὶ
2723 4529 2979 4603 προϐολῆς
3030 4538 3130 4582 τῶν
3185 4533 3320 4582 κατά
3349 4531 3524 4593 πόλεις
3564 4535 3652 4582 καὶ
3699 4532 3873 4600 χώρας

494 4619 668 4691 gulas
699 4620 962 4676 civitates
1004 4634 1074 4675 ac
1131 4618 1429 4688 regiones.
1473 4620 1623 4691 Lege
1667 4626 1868 4678 autem
1922 4638 2103 4679 enarr.

2269 4620 2562 4673 ἐπισκόπων
2619 4625 2709 4672 καὶ
2763 4616 3128 4675 διδασκάλων.
3192 4619 3483 4692 Ἀνάγνωθι
3540 4617 3600 4673 δὲ
3649 4622 3735 4670 καὶ
3781 4617 3868 4670 τὴν

492 4709 716 4765 tionem
749 4707 1066 4779 prmsentis
1092 4705 1232 4761 dicti
1263 4707 1322 4762 in
1367 4713 1703 4765 memorato
1743 4710 1931 4782 capite
1968 4714 2101 4768 Evai

2268 4712 2518 4783 ἐξήγησιν
2558 4719 2650 4763 τοῦ
2693 4715 2950 4785 παρόντος
2984 4711 3148 4784 ῥητοῦ
3180 4710 3230 4762 ἐν
3260 4719 3334 4782 τῷ
3371 4712 3582 4785 ῥηθέντι
3621 4705 3867 4780 κεφαλαίῳ

495 4797 632 4874 gelii
659 4795 994 4854 secundum
1025 4796 1368 4853 Mattheum.
1485 4803 1489 4807 ‘

1221 4812 1340 4852 tum
1355 4838 1368 4851 .
1485 4803 1489 4807 ’
2266 4809 2357 4854 τοῦ
2382 4803 2517 4852 κατά
2539 4802 2830 4854 Ματθαῖον.

569 4889 728 4946 Vers.
758 4887 810 4944 3.
845 4887 933 4944 Ite
976 4917 1044 4928 —-
1098 4887 1288 4955 lupos.
1322 4887 1441 4942 Hoc
1489 4887 1663 4944 etiam
1716 4889 1792 4945 ad
1831 4888 2154 4946 duodecim

2336 4890 2583 4962 Ὑπάγετε
2656 4922 2723 4930 -
2775 4889 2966 4942 λύκων.
3025 4894 3191 4942 Τοῦτο
3250 4885 3358 4942 εἶπε
3411 4894 3502 4942 καὶ
3577 4890 3709 4962 πρὸς
3759 4883 3868 4939 τοὺς

566 5070 615 5107 ⁸ο
642 5068 828 5127 Exod.
854 5083 953 5135 xv,
979 5067 1070 5123 27.

1715 5193 1941 5262 Variae
1980 5195 2308 5263 lectiones
2351 5202 2418 5262 et
2443 5204 2648 5263 notae.

568 5391 678 5461 (64)
706 5393 918 5445 Auctor
945 5389 1128 5459 hujus
1169 5389 1472 5445 sententia;
1503 5394 1590 5445 est
1639 5389 1944 5460 Origenes,
1995 5391 2158 5448 hom-

549 5463 604 5517 in
633 5462 838 5524 Exod.,
867 5477 1052 5534 quam
1084 5466 1302 5536 postea,
1335 5466 1400 5516 ut
1424 5461 1543 5518 fere
1571 5462 1806 5527 accidit,
1839 5463 2041 5536 plures
2072 5463 2158 5519 in-

1383 5389 1472 5444 tiae
1503 5394 1590 5445 est
1639 5389 1944 5473 origenes,
1995 5391 2158 5448 hom-
2341 5392 2458 5536 $65;
2488 5397 2892 5468 Θερισομένους.
2915 5392 2984 5450 Α.

1380 5461 1543 5518 tfere
1571 5462 1806 5527 accidit,
1839 5463 2041 5536 plures
2072 5463 2161 5519 in-
2368 5468 2432 5520 66
2487 5470 2586 5519 Καὶ
2613 5467 2796 5522 abest.
2824 5465 2892 5518 A.

494 5462 526 5517 8
545 5463 604 5517 in
633 5462 838 5524 Exod.,
867 5477 1052 5534 quam
1084 5466 1302 5536 postea,
1335 5466 1400 5516 ut
1424 5461 1543 5518 fere
1571 5462 1806 5527 accidit,
1839 5463 2041 5536 plures
2072 5463 2161 5519 in-
2345 5461 2458 5536 (66)
2487 5461 2586 5519 Καὶ
2613 5461 2796 5522 abest.
2824 5465 2892 5518 A.

499 5540 778 5606 t'erpretes
808 5533 948 5588 sunt
999 5533 1280 5605 amplexi.

571 5711 702 5853 ﬁrm)
738 5711 819 5764 Et
845 5712 1003 5782 sequi
1040 5727 1116 5767 se.
1142 5712 1220 5766 Et
1243 5695 1374 5766 non
1402 5716 1490 5766 est
1521 5711 1582 5768 in
1605 5713 1802 5769 Graeco
1835 5719 1889 5770 et
1915 5714 2131 5777 abesse
2160 5715 2360 5775 debet.

599 5781 1134 5853 yy)_Conjunctim.
1168 5784 1314 5837 Κατὰ
1345 5786 1602 5853 συζυγίαν
1631 5792 1720 5842 est
1743 5784 1929 5843 binos.

599 5781 1134 5855 yy)‘Conjunctim.
1168 5784 1314 5837 Κατὰ
1345 5786 1602 5854 συζυγίαν
1631 5792 1720 5866 est
1743 5784 1929 5843 binos,
