4128 6408
232 395 337 453 95⁵1

1364 386 1721 448 COMMENT.
1763 384 1830 439 IN
1871 381 2131 442 LUCAM.
2173 418 2242 428 -
2273 391 2428 447 CAP.
2464 391 2530 446 Χ.

3506 392 3611 449 958

235 515 469 586 δώδεκα,
509 522 599 572 καὶ
645 519 876 580 ζήτησον
917 518 964 573 ἐν
997 528 1066 591 τῷ
1110 519 1548 591 ἐννεακαιδεκάτῳ
1586 515 1839 590 κεφαλαίῳ

1967 512 2116 581 iixit,
2158 520 2214 572 et
2232 532 2432 589 quaere
2457 519 2692 575 decimo
2737 534 2899 576 nono
2926 518 3096 590 juxta
3121 517 3460 575 Mattheeum
3510 533 3608 576 ca-

232 617 328 662 τοῦ
353 611 488 661 κατά
516 611 786 663 Ματθαίον
824 615 912 668 τὴν
945 608 1213 685 ἑρμηνείαν
1238 619 1347 663 τοῦ·
1377 607 1459 663 ’10"
1464 613 1521 660 οὺ
1553 607 1648 678 ἐγὼ
1681 604 1838 656 ἀποσ-

232 698 389 751 τέλλω
419 700 550 772 ὑμᾶς
580 701 647 761 ὡς
678 697 916 773 πρόϐατα
937 699 984 750 ἐν
1015 704 1157 772 μέσῳ
1188 700 1374 752 λύκων,

308 791 460 841 Εἴποι
518 784 571 840 δ’
623 790 684 840 ἄν
722 809 801 850 τις
855 791 1142 858 κάνταῦθα,
1202 792 1282 842 ὅτι
1325 794 1440 849 τοὺς
1486 784 1697 839 δώδεκα
1751 787 1840 856 μὲν

233 875 472 945 πρόϐατα
500 877 755 944 ἐκάλεσεν,
800 880 867 941 ὡς
911 878 1270 955 τελειοτέρους·
1318 883 1435 940 τοὺς
1479 873 1842 948 ἑϐδομήκοντα

237 963 314 1028 δὲ,
345 969 521 1042 ἄρνας.

309 1061 394 1115 Μὴ
437 1088 504 1097 -
549 1053 889 1130 ὑποδήματα.
943 1061 1037 1111 Διά
1080 1067 1172 1119 τῆς
1221 1057 1614 1132 ἀπαγορεύσεως
1647 1072 1839 1107 τουτων

234 1145 424 1198 κελεύει
499 1143 702 1220 θαρῥεῖν
759 1152 876 1222 περὶ
928 1156 1026 1199 τῶν
1092 1147 1386 1219 ἀναγκαίων
1449 1153 1540 1198 τοῦ
1601 1150 1840 1216 σώματος

235 1233 318 1287 ἐπὶ
364 1243 436 1306 τῷ
485 1233 850 1288 ἀποστείλαντι
891 1239 1126 1298 τούτους·
1167 1236 1444 1312 ἀποτρέπει
1490 1233 1570 1302 δὲ,
1615 1231 1708 1286 διὰ
1751 1235 1840 1304 μὲν

235 1331 326 1375 τοῦ
376 1332 446 1397 μῇ
501 1322 792 1397 βαστάζειν
834 1323 1111 1398 βαλάντιον
1153 1329 1290 1397 (67),
1339 1331 1430 1384 τὴν
1463 1326 1836 1398 φιλαργυρίαν·

236 1409 330 1465 δ’ιά
383 1410 442 1466 δὲ
488 1421 602 1478 τοῦ,
656 1419 728 1481 μὴ
784 1421 977 1490 πήραν,
1028 1420 1085 1468 τό
1131 1421 1200 1488 μή
1247 1417 1586 1488 ταμιεύεσθαι
1623 1418 1834 1486 τροφήν⁸

235 1499 331 1556 διὰ
382 1499 439 1555 δὲ
487 1510 599 1567 τοῦ,
646 1509 718 1575 μὴ
761 1502 1096 1577 ὑποδήματα,
1149 1503 1482 1579 παιδοτριϐεῐ
1529 1504 1716 1564 αὐτοὺς
1769 1503 1837 1564 εἰς

233 1594 485 1650 ἄσκησιν.
514 1594 837 1665 Παρήγγειλε
864 1591 931 1652 δή
974 1603 1138 1647 ταῦτα
1167 1601 1255 1647 καὶ
1286 1603 1394 1657 τοῖς
1427 1591 1636 1647 δώδεκα
1679 1592 1726 1644 ἐν
1766 1601 1837 1662 τῷ

234 1678 521 1739 ὃηλωθέντι
551 1679 985 1755 ἐννεακαιδεκάτῳ
1016 1683 1289 1756 κεφαλαίῳ.

310 1776 410 1824 Καὶ
456 1803 524 1811 -
565 1771 902 1831 ἀσπάσησθε.
951 1781 1114 1827 Τοῦτο
1157 1774 1487 1848 προσέταξεν,
1551 1774 1607 1826 ού
1655 1771 1836 1845 βουλό-

1956 603 2071 674 pite
2127 604 2264 661 dicti
2303 606 2462 664 iliius
2504 609 3045 682 interpretationem
3081 633 3092 662 :
3128 609 3273 664 Ecce
3319 623 3410 679 ego
3441 609 3610 663 mitto

1953 707 2052 748 vos
2083 696 2368 766 tanquam
2399 715 2530 755 oves
2570 700 2634 755 in
2661 699 2844 756 medio
2875 701 3180 769 luporum.
3218 699 3286 750 δι.

2027 784 2234 841 Poterit
2264 785 2455 857 quivis
2472 788 2588 843 hoc
2627 790 2805 844 etiam
2836 789 2968 844 loco
3007 787 3226 852 dicere,
3266 786 3430 859 quod
3462 786 3610 842 duo-

1953 871 2139 927 decim
2172 876 2557 946 appellaverit
2588 894 2748 944 oves,
2780 885 3068 950 tanquam
3106 876 3492 949 perfectiores,
3525 891 3612 930 se-

1951 961 2264 1030 ptuaginta
2292 978 2431 1018 vero
2457 980 2665 1036 agnos,
2703 971 2989 1038 tanquam
3016 964 3357 1021 teneriores.

2026 1048 2188 1105 Vers.
2225 1055 2276 1106 4.
2328 1053 2529 1110 Nolite
2571 1086 2634 1094 —
2689 1056 3101 1111 calceamenta.
3149 1057 3265 1109 Hoc
3299 1053 3611 1110 interdicto

1946 1138 2118 1210 jubet
2146 1146 2210 1196 ut
2241 1141 2314 1196 de
2345 1145 2694 1200 necessariis
2715 1145 2978 1216 corporis
3006 1159 3176 1216 spem
3217 1143 3276 1198 in
3308 1143 3475 1198 illum
3507 1144 3610 1199 ha-

1950 1228 2150 1294 beant,
2170 1232 2271 1303 qui
2303 1231 2470 1304 ipsos
2501 1233 2710 1289 emisit.
2740 1236 2885 1290 Cum
2925 1239 3125 1290 autem
3151 1233 3341 1304 jubet,
3371 1249 3445 1289 ne
3486 1249 3611 1289 sac-

1951 1319 2148 1373 culum
2181 1320 2390 1389 ferant,
2443 1322 2520 1378 ab
2553 1323 2800 1380 avaritia
2850 1327 3076 1380 avocat.
3148 1325 3380 1386 Dicens,
3436 1338 3612 1393 neque

1948 1422 2174 1476 peram,
2205 1409 2550 1467 dehortatur
2587 1428 2622 1467 a
2651 1411 3027 1468 recondendo
3071 1411 3225 1467 cibo.
3269 1411 3416 1466 Cum
3470 1426 3611 1466 vero

1950 1498 2118 1553 addit
2166 1514 2180 1550 :
2227 1515 2410 1571 neque
2461 1502 2884 1570 caleeamenta,
2929 1503 3006 1558 ad
3065 1501 3411 1557 exercitium
3451 1500 3611 1571 ipsos

1948 1587 2160 1643 erudit.
2203 1589 2482 1662 Praecepit
2503 1608 2642 1648 vero
2670 1593 2798 1648 haec
2830 1591 3010 1648 etiam
3031 1592 3342 1647 duodecim
3368 1590 3614 1647 laudato

1949 1679 2138 1748 capite
2176 1678 2411 1736 decimo
2451 1697 2638 1738 nono.

2021 1768 2186 1823 Vers.
2240 1770 2292 1825 4.
2343 1771 2421 1826 Et
2467 1801 2535 1811 —
2567 1772 2989 1828 salutaverilis.
3051 1773 3169 1826 Hoc
3237 1768 3433 1841 jussit,
3490 1782 3610 1823 non

231 1880 380 1933 μενος
459 1859 837 1934 ἀπανθρώπους
921 1863 1106 1924 αὐτούς
1173 1866 1411 1935 γίνεσθαι
1467 1868 1553 1915 καὶ
1608 1861 1839 1936 ἀπροσή-

1973 1858 2315 1914 nhumanos
2347 1875 2448 1916 eos
2488 1859 2609 1916 ﬁeri
2640 1861 2868 1924 volens.
2897 1865 3000 1917 aut
3036 1859 3304 1916 moribus
3349 1872 3609 1929 asperos,

231 1957 439 2026 γόρους,
490 1950 596 2003 ἀλλ’
639 1949 1071 2025 ἀνεμποδίστους.
1127 1955 1284 2007 Εῖωθε
1327 1957 1428 2029 γὰρ
1483 1956 1512 2012 ἠ
1563 1951 1677 2005 καθ’
1716 1949 1838 2005 ὁδὸν

233 2039 415 2112 ὁμιλία
473 2045 531 2093 τὸ
609 2045 847 2094 σύντονον
907 2042 1171 2115 ἐγκόπτειν
1264 2047 1326 2104 ὡς

236 2127 497 2192 σπουδῆς.
559 2134 882 2204 Προστάττει
938 2137 1111 2184 τοίνυν
1162 2133 1339 2195 αὐτοῖς
1392 2138 1542 2204 μόνον
1599 2134 1840 2203 γίνεσθαι

1391 2046 1454 2094 τά
1529 2043 1691 2094 πολλά
1749 2051 1840 2102 τῆς

232 2226 326 2271 τοῦ
377 2218 809 2292 ἐμπιστευθέντος
876 2224 1051 2294 ἔργου,
1109 2227 1199 2274 καὶ
1270 2219 1409 2294 μηδὲ
1465 2226 1552 2274 τόν
1607 2226 1840 2293 τυχόντα

229 2313 411 2382 καιρόν
460 2316 550 2361 τοῦ
597 2311 936 2384 κηρύγματος
990 2307 1227 2382 δαπανᾲν
1299 2315 1366 2372 είς
1421 2315 1487 2363 τὰ
1540 2316 1608 2383 μὴ
1677 2310 1838 2382 ἀναγ-

229 2403 359 2451 καία
400 2405 490 2452 καὶ
535 2401 792 2475 πάρεργα.
837 2405 936 2453 Καὶ
982 2402 1007 2452 ὁ
1039 2400 1330 2461 Ἐλισσαῖος
1384 2399 1442 2453 δὲ
1489 2400 1642 2453 πάλιν
1684 2401 1834 2461 Γιεζῆ

228 2491 315 2539 τόν
368 2489 630 2562 ὑπηρέτην
689 2489 845 2542 αὐτοῦ
899 2490 984 2542 ἐπί
1039 2510 1091 2542 τι
1145 2498 1447 2561 κατεπεῖγον
1511 2490 1834 2557 ἀποστείλας,

230 2576 525 2630 ἐνετείλατο·
558 2579 636 2630 ὅτι
665 2579 778 2631 Ἐὰν
810 2579 962 2652 εὕρῃς
991 2577 1181 2653 ἄνδρα,
1215 2581 1308 2632 οὐκ
1341 2581 1638 2651 εὐλογήσεις
1683 2581 1838 2634 αὐτόν

229 2672 320 2719 καὶ
365 2664 447 2719 ἐὰν
492 2666 750 2742 εύλογήσῃ
815 2688 872 2720 σε
926 2667 1076 2743 ἀνήρ,
1124 2669 1214 2721 οὐκ
1273 2669 1606 2744 ἀποκριθήση
1673 2670 1834 2741 αὐτῷ·

232 2756 488 2829 ἐμφαίνων
569 2762 627 2809 τό
691 2767 890 2832 χρῆναι
945 2755 1189 2830 βαδίζειν
1263 2759 1679 2831 ἀπερίσπαστον,
1748 2765 1837 2813 καὶ

231 2846 493 2910 παντελῶς
524 2843 928 2920 ἀνεμπόδιστον.

307 3026 395 3086 Εἰς
448 3025 508 3084 ἣν
570 3057 637 3068 -
683 3029 866 3099 τούτῳ.
915 3034 1080 3080 Τοῦτο
1126 3031 1185 3080 τὸ
1225 3033 1514 3104 πρόσρημα
1556 3029 1839 3101 ἀσπασμὸν

237 3115 470 3168 ἐκάλεσεν
519 3116 544 3166 ὁ
588 3118 858 3178 Ματθαῖος
1065 3116 1112 3169 ἐν
1169 3126 1240 3189 τῷ
1299 3118 1640 3194 προῤῥηθέντι
1688 3139 1839 3192 κεφα-

1950 1963 2104 2020 quos
2135 1964 2316 2005 nemo
2348 1950 2534 2022 possit
2572 1951 2955 2022 compellare,
3020 1950 3124 2005 sed
3182 1947 3612 2019 impedimento

1951 2042 2238 2104 carentes.
2279 2039 2433 2095 Solet
2458 2041 2618 2096 enim
2647 2040 2923 2096 salutatio
2946 2055 3052 2110 per
3078 2039 3260 2106 viam,
3297 2037 3612 2093 vehemen-

1950 2128 2043 2183 tiae
2076 2129 2253 2184 studii
2309 2134 2370 2186 ut
2406 2129 2734 2202 plurimum
2792 2129 3049 2185 obstare.
3101 2127 3366 2198 Praecipit
3414 2127 3612 2199 itaque

1948 2215 2080 2283 illis,
2118 2225 2177 2274 ut
2231 2218 2342 2274 soli
2381 2219 2547 2290 Operi
2611 2219 2695 2274 eis
2759 2219 3080 2274 commisso
3137 2217 3448 2273 intendant
3496 2232 3509 2272 :
3558 2220 3616 2272 et

1949 2307 2214 2364 oblatam
2229 2307 2675 2380 praedicationis
2691 2308 3069 2364 occasionem
3086 2324 3203 2362 non
3221 2307 3530 2362 insumant
3553 2306 3614 2362 in

1949 2414 2020 2454 ea
2049 2414 2182 2470 qum
2201 2398 2540 2454 necessaria
2562 2413 2682 2452 non
2716 2403 2872 2463 sunt,
2908 2397 3012 2452 sed
3053 2403 3265 2468 praeter
3318 2395 3613 2450 intentum

1950 2504 2077 2543 sese
2099 2486 2372 2543 offerunt.
2404 2487 2644 2542 Elisaeus
2664 2502 2905 2559 quoque
2937 2486 3080 2542 olim
3108 2485 3325 2541 emisso
3353 2483 3504 2540 Giezi
3533 2483 3616 2540 fa-

1951 2576 2112 2632 mulo
2142 2579 2218 2633 ad
2241 2593 2398 2648 opus
2429 2576 2593 2648 quod
2622 2576 3059 2632 festinationem
3084 2575 3442 2647 requirebat,
3467 2590 3617 2646 prae-

1949 2665 2106 2737 cepit
2130 2665 2331 2722 dicens
2356 2681 2368 2720 ε
2411 2667 2476 2720 Si
2497 2668 2784 2722 inveneris
2809 2665 3014 2734 virum,
3045 2681 3162 2721 non
3183 2664 3492 2720 benedicas
3515 2665 3568 2719 ei
3597 2679 3610 2719 :

1948 2762 2002 2811 et
2024 2755 2075 2811 si
2094 2755 2198 2810 (ibi
2223 2755 2584 2812 benedimerit
2610 2757 2703 2811 vir
2731 2771 2806 2812 ne
2834 2754 3189 2824 respondeas
3242 2753 3341 2808 illi
3364 2754 3432 2818 θ’,
3471 2751 3616 2808 indi-

1948 2861 2087 2900 cans
2113 2861 2265 2918 opus
2298 2861 2428 2900 esse
2460 2848 2523 2900 ut
2546 2844 2931 2900 indistractus
2964 2859 3034 2900 ac
3082 2842 3331 2900 omnino
3360 2842 3486 2898 sine
3507 2841 3613 2897 im-

1949 2933 2293 3007 pedimento
2305 2933 2676 3006 procederet.

2022 3025 2190 3079 Vers.
2313 3023 2377 3078 In
2431 3037 2841 3095 quamcunque
2876 3053 2946 3064 —
3002 3023 3164 3080 huic.
3195 3023 3357 3078 Hanc
3396 3021 3614 3078 allocu-

1952 3114 2171 3170 tionem
2201 3112 2502 3168 Mat‘thaaus
2533 3112 2953 3168 salutationem
2980 3111 3311 3168 nominavit
3331 3111 3614 3183 praedicto

234 3203 382 3275 λαίῳ.
417 3203 674 3276 Σύμϐολον
716 3202 774 3258 δὲ
806 3205 1016 3278 ἀγάπης
1064 3209 1088 3258 ὁ
1119 3215 1346 3269 τοιοῦτος
1396 3209 1695 3281 ἀσπασμός,
1749 3206 1839 3268 δη-

1967 3203 2168 3275 :apile.
2202 3204 2270 3257 ⁸³.
2305 3205 2401 3257 Est
2427 3207 2625 3257 autem
2668 3201 3021 3274 hujusmodi
3073 3201 3346 3257 salutatio
3369 3201 3613 3270 signum

233 3293 355 3358 λῶν,
385 3295 466 3346 ὅτι
495 3293 745 3366 εἰρηνικοὶ
773 3301 862 3348 καὶ
903 3296 1041 3368 φίλοι
1066 3302 1481 3370 παραγεγόνασι.

310 3474 410 3523 Καὶ
443 3468 526 3522 ἐὰν
563 3503 631 3513 -
659 3474 800 3545 ὑμῶν
829 3475 966 3546 (69).
985 3473 1041 3528 Ἠ
1073 3477 1236 3549 χάρις
1264 3485 1352 3537 τῆς
1373 3473 1620 3540 δοθείσης
1643 3478 1845 3552 εἰρήνης

235 3561 360 3634 παρ’
401 3561 564 3632 ὑμῶν,
611 3564 642 3620 ἡ
691 3562 916 3638 ἐνέργεια
960 3573 1050 3616 τού
1102 3568 1336 3618 τοιούτου
1395 3567 1570 3637 λόγου·
1623 3571 1730 3629 υίὸς
1785 3565 1844 3622 δὲ

237 3648 465 3722 εἰρήνης,
493 3653 517 3702 ό
544 3651 822 3724 εἰρηνικὸς,
856 3656 924 3715 ὡς
955 3651 1220 3727 διαφόρως
1240 3656 1535 3731 εἰρήκαμεν,

307 3828 368 3880 Εἰ
415 3823 474 3880 δὲ
516 3859 580 3868 —
622 3827 938 3903 ἀνακάμψει.
974 3832 1262 3904 Ἀνάγνωθι
1322 3839 1411 3886 καὶ
1463 3834 1512 3887 ἐν
1543 3844 1615 3906 τῷ
1675 3836 1839 3890 ἐννεα·

235 3915 533 3990 καιδεκάτῳ
563 3919 824 3992 κεφαλαίῳ
868 3929 959 3973 τοῦ
985 3925 1120 3974 κατὰ
1157 3926 1424 3976 Ματθαῖον
1468 3930 1560 3983 τήν
1593 3924 1842 3998 ἐξήγησιν

235 4015 347 4059 τοῦ·
383 4012 483 4060 Καὶ
513 4007 597 4060 ἐὰν
627 4011 716 4080 μὲν
746 4005 774 4068 ἦ
809 4012 838 4067 ἡ
874 4010 1015 4062 οἰκία
1041 4010 1181 4077 ἀξία,
1211 4012 1396 4065 ἐλθέτω
1429 4017 1456 4072 ἡ
1491 4017 1666 4089 εἰρήνη
1701 4018 1841 4088 ὑμῶν

236 4095 313 4148 ἐπ’
368 4097 550 4155 αὐτήν·
607 4096 691 4148 ἐὰν
771 4095 830 4151 δὲ
895 4105 966 4171 μὴ
1139 4100 1278 4168 ἀξία,
1344 4105 1372 4162 ἡ
1444 4103 1619 4179 εἰρήνη
1700 4107 1841 4177 ὑμῶν

236 4189 368 4259 πρὸς
395 4188 532 4259 ὑμᾶς
562 4185 953 4261 ἐπιστραφήτω.

309 4275 390 4329 Ἐν
420 4275 551 4348 αὐτῇ
586 4307 651 4316 --
677 4277 832 4329 αὐτοῦ
863 4276 1000 4334 ἐστι.
1046 4284 1144 4331 Καὶ
1172 4285 1289 4352 περὶ
1326 4284 1521 4332 τούτων
1561 4284 1748 4354 ὁμοίως
1796 4284 1841 4336 ἐν

235 4364 408 4437 ἐκείνῳ
439 4373 513 4436 τῷ
543 4366 803 4438 κεφαλαίῳ
855 4376 1032 4439 σαφῶς
1079 4367 1294 4443 ἐρρήθη,
1345 4375 1531 4444 μικρὸν
1584 4371 1838 4445 ἀνωτέρω.

235 4453 459 4507 Ἐσθίειν
493 4451 552 4507 δὲ
589 4460 674 4506 καὶ
710 4461 870 4507 πίνειν
914 4459 978 4508 τά
1016 4460 1137 4532 παρ’
1190 4459 1358 4510 αὐτῶν
1398 4459 1687 4534 ἐπέτρεψεν,
1738 4464 1842 4536 οὐχ

234 4543 430 4608 ἁπλῶς,
461 4541 567 4594 ἀλλ’
595 4545 664 4605 ὡς
685 4548 877 4614 πρέπον
910 4543 1021 4597 ἐστὶ
1045 4548 1310 4618 μαθηταῖς
1342 4549 1518 4602 αὐτοῦ.
1549 4558 1710 4604 Τοῦτο
1742 4556 1841 4627 γὰρ

232 4639 495 4706 γνώριμον
524 4629 584 4690 ἦν
617 4632 811 4694 αὐτοῖς.

306 4727 391 4780 Μὴ
427 4752 495 4762 -
523 4721 716 4775 οὶκίαν.
755 4721 838 4774 Ἐν
864 4720 1024 4796 ἐκείνη
1060 4731 1122 4796 τῇ
1153 4722 1400 4797 ἐξηγήσει
1425 4731 1519 4786 τὴν
1549 4728 1720 4781 αἰτίαν
1751 4738 1841 4783 τοῦ

232 4815 306 4883 μὴ
339 4808 663 4883 μεταϐαίνειν
693 4812 947 4885 εὑρήσεις.

308 4904 410 4953 Καὶ
467 4899 537 4961 εἰς
608 4931 677 4941 —-
735 4908 887 4955 Θεοῦ.
953 4902 1222 4955 Βασιλείαν
1288 4912 1379 4957 τοῦ
1452 4911 1579 4960 Θεοῦ
1658 4909 1839 4962 ἑαυτὸν

231 4989 366 5060 λέγει
394 4996 483 5041 νῦν
518 4991 583 5050 ὡς
635 4987 861 5062 βασιλέα
901 4996 990 5044 καί
1039 4996 1188 5050 Θεόν.
1231 4992 1474 5066 Ἦγγικε,
1527 5003 1702 5069 φησὶν,
1750 5007 1841 5054 καὶ

230 5075 343 5136 ἤδη
381 5072 705 5150 ἐπιδημήσει
750 5079 890 5150 ὑμῖν·
942 5079 1082 5143 ἄξιοι
1122 5084 1348 5153 γίνεσθε,
1386 5083 1724 5157 ἑτοιμάζεσθε
1771 5089 1843 5152 εἰς

231 5161 536 5237 ὑποδοχήν.

307 5383 351 5420 ⁶¹
393 5382 590 5440 Matth.
623 5399 678 5453 x,
705 5388 786 5440 t6.
927 5385 974 5420 θ’
1016 5385 1085 5441 IV
1115 5386 1258 5459 Reg.
1287 5402 1366 5458 ιν,
1390 5387 1478 5446 29.

1615 5393 1894 5463 "lMatth.
1937 5411 1995 5461 ι,
2036 5394 2118 5450 l2.

1953 3293 2302 3358 dilectionis,
2332 3290 2678 3362 signiﬁcans
2695 3289 2857 3363 quod
2887 3289 3122 3363 paciﬁci
3152 3295 3204 3345 et
3232 3289 3400 3346 amici
3439 3288 3616 3345 adve-

1953 3383 2166 3438 nerint.

2025 3473 2192 3528 Vers.
2243 3475 2293 3526 6.
2327 3472 2408 3526 Et
2437 3472 2574 3526 si—
2603 3476 2822 3527 vestra.
2863 3472 2980 3526 Hoc
3011 3473 3102 3525 est
3157 3467 3350 3539 gratia
3399 3467 3553 3524 datas
3577 3484 3613 3524 a

1953 3563 2118 3619 vobis
2140 3563 2324 3635 pacis,
2342 3559 2432 3616 vel
2450 3559 2716 3616 efﬁcacia
2732 3559 2835 3629 huj
2848 3559 3084 3615 usmodi
3103 3557 3415 3614 sermonis.
3433 3556 3612 3612 Filius

1951 3669 2193 3727 quoque
2221 3652 2384 3724 pacis
2409 3650 2623 3706 dicitur
2650 3650 2955 3722 paciﬁcus,
2990 3650 3141 3705 sicut
3169 3649 3347 3704 variis
3372 3649 3431 3703 in
3467 3647 3614 3705 locis

1952 3743 2235 3798 diximus.

2023 3834 2180 3887 Vers.
2213 3832 2267 3886 6.
2301 3831 2411 3887 Sin
2443 3863 2510 3871 —
2542 3836 2835 3886 revertar.
2895 3829 3044 3902 Lege
3087 3843 3326 3900 quoque
3382 3827 3614 3884 decimo

1951 3937 2114 3978 nono
2140 3922 2332 3991 capite
2375 3918 2668 3988 Evangelii
2694 3919 2865 3989 juxta
2911 3918 3244 3975 Matthaaum
3288 3915 3428 3972 dicti
3459 3916 3615 3972 illius

1951 4010 2388 4066 enarrationem
2429 4027 2441 4064 :
2476 4011 2557 4064 Et
2582 4009 2630 4063 si
2669 4008 2891 4080 quidem
2936 4008 3124 4076 fuerit
3153 4006 3356 4061 domus
3415 4005 3611 4076 digna,

1951 4101 2155 4158 veniat
2175 4115 2304 4170 pax
2339 4104 2527 4156 vestra
2579 4113 2754 4166 super
2783 4097 2987 4152 illam:
3044 4096 3094 4151 si
3135 4102 3326 4152 autem
3369 4094 3614 4166 indigna

1945 4190 2131 4261 fuerit
2157 4205 2277 4259 part:
2298 4194 2487 4244 vestra
2518 4187 2599 4245 ad
2619 4203 2717 4242 vos
2734 4191 3135 4243 convertatur.
3162 4185 3183 4219 θ

2022 4280 2187 4336 Vers.
2233 4281 2284 4332 7.
2316 4279 2384 4333 In
2415 4278 2617 4334 eadem
2657 4308 2724 4317 —
2746 4291 2850 4332 sua
2882 4281 2979 4330 est.
3018 4272 3293 4330 Similiter
3321 4272 3395 4328 de
3435 4272 3526 4328 his
3552 4271 3613 4328 in

1951 4370 2047 4425 illo
2101 4370 2290 4442 capite
2342 4366 2648 4423 manifeste
2701 4366 2924 4420 dictum
2985 4368 3074 4419 est
3100 4362 3282 4434 paulo
3310 4361 3611 4434 superius.

1953 4460 2148 4515 Edere
2175 4465 2374 4514 autem
2409 4473 2477 4512 ac
2494 4456 2699 4513 bibere
2730 4454 3020 4527 permisit,
3048 4469 3178 4526 quae
3210 4452 3288 4508 ab
3311 4451 3612 4523 illoporri-

1951 4554 2267 4620 gerentur;
2296 4563 2416 4604 non
2446 4545 2807 4619 simpliciter,
2833 4544 2940 4600 sed
2962 4545 3112 4599 sicut
3133 4541 3455 4614 discipulos
3473 4556 3614 4597 suos

1953 4639 2196 4696 decebat
2227 4654 2239 4692 :
2272 4638 2389 4694 hoc
2418 4637 2578 4693 enim
2619 4635 2764 4707 ipsis
2803 4641 3011 4690 notum
3049 4637 3196 4697 erat,

2025 4728 2259 4784 Vers.7.
2291 4726 2494 4783 Nolite
2539 4752 2600 4762 —
2647 4725 2898 4780 domum.
2965 4723 3029 4779 In
3085 4721 3186 4778 illa
3237 4719 3615 4778 enarratione

1950 4818 2131 4890 hujus
2208 4833 2455 4873 causam
2486 4814 2774 4871 invenies.

2055 4909 2220 4966 Vers.
2281 4911 2331 4963 8.
2380 4907 2449 4960 Et
2520 4904 2584 4962 in
2613 4903 2881 4960 —Vers.
2933 4902 2988 4957 9.
3041 4901 3166 4958 Dei.
3214 4903 3484 4971 Regnum
3514 4899 3614 4957 Dei

1950 5015 2112 5059 nunc
2133 4997 2424 5069 seipsum,
2443 4994 2728 5068 appellat,
2771 4997 3058 5064 tanquam
3082 5005 3286 5062 regem
3317 5004 3387 5046 ac
3412 4990 3619 5049 Deum.

1953 5085 2494 5163 Appropinquavit,
2537 5083 2750 5156 inquit,
2777 5086 2835 5138 et
2867 5081 2998 5153 jam
3031 5079 3381 5137 deversatur
3418 5078 3614 5135 vobis-

1953 5195 2092 5236 cum
2127 5193 2139 5242 ;
2170 5175 2338 5246 digni
2385 5171 2718 5238 habemini,
2751 5171 2854 5245 qui
2884 5168 3314 5243 pmparamini
3370 5168 3444 5225 ad
3484 5167 3614 5240 ejus

1949 5267 2395 5342 susceptionem

2283 5394 2329 5429 “
2357 5390 2501 5448 Ibid.
2541 5394 2624 5447 13.

1440 5515 1661 5586 Variae
1691 5519 2019 5590 lectiones
2070 5530 2135 5588 et
2173 5530 2375 5587 notae.

305 5655 418 5799 ἓϐἹζ
459 5653 787 5710 Βαλλάντιον.
824 5657 888 5711 Α.

326 5727 396 5783 68
458 5727 643 5799 Igitur
690 5729 870 5799 etiam

326 5727 418 5809 ῥῷ)
458 5727 646 5809 Igitur
690 5729 870 5809 etiam
894 5727 1196 5809 nonnulli,
1238 5731 1354 5809 sed
1402 5736 1644 5809 temere,
1677 5737 1844 5808 apud

225 5797 569 5858 matthaeum
629 5797 669 5855 l.
723 5797 764 5855 l.
822 5797 1179 5860 intulerunt:
1218 5806 1481 5875 Λέγοντσις⁹
1527 5797 1739 5878 Εἰρήνη
1772 5816 1845 5880 τῷ

1956 5665 2081 5718 οἷκω
2106 5665 2295 5718 τούτω.

2025 5722 2138 5809 (69)
2163 5736 2222 5792 Ἡ
2247 5719 2471 5792 ὀωὶιιὶι
2493 5731 2560 5786 Α.
