4128 6384
556 343 664 398 959

554 574 775 630 quaere,
812 563 915 619 ubi
936 566 1305 625 declaratum
1328 578 1413 626 est
1430 570 1576 627 illud
1604 589 1617 626 :
1651 573 1726 627 Et
1752 574 2077 645 quicunque
2103 588 2221 627 non

552 655 867 721 susceperit
906 671 1003 711 vos
1043 659 1110 709 εδ.

625 741 783 796 Vers.
813 746 895 799 11.
947 747 1165 803 Tamen
1194 779 1262 790 —-
1287 750 1410 806 Dei.
1438 754 1555 807 Hoc
1582 753 1885 824 protestari
1939 748 2224 825 praecepit

557 825 901 898 incredulis,
935 850 1007 889 ne
1066 837 1262 893 dicere
1308 846 1556 910 possent
1593 862 1604 896 :
1646 845 1772 898 Non
1827 842 2219 912 cognovimus

553 917 877 977 adventum
904 929 1092 990 tuum,
1112 927 1382 983 Domine.

604 1013 766 1069 Vers.
796 1015 881 1066 12.
914 1013 1052 1069 Dico
1082 1047 1150 1055 -—
1180 1017 1289 1072 illi.
1321 1018 1610 1076 Praedicto
1641 1023 1833 1094 capite
1880 1027 2056 1084 etiam
2087 1030 2217 1087 haec

551 1103 973 1159 convenienter
1010 1104 1312 1164 declarata
1339 1114 1499 1165 sunt.

624 1195 784 1248 Vers.
833 1196 920 1251 13.
996 1198 1089 1252 Va;
1142 1230 1197 1238 —-
1246 1199 1629 1267 punitnisset.
1666 1203 1873 1267 Quaere
1923 1207 2208 1267 vicesimo

554 1283 747 1354 capite
767 1283 936 1353 juxta
966 1286 1330 1355 Mattheeum,
1368 1288 1468 1343 ubi
1518 1290 1736 1346 dicitur
1770 1308 1781 1347 :
1849 1296 2005 1350 Tum-
2053 1302 2219 1370 (τοοφῖ

552 1373 920 1441 exprobrare
945 1376 1299 1442 civitatibus,
1330 1380 1391 1432 in
1407 1380 1617 1449 quibus
1643 1381 1800 1438 edttw
1819 1387 2056 1454 fuerant
2088 1392 2216 1460 plu-

552 1462 726 1518 rima:
756 1464 991 1520 virtutes
1023 1467 1164 1534 ejus,
1226 1468 1497 1537 quodnon
1582 1472 1959 1541 resipuissent
2016 1479 2061 1513 ⁶⁶
2092 1494 2106 1545 ;
2137 1478 2219 1536 ibi

546 1550 701 1606 enim
732 1556 785 1607 et
814 1552 888 1606 de
929 1552 1021 1607 his
1063 1554 1290 1610 dictum
1319 1561 1429 1612 est.

616 1641 777 1694 Vers.
822 1644 908 1697 14.
952 1642 1357 1701 Verumtamen
1389 1676 1456 1686 —
1487 1648 1664 1703 vobis.
1699 1650 1902 1718 Vobis,
1930 1660 2087 1725 puta,
2125 1656 2221 1713 in-

543 1729 823 1785 credulis.
857 1731 976 1787 Hoc
1018 1749 1263 1805 quoque
1321 1734 1468 1791 dixit
1519 1737 1756 1795 decimo
1800 1759 1951 1799 nono
2020 1748 2218 1818 capite

1886 356 2233 412 EUTHYMII
2276 356 2609 418 ZIGABENI

629 471 787 528 Vers.
830 474 1013 532 10.1n
1062 509 1132 518 —
1178 480 1337 535 Vers.
1382 481 1468 535 11.
1532 496 1649 537 vos.
1680 482 1767 537 lbi
1815 483 1888 539 de
1922 484 2017 539 his
2038 483 2222 538 etiam
2253 483 2301 535 Α

3815 376 3911 434 960

2889 494 3020 548 Ἐκεί
3079 500 3169 548 καὶ
3236 501 3352 569 περὶ
3415 498 3605 548 τούτων
3678 499 3912 568 ζήτησον,

2333 579 2454 629 ἔνθα
2504 581 2806 652 ἡρμηνεύθη
2858 588 2936 639 τό.
3006 591 3105 638 Καὶ
3160 586 3214 648 ὃς
3280 586 3341 637 ἂν
3394 586 3506 658 (70)
3558 592 3628 659 μὴ
3715 585 3915 652 δέξηται

2333 686 2489 737 υμας.

2409 488 2499 548 Εἰς
2545 521 2610 529 —
2665 494 2811 563 ὑμῖν.

2403 759 2539 814 Πλὴν
2566 789 2630 800 —
2664 767 2815 813 Θεοῦ.
2840 768 3003 815 Τοῦτο
3033 764 3319 837 προσέταξε
3337 761 3795 837 διαμαρτύρασθαι
3814 776 3915 830 τοῖς

2333 846 2614 917 ἁπειθέσιν,
2651 851 2733 901 ἶνα
2754 856 2825 923 μὴ
2861 848 3120 905 δύνωνται
3139 854 3319 925 λέγειν,
3347 854 3467 907 Ὀτι
3493 854 3585 906 ούκ
3606 857 3913 927 ἔγνωμεντὴν

2328 942 2621 1007 παρουσίαν
2652 959 2766 1006 σου,
2816 945 2986 1015 Κύριε.

2399 1028 2548 1096 Λέγω
2581 1058 2645 1066 -
2678 1029 2862 1103 ἐκείνῃ.
2898 1032 2979 1084 Ἐν
3010 1041 3082 1102 τῷ
3111 1036 3326 1104 τοιούτῳ
3356 1032 3615 1105 κεφαλαίῳ
3652 1035 3916 1087 καὶταῦτα

2327 1120 2696 1186 προσηκόντως
2728 1122 3151 1194 ἡρμηνεύθησαν.

2399 1205 2534 1257 Ούαί
2597 1238 2666 1247 -—
2743 1216 3077 1281 μετενόησαν.
3155 1215 3396 1269 Ζήτησον
3452 1211 3501 1263 ἐν
3570 1220 3642 1282 τῷ
3715 1214 3915 1284 εἰκοστῷ

2326 1294 2585 1367 κεφαλαίῳ
2662 1306 2753 1349 τοῦ
2826 1302 2960 1352 κατὰ
3036 1303 3303 1354 Ματθαίον
3382 1307 3460 1353 ro‘
3530 1306 3656 1354 Τότε
3736 1302 3917 1373 ἤρξατο

2330 1381 2601 1445 ὀνειδίζειν
2630 1390 2719 1448 τὰς
2748 1388 2936 1454 πόλεις,
2969 1388 3016 1441 ἐν
3048 1391 3131 1451 αἷς
3166 1390 3392 1461 ἐγένοντο
3422 1394 3477 1443 αἱ
3507 1390 3745 1443 πλεῖσται
3771 1388 3916 1443 δυνά-

2328 1492 2437 1544 μεις
2468 1475 2649 1544 αὐτου,
2680 1479 2759 1529 ὅτι
2789 1478 2848 1530 ού
2880 1484 3214 1550 μετενόησαν.
3251 1481 3385 1532 Ἐκεῖ
3421 1482 3524 1554 γὰρ
3555 1485 3645 1532 καὶ
3672 1484 3783 1554 περὶ
3814 1483 3921 1532 τού-

2327 1582 2423 1613 των
2456 1567 2675 1636 εἴρηται.

3173 1666 3276 1719 τοίς
3346 1657 3607 1728 ἀπειθέοι,
3673 1655 3707 1711 δ
3711 1658 3920 1716 ηλονότι.

2330 1740 2452 1795 Eine
2505 1740 2565 1796 δὲ
2610 1753 2760 1798 τοῦτο
2818 1752 2908 1800 καὶ
2966 1747 3014 1799 ἐν
3070 1757 3141 1819 τῷ
3190 1746 3631 1820 ἐννεακαιδεκάτῳ
3679 1748 3922 1821 κεφαλαίῳ

2402 1654 2540 1712 Πλὴν
2590 1687 2657 1695 —
2724 1658 2865 1729 ύμῖν.
2921 1658 3084 1730 Ὑμῖν,

542 1819 838 1888 Evangelii
875 1821 1035 1877 iuxta
1076 1823 1426 1890 Mattheeum,
1461 1831 1517 1881 et
1546 1827 1629 1883 ibi
1679 1828 1806 1901 lege
1867 1832 2008 1889 dicti
2058 1835 2204 1893 illius

2329 1841 2419 1884 τοῦ
2475 1838 2610 1886 κατὰ
2658 1838 2940 1901 Νιατθαίον,
3002 1842 3092 1889 καὶ
3146 1837 3406 1908 ἀνάγνωθι
3465 1842 3559 1895 τὴν
3624 1837 3774 1890 λύσιν
3831 1838 3926 1890 ἐκεῖ

539 1907 1004 1966 declarationem
1023 1928 1034 1965 :
1052 1913 1229 1968 Amen
1241 1913 1359 1969 dico
1390 1915 1565 1981 vobis,
1582 1920 1957 1977 toterabilius
1973 1925 2087 1979 erit
2107 1933 2219 1982 ter-

541 2010 629 2053 ra
648 1997 1022 2054 Sodomorum
1040 2004 1093 2055 et
1112 2001 1779 2077 Gomorrhorum,quam
1795 2010 2025 2068 civitati
2043 2014 2135 2070 illi
2145 2017 2214 2073 ⁸⁷.

609 2175 777 2231 Vers.
810 2178 898 2231 15.
947 2179 1022 2233 Et
1054 2182 1211 2234 tu—
1267 2181 1621 2240 detraheris.
1678 2186 1972 2246 Vicesimo
2018 2194 2216 2265 capite

538 2265 840 2333 Evangelii
866 2268 1195 2325 secundum
1233 2271 1571 2328 Matthaeum
1629 2274 1802 2331 etiam
1836 2277 1910 2333 de
1939 2280 2054 2336 hac
2093 2282 2214 2337 dic-

536 2359 656 2409 tum
678 2360 784 2420 est,
814 2355 893 2411 ibi
926 2373 1070 2427 ergo
1117 2375 1339 2431 quare.

641 2445 801 2499 Vers.
837 2449 924 2503 16.
970 2448 1079 2514 Qui
1119 2449 1281 2504 audit
1331 2467 1530 2507 —-me.
1593 2454 1990 2525 Rejectionem
2048 2460 2207 2518 hanc

533 2538 709 2589 vocat
738 2534 1202 2594 incredulitatem
1236 2543 1291 2594 et
1316 2542 1709 2599 aversionem.
1745 2549 1824 2601 Ne
1865 2549 2024 2604 enim
2057 2567 2206 2607 mce-

534 2636 665 2678 rorc
722 2624 1078 2690 afﬁciantur,
1134 2644 1272 2684 cum
1325 2640 1708 2702 spernuntur,
1761 2635 1943 2692 dicit:
2004 2638 2205 2697 Vestra

532 2711 751 2780 injuria
800 2729 905 2784 per
945 2732 1047 2770 vos
1085 2716 1144 2771 in
1175 2734 1267 2773 me
1285 2721 1546 2787 recurrit,
1605 2724 1703 2794 qui
1737 2725 1868 2781 misi
1911 2744 2013 2783 vos
2047 2746 2063 2782 :
2096 2746 2202 2801 per

534 2812 629 2852 me
660 2802 881 2867 autem,
912 2800 972 2855 in
1002 2801 1233 2858 Patrem
1269 2820 1489 2870 meum,
1523 2808 1629 2879 qui
1663 2810 1818 2865 misit
1870 2828 1983 2868 me.

603 2886 767 2941 Vers.
800 2890 883 2943 17.
912 2890 1145 2948 Rez'ersi
1163 2925 1232 2933 —
1250 2900 1431 2949 tuum.
1458 2897 1827 2965 Gaudebant,
1844 2903 2006 2972 quod
2030 2904 2197 2975 digni

528 2975 894 3034 haberentur
945 2986 1000 3035 et
1056 2982 1345 3039 miracula
1411 2986 1605 3055 edere,
1653 2995 1706 3043 et
1756 2989 2050 3048 daamonia
2084 2994 2196 3050 sibi

529 3065 843 3136 subjicere.

599 3155 763 3211 Vers.
802 3160 880 3212 l8.
912 3158 1073 3217 Dixit
1114 3192 1169 3203 -
1197 3164 1521 3222 cadentem.
1552 3165 1810 3224 Causam
1845 3170 2198 3240 signiﬁcavit
2236 3198 2276 3254 ρ

526 3243 913 3315 subjectionis
980 3250 1409 3309 daemoniorum
1477 3256 1614 3327 quia
1666 3258 1872 3315 cecidit
1914 3263 2194 3335 princeps

525 3349 753 3400 eorum,
788 3337 890 3409 qui
922 3338 1100 3395 fortes
1139 3340 1263 3396 illos
1290 3343 1580 3401 reddebat
1625 3363 1695 3402 ac
1722 3349 2110 3419 confortabat,
2138 3359 2193 3409 et

518 3422 646 3491 jam
678 3424 851 3481 facile
883 3427 955 3483 de
971 3429 1293 3486 vincuntur.
1343 3433 1653 3505 Siquidem
1684 3442 1822 3493 ante
1870 3439 2193 3498 Salvatoris

522 3513 995 3573 incarnationem
1036 3519 1093 3573 in
1135 3520 1389 3577 sublime
1430 3523 1746 3593 ferebatur,
1784 3533 1838 3583 et
1868 3534 2190 3600 tyrannum

523 3604 759 3671 agebat,
792 3621 860 3660 ac
902 3611 1113 3678 potens
1144 3617 1270 3666 erat
1304 3631 1316 3669 :
1350 3628 1487 3669 cum
1518 3619 1720 3671 autem
1763 3618 1918 3673 Deus
1948 3619 2006 3674 in
2037 3625 2194 3677 terra

523 3706 628 3762 per
658 3708 898 3750 carnem
928 3696 1355 3767 deversaretur,
1394 3704 1618 3766 cecidit,
1649 3721 1769 3761 non
1797 3723 1831 3761 a
1852 3708 1980 3764 celo
2010 3729 2021 3766 :
2049 3709 2191 3765 olim

521 3780 683 3835 enim
710 3782 847 3838 inde
879 3785 1194 3857 ceciderat,
1224 3804 1334 3844 nec
1363 3791 1616 3862 amplius
1640 3810 1710 3849 eo
1744 3797 2014 3853 ascendit
2043 3817 2055 3854 :
2084 3800 2190 3855 sed

523 3884 559 3925 a
608 3870 768 3926 dicta
806 3872 1172 3941 celsitudine,
1216 3881 1533 3949 tyrannide
1587 3899 1656 3938 ac
1696 3886 1982 3955 potentia.
2046 3889 2189 3945 Dicit

521 3973 709 4028 ergo:
752 3960 1023 4019 Videbam
1070 3965 1365 4034 Satanam,
1420 3976 1739 4043 postquam
1782 3975 2056 4033 videlicet
2081 3979 2189 4034 hu-

520 4048 872 4106 manitatem
897 4055 1200 4126 assumpsi
1227 4057 1561 4125 cadentem,
1593 4066 1654 4117 ut
1688 4061 1906 4133 fulgur,
1936 4067 2099 4137 quod
2117 4067 2189 4123 de

521 4136 671 4192 caelo
702 4138 877 4195 cadit.

589 4226 840 4291 Quidam
868 4234 1068 4286 autem
1092 4232 1293 4289 caelum
1322 4234 1653 4309 intelligunt
1674 4238 1785 4295 hoc
1804 4239 1937 4298 loco
1964 4258 2184 4313 aerem,

514 4312 575 4369 in
604 4331 727 4387 quo
755 4320 983 4374 versari
1011 4322 1231 4389 gaudet
1262 4326 1534 4381 Satanas.
1569 4330 1715 4383 Nam
1746 4334 1800 4385 et
1840 4347 1943 4386 aer
1968 4333 2187 4391 coelum

516 4403 733 4461 dicitur
791 4424 804 4463 :
864 4409 1162 4477 Volucres,
1206 4414 1416 4485 inquit,
1446 4417 1593 4473 caeli.
1648 4420 1798 4475 Usus
1864 4426 1953 4477 est
1995 4430 2186 4481 autem

515 4492 769 4563 fulguris
800 4500 1094 4571 exemplo,
1114 4506 1437 4559 ostendens
1468 4507 1905 4568 vehementiam
1939 4528 2010 4569 ac
2041 4514 2185 4571 velo-

516 4583 750 4640 citatem
783 4603 959 4643 casus
1007 4590 1183 4645 illius.

586 4675 746 4729 Vers-
789 4676 875 4731 19.
906 4680 1062 4735 Ecce
1087 4712 1154 4719 —
1179 4685 1541 4753 scorpiones.
1570 4689 1880 4761 Serpentes
1922 4707 1997 4747 ac
2029 4710 2185 4751 scor-

514 4763 723 4833 piones
746 4766 1169 4837 intelligibiles,
1201 4773 1304 4842 qui
1347 4762 1581 4832 animas
1613 4779 1890 4836 mordent
1911 4798 1980 4837 ac
2009 4782 2188 4840 devo-

512 4856 659 4908 rant.
695 4854 779 4910 Ita
805 4862 1004 4912 autem
1049 4857 1355 4917 daamones
1401 4866 1743 4937 appellavit,
1803 4885 1924 4925 non
1979 4872 2185 4930 SOlum

512 4944 1256 5014 propterinsidias,veneni
1272 4951 1693 5021 jaculationem
1710 4958 2183 5030 acinfectionem,

513 5030 619 5087 sed
656 5037 714 5089 et
760 5039 1005 5106 propter
1061 5036 1420 5099 debilitatem
1476 5060 1547 5101 ac
1600 5045 1927 5116 ignaviam.
1964 5050 2183 5109 Verum

508 5121 684 5212 quod
704 5122 779 5179 de
806 5122 1169 5184 daemonibus
1196 5128 1496 5203 loquatur,
1561 5136 1882 5195 manifesta
1901 5138 1983 5205 id,
2016 5141 2184 5212 quod

511 5209 801 5268 subditur.

581 5362 628 5396 ⁵⁵
661 5364 864 5422 Matth.
904 5382 964 5433 x,
997 5367 1085 5423 14.

1219 5372 1265 5408 ⁸⁸
1292 5372 1498 5430 Matth.
1524 5391 1605 5445 x1,
1637 5379 1725 5433 20.
1760 5379 1807 5415 ⁸⁷
1839 5378 2041 5436 Matth.
2079 5397 2137 5448 x,
2171 5385 2256 5439 15.

2329 1929 2439 1973 τοῦ’
2506 1925 2674 1995 Ἀμὴν
2735 1925 2866 1996 λέγω
2923 1928 3064 1998 ὑμῖν,
3133 1926 3457 2000 ἀνεκτότερον
3526 1930 3676 1979 ἔσται
3729 1935 3794 1999 γῇ
3848 1934 3925 1979 Σο-

2329 2008 2503 2082 δόμων
2550 2018 2639 2065 καὶ
2680 2014 2949 2089 Γομόρρων
2996 2018 3046 2067 ἐν
3098 2018 3267 2089 ἡμέρᾳ
3316 2021 3562 2089 κρίσεως,
3601 2016 3631 2075 ἦ
3681 2023 3742 2089 τῇ
3792 2016 3925 2069 πόλει

2327 2099 2487 2173 ἐκείνῃ
2501 2143 2513 2155 .

2400 2196 2499 2242 Καὶ
2533 2194 2596 2244 σὺ
2627 2223 2693 2232 -
2724 2192 3087 2252 καταϐιϐασθή
3100 2213 3189 2266 σῃ.
3222 2194 3302 2246 Ἐν
3329 2203 3401 2265 τῷ
3434 2195 3656 2265 εἰκοστῷ
3678 2193 3923 2266 κεφαλαίῳ

2322 2287 2414 2331 τοῦ
2461 2283 2595 2332 κατὰ
2647 2284 2914 2334 Ματθαῑον
2976 2287 3179 2358 εἴρηται
3238 2288 3329 2336 καὶ
3385 2290 3503 2360 περὶ
3562 2287 3778 2351 ταύτης,
3843 2287 3926 2334 καὶ

2327 2371 2557 2431 ζήτησον
2590 2369 2638 2422 ἐν
2670 2370 2842 2443 ἐκείνῳ
2858 2418 2867 2427 .

2389 2458 2446 2511 '0
2499 2459 2697 2511 ἀκούων
2755 2492 2821 2502 —--
2868 2481 2948 2533 με.
3004 2461 3278 2520 Ἀθέτησιν
3329 2462 3469 2535 λέγει
3521 2468 3616 2533 τὴν
3674 2462 3924 2515 ἀπιίθείαν

2316 2554 2406 2600 καὶ
2438 2548 2791 2622 ἀποστροφήν.
2834 2550 2943 2602 Ἰνα
2971 2553 3072 2622 γὰρ
3127 2557 3199 2624 μὴ
3255 2552 3524 2605 λυπῶνται
3578 2552 3919 2624 ἀθετοῦμενοι,

2317 2643 2493 2709 φησὶν,
2536 2641 2614 2691 ὅτι
2652 2639 2708 2691 Ἠ
2742 2641 2960 2712 ὑμετέρα
3009 2640 3179 2716 ὕϐρις,
3232 2638 3304 2693 δι’
3359 2643 3506 2713 ὑμῶν
3560 2646 3673 2713 μὲν,
3722 2641 3793 2704 εἰς
3845 2639 3924 2712 ἐμὲ

2314 2726 2612 2801 ἀνατρέχει,
2665 2733 2749 2780 τόν
2797 2728 3173 2782 ἀποστείλαντα
3221 2729 3388 2805 ύϐρις·
3452 2728 3525 2783 δι’
3570 2730 3697 2803 ἐμοῦ
3740 2727 3818 2794 δὲ,
3858 2729 3921 2789 εἰς

2312 2821 2397 2868 τὸν
2434 2824 2635 2890 [Ιατέρα
2671 2838 2771 2889 μου
2800 2822 2884 2870 τὸν
2917 2818 3296 2872 ἀποστείλαντά
3321 2840 3402 2892 με.

2380 2906 2732 2978 Ὑπέστρεψαν
2801 2938 2872 2948 -
2949 2928 3063 2962 σου.
3135 2908 3412 2981 Ἐχαιρον,
3494 2913 3560 2971 ὡς
3631 2910 3924 2975 ἀξιωθέντες

2312 2998 2724 3071 θαυματουργεῖν
2751 3002 2839 3048 καὶ
2866 2999 3184 3050 ύποτάσσειν
3210 3002 3275 3049 τὰ
3307 2995 3341 3051 δ
3345 3004 3582 3069 αιμόνια.

2382 3173 2507 3229 Εἶπε
2556 3208 2620 3215 -
2670 3181 2912 3229 πεσόντα.
2971 3174 3240 3235 Ἐδήλωσε
3291 3198 3383 3237 την
3447 3180 3624 3232 αἰτιᾶν
3681 3188 3773 3240 τῆς
3828 3187 3922 3231 τῶν

2313 3263 2573 3337 δαιμόνων
2630 3268 2921 3337 ὑποταγῆς,
2985 3269 3065 3319 ὅτι
3112 3277 3376 3321 πέπτωκεν
3428 3271 3453 3320 ό
3498 3272 3687 3343 οἰρχων
3738 3270 3921 3333 αὐτῶν,

2308 3357 2332 3407 ὁ
2382 3354 2640 3427 ἐνισχύων
2691 3356 2902 3417 αὐτοὺς,
2961 3362 3050 3409 καὶ
3106 3356 3284 3409 λοιπόν
3344 3358 3798 3431 εύκαταγώνιστοι
3848 3377 3925 3430 γε-

2304 3464 2509 3515 γονασι·
2549 3450 2650 3517 πρό
2697 3448 2785 3517 μὲν
2832 3449 2934 3520 γὰρ
2990 3454 3081 3507 τῆς
3126 3448 3569 3519 ἐνανθρωπήσεως
3612 3458 3704 3502 τοῦ
3750 3456 3924 3506 Σωτῆ-

2305 3555 2413 3606 ρος,
2450 3535 2521 3597 εἰς
2563 3534 2711 3605 ὕψος,
2774 3538 2947 3608 ᾔρετο,
3000 3541 3089 3587 καὶ
3134 3535 3413 3609 ἐτυράννει,
3461 3544 3556 3591 καὶ
3604 3542 3788 3611 ἴσχυε.
3826 3544 3925 3591 Τοῦ

2307 3632 2438 3676 Θεοῦ
2472 3621 2530 3676 δε
2561 3632 2622 3696 τῇ
2664 3632 2730 3695 γῇ
2779 3620 2873 3676 διὰ
2905 3630 3100 3699 σαρκός
3129 3622 3583 3698 ἐπιδημήσαντος,
3638 3634 3922 3681 πέπτωκεν·

2305 3715 2397 3765 ούκ
2443 3712 2542 3765 ἀπὸ
2582 3722 2673 3765 τοῦ
2720 3714 2958 3788 ούρανοῦ·
3012 3718 3175 3766 πάλαι
3229 3718 3331 3790 γὰρ
3383 3712 3473 3768 ἄπ’
3538 3718 3701 3771 αὐτοῦ
3759 3722 3927 3770 πεσὼν

2304 3803 2475 3855 οὐκέτι
2538 3802 2698 3854 αύτοῦ
2749 3801 2923 3861 ἐπέϐη·
2979 3802 3085 3855 ἀλλ’
3143 3803 3243 3875 ἀμό
3297 3813 3388 3857 τοῦ
3448 3806 3711 3879 ῥηθέντος
3765 3807 3930 3878 ὕψους

2302 3896 2391 3943 καὶ
2422 3900 2515 3953 τῆς
2546 3888 2855 3965 τυραννίδος
2892 3897 2981 3943 καὶ
3028 3901 3119 3953 τῆς
3154 3894 3370 3964 ἰσχύος.
3415 3899 3577 3967 Λέγει
3610 3901 3806 3961 τοίνυν,
3851 3897 3927 3947 ὃτι

2302 3983 2581 4055 Ἐθεώρουν
2661 3985 2748 4032 τόν
2828 3987 3077 4046 Σατανᾶν,
3163 3984 3291 4053 μετὰ
3368 3986 3424 4035 τὸ
3520 3983 3929 4060 ὲνανθρωπῆσαί

2300 4090 2362 4141 με
2412 4067 2674 4131 δηλονότι,
2736 4075 2978 4137 πεσόντα,
3045 4075 3114 4134 ὡς
3163 4070 3460 4143 ἀστραπὴν,
3528 4074 3588 4125 ἐκ
3655 4076 3772 4147 (71)
3838 4081 3925 4127 τοῦ

2301 4159 2541 4231 ούρανοῦ.

2370 4253 2514 4311 Τινὲς
2564 4245 2623 4302 δὲ
2671 4250 2885 4324 οὐρανόν
2933 4248 3154 4302 ἐνταῦθα
3191 4254 3278 4303 τὸν
3320 4249 3443 4324 ἀέρα
3482 4261 3723 4320 νοοῦσιν,
3832 4251 3927 4305 ἓνε-

2301 4339 2582 4411 φιλοχώρεί
2614 4340 2637 4390 ό
2679 4346 2917 4399 Σατανᾶς.
2958 4343 3176 4410 Λέγεται
3204 4344 3305 4414 γὰρ
3358 4341 3576 4414 οὐρανὸς
3607 4348 3703 4396 xui
3738 4345 3764 4396 6
3801 4341 3923 4416 ἀήρ.

2298 4432 2375 4481 Τὰ
2403 4432 2607 4481 πετεινὰ
2644 4434 2743 4503 γὴρ
2792 4444 2921 4500 φησι
2965 4436 3057 4480 τοῦ
3106 4428 3345 4502 ούρανοῦ.
3382 4437 3465 4499 Τῷ
3519 4431 3927 4506 παραδείγματι

2303 4514 2359 4569 δὲ
2398 4528 2492 4579 τῆς
2524 4517 2794 4591 ἀστραπῆς
2835 4516 3121 4590 ἐχρήσατο,
3158 4519 3414 4590 ἐμφαίνων
3456 4522 3516 4572 τὸ
3566 4519 3805 4596 σφοδρόν
3837 4526 3927 4573 καὶ

2300 4607 2388 4669 ὀξὺ
2420 4615 2513 4669 τῆς
2538 4614 2779 4667 πτώσεως
2811 4608 2991 4661 αὐτοῦ.

2371 4692 2511 4748 Ἰδού
2566 4728 2631 4736 -
2696 4702 2974 4771 σκορπίων.
3034 4696 3233 4769 ’Ὁφεων
3292 4702 3380 4749 καὶ
3464 4704 3763 4773 σκορπίων,
3826 4709 3924 4751 τὼν

2298 4782 2587 4838 δακνόντων
2613 4792 2701 4837 καὶ
2731 4791 3118 4858 τιτρωσκόντων
3146 4789 3237 4849 τὰς
3265 4786 3471 4858 ψυχάς.
3521 4790 3681 4842 Οὕτω
3719 4787 3782 4843 δὲ
3810 4794 3926 4850 τοὺς

2298 4872 2553 4947 δαίμονας
2600 4875 2884 4947 ὠνόμασεν,
2931 4876 2989 4928 ού
3043 4880 3196 4948 μόνον
3251 4873 3344 4928 διὰ
3388 4880 3445 4928 τὸ
3492 4876 3779 4931 ἐπίϐουλον
3835 4884 3927 4931 καὶ

2298 4963 2491 5017 ἰοϐόλον
2534 4970 2623 5017 καὶ
2654 4966 2956 5039 φθαρτικὸν,
3004 4963 3131 5017 ἀλλὰ
3173 4970 3263 5017 καὶ
3306 4962 3400 5019 διὰ
3450 4970 3509 5018 τὸ
3558 4967 3783 5031 ἀσθενὲς
3836 4973 3925 5021 καὶ

2294 5054 2564 5109 εύὰλωτόν.
2598 5052 2715 5107 Ὀτι
2752 5051 2809 5108 δὲ
2838 5060 2957 5131 περὶ
3000 5064 3101 5108 τῶν
3144 5052 3405 5128 δαιμόνων
3458 5056 3623 5128 λέγει,
3675 5055 3840 5117 δηλοῖ
3867 5062 3924 5111 τὸ

2295 5143 2631 5217 ἐπαγόμενον.

1720 5553 1946 5623 Variae
1985 5557 2311 5626 lectiones
2344 5570 2408 5627 et
2438 5571 2642 5627 notae.

584 5732 692 5799 (70)
721 5729 811 5791 ’⁷ος
837 5730 939 5787 ἐάν.
1007 5736 1071 5792 Β.

2359 5758 2474 5830 (7t)
2496 5761 2630 5830 Τὴν,
2666 5762 2799 5817 ante
2826 5756 2902 5825 ἐκ,
2934 5758 3101 5817 addit
3127 5760 3194 5818 Δ.
