4128 6378
197 329 278 386 961
1302 319 1658 378 (IOMMENT.
1702 320 1771 376 IN

1914 317 2076 377 ΒΑΜ.
2120 354 2187 362 -—
2219 321 2371 377 CAP.
2410 322 2475 378 X.

3450 327 3557 383 962

258 454 350 508 Καὶ
378 481 448 491 -—
489 446 708 524 ἱχθροῦ.
754 456 859 503 Τοῦ
901 456 1087 508 νοητοῦ
1136 447 1440 521 δράκοντος.
1496 445 1644 501 Ἰδὼν
1683 450 1780 520 γὰρ

1966 448 2128 502 Vers.
2196 453 2277 505 19.
2332 451 2405 504 Ει
2478 449 2718 505 inimici.
2793 448 3095 518 Videlicet,
3160 450 3553 523 intelligibilis

199 543 360 602 αὐτοὺς
408 545 697 615 χαίροντας
736 540 821 592 ἐπὶ
868 548 930 612 τῇ
964 549 1061 592 τῶν
1091 536 1373 613 δαιμονίων
1410 540 1671 610 ὑποταγῇ,
1706 534 1785 589 δί-

200 628 315 685 δωσι
349 633 438 701 μὲν
475 630 653 692 αὐτοῖς
685 626 898 688 διηνεκῆ
940 634 1029 687 τὴν
1080 630 1190 681 κατ’
1233 629 1399 680 αὐτῶν
1431 626 1692 695 ἐξουσίαν,
1726 626 1786 683 ἢν

201 724 501 792 πρόσκαιρον
555 718 755 783 ὓςαϐον,
798 720 880 771 ὅτε
936 727 1134 791 πρῶτον
1178 716 1513 778 ἀπεζοίλησαν
1556 735 1567 746 ·
1598 735 1785 789 παραιο

202 818 265 862 νεῖ
288 805 363 871 δὲ,
404 813 476 879 μὴ
532 814 741 881 χαίρειν
781 808 864 860 ἐπὶ
921 811 1108 879 ταύτῃ,
1170 804 1311 859 διότι
1350 807 1444 858 οὐκ
1494 805 1546 867 ἐξ
1593 804 1790 875 ἀγῶνος

205 900 522 972 προσεγένετο
562 901 781 965 τούτοις,
814 898 921 949 ἀλλ’
974 897 1026 948 ἐκ
1059 895 1278 970 δωρεᾶς,
1316 893 1407 948 διὰ
1438 898 1558 955 τοὺς
1598 892 1787 964 ὠφελη-

206 991 342 1045 θῆναι
373 988 663 1058 μέλλοντας.
689 990 780 1045 Εἲη
815 985 929 1040 δ’ἆν
962 984 1179 1058 δύναμις
1209 994 1300 1037 τοῦ
1322 985 1516 1056 ἐχθροῦ
1539 983 1596 1034 οὗ
1637 986 1787 1054 μόνον

203 1081 243 1129 οἱ
272 1074 529 1148 δαίμονες,
579 1075 707 1128 ἀλλὰ
746 1082 834 1129 καὶ
877 1079 1055 1137 πάντες
1095 1079 1143 1128 οἱ
1195 1075 1247 1138 ἐξ
1290 1075 1457 1127 αὐτῶν
1496 1067 1790 1132 πολυειδεῖς

203 1171 485 1239 πειρασμοί.

258 1258 393 1317 Τινὲς
422 1251 481 1307 δὲ
504 1261 593 1306 καὶ
626 1257 691 1306 τὰ
711 1257 983 1329 φθείροντα
1013 1259 1129 1315 τοὺς
1168 1253 1467 1329 ἀνθρώπους
1499 1253 1658 1326 θηρία
1691 1246 1788 1302 δύ-

195 1366 330 1417 ναμιν
351 1345 515 1397 αὐτοῦ
544 1345 800 1416 λέγουσιν,
856 1348 925 1406 ὡς
953 1347 1228 1419 χρωμένου
1269 1348 1358 1395 καὶ
1413 1344 1623 1401 τούτοις
1670 1339 1789 1392 καθ’

194 1455 343 1493 ηιιων,

256 1527 348 1577 Καὶ
375 1520 530 1577 οὐδεν
563 1554 630 1564 --
679 1519 945 1596 ἀδικήσῃ.
996 1523 1072 1575 Οὐ
1114 1520 1339 1595 δαίμων,
1386 1523 1443 1574 οὐ
1474 1522 1783 1594 πειρασμὸς,

190 1612 284 1665 ἀλλ’
311 1610 436 1666 οὐδί
465 1615 664 1689 θηρίον.

253 1702 386 1761 Πλὴν
420 1734 487 1743 —
527 1704 910 1759 ὑποτάσσεται,
965 1703 1039 1755 Οὐ
1086 1706 1187 1778 γὰρ
1221 1706 1461 1778 ὑμέτερον
1511 1711 1568 1759 τὸ
1599 1715 1785 1785 κατὸρι

1897 537 2192 593 draconis.
2225 536 2373 592 Cum
2398 553 2540 607 ergo
2577 538 2820 593 vidisset
2840 553 2948 611 eps
2976 539 3305 610 gaudentes
3324 540 3399 596 de
3418 541 3558 596 sub-

1890 627 2148 695 jectione
2209 626 2665 694 daemoniorum,
2734 629 2840 684 dat
2903 630 3150 701 quidem
3206 632 3557 687 continuam

1898 713 2180 769 adversus
2223 714 2323 770 illa
2354 721 2724 787 potestatem,
2757 718 2965 790 quiam
2997 719 3163 791 prius
3213 720 3292 775 ad
3321 726 3560 792 tempus

1899 810 2275 875 acceperant,
2310 821 2451 859 cum
2492 806 2863 862 mitterentur
2898 825 2909 862 :
2946 808 3051 863 sed
3084 808 3458 875 adhortatur,
3488 825 3558 865 ne

1897 891 1973 945 de
2003 891 2115 947 hac
2142 894 2459 963 gaudeant,
2484 895 2627 966 quia
2658 910 2779 950 non
2805 911 2877 951 ex
2894 898 3216 951 certamine
3240 896 3323 952 eis
3349 913 3559 968 prove-

1900 982 2003 1045 nit,
2036 983 2139 1037 sed
2163 998 2235 1037 ex
2265 981 2426 1037 dono
2459 988 2697 1055 propter
2726 1000 2830 1039 eos
2875 986 2977 1056 qui
3007 985 3334 1056 adjuvandi
3363 990 3555 1042 erant.

1900 1069 2099 1126 Potest
2124 1075 2325 1128 autem
2353 1072 2533 1127 virtus
2584 1074 2809 1129 inimici
2864 1074 3004 1140 dici,
3056 1090 3177 1131 non
3216 1076 3411 1131 solum
3444 1075 3555 1147 ipsi

1896 1159 2225 1227 daemones,
2262 1162 2368 1217 sed
2393 1167 2452 1218 et
2473 1162 2859 1219 multiformes
2891 1180 3099 1220 eorum
3132 1166 3519 1221 tentationes.

1970 1249 2218 1314 Quidam
2233 1266 2375 1307 vero
2393 1258 2446 1306 et
2463 1252 2631 1315 feras,
2650 1268 2783 1325 qum
2802 1253 3067 1308 homines
3083 1255 3353 1326 perdunt,
3375 1255 3558 1310 virtu-

1897 1343 2009 1394 tem
2027 1339 2179 1395 illius
2200 1340 2423 1405 dicunt,
2439 1341 2605 1412 quod
2618 1341 2788 1397 etiam
2804 1342 2897 1397 his
2912 1342 3204 1398 adversus
3219 1359 3323 1397 nos
3338 1347 3553 1400 utatur.

1968 1519 2131 1574 Vers.
2160 1520 2246 1575 19.
2278 1519 2357 1574 Et
2386 1550 2456 1560 —
2482 1519 2722 1577 nocebit.
2743 1524 2859 1577 Nec
2884 1521 3137 1589 daemon,
3163 1537 3271 1578 nec
3291 1523 3556 1591 tentatio,

1896 1623 2007 1663 nec
2034 1608 2155 1663 fera
2185 1612 2496 1663 venenata.

1968 1700 2129 1752 Vers.
2158 1700 2245 1753 20.
2286 1697 2692 1754 Verumtamen
2715 1730 2784 1740 —
2812 1699 3190 1769 subjicintur.
3232 1702 3361 1757 Non
3395 1701 3556 1757 enim

193 1794 347 1864 θωμα,
382 1790 490 1844 ἀλλ’
524 1794 619 1864 ἔμὴ
663 1794 693 1849 ἡ
736 1794 916 1865 χάρις.
954 1794 1037 1847 Ἐν
1087 1797 1255 1865 τούτῳ
1286 1794 1373 1845 οὖν
1424 1800 1495 1867 μὴ
1550 1802 1783 1871 χαίρετε,

1914 1792 2158 1843 vestrum
2191 1791 2279 1842 est
2308 1803 2482 1858 opus,
2527 1788 2625 1842 sed
2669 1804 2800 1843 mea
2829 1789 3036 1859 gratia.
3068 1794 3131 1845 In
3162 1790 3277 1846 hoc
3309 1805 3452 1861 ergo
3481 1806 3557 1847 ne

193 1884 267 1934 ἱνα
326 1887 423 1953 μὴ,
472 1884 537 1942 ὡς
588 1880 672 1933 ἐπὶ
733 1884 1101 1957 κατορθώματι
1152 1888 1448 1957 χαίροντες,
1505 1886 1576 1946 εἰς
1615 1890 1787 1945 οἴησιν

192 1970 508 2044 ίπαρθείητε.

258 2066 477 2133 Χαίρετε
515 2060 875 2135 -οὐρανοῑς,
936 2060 1053 2113 Ὀτι
1113 2058 1207 2113 διὰ
1261 2067 1354 2120 τὴν
1409 2070 1588 2116 πίστιν
1649 2068 1790 2137 ὑμῶν

198 2150 704 2222 ἑπολιτοφραφήθητε
734 2150 783 2201 ἐν
826 2158 888 2222 τῇ
949 2152 1053 2201 ἄνω
1104 2151 1266 2214 πόλει,
1322 2153 1380 2203 οὐ
1426 2154 1623 2223 μέλανι,
1666 2154 1793 2206 ἀλλὰ

195 2246 385 2313 μνήμη,
424 2237 570 2306 οὐδὲ,
604 2242 673 2301 ὡς
702 2240 835 2310 (72),
870 2242 1135 2313 ἄνθρωποι
1182 2244 1493 2313 γράφουσιν,
1536 2242 1642 2293 ἀλλ’
1673 2246 1737 2303 ως
1768 2246 1791 2295 ὀ

195 2335 316 2390 Θεὸς
378 2326 497 2381 οἶδε
545 2332 784 2400 γράφειν.
843 2334 979 2387 Φησὶ
1031 2334 1130 2403 γὰρ
1174 2337 1288 2403 περὶ
1337 2342 1434 2382 τὼν
1501 2330 1719 2384 δικαίων
1769 2336 1793 2385 ὁ

193 2418 371 2487 Δαυίδ,
405 2421 511 2480 ὅτι,
542 2420 645 2472 Καὶ
676 2417 758 2470 ἐπὶ
797 2422 853 2470 τὸ
884 2417 1082 2490 βιϐλίον
1114 2439 1208 2471 σου
1258 2423 1447 2483 πάντες
1492 2428 1795 2494 γραφὴσον-

190 2529 287 2560 ται·
320 2514 388 2562 Τὸ
425 2511 518 2581 μεν
539 2513 640 2581 γὰρ
673 2511 989 2560 ὑποτάσσειν
1028 2511 1095 2560 τὰ
1140 2506 1408 2582 δαιμόνια,
1440 2508 1513 2563 δι’
1553 2512 1792 2583 ὠφέλειαν

190 2599 360 2673 ἑτέρων
392 2600 522 2671 ὑμῖν
555 2594 774 2651 δέδοται
807 2619 819 2631 ·
853 2603 912 2650 τὸ
935 2595 993 2651 δὲ
1024 2601 1088 2650 τὰ
1108 2602 1337 2671 ὀνόματα
1362 2602 1504 2672 ὑμῶν
1529 2610 1793 2674 γραφῆναι

188 2687 231 2738 ἐν
261 2696 369 2750 τοῖς
414 2688 681 2760 οὐρανοῖς,
742 2685 835 2740 διὰ
889 2694 1153 2760 σωτηρίαν
1202 2691 1468 2763 ὑμετέραν.
1505 2694 1591 2742 Διό
1624 2692 1788 2749 ἐκείνη

187 2781 268 2848 μὲν
297 2780 326 2836 ἡ
360 2782 521 2850 χαρά
567 2777 861 2829 κλέπτουσα
887 2783 1144 2849 φυσίωσιν
1175 2776 1313 2831 οἶδεν
1353 2780 1577 2851 ἐμποιεῖν
1612 2798 1622 2808 ·
1658 2782 1787 2838 αῦτη

187 2863 460 2938 δὲμᾶλλον
490 2867 839 2938 εὐχαριστίαν
888 2882 901 2893 ·
953 2874 1041 2918 καὶ
1080 2873 1419 2942 παραιτητέον
1452 2872 1540 2940 μὲν
1573 2868 1787 2934 ἐκείνην,

184 2957 245 3016 ὡς
290 2960 542 3030 περιττὸν
573 2956 686 3027 (73)
720 2973 731 2984 '
777 2958 1131 3014 ἁντιποιητίον
1164 2954 1223 3009 δὲ
1248 2961 1463 3024 ταύτης,
1515 2960 1583 3019 ὡς
1636 2956 1791 3029 ἀναγ-

181 3052 347 3109 καίας.

1898 1876 2227 1950 gaudeatis,
2245 1890 2341 1941 ne,
2361 1882 2637 1948 tanquam
2656 1878 2730 1932 de
2748 1880 2987 1950 egregio
3006 1878 3204 1935 facino
3218 1897 3278 1935 re
3298 1879 3560 1949 gauden-

1899 1972 2009 2034 tes,
2060 1966 2120 2020 in
2152 1965 2467 2021 elationem
2498 1967 2835 2024 elevemini.

1972 2056 2135 2110 Vers.
2168 2060 2255 2111 20.
2293 2055 2555 2112 Gaudete
2584 2088 2653 2095 —
2682 2058 2854 2112 eatis.
2898 2057 3044 2124 Quia
3088 2064 3325 2129 propter
3372 2058 3557 2116 ﬁdem

1901 2152 2151 2201 vestram
2182 2146 2242 2200 in
2277 2147 2431 2201 cives
2462 2147 2779 2218 conscripti
2812 2147 2949 2201 estis
2975 2147 3033 2202 in
3062 2148 3556 2204 azternacivitate:

1902 2253 2017 2291 non
2046 2240 2401 2303 atramento,
2437 2235 2539 2289 sed
2590 2236 2913 2291 memoria:
2947 2253 3163 2309 neque,
3200 2242 3263 2292 ut
3282 2238 3559 2293 homines

1904 2325 2188 2389 scribunt,
2218 2324 2323 2379 sed
2349 2325 2499 2379 sicut
2527 2324 2680 2380 Deus
2712 2327 2969 2380 scribere
3002 2327 3185 2381 novit.
3226 2328 3368 2384 llicit
3394 2328 3557 2383 enim

1902 2415 2166 2486 dejustis
2188 2414 2376 2470 David
2405 2431 2417 2468 :
2442 2414 2596 2469 Etm
2624 2414 2775 2470 libro
2809 2421 2903 2470 tuo
2929 2430 3119 2472 omnes
3148 2417 3556 2473 scribentur“.

1898 2503 2208 2576 Siquidem
2240 2503 2528 2575 subjicere
2558 2504 2880 2572 daemonia,
2902 2508 3143 2576 propter
3181 2504 3435 2559 aliorum
3454 2505 3562 2560 uti-

1900 2592 2127 2649 litatem
2159 2592 2328 2648 vobis
2360 2592 2569 2648 datum
2597 2598 2684 2647 est
2714 2610 2727 2648 :
2761 2593 2917 2664 quod
2952 2598 3151 2649 autem
3182 2594 3432 2649 nomina
3460 2609 3563 2649 ve-

1901 2682 2251 2753 strascripta
2281 2682 2490 2736 suntin
2517 2681 2697 2747 caelis,
2724 2687 2967 2753 propter
2981 2682 3236 2739 salutem
3257 2688 3517 2739 vestram
3542 2698 3557 2741 :

1899 2770 2036 2826 ideo
2067 2771 2337 2825 furtivum
2358 2770 2760 2842 quidemillud
2786 2770 3074 2840 gaudium
3103 2776 3399 2828 tumorem
3424 2789 3562 2828 cau-

1901 2875 2031 2915 sare
2056 2860 2237 2924 novit,
2252 2859 2365 2915 hoc
2385 2874 2524 2914 vero
2561 2860 2891 2928 gratiarum
2910 2860 3207 2916 actionem
3252 2862 3479 2932 potius:
3505 2868 3562 2917 et

1900 2948 2048 3004 illud
2077 2948 2323 3021 quidem
2345 2949 2703 3015 cavendum,
2719 2954 3010 3020 tanquam
3030 2950 3425 3021 superﬂuum,
3447 2951 3561 3006 hoc

1901 3042 2105 3094 autem
2144 3037 2605 3110 proponendum
2648 3042 2755 3108 est,
2806 3043 3097 3110 tanquam
3127 3040 3558 3095 necessarium.

250 3137 328 3188 Ἐν
362 3137 504 3209 αὐτῇ
542 3167 607 3175 --
651 3135 876 3196 Ἰησοῦς.
934 3135 1318 3206 Ἠγαλλιοίσατο
1362 3144 1424 3209 τῇ
1485 3136 1664 3209 ψυχῇ,
1727 3140 1789 3197 ὡς

1972 3128 2133 3184 Vers.
2182 3130 2270 3182 21.
2323 3128 2393 3183 In
2426 3128 2537 3183 illa
2595 3159 2663 3170 —
2725 3129 2908 3183 Jesus.
2971 3128 3185 3184 Animo
3253 3128 3557 3197 exultavit,

186 3226 472 3300 ἄνθρωπος,
520 3222 615 3278 διὰ
640 3230 732 3284 τὴν
762 3230 1023 3299 σωτηρίαν
1050 3236 1149 3277 τῶν
1181 3227 1534 3299 ὠφεληθέντων
1562 3230 1660 3279 ὑπὸ
1693 3236 1791 3279 τῶν

184 3317 450 3385 μαθητῶν.

248 3406 357 3459 Καὶ
385 3402 531 3459 εἶπεν
564 3437 615 3445 ——
652 3423 767 3460 σου.
795 3408 984 3480 Εἴρηκε
1014 3413 1177 3457 ταῦτα
1206 3410 1294 3458 καὶ
1323 3410 1559 3480 περὶτῶν
1584 3403 1796 3460 δώδεκα

182 3497 424 3565 μαθητῶν
457 3494 511 3547 ἐν
541 3502 613 3563 τῷ
654 3494 874 3546 εἰκοστῶ
912 3495 1170 3566 κεφαλαίῳ
1200 3503 1291 3547 τοῦ
1321 3498 1456 3548 κατὰ
1504 3498 1791 3563 Ματθαίον,

180 3590 263 3637 καὶ
293 3587 541 3646 ζήτησον
566 3583 671 3635 ἐκεῖ
698 3589 791 3642 τὴν
824 3583 1095 3653 ἐξήγησιν.

247 3675 351 3729 Καὶ
382 3678 635 3749 στραφεὶς
672 3672 1112 3744 -ἰιποκαλύψαα
1137 3673 1246 3747 [Ἐν
1274 3673 1445 3746 ἐκείνῳ
1486 3680 1575 3727 καὶ
1623 3683 1792 3728 ταῦτα

182 3760 582 3837 διασεσάφηται
608 3766 732 3837 πρὸς
761 3762 1028 3836 ἀκρίϐειαν
1070 3764 1203 3835 (74).
1237 3764 1255 3834 ]

246 3861 347 3908 Καὶ
383 3859 635 3930 στραφεὶς
692 3882 756 3894 —-
805 3857 1055 3911 ἤκουσαν.
1090 3860 1268 3905 Ταῦτα
1317 3851 1422 3906 εἷπε
1470 3859 1554 3906 καὶ
1615 3854 1662 3907 ἐν
1720 3864 1790 3926 τῷ

180 3944 397 4017 εἰκοστῷ
457 3946 691 4016 τετάρτῳ
740 3943 997 4014 κεφαλαίῳ
1057 3949 1146 3995 τοῦ
1195 3946 1328 3995 κατά
1367 3946 1652 4009 ΙνΙατθαίον,
1702 3951 1792 3997 καὶ

178 4032 438 4106 ἀνάγνωθι
530 4032 578 4084 ἐν
654 4033 793 4103 αὐτῷ
890 4032 1000 4103 (75)
1092 4036 1185 4089 τὴν
1261 4032 1532 4107 ἑρμηνείαν
1603 4032 1789 4103 αὐτῷν,

176 4126 292 4175 ἔνθα
354 4132 541 4176 κεῖται
599 4127 656 4174 τό
708 4142 720 4153 ·
792 4130 941 4194 Υμὼν
992 4118 1051 4173 δε
1112 4124 1364 4193 μακάριοι
1421 4124 1469 4173 οἱ
1514 4121 1787 4194 ὀφθαλμοί.

175 4212 519 4286 Ἐπεθύμησε
571 4208 631 4265 δὲ
686 4214 878 4268 ταύτην
940 4215 1033 4269 τὴν
1091 4210 1368 4283 ἐπιθυμίαν
1421 4217 1510 4263 καὶ
1561 4208 1791 4263 Δαυίδὸ

174 4309 447 4375 προφήτης
550 4306 637 4354 καὶ
727 4299 992 4373 βασιλεὺς.
1072 4304 1158 4352 Διὸ
1234 4305 1321 4352 καὶ
1389 4300 1525 4371 ἔλεγε
1570 4321 1580 4333 ·
1623 4298 1791 4363 Δεῖξον

171 4392 313 4463 ἡμῖν,
369 4396 581 4467 Κύριε;
622 4395 680 4443 τὸ
730 4390 858 4451 ἔλεός
913 4409 1006 4442 σου
1041 4405 1054 4419 '
1100 4395 1193 4447 τὴν
1260 4389 1646 4464 ἐνανθρὼπησιν
1700 4398 1789 4442 τοῦ

1905 3226 2193 3290 tanquam
2210 3218 2415 3283 homo,
2448 3222 2693 3289 propter
2708 3232 2916 3273 eorum
2941 3216 3216 3284 salutem,
3261 3220 3355 3290 qui
3387 3234 3423 3274 a
3444 3217 3560 3273 dis-

1904 3308 2115 3380 cipulis
2128 3307 2381 3378 juvandi
2417 3311 2606 3362 erant.

1976 3399 2136 3454 Vers.
2169 3399 2256 3451 21.
2298 3398 2379 3451 Et
2425 3396 2582 3453 dixit
2609 3426 2678 3436 —
2704 3403 2777 3453 te.
2832 3395 2968 3452 Haec
3009 3412 3250 3469 quoque
3294 3397 3445 3452 dixit
3486 3398 3559 3453 de

1902 3488 2219 3545 duodecim
2250 3487 2551 3557 discipulis
2594 3487 2875 3542 vicesimo
2918 3487 3110 3558 capite
3142 3486 3441 3558 Evangelii
3473 3502 3561 3542 se-

1903 3579 2172 3635 cundum
2205 3577 2547 3632 Matthaeum
2574 3594 2587 3631 :
2629 3582 2685 3632 et
2722 3576 2805 3631 ibi
2834 3591 3034 3648 quaere
3064 3577 3520 3649 expositionem.

1973 3668 2139 3725 Vers.
2172 3672 2261 3723 21.
2294 3667 2372 3721 Et
2423 3681 2729 3723 conversus
2766 3697 2835 3705 —
2868 3668 3023 3721 Vers.
3044 3670 3131 3720 22.
3164 3668 3453 3723 revelare.
3496 3667 3562 3722 In

1902 3774 1974 3815 eo
2000 3758 2131 3814 loco
2169 3755 2350 3812 etiam
2380 3756 2510 3811 haec
2539 3755 2855 3825 diligenter
2891 3755 3214 3827 explanata
3245 3761 3409 3814 sunt.

1973 3848 2137 3903 Vers.
2161 3848 2249 3905 23.
2282 3846 2358 3901 Et
2410 3860 2727 3901 conversus
2750 3876 2820 3885 —
2859 3845 3034 3901 Vers.
3088 3845 3177 3899 24.
3223 3846 3561 3903 audierunt.

1903 3939 2037 3993 Haec
2062 3952 2305 4009 quoque
2317 3936 2464 3990 dixit
2488 3934 2768 3990 vicesimo
2790 3940 3005 4005 quarto
3021 3933 3194 4004 juxta
3229 3936 3562 3991 Matthaeum

1902 4031 2113 4099 capite,
2150 4032 2206 4083 et
2236 4029 2294 4081 in
2321 4042 2392 4082 eo
2423 4026 2551 4094 lege
2578 4026 2841 4096 ipsorum
2866 4024 3439 4096 interpretationem.
3461 4025 3563 4082 ubi

1902 4118 2156 4175 dicitur:
2203 4118 2388 4173 Vestri
2443 4123 2634 4171 autem
2686 4114 2832 4170 beati
2886 4114 3136 4170 oculi“.
3194 4116 3315 4170 Hac
3359 4121 3563 4171 autem

1902 4208 2179 4264 aviditate
2210 4215 2420 4278 captus
2447 4212 2528 4261 est
2566 4203 2750 4260 David
2790 4205 3077 4275 propheta
3120 4202 3300 4259 simul
3328 4209 3383 4259 et
3415 4220 3517 4259 rex
3549 4222 3563 4273 ;

1902 4298 2039 4355 ideo
2060 4299 2243 4353 etiam
2268 4296 2420 4351 dixit
2448 4315 2459 4354 :
2484 4295 2725 4351 Ostende
2752 4294 2933 4359 nobis,
2957 4294 3216 4363 Domine,
3234 4294 3567 4350 misericor-

1902 4389 2063 4444 diam
2124 4393 2286 4443 tuam
2338 4386 2408 4454 ⁷ο,
2439 4383 2757 4439 Salvatoris
2786 4383 3057 4439 videlicet
3087 4383 3565 4439 incarnationem

171 4488 436 4557 Σωτῆρος,
473 4481 609 4541 ἔλεος
651 4481 926 4553 ὠνόμασας
958 4481 1093 4552 (76),
1138 4483 1203 4541 ὡς
1232 4484 1506 4552 γενομένην
1559 4478 1631 4533 δι’
1656 4481 1789 4543 ἔλεος

1914 4476 2216 4550 appellans
2240 4473 2729 4541 misericordiam,
2753 4477 2958 4545 utpote
2982 4476 3227 4545 propter
3247 4471 3565 4529 hominum

170 4580 265 4624 τῶν
289 4572 425 4643 ἀνθρ
434 4578 616 4625 ὡπων.

239 4668 645 4738 Παρατήρησον
701 4658 779 4725 δὲ,
844 4662 921 4713 ὅτι
990 4664 1259 4734 στρέφεται
1327 4663 1458 4735 πρὸς
1512 4665 1631 4723 τοὺς
1687 4682 1788 4734 μα-

172 4752 333 4814 θητὰς
379 4755 407 4806 ὁ
455 4756 662 4825 Σωτὴρ,
729 4756 818 4803 καὶ
875 4747 1123 4802 κατιδίαν
1172 4750 1350 4812 αὐτοῖς
1414 4750 1600 4822 ὁμιλεῖ,
1671 4755 1791 4815 τοὺς

168 4848 235 4914 μὴ
286 4845 553 4917 μαθητὰς
606 4840 1071 4915 ἀποστρεφόμενος.
1137 4844 1224 4893 Διὸ
1312 4845 1403 4892 καὶ
1468 4841 1637 4912 ἡμεῖς,
1707 4838 1790 4892 ίὰν

168 4930 298 5007 ὦμεν
328 4934 588 5007 μαθηταὶ
620 4930 801 4998 αὐτοῦ,
826 4930 1226 4992 ἀκολουθοῦντες
1254 4929 1395 5002 αὐτῷ
1451 4926 1485 4983 ὃ
1490 4930 1522 4982 ι’
1553 4931 1791 4992 ὑπακοῆς

231 5140 279 5178 ⁸⁸
316 5139 480 5198 Psal.
517 5154 784 5204 cxxxvm,
824 5139 904 5194 t6.
983 5140 1030 5174 “
1053 5138 1250 5197 Matth.
1276 5152 1447 5207 xvm,
1479 5139 1567 5194 16.

1902 4566 2377 4623 misericordiam
2408 4563 2626 4620 factam
2639 4605 2654 4621 .

1972 4658 2187 4712 Verum
2203 4653 2480 4718 observa,
2504 4656 2666 4724 quod
2693 4650 2770 4707 ad
2787 4650 3117 4723 discipulos
3130 4651 3406 4708 Salvator
3429 4665 3572 4707 con-

1900 4747 2225 4815 vertitur,et
2275 4743 2421 4816 ipsis
2478 4742 2729 4798 seorsim
2802 4740 3085 4814 loquitur,
3150 4741 3229 4799 ab
3296 4742 3390 4808 iis,
3462 4742 3567 4814 qui

1901 4834 2175 4908 discipuli
2196 4849 2319 4890 non
2350 4838 2489 4889 sunt
2517 4847 2785 4888 aversus.
2804 4830 2945 4887 Ideo
2976 4837 3035 4887 et
3058 4847 3170 4888 nos
3215 4846 3482 4904 quoque,
3517 4832 3569 4888 si

1901 4925 2179 5000 discipuli
2203 4925 2332 4998 ejus
2357 4923 2665 4991 fuerimus,
2684 4937 2794 4995 per
2808 4920 3211 4979 obedientiam
3243 4925 3562 4978 mandato-

1646 5140 1696 5174 "°
1726 5138 1878 5195 Psal.
1914 5151 2184 5203 Lxxxvui,
2223 5136 2313 5191 16.

1416 5318 1642 5391 Varia
1672 5320 1995 5390 lectiones
2037 5326 2103 5388 et
2140 5324 2349 5386 notae.

258 5528 355 5585 72)
396 5519 492 5585 Ὠς
521 5515 649 5577 οὐδε
674 5518 740 5578 οἱ.
767 5527 830 5580 Β.

258 5528 330 5583 72
396 5528 492 5585 ¹Ως
521 5528 649 5577 οὐδὲ
674 5528 740 5578 οἱ.
767 5528 830 5580 Β.

258 5528 355 5669 73)
409 5599 593 5669 Forte
627 5597 894 5669 περιττήν,
953 5591 1033 5669 ob
1086 5592 1436 5669 proximum
1478 5590 1789 5665 ἀναγκαίας.

167 5664 340 5731 Alias
374 5666 541 5740 illud
582 5664 821 5740 quoque
850 5664 985 5740 ferri
1008 5664 1213 5740 possit,
1236 5670 1298 5740 ut
1334 5670 1545 5722 notum
1575 5664 1680 5719 est.

236 5741 358 5817 (74)
387 5738 645 5799 Inclusa
671 5738 889 5797 omittit
909 5740 975 5794 Α.

1082 5752 1160 5810 80
1194 5737 1275 5796 ab
1296 5753 1417 5796 uno
1446 5742 1537 5792 καὶ
1559 5740 1799 5813 στραφείς

1902 5517 1977 5574 ad
2005 5514 2253 5574 alterum
2282 5510 2499 5569 saltum
2528 5508 2682 5567 fecit.

2000 5588 2091 5643 75l
2113 5587 2199 5643 Ἑν
2224 5588 2366 5638 αὐτῶ
2399 5583 2589 5642 abest.
2617 5583 2683 5638 A.

2000 5591 2066 5643 75
2113 5588 2199 5643 Ἑν
2224 5588 2366 5638 αὐτῶ
2399 5588 2529 5639 abes

1976 5588 2091 5734 ἓἹϐ)
2122 5642 2430 5734 Ὠνὸμασεν.
2461 5661 2529 5713 Α.
