4128 6386
577 313 686 370 963

1904 303 2256 366 EUTHYMIl
2297 304 2626 366 ZIGABENI

3833 315 3929 372 964

579 455 712 495 rum
737 439 930 512 ipsius
942 443 998 495 et
1027 438 1246 494 animae
1261 436 1458 502 simul,
1491 441 1548 492 et
1565 434 1827 507 corporis
1847 433 2240 490 habuerimus

2360 439 2456 482 τῶν
2499 431 2708 485 ἐντολιυν
2731 433 2912 503 αὐτοῦ,
2947 437 3034 486 καὶ
3069 435 3271 506 ἔχωμεν
3300 433 3566 506 ψυχικοὺς
3587 434 3693 507 ἅμα
3719 444 3801 490 καὶ
3840 459 3928 491 σω-

583 527 788 583 oculos
819 534 976 582 recte
1006 527 1324 589 intuentes,
1360 541 1655 597 auresque
1705 530 1859 580 recte
1908 522 2240 589 audientes,

585 615 665 672 ad
696 632 808 672 nos
835 617 1012 671 etiam
1060 615 1310 670 omnino
1361 621 1750 678 convertetur,
1785 619 1840 668 et
1879 610 2178 683 mysteriis
2211 625 2244 662 a

585 705 762 776 vulgo
789 705 1155 760 absconditis
1194 703 1557 774 dignabitur.

824 794 974 851 CAP.
1020 795 1212 848 XXXV.
1243 794 1324 849 De
1353 799 1616 849 tentante
1645 790 2001 862 tegisperito.

656 884 816 939 Vers.
847 883 1156 938 25.Etecce
1181 881 1556 951 —possidebo
1577 882 1604 936 ?
1628 881 1958 953 lllaqueare
1995 877 2243 951 putabat

583 971 899 1037 Christum,
934 971 980 1026 si
1012 970 1327 1044 quippiam
1375 970 1489 1040 legi
1519 973 1882 1026 contrarium
1918 968 2036 1024 ullo
2066 973 2240 1039 pacto

583 1061 841 1117 doceret.
868 1060 1014 1116 Dicit
1034 1075 1176 1129 ergo
1221 1076 1232 1113 :
1267 1060 1419 1124 Quid
1446 1059 1708 1130 faciendo
1733 1063 1912 1114 vitam
1963 1065 2240 1114 mter-nam

579 1151 1106 1222 possidebo,quam
1133 1148 1358 1221 populo
1375 1148 1698 1204 annuntias
1723 1149 1750 1202 ?
1781 1147 2239 1217 Cognitaautem

582 1239 736 1294 illius
763 1239 1045 1304 versutia,
1077 1237 1345 1294 Salvator
1383 1237 1462 1293 ad
1492 1238 1685 1308 legem
1717 1238 1916 1309 ipsum
1957 1234 2196 1291 remittit
2226 1251 2237 1300 ;

583 1329 756 1384 simul
779 1327 1025 1400 quidem
1050 1327 1502 1383 conatumillius
1516 1326 1828 1399 repellens,
1855 1324 2032 1380 simul
2062 1323 2240 1380 etiam

582 1433 843 1489 arguens
868 1415 1054 1486 illum,
1087 1417 1251 1489 quod
1290 1433 1418 1472 sese
1441 1431 1544 1488 pro
1575 1417 1802 1471 virtutis
1825 1415 2048 1470 cultore
2074 1428 2240 1483 gere-

581 1511 688 1572 ret,
722 1522 860 1562 cum
899 1521 1022 1563 non
1079 1511 1256 1573 esset,
1313 1504 1491 1561 veluti
1546 1505 1682 1560 ﬁnis
1726 1503 2008 1560 indicabit
2059 1517 2239 1575 para-

581 1595 758 1653 bolaa.

655 1685 820 1741 Vers.
855 1690 942 1741 26.
977 1686 1108 1754 Ipse
1148 1701 1283 1742 vero
1326 1716 1388 1725 ——
1416 1686 1587 1755 legis?
1619 1684 1789 1749 Quod
1838 1683 2124 1754 scriptum
2155 1686 2241 1736 est

582 1776 777 1846 majus
822 1782 1186 1848 praeceptum
1218 1776 1244 1830 ‘2
1284 1773 1600 1839 Quomodo
1630 1774 1778 1844 legis
1834 1772 2067 1843 majora
2093 1770 2240 1840 legis
2270 1782 2316 1840 Β

583 1871 874 1938 praecepta
903 1865 930 1921 ?
955 1865 1034 1920 De
1066 1864 1391 1935 majoribus
1438 1879 1705 1936 namque
1753 1863 1957 1935 ipsum
1996 1862 2240 1917 interro-

579 1955 760 2024 gavit.

651 2043 818 2098 Vers.
847 2044 934 2098 37.
968 2044 1043 2097 At
1077 2043 1176 2098 ille
1212 2075 1268 2082 -—
1302 2043 1467 2098 Vers.
1501 2043 1590 2096 28.
1639 2040 2013 2111 respondisti.
2066 2041 2239 2095 Recte

581 2131 748 2188 illum
797 2133 1181 2203 respondisse
1248 2132 1389 2187 dixit
1445 2151 1456 2187 :
1507 2138 1569 2188 ut
1607 2132 1710 2204 qui
1751 2131 1871 2185 duo
1911 2129 2241 2185 recitaverit

581 2228 900 2294 praecepta,
930 2237 1065 2292 quae
1098 2220 1176 2276 ad
1217 2238 1277 2274 se
1310 2221 1563 2275 invicem
1597 2225 2052 2282 connectuntur,
2093 2218 2243 2272 sicut

580 2311 1090 2384 quinquagesimo
1112 2317 1326 2384 quarto
1347 2311 1868 2382 juxtaMattbaaum
1900 2307 2095 2380 capite
2117 2323 2243 2362 ma—

580 2399 925 2456 nifestatum
945 2406 1052 2456 est.
1087 2400 1248 2456 Alius
1276 2407 1474 2455 autem
1493 2406 1618 2456 erat
1645 2399 1743 2454 hic
1770 2396 2145 2469 legisperitus
2171 2411 2242 2451 ac

581 2506 672 2562 eo,
715 2491 790 2546 de
808 2507 925 2563 quo
953 2508 988 2546 a
1018 2491 1287 2546 Mattbaeo
1317 2497 1374 2545 et
1396 2490 1592 2545 Marco
1614 2489 1771 2545 facta
1799 2493 1887 2544 est
1916 2487 2140 2543 mentio
2169 2487 2239 2539 τί.

653 2580 820 2635 Vers.
863 2580 952 2634 28.
988 2581 1100 2635 Hoc
1131 2579 1386 2635 —vives.
1423 2582 1558 2646 Hoc,
1592 2577 1750 2651 quod
1766 2593 1927 2632 nunc
1959 2574 2238 2641 recitasti,

575 2667 722 2734 ,hoc,
754 2669 1028 2740 inquam,
1060 2668 1151 2724 fac
1183 2676 1239 2724 et
1267 2668 1427 2724 vives
1461 2668 1578 2724 vita
1607 2676 1847 2732 aeterna,
1883 2683 2004 2738 qua
2038 2666 2243 2720 vivunt

582 2758 745 2829 justi,
780 2758 885 2830 qui
910 2757 1038 2813 hinc
1061 2764 1358 2830 praecepta
1385 2762 1787 2814 servaverunt.
1825 2757 2028 2812 Docuit
2055 2755 2240 2827 siqui-

581 2847 710 2902 dem
729 2847 1010 2918 praadicto
1029 2847 1221 2919 capite
1252 2847 1550 2919 Evangelii
1572 2845 1899 2901 secundum
1913 2844 2240 2900 Matthasnm

582 2936 750 3008 quod
788 2938 844 2992 in
877 2937 970 2992 bis
996 2936 1234 2992 duobus
1263 2938 1574 3009 preeciiptis
1608 2937 1885 2992 universa
1905 2935 1999 2990 lex
2027 2939 2084 2989 et
2110 2949 2242 3004 pro-

583 3025 776 3096 phetae
795 3025 1056 3096 pendent
1085 3027 1133 3060 ⁷³
1178 3041 1190 3090 ;
1224 3041 1480 3097 quorum
1520 3026 1961 3081 enarrationem
1991 3024 2240 3095 perfecte

582 3113 845 3169 invenies
869 3114 1250 3186 quintojuxta
1282 3115 1853 3186 Matthteumcapite,
1872 3113 1972 3168 ubi
1997 3113 2238 3168 dicitur:
2266 3148 2314 3205 Β

583 3203 675 3259 Ita
705 3219 858 3260 enim
885 3211 960 3259 est
995 3205 1093 3260 ter
1113 3211 1165 3260 et
1183 3205 1474 3273 prophetae
1502 3206 1571 3256 ⁷³.

657 3295 813 3350 Vers.
838 3298 925 3349 29.
960 3295 1160 3350 Atille
1184 3326 1235 3334 —
1285 3297 1589 3364 proximus
1637 3295 1664 3349 ?
1704 3293 1932 3350 Conatu
1990 3309 2094 3348 suo
2127 3293 2242 3348 fru-

584 3387 823 3448 stratus,
841 3383 1067 3452 eﬂ'udit,
1087 3400 1267 3456 quem
1287 3384 1448 3454 apud
1468 3401 1529 3439 se
1543 3383 1902 3447 occultabat,
1921 3388 2239 3448 tumorem,

584 3473 835 3530 Putabat
865 3473 1026 3528 enim
1061 3489 1121 3528 se
1144 3475 1371 3528 cunctis
1398 3489 1526 3528 esse
1541 3472 2016 3544 praestantiorem
2052 3490 2065 3524 :
2099 3487 2238 3526 nam

585 3563 678 3616 lex
713 3563 1055 3633 proximum
1089 3561 1422 3617 nominavit
1449 3578 1608 3631 eum,
1653 3562 1752 3632 qui
1777 3561 2019 3616 alterius
2048 3565 2244 3630 egeret

583 3650 804 3706 auxilio
828 3669 841 3706 :
862 3651 988 3722 ipse
1006 3667 1143 3706 vero
1170 3649 1337 3706 illum
1356 3651 1470 3706 dici
1511 3650 1893 3722 opinabatur,
1909 3651 2010 3722 qui
2034 3651 2243 3705 virtute

584 3740 832 3812 aequalis
870 3745 1028 3796 esset
1056 3760 1068 3796 :
1103 3741 1238 3797 ideo
1270 3742 1468 3808 etiam,
1502 3740 1710 3796 volens
1739 3741 2006 3813 seipsum
2029 3740 2245 3813 justiti-

575 3846 742 3895 ,care,
765 3829 889 3885 sive
907 3831 1035 3888 aliis
1062 3847 1432 3903 praeponere,
1461 3830 1899 3900 interrogabat:
1931 3830 2072 3896 Quis
2101 3829 2244 3885 mihi

588 3924 677 3974 est
704 3919 948 3990 aequalis
973 3921 1000 3977 ἲ)
1033 3921 1257 3976 Deinde
1311 3921 1572 3977 Christus
1631 3937 1736 3992 per
1767 3919 2111 3990 parabolam
2145 3919 2247 3974 de-

497 4040 504 4047 -
586 4015 884 4065 monstrat
904 4010 1070 4066 illum
1093 4027 1220 4066 esse
1248 4011 1728 4084 proximum,qui
1755 4009 1993 4067 alterius
2021 4010 2249 4081 indiget

588 4099 824 4156 auxilio.

653 4189 1032 4262 1-Proximus
1064 4189 1277 4246 dicitur
1331 4190 1532 4246 omnis
1562 4191 1765 4258 homo,
1823 4190 1985 4262 quod
2034 4206 2248 4247 omnes

580 4279 732 4336 inter
762 4295 872 4336 nos
902 4279 1225 4352 prOpinqui
1254 4297 1466 4336 sumus
1489 4281 1822 4336 secundum
1837 4283 2060 4336 natura:
2079 4296 2242 4336 com-

582 4370 1077 4425 municatiouem.

693 4457 860 4515 CAP.
901 4459 1126 4514 XXXVI.
1151 4459 1234 4516 De
1258 4474 1321 4515 eo
1345 4459 1446 4530 qui
1473 4459 1758 4516 inciderat
1786 4459 1849 4515 in
1883 4460 2142 4516 latrones

653 4549 814 4602 Vers.
848 4551 935 4602 30.
994 4548 1320 4617 Suscipiens
1359 4581 1427 4589 —
1457 4549 1628 4606 dixit.
1683 4548 2027 4621 Suscipiens
2082 4565 2092 4603 :
2127 4549 2242 4605 hoc

583 4641 690 4702 est,
725 4637 1021 4708 excipiens
1052 4652 1413 4695 sermonem.

655 4725 823 4781 Vers.
849 4726 937 4782 30.
964 4729 1152 4783 Homo
1184 4760 1194 4769 -
1223 4759 1248 4769 -
1291 4729 1537 4785 Iericho.
1585 4727 1879 4785 Parabola
1929 4728 2073 4797 huic,
2129 4729 2238 4784 etsi

585 4814 782 4872 efﬁcta
813 4815 907 4885 sit,
932 4823 996 4874 ut
1016 4817 1312 4886 ostendat,
1341 4819 1479 4891 quis
1512 4819 1589 4874 sit
1634 4818 1946 4890 proximus
1979 4835 1997 4874 :
2028 4818 2239 4890 paucis

655 4994 698 5032 ⁷³
731 4994 928 5052 Matth.
956 5011 1095 5059 xxii,
1130 4999 1197 5052 35
1231 4994 1449 5054 :Marc.
1472 5012 1574 5065 xu,
1614 4997 1705 5050 28.

2273 4501 2321 4558 D

1781 4997 1830 5031 τ’
1876 4995 2077 5053 Matth.
2108 5011 2246 5066 xxii,
2279 4999 2369 5053 40.

2357 527 2613 594 ματικοὺς
2651 523 2965 596 ὀφθαλμοὺς,
3002 524 3130 599 ὀρθὰ
3163 522 3461 596 βλέποντας,
3486 530 3572 577 καὶ
3603 528 3664 577 τὰ
3691 524 3929 602 ὧτα,όρθί‹

2357 610 2632 678 ἀκούοντα,
2667 616 2874 674 πάντως
2934 619 3293 686 στραφήσεται
3350 618 3439 666 καὶ
3494 617 3621 686 πρὸς
3667 616 3815 687 ἡμᾶς,
3853 623 3931 670 καὶ

2357 700 2566 762 ἀξιώσει
2598 708 2905 777 μυστηρίων
2931 701 3230 777 ἀπορρήτων
3255 710 3364 764 τοῖς
3389 702 3609 764 πολλοῖς.

2464 798 2610 845 ΚΕΦ.
2651 793 2772 849 ΛΕ’,
2819 797 2942 867 Περὶ
2995 800 3085 844 τοῦ
3125 795 3541 866 ἐπερωτήσαντος
3578 801 3804 864 νομικοῠ.

2427 881 2527 934 Καὶ
2589 878 2704 932 ἰδοὺ
2768 913 2836 921 -
2893 881 3318 953 κληρονομησω;
3368 878 3729 953 Προσεὸόκησε
3788 902 3929 952 παγι-

2353 965 2539 1022 δεῡσαι
2571 974 2657 1023 τόν
2697 975 2929 1044 Χριστόν
2979 971 3047 1031 εἰς
3094 974 3150 1022 τὸ
3199 972 3405 1032 πάντως
3461 971 3695 1033 ἐπιτάξαι
3737 990 3786 1022 τι
3813 973 3930 1024 ἓνανι

2352 1063 2456 1110 τίον
2488 1068 2558 1130 τῷ
2606 1080 2766 1132 νόμῳ.
2833 1064 2983 1129 Λέγει
3025 1068 3170 1130 γοῦν,
3226 1063 3290 1112 Τί
3341 1064 3570 1120 ποιήσας
3625 1064 3758 1120 ςωήν
3819 1061 3928 1112 αἰώ-

2351 1156 2454 1202 νίον
2503 1149 2898 1224 κληρονομήσω,
2949 1151 3008 1207 ἡν
3054 1148 3415 1220 καταγγέλλεις
3462 1157 3532 1220 τῷ
3590 1149 3694 1220 λαῷ
3749 1153 3931 1217 ;Γνοὺς

2356 1235 2414 1291 δὲ
2470 1244 2561 1297 τὴν
2616 1242 2801 1291 τούτου
2855 1243 3174 1312 πανουργίαν
3226 1239 3476 1310 όΣωτὴρ,
3536 1235 3618 1290 ἐπὶ
3670 1242 3752 1290 τὸν
3793 1243 3927 1310 νόμον

2354 1329 2508 1380 αὐτόν
2565 1333 2902 1401 παραπέμπει
2956 1347 2969 1359 ·
3026 1327 3136 1398 ἅμα
3197 1330 3307 1399 μὲν,
3382 1323 3781 1399 διακρουόμενος
3849 1333 3930 1385 τὴν

2352 1425 2530 1490 πεῖραν
2561 1418 2719 1469 αὑτοῦ
2749 1435 2762 1448 ·
2798 1418 2908 1490 οἶμα
2949 1413 3026 1482 δὲ,
3079 1415 3304 1488 ἐλέγχων
3364 1415 3540 1486 αὐτὸν,
3601 1415 3819 1488 οἰόμενον
3855 1419 3932 1488 μὲν

2353 1504 2481 1560 εἶναι
2509 1506 2760 1580 ἐνάρετον,
2793 1513 2864 1579 μὴ
2899 1509 3019 1559 ὄντα
3046 1503 3106 1560 δέ
3134 1525 3146 1537 ·
3183 1508 3251 1566 ὡς
3295 1502 3454 1568 δείξει
3478 1508 3534 1557 τό
3565 1505 3701 1567 τέλος
3728 1513 3814 1566 τῆς
3850 1525 3936 1558 πα-

2351 1595 2592 1670 ραϐολῆς.

2422 1685 2478 1737 Ὀ
2513 1682 2571 1738 δε
2633 1717 2693 1726 -
2732 1684 3102 1756 ἀναγινώσκεις
3135 1685 3248 1754 ('77)
3301 1700 3314 1750 ;
3362 1689 3422 1736 Γί
3463 1688 3751 1757 γέγραπται
3779 1687 3935 1756 μεῖζον

2352 1774 2575 1846 ἔνταλμα
2609 1791 2620 1841 ;
2665 1782 2780 1836 Πῶς
2825 1773 3193 1844 ἀναγινώσκεις
3246 1775 3338 1836 τὰς
3377 1775 3594 1845 μείζους
3636 1772 3826 1833 ἐντολὰς
3855 1781 3935 1825 τοῦ

2350 1871 2507 1937 νόμου
2543 1881 2556 1931 ;
2585 1870 2708 1938 Περὶ
2743 1872 2837 1916 τῶν
2875 1864 3124 1936 μειζόνων
3163 1866 3263 1937 γὰρ
3295 1862 3448 1915 αὑτὸν
3489 1862 3772 1936 ἠρώτησεν.

2422 2043 2479 2096 Ὁ
2535 2040 2593 2096 δὲ
2666 2074 2725 2083 -
2780 2041 3080 2115 ἀπεκρίθης.
3138 2042 3338 2114 Ὀρθῶς
3400 2039 3751 2116 ἀποκριθῆναι
3799 2039 3936 2091 αὐτὸν

2352 2131 2508 2200 εἶπεν,
2541 2137 2604 2194 ως
2644 2135 2732 2192 τὰς
2774 2129 2869 2184 δύο
2898 2131 3102 2191 ἐντολὰς
3135 2130 3540 2203 ἀπαγγείλαντα.
3575 2129 3822 2202 Ἐχονται
3847 2131 3936 2201 γάρ

2353 2221 2603 2290 ἀλλήλων,
2635 2225 2697 2282 ὡς
2733 2221 2781 2273 ἐν
2821 2230 2892 2289 τῷ
2919 2229 3255 2290 πεντηκοστῷ
3287 2221 3518 2295 τετάρτῳ
3567 2219 3819 2292 κεφαλαίῳ
3864 2225 3944 2270 τοῦ

2352 2316 2487 2364 κατὰ
2518 2313 2783 2365 Ματθαῑον
2816 2308 3132 2367 δεδήλωται.
3177 2308 3378 2382 ’Έτερος
3427 2305 3490 2362 δέ
3521 2308 3659 2362 ἐστιν
3699 2310 3724 2360 ό
3753 2311 3946 2380 νόμικὸς

2354 2401 2516 2466 οὗτος,
2544 2404 2688 2476 παρὰ
2713 2405 2799 2452 τόν
2854 2401 2954 2452 ὑπὸ
2988 2401 3264 2452 Ματθαίου
3304 2404 3392 2451 καὶ
3411 2401 3630 2472 Μάρκου
3651 2401 3945 2470 μνημονευό-

2352 2510 2522 2564 μενον.
3325 2481 3330 2484 ”

2424 2588 2587 2634 Τοῦτο
2629 2612 2694 2620 -
2748 2583 2910 2652 ζήσῃ.
2961 2585 3144 2647 Τοῦτο,
3203 2579 3227 2630 ὁ
3288 2577 3616 2650 ἀπήγγειλας
3666 2583 3773 2637 νῦν,
3806 2581 3949 2626 τοῦτο

2353 2676 2508 2734 ποίει,
2536 2675 2623 2722 καὶ
2653 2671 2790 2740 ζήσῃ
2828 2670 2966 2729 ζωὴν
2998 2668 3224 2732 αἰώνιον,
3268 2670 3378 2720 οἷαν
3421 2668 3586 2728 ζῶσιν
3622 2669 3672 2720 οὶ
3700 2669 3791 2727 τὰς
3830 2664 3952 2717 ἐντο-

2352 2761 2443 2821 λὰς
2483 2763 2676 2821 ταύτας
2723 2758 3031 2830 φυλάξαντες
3081 2754 3303 2810 δίκαιοι.
3364 2753 3614 2820 Ἐδίδαξε
3654 2758 3754 2830 γὰρ
3793 2759 3877 2818 καὶ
3907 2752 3949 2804 ἐν

2353 2859 2422 2920 τῷ
2445 2846 2731 2903 ὃηλωθέντι
2761 2846 3022 2919 κεφαλαίῳ
3053 2855 3143 2898 τοῦ
3177 2848 3311 2898 κατὰ
3337 2847 3634 2910 Ματθαῖον,
3667 2847 3748 2898 ὅτι
3767 2843 3814 2897 ἐν
3842 2844 3951 2894 ταύ-

2352 2959 2467 3000 ταις
2492 2946 2609 2998 ταῐς
2636 2934 2792 2989 δυσὶν
2832 2935 3052 2998 ἐντολαῖς
3085 2935 3194 2996 ὅλος
3243 2937 3267 2987 ό
3299 2940 3456 3007 νόμος
3486 2940 3578 2987 καὶ
3609 2937 3659 2987 οἱ
3696 2939 3951 3006 προφῆται

2351 3033 2652 3101 κρέμανται.
2685 3027 2781 3078 Ὧν
2812 3031 2906 3084 τὴν
2961 3024 3211 3096 ἐξήγησιν
3262 3023 3468 3086 ἐντελῶς
3529 3025 3769 3096 εὑρήσεις
3814 3025 3950 3088 ἐντῷ

2351 3123 2566 3191 πέμπτῳ
2597 3115 2860 3187 κεφαλαίῳ
2892 3123 2981 3167 τοῦ
3008 3118 3143 3166 κατὰ
3169 3116 3456 3176 ἣῐατθαίον,
3485 3113 3559 3175 εἰς
3593 3119 3665 3166 τό·
3685 3111 3950 3179 Οὖτω(78)

2348 3211 2448 3281 γαρ
2474 3206 2614 3259 ἐστιν
2648 3209 2672 3257 ό
2699 3213 2856 3276 νόμος
2884 3209 2971 3256 καὶ
2993 3206 3041 3256 οἰ
3069 3211 3352 3278 προφῆται.

3015 3313 3029 3364 ς
3074 3292 3383 3365 Ἀποτυχὼν
3431 3302 3531 3356 τῆς
3581 3297 3784 3367 πείρας,
3833 3287 3956 3361 ἐξέρ-

2351 3386 2474 3461 ρηξε
2512 3386 2624 3457 (79)
2680 3389 2770 3442 τὴν
2823 3383 2871 3435 ἐν
2931 3383 3070 3453 αὐτῲ
3125 3387 3481 3455 κεκρυμμένην
3537 3386 3734 3440 οἴησιν,
3814 3385 3954 3431 Ὠετο

2353 3477 2452 3546 γὰρ
2509 3477 2711 3525 πάντων
2791 3474 3084 3545 ὑπερέχειν.
3145 3470 3203 3524 Ὁ
3259 3474 3348 3543 μὲν
3424 3473 3525 3545 γὰρ
3617 3475 3774 3543 νόμος
3835 3469 3955 3523 κλη-

2358 3568 2465 3615 σίον
2525 3565 2656 3634 (80),
2713 3566 2798 3614 τὸν
2858 3559 3093 3634 δεόμενον
3151 3559 3400 3633 βοηθείας
3455 3560 3728 3632 ὠνόμασεν
3767 3577 3777 3587 ·
3811 3556 3958 3612 αὐτὸς

2358 3649 2417 3705 δὲ
2442 3651 2684 3721 πλησίον,
2716 3655 2800 3703 τὸν
2863 3651 2971 3703 ἰσον
3002 3650 3116 3702 κατ’
3170 3648 3356 3722 ἀρετὴν
3397 3649 3620 3702 υπελαϐε
3687 3649 3820 3720 (81).
3880 3646 3959 3695 Διὸ

2419 3297 2477 3348 Ὀ
2510 3293 2567 3348 δὲ
2623 3327 2689 3335 --
2741 3294 2960 3352 πλησίον

2357 3747 2445 3794 καὶ
2484 3742 2636 3794 θέλων
2703 3737 2942 3793 δικαιοῦν
3001 3739 3200 3806 ἑαυτὸν,
3263 3743 3444 3811 ἡγουν,
3500 3740 3833 3813 ὑπερτιθέναι
3869 3741 3958 3785 τῶν

2357 3830 2542 3894 ἄλλων,
2579 3829 2763 3903 ἐρωτᾷ,
2786 3834 2878 3890 Τίς
2905 3828 3017 3882 ἐστί
3043 3849 3141 3901 μου
3177 3827 3290 3890 ἶσος
3319 3847 3335 3900 ;
3372 3824 3499 3882 Εἶτα
3540 3825 3637 3881 διὰ
3667 3823 3960 3900 παραϐολῆς

2359 3923 2382 3973 ό
2413 3924 2644 3994 Χριστὸς
2667 3916 3061 3991 ἀποδείκνυσιν,
3095 3921 3174 3972 ὅτι
3221 3918 3443 3978 πλησίον
3475 3918 3620 3972 ἐστὶν
3662 3920 3687 3970 ὁ
3731 3914 3959 3990 δεόμενος

2360 4010 2622 4084 βοηθείας.

2432 4188 2693 4264 [Πλησίον
2718 4189 2918 4261 λέγεται
2939 4195 3036 4250 πᾶς
3067 4190 3352 4262 ἄνθρωπος,
3381 4191 3448 4250 ὡς
3478 4187 3798 4262 ἐγγιζόντων
3825 4187 3962 4259 ἡμῶν

2357 4279 2594 4341 ἀλλήλοις
2620 4281 2757 4332 κατὰ
2786 4283 3056 4331 κοινωνίαν
3088 4281 3287 4351 φύσεως
3319 4277 3453 4349 (8'2).
3496 4279 3514 4349 ]

2461 4465 2605 4512 ΚΕΦ.
2651 4457 2766 4523 Ας-’.
2802 4462 2924 4531 Περὶ
2945 4465 3035 4510 τοὺ
3062 4457 3369 4530 ἐμπεσόντος
3396 4457 3468 4518 είς
3492 4460 3618 4521 τοὺς
3643 4457 3860 4531 λῃστάς.

2422 4549 2714 4601 ’Υπολαϐὼν
2748 4581 2816 4589 -
2847 4544 3000 4600 εἶπεν.
3040 4546 3336 4601 ’Υπολαϐὠν
3358 4546 3472 4599 ἀντὶ
3498 4555 3616 4615 τοῦ,
3650 4542 3964 4616 διαδεξάμε-

2351 4658 2433 4701 νος
2457 4641 2539 4690 τόν
2561 4638 2733 4709 λόγον.

2422 4725 2726 4801 Ἀνθρωπος
2777 4758 2846 4768 -
2925 4727 3153 4802 Ἰεριχώ.
3212 4725 3269 4780 Ἠ
3317 4724 3590 4800 παραϐολὴ
3695 4726 3851 4790 αὕτη,
3925 4719 3964 4773 εἰ

2347 4823 2436 4869 καὶ
2494 4819 2737 4875 συνετέθη
2801 4812 2894 4869 διὰ
2941 4821 2997 4869 τὸ
3054 4814 3244 4885 δεῖξαι,
3297 4821 3376 4878 τίς
3430 4814 3573 4868 ἐστιν
3646 4817 3671 4868 ό
3720 4815 3961 4874 πλησίον,

2448 4998 2493 5032 ⁷³
2536 4995 2734 5052 Matth.
2751 5012 2846 5064 vn,
2868 4995 2957 5049 12.

1745 5175 1971 5246 Variae
2021 5171 2355 5245 lectiones
2404 5186 2470 5244 et
2532 5182 2737 5243 notae.

651 5378 766 5447 (77)
794 5374 1117 5432 Hentenins
1167 5373 1272 5447 hic,
1286 5377 1521 5447 textum
1569 5373 1851 5447 diviserat
1897 5379 1952 5429 et
2003 5391 2076 5431 ex
2114 5390 2234 5430 uno

582 5445 806 5519 scholio
831 5448 962 5519 duo
992 5447 1230 5519 fecerat.
1254 5445 1419 5519 Vide,
1451 5461 1588 5518 quae
1608 5446 1769 5519 intra
1803 5452 1937 5519 post
1972 5449 2235 5519 Evange-

577 5518 727 5574 lium
755 5518 1001 5574 Joannis
1026 5518 1232 5575 monui
1264 5517 1341 5574 ad
1356 5517 1625 5574 Hen’tenil
1644 5517 2234 5575 animadversionem

580 5605 765 5662 quam
798 5591 938 5662 huic
965 5589 1096 5645 loco
1125 5589 1362 5659 adjecit.

655 5662 767 5729 (-78)
796 5661 983 5733 Etiam
1023 5662 1116 5716 hic
1152 5666 1418 5733 uterque,
1446 5666 1635 5733 codex
1675 5660 1857 5729 οὕτως,
1909 5665 2045 5718 ante
2097 5677 2236 5718 con-

581 5745 862 5788 sonnam.
889 5731 994 5786 Hic
1031 5747 1172 5803 ergo
1202 5731 1387 5790 altera
1408 5732 1582 5791 lectio
1637 5739 1770 5792 orta
1816 5741 1985 5806 οὗτος,
2018 5738 2079 5791 ut
2103 5749 2236 5790 mo-

2345 5375 2448 5430 nui
2476 5375 2536 5430 in
2565 5375 2824 5431 editione
2850 5375 2916 5430 N.
2951 5373 3106 5430 Test.

2442 5448 2532 5519 79)
2562 5449 2649 5504 Ita
2675 5454 2944 5519 uterque.
2975 5447 3040 5500 Et
3060 5448 3215 5501 recte
3243 5443 3614 5519 quidem‘ita
3630 5442 3899 5519 _dicitur.

2419 5448 2532 5590 $9;
2562 5449 2649 5504 Ita
2675 5454 2944 5519 uterque.
2975 5448 3040 5500 Et
3060 5448 3215 5501 recte
3249 5448 3496 5572 qlnidem
3527 5448 3614 5500 ita
3647 5448 3899 5500 dicitur.

2441 5519 2508 5574 80
2580 5520 2692 5577 Hic
2719 5523 2856 5590 post
2892 5516 3134 5590 πλησίον,
3183 5517 3260 5574 ad
3288 5522 3376 5590 Ait_
3404 5515 3597 5572 codex
3629 5515 3677 5590 B_
3723 5532 3798 5590 ea
3835 5529 3968 5588 quae

2349 5587 2485 5647 max
2514 5587 2758 5661 inclusa
2784 5605 2856 5645 ex
2887 5589 3161 5661 margine
3191 5588 3414 5645 codicis
3444 5590 3490 5643 A
3516 5587 3808 5660 ascripsi.

2444 5662 2531 5717 8H
2562 5660 2822 5716 Ὑπέϐαλε.
2857 5661 2915 5715 Β.

2444 5665 2500 5717 81
2562 5662 2822 5716 ’Υπέϐαλε.
2857 5662 2915 5715 Β.

2419 5662 2534 5808 ξεεζ
2561 5733 2631 5789 Ἦ
2651 5733 2895 5800 πλησίον,
2927 5732 3096 5791 addit
3124 5735 3186 5791 Β.
3213 5730 3470 5802 Inclusa,
3489 5730 3556 5788 in
3585 5731 3877 5806 margine.
3898 5732 3968 5786 Α.
