4074 6382
184 313 288 372 965

1269 312 1648 372 COMMENT.
1691 312 1755 366 IN
1797 309 2073 370 LUCANI.
2111 342 2177 351 --
2213 312 2377 369 CAP.
2424 309 2491 367 X.

3464 312 3571 399 966.

189 441 290 493 ἀλλ’
322 438 409 493 οὖν
460 439 509 493 ἐν
569 439 771 515 βραχεῖ
800 447 975 494 πᾶσαν
1028 441 1299 511 ὑποφαίνει
1357 445 1450 499 τὴν
1508 439 1788 511 φιλάνθρω-

1937 454 2099 493 1men
2117 437 2309 493 verbis
2330 438 2587 493 Ostendit
2604 438 2940 493 humanam
2958 444 3013 492 et
3034 436 3359 506 benignam
3375 437 3569 493 salva-

188 550 279 584 πον
331 531 629 603 οἰκονομίαν
692 539 782 583 τοῦ
842 538 1073 603 Σωτῆρος
1130 532 1293 602 ἡμῶν.
1351 529 1654 601 ’Ἄνθρωπον
1700 532 1790 600 μὲν

191 626 287 692 γὰρ
346 627 558 692 νοοῦμεν
615 622 701 672 τὸν
749 617 925 691 Ἀδὰμ
970 626 1059 672 καὶ
1105 624 1219 680 τούς
1272 619 1322 681 ἐξ
1370 616 1543 691 Ἀδὰμ
1602 617 1794 691 ἀνθρωο

195 730 321 771 πους
350 730 360 741 ·
397 708 689 761 κατάϐασιν
721 706 781 762 δὲ
827 708 925 761 ἀπὸ
965 708 1306 783 Ἰερουσαλὴμ
1352 708 1419 769 εἰς
1449 707 1674 781 Ἰεριχὼ,
1704 712 1794 766 τὴν

196 796 315 851 ὁδὸν
348 804 441 856 την
495 798 595 851 ἀπὸ
628 796 815 872 ἀρετῆς
846 800 911 859 εὶς
942 804 1149 867 κακίαν,
1181 806 1269 849 και
1317 796 1415 849 ἀπὸ
1462 799 1696 857 ὑπακοῆς
1727 797 1798 857 εἰς

196 892 485 962 παρακοήν,
534 893 624 940 καὶ
656 888 756 941 ἀπὸ
787 888 955 959 ὕψους
981 887 1261 957 πολιτείας,
1299 888 1372 948 εἰς
1412 886 1797 958 χθαμαλοτητα

198 973 485 1048 διαγωγῆς.
526 977 723 1048 ’Υψηλη
902 981 1002 1050 γὰρ
1054 980 1080 1034 η
1124 976 1463 1051 Ἰερουσαλήμ
1490 994 1501 1004 ⁸
1544 975 1791 1047 χθαμαλή

199 1062 254 1118 δε
287 1068 315 1124 ἡ
344 1065 571 1140 Ἱεριχῶ.

270 1160 367 1208 Καὶ
431 1186 498 1196 -—
554 1160 869 1229 περιέπεσεν.
925 1152 1273 1216 Ὁδοστάταις
1345 1155 1457 1226 (83)
1528 1150 1790 1227 δαίμοσιν.

268 1331 331 1383 Οἱ
370 1364 432 1371 -
464 1332 639 1385 αὐτόν.
680 1336 756 1384 Τὰ
790 1335 972 1402 ἱμάτια
1016 1342 1109 1395 τῆς
1142 1331 1343 1405 ἀρετῆς,
1378 1336 1463 1384 τὸν
1514 1332 1665 1405 φόϐον
1706 1341 1796 1385 τοῦ

197 1429 328 1474 Θεοῦ
357 1423 408 1474 ὄν
436 1420 795 1493 περιεϐέϐλητο
819 1418 973 1479 δίκην
1000 1430 1239 1492 χιτῶνος.

268 1515 367 1564 Καὶ
432 1543 501 1550 -
573 1509 821 1570 ἀπῆλθον.
891 1512 1101 1583 Πληγὰς
1175 1510 1437 1583 ψυχικὰς,
1522 1514 1797 1585 τραύματα

196 1600 482 1674 ἁμαρτιῶν.

266 1688 496 1761 Ἀφέντες
599 1691 822 1762 ἡμιθανῆ
906 1694 1259 1762 τυγχάνοντα.
1361 1691 1446 1753 Ἐξ
1550 1693 1797 1757 ἡμισείας

199 1782 382 1836 θνητὸν
429 1784 716 1851 γενόμενον.
906 1780 1060 1852 ψυχῇ
1119 1784 1219 1855 γὰρ
1282 1778 1535 1841 ἀθάνατος
1597 1786 1793 1852 μείνας,
1832 1808 1867 1860 Β

196 1877 267 1938 τῷ
314 1874 521 1940 σώματι
572 1871 802 1927 τέθνηκε.
864 1874 932 1922 Τὸ
984 1866 1042 1922 δὲ
1092 1868 1342 1933 ἀπῆλθον,
1397 1876 1486 1921 καὶ
1536 1874 1591 1921 τὸ
1651 1868 1797 1941 ἀφέν-

194 1976 296 2019 τες,
358 1958 416 2009 οὐ
474 1963 889 2032 περιεργαστέον,
945 1955 1037 2010 διὰ
1101 1964 1186 2017 τὴν
1247 1960 1357 2030 (84)
1405 1958 1640 2021 ἐξουσίαν
1703 1968 1797 2021 τῆς

195 2067 299 2121 παρ
306 2046 464 2106 αϐολῆ
477 2069 517 2109 ς.

268 2138 417 2191 Κατὰ
436 2141 723 2210 συγκυρίαν
743 2168 808 2179 —
825 2136 1012 2206 ἐκείνῃ.
1033 2144 1296 2211 Συγκυρία
1315 2141 1422 2210 μὲν,
1447 2140 1474 2196 η
1500 2143 1764 2211 συντυχία
1783 2156 1794 2167 ·

198 2229 361 2300 ἱερεὺς
392 2222 468 2293 δὲ,
504 2228 528 2277 ὀ
562 2222 653 2278 διὰ
683 2232 942 2289 Μωυσέως
968 2224 1137 2289 δοθεὶς
1164 2233 1334 2300 νόμος,
1370 2231 1435 2288 ὡς
1462 2235 1575 2301 περὶ
1606 2230 1797 2280 Θυσιῶν

195 2311 579 2385 διαλεγόμενος.

266 2407 371 2459 Καὶ
430 2401 555 2456 ἰδὼν
613 2405 767 2457 αὑτὸν
822 2404 1190 2482 ἀντιπαρῆλθε·
1260 2404 1596 2481 Παρέδραμεν
1646 2408 1797 2459 αὐτον

193 2495 358 2554 οὕτως
387 2497 599 2565 ἔχοντα,

262 2583 489 2655 Ὀμοίως
565 2616 631 2624 --
705 2583 1072 2657 ἀντιπαρῆλθε.
1174 2590 1397 2645 Λευίτην
1478 2588 1799 2645 ὑποληπτέον

190 2672 416 2725 ἐνταῦθα
449 2677 535 2725 τὸν
580 2673 729 2745 λόγον
780 2684 877 2725 τῶν
924 2685 1220 2750 προφητῶν,
1282 2680 1350 2736 ὡς
1404 2674 1800 2748 διακονούμενον

190 2770 299 2823 τοῖς
326 2762 651 2835 ἐπιτάγμασι
683 2773 771 2815 τοῦ
806 2770 955 2817 Θεοῦ.

265 2858 591 2927 Σαμαρείτης
646 2885 707 2893 -
758 2852 1180 2927 ἐσπλαγχνίσθη.
1244 2862 1569 2930 Σαμαρείτης
1613 2863 1801 2908 νοεῖται

190 2950 281 2993 νῦν
313 2944 340 2994 ὁ
368 2946 616 3016 Χριστὸς,
658 2946 726 3004 ὡς
777 2945 871 2997 6πό
902 2954 1001 2996 τῶν
1032 2944 1267 2997 ἀπίστων
1312 2943 1582 2998 Ἰουδαίων
1629 2954 1800 3019 Σαμα-

192 3036 369 3106 ρείτης
391 3034 714 3104 ὀνομασθείς.

265 3120 335 3175 ’Ἡ
368 3127 478 3184 καὶ,
521 3124 585 3182 ὡς
617 3122 675 3174 οὗ
724 3127 874 3195 μόνον
906 3121 1194 3193 Ἰουδαίων,
1233 3122 1358 3177 ἀλλὰ
1388 3129 1580 3186 παντὸς
1628 3127 1801 3187 ἔθνους
1841 3158 1882 3214 C

193 3214 373 3283 φύσιν,
427 3208 518 3263 dt).
568 3220 658 3263 του
711 3212 1123 3286 προσλημματος
1166 3215 1294 3285 (85),
1353 3214 1797 3289 περιϐαλλόμενος.

188 3302 377 3362 Ἐθνος
404 3302 529 3375 γὰρ,
558 3303 606 3353 οἱ
637 3308 970 3377 Σαμαρεῖται.

266 3484 369 3533 Καὶ
396 3511 463 3520 -
492 3479 672 3535 αὐτοῦ.
702 3487 784 3551 Τῷ
818 3477 996 3553 δεσμῷ
1020 3491 1114 3542 τῆς
1142 3478 1518 3545 διδασκαλιας.

266 3570 525 3642 Ἐπιχέων
604 3600 669 3609 -
727 3570 878 3626 οἰνον.
939 3570 1257 3643 Ἧμερὸτητα
1328 3579 1416 3625 καὶ
1472 3573 1681 3644 στύψιν.
1742 3573 1798 3627 Ἠ

190 3654 527 3711 διδασκαλία
569 3662 669 3732 γὰρ
704 3658 884 3724 αὐτοῦ,
916 3669 984 3718 πῆ
1016 3664 1106 3732 μὲν
1154 3663 1354 3736 ἡμέρως
1399 3662 1667 3736 προϐαίνει
1712 3669 1801 3715 καὶ

190 3748 422 3820 ἰλαρύνει
454 3763 466 3778 ⁸
517 3758 586 3807 πῆ
651 3744 709 3801 δὲ
766 3751 948 3821 στύφει
995 3754 1085 3801 καὶ
1140 3747 1337 3818 δάκνει,
1399 3758 1488 3804 καὶ
1541 3753 1699 3814 οὕτως
1748 3750 1799 3806 εὖ

186 3842 464 3913 κέκραται,
493 3842 584 3889 καὶ
613 3837 920 3913 ἑκατέρωθεν
945 3839 1142 3910 ὠφελεῖ.

264 4016 618 4079 Ἐπιϐιϐοίσας
675 4049 740 4057 —«
799 4025 1003 4082 κτῆνος.
1058 4019 1175 4071 Ἐπὶ
1230 4024 1286 4072 τὸ
1345 4018 1482 4073 ἴδιον
1538 4031 1707 4094 σῶμα,
1744 4027 1799 4075 τὸ

186 4110 490 4160 κτείνεσθαι
554 4109 663 4177 (86)
742 4108 943 4180 μέλλον,
1014 4113 1274 4178 τουτέστι,
1358 4110 1637 4183 βαστάσας
1713 4116 1800 4174 τὰς

187 4196 464 4259 ἀσθενείας
520 4196 678 4249 αὐτοῦ
741 4194 833 4249 διὰ
886 4207 978 4261 τῆς
1040 4199 1463 4271 προσληφθείσης
1532 4202 1802 4277 ἀνθρωπό-

185 4307 369 4349 τητος.

262 4376 499 4447 Ἠγαγεν
574 4375 729 4428 αὐτὸν
789 4376 859 4437 εἰς
934 4374 1272 4450 πανδοχεῖον.
1347 4378 1691 4453 Πανδοχεῐον,
1767 4385 1795 4440 ἠ

184 4466 487 4524 Ἐκκλησία
556 4474 656 4517 τῶν
717 4475 937 4532 πιστῶν,
1013 4470 1077 4527 ὡς
1133 4475 1233 4520 πᾶν
1303 4473 1441 4540 γένος
1519 4470 1799 4545 ἀνθρώπων

186 4549 486 4627 δεχομένη.
924 4531 927 4532 7
1310 4531 1321 4540 Ι
1613 4531 1622 4545 ⁸
1834 4531 1879 4585 D

264 4645 373 4698 Καὶ
470 4643 754 4716 επεμελήθη
865 4644 1046 4702 αὑτοῦ.
1140 4648 1457 4706 Ἐποιήσατο
1555 4656 1798 4726 πρόνοιαν

184 4733 379 4787 αὐτοῦ.

266 4826 372 4875 Καὶ
415 4852 484 4862 -
515 4820 743 4886 ἐξελθών.
799 4824 941 4878 Μετὰ
983 4829 1168 4901 μικρὸν
1218 4828 1329 4899 (87)
1378 4827 1648 4882 ἀποθανων
1707 4838 1797 4885 καὶ

185 4910 409 4975 ἔξελθὼν
442 4910 543 4964 ἀπὸ
574 4921 666 4965 τοῦ
696 4917 919 4986 κόσμου.

260 5000 526 5055 Ἐκϐαλὼν
600 5034 667 5043 -
736 5003 916 5058 αὐτοῦ.
992 5003 1124 5068 Ἐως
1198 5009 1288 5078 μὲν
1352 5010 1453 5079 γὰρ
1523 5010 1637 5079 ἔζη,
1709 5011 1801 5063 αὐ-

182 5093 277 5155 τὸς
342 5091 460 5165 (88)
526 5090 812 5163 ἐπεμελεῖτο
878 5100 975 5147 τῶν
1035 5093 1260 5148 ἀσθενῶν
1290 5114 1302 5126 ·
1374 5096 1641 5152 ἀποθανὼν
1716 5097 1795 5173 δὲ,

1896 526 2041 580 toris
2089 528 2280 582 nostri
2322 527 2849 598 gubernationem.
2915 525 3229 581 Hominem
3272 526 3568 598 siquidem

1901 614 2281 685 intelligimus
2309 616 2531 681 Adam,
2563 622 2620 672 et
2644 616 2747 689 qui
2775 616 2853 671 ab
2884 617 3077 672 Adam
3109 615 3565 681 descenderunt,

1906 705 2217 761 universos
2248 722 2261 761 :
2287 705 2651 761 descensum
2676 711 2873 761 autem
2900 704 2975 761 ad
2998 704 3326 761 Jerusalem
3351 706 3408 760 in
3429 706 3569 760 leri-

1903 792 2037 861 cho,
2071 794 2229 849 viam
2258 810 2293 849 a
2317 794 2525 850 virtute
2550 794 2627 851 ad
2677 795 2908 859 vitium,
2941 801 2997 851 et
3021 794 3098 851 ab
3128 794 3470 851 obedientia
3493 794 3570 850 ad

1904 881 2394 949 iuobedientiam,
2430 891 2483 939 et
2514 901 2550 941 a
2576 884 2811 939 sublimi
2838 884 2966 939 vitae
2998 883 3261 939 instituto
3290 883 3369 939 ad
3400 889 3572 939 terre-

1904 986 2047 1027 nam
2061 971 2583 1028 conversationem
2610 989 2621 1028 ε
2644 977 2731 1028 est
2744 974 2903 1028 enim
2921 973 3251 1029 Jerusalem
3274 972 3567 1043 sublimis,

1904 1059 2132 1115 Jericho
2163 1076 2303 1117 vero
2342 1061 2606 1117 humilis.

1976 1149 2142 1204 Vers.
2177 1154 2263 1207 30.
2296 1151 2375 1205 Et
2408 1151 2719 1207 -incidit.
2754 1151 2816 1207 Id
2858 1158 2964 1215 est,
3000 1152 3327 1218 daemones,
3366 1152 3469 1225 qui
3508 1152 3568 1207 in

1907 1239 2000 1295 via
2028 1239 2389 1295 residebant.

1977 1328 2141 1383 Vers.
2167 1332 2252 1385 30.
2290 1329 2403 1396 Qui
2419 1360 2487 1369 —
2512 1346 2664 1386 eum.
2696 1330 3069 1386 Vestimentis
3091 1332 3342 1402 virtutis,
3364 1330 3570 1387 timore

1907 1416 2028 1481 Dei,
2051 1432 2168 1489 quo
2202 1418 2259 1472 in
2282 1418 2536 1474 modum
2566 1420 2744 1474 vestis
2776 1420 3182 1476 circumdatus
3212 1427 3357 1477 erat.

1976 1507 2137 1561 Vers.
2157 1510 2247 1563 30.
2260 1508 2337 1563 Et
2352 1540 2417 1549 —
2430 1508 2727 1565 abierunt.
2753 1510 2860 1564 Ani
2871 1525 2980 1566 mw
2993 1509 3202 1583 plagis,
3223 1509 3572 1566 vulneribus

1904 1600 2310 1667 peccatorum.

1976 1685 2134 1741 Vers.
2164 1688 2251 1740 30.
2285 1687 2703 1759 Retinquentes
2730 1690 3192 1744 semimortuam.
3226 1692 3300 1744 Ex
3322 1688 3572 1745 dimidio

1907 1774 2130 1831 factum
2188 1776 2543 1831 mortalem:
2589 1776 2754 1847 juxta
2803 1778 3071 1833 animam
3129 1779 3291 1834 enim
3354 1778 3575 1834 mansit

1909 1865 2284 1929 immortalis,
2307 1881 2552 1937 corpore
2573 1882 2712 1920 vero
2742 1871 3003 1922 mortuus
3033 1871 3141 1924 est.
3176 1868 3347 1933 Quod
3369 1873 3572 1924 autem

1908 1952 2121 2010 dicitur
2151 1974 2164 2013 :
2199 1955 2494 2021 abierunt,
2528 1961 2584 2010 et
2610 1954 3027 2027 relinquentes,
3064 1972 3185 2013 non
3232 1966 3319 2013 est
3348 1957 3423 2012 de
3459 1958 3573 2014 hoc

1908 2045 2138 2100 curiose
2156 2046 2546 2100 scrutandum
2570 2052 2811 2117 propter
2837 2062 3113 2102 normam
3134 2048 3460 2118 parabolas.

1980 2135 2148 2191 Vers.
2191 2139 2277 2190 31.
2328 2134 2480 2191 Casu
2524 2166 2592 2175 —
2629 2135 2757 2190 illa.
2810 2136 3118 2203 Sacerdos,
3169 2137 3283 2192 hoc
3327 2142 3435 2202 est,
3482 2137 3575 2193 lex

1910 2224 2052 2279 data
2108 2241 2212 2296 per
2268 2227 2544 2296 Moysem,
2605 2230 2804 2296 utpote
2862 2226 2933 2279 de
3012 2226 3318 2282 sacriﬁciis
3374 2225 3576 2298 dispu-

1912 2320 2064 2369 tans.

1982 2405 2142 2457 Vers.
2174 2402 2263 2457 31.
2330 2402 2574 2473 Visoque
2601 2404 2707 2459 illo
2751 2405 3053 2473 prater-iit.
3116 2404 3460 2461 Pertransiit
3505 2405 3572 2461 il-

1909 2493 2058 2558 lum,
2092 2509 2228 2548 cum
2270 2492 2351 2548 ita
2392 2494 2547 2548 male
2579 2492 2825 2549 affectus
2863 2498 3037 2548 esset.

1982 2583 2144 2637 Vers.
2194 2583 2281 2636 3'2.
2325 2582 2616 2638 Similiter
2668 2584 2967 2654 praeteriit.
3018 2584 3120 2638 Per
3167 2584 3408 2640 levitam
3460 2585 3576 2642 hoc

1909 2670 2043 2728 loco
2088 2672 2469 2744 accipiendus
2514 2678 2601 2727 est
2642 2688 2841 2743 sermo
2888 2673 3335 2745 prophetarum,
3372 2680 3573 2747 utpote

1914 2760 2402 2832 Deijussionibus
2451 2761 2930 2817 subministrans.

1982 2851 2146 2905 Vers.
2172 2852 2258 2907 33.
2293 2852 2717 2907 Samaritanus
2742 2883 2810 2891 —
2828 2852 3233 2909 misericordia
3260 2860 3447 2910 motus
3470 2862 3572 2911 est.

1914 2942 2326 2998 Samaritanus
2358 2941 2703 3010 intelligitur
2733 2958 2894 2997 nunc
2945 2942 3228 3014 Christus,
3265 2950 3466 3016 utpote
3499 2948 3576 3000 ab

1914 3031 2236 3086 incredulis
2264 3031 2485 3086 Judaeis
2519 3031 2928 3086 Samaritanus
2960 3032 3323 3103 appellatus.

1982 3121 2085 3177 Vel
2178 3121 2355 3176 etiam
2436 3136 2557 3175 non
2625 3120 2970 3176 Judaaorum
3032 3125 3289 3187 tantum,
3360 3123 3460 3177 sed
3522 3127 3579 3179 et

1912 3215 2264 3266 cunctarum
2284 3210 2546 3280 gentium
2568 3217 2841 3265 naturam
2869 3226 2973 3281 per
2995 3209 3191 3267 carnis
3215 3212 3577 3283 assumptio-

1912 3318 2052 3358 nem
2082 3300 2467 3372 amplectens.
2514 3299 2870 3356 Samaritani
2917 3300 3077 3356 enim
3130 3306 3269 3357 sunt
3296 3304 3577 3373 quaedam

1911 3391 2074 3447 natio
2106 3390 2393 3461 gentium.

1982 3480 2149 3535 Vers.
2173 3480 2264 3537 34.
2290 3481 2362 3535 Et
2396 3510 2460 3518 —
2491 3481 2640 3549 ejus.
2673 3478 2919 3535 Vinculo
2944 3478 3252 3535 doctrinae.

1983 3573 2142 3626 Vers.
2167 3571 2261 3628 34.
2287 3569 2617 3637 Infundens
2637 3600 2705 3609 —
2730 3571 2952 3625 vinum.
2978 3570 3306 3626 Lenitatem
3329 3586 3397 3626 ac
3421 3587 3577 3627 mor-

1911 3660 2254 3717 dacitatem.
2287 3659 2565 3716 Doctrina
2606 3660 2766 3715 enim
2792 3659 2923 3732 ejus
2956 3659 3097 3716 alibi
3128 3659 3376 3732 quidem
3410 3677 3577 3717 man-

1913 3756 2075 3806 suete
2122 3749 2390 3823 procedit
2420 3755 2476 3805 et
2531 3748 2823 3805 exhilarat
2852 3749 3190 3806 :interdum
3248 3766 3388 3807 vero
3448 3767 3579 3823 per-

1915 3840 2148 3911 stringit
2179 3856 2248 3895 ac
2302 3838 2536 3894 mordet
2580 3856 2591 3893 :
2625 3842 2683 3894 et
2705 3839 2793 3896 ita
2839 3839 3085 3912 pulchre
3118 3845 3449 3911 temperata
3491 3848 3579 3899 est

1912 3945 1983 3985 ac
2026 3929 2290 4002 undique
2340 3929 2538 4001 fjuvat.
3118 3927 3124 3932 ’

1984 4021 2139 4074 Vers.
2244 4018 2332 4072 34.
2415 4018 2490 4073 Et
2513 4018 2821 4087 imponens
2922 4049 2988 4059 —
3048 4019 3408 4087 jumentum.
3493 4024 3577 4078 lta

1910 4110 2223 4180 prOprium
2271 4123 2504 4178 corpus,
2555 4106 2715 4179 quod
2768 4106 3169 4162 occidendum
3227 4113 3347 4165 erat
3395 4127 3409 4167 :
3464 4109 3579 4166 hoc

1911 4203 2017 4266 est,
2035 4202 2283 4269 portans
2300 4196 2667 4251 inﬁrmitates
2685 4195 2813 4267 ejus
2836 4210 2941 4267 per
2960 4201 3339 4268 assumptam
3356 4198 3575 4255 huma-

1910 4289 2178 4345 nitatem.

1985 4378 2144 4434 Vers.
2221 4377 2315 4434 34.
2410 4377 2597 4433 Duxit
2674 4376 2739 4432 in
2815 4376 3223 4434 diversorium.
3309 4377 3577 4436 Diverso-

1913 4470 2065 4525 rium
2096 4473 2182 4525 est
2213 4468 2493 4533 Ecclesia,
2526 4483 2663 4539 quas
2713 4483 2889 4523 omne
2930 4481 3116 4537 genus
3146 4467 3466 4524 hominum
3488 4486 3575 4525 re-

1912 4560 2075 4632 cipit.

1979 4650 2143 4706 Vers.
2168 4650 2257 4706 34.
2284 4650 2361 4705 Et
2390 4666 2600 4707 curam
2618 4650 2783 4706 illius
2809 4651 2949 4722 egit.
2974 4650 3285 4708 Rationem
3325 4652 3456 4724 ejus
3471 4653 3575 4713 ha-

1909 4740 2056 4808 buit,
2087 4744 2144 4797 et
2163 4742 2233 4795 de
2261 4756 2331 4796 eo
2353 4740 2631 4812 providit.

1982 4831 2149 4887 Vers.
2183 4835 2272 4888 35.
2310 4832 2399 4888 Ac
2428 4862 2497 4871 —-
2548 4846 2834 4901 egressus.
2866 4830 3008 4888 Post
3056 4830 3295 4905 aliquod
3341 4836 3577 4905 tempus

1910 4926 2181 4977 mortuus
2215 4924 2270 4977 et
2298 4920 2373 4977 de
2405 4919 2634 4975 mundo
2673 4935 2967 4991 egressus.

1918 5074 1919 5077 η
1978 5009 2144 5079 νοτε,
2172 5010 2261 5066 35.
2304 5010 2694 5080 Depromptos
2728 5041 2793 5051 —
2836 5010 3026 5067 illius.
3054 5009 3253 5067 Donec
3284 5008 3525 5067 vivebat
3559 5026 3574 5067 :

1909 5100 2041 5173 ipse
2092 5115 2300 5156 curam
2358 5099 2621 5158 habebat
2648 5099 3029 5158 inﬁrmorum
3072 5099 3218 5160 :ubi
3247 5115 3390 5158 vero
3418 5114 3579 5157 mor-

1418 5270 1644 5375 Variaa
1674 5307 2001 5378 lectiones
2042 5315 2110 5377 et
2140 5268 2351 5378 notae.

290 5530 380 5593 83)
417 5524 764 5598 Ἐγκαθέτοις,
801 5524 1288 5598 prtaestolantibus
1321 5529 1372 5585 in
1416 5530 1544 5587 viis.

288 5602 381 5669 84)
429 5601 526 5653 Διά
574 5601 631 5650 τὸ
694 5597 1019 5675 ἐξουσιάζειν
1077 5604 1169 5659 τὴν
1226 5600 1524 5675 παραϐολὴν
1585 5601 1633 5657 ἐν
1687 5614 1800 5668 ταῖς

182 5675 465 5733 τοιαύταις
497 5672 890 5757 περιστάσεσιν.

261 5746 383 5817 (85)
422 5748 528 5805 Τῆς
553 5746 941 5817 ἒνσαρκώσεως.

1985 5537 2074 5658 (ἓϐ
2100 5534 2295 5605 )Ludit
2315 5535 2373 5591 in
2388 5532 2775 5592 similitudine
2798 5533 3171 5608 syllabarum
3196 5544 3401 5607 κτῆνος,
3414 5555 3581 5593 κτειν-

1985 5626 1999 5655 Γ
2035 5626 2109 5658 αι.

1910 5625 2109 5661 νεσυαι.

1981 5679 2099 5825 E33

1996 5683 2097 5751 :87)
2134 5684 2323 5751 Καιρὸν
2363 5695 2471 5751 ρΓο
2496 5683 2702 5751 μικρὸν.
2731 5685 2788 5734 Β.

1982 5698 2067 5747 (ρι
2134 5698 2323 5751 λαιρον
2363 5698 2471 5751 pro
2496 5700 2589 5751 μικ
2628 5704 2631 5725 ι

1982 5698 2099 5823 (88)
2145 5752 2307 5814 Αὐτός
2358 5751 2548 5809 codex
2591 5698 2631 5807 ἑ

2145 5750 2307 5814 Αὐτός
2358 5750 2548 5809 codex
2591 5750 2631 5807 B
2657 5750 2842 5811 habet
2878 5756 3014 5826 post
3044 5752 3362 5829 επεμελείτο.
