4074 6400
458 341 561 398 967
1836 332 2179 397 EUTHYMII
2220 336 2552 394 ZIGABENI
3736 334 3847 393 968

461 475 600 523 tuus
678 471 762 523 est
826 481 895 522 ac
962 467 1299 535 resurrexit,
1360 472 1417 523 et
1480 467 1555 522 ad
1609 466 2117 539 peregrinandum

2248 469 2319 515 cui
2356 463 2603 527 ἀναστάς,
2656 468 2745 516 καὶ
2778 459 3020 536 ἐκδημῶν
3053 462 3119 524 είς
3143 466 3229 515 τὸν
3261 462 3494 536 οὐρανὸν,
3532 471 3639 525 τοῖς
3686 484 3848 527 απος-

459 557 517 612 in
544 556 760 612 caelum
814 556 1081 623 devertit,
1110 557 1268 613 hanc
1309 574 1513 613 curam
1564 555 1847 629 apostolis
1879 555 2121 611 commi-

462 647 559 701 sit.

534 739 755 809 Hospes
773 735 932 791 enim
961 740 1067 806 est,
1094 737 1366 809 quisquis
1402 736 1670 793 Ecclesiae
1695 739 1930 808 praeest,
1956 739 2117 805 puta,

459 826 655 881 omnis
686 825 1023 897 episcopus,
1060 826 1148 880 vel
1167 828 1437 898 quisquis
1461 826 1865 899 apostolorum
1892 839 2119 879 succes-

459 931 557 971 sor
586 924 687 971 est.
723 916 849 970 Duo
880 932 1016 970 vero
1046 915 1273 972 denarii
1304 920 1443 972 sunt
1468 920 1698 972 Novum
1733 931 1803 970 ac
1826 915 1999 969 Vetus
2019 914 2118 967 Teo

458 1009 841 1070 stamentum,
874 1020 1008 1075 quae
1033 1006 1287 1060 intirmis
1316 1006 1677 1061 medicinam
1707 1003 2116 1075 suppeditant.

459 1093 608 1149 Dixit
627 1095 786 1148 enim
808 1095 1092 1149 vicesimo
1118 1101 1334 1167 quarto
1358 1095 1549 1166 capite
1583 1091 1885 1161 Evangelii
1914 1107 2121 1146 secun-

457 1182 599 1237 dum
621 1183 953 1239 Matthaaum
992 1201 1003 1238 :
1058 1184 1258 1239 Omnis
1284 1184 1482 1240 scriba
1500 1183 1737 1239 edoctus
1764 1182 1844 1236 ad
1870 1196 2116 1249 regnum

456 1272 737 1327 calorum
759 1272 970 1327 similis
1020 1279 1103 1327 est
1155 1273 1385 1328 homini
1424 1269 1867 1344 patrifamilias,
1904 1272 2004 1342 qui
2026 1268 2115 1323 de-

453 1362 674 1429 promit
705 1361 778 1417 de
803 1362 1082 1418 thesauro
1104 1378 1207 1417 suo
1232 1378 1383 1418 nova
1411 1368 1463 1419 et
1482 1361 1759 1418 vetera".

528 1534 648 1600 Vel,
676 1534 798 1590 duo
826 1533 1055 1590 denarii
1083 1532 1214 1589 duae
1261 1538 1397 1589 sunt
1426 1533 1943 1604 interpretationes
1976 1534 2120 1589 Scri-

456 1629 643 1695 pturas
666 1624 1034 1693 evangelicae,
1066 1630 1165 1679 aut
1192 1623 1362 1679 etiam
1392 1624 1596 1678 omnis
1631 1623 1847 1679 divinae
1874 1640 1883 1677 :
1916 1624 2016 1679 illa
2042 1627 2118 1680 vi-

455 1712 688 1780 delicet,
721 1713 1044 1785 qurejuxta
1075 1712 1378 1769 historiam
1401 1719 1508 1784 est,
1536 1718 1591 1769 et
1629 1730 1760 1785 qum
1780 1712 1952 1784 juxta
1981 1729 2121 1769 ana-

2232 554 2398 616 τόλοις
2432 560 2523 612 τὴν
2556 553 2848 625 ἐπιμέλειαν
2879 556 3073 611 ταύτην
3106 552 3369 627 ἐπέτρεψε.

2304 730 2608 805 Πανδοχεὺς
2676 736 2773 807 γὰρ
2857 740 2952 794 πᾶς
3000 738 3263 803 προεστὼς
3330 741 3426 793 τῆς
3496 731 3834 795 Ἐκκλησίας,

2230 828 2368 881 ἦτοι,
2420 828 2515 883 πᾶς
2566 822 2869 886 ἐπίσκοπος,
2916 829 3004 874 καὶ
3051 829 3147 883 πᾶς
3196 832 3295 874 τῶν
3363 820 3663 873 ἀποστόλων
3720 819 3842 874 διά-

2232 909 2414 983 δοχος.
2466 916 2563 965 Δύο
2608 909 2668 964 δὲ
2700 909 2944 985 δηνάρια,
2986 914 3015 970 ἠ
3064 917 3223 969 Καινὴ
3260 917 3349 964 καὶ
3384 914 3414 969 ἡ
3464 911 3667 963 Παλαιὰ
3718 918 3844 963 Δια-

2233 1002 2389 1069 θήκη,
2448 1003 2503 1052 αῖ
2557 1009 2859 1076 χορηγοῦσι
2916 1006 3007 1060 τὴν
3073 1001 3297 1074 ἰατρείαν
3348 1008 3450 1060 τοῖς
3504 1000 3839 1055 ἀσθενοῦσιν.

2234 1094 2418 1161 Εῖρηκε
2475 1095 2572 1163 γὰρ
2629 1091 2677 1143 ἐν
2742 1100 2812 1161 τῷ
2875 1090 3092 1161 εἰκοστῷ
3144 1092 3373 1164 τετάρτῳ
3421 1090 3678 1162 κεφαλαίῳ
3743 1099 3840 1142 τοῦ

2230 1184 2362 1230 κατά
2398 1183 2660 1233 Ματθαῐον
2689 1202 2701 1213 ·
2739 1183 2817 1232 ὅτι
2865 1187 2969 1240 Πᾶς
3004 1186 3342 1253 γραμματεὺς
3383 1182 3725 1252 μαθητευθεὶς
3767 1181 3843 1241 εἰς

2231 1274 2323 1327 την
2377 1267 2649 1341 βασιλείαν
2699 1279 2798 1321 τῶν
2849 1270 3098 1341 οὖρα-θὼν,
3148 1271 3324 1341 ὅμοιός
3375 1268 3516 1320 ἐστιν
3581 1268 3843 1343 ἀνθρώπῳ

2230 1355 2602 1431 οἰκοδεσπότῃ,
2659 1362 2797 1419 ὅστις
2845 1358 3077 1411 ἐκϐάλλει
3123 1358 3180 1411 ἐκ
3222 1366 3314 1411 τοῦ
3360 1361 3630 1434 θησαυροῦ
3676 1358 3845 1410 αὐτοῦ

2230 1451 2383 1500 καινά
2413 1454 2501 1501 καὶ
2532 1449 2750 1504 παλαιά.

2306 1532 2368 1590 Ἦ
2404 1534 2500 1589 δύο
2543 1535 2789 1611 δηνάρια,
2825 1540 2878 1590 αἱ
2911 1534 3009 1590 δύο
3054 1538 3319 1613 ἑρμηνεῖαι
3364 1546 3455 1598 τῆς
3500 1536 3845 1609 εὖαγγελικῆς

2233 1634 2455 1700 Γραφῆς,
2490 1632 2519 1685 ἣ
2550 1633 2636 1679 καὶ
2662 1633 2840 1689 πησης
2870 1636 2967 1690 τῆς
2987 1630 3141 1691 θείας,
3168 1631 3257 1687 ἦτε
3287 1628 3403 1679 καθ’
3435 1630 3666 1700 ἱστορίαν
3699 1626 3839 1698 (89),

2231 1722 2319 1769 καὶ
2352 1720 2379 1775 η
2416 1720 2550 1769 κατά
2581 1716 2879 1788 ἀναγωγήν,

456 1819 672 1875 gogen.
2157 1822 2199 1876 Β

529 1893 687 1948 Vers.
722 1894 809 1947 35.
839 1893 917 1947 Et
947 1923 1015 1933 -
1064 1892 1186 1947 tibi.
1223 1893 1278 1948 Si
1337 1892 1515 1948 etiam
1548 1892 1622 1947 de
1674 1897 1775 1948 tuo
1806 1893 2119 1965 quidpiam

453 1981 867 2054 insumpseris,
891 1982 1056 2054 quod
1085 1982 1143 2036 in
1167 1983 1297 2053 ejus
1322 1984 1495 2037 cedat
1522 1982 1848 2037 utilitatem.
1876 1982 2025 2037 Nam
2049 1984 2121 2037 de

454 2088 565 2128 suo
597 2088 841 2144 quoque
870 2078 1262 2144 praeceptores
1291 2076 1623 2143 apponunt,
1644 2072 1962 2127 dilatantes
1980 2072 2122 2126 divi-

454 2178 670 2217 norum
700 2177 1043 2217 sermonum
1060 2162 1593 2233 interpretationes.
1624 2169 1666 2216 A
1686 2162 1925 2216 duobus
1944 2163 2123 2234 siqui-

455 2251 588 2305 dem
642 2252 1015 2305 testamentis
1058 2256 1300 2304 sumunt
1359 2250 1594 2321 quidem
1645 2258 2119 2320 argumentum:

453 2340 713 2411 propriis
742 2346 940 2395 autem
974 2339 1352 2394 sermonibus
1384 2338 1879 2395 abundantiorem
1914 2356 2120 2395 curam

453 2429 736 2485 exhibent
780 2428 1217 2484 laborantibus.
1268 2429 1544 2484 Reversio
1577 2444 1713 2483 vero
1756 2430 1991 2501 Christi,
2034 2447 2123 2486 se-

454 2519 688 2575 cundus
705 2524 795 2574 est
812 2519 1105 2573 adventus
1122 2518 1273 2588 ejus,
1306 2519 1364 2572 in
1384 2532 1503 2589 quo
1524 2518 1816 2590 persolvet
1838 2519 2122 2575 omnibus

454 2608 894 2663 retributiones.

527 2698 685 2751 Vers.
738 2701 825 2751 36.
884 2696 1023 2764 Quis
1054 2728 1122 2735 —
1174 2696 1335 2751 Vers.
1384 2701 1470 2752 37.
1504 2696 1632 2752 illo.
1683 2695 1830 2752 Cum
1860 2697 1983 2764 illo,
2010 2696 2120 2752 hoc

454 2790 559 2849 est,
583 2786 643 2840 in
673 2786 858 2840 illum.

524 2876 685 2930 Vers.
722 2878 809 2930 37.
845 2874 1012 2930 Dixit
1041 2906 1106 2914 —
1156 2874 1448 2931 similiter.
1491 2876 1707 2931 Curam
1762 2875 1889 2947 ejus
1937 2875 2115 2941 habe,

450 2964 800 3036 quiauxilio
841 2964 1078 3034 indiget.
1135 2966 1241 3029 Qui
1275 2962 1434 3019 enim
1486 2964 1599 3019 hoc
1653 2980 1764 3020 non
1794 2965 1949 3029 facit,
1999 2980 2115 3019 non

450 3054 638 3123 diligit
687 3054 1029 3125 proximum
1084 3069 1259 3107 suum
1310 3054 1460 3107 sicut
1492 3055 1799 3125 scipsum:
1836 3055 1937 3125 qui
1978 3069 2116 3109 vero

450 3143 789 3216 proximum
818 3159 938 3197 non
984 3143 1169 3213 diligit
1219 3149 1507 3214 tanquam
1560 3143 1865 3213 seipsum,
1918 3158 2113 3214 neque

2248 3143 2350 3197 ιὺδε
2382 3149 2465 3197 τὸν
2499 3149 2625 3197 Θεὸν
2660 3145 2859 3216 ἀγαπᾷ,
2897 3144 2949 3207 ἐξ
2990 3146 3109 3206 ὅλης
3150 3154 3242 3207 τῆς
3274 3141 3501 3218 καρδίας
3528 3144 3707 3210 αὐτοῦ,
3741 3153 3839 3197 καὶ

453 3233 639 3288 Deum
685 3232 868 3304 diliglt
919 3248 991 3288 ex
1024 3239 1144 3287 toto
1193 3232 1371 3287 corde
1418 3247 1542 3294 suo,
1587 3238 1642 3288 et
1668 3247 1740 3287 ex
1764 3237 1885 3288 tota
1911 3234 2115 3287 anima

2253 3235 2279 3298 ξ
2303 3235 2419 3295 ὅλης
2446 3244 2535 3296 τῆς
2561 3235 2743 3306 ψυχῆς
2771 3235 2953 3303 αὐτοῦ,
2978 3240 3066 3287 καὶ
3097 3233 3149 3297 ἐξ
3179 3235 3299 3297 ὀληίς
3320 3244 3409 3295 τῆς
3432 3234 3624 3307 ἰσχύος
3645 3235 3835 3301 αὐτοῦ,

450 3338 579 3389 sua,
606 3339 675 3377 ex
700 3326 815 3377 tota
847 3321 1188 3377 fortitudine
1211 3338 1339 3391 sua,
1365 3326 1417 3375 et
1445 3337 1516 3375 ex
1548 3326 1669 3376 tota
1695 3328 1888 3376 mente
1914 3336 2023 3375 sua
2043 3320 2110 3385 ⁷⁵,

2248 3330 2317 3376 cui
2366 3325 2417 3387 ἐξ
2466 3325 2581 3385 ὅλης
2634 3332 2728 3386 τῆς
2784 3320 3019 3385 διανοίας
3068 3324 3246 3395 αὑτοῦ,
3308 3323 3437 3396 οἷπερ
3487 3324 3837 3396 ἐμφαίνουσιν

448 3411 927 3484 quaadilectiouis
948 3411 1389 3466 vehementiam
1419 3426 1488 3465 ac
1510 3410 1899 3466 intentionem
1930 3404 2115 3466 mani-

448 3501 858 3644 feStant.CAP.
895 3588 1144 3644 XXXVII.
1178 3590 1262 3643 De
1286 3587 1533 3643 Martha
1564 3595 1617 3644 et
1646 3588 1861 3644 Maria.

519 3680 681 3735 Vers.
732 3680 827 3735 38.
889 3679 1125 3733 Factum
1176 3681 1257 3733 est
1285 3708 1348 3719 —
1375 3678 1537 3732 Vers.
1566 3681 1653 3733 39.
1682 3678 1866 3733 illius.
1901 3677 2117 3734 Castel-

448 3768 575 3824 lum
625 3768 740 3823 hoc
797 3767 1078 3822 Bethania
1132 3770 1304 3822 erat:
1341 3766 1495 3821 hanc
1545 3768 1705 3822 enim
1735 3767 1992 3823 Joannes
2024 3783 2117 3823 ca-

449 3858 683 3913 stellum
711 3857 857 3912 dixit
904 3856 1092 3912 Mariae
1132 3862 1187 3912 et
1218 3856 1450 3911 Marthae
1473 3858 1540 3909 ⁷⁸.

520 3949 681 4003 Vers.
700 3951 785 4002 40.
806 3947 1052 4002 Martha
1069 3962 1204 4002 vero
1222 3977 1283 3985 —
1297 3946 1713 4002 ministerium.
1743 3949 2114 4019 Prasparans,

447 4055 579 4111 quae
603 4037 941 4093 necessaria
972 4042 1138 4092 erant
1190 4036 1265 4092 ad
1296 4035 1639 4091 convivium
1673 4043 1727 4093 et
1751 4037 2113 4109 obsequium

448 4128 576 4198 ejus
608 4144 676 4183 ac
698 4124 1134 4198 discipulorum
1184 4125 1395 4197 ipsius.

516 4218 682 4274 Vers.
713 4220 800 4272 40.
832 4216 1163 4284 Quaeastitit
1192 4247 1259 4256 —
1278 4217 1873 4287 adjuvet.Tanquam
1896 4231 2110 4287 praece-

446 4313 582 4380 ptor
600 4322 809 4362 curam
833 4306 915 4360 illi
942 4307 1267 4375 committe,
1289 4313 1350 4360 ut
1383 4320 1502 4360 una
1528 4320 1759 4359 mecum
1786 4304 2112 4361 ministerio

448 4414 697 4454 manum
725 4396 1058 4452 admoveat.

514 4488 677 4542 Vers.
710 4487 798 4541 41.
851 4487 1220 4577 Respondens
1273 4516 1339 4577 έ-
1370 4485 1581 4577 multa.
1615 4484 1939 4577 Tumultus
1998 4484 2111 4540 hoc
2146 4522 2192 4577 Ι)

447 4579 602 4644 loco,
657 4576 963 4631 distractio
995 4580 1080 4630 est
1110 4580 1166 4629 et
1196 4575 1477 4630 turbatio.
1512 4574 1678 4630 Cicra
1729 4573 1917 4630 multa
1952 4589 2110 4639 vero,

445 4672 613 4739 puta,
645 4682 779 4737 quae
813 4665 890 4719 ad
922 4665 1266 4719 convivium
1296 4669 1351 4720 et
1371 4664 1733 4736 obsequium
1767 4664 2111 4720 necessaria

446 4762 602 4823 sunt,
625 4762 685 4811 ut
712 4756 938 4810 dictum
966 4758 1072 4809 est.
1397 4763 1399 4766 ‘

516 4845 679 4902 Vers.
734 4846 823 4899 42.
872 4844 1057 4915 Atqui
1084 4858 1267 4900 unum
1323 4850 1403 4899 est
1452 4842 1793 4900 nessarium.
1827 4841 2110 4899 Videlicet

2309 1900 2501 1948 Καὶ-
2534 1915 2637 1947 σοι.
2693 1898 2751 1948 Εἰ
2796 1915 2847 1946 τι
2892 1896 2952 1946 οἶν
2992 1900 3081 1947 καὶ
3126 1898 3323 1948 οἴκοθεν
3376 1891 3843 1970 προσδαπανήσῃς

2233 1986 2297 2045 εἰς
2333 1984 2572 2056 ὠφέλειαν
2623 1984 2803 2039 αὐτοῦ.
2864 1989 2963 2037 Καὶ
3023 1988 3219 2038 οἴκοθεν
3277 1989 3377 2059 γὰρ
3425 1988 3473 2037 οἱ
3514 1981 3842 2037 διδάσκαλοι

2235 2077 2599 2150 προστιθέασι,
2661 2074 2994 2135 πλατύνοντες
3050 2079 3143 2136 τάς
3197 2074 3468 2147 ἑρμηνείας
3534 2083 3631 2126 τῶν
3688 2076 3838 2126 θείων

2229 2164 2557 2234 λόγων.Ἀπὸ
2590 2167 2677 2235 μὲν
2703 2167 2800 2238 γὰρ
2832 2172 2929 2215 τῶν
2963 2160 3058 2214 δύο
3092 2166 3361 2222 Διαθηκῶν
3387 2162 3712 2237 λαμϐάνουσι
3744 2182 3845 2222 τας

2234 2252 2469 2325 ἀφορμάς
2495 2272 2506 2281 ·
2534 2261 2639 2313 τοῖς
2669 2251 2827 2313 ἰδίοις
2849 2250 2907 2305 δὲ
2934 2252 3108 2323 λόγοις
3135 2250 3514 2326 ὃαψινεστέραν
3538 2258 3845 2327 παρέχουσι

2230 2348 2323 2400 την
2398 2344 2669 2416 θεραπείαν
2736 2350 2843 2404 τοῖς
2912 2345 3222 2414 κάμνουσιν.
3291 2339 3577 2405 Ἐπάνοδος
3630 2339 3689 2395 δέ
3747 2350 3845 2394 τοῦ

2233 2439 2489 2505 Χριστοῦ,
2525 2434 2552 2490 ἡ
2591 2428 2806 2506 δευτέρα
2835 2437 3121 2504 παρουσία,
3151 2431 3251 2505 ἐνῇ
3286 2428 3554 2485 ἀποδώσει
3584 2439 3718 2485 πᾶσι
3749 2434 3849 2492 τὰς

2234 2520 2475 2593 ἀμοιϐάς.

2304 2704 2395 2761 Τίς
2428 2732 2480 2739 ο-
2520 2699 2702 2756 αὐτοῦ.
2734 2699 2861 2753 Μετ’
2897 2698 3053 2751 αὐτοῦ
3087 2698 3199 2751 ἀντὶ
3229 2707 3342 2766 τοῦ,
3378 2699 3449 2761 εἰς
3481 2699 3655 2755 αὐτόν.

2304 2874 2452 2930 Εἶπεν
2510 2880 2719 2949 ὁμοίως.
2778 2877 3054 2950 Ἐπιμελοῡ
3111 2885 3201 2929 τοῦ
3266 2876 3509 2949 δεομένου
3562 2876 3839 2951 βοηθείας,

2226 2967 2284 3018 Ὀ
2323 2971 2421 3041 γὰρ
2468 2973 2537 3039 μὴ
2574 2976 2726 3019 τοῦτο
2757 2976 2937 3030 ποιῶν,
2987 2968 3079 3019 οὐκ
3129 2966 3311 3038 ἀγαπᾷ
3354 2970 3441 3019 τὸν
3486 2966 3706 3024 πλησίον
3766 2971 3842 3028 ὡς

2229 3056 2445 3109 ἑαυτὸν·
2490 3058 2513 3107 ό
2569 3054 2627 3108 δὲ
2684 3061 2753 3129 μὴ
2817 3055 3031 3127 ἀγαπῶν
3089 3060 3175 3108 τὸν
3232 3056 3453 3114 πλησίον
3502 3058 3568 3117 ὡς
3626 3056 3835 3123 ἑαυτὸν,

2230 3414 2438 3486 ἀγάπης
2472 3411 2810 3488 σφοδρότητα
2840 3419 2930 3465 καὶ
2962 3412 3224 3471 ἐπίτασιν,

2482 3598 2626 3646 ΚΕΦ.
2674 3590 2791 3644 ΛΖ.
2826 3595 2951 3663 Περὶ
2977 3591 3197 3664 Μάρθας
3222 3595 3311 3642 καὶ
3352 3595 3579 3665 Μαρίας.

2300 3682 2527 3753 Ἐγένετο
2594 3712 2661 3721 -—
2719 3680 2898 3733 αὐτοῦ.
2958 3678 3015 3731 Ἠ
3067 3686 3217 3751 κώμη
3284 3679 3434 3749 αὕτη,
3504 3681 3533 3737 ἡ
3604 3682 3843 3737 Βηθανία

2230 3769 2309 3830 ἦν.
2339 3774 2543 3829 Ταύτην
2574 3773 2675 3843 γὰρ
2719 3772 2743 3821 ὁ
2802 3769 3041 3829 Ἰωάννης
3098 3766 3205 3821 εἷπε
3262 3774 3439 3841 κώμην
3491 3774 3697 3843 Μαρίας
3743 3777 3839 3823 καὶ

2229 3864 2465 3934 Μάρθας.

2296 3950 2350 4003 Ἠ
2415 3948 2473 4003 δὲ
2527 3951 2717 4023 Μάρθα
2769 3980 2837 3990 --
2881 3944 3171 4001 διακονίαν.
3229 3949 3718 4021 Παρασκευάζουσα
3768 3954 3838 4003 τά

2224 4044 2353 4114 πρὸς
2390 4040 2624 4093 ἑστίασιν
2664 4043 2755 4090 καὶ
2785 4040 3056 4112 θεραπείαν
3080 4037 3239 4090 αὐτοῦ
3266 4057 3320 4090 τε
3345 4042 3552 4089 καὶτῶν
3583 4041 3834 4110 μαθητῶν

2227 4130 2405 4183 αὐτοῦ.

2296 4219 2593 4273 Ἐπιστᾱισα
2676 4248 2742 4258 --
2808 4214 3264 4273 συναντιλάϐηται.
3350 4216 3436 4276 Ὠς
3499 4213 3837 4281 διδάσκαλος

2225 4308 2497 4385 ἐπίτρεψον
2528 4307 2685 4380 αὐτῇ,
2720 4308 2801 4359 ἶνα
2826 4326 2915 4379 μοι
2954 4304 3315 4378 συνεφάψηται
3348 4315 3437 4366 τῆς
3469 4302 3756 4368 διακονίας.

2295 4486 2621 4558 Ἀποκριθεὶς
2651 4517 2718 4525 —
2757 4484 2940 4542 πολλά.
2973 4484 3148 4559 Τύρϐη
3178 4483 3337 4552 ἐστὶν,
3378 4486 3403 4536 ὁ
3434 4487 3833 4558 περισπασμὸς,

2224 4577 2252 4633 ἡ
2303 4575 2560 4646 ὄχλησις·
2621 4580 2737 4647 περὶ
2791 4573 2953 4626 πολλά
3002 4571 3082 4641 δὲ,
3141 4577 3207 4626 τά
3263 4583 3359 4636 τῆς
3405 4573 3687 4635 ἑστιάσεως
3737 4581 3836 4628 καὶ

2226 4666 2514 4737 θεραπείας,
2544 4666 2614 4724 ὡς
2634 4666 2857 4739 εἴρηται.

2289 4843 2427 4907 Ἐνὸς
2473 4841 2531 4896 δὲ
2583 4842 2697 4896 ἐστι
2758 4848 2942 4917 χρεία.
3005 4851 3111 4905 Τῆς
3174 4842 3467 4919 ἀκροάσεως
3533 4852 3632 4897 τῶν
3691 4843 3833 4918 ἐμῶν

516 5025 566 5063 ’⁸⁸
590 5023 787 5083 Matth.
814 5037 933 5091 xui,
968 5023 1053 5079 54.
1132 5025 1180 5060 ⁹⁵
1203 5024 1345 5079 Luc.
1378 5039 1430 5089 χ,
1477 5024 1571 5078 27.
1648 5023 1696 5059 1⁸
1720 5021 1899 5078 Joan.
1932 5035 2017 5092 x1,
2064 5023 2114 5077 1.

1664 5201 1892 5272 Variae
1928 5200 2254 5270 lectiones
2292 5212 2358 5270 et
2379 5212 2592 5273 notas.

517 5400 631 5474 (89)
664 5402 853 5468 Quam
880 5416 987 5457 nos
1032 5417 1194 5458 nunc
1225 5398 2107 5474 Grammatieamappellamus.

444 5472 631 5530 Credo
662 5480 858 5530 autem
907 5473 1457 5546 interpretationem
1488 5473 1667 5546 hujus
1699 5472 1811 5527 loCi
1843 5472 2109 5546 allegori-

444 5556 580 5603 cam
609 5551 912 5617 sumptam
938 5544 1075 5601 esse
1111 5560 1185 5601 ex
1212 5545 1484 5617 Origene,
1530 5544 1836 5617 quisnam
1866 5544 1925 5599 in
1952 5545 2108 5600 hunc

443 5618 640 5674 locum
664 5616 1212 5688 interpretationem
1241 5616 1446 5672 laudat
1474 5620 1532 5672 et
1554 5616 1809 5688 attingit,
1843 5620 1989 5671 tom.
2020 5617 2104 5681 ΙΙΙ,

446 5705 509 5768 p.
557 5692 682 5745 7'28.
719 5687 891 5745 Patet
965 5705 1105 5762 ergo
1160 5689 1250 5745 vel
1306 5704 1379 5745 ex
1423 5688 1539 5744 hoc
1593 5687 1747 5755 loco,
1816 5689 2103 5760 Hierony-

2224 5416 2390 5482 mum
2427 5398 3240 5485 copiosiores.expositione‘s
3289 5402 3557 5485 Origenis
3599 5402 3829 5485 partim

2222 5472 2512 5546 omisisse,
2554 5472 2773 5546 partim
2812 5472 2873 5528 in
2924 5473 3352 5545 compendium
3400 5472 3714 5546 redegisse
3765 5476 3834 5532 in

2221 5560 2331 5619 sua
2354 5544 2560 5619 Latina
2580 5544 2968 5619 versique_.__ln
2997 5546 3516 5619 m_eo_apographo
3544 5544 3832 5604 codicum

2221 5616 2671 5693 Mosquensium
2724 5615 2940 5693 si_milia
2990 5616 3069 5693 ad
3131 5615 3218 5693 h.’
3246 5615 3306 5672 l.’
3333 5615 3630 5689 leguntur,
3690 5634 3832 5693 quae

2218 5686 2396 5745 etiam
2433 5686 2661 5744 ibidem
2690 5702 2728 5745 a
2760 5689 2977 5746 Severo
2999 5687 3241 5746 brevius
3268 5686 3643 5765 repetuntur.
