4128 6378
135 371 225 428 969
1205 353 1568 416 COMMENT.
1612 353 1682 408 IN
1705 332 1762 408 ἰ

1868 353 1985 408 AM.
2025 387 2091 396 -.
2123 355 2277 412 CAP.
2324 357 2422 413 x1.
3373 317 3491 414 ὀπο

137 498 296 567 λόγων.
356 490 433 544 Ού
501 491 602 562 γὰρ
674 491 954 562 τρυφὴσων
1020 483 1195 556 ἦλθον,
1277 484 1405 537 ἀλλὰ
1491 476 1767 542 διδάξων.

1867 496 2110 538 neorum
2123 483 2471 540 auscultatio
2488 499 2852 542 sermonum.
2866 487 3068 558 Neque
3081 483 3263 555 enim,
3278 490 3339 541 ut
3353 502 3497 560 epu-

142 591 276 656 ὺμᾶς.
1837 568 1938 639 ler,
1963 571 2113 636 veni,
2148 571 2253 628 sed
2285 578 2348 628 ut
2372 589 2475 629 vos
2513 574 2788 631 doceam.

203 677 370 746 Μαρία
447 701 507 708 -
553 669 736 730 αὐτῆς.
794 669 892 718 Δύο
950 661 1160 738 μερίδες
1216 663 1471 722 πολιτείας
1531 659 1728 712 ἐπαινε-

1910 660 2068 715 Vers.
2119 664 2208 716 42.
2259 663 2447 719 Μανία
2479 681 2650 719 -—ea.
2689 667 2826 720 Duae
2855 668 3054 737 partes
3097 663 3496 722 conversatio-

149 769 238 827 ται,
297 762 325 818 ἡ
379 762 468 832 μὲν
518 761 803 831 πρακτικὴ,
856 757 886 813 ἡ
950 752 1008 806 δέ
1069 757 1380 827 θεωρητική,
1421 754 1628 809 Ταύτας
1675 749 1727 798 αἱ

1863 748 1933 804 lis
1956 749 2289 806 laudabiles
2308 758 2461 818 sunt,
2488 769 2706 825 nempe
2733 755 2998 827 practica
3015 754 3137 811 sive
3165 753 3493 828 operativa,

150 850 232 904 δύο
272 850 421 902 αὗται
472 845 742 900 διείλοντο.
786 847 979 919 Μάρθα
1029 847 1141 915 μὲν,
1191 848 1284 900 τὴν
1337 845 1652 915 πρακτικὴν,
1681 836 1729 889 ἓν

1868 844 1896 893 ιι
1925 839 2186 896 theorica
2216 840 2338 896 sive
2357 843 2857 915 contemplativa;
2899 843 3013 900 has
3068 843 3204 900 duae
3261 859 3498 900 sorores

150 951 209 1011 τῷ
254 937 609 992 διακονεῖσθαι
657 941 773 1008 περὶ
826 939 919 991 τὴν
971 937 1273 1005 σωματικὴν
1325 933 1596 1002 θεραπείαν
1640 934 1732 978 τού

1871 931 1970 983 stas
1992 927 2329 998 elegerant:
2378 931 2606 986 Martha
2626 931 2873 1003 quidem
2923 933 3304 1004 operativam,
3333 932 3501 988 mini-

152 1035 342 1103 Κυρίονο
397 1031 573 1099 Μαρία
626 1022 704 1090 δὲ,
752 1029 845 1082 τὴν
897 1025 1238 1095 θεωρητικὴν,
1300 1020 1346 1072 ἐν
1398 1029 1469 1090 τῷ
1526 1017 1732 1069 ἀκούειν

1877 1017 2089 1073 trando
2112 1019 2268 1074 circa
2291 1019 2600 1092 corporale
2626 1021 2856 1076 Domini
2881 1020 3239 1094 obsequium
3269 1037 3282 1088 ;
3320 1020 3502 1078 Maria

151 1131 234 1172 τῶν
257 1119 414 1189 λογων
458 1117 641 1170 αὐτοῦ.
677 1119 778 1168 Καὶ
829 1113 937 1165 ἐπεὶ
983 1110 1202 1172 διπλοῦς
1247 1107 1363 1169 ἧνὸ
1416 1111 1658 1181 Χριστὸς,
1701 1107 1730 1164 ἡ

1869 1122 1986 1162 vero
2010 1109 2561 1180 contemplativam,
2609 1109 2912 1165 audiendo
2964 1126 3272 1166 sermones
3319 1109 3499 1166 illius.

150 1213 226 1280 μεν
264 1206 477 1258 ἀνέπαυε
525 1209 582 1256 τὸ
637 1206 888 1275 ὁρώμενον
945 1201 1124 1253 αὐτοῦ·
1187 1202 1215 1257 ἡ
1280 1195 1338 1250 δε
1386 1195 1622 1250 ἐδούλευε
1665 1202 1737 1264 τῷ

1871 1199 1914 1252 Et
1947 1212 2090 1269 quia
2109 1197 2426 1270 bipartitus
2457 1205 2583 1256 erat
2610 1199 2896 1269 Christus,
2924 1200 3022 1256 illa
3062 1201 3303 1274 quidem
3351 1200 3501 1257 refo-

153 1298 330 1370 ἁοροίτῳ
377 1296 559 1346 αὐτοῦ·
616 1294 772 1354 αὐτὸς
805 1289 885 1359 δὲ,
930 1300 1022 1352 τῆς
1081 1294 1169 1362 μεν
1212 1295 1304 1346 τὴν
1336 1290 1631 1361 προθυμίαν
1679 1283 1736 1336 ού

1876 1285 2089 1342 :illabat
2130 1294 2360 1358 partem
2387 1289 2517 1358 ejus
2544 1288 2860 1354 visibilem,
2885 1289 3010 1345 haec
3046 1296 3243 1346 autem
3271 1287 3506 1347 colebat

155 1385 362 1445 διέϐαλε,
414 1393 505 1444 τῆς
566 1380 624 1436 δε
685 1388 778 1439 τὴν
831 1386 1135 1455 προαίρεσιν
1192 1379 1425 1450 ἐπῄνεσε.
1492 1383 1600 1437 Τῆς
1650 1377 1738 1446 μεν

1876 1381 2079 1431 iartem
2101 1376 2229 1445 ejus
2255 1375 2615 1432 invisibilem
2649 1395 2662 1432 :
2710 1377 2837 1449 ipse
2871 1394 3012 1434 vero
3059 1378 3214 1434 illius
3257 1378 3506 1451 quidem

151 1481 238 1548 γὰρ
283 1479 336 1527 τὸ
404 1478 572 1548 ἔργον,
631 1477 1065 1545 χρησιμώτατον·
1128 1477 1224 1530 τῆς
1292 1464 1350 1520 δὲ
1415 1467 1527 1539 (90)
1599 1463 1742 1535 ὑψη-

1879 1465 2381 1537 ιτοωρῐὶιυόὶηοῐη
2411 1482 2530 1522 non
2560 1467 3126 1539 vituperavit,hujus
3159 1473 3357 1524 autem
3390 1467 3509 1523 ele-

154 1566 355 1632 λότερον.
1851 1555 2745 1629 ctionemlaudavit.Siquidem
2771 1555 2927 1613 illius
2960 1573 3116 1629 opus
3170 1556 3311 1613 utile
3355 1561 3509 1614 certe

1854 1642 2187 1699 admodum
2215 1648 2359 1710 erat,
2392 1644 2572 1715 hujus
2599 1650 2800 1700 tamen
2855 1645 3193 1702 sublimius.

216 1748 274 1794 Σύ
313 1738 390 1809 δὲ,
447 1741 508 1798 ἣν
561 1739 757 1812 βούλει,
808 1743 1065 1811 μίμησαι,
1098 1737 1158 1795 ἠν
1202 1738 1446 1810 θεράπευε
1485 1738 1541 1786 τὸ
1593 1744 1744 1807 σῶμα

1925 1734 2009 1787 Tu
2029 1747 2193 1802 ergo,
2225 1748 2396 1804 quam
2429 1732 2678 1789 volueris
2711 1733 2964 1802 imitare,
2989 1741 3092 1790 aut
3127 1750 3334 1791 curam
3356 1733 3511 1791 habe

153 1840 232 1883 τοῦ
272 1837 487 1906 Κυρίου,
530 1829 662 1900 λέγω
709 1826 800 1890 δη,
850 1832 968 1888 τούς
1021 1830 1288 1897 πτωχούς.
1322 1825 1430 1897 Ἐφ’
1463 1827 1582 1877 ὅσον
1623 1827 1742 1896 γὰρ,
1781 1835 1783 1841 “

1885 1822 2118 1893 orporis
2147 1821 2404 1887 Domiui,
2432 1821 2567 1878 dico
2598 1838 2740 1878 sane
2769 1839 3107 1895 pauperum
3125 1826 3296 1880 .Nam
3317 1829 3515 1895 quate-

160 1926 321 1992 φησὶν,
413 1919 698 1977 ἐποιήσατε
782 1917 854 1969 ἐνὶ
939 1919 1133 1968 τούτων
1227 1923 1324 1966 τῶν
1433 1913 1744 1986 ἐλαχίστων,

1885 1927 1987 1978 ius,
2030 1911 2242 1983 inquit,
2267 1911 2374 1967 uni
2424 1912 2495 1968 de
2559 1911 2646 1968 his
2675 1912 2929 1968 minimis
2974 1913 3217 1980 fecistis,
3274 1920 3325 1968 et
3369 1911 3515 1968 mihi

158 2009 258 2080 ἐμοὶ
307 2009 611 2068 ἐποιήσατε.
674 2009 703 2065 ἦ
759 2005 994 2078 ἀσχολου
1041 2010 1157 2077 περὶ
1203 2009 1296 2062 την
1349 2002 1600 2077 ἀκροασιν
1649 2012 1748 2054 τῶν

1884 2000 2072 2056 ἱεσίδίίε
2140 2001 2207 2052 ⁷⁷.
2262 2002 2376 2055 Aut
2439 2015 2734 2073 occupare
2806 2001 2962 2056 circa
3017 2001 3514 2057 auscultationem

156 2099 300 2169 λόγων
333 2098 516 2162 αὐτοῦ,
550 2101 668 2171 περὶ
698 2100 786 2154 τὴν
833 2098 1049 2168 θεωρίαν
1098 2102 1198 2145 τῶν
1243 2091 1520 2165 δογμάτων
1566 2093 1748 2144 αὐτού·

1893 2104 2210 2144 ermonum
2239 2089 2443 2160 ipsius,
2477 2089 2631 2146 circa
2668 2088 3230 2162 contemplationem
3270 2089 3519 2160 dogma-

159 2188 183 2244 ἦ
233 2193 314 2239 καὶ
367 2187 638 2260 ἀμφότερα
695 2189 974 2260 μετέρχου,
1036 2187 1171 2235 κατὰ
1221 2187 1339 2243 τούς
1396 2188 1753 2255 προσήκοντας

1890 2196 1990 2235 um
2028 2179 2204 2234 illius.
2235 2181 2350 2234 Aut
2386 2181 2567 2236 etiam
2612 2181 2935 2251 utrumque
2981 2195 3190 2235 exerce
3239 2179 3520 2250 congruis

159 2281 326 2352 καιρού
337 2298 373 2338 ς.

1866 2267 2257 2340 temporibus.

219 2372 315 2424 Τὴν
370 2367 579 2439 ἀγαθὴν
638 2361 697 2418 δὲ
749 2360 944 2436 μερίδα
1001 2359 1156 2426 εἶπεν,
1206 2363 1311 2433 ούχ
1351 2365 1418 2423 ὡς
1452 2369 1549 2423 τῆς
1596 2361 1756 2423 ἄλλης

1934 2360 2158 2414 Bonam
2186 2373 2323 2414 vero
2354 2362 2587 2429 partem
2625 2358 2788 2423 dixit,
2830 2374 2952 2414 non
2984 2357 3524 2431 quodalteramala

163 2463 370 2529 πονηρᾶς
445 2459 634 2518 οὔσης,
715 2452 819 2504 ἀλλ’
895 2452 1092 2523 ἀγαθὴν
1159 2451 1376 2503 ἐνταυθα
1433 2456 1524 2510 τὴν
1585 2456 1756 2524 κρείτ-

1891 2449 1940 2504 it
1967 2471 1978 2504 :
2014 2448 2118 2504 sed
2142 2449 2361 2503 bonam
2387 2447 2484 2502 hic
2510 2447 2834 2519 appellavit
2863 2464 2997 2503 eam
3023 2465 3155 2521 quae
3190 2448 3396 2504 melior
3413 2451 3521 2504 est.

162 2566 269 2598 τονα
321 2547 609 2618 ὠνόμασεν.
677 2539 985 2614 Ἐνδέχεται
1048 2544 1149 2614 γὰρ
1210 2537 1305 2594 δύο
1367 2542 1532 2593 καλῶν
1593 2546 1650 2593 τὸ
1709 2541 1756 2594 ἓν

1895 2539 2062 2594 ’otest
2086 2537 2244 2593 enim
2275 2537 2424 2604 fieri,
2453 2542 2516 2592 ut
2544 2539 2795 2596 duorum
2828 2537 3131 2594 bonorum
3160 2554 3346 2592 unum
3383 2535 3525 2593 alte-

165 2632 272 2686 εἰναι
323 2635 559 2688 κάλλιον.
600 2632 767 2685 Καλὸν
826 2635 914 2704 μὲν
955 2634 1056 2704 γὰρ
1109 2635 1164 2682 τὸ
1219 2630 1508 2702 φιλοξενεῐν·
1551 2631 1757 2682 κάλλιον

1893 2643 1934 2683 ’0
1948 2625 2162 2682 melius
2184 2627 2279 2681 sit.
2300 2625 2532 2681 Bonum
2548 2625 2847 2700 siquidem
2870 2633 2974 2693 est,
2996 2627 3352 2698 hospitalem
3368 2641 3523 2692 esse,

167 2721 215 2776 δὲ
245 2729 297 2776 τὸ
337 2719 678 2798 παρεδρεύειν
713 2727 849 2791 Θεῷ.
894 2723 963 2773 Τὸ
994 2724 1083 2792 μὲν
1114 2723 1215 2793 ’γὰρ
1259 2739 1572 2792 σωματικον·
1610 2725 1665 2772 τὸ
1700 2716 1758 2771 δὲ

1897 2732 2078 2771 ’01⁸11111
2102 2715 2312 2770 melius
2327 2721 2432 2780 est,
2453 2717 2570 2770 Deo
2586 2717 2846 2772 assidere
2873 2733 2885 2772 :
2907 2715 3054 2772 illud
3067 2716 3227 2773 enim
3249 2731 3527 2789 corpora-

173 2819 524 2886 πνευματικόν.

1868 2805 1921 2861 le
1952 2809 2058 2870 est,
2091 2804 2205 2860 hoc
2247 2812 2449 2860 autem
2512 2804 2847 2876 spirituale.

546 2906 690 2954 ΚΕΦ.
720 2897 850 2954 Atl'.
888 2904 1009 2972 Περὶ
1036 2907 1362 2972 προσευχῆς.

2225 2894 2375 2949 CAP.
2441 2895 2710 2950 XXXVIII.
2757 2896 2840 2952 De
2883 2896 3167 2952 oratione.

230 2999 321 3045 Καὶ
376 2992 577 3064 ἐγένετο
634 3021 698 3031 -
751 2989 932 3041 αὐτοῦ.
985 2989 1149 3050 Οὗτος
1201 2990 1225 3039 ὁ
1277 2991 1517 3061 μαθητὴς
1572 2987 1625 3040 ἐκ
1662 2997 1759 3040 τῶν

1943 2984 2101 3042 CAP.
2129 2985 2213 3038 XI.
2245 2982 2406 3038 Vers.
2443 2988 2486 3038 I.
2519 2983 2751 3039 Accidit
2777 2992 2964 3040 autem
2989 3000 3227 3041 ——suos.
3258 2981 3529 3071 Discipu-

171 3078 516 3154 ἐϐδομήκοντα
567 3076 647 3138 ἦν.
709 3083 838 3140 Τούς
889 3083 990 3150 ’γὰρ
1041 3074 1252 3130 δώδεκα
1304 3075 1543 3140 ἐδίδαξεν
1598 3077 1644 3129 ἐν
1689 3086 1759 3148 τῷ

1895 3091 1962 3130 us
1986 3073 2082 3129 hic
2111 3079 2236 3129 erat
2265 3089 2338 3128 ex
2369 3072 2770 3144 septuaginta.
2796 3076 2942 3129 Nam
2966 3074 3285 3130 duodecim
3307 3073 3524 3131 docue-

171 3175 362 3244 πέμπτῳ
390 3170 658 3243 κεφαλαίῳ
689 3177 779 3220 τού
824 3171 958 3219 κατὰ
1002 3170 1288 3222 Ματθαῖον.
1341 3165 1486 3221 Ἰδὼν
1529 3171 1630 3243 γὰρ
1676 3172 1801 3242 τὸν(

1904 3169 1962 3219 at
1991 3162 2200 3235 quinto
2225 3162 2418 3234 capite
2437 3161 2738 3232 Evangelii
2760 3162 2932 3232 juxta
2970 3163 3330 3219 Matthzeum.
3380 3165 3530 3219 Cum

172 3255 479 3313 διδάσκαλον
513 3263 697 3316 καινὴν
727 3258 989 3310 πολιτείαν
1012 3261 1102 3313 καὶ
1130 3261 1244 3329 (91)
1269 3264 1644 3332 μετερχόμενον
1673 3264 1764 3310 καὶ

1900 3254 2096 3309 'ideret
2125 3253 2284 3307 enim
2312 3259 2739 3323 praeceptorem
2771 3268 2996 3308 novum
3038 3255 3171 3308 vitae
3199 3253 3530 3309 institutum

171 3349 539 3423 ὑποτιθέμενον,
608 3347 837 3411 ἐζήτησε
912 3351 996 3398 καὶ
1069 3352 1252 3405 καινὴν
1311 3353 1636 3420 προσευχὴν,
1699 3357 1759 3420 τῇ

1901 3348 1932 3397 ιι
1957 3358 2230 3398 exercere
2252 3341 2670 3397 etadmonere:
2699 3358 2917 3397 novam
2941 3359 3178 3414 quoque
3197 3343 3531 3399 orationem

175 3443 381 3511 πολιτείᾳ
409 3437 761 3495 κατάλληλον.
801 3435 858 3489 '0
909 3433 987 3501 δε,
1023 3437 1082 3494 ἦν
1132 3433 1348 3499 ἐδίδαξε
1378 3441 1499 3499 τούς
1530 3433 1761 3504 δώδεκα,

1903 3432 2167 3504 [uaasivit,
2273 3431 2402 3486 vita
2479 3431 2676 3486 studio
2751 3431 3226 3488 convenientem.
3302 3433 3372 3487 At
3437 3431 3533 3487 ille

171 3530 344 3585 ταύτην
374 3533 463 3581 καὶ
501 3534 589 3578 νῦν
629 3527 909 3578 ἐκτίθεται.

1903 3536 2062 3593 luam
2088 3522 2252 3593 ipsos
2275 3520 2594 3576 duodecim
2629 3520 2934 3586 docuerat,
2967 3520 3123 3577 hanc
3151 3518 3327 3577 etiam
3376 3537 3533 3577 nunc

1878 3610 2144 3682 exponit.

235 3703 350 3759 Εἶπε
410 3738 478 3748 -
549 3713 798 3778 πονηροῦ.
885 3704 1315 3778 Ἠρμηνεύθησαν
1379 3714 1544 3757 ταῦτα
1601 3707 1770 3758 πάντα

1951 3702 2114 3756 Vers.
2148 3706 2199 3756 2.
2233 3702 2332 3757 Ait
2371 3732 2440 3742 —-
2466 3701 2636 3756 Vers.
2661 3703 2713 3755 4.
2763 3702 2939 3758 malo.
2989 3702 3214 3757 Horum
3262 3702 3536 3758 omnium

176 3799 292 3846 κατὰ
335 3801 393 3848 τὸ
451 3797 614 3871 ῥητὸν
667 3795 715 3847 εν
764 3803 835 3866 τῷ
877 3791 1162 3851 δηλωθέντι
1219 3797 1435 3866 πέμπτῳ
1489 3797 1763 3866 κεφαλαίῳ-

1906 3790 1956 3846 td
1984 3790 2231 3846 verbum
2262 3791 2404 3846 data
2443 3797 2533 3846 est
2564 3792 2962 3863 interpretatio
2986 3791 3273 3863 praedicto
3325 3791 3536 3864 quinto

177 3882 225 3933 Εἰ
294 3881 350 3938 δὲ
407 3892 505 3938 καὶ
566 3885 720 3947 λέξεις
794 3888 922 3944 τινες
1007 3882 1228 3935 ἐνταῦθα
1297 3884 1767 3958 παραλλάττουσιν,

1908 3881 2095 3952 :apite.
2120 3881 2290 3945 Quod
2313 3882 2360 3935 si
2378 3880 2962 3951 dictionesquaadam
2984 3880 3080 3936 hic
3103 3887 3538 3951 permutantur,

177 3969 268 4023 ἀλλ’
295 3970 380 4026 οὖν
419 3980 521 4033 τὴν
562 3974 724 4032 αὐτὴν
768 3978 858 4025 καὶ
907 3973 1061 4024 αὗται
1114 3978 1384 4044 σημασίαν
1429 3973 1768 4045 φυλάττουσι,

1911 3970 2162 4026 :amdem
2190 3976 2392 4025 tamen
2423 3974 2478 4023 et
2508 3968 2627 4023 ἰδίω
2671 3975 2912 4024 servant
2941 3969 3458 4038 signiﬁcationem,
3484 3975 3541 4026 et

176 4068 250 4113 ui
276 4063 341 4126 εἰς
388 4070 488 4122 τὴν
531 4065 713 4136 ὁμοίαν
760 4063 1030 4136 ἑρμηνείαν
1083 4064 1416 4134 συνάγονται.
1451 4059 1673 4125 Διδαξας
1715 4061 1772 4116 δὲ

1909 4076 1945 4115 n
1967 4059 2221 4115 similem
2244 4057 3188 4130 conveniuntinterpretationem.
3223 4057 3539 4131 Postquam

177 4155 582 4226 προσεύχεσθαι,
616 4150 787 4215 δεῖξαι
820 4151 1082 4225 βούλεται,
1122 4158 1210 4204 καὶ
1250 4154 1329 4204 ὅτι
1361 4154 1389 4210 η
1436 4151 1647 4224 ἐπιμονὴ
1681 4159 1775 4213 τῆς

1912 4155 2084 4205 tutem
2113 4165 2280 4204 orare
2302 4149 2520 4212 docuit,
2555 4147 2680 4202 vult
2731 4148 3066 4212 ostendere,
3117 4143 3279 4220 quod
3326 4148 3542 4204 oratio-

177 4251 468 4313 προσευχῆς
527 4239 667 4293 ἀνύει
726 4245 781 4292 τὸ
846 4237 1296 4312 σπουδαζόμενον,
1368 4246 1456 4292 καὶ
1514 4246 1776 4314 κέχρηται

1915 4239 1978 4294 iis
2004 4239 2446 4310 perseverantia
2472 4237 2673 4292 tribuit
2700 4237 2780 4306 id,
2812 4236 2970 4309 quod
3011 4237 3148 4309 quis
3201 4233 3458 4308 expetit;
3489 4243 3545 4293 et

178 4329 428 4403 παραϐολῇ
495 4335 808 4404 παριστὼση
859 4337 1030 4382 τοῦτο.
1091 4335 1485 4404 Περιεργότερον
1534 4327 1591 4383 δε
1641 4330 1772 4388 αὕτη

1913 4327 2181 4384 ηπεώοίιι
2236 4343 2374 4382 usus
2423 4332 2531 4393 est,
2580 4343 2716 4398 quae
2768 4328 2883 4382 hoc
2946 4326 3335 4393 demonstret,
3404 4321 3543 4398 quae

182 4420 598 4490 συμπέπλασται,
633 4420 714 4472 ἶνα
744 4424 833 4472 καὶ
863 4421 939 4477 είη
974 4421 1317 4495 πιθανωτέρα.

1916 4418 2068 4474 ιιὶειω
2119 4417 2455 4472 accuratius
2500 4416 2758 4472 formata
2805 4422 2914 4480 est,
2957 4423 3018 4472 ut
3096 4415 3546 4488 persuasibilior

1889 4509 2198 4564 reddatur.

245 4601 339 4650 Καὶ
365 4595 475 4651 εἶπε
500 4628 570 4639 —
600 4596 763 4670 αὐτῷ.
788 4605 1029 4673 Χρῆσον,
1058 4601 1195 4664 ἦτοι,
1227 4593 1468 4652 δάνεισον
1498 4598 1634 4670 (92).
1805 4555 1854 4614 D

1923 4555 2327 4654 Et
2368 4595 2526 4652 dixit
2587 4628 2652 4638 —
2701 4596 2868 4652 Vers.
2925 4603 2978 4652 6.
3035 4597 3153 4652 illi.
3212 4596 3547 4654 Commoda

1893 4705 2002 4745 seu
2033 4692 2244 4743 mutuo
2283 4686 2384 4742 da.

247 4775 489 4840 Κάκεῖνος
560 4808 632 4820 -
706 4797 814 4834 σοι.
887 4781 1022 4831 Φασί
1098 4797 1232 4840 τινες
1303 4777 1638 4851 ἁναγωγικῶς
1704 4782 1782 4832 ὅτι

1962 4778 2124 4834 Vers.
2150 4778 2204 4834 7.
2237 4777 2312 4832 Et
2339 4776 2444 4833 itte
2473 4807 2534 4816 -—
2556 4774 2680 4830 tibi.
2711 4775 2921 4832 Dicunt
2943 4775 3194 4848 quidam
3248 4793 3352 4849 per
3411 4778 3551 4834 ami-

184 4873 358 4918 νοεῖται
414 4866 561 4940 φΰ.ος
627 4869 717 4940 μεν
787 4868 812 4918 ὀ
867 4865 1224 4942 φιλάνθρωπος
1284 4873 1412 4930 Θεὸς
1445 4886 1456 4897 °
1510 4871 1782 4941 πορεύεται

1918 4885 2033 4925 :um
2047 4868 2374 4939 anagogice
2401 4870 2584 4924 Deum
2599 4865 2841 4936 intelligi
2856 4868 3172 4922 hominum
3189 4873 3523 4924 amatorem
3536 4909 3548 4923 .

188 4947 239 5004 δε
285 4959 409 5029 πρὸς
464 4957 618 5008 αὑτὸν
671 4961 1014 5029 μεσονυκτίου
1061 4961 1152 5009 καὶ
1200 4957 1337 5010 αἰτεῖ
1389 4966 1523 5030 τρεῖς
1569 4960 1781 5031 οἰρτους,

1924 4958 2065 5014 Vadit
2089 4965 2291 5013 autem
2323 4956 2401 5012 ad
2430 4957 2630 5028 ipsum
2673 4956 2872 5012 media
2929 4961 3100 5012 nocte
3141 4962 3196 5012 et
3245 4956 3388 5026 petit
3435 4961 3554 5012 tres

187 5042 209 5090 ό
243 5049 380 5118 παρὰ
406 5049 496 5099 τὸν
526 5051 860 5122 προσήκοντα
903 5050 1084 5122 καιρὸν
1124 5047 1280 5100 αἰτῶν
1311 5055 1448 5120 τρεῖς
1503 5047 1782 5120 Θεολογίας,

1924 5063 2107 5114 ιεωεε,
2139 5045 2245 5119 qui
2267 5044 2644 5102 convenienti
2661 5054 2928 5117 tempore
2964 5047 3108 5116 petit
3147 5046 3430 5118 triplicem
3466 5045 3554 5100 di-

189 5134 373 5210 Πατρός
413 5140 508 5189 καὶ
551 5137 676 5188 Υίοῦ
726 5141 816 5189 καὶ
865 5135 1015 5210 ἁγίοῡ
1070 5139 1384 5211 Πνεύματος,
1445 5139 1530 5190 ἱνα
1573 5140 1783 5214 παραθῇ

1929 5139 2111 5194 νὶιιιιω
2139 5150 2492 5204 sermonem,
2523 5135 2718 5192 Patris
2745 5135 3018 5194 videlicet
3051 5141 3107 5192 et
3131 5133 3254 5192 Filii
3278 5151 3351 5194 ac
3383 5134 3559 5210 Spiri-

250 5286 296 5322 ⁷⁷
327 5287 533 5345 Matth.
565 5303 691 5357 xxv,
725 5291 813 5344 40.

1395 5391 1631 5460 .Variaa
1671 5390 2001 5460 lectiones
2041 5403 2106 5460 et
2134 5401 2320 5460 notae

253 5553 366 5638 (eo)
402 5564 518 5638 ira;
547 5555 605 5638 6“;
634 5562 693 5638 rei
721 5559 783 5638 Β.
1905 5568 2032 5618 tum
2056 5562 2314 5634 junctim
2340 5561 2568 5619 addidit
2618 5577 2662 5627 a
2700 5561 2916 5635 quinto
2941 5561 3021 5621 ad
3065 5563 3394 5638 septimum
3435 5579 3568 5622 ver-

257 5631 365 5696 (91)
401 5635 507 5684 Καὶ
532 5631 701 5688 abest
727 5634 794 5687 A.
1910 5631 2065 5691 sum.

257 5632 334 5696 (9t
401 5635 507 5684 Καὶ
532 5631 701 5688 abest
727 5634 794 5687 A.

251 5629 365 5776 (92;
390 5704 532 5760 Hac
559 5703 672 5761 tria
699 5701 1000 5761 vocabula
1016 5703 1218 5762 omisit
1232 5703 1561 5764 Hentenius
1575 5708 1634 5764 et
1663 5708 1792 5764 tex-

477 5800 696 5859 ΡΑτιιοι.
734 5802 837 5859 Ga.
881 5802 1127 5860 CXXIX.
3111 5807 3178 5865 31
