4074 6382
581 310 682 374 971

1937 304 2285 366 EUTHYMII
2335 303 2675 371 ZIGABENI

3835 324 3928 383 972

579 450 674 500 tus
706 440 920 506 sancti,
947 447 1010 496 ut
1036 442 1307 514 apponat
1336 437 1532 495 amico
1577 438 1677 510 qui
1712 437 1791 495 ad
1847 453 1908 492 se
1961 437 2122 492 venit
2165 436 2240 492 de

2352 437 2513 499 αὑτὰς
2555 439 2682 511 φίλῳ
2729 442 3127 513 παραγενομένῳ
3174 440 3310 512 πρὸς
3353 439 3506 494 αὐτὸν
3550 441 3604 495 ἐκ
3647 453 3733 497 τοῦ
3785 447 3928 504 ἀστά-

579 529 867 588 instabilii
897 546 968 586 ac
985 528 1337 586 conculcata
1359 527 1477 594 via,
1523 533 1579 583 et
1612 526 1965 600 hujusmodi
2021 525 2244 596 indiget

581 620 738 677 cibo.
783 619 1076 675 Cmterum
1127 616 1281 673 Deus'
1327 617 1508 684 intus,
1554 616 1676 672 sive
1733 613 2106 671 invisibiliter
2157 629 2244 669 re-

582 708 855 781 spondet,
886 706 1013 764 Noli
1044 706 1191 762 mihi
1216 705 1490 761 molestus
1514 720 1646 761 esse
1674 721 1686 760 :
1708 705 1838 776 jam
1861 705 2073 760 ostium
2096 702 2244 758 divi-

583 797 646 854 ni
677 797 970 854 sermonis
990 795 1265 852 clausum
1293 799 1402 861 est,
1436 794 1707 852 nondum
1739 800 1972 866 tempus
1999 798 2085 849 est
2134 792 2242 847 hu-

579 886 848 960 jusmodi
877 886 1106 958 gratim.

657 1068 724 1122 Et
778 1069 992 1122 caetera
1043 1064 1222 1121 etiam
1275 1081 1407 1138 quae
1457 1063 1516 1120 in
1558 1062 1852 1136 parabola
1885 1065 2238 1135 sequuntur,

566 1156 939 1213 'conatisunt
963 1154 1206 1228 quidam
1234 1154 1351 1210 huc
1373 1154 1659 1211 reducere
1687 1153 1815 1227 (zz),
1874 1169 1983 1208 nec
2035 1158 2239 1223 potue-

578 1250 715 1302 runt
741 1260 850 1301 suo
864 1249 1069 1317 aptare
1087 1243 1397 1317 proposito
1417 1260 1430 1310 ;
1448 1243 1667 1299 idcirco
1693 1243 1909 1299 horum
1923 1255 2238 1312 anagogen

582 1337 872 1407 tanquam
902 1333 1100 1390 minus
1156 1332 1629 1398 convenientem,
1682 1330 1957 1404 praeterii,
2005 1329 2237 1394 videns,

578 1423 748 1497 quod
775 1423 854 1480 ad
883 1422 1222 1496 emphasim
1249 1423 1586 1495 composita
1609 1423 1751 1488 sint,
1788 1428 1846 1477 ut
1869 1419 2240 1476 rationabilis

563 1511 857 1568 ‘videatur
872 1511 1157 1584 repulsio.
1185 1514 1352 1568 l’ater
1372 1527 1656 1584 namque,
1679 1511 1782 1583 qui
1807 1526 1941 1565 cum
1959 1509 2095 1565 ﬁliis
2119 1508 2242 1563 suis

582 1601 820 1667 dormit,
853 1600 1276 1658 rationabiliter
1289 1599 1956 1672 recusatintempestive
1977 1613 2239 1670 surgere,

581 1706 658 1747 ne
684 1690 816 1747 illos
843 1690 1301 1762 e'xpergefaciat.
1323 1696 1576 1762 Apparet
1597 1695 1797 1746 autem
1820 1688 1956 1744 mihi
1974 1695 2090 1745 tota
2111 1687 2241 1742 haec

581 1781 890 1854 proposita
917 1779 1208 1852 parabola
1238 1779 1382 1835 nihil
1433 1779 1596 1834 aliud
1641 1779 2074 1844 demonstrare,
2129 1777 2241 1832 nisi

564 1866 928 1944 petitionem
959 1885 1089 1924 esse
1121 1871 1380 1925 maxime
1421 1869 1824 1925 necessariam
1855 1874 1910 1924 et
1958 1866 2242 1939 repulsio-

580 1975 719 2016 nem
752 1975 882 2015 esse
903 1959 1313 2030 justissimam,
1351 1966 1410 2014 ut
1455 1959 1728 2014 videatur
1761 1962 2000 2030 propter
2049 1972 2243 2028 perse—

578 2050 909 2105 verantiam
937 2048 1249 2104 exauditus
1274 2065 1404 2106 esse
1430 2048 1500 2116 is,
1529 2064 1634 2120 qui
1651 2047 1814 2120 petit,
1849 2052 1908 2103 et
1935 2047 2244 2120 persuasi-

565 2132 721 2194 ‘bilis
750 2138 856 2193 fiat
886 2138 960 2192 ad
970 2137 1239 2193 monitio.

657 2229 814 2282 Vers.
841 2230 892 2282 8.
920 2226 1045 2282 Dico
1071 2257 1141 2267 —
1170 2242 1313 2297 opus
1332 2227 1533 2296 fuerit.
1565 2225 1686 2282 Hoc
1736 2230 1843 2290 est,
1891 2223 2062 2295 cujus
2112 2238 2243 2294 gra-

582 2315 666 2372 tia
681 2314 811 2370 haec
823 2313 1110 2388 parabola
1121 2317 1276 2371 facta
1290 2320 1395 2371 est.
1416 2314 1865 2386 lmprobitatem
1883 2319 2075 2370 tamen
2086 2355 2099 2379 ,
2117 2312 2242 2368 sive

581 2405 1042 2477 impudentiam,
1072 2410 1244 2462 vocat
1291 2404 1704 2461 assiduitatem
1741 2420 1812 2460 ac
1859 2418 2246 2475 perseveran-

566 2495 731 2552 tiam
757 2493 1057 2566 pettionis.

656 2583 818 2638 Vers.
847 2585 899 2638 9.
934 2583 1011 2638 Et
1036 2598 1173 2654 ergo
1203 2613 1272 2624 —-
1295 2582 1462 2638 Vers.
1493 2586 1582 2640 10.
1629 2583 1949 2652 aperietur.
2001 2584 2129 2638 Haec
2171 2582 2241 2638 si-

569 2671 803 2729 ‘militer
830 2671 974 2745 ipsis
1003 2689 1238 2745 quoque
1268 2672 1588 2729 duodecim
1619 2671 1920 2745 praecepit,
1948 2671 2238 2744 quemad-

587 2761 841 2818 modum
886 2762 1122 2833 scripsit
1175 2762 1480 2819 Matthmus
1522 2762 1734 2834 quinto
1795 2761 2112 2834 capite:et
2159 2760 2239 2815 ibi

587 2866 788 2925 quare
817 2851 1257 2908 enarrationem
1288 2853 1514 2923 optime
1547 2852 1845 2909 traditam.

657 2943 815 2996 Vers.
849 2941 938 2997 11.
983 2941 1124 3009 Quis
1154 2972 1207 2980 —
1255 2943 1411 2997 Vers.
1444 2942 1854 3012 i2.scorpium
1878 2941 1906 2996 ?
1933 2940 2017 2996 lbi
2059 2939 2240 2996 etiam

585 3031 660 3088 de
684 3030 777 3087 his
803 3034 1238 3103 consequenter
1267 3031 1550 3086 invenies.

653 3121 819 3178 Vers.
853 3121 940 3213 ili.
972 3120 1042 3213 ._S'i
1075 3135 1205 3191 ergo
1237 3135 1386 3213 —_se
1422 3120 1450 3176 ‘I
1471 3120 1748 3177 Similiter
1765 3119 2030 3213 etdehis,
2054 3117 2241 3213 Malos
2273 3156 2313 3213 Ο

584 3225 720 3268 vero
741 3225 843 3266 eos
881 3209 1042 3274 dixit,
1072 3224 1192 3265 non
1221 3208 1418 3265 solum
1448 3215 1688 3282 prOpter
1719 3225 1964 3266 causam
1986 3208 2068 3263 ibi
2126 3206 2242 3262 dic-

585 3305 730 3365 tam,
759 3298 865 3354 sed
889 3299 1069 3354 etiam
1099 3303 1340 3371 propter
1377 3298 1713 3355 humanam
1760 3305 2062 3364 naturam,
2114 3313 2244 3369 quae

584 3388 832 3446 malitia
865 3403 1049 3460 capax
1080 3392 1280 3443 creata
1326 3393 1432 3443 est.

753 3477 909 3532 CAP.
941 3475 1191 3531 XXXIX.
1221 3476 1306 3532 De
1333 3477 1503 3547 ejecto
1561 3476 1853 3533 daemonio
1903 3483 2080 3531 muto.

657 3566 820 3622 Vers.
869 3567 956 3621 14.
996 3566 1073 3620 Et
1101 3595 1172 3605 --
1199 3571 1451 3621 mutum.
1483 3568 1595 3620 Nec
1622 3565 1822 3638 ipsum
1865 3565 2241 3637 loquebatur,

587 3655 684 3712 vel
713 3655 1018 3718 audiebat,
1049 3670 1159 3710 nec
1187 3655 1497 3710 hominem
1527 3655 1753 3710 sinebat
1773 3655 1957 3726 loqui,
1976 3653 2064 3709 vel
2083 3653 2247 3708 audi-

587 3760 686 3803 re:
724 3758 837 3798 non
864 3758 935 3798 ex
970 3748 1204 3808 natura,
1248 3743 1354 3799 sed
1393 3759 1466 3799 ex
1517 3744 1763 3799 malitia.
1804 3743 1995 3816 Hujus
2047 3748 2242 3798 autem

589 3835 756 3907 apud
794 3832 1130 3889 Matthaeum
1170 3833 1330 3889 facta
1355 3839 1442 3888 est
1490 3833 1711 3888 mentio
1757 3833 1991 3889 decimo
2031 3837 2242 3889 octavo

587 3923 794 3996 capite,
829 3924 889 3978 in
915 3938 1036 3996 quo
1067 3922 1139 3978 de
1165 3923 1296 3994 ipso
1327 3923 1634 3979 manifeste
1664 3923 2036 3996 disputatum
2061 3926 2168 3978 est.

659 4013 912 4070 Vers.”.
945 4013 1196 4070 Factum
1227 4019 1312 4070 est
1341 4044 1410 4054 —
1441 4013 1651 4069 turbae.
1688 4013 1774 4070 Ibi
1808 4013 1977 4069 etiam
2023 4013 2098 4070 de
2151 4014 2242 4070 his

585 4105 814 4162 dictum
856 4108 963 4159 est.

575 4191 578 4194 ’
654 4194 818 4252 Vers.
850 4194 939 4250 15.
967 4193 1219 4260 Quidam
1274 4225 1342 4234 —
1371 4193 1682 4250 dmnonia.
1733 4193 2009 4251 Similiter
2063 4198 2119 4251 et
2166 4195 2241 4251 de

582 4284 701 4342 his.
733 4285 1010 4342 Pharisaei
1037 4290 1240 4341 autem
1275 4283 1391 4340 hoc
1434 4283 1731 4350 dixerunt,
1775 4283 1955 4340 veluti
2010 4285 2244 4358 scripsnt

582 4376 914 4433 Matthmus.

656 4465 825 4524 Vers.
858 4467 943 4523 16.
975 4465 1102 4521 Alii
1139 4496 1208 4505 —
1237 4465 1397 4521 calo.
1447 4465 1579 4520 Non
1627 4480 1785 4522 nunc
1828 4470 2084 4533 tantum,
2136 4467 2240 4522 sed

583 4555 923 4628 frequenter
948 4556 1062 4612 hoc
1081 4553 1363 4621 fecerunt,
1399 4554 1550 4610 sicut
1571 4555 1700 4611 aliis
1735 4556 1986 4612 Matthaai
2038 4555 2272 4628 capiti-'-

583 4645 699 4701 bus
722 4643 1120 4715 signiﬁcatum
1153 4649 1265 4702 est.

656 4735 864 4800 Quaere
895 4740 1094 4790 autem
1111 4733 1803 4806 potissimumtricesimo
1832 4735 2026 4806 primo
2045 4736 2237 4808 capite

582 4822 883 4894 Evangelii
923 4823 1069 4894 ejus,
1117 4824 1218 4878 ubi
1259 4823 1468 4878 dicitur
1498 4824 1670 4892 juxta
1711 4824 1894 4879 tinem
1939 4845 1950 4883 :
1993 4825 2237 4897 Cumque

577 4912 1248 4971 accessissentPharisaei
1259 4918 1312 4968 et
1324 4911 1630 4967 Sadducwi
1643 4914 2234 4984 tentantes,rogabant

580 5019 732 5070 eum,
760 5005 1073 5074 utsignum
1087 5001 1327 5075 aliquod
1346 5001 1418 5057 de
1428 5000 1565 5057 calo
1579 5001 2011 5060 demonstraret
2028 5002 2135 5059 sibi
2152 5005 2230 5060 ἠε

645 5182 698 5219 ’⁸⁸
774 5181 984 5241 Matth.
1013 5197 1132 5251 xvr,
1166 5185 1217 5238 1.

2353 547 2443 579 του
2497 533 2586 580 καὶ
2637 532 3137 600 καταπεπατημένον
3189 527 3334 600 βίον,
3401 535 3787 606 καῖ’χρῄζοντι
3833 559 3929 592 τοι-

2353 620 2512 678 αύτης
2569 627 2782 692 τροφῆς.
2859 623 2958 671 Καὶ
3011 618 3188 670 λοιπὸν
3247 620 3271 669 ὁ
3327 623 3450 680 Θεὸς
3502 623 3705 689 ἔσωθεν,
3768 630 3926 696 ἤγουν,

2355 705 2554 778 εζφανώς
2588 706 2941 781 ἀποκρίνεται,
2987 713 3069 765 Μὴ
3109 706 3309 779 ἐνόχλει
3338 726 3449 780 μοι·
3492 719 3638 763 τοῦτο
3667 719 3764 786 γὰρ
3795 711 3929 772 δηλοῖ

2353 799 2433 863 τὸ,
2461 802 2544 854 Μή
2577 817 2667 868 μοι
2700 803 2895 858 κόπους
2959 799 3179 870 πάρεχε·
3225 806 3310 847 ννν
3339 800 3368 855 η
3401 800 3531 873 θύρα
3559 807 3652 862 τῆς
3691 802 3930 875 θεολογίας

2353 883 2752 939 ἀποκέκλεισταί
2810 906 2912 957 σοι,
2970 889 3112 939 οὔπω
3166 891 3348 959 καιρὸν
3417 891 3594 959 ἔχοντι
3639 890 3930 954 τηλικαύτης

2351 977 2601 1048 χάριτος.

2427 1069 2528 1117 Καὶ
2573 1067 2637 1116 τὰ
2689 1064 2810 1127 ἑξῆς
2864 1061 2922 1116 δὲ
2972 1072 3064 1126 τῆς
3120 1063 3423 1138 παραϐολῆς
3470 1068 3806 1140 επεχείρησαν
3854 1074 3929 1132 μέν

2351 1173 2484 1214 τινες
2529 1152 2827 1226 ἀναγαγεῖν,
2882 1154 2974 1205 οὐκ
3020 1151 3359 1212 ἠδυνήθησαν
3411 1151 3469 1207 δὲ
3518 1163 3680 1209 ταῦτα
3728 1177 3931 1232 προσαρ-

2351 1247 2515 1315 μόσαι
2581 1251 2653 1313 τῷ
2715 1251 2892 1313 σκοπῷ
2948 1242 3131 1305 αὐτῆς.
3193 1247 3280 1296 Διὸ
3339 1253 3556 1317 παρῆκα
3619 1250 3709 1304 τὴν
3761 1249 3931 1298 τούτων

2353 1333 2648 1404 ἀναγωγὴν,
2702 1337 2771 1396 ὡς
2827 1337 3092 1404 περιττὴν,
3153 1342 3300 1398 νοῶν,
3357 1336 3437 1386 ὅτι
3495 1337 3828 1393 σννετέθησαν
3876 1336 3933 1396 ti;

2352 1424 2574 1492 ἔμφασιν
2633 1427 2786 1493 μόνον
2845 1421 3056 1493 εὐλόγου
3110 1427 3499 1496 παραιτήσεως.
3557 1422 3614 1474 Ὀ
3667 1425 3764 1496 γὰρ
3823 1425 3936 1494 μετὰ

2351 1518 2451 1562 τὼν
2499 1507 2702 1562 παίδων
2745 1509 2904 1562 αὐτοῦ
2953 1518 3269 1582 κοιμώμενος
3317 1516 3512 1586 πατὴρ,
3562 1511 3772 1581 εὐλόγως
3819 1531 3933 1586 παρ·

2353 1607 2574 1651 αιτεῐται
2625 1602 2770 1671 παρὰ
2821 1603 3002 1672 καιρὸν
3053 1598 3364 1666 ἀναστῆναι,
3424 1602 3506 1652 ἵνα
3559 1605 3629 1672 μὴ
3692 1599 3929 1673 ἀφνπνίση

2353 1688 2505 1743 αύτά.
2549 1693 2789 1740 Φαίνεται
2839 1685 2900 1740 δέ
2946 1708 3036 1761 μοι
3087 1695 3176 1740 καὶ
3231 1695 3380 1742 πᾶσα
3432 1691 3462 1746 η
3502 1694 3802 1762 προκειμένη
3847 1710 3934 1742 πα-

2283 1778 2543 1855 Βραϐολη
2597 1775 2763 1850 μηδὲν
2822 1780 2988 1851 ἕτερον
3044 1778 3323 1851 ἐμφαίνειν,
3385 1779 3427 1831 εἰ
3473 1784 3544 1852 μὴ
3603 1785 3750 1851 μόνον
3796 1781 3935 1849 αναγ-

2353 1871 2636 1925 καιοτάτην
2687 1871 2897 1926 αἴτησιν
2941 1873 3031 1919 καὶ
3082 1867 3440 1938 εύλογωτάτην
3485 1874 3816 1944 παραίτησιν,
3867 1870 3935 1919 ἱνα

2355 1954 2481 2029 δόξῃ
2538 1953 2630 2008 διὰ
2673 1961 2766 2015 τὴν
2815 1960 3061 2028 ἐπιμονὴν
3117 1957 3528 2016 εἰσακονσθῆναι
3578 1960 3602 2010 ο
3647 1959 3815 2024 αἰτῶν,
3860 1963 3934 2009 καὶ

2353 2049 2544 2105 πιθανὴ
2574 2051 2786 2118 γενηται
2816 2049 2845 2104 η
2877 2052 3200 2120 παραίνεσις.

2426 2229 2575 2297 Λέγω
2606 2257 2671 2265 -
2709 2226 2926 2300 χρῄζει.
2956 2230 3120 2278 Τοῦτό
3153 2225 3312 2295 ἐστιν,
3343 2225 3404 2278 οὔ
3433 2226 3597 2300 χάριν
3629 2227 3657 2283 η
3691 2224 3932 2300 παραϐολὴ

2355 2317 2484 2373 αῦτη
2545 2320 2774 2387 γέγονεν.
2831 2312 3124 2368 Ἀναίὸειαν
3176 2312 3235 2368 δε
3288 2312 3396 2368 εἷπε
3445 2321 3536 2374 τὴν
3585 2317 3822 2388 ἐπιμονὴν
3860 2323 3937 2373 τῆς

2354 2405 2630 2466 αἰτήσεως.

2428 2579 2585 2652 Κάγὼ
2643 2611 2709 2623 --
2766 2579 3172 2652 ἀνοιχθὴσεται,
3250 2588 3430 2634 Ταῦτα
3478 2583 3668 2654 ὁμοίως
3715 2585 3801 2632 καὶ
3846 2586 3936 2638 τοῖς

2354 2665 2565 2722 δώδεκα
2613 2668 2910 2736 ἐνετείλατο,
2951 2672 3123 2732 καθὼς
3171 2668 3431 2743 ἀνέγραψε
3474 2672 3735 2730 Ματϐαῖος
3783 2668 3827 2721 ἐν
3875 2677 3936 2739 τῷ

2352 2764 2590 2832 πέμπτῳ,
2646 2759 2927 2831 κεφαλαίῳ,
2951 2764 3041 2811 καὶ
3097 2760 3323 2820 ζήτησον
3395 2761 3501 2813 ἐκεῖ
3545 2765 3638 2819 τὴν
3687 2758 3932 2830 ἐξήγησιν,

2352 2851 2550 2922 ἄριστα
2577 2846 3028 2922 παραδεδομένην.

2424 2945 2551 2991 Τίνα
2580 2971 2641 2979 -
2677 2943 2926 3014 σκορπίον
2954 2957 2966 3005 ;
3000 2941 3134 2992 Ἑκεί
3164 2945 3253 2990 καὶ
3292 2944 3410 3013 περὶ
3438 2941 3632 2992 τούτων
3673 2936 3942 2994 ἀκολούθως

2354 3029 2610 3103 εὑρήσεις.

2428 3120 2485 3170 Εἰ
2515 3118 2602 3169 οὖν
2638 3149 2696 3157 -
2737 3117 2925 3184 αὐτον;
2956 3116 3179 3189 Ὀμοίως
3205 3122 3293 3170 καὶ
3324 3123 3444 3193 περὶ
3469 3121 3681 3171 τούτων·
3713 3116 3946 3186 πονηρούς

2357 3204 2415 3260 δὲ
2441 3208 2631 3269 αύτούς
2658 3203 2813 3272 εἶπεν,
2843 3206 2902 3258 ού
2933 3213 3086 3271 μόνον
3121 3204 3212 3260 διὰ
3234 3212 3326 3265 την
3357 3210 3467 3260 ἐκεῖ
3494 3211 3742 3283 ρηθεῖσαν
3774 3206 3943 3263 αἰτίαν,

2356 3295 2485 3348 ἀλλὰ
2537 3303 2626 3350 καὶ
2681 3293 2775 3348 διὰ.
2836 3300 2892 3349 τὸ
2950 3302 3041 3355 τὴν
3110 3298 3444 3371 ἀνθρωπίνην
3506 3301 3659 3370 φύσιν
3715 3297 3943 3367 πονηρίας

2357 3383 2602 3446 δεκτικὴν
2635 3385 2761 3439 εἶναι
2791 3389 2925 3457 (93).

2503 3485 2646 3533 ΚΕΦ.
2673 3477 2804 3531 ΛΘ’.
2833 3482 2958 3550 Περὶ
2983 3484 3073 3528 τοῦ
3100 3479 3308 3548 ἔχοντος
3332 3472 3608 3548 δαιμόνιον
3640 3480 3821 3548 κωφόν.

2430 3573 2529 3619 Καὶ
2582 3599 2645 3607 -
2683 3571 2870 3638 κωφόν.
2914 3571 3056 3624 Μήτε
3100 3566 3226 3618 αύτό
3275 3565 3463 3618 λαλοῦν
3511 3568 3541 3626 ἢ
3586 3565 3788 3630 ἀκοῦον,
3829 3566 3944 3636 μήτε

2355 3660 2441 3708 τὸν
2491 3658 2758 3730 ἄνθρωπον
2809 3654 2899 3706 ἐῶν
2928 3654 3096 3707 λαλεῖν
3133 3656 3161 3712 ἡ
3206 3653 3428 3720 ἀκούειν,
3492 3655 3586 3708 οὐκ
3635 3655 3689 3707 ἐκ
3738 3657 3938 3726 φύσεως,

2356 3744 2462 3797 ἀλλ’
2495 3744 2549 3796 ἐκ
2581 3749 2847 3818 πονηρίας.
2881 3749 3153 3816 Μέμνηται
3191 3740 3249 3796 δὲ
3281 3747 3468 3797 τούτου
3503 3747 3772 3805 Ματθαίος
3800 3741 3844 3794 ἐν
3880 3749 3942 3810 τῷ

2355 3831 2789 3905 ὀκτωκαιδεκάτῳ
2819 3835 3097 3906 κεφαλαιῳ,
3129 3832 3178 3885 ἐν
3302 3837 3367 3885 τὰ
3414 3839 3536 3910 περὶ
3578 3834 3736 3886 αὐτοῦ
3785 3837 3943 3902 σαφῶς

2355 3923 2619 3996 ἀπηγγελθ
2629 3944 2653 3982 η
2671 3967 2684 3980 .

2425 4013 2652 4084 Ἐγένετο
2725 4043 2793 4052 —-
2863 4011 3035 4084 ὄχλοι.
3094 4013 3230 4067 Ἐκεῖ
3303 4017 3392 4065 καὶ
3449 4019 3572 4088 περὶ
3639 4015 3825 4066 τούτων

2351 4104 2505 4179 paen.

2423 4195 2562 4252 Τινὲς
2613 4223 2678 4232 --
2745 4187 3012 4263 δαιμόνια.
3085 4189 3351 4252 Ὡσαύτως
3418 4195 3510 4244 καὶ
3569 4197 3688 4267 περὶ
3745 4191 3944 4242 τούτων.

2354 4284 2419 4338 Οἱ
2458 4287 2737 4356 Φαρισαῖοι
2787 4277 2845 4332 δὲ
2889 4288 3041 4332 τοῦτο
3087 4276 3247 4344 εἶπον,
3299 4282 3365 4342 ὡς
3415 4282 3441 4332 ὁ
3490 4284 3762 4342 Ματθαῐος
3814 4279 3946 4329 ἰστὸ-

2352 4391 2530 4446 ρησεν.

2271 4521 2321 4578 Ε
2421 4461 2621 4534 Ἐτεροι
2665 4491 2732 4500 -
2775 4461 3016 4533 ούρανοῦ.
3060 4459 3134 4511 Οὐ
3179 4467 3266 4511 νῦν
3309 4464 3485 4532 μόνον,
3530 4459 3659 4513 ἀλλὰ
3703 4457 3946 4529 διαφόρῶς

2353 4559 2501 4578 --.Ἴ-Α
2551 4553 2897 4578 -ο-...έυρ--ιυ
2967 4552 3034 4578 ί..
3080 4554 3165 4578 ...οὶ
3315 4549 3487 4578 ΑΤΔῚΑ.-
3532 4550 3823 4578 u-__‘.‘..'...p
3864 4551 3944 4578 ’,λιῖ

2303 4548 2502 4604 ὲ’τοῦτο
2550 4553 2919 4615 πεποιήκασιν,
2965 4552 3034 4610 ὡς
3080 4554 3165 4601 καὶ
3216 4548 3262 4601 ἐν
3312 4549 3487 4612 dum;
3532 4550 3825 4623 κεφαλαίοις
3864 4551 3944 4598 τοῦ

2349 4645 2485 4696 κατὰ
2513 4643 2779 4694 Ματθαῖον
2803 4636 3119 4697 δεδήλωται.

2419 4739 2658 4791 Ζήτησον
2715 4726 2773 4782 δὲ
2819 4729 3008 4802 μᾶλλον
3063 4729 3111 4781 ἐν
3165 4738 3235 4801 τῷ
3285 4740 3585 4805 τριακοστῴ
3638 4738 3825 4805 πρώτῳ
3873 4743 3944 4778 κε·

3418 4825 3496 4873 τό·
3577 4828 3678 4876 Καὶ
3744 4815 3942 4894 προσελ-

2350 4917 2520 4975 θόντες
2577 4913 2626 4964 οἱ
2687 4917 2966 4980 Φαρισαῖοι
3029 4915 3119 4962 καὶ
3187 4905 3546 4964 Σαδδουκαῖοι
3622 4912 3945 4987 πειράζοντες

2344 5007 2690 5081 ἐπηρώτησαν
2771 5000 2927 5053 αὐτὸν
3003 5007 3216 5074 σημεῖον
3287 4998 3344 5053 ἐκ
3415 5005 3505 5055 τοὺ
3571 5004 3793 5079 ούρανοῦ
3847 4996 3948 5050 ἐπι·

2349 4823 2548 4895 φαλαίῳ
2619 4820 2778 4872 αὐτοῦ
2842 4824 2967 4894 πρὸς
3041 4829 3112 4891 τῷ
3185 4819 3335 4887 τέλει,

1779 5363 2006 5437 Varias
2051 5365 2384 5438 lectiones
2423 5373 2492 5436 et
2529 5373 2741 5434 nota.

571 5605 580 5608 _
644 5553 762 5628 (-93)
791 5561 1078 5631 Πεγυκυαι
1096 5573 1208 5632 pro
1237 5555 1389 5628 εἶναι,
1420 5561 1490 5621 Α.

647 5732 758 5805 (zz)
779 5732 916 5789 Huc
937 5734 1229 5803 reducere,
1257 5736 1559 5812 ’Δναγαγεῖν
1587 5742 2025 5814 estanagogice
2060 5756 2165 5799 seu
2213 5740 2541 5813 allegorice
2587 5739 2916 5814 explicare.
