4074 6374
143 390 227 450 973
1247 376 1613 444 (IOMMENT.
1657 384 1728 440 IN
1774 384 2029 441 LUCAM.
2070 414 2139 428 —
2179 384 2337 440 CAP.
2377 372 2464 442 xi.
3402 360 3506 439 eis

163 516 307 579 δεῖξαι
340 514 454 587 (94)
495 514 687 581 αὐτοῖς,
719 519 809 567 καὶ
840 514 1097 586 ἀνάγνωθι
1126 520 1216 572 τήν
1248 513 1498 585 ἐξήγησιν
1550 512 1730 574 αὐτοῦ,
1766 557 1772 567 ι

1901 510 2050 582 lege
2078 510 2207 581 ejus
2225 508 2683 572 enarrationem,
2712 523 2783 564 ac
2806 507 3000 565 disces
3025 522 3243 565 causas
3265 507 3510 577 fraudu-

163 614 238 659 καὶ
263 607 467 677 μαθήσῃ
496 608 583 665 τὰς
610 605 773 665 αἰτίας
794 613 887 665 τῆς
926 610 1241 677 κακουργίας
1273 604 1460 655 αὐτῶν.

1847 598 1986 655 lenti
2009 616 2211 655 eorum
2236 603 2508 655 conatus.
3122 596 3126 601 ’

227 696 377 757 Αὐτός
406 691 464 748 δὲ
516 727 579 735 -
612 692 961 767 διανοήματα.
1007 698 1132 749 Τότε
1164 702 1257 754 τῆς
1310 693 1614 762 ὑπολήψεως
1644 700 1733 743 του

1920 687 2082 743 Vers.
2124 688 2205 742 l7.
2241 692 2319 741 At
2373 688 2495 755 ipse
2540 718 2606 727 —
2656 687 3046 757 cogitationes.
3085 685 3506 760 Cogitationes,

164 785 203 838 ίν
255 783 543 847 Βεελζεϐοὐλ
597 782 853 837 ἐκϐάλλειν
901 787 966 835 τὰ
1020 780 1270 856 δαιμόνια
1308 800 1318 811 ·
1350 784 1464 834 καθ’
1524 781 1736 841 ἑαυτοὺς

1904 794 1975 832 ιω
1996 777 2370 849 suspicionis,
2399 775 2564 849 quod
2596 775 2656 831 in
2690 776 2999 831 Beelzebul
3031 777 3265 849 ejiceret
3291 776 3513 832 deamo-

162 880 247 948 γὰρ
294 884 438 926 τοῦτο
483 874 673 945 ἔλεγον,
706 872 1121 946 φοϐούμενοιτὸν
1150 872 1307 945 ὄχλον
1342 890 1353 902 ·
1399 876 1490 923 καὶ
1541 875 1597 923 τό
1645 878 1737 931 τῆς

1905 883 1968 932 ,a,
1989 883 2131 922 nam
2170 867 2285 922 hoc
2312 865 2474 938 apud
2500 881 2563 920 se
2606 865 2908 931 dicebant,
2938 868 3211 921 timentes
3256 867 3514 922 turbam-

162 969 324 1039 πείρας
369 972 459 1015 τοι)
497 962 901 1035 έπιξητουμίνου
958 966 1191 1034 σημείου.
1245 964 1349 1017 Καὶ
1388 969 1475 1012 νῦν
1504 964 1594 1033 μὲν
1623 964 1739 1034 περὶ

1915 974 1972 1012 m
2040 963 2308 1013 conatus.
2369 955 2531 1027 quod
2583 955 2821 1026 signum
2875 956 3169 1028 petebant.
3223 957 3287 1012 Et
3352 971 3515 1011 nunc

160 1062 239 1106 τοῦ
285 1053 383 1113 ἐνὸς
432 1052 785 1124 ἀπολογεῖται,
838 1055 969 1126 μετὰ
1026 1056 1212 1125 μικρὸν
1264 1049 1321 1104 δὲ
1363 1057 1451 1103 καὶ
1504 1054 1621 1125 περὶ
1648 1057 1737 1101 τοῦ

1908 1046 2094 1101 iidem
2113 1048 2186 1102 de
2228 1061 2345 1101 uno
2366 1045 2706 1119 respondet,
2728 1051 2864 1118 post
2889 1061 3085 1118 pauca
3115 1062 3256 1103 vero
3271 1046 3345 1102 de
3374 1045 3517 1117 reli-

160 1143 333 1217 ἐτέρου.

1851 1151 1994 1207 quo.
3136 1131 3141 1137 ’
3258 1132 3262 1135 ’

219 1238 448 1290 Ζητησον
482 1228 540 1284 δὲ
570 1236 659 1284 καὶ
698 1232 745 1283 ἐν
774 1238 846 1302 τῷ
877 1230 1095 1301 εἰκοστῷ
1125 1228 1348 1304 δευτέρῳ
1365 1229 1623 1302 κεφαλαίῳ
1650 1236 1741 1281 τοῦ

1926 1227 2133 1291 Quaere
2178 1230 2379 1282 autem
2418 1224 2704 1281 vicesimo
2738 1225 3006 1281 secundo
3033 1225 3224 1298 capite
3251 1228 3515 1296 Evange-

159 1325 275 1373 κατὰ
299 1323 563 1374 Βιατθαίον
608 1325 702 1379 τὴν
760 1320 1032 1394 ἑρμηνείαν
1084 1328 1193 1372 τοῦ·
1256 1317 1420 1379 Εἰδὼς
1477 1315 1535 1371 δὲ
1569 1318 1682 1389 (95)
1716 1319 1741 1369 ό

1909 1349 1913 1370 ι
1936 1315 2268 1371 secundum
2300 1315 2640 1370 Matthaeum
2672 1312 3238 1386 interpretationem
3259 1314 3518 1388 quoque

162 1410 350 1471 Ἰησους
378 1413 471 1473 τὰς
499 1409 807 1483 ἐνθυμήσεις
834 1411 1022 1462 αὐτῶν.

1908 1404 2029 1471 tius,
2061 1404 2223 1476 quod
2244 1404 2457 1460 dicitur
2486 1404 2680 1461 :Jesus
2708 1410 2900 1460 autem
2923 1405 3110 1463 sciens
3133 1404 3517 1477 cogitationes

1855 1509 2056 1551 eorum
2090 1495 2160 1546 ⁷ο.

223 1592 435 1661 Εἴρηται
487 1583 545 1639 δὲ
616 1588 739 1657 ἡμῖν
797 1584 1062 1645 πολλάκις,
1116 1586 1197 1636 ὃτι
1282 1586 1329 1636 οἱ
1387 1581 1746 1654 εὖαγγελισταὶ

1928 1585 2286 1657 Frequenter
2308 1587 2509 1640 autem
2539 1601 2573 1639 a
2592 1583 2764 1639 nobis
2789 1583 3014 1639 dictum
3031 1586 3139 1650 est,
3162 1583 3321 1657 quod
3346 1598 3526 1641 evan-

158 1682 267 1730 ποτὲ
295 1681 381 1749 μὲν
438 1684 622 1750 καιροὺ
675 1680 765 1727 καὶ
819 1675 1011 1737 τάξεως
1060 1674 1171 1745 (96ὶ
1233 1683 1330 1725 τῶν
1381 1673 1637 1745 ῥηθέντων
1713 1671 1743 1728 ἦ

1917 1673 2078 1729 ιΙὶειω
2112 1674 2410 1729 interdum
2442 1673 2687 1745 quidem
2720 1674 3005 1746 temporis
3057 1681 3112 1729 et
3156 1673 3383 1729 ordinis
3429 1690 3526 1730 eo-

158 1770 483 1841 πραχθέντων
538 1766 875 1841 φροντίζουσι
942 1784 953 1796 ·
1018 1768 1141 1816 ποτὲ
1205 1760 1283 1829 δὲ,
1352 1768 1512 1833 μόνης
1574 1759 1747 1831 ἀτταγ-

1915 1779 2015 1828 Im,
2048 1779 2181 1834 quae
2223 1762 2399 1828 dicta,
2453 1769 2555 1817 aut
2606 1761 2765 1817 facta
2814 1767 2971 1829 sunt,
3013 1778 3221 1819 curam
3278 1764 3524 1833 habent,

157 1857 329 1929 γελίας.
1790 1873 1829 1925 Β
1861 1854 2227 1924 quandoque
2259 1867 2399 1906 vero
2430 1850 2491 1905 id
2521 1855 2755 1906 tantum
2802 1850 3065 1922 student,
3096 1857 3159 1907 ut
3207 1867 3355 1923 rem,
3388 1868 3525 1926 quas

1863 1946 2028 2011 gesta
2059 1948 2166 2009 est,
2201 1946 2495 1995 enarrent.

223 2036 369 2092 Εἶπεν
401 2069 467 2077 —-
508 2040 705 2087 πίπτει.
743 2039 843 2086 Καὶ
887 2032 1021 2093 οἰκος
1054 2030 1135 2083 ἐπὶ
1175 2028 1333 2093 οἶκον,
1370 2026 1750 2104 διαμερισθεὶς,

1936 2032 2200 2084 Vers.t7.
2257 2029 2527 2100 Dixite
2558 2030 2741 2086 cadit.
2797 2029 3019 2085 Domus
3082 2029 3369 2086 adversus
3427 2030 3528 2088 do-

160 2122 405 2183 δηλονότι.
450 2127 534 2178 Ἐν
563 2132 633 2177 τῷ
663 2125 870 2198 ῥηθέντι
902 2120 960 2175 δὲ
992 2121 1208 2190 εἰκοστῷ
1233 2116 1456 2193 δευτέρῳ
1496 2119 1753 2190 κεφαλαίῳ

1920 2136 2053 2190 tum,
2090 2119 2363 2175 videlicet
2393 2120 2605 2175 divisa.
2632 2120 2921 2175 Praedicto
2952 2121 3238 2176 vicesimo
3267 2120 3529 2189 secundo

158 2221 236 2268 καὶ
259 2221 370 2290 περὶ
398 2218 596 2268 τούτων
626 2212 917 2273 ἀκολούθως
942 2212 1261 2285 ἡρμηνεύθη.

1923 2210 2056 2282 Lpite
2089 2208 2269 2265 etiam
2323 2209 2398 2266 de
2450 2210 2544 2266 his
2579 2215 2966 2283 consequenti
3013 2210 3215 2266 ordine
3262 2210 3405 2268 data
3447 2215 3532 2268 est

1866 2298 2287 2371 interpretatio.
3270 2298 3273 2299 '

224 2394 279 2447 Εἰ
308 2391 364 2448 δὲ
390 2393 557 2447 αὐτοῦ
592 2410 605 2460 ;
642 2392 861 2464 Ὀμοίως
888 2395 977 2442 καὶ
1008 2394 1125 2461 περὶ
1151 2391 1358 2442 τούτου.

1940 2390 2103 2443 Vers.
2146 2390 2223 2443 18.
2256 2387 2413 2454 Quod
2457 2388 2595 2444 si—
2639 2390 2760 2459 ejus
2790 2389 2818 2445 ?
2879 2388 3159 2444 Similiter
3193 2388 3346 2445 etde
3391 2390 3526 2446 hoc.

220 2483 333 2536 Ὀτι
362 2517 427 2525 —
465 2481 732 2556 δαιμόνια.
781 2482 1044 2552 Ἐμφαίνει
1074 2479 1253 2539 αὐτοῖς
1281 2483 1369 2530 καὶ
1401 2477 1425 2529 ὁ
1458 2475 1756 2549 ὑπολαμϐά-

1940 2478 2101 2533 Vers.
2127 2478 2193 2532 18
2223 2478 2373 2545 Quia
2421 2478 2473 2533 si
2502 2508 2570 2518 —
2617 2478 2926 2534 daemonia.
2983 2472 3315 2535 Manifestat
3348 2479 3529 2535 etiam

162 2594 310 2631 νοντες
338 2576 514 2646 ἔλεγον
545 2572 665 2624 καθ’
698 2571 910 2632 ἑαυτοὺς
941 2574 1059 2644 περὶ
1092 2569 1271 2623 αὐτοῦ.

1870 2567 1973 2633 eis,
2001 2567 2148 2639 quid
2196 2567 2360 2639 apud
2420 2582 2483 2621 se
2516 2567 2784 2623 dicentes
2842 2567 3314 2639 suspicabantur.

228 2660 359 2718 Εἰδε
391 2694 464 2704 —
496 2662 728 2715 ἐσονται.
781 2660 861 2713 Ἐν
887 2668 957 2730 τῷ
997 2660 1109 2729 (97)
1166 2655 1451 2715 δηλωθέντι
1496 2654 1754 2727 κεφαλαίῳ

1943 2655 2217 2711 Vers.19.
2243 2657 2311 2711 Si
2334 2662 2531 2712 autem
2560 2663 2824 2713 —eruut.
2868 2658 2953 2728 -Η-
2974 2660 3033 2712 ln
3066 2658 3260 2730 capite
3291 2657 3536 2717 laudato

164 2755 365 2818 καθεξῆς
402 2758 496 2806 καὶ
528 2758 645 2826 περὶ
684 2754 878 2804 τούτων
907 2747 1227 2806 διείληπται.

1872 2746 2152 2817 deinceps
2183 2745 2363 2800 etiam
2396 2746 2468 2801 de
2501 2747 2591 2801 his
2613 2748 2948 2819 expositum
2980 2752 3086 2803 est.

228 2846 279 2897 Εἰ
318 2842 374 2898 δι
401 2876 478 2885 —
506 2852 659 2895 Θεου.
686 2842 956 2901 Ὡσαύτως
986 2845 1071 2891 καὶ
1098 2844 1215 2911 περὶ
1236 2841 1421 2889 τούτου
1457 2836 1757 2908 σαφέστατά

1944 2834 2106 2889 Vers.
2154 2835 2241 2890 20.
2302 2835 2370 2891 Si
2425 2842 2621 2891 autem
2682 2868 2750 2876 —
2808 2838 2936 2893 Dei.
2990 2840 3067 2892 De
3116 2837 3231 2893 hoc
3296 2853 3539 2910 quoque

166 2952 209 2984 τε
236 2940 319 2985 καὶ
360 2932 737 3007 ἀκριϐέστατα.

1870 2924 2243 2997 apertissime
2289 2940 2359 2979 ac
2399 2924 2854 2995 diligentissime
2908 2926 3131 2981 ibidem
3156 2920 3461 2984 invenies.

224 3021 376 3075 Ὀταν
399 3054 466 3063 -
489 3017 804 3074 διαδίδωσι.
816 3026 924 3094 Παρ
934 3018 1066 3075 απλη
1078 3022 1131 3069 σὶ
1146 3038 1201 3078 υς
1216 3021 1304 3067 καὶ
1318 3020 1432 3089 περὶ
1445 3010 1755 3081 τούτων(98)

1943 3015 2100 3069 Vers.
2159 3018 2248 3067 2t.
2310 3014 2459 3070 Cum
2526 3047 2582 3057 -
2639 3014 2811 3071 Vers.
2871 3019 2960 3070 22.
3021 3016 3352 3073 distribuit.
3408 3017 3536 3073 Pari

167 3116 215 3163 τό
241 3113 515 3185 κεφαλαιον
574 3110 732 3163 ἐκεῖνο
779 3107 1140 3180 διαλαμϐάνει,
1193 3111 1280 3157 καὶ
1309 3101 1494 3179 ῥᾴδιον
1532 3102 1631 3154 ἀπὸ
1662 3110 1758 3152 τῶν

1937 3104 2049 3159 odo
2077 3109 2134 3159 et
2159 3104 2231 3159 de
2259 3103 2351 3158 his
2383 3110 2562 3176 caput
2588 3103 2728 3159 illud
2760 3104 3000 3161 disserit
3031 3122 3043 3161 :
3069 3110 3123 3161 et
3150 3122 3222 3161 ex
3246 3106 3361 3169 his,
3401 3122 3538 3179 qum

167 3199 258 3254 ἐκεῖ
279 3204 538 3277 ῥηθέντων
569 3206 658 3252 καὶ
683 3208 852 3252 ταῦτα
884 3194 1308 3268 ὃιαγνωσθῆναι,

1935 3193 1951 3249 i
1991 3194 2148 3249 dicta
2197 3199 2355 3265 sunt,
2387 3195 2563 3250 etiam
2604 3194 2731 3250 haec
2763 3193 2995 3251 facilius
3049 3196 3335 3268 cognosci
3374 3186 3544 3275 pote-

1868 3289 2028 3341 runt.

227 3380 281 3432 Ὀ
310 3386 379 3453 μὴ
411 3412 487 3422 --
520 3379 814 3453 σκορπίζει.
844 3376 961 3430 "Eri
999 3379 1227 3449 καὶπερὶ
1257 3376 1471 3425 τούτων.

1942 3376 2100 3431 Vers.
2132 3378 2219 3431 23.
2269 3375 2388 3443 Qui
2410 3390 2525 3431 non
2579 3374 2974 3447 —dispergit.
3037 3376 3324 3433 Praeterea
3369 3380 3427 3435 et
3467 3375 3542 3433 de

1868 3463 1982 3519 his.

228 3559 382 3613 Ὀταν
417 3591 487 3602 —-
517 3560 923 3630 κεκοσμημένον.
959 3559 1136 3612 Ταῦτα
1165 3554 1360 3629 ἔγραψε
1390 3558 1477 3604 καὶ
1504 3553 1763 3609 Ματθαῖος

1943 3553 2104 3609 Vers.
2148 3552 2236 3610 24.
2299 3553 2435 3609 Cum
2478 3585 2544 3593 —
2596 3553 2759 3609 Vers.
2793 3553 2881 3608 25.
2915 3560 3208 3612 ornatam.
3253 3557 3385 3611 Haec
3412 3557 3546 3613 Mat-

170 3648 209 3700 ὲιι
237 3660 305 3721 τῷ
356 3656 582 3720 εἰκοστῷ
620 3653 775 3723 τρίτῳ
818 3645 1097 3718 κεφαλαίῳ,
1148 3650 1237 3697 καὶ
1267 3644 1670 3715 ἡρμηνεύθησαν
1716 3638 1762 3691 ἐν

1939 3661 2064 3699 mus
2116 3659 2359 3715 quoque
2385 3643 2615 3714 scripsit
2645 3643 2925 3701 vicesimo
2965 3645 3133 3700 tertio
3155 3645 3368 3717 capite,
3397 3651 3453 3701 et
3484 3644 3547 3701 in

170 3742 349 3811 ἐκεινῳ,

1873 3750 1944 3790 eo
1974 3733 2274 3789 declarata
2323 3738 2480 3789 sunt.

230 3835 353 3883 Τότε
388 3861 453 3871 —-
486 3834 728 3901 πρώτων.
756 3826 1024 3887 Ὡσαύτως
1055 3829 1143 3875 καὶ
1165 3832 1349 3876 ταῦτα.

1946 3824 2107 3879 Vers.
2140 3827 2226 3878 29.
2267 3822 2426 3878 Tunc
2456 3854 2523 3862 —
2546 3822 2775 3891 primis.
2819 3822 3096 3881 Similiter
3128 3816 3188 3880 et
3216 3824 3365 3889 haec,

300 3927 450 3975 ΚΕΦ.
502 3916 582 3975 Μ’.
638 3921 761 3990 Περὶ
792 3925 886 3977 τῆς
916 3914 971 3967 ἐκ
1012 3922 1105 3966 τοῦ
1136 3913 1297 3984 ὄχλου
1352 3912 1623 3985 ἐπαράσης
1875 3912 1909 3969 C

1942 3912 2032 3968 tP.
2061 3914 2167 3968 XL.
2239 3911 2321 3968 De
2349 3911 2615 3972 muliere.
2657 3927 2788 3982 qua
2836 3912 2907 3970 de
2946 3913 3125 3970 turba
3154 3929 3348 3972 vocem
3383 3921 3551 3973 extu—

802 4006 826 4077 |
864 4009 1052 4077 φωνήν.

2681 4002 2768 4055 ιιι.

232 4099 463 4169 Ἐγένετο
504 4129 572 4137 —
617 4095 893 4154 ἐθήλασας.
929 4093 1220 4167 Ἐποίρασα,
1256 4095 1438 4161 ἤγουν,
1480 4089 1765 4160 υψώσασα.

1949 4093 2106 4146 Vers.
2133 4094 2222 4144 27.
2263 4092 2501 4146 Factum
2544 4121 2611 4130 —
2638 4097 2719 4146 est
2760 4090 2996 4145 suxisti.
3058 4083 3241 4160 Elata,
3286 4086 3411 4151 ‘sive
3439 4095 3555 4153 ele-

166 4186 365 4261 Σρόδρα
389 4191 495 4263 γὰρ
525 4183 883 4257 ἀποδεξαμένη
917 4187 1035 4243 τοὺς
1056 4183 1236 4253 λόγους
1260 4180 1438 4248 αὑτοῦ,
1473 4178 1769 4251 μεγαλοφω-

1943 4185 2016 4236 ita
2032 4195 2195 4235 voce.
2226 4181 2373 4235 Cum
2414 4178 2572 4235 enim
2603 4179 3014 4235 vehementem
3046 4179 3104 4236 in
3133 4198 3269 4238 eam
3294 4183 3552 4255 impres-

166 4298 255 4338 νως
285 4279 573 4351 ἐμακάρισε
604 4280 695 4333 τὴν
721 4279 1047 4346 γεννήσασαν
1075 4272 1254 4335 αὑτὸν,
1297 4272 1364 4332 ὡς
1395 4272 1634 4321 τοιούτου
1666 4287 1767 4339 μην

1942 4285 2105 4324 )nem
2122 4284 2431 4323 sermones
2463 4267 2620 4323 illius
2640 4268 2936 4332 fecissent,
2972 4285 3197 4340 magna
3226 4274 3551 4331 etexaltata

167 4371 280 4441 τερα
306 4369 555 4437 γενέσθαι
582 4365 912 4428 ἀξιωθεῖσαν.

1943 4375 2023 4414 »οε
2050 4375 2184 4415 eam
2214 4357 2594 4424 beatiﬁcavit,
2616 4373 2747 4430 quae
2798 4356 2967 4413 illum
2995 4365 3324 4433 pepererat,
3352 4366 3552 4435 utpote

1877 4465 2012 4521 qua:
2041 4448 2172 4504 talis
2205 4446 2529 4502 FiliiMater
2569 4446 2693 4501 ﬁeri
2719 4445 2961 4517 dignata
3022 4448 3231 4505 fuerat.

238 4547 399 4608 Αὐτὸς
439 4542 499 4598 δε
531 4576 597 4586 -
643 4543 819 4597 αὐτόν.
876 4548 1152 4611 Μενοῦνγε,
1210 4541 1502 4601 τουτέστιν,
1550 4535 1765 4595 ἀληθῶς.
1805 4589 1845 4611 n

1950 4538 2113 4593 Vers.
2164 4539 2252 4591 28.
2301 4536 2506 4591 Atille
2558 4566 2627 4576 —
2678 4535 2868 4592 illum.
2899 4537 3050 4603 Quin
3099 4538 3241 4606 imo,
3297 4539 3413 4597 hoc
3441 4545 3551 4599 est:

169 4642 404 4695 Ζήτησον
435 4632 493 4689 δε
537 4634 585 4687 ἐν
616 4643 686 4705 τῷ
741 4633 959 4702 εἰκοστῷ
1017 4635 1174 4703 τρίτῳ
1229 4627 1486 4701 κεφαλαίῳ
1508 4626 1601 4679 τοῦ
1640 4629 1774 4678 κατὰ

1953 4643 2014 4683 re
2071 4626 2204 4682 dico
2256 4626 2446 4681 vobis.
2513 4626 2719 4691 Quaere
2788 4634 2989 4682 autem
3038 4628 3325 4686 vicesimo
3390 4631 3556 4687 tertio

172 4729 460 4795 Ματθαῐον,
501 4730 556 4777 τό
590 4742 601 4752 '
632 4723 820 4784 Ὀστις
867 4724 968 4793 γὰρ
1009 4719 1068 4771 ἂν
1108 4723 1308 4791 ποιήσῃ
1366 4722 1423 4769 τό
1460 4716 1656 4788 θέλημα
1682 4723 1773 4767 τοῦ

1949 4722 2042 4771 xta
2081 4716 2413 4771 Matthzeum
2458 4714 2670 4786 capite.
2724 4715 2823 4770 ubi
2856 4716 3071 4773 dicitur
3115 4734 3125 4772 :
3173 4720 3558 4792 Quincunque

175 4823 369 4890 Ιιατρός
403 4835 505 4889 μου
533 4821 624 4866 τοῦ
658 4812 703 4864 ἐν
731 4812 988 4882 οὐρανοῖς,
1022 4810 1178 4870 αὐτός
1202 4828 1301 4881 μου
1324 4812 1411 4859 καὶ
1442 4803 1661 4878 ἁδελφός
1689 4810 1775 4857 καὶ

1948 4807 2033 4861 im
2059 4805 2268 4875 fecerit
2302 4804 2661 4861 voluntatem
2693 4804 2889 4860 Patris
2919 4810 3048 4875 mei,
3080 4808 3260 4880 quiin
3283 4811 3438 4867 catis
3452 4815 3557 4873 est,

175 4902 363 4979 ἀδελφὴ
408 4910 499 4957 καὶ
518 4908 690 4977 μήτηρ
727 4901 863 4969 ἐστὶ,
920 4904 1008 4951 καὶ
1054 4898 1313 4971 ἀνάγνωθι
1360 4902 1450 4955 τὴν
1509 4895 1627 4953 όλην
1686 4903 1776 4947 τοῦ

1951 4910 2005 4951 se
2064 4901 2115 4951 et
2172 4910 2335 4950 meus
2380 4894 2579 4963 frater
2638 4898 2691 4950 et
2747 4910 2915 4950 soror
2988 4904 3041 4953 et
3107 4888 3313 4954 mater'
3349 4906 3429 4954 est
3513 4900 3560 4934 ⁸ο

172 4998 407 5048 τοιούτου
434 4995 597 5069 ῥητοῦ
628 4993 896 5063 ἐξήγησιν,
933 4989 1137 5047 Φυλακὴ
1175 4985 1233 5040 δὲ
1270 4987 1425 5059 λόγου
1460 4993 1595 5049 Θεοῦ
1638 4988 1775 5037 ἐστιν

1952 5008 1955 5034 ι
1993 4985 2122 5055 lege
2145 4990 2349 5043 .totam
2378 4984 2518 5038 dicti
2571 4983 2725 5040 illius
2783 4988 3245 5042 enarrationem.
3280 4987 3561 5044 Custodia

175 5084 202 5141 ἠ
230 5067 503 5160 πλήρωσις
528 5083 686 5136 αὑτοῦ
700 5126 713 5140 ,

1882 5089 2023 5130 vero
2048 5072 2341 5129 sermonis
2368 5072 2491 5139 Dei,
2517 5074 2646 5144 ejus
2675 5078 2766 5128 est
2792 5067 3172 5148 adimpletioi

245 5238 291 5274 π
321 5236 531 5296 Matth.
557 5234 771 5305 111,25.
805 5232 859 5277 8o
904 5231 1057 5291 Ibid.
1085 5232 1156 5289 50

1383 5379 1606 5457 Variae
1638 5378 1967 5457 lectiones
2035 5385 2104 5444 et
2144 5386 2349 5453 notae.

277 5549 367 5622 94)
391 5547 583 5622 Δεῖξαᾼι,
610 5554 673 5605 Δ.

1962 5539 2176 5622 Tex_tus
2190 5542 2387 5622 autem
2410 5552 2627 5622 yersus
2661 5542 2720 5622 l9
2742 5542 2804 5622 et
2825 5538 2922 5595 20.
2945 5539 3189 5611 junctus
3221 5545 3329 5603 est.
3372 5543 3568 5603 Saltus

279 5606 369 5693 95')
394 5625 455 5674 Δί
485 5606 660 5679 abest
680 5624 747 5693 Α.
879 5690 886 5693 Α

1893 5613 2247 5693 ergpntagtu‘s
2272 5611 2351 5666 ab
2367 5608 2425 5693 ,εἰ
2460 5606 2521 5662 δέ
2545 5610 2624 5668 ad
2657 5609 2706 5662 εἰ
2737 5606 2824 5667 δέ.

282 5682 373 5841 96}
414 5699 610 5770 Καιροῦ
634 5690 826 5775 τάξεως
860 5690 929 5747 Α.
1109 5760 1119 5771 1
1655 5756 1666 5767 .

282 5765 346 5822 97
392 5767 514 5825 Hoc
541 5763 836 5823 schohum
860 5776 985 5820 non
1008 5761 1223 5835 legitur
1240 5757 1392 5833 apud
1419 5757 1715 5815 Hentenlu
1731 5772 1807 5812 ω.

811 5710 826 5752 ς
860 5690 929 5747 Α.
1966 5684 2083 5756 (98)
2123 5684 2323 5741 Τούτου
2352 5682 2420 5737 Α·

811 5779 836 5819 1
860 5776 985 5820 non
1008 5760 1223 5835 legitur
1240 5757 1392 5833 apud
1419 5756 1715 5815 Henteniu
1731 5772 1807 5812 ω.

280 5757 371 5835 97)
392 5757 526 5825 Hoc'
541 5763 836 5823 scholium
860 5776 985 5820 non
1008 5760 1223 5835 legitur
1240 5757 1392 5833 apud
1419 5757 1715 5815 Henteniu
1731 5772 1807 5812 ω.
