4128 6388
585 345 694 402 975

659 468 820 524 CAP.
859 466 990 524 XLI.
1017 467 1105 523 De
1131 465 1213 521 his
1244 468 1348 538 qui
1371 466 1608 537 signum
1636 465 1941 535 petebant.

659 555 824 613 Vers.
847 556 917 610 29
945 593 960 610 .
990 554 1206 612 Turbis
1235 560 1428 612 autem
1447 587 1512 596 —
1534 553 1772 627 quaerit.
1793 557 1956 610 Nunc
1980 553 2160 609 etiam
2187 551 2259 607 de

587 647 819 720 reliqua
885 661 1092 703 eorum
1179 645 1531 715 cogitatione
1573 636 1947 715 respondet.
2013 643 2260 699 Pravam

589 740 792 792 autem
839 735 1171 791 nominavit
1216 734 1658 804 generationem
1702 733 2138 789 Pharisaeorum
2193 746 2262 786 ac

590 824 1072 890 Sadductnorum,
1102 829 1393 896 tanquam
1438 829 1756 880 tentantem
1782 823 2005 896 ipsum.
2045 821 2123 876 De
2148 820 2262 902 hac

569 907 787 971 autem
815 914 1039 969 dictum
1079 917 1166 968 est
1203 912 1492 970 vicesimo
1523 911 1694 969 tertio
1731 912 1924 985 capite
1955 909 2264 982 Evangelil

591 1001 924 1060 secundum
947 1002 1305 1059 Matthaum.

566 1086 572 1090 ’
661 1093 824 1149 Vers.
855 1095 947 1148 29.
987 1091 1063 1147 Et
1096 1121 1166 1133 —
1189 1092 1519 1162 prophetae.
1554 1091 1641 1147 Ibi
1668 1090 1849 1147 etiam
1887 1090 2017 1146 haec
2067 1087 2263 1144 mani-

587 1181 733 1238 feste
761 1180 1063 1238 declarata
1092 1186 1252 1237 sunt.

659 1270 826 1328 Vers.
857 1274 944 1327 30.
977 1269 1132 1325 Sicut
1186 1300 1255 1311 —
1293 1270 1412 1326 isti.
1449 1268 1977 1336 Quemadmodum
2028 1267 2122 1323 ille
2154 1267 2261 1322 fuit

587 1361 827 1432 signum
868 1359 1029 1432 apud
1098 1358 1408 1430 Ninivitas,
1465 1359 1578 1415 hoc
1645 1365 1752 1428 est,
1807 1375 1900 1414 res
1950 1373 2257 1430 nunquam

588 1449 830 1516 audita;
857 1448 1024 1521 quod
1064 1448 1596 1521 supernaturaliter
1635 1465 1665 1504 e
1697 1455 1897 1504 ventre
1946 1449 2056 1503 ceti
2089 1446 2259 1501 tertio

589 1539 688 1595 die
712 1537 1064 1594 liberaretur
1113 1553 1126 1593 :
1176 1537 1258 1594 ita
1289 1538 1384 1594 hic
1430 1539 1797 1609 eritsignum
1836 1537 2256 1610 apudgenera,

587 1627 814 1686 tionem
848 1626 1179 1683 inﬁdelium
1227 1627 1594 1691 Judteorum.
1649 1629 1770 1683 sive
1816 1644 1910 1683 res
1966 1625 2258 1682 inaudita-

589 1717 751 1791 quod
799 1716 1329 1789 supernaturaliter
1386 1733 1416 1772 e
1484 1721 1682 1772 ventre
1733 1721 1899 1772 terrae
1945 1715 2112 1772 tertio
2165 1715 2258 1770 die

1912 336 2260 396 EUTHYMII
2315 335 2640 394 ZlGABENI
3843 347 3938 402 976

2586 471 2730 518 ΚΕΦ.
2764 465 2896 520 ΜΑ’.
2929 470 3053 539 Περὶ
3084 474 3183 518 τῶν
3229 465 3504 518 αἰτούντων
3550 477 3773 540 σημεῖον.

2442 560 2551 605 Τῶν
2582 551 2640 606 δε
2697 555 2869 626 ὄχλων
2905 587 2967 594 -
3016 553 3270 616 ἐπιζητεῖ.
3325 563 3430 608 Νῦν
3498 555 3813 628 ἀπολογεῖται
3862 568 3940 612 καὶ

2372 648 2488 714 περὶ
2552 651 2640 695 τού
2701 644 2872 720 ἐτέρου
2925 646 3087 696 αὐτῶν
3147 642 3508 716 διανοήματος,
3542 649 3609 706 ὡς
3638 653 3936 722 προείρηται.

2374 735 2609 806 Πονηράν
2643 730 2700 785 δὲ
2750 735 2985 806 ὠνόμασε
3037 739 3130 792 τὴν
3187 736 3360 804 γενεὰν
3410 743 3506 785 τῶν
3559 741 3839 810 Φαρισαίων
3865 747 3942 790 καὶ

2373 818 2767 886 Σαδδουκαίων,
2833 825 2901 886 ως
2983 824 3356 896 πειραζουσαν.
3436 827 3650 896 Εἴρηται
3728 821 3783 877 δὲ
3838 831 3941 901 περὶ

2371 914 2563 972 ταύτης
2592 917 2680 963 καὶ
2711 911 2758 964 ἐν
2803 921 2874 984 τῷ
2912 914 3128 982 εἰκοστῷ
3176 918 3330 987 τρίτῳ
3384 913 3639 985 κεφαλαίῳ
3686 922 3772 965 τοῦ
3825 918 3944 966 κατὰ

2370 1003 2636 1054 Ματθαῐον
2650 1046 2661 1058 ,

2445 1095 2544 1143 Καὶ
2577 1122 2643 1131 -
2673 1096 2962 1164 προφήτου.
2987 1092 3067 1145 Ἐν
3099 1090 3271 1163 ἐκείνῳ
3301 1096 3389 1144 καὶ
3416 1099 3582 1143 ταῦτα
3604 1100 3769 1162 σαφῶς
3793 1093 3941 1164 ἡρμη-

2369 1181 2520 1238 νεύθη
2532 1199 2645 1233 σαν.

2443 1271 2720 1330 Καθὼς-
2780 1274 2965 1339 ταύτῃ.
3037 1273 3216 1333 Καθὼς
3275 1269 3457 1331 ἐκεῖνος
3507 1268 3695 1339 ἐγένετο
3753 1278 3942 1341 σημεῖον

2370 1362 2511 1430 παρά
2539 1367 2645 1420 τοῖς
2681 1362 2987 1427 Νινευίταις,
3043 1364 3304 1424 τουτέστι,
3363 1356 3658 1434 παράδοξον
3699 1361 3941 1430 ἄκουσμα,

2371 1449 2444 1500 ὅτι
2497 1451 2767 1524 ὑπερφυῶς
2817 1449 2870 1501 ἐκ
2942 1457 3035 1510 τῆς
3091 1450 3286 1510 κοιλίας
3341 1457 3431 1502 τοῦ
3489 1454 3671 1508 κήτους
3740 1447 3941 1522 ἐρρύσθη

2372 1543 2638 1612 τριήμερος
2675 1557 2686 1568 ·
2722 1540 2856 1591 οὕτω
2894 1544 2984 1591 καὶ
3040 1539 3189 1601 οὗτος
3244 1545 3514 1611 γενήσεται
3573 1545 3780 1609 σημεῖον
3821 1541 3947 1608 παρά

2369 1636 2430 1700 τῇ
2464 1634 2612 1700 γενεᾲ
2663 1637 2761 1680 τῶν
2812 1627 3045 1681 ἀπίστων
3122 1625 3415 1695 Ἰουδαίων,
3481 1632 3618 1691 ἤτοι,
3674 1622 3944 1700 παράδοξον

2369 1719 2632 1790 ἄκουσμα,
2689 1720 2768 1770 ὅτι
2825 1720 3093 1791 ὑπερφυῶς
3156 1717 3209 1769 ἐκ
3258 1727 3347 1778 τῆς
3396 1726 3497 1790 γῆς
3571 1717 3752 1774 ἀνέστη
3809 1720 3944 1788 τριη-

587 1805 923 1863 surrexerit.
959 1806 1072 1862 Sed
1123 1806 1385 1862 Ninivitte
1421 1822 1565 1863 sane
1605 1805 1986 1862 crediderunt
2038 1805 2251 1860 auditae

2369 1827 2541 1881 μερος.
2575 1807 2731 1859 Ἀλλὰ
2778 1814 3044 1860 Νινευῑται
3082 1810 3170 1880 μὲν
3205 1813 3293 1859 καὶ
3322 1808 3631 1859 ἐπίστευσαν
3660 1814 3727 1876 τῷ
3754 1807 3944 1872 τοιούτῳ

587 1895 862 1965 novitati,
885 1912 955 1953 ac
979 1895 1336 1952 obedierunt
1361 1895 1476 1965 his,
1501 1912 1635 1968 quae
1667 1899 1843 1951 Jonas
1870 1894 2215 1967 praedicavit
2241 1911 2252 1949 :

586 1984 648 2042 hi
705 2001 847 2042 vero
904 2001 1013 2040 nec
1071 1985 1451 2042 crediderunt
1521 2001 1634 2041 nec
1687 1985 2065 2050 obedierunt,
2117 1983 2256 2038 ideo

587 2089 828 2147 quoque
859 2073 942 2130 illi
993 2075 1488 2131 condemnabunt
1516 2075 1679 2144 istos,
1715 2073 1889 2130 sicuti
1907 2073 2089 2146 paulo
2122 2076 2257 2142 post

590 2163 1089 2220 manifestabitur.

662 2256 827 2309 Vers.
850 2254 939 2308 31.
970 2254 1190 2324 Regina
1211 2285 1281 2294 —
1306 2253 1414 2310 hoc
1442 2254 1668 2310 inloco.
1705 2253 1850 2310 Haec
1874 2258 1929 2308 et
1951 2250 2255 2308 Matthaaus

588 2343 862 2418 praedicto
882 2343 1012 2399 loco
1041 2343 1356 2416 proposuit
1382 2361 1395 2404 :
1434 2349 1490 2399 et
1519 2342 1597 2398 ibi
1627 2357 1824 2415 quaere
1846 2342 2064 2398 horum
2089 2356 2257 2396 enar-

588 2432 904 2491 rationem.

660 2522 822 2578 Vers.
852 2525 940 2578 32.
986 2521 1114 2577 Viri
1145 2552 1198 2563 —-
1230 2520 1335 2577 hoc
1363 2522 1426 2578 in
1452 2522 1598 2578 loco-
1629 2524 1691 2576 In
1712 2520 1812 2577 illo
1842 2521 2033 2592 capite
2074 2520 2254 2576 etiam

587 2611 712 2668 haec
763 2611 997 2683 scripsit
1039 2610 1371 2675 Mattheeus,
1413 2615 1742 2683 antequam
1789 2610 1864 2666 de
1906 2609 2114 2680 regina
2144 2612 2256 2663 Au-

589 2700 694 2757 stri
725 2715 742 2768 ;
775 2699 906 2770 lege
928 2700 1165 2769 ergoibi
1187 2699 1407 2756 horum
1424 2717 1667 2774 quoque
1703 2698 2251 2772 interpretationem

588 2789 1018 2847 rationabiliter
1044 2794 1400 2845 enarratam.

660 2880 826 2936 Vers.
855 2883 944 2935 33.
998 2879 1181 2935 Nemo
1241 2909 1306 2919 --
1357 2879 1614 2935 videant.
1647 2879 1883 2935 Dictum
1939 2877 2120 2933 estde
2155 2876 2250 2932 his

587 2969 800 3043 quinto
816 2969 1011 3041 capite
1031 2968 1336 3038 Evangelii
1347 2971 1366 3040 j
1379 2975 1516 3024 uxta
1529 2968 2002 3035 Mattheeum,ubi
2015 2967 2247 3031 dicitur,

585 3059 721 3116 Non
744 3064 934 3129 potest
960 3058 1169 3116 civitas
1195 3059 1481 3115 abscondi
1499 3075 1677 3130 supra
1697 3064 1943 3114 montem
1969 3057 2163 3126 posita
2181 3058 2248 3110 1.

589 3147 759 3204 Exiis
783 3149 964 3217 enim,
1015 3164 1151 3221 quae
1185 3147 1268 3204 ibi
1317 3148 1478 3204 dicta
1527 3153 1683 3213 sunt,
1719 3147 1900 3204 etiam
1940 3148 2070 3202 haec
2131 3145 2250 3218 ple-
2281 3182 2322 3240 α

586 3238 826 3294 nissime
873 3237 980 3293 tibi
1017 3242 1162 3294 nota
1191 3238 1354 3293 ﬁcnt.
1396 3237 1823 3294 Absconditum
1860 3242 2062 3292 autem
2088 3237 2247 3302 dicit,

587 3326 880 3384 occultum
910 3325 1306 3399 domicilium.

660 3416 826 3473 Vers.
855 3418 943 3473 34.
962 3415 1712 3473 Lucerna—tenebrosum.
1730 3418 1892 3472 Hanc
1914 3415 2095 3471 etiam
2115 3430 2248 3471 con-

588 3505 1010 3563 siderationem
1040 3506 1271 3578 scripsit
1323 3507 1624 3562 Matthaaus
1674 3505 1880 3578 quinto
1933 3505 2148 3577 capite,
2198 3511 2253 3560 et

588 3594 670 3652 ibi
696 3611 894 3667 quaere
923 3595 1470 3667 interpretationem
1490 3595 1800 3665 diligenter
1818 3595 2176 3666 expositam.

661 3771 822 3830 Vers.
852 3772 940 3828 35.
983 3773 1128 3830 Vide
1161 3803 1230 3812 —
1254 3773 1392 3829 sint.
1446 3773 1736 3839 Observa,
1794 3789 1866 3828 ne
1895 3789 2088 3842 mens,
2127 3772 2255 3828 ani-

587 3877 706 3919 mai
751 3867 867 3917 tuae
925 3861 1190 3918 fenestra
1280 3862 1383 3936 (b),
1443 3861 1862 3918 aﬂectionibus
1902 3862 2254 3918 obtenebre-

587 3955 700 4007 tur.

661 4044 825 4099 Vers.
893 4042 984 4098 36.
1031 4040 1098 4099 Si
1153 4049 1224 4098 te.
1257 4041 1346 4098 Ab
1401 4042 1674 4114 exemplo
1719 4043 1866 4114 ejus,
1900 4042 2066 4115 quod
2099 4043 2254 4099 circa

587 4146 806 4204 corpus
833 4130 1067 4198 accidit,
1108 4130 1260 4203 facit,
1305 4136 1368 4187 ut
1442 4133 1518 4188 de
1569 4134 1774 4188 anima
1822 4131 2248 4203 intelligamus.

585 4221 759 4292 cujus
788 4220 873 4277 illi
901 4220 1092 4293 major
1137 4237 1282 4278 cura
1330 4226 1437 4276 est.
1476 4223 1635 4278 Sicut
1675 4222 1830 4276 enim
1866 4222 1927 4276 in
1981 4238 2248 4294 corpore,

584 4317 668 4373 ita
716 4309 855 4366 etin
897 4311 1143 4376 anima;
1187 4310 1235 4365 si
1273 4310 1402 4366 haec
1459 4315 1581 4366 tota
1626 4310 1826 4366 lucida
1876 4311 2068 4376 fuerit,
2133 4328 2253 4367 non

583 4401 812 4456 habens
859 4399 1192 4472 quidquam
1251 4399 1560 4456 affectione
1615 4401 2006 4466 tenebrosum,
2061 4417 2255 4473 neque

583 4488 892 4554 rationale,
936 4505 1131 4560 neque
1179 4489 1490 4554 irascibile,
1525 4505 1719 4562 neque
1767 4489 2250 4562 concupiscibile,

585 4578 693 4633 erit
721 4577 917 4633 lucida
948 4582 1088 4643 tota,
1132 4577 1282 4634 sicut
1321 4579 1568 4650 quando
1600 4579 1846 4635 lucerna
1889 4579 2117 4650 fulgore
2143 4597 2253 4635 suo
2288 4595 2290 4598 '

581 4665 881 4724 illuminat
921 4672 994 4730 te,
1043 4665 1158 4723 hoc
1188 4672 1294 4732 est,
1351 4668 1844 4740 splendidissima
1891 4685 1962 4725 ac
2015 4669 2254 4726 lucidis-

586 4771 815 4902 mutili».
837 4845 985 4903 XLII.
1006 4847 1089 4903 De
1101 4847 1395 4917 pharisaso
1414 4847 1515 4920 qui
1552 4847 1858 4906 Dominum
1885 4848 2177 4906 invitavit.

656 5025 826 5098 Vers,
865 5031 955 5082 37.
986 5027 1067 5083 Et
1101 5057 1154 5068 —
1204 5042 1280 5083 se.
1323 5028 1468 5084 Cum
1499 5027 1736 5085 locutus
1764 5034 1936 5096 esset,
1965 5045 2096 5102 quae
2117 5030 2250 5103 jam

583 5119 739 5177 dicta
799 5120 956 5174 sunt.
1019 5121 1228 5191 Ηρώτα,
1266 5116 1382 5173 hoc
1439 5123 1545 5186 est,
1586 5118 2041 5192 deprecabatur,
2091 5120 2244 5178 sicut

655 5299 702 5336 εί
725 5297 928 5356 Matth.
958 5314 1020 5370 ν,
1056 5299 1151 5356 ιι.

2369 1895 2682 1969 ἀκούσματι,
2707 1902 2796 1948 καὶ
2847 1896 3184 1963 ἐπείσθησαν,
3210 1898 3282 1956 οἷς
3331 1896 3607 1972 ἐκήρυττεν
3643 1896 3825 1955 Ἰωνᾶς·
3873 1892 3942 1944 οὗ·

2366 2006 2446 2038 τοι
2487 1983 2545 2038 δε
2566 1991 2655 2038 καὶ
2681 1987 2986 2044 ἠπίστησαν
3018 1992 3107 2038 καὶ
3155 1987 3471 2044 ἠπείθησαν.
3513 1990 3598 2039 Διό
3652 1990 3740 2037 καὶ
3785 1987 3946 2035 ἐκεῖνοι

2366 2083 2740 2148 κατακρινοῡσι
2793 2078 3024 2139 τούτους,
3079 2078 3148 2138 ὡς
3209 2079 3340 2147 μετὰ
3391 2080 3578 2151 μικρὸν
3658 2070 3946 2132 δηλωθήσε-

2365 2183 2472 2216 ται.

2441 2252 2739 2307 Βασίλισσα
2783 2285 2847 2294 -
2888 2251 3009 2308 ὧδε.
3073 2261 3248 2306 Ταυτα
3287 2259 3374 2306 καὶ
3417 2257 3441 2306 6
3473 2255 3740 2314 Ματθαῐος
3797 2251 3840 2303 ἐν
3885 2258 3946 2319 τῷ

2368 2339 2652 2399 δηλωθέντι
2683 2342 2939 2414 κεφαλαίῳ
2968 2342 3183 2406 ἐξέθετο,
3217 2349 3305 2396 καὶ
3340 2345 3573 2404 ζήτησον
3612 2341 3711 2395 ἐκεῖ
3737 2347 3824 2398 την
3846 2343 3947 2391 τού-

2365 2451 2463 2483 των
2492 2430 2574 2494 ἐξή
2583 2452 2647 2502 γη
2657 2451 2738 2483 σιν
2749 2475 2759 2485 .

2437 2518 2652 2594 ’Ἄνδρες
2691 2552 2758 2560 ——
2781 2517 2902 2573 ὧδε.
2958 2523 3040 2572 Ἐν
3073 2521 3244 2593 ἐκείνῳ
3271 2531 3342 2593 τῷ
3390 2522 3647 2594 κεφαλαίω
3691 2525 3949 2572 καὶταῦτα

2363 2613 2629 2670 Ῑνίατθαίος
2660 2609 2936 2685 ἀνέγραψε,
2966 2616 3064 2685 πρὸ
3097 2621 3194 2663 τῶν
3227 2617 3343 2684 περὶ
3392 2621 3486 2674 τῆς
3513 2610 3832 2685 βασιλίσσης
3869 2615 3947 2659 τοῦ

2361 2708 2532 2764 νότου,
2567 2706 2656 2752 καὶ
2687 2699 2945 2770 ἀνάγνωθι
2988 2707 3078 2753 καὶ
3135 2708 3227 2759 τὴν
3294 2705 3491 2754 τούτων
3544 2702 3801 2776 ἑρμηνείαν
3839 2697 3944 2761 ἐκεῖ,

2361 2793 2497 2841 κατά
2525 2790 2674 2860 λόγον
2717 2789 2869 2860 ἐξηγη
2881 2793 3074 2842 θεῖσαν.

2432 2877 2620 2940 Οὐδεὶς
2683 2912 2738 2919 --
2813 2878 3095 2950 βλέπωσιν.
3160 2884 3378 2953 Εἴρηται
3437 2886 3561 2953 περὶ
3611 2883 3796 2932 τούτων
3823 2876 3952 2944 ἐντῷ

2361 2975 2576 3040 πέμπτῳ
2608 2968 2867 3040 κεφαλαίῳ
2896 2977 2986 3020 τού
3027 2973 3162 3020 κατά
3193 2971 3491 3036 Ματθαῖον,
3521 2973 3640 3022 ἔνθα
3683 2976 3844 3020 κεῖται
3867 2969 3949 3015 τό·

2363 3059 2436 3109 Ou’
2467 3055 2689 3110 δύναται
2717 3057 2862 3120 πόλις
2912 3056 3168 3130 κρυϐῆναι
3200 3057 3367 3110 ἐπάνω
3396 3063 3557 3132 ὅρους
3583 3063 3805 3130 κειμένη.
3837 3056 3952 3106 Ἀπὸ

2360 3155 2482 3218 γοῦν
2538 3157 2639 3199 τῶν
2706 3149 2959 3222 ῥηθέντων
3006 3146 3108 3199 ἐκεῖ
3156 3154 3244 3200 καὶ
3309 3157 3483 3200 ταῦτα
3539 3149 3828 3221 σαφέστατά
3881 3161 3953 3195 σοι

2359 3241 2689 3307 γενήσονται.
2743 3241 2989 3311 Κρυπτὴν
3050 3233 3109 3289 δε
3152 3244 3238 3288 νύν
3280 3237 3436 3309 λέγει,
3511 3244 3606 3297 τὴν
3669 3235 3947 3309 ἀπόκρυφον

2361 3326 2550 3380 οὶκίαν.

2431 3415 2487 3466 '0
2545 3415 2736 3487 λύχνος
2792 3447 2861 3455 -—
2927 3419 3212 3471 σκοτεινόν.
3280 3422 3447 3468 Τοῦτο
3496 3419 3554 3469 τὸ
3603 3420 3771 3488 νόημα
3812 3411 3952 3464 καὶὸ

2361 3507 2632 3566 Mareade;
2727 3505 3002 3579 ἱστόρησεν
3088 3504 3135 3556 ἐν
3225 3514 3296 3576 τῷ
3385 3509 3611 3578 πέμπτῳ
3691 3502 3948 3576 κεφαλαίῳ,

2361 3599 2450 3644 καὶ
2501 3597 2728 3655 ζήτησον
2760 3592 2807 3643 ἐν
2835 3593 3006 3664 ἐκείνῳ
3059 3599 3149 3652 τὴν
3182 3593 3436 3660 ἐπίλυσιν,
3499 3593 3724 3668 ἀκριϐῶς
3757 3591 3952 3644 ἐκτεθει-

2361 3687 2536 3755 μένην.

2435 3778 2618 3825 Σκόπει
2650 3805 2711 3812 —
2769 3772 2900 3827 ἐστί.
2932 3779 3136 3839 Σκόπει,
3168 3779 3240 3847 μὴ
3277 3777 3300 3826 ό
3331 3782 3450 3835 νοῦς
3483 3777 3506 3826 6
3539 3776 3846 3848 φωταγωγὸς
3869 3778 3952 3830 τῆς

2361 3862 2547 3935 ψυχῆς
2577 3882 2670 3915 σου
2707 3866 2958 3936 σκοτισθῇ
2987 3865 3098 3936 (99)
3130 3866 3230 3916 ὑπὸ
3271 3873 3370 3916 τῶν
3408 3867 3613 3918 παθῶν.

2441 4043 2498 4097 Εἰ
2525 4075 2593 4082 -
2627 4063 2702 4095 σε.
2760 4043 2888 4096 Ἀπὸ
2915 4051 3005 4096 τοῦ
3038 4045 3174 4096 κατὰ
3211 4046 3267 4095 τὸ
3333 4051 3488 4116 σῶμα
3544 4040 3954 4118 παραδείγματος

2365 4138 2480 4207 περὶ
2512 4143 2606 4194 τῆς
2636 4133 2822 4204 ψυχῆς
2846 4129 3044 4186 δίδωσι
3073 4141 3219 4198 νοεῖν,
3258 4134 3320 4195 ἧς
3350 4133 3542 4205 μᾶλλον
3579 4135 3719 4205 αὐτῷ
3748 4134 3953 4206 φροντίς-

2362 4220 2561 4296 Ὠσπερ
2592 4226 2691 4296 γὰρ
2726 4222 2808 4274 ἐπὶ
2838 4231 2928 4274 τοῦ
2970 4229 3230 4294 σώματος,
3265 4224 3399 4274 οὕτω
3427 4230 3516 4276 καὶ
3536 4223 3618 4276 ἐπὶ
3647 4231 3739 4285 τῆς
3763 4223 3952 4293 ψυχῆς,

2366 4309 2447 4362 ἐὰν
2477 4312 2606 4369 αὕτη
2641 4313 2729 4369 ὅλη
2766 4317 2980 4384 φωτεινὴ
3019 4315 3121 4380 εἴη,
3148 4316 3218 4384 μὴ
3244 4315 3447 4384 ἔχουσα
3464 4310 3634 4384 μηδὲν
3661 4317 3806 4386 μέρος
3827 4309 3957 4361 ἐσκο-

2364 4405 2602 4472 τισμένον
2637 4403 2811 4464 πάθει,
2859 4407 2988 4474 μήτε
3033 4405 3090 4452 τὸ
3119 4401 3440 4472 λογιστικόν,
3473 4408 3609 4473 μήτε
3639 4407 3696 4455 τὸ
3731 4401 3954 4472 θυμικόν,

2365 4496 2495 4560 μήτε
2540 4495 2596 4542 τὸ
2628 4489 3023 4563 ἐπιθυμητικὸν,
3080 4494 3229 4543 ἔσται
3287 4498 3503 4564 φωτεινη
3549 4495 3641 4551 ὅλη
3703 4493 3874 4554 οὕτως,
3902 4489 3958 4544 ὡς

2365 4581 2484 4632 ὅταν
2515 4581 2539 4631 6
2569 4579 2764 4652 λύχνος
2789 4589 2849 4652 τῇ
2885 4579 3126 4654 ἀστραπῇ
3160 4581 3319 4633 αὐτοῦ
3361 4585 3561 4658 φωτίζῃ
3601 4603 3678 4650 σε,
3713 4584 3954 4639 τουτέστι,

2362 4668 2700 4745 λαμπροτάτη
2743 4674 2830 4722 καὶ
2863 4666 3217 4744 φαιδροτάτη.

2471 4855 2615 4906 ΚΕΦ.
2650 4848 2771 4904 ΜΗ.
2815 4855 2939 4923 Περὶ
2970 4857 3061 4902 τοῦ
3091 4855 3382 4926 Φαρισαίου
3423 4857 3516 4904 τοῦ
3548 4851 3863 4912 καλέσαντος

3013 4945 3100 4994 τὸν
3131 4942 3359 5000 Ἰησοῦν.
3891 4940 3893 4942 ’

2431 5031 2512 5083 Ἐν
2561 5061 2630 5072 -
2690 5029 2850 5102 αύτῷ.
2907 5031 2992 5084 Ἐν
3031 5038 3102 5083 τῶ
3159 5030 3405 5099 λαλῆσαι,
3456 5033 3522 5085 τὰ
3560 5029 3672 5092 ἤδη
3713 5031 3953 5108 ῥηθέντα.

2361 5121 2568 5197 Ἦρώτα
2632 5117 2712 5191 δὶ,
2777 5119 2891 5176 ἀντὶ
2955 5129 3068 5190 τοῦ,
3138 5121 3418 5198 παρεκάλει
3479 5124 3660 5186 καθὼς
3722 5119 3962 5178 παλλακίς

1795 5395 2018 5468 Variae
2069 5397 2400 5469 lectiones
2448 5409 2514 5468 et
2553 5409 2760 5468 notae.

655 5528 772 5602 (99)
800 5529 1142 5603 Ἐσκοτίσθη,
1163 5531 1233 5600 Β,

655 5653 733 5731 _(a)
761 5654 977 5731 creata
1001 5661 1109 5715 est.
1125 5656 1289 5731 Legit
1308 5671 1450 5730 ergo
1488 5655 1991 5731 Θιὶἃωπεφυκέναι,

645 5727 726 5803 (ὁ)
757 5727 987 5787 Anima:
1025 5727 1380 5804 tuwferiestra

1412 5731 1555 5797 Quae
1590 5730 1836 5790 animum
1879 5735 1997 5789 tum
2031 5731 2381 5798 collustrat.
