4128 6398
221 374 320 429 977
1220 372 1585 430 COMMENT.
1636 372 1698 428 lN
1739 368 2006 426 LUCAM.
2046 404 2115 415 --
2153 374 2312 432 CAP.
2352 380 2451 434 XI.
3491 382 3615 443 978'

222 502 553 575 ἡρμήνευται.
601 507 764 553 Τοῦτο
821 496 881 553 δὲ
905 498 1085 564 ἐποίει,
1124 496 1371 553 δεικνύων
1426 502 1605 555 ἑαυτὸν
1638 501 1821 555 ἀνώτε-

1965 506 2273 572 requenter
2293 504 2579 571 diximus,
2602 510 2703 563 aut
2719 504 3031 562 invitabat.
3053 508 3174 563 Hoc
3198 514 3397 566 autem
3420 510 3595 569 facie-

220 610 302 663 ρον
342 598 440 641 τῶν
490 590 651 641 ἄλλων
705 594 1023 663 Φαρισαίων,
1080 594 1168 641 καὶ
1218 598 1313 653 τῆς
1362 591 1563 644 ἐκείνων
1617 591 1821 664 βασκα-

1969 594 2045 646 at.
2079 594 2420 660 ostendens,
2447 611 2508 650 se
2533 596 3015 667 praestantiorem
3043 611 3176 652 esse
3200 600 3429 654 caeteris
3450 600 3595 658 Pha-

221 685 323 739 νίας
371 679 651 752 ἐλεύθερον.
701 679 759 732 Ὀ
805 676 863 732 δὲ
917 683 1148 753 Χριστὸς
1206 683 1457 747 πείθεται,
1507 681 1819 755 βουλόμενος

1964 679 2140 743 isteis,
2175 687 2231 737 et
2251 683 2329 739 ab
2350 683 2585 740 illorum
2621 685 2847 741 invidia
2870 685 3146 742 liberum.
3168 685 3433 745 Christus
3450 706 3593 748 vero

226 768 641 841 ἀποχρήσασθαι
727 777 790 842 τῇ
870 773 1102 842 τραπέζῃ
1183 774 1312 845 πρὸς
1376 773 1647 824 νουθεσίαν
1729 779 1819 823 τοῦ

1964 774 2116 835 taret,
2148 774 2395 844 cupiens
2418 790 2631 831 mensa
2660 775 2741 830 uti
2774 776 2850 831 ad
2881 776 3283 833 convivatoris
3314 779 3594 837 admoni-

224 858 538 932 ἑστιάτορος.

1931 859 2174 915 tionem.

293 948 546 1001 Εἰσελθὼν
616 980 685 989 ——
765 947 1005 1023 ἀρίστου.
1056 949 1144 1011 Ὠς
1223 957 1284 1008 ἦν
1350 952 1483 1020 ἔθος,
1549 951 1607 1002 οὗ
1668 956 1819 1023 μόνον

2002 949 2165 1006 Vers.
2186 955 2274 1008 37.
2296 952 2607 1024 Ingressus
2625 986 2693 995 -—
2713 955 2877 1010 Vers.
2904 959 2989 1012 38.
3003 956 3352 1025 prandium.
3378 960 3593 1025 Quem-

225 1043 543 1112 Φαρισαίοις,
608 1037 735 1091 ἀλλὰ
788 1043 901 1090 καὶ·
934 1045 1095 1091 πᾶσιν
1142 1036 1444 1103 Ἰουδαίοις.
1487 1044 1620 1098 Φησὶ
1660 1044 1762 1114 γὰρ
1797 1043 1820 1092 ό

1961 1040 2262 1098 .dmodum
2304 1045 2485 1101 moris
2516 1048 2662 1111 erat,
2692 1060 2811 1101 non
2849 1051 3084 1103 tantum
3114 1047 3451 1112 Pharisaais,
3482 1050 3591 1107 sed

224 1132 427 1199 Μάρκος
474 1126 520 1179 ἐν
558 1136 629 1198 τῷ
682 1124 1112 1199 ὀκτωκαιδεκάτῳ
1154 1129 1434 1202 κεφαλαίῳ·
1477 1132 1554 1183 ὅτι
1585 1133 1633 1183 οἱ
1667 1138 1821 1204 Φαρι-

1960 1135 1988 1184 t
2004 1131 2229 1187 Judmis
2256 1134 2559 1190 omnibus.
2587 1136 2681 1190 ,ιιι
2705 1135 2863 1191 enim
2896 1135 3129 1192 Marcus
3160 1136 3219 1191 in
3241 1138 3355 1194 ﬁne
3371 1139 3590 1196 decimi

226 1226 362 1270 σαῖοι
392 1223 480 1269 καὶ
518 1220 702 1278 πάντες
754 1218 803 1268 οὶ
833 1214 1104 1281 Ἰουδαῖοι,
1156 1216 1240 1270 ἐὰν
1284 1224 1355 1291 μὴ
1404 1229 1588 1293 πυγμῇ
1629 1220 1822 1292 νὶψων-

1968 1221 2170 1290 eptimi
2224 1224 2454 1295 capitis,
2507 1226 2671 1297 quod
2708 1225 3007 1292 Pharisaei,
3041 1232 3096 1282 et
3138 1242 3349 1283 omnes
3376 1229 3589 1286 Judaei

224 1328 304 1359 ται
359 1311 450 1369 τὰς
504 1314 711 1381 χεῖρας,
754 1307 848 1358 οὐκ
888 1306 1144 1373 ἐσθίοντι,
1180 1316 1484 1382 κρατοῦντες
1530 1315 1618 1368 τὴν
1650 1314 1821 1383 παρά-

1956 1309 2271 1366 lisicrebro
2300 1312 2570 1380 laverint,
2600 1330 2723 1369 non
2744 1315 2981 1385 capiunt
3009 1315 3233 1383 cibum,
3258 1317 3586 1375 observan-

224 1396 369 1452 δοσιν
396 1407 496 1451 τῶν
526 1398 911 1473 πρεσϐυτέρων·
947 1404 1036 1450 καὶ
1086 1398 1187 1451 ἀπὸ
1243 1401 1452 1474 ἀγορᾶς,
1508 1400 1590 1453 ἐὰν
1636 1406 1705 1472 μὴ
1742 1403 1820 1473 (Ι)

1956 1415 2016 1453 es
2072 1401 2375 1456 mordicus
2432 1403 2812 1459 traditionem
2869 1404 3180 1461 seniorum
3215 1422 3228 1461 :
3260 1411 3318 1463 et
3367 1423 3404 1463 a
3456 1407 3586 1465 foro

224 1487 601 1560 βαπτίσωνται,
653 1488 746 1539 οὐκ
782 1487 1041 1541 ἐσθίουσι.
1096 1486 1349 1561 Οὐδαμοὺ
1381 1493 1471 1562 μὲν
1508 1493 1608 1563 ’γὰρ
1642 1491 1818 1553 αὐτοῖς

1959 1496 2310 1557 evertentes,
2365 1492 2480 1547 nisi
2526 1493 2801 1562 laverint,
2837 1509 2960 1550 non
3013 1494 3341 1551 comedunt
3393 1497 3461 1553 ⁸³.
3496 1499 3588 1553 Et-

219 1580 242 1629 6
286 1581 413 1639 Θεὸς
460 1576 738 1629 ἐνετείλατο
787 1580 843 1629 τὸ
906 1585 1138 1630 τοιοῦτον
1198 1578 1496 1652 βάπτισμα.
1562 1577 1818 1652 Παρέδω-

1963 1580 2085 1634 nim
2111 1580 2264 1635 Deus
2287 1596 2592 1653 nusquam
2604 1581 2955 1654 hujusmodi
2974 1583 3258 1640 lotionem
3272 1585 3357 1641 eis
3371 1600 3589 1658 praece-

216 1688 306 1718 καν
340 1664 397 1719 δὲ
436 1670 642 1727 τούτοις
688 1669 735 1718 οἱ
780 1666 1124 1741 πρεσϐύτεροι
1168 1672 1299 1741 μετὰ
1346 1674 1434 1721 καὶ
1481 1670 1643 1721 ἄλλων
1690 1669 1813 1722 ἐθῶν

1959 1668 2028 1733 ιιι,
2053 1670 2162 1725 sed
2193 1671 2456 1726 seniores
2494 1671 2607 1726 illis
2639 1671 3012 1728 tradiderunt
3051 1689 3189 1729 cum
3230 1675 3450 1731 caeteris
3478 1690 3589 1732 na-

214 1762 300 1809 καὶ
338 1764 509 1821 τοῦτο,
546 1752 821 1817 δοκοῦντες
848 1756 1196 1810 ἀπολούεσθαι
1213 1765 1385 1810 πᾶσαν
1411 1758 1812 1832 προστριϐεἰσαν

1951 1758 2185 1815 ionibus
2208 1759 2284 1833 (ιι)
2312 1776 2700 1816 communem
2733 1776 2745 1815 :
2780 1760 2963 1833 idque
2993 1760 3259 1829 faciunt,
3282 1768 3581 1836 putantes,

215 1847 385 1906 αὐτοῖς
412 1845 460 1897 ἐν
484 1854 545 1919 τῇ
583 1845 751 1921 ἀγορᾷ
773 1844 989 1904 κηλῖδα.
1843 1898 1845 1903 ι

1956 1863 1986 1903 e
2038 1848 2281 1905 abluere
2317 1865 2563 1906 omnem
2603 1850 2926 1917 maculam,
2968 1866 3105 1923 quas
3150 1850 3295 1924 ipsis
3353 1852 3415 1909 in
3453 1853 3583 1912 foro

1924 1936 2198 1994 adhaesit.

285 2022 410 2080 Εἶπε
476 2055 546 2065 --
598 2029 870 2098 πονηρίας.
946 2022 1206 2099 Ἀφορμῆς
1271 2026 1480 2099 εὐλόγου
1558 2024 1814 2101 δραξάμε-

1992 2028 2155 2083 Vers.
2201 2027 2292 2083 36.
2346 2028 2421 2085 Et
2462 2030 2645 2086 ait—
2673 2027 2907 2085 malitia
2963 2027 3253 2086 Oﬂ‘erente
3290 2044 3353 2087 se
3406 2032 3583 2090 ratio-

213 2136 296 2176 νος
354 2114 560 2187 ἐλέγχει
618 2118 739 2176 τοὺς
811 2119 1126 2189 Φαρισαίους
1193 2118 1386 2179 πάντας
1470 2114 1564 2169 διὰ
1651 2121 1811 2190 μέσου

1953 2115 2107 2172 ιῖὼὶὶὶ
2164 2117 2482 2173 occasione
2533 2117 2728 2189 arguit
2773 2133 2984 2174 omnes
3042 2118 3380 2176 Pharisaaos
3431 2120 3583 2177 inter

214 2212 304 2256 τοῦ
370 2203 641 2265 ἐστιῶντος
697 2205 874 2274 αὐτόν,
935 2208 1001 2267 ὡς
1049 2202 1334 2270 δοκοῦντας
1391 2210 1479 2279 μὲν
1540 2210 1811 2282 ὑπερέχειν

1951 2207 2274 2278 apiendum
2294 2206 2518 2271 cibum,
2547 2212 2835 2280 tanquam
2865 2223 2991 2274 eos,
3016 2208 3119 2280 qui
3149 2224 3213 2264 se
3244 2211 3581 2281 superiores

214 2302 311 2345 τῶν
364 2294 526 2346 ἄλλων
574 2291 866 2359 Ἰουδαίων,
902 2299 1051 2357 ὄντας
1096 2293 1270 2349 δὲκαὶ
1302 2296 1485 2359 αὐτοὺς
1518 2297 1809 2359 ἀσυνέτους.

1960 2296 2353 2374 rbitrarentur
2381 2297 2864 2362 caeterisJudaais,
2881 2312 3238 2370 quanquam
3258 2299 3440 2355 etiam
3466 2300 3584 2373 ipsi

214 2390 481 2458 [Ιοτηρίων
538 2381 597 2436 δὲ
644 2393 934 2442 τηνικαῦτα
981 2390 1070 2437 καὶ
1140 2389 1366 2439 πινάκων
1420 2388 1809 2462 εἰσφερομένων,

1955 2387 2269 2458 asipientes
2320 2391 2533 2443 essent.
2580 2386 2680 2442 Hic
2720 2392 2921 2443 autem
2961 2387 3223 2443 inductis
3261 2389 3495 2460 poculis
3527 2393 3585 2445 et

213 2474 312 2526 ἀπὸ
380 2478 570 2527 τούτων
642 2484 920 2547 προσφυῶς
972 2474 1119 2528 ἔλαϐε
1190 2480 1246 2528 τὸ
1299 2475 1655 2551 παράδειγμα,
1719 2476 1812 2531 διὰ

1955 2478 2159 2544 ιδιίῐιίε,
2194 2482 2330 2549 apte
2363 2476 2622 2549 sumpsit
2651 2477 2728 2532 ab
2781 2478 2924 2548 ipsis
2964 2478 3320 2549 exemplum,
3372 2494 3585 2535 unum-

208 2569 400 2617 τούτων
464 2564 809 2636 αἰνιττόμενος
857 2566 1074 2618 ἕκαστον
1136 2572 1435 2641 Φαρισαῖον.
1488 2572 1587 2620 Καὶ
1630 2568 1809 2631 ἔξωθεν

1955 2583 2219 2639 ιιθωᾳιιε
2263 2567 2699 2622 Pharisaeorum
2730 2582 2838 2639 per
2863 2567 2989 2622 haec
3019 2567 3355 2635 insinuans,
3388 2570 3453 2624 Et
3488 2585 3585 2625 ex-

204 2657 294 2726 μὲν
350 2654 511 2705 αὐτοῦ
558 2654 711 2725 λέγει,
764 2654 822 2705 τὸ
899 2663 1069 2727 σῶμα,
1127 2658 1195 2717 ὡς
1248 2662 1567 2730 φαινόμενονσ
1624 2660 1809 2710 ἔσωθεν

1952 2657 2194 2711 eriorem
2211 2655 2458 2728 quidem
2474 2656 2602 2727 ejus
2624 2661 2856 2727 partem
2874 2655 3016 2711 dicit
3038 2671 3272 2727 corpus,
3290 2661 3582 2729 tanquam

206 2742 284 2809 δὲ,
342 2749 437 2802 τὴν
512 2743 697 2815 ψυχὴν
786 2745 855 2805 ὡς
938 2751 1312 2818 κεκρυμμένην.
1388 2749 1631 2820 Διασύρει
1683 2754 1808 2819 γοῦν

1958 2761 2220 2817 pparens
2270 2745 2657 2800 :interiorem
2718 2760 2856 2800 vero
2925 2744 3217 2811 animam,
3289 2751 3583 2819 tanquam

202 2834 410 2898 αὐτοὺς,
453 2837 515 2894 ὡς
544 2837 602 2885 τὸ
656 2837 744 2905 μὲν
791 2842 943 2906 σῶμα
984 2836 1341 2908 καθαίροντας,
1384 2840 1477 2895 τὴν
1524 2833 1581 2889 δὲ
1624 2836 1809 2908 ψυχὴν

1957 2833 2361 2891 bsconditam.
2392 2835 2684 2906 Objurgat
2714 2839 2917 2890 autem
2948 2850 3074 2901 eos,
3110 2839 3174 2890 ut
3201 2836 3304 2908 qui
3328 2851 3585 2908 corpora

203 2923 392 2984 ἐῶντας
452 2922 762 2996 ἀκάθαρτον.
826 2927 895 2975 T6
948 2926 1045 2999 γὰρ
1104 2921 1332 2982 δηλωθὲν
1387 2924 1669 2998 βάπτισμα
1722 2929 1809 2977 τὸν

1953 2924 2162 2996 ζιιὶάθω
2197 2924 2596 2991 mundabant,
2626 2924 2893 2980 animam
2926 2940 3065 2980 vero
3088 2924 3469 2981 immundam
3497 2940 3583 2981 re-

206 3015 505 3085 σωματικὸν
538 3017 689 3084 μόνον
715 3014 791 3084 (2)
846 3014 1008 3088 ῥύπον
1052 3013 1389 3087 ἀποσμήχειν
1422 3013 1660 3070 δύναται.
1684 3014 1810 3069 Εἷπε

1951 3014 2298 3087 inquebant.
2340 3014 2689 3070 Praedictum
2721 3015 2880 3069 enim
2935 3014 3253 3085 baptisma,
3287 3016 3411 3071 sive
3440 3016 3581 3073 lotio

208 3097 265 3154 δὲ
296 3110 466 3154 ταῦτα
495 3105 631 3155 κατὰ
655 3112 755 3155 τῶν
787 3108 1082 3177 Φαρισαίων
1122 3110 1212 3157 καὶ
1264 3105 1310 3157 ἐν
1361 3115 1432 3177 τῷ
1480 3115 1810 3178 πεντηκοστῷ

1955 3103 2259 3176 orporales
2312 3107 2545 3159 tantum
2602 3102 2812 3159 sordes
2851 3103 3149 3159 mundare
3200 3108 3411 3176 potest.
3448 3106 3583 3161 Haec

205 3192 338 3263 ἕκτῳ
369 3192 629 3265 κεφαλαίῳ
662 3202 751 3245 τοῦ
779 3196 914 3245 κατὰ
938 3197 1225 3247 Ματθαῖον.

1951 3209 2163 3267 [uoque
2203 3193 2493 3248 adversus
2540 3192 2867 3248 Pharisaaos
2898 3191 3048 3247 dixit
3075 3192 3581 3265 quinquagesimo

1921 3288 2087 3339 sexto
2112 3283 2305 3354 capite
2344 3282 2643 3351 Evangelii
2669 3281 3004 3337 secundum
3036 3282 3400 3339 Matthaeum.

277 3377 531 3444 ’Ἂφρονες
607 3405 674 3415 -
748 3374 1024 3441 ἐποίησενς
1095 3374 1232 3436 Ἐνός
1302 3375 1537 3428 πλάστου
1610 3382 1813 3451 ποίημα

1993 3376 2160 3431 Vers.
2202 3376 2290 3429 40.
2343 3374 2529 3431 Stulti
2578 3404 2646 3415 —
2696 3374 2839 3443 fecit
2878 3373 2907 3429 ‘2
2965 3372 3247 3444 Ejusdem
3314 3374 3578 3443 artiﬁcis,

204 3468 297 3514 καὶ
328 3465 391 3514 τὸ
426 3472 577 3535 σῶμα
611 3469 701 3517 καὶ
748 3466 777 3522 ἡ
825 3465 1003 3536 ψυχή.
1056 3470 1199 3517 Διατί
1249 3466 1335 3517 οὖν
1376 3466 1504 3538 οὐχὶ
1546 3472 1636 3518 καὶ
1689 3469 1814 3518 ταύ-

1951 3470 2027 3521 tut
2052 3464 2215 3535 ﬁguli
2246 3480 2398 3535 opus
2429 3466 2587 3529 sunt,
2621 3477 2842 3533 corpus
2874 3466 2927 3518 et
2952 3462 3157 3519 anima
3184 3483 3198 3517 :
3226 3478 3412 3535 quare
3439 3479 3581 3534 ergo

204 3572 299 3609 την
333 3553 641 3624 καθαρίζετε
675 3555 797 3619 ;Ἐν
848 3550 907 3606 δὲ
958 3562 1029 3625 τῷ
1072 3551 1354 3612 δηλωθέντι
1408 3555 1664 3627 κεφαλαίῳ
1723 3575 1815 3627 φαη

1952 3560 1980 3610 tt
1999 3556 2155 3611 hanc
2181 3570 2301 3609 non
2320 3553 2626 3610 mundatis
2650 3552 2677 3606 ἰ’
2696 3552 2978 3607 Praedicto
2995 3552 3187 3623 capite
3214 3552 3582 3609 manifestius

200 3648 480 3717 νερὼτερον
538 3640 736 3715 εἴρηκεο
792 3648 1043 3717 Φαρισαῖε
1072 3645 1248 3716 τυφλέ,
1299 3648 1586 3720 καθάρισον
1612 3654 1815 3721 πρῶτον

1951 3645 2070 3700 lixit
2101 3663 2113 3700 :
2142 3644 2447 3701 Phariswe
2478 3657 2644 3708 σασα,
2677 3642 2901 3699 munda
2930 3641 3192 3710 primum
3238 3643 3581 3701 interiorem

202 3736 259 3783 τό
295 3731 439 3793 ἐντὸς
464 3739 554 3783 τοῦ
584 3738 837 3807 ποτηρίου
869 3739 957 3785 καὶ
987 3742 1077 3794 τῆς
1106 3732 1426 3807 παροψίδος,
1468 3735 1553 3787 ἱνα
1600 3740 1815 3807 γένηται

1955 3736 2129 3790 νοσαιί
2152 3739 2206 3790 et
2227 3735 2451 3803 patina
2493 3736 2741 3802 partem,
2772 3736 2837 3786 ut
2869 3734 3093 3787 munda
3122 3746 3355 3804 quoque
3380 3732 3489 3802 ﬁat
3527 3737 3585 3789 et

198 3828 293 3875 καὶ
333 3825 392 3873 τὸ
445 3820 586 3883 ἐκτὸς
630 3822 800 3875 αὐτῶν
850 3825 1098 3897 καθαρὸν,
1154 3829 1244 3876 καὶ
1298 3825 1530 3885 ζήτησον
1576 3828 1682 3879 ἐκεῖ
1720 3831 1813 3886 τὴν

1950 3841 2059 3879 vars
2087 3839 2288 3881 eorum
2315 3822 2576 3879 exterior
2596 3824 2673 3888 ⁸³;
2697 3826 2753 3877 et
2778 3820 2861 3877 ibi
2890 3835 3089 3893 quaere
3114 3819 3580 3881 enarrationem.

200 3910 482 3982 ἐξήγησιν.

276 4001 420 4059 Πλὴν
494 4032 557 4041 -
631 4003 762 4055 ἐστί.
857 4002 1035 4065 Δείξας
1106 4006 1346 4076 περιττὸν
1423 4009 1511 4056 καὶ
1590 4007 1811 4078 μάταιον

1991 4006 2150 4059 Vers.
2168 4006 2257 4059 41.
2293 4002 2766 4057 Verumtatem—
2785 4004 2946 4055 sunt.
2973 3998 3082 4056 Ubi
3110 3998 3481 4072 superﬂuam
3510 4013 3583 4058 ac

200 4094 260 4142 τὸ
319 4090 582 4163 εἰρημένον
633 4089 932 4163 βάπτισμα,
990 4092 1167 4145 λοιπόν
1198 4099 1368 4166 χωρεῖ
1400 4097 1536 4146 κατὰ
1590 4104 1679 4155 τῆς
1728 4117 1809 4168 φι-

1952 4108 2140 4148 anam
2171 4105 2303 4146 esse
2325 4089 2586 4146 ostendit
2615 4088 2836 4143 dictam
2868 4086 3261 4152 ablutionem,
3294 4087 3582 4161 deinceps

198 4178 515 4252 λαργυρίας,
586 4184 704 4241 ἣτις
789 4181 1023 4253 μάλιστα
1102 4185 1408 4256 κατεκράτει
1466 4187 1661 4236 τούτων
1721 4190 1810 4237 καὶ

1957 4182 2183 4239 rocedit
2214 4181 2503 4238 adversus
2531 4178 2865 4243 avaritiam,
2896 4192 3032 4249 quae
3063 4176 3158 4232 his
3182 4177 3448 4233 maxime
3478 4178 3583 4234 do-

197 4273 570 4343 προτρέπεται,
655 4266 728 4322 δι’
809 4269 1158 4343 ἐλεημοσύνης
1237 4274 1524 4345 καθαρίσαι
1597 4279 1679 4326 καὶ
1750 4279 1808 4328 τὸ

1951 4271 2256 4330 ninabatur
2287 4275 2371 4326 :et
2403 4285 2507 4341 per
2528 4268 2967 4339 eleemosynam
2989 4266 3343 4323 adhortatur
3367 4281 3581 4338 corpus

200 4367 379 4430 σῶμα,
415 4364 503 4410 καὶ
551 4364 644 4417 τὴν
692 4360 894 4431 ψυχὴν,
935 4360 1111 4432 λέγων,
1148 4364 1225 4413 ὅτι
1277 4365 1353 4414 Τὰ
1401 4361 1594 4429 ἐνόντα,
1624 4368 1804 4436 ἤγουν,

1949 4377 2170 4433 iurgare
2209 4365 2265 4417 et
2312 4360 2598 4423 animam,
2635 4356 2884 4413 dicens:
2928 4356 3007 4411 De
3036 4356 3130 4412 his
3158 4370 3295 4429 qua
3342 4356 3579 4421 adsunt,

198 4451 264 4499 τὰ
323 4447 690 4520 ἐναποκείμενα
742 4450 820 4521 (3)
871 4455 1130 4525 χρήματα
1176 4448 1295 4504 δότε
1334 4456 1548 4510 πένησιν
1601 4452 1807 4527 ἐλεημο-

1951 4452 2190 4508 ‘idelicet
2227 4450 2302 4506 de
2368 4448 2638 4520 repositis
2692 4446 2939 4510 divitiis,
3010 4445 3149 4502 date
3217 4444 3581 4518 pauperibus

198 4540 385 4601 σύνην,
428 4541 519 4589 καὶ
572 4540 741 4590 πάντα
790 4541 919 4611 ὁμοῦ
972 4542 1481 4614 καθαρισθήσονται,
1515 4548 1603 4595 καὶ
1655 4551 1810 4617 σῶμα

1952 4543 2384 4613 Ieemosynam,
2434 4544 2489 4594 et
2540 4535 2718 4593 simul
2755 4535 2955 4591 omnia
3003 4533 3479 4602 mundabuntur,
3525 4540 3582 4593 et

192 4632 288 4679 καὶ
320 4625 499 4697 ψυχή.

1841 4625 1883 4641 ³¹
1919 4647 2137 4703 corpus
2175 4636 2232 4686 et
2273 4627 2496 4686 anima.

273 4716 742 4789 Οἰκονομικὼτατα
804 4715 862 4772 δὲ
915 4728 1067 4773 τοῦτο
1113 4720 1269 4793 εἶπεν,
1339 4722 1629 4788 ἀπαλλάξαι
1690 4725 1808 4777 τού-

1990 4724 2108 4778 Hoc
2138 4724 2335 4778 autem
2368 4716 2638 4775 maxima
2662 4716 2809 4773 dixit
2831 4713 3228 4789 providentia,
3254 4714 3463 4773 volens
3492 4714 3584 4787 ip-

272 4896 323 4931 ⁸³
363 4898 535 4952 Marc.
569 4913 669 4969 vu,
714 4902 765 4967 3,
798 4901 851 4955 4.
932 4900 978 4935 ⁸³
1012 4900 1214 4959 Matth.
1255 4917 1421 4972 χχιιι,
1487 4905 1579 4961 26.

1429 5025 1655 5095 Variae
1684 5025 2017 5096 lectiones
2049 5032 2117 5093 et
2143 5030 2349 5093 notae.

267 5221 347 5290 (1)
392 5218 494 5274 Hic
529 5220 828 5276 notandus
866 5226 955 5277 est
1002 5222 1189 5279 locus.
1239 5226 1383 5278 Nam
1415 5223 1476 5279 in
1522 5228 1802 5279 contextu

267 5291 375 5345 arci
403 5290 440 5345 l.
474 5290 510 5345 l.
545 5299 794 5345 uterque
819 5295 1009 5345 codex
1041 5295 1221 5345 habet
1262 5295 1621 5345 ῥαντίσωνται.
1656 5296 1800 5345 Item

1961 5220 2068 5298 ερὲς
2134 5225 2223 5273 καὶ
2292 5223 2595 5345 πρόχὶειρον.
2654 5215 2791 5272 Ἐνόν
2856 5216 3032 5284 idem,
3090 5217 3257 5289 quod
3316 5218 3443 5282 ἐξόν.
3472 5226 3475 5231 ’
3501 5219 3589 5276 Ita

1959 5293 2079 5345 nud
2109 5295 2316 5345 Svnes.
2350 5296 2388 5345 t.
2452 5333 2464 5345 .
2500 5305 2559 5345 ι).
2599 5290 2691 5345 99.
2726 5307 2740 5345 :
2770 5289 2859 5343 Ἐκ
2887 5298 2992 5342 τῶν
3020 5288 3228 5343 ἐνόντων
3259 5290 3587 5345 explicatur

192 5291 375 5368 _Marcj
403 5290 510 5368 l,__l.
545 5299 804 5368 uterque
819 5295 1009 5349 codex
1029 5295 1221 5368 habet
1259 5295 1621 5368 ῥαντίσωνται.
1656 5296 1800 5351 Item

1956 5289 2080 5366 p'ud
2109 5289 2403 5368 $ynes.'t._’
2422 5289 2464 5368 ξ,
2487 5289 2691 5368 'p.__99.
2726 5307 2740 5347 :
2770 5289 2859 5368 '_Ex
2879 5298 2992 5368 τῶν
3020 5289 3228 5343 ἐνόντων
3259 5290 3586 5368 explicatur

189 5362 254 5417 in
285 5361 515 5436 scholia
543 5363 621 5418 ad
653 5361 850 5421 Matth.
882 5382 981 5430 xv,
1019 5367 1065 5420 1.
1259 5361 1267 5368 ’

1950 5361 2047 5419 citat
2072 5434 2079 5436 Α
2105 5361 2347 5436 δῦναμιν.
2384 5361 2533 5436 ld._t'.
2560 5362 2628 5427 ll,
2672 5377 2738 5436 p.
2772 5363 2825 5417 4.
2853 5362 3135 5436 _Ciunam.
3174 5379 3234 5435 p.
3267 5361 3418 5436 λιιι.
3450 5365 3579 5418 Aut.

296 5434 352 5504 2)
392 5439 559 5508 Μόνον
586 5436 801 5508 omittit
835 5439 893 5491 E.
968 5429 972 5430 ί
1916 5458 1926 5489 τ

1950 5441 1982 5489 ὰ
2065 5429 2248 5508 ἐντός,’
2314 5434 2574 5504 intellige
2648 5429 2980 5508 καθαρίζετε.
3056 5429 3315 5508 [Iole-ide
3379 5438 3577 5508 τρόπος

296 5435 352 5504 2)
392 5439 559 5487 Μόνον
586 5436 801 5491 omittit
835 5439 893 5491 E.

266 5435 345 5591 £23)
382 5506 847 5591 Eodem‘moﬂdo‘
880 5508 1325 5591 _Theophylact._
1366 5528 1419 5591 ρ.
1467 5509 1805 5591 δοβωρητά

1950 5441 1982 5489 ὰ
2065 5435 2246 5499 ἐντὸς,
2314 5435 2574 5504 intelligo
2648 5435 2980 5508 καθαρίζετε.
3056 5438 3195 5486 Ποίω
3256 5435 3315 5486 δε
3379 5454 3408 5487 τ
3447 5438 3578 5500 όπω;

1950 5507 2516 5591 ’ὀντεςᾼέλεημοσυνηη
2555 5524 2620 5591 ’κς
2666 5524 2721 5591 τ’.
2758 5504 2787 5557 λ
2817 5507 2903 5565 ita
2954 5489 3313 5578 repondebit
3376 5452 3580 5565 lfatth.

186 5574 512 5652 ὑπάρχοντα
542 5578 682 5651 ὑμῖν.
735 5579 851 5652 Sed
878 5581 1006 5635 haec
1046 5574 1456 5652 interpretatio
1496 5574 1807 5638 difﬁculter

1184 5574 1456 5652 rpreta'tio
1496 5574 1807 5638 difﬁculter
1917 5597 2081 5645 χχιιι,
2108 5580 2195 5645 26,
2232 5574 2327 5634 ubi
2361 5582 2470 5645 est,
2512 5580 2570 5629 τό
2600 5574 2758 5639 ἐντός.

186 5650 581 5722 probabitur.
601 5651 890 5724 Equidem
912 5651 1149 5709 malim:
1186 5650 1255 5709 Τὸ
1289 5650 1355 5713 δὴ
1378 5650 1620 5727 δυνατὸν,
1644 5657 1703 5707 τὸ
1729 5653 1807 5708 εὐσ

265 5805 344 5875 (c)
374 5803 772 5860 Nationabus.
802 5803 995 5863 Otiose
1025 5820 1179 5877 ergo
1202 5803 1347 5877 legit
1376 5806 1551 5863 ἐθνῶν.
1584 5807 1811 5872 Redde,
1842 5822 1976 5866 cnm
2003 5805 2229 5869 ceteris
2256 5803 2467 5861 ritibus
2491 5802 2669 5861 etiam
2695 5801 2871 5873 hunc,
2895 5807 3189 5878 putantes.
