4128 6388
565 333 673 393 9-79

1883 330 2226 391 EUTHYMII
2275 328 2630 387 ZAGABENI
3824 340 3919 398 980

569 479 672 521 sos
700 466 1043 535 emergente
1081 463 1394 521 effectione
1423 461 1694 520 liberare.
1736 460 1937 518 Solent
1973 471 2238 530 namque

2353 475 2466 518 τους
2519 466 2612 511 τοῦ
2666 458 3076 522 ἐπιπολάζοντος
3148 464 3274 522 τέως
3348 463 3546 524 πάθους
3617 461 3917 538 βουλόμενος.

571 553 870 624 ingeniosi
889 558 1289 626 praeceptores
1313 552 1586 608 virtutem
1619 551 1922 617 extollere,
1951 549 2030 605 ad
2050 563 2237 620 quam

575 643 964 700 exhortantur
991 659 1003 709 ;
1039 648 1094 698 et
1125 642 1476 714 praesertim,
1506 642 1664 714 quod
1696 658 1801 714 per
1831 657 1986 706 eam,
2014 639 2118 711 qui
2144 655 2238 710 pe-

573 733 736 789 nitus
763 733 824 788 in
849 733 1104 789 tenebris
1132 736 1466 797 versantur,
1494 732 1698 787 omnia
1721 728 2237 803 perspicacissime

576 820 823 876 videant
847 821 960 891 (d).

651 909 820 966 Vers.
849 910 917 966 42
941 910 1060 968 Sed
1089 926 1178 968 vce
1202 941 1271 952 -—
1298 911 1578 968 omittere.
1608 908 1901 965 Praedicto
1941 907 2237 980 quinqua—

575 999 804 1070 gesimo
835 1005 1002 1056 sexto
1027 1000 1220 1072 capite
1252 999 1552 1069 Evangelii
1585 999 1915 1055 secundum
1941 998 2236 1054 Mattaeum

577 1089 652 1144 de
683 1088 773 1144 his
798 1093 1004 1144 exacte
1035 1088 1406 1161 disputatum
1433 1094 1543 1143 est.

649 1179 810 1233 Vere.
861 1180 945 1233 43.
999 1179 1193 1233 γω-
1244 1179 1419 1250 foris.
1463 1178 1980 1251 Quinquagesimo
2027 1176 2237 1249 quinto

579 1267 772 1338 capite
801 1266 1108 1338 Evangelii
1139 1267 1474 1324 secundum
1501 1268 1836 1324 Matthaeum
1873 1268 1944 1321 de
1971 1266 2060 1322 his
2091 1283 2236 1339 quo-

579 1355 896 1429 que'dixit:
920 1357 968 1411 A
979 1363 1141 1413 mant
1153 1359 1374 1427 primos
1387 1356 1689 1412 accubitus
1704 1359 1762 1412 in
1787 1357 1958 1412 caenis
1974 1363 2027 1412 et
2040 1357 2237 1426 prima

579 1446 788 1502 sedilia
813 1445 876 1502 in
916 1446 1246 1517 synagogis,
1279 1463 1340 1501 ac
1366 1447 1755 1503 salutationes
1779 1447 1844 1502 in
1877 1448 2034 1516 foris
2061 1447 2109 1482 ⁸⁴
2138 1463 2152 1515 ;
2184 1451 2241 1503 et

579 1534 801 1592 horum
823 1535 956 1607 lege
985 1535 1552 1608 interpretationem.

656 1716 815 1772 γει-ε.
841 1715 934 1772 44.
986 1715 1077 1771 Vm
1101 1745 1164 1755 —
1187 1714 1459 1771 nesciunt
1478 1714 1822 1772 Dictumcst
1845 1715 1918 1771 de
1949 1715 2043 1771 his
2065 1716 2240 1788 quin-

2348 546 2580 600 Εὶώθασι
2625 551 2726 622 γὰρ
2768 551 2817 602 οἰ
2861 549 3156 622 εὐμήχανοι
3207 546 3528 604 διδάσκαλοι
3584 551 3789 626 ἐξαίρειν
3837 561 3921 613 τὴν

2345 635 2546 708 ἀρετὴν,
2581 637 2654 710 ἐφ’
2697 643 2756 697 ἣν
2781 643 3158 712 προτρέπονται
3211 644 3329 700 τούς
3375 639 3743 714 ἀκροωμένους,
3776 643 3921 706 ἄλλως

2343 745 2396 778 τε
2426 731 2514 778 καὶ
2545 736 2654 790 τοῖς
2684 729 2941 792 παντελῶς
2986 728 3374 802 ἇσκοτισμένοις
3402 734 3534 803 μέγα
3566 736 3654 784 καὶ
3689 736 3744 785 τὸ
3773 738 3922 807 μικρά

2345 819 2690 887 φωτισθῆναι.

2417 905 2550 957 Ἀλλ’
2621 906 2739 959 ούαὶ
2789 937 2858 947 -
2912 906 3132 980 ἀφιέναι.
3181 908 3262 960 Ἐν
3315 916 3388 980 τῷ
3442 908 3776 984 προρῥηθέντι
3821 931 3922 964 πεν·

2344 1003 2587 1066 τηκοστῷ
2617 997 2745 1068 ἕκτῳ
2784 997 3043 1070 κεφαλαίῳ
3072 1005 3162 1050 τοῦ
3200 1001 3338 1051 κατὰ
3374 1000 3637 1051 Ματθαῖον
3681 1009 3790 1075 περὶ
3818 1004 3924 1053 τού-

2343 1102 2440 1134 των
2473 1082 2696 1158 ἀκριϐῶς
2721 1085 2906 1160 ἐρρήθη
2918 1128 2930 1140 .

2418 1173 2552 1226 Ούαὶ
2582 1205 2647 1214 -
2704 1174 2946 1249 ἀγοραῖς.
3008 1181 3109 1231 Καὶ
3157 1175 3204 1229 ὲν
3252 1185 3325 1248 τῷ
3355 1186 3685 1249 πεντηκοστῷ
3727 1183 3923 1250 πέμπτῳ

2346 1263 2606 1335 κεφαλαίῳ
2637 1272 2730 1316 τοῦ
2775 1269 2913 1318 κατά
2969 1269 3238 1320 Ματθαῖον
3279 1271 3452 1339 εἴρηκε
3484 1273 3598 1342 περὶ
3643 1267 3820 1320 αὐτῶν·
3859 1270 3927 1321 ὅτι

2348 1351 2570 1405 Φιλούσι
2608 1359 2703 1412 τὴν
2733 1354 3119 1426 πρωτοκλισίαν
3170 1354 3218 1408 ἐν
3277 1364 3384 1418 τοῖς
3441 1353 3684 1420 δείπνοις,
3737 1360 3927 1419 καὶτὰς

2347 1440 2810 1517 πρωτοκαθεδρίας
2891 1444 2940 1496 ἐν
3035 1453 3150 1508 ταῖς
3251 1453 3596 1517 συναγωγαῖς,
3670 1450 3753 1498 καὶ
3823 1451 3929 1508 τοὺς

2349 1529 2660 1604 ἀσπασμοὺς
2690 1532 2737 1585 ἐν
2772 1541 2886 1596 ταῖς
2938 1533 3172 1610 ἀγοραῖς,
3205 1540 3294 1588 καὶ
3326 1534 3584 1607 ἀνάγνωθι
3625 1539 3715 1593 τὴν
3756 1538 3928 1588 τούτων

2348 1619 2640 1694 ἑρμηνείαν.

2420 1710 2554 1762 Ούαὶ
2619 1743 2690 1750 --
2733 1712 2827 1763 οὐκ
2886 1709 3116 1766 οῖὸασιν.
3179 1717 3399 1789 Εἴρηται
3451 1719 3541 1766 καὶ
3593 1719 3708 1786 περὶ
3757 1717 3928 1766 τούτων

583 1803 943 1877 quagesimo
976 1808 1149 1860 sexto
1176 1804 1370 1874 capite
1419 1804 1717 1877 Evangelii
1745 1806 2070 1862 secundum
2102 1807 2240 1862 Mat-

2353 1796 2396 1850 ἐν
2441 1808 2512 1870 τῷ
2566 1811 2901 1872 πεντηκοστῷ
2967 1805 3096 1875 ἕκτῳ
3153 1804 3413 1876 κεφαλαίῳ
3488 1813 3576 1856 τοῦ
3632 1807 3762 1856 κατὰ
3806 1810 3930 1855 Ματ-

584 1893 831 1958 ῐὶιιιειιω,
868 1893 967 1949 ubi
991 1893 1139 1951 illud
1163 1893 1532 1950 declaratum
1562 1900 1678 1950 est:
1713 1897 1809 1952 να»
1840 1896 2007 1960 vobis,
2028 1895 2241 1952 Scribae

583 1989 637 2037 et
659 1982 962 2054 Plurimi,
985 1983 1130 2056 quia
1141 1983 1362 2041 similes
1381 1984 1518 2040 estis
1544 1985 1837 2054 sepulcris
1862 1985 2147 2042 dealbatis
2169 1988 2240 2058 ⁸⁵,

583 2076 640 2129 et
668 2076 886 2130 centena

656 2161 822 2218 Vers.
865 2162 954 2217 45.
993 2163 1372 2232 Respondeas
1397 2195 1466 2204 —
1491 2163 1680 2234 aﬂ'icis
1729 2163 2061 2222 cotumelia.
2096 2167 2244 2222 Cum

587 2249 880 2308 similibus
907 2249 1035 2324 ipse
1068 2251 1380 2308 affectibus
1411 2257 1571 2308 esset
1598 2252 1918 2322 obnoxius,
1941 2252 2242 2323 cognovit,

585 2340 751 2413 quod
781 2341 911 2398 haec
968 2341 1257 2398 adversus
1284 2357 1493 2398 omnes
1543 2341 1780 2397 diceret.
1809 2342 1915 2414 qui
1944 2342 2248 2415 aequaliter

583 2434 861 2487 errarent.

587 2519 740 2576 CAP.
762 2521 943 2577 XLIII.
977 2521 1059 2578 De
1083 2520 1481 2590 deploratione
1513 2521 1968 2592 legisperitorum

657 2609 931 2667 νοτε.49.
954 2611 1031 2665 At
1062 2611 1476 2682 ipse—onera.
1507 2611 2010 2683 Quinquagcsimo
2041 2611 2246 2684 quinto

581 2698 756 2768 j-ux-ta
774 2699 1112 2756 Matthteum
1139 2699 1332 2771 capite
1353 2700 1530 2755 ctiam
1562 2700 1632 2755 de
1646 2699 1740 2755 his
1761 2701 1987 2757 dictum
2013 2707 2119 2766 est,
2145 2701 2249 2758 ubi

585 2785 838 2844 habetur
866 2805 879 2843 :
907 2788 1172 2860 Alligant
1202 2804 1380 2846 onera
1405 2793 1616 2858 gravia
1655 2797 1708 2846 et
1753 2788 2162 2860 importabilia
2193 2796 2249 2847 et

585 2877 893 2946 imponunt
921 2878 984 2934 in
1017 2878 1289 2936 humeros
1321 2880 1620 2936 hominum
1651 2881 1698 2915 ⁸⁸
1723 2899 1736 2948 ;
1771 2897 1967 2952 quaere
1994 2897 2136 2950 ergo
2165 2881 2247 2938 ibi

585 2966 1044 3023 enarrationem.
1069 2967 1228 3024 Utilis
1249 2972 1336 3024 est
1365 2973 1562 3024 autem
1590 2976 1931 3041 opportuna
1956 2970 2245 3041 redargu-

583 3053 686 3123 tio,
717 3071 855 3129 qua
911 3057 1324 3129 arrogantium
1355 3057 1609 3114 detrahit
1639 3073 1861 3115 vanum
1893 3059 2134 3116 fastum.

658 3235 816 3288 Vers.
847 3233 939 3289 47.
985 3234 1076 3290 Vas
1108 3265 1176 3276 ——
1223 3235 1386 3290 Vers.
1438 3235 1507 3291 48
1567 3241 1963 3293 monumenta.
2006 3237 2247 3294 Manife-

586 3321 734 3386 stius
755 3321 829 3378 de
858 3322 950 3378 his
981 3323 1212 3396 scripsit
1232 3324 1537 3380 Matthaeus
1549 3325 2060 3398 quinquagesimo
2080 3333 2246 3384 sexto

584 3412 774 3484 capite
814 3417 906 3468 :et
943 3412 997 3468 in
1029 3428 1098 3469 eo
1127 3413 1258 3483 lege
1296 3413 1793 3484 explanationem,
1828 3431 1864 3471 a
1911 3431 2035 3488 qua
2064 3416 2244 3473 etiam

582 3501 712 3560 hinc
747 3501 844 3557 tibi
870 3508 1050 3574 captu
1075 3501 1274 3558 facilia
1301 3508 1492 3558 erunt.

655 3591 818 3647 Ver-3.
847 3594 934 3648 49.
969 3593 1285 3664 Propterea
1313 3622 1382 3634 -—
1403 3601 1850 3665 persequentur.
1883 3595 2246 3666 Sapientiam

585 3679 726 3736 dicit
749 3695 922 3736 suam
952 3702 964 3734 :
992 3685 1094 3736 aut
1119 3681 1320 3747 etiam,
1353 3697 1415 3737 se
1455 3681 1656 3752 ipsum
1692 3688 1864 3738 vocat
1891 3684 1990 3739 Dei
2014 3686 2248 3757 sapien-

586 3768 756 3824 tiam.
801 3769 1086 3826 Prmdicto
1129 3770 1286 3825 enim
1343 3771 1538 3842 capite
1594 3771 1675 3826 ait
1729 3771 2046 3838 Matthaeus,
2107 3791 2245 3833 eum

584 3857 831 3916 dixisse:
855 3859 1006 3914 Ecce
1030 3874 1131 3929 ego
1162 3864 1331 3915 mitto
1355 3861 1434 3914 ad
1456 3876 1548 3916 vos
1557 3861 1868 3932 prophetas
1885 3869 1937 3918 et
1951 3865 2247 3931 sapientes

583 3947 886 4006 describas
900 3949 968 4013 ⁸⁷,
987 3953 1289 4014 etceetera,
1305 3949 1404 4006 ubi
1417 3950 1854 4007 enarrationem
1865 3952 2246 4024 aptissimam

584 4036 663 4094 ad
693 4035 929 4108 singula
967 4037 1150 4094 verba
1180 4039 1468 4095 invenies.
1501 4042 1668 4096 Nunc
1694 4048 1894 4097 autem
1925 4058 2092 4099 more
2116 4060 2248 4116 pro-

584 4126 794 4198 phetiae
820 4131 1010 4194 utens,
1033 4129 1302 4199 praedicit
1339 4129 1496 4202 quod
1519 4128 1781 4186 futurum
1815 4136 1921 4186 est.

2353 1890 2517 1954 θαῖον,
2546 1893 2665 1942 ἔνθα
2696 1893 2997 1966 ἡρμηνεύθη
3030 1898 3107 1946 τό.
3139 1894 3274 1946 Οὐαὶ
3314 1896 3435 1965 ὑμῖν
3467 1900 3812 1966 ,Γραμματείς
3851 1896 3929 1942 καὶ

2353 1985 2632 2052 Φαρισαῖοι
2663 1981 2962 2052 ὑποκριταὶ,
2998 1983 3078 2034 ὃτι
3108 1984 3491 2056 παρομοίάζετε
3520 1985 3698 2055 τάφοις
3723 2000 3931 2034 κεκονια-

2353 2072 2544 2140 μένοις,
2586 2074 2676 2121 καὶ
2711 2072 2774 2121 τὰ
2797 2070 2880 2134 ἐξῆ
2898 2091 2940 2132 ς.

2427 2157 2750 2233 Ἀποκριθεὶς
2811 2191 2878 2200 —
2924 2159 3174 2236 ὑϐρίζεις.
3219 2169 3342 2224 Τοῖς
3398 2163 3598 2235 ὁμοίοις
3661 2167 3748 2214 καὶ
3796 2159 3934 2220 αὐτὸς

2355 2249 2575 2300 πάθεσιν
2599 2247 2917 2320 ἐνεχόμενος,
2944 2252 3092 2322 ἔγνω,
3123 2253 3201 2303 ὅτι
3225 2255 3360 2304 κατὰ
3381 2255 3584 2304 πάντων
3607 2259 3771 2303 ταῦτα
3797 2248 3932 2319 λέγει,

2356 2346 2454 2389 τῶν
2487 2340 2552 2389 τὰ
2580 2339 2672 2389 ἰσα
2707 2337 3163 2412 πλημμελούντων.

2491 2521 2633 2570 ΚΕΦ.
2668 2515 2796 2570 ΜΓ’.
2828 2523 2951 2590 Περὶ
2979 2526 3072 2571 τοῦ
3103 2519 3425 2594 ταλανισμοῦ
3455 2529 3554 2574 τῶν
3583 2525 3815 2591 νομικῶν.

2426 2603 2484 2656 Ὀ
2535 2603 2594 2657 ὸε
2650 2637 2714 2646 -
2779 2612 3026 2679 φορτίοις.
3083 2608 3163 2662 Ἐν
3222 2617 3293 2679 τῷ
3351 2617 3686 2679 πεντηκοστῷ
3741 2609 3936 2678 πέμπτῳ

2357 2695 2612 2767 κεφαλαίῳ
2637 2704 2728 2748 τοῦ
2755 2700 2885 2749 κατα
2929 2701 3191 2752 Ματθαῖον
3231 2704 3319 2751 καὶ
3351 2707 3470 2772 περὶ
3509 2703 3700 2752 τούτων
3740 2696 3933 2771 ἐῤῥήθη.

2357 2786 2475 2837 ἔνθα
2499 2793 2668 2837 κεῖται
2696 2789 2774 2837 τὸ·
2820 2790 3139 2858 Δεσμεύουσι
3169 2794 3356 2861 φορτία
3397 2788 3566 2866 βαρέα
3603 2793 3690 2841 καὶ
3721 2784 3938 2840 δυσϐάσ-

2355 2894 2540 2942 τακτα,
2569 2880 2657 2927 καὶ
2689 2874 3009 2929 ἐπιτιθέασιν
3037 2877 3122 2930 ἐπὶ
3153 2882 3274 2938 τούς
3305 2883 3481 2950 ὤμους
3520 2888 3619 2932 τῶν
3661 2877 3939 2948 ἀνθρώπων,

2356 2968 2445 3016 καὶ
2470 2967 2536 3016 τὰ
2557 2964 2687 3027 ἑξῆς·
2722 2970 2812 3018 καὶ
2844 2966 3075 3026 ζήτησον
3106 2966 3211 3020 ἐκεῖ
3238 2972 3330 3026 τὴν
3378 2968 3656 3040 ἐξήγησιν.
3691 2970 3944 3040 Χρήσιμος

2359 3051 2416 3107 δὲ
2448 3056 2472 3107 ὁ
2500 3059 2737 3130 εὔκαιρος
2769 3056 3005 3128 ἔλεγχος,
3039 3068 3322 3110 κατασπών
3354 3064 3438 3117 τὴν
3471 3064 3694 3132 ματαίαν
3713 3065 3806 3110 τῶν
3837 3053 3942 3105 ἀλα·

2277 3153 2316 3208 C
2357 3145 2516 3205 ζόνων
2557 3144 2737 3218 ὀφρύν.

2429 3234 2564 3287 Ούαὶ
2619 3267 2687 3274 -
2772 3243 3016 3308 μνημεῖα.
3075 3243 3424 3312 Φανερώτερον
3492 3243 3611 3312 περὶ
3685 3238 3867 3288 τούτων
3925 3232 3946 3281 ὁ

2356 3325 2626 3384 Ματθαῖος
2691 3324 2912 3399 ἔγραψεν
2972 3329 3019 3378 ἓν
3051 3335 3122 3396 τῷ
3159 3338 3494 3399 πεντηκοστῴ
3535 3329 3662 3398 ἕκτῳ
3687 3323 3944 3397 κεφαλαίῳ,

2355 3419 2445 3466 καὶ
2477 3412 2735 3486 ἀνάγνωθι
2764 3420 2857 3472 τὴν
2891 3413 2937 3466 ἐν
2971 3413 3141 3488 ἐκείνῳ
3183 3413 3534 3487 διασάφησιν,
3565 3422 3652 3469 καὶ
3676 3413 3947 3470 ἀπ’ἐκείνης

2356 3503 2586 3560 εὔληπτα
2615 3510 2704 3557 καὶ
2743 3508 2908 3557 ταῦτα
2942 3525 3026 3558 σοι
3051 3511 3380 3576 γενήσονται.

2426 3595 2521 3644 Διά
2551 3624 2614 3632 -
2660 3589 2936 3656 διώξουσι.
2990 3601 3174 3668 Σοφίαν
3225 3601 3317 3654 τὴν
3363 3595 3553 3650 ἑαυτοῦ
3587 3596 3743 3667 λέγει,
3791 3597 3818 3652 ἤ
3873 3592 3946 3643 λαὶ

2358 3682 2537 3734 ἑαυτὸν
2583 3681 2825 3754 ὀνομάζει
2876 3689 3059 3756 σοφίαν
3109 3693 3199 3736 τού
3235 3694 3388 3739 Θεοῦ·
3423 3685 3475 3738 ἐν
3513 3696 3583 3757 τῷ
3629 3687 3832 3760 ῥηθέντι
3855 3683 3944 3751 γὰρ

2356 3771 2615 3843 κεφαλαίῳ
2648 3779 2806 3843 φησιν
2837 3774 2861 3824 ὁ
2895 3775 3158 3835 Ματθαῖος
3190 3775 3344 3827 εἰπεῖν
3514 3776 3668 3828 αὑτὸν
3717 3776 3792 3826 ὅτι
3820 3767 3944 3824 Ἰδοὺ

2357 3859 2455 3930 ἐγὼ
2483 3859 2779 3913 ἀποστέλλω
2829 3866 2960 3935 πρὸς
3013 3865 3144 3936 ὑμᾶς
3190 3869 3463 3937 προφήτας
3517 3872 3609 3918 καὶ
3660 3867 3840 3936 σοφοὺς
3867 3861 3946 3912 καὶ

2357 3957 2705 4024 Γραμματεῖς,
2735 3956 2824 4003 καὶ
2855 3956 2920 4005 τὰ
2951 3952 3087 4020 ἑξῆς,
3129 3952 3175 4005 ἐν
3216 3963 3254 4024 ῷ
3287 3959 3380 4012 τὴν
3435 3953 3688 4026 ἐξήγησιν
3730 3955 3946 4025 εὑρήσεις

2357 4039 2630 4102 ἀνελλιπῶς
2661 4043 2910 4112 ἔχουσαν.
2959 4046 3116 4115 Τύπῳ
3149 4040 3206 4096 δὲ
3236 4052 3323 4096 νῦν
3349 4051 3671 4118 προφητείας
3690 4042 3946 4117 χρησάμε-

2354 4151 2456 4201 νος,
2488 4131 2724 4206 προλέγει
2756 4137 2813 4184 τὸ
2841 4132 3039 4204 μέλλον·

657 4216 821 4274 Vere.
883 4218 972 4272 50.
1009 4218 1084 4275 Ut
1113 4249 1176 4259 —
1204 4219 1361 4274 Vers.
1393 4223 1478 4273 5t.
1511 4218 1713 4276 (edem.
1758 4220 1837 4275 lbi
1891 4221 2074 4278 etiam
2117 4222 2240 4280 haec

2425 4222 2536 4276 Ἵνα
2587 4253 2656 4262 ——
2703 4227 2868 4276 οἶκον.
2931 4222 3063 4276 Ἐκεῖ
3108 4229 3197 4277 καὶ
3258 4234 3424 4278 ταῦτα
3473 4229 3610 4279 κατὰ
3661 4226 3806 4296 λόγον
3859 4222 3944 4291 ἠρ-

582 4306 1017 4364 rationahiliter
1045 4306 1349 4364 declarata
1381 4313 1541 4366 sunt.

2357 4314 2710 4384 μηνεύθησαν.

655 4397 815 4454 Vere.
843 4397 906 4452 51
951 4396 1216 4460 Profecto
1246 4427 1315 4438 -
1342 4397 1476 4454 ista.
1507 4397 1786 4454 Similiter
1824 4403 1880 4455 et
1901 4399 2050 4456 haec.

2427 4406 2531 4454 Ναὶ
2578 4432 2632 4442 -
2669 4405 2882 4464 ταύτης.
2921 4402 3148 4474 Ὀμοίως
3173 4409 3262 4456 καὶ
3292 4413 3484 4462 ταῦτα.

658 4486 824 4544 Vere.
849 4486 940 4540 52.
981 4486 1072 4541 γω
1096 4516 1164 4526 -
1191 4487 1599 4555 prohibuistis.
1632 4488 1915 4545 Prmdicto
1954 4490 2240 4563 quinqua-

2431 4491 2565 4542 Ούαὶ
2617 4523 2678 4531 -
2731 4490 3043 4544 ἐκωλύσατε.
3099 4493 3178 4546 Ἐν
3235 4503 3307 4564 τῷ
3367 4499 3587 4567 τοιούτῳ
3631 4493 3947 4556 πεντηκοστῷ

588 4573 820 4643 gesimo
847 4580 1012 4630 sexto
1061 4576 1252 4646 capite
1285 4592 1485 4646 quaere
1526 4577 1622 4633 ubi
1654 4577 1866 4634 dicitur
1907 4597 1919 4634 :
1958 4581 2048 4634 Vae
2093 4581 2246 4638 vobis

587 4662 816 4728 Scriba
827 4669 886 4720 et
901 4664 1193 4721 Pharisaei
1197 4665 1690 4739 hypocritaquia
1702 4669 1929 4724 claudit
1939 4669 1982 4724 is
1997 4685 2245 4741 regnum

587 4753 861 4808 caelorum
876 4769 1075 4810 coram
1100 4754 1424 4812 hominibus
1438 4757 1506 4821 θεέ
1536 4757 1638 4812 ubi
1666 4759 1987 4815 manifesta
2007 4760 2248 4832 ponitur

585 4842 904 4900 enarratio.

663 4933 827 4987 Vers-
853 4936 938 4988 53.
981 4932 1125 4990 Cum
1151 4933 1374 4991 diceret
1403 4965 1472 4976 —-
1495 4951 1643 4992 eum.
1670 4935 1963 5003 Insistcre,
1995 4936 2108 4992 hoc
2139 4943 2243 5006 est,

589 5020 828 5079 molesti
844 5038 1000 5089 esse,
1025 5023 1146 5079 sive
1172 5023 1366 5082 irasci.
1399 5024 1687 5088 Quaedam
1716 5041 1852 5082 vero
1875 5026 2245 5099 exemplaria

653 5165 727 5226 ⁸⁴.
755 5165 952 5226 Matth.
981 5181 1144 5236 um,
1168 5171 1219 5225 6.
1285 5168 1332 5205 ⁸⁵
1355 5167 1505 5232 Ibid.
1529 5171 1619 5224 2‘7.
1679 5168 1918 5236 8t5.1bid,
1941 5172 1995 5226 4.
2060 5170 2104 5206 ⁸⁷
2129 5170 2278 5230 ibid.
2311 5172 2402 5230 54.

2357 4584 2486 4652 ἕκτῳ
2534 4581 2793 4652 κεφαλαίῳ
2861 4582 3093 4642 ζήτησον
3139 4588 3214 4644 τό,
3267 4585 3401 4637 Οὐαὶ
3451 4588 3592 4658 ύμῖν,
3639 4585 3950 4659 Γραμματεῐς

2357 4675 2446 4722 καὶ
2505 4677 2783 4744 Φαρισαῖοι
2839 4674 3136 4744 ύποκριταί,
3194 4676 3274 4725 ὅτι
3321 4675 3510 4728 κλείετε
3559 4681 3653 4733 τὴν
3693 4671 3947 4746 βασιλείαν

2357 4771 2455 4811 τῶν
2503 4761 2731 4834 οὐρανῶν
2777 4765 3064 4836 ἔμπροσθεν
3118 4773 3215 4815 τῶν
3276 4763 3578 4840 ἀνθρώπων,
3633 4766 3752 4816 ἔνθα
3799 4761 3948 4830 σαφὴς

2354 4852 2574 4903 τέθειται
2603 4853 2634 4911 η
2668 4850 2940 4924 ἐξήγησις.

2429 4945 2674 5012 Λέγοντος

3727 4941 3738 4957 Ρ

2751 4973 2820 4982 --
2899 4942 3075 4995 αὐτόν.
3145 4943 3390 5016 Ἐνέχειν,
3468 4949 3653 5017 ἤγουν,
3719 4942 3946 5014 ἐγκοτεῖν,

2358 5029 2686 5104 ὀργίζεσθαι.
2751 5034 2880 5083 Τινὰ
2946 5029 3006 5086 δὲ
3053 5041 3152 5086 τῶν
3211 5032 3558 5109 ἀντιγράφων,
3607 5033 3833 5105 ἐλέγχειν
3879 5024 3947 5096 (5)

2483 5175 2531 5211 ⁸⁸
2569 5173 2720 5230 Ibid.
2749 5179 2812 5232 15

1807 5349 2029 5421 Varie
2064 5350 2398 5422 lectiones
2434 5362 2501 5422 et
2538 5363 2742 5424 notae.

659 5516 737 5590 (4)
765 5515 888 5573 Ὀτι
917 5522 1054 5577 ante
1080 5517 1260 5587 εἰπεῖν,
1293 5520 1361 5577 Α.

666 5694 751 5766 (d)
783 5695 858 5750 Et
881 5697 1205 5765 praesertim
1235 5727 1298 5736 —
1331 5695 1801 5755 videant.Redde
1829 5717 1840 5756 :
1867 5700 2058 5758 Aliter
2082 5703 2254 5759 etiam

595 5765 687 5837 iis,
727 5768 834 5843 qui
855 5782 1104 5838 prorsus
1123 5775 1270 5840 sunt
1297 5769 1664 5830 obtmebrati
1691 5787 1967 5845 magnum
2009 5779 2114 5843 est,
2157 5775 2254 5836 vel

2441 5525 2517 5598 (5)
2543 5524 2750 5596 Credo,
2775 5526 3011 5584 codices
3032 5527 3355 5585 nonnullos
3374 5523 3618 5584 scholiis
3647 5521 3954 5580 instructos

2365 5703 3045 5786 exiguum‘jlluminari.
3080 5703 3404 5774 Vocabula,
3440 5701 3602 5763 ἄλλως
3631 5719 3685 5754 τι
3712 5700 3823 5764 καί,
3853 5705 3956 5748 no-

2362 5773 2490 5834 tent
2523 5773 3004 5849 explicationem.
