4128 6390
221 362 309 419 981
1261 363 1631 421 COMMENT.
1675 362 1745 418 ΙΝ
1781 360 2046 419 LUCAM.
2088 395 2159 408 —
2197 367 2355 426 CAP.
2400 372 2506 426 XII.

3478 368 3599 426 98,,

223 490 518 562 γράφουσιν,
567 491 749 553 εἴτουν,
786 484 1141 560 διαλέγεσθαι.
1175 493 1245 543 Τὸ
1282 488 1341 544 δὲ
1368 489 1800 563 ἀποστοματίζειν

1931 489 2154 564 ὶλέγχειν
2194 494 2480 561 scribunt,
2515 495 2577 551 id
2612 500 2698 551 est
2728 508 2999 565 arguere,
3034 492 3159 549 sive
3185 488 3507 566 disputare.

226 574 365 630 δηλοί
414 581 474 630 τὸ
524 576 759 631 ἀπαιτεῖν
814 575 1199 650 αὐτοσχεδίους
1260 586 1348 633 καὶ
1403 579 1808 642 ἀνεπισκέπτους

226 666 510 743 ἀποκρίσεις
532 667 871 744 ἐρωτημάτων
904 664 937 721 δ
941 668 1144 743 ολερῶν.

290 940 407 1009 Περὶ
456 966 524 976 -
578 936 752 991 αὐτόν.
804 937 885 990 Ἐν
936 936 1139 997 πολλοῖς
1184 936 1551 1013 προϐλήμασίν
1605 936 1811 990 ἐπιϐου-

222 1023 435 1085 λεύοντες
494 1025 656 1097 αὐτῷ.
718 1022 844 1079 Εἶτα
910 1031 1218 1101 πρόσκειται
1271 1032 1361 1079 καὶ
1419 1030 1447 1087 ἠ
1511 1027 1655 1080 αἰτία
1716 1037 1809 1088 τῆς

222 1118 453 1175 τοιαύτης
482 1124 749 1187 μηχανῆς.

286 1210 565 1265 Ζητοῦντες
606 1235 675 1245 -—
713 1205 894 1261 αὑτοῦ,
938 1205 1124 1277 ’ῼοντο
1171 1208 1271 1279 γὰρ
1316 1214 1387 1277 τῷ
1432 1204 1678 1279 αἰφνιδίῳ
1719 1212 1809 1259 καὶ

224 1292 490 1368 ἀπροὸπτῳ
530 1295 839 1369 περιτρέψαι
884 1299 1085 1356 πάντως
1118 1296 1271 1348 αὐτόν
1297 1316 1309 1330 ε
1358 1296 1487 1349 ἀλλά
1533 1299 1810 1368 πανσόφως

220 1382 321 1436 ἔλυε
347 1386 534 1449 πάντα,
568 1390 657 1437 καὶ
685 1384 914 1460 εὐχερῶς
943 1384 1259 1460 ἀπεκρίνετο.

356 1568 499 1616 ΚΕΦ.
542 1560 666 1615 ΜΔ’.
712 1566 835 1636 Περὶ
862 1570 955 1622 τῆς
982 1562 1150 1634 ζύμης
1198 1571 1296 1613 τῶν
1345 1567 1661 1635 Φαρισαίων.

287 1650 363 1700 Ἐν
393 1652 465 1710 οἷς
500 1682 547 1691 ιι
588 1652 882 1727 ὑπόκρισις.
917 1653 1053 1704 Ἐπεὶ
1084 1650 1132 1702 ἐν
1168 1653 1442 1724 ὑποκρίσει
1480 1656 1571 1703 καὶ
1599 1654 1681 1721 (6)
1720 1658 1807 1702 νῦν

218 1741 443 1814 ἠρώτων,
490 1751 716 1813 φανερῶς
764 1745 853 1814 μεν
915 1743 1183 1802 ζητοῦντες
1226 1744 1427 1813 μαθεῖν,
1475 1748 1705 1817 κρυφίως
1750 1738 1808 1793 δὲ

1922 582 2092 646 Quod
2144 588 2344 639 autem
2378 585 2646 658 sequitur
2685 583 3125 657 ἀποστοματίζειν
3164 583 3463 653 signiﬁcat
3492 599 3584 641 ex-

1918 673 2275 743 temporales
2307 680 2362 729 et
2383 690 2503 731 non
2535 674 2942 733 consideratas
2972 673 3387 745 responsiones
3416 673 3584 730 dolo-

1921 776 2127 817 sarum
2173 762 2711 833 interrogationum
2755 766 3029 835 expetere
3082 762 3362 835 (ideoque
3414 761 3585 819 verti-

1921 865 2075 906 mus.
2105 850 2180 908 ab
2201 866 2298 909 ore
2322 854 2748 925 interrogare).

1990 940 2158 996 Vers.
2211 946 2274 997 53
2315 942 2396 998 De
2423 974 2490 982 —
2520 943 2686 998 Vers.
2737 942 2822 998 54.
2872 942 2945 1015 εξ.
2992 944 3054 997 In
3108 940 3311 997 multis
3341 942 3582 1015 proble-

1918 1033 2094 1087 matis
2122 1030 2465 1088 insidiantes
2496 1033 2567 1088 ei.
2604 1032 2824 1088 Deinde
2849 1031 3091 1089 additur
3119 1035 3178 1088 et
3220 1048 3403 1089 causa
3446 1031 3581 1090 talis

1919 1121 2148 1177 technae
2180 1122 2252 1192 (e)
2286 1138 2387 1178 seu
2414 1128 2687 1178 conatus.

1992 1211 2156 1268 Vers.
2221 1212 2309 1266 54.
2376 1212 2705 1278 ριιιννεηιεε
2744 1241 2813 1253 -
2860 1228 3013 1268 eum.
3070 1210 3364 1268 Putabant
3420 1211 3580 1268 enim

1918 1304 2157 1370 repente
2221 1304 2279 1354 et
2340 1301 2414 1355 de
2472 1300 2802 1372 improviso
2865 1301 2924 1356 in
3003 1315 3265 1357 errorem
3332 1300 3582 1357 omnino

1919 1388 2086 1443 illum
2137 1388 2433 1445 inducere.
2484 1390 2699 1445 Verum
2747 1389 3186 1461 sapientissime
3223 1390 3585 1448 dissolvebat

1918 1479 2142 1545 omnia,
2186 1478 2477 1551 facileque
2507 1479 2933 1551 respondebat.

1989 1568 2143 1623 CAP.
2175 1568 2346 1637 XLIV,
2370 1571 2452 1625 De
2476 1570 2774 1639 ramento
2811 1569 3271 1626 Pharisaorum.

1990 1657 2137 1727 Cap.
2180 1659 2283 1712 ΧΠ.
2314 1660 2471 1713 Vers.
2509 1663 2529 1712 1
2568 1660 2733 1715 Inter
2761 1689 2825 1700 —
2847 1658 3197 1729 hypocrisis,
3234 1658 3384 1726 Quia
3404 1659 3581 1716 etiam

1918 1761 2079 1802 nunc
2136 1763 2248 1819 peu
2305 1748 2650 1820 hypocrisin
2707 1747 3177 1819 interrogabant,
3228 1753 3584 1820 apparenter

217 1829 640 1897 ἐπιϐουλεύοντες,
678 1831 1078 1903 ἐξασφαλίζεται
1102 1836 1221 1893 τοὺς
1253 1834 1508 1903 μαθητὰς,
1538 1831 1800 1903 φυλάττειν

1931 1836 2159 1909 quidem
2176 1836 2406 1892 discere
2427 1842 2783 1909 quaerentes,
2808 1836 3027 1892 occulte
3043 1852 3183 1893 vero
3206 1836 3577 1909 insidiantes,

216 1918 425 1981 ἑαυτοὺς
475 1918 576 1971 ἀπὸ
608 1928 697 1980 τῆς
746 1922 1065 1995 ὑποκρίσεως
1123 1921 1309 1985 αὐτῶν,
1369 1925 1456 1972 καὶ
1508 1925 1580 1993 μὴ
1636 1920 1809 1982 ἁπλῶς

215 2008 338 2080 αὐτῇ
398 2015 746 2083 περιπίπτειν.
812 2009 1132 2083 Παρήγγειλε
1189 2007 1247 2062 δε
1305 2011 1482 2072 αὐτοῖς
1533 2015 1649 2083 περὶ
1716 2018 1808 2070 τῆς

214 2102 454 2161 τοιαύτης
489 2102 654 2171 ζύμης
676 2105 765 2151 καὶ
790 2098 838 2151 ἐν
868 2100 940 2169 τῷ
966 2109 1262 2172 τριακοστῷ
1294 2097 1518 2174 δευτέρῳ
1548 2099 1806 2173 κεφαλαίῳ

213 2196 301 2240 τοῦ
330 2191 465 2240 κοιτά
494 2191 783 2242 Ματθαίον.

278 2364 583 2441 [Μυριάδας
644 2370 721 2439 (7)
793 2364 941 2440 οἶμαι
1006 2368 1169 2440 λέγειν
1247 2374 1341 2428 τὴν
1425 2368 1807 2427 πολυπλήθειαν

205 2464 294 2508 τοῦ
359 2456 544 2529 ὄχλου.
623 2457 887 2530 Εἰώθαμεν
969 2461 1070 2533 γὰρ
1143 2463 1357 2533 μυρίους
1437 2459 1620 2531 λέγειν,
1694 2462 1810 2520 τοὺς

203 2546 466 2620 πολλούς]

275 2633 443 2688 Οὐδὲν
476 2668 541 2676 —
566 2638 950 2708 γνωσθήσεται.
991 2642 1090 2691 Καὶ
1111 2646 1279 2689 ταῦτα
1319 2644 1551 2711 περὶτῆς
1593 2641 1807 2714 ὑποκρί-

206 2745 335 2788 σεως
390 2726 557 2778 αὐτῶν
615 2724 741 2791 εἶπε,
814 2722 1109 2793 διδάσκων,
1187 2730 1267 2779 ὅτι
1324 2727 1699 2798 ἐλεγχθήσεται
1758 2725 1805 2778 ἐν

201 2816 371 2888 ἡμέρᾳ
396 2824 492 2877 τῆς
520 2821 857 2889 παγκοσμίου
897 2821 1137 2891 κρίσεως.
1187 2822 1287 2871 Καὶ
1321 2816 1427 2869 ἐπεὶ
1469 2824 1569 2869 πᾶν
1624 2813 1803 2887 διαγι-

199 2911 456 2958 νώσκεται
478 2911 610 2969 τότε,
633 2912 723 2958 καὶ
755 2906 940 2979 πρᾶξις
962 2912 1051 2958 καὶ
1078 2906 1230 2978 λόγος
1256 2912 1344 2958 καὶ
1367 2912 1555 2979 νόημα,
1586 2911 1801 2979 περιττή

197 3003 284 3046 νῦν
311 3000 402 3047 καὶ
432 2997 704 3067 ἄχρηστος
733 2997 763 3053 ἡ
788 2998 1087 3070 ὑπόκρισις.

272 3086 410 3138 Ἀνθ’
466 3086 534 3136 ὧν
588 3117 656 3126 -
714 3082 989 3158 δωμάτων.
1053 3086 1485 3158 Ἐσχημάτισται
1541 3090 1631 3159 μὲν
1678 3090 1806 3158 πρὸς

1918 1925 2249 1997 discipulos
2290 1941 2432 1982 suos
2462 1927 2713 1982 omnino
2743 1926 2951 1990 munit,
2989 1931 3051 1981 ut
3081 1930 3331 1982 caveant
3360 1926 3471 1982 sibi
3502 1927 3581 1983 ab

1917 2016 2218 2088 hypocrisi
2267 2016 2525 2082 illorum,
2574 2032 2648 2071 ne
2697 2016 3104 2087 imprudenter
3148 2016 3208 2071 in
3263 2031 3399 2073 eam
3445 2014 3583 2073 inci-

1918 2105 2082 2161 dant.
2118 2107 2196 2160 De
2227 2106 2341 2161 hoc
2373 2110 2572 2161 autem
2605 2105 2896 2161 fermento
2925 2105 3103 2161 etiam
3141 2104 3257 2160 illis
3303 2105 3582 2178 praecepit

1918 2195 2217 2251 tricesimo
2244 2195 2509 2251 secundo
2540 2194 2733 2269 capite
2759 2194 3064 2265 Evangelii
3088 2193 3419 2251 secundum
3441 2194 3582 2251 Mat-

1918 2285 2158 2341 thamm.

1988 2375 2077 2446 -Η-
2125 2370 2425 2448 Μυριάδας,
2477 2376 2622 2446 puto
2667 2372 2933 2445 appellat
2983 2370 3429 2429 multitudinem
3476 2386 3583 2446 po-

1919 2464 2065 2537 puli.
2109 2464 2382 2521 Solemus
2413 2464 2572 2520 enim
2611 2467 2829 2538 μυρίους
2868 2460 3171 2536 appellare
3220 2462 3438 2519 multos

1987 2644 2147 2699 Vers.
2178 2646 2232 2697 2.
2256 2643 2913 2713 Nihil—cognoscatur.
2934 2640 3263 2699 Etiamhaee
3297 2641 3371 2698 de
3390 2640 3583 2715 hypo-

1917 2732 2056 2789 crisi
2099 2732 2245 2788 dixit
2296 2748 2526 2801 eorum,
2572 2732 2801 2797 dicens,
2855 2733 3015 2803 quod
3059 2736 3341 2800 arguetur
3383 2731 3447 2787 in
3485 2731 3581 2788 die

1916 2821 2266 2877 universalis
2292 2821 2516 2893 judicii.
2552 2823 2618 2877 Et
2656 2821 2759 2893 qui
2794 2826 2931 2877 tunc
2961 2820 3168 2877 omnia
3217 2835 3583 2891 cognoscen-

1916 2916 2009 2967 tur
2052 2916 2106 2966 et
2136 2926 2341 2983 opera,
2396 2915 2451 2965 et
2481 2926 2788 2966 sermones
2837 2926 2904 2966 ac
2931 2911 3246 2981 cogitatus,
3280 2909 3582 2983 superﬂua

1914 3018 2076 3058 nunc
2105 3006 2191 3057 est
2230 3006 2285 3057 et
2322 3000 2543 3057 inutilis
2574 2999 2929 3072 hypocrisis.

1986 3092 2152 3147 Vers.
2198 3096 2254 3147 3.
2321 3091 2590 3159 Quoniam
2626 3094 2892 3147 —tecta.
2926 3090 3137 3145 Factus
3196 3088 3445 3162 quidem
3491 3092 3580 3147 est

197 3180 321 3235 τοὺς
370 3177 612 3247 μαθητὰς
660 3178 684 3227 ὁ
741 3175 911 3247 λόγος,
964 3179 1168 3249 εἴρηται
1224 3173 1283 3229 δε
1335 3182 1425 3228 καὶ
1499 3176 1644 3237 οὗτος
1688 3180 1800 3249 περὶ

1931 3181 1993 3237 1d
2036 3180 2362 3253 discipulos
2393 3196 2608 3249 sermo,
2643 3195 2845 3235 verum
2879 3183 2935 3235 et
2972 3179 3065 3235 hic
3111 3178 3309 3251 potius
3356 3178 3429 3235 de
3460 3178 3577 3235 illis

197 3263 423 3329 ἐκείνων,
475 3268 554 3318 ὅτι
606 3268 707 3318 ὅσα
752 3267 869 3317 καθ’
934 3266 1149 3325 ἑαυτοὺς
1206 3264 1585 3338 ἐνθυμηθῶσιν,
1640 3269 1670 3323 ἥ
1718 3268 1807 3317 καὶ

194 3360 331 3428 πρὸς
386 3354 638 3417 ἀλλήλους
694 3354 861 3427 λάθρα
931 3356 1419 3425 κοινολογήσωνται,
1474 3358 1646 3407 πάντα
1692 3361 1805 3406 τότε

194 3440 718 3517 δημοσιευθήσονται
770 3447 912 3517 παρά
942 3452 1034 3496 τοῦ
1063 3448 1231 3497 πάντα
1272 3452 1615 3516 γινώσκοντος
1648 3451 1801 3497 Θεοῦ.

192 3543 307 3599 Φῶς
355 3540 457 3610 γὰρ
507 3543 596 3590 καὶ
641 3536 882 3609 δώματα,
915 3542 1008 3596 τήν
1047 3535 1395 3610 δημοσιευσιν
1445 3538 1699 3610 ὠνόμασε.
1733 3540 1803 3589 Τὸ

192 3622 273 3691 δε,
345 3626 455 3678 ἀνθ’
516 3628 602 3693 ὧν,
674 3625 785 3679 ἀντὶ
856 3636 968 3694 τοῦ,
1031 3625 1124 3680 διά
1192 3636 1365 3695 τοῦτο,
1441 3624 1582 3680 διότι
1650 3623 1802 3680 οὐδὲν

189 3718 361 3790 κρυϐή
372 3735 538 3769 σεται.

261 3813 446 3859 Ταῦτα
497 3802 554 3858 δε
609 3811 698 3858 καὶ
762 3805 810 3858 ἐν
871 3814 944 3877 τῷ
1025 3802 1460 3879 ἐννεακαιδεκάτῳ
1541 3807 1800 3880 κεφαλαίῳ

188 3903 284 3947 τοῦ
382 3898 519 3947 κατά
609 3896 878 3949 Ματθαῖον
957 3901 1358 3971 μετεχειρίσατο
1434 3898 1552 3949 καθ’
1628 3897 1800 3971 ἑτέραν

186 3987 298 4037 ἓννο
307 4006 386 4037 ιαν
395 4028 406 4039 .

264 4080 418 4146 Λέγω
473 4107 541 4115 -
590 4074 869 4147 φοϐήθητε,
911 4074 983 4128 Ὠ
1039 4074 1251 4148 ἀπείρου
1300 4082 1659 4137 ταπεινώσεως
1709 4081 1798 4129 καὶ

188 4162 435 4235 ἀγάπηςῑ
485 4165 668 4227 Φίλους
706 4165 851 4217 καλεί
907 4169 1026 4227 τοὺς
1080 4162 1317 4229 δούλους,
1352 4161 1521 4232 εἰδὼς,
1582 4168 1663 4217 ὅτι
1720 4186 1799 4237 φι-

183 4254 371 4307 λοῦσιν
396 4255 553 4307 αὐτὸν
597 4258 645 4307 εν
676 4255 766 4327 ὅλῃ
818 4252 1015 4329 καρδίᾳ
1067 4260 1157 4307 καὶ
1190 4254 1236 4306 ἐν
1295 4255 1383 4327 ὅλη
1415 4254 1571 4327 ψυχῇ
1607 4260 1694 4306 καὶ
1749 4255 1796 4307 ἐν

183 4343 279 4417 ὅλη
326 4342 572 4416 διανοίᾳ·
615 4348 671 4396 τὸ
704 4341 783 4409 δε,
836 4350 920 4403 Μή
968 4344 1228 4417 φοϐηθῆτε
1274 4346 1376 4396 ἀπὸ
1430 4352 1529 4396 τῶν
1582 4345 1797 4398 ἀποκτε-

179 4440 378 4485 νοντων
410 4438 492 4502 (8)
538 4437 594 4485 τὸ
629 4442 800 4506 σῶμα,
856 4438 945 4485 καὶ
1001 4437 1066 4485 τά
1124 4434 1260 4497 ἑξῆς,
1322 4431 1429 4486 εἷπε
1484 4439 1574 4486 καὶ
1618 4434 1667 4486 ἐν
1725 4444 1796 4507 τῷ

182 4520 480 4580 δηλωθέντι
534 4519 972 4594 ἐννεακαιδεκάτῳ
1018 4523 1277 4595 κεφαλαίῳ
1325 4531 1417 4575 τοῦ
1472 4526 1608 4575 κατά
1654 4530 1797 4577 Ματ-

180 4615 359 4677 θαίον,
410 4618 499 4664 καὶ
555 4613 784 4673 ζήτησον
839 4613 945 4665 ἐκεῖ
991 4618 1084 4671 τήν
1138 4617 1331 4665 τούτων
1384 4612 1657 4683 ἐξήγησιν.
1716 4613 1795 4666 Ἐν

177 4699 459 4775 διαφόροις
483 4705 583 4776 γὰρ
614 4709 815 4777 καιροῖς
843 4703 1089 4764 πολλάκις
1120 4706 1182 4754 τά
1222 4704 1353 4755 αὗτά
1392 4709 1638 4777 παραινεῖ
1684 4711 1797 4764 τοῖς

177 4792 522 4857 ἀποστόλοις,
572 4792 956 4865 ἐνσημανθῆναι
1007 4801 1172 4844 ταῦτα
1220 4802 1332 4853 ταῖς
1373 4793 1578 4865 ψυχλῖς
1624 4793 1793 4845 αὐτῶν

177 4880 520 4955 βουλόμενος.

1914 3272 2110 3327 dictus
2137 3276 2245 3339 est,
2272 3270 2436 3344 quod
2458 3286 2839 3343 quaecunque
2862 3268 3028 3340 apud
3059 3284 3190 3324 sesc
3224 3268 3575 3338 cogitarent.

1914 3360 2008 3416 vel
2051 3362 2228 3416 etiam
2277 3359 2431 3416 inter
2483 3376 2546 3414 se
2587 3364 2795 3415 mutuo
2826 3358 2981 3414 clam
3033 3357 3575 3425 communicarent,

1913 3450 2121 3507 omnia
2151 3456 2291 3505 tunc
2317 3451 2482 3505 aDeo
2500 3447 2987 3521 publicabuntur.
3012 3448 3334 3520 quicuncta
3356 3463 3574 3517 cogno-

1912 3541 2015 3595 vit.
2038 3541 2262 3597 Lumen
2288 3540 2446 3595 enim
2465 3544 2522 3595 et
2538 3543 2709 3606 tecta,
2727 3536 3198 3610 publicationem
3220 3536 3573 3593 nominavit.

1916 3629 2227 3697 Quoniam,
2284 3628 2345 3684 id
2404 3632 2511 3698 est,
2558 3631 2901 3700 propterea,
2969 3626 3115 3699 quia
3178 3625 3326 3682 nihil
3384 3624 3576 3683 occul-

1914 3723 2036 3775 tum
2078 3718 2210 3775 erit.

1984 3808 2119 3864 Htec
2159 3807 2340 3864 etiam
2388 3806 2624 3862 decimo
2673 3820 2836 3862 nono
2874 3805 3049 3877 juxta
3094 3804 3438 3865 Matthaeum
3482 3820 3579 3863 ca-

1912 3898 2026 3969 pite
2070 3896 2361 3962 tractavit,
2413 3910 2763 3968 quanquam
2796 3895 3127 3952 secundum
3178 3893 3364 3951 alium
3411 3894 3579 3951 intel-

1908 3987 2149 4041 lectum.

1979 4075 2141 4129 Vers.
2200 4076 2251 4137 4,
2309 4073 2453 4129 Dico
2484 4104 2553 4114 —
2588 4074 2753 4128 Vers.
2799 4077 2848 4127 5.
2904 4070 3119 4129 timete.
3174 4073 3218 4128 Ο
3272 4072 3577 4129 immensi-

1908 4169 2090 4228 tatem
2120 4162 2470 4219 humilitatis
2492 4178 2561 4219 ac
2588 4161 2918 4217 dilectionis
2948 4161 2962 4216 ι
2994 4160 3234 4217 Amicos
3259 4166 3438 4218 vocat
3457 4177 3576 4218 ser-

1918 4266 2042 4319 Vos,
2072 4254 2287 4318 sciens,
2320 4252 2483 4325 quod
2513 4267 2574 4307 se
2623 4254 2825 4307 ament
2871 4266 2944 4306 ex
2985 4254 3109 4307 toto
3141 4249 3343 4319 corde,
3398 4254 3456 4306 et
3500 4266 3573 4306 ex

1908 4348 2031 4399 tota
2069 4342 2291 4408 anima,
2333 4347 2389 4397 et
2415 4357 2486 4397 ex
2529 4344 2651 4396 tota
2682 4345 2898 4395 mente.
2944 4338 3113 4404 Quod
3155 4342 3352 4395 autem
3383 4338 3522 4394 dicit
3554 4353 3569 4395 :

1905 4435 1995 4489 Ne
2020 4431 2365 4489 terreamini
2393 4430 2464 4485 ab
2496 4429 2605 4495 his,
2626 4430 2729 4501 qui
2778 4428 3051 4485 occidunt
3094 4442 3324 4500 corpus,
3359 4433 3416 4484 et
3460 4443 3569 4485 cm-

1908 4529 2051 4589 tera,
2070 4521 2222 4578 dixit
2237 4521 2413 4575 etiam
2435 4518 2713 4593 praedicto
2728 4520 2921 4589 capite
2933 4516 3169 4574 decimo
3196 4533 3360 4575 nono
3382 4519 3571 4575 Evan-

1907 4611 2044 4681 gelii
2095 4609 2433 4667 secundum
2489 4608 2953 4673 Matthaaum;et
3004 4606 3085 4664 ibi
3132 4607 3350 4663 horum
3408 4622 3571 4681 quaa-

1906 4703 2015 4757 rito
2032 4701 2492 4757 enarrationem.
2526 4697 2715 4753 Variis
2743 4697 2905 4753 enim
2928 4696 3476 4770 opportunitatibus
3501 4712 3570 4754 ac

1905 4789 2277 4863 temporibus
2317 4787 2620 4861 apostolos
2649 4788 2723 4843 de
2754 4785 2968 4843 iisdem
3000 4787 3339 4860 frequenter
3362 4788 3569 4844 admo-

1905 4880 2131 4937 nebat:
2168 4878 2374 4936 volens
2404 4878 2533 4934 haec
2574 4876 2895 4934 animabus
2943 4891 3153 4935 eorum
3203 4875 3372 4948 inﬁgi
3401 4880 3571 4936 tena-

1904 4970 2051 5027 cius.

1422 5095 1645 5165 Variaa
1669 5096 2001 5165 lectiones
2043 5102 2111 5164 et
2132 5102 2336 5163 notae.

170 5270 263 5327 ita
303 5267 548 5325 habere.
582 5267 645 5322 In
676 5266 1028 5338 hujusmodi
1058 5267 1329 5324 codicem
1376 5267 1583 5324 incidit
1611 5266 1793 5324 Theo-

171 5341 528 5413 phylactus,
548 5339 650 5411 qui
664 5338 727 5394 in
739 5338 943 5413 codice
956 5340 1293 5413 Mosquensi
1316 5356 1396 5395 m.
1412 5340 1496 5395 ita
1508 5339 1706 5413 habet.
1728 5340 1791 5395 Id

173 5410 350 5493 enim
371 5410 980 5493 compertumbabeo,
1011 5410 1395 5493 Euthymium
1421 5411 1791 5493 e_tTheophy-

172 5485 404 5541 laetum
419 5481 769 5553 hujusmodi
793 5483 1033 5537 codices
1048 5484 1125 5538 ad
1140 5481 1356 5540 manus
1369 5481 1668 5547 habuisse,
1694 5481 1796 5538 cu-

166 5554 1012 5628 jusmodigsunt’Mosquenses
1026 5557 1090 5628 NA.
1110 5554 1540 5611 Testamentia.
1555 5554 1613 5609 d.
1630 5570 1687 5628 _e.
1707 5558 1792 5611 t0.

173 5624 261 5687 Ex
291 5628 380 5686 eis
396 5626 580 5684 etiam
607 5625 722 5682 hoc
748 5624 881 5682 ibeo
903 5626 1152 5698 repetita
1163 5632 1251 5684 est
1273 5625 1684 5699 interpretatio
1695 5642 1797 5684 vo-

251 5812 327 5885 (e)
366 5804 613 5869 Technz
645 5806 817 5863 Forte
848 5820 990 5880 ergo
1028 5805 1173 5879 legit
1207 5810 1416 5881 τέχνης.

1902 5266 2101 5325 caduli
2142 5264 2607 5337 ἀποστοματίζειν.

2000 5343 2055 5409 6)
2097 5344 2218 5403 Καὶ,
2248 5338 2417 5395 abest
2440 5340 2509 5395 A.

1998 5406 2052 5483 7)
2089 5414 2214 5465 Haec
2246 5415 2493 5481 uterque
2532 5408 2591 5463 in
2630 5408 2902 5479 margine
2950 5406 3207 5465 exhibet.
3242 5408 3565 5465 Hentenins

1903 5498 2025 5539 non
2058 5484 2344 5552 agnoscit.
2591 5551 2594 5552 ν
2690 5506 2697 5509 ν

1976 5555 2053 5627 (8)
2083 5551 2544 5617 Ἀποκτενούντων,
2571 5551 2637 5607 Α.
