4128 6428
486 349 592 412 983

1817 352 2164 411 EUTHYMII
2205 351 2540 410 ZIGABENI

3765 353 3876 408 984

559 479 725 554 Vers.
782 483 835 537 6.
865 479 1078 538 Nonne
1125 481 1288 537 Vers.
1339 486 1392 536 7.
1427 481 1622 550 pruris
1662 481 1818 538 estis.
1875 478 2155 535 Similiter

2340 479 2485 551 Οὐχὶ
2523 511 2591 520 -
2640 477 2930 554 διαφέρετε.
2962 479 3188 551 Ὁμοίως
3230 475 3338 531 εἷπε
3381 482 3470 530 καὶ
3511 485 3679 530 ταῦτα
3723 477 3770 530 ἓν
3801 486 3878 531 τῶ

490 572 548 623 et
592 553 734 624 ‘hasc
787 569 942 624 dixit
992 570 1205 626 eodem
1261 570 1473 642 capite.
1535 575 1809 626 Attamen
1864 569 1946 625 ibi
2003 568 2156 624 duos

489 657 745 729 parvulo
772 674 908 714 asse
927 659 1050 714 sive
1071 660 1319 725 assario,
1340 660 1565 715 vaanire
1591 659 1818 723 dixit”,
1844 659 1937 714 hic
1954 663 2156 714 autem

491 746 760 821 quinque
792 763 1056 818 passeres
1078 750 1280 820 parvis
1313 748 1553 804 assibus
1575 749 1834 804 duobus.
1872 751 1936 803 Et
1963 746 2160 802 verisi-

494 835 632 892 mile
663 841 750 893 est
783 842 920 892 tunc
951 837 1117 892 aliter
1146 839 1438 904 vasniisse,
1479 854 1636 894 nunc
1671 855 1810 894 vero
1841 837 2027 904 aliter,
2057 839 2162 891 Le-

495 940 568 996 ge
617 940 759 998 ergo
811 931 868 982 et
913 941 1068 992 eam,
1104 942 1240 1006 quae
1298 927 1382 984 ibi
1417 928 1634 999 posita
1699 933 1785 984 est
1837 925 2162 983 enarratio-

493 1029 658 1072 nem.

565 1105 737 1161 Vers.
765 1105 818 1170 8,
860 1105 994 1161 Dico
1021 1137 1088 1147 —
1123 1105 1281 1161 Vers.
1316 1110 1367 1162 9.
1405 1107 1512 1163 Dei
1557 1107 1681 1163 Pari
1730 1107 1909 1162 modo
1955 1110 2011 1162 et
2036 1105 2163 1161 haec

495 1198 930 1266 consequenter
945 1195 1318 1272 dixiteodem
1343 1199 1528 1268 capite
1558 1197 1693 1252 :sed
1726 1197 1808 1252 ibi
1839 1196 2025 1252 dixit:
2057 1196 2164 1252 Co-

491 1300 620 1340 ram
645 1287 822 1341 Patre
845 1301 984 1342 meo.
1013 1288 1111 1356 qui
1132 1294 1210 1341 est
1237 1287 1300 1341 in
1319 1287 1468 1342 caelis
1499 1289 1566 1350 9°,
1607 1286 1701 1341 hic
1728 1291 1928 1341 autem
1954 1287 2163 1341 Coram

497 1374 723 1445 angelis
751 1375 881 1430 Dei.
911 1377 1010 1430 Est
1035 1380 1234 1430 autem
1266 1373 1635 1430 indifferens.
1666 1378 1812 1430 Nam
1844 1373 2000 1429 Patri
2034 1374 2162 1444 ejus

497 1467 556 1518 et
587 1463 703 1534 ipsi
721 1469 1044 1534 sanctoque
1071 1462 1330 1535 Spiritui,
1363 1467 1633 1536 tempore
1662 1463 1862 1536 judicii
1886 1464 2166 1520 assistent

499 1551 680 1608 simul
705 1558 761 1608 et
786 1551 1002 1625 angeli.

573 1730 742 1788 Vero.
803 1731 886 1785 10.
947 1732 1021 1786 Et
1077 1732 1496 1803 quicunque—
1538 1732 1892 1789 remittetur.
1958 1734 2167 1798 Quaere

2267 573 2486 640 τοιούτῳ
2548 571 2825 642 κεφαλαίῳ,
2886 570 3018 628 πλὴν
3094 569 3201 621 ἐκεῖ
3276 572 3364 640 μὲν
3444 565 3540 621 δύο
3617 571 3881 644 στρουθία

2269 657 2530 734 ἀσσαρίου
2607 659 2895 711 πωλεῖσθαι
2968 662 3200 732 εἴρηκεν·
3269 658 3491 710 ἐνταῦθα
3573 653 3650 722 δὲ,
3729 661 3882 711 πέντε

2272 750 2526 822 στρουθία
2557 747 2826 823 ἀσσαρίων
2863 745 2979 800 δύο.
3012 753 3111 801 Καὶ
3143 748 3299 809 εἰκὸς,
3345 751 3458 799 τότε
3489 750 3599 818 μἐν,
3650 747 3834 820 ἑτέρως
3859 762 3877 779 ⁶

2269 844 2355 888 νῦν
2402 835 2478 908 δὲ,
2516 838 2700 913 ἐέτρως
2729 845 2897 890 ταῦτα
2926 835 3232 894 πωλεῖσθαι,
3267 837 3554 908 Ἀνάγνωθι
3603 832 3689 888 οὖν
3728 835 3884 889 κάκεῖ

2269 932 2365 986 τὴν
2397 927 2670 999 ἐξήγησιν.

2345 1111 2494 1178 Λέγω
2534 1115 2714 1158 -τοῡ
2739 1111 2884 1159 Θεοῦ.
2939 1106 3211 1167 Ὡσαύτως
3258 1110 3347 1158 καὶ
3395 1112 3563 1157 ταῦτα
3612 1105 3661 1158 ἐν
3706 1104 3883 1177 ἐκείνῳ

2270 1206 2342 1266 τῷ
2399 1197 2658 1268 κεφαλαίῳ
2715 1195 2938 1258 καθεξῆς
2995 1199 3216 1268 εἴρηκεν.
3271 1195 3404 1248 Ἀλλ’
3473 1193 3573 1248 ἐκεῖ
3621 1199 3710 1268 μὲν
3777 1196 3882 1267 (9),

2275 1289 2485 1338 ἐνώπιον
2542 1295 2634 1338 τοῦ
2697 1292 2897 1357 Πατρός
2953 1305 3051 1356 μου
3112 1293 3204 1336 τοῦ
3273 1283 3321 1336 ἐν
3380 1283 3640 1357 οὐρανοῖς,
3696 1281 3834 1336 εἶπεν
3867 1304 3880 1316 ·

2275 1375 2496 1428 ἐνταῦθα
2523 1372 2600 1442 δὲ,
2645 1375 2855 1427 ἐνώπιον
2891 1383 2988 1426 τῶν
3022 1373 3242 1446 ἀγγελων
3293 1381 3384 1426 τοῦ
3429 1378 3577 1427 Θεοῦ.
3625 1371 3778 1426 Ἐστι
3824 1368 3886 1424 δὲ

2277 1462 2583 1537 ἀδιάφορον.
2625 1472 2706 1534 Τῷ
2751 1469 2920 1538 Πατρὶ
2961 1467 3062 1538 γὰρ
3113 1464 3288 1526 αὐτοῦ,
3337 1468 3428 1514 καὶ
3476 1462 3636 1531 αὐτῷ,
3679 1467 3769 1513 καὶ
3812 1470 3886 1531 τῷ

2276 1555 2409 1626 ἁγίῳ
2463 1557 2746 1626 Πνευματι⁹
2803 1556 2852 1606 οἱ
2903 1552 3111 1625 ἄγγελοι
3183 1557 3530 1627 παρίστανται
3596 1554 3731 1604 κατὰ
3799 1554 3887 1602 τὸν

2276 1647 2457 1717 καιρὸν
2482 1652 2543 1702 τῆ
2557 1665 2577 1706 ς
2608 1648 2846 1718 κρίσεως.

3445 1728 3455 1744 .‘

2354 1738 2454 1786 Καὶ
2508 1739 2605 1792 πᾶς
2654 1764 2722 1772 -
2770 1732 3109 1805 ἀφεθήσεται.
3152 1736 3386 1789 Ζήτησον
3437 1729 3484 1780 ἐν
3543 1737 3614 1799 τῷ
3665 1729 3888 1799 εἰκοστῷ

499 1820 783 1876 vicesimo
816 1820 1078 1877 secundo
1110 1821 1302 1893 capite
1339 1821 1632 1892 Evangelii
1668 1821 2003 1876 secundum
2027 1826 2166 1876 Mat-

2287 1819 2506 1896 δευτέρῳ
2555 1821 2813 1893 κεφαλαίῳ
2879 1827 2972 1879 τὴν
3028 1820 3298 1894 ἑρμηνείαν
3351 1827 3482 1871 τοῦ·
3535 1823 3636 1871 Καὶ
3695 1820 3749 1880 ὃς
3803 1816 3889 1869 ἐὰν

499 1909 722 1968 ιὴωυω
751 1910 1298 1981 interpretationem
1327 1910 1483 1966 illius
1509 1910 1651 1966 dicti
1675 1927 1684 1963 :
1719 1911 2062 1982 Quicunque
2084 1910 2169 1965 di-

497 2000 658 2057 xerit
677 2005 888 2056 contra
899 1999 1124 2056 Filium
1145 2001 1396 2057 hominis
1417 2000 1754 2058 remittetur
1767 2001 1820 2056 ei
1839 2002 1907 2065 91,
1927 1999 2078 2056 bene
2097 2016 2169 2058 ac

499 2087 667 2144 nullo
694 2089 1103 2160 praetermisso
1135 2089 1558 2145 continentem.

572 2178 740 2235 Vers.
773 2178 859 2232 11-
888 2179 1035 2233 Cum
1052 2185 1332 2236 autem—
1356 2177 1518 2233 Vers.
1556 2177 1640 2234 12.
1665 2185 1932 2246 oporteat
1954 2179 2166 2234 dicere.

505 2266 635 2322 Ηωο
673 2267 851 2324 etiam
877 2267 1023 2322 dixit
1053 2283 1215 2323 nono
1247 2267 1438 2338 capite
1487 2267 1784 2337 Evangelii
1815 2269 1984 2338 juxta
2029 2268 2170 2323 Mut-

503 2355 945 2421 thaaum;-etin
986 2372 1057 2413 eo
1105 2356 1234 2427 lege
1278 2357 1420 2412 dicti
1465 2356 1618 2412 illius
1677 2359 2169 2412 enarrationem:

507 2445 655 2502 Cum
691 2449 888 2502 autem
943 2447 1306 2502 tradiderint
1350 2462 1473 2511 vos,
1530 2447 1715 2504 nolite
1757 2446 2006 2503 solliciti
2035 2461 2170 2513 esse,

506 2536 798 2607 quomodo
825 2543 928 2592 aut
957 2537 1104 2608 quid
1135 2535 1462 2607 loquamini
1483 2537 1530 2571 9³

534 2689 541 2694 _
578 2623 738 2680 CAP.
781 2624 938 2681 XLV.
967 2627 1052 2681 De
1077 2640 1141 2682 eo
1172 2627 1275 2697 qui
1298 2625 1530 2682 volebat
1573 2625 1840 2682 dividere
1869 2624 2175 2682 haeredita-

1289 2723 1424 2772 tem.

580 2803 749 2860 Vers-
780 2805 867 2860 13.
900 2805 1003 2860 Ait
1041 2834 1101 2844 —
1125 2805 1299 2860 Vers.
1338 2805 1420 2859 14.
1469 2820 1635 2876 super
1674 2820 1773 2861 vos
1804 2805 1832 2861 7
1877 2807 2176 2861 Mansuete

509 2893 703 2949 illum.
735 2897 1025 2966 tanquam
1056 2894 1130 2948 de
1163 2894 1424 2950 minimis
1450 2894 1630 2950 verba
1657 2894 1992 2959 facientem,
2030 2895 2172 2964 reje-

509 2983 606 3040 cit.
648 2984 796 3037 Cum
823 2982 983 3037 enim
1011 2999 1224 3038 avarus
1254 2988 1424 3051 esset,
1481 2999 1551 3038 ac
1579 2984 1848 3055 pecunias
1880 2983 2178 3038 desiderio

507 3071 789 3143 ﬂagraret
823 3072 1024 3144 :quod
1050 3073 1267 3128 animas
1290 3073 1702 3129 necessarium
1737 3079 1880 3138 erat,
1928 3074 2178 3145 ejusque

2282 1916 2397 1984 εἴπῃ
2502 1911 2652 1982 λόγον
2751 1913 2887 1962 κατὰ
2987 1919 3076 1962 τοῦ
3174 1912 3297 1961 Υίου
3396 1916 3486 1960 τοῦ
3588 1907 3888 1979 ἀνθρώπου,

2281 2000 2594 2073 ἀφεθήσεται
2709 1999 2886 2069 αὐτῷ·
2991 1999 3158 2058 καλῶς
3258 2017 3311 2050 τε
3417 2003 3506 2049 καὶ
3611 1995 3890 2054 ἀνελλιπῶς

2280 2093 2535 2162 ἔχουσαν.

2349 2178 2509 2231 Ὀταν
2573 2175 2632 2230 δὲ
2708 2209 2774 2216 -
2843 2173 2926 2229 δεῖ
2999 2177 3176 2228 εἰπεῖν.
3243 2171 3367 2228 Εἷπε
3439 2183 3606 2227 ταῦτα
3677 2178 3769 2226 καὶ
3841 2176 3890 2225 ἓν

2281 2278 2353 2339 τῷ
2410 2264 2846 2338 ἐννεακαιδεκάτῳ
2911 2266 3170 2338 κεφαλαίῳ
3249 2274 3338 2318 τοῦ
3409 2268 3539 2317 κατὰ
3597 2266 3889 2327 Ματθαῖον,

2283 2363 2372 2410 καὶ
2412 2356 2670 2429 ἀνάγνωθι
2719 2355 2765 2408 ἐν
2819 2358 2992 2427 ἐκείνῳ
3039 2361 3133 2413 την
3182 2354 3426 2426 ἐξήγησιν
3463 2362 3574 2406 του.
3620 2353 3782 2406 Ὅταν
3832 2349 3892 2404 δὲ

2287 2443 2658 2522 παραδιδῶσιν
2726 2448 2880 2518 ὑμᾶς,
2955 2450 3025 2517 μὴ
3100 2451 3472 2519 μεριμνήσητε,
3544 2452 3652 2504 πῶς
3729 2444 3758 2501 ἡ
3840 2445 3893 2494 τί

2285 2537 2413 2595 λαλή
2425 2555 2558 2590 σετε.

2288 2634 2436 2682 ΚΕΦ.
2517 2624 2646 2680 ME'.
2744 2629 2869 2696 Περὶ
2961 2643 3052 2676 του
3160 2624 3467 2683 θελήσαντος
3569 2621 3892 2695 μερίσασθαι

2927 2733 3020 2772 την
3043 2733 3248 2766 ουσιαν.

2359 2803 2482 2857 Εῖπε
2514 2835 2580 2844 -
2624 2803 2698 2876 ἐφ’
2730 2805 2898 2876 apag;
2940 2805 3124 2877 Πράως
3173 2802 3350 2867 αὐτὸν,
3403 2805 3472 2862 ὡς
3525 2799 3893 2874 σμικρολογον,

2289 2893 2649 2966 ἀπεπέμψατο.
2717 2894 3181 2966 Ἐρασιχρήματος
3235 2894 3337 2965 γὰρ
3388 2891 3502 2963 (10)
3555 2894 3622 2940 ὥν
3670 2894 3760 2940 καὶ
3809 2907 3896 2959 φι-

2287 2983 2581 3056 λοκτὴμων,
2634 2982 2797 3054 ἀφῆκε
2854 2987 2943 3054 μὲν
2989 2982 3149 3034 αἰτεῖν
3198 2981 3477 3053 ἀναγκαῖὸν
3522 2999 3571 3030 τι
3625 2986 3685 3051 τῇ
3735 2977 3893 3050 ψυχῇ

2289 3079 2379 3125 καὶ
2408 3078 2680 3147 χρήσιμον
2716 3071 2785 3132 εἰς
2831 3077 3094 3144 σωτηρίαν
3128 3071 3310 3136 αὐτῆς,
3356 3070 3581 3133 ἐζήτησε
3627 3065 3685 3120 δὲ
3717 3087 3894 3138 σωμα-

511 3161 679 3218 saluti
724 3161 883 3228 utile,
913 3166 1109 3233 petere
1140 3161 1342 3217 omisit
1371 3181 1382 3220 :
1415 3163 1722 3234 corporale
1759 3169 1959 3218 autem
1987 3162 2178 3234 requi-

2289 3168 2452 3228 τικὸν,
2485 3163 2695 3215 πλείονα
2738 3158 2992 3235 φροντίδα
3040 3169 3130 3214 τοῦ
3177 3167 3416 3232 σώματος
3465 3161 3606 3234 παρά
3658 3163 3750 3214 την
3798 3157 3901 3226 ψυ-

510 3251 659 3317 sivit,
678 3254 970 3322 majorem
983 3251 1214 3308 habens
1235 3267 1443 3308 curam
1457 3253 1722 3322 corporis
1736 3269 1923 3323 quam
1937 3253 2177 3316 animas,

510 3341 901 3413 Reprehendit
946 3357 1087 3411 ergo
1142 3341 1492 3411 petitionem
1545 3341 1699 3396 illius
1761 3341 2046 3409 Christus,
2099 3357 2180 3396 re-

512 3419 1018 3502 spondens,un
1041 3445 1161 3486 non
1184 3430 1596 3502 pecuniarum,
1617 3431 2182 3501 autpossessionum

512 3519 753 3585 divisor,
801 3519 907 3576 sed
952 3519 1118 3589 regni
1150 3518 1419 3585 caelestis,
1457 3523 1746 3592 tanquam
1791 3519 2180 3586 hmreditatis,

514 3609 690 3666 dator
719 3609 1074 3664 advenisset.

588 3698 749 3754 Vers.
765 3700 852 3754 15.
876 3699 955 3753 Et
977 3697 1060 3753 ait
1080 3727 1149 3738 —
1165 3698 1446 3755 avaritia.
1468 3698 1815 3770 Opportune
1832 3703 2077 3770 sumpta
2093 3715 2187 3754 oc-

519 3787 762 3856 casione
783 3787 947 3859 apud
975 3786 1302 3858 discipulos
1333 3792 1691 3858 protestatur
1717 3807 1729 3847 :
1752 3788 2069 3844 avaritiam
2086 3805 2187 3843 vo-

521 3891 686 3944 cans,
709 3876 842 3946 plus
863 3874 1106 3940 habere,
1141 3891 1321 3946 quam
1351 3875 1516 3948 quod
1541 3875 1818 3942 sufﬁciat,
1857 3880 1961 3932 aut
1987 3878 2061 3933 sit
2088 3893 2188 3933 ne-

520 3966 873 4022 cessarium.

550 4117 560 4124 _
590 4056 759 4112 Vers.
798 4056 880 4111 15.
905 4055 1137 4122 Quia—
1164 4057 1310 4124 ejus.
1346 4059 1468 4112 Non
1509 4055 1646 4124 quia
1666 4055 1852 4112 homo
1884 4057 2187 4130 quispiam

523 4145 740 4215 divitiis
761 4145 1046 4211 abundat,
1078 4145 1196 4200 vita
1208 4146 1338 4217 ejus
1368 4145 1644 4202 abundat
1667 4162 1733 4201 ex
1751 4146 1852 4201 tali
1871 4147 2190 4203 abundan-

521 4235 604 4292 tia
616 4235 766 4306 ejus.
783 4235 1290 4308 Admonetitaque
1304 4235 1377 4289 ab
1392 4234 2029 4304 avaritiafugiendum,
2046 4237 2190 4308 quia

521 4341 642 4382 non
665 4326 995 4381 secundum
1027 4324 1182 4380 hanc
1209 4324 1437 4380 accedit
1469 4325 1601 4379 vitae
1636 4341 1936 4380 mensura.
1970 4325 2189 4380 Deinde

523 4415 703 4471 etiam
727 4413 1083 4484 parabolam
1107 4414 1778 4484 profertostendentem,
1813 4413 1978 4486 quod
2001 4415 2190 4469 avari-

525 4504 606 4568 tia
636 4501 1100 4558 sollicitudinem
1131 4501 1373 4574 quidem
1415 4502 1584 4558 affert
1622 4518 1693 4558 ac
1736 4519 2062 4568 maerorem,
2110 4503 2192 4558 vi-

523 4596 651 4648 tam
664 4605 803 4646 vero
825 4590 1047 4647 addere
1063 4605 1185 4647 non
1203 4596 1414 4660 potest.
1436 4592 1637 4664 Itaque
1658 4607 1906 4648 avarum
1922 4607 2053 4647 esse
2069 4608 2190 4648 non

527 4681 724 4737 solum
751 4679 958 4735 inutile
989 4684 1095 4746 est,
1121 4695 1327 4736 verum
1357 4680 1537 4736 etiam
1565 4681 1868 4736 nocivum.

601 4767 759 4825 CAP.
791 4768 970 4825 XLVI.
1005 4770 1090 4826 De
1109 4769 1286 4826 divite
1315 4772 1493 4840 cujus
1512 4785 1652 4841 ager
1668 4771 1842 4842 ferax
1867 4770 2010 4840 fuit.

525 4859 691 4930 V_ers.
728 4861 812 4913 16.
861 4857 1028 4914 Dixit
1080 4864 1280 4915 autem
1308 4891 1377 4899 —
1413 4860 1720 4929 praedium.
1763 4865 1973 4934 Χώραν,

526 4946 822 5023 praedium
855 4951 1047 5019 vocat,
1085 4953 1314 5013 terram,
1364 4949 1486 5005 sive
1527 4964 1763 5019 agrum.

599 5041 764 5095 Vere.
802 5038 886 5093 17.
931 5037 1011 5093 Et
1049 5069 1115 5079 —
1153 5053 1299 5096 meos
1326 5039 1524 5097 ?Cum
1564 5054 1773 5096 omnes
1822 5038 2046 5096 fructus
2077 5056 2194 5111 praa

601 5218 647 5255 '9
679 5216 876 5276 Matth.
909 5233 968 5286 x,
1001 5219 1089 5274 29.
1121 5217 1168 5255 9°
1237 5218 1446 5277 Matth.
1479 5235 1537 5286 x,
1571 5219 1659 5278 32.
1726 5221 1770 5256 ⁰¹
1807 5221 2009 5278 Matth.
2041 5236 2144 5286 x11,
2179 5223 2266 5279 32.

2293 3258 2399 3325 χὴν
2439 3254 2763 3322 ποιούμενος.
2795 3250 3077 3322 Εμέμψατο
3125 3247 3212 3302 οὖν
3262 3255 3354 3308 τὴν
3407 3252 3619 3306 αἴτησιν
3670 3245 3826 3298 αὑτοῦ
3877 3247 3899 3296 ὁ

2292 3345 2540 3411 Χριστὸς,
2624 3339 2922 3414 ἀποκριθεὶς
2991 3336 3050 3392 δὲ
3119 3338 3252 3410 (Il),
3313 3340 3394 3389 ὅτι
3454 3338 3528 3389 Οὐ
3605 3337 3898 3410 χρημάτων

2294 3435 2562 3502 μεριστῆς,
2651 3429 2779 3481 ἀλλά
2864 3428 3141 3501 βασιλείας
3230 3428 3471 3500 οὐρανίου
3569 3421 3899 3499 κληροδοτης

2295 3519 2536 3578 ἐλήλυθα.

2368 3697 2490 3752 Εῖπε
2556 3729 2622 3738 —-
2681 3697 2988 3759 πλεονεξιας.
3060 3696 3319 3768 Εὗκαιρον
3395 3693 3677 3766 λαϐόμενος
3748 3691 3905 3764 ἀφορ-

2296 3798 2419 3862 μῆς,
2473 3785 2888 3860 διαμαρτύρεται
2938 3790 3070 3860 πρὸς
3127 3789 3246 3848 τοὺς
3303 3787 3559 3856 μαθητὰς,
3611 3780 3906 3844 πλεονεξίαν

2295 3878 2451 3950 λέγων
2527 3881 2608 3942 τὸ,
2675 3876 2821 3929 πλέον
2891 3879 3030 3948 ἔχειν
3098 3883 3189 3928 τοῦ
3257 3873 3550 3949 ἀρκοῦντος,
3632 3877 3745 3931 ἦτοι
3813 3879 3904 3923 τοῦ

2298 3966 2605 4038 ἀναγκαίου.

2365 4057 2487 4108 Ὀτι
2552 4087 2619 4098 --
2688 4056 2866 4108 αὑτοῦ.
2954 4054 3064 4107 Οὐκ
3131 4053 3180 4106 ἐν
3242 4072 3314 4124 τῳ
3393 4053 3718 4127 περισσεύειν
3803 4056 3905 4103 τινὶ

2301 4145 2550 4221 ἀνθρώπῳ
2585 4145 2804 4197 πλοῦτον
2831 4147 2859 4203 ἡ
2911 4144 3017 4204 ζωὴ
3062 4143 3201 4212 αὐτῷ
3244 4142 3360 4214 (12)
3395 4145 3679 4214 παραμένει
3727 4137 3782 4190 ἐκ
3813 4147 3907 4200 τῆς

2298 4239 2545 4296 τοιαύτης
2599 4238 2900 4306 περιουσίας
2951 4233 3128 4286 αὑτοῦ.
3185 4238 3431 4292 ιιαραινεῖ
3477 4235 3646 4284 τοίνυν
3705 4231 3908 4300 φεύγειν

2298 4331 2392 4382 τὴν
2437 4324 2746 4387 πλεονεξίαν,
2792 4319 2931 4375 διότι
2963 4323 3054 4374 οὐκ
3099 4322 3152 4373 ἐκ
3202 4325 3400 4382 ταύτης
3443 4321 3783 4392 προστίθεται
3823 4323 3912 4388 μέ-

2300 4434 2418 4488 τρον
2462 4414 2616 4474 ζωῆς.
2652 4411 2779 4465 Εἶτα
2835 4411 3059 4487 ἐπιφέρει
3111 4417 3200 4463 καὶ
3257 4409 3578 4484 παραϐολὴν,
3632 4408 3917 4480 ἐμφαίνου-

2303 4523 2419 4571 σαν,
2465 4505 2545 4555 ὅτι
2575 4505 2604 4560 ἡ
2639 4502 2903 4564 πλεονεξία
2933 4506 3185 4573 μερίμνας
3237 4503 3326 4570 μὲν
3370 4506 3459 4551 xui
3506 4498 3669 4558 λύπας
3721 4497 3910 4571 προξε-

2300 4601 2407 4645 νεῖ·
2445 4593 2583 4653 ζωὴν
2636 4588 2695 4644 δὲ
2742 4593 3046 4666 προσθεῖναι
3093 4591 3152 4642 οὐ
3202 4586 3444 4654 δύναται,
3487 4594 3574 4641 καὶ
3623 4587 3801 4639 λοιπὸν
3852 4591 3914 4638 τὸ

2299 4680 2635 4747 πλεονεκτεῖν,
2698 4681 2755 4734 οὐ
2805 4686 2957 4753 μόνον
2999 4683 3262 4745 ἀνόνητον,
3311 4678 3439 4731 ἀλλὰ
3490 4683 3580 4731 xui
3631 4675 3912 4749 βλαϐερὸν,

2304 4777 2450 4825 ΚΕΦ.
2508 4780 2600 4838 Μς·
2624 4813 2635 4824 .

2373 4859 2499 4914 Εἶπε
2523 4858 2581 4915 δὲ
2609 4895 2675 4902 -
2707 4869 2876 4934 χώρα.
2916 4867 3126 4936 Χώραν,
3154 4862 3218 4912 τὰ
3243 4855 3414 4931 γηδια
3440 4859 3595 4930 λέγει.

2699 4778 2823 4844 Περὶ
2879 4772 2938 4824 οὗ
2997 4771 3279 4846 εὐφόρησεν
3335 4771 3365 4828 ἡ
3427 4773 3582 4840 χώρα
3633 4766 3915 4821 πλουσίου.

2381 5045 2481 5094 Καὶ
2535 5073 2603 5082 —
2659 5057 2796 5114 μου;
2857 5039 3162 5112 Βουλόμενος
3213 5056 3305 5111 μεν
3361 5055 3558 5100 παντας
3617 5039 3737 5098 τοὺς
3789 5053 3924 5107 καρ-

2347 5225 2394 5259 ⁹²
2425 5221 2626 5279 Matth.
2659 5238 2718 5290 x,
2757 5220 2842 5276 19.

1740 5373 1964 5442 Variae
2005 5373 2318 5441 lectionis
2371 5385 2437 5442 et
2491 5385 2690 5441 notas.

628 5513 966 5590 9)_Ute_rque
998 5513 1060 5590 i_n_
1114 5520 1276 5590 textu
1331 5515 1584 5572 Matthsei
1620 5521 1812 5573 servat
1871 5519 2185 5590 ἔμπροσθεν.

634 5588 718 5654 ιο)
752 5587 854 5657 Γάρ
881 5585 1090 5642 οωῑιίι
1129 5587 1193 5641 Β.

632 5657 717 5712 11)
737 5660 798 5709 Δέ
826 5657 1139 5712 redundat.

606 5657 798 5802 (113M
826 5657 1139 5712 redundat.

606 5729 700 5800 (12
749 5731 834 5785 lta
866 5728 926 5784 in
959 5732 1122 5785 textu
1145 5730 1370 5787 habent
1400 5731 1578 5787 etiam
1606 5745 1716 5803 pro
1756 5731 1935 5786 αὐτοῦ.
1971 5733 2196 5805 Oppor-

2309 5523 2449 5574 tune
2489 5515 2912 5589 Theophylact.
2959 5533 3018 5588 p.
3063 5521 3162 5589 347
3209 5520 3269 5584 C,
3304 5516 3472 5572 addit
3505 5535 3516 5571 :
3548 5519 3596 5568 oi
3645 5518 3744 5589 γὰρ
3778 5513 3930 5589 φιλό-

2307 5591 2522 5642 πλουτοι
2574 5586 2844 5660 δοκοῦσιν,
2907 5586 2977 5650 ὡς
3025 5588 3288 5663 φιλόζωοί,
3351 5591 3606 5664 περιέπειν
3638 5586 3724 5640 τὸν
3764 5586 3928 5640 πλοῦς

2306 5681 2415 5716 τον.
