4128 6384
269 356 371 411 985
1397 354 1742 410 COMMENT
1783 354 1851 409 IN
1893 353 2160 410 LUCAM.
2201 386 2271 396 —
2308 355 2465 410 CAP.
2508 355 2627 409 Xll.
3539 360 3645 416 986

271 493 397 551 ποὺς
425 492 589 563 ἔχειν,
640 486 733 543 διὰ
785 489 1094 553 πλεονεξίαν,
1135 494 1203 562 μή
1247 486 1531 562 δυνάμενος
1568 484 1646 549 δε,
1694 484 1787 539 διὰ
1813 487 1868 537 τό

1984 478 2232 537 avaritia
2248 480 2469 535 habere
2487 480 2677 545 vellet,
2709 479 2813 535 sed
2838 497 2959 553 prie
2982 481 3358 539 multitudine
3371 500 3492 541 non
3511 503 3648 558 pos-

272 580 464 642 π).ῆθος
526 580 715 645 αὐτῶν,
778 580 1104 652 ἐξαπορεῐται
1157 585 1243 631 καὶ
1303 585 1726 650 στενοχωρεῖται,
1804 578 1874 637 ὡς

1984 574 2086 633 set,
2117 569 2300 624 heret
2330 576 2385 623 et
2410 570 2666 638 angitur,
2702 576 2991 642 tanquam
3026 572 3359 628 admodum
3389 590 3641 647 pauper,

271 672 400 741 ἄγαν
428 675 605 735 πένης,
641 672 665 721 ό
696 672 826 741 ἄγαν
878 670 1144 730 πλούσιος.
1206 666 1333 721 Οἵδε
1376 672 1476 740 γὰρ
1509 674 1871 738 στενοχωρεῖν,

1984 658 2085 727 qui
2118 657 2371 713 nimium
2405 664 2531 714 erat
2554 659 2841 731 locuples.
2869 660 3180 729 Cognoscit
3202 663 3356 718 enim
3383 666 3543 737 quod
3570 667 3648 737 (Γ)

272 760 430 831 ούχὴ
462 764 614 813 πενία
659 766 832 831 μόνον,
894 758 1023 811 ἀλλὰ
1070 765 1159 811 καὶ
1217 760 1240 809 ό
1292 758 1510 819 πὶούτὊς
1554 778 1565 789 .
1601 760 1629 813 ἡ
1685 760 1773 827 μὲν

1984 763 2106 802 non
2125 747 2309 803 nimia
2332 753 2564 803 tantum
2589 748 2845 819 penuria,
2872 751 2971 805 sed
3002 751 3201 807 nimiae
3229 769 3472 825 quoque
3504 755 3648 810 divi-

272 848 463 922 ἀπορίᾳ
510 857 611 901 τῶν
665 849 1041 921 ἁναγκαίων,ό
1095 846 1153 901 δὲ
1182 858 1253 919 τῷ
1309 854 1449 922 πόρῳ
1470 856 1569 899 τῶν
1601 855 1873 919 περιττῶν,

1985 838 2080 892 tias
2112 852 2331 907 angere
2369 838 2560 893 solent
2589 856 2600 893 :
2635 839 2715 894 ibi
2747 839 2991 910 quidem
3024 840 3103 895 ob
3141 857 3338 897 rerum
3374 860 3648 901 necessa-

272 941 391 993 ὄταν
421 944 491 1011 μὴ
523 939 673 1010 λόγον
699 942 868 1011 ἔχωσι
897 938 1231 1013 κυϐερνήτην.

1984 928 2205 983 riarum
2243 928 2559 998 penuriam
2594 945 2607 995 ;
2641 929 2735 984 hic
2768 935 2965 985 autem
2995 930 3074 985 ob
3109 931 3417 988 facultates
3445 951 3647 1006 super-

1984 1018 2158 1084 ﬂuas,
2199 1017 2300 1072 ubi
2326 1018 2621 1073 rationem
2646 1034 2770 1074 non
2795 1018 3136 1089 habuerint,
3164 1038 3290 1092 quae
3339 1025 3644 1094 gubernet.

345 1122 444 1171 Καὶ
480 1116 638 1190 βλέπε
692 1136 782 1190 μοι
818 1116 1034 1189 βαθεῖαν
1080 1118 1274 1171 ἄνοιαν.
1330 1119 1445 1169 Δέον
1502 1119 1602 1188 γὰρ
1652 1124 1875 1167 κενῶσαι

2054 1108 2381 1163 Considera
2423 1107 2601 1164 etiam
2633 1107 2778 1163 mihi
2810 1110 3165 1181 profundam
3221 1112 3642 1183 insipientiam.

271 1213 393 1269 τοὺς
494 1207 747 1269 παλαιοὺς
837 1210 1067 1281 καρποὺς
1156 1207 1221 1267 εἰς
1308 1210 1562 1278 γαστέρας
1622 1211 1868 1269 πενήτων,

1984 1197 2131 1254 Cum
2176 1197 2333 1254 enim
2368 1203 2594 1253 veteres
2638 1198 2856 1253 fructus
2902 1216 3190 1256 evacuare
3233 1210 3532 1273 oporteret
3586 1206 3646 1260 in

272 1299 300 1356 ἡ
372 1302 459 1348 καὶ
527 1306 627 1348 τῶν
672 1302 855 1349 νεωστὶ
934 1301 1328 1370 γεωργουμένων
1406 1294 1696 1369 ἀπόμοιραν
1766 1302 1875 1355 τοῖς

1984 1293 2216 1343 ventres
2256 1303 2596 1359 pauperum
2641 1306 2653 1339 :
2684 1292 2787 1343 aut
2819 1290 3000 1344 etiam
3050 1291 3123 1345 de
3156 1292 3266 1353 his,
3300 1293 3401 1363 qui
3453 1309 3647 1366 nuper

270 1394 510 1458 πτωχοῖς
542 1383 915 1459 δωρήσασθαι,
949 1392 1034 1438 καὶ
1083 1387 1215 1439 οὕτω
1262 1394 1484 1443 ποιῆσαι
1542 1390 1630 1456 μεν
1678 1389 1766 1435 καὶ
1797 1384 1875 1435 εύ-

1984 1377 2120 1433 culti
2148 1382 2310 1433 erant
2350 1383 2583 1449 partem
2623 1393 2899 1447 errogare
2931 1381 3317 1451 pauperibus,
3360 1388 3414 1437 et
3443 1384 3523 1439 ita
3568 1383 3647 1437 lo-

269 1480 568 1549 ρυχωρίαν,
602 1475 997 1547 εύχαριστῆσαι
1048 1471 1105 1527 δὲ
1148 1480 1237 1527 καὶ
1281 1483 1353 1543 τῷ
1395 1472 1750 1547 δωρησαμένῳ
1781 1478 1874 1531 τήν

1984 1485 2121 1524 cum
2166 1468 2355 1523 facere
2386 1468 2565 1524 etiam
2599 1468 2841 1523 abunde
2877 1474 3205 1541 patentem,
3240 1487 3310 1527 ac
3354 1472 3470 1527 Deo
3512 1488 3649 1543 gra-

269 1565 511 1639 εύφορίαν
539 1572 673 1635 Θεῷ,
708 1584 765 1616 το
781 1572 862 1616 iro
896 1568 984 1637 μὲν
1026 1564 1120 1617 οὐκ
1147 1562 1400 1628 ἐνενύησε,
1454 1565 1748 1623 σκοτισθεὶς
1775 1566 1873 1615 ύπὸ

1984 1559 2095 1614 tias
2128 1574 2303 1629 agere
2346 1559 2425 1613 ob
2468 1557 2824 1614 fertilitatem
2860 1559 3013 1615 :hoc
3054 1560 3148 1615 ille
3175 1576 3296 1616 non
3350 1562 3643 1629 cogitavit,

267 1661 360 1714 τῆς
391 1654 682 1717 πλεονεξίας
716 1674 728 1686 ·
772 1656 939 1727 ἕτερον
991 1651 1050 1707 δὲ
1106 1659 1295 1728 τρόπον
1340 1656 1633 1726 ἐνθυμεῖται
1683 1656 1874 1713 ταύτης

1985 1648 2235 1704 avaritia
2265 1647 2708 1712 obtenebratus,
2752 1648 2856 1703 sed
2885 1648 3071 1705 alium
3108 1649 3308 1707 locum
3346 1658 3646 1709 exstruere

267 1742 502 1806 ἐπάξιον.

1988 1738 2299 1794 meditatur
2324 1736 2778 1793 convenientem
2813 1756 2871 1808 g.

345 1838 444 1885 Καὶ
469 1831 577 1886 εἶπε
608 1864 673 1873 -
706 1832 879 1904 ἀγαθά
917 1854 1016 1905 μου
1043 1833 1177 1905 (13).
1202 1834 1425 1906 Ἀφρονι
1455 1835 1569 1905 (lli)
1598 1834 1872 1905 συμϐούλῳ

2055 1829 2217 1882 Vers.
2248 1828 2335 1882 18.
2362 1828 2441 1882 Et
2466 1827 2621 1883 dixit
2645 1858 2715 1869 —-
2746 1827 2899 1883 bona
2918 1844 3067 1884 mea.
3102 1830 3469 1901 Imprudenti
3506 1847 3648 1887 usus

266 1923 436 1993 ἑαυτῷ
458 1925 797 1997 χρησάμενος
824 1923 1093 1994 ἐσκέψατο
1120 1926 1289 1975 πάντα
1317 1920 1677 1986 ὑποδέξασθαι
1703 1929 1872 1995 μόνος,

1986 1916 2254 1978 consilio,
2272 1916 2667 1972 consideravit
2684 1932 2806 1988 quo
2821 1923 2996 1988 pacto
3020 1918 3181 1973 solus
3197 1922 3403 1974 omnia
3420 1922 3651 1992 recipe-

266 2016 351 2064 ἱνα
396 2016 591 2074 πάντας
654 2012 989 2086 ἀποστερήσῃ
1053 2022 1146 2074 τῆς
1202 2013 1287 2063 ἀπ’
1371 2014 1538 2064 αὐτῶν
1615 2013 1871 2084 ὠφελείας,

1986 2010 2070 2061 ret
2106 2011 2171 2060 ut
2201 2020 2412 2061 omnes
2440 2004 2710 2069 utilitate,
2737 2022 2874 2077 quae
2908 2013 3113 2077 posset
3140 2023 3174 2061 a
3199 2009 3486 2063 fructibus
3514 2024 3651 2080 pro-

266 2103 323 2154 ού
361 2110 612 2176 συνορῶν,
651 2105 731 2154 ὅτι
762 2102 819 2153 ού
854 2099 925 2154 δι’
959 2103 1112 2154 αὐτόν
1143 2108 1315 2174 μόνον,
1351 2102 1477 2154 α).λὰ
1512 2107 1599 2154 καὶ
1634 2100 1725 2154 δια
1756 2107 1877 2163 τούς

1986 2097 2204 2163 venire,
2238 2095 2583 2152 fraudaret:
2619 2112 2741 2151 non
2768 2097 3148 2167 perspiciens,
3181 2098 3341 2169 quod
3386 2114 3507 2154 non
3534 2101 3647 2171 ipsi

268 2189 461 2253 ἐνδεεῖς
494 2194 523 2249 ἡ
558 2199 714 2265 χώρα
756 2192 916 2243 αύτοῦ
949 2192 1221 2266 εύφόρησε,
1260 2198 1347 2243 καὶ
1380 2192 1483 2263 οὐχ
1517 2194 1597 2243 ἶνα
1628 2188 1872 2264 κερδαίνῃ

1988 2187 2115 2250 soli,
2136 2202 2335 2240 verum
2351 2186 2530 2241 etiam
2553 2185 2957 2256 indigentibus
2971 2200 3113 2256 ager
3141 2204 3287 2241 suus
3302 2188 3515 2243 uberes
3530 2189 3649 2244 fru-

268 2285 391 2342 τούς
421 2286 676 2355 καρπούς,
708 2280 815 2332 ἀλλ’
851 2282 933 2332 ἵνα
985 2281 1227 2353 οἰκονομῇ
1272 2286 1486 2341 τούτους
1535 2287 1622 2332 καὶ
1654 2278 1870 2353 διανέμῃ

1988 2282 2116 2332 ctus
2142 2274 2421 2331 attulerat
2452 2292 2465 2329 :
2501 2291 2689 2347 neque
2717 2275 3013 2330 utfructus
3033 2276 3423 2343 lucrifaceret,
3450 2278 3553 2332 sed
3587 2284 3653 2335 ut

266 2376 357 2422 καὶ
384 2378 491 2429 τοῖς
546 2375 780 2427 πένησιν.
820 2370 875 2423 Εἰ
920 2373 1017 2441 γὰρ
1070 2367 1141 2422 δι’
1193 2371 1346 2422 αὑτὸν
1400 2376 1549 2440 μόνον
1600 2370 1873 2443 εὖφόρησε,

1986 2367 2148 2438 ipsos
2174 2365 2565 2437 dispensaret,
2596 2381 2664 2420 ac
2690 2365 3054 2436 pauperibus
3082 2365 3391 2420 divideret.
3418 2366 3648 2423 Sienim

264 2464 404 2532 μόνα
436 2458 496 2509 ὄιν
535 2462 689 2531 ἔφυσε
729 2462 793 2512 τὰ
824 2458 1083 2531 ἀρκούντα
1111 2464 1296 2530 τούτῳ.

1986 2456 2094 2527 ipsi
2149 2455 2255 2510 soli
2298 2454 2505 2510 fertilis
2548 2454 2772 2520 fuisset,
2812 2460 2965 2509 certe
3022 2470 3095 2511 ea
3143 2460 3372 2511 tantum
3430 2457 3648 2528 produ-

342 2554 446 2602 Καὶ
495 2547 591 2620 ἐρῶ
618 2579 681 2589 -
716 2548 1006 2621 εὐφραίνου.
1047 2548 1117 2600 Ὠ
1146 2548 1378 2605 πλούσιε.
1426 2552 1563 2620 ἔχεις
1597 2553 1683 2619 μεν
1715 2549 1877 2601 πολλὰ

1987 2547 2190 2610 xisset,
2223 2561 2359 2617 quas
2392 2544 2470 2599 illi
2495 2544 2641 2600 satis
2673 2544 2941 2601 fuissent.

264 2638 463 2709 ἀγαθὰ,
528 2640 681 2691 πόθεν
732 2635 790 2690 δὲ
842 2644 1135 2709 γινώσκεις,
1187 2640 1267 2690 ὅτι
1322 2637 1619 2691 ἀπόκεινται
1668 2639 1738 2699 εἷς
1788 2642 1873 2695 ἔτη

2060 2637 2217 2690 Vers.
2254 2640 2336 2691 l9.
2359 2636 2441 2690 Et
2461 2634 2656 2690 dicam
2679 2666 2745 2673 —
2768 2634 2982 2703 gaude.
3017 2635 3060 2690 Ο
3091 2633 3285 2701 dives,
3314 2635 3505 2691 habes
3525 2635 3652 2708 qui:-

260 2728 432 2780 πολλά
466 2744 479 2793 ;
518 2727 669 2779 αύτοί
722 2746 774 2778 τε
822 2730 919 2801 γὰρ
953 2730 1001 2779 οἱ
1032 2732 1245 2799 καρποὶ,
1280 2732 1367 2779 καὶ
1406 2732 1471 2779 σὺ
1502 2731 1629 2798 μετα
1659 2731 1872 2793 τούτων,

1991 2727 2118 2779 dem
2147 2722 2335 2779 multa
2354 2724 2539 2779 bona:
2568 2722 2722 2777 unde
2741 2726 2946 2781 autem
2968 2725 3142 2788 nosti,
3184 2724 3350 2797 quod
3385 2725 3652 2797 reposita

259 2819 549 2890 εὔφθαρτοί
576 2814 691 2869 ἐστε
718 2822 806 2867 καὶ
833 2821 1169 2890 πρόσκαιροι.
1222 2820 1307 2869 Διὸ
1338 2822 1428 2869 καὶ
1470 2818 1673 2878 εἰκότως
1704 2818 1875 2892 ἁφρων

1988 2814 2105 2869 sint
2144 2814 2203 2868 in
2221 2828 2412 2868 annos
2440 2811 2833 2883 multos?ipsi
2865 2812 3284 2879 enimfructus,
3316 2820 3496 2886 tuque
3511 2831 3650 2871 cum

257 2906 382 2965 ἐκλή
395 2908 457 2963 θη
470 2926 509 2967 ς.
1986 2904 2150 2975 ipsis,
2171 2902 2586 2974 corruptibiles
2604 2901 2744 2957 estis
2759 2918 2827 2957 ac
2856 2903 3237 2974 temporales,
3258 2902 3514 2976 ideoque
3530 2919 3647 2960 me-

329 2993 461 3049 Εἶπε
516 3027 585 3035 -
646 2994 746 3046 ἀπὸ
804 3003 920 3047 σού.
977 2992 1128 3048 Εἶπεν
1195 2996 1336 3065 αύτῷ
1392 3005 1581 3064 ταῦτα,
1633 2993 1724 3049 διὰ
1783 3005 1872 3049 τού

1985 2992 2096 3049 rito
2145 2991 2360 3048 stultus
2389 2998 2633 3047 vocatus
2673 3007 2756 3046 es.

255 3083 587 3146 συνειδότος.
636 3091 763 3137 Τότε
825 3088 923 3160 γὰρ
982 3089 1040 3136 τό
1099 3083 1358 3149 συνειδὸς,
1408 3087 1712 3158 αἰσθόμενον
1782 3095 1873 3139 τού

2058 3082 2221 3137 Vers.
2262 3082 2343 3136 l6.
2376 3081 2461 3136 .vtit
2485 3112 2553 3120 -—
2580 3096 2615 3135 a
2645 3086 2718 3135 te.
2752 3081 2895 3137 Haec
2924 3080 2979 3135 ei
3024 3080 3166 3135 dixit
3212 3097 3312 3152 per
3342 3082 3650 3137 conscien-

257 3177 511 3240 θανάτου,
561 3182 780 3226 τοιαῦτα
833 3172 1146 3246 διαλέγεται.
1210 3182 1309 3229 Καὶ
1367 3178 1477 3248 ὅρα,
1536 3186 1639 3236 πῶς
1697 3177 1786 3228 ούκ
1826 3177 1873 3228 ἐν

1987 3174 2127 3229 tiam
2163 3190 2176 3228 :
2211 3176 2351 3227 tunc
2381 3171 2531 3225 enim
2554 3170 2916 3225 conscientia
2941 3175 3193 3225 mortem
3217 3170 3480 3226 sentiens
3511 3170 3652 3226 talia

252 3275 327 3335 τῷ
361 3266 693 3338 περισσεύειν
716 3270 819 3315 τινὶ
844 3266 871 3321 ή
902 3265 1007 3324 ζωή
1034 3264 1174 3333 αύτῷ
1202 3267 1312 3335 (15)
1346 3265 1484 3317 ἐστιν
1503 3265 1555 3317 ἐκ
1581 3276 1676 3317 τῶν
1708 3268 1877 3341 ύπαρ-

1987 3261 2238 3318 disserit.
2261 3261 2323 3315 Et
2340 3260 2495 3323 vide,
2512 3260 2822 3332 quomodo
2837 3275 2955 3315 non
2972 3259 3031 3314 in
3051 3260 3427 3315 abundantia
3458 3260 3652 3330 cujus-

254 3362 471 3427 χόντων
495 3352 676 3418 αὐτοῦ,
720 3357 809 3404 καὶ
842 3363 949 3415 πως
978 3357 1043 3404 τὰ
1068 3358 1286 3425 περιττὰ
1312 3360 1562 3426 μέριμναν
1606 3360 1694 3427 μὲν
1736 3357 1875 3425 αὐτῷ

1988 3369 2166 3425 quam
2202 3352 2314 3406 vita
2347 3352 2473 3421 ejus
2505 3355 2590 3405 est
2615 3366 2688 3404 ex
2718 3350 2808 3405 his
2834 3366 2968 3421 quae
2992 3349 3273 3421 possidet,
3308 3355 3365 3405 et
3402 3366 3653 3421 quomoo

251 3442 632 3516 προεξένησαν,
662 3444 727 3503 ὡς
753 3446 975 3515 εἴρηται,
1012 3444 1150 3504 ζωήν
1189 3440 1245 3496 δὲ
1287 3447 1587 3516 προσθεῖναι
1623 3446 1715 3497 ούκ
1746 3444 1877 3504 ἡδυ-

1988 3445 2064 3499 do
2098 3441 2401 3513 superﬂua
2423 3439 2886 3495 collicitudinem
2904 3439 3279 3511 quidemipsi
3302 3439 3653 3495 conciliave-

258 3538 321 3591 νή
335 3535 532 3590 θησαν.
1988 3538 2144 3597 runt,
2183 3532 2368 3587 vitam
2402 3546 2542 3586 vero
2573 3530 2790 3585 addere
2821 3545 2938 3584 non
2982 3534 3327 3601 potuerunt.

328 3621 405 3676 Ἀ
440 3652 504 3661 -
537 3624 686 3673 ἔσται
731 3620 852 3682 ;Ού
907 3626 1059 3692 μόνον
1112 3627 1236 3695 γὰρ,
1294 3622 1327 3673 ἁ
1359 3622 1736 3698 ἐθησαύρισας,
1794 3632 1877 3678 σοὶ

2060 3624 2220 3679 Vers.
2250 3625 2341 3678 20.
2378 3622 2513 3689 Quae
2542 3621 2746 3676 cedent
2772 3618 2799 3674 ‘l
2836 3623 2961 3675 Non
2992 3618 3198 3684 solum,
3234 3636 3365 3691 quae
3395 3618 3654 3675 recondi-

252 3712 357 3764 ούκ
400 3714 570 3775 ἔσται,
605 3714 673 3762 σὰ
699 3711 756 3762 ού
796 3717 1072 3782 γενήσεται
1105 3732 1116 3743 ·
1162 3711 1267 3763 ἀλλ’
1301 3709 1423 3765 ούδε
1479 3710 1636 3771 δῆλόν
1671 3733 1772 3779 σοι,
1804 3718 1877 3765 τί-

1990 3713 2149 3777 disti,
2168 3712 2271 3768 tibi
2292 3727 2412 3767 non
2427 3711 2657 3776 cedent,
2683 3715 2788 3765 tua
2808 3724 2926 3765 non
2944 3714 3136 3777 erunt,
3158 3710 3258 3764 sed
3276 3725 3384 3764 nec
3406 3709 3513 3765 tibi
3528 3725 3655 3765 ma-

251 3821 343 3862 νος
399 3803 548 3851 ἔσται
587 3808 766 3863 ταῦτα,
838 3804 938 3852 εἶτε
988 3800 1329 3875 κληρονόμου,
1384 3806 1481 3855 εἴτε
1550 3803 1711 3867 ξένου,
1779 3808 1877 3855 εἴτε

1990 3803 2276 3859 nifestum
2308 3805 2413 3867 est,
2448 3800 2620 3870 cujus
2652 3800 2780 3854 haec
2811 3804 3005 3864 erunt,
3037 3803 3236 3853 utrum
3271 3798 3539 3863 haeredis,
3574 3814 3652 3854 an

249 3890 441 3963 φίλου,
497 3893 596 3941 εἶτε
664 3888 883 3961 ἐχθροῦ,
936 3890 961 3942 ὃ
1020 3896 1109 3943 καὶ
1162 3892 1287 3943 αὐτὸ
1360 3894 1634 3963 προσθήκη
1712 3892 1877 3954 λύπης

1989 3892 2287 3964 peregrini
2318 3912 2329 3945 :
2365 3890 2561 3954 amici,
2591 3904 2669 3943 an
2715 3887 2937 3943 inimici
2968 3903 2981 3943 :
3015 3887 3182 3959 quod
3228 3887 3433 3960 ipsum
3473 3888 3654 3945 etiam

247 3978 403 4032 ἐστί.

1990 3996 2308 4037 maerorem
2350 3979 2629 4050 adauget.

330 4068 522 4127 Οὕτως
556 4098 624 4109 —
655 4067 906 4120 πλουτῶν.
941 4076 998 4121 '0
1033 4071 1283 4139 θησαυρῷ
1335 4073 1612 4137 πεποιθὼς,
1661 4076 1750 4123 καὶ
1802 4077 1872 4143 μὴ

2058 4070 2223 4124 Vers.
2247 4072 2335 4121 2t.
2369 4068 2461 4123 Sic
2492 4097 2558 4106 —-
2588 4065 2842 4121 ditescit.
2878 4065 2988 4131 Qui
3015 4065 3294 4122 thesauro
3327 4066 3474 4134 ﬁdit,
3508 4072 3563 4122 et
3593 4066 3653 4123 in

248 4159 323 4219 εἰς
361 4160 496 4211 Θεὸν
529 4156 747 4231 θαρρῶν,
782 4160 806 4209 ό
829 4166 1197 4229 ταμιευόμενος
1243 4160 1410 4230 ἑαυτῷ
1441 4163 1506 4212 τὰ
1556 4166 1872 4234 πρόσκαιρα,

1992 4163 2175 4216 Deum
2205 4174 2325 4214 non
2352 4158 2534 4213 habet
2564 4155 2873 4221 ﬁduciam,
2897 4155 2994 4227 qui
3009 4155 3112 4209 sibi
3132 4156 3193 4210 in
3222 4154 3485 4211 futurum
3505 4159 3653 4211 tem-

246 4252 347 4298 καὶ
382 4250 457 4319 μὴ
491 4249 627 4298 κατά
658 4251 787 4300 Θεὸν
826 4247 1080 4302 πλουτῶν.
1148 4254 1291 4301 Κατὰ
1354 4253 1481 4303 Θεὸν
1524 4247 1580 4302 δὲ
1634 4250 1872 4315 πλοῦτος,

1988 4249 2221 4323 poralia
2232 4247 2484 4320 reponit,
2505 4252 2560 4302 et
2582 4245 2914 4301 secundum
2930 4245 3117 4300 Deum
3136 4260 3254 4300 non
3275 4245 3505 4300 ditescit
3530 4263 3542 4311 ;
3568 4245 3652 4300 di-

247 4339 279 4394 ἠ
320 4344 523 4397 κτῆσις
551 4346 648 4387 τῶν
682 4340 893 4409 ἀρετῶν.

1989 4339 2144 4396 vitiae
2158 4352 2300 4392 vero
2315 4336 2647 4392 secundum
2664 4336 2872 4398 Deum,
2894 4339 3033 4389 sunt
3045 4333 3326 4405 aquisitio
3342 4333 3649 4389 virtutum.

330 4427 559 4479 Εἷπε-
614 4424 927 4498 ἐνδύματος.
994 4426 1117 4481 Εἷπε
1162 4437 1329 4480 ταυτα
1367 4435 1451 4481 καὶ
1501 4430 1549 4481 ἐν
1606 4440 1677 4499 τῷ
1744 4437 1874 4501 πέμ-

2059 4429 2217 4483 Vers.
2248 4429 2337 4482 22.
2367 4427 2537 4483 Dixit
2558 4427 2789 4480 ——Vers.
2814 4425 2879 4481 ‘23
2894 4424 3321 4480 indumentum.
3351 4423 3654 4495 Haecquo-

246 4536 376 4587 πτῳ
424 4516 685 4587 κεφαλαίῳ
725 4525 813 4568 τού
870 4521 1005 4569 κατὰ
1058 4521 1346 4583 Ματθαῑον,
1390 4525 1479 4571 καὶ
1532 4521 1763 4580 ζήτησον
1829 4520 1876 4572 ἐν

1989 4535 2105 4590 que
2147 4516 2294 4572 dixit
2323 4518 2532 4589 quinto
2558 4517 2729 4586 juxta
2767 4514 3109 4569 Matthaaum
3140 4513 3369 4584 capite;
3403 4517 3459 4568 et
3490 4514 3548 4567 in
3581 4529 3653 4569 eo

246 4606 442 4676 ἐκείνῳ
473 4604 565 4663 τήν
604 4607 861 4677 ἐξήγησιν
902 4616 1010 4659 τοῦ·
1065 4612 1159 4660 Διά
1213 4617 1366 4661 τούτο
1422 4609 1551 4679 λέγω
1609 4612 1747 4681 ὑμῖν,
1802 4615 1872 4681 μή

1988 4623 2189 4680 quaere
2206 4606 2345 4662 dicti
2359 4606 2514 4661 illius
2528 4604 2957 4676 expositionem
2975 4621 2987 4658 :
3005 4609 3319 4674 propterea
3331 4603 3458 4658 dico
3471 4603 3650 4669 vobis,

247 4701 551 4770 μεριμνᾶτε
577 4703 637 4767 τῇ
667 4695 821 4769 ψυχῇ
858 4700 1019 4769 ὔμών,
1054 4702 1104 4750 τί
1153 4702 1350 4769 φάγητε
1382 4701 1411 4758 ἢ
1456 4704 1506 4751 τί
1532 4706 1703 4757 πίητε.
1740 4697 1877 4770 μηδὲ

1988 4712 2056 4755 ne
2081 4697 2323 4753 solliciti
2346 4697 2474 4752 sitis
2505 4696 2717 4751 animae
2743 4704 2968 4759 vestrae,
2995 4694 3137 4765 quid
3164 4693 3351 4749 edatis
3374 4698 3480 4748 aut
3508 4692 3656 4763 quid

248 4795 330 4856 τῷ
427 4790 635 4856 σώματι
727 4786 892 4857 ὑμῶν,
982 4793 1033 4839 τί
1090 4784 1383 4845 ἐνδύσησθε
1455 4788 1590 4860 (16),
1658 4796 1747 4841 καὶ
1812 4793 1877 4841 τὰ

1992 4788 2204 4845 bibatis
2228 4802 2418 4859 neque
2446 4784 2685 4855 corpori
2712 4790 2907 4841 vestro
2936 4784 3084 4856 quid
3124 4783 3463 4840 induamini
3490 4783 3558 4847 ⁸³,
3596 4788 3655 4839 et

247 4874 408 4938 ἑξῆς-

1991 4882 2223 4935 cetera.

329 5002 383 5035 οε
423 4999 621 5056 Matth.
655 5016 735 5068 Vl,
775 5004 865 5057 25.

1911 3189 1948 3242 C

1505 5100 1731 5168 Variae
1760 5101 2090 5171 lectiones
2131 5110 2197 5169 et
2224 5110 2408 5169 nota)

325 5266 587 5343 (13_)_Hic
613 5268 677 5343 in
708 5275 864 5325 textu
891 5270 1094 5328 omittit
1127 5271 1461 5338 Hentenius,
1495 5276 1584 5323 καὶ
1614 5273 1677 5323 τὰ
1707 5270 1877 5343 ἀγαθά

1986 5276 2014 5331 ἧ
2047 5272 2238 5335 λαϐεῖν,
2275 5278 2533 5343 συνεῖχεν.

244 5361 386 5414 μου.
433 5339 651 5395 Monuit
672 5356 744 5396 ea
770 5343 844 5397 de
874 5358 937 5398 re
965 5344 1021 5397 in
1070 5343 1440 5399 Prtefatione.
1748 5338 1757 5343 ⁷
2089 5346 2171 5411 15)
2206 5345 2291 5399 Ita
2329 5338 2458 5415 quo
2500 5357 2569 5397 ue
2600 5344 2640 5395 l.
2676 5342 2716 5395 Ι.
2757 5342 2814 5396 in
2849 5344 3119 5396 contextu
3159 5338 3344 5395 codex
3387 5342 3651 5410 uterque.

326 5412 456 5467 (14)
489 5412 799 5467 Ιῐιαθῐιὶοεθ
830 5413 904 5467 de
943 5415 1151 5467 eodem
1182 5414 1503 5467 Theonhvl-
1563 5431 1622 5467 ι).
1676 5416 1778 5467 408
1809 5416 1875 5467 Α.
2060 5348 2169 5467 §l6l
2223 5414 2416 5467 Codex
2454 5359 2497 5467 (ᾗ
2542 5415 2691 5467 inter
2744 5409 3039 5467 ἐνδύσησθε
3093 5417 3148 5467 et
3206 5408 3489 5463 ἐνδύσεσθε
3544 5408 3651 5464 du-

326 5412 799 5488 (14).lngeniose
830 5413 904 5469 de
943 5415 1158 5488 eodem
1182 5414 1503 5488 TheOphyl-
1563 5431 1622 5485 p.
1676 5416 1778 5470 408
1809 5416 1875 5479 Α,

1992 5487 1997 5488 γ
2061 5408 2416 5488 (t6)rCQdi-ex
2460 5408 2497 5467 Β
2542 5415 2691 5469 inter
2744 5409 3039 5471 ἐνδύσησθε
3093 5417 3148 5467 et
3206 5408 3489 5463 ἐνδύσασθε
3533 5408 3654 5464 δι]-

243 5487 271 5538 ὁ
304 5479 373 5539 δὲ
411 5479 502 5535 οὖν
532 5484 766 5558 ἄκαρπος
794 5490 912 5560 περὶ
959 5491 1052 5544 τήν
1111 5479 1525 5560 εὐσπλαγχνῖαν,
1557 5479 1708 5552 ὥστε,
1755 5491 1876 5559 πρὶν

1986 5479 2160 5542 bium'
2178 5487 2314 5543 facit
2337 5487 2635 5543 lectorem.

324 5626 410 5698 (Γ)
451 5626 759 5701 Cognoscit
807 5629 959 5684 enim
1008 5630 1183 5701 quod.
1228 5633 1355 5687 Haec
1389 5631 1605 5687 frustra
1645 5628 1878 5686 addidit
1984 5630 2259 5700 dignum.
2310 5630 2602 5701 Interpres
2669 5627 2902 5685 videtur
2947 5626 3164 5698 legisse
3219 5630 3401 5683 τόπον.
3450 5624 3656 5683 Ταύτης

242 5696 581 5775 interpres.
607 5696 735 5753 Οἶδα
765 5701 912 5756 nihil
939 5696 1099 5757 aliud
1133 5711 1428 5775 estquam
1467 5706 1634 5761 solet.

1984 5696 2235 5759 refertur
2257 5703 2333 5759 ad
2360 5696 2667 5766 πλεονεξίας.

322 5771 410 5844 (μ)
446 5771 1449 5833 Locum—convenientem.Modum
1477 5776 1769 5847 excogitat
1805 5793 1877 5834 ea
