4128 6404
423 353 529 409 987
1749 357 2094 415 EUTHYMH
2137 358 2465 415 ZIGABENI
3704 353 3813 411 988

500 480 664 537 Vers.
692 483 781 537 24.
809 482 1191 539 Considerate
1212 512 1269 523 --
1300 482 1795 539 volucresilnillo
1828 483 2004 539 etiam
2019 482 2092 538 de
2126 530 2130 538 .

2279 485 2649 541 Κατανοήσατε
2678 514 2746 523 -
2780 489 3022 535 πετεινῶν
3054 498 3066 545 ;
3095 480 3179 533 Ἐν
3207 478 3375 551 ἐνείνῳ
3402 484 3492 532 καὶ
3538 485 3654 553 περὶ
3679 482 3809 531 τού-

432 570 526 627 his
556 573 840 628 invenies.

2204 592 2301 624 των
2335 575 2590 646 εὑρήσεις.

500 662 665 716 Vers.
700 663 787 716 ‘25.
837 662 1043 728 Quis—
1074 666 1231 718 Vers.
1268 667 1356 719 26.
1415 664 1660 720 solliciti
1688 664 1824 720 estis
1868 664 1946 718 De
1975 662 2091 718 hoc

2271 668 2364 725 Ti;
2394 669 2779 737 -μεριμνάτε.
2840 661 2974 715 Ἐκεῖ
3028 664 3115 711 οιαὶ
3168 662 3287 734 περὶ
3336 661 3522 711 τούτου
3569 662 3799 731 εἴρηται.

430 767 670 823 quoque
698 752 776 807 ibi
800 752 1015 807 dictum
1038 758 1144 808 est.
1166 753 1472 809 Minimum
1504 759 1704 809 autem
1735 758 1911 809 vocat
1931 752 2060 823 adje

2204 752 2517 824 Ἐλάχιστον
2576 750 2635 804 δὲ
2674 753 2807 823 λέγει
2858 756 2949 809 τὴν
3014 768 3294 820 πηχυαιαν
3354 750 3663 821 προσθήκην
3715 759 3811 813 τῆς

430 841 687 897 etionem
721 842 1068 914 quantitatis
1099 842 1373 898 cubitalis
1399 844 1478 899 ad
1504 848 1814 899 staturam.
2204 842 2425 902 ἡλικίας.

502 933 664 986 Vers.
694 934 781 987 27.
803 932 1180 988 Considerate
1200 963 1270 974 —
1290 934 1447 989 Vers.
1468 934 1555 989 98.
1578 949 1794 1003 parum
1824 933 2087 1001 ﬁdentes.

2277 937 2641 990 Κατανοὴσατε
2674 963 2737 971 —-
2767 930 3111 1001 ὀλιγόπιστοι.
3170 933 3273 980 Καὶ
3300 933 3419 1000 περὶ
3449 930 3645 980 τούτων
3670 927 3718 980 ἐν
3739 937 3811 999 τῷ

436 1022 516 1075 De
548 1021 640 1076 his
670 1023 842 1076 etiam
880 1021 1161 1093 praedicto
1193 1023 1386 1095 capite
1419 1023 1876 1094 disputavimus.

1421 1023 1876 1094 disputavimus.
2203 1024 2265 1097 ῥη
2277 1024 2409 1073 θέντι
2440 1021 2699 1092 κεφαλαίῳ
2730 1016 3051 1090 διελάϐομεν.

502 1112 668 1165 Vers.
703 1113 789 1166 29.
824 1113 899 1166 Et.
929 1128 1025 1167 vos
1058 1142 1127 1153 —-
1158 1114 1321 1167 Vers.
1352 1114 1439 1168 3-t.
1477 1113 1656 1168 vobis.
1704 1113 1985 1168 Praeterea

2278 1115 2377 1162 Καὶ
2403 1112 2548 1181 ὑμεῖς
2603 1142 2671 1150 -
2702 1111 2841 1180 ὑμῖν.
2874 1108 2993 1160 ”Ετι
3021 1111 3111 1158 καὶ
3149 1111 3267 1177 περὶ
3305 1108 3517 1170 τούτων,
3572 1110 3663 1158 καὶ
3693 1104 3813 1158 ἀνά-

433 1200 569 1255 etde
584 1200 675 1255 his
697 1219 710 1258 :
738 1200 816 1256 ibi
832 1217 973 1273 ergo
996 1202 1124 1270 lege
1138 1201 1405 1257 omnium
1424 1202 1636 1257 horum
1653 1202 2063 1258 enarrationen

2202 1201 2362 1269 γνωθι
2392 1199 2495 1251 ἐκεῖ
2532 1204 2625 1257 τὴν
2654 1208 2753 1252 τῶν
2778 1198 3053 1272 εἰρημένων
3077 1198 3280 1249 πάντων
3309 1195 3554 1266 ἐξήγησιν
3585 1194 3815 1270 ἀκριϐῶς

433 1289 745 1359 diligenter
783 1290 1138 1361 expositam.

942 1290 1138 1347 sitam.
2203 1287 2570 1359 ὰτεθειμένην.

501 1380 925 1454 Μετεωρίζεσθαι
950 1386 1171 1436 autem.
1209 1382 1341 1452 (pro
1382 1397 1506 1453 quo
1540 1382 1747 1438 extolli
1788 1382 2094 1453 vertimus)

2274 1382 2640 1451 Μετεωρισμὸν
2673 1378 2790 1447 (17)
2838 1373 2896 1428 δε
2921 1380 3023 1428 νόει
3050 1395 3138 1447 μοι
3170 1382 3256 1426 νῦν
3288 1378 3374 1427 τὸν
3412 1376 3810 1449 περισπασμόν,

430 1468 528 1523 hic
562 1468 706 1523 mihi
731 1468 1009 1537 intellige,
1040 1486 1073 1523 a
1099 1468 1442 1525 ccelestibus
1471 1469 1715 1524 distrahi
1738 1469 1815 1525 ad
1840 1475 2060 1525 terrena

1605 1469 1715 1524 .‘ahi
1738 1469 1815 1525 ad
1840 1475 2091 1525 terrena.
2204 1470 2289 1518 τὸν
2316 1466 2415 1519 ἀπὸ
2445 1477 2542 1519 τῶν
2573 1468 2823 1538 ούρανίων
2855 1465 2938 1517 ἐπὶ
2967 1469 3030 1517 τὰ
3058 1471 3235 1536 γήϊνα.

502 1559 605 1628 -Η-
628 1559 741 1612 Aut
772 1557 1109 1629 superbiam
1144 1573 1246 1613 seu
1286 1559 1466 1613 elatos
1508 1558 1769 1629 Spiritus.

1586 1558 1769 1613 iritus.
2282 1557 2301 1630 [
2330 1556 2397 1609 Ἦ
2439 1559 2552 1628 (18)
2593 1562 2685 1615 τὴν
2710 1555 3162 1629 ὑψηλοφροσύνην.
3197 1553 3216 1627 ]

506 1650 662 1702 Vers.
682 1652 775 1704 32.
798 1649 890 1704 Ne
906 1664 1157 1717 -gre.1:.
1182 1648 1510 1719 Postquam
1527 1666 1557 1703 a
1578 1648 1871 1720 corporali
1886 1648 2094 1703 solliei-

2277 1651 2358 1705 Μὴ
2440 1652 2694 1717 ποίμνιον.
2769 1648 3099 1705 Ἀποστὴσας
3182 1653 3278 1706 τῆς
3348 1652 3651 1715 σωματικῆς
3731 1661 3819 1714 με·

434 1737 638 1792 tudine
671 1738 1141 1809 adduxit,jubet,
1166 1753 1286 1793 non
1319 1739 1527 1793 timere
1551 1738 1942 1807 indigentiam
1970 1754 2064 1793 cor

2206 1743 2409 1811 pidum,
2455 1737 2665 1799 κελεύει,
2721 1741 2791 1807 μὴ
2827 1734 3097 1807 φοϐεῖσθαι
3163 1739 3257 1789 τὴν
3321 1730 3518 1785 ἔνδειαν
3577 1741 3670 1793 τῆς
3712 1750 3819 1784 σω-

434 1826 658 1897 poralis
679 1827 1049 1882 necessitatis
1078 1827 1389 1898 :pusillum
1419 1842 1659 1897 gregem
1687 1840 1931 1895 vocans,
1957 1843 2064 1882 con

2208 1836 2431 1899 ματικῆς
2494 1832 2697 1899 χρείας.
2762 1830 2961 1897 Μικρὸν
3021 1821 3080 1876 δε
3121 1830 3357 1894 ποίμνιον
3410 1823 3564 1893 λέγει,
3624 1826 3681 1874 τὸ
3725 1824 3821 1873 σύ-

436 1918 845 1985 gregationem
876 1916 1164 1982 ﬁdelium,
1200 1917 1471 1973 collatam
1508 1917 1585 1973 ad
1618 1917 2066 1986 magnitudinem

2212 1936 2390 1987 στηρια
2417 1924 2513 1967 τῶν
2542 1924 2761 1981 πιστῶν,
2815 1916 2934 1966 ὅσον
2977 1917 3101 1986 πρὸς
3152 1916 3208 1965 τὸ
3267 1914 3481 1984 μέγεθος
3520 1919 3613 1973 τῆς
3666 1908 3824 1981 ἀΎἹε·

434 2006 715 2075 angelicae
737 2006 1149 2064 multitudinis.
1170 2010 1227 2061 In
1248 2006 1537 2078 parabola
1561 2007 1882 2078 siquidem,
1908 2023 2060 2076 ange

2210 2007 2361 2067 λικῆς
2390 2005 2635 2064 πληθύος.
2666 2006 2747 2057 Ἐν
2780 2012 2841 2075 τῇ
2877 2002 3143 2078 παραϐολῇ
3172 2004 3274 2074 γὰρ
3302 2006 3422 2063 τούς
3449 2004 3537 2073 μὲν
3568 2000 3823 2071 ἀγγέλους

434 2094 545 2161 los,
576 2096 907 2165 nonaginta
923 2112 1141 2152 novem
1164 2112 1304 2153 oves
1331 2096 1674 2169 appellavit,
1700 2095 1909 2151 ﬁdeles
1930 2111 2064 2152 vero

2215 2096 2654 2153 ἐνενηκονταεννέα
2726 2092 2966 2165 πρόϐατα
3026 2089 3133 2145 εἶπε
3193 2110 3203 2121 ·
3266 2096 3381 2151 τούς
3457 2087 3517 2143 δέ
3578 2093 3819 2151 πιστοὺς,

438 2200 645 2240 unam.
2215 2187 2282 2237 ἓν.

510 2273 617 2329 Vel
639 2274 814 2330 etiam
840 2274 913 2330 ad
949 2274 1430 2346 magnitudinem
1458 2274 1856 2331 multitudinis
1886 2274 2101 2330 inﬁde-

2285 2272 2353 2326 ’Ἦ
2412 2277 2499 2325 καὶ
2552 2276 2677 2347 πρὸς
2725 2276 2781 2324 τὸ
2831 2274 3047 2343 μέγεθος
3101 2278 3193 2323 τοῦ
3248 2269 3480 2332 πλήθους
3532 2278 3631 2322 τῶν
3694 2267 3822 2321 ἀπί-

436 2362 606 2419 lium.

2220 2384 2351 2415 οντων
2360 2406 2370 2417 .

509 2455 624 2509 Aut
659 2458 902 2525 propter
922 2454 1318 2510 voluntariam
1338 2454 1728 2525 dejectionem
1753 2454 2107 2524 hujusmodi

2286 2452 2352 2505 Ἦ
2385 2457 2472 2504 καὶ
2514 2448 2605 2504 διὰ
2636 2456 2724 2509 την
2778 2450 3016 2503 ἑκούσιον
3064 2454 3374 2503 ταπείνωσιν
3427 2457 3519 2502 τοῦ
3580 2451 3824 2501 τοιούτου

442 2542 657 2613 gregis.
699 2543 921 2598 Deinde
970 2560 1222 2600 causam
1277 2544 1458 2600 etiam
1517 2543 1703 2609 addit,
1750 2560 1856 2599 cur
1894 2543 2070 2600 timer

2222 2547 2456 2615 1τοιμνίου
2493 2561 2504 2573 ·
2538 2538 2646 2593 εἶτα
2692 2542 3017 2614 προστίθησι
3047 2544 3137 2591 καὶ
3180 2545 3272 2597 τὴν
3311 2539 3484 2592 αἰτίαν
3509 2546 3601 2591 τοῦ
3626 2543 3697 2612 μή
3733 2558 3826 2610 φο-

439 2646 555 2687 non
597 2637 887 2703 oporteat.

813 2638 887 2687 at.
2218 2632 2443 2685 ϐεῖσθαι.

514 2724 675 2775 Vers.
705 2723 792 2776 32.
815 2722 1045 2789 Quia—
1067 2739 1332 2793 regnum.
1370 2723 1538 2788 Quod
1570 2724 1616 2777 si
1642 2724 1794 2779 adeo
1817 2737 2102 2791 magnam

2284 2723 2399 2774 Ὀτι
2437 2721 2728 2795 βασιλείαν.
2757 2722 2812 2774 Εἰ
2843 2717 2902 2773 δὲ
2945 2724 3038 2778 τὴν
3071 2721 3205 2772 οὕτω
3245 2719 3473 2792 μεγάλην
3506 2724 3595 2771 καὶ
3629 2718 3826 2792 ἐξαίρε-

439 2825 512 2866 ac
536 2811 973 2881 prtecellentem
1004 2812 1341 2868 fruitionem
1372 2812 1595 2877 tribuit,
1635 2812 1803 2867 dabit
1829 2812 2069 2884 utiquee

2216 2833 2298 2865 τον
2329 2811 2614 2863 ἀπόλαυσιν
2656 2808 2874 2873 δίδωσι,
2930 2807 3092 2862 δώσει
3119 2812 3321 2870 παντως
3350 2815 3438 2861 καὶ
3468 2812 3532 2861 τὰ
3561 2808 3827 2879 ἀναγκαῖα

437 2901 792 2965 necessaria,
824 2901 1075 2972 vitaeque
1101 2901 1478 2958 sufﬁcientia.

937 2917 1075 2972 eque
1101 2901 1478 2958 sufﬁcientia.
2214 2908 2302 2954 καὶ
2336 2904 2567 2975 ζωαρκῆ.

508 2991 667 3045 Vers.
689 2990 775 3047 33.
802 2991 1118 3048 Vendite—
1137 2993 1577 3063 eleemosynam.
1599 2992 1719 3047 Hoc
1736 2996 2099 3064 praeceptum

2286 2993 2567 3049 Πωλήσατε
2624 3023 2691 3030 —
2750 2990 3119 3060 ἐλεημοσύνηνι
3178 2990 3318 3045 Αὕτη
3371 2990 3400 3046 ἡ
3463 2986 3633 3046 ἐντολὴ
3694 2991 3826 3063 πρὸς

439 3079 517 3135 ad
544 3096 668 3146 eos,
702 3081 802 3151 qui
826 3081 1058 3145 habent,
1094 3081 1386 3151 dirigitur.

2213 3087 2333 3141 τοὺς
2362 3082 2472 3151 (l9)
2508 3084 2724 3151 ἔχοντας
2755 3078 3085 3132 ἀποτέταται.

508 3170 672 3225 Vers.
700 3174 787 3227 33.
820 3172 1030 3228 Facite
1046 3202 1112 3213 -
1126 3172 1396 3228 corrodit.
1415 3172 1699 3227 Βαλάντιον
1723 3176 1811 3227 est
1836 3173 1961 3245 ipse
1981 3172 2099 3227 the-

2287 3176 2547 3229 Ποιήσατε
2631 3200 2699 3209 -
2772 3165 3080 3242 διαφθείρει,
3158 3166 3430 3219 Βαλάντιον
3522 3167 3633 3238 (20)
3729 3171 3824 3239 μέν

438 3276 672 3316 saurus.
709 3264 835 3317 Non
859 3267 1251 3330 veterascens,
1285 3262 1443 3317 idem
1473 3269 1579 3326 est,
1620 3262 1787 3335 quod
1808 3278 1928 3317 non
1961 3262 2068 3316 deﬁ

2214 3261 2374 3329 ἐστιν,
2399 3263 2423 3311 ὁ
2457 3262 2722 3330 θησαυρὸς
2753 3278 2764 3291 ·
2804 3264 2873 3331 μὴ
2933 3258 3310 3329 παλαιούμενον
3360 3253 3441 3320 δὲ,
3500 3260 3557 3308 τὸ
3595 3255 3821 3308 ἀνέκλει-

440 3350 597 3407 ciens
639 3368 652 3417 ;
687 3352 953 3407 secunda
989 3351 1190 3425 itaque
1219 3353 1509 3423 particula
1549 3353 1986 3423 interpretativa
2016 3369 2070 3407 es

2214 3372 2337 3403 πτον
2374 3394 2383 3405 .
2418 3348 2613 3402 διὸκαὶ
2661 3348 3083 3421 ἐφερμηνευτικὸς
3132 3349 3271 3399 ἐστιν
3313 3348 3338 3397 ὁ
3368 3342 3607 3420 δεύτερος
3646 3345 3821 3416 λόγος.

439 3440 669 3512 primae.
686 3441 835 3511 Lege
850 3442 1532 3513 prtetereaquintojuxta
1548 3441 1899 3498 Mattbaaum
1916 3442 2069 3511 capit

2214 3441 2503 3511 Ἀνιίγνωθι
2542 3436 2599 3491 δὲ
2629 3444 2715 3489 καὶ
2766 3437 2812 3489 ἐν
2843 3446 2913 3507 τῷ
2946 3442 3160 3509 πέμπτῳ
3219 3436 3478 3509 κεφαλαίῷ
3540 3444 3631 3487 τοῦ
3685 3439 3826 3487 κατὰ

437 3529 983 3600 interpretationem
1003 3530 1130 3600 ejus
1153 3529 1319 3602 quod
1342 3530 1515 3585 dicit:
1544 3530 1631 3586 Ne
1654 3530 1985 3585 recondatis
2010 3545 2067 3585 vc

2214 3532 2481 3583 Ματθαῐον
2537 3532 2629 3585 τὴν
2671 3527 2939 3601 ἑρμηνείαν
2974 3534 3064 3578 τού
3099 3544 3110 3555 ·
3166 3530 3249 3583 Μὴ
3311 3526 3654 3598 θησαυρίζετε
3700 3525 3826 3597 ύμῖν

440 3618 525 3673 bis
554 3618 844 3673 thesauros
890 3619 954 3673 in
999 3625 1163 3675 terra
1194 3620 1263 3684 9‘,
1296 3624 1353 3674 et
1383 3624 1617 3684 cratera,
1652 3620 1747 3674 ubi
1789 3620 1967 3675 etiam
2029 3618 2068 3673 d

2218 3623 2515 3692 θησαυρούς
2566 3617 2647 3669 ἐπὶ
2684 3625 2778 3678 τῆς
2817 3624 2935 3687 γῆς,
2989 3622 3078 3669 καὶ
3116 3618 3183 3668 τὰ
3214 3615 3349 3679 ἑξῆς,
3393 3616 3511 3667 ἔνθα
3560 3621 3648 3667 καὶ
3704 3620 3828 3689 περὶ

438 3705 712 3777 his,quae
766 3711 1117 3777 sequuntur,
1168 3707 1452 3763 invenies.

1168 3707 1452 3763 invenies.
2216 3717 2313 3761 τῶν
2347 3708 2463 3770 ἑξῆς
2494 3710 2748 3779 εύρησεις.

517 3794 677 3851 Vers.
709 3798 795 3851 34.
833 3795 939 3853 Ubi
971 3826 1036 3836 —-
1068 3797 1200 3853 erit.
1234 3800 1673 3869 Consequenter
1706 3797 1788 3853 ibi
1816 3797 1997 3854 etiam
2030 3797 2105 3855 de

2285 3798 2464 3850 Ὀππυ
2493 3828 2561 3837 --
2601 3798 2763 3847 ἔσται.
2788 3794 3110 3856 Ἀκολούθως
3161 3794 3265 3846 ἐκεῖ
3301 3799 3391 3846 καὶ
3452 3797 3570 3865 περὶ
3626 3794 3828 3845 τούτων

440 3883 535 3939 his
567 3884 789 3940 dictum
821 3891 927 3940 est.

821 3891 927 3940 est.
2218 3888 2430 3963 ἐρρήθη.

513 3974 678 4030 Vers.
709 3975 805 4030 35.
862 3974 983 4029 Sint
1004 4006 1071 4017 —
1098 3991 1361 4032 accensa.
1398 3976 1542 4032 Cum
1574 3977 1927 4049 praecinctos
1976 3992 2105 4032 esse

2286 3978 2561 4031 Ἔστωσαν
2619 4008 2681 4015 -
2750 3984 3038 4046 καιόμενοι.
3126 3976 3219 4025 Διὰ
3294 3980 3383 4045 μὲν
3450 3980 3541 4025 τοῦ
3608 3971 3828 4026 κελεύειν

439 4062 629 4135 jubet,
669 4065 1013 4135 practicam,
1046 4066 1167 4121 sive
1193 4067 1581 4138 operativam,
1615 4067 1897 4139 proponit
1926 4068 2069 4122 virtu

2215 4068 2582 4142 περιεζῶσθαι,
2662 4069 2753 4123 τὴν
2827 4068 3119 4138 πρακτικὴν
3211 4061 3395 4137 ἀρετὴν
3471 4062 3822 4114 ὑποτίθεται·

442 4159 589 4209 tem:
610 4169 750 4209 cum
777 4170 916 4210 vero
935 4154 1214 4211 lucernas
1240 4156 1487 4211 accendi
1518 4157 1807 4229 praecipit,
1840 4161 2072 4212 contem

2218 4156 2309 4210 διὰ
2364 4154 2421 4209 δε
2471 4164 2560 4207 τοῦ
2629 4154 2915 4207 ἐπιτάττειν
2967 4154 3303 4225 λυχναπτεῖν,
3346 4156 3435 4209 τὴν
3478 4154 3822 4223 θεωρητικήν.

440 4242 751 4315 plativam.
769 4243 1142 4301 Solentenim
1160 4246 1263 4317 qui
1278 4245 1504 4317 aliquid
1520 4252 1843 4317 operantur
1859 4246 2069 4302 lumbo

2218 4249 2574 4317 Ειὼθασιγνλρ
2619 4250 2707 4296 καὶ
2738 4246 2785 4295 οὶ
2845 4243 3181 4315 ἐργαζομενοι
3238 4246 3331 4304 τὰς
3394 4242 3594 4313 ὀσφύας
3647 4261 3826 4313 περιε-

440 4332 662 4390 habere
683 4335 1056 4406 praecinctos,
1071 4340 1126 4391 et
1141 4336 1245 4407 qui
1263 4335 1426 4405 casti,
1454 4336 1791 4392 modestiae
1811 4336 1994 4391 sobrii
2015 4336 2070 4405 (It

2220 4340 2439 4401 ζὼσθαι,
2502 4340 2591 4385 καὶ
2636 4337 2685 4385 οἱ
2735 4340 2989 4405 νήφοντες.
3063 4333 3286 4403 λύχνους
3333 4338 3518 4391 καίειν,
3612 4334 3659 4383 οἱ
3708 4335 3822 4402 μεν,

441 4422 685 4493 degunt,
712 4423 986 4480 lucernas
1006 4425 1324 4480 incendere
1357 4441 1368 4479 :
1386 4425 1469 4480 illi
1488 4425 1737 4497 quidem
1757 4431 1822 4482 ut
1840 4426 2070 4499 expedit

2218 4429 2297 4477 ἵνα
2324 4424 2585 4485 εὐσταλῶς
2640 4424 2937 4475 ποοίττωσιν
2974 4442 2985 4453 ·
3012 4424 3061 4473 οἱ
3108 4419 3185 4486 δὲ,
3222 4424 3302 4473 ἶνα
3364 4423 3665 4495 θεωροῦντες
3694 4416 3826 4471 διά-

443 4517 796 4585 operentur;
825 4514 885 4568 hi
919 4530 1055 4569 vero
1103 4520 1166 4569 ut
1215 4515 1271 4569 in
1302 4515 1433 4571 luce
1475 4523 1886 4587 permaneant.
2141 4573 2180 4587 η
2213 4534 2369 4585 γωσι.

515 4602 695 4657 Aliter
750 4573 991 4674 quoque
1058 4619 1162 4675 per
1212 4573 1558 4660 lumborum
1615 4573 2145 4677 praecinctionem]

2290 4608 2389 4656 Καὶ
2421 4603 2600 4675 ἑτέρως
2656 4598 2734 4668 δε,
2768 4604 2797 4660 ἡ
2855 4605 2942 4673 μὲν
3001 4610 3099 4653 τῶν
3146 4601 3351 4672 ὀσφύεδν
3391 4604 3695 4671 περίζωσις,
3729 4605 3826 4656 τὴν

446 4692 524 4748 ad
556 4691 1038 4761 concupiscibilis
1084 4692 1486 4763 alligationem
1519 4693 1909 4762 adhortatur;
1961 4710 2076 4750 nan

2216 4714 2305 4746 τον
2369 4694 2749 4764 ἐπιθυμητικοῦ
2817 4688 3224 4763 περιδέσμευσιν
3307 4687 3659 4742 διακελεύεται
3721 4705 3734 4717 ’
3778 4688 3828 4739 ἐν

444 4779 744 4837 inlumbis
764 4782 1225 4853 concupiscibile
1245 4784 1423 4839 situm
1457 4773 1564 4850 est,
1595 4799 1700 4855 per
1721 4784 2074 4840 lucernarum

2217 4790 2330 4842 ταῖς
2375 4782 2569 4853 ὀσφύσι
2622 4785 2719 4853 γὰρ
2786 4789 2953 4834 κεῖται
3004 4785 3061 4832 τὸ
3117 4780 3491 4851 ἐπιθυμητικὸν
3537 4798 3547 4807 ·
3588 4775 3703 4836 ἡδὲ
3724 4787 3827 4829 τῶν

446 4886 588 4927 vero
629 4871 1066 4938 accensionem,
1115 4872 1495 4945 splendorem
1543 4872 1837 4929 interioris
1882 4888 1953 4929 ac
1990 4873 2076 4929 elo

2216 4872 2421 4944 λύχνων
2478 4880 2683 4943 καῦσις,
2754 4874 2940 4939 εῑτουν,
2998 4869 3284 4930 ἀνάπαυσις
3334 4874 3417 4921 καὶ
3476 4868 3686 4940 ἄναψις,
3730 4872 3829 4926 τὴν

518 5052 567 5089 οι
596 5051 797 5110 Matth.
828 5068 904 5110 γι.
923 5050 1011 5108 19.

1676 5175 1897 5245 Variae
1934 5175 2263 5244 lectiones
2310 5182 2378 5243 et
2414 5184 2618 5243 nota.

518 5378 629 5451 (17)
657 5379 976 5436 Hentenius
1001 5393 1112 5451 pro
1143 5394 1251 5436 suo
1283 5374 1559 5451 arbritrio
1591 5374 2111 5451 videturscripsis-
2220 5373 2401 5451 habet
2425 5373 2770 5451 Hentenius.

450 5445 534 5524 se'
563 5445 1022 5524 μετεωρίζεσθαι.’
1049 5450 1230 5519 Igitur
1275 5450 1445 5505 stiam
1506 5450 1873 5521 περισπασμὸν
1920 5445 2080 5502 reddi

1121 5451 1230 5506 itur
1275 5450 1445 5505 stiam
1506 5450 1873 5521 περισπασμὸν
1920 5445 2110 5502 réddi-
2442 5445 2751 5524 Monetam.

451 5523 535 5578 dit
563 5516 835 5577 distrahi.
1082 5516 1103 5519 θ’
1569 5516 1578 5521 ’
1778 5516 1785 5519 ’

1569 5516 1578 5521 ’
1778 5516 1785 5519 ’
2294 5518 2412 5589 (20)
2439 5516 2768 5588 Βαλλάντιον,
2798 5522 2837 5569 Α
2849 5556 2859 5568 .

522 5594 920 5665 (18).lnelusa,
952 5594 1008 5649 in
1040 5599 1199 5649 textu
1231 5595 1288 5659 Β,
1317 5594 1376 5647 in
1414 5589 1705 5660 margine,
1738 5593 1808 5647 A.
1850 5592 1974 5646 Non

522 5772 612 5842 (ιι)
642 5768 852 5825 Tribus
892 5768 1202 5826 vocabulis
1228 5770 1488 5827 reddidit
1512 5786 1703 5827 unum
1744 5775 2007 5844 νήφοντες.
