4128 6414
294 366 399 424 989

1420 366 1789 424 COMMENT.
1833 368 1902 423 ΙΝ
1933 367 2189 425 LUCAM-
2235 399 2297 409 —
2340 368 2495 425 CAP.
2536 366 2635 423 XI.

3565 366 3671 421 990

294 494 638 568 λαμπρότητα
678 502 770 548 τοῦ
826 515 878 549 τι
935 491 1233 550 ἐνδιαθέτου
1286 494 1444 567 λόγου
1497 500 1586 549 καὶ
1634 504 1724 548 τοῦ
1776 514 1900 569 προ-

2028 495 2250 567 {uentis
2308 496 2600 551 sermonis
2658 493 2881 550 statuit.
2916 494 3158 565 Oportet
3219 492 3401 558 enim,
3450 496 3516 548 ut
3573 492 3673 547 hic

298 592 510 659 φορικοῦ
574 581 928 638 διατάττεται.
1007 591 1121 657 Χρὴ
1177 589 1274 659 γὰρ
1317 588 1532 647 τούτους
1576 585 1653 637 ἀεὶ
1682 586 1899 658 λάμπειν

294 694 382 726 και
421 675 684 746 φωτίζειν,
739 679 825 727 τὸν
872 680 962 747 μὲν
996 678 1153 747 ἡμᾶς,
1204 680 1290 728 τὸν
1333 673 1390 728 δὲ
1442 680 1561 738 τοὺς
1611 677 1694 748 ὑφ’
1754 678 1899 747 ἡμῶν

297 760 733 836 διδασκομένους.

370 858 468 907 Καὶ
550 856 693 926 ὑμεῖς
758 885 827 895 —-
892 856 1093 927 γάμων.
1154 858 1247 908 Διὰ
1320 854 1615 928 παραϐολῆς
1671 859 1898 927 ἐνέφηνεν

296 944 669 1015 ἑτοιμάζεσθαι
716 948 846 1018 πρὸς
901 943 1194 1003 ἀπάντησιν
1248 945 1428 1012 αὐτοῦ,
1486 949 1677 1013 εποξντα
1732 945 1898 1007 καλῶς

298 1030 687 1105 διατιθεμένους
747 1039 837 1086 καὶ
903 1032 1237 1106 ἀναμένοντας
1290 1035 1440 1087 αὐτὸν
1493 1035 1740 1107 μέλλοντα
1797 1037 1897 1087 πα-

293 1123 371 1175 λιν
428 1122 567 1185 ἥξειν
607 1121 659 1185 ἐξ
705 1123 946 1196 ούρανοῦ.
1010 1127 1105 1176 Διά
1155 1132 1308 1177 τοῦτο
1355 1129 1455 1198 γὰρ
1508 1124 1754 1176 ἀνάλυσιν
1809 1128 1898 1196 μὲν

296 1213 534 1284 ὠνόμασε
588 1217 683 1271 τὴν
727 1215 857 1285 μετά
909 1217 965 1265 τό
1015 1212 1268 1273 ἀναϐῆναι
1325 1219 1541 1287 χρονίαν
1601 1215 1759 1266 αὐτοῦ
1807 1217 1900 1265 κεί-

298 1299 469 1356 θοδον·
511 1304 706 1375 γάμους
749 1298 826 1365 δὴ,
866 1307 959 1361 τὴν
1011 1304 1114 1355 ἄνω
1166 1304 1485 1378 εὐφροσύνην
1524 1309 1612 1356 καὶ
1645 1303 1899 1376 ἀγαλλία-

298 1413 399 1445 σιν.

364 1489 473 1537 Ἱνα
496 1513 558 1525 -—
583 1482 743 1553 αύτῷ.
758 1488 1057 1548 Τουτεστιν,
1081 1483 1161 1535 ἱνα
1182 1482 1481 1554 αἰσθόμενοι
1496 1493 1556 1542 τὴ
1572 1505 1590 1545 ς
1608 1488 1899 1556 παρουσίας

296 1572 476 1638 αὐτοῦ,
499 1574 777 1646 προθύμως
801 1576 890 1623 καὶ
915 1575 1043 1633 μετὰ
1068 1578 1243 1645 χαρᾶς
1267 1573 1656 1637 ἀπαντήσωσιν,
1673 1570 1824 1624 οὐδέν
1849 1592 1901 1623 τι

294 1665 518 1736 πονηρὸν
548 1658 837 1721 συνειδότες
865 1662 953 1714 ἐαυ
968 1670 1087 1724 τοῖς.
1140 1666 1430 1735 Περαιτέρω
1458 1666 1559 1736 γαρ
1599 1662 1657 1714 ού
1697 1681 1900 1735 περιερ-

292 1756 513 1824 γαστέον
542 1757 637 1810 τήν
668 1772 771 1824 παρ
780 1750 987 1809 αϐολήν.

366 1844 629 1913 Μακάριοι
656 1873 722 1883 —
743 1848 1148 1916 γρηγοροῦντας.
1180 1848 1569 1916 Γρηγοροῡντας
1598 1844 1690 1905 ἔτι,
1721 1838 1815 1894 διὰ
1843 1845 1900 1893 τὸ
1937 1860 1976 1911 Β

296 1934 346 1984 ἐν
374 1931 681 2004 ἐγρηγόρσει
709 1929 980 1982 ἀποθανεῖν
1013 1931 1222 1992 αὐτούς.
1256 1933 1443 2004 Ἀρετὴ
1475 1933 1576 2006 γαρ
1609 1928 1700 1992 τῆς
1720 1931 1902 2002 ψυχῆς

297 2021 434 2074 οὖσα
464 2023 494 2079 η
529 2019 860 2095 ἐγρήγορσις,
906 2025 1296 2093 συμπαραμένει
1327 2020 1479 2093 αὐτῇ.

365 2114 505 2170 Τινὲς
547 2106 605 2161 δὲ
654 2108 755 2161 ἀπὸ
806 2118 904 2171 τῆς
951 2109 1241 2171 ἀναλύσεως
1280 2117 1369 2162 καὶ
1409 2119 1504 2171 τῆς
1534 2111 1772 2171 ἐλεύσεως
1816 2116 1904 2163 καὶ

295 2204 558 2275 κρούσεως
615 2198 853 2265 ἐνόησαν,
928 2201 1004 2251 ὃτι
1058 2202 1083 2251 ό
1146 2204 1372 2272 Χριστὸς
1438 2201 1590 2262 αὐτὸς
1658 2196 1908 2272 ἐπιδημεῖ

298 2297 415 2352 ταῖς
466 2290 727 2352 τελευταῖς
788 2297 889 2341 τῶν
940 2286 1180 2358 δικαίων,
1223 2295 1313 2341 καὶ
1365 2289 1423 2341 οὐ
1483 2296 1634 2361 μόνον
1688 2293 1903 2360 τούτων,

300 2378 430 2432 ἀλλὰ
486 2385 576 2432 καὶ
632 2388 732 2432 τῶν
798 2378 1134 2453 ἁμαρτωλῶν.
1207 2385 1307 2432 Καὶ
1366 2388 1517 2432 τουτο
1577 2378 1903 2452 βεϐαιούσιν,

302 2468 403 2522 ἀπὸ
465 2476 557 2521 τοῦ
641 2469 798 2521 εἰπεῖν
861 2473 948 2520 τὸν
1012 2472 1140 2521 Θεὸν
1216 2479 1287 2539 τῷ
1362 2469 1618 2541 πλουσίῳ,
1686 2468 1901 2541 Ἃφρον,

297 2561 462 2631 ταύτῃ
531 2566 593 2630 τῇ
667 2564 815 2611 νυκτὶ
867 2563 960 2616 τὴν
1029 2558 1204 2630 ψυχήν
1264 2579 1357 2611 σου
1432 2558 1746 2612 ἀπαιτοῦσιν
1805 2557 1905 2612 ἀπὸ

306 2655 401 2699 σοῦ
411 2689 423 2700 .

370 2736 570 2809 Ἐτεροι
625 2733 684 2789 δε
736 2757 795 2789 το
848 2745 1077 2789 τοιοῦτον
1150 2742 1319 2805 νόημα
1376 2735 1674 2810 δεχόμενοι,
1749 2743 1905 2810 φασὶν

298 2823 588 2898 ἐπιδημίαν
636 2834 896 2901 Χριστοῦ,
947 2830 1032 2879 τόν
1089 2827 1239 2899 λόγον
1299 2828 1478 2893 αὐτοῦ,
1538 2833 1623 2880 τόν
1672 2848 1905 2899 μετακα-

294 2915 537 2988 λούμενον
568 2923 856 2974 τηνικαῦτα
882 2920 1001 2976 τοὺς
1041 2919 1128 2989 μὲν
1162 2913 1402 2978 δικαίους
1436 2917 1508 2979 εἰς
1537 2921 1733 2992 χαρὰν,
1784 2921 1904 2980 τοὺς

298 3002 359 3058 δὲ
385 3004 748 3078 ἁμαρτωλούς,
777 3005 845 3067 εἰς
884 3006 1072 3064 λύπην.

373 3096 537 3167 ’Λμήν
598 3127 668 3135 —
728 3095 919 3156 αὐτοῖς.
994 3096 1368 3170 Ηεριξώσεται,
1448 3105 1509 3169 τῇ
1587 3095 1899 3170 δικαιοσύνῃ

304 3194 393 3246 τῆς
423 3181 837 3247 ἁνταποδόσεως,
870 3190 958 3239 καὶ
980 3184 1240 3238 ἀνακλινεῖ
1266 3186 1474 3250 αὐτοὺς,
1509 3187 1580 3249 εἰς
1609 3186 1903 3239 ἀνάπαυσιν

298 3275 524 3342 αἰώνιον,
586 3278 655 3336 ὡς
698 3272 772 3327 δι’
832 3275 985 3327 αὐτόν
1028 3282 1424 3344 κεκοπιακότας,
1470 3282 1555 3329 καὶ
1606 3277 1904 3336 διακονήσει

300 3365 480 3427 αὐτοῖς
511 3361 765 3437 διανομήν
796 3374 896 3416 τῶν
928 3363 1083 3427 ἀξίων
1117 3364 1365 3437 ἀμοιϐὠν.

374 3549 475 3597 Kal
513 3542 598 3596 ἐὰν
645 3573 699 3584 --
756 3542 961 3599 ἐκεῖνοι.
1017 3541 1231 3603 Ἐπειδὴ
1281 3550 1429 3597 νυκτὶ
1472 3548 1631 3597 ἔοικεν
1681 3548 1705 3597 ό
1764 3566 1902 3618 παρ-

296 3640 365 3685 ὼν
405 3633 543 3706 βίος,
605 3630 696 3685 διά
752 3639 1277 3706 τήνκατακεχυμένην
1324 3635 1483 3687 αὐτοῦ
1534 3636 1761 3707 ζόφωσιν
1814 3643 1903 3690 καὶ

298 3723 495 3782 πλάνην
549 3724 649 3775 ἀπὸ
691 3732 788 3775 τῶν
846 3720 1106 3795 δαιμόνων
1164 3730 1252 3776 καὶ
1291 3734 1389 3776 τῶν
1444 3728 1641 3792 παθῶν,
1698 3727 1903 3788 εἰκότως

1560 3817 1624 3867 Οἱ
1691 3816 1903 3869 παλαιοὶ

296 3907 399 3975 γὰρ
465 3903 844 3974 νυκτοφύλακες
929 3902 1001 3964 εἰς
1076 3910 1206 3974 τρεῖς
1280 3904 1506 3975 φυλακὰς
1571 3910 1663 3963 τὴν
1742 3910 1905 3959 νύκτα

300 3989 510 4057 διεῖλον,
571 3996 698 4053 τινες
765 3988 824 4043 δε
900 3992 966 4053 εἰς
1014 3996 1293 4065 τέσσαρας.

298 3814 366 3874 εἰς
424 3811 709 3886 διαφόρους
764 3812 993 3883 φυλακὰς
1053 3813 1208 3865 αὐτόν
1267 3810 1481 3888 διαιρεῖ,

1375 4000 1473 4047 Καὶ
1539 4002 1745 4068 πρώτην
1812 4000 1901 4068 μὲν

296 4082 527 4154 φυλακήν
611 4081 765 4152 λέγει,
848 4086 941 4139 τὴν
1014 4085 1345 4135 κατάστασιν
1412 4093 1512 4135 τῶν
1581 4083 1900 4157 τελειοτέρων

294 4170 367 4232 εἰς
400 4169 605 4243 ἀρετήν·
654 4167 900 4243 δευτέραν
934 4167 1012 4237 δὲ,
1062 4177 1156 4230 τὴν
1196 4181 1293 4223 τὼν
1344 4176 1533 4245 μέσων·
1586 4179 1766 4247 τρίτην
1818 4170 1897 4243 δὲ,

294 4263 391 4318 τὴν
415 4269 515 4312 τῶν
546 4260 868 4327 τελευταίων,
901 4260 949 4313 οἳ
980 4265 1290 4334 σύμπαντες,
1325 4262 1369 4314 εἰ
1398 4265 1675 4336 εὑρεθῶσιν
1714 4264 1896 4334 οὕτως9

296 4351 361 4409 ὡς
381 4349 651 4423 προλαϐὼν
672 4347 826 4415 εἶπεν,
860 4355 1042 4421 ἤγουν,
1072 4353 1268 4423 ἕτοιμοι
1286 4356 1419 4404 κατά
1449 4358 1536 4405 τόν
1559 4360 1650 4405 τοῦ
1678 4355 1900 4405 θανάτου

295 4444 497 4510 καιρόν,
570 4442 821 4512 μακάριοι
885 4442 1107 4505 πάντως,
1164 4444 1235 4502 ὡς
1295 4450 1384 4503 τῆς
1448 4448 1709 4516 μακαρίας
1766 4444 1901 4504 ζωῆς

297 4529 586 4601 μεθέξοντες
616 4528 896 4601 ἀναλόγως,

369 4625 533 4672 Τοῦτο
577 4650 633 4659 -—
686 4620 864 4673 αὐτοῦ.
922 4625 1021 4673 Καὶ
1061 4618 1108 4672 ἐν
1152 4629 1223 4691 τῷ
1270 4621 1484 4693 εἰκοστῷ
1529 4619 1700 4694 ὀγδόῳ
1746 4642 1901 4694 κεφα-

294 4708 424 4779 λαίῳ
482 4716 572 4761 τοῦ
625 4712 760 4762 κατά
825 4711 1093 4762 Ματθαῖρν
1147 4708 1304 4763 εἶπεν·
1358 4712 1549 4765 Ἐκεῖνο
1617 4709 1675 4764 δὲ
1746 4720 1899 4783 γινω-

298 4817 465 4869 σκετε,
522 4800 603 4851 ὃτι
663 4799 705 4851 εἰ
767 4796 888 4873 ᾔδει
941 4801 965 4851 ὁ
1024 4796 1421 4865 οἰκοδεσπότης,
1489 4802 1818 4875 ποίαφυλακῇ
1876 4805 1901 4855 ό

293 4885 512 4950 κλέπτης
552 4891 792 4963 ἔρχεται,
841 4888 1193 4963 ἐγρηγόρησεν
1238 4889 1317 4959 ἄν,
1370 4896 1458 4943 καὶ
1500 4894 1566 4943 τὰ
1610 4891 1745 4954 ἑξῆς.
1802 4898 1901 4945 Καὶ

298 4974 555 5048 ἀνάγνωθι
586 4982 679 5036 τὴν
706 4977 956 5050 ἐξήγησιν
985 4978 1106 5034 ἐκεῖ.

370 5070 469 5121 Καὶ
532 5098 603 5108 -
660 5070 892 5140 ἔρχεται.
946 5068 1082 5123 Ἐκεῖ
1152 5074 1242 5121 καὶ
1305 5076 1473 5124 ταῦτα
1522 5074 1744 5145 εἴρηται,
1815 5078 1904 5126 καὶ

297 5156 640 5230 ἡρμήνευται.

368 5336 417 5371 οδ
448 5334 591 5393 Luc.
623 5352 727 5405 xii,
760 5340 850 5393 20.
948 5337 996 5374 ⁸⁵
1022 5338 1219 5397 Matth.
1250 5343 1413 5406 xxiv,
1444 5341 1535 5399 43.

2012 600 2246 656 semper
2278 584 2589 650 illuminet,
2633 590 2759 640 tum
2806 600 2937 651 nos,
2982 588 3105 639 tum
3147 600 3250 638 eos
3282 582 3383 654 qui
3430 598 3466 638 a
3504 581 3673 637 nobis

2011 675 2299 730 docentur
2322 675 2407 747 (ί).

2080 857 2239 911 Vers.
2284 855 2374 911 36.
2425 856 2501 910 Et
2548 870 2648 911 vos
2678 885 2745 895 —
2772 854 3017 924 nuptiis.
3066 853 3176 908 Per
3220 851 3674 908 similitudinem

2010 945 2384 1015 signiﬁcavit,
2426 951 2487 1000 ut
2545 945 2623 1000 ad
2668 961 2986 1000 occursum
3024 959 3199 998 suum
3244 947 3672 1015 praeparentur,

2010 1037 2070 1092 in
2113 1034 2396 1091 omnibus
2448 1035 2600 1090 bene
2630 1035 2926 1106 dispositi,
2958 1038 3015 1089 et
3051 1038 3468 1103 exspectantes
3510 1048 3670 1103 eum,

2009 1125 2112 1197 qui
2138 1141 2376 1181 rursum
2410 1141 2441 1179 e
2469 1124 2617 1179 caelo
2650 1130 2932 1179 venturus
2960 1128 3067 1178 est.
3101 1123 3343 1194 Propter
3368 1123 3483 1178 hoc
3513 1121 3675 1177 enim

2008 1215 2361 1271 descensum
2383 1231 2583 1278 suum,
2605 1222 2747 1285 qlio,
2772 1212 2954 1283 longo
2978 1217 3355 1284 exspectatus
3384 1216 3671 1283 tempore,

2013 1304 2221 1383 veniet,
2250 1305 2652 1360 reversionem
2701 1303 3025 1358 nominavit
3071 1301 3348 1373 ;nuptias
3389 1317 3532 1357 vero
3576 1318 3678 1357 su-

2010 1410 2261 1465 pernam
2310 1394 2573 1450 laetitiam
2622 1400 2677 1448 et
2708 1392 3192 1447 exsultationem.

2082 1484 2257 1541 Vers.
2282 1483 2370 1539 36.
2407 1485 2479 1541 Ul
2505 1515 2574 1525 —
2602 1482 2676 1538 ei.
2706 1484 2827 1537 Hoc
2854 1488 2959 1549 est,
2996 1485 3057 1537 ut
3082 1484 3519 1551 cognoscentes
3546 1481 3676 1551 ejus

2012 1574 2355 1644 adventum,
2383 1578 2661 1644 prompte
2705 1576 2762 1628 et
2783 1588 2919 1626 cum
2945 1571 3171 1641 gaudio
3195 1575 3531 1633 occurrant,
3552 1570 3684 1625 nul-

2012 1663 2124 1718 lius
2164 1662 2271 1718 sibi
2307 1662 2447 1718 mali
2480 1662 2720 1717 conscii.
2758 1661 2976 1717 Praeter
3022 1661 3150 1717 hinc
3181 1665 3384 1715 autem
3426 1658 3567 1715 nihil
3591 1663 3682 1714 est

2012 1753 2240 1808 curiose
2267 1752 2654 1807 scrutandum
2680 1751 2753 1805 de
2792 1750 3099 1821 parabola.

2088 1842 2247 1897 Vers.
2307 1842 2397 1896 37.
2442 1842 2611 1897 Beati
2664 1871 2734 1879 —
2791 1840 3130 1909 vigilantes.
3175 1839 3498 1908 Vigilantes
3538 1839 3677 1895 item

2013 1947 2082 1987 eo
2103 1932 2269 2004 quod
2291 1932 2350 1986 in
2372 1930 2679 2000 vigilantia
2702 1929 3032 1985 moriantur
3058 1947 3069 1984 :
3097 1946 3235 1985 cum
3278 1930 3438 1984 enim
3461 1929 3680 1986 enim

2014 2021 2198 2076 virtus
2232 2021 2303 2076 sit
2334 2020 2659 2089 vigilantia,
2693 2019 2871 2075 simul
2898 2036 3033 2074 cum
3063 2035 3133 2074 ea
3164 2024 3496 2091 permanet.

2084 2110 2337 2175 Quidam
2369 2126 2511 2165 vero
2542 2126 2614 2165 ex
2643 2109 2759 2164 hoc
2788 2108 2978 2164 reditu
3006 2112 3063 2163 et
3088 2109 3352 2164 adventu
3382 2124 3451 2163 ac
3478 2106 3680 2179 pulsa-

2013 2200 2173 2256 tione
2229 2200 2663 2261 intellexerunt,
2722 2197 2892 2270 quod
2969 2197 3234 2253 Christus
3306 2197 3550 2252 advenit
3599 2197 3679 2253 ad

2016 2295 2270 2345 mortem
2288 2289 2614 2360 justorum,
2630 2304 2739 2343 nec
2760 2288 2981 2343 horum
3007 2292 3256 2356 tantum,
3277 2304 3483 2342 verum
3498 2287 3678 2343 etiam

2016 2385 2400 2451 peccatorum
2434 2396 2447 2445 ;
2473 2384 2529 2433 et
2555 2380 2663 2434 hoc
2687 2395 2760 2434 ex
2786 2394 2856 2433 eo
2880 2377 3254 2444 conﬁrmant,
3279 2378 3445 2449 quod
3464 2377 3680 2433 dixerit

2014 2469 2168 2524 Deus
2192 2467 2362 2525 diviti
2388 2486 2400 2524 :
2424 2468 2746 2533 Stulte,hac
2767 2470 2937 2524 nocte
2960 2467 3214 2523 animam
3236 2473 3399 2524 luam
3415 2473 3679 2539 repetunt

2015 2574 2051 2615 a
2081 2567 2137 2616 te
2174 2560 2244 2617 ⁵⁵⁵.

2084 2737 2193 2793 Alii
2238 2752 2380 2793 vero
2415 2738 2577 2793 hunc
2608 2736 2910 2809 accipiunt
2935 2736 3322 2800 intellectum,
3367 2739 3431 2790 ut
3454 2734 3676 2800 dicant,

2012 2828 2225 2885 Christi
2273 2826 2600 2883 adventum
2640 2842 2775 2881 esse
2817 2841 3159 2881 sermonem
3190 2825 3338 2895 ejus,
3385 2826 3488 2898 qui
3539 2831 3679 2881 tunc

2009 2917 2207 2989 justos
2238 2917 2487 2973 accersit
2524 2917 2601 2973 ad
2642 2915 2956 2985 gaudium,
2985 2919 3327 2988 peccatores
3370 2920 3567 2972 autem
3600 2915 3680 2972 ad

2014 3022 2329 3063 maerorem
2342 3049 2353 3061 .

2087 3096 2251 3153 Vers.
2290 3097 2387 3151 37.
2436 3097 2626 3155 Amen
2673 3126 2742 3135 -—
2780 3094 2925 3150 illis.
2969 3094 3292 3164 Praecinget
3330 3110 3413 3159 se,
3455 3094 3681 3164 justitia

1945 3177 2479 3252 Cretributionis;
2554 3190 2610 3241 et
2666 3182 2843 3241 faciet
2916 3183 3047 3239 illos
3124 3183 3523 3248 discumbere,
3599 3184 3679 3240 ad

2013 3276 2277 3348 requiem
2332 3275 2783 3344 sempiternam,
2818 3279 3108 3345 tanquam
3157 3288 3259 3328 eos
3298 3274 3401 3345 qui
3438 3278 3680 3345 propter

2014 3365 2208 3437 ipsum
2236 3363 2662 3420 laboraverunt
2689 3383 2703 3422 :
2741 3379 2811 3418 ac
2843 3361 3206 3418 ministrabit
3229 3361 3361 3428 illis,
3394 3362 3676 3419 distribu-

2016 3456 2228 3512 tionem
2266 3455 2588 3525 dignarum
2618 3452 3101 3508 retributionum.

2086 3547 2245 3599 Vers.
2292 3543 2381 3600 38.
2414 3545 2490 3599 Et
2519 3544 2571 3599 si
2612 3574 2681 3583 —
2716 3543 2833 3599 illi.
2876 3540 3028 3610 Quia
3069 3542 3227 3598 nocti
3256 3556 3520 3613 praesens
3560 3542 3680 3599 vita

2014 3633 2398 3700 assimilatur,
2444 3637 2685 3705 propter
2725 3632 2983 3689 infusam
3008 3632 3061 3687 ei
3093 3631 3411 3702 caliginem
3434 3648 3503 3687 ac
3522 3647 3679 3688 erro-

2014 3739 2138 3779 rem
2170 3740 2206 3780 a
2227 3723 2605 3780 daemonibus
2626 3728 2682 3779 et
2713 3721 3021 3779 affectibus
3056 3738 3069 3778 :
3097 3723 3306 3778 merito
3335 3722 3393 3777 in
3409 3722 3679 3778 diversas

2013 3814 2264 3884 vigilias,
2288 3831 2394 3870 seu
2418 3813 2751 3879 custodias,
2768 3812 2967 3884 ipsam
2987 3811 3221 3869 dividit.
3242 3813 3476 3868 Veteres
3491 3813 3675 3884 enim,

2012 3904 2117 3975 qui
2149 3910 2322 3960 nocte
2365 3904 2709 3973 vigilabant,
2747 3904 2808 3958 in
2832 3908 2948 3958 tres
2995 3902 3281 3959 excubias
3306 3903 3499 3974 ipsam
3528 3903 3682 3958 divi-

2011 3992 2232 4049 debant
2299 4010 2313 4049 :
2378 3993 2628 4063 quidam
2687 4008 2825 4047 vero
2878 3990 2939 4047 in
2997 3995 3271 4064 quatuor.
3307 3995 3373 4048 Et
3417 3992 3680 4063 primam

2010 4082 2254 4155 quidem
2282 4083 2442 4145 dicit,
2490 4087 2709 4137 statum
2744 4097 2954 4137 eorum
2986 4080 3092 4152 qui
3129 4080 3205 4136 ad
3233 4081 3509 4137 virtutem
3541 4086 3683 4138 sunt

2007 4172 2407 4245 perfectiores,
2454 4172 2802 4235 secundam,
2841 4169 3253 4235 mediocrium,
3289 4171 3542 4236 tertiam,
3576 4186 3682 4241 po-

2010 4268 2368 4319 stremorum
2428 4276 2438 4314 :
2498 4261 2596 4334 qui
2641 4275 2868 4324 omnes,
2915 4260 2962 4314 si
3019 4260 3102 4315 ita
3158 4259 3377 4316 inventi
3436 4258 3677 4330 fuerint,

2012 4353 2168 4408 sicut
2212 4356 2347 4407 ante
2396 4351 2557 4415 dixit,
2606 4348 2876 4405 Videlicet
2921 4349 3103 4419 parati
3143 4349 3351 4404 mortis
3390 4354 3677 4420 tempore,

2012 4440 2169 4498 beati
2210 4445 2404 4505 erunt,
2455 4446 2659 4513 utpote
2688 4438 2823 4496 vitae
2849 4439 3038 4496 beatae
3082 4438 3303 4511 pariter
3337 4438 3676 4511 participes.

2084 4620 2247 4676 Vers.
2280 4624 2368 4676 39.
2414 4620 2538 4676 Hoc
2586 4651 2654 4660 —
2699 4634 2886 4676 suam.
2935 4618 3440 4691 Quinquagesimo
3471 4623 3679 4677 octavo

2012 4710 2194 4767 etiam
2218 4711 2401 4781 capite
2426 4709 2725 4779 Evangelii
2742 4710 2913 4780 juxta
2944 4708 3277 4765 Matthteum
3306 4708 3450 4765 dixit
3483 4725 3496 4765 :
3528 4709 3680 4765 Illud

2012 4807 2202 4856 autem
2259 4800 2483 4864 scitote,
2542 4800 2702 4871 quod
2742 4803 2794 4855 si
2851 4800 3020 4856 sciret
3074 4799 3521 4871 paterfamilias,
3560 4815 3682 4872 qua

2014 4890 2209 4961 vigilia
2274 4891 2386 4960 fur
2458 4896 2741 4947 venturus
2801 4896 2946 4957 erat,
3000 4889 3292 4960 vigilasset
3338 4896 3570 4962 utoque,
3623 4894 3681 4948 et

2014 4983 2223 5037 caetera
2272 4982 2339 5036 ³⁸.
2374 4981 2526 5052 Lege
2556 4996 2697 5051 ergo
2746 4980 2832 5036 ibi
2870 4980 3330 5038 enarrationem.

2087 5071 2248 5128 Vers.
2280 5073 2371 5127 40.
2396 5071 2477 5127 Et
2538 5099 2610 5114 -—
2658 5077 2945 5129 venturus
2992 5075 3095 5129 est.
3151 5068 3238 5127 lbi
3277 5084 3521 5143 quoque
3549 5068 3680 5127 haec

2015 5161 2175 5218 dicta
2203 5165 2338 5216 sunt
2363 5175 2434 5218 ac
2462 5160 2785 5218 declarata.

1511 5516 1735 5587 Variae
1778 5517 2109 5586 lectiones
2157 5525 2223 5585 et
2267 5527 2470 5586 notas.

365 5712 433 5786 (ἢ
468 5713 714 5787 Oportet
740 5715 898 5770 enim
918 5714 1288 5789 hossemper
1312 5715 1509 5775 lucere
1531 5718 1588 5773 et
1610 5713 1971 5786 illuminare,
2009 5715 2176 5772 illum
2204 5715 2448 5790 quidem
2482 5730 2608 5782 nos,
2638 5715 2801 5771 hunc
2838 5730 2977 5772 vcro
3009 5729 3135 5781 eos,
3166 5730 3271 5789 qui
3298 5730 3338 5773 a
3364 5712 3539 5771 nobis
3569 5712 3681 5769 do-

293 5790 523 5842 centur.
