4128 6414
454 353 554 411 991

459 570 660 626 Sciens
695 573 916 640 Petrus,
955 576 1252 646 quasdam
1297 576 1614 649 parabolas
1653 575 1850 630 electis
1887 573 2124 646 proprie

461 662 652 732 aptari
675 663 993 734 discipulis,
1029 666 1324 736 quasdam
1357 683 1491 720 vero
1515 665 1914 721 communiter
1937 662 2128 718 omni-

458 749 592 814 bus,
631 752 836 806 merito
868 753 941 808 de
978 754 1263 824 parabola
1293 756 1634 822 interrogat,
1700 771 1824 827 qua
1859 753 2129 808 videlicet

461 838 608 894 dixit
641 841 843 897 :Sicut
882 844 1062 897 lumbi
1090 845 1267 899 vestri
1277 845 1610 913 praecincti,
1637 850 1692 899 et
1720 850 1951 899 caetera.
1975 841 2129 907 Quid

461 943 602 997 ergo
635 928 890 985 Christus
913 931 942 985 Ῡ
972 932 1275 1005 Requisito
1310 933 1464 988 ﬁdeli
1495 950 1564 989 ac
1592 933 1868 1002 prudenti
1893 931 2128 1002 dispen-

463 1022 674 1084 satore,
732 1020 948 1076 deinde
996 1022 1126 1093 ipso
1195 1023 1370 1078 beato
1435 1022 1781 1093 prredicato,
1847 1020 2125 1082 ostendit,

459 1107 624 1178 quod
672 1109 746 1163 de
792 1110 938 1181 ipsis
965 1111 1178 1167 dixerit
1224 1111 1578 1181 parabolam
1615 1111 1916 1176 ;futurum
1970 1110 2129 1164 enim

459 1200 602 1261 erat,
637 1203 698 1251 ut
732 1197 838 1269 ipsi
885 1199 1154 1256 ﬁdelium
1186 1201 1629 1273 dispensatores
1670 1201 1880 1256 ﬁerent
1923 1201 2130 1255 dantes

459 1283 604 1357 ipsis
631 1288 688 1342 in
718 1293 984 1360 tempore
1015 1290 1371 1345 demensum
1404 1291 1689 1346 doctrinae
1721 1291 1942 1347 cibum.

531 1469 681 1537 Lege
732 1473 926 1524 autem
974 1470 1484 1540 quinquagesimo
1533 1475 1746 1525 octavo
1789 1470 1956 1540 juxta
1996 1470 2112 1525 Mat

462 1556 685 1612 thaeum
724 1557 911 1629 capite
948 1559 1084 1613 dicti
1136 1559 1292 1614 illius
1328 1559 1767 1614 enarrationem
1799 1577 1810 1614 :
1857 1559 2132 1626 Quisnam

463 1653 544 1702 est
595 1647 787 1713 fidelis
843 1663 1062 1713 servus,
1091 1652 1144 1704 et
1194 1649 1456 1718 prudens
1491 1650 1539 1683 97
1613 1649 1640 1704 ‘I
1687 1655 1740 1701 et
1790 1647 1870 1703 ibi
1915 1647 2134 1703 horum

461 1735 731 1791 omnium
775 1735 1042 1791 invenies
1085 1737 1594 1809 explanationem.

1813 355 2164 415 EUTHYMII
2204 355 2541 417 ZlGABENI

527 482 690 538 Vers.
739 484 829 539 41.
876 485 980 540 Ait
1042 517 1100 527 —
1145 487 1310 542 Vers.
1346 490 1433 543 42.
1495 487 1832 543 demensum
1882 486 2070 541 cibum
2099 485 2126 538 ?
2154 483 2199 536 A

3745 358 3845 414 992

2310 482 2432 538 Εἶπε
2506 515 2573 530 --
2635 490 2996 560 σιτομέτριον;
3043 482 3210 546 Εἰδὼς
3265 487 3290 537 6
3355 489 3571 558 Πέτρος,
3656 487 3734 538 ὅτι
3796 488 3848 537 αἱ

2237 576 2324 645 μὲν
2379 583 2478 626 τῶν
2537 575 2842 650 παραϐολῶν
2895 596 2948 628 τε
2993 581 3082 628 καὶ
3137 574 3370 645 ἐντολῶν,
3428 572 3545 647 ἰδίᾳ
3585 583 3688 636 τοῖς
3731 575 3846 638 ἔξει-

2236 663 2490 736 λεγμὲνοις
2543 668 2806 737 μαθηταῖς
2869 665 3216 738 ἀρμόζονσιν,
3285 668 3341 717 αὶ
3388 662 3468 726 δὲ,
3521 672 3666 736 κοινῇ
3721 671 3851 716 πᾶσι

2237 761 2342 814 τοῖς
2402 763 2631 819 πιστοῖς,
2689 755 2898 816 εἰκότως
2953 754 3121 827 ἐρωτᾷ
3185 759 3303 828 περὶ
3372 763 3461 814 τῆς
3530 753 3848 828 παραϐολῆς,

2240 839 2472 907 δηλαδὴ,
2524 852 2619 905 τῆς
2670 844 2942 915 λεγούσης,
3002 844 3277 897 Ἔστωσαν
3348 845 3496 916 ὑμῶν
3552 845 3607 894 αἱ
3671 843 3853 914 ὀσφύες

2237 934 2669 1005 περιεζωσμέναι,
2702 939 2792 986 καὶ
2839 937 2903 986 τὰ
2945 934 3075 995 ἑξῆς·
3110 937 3162 985 τί
3202 929 3288 985 οὖν
3337 935 3363 984 6
3403 936 3676 1007 Χριστός;
3709 933 3852 985 Ἐπι-

2242 1022 2475 1081 ζητήσας
2536 1028 2621 1074 τόν
2673 1027 2860 1074 πιστόν
2929 1027 3019 1074 καὶ
3079 1027 3326 1097 φρόνιμον
3385 1022 3662 1093 οἰκονόμον
3721 1021 3850 1092 (21),

2242 1107 2351 1162 εἶτα
2410 1117 2714 1185 μακαρίσας
2763 1112 2937 1175 αὐτόν,
2991 1109 3200 1179 ἔδειξεν,
3248 1113 3329 1164 ὃτι
3369 1116 3493 1183 περὶ
3537 1111 3709 1162 αὐτῶν
3753 1107 3855 1162 εἶπε

2238 1206 2331 1258 τὴν
2383 1201 2711 1276 παραϐολήν,
2767 1202 2926 1255 Αὐτοὶ
2983 1205 3084 1276 γὰρ
3144 1201 3346 1273 ἔμελλον
3404 1201 3672 1272 οἰκονόμοι
3721 1204 3852 1270 γενέ-

2245 1293 2367 1344 σθαι
2416 1300 2513 1342 τῶν
2564 1300 2783 1354 πιστῶν,
2828 1288 3062 1353 διδόντες
3110 1291 3286 1353 αὐτοῖς
3335 1294 3386 1342 ἐν
3420 1299 3593 1366 καιρῷ
3622 1293 3681 1342 τό
3723 1308 3857 1341 σιτο-

2242 1387 2450 1455 μέτριον
2476 1389 2537 1438 τῆ
2551 1403 2571 1443 ς
2603 1378 2976 1442 διδασκαλίας.

2317 1473 2601 1540 Ἀνοίγνωθι
2634 1466 2692 1522 δὲ
2721 1475 2809 1522 καὶ
2847 1469 2894 1522 ἐν
2914 1478 2984 1540 τῷ
3015 1477 3352 1540 πεντηκοστῷ
3401 1465 3580 1540 ὀγδόῳ
3607 1468 3856 1540 κεφαλαίῳ

2243 1568 2334 1612 τοῦ
2365 1561 2499 1611 κατὰ
2529 1562 2794 1612 Ματθαίον
2821 1563 2914 1616 τὴν
2945 1558 3196 1630 ἐξήγησιν
3235 1567 3348 1610 τοῦ⁶
3391 1564 3482 1619 Τίς
3514 1560 3620 1630 ἄρα
3659 1556 3796 1609 ἐστὶν
3834 1556 3858 1607 6

2243 1653 2426 1709 πιστός
2488 1645 2674 1710 δοῦλος
2752 1653 2837 1701 καὶ
2917 1653 3192 1720 φνόνιμοςς
3227 1653 3316 1700 καὶ
3388 1651 3602 1700 πάντων
3673 1648 3857 1698 τούτων

2244 1740 2477 1812 εὑρήσεις
2503 1738 2610 1790 ἐκεῖ
2633 1743 2724 1796 τὴν
2758 1739 3046 1811 ἑρμηνείαν.

533 1827 693 1880 Vers.
746 1826 838 1883 43.
889 1827 1102 1883 Beatus
1154 1859 1223 1868 —
1275 1830 1436 1883 Vers.
1484 1829 1572 1883 44.
1604 1828 1799 1884 illum.
1835 1827 1919 1882 lbi
1950 1829 2130 1884 etiam

2315 1830 2580 1900 Μακάριος
2631 1859 2702 1869 -
2757 1828 2932 1883 αὐτόν.
2995 1827 3133 1880 Ἐκεῖ
3182 1832 3272 1880 καὶ
3319 1834 3496 1879 ταῦτα
3549 1823 3860 1898 διεσαφηνί-

460 1913 590 1970 hinc
620 1914 909 1984 patefacta
935 1921 1092 1972 sunt.

533 2005 697 2061 Vers.
717 2007 804 2061 45.
827 2005 995 2072 Quod
1010 2005 1060 2061 si
1078 2037 1142 2046 —
1162 2006 1324 2060 Vers.
1349 2005 1436 2059 46.
1452 2011 1656 2073 ponet.
1689 2005 2133 2078 Consequenter

463 2093 633 2149 etiam
656 2095 935 2165 praedicto
961 2094 1152 2166 capite
1176 2095 1302 2149 haec
1325 2095 1478 2150 dicta
1503 2111 1572 2150 ac
1597 2095 1897 2151 declarata
1921 2102 2083 2151 sunt.

533 2184 697 2238 Vers.
731 2185 817 2238 47.
852 2185 962 2240 Ille
1001 2216 1070 2224 —
1112 2187 1337 2240 multis.
1397 2185 1474 2240 De
1526 2183 1737 2239 futuris
1785 2185 2130 2256 pastoribus

464 2277 551 2327 est
594 2273 687 2327 hic
729 2289 945 2339 sermo,
980 2279 1274 2328 exterrens
1309 2289 1429 2339 eos,
1473 2275 1574 2344 qui
1609 2290 1853 2328 omnem
1904 2275 1998 2328 Dei
2033 2289 2134 2328 vo-

462 2360 750 2417 luntatem
779 2368 1091 2427 noverunt,
1126 2379 1233 2417 nec
1256 2379 1316 2417 se
1345 2368 1705 2434 praeparant,
1733 2363 1847 2418 hoc
1871 2369 1980 2430 est,
2011 2378 2132 2417 non

427 2449 886 2522 .faciuntjuxta
936 2452 1379 2523 beneplacitum
1433 2452 1581 2522 ejus.
1640 2455 1703 2506 Et
1750 2456 2128 2522 protestatur,

465 2540 628 2612 quod
684 2541 1064 2612 vapulabuut
1124 2541 1348 2605 multis,
1399 2546 1560 2612 puta,
1608 2541 1846 2612 plagis;
1908 2541 1966 2595 id
2022 2547 2130 2609 est,

465 2629 682 2684 misere
719 2630 1176 2702 torquebuntur,
1194 2631 1336 2702 quia
1363 2631 1618 2686 scientes
1641 2633 2058 2703 despexerunt.

537 2808 698 2862 Vers.
732 2812 819 2863 48.
856 2810 967 2874 Qui
991 2824 1123 2865 vero
1174 2841 1240 2849 —
1287 2810 1520 2879 paucis.
1581 2810 1756 2881 Atqui
1816 2809 2134 2878 ignorabat

466 2896 826 2953 voluntatem
857 2898 1110 2962 domini,
1158 2899 1261 2953 sed
1296 2908 1495 2954 tamen
1549 2901 1628 2954 ita
1671 2914 1919 2971 quoque
1947 2915 2133 2970 vapu-

465 2986 610 3042 labit
637 3004 650 3054 ;
676 3004 813 3042 cum
838 2989 995 3042 enim
1024 2989 1170 3043 scire
1199 2988 1503 3059 potuisset,
1533 3005 1654 3044 non
1685 2989 1850 3042 scivit
1885 3004 1898 3044 :
1934 3004 2130 3060 neque

466 3081 666 3132 tamen
699 3082 954 3144 tantum,
1011 3083 1073 3132 ut
1119 3079 1280 3149 prior
1317 3095 1329 3134 :
1366 3077 1460 3134 ille
1504 3078 1801 3150 siquidem
1839 3077 2128 3150 despexit:

2247 1919 2345 1975 σθη
2356 1937 2471 1969 σαν.

2316 2007 2431 2059 Ἐὰν
2466 2003 2524 2058 δὲ
2545 2037 2614 2047 ——
2657 2008 2821 2064 θήσει.
2871 2004 3187 2065 Ἀκολοῦθως
3211 2003 3259 2056 ἐν
3289 2003 3466 2076 ἐκείνῳ
3498 2012 3572 2075 τῷ
3601 2002 3857 2076 κεφαλαίῳ

2243 2101 2331 2147 καὶ
2364 2104 2530 2147 ταῦτα
2560 2097 2777 2170 ἐρρήθη,
2799 2101 2888 2146 καὶ
2921 2097 3242 2170 ἡρμηνεύθη.

2314 2187 2532 2246 Ἐκεῖνος
2607 2217 2660 2225 -
2734 2184 2944 2245 πολλάς.
3020 2189 3142 2256 Περὶ
3224 2192 3324 2235 τῶν
3397 2182 3686 2255 μελλόντων
3748 2201 3853 2234 ποι-

2243 2280 2440 2346 μαίνειν
2483 2273 2619 2326 ἐστὶν
2670 2276 2694 2325 6
2737 2273 2882 2344 λόγος
2926 2274 3077 2335 οὗτος
3135 2273 3270 2344 (2'2),
3328 2271 3559 2345 ἐκφοϐῶν
3619 2276 3740 2333 τοὺς
3791 2271 3854 2323 εἰς

2245 2361 2403 2425 δότας
2450 2366 2538 2435 μὲν
2583 2370 2682 2415 πᾶν
2730 2367 2788 2415 τό
2842 2362 3038 2433 θέλημα
3086 2370 3178 2414 τοῦ
3228 2369 3382 2430 Θεοῦ,
3437 2367 3508 2434 μὴ
3559 2361 3858 2433 ἑτοιμαζόν-

2244 2473 2338 2515 τας
2369 2450 2448 2516 δὲ,
2484 2458 2745 2517 τουτέστι,
2781 2457 2850 2524 μὴ
2885 2461 3161 2513 ποιοῦντας
3191 2457 3318 2524 πρὸς
3368 2450 3646 2525 ἀρέσκειαν
3678 2450 3853 2516 αὐτοῦ,

2244 2549 2332 2595 καὶ
2377 2540 2881 2617 διαμαρτυρόμενος,
2943 2544 3022 2594 ὁτι
3081 2539 3412 2617 δαρήσονται
3467 2541 3681 2611 πολλὰς,
3734 2539 3855 2596 πλη·

2243 2636 2339 2705 γὰς
2375 2629 2639 2702 δηλονότι,
2673 2637 2934 2697 τουτέστι,
2967 2631 3396 2690 κολασθήσονται
3426 2631 3698 2704 χαλεπῶς,
3720 2627 3855 2683 διότι

2245 2717 2439 2784 εἰδότες
2467 2726 2751 2794 κατεφρόνη
2763 2742 2859 2774 σαν
2872 2765 2887 2781 ,

2313 2811 2370 2861 Ὀ
2438 2807 2497 2863 δὲ
2546 2843 2608 2851 -τ
2669 2811 2844 2882 ὀλίγας
2934 2815 3029 2864 Καὶ
3100 2815 3202 2883 μὴν
3275 2811 3452 2882 ἠγνόει
3531 2814 3589 2862 1'6
3665 2809 3855 2880 θέλημα

2246 2908 2336 2950 τοῦ
2387 2905 2570 2972 κυρίου
2629 2900 2810 2968 αὐτοῦ,
2855 2899 2960 2951 ἀλλ’
3017 2902 3150 2972 ὅμως
3207 2895 3507 2973 δαρήσεται
3549 2904 3641 2951 καὶ
3690 2899 3853 2962 οὗτος,

2245 2986 2386 3042 διότι
2433 2987 2713 3060 δυνάμενος
2756 2998 2968 3062 γνῶναι,
3029 2990 3122 3042 οὐκ
3172 2992 3320 3060 ἔγνω,
3371 2989 3512 3047 πλὴν
3569 2989 3628 3041 οῦ
3677 2995 3856 3040 τοσοῦ-

2244 3099 2352 3135 τον,
2409 3081 2630 3139 Ἐκεῖνος
2683 3083 2770 3151 μὲν
2818 3082 2919 3154 γὰρ
2962 3085 3356 3152 κατεφρόνησεν·
3412 3079 3569 3141 οὗτος
3616 3075 3675 3131 δὲ
3719 3075 3858 3151 έῤῥᾳ·

465 3166 558 3222 hic
579 3181 714 3222 vero
764 3169 961 3237 segnis
1010 3168 1159 3224 fuit:
1218 3169 1455 3238 gravior
1506 3173 1704 3222 autem
1757 3172 1845 3222 est
1886 3167 2130 3236 segnitie

2248 3170 2469 3240 θύμησε.
2521 3167 2866 3242 Χαλεπωτέρα
2931 3165 2988 3220 δὲ
3042 3169 3306 3242 ῥᾳθυμίας
3358 3169 3387 3225 ἡ
3445 3172 3851 3242 καταφρόνησις.

465 3260 861 3328 contemptus.
898 3258 1201 3327 Signiﬁcat
1232 3264 1432 3313 autem
1459 3257 1722 3322 ﬁdelem,
1757 3257 2132 3326 ignorantem

467 3361 537 3401 ex
569 3347 806 3414 ignavia
865 3362 932 3402 ac
971 3348 1230 3406 ruditate
1290 3349 1386 3403 Dei
1434 3347 1824 3401 voluntatem.
1864 3346 2133 3400 [nﬁdeles

467 3436 646 3498 enim,
675 3451 796 3490 non
822 3453 891 3491 ex
926 3437 1173 3506 segnitie
1206 3439 1302 3492 Dei
1334 3436 1700 3491 voluntatem
1724 3435 2131 3504 ignorant,sed

462 3524 798 3580 voluntario
826 3541 1020 3580 errore
1052 3541 1121 3581 ac
1149 3525 1505 3580 immutabili
1530 3526 1840 3596 pravitate.

537 3615 698 3670 Vers.
740 3618 828 3669 48.
863 3615 1037 3670 Omni
1080 3622 1272 3674 autem
1314 3646 1381 3655 —
1438 3620 1753 3686 quaeretur.
1814 3615 1882 3668 Et
1906 3613 2021 3668 hoc
2053 3613 2128 3668 de

467 3703 810 3778 pastoribus
840 3704 1064 3760 dictum
1094 3710 1182 3760 est
1209 3723 1226 3771 ;
1256 3705 1345 3760 his
1368 3707 1527 3760 enim
1557 3719 1779 3773 magna
1811 3702 2005 3771 gratia
2044 3704 2132 3757 in-

468 3793 737 3851 tellectus
768 3793 986 3848 divina;
1012 3793 1329 3850 voluntatis
1357 3794 1495 3849 data
1535 3799 1646 3857 est,
1684 3793 1756 3847 ad
1793 3808 2002 3847 eorum
2026 3792 2131 3863 qui

469 3889 815 3956 pascuntur,
849 3883 1157 3939 utilitatem
1184 3901 1197 3950 ;
1224 3885 1360 3939 ideo
1385 3885 1585 3947 etiam,
1618 3889 1911 3954 tanquam
1933 3881 2010 3937 ab
2041 3882 2134 3936 his

468 3975 573 4044 qui
609 3973 795 4028 multa
817 3979 1170 4044 acceperunt
1203 3973 1438 4039 talenta,
1486 3971 1742 4028 multum
1775 3971 1921 4026 lucri
1947 3971 2022 4026 ab
2051 3971 2134 4026 eis

469 4068 786 4134 quteretur.
830 4064 999 4128 Quod
1039 4070 1237 4119 autem
1262 4063 1610 4135 pastoribus
1648 4061 1789 4117 data
1817 4061 1890 4116 sit
1923 4062 2132 4130 gratia,

469 4152 648 4207 etiam
683 4152 902 4208 Paulus
924 4152 1086 4219 dicit,
1115 4153 1380 4209 scribens
1412 4151 1488 4206 ad
1528 4151 1902 4206 Timotheum
1938 4165 1950 4203 :
1994 4150 2138 4206 Noli

469 4243 770 4313 negligere
801 4243 1058 4313 gratiam
1080 4258 1215 4310 quae
1240 4242 1303 4297 in
1357 4249 1411 4297 te
1441 4249 1544 4306 est,
1601 4257 1726 4312 quae
1754 4240 1860 4296 tibi
1894 4241 2037 4296 data
2059 4248 2136 4296 est

470 4348 594 4389 cum
643 4332 1020 4401 impositione
1048 4348 1336 4388 manuum
1365 4331 1714 4403 presbyterii
1741 4333 1809 4386 ⁸⁸.

541 4423 698 4478 Vers.
759 4425 848 4476 48.
904 4423 1137 4478 Et—eo.
1199 4420 1564 4492 Exemplaris
1610 4421 1853 4492 quidem
1892 4436 2133 4487 sermo;

471 4517 562 4567 est
600 4515 796 4567 autem
850 4516 905 4566 et
952 4510 1049 4566 hic
1105 4512 1179 4566 de
1225 4511 1472 4566 eisdem.
1537 4512 1638 4566 Cui
1685 4511 1843 4566 enim
1885 4510 2139 4565 multam

473 4615 774 4655 summam
802 4600 878 4655 ad
900 4600 1360 4668 negotiationem
1387 4601 1982 4662 commendaverunt,
2007 4598 2140 4671 plus

471 4689 619 4745 lucri
642 4705 714 4744 ex
744 4689 1146 4758 negotiatione
1179 4693 1376 4761 petent
1419 4691 1497 4746 ab
1524 4706 1615 4745 eo.
1653 4691 1738 4744 Ita
1761 4694 1817 4745 et
1852 4688 2136 4744 Christus:

472 4779 566 4835 cui
589 4777 842 4834 multum
868 4779 1069 4849 gratim
1114 4777 1714 4850 commendavit,plus
1762 4781 1922 4849 petet
1937 4777 2014 4833 ab
2043 4793 2136 4833 eo.

474 4869 535 4924 Ei
585 4867 745 4923 enim
775 4868 1118 4924 concredita
1147 4876 1232 4924 est
1282 4884 1397 4925 non
1445 4868 1640 4924 solum
1691 4867 1935 4940 propria
1978 4868 2140 4924 salus

473 4974 679 5016 verum
700 4958 881 5015 etiam
907 4958 1140 5031 populi.

489 5060 496 5074 '
543 5048 709 5106 Vers.
770 5051 860 5104 49.
895 5049 1090 5119 Ignem
1125 5077 1196 5089 —
1244 5056 1486 5104 terram.
1540 5050 1743 5116 Ignem
1781 5062 1944 5103 nunc
1982 5045 2133 5115 dicit,

474 5137 653 5194 ﬁdem
701 5153 769 5193 ac
797 5137 885 5192 sui
928 5137 1327 5201 dilectionem,
1368 5135 1792 5192 demonstrans
1824 5136 2140 5192 vehemen-

545 5267 589 5299 ⁹⁷
624 5263 827 5319 Matth.
864 5279 1024 5331 xxxv,
1057 5265 1146 5317 45.
1226 5262 1273 5296 9°
1306 5261 1355 5315 Ι.
1387 5261 1540 5316 Tim.
1577 5276 1652 5327 ιν,
1691 5262 1772 5316 l4.

2244 3259 2398 3315 Δηλοῑ
2441 3255 2500 3309 δὲ
2554 3262 2638 3309 τὸν
2691 3262 2899 3323 πιστόν,
2950 3261 3035 3309 τόν
3086 3256 3372 3328 ἀγνοοῦντα
3419 3261 3482 3309 τό
3526 3258 3725 3328 θέλημα
3767 3262 3854 3306 τοῦ

2244 3355 2396 3409 Θεοῦ,
2438 3344 2531 3398 διὰ
2576 3346 2820 3418 ἀμαθίαν.
2857 3349 2923 3399 Οἱ
2964 3350 3063 3422 γὰρ
3096 3349 3313 3400 ἄπιστοι
3357 3346 3453 3398 οὐκ
3505 3345 3559 3399 ἐκ
3601 3347 3855 3421 ῥᾳθυμίας

2242 3437 2490 3508 ἀγνοόῦσι
2550 3441 2605 3487 τό
2655 3437 2852 3509 θέλημα
2905 3445 2996 3489 τοῦ
3059 3444 3214 3501 Θεοῦ,
3274 3435 3381 3487 ἀλλ’
3431 3435 3488 3499 ἐξ
3547 3438 3852 3509 αὐθαιρέτου

2242 3526 2437 3588 πλάνης
2468 3531 2557 3578 καὶ
2591 3525 2980 3598 ἀμεταμελὴτου
3007 3531 3216 3587 κακίας.

2315 3619 2476 3666 Παντὶ
2528 3611 2586 3666 δὲ
2641 3645 2708 3654 -
2760 3615 3121 3674 ζητηθήσεται
3175 3615 3308 3684 (23).
3382 3621 3483 3668 Καὶ
3536 3623 3689 3667 τοῦτο
3738 3617 3852 3688 περὶ

2243 3713 2339 3754 τῶν
2394 3708 2792 3775 ποιμαινόντων.
2849 3707 3061 3765 Τούτοις
3117 3707 3218 3778 γὰρ
3277 3701 3494 3758 δίδοται
3553 3705 3683 3757 πολὺ
3745 3703 3851 3774 χά-

2241 3812 2409 3865 ρισμα
2441 3797 2696 3854 συνέσεως
2738 3801 2828 3844 τοῦ
2882 3792 3167 3864 θελήματος
3211 3801 3301 3845 τοῦ
3349 3802 3506 3860 Θεοῦ,
3559 3798 3688 3866 πρὸς
3732 3793 3852 3864 ὠφέ-

3424 3886 3490 3945 ὼς
3537 3883 3700 3937 πολλὰ
3768 3882 3852 3934 τά-

2243 3972 2399 4024 λαντα
2463 3971 2720 4037 λαϐόντες,
2781 3972 2942 4024 πολλὰ
3012 3969 3174 4046 κέρδη
3243 3970 3713 4033 ἁπαιτηθήσονταιο
3775 3972 3850 4021 ὅτι

2241 3882 2378 3934 λειαν
2433 3891 2532 3935 τῶν
2580 3887 3009 3954 ποιμαινομένων.
3079 3887 3167 3935 Διό
3233 3889 3345 3950 καὶ,

2247 4058 2303 4113 δὲ
2357 4063 2606 4134 χάρισμα
2664 4057 2878 4113 δίδοται
2936 4069 3043 4123 τοῖς
3098 4066 3456 4134 ποιμαίνουσι,
3511 4068 3644 4136 φησὶ
3694 4063 3777 4111 καὶ
3827 4058 3849 4108 6

2247 4152 2467 4211 Παῦλος,
2506 4153 2717 4224 γράφων
2749 4155 2879 4223 πρός
2906 4153 3176 4223 Τιμόθεον
3220 4156 3305 4210 Μὴ
3346 4151 3521 4223 ἀμέλει
3560 4159 3653 4204 τοῦ
3688 4150 3738 4202 ἐν
3772 4151 3848 4200 σοὶ

2246 4246 2602 4314 χαρίσματος,
2637 4241 2660 4292 ὃ
2692 4237 2849 4298 ἐδόθη
2900 4260 2983 4292 σοι
3023 4243 3152 4312 μετὰ
3194 4239 3468 4304 ἐπιθέσεως
3519 4251 3618 4294 τῶν
3661 4246 3849 4311 χειρῶν

2247 4339 2338 4382 τοῦ
2365 4329 2760 4404 πρεσϐυτερίου.

2324 4424 2420 4472 Καὶ
2452 4449 2514 4460 --
2560 4419 2736 4476 αὐτόν,
2771 4415 3260 4491 Παραδειγματικός
3313 4422 3402 4491 μεν
3447 4421 3471 4472 6
3517 4421 3688 4492 λόγος,
3743 4420 3849 4469 ἔστι

2251 4505 2428 4561 δὲκαὶ
2459 4509 2605 4570 οὗτος
2644 4513 2761 4580 περὶ
2800 4517 2899 4560 τῶν
2937 4511 3202 4563 τοιούτων.
3255 4507 3454 4583 ’Ὠσπερ
3487 4514 3610 4582 γὰρ,
3725 4524 3852 4576 παρ’

2250 4600 2417 4650 έθεντό
2491 4617 2623 4659 τινες
2695 4597 2823 4649 πολὺ
2879 4598 3152 4668 κεφάλαιον
3216 4597 3287 4659 εἰς
3345 4597 3618 4672 ἐμπορίαν,
3678 4613 3846 4668 περισ-

2253 4691 2459 4763 σότερον
2490 4687 2878 4745 ἀπαιτήσουσιν
2909 4686 3084 4747 αὐτὸν,
3117 4684 3208 4739 διὰ
3228 4687 3356 4750 τὸέξ
3385 4687 3634 4761 ἐμπορίας
3652 4682 3846 4757 κέρδος·

2249 4779 2383 4830 οὕτω
2408 4778 2498 4830 καὶ
2536 4779 2561 4829 6
2593 4781 2744 4846 Θεὸς,
2847 4777 3093 4851 παρέθετο
3120 4775 3250 4828 πολὺ
3295 4778 3564 4850 χάρισμα,
3610 4775 3850 4848 περισσό-

2248 4886 2390 4940 τερον
2435 4865 2716 4925 ἀπαιτήσει
2766 4866 2944 4923 αὐτόν.
2993 4873 3261 4939 Χρεωστεῐ
3302 4869 3426 4940 γὰρ,
3479 4867 3537 4920 οὐ
3579 4871 3728 4941 μόνον
3760 4865 3848 4918 τὴν

2250 4957 2434 5010 ἑαυτοῦ
2472 4960 2755 5031 σωτηρίαν,
2783 4954 2911 5008 ἀλλὰ
2939 4960 3028 5008 καὶ
3057 4959 3151 5013 τὴν
3173 4962 3265 5007 τοῦ
3291 4955 3438 5010 λαοῦ.

2321 5054 2429 5120 Πῦρ
2470 5078 2537 5086 -
2581 5053 2702 5117 γῆν.
2759 5051 2870 5108 Πῦρ
2927 5045 3062 5116 λέγει
3117 5051 3205 5096 νῦν
3259 5048 3354 5103 τὴν
3407 5045 3480 5107 εἰς
3515 5045 3668 5098 αὐτὸν
3727 5039 3850 5112 ἁγάο

2246 5157 2348 5195 πην
2400 5141 2490 5188 καὶ
2556 5140 2752 5201 πίστιν,
2802 5134 3060 5208 ἐμφαίνων
3119 5138 3177 5186 τὸ
3248 5131 3476 5209 σφοδρὸν
3545 5135 3708 5193 αὐτῆς
3763 5131 3847 5180 καὶ

1693 5437 1909 5506 Variae
1941 5437 2267 5506 lectiones
2299 5449 2357 5505 et
2396 5448 2598 5506 notae.

546 5637 660 5705 (21)
710 5629 1122 5705 Οικοδεσπότην,
1153 5636 1215 5688 Β.

547 5707 661 5777 (22)
707 5704 873 5763 Οὗτος
899 5707 923 5755 6
953 5704 1125 5776 λόγος,
1163 5707 1230 5764 Β.

2329 5635 2443 5707 (23)
2485 5634 2805 5707 Hentenius
2853 5632 2948 5688 hic
2983 5630 3231 5707 addidit,
3264 5631 3339 5690 ab
3377 5647 3460 5689 eo.
3497 5628 3610 5688 Sed
3647 5623 3846 5682 neuter

2256 5703 2531 5763 meorum
2561 5705 2851 5776 agnoscit,
2881 5704 3004 5778 παρ’
3031 5703 3209 5759 αὐτοῦ.
