4128 6388
223 349 326 408 993
1280 338 1659 398 COMMENT.
1709 337 1776 392 1N
1821 333 2084 392 LUCAM.
2131 368 2186 376 ο-
2235 339 2395 394 CAP.
2448 341 2568 396 xu.
3499 342 3597 398 θοι

227 475 568 552 δραστήριον,
649 469 709 529 ἣν
778 473 828 522 ὲν
903 476 977 538 τῷ
1055 465 1494 538 ἐννεακαιδεκάτῳ
1569 462 1827 536 κεφαλαίῳ

1973 476 2079 516 lam
2101 477 2168 516 ac
2191 460 2379 533 ipsius
2410 463 2763 530 efﬁcaciam,
2779 481 2962 538 quam
2975 465 3210 522 decimo
3230 482 3391 522 nono
3409 469 3603 538 capite

224 573 312 618 τοῦ
356 566 492 616 κατὰ
543 563 809 616 Ματθαῐον
862 559 1138 632 μάχαιραν
1186 557 1439 630 ὠνόμασε,
1467 560 1556 607 καὶ
1597 554 1828 614 ζήτησον

1968 552 2244 622 :vaugelii
2257 554 2526 610 secundu
2537 571 2595 610 m
2609 555 2951 612 Matthaeum
2963 555 3284 628 appellavit
3297 555 3568 626 gladium
3586 571 3598 611 :

227 659 327 708 ἐκεῖ
384 659 476 712 τὴν
535 650 784 721 ἐξήγησιν
859 655 969 699 τουο
1037 651 1121 704 Μὴ
1187 652 1455 718 νομίσητε,
1529 646 1608 696 ὅτι
1678 642 1832 700 ἦλθον

1971 641 2024 696 bi
2043 656 2184 712 ergo
2213 659 2414 715 quaere
2431 644 2568 701 dicti
2584 645 2739 701 illius
2759 646 3202 702 enarrationem
3225 665 3238 706 :
3272 647 3352 703 Ne
3366 646 3601 718 putetis,

228 743 403 819 βαλεῖν
465 743 669 816 εἰρήνην
694 739 778 792 ἐπὶ
806 742 899 795 τὴν
927 745 1048 809 γῆν.
1079 736 1186 788 Οὐκ
1216 733 1367 793 ἦλθον
1401 733 1576 807 βαλεῖν
1605 736 1832 804 εἰρήνην,

1977 730 2094 786 uad
2126 734 2378 788 venerim
2407 749 2613 803 pacem
2641 735 2927 792 missurus
2963 735 3028 792 in
3059 742 3318 802 terram;
3341 751 3456 792 non
3478 735 3607 792 veni

228 833 353 885 ἀλλα
373 835 668 904 μάχαιραν.

1941 835 2149 890 pacem
2175 821 2485 889 missuras,
2527 825 2629 880 sed
2657 826 2922 895 gladium
2951 829 3019 882 9°.

303 929 403 976 Καὶ
445 953 508 961 -
551 921 794 992 ανηφθη;
829 922 926 971 Καὶ
973 923 1024 968 τί
1074 915 1241 968 πλεῖον
1276 915 1422 980 θέλω,
1470 912 1550 964 ἐὰν
1591 911 1831 982 aenean;

2018 909 2177 966 Vers.
2231 915 2319 967 49.
2355 913 2427 968 Et
2457 944 2526 954 —
2554 930 2832 972 accensus
2876 921 2954 972 est
2983 917 3011 971 ?
3056 918 3123 971 Et
3161 915 3309 987 quid
3346 915 3605 987 amplius

229 1018 291 1065 Τί
347 1011 518 1064 πλεῖον
566 1009 796 1081 ἀναμένω
855 1006 902 1059 ἐν
959 1015 1032 1076 τῷ
1063 1013 1280 1078 κοσμῳ;
1315 1011 1494 1057 Ταῦτα
1549 999 1609 1054 δε
1655 1001 1835 1072 λέγων,

1976 997 2136 1054 'olo?
2177 999 2234 1055 Si
2282 1002 2463 1058 etiam
2533 1019 2824 1060 accensus
2881 1013 2988 1075 est,
3035 1005 3185 1078 quid
3235 1005 3494 1077 amplius
3544 1004 3606 1060 in

231 1098 440 1165 ἐδήλου,
526 1102 606 1152 ὅτι
685 1093 791 1156 ἤδη
845 1095 1046 1162 ἀνήφθη
1113 1094 1160 1146 ἐν
1231 1101 1339 1154 τοῖς
1405 1096 1679 1164 μαθηταῖς,
1748 1095 1836 1140 καὶ

1973 1089 2172 1144 nundo
2198 1097 2474 1164 exspecto
2505 1095 2533 1150 7
2556 1093 2694 1151 Haec
2717 1099 2922 1151 autem
2961 1095 3164 1152 dicens
3207 1095 3603 1166 signiﬁcabat,

230 1190 448 1263 ἀναφθὲν
503 1189 596 1241 οὐκ
642 1191 714 1240 ἔτι
764 1185 1136 1249 σϐεσθήσεται,
1193 1183 1321 1235 ἀλλὰ
1361 1189 1530 1234 πᾶσαν
1569 1177 1833 1252 ἐπιδράμῃ

1978 1177 2110 1247 ςιιοιὶ
2147 1179 2209 1234 in
2247 1180 2554 1253 discipulis
2580 1183 2707 1254 jam
2737 1200 3028 1240 accensus
3059 1192 3203 1254 erat,
3239 1192 3296 1242 et
3319 1200 3608 1242 accensus

231 1281 343 1350 (24)
365 1284 458 1337 την
489 1278 803 1349 οἰκουμένην,
838 1281 925 1327 καὶ
957 1277 1036 1326 ὅτι
1065 1273 1242 1325 λοιπὸν
1289 1271 1447 1332 αὐτὸς
1490 1268 1835 1342 μεταϐήσεται

1977 1266 2156 1323 leince
2162 1284 2232 1340 ps
2256 1285 2374 1326 non
2389 1272 2883 1342 exstingueretur,
2900 1274 3006 1329 sed
3021 1275 3232 1331 orbem
3247 1276 3607 1347 percurreret

235 1367 336 1420 ἀπὸ
367 1376 460 1430 τῆς
500 1367 720 1419 ἐνταῦθα
752 1367 909 1426 ζωῆς.

1979 1353 2285 1409 lniversum
2316 1397 2331 1422 ,
2356 1371 2702 1430 quanquam
2730 1358 2794 1430 (j)
2811 1360 2943 1431 jam
2966 1360 3089 1432 ipse
3125 1377 3160 1414 a
3181 1359 3463 1433 praesenti
3492 1358 3609 1414 vita

1951 1444 2248 1502 transiret.

304 1550 588 1617 Βάπτισμα
648 1575 706 1584 -
783 1541 1176 1615 βαπτισθῆναι.
1265 1545 1629 1613 Φανερωτερον
1704 1557 1840 1610 προα

2020 1531 2184 1589 Vers.
2239 1539 2323 1591 50.
2377 1537 2739 1606 Baptismate
2778 1570 2844 1578 -—
2878 1539 3192 1609 baptizari.
3245 1537 3608 1595 Manifestius

228 1639 433 1709 γορεύει
471 1638 708 1706 περὶτοῦ
761 1633 981 1684 θανάτου
1014 1631 1194 1695 αὐτοῦ,
1217 1631 1294 1681 ὅτι
1351 1631 1629 1700 Βάπτισμα
1673 1627 1838 1698 μεΑλω

1975 1622 2216 1678 medicit
2259 1627 2332 1680 de
2381 1633 2571 1682 morte
2624 1644 2752 1684 sua.
2805 1628 3157 1699 Baptismate
3208 1627 3605 1700 baptizandus

231 1724 618 1799 βαπτισθῆναι,
665 1727 721 1774 τό
775 1717 847 1772 δι’
895 1721 1132 1792 αἵματος
1174 1718 1457 1790 βάπτισμα
1498 1723 1589 1775 τὴν
1634 1721 1836 1788 σφαγὴν

1988 1726 2109 1776 um,
2143 1714 2308 1784 quod
2339 1720 2430 1770 est
2457 1731 2556 1786 per
2584 1719 2938 1786 sanguinem
2970 1734 2982 1773 :
3007 1718 3324 1790 baptisma,
3351 1717 3500 1772 dixit
3519 1715 3609 1772 sui

233 1815 396 1867 αὐτοῦ
429 1813 672 1878 καλέσας,
714 1815 781 1873 ως
820 1812 1104 1882 καθάρσιον
1135 1811 1303 1880 ἡμων,

1869 1812 1912 1870 Β
1950 1801 2326 1870 occisionem,
2366 1811 2656 1878 tanquam
2708 1807 2894 1862 nostri
2927 1808 3428 1880 puriﬁcationem.

312 1909 412 1957 Καὶ
463 1911 568 1962 πῶς
617 1933 685 1941 —
721 1901 957 1972 τελεσθῇ.
996 1905 1094 1952 Καὶ
1143 1902 1333 1950 ὡσανεὶ
1366 1897 1585 1968 ἀγωνιῶ,
1623 1893 1716 1949 διὰ
1745 1901 1837 1954 τὴν

2033 1897 2196 1952 Vers.
2229 1895 2312 1950 50.
2342 1895 2417 1950 Et
2447 1896 2875 1967 quodammodo
2903 1898 2984 1968 (lc)
3019 1927 3085 1937 —
3129 1897 3510 1967 perﬁciatur.
3547 1897 3611 1951 Et

233 1990 574 2068 βραδύτητα.
607 1992 840 2061 Ἐνέφηνε
871 1985 946 2058 δὲ,
982 1991 1061 2040 ὃτι
1110 1987 1365 2059 ἐπείγεται
1416 1996 1680 2060 σφαγῆναι
1711 1988 1836 2058 ὑπὲρ

1988 1987 2128 2043 etuti
2178 1986 2391 2042 anxius
2446 2002 2585 2041 sum
2638 1992 2879 2058 propter
2933 1986 3291 2053 tarditatem,
3347 1984 3612 2043 Ostendit

231 2087 404 2156 ἡμῶν,
445 2086 535 2134 καὶ
565 2080 811 2140 ἑκουσίως
842 2075 1155 2131 ἐπιδίδωσιν
1188 2077 1394 2134 ἑαυτὸν,

1982 2082 2168 2144 .utem,
2196 2075 2363 2148 quod
2393 2076 2698 2132 festinaret
2734 2076 2888 2134 mori
2924 2093 3033 2148 pro
3072 2076 3268 2143 nobis,
3322 2081 3375 2132 et
3405 2075 3612 2132 volun-

1949 2165 2092 2222 tarie
2122 2165 2389 2237 seipsum
2415 2164 2690 2222 traderet.

311 2267 514 2314 Δοκεῖτε
575 2290 645 2299 —
695 2255 1064 2332 διαμερισμόν.
1135 2259 1315 2318 Καθὼς
1382 2257 1656 2330 εἰρήκαμεν
1715 2254 1839 2306 ἀνω-

2022 2257 2177 2311 Vers.
2202 2256 2292 2311 51.
2325 2255 2556 2311 Putatis
2580 2287 2642 2296 -—
2677 2258 3131 2326 separationem.
3174 2258 3401 2323 Quaere,
3432 2254 3612 2311 veluti

234 2356 390 2426 τέρω,
448 2351 678 2411 ζήτησον
735 2348 782 2400 ἐν
833 2356 904 2418 τῷ
959 2345 1392 2417 ἐννεακαιδεκάτῳ
1437 2346 1694 2418 κεφαλαίῳ
1750 2354 1840 2397 τοῦ

1985 2345 2224 2417 uperius
2270 2344 2554 2411 diximus,
2587 2345 2823 2400 decimo
2854 2361 3013 2400 nono
3063 2345 3258 2416 capite
3309 2343 3615 2414 Evangelii

229 2445 372 2494 κατὰ
425 2441 691 2492 Πατθαῖον
751 2443 844 2496 τὴν
903 2436 1152 2508 ἐξήγησιν
1183 2445 1294 2490 τοῦ.
1339 2441 1423 2494 Μὴ
1462 2441 1731 2507 νομίσητε,
1763 2437 1842 2486 ὅτι

1981 2435 2284 2491 ecundum
2337 2436 2670 2490 Matthaaum
2727 2435 2869 2491 dicti
2915 2436 3074 2490 illius
3125 2436 3609 2492 enarrationem:

230 2529 394 2590 ἦλθον
436 2529 612 2602 βαλεῖν
667 2532 873 2602 εἰρήνην
924 2525 1006 2578 ἐπὶ
1049 2531 1142 2584 τὴν
1190 2534 1309 2596 γῆν.
1344 2525 1452 2577 Οὐκ
1484 2523 1637 2583 ἦλθον
1666 2522 1842 2596 βαλεῖν

1984 2524 2038 2582 ie
2052 2526 2288 2594 putetis,
2309 2525 2466 2596 quod
2482 2525 2735 2580 venerim
2747 2539 2953 2593 pacem
2971 2525 3255 2580 missurus
3272 2526 3331 2580 in
3351 2530 3574 2581 terram
3599 2539 3614 2581 :

231 2621 467 2694 εἰρήνην,
511 2617 638 2670 ἀλλα
663 2620 958 2690 μάχαιραν.

1951 2631 2067 2670 non
2093 2614 2227 2670 veni
2246 2629 2454 2682 pacem
2485 2614 2783 2684 missurus,
2811 2615 2910 2670 sed
2928 2615 3216 2684 gladium.

305 2710 562 2763 Ἔσονται
603 2739 667 2747 ——
721 2711 885 2778 τρισί.
931 2707 1107 2760 Ταῦτα
1159 2709 1252 2762 τὴν
1296 2704 1412 2755 καθ’
1462 2703 1694 2776 ἱστορίαν
1735 2704 1842 2764 ἐξὴ·

2022 2705 2183 2759 Vers.
2239 2707 2326 2758 52.
2389 2703 2582 2758 Erunt
2613 2733 2684 2744 —
2713 2711 2852 2759 tres.
2910 2704 3047 2759 Haec
3084 2705 3258 2776 juxta
3305 2703 3617 2761 historiam

229 2819 397 2872 γησιν
452 2798 543 2850 οὐκ
590 2793 941 2868 ἐπιδεχόμενοι
995 2795 1129 2866 (25),
1183 2797 1318 2844 κατὰ
1371 2792 1644 2864 ἀναγωγὴν
1693 2799 1844 2864 μόνον

1991 2793 2332 2848 narratione
2358 2808 2481 2848 non
2503 2799 2696 2862 egent,
2731 2794 2836 2849 sed
2861 2799 3093 2850 tantum
3117 2793 3454 2850 secundum
3477 2809 3619 2850 ana-

232 2891 593 2964 ἐρμηνευτέον.
641 2885 795 2938 ’Ἐστι
843 2887 944 2959 γὰρ
995 2882 1131 2944 οἶκος
1156 2888 1245 2956 μὲν
1295 2885 1384 2946 εἷς,
1423 2885 1451 2941 η
1513 2893 1604 2934 του
1655 2891 1844 2934 πιστοῦ

1991 2898 2147 2954 οεοη
2161 2881 2607 2952 interpretanda
2625 2887 2785 2937 sunt.
2818 2884 2944 2938 Una
2965 2884 3126 2938 enim
3145 2884 3389 2953 domus,
3414 2883 3621 2938 anima

230 2981 419 3052 ψυχή’
491 2982 636 3030 πέντε
685 2973 764 3042 δὲ,
827 2979 882 3028 αἰ
935 2974 982 3026 ἐν
1005 2975 1136 3048 αὐτῇ
1202 2979 1347 3027 πέντε
1405 2971 1673 3046 δυνάμεις,
1707 2984 1844 3038 νους,

1992 2977 2042 3028 st
2082 2972 2188 3026 viri
2225 2970 2421 3026 ﬁdelis
2453 2987 2466 3026 :
2499 2971 2768 3043 quinque
2799 2987 2956 3037 vero,
3007 2978 3146 3028 sunt
3187 2973 3456 3046 quinque
3495 2971 3622 3043 ejus

233 3069 473 3133 διάνοια,
518 3065 667 3133 δόξα,
719 3070 1002 3137 φαντασία,
1053 3070 1142 3116 καὶ
1201 3063 1468 3128 αἴσθησις,
1511 3073 1696 3124 αἰτινες
1747 3069 1846 3139 πρό

1997 3061 2231 3116 οιοηιὶω
2260 3078 2272 3116 :
2303 3065 2450 3132 puta
2479 3075 2674 3128 mens,
2721 3059 3124 3130 intelligentia,
3160 3061 3386 3133 opinio,
3429 3061 3625 3133 phan-

236 3165 331 3233 μεν
378 3167 468 3210 τοῦ
500 3157 655 3228 λόγου
689 3164 783 3216 τῆς
827 3160 1054 3216 πίστεως
1102 3157 1314 3217 ἦνωντο,
1362 3159 1650 3218 τουτέστιν,
1717 3157 1848 3226 ὡμο-

1992 3151 2138 3219 asia,
2165 3155 2220 3206 et
2250 3167 2464 3206 sensus
2492 3167 2506 3206 :
2535 3166 2671 3222 quin
2701 3155 2838 3207 ante
2873 3150 3013 3206 ﬁdei
3054 3167 3396 3208 sermonem
3445 3151 3622 3207 unite

233 3255 438 3321 φώνουν
497 3246 569 3309 εἰς
609 3241 932 3318 φιληδονίαν⁸
975 3248 1105 3316 μετὰ
1151 3242 1208 3296 δε
1263 3247 1319 3295 τό
1369 3241 1703 3316 ἐπιδημῆσαι
1732 3253 1853 3302 τους

1996 3249 2148 3308 rant,
2181 3241 2293 3297 hoc
2323 3246 2429 3306 est,
2479 3241 2540 3297 in
2595 3240 2968 3312 voluptatum
3021 3257 3228 3297 amore
3279 3243 3621 3296 concordes.

231 3359 322 3391 τον
401 3337 606 3400 αὐταῖς,
673 3333 1206 3407 διαμερισθήσονται⁶
1294 3335 1348 3384 αἱ
1414 3341 1546 3405 τρεῖς
1626 3336 1715 3405 μὲν
1797 3337 1851 3386 αἱ

1995 3335 2291 3403 'ostquam
2317 3336 2518 3386 autem
2536 3329 2612 3385 ad
2639 3345 2740 3386 eas
2771 3345 2968 3386 sermo
2989 3329 3086 3385 ille
3109 3329 3396 3402 pervenit,
3417 3329 3625 3385 divisse

233 3427 469 3500 λογικαὶ,
506 3428 531 3478 ό
570 3434 709 3491 νοῦς,
740 3429 830 3477 καὶ
863 3426 891 3481 ἡ
942 3421 1170 3490 διάνοια,
1209 3429 1299 3475 καὶ
1337 3425 1366 3480 ἡ
1412 3419 1560 3486 δόξα,
1590 3428 1722 3476 κατὰ
1750 3434 1848 3476 τῶν

1995 3425 2099 3476 unt
2125 3427 2240 3476 tres
2264 3419 2605 3484 rationales,
2638 3435 2824 3486 mens,
2857 3419 3240 3489 intelligentia
3271 3425 3328 3476 et
3364 3418 3572 3491 opinio
3607 3434 3621 3484 ;

234 3513 338 3570 δύο
394 3515 612 3587 ἀλόγων,
658 3521 754 3575 τῆς
792 3532 845 3565 τε
900 3517 1187 3584 φαντασίας
1242 3517 1332 3564 καὶ
1379 3522 1474 3575 τῆς
1529 3513 1843 3576 αἰσθήσεως,

1999 3511 2252 3566 dversus
2301 3510 2454 3565 duas
2495 3508 2889 3574 irrationales,
2911 3516 3077 3582 puta,
3111 3509 3514 3582 phantasiam,
3569 3515 3626 3564 et

233 3613 308 3679 μὴ
369 3612 742 3678 συμφωνοῦσαι
794 3606 1014 3663 ταύταις
1060 3603 1127 3662 εἰς
1176 3601 1473 3675 ἐμπάθειανο
1528 3603 1582 3655 αἰ
1634 3601 1730 3656 δύο
1790 3601 1848 3656 δε

1991 3617 2225 3666 ensum,
2258 3617 2380 3656 non
2421 3600 2750 3656 concordes
2780 3617 2918 3655 cum
2966 3600 3114 3672 ipsis
3147 3603 3209 3655 in
3254 3599 3572 3656 affectione
3608 3616 3621 3656 :

233 3697 401 3748 αὗται
459 3695 656 3766 ἄλογοι,
689 3696 825 3745 κατὰ
865 3702 962 3744 τῶν
1015 3702 1167 3765 τριῶν
1213 3692 1412 3744 ἐκείνων
1457 3702 1556 3744 τῶν
1603 3693 1843 3765 λογικῶν,

1996 3708 2051 3748 ω
2091 3707 2229 3747 vero
2267 3689 2639 3746 irrationales
2675 3696 2882 3745 contra
2931 3696 3048 3745 tres
3099 3689 3418 3761 praedictas
3449 3690 3626 3745 ratio-

228 3792 304 3860 μη
345 3781 676 3856 συνᾴδουσαι
724 3783 932 3844 ἐκείνοις
977 3783 1049 3843 εἰς
1089 3781 1360 3848 ἀπάθειαν,
1393 3784 1484 3843 ἕως
1516 3783 1575 3836 ἂν
1635 3787 1659 3836 ό
1698 3785 1848 3856 λόγος

2002 3781 2146 3848 ales,
2181 3796 2300 3837 non
2333 3796 2616 3837 consona:
2647 3796 2786 3836 cum
2815 3779 2896 3834 eis
2923 3779 2983 3834 in
3011 3779 3422 3836 immobilitate
3467 3778 3628 3834 circa

229 3880 430 3945 νικήσῃ
470 3879 552 3930 τὴν
585 3873 818 3943 ἀλογίαν.

1955 3869 2316 3935 affectiones,
2350 3869 2543 3925 donec
2571 3869 2722 3924 ratio
2751 3869 2952 3924 vincat
2980 3868 3521 3924 irrationalitatem.

312 3969 417 4018 Καὶ
472 3963 588 4014 καθ’
643 3963 810 4037 ἕτερον
869 3957 926 4013 δε
981 3965 1188 4034 τρόπον.
1225 3960 1461 4034 Ἐπείπερ
1507 3963 1532 4013 ό
1577 3964 1846 4026 ἄνθρωπος

2029 3963 2315 4014 Praeterea
2339 3965 2395 4014 et
2425 3958 2546 4013 alio
2586 3957 2790 4014 modo.
2824 3959 2970 4013 Cum
2991 3957 3176 4013 homo
3207 3957 3430 4014 habeat
3452 3956 3625 4028 quin-

232 4059 390 4106 πέντε
455 4057 544 4126 μὲν
604 4055 715 4124 ἔχει
776 4047 1022 4122 δυνάμεις
1074 4059 1162 4110 τῆς
1218 4050 1424 4122 ψυχῆς.
1477 4055 1565 4112 τὰς
1609 4073 1850 4128 προειρη-

2004 4065 2074 4104 ue
2115 4049 2326 4104 animae
2356 4047 2674 4119 potentias,
2716 4052 2773 4102 et
2803 4048 3066 4119 quinque
3100 4062 3312 4102 sensus
3338 4046 3633 4122 corporis,

234 4149 420 4216 μένας·
478 4147 624 4194 πέντε
685 4138 745 4194 δὲ
827 4140 1099 4200 αἰσθήσεις
1167 4147 1257 4192 του
1323 4148 1584 4212 σώματος,
1644 4145 1846 4215 ὅρασιν,

1997 4139 2176 4205 isum,
2226 4137 2516 4208 auditum,
2579 4137 2881 4202 olfactum,
2933 4141 3178 4207 gustum
3231 4141 3285 4191 et
3342 4140 3571 4192 tactum
3614 4153 3627 4191 :

236 4234 428 4289 ἀκοὴν·
489 4231 768 4304 ὄσφρησιν,
827 4239 1008 4300 γεῦσιν
1058 4234 1194 4299 (‘26),
1237 4235 1326 4281 καὶ
1379 4231 1532 4302 ἀφην-
1567 4229 1706 4294 οἶκος
1761 4237 1850 4303 μὲν

1991 4229 2180 4284 tomus
2205 4245 2339 4284 esse
2373 4232 2563 4300 potest
2601 4227 2728 4299 ipse
2776 4227 2977 4282 homo.
3012 4228 3196 4282 Erunt
3226 4231 3427 4281 autem
3459 4223 3521 4280 in
3550 4239 3621 4279 ea

235 4323 300 4375 ἂν
351 4325 426 4379 εἴη
489 4323 512 4373 ό
561 4323 850 4395 ἄνθρωπος·
899 4322 1104 4371 ἔσονται
1154 4315 1211 4370 δε
1251 4323 1396 4371 πέντε
1455 4319 1502 4371 ἐν
1554 4321 1694 4393 αὐτῷ
1729 4319 1853 4375 δια-

1974 4319 2229 4390 quinque
2277 4318 2471 4384 divisi,
2528 4317 2795 4373 videlicet
2852 4321 2968 4373 tres
3018 4314 3332 4371 rationales
3384 4313 3604 4368 animm

235 4415 643 4485 μεμερισμένοιι,
711 4413 889 4481 ἤγουν,
949 4411 1004 4460 αἰ
1069 4415 1201 4481 τρεῖς
1256 4411 1346 4481 μὲν
1403 4408 1610 4480 λογικαὶ
1695 4408 1852 4464 δυνά-

1999 4408 2266 4472 ιοῑθιιὶὶεο,
2317 4424 2503 4476 mens,
2555 4406 2943 4478 intelligentia
2986 4411 3043 4462 et
3071 4405 3298 4476 opinio,
3338 4403 3629 4460 adversus

238 4521 363 4574 μεις
407 4508 500 4561 τῆς
548 4499 756 4571 ψυχῆς,
789 4506 926 4557 νους,
985 4495 1189 4549 διάνοια
1222 4503 1312 4549 καὶ⁹
1370 4494 1518 4563 δόξα,
1573 4504 1709 4552 κατὰ
1755 4511 1852 4553 τῶν

2002 4499 2227 4571 eliquas
2256 4498 2428 4567 duas,
2478 4498 2858 4569 phantasiam
2906 4501 2962 4552 et
2993 4511 3284 4552 sensum:
3319 4495 3440 4551 duo
3490 4508 3632 4550 vero

240 4590 525 4643 ἐπιλοίπ.;ν
632 4587 767 4654 δύο,
853 4593 1136 4659 φαντασίας
1214 4592 1303 4639 καὶ
1398 4589 1712 4652 αἰσθήσεως⁸
1801 4594 1855 4644 αἰ

2012 4589 2255 4660 ι·ωοὶρυί
2280 4588 2546 4660 corporis
2587 4603 2814 4655 sensus,
2847 4585 3012 4643 visus
3041 4592 3098 4643 et
3126 4585 3387 4651 auditus,
3425 4588 3636 4640 contra

233 4675 343 4731 δύο
391 4674 450 4730 δε
491 4682 805 4750 τιμιώταται
851 4675 1123 4735 αἰσθήσεις
1189 4683 1277 4727 τοῦ
1341 4682 1604 4749 σώματος,
1677 4683 1857 4755 όρασις

2009 4679 2226 4750 aliquos
2259 4684 2396 4746 tres,
2443 4677 2750 4745 olfactum,
2791 4683 3021 4750 gustum
3067 4681 3124 4732 et
3162 4680 3382 4733 tactum
3415 4689 3432 4732 :
3465 4690 3639 4746 repu-

235 4768 336 4816 καὶ
401 4760 551 4828 ἀκοὴ,
599 4765 733 4814 κατὰ
775 4770 874 4814 τῶν
926 4761 1114 4813 λοιπῶν
1144 4770 1321 4834 τριῶν,
1363 4761 1691 4838 ὀσφρήσεως,
1735 4771 1861 4839 γεύ-

1651 4785 1691 4834 ς,
1735 4771 1861 4839 γεύ-
1973 4773 2223 4843 gnantes
2262 4768 2378 4826 illis
2409 4784 2480 4826 ac
2508 4768 2803 4842 subjicere
2829 4767 3281 4826 contendentes.

242 4872 381 4914 σεως
428 4857 519 4904 καὶ
561 4851 718 4926 ἁφῆς,
756 4848 1152 4926 διαμαχόμεναι
1199 4854 1417 4916 ταύταις
1473 4860 1561 4907 καὶ
1605 4855 1863 4922 ὑποτάξαι

242 4965 276 5020 φ
287 4943 662 5000 ιλονεικοῦσαι.

323 5099 375 5134 ’9
404 5095 613 5154 Matth.
643 5113 698 5166 ι,
753 5099 842 5152 34.

1483 5195 1705 5266 Variae
1747 5199 2071 5273 lectiones
2105 5214 2172 5273 et
2218 5215 2422 5275 notas.

322 5362 1060 5450 (ἓξζ).ῖὶοι“εεέῖτιδραμεῖτσξε-
1124 5440 1134 5450 .
1226 5436 1238 5449 .
1399 5353 1514 5450 ...
1647 5439 1661 5450 .
1751 5441 1760 5450 .
1975 5375 2748 5450 ἀπιδεάμενατῆςέξηγήσεωςο

320 5435 438 5512 (23)
463 5435 874 5512 Ἐπιδεχόμεθα,
899 5441 968 5495 Α.
995 5436 1318 5495 Hentenius
1358 5437 1594 5498 videtur
1645 5439 1866 5512 legisse

1189 5436 1318 5495 nius
1358 5437 1594 5498 videtur
1645 5439 1866 5512 legisse
2046 5435 2165 5523 (26f
2201 5435 2405 5516 Γεῡσιν,
2438 5435 2728 5525 ὅοᾷρησιν,
2760 5454 2819 5503 Β.

318 5617 398 5762 γ’)
420 5619 794 5691 Quanquam.
827 5617 1118 5746 Quodve
1143 5649 1216 5662 —
1243 5617 1540 5702 transibit.
1749 5599 1756 5606 ’

347 5690 412 5762 Ic)
432 5690 509 5748 Et
535 5690 978 5762 quodammodo.
1061 5689 1256 5747 idetur
1310 5706 1454 5762 ergo
1488 5708 1548 5747 in
1584 5697 1748 5748 textu
1785 5690 1868 5750 le-

2013 5633 2244 5762 ugject'a
2268 5627 2691 5703 interpretatio,
2731 5641 2877 5684 nam
2902 5626 3090 5678 ὡσανεὶ
3130 5637 3256 5682 non
3291 5627 3381 5680 est
3412 5626 3501 5674 καὶ
3535 5629 3643 5684 πῶς

2013 5721 2044 5762 Θ
2118 5723 2208 5757 και
2239 5723 2368 5762 πως.

347 5690 412 5780 ’9
432 5689 509 5748 Et
535 5689 981 5780 φάοάανεφρᾷρε
1004 5689 1256 5780 Yffi?!”
1287 5706 1454 5780 ergo
1488 5693 1548 5780 i9
1584 5690 1868 5780 ίςκιιμο-

737 5690 978 5780 ῃηιοάο.
1009 5689 1256 5780 deetur
1310 5706 1454 5763 ergo
1488 5693 1548 5780 in
1584 5690 1868 5780 textu'le-
1979 5689 2210 5762 magi
2239 5723 2367 5765 πως.

240 5761 433 5836 gisse,
461 5761 562 5818 καῖ
587 5782 714 5826 πως.
741 5761 909 5821 Hanc
935 5762 1248 5822 lectionem
1273 5761 1632 5838 comprobat
1695 5764 1869 5825 etiam
