4128 6380
501 337 606 395 995
1827 336 2174 396 EUTHYM"
2213 335 2542 396 ZIGABENI
3756 345 3853 406 996

573 470 615 535 -ι-
655 463 988 532 Quomodo,
1021 481 1148 522 cum
1203 467 1463 540 quinque
1515 469 1678 539 prius
1722 469 1949 532 dixerit,
2001 483 2162 524 nunc
2195 471 2240 519 A

504 569 608 610 sex
637 554 828 622 aﬂ’ert,
862 561 978 611 trcs
1009 557 1168 614 enim
1198 557 1471 615 binarios
1501 559 1745 614 adducit
1768 560 1939 616 ?Non
1954 559 2163 614 dividit

502 644 851 717 quinarium
881 645 939 700 in
976 647 1300 716 senarium,
1331 649 1428 715 qui
1464 665 1499 703 a
1525 648 1800 721 quinario
1816 648 2118 719 oriatur(l)
2150 670 2158 700 :

505 734 612 788 sed
657 735 975 805 mysticum
1027 736 1318 808 quiddam
1363 738 1607 793 denotat
1657 738 1752 792 ille
1801 739 2160 810 quinarius:

505 824 809 878 senarium
856 841 998 880 vero
1028 828 1278 881 assumit
1331 829 1584 898 exempli
1617 827 1835 898 gratia.
1876 827 2026 893 Quid
2075 834 2165 882 est

503 926 669 982 ergo,
713 914 876 984 quod
918 930 1022 985 per
1051 915 1396 985 quinarium
1447 917 1818 986 signiﬁcatur
1845 917 1874 972 ‘P
1909 918 2165 973 lrrecon-

501 1002 853 1066 ciliabilitas,
899 1003 1258 1077 hederisque
1290 1007 1553 1061 carentia
1593 1012 1724 1078 post
1754 1008 1960 1071 ﬁdem,
2014 1007 2167 1061 inter

502 1107 606 1147 eos
635 1093 734 1164 qui
771 1098 908 1148 ante
939 1102 1278 1166 susceptam
1316 1095 1497 1151 ﬁdem
1539 1095 1688 1152 uniti
1729 1103 1900 1152 erant
1946 1111 2160 1166 cogna-

503 1181 661 1236 tione
698 1187 756 1237 et
784 1183 1229 1253 conjunctione.

575 1269 735 1326 Sicut
804 1271 863 1326 in
921 1273 1281 1343 quibusdam
1358 1274 1649 1347 quinque,
1720 1281 1866 1348 puta
1927 1274 2166 1330 duobus

499 1358 838 1415 hominibus
877 1367 933 1416 et
964 1362 1151 1416 tribus
1198 1363 1399 1427 rebus,
1445 1371 1545 1419 aut
1595 1365 1835 1420 duabus
1881 1363 2063 1419 rebus
2113 1371 2167 1419 et

501 1450 691 1504 tribus
715 1450 1088 1519 hominibus,
1130 1451 1382 1507 difﬁcilis
1418 1455 1688 1525 quaedam
1717 1460 1806 1510 est
1844 1470 1915 1510 ac
1947 1454 2168 1526 impos-

501 1537 692 1593 sibilis
706 1539 1045 1595 conciliatio
1066 1558 1078 1592 :
1099 1556 1237 1596 cum
1251 1540 1368 1598 duo
1391 1543 1667 1600 homines
1684 1545 1758 1600 de
1779 1544 1966 1599 tribus
1986 1545 2168 1599 rebus

501 1627 874 1694 dissentiunt,
923 1637 1025 1685 aut
1053 1646 1083 1684 e
1124 1631 1422 1687 contrario
1455 1640 1568 1688 tres
1614 1633 1687 1688 dc
1719 1634 1958 1688 duabus
1993 1649 2005 1688 :
2041 1650 2169 1689 om-

502 1717 646 1772 nino
677 1719 834 1773 enim
868 1734 1106 1774 necesse
1132 1727 1237 1785 est,
1271 1727 1330 1776 ut
1365 1738 1486 1777 una
1518 1723 1694 1778 trium
1740 1723 1979 1778 duobus
2020 1723 2166 1779 divi-

2348 469 2483 539 [Πῶς
2542 468 2651 539 (27)
2722 471 2868 521 πέντε
2916 468 3093 533 εἰπὼν,
3151 467 3204 532 ἓξ
3256 469 3524 544 έπιφέρει;

2276 557 2454 627 ἐπάγει
2517 559 2794 628 συζυγίας.
2847 559 2920 609 Οὔ

3580 481 3708 546 τρεῖς
3758 478 3849 546 γὰρ

2980 564 3072 617 τὴν
3125 562 3462 634 προτεθεῖσαν
3515 560 3735 614 πεντάδα
3790 566 3852 628 εἰς

2277 643 2438 709 ἐξάὸα
2471 648 2642 700 ἁπλοῖ·
2675 647 2804 699 ἀλλὰ
2835 645 2928 699 δια
2975 653 3063 720 μεν
3104 657 3198 709 τῆς
3249 647 3502 711 πεντάδος
3541 657 3780 722 μυστικόν
3808 674 3853 705 τι

2279 734 2448 794 δηλοῖ·
2511 743 2602 796 τὴν
2655 735 2818 800 ἑξάδα
2890 735 2948 790 δὴ
3013 736 3435 811 παραδείγματος
3487 741 3644 792 ἕνεκεν
3704 761 3856 814 παρα-

2276 827 2543 898 λαμϐάνει.
2611 834 2674 882 Τί
2731 825 2817 880 οὖν
2871 833 2928 880 τά
2983 825 3076 880 δια
3120 837 3216 888 τῆς
3267 825 3513 889 πεντάδος
3562 826 3855 902 δηλούμενον

2277 917 2389 986 (2³4)
2422 937 2433 984 ;
2475 921 2543 970 T6
2583 922 2709 989 μετα
2739 923 2832 976 τὴν
2861 923 3039 970 πίστιν
3100 919 3559 970 δυσκατάλλακτον
3589 925 3676 972 καὶ
3706 919 3858 994 ἀσυμ-

2275 1005 2524 1059 ϐίϐαστον
2552 1016 2648 1058 των
2680 1011 2815 1058 κατὰ
2847 1011 3148 1078 συγγένειαν
3181 1012 3269 1060 καὶ
3289 1013 3478 1080 σχέσιν
3509 1011 3608 1081 πρὸ
3630 1017 3716 1069 τῆς
3743 1015 3859 1062 πίσ-

2276 1115 2398 1158 τεως
2433 1099 2720 1168 ἡνωμένων,

3374 1280 3556 1349 ἤγουν,
3609 1273 3703 1329 δύο
3781 1281 3860 1348 μὲν

3461 1365 3492 1424 ἣ
3571 1374 3722 1440 τριῶν
3781 1371 3862 1438 μὲν

2278 1455 2577 1530 ἀνθρώπων,
2626 1452 2722 1508 δύο
2781 1452 2840 1508 δε
2888 1458 3232 1528 πραγμάτων,
3266 1455 3473 1528 χαλεπή
3514 1475 3594 1518 τις
3619 1461 3707 1510 καὶ
3736 1452 3862 1508 αδύ-

2345 1275 2544 1350 ’Ὼσπερ
2592 1279 2693 1350 γὰρ
2748 1274 2828 1328 ἐπὶ
2897 1279 3042 1329 πέντε
3123 1283 3294 1343 τινῶν,

2278 1364 2577 1441 ἀνθρώπων,
2651 1367 2805 1438 τριῶν
2877 1363 2936 1418 δὲ
3027 1367 3371 1438 πραγμάτων,

2275 1565 2427 1607 νατος
2491 1547 2519 1602 ἡ
2570 1544 2892 1615 καταλλαγὴ,
2965 1547 3085 1598 ὅταν
3149 1547 3197 1597 οἱ
3265 1542 3364 1598 δύο
3424 1544 3686 1620 ἂνθρωποι
3761 1551 3866 1618 περὶ

2275 1644 2374 1687 τῶν
2443 1643 2596 1709 τριῶν
2650 1636 2970 1708 πραγμάτων
3032 1637 3418 1698 στασιάζωσιν,
3484 1635 3514 1693 ἦ
3584 1634 3863 1686 τούναντίον

2276 1727 2324 1777 οὶ
2380 1733 2514 1799 τρεῖς
2539 1729 2656 1798 περὶ
2700 1733 2798 1775 τῶν
2849 1720 2971 1776 δόθ’
3023 1723 3220 1795 ἀνάγκη
3262 1728 3365 1798 γὰρ
3407 1726 3628 1788 πάντως,
3663 1723 3691 1782 ἣ
3733 1727 3786 1774 τὸ
3824 1723 3867 1776 ἓν

502 1807 672 1861 datur
724 1807 1090 1872 hominibus,
1139 1809 1230 1864 vel
1265 1809 1400 1866 duce
1450 1827 1543 1866 res
1593 1813 1649 1866 in
1701 1819 1816 1867 tres
1873 1819 2162 1880 secentur,

2277 1824 2374 1866 τῶν
2428 1824 2582 1888 τριων
2634 1815 2954 1888 πραγμάτων
3022 1822 3124 1874 τοῖς
3187 1810 3344 1866 δυσὶν
3413 1812 3703 1886 ἀνθρώποις
3774 1811 3870 1864 ἐπι-

502 1911 642 1951 cum
683 1896 882 1952 nullus
914 1914 1120 1954 eorum
1167 1899 1419 1955 divisam
1460 1901 1653 1956 sortiri
1698 1901 1854 1956 velit.
1888 1907 1970 1957 lla
2018 1907 2074 1956 et
2105 1902 2162 1956 in

499 1986 614 2052 his,
648 1988 750 2058 qui
795 1990 1150 2059 cognatione
1182 1995 1284 2044 aut
1314 1990 1736 2061 conjunctione
1787 1991 1936 2046 uniti
1970 1996 2162 2056 erant,

501 2075 1015 2132 dissentientibus.
1056 2080 1209 2134 circa
1236 2079 1416 2134 ﬁdem
1445 2096 1514 2136 ac
1543 2081 1769 2144 divisis,
1798 2087 1854 2136 et
1884 2081 2166 2153 implaca-

501 2164 691 2221 biliter
741 2182 804 2220 se
852 2166 1234 2222 habentibus.
1286 2171 1486 2234 Erunt,
1545 2171 1755 2242 inquit,
1811 2171 1932 2225 duo
1989 2186 2168 2242 super

502 2256 713 2323 tribus,
755 2255 816 2310 id
841 2261 947 2321 est,
993 2261 1284 2328 tanquam
1312 2258 1434 2314 duo
1460 2259 1735 2314 homines
1764 2275 1944 2331 super
1982 2259 2167 2314 tribus

501 2344 680 2400 rebus
709 2345 1084 2411 dissidentes,
1123 2351 1180 2401 et
1208 2363 1469 2417 rursum,
1503 2354 1782 2420 tanquam
1830 2357 1946 2404 tres
1977 2347 2167 2403 homi-

504 2449 610 2490 nes
640 2450 821 2506 super
840 2435 1080 2491 duabus
1106 2436 1306 2492 rebus.

575 2699 795 2756 Deinde
818 2701 979 2773 ponit
1008 2703 1189 2758 etiam
1221 2703 1495 2776 exempla
1513 2705 1941 2774 cognationum
1973 2721 2042 2761 ac
2065 2705 2167 2762 ha-

499 2790 844 2846 bitudiuum
869 2806 1079 2846 eorum
1111 2792 1214 2864 qui
1243 2793 1732 2866 propinquissimi
1777 2803 1930 2859 sunt,
1970 2801 2025 2851 et
2050 2797 2164 2852 sibi

502 2885 714 2935 mutuo
758 2881 1017 2936 maxime
1068 2881 1409 2949 familiares,
1467 2884 1569 2938 sed
1610 2884 1784 2939 divisn
1815 2886 2163 2942 acutissimo

499 2969 640 3024 ﬁdei
689 2969 908 3039 gladio,
961 2987 1100 3042 quae
1150 2988 1255 3043 per
1300 2973 1782 3044 praedicationem
1823 2977 2161 3032 inducitur:

500 3075 754 3131 quorum
785 3061 904 3116 duo
945 3061 1160 3116 binarii
1193 3072 1330 3118 sunt
1362 3065 1654 3134 sanguine
1681 3067 2163 3137 conjunctornm,

501 3150 668 3206 tertia
698 3151 1043 3221 conjunctio
1075 3159 1161 3207 est
1199 3154 1488 3209 aﬁiuium.

782 3241 1074 3297 Praeterea
1101 3242 1261 3299 circa
1291 3244 1446 3301 idem
1472 3247 1591 3302 alio
1624 3247 1816 3304 modo.

571 3328 714 3383 Duae
738 3329 1120 3385 habitudines
1138 3332 1427 3388 adversus
1447 3339 1562 3389 tres
1585 3351 1981 3407 personarum
2007 3352 2168 3392 com-

498 3418 831 3474 bi-nationes
859 3437 872 3474 :
907 3425 962 3473 et
990 3435 1226 3476 rursum
1261 3429 1372 3476 tres
1404 3438 1799 3494 personarum
1854 3425 2170 3480 combina-

500 3509 690 3563 tiones
719 3510 1006 3564 adversus
1032 3509 1185 3565 duas
1207 3511 1619 3569 habitudines:
1655 3514 1842 3586 dupla
1865 3515 2163 3586 siquidem

498 3597 792 3653 habitudo
821 3597 954 3652 estd
968 3615 1179 3654 uorum
1208 3607 1610 3658 extremorum
1640 3619 1959 3675 processus
1990 3606 2162 3660 itera-

500 3691 616 3751 tus,
650 3690 856 3757 utpote
887 3703 922 3742 a
961 3693 1127 3757 patre
1155 3689 1232 3744 ad
1263 3689 1477 3756 ﬁlium,
1507 3696 1561 3746 et
1591 3709 1627 3747 a
1653 3691 1775 3747 ﬁlio
1807 3693 1882 3747 ad
1912 3698 2161 3765 patrem,

500 3779 561 3830 et
604 3776 756 3830 itain
777 3777 1003 3830 caeteris
1055 3778 1287 3848 Triplex
1329 3795 1472 3834 vero
1511 3797 1908 3853 personarum
1931 3782 2166 3838 combi-

499 3865 663 3921 natio
701 3871 808 3931 est,
855 3873 1023 3937 pater
1046 3873 1102 3923 et
1133 3868 1310 3934 ﬁlius,
1359 3876 1546 3926 mater
1592 3877 1648 3926 et
1679 3872 1820 3939 ﬁlia,
1870 3889 2079 3928 socrus
2110 3879 2166 3930 et

503 3970 709 4010 nurus.
725 3956 894 4020 Quod
915 3963 1114 4013 autem
1129 3958 1328 4014 Greece
1350 3959 1566 4016 dicitur
1587 3963 1688 4028 ἐπὶ,
1713 3962 2010 4032 signiﬁcat
2027 3979 2166 4019 con-

501 4049 592 4099 tra
616 4045 708 4101 vel
723 4047 1017 4116 adversus,
1036 4055 1097 4104 ut
1113 4058 1319 4106 contra
1333 4050 1722 4108 veladversus
1746 4061 1860 4109 tres
1889 4061 1991 4109 aut
2009 4053 2164 4110 duos

501 4134 580 4191 ad
605 4135 1062 4204 signiﬁcandam
1109 4141 1555 4211 separationem
1591 4142 1679 4197 vel
1716 4143 2161 4199 alienationem.

573 4223 740 4281 Vers.
770 4227 858 4282 53.
896 4227 1288 4284 Dividetur—
1316 4247 1550 4287 socrum
1597 4247 1779 4288 suam.
1817 4234 1957 4291 Haec
2007 4250 2162 4306 prae-

499 4313 671 4370 dictis
696 4331 818 4371 non
862 4322 999 4372 sunt
1052 4319 1414 4390 coaptanda,
1462 4321 1565 4376 sed
1620 4323 1693 4378 ab
1724 4323 1838 4379 alio
1872 4322 2166 4395 principio

498 4403 775 4473 legenda,
829 4422 900 4462 ac
952 4408 1284 4464 secundum
1327 4411 1634 4466 historiam
1681 4411 2161 4485 interpretanda;

502 4493 841 4562 signiﬁcant
857 4498 1016 4551 enim
1034 4497 1391 4554 divisionem
1406 4500 1672 4556 ﬁdelium
1691 4501 1769 4557 ab
1785 4503 2131 4560 inﬁdelibus

501 4589 559 4637 et
581 4583 749 4654 quod
774 4586 1292 4657 propinquissimae
1321 4591 1555 4659 generis
1584 4592 1971 4650 habitudines
1997 4611 2166 4668 sepa-

501 4672 817 4731 rabuntur.
844 4674 995 4744 Lege
1026 4682 1225 4732 autem
1257 4681 1493 4735 decimo
1525 4697 1686 4737 nono
1740 4685 1934 4755 capite
1976 4687 2170 4741 Evan-

503 4761 641 4832 gelii
682 4766 1011 4820 secundum
1067 4767 1407 4823 Matthmum
1447 4768 1585 4825 dicti
1619 4771 1774 4826 illius
1826 4774 2172 4845 interpreta-

502 4845 765 4908 tionem:
807 4854 946 4909 Veni
970 4859 1145 4923 enim,
1196 4864 1257 4910 ut
1304 4858 1584 4915 dissidere
1612 4861 1831 4930 faciam
1886 4863 2168 4920 hominem

501 4941 776 5000 adversus
783 4950 1006 5013 patrem
1027 4948 1255 5011 suum‘,
1285 4954 1580 5016 etcaatera,
1611 4967 1738 5023 quae
1770 4953 2168 5024 praesentibus

501 5033 693 5090 verbis
721 5033 1049 5106 plurimum
1075 5036 1401 5094 conformis
1431 5045 1550 5100 est.

573 5161 621 5198 "
649 5161 848 5218 Matth.
879 5177 939 5230 x,
971 5165 1064 5219 35.

2150 4522 2244 4598 in

2275 1907 2607 1978 μερισθῆναι,
2651 1905 2679 1961 ἣ
2714 1908 2775 1955 τα
2817 1899 2912 1955 δύο
2965 1903 3262 1977 ,πράγματα
3314 1908 3388 1965 εἱς
3425 1908 3548 1978 τρία
3598 1903 3868 1975 τμηθῆναι,

2275 1991 2495 2067 μηδενὸς
2547 1997 2714 2045 αὐτῶν
2773 1989 3149 2064 ἐπιδεχομένου
3199 1996 3367 2064 τυχὸν
3429 1989 3709 2064 διαίρεσιν·
3747 1991 3869 2043 οὕτω

2275 2089 2362 2135 καὶ
2442 2082 2526 2135 ἐπὶ
2591 2092 2689 2134 τῶν
2757 2085 2889 2134 κατὰ
2939 2087 3240 2153 συγγένειαν
3297 2087 3388 2134 καὶ
3439 2087 3628 2154 σχέσιν
3681 2083 3872 2154 ἡνωμέ-

2275 2193 2388 2235 νων,
2473 2173 2861 2232 στασιαζόντων
2927 2175 3063 2223 κατὰ
3138 2176 3231 2229 τὴν
3302 2175 3506 2234 πίστιν,
3584 2175 3673 2222 καὶ
3744 2165 3872 2222 διαι-

2275 2265 2533 2334 ρουμένων
2560 2265 2645 2312 καὶ
2675 2259 3134 2332 ἀσυμϐατούντων.
3164 2266 3432 2327 Ἔσονται,
3490 2265 3640 2332 φησι,
3675 2255 3768 2311 δύο
3797 2257 3873 2309 ἐπὶ

2277 2359 2432 2424 τρεῖς,
2464 2355 2749 2420 τουτέστιν,
2781 2353 2847 2411 ως
2881 2347 2977 2402 δύο
3007 2352 3272 2424 ἄνθρωποι
3312 2348 3399 2403 ἐπὶ
3425 2355 3571 2423 τρισὶ
3609 2350 3874 2422 πράγμασι

2279 2441 2668 2503 στασιάζοντες,
2719 2444 2808 2491 καὶ
2836 2443 2903 2500 ὡς
2946 2447 3085 2513 τρεῖς
3131 2441 3432 2514 ἄντθρωποι
3466 2437 3618 2491 πάλιν
3642 2437 3724 2490 ἐπὶ
3755 2433 3874 2489 δυσὶ

2275 2532 2602 2606 πράγμασιν.

2349 2710 2474 2761 Εἶτα
2521 2710 2704 2766 τίθησι
2765 2713 2853 2760 καὶ
2919 2703 3327 2781 παραδείγματα
3414 2715 3722 2780 συγγενειᾶη
3791 2708 3873 2756 καὶ

2279 2804 2534 2870 σχέσεων,
2624 2806 2721 2848 τῶν
2813 2798 3189 2867 γνησιωτάτων
3281 2800 3369 2868 μὲν
3469 2804 3559 2849 καὶ
3640 2795 3877 2848 οἰκειοτά-

2276 2909 2374 2940 των
2443 2888 2695 2947 ἀ).)ἠλοις,
2781 2884 3156 2961 διαιρουμένων
3244 2883 3303 2938 δὲ
3371 2894 3436 2958 τῇ
3516 2886 3874 2958 τμητικωτάτῃ

2276 2984 2520 3053 μαχαίρᾳ
2590 2986 2683 3039 τῆς
2776 2980 2906 3027 κατά
3003 2979 3060 3027 τὸ
3158 2981 3406 3049 κήρυγμα
3511 2981 3731 3035 πίστεως
3819 2972 3880 3022 ὧν

2277 3070 2330 3118 αἱ
2382 3072 2472 3140 μὲν
2527 3064 2624 3119 δύο
2685 3067 2959 3138 συζυγίαι,
3019 3064 3134 3118 καθ’
3191 3066 3342 3137 αἷμα,
3400 3067 3435 3123 ἡ
3512 3062 3571 3119 δὲ
3627 3070 3774 3139 τρίτη
3834 3060 3882 3122 ἐξ

2776 2980 2906 3027 κατὰ
3003 2979 3060 3027 τὸ

2278 3156 2609 3228 ἀγχιστείας.

2808 3243 3019 3318 Ἑτέρως
3049 3244 3116 3304 εἰς
3141 3247 3198 3296 τό
3227 3248 3381 3298 αὐτὸ.

2349 3339 2445 3388 Δύο
2541 3340 2750 3407 σχέσεις
2835 3333 2918 3386 ἐπὶ
2992 3339 3138 3408 τρισὶ
3217 3334 3499 3405 συζυγίαις
3573 3338 3877 3409 προσώπων,

2275 3431 2362 3478 καὶ
2435 3434 2573 3500 τρεῖς
2647 3423 2711 3476 αὖ
2767 3425 3019 3494 συζυγίαι
3058 3428 3350 3497 προσωπών
3421 3421 3699 3477 ἐπὶ’δυσὶ
3753 3425 3879 3494 σχέ-

2279 3535 2413 3568 σεσι·
2476 3514 2635 3572 Διπλῆ
2714 3518 2802 3586 μὲν
2879 3515 2979 3586 γὰρ
3058 3515 3088 3570 ἡ
3169 3517 3360 3583 σχέσις
3436 3523 3540 3565 τῶν
3621 3516 3749 3585 πρὸς
3813 3530 3881 3572 τι,

2276 3605 2376 3656 ἀπὸ
2452 3623 2505 3655 τε
2587 3607 2780 3676 πατρὸς
2870 3606 2996 3675 πρὸς
3096 3603 3254 3669 υἱὸν,
3365 3607 3456 3654 καὶ
3562 3601 3650 3674 ἀφ’
3751 3599 3880 3664 υἱοῦ,

2275 3698 2399 3769 πρὸς
2451 3698 2666 3767 πατέρα,
2716 3697 2805 3743 καὶ
2860 3691 2942 3743 ἐπὶ
3018 3699 3116 3742 τῶν
3172 3690 3336 3742 ἄλλων
3390 3693 3606 3764 ὁμοίως.
3665 3688 3882 3763 Τριπλαῖ

2276 3783 2334 3837 δὲ
2401 3784 2618 3836 ἐνταῦθα
2682 3784 2737 3834 αὶ
2813 3783 3064 3853 συζυγίαι
3130 3789 3228 3832 τῶν
3279 3787 3631 3856 προκειμένων
3687 3784 3882 3853 προσω-

2274 3895 2401 3940 πων,
2459 3879 2631 3947 πατὴρ
2695 3877 2784 3924 καὶ
2833 3874 2966 3935 υίὸς,
3025 3877 3196 3945 μήτηρ
3271 3875 3360 3923 καὶ
3429 3873 3688 3947 θυγάτηρ,
3771 3887 3879 3923 πιν·

2277 3967 2398 4038 θερα
2443 3969 2532 4015 καὶ
2571 3967 2764 4035 νύαφη·
2818 3965 2874 4014 τὸ
2937 3958 3019 4028 δὲ,
3072 3959 3154 4012 ἐπὶ
3205 3965 3370 4034 τρισὶ,
3423 3967 3516 4013 καὶ
3557 3959 3645 4013 ἐπὶ
3705 3956 3880 4025 δυσὶν,

2277 4055 2388 4107 ἀντὶ
2438 4063 2548 4118 τοῦ,
2598 4056 2734 4104 κατὰ
2766 4060 2863 4103 τῶν
2901 4060 3075 4125 τριῶν,
3128 4056 3217 4102 καὶ
3265 4052 3400 4102 κατὰ
3433 4059 3536 4102 τῶν
3597 4047 3717 4119 δύο,
3763 4050 3884 4121 πρὸς

2277 4142 2545 4207 διάζευξιν
2572 4149 2660 4195 καὶ
2689 4139 3165 4214 ἁπαλλοτρίωσιν,]

2348 4236 2822 4309 Διαμερισθήσεται
2884 4261 2952 4272 -
3009 4231 3253 4304 πενθερὰν
3331 4229 3727 4290 αὐτῆς.-Ταῡτα
3781 4233 3885 4286 τοῖς

2275 4323 2645 4399 προρρηθεῖσιν
2695 4321 2752 4374 οὐ
2811 4324 3114 4384 συναπτέον,
3171 4317 3279 4370 ἀλλ’
3339 4317 3422 4391 ἀφ’
3483 4319 3658 4394 ἐτέρας
3715 4318 3888 4392 ἀρχῆς

2279 4413 2649 4484 ἀναγνωστέον,
2729 4415 2817 4463 καὶ
2887 4409 3004 4462 καθ’
3078 4411 3309 4484 ἱστορίαν
3377 4408 3739 4481 ἑρμηνευτέον,
3796 4403 3888 4464 δη-

2279 4507 2463 4555 λοῦντα
2520 4505 2603 4553 τὸν
2664 4496 3014 4572 διαμερισμὸν
3063 4507 3162 4550 τῶν
3229 4505 3426 4549 πιστῶν
3482 4503 3575 4550 καὶ
3626 4506 3727 4550 τῶν
3773 4493 3888 4547 6mi-

2281 4613 2435 4654 στων,
2493 4593 2573 4642 ὅτι
2619 4596 2707 4641 καὶ
2755 4592 2810 4640 αἱ
2866 4594 3224 4660 γνησιώταται
3289 4590 3506 4658 σχέσεις
3567 4596 3660 4640 τοὺ
3716 4591 3890 4658 γένους

2280 4680 2734 4756 διαιρεθήσονται,
2802 4685 3046 4736 Ζητησον
3103 4674 3161 4728 δε
3214 4675 3261 4728 ἐν
3329 4684 3400 4746 τῷ
3452 4672 3889 4742 ἐννεακαιδεκάτῳ

2279 4773 2536 4845 κεφαλαίῳ
2606 4779 2696 4822 τοῦ
2776 4772 2908 4820 κατὰ
2991 4769 3252 4819 Ματθαῐον
3310 4770 3400 4823 τὴν
3452 4765 3707 4837 ἐξήγησιν
3780 4772 3887 4816 τού¹

2276 4862 2465 4914 Ἦλθον
2521 4864 2622 4934 γὰρ
2839 4855 3073 4930 διχάσαι
3119 4857 3390 4928 ἄνθρωπον
3446 4860 3583 4908 κατα
3643 4863 3737 4907 τοῦ
3791 4872 3893 4906 πα-

2276 4957 2396 5026 τρὸς
2427 4952 2607 5014 αὑτοῦ,
2639 4955 2728 5002 καὶ
2784 4951 2846 5001 τὰ
2885 4947 3021 5017 ἑξῆς,
3078 4948 3212 4998 πὰνυ
3268 4952 3376 5006 τοῖς
3430 4953 3666 5020 παροῦσι
3717 4946 3891 5020 ῥητοῖς

2277 5043 2412 5120 ἁρμό
2421 5045 2511 5106 ζου
2519 5061 2631 5094 σαν.

1707 5267 1926 5338 Varia
1963 5269 2297 5339 lectiones
2359 5275 2428 5337 et
2471 5276 2678 5336 notae.

570 5431 692 5514 (27)
737 5433 889 5516 Quae
919 5432 1313 5516 hic‘;i_ncl_usa
1352 5440 1527 5516 sunt,
1556 5436 1769 5516 codex_
1799 5443 2049 5513 uterque
2092 5440 2156 5497 in

499 5505 772 5573 margine
799 5504 1058 5562 exhibet.
1089 5505 1443 5565 Referuntur
1467 5514 1670 5567 autem
1695 5510 1776 5568 ad
1805 5504 2046 5570 versum
2066 5517 2154 5585 53,

501 5575 604 5632 ubi
641 5575 821 5633 etiam
851 5578 1172 5635 Hentenius
1190 5579 1448 5640 exhibet.

2373 5437 2463 5515 28)
2502 5433 2989 5515 παραδηλοθμενον,
3021 5440 3082 5490 Β.

2373 5442 2440 5496 28
2502 5437 2938 5515 παραδηλοῦμενο

2346 5437 2465 5585 ξεοζ
2495 5512 2599 5588 Γὰρ
2630 5510 2848 5570 omittit
2871 5511 2940 5568 Α.

573 5754 647 5837 (ι)
689 5754 799 5824 Qui
825 5784 895 5796 —
919 5757 1175 5817 oriatur.
1207 5764 1311 5820 “rev
1338 5762 1673 5836 προτεθεῖσαν
1705 5768 1812 5829 est,
1835 5778 2019 5836 quem
2031 5780 2165 5836 pro;

2276 5769 2440 5829 ierat,
2471 5761 2547 5819 de
2577 5777 2701 5836 quo
2740 5765 2885 5820 ante
2913 5759 3163 5818 dixerat.
