4128 6390
232 339 333 398 997

309 465 453 518 Κατὰ
506 459 566 516 δί
631 461 929 534 ἀναγωγήν,
977 467 1150 538 πατήρ
1211 466 1302 536 μὲν
1364 465 1426 516 ἄν
1479 466 1554 520 εἴη
1601 464 1626 514 6
1690 468 1840 520 νοῡς⁶
1874 458 1920 512 Α

238 557 347 616 υἱὸς
396 550 455 606 δὲ
503 553 687 618 αὐτοῦ,
723 554 750 604 6
788 557 1011 627 πονηρὸς
1047 553 1312 625 λογισμὸς,
1365 551 1478 604 καθ’
1524 552 1583 604 οὗ
1629 553 1846 603 στασιά·

241 663 338 709 σει,
389 642 695 718 ἀρνούμενος
756 643 936 711 αὐτὸν,
982 647 1052 704 ὡς
1105 641 1377 716 βλαϐεράν.
1412 647 1600 715 Μήτηρ
1661 636 1720 692 δὲ
1767 643 1844 697 εἴη

240 736 322 799 ἄν,
375 735 406 791 ή
448 728 685 806 καρδία·
747 734 982 806 θυγάτηρ
1034 730 1092 786 δὲ
1145 733 1329 796 αὐτῆς,
1389 734 1416 790 η
1454 733 1655 804 πονηρὰ
1709 730 1849 782 ἐνού-

240 842 426 896 μησις,
477 823 594 874 καθ’
642 822 705 894 ᾖς
752 826 838 874 και
889 822 1019 880 αὐτή
1076 824 1378 885 στασιάσει,
1420 828 1509 872 και
1553 818 1847 894 ἀπορραγή-

243 931 390 965 σεται
439 914 651 973 ταύτης.
707 913 935 986 Πενθερὰ
975 908 1034 964 δὲ
1082 910 1142 963 ἂν
1191 915 1290 974 εἰη,
1336 913 1365 968 η
1419 914 1697 980 Συναγωγή
1748 919 1847 960 τῶν

243 997 554 1054 Ἰουδαίων·
631 1003 803 1072 νύμφη
893 996 953 1053 δὲ
1023 1001 1206 1064 αὐτῆς,
1280 1002 1310 1057 ἡ
1393 999 1681 1056 Ἐκκλησία
1749 1008 1848 1050 τῶν

243 1098 594 1164 Χριστιανῶν,
639 1092 708 1151 ὼς
747 1091 1101 1161 νυμφευθείσα
1144 1098 1215 1160 τῷ
1266 1097 1501 1162 Χριστῷ,
1534 1089 1588 1149 ὃς
1629 1085 1689 1146 ἧν
1737 1087 1850 1150 υἱὸς

241 1188 338 1240 τῆς
380 1176 708 1239 δηλωθείσης
749 1185 1084 1250 Συναγωγῆς,
1115 1181 1252 1231 κατὰ
1291 1182 1350 1231 τὸ
1395 1179 1712 1250 ἀνθρώπινον
1737 1195 1750 1206 θ
1799 1176 1852 1240 ἐξ

243 1270 406 1329 αὐτῆς
431 1271 532 1342 γὰρ
560 1268 785 1326 ἐϐλάστη
795 1287 900 1321 σεν,

317 1359 492 1430 Ἔλεγε
543 1389 612 1399 —
682 1354 1030 1430 δοκιμάζετε;
1103 1363 1389 1430 [Ιρὸσωπον
1464 1367 1554 1418 τῆς
1606 1366 1706 1428 γῆς
1762 1362 1851 1409 καὶ

244 1457 338 1500 τοῦ
405 1447 649 1523 οὐρανοῦ,
716 1449 746 1505 ή
799 1445 1067 1519 ἐπιφάνεια
1123 1451 1318 1510 ταύτης
1368 1447 1627 1499 κάκείνου.
1703 1451 1851 1518 Λέγει

243 1543 437 1606 τοίνυν,
523 1539 604 1589 ὃτι
686 1535 1104 1612 Ὑποκρινόμενοι
1181 1542 1493 1610 πρόγνωσιν,
1564 1541 1657 1594 τήν
1741 1535 1849 1588 ἐπι-

245 1630 454 1699 φάνειαν
501 1634 591 1686 τῆς
635 1633 732 1697 γῆς
781 1631 871 1678 καὶ
915 1635 1006 1678 του
1052 1627 1270 1698 οὐρανοῦ
1315 1623 1495 1679 οἴδατε
1544 1622 1847 1701 διακρίνειν,

242 1721 336 1767 καὶ
385 1714 440 1767 ἐκ
509 1720 924 1790 παρατηρήσεως
983 1716 1144 1777 αὐτῆς
1209 1716 1473 1788 προλέγειν
1526 1719 1582 1767 τὸ
1631 1716 1808 1788 μέλλον
1835 1736 1846 1747 ·

241 1809 330 1857 τὸν
400 1801 459 1856 δὲ
538 1807 716 1878 καιρὸν
779 1812 980 1864 τοῦτον,
1043 1809 1128 1856 τὸν
1196 1813 1284 1865 τῆς
1360 1804 1487 1877 ἐμῆς
1558 1811 1852 1876 παρουσίας
1888 1819 1931 1874 Β

245 1891 514 1959 δηλονότι,
608 1902 718 1954 πῶς
782 1893 840 1946 οὐ
905 1891 1214 1964 διακρίνετε,
1305 1893 1359 1946 ἐκ
1439 1903 1852 1968 παρατηρήσεως

246 1993 348 2036 τῶν
406 1991 628 2055 νομικῶν
687 1981 882 2055 βίϐλων
935 1989 1024 2035 καὶ
1073 1993 1424 2058 προφητικῶν,
1488 1984 1536 2036 ἐν
1595 1987 1673 2045 αῖς
1725 1994 1854 2038 κείν⁴

245 2093 336 2126 ται
393 2080 586 2145 σημεῖα
639 2075 825 2125 τούτου
883 2078 972 2125 καὶ
1030 2073 1287 2146 σύμϐολα,
1349 2073 1432 2146 ἀφ’
1492 2075 1558 2126 ὧν
1626 2075 1853 2148 εὐχερῶς

249 2163 403 2224 οὗτος
439 2162 554 2233 (30)
595 2158 1005 2233 διαγινώσκεται
1037 2172 1140 2224 τοῖς
1171 2168 1536 2235 προσέχουσι;
1573 2171 1706 2239 Πρὸς
1735 2171 1853 2229 τοὺς

253 2258 578 2325 Γραμματεῖς
611 2247 671 2304 δε
701 2254 726 2304 6
754 2251 924 2324 λόγος,
958 2252 1002 2304 εἰ
1039 2257 1128 2305 καὶ
1159 2256 1286 2325 πρὸς
1312 2258 1430 2315 τοὺς
1461 2254 1656 2325 ὄχλους
1687 2254 1854 2316 ἁπλῶς

250 2341 472 2416 ἐρρήθη.

321 2435 387 2483 Τί
463 2427 522 2482 δὲ
589 2461 658 2472 -
712 2426 954 2497 dilatato;
1027 2432 1131 2503 Ἐφ’
1194 2432 1360 2504 ἕτερον
1432 2432 1617 2505 μετέϐη
1684 2433 1853 2506 λόγον,

246 2526 342 2572 καὶ
394 2527 636 2593 παραινεῖ
689 2515 784 2573 διὰ
837 2525 1099 2595 γνωρίμου
1151 2517 1578 2594 παραδείγματος
1628 2522 1856 2576 ἀπαλλα-

247 2616 412 2680 γῆναι
458 2617 550 2661 τοῦ
582 2615 802 2678 Σατανᾶ,
835 2613 973 2678 ἢτοι,
1019 2619 1117 2662 τῶν
1170 2613 1330 2683 ἔργων
1387 2612 1568 2678 αὐτοῦ,
1622 2617 1854 2686 φάσκων,

249 2703 404 2750 Διατί
459 2703 549 2750 καὶ
604 2699 688 2771 ἀφ’
754 2698 945 2751 ἑαυτῶν
1004 2699 1062 2751 οὐ
1119 2707 1277 2752 νοεῖτε
1330 2704 1387 2752 τὸ
1449 2701 1622 2774 καλὸν,
1683 2700 1857 2755 εὐδιά-

247 2805 487 2858 γνωστον
519 2791 572 2839 ὅν
598 2803 611 2854 ;

320 2875 415 2938 Ὠς
480 2907 543 2915 -
621 2876 799 2931 αὐτοῦ.
871 2881 964 2939 Δὸς
1032 2876 1302 2952 ἐργασίαν,
1369 2883 1551 2951 ἤγουν,
1614 2881 1859 2953 εἰσάγαγε

248 2969 424 3039 ἔργον,
497 2963 756 3036 σπουδήν,
831 2966 1023 3038 ἀγῶνα,
1090 2966 1473 3040 ἀνταλλαγήναι
1533 2969 1617 3022 ἀπ’
1677 2972 1856 3026 αὐτου.

247 3051 539 3112 ’Υποδηλοῖ
587 3051 646 3107 δὲ
678 3053 943 3109 ἀντίδικον
985 3059 1097 3128 μὲν,
1137 3060 1222 3110 τὸν
1251 3064 1498 3125 Σατανᾶν,
1560 3063 1643 3111 τὸν
1691 3065 1860 3112 κοινὸν

248 3143 450 3218 ἐχθρόν
481 3160 493 3173 ⁸
547 3145 786 3218 ἄρχοντα
818 3141 895 3213 δε,
937 3150 1023 3198 τὸν
1064 3150 1212 3212 Θεὸν,
1264 3151 1351 3200 τὸν
1395 3151 1598 3200 πάντων
1650 3153 1859 3223 Κύριον,
1893 3177 1935 3236 C

249 3239 388 3308 πρὸς
427 3233 480 3286 ὃν
511 3235 821 3307 ἀπαγόμεθα
858 3239 988 3308 μετὰ
1038 3245 1129 3288 του
1169 3235 1384 3309 ἐχθρου,
1435 3235 1590 3299 δίκας
1635 3237 1865 3297 ἀπαιτη-

253 3326 540 3395 θησόμενοι
591 3333 686 3376 τῶν
735 3334 974 3399 πονηρῶν
1026 3328 1187 3400 ἔργων
1228 3330 1409 3398 ἡμῶν
1472 3325 1594 3380 ὁδὸν
1647 3326 1725 3395 δὲ,
1781 3333 1866 3382 τὸν

250 3417 494 3485 παρόντα
545 3411 684 3486 βίον,
719 3417 805 3466 τὸν
854 3417 1101 3484 οἰστατον,
1149 3415 1196 3468 ἐν
1329 3413 1574 3489 ὁδεύομεν
1605 3422 1736 3492 μετὰ
1778 3427 1868 3472 τοῦ

249 3505 500 3556 τοιούτου
559 3500 828 3556 ἀντιδίκου
879 3507 1044 3577 ἡμῶν.
1104 3512 1269 3558 Τοῦτο
1305 3503 1364 3559 δὲ
1420 3512 1478 3560 τὸ
1531 3513 1701 3581 νόημα
1751 3508 1871 3562 καθ’

251 3593 429 3664 ἕτερον
448 3598 846 3668 μετεχειρίσατο
866 3594 974 3666 (31)
1000 3599 1194 3648 σκοπὸν
1221 3597 1269 3647 ἐν
1291 3604 1362 3666 τῷ
1380 3601 1592 3670 πέμπτῳ
1611 3599 1869 3672 κεφαλαίῳ

252 3688 354 3734 τοῦ
382 3683 520 3733 κατὰ
547 3681 848 3739 Ματθαῑον.

327 3863 550 3917 Μήποτε
579 3891 646 3900 -
677 3866 881 3936 κριτήν.
930 3862 988 3916 Ὀ
1015 3860 1259 3926 διάϐολος
1285 3867 1410 3938 γὰρ,
1463 3872 1506 3918 εί
1554 3871 1643 3919 καὶ
1681 3869 1866 3941 ἐχθρός

252 3948 375 4002 ἔστι
429 3959 520 4001 του
570 3955 716 4020 Θεοῦ,

251 4035 477 4101 εδίδαξε
506 4040 618 4112 (32)
630 4082 642 4095 .

789 3952 916 4005 ἀλλὰ
982 3959 1072 4006 καὶ
1123 3952 1429 4021 ἐκδικητής,
1485 3960 1548 4016 ως
1603 3959 1627 4008 6
1699 3955 1867 4010 Δαυίὸ

333 4222 439 4272 Καὶ
493 4249 561 4260 -—
606 4222 883 4296 πράκτορι.
940 4228 1022 4293 Τῷ
1081 4221 1300 4296 ἀγγέλῳ,
1355 4232 1427 4294 τῷ
1488 4223 1572 4278 ἐπὶ
1629 4233 1730 4277 τῶν
1782 4246 1870 4279 κο·-

251 4308 582 4382 λαστηρίων.

332 4403 437 4452 Καὶ
465 4431 530 4441 --
562 4399 813 4472 φυλακήν.
846 4401 931 4465 Εἰς
962 4403 1198 4456 κόλασιν.

1265 331 1646 394 COMMENT.
1694 331 1764 387 IN
1813 329 2073 388 LUGAM.
2123 361 2190 371 _
2231 330 2399 398 CAP,
2435 329 2549 384 xn.

2023 455 2200 512 Juxta
2247 469 2566 525 anagogen
2607 468 2747 510 vero
2791 457 2962 526 pater
3010 469 3140 510 esse
3187 458 3378 526 potest
3417 471 3617 523 mens,

1953 543 2110 600 ﬁlius
2135 550 2338 602 autem
2358 545 2490 616 ejus
2535 560 2718 616 prava
2767 543 3072 614 cogitatio,
3104 544 3395 601 adversus
3433 561 3621 618 quam

1960 633 2228 690 movebit
2250 633 2627 700 seditionem,
2661 649 2890 705 negans
2917 633 3118 706 ipsam
3151 641 3438 706 tanquam
3465 635 3627 690 noci-

1961 739 2119 780 vam.
2167 725 2348 779 Mater
2378 739 2518 779 vero
2562 739 2664 779 cor
2699 744 2712 778 :
2744 722 2862 779 ﬁlia
2892 723 3044 794 ejus,
3084 738 3272 796 prava
3298 723 3624 797 cupiditas,

1957 811 2241 868 adversus
2270 828 2459 885 quam
2501 812 2678 868 etiam
2711 812 2845 884 ipsa
2883 813 3149 882 insurget
3175 820 3232 869 et
3260 813 3339 869 ab
3371 829 3443 868 ea
3471 813 3631 870 avel-

1955 900 2126 958 letur.
2185 903 2403 958 Socrus
2457 907 2659 959 autem
2712 902 2786 957 sit
2843 904 3164 975 Synagoga
3232 903 3622 958 Judeeorum:

1957 1006 2142 1047 nurus
2183 991 2338 1062 ejus,
2370 991 2630 1048 Ecclesia
2681 991 3175 1058 Christianorum,
3213 998 3418 1064 utpote
3443 999 3629 1065 nupta

1960 1079 2206 1144 Christo,
2233 1080 2339 1152 qui
2392 1081 2558 1136 dictis
2601 1083 2938 1153 Synagogte
2971 1082 3144 1151 juxta
3187 1080 3628 1138 humanitatem

1958 1169 2119 1226 titius
2141 1175 2286 1238 erat,
2321 1185 2539 1244 nempe
2577 1171 2656 1227 ab
2683 1169 2820 1244 ipsa
2844 1175 3190 1242 generatus.

2030 1349 2197 1408 Vers.
2235 1350 2326 1404 54.
2361 1349 2598 1407 Dicebat
2633 1380 2701 1390 —
2726 1350 2888 1406 Vers.
2937 1350 3028 1405 56.
3067 1351 3331 1420 probatis
3378 1349 3406 1406 ?
3428 1351 3630 1408 Facies

1961 1438 2093 1495 coeli
2116 1444 2174 1496 et
2212 1445 2399 1506 terrai,
2451 1439 2796 1511 superﬁcies
2840 1445 2932 1496 est
2967 1439 3148 1510 hujus
3176 1445 3234 1496 et
3271 1439 3448 1495 illius.
3479 1440 3627 1496 Dicit

1961 1543 2135 1601 ergo:
2157 1528 2244 1600 Dij
2255 1529 2564 1585 udicantes
2588 1530 2754 1601 apud
2783 1545 2890 1585 vos
2915 1531 3227 1602 pi'msagia,
3254 1529 3630 1602 superﬁciem

1961 1618 2086 1674 caeli
2109 1624 2166 1674 et
2188 1624 2353 1675 terre
2381 1619 2572 1674 nostis
2616 1619 2974 1688 discernere,
3011 1623 3067 1674 et
3097 1634 3171 1675 ex
3195 1619 3327 1690 ejus
3345 1619 3635 1676 observa-

1961 1707 2137 1774 tione,
2168 1709 2334 1780 quod
2391 1708 2660 1763 futurum
2715 1714 2821 1774 est,
2858 1709 3179 1780 praedicere
3230 1728 3248 1781 ς
3285 1710 3397 1765 hoc
3435 1717 3632 1766 autem

1962 1803 2220 1870 tempus,
2251 1797 2365 1853 mei
2386 1798 2656 1853 videlicet
2680 1798 2995 1864 adventus,
3026 1801 3334 1870 quomodo
3362 1815 3484 1855 non
3513 1799 3630 1856 dis-

1961 1888 2200 1943 cernitis
2230 1903 2301 1943 ex
2328 1888 2739 1943 observatione
2761 1886 3044 1957 legalium
3076 1889 3368 1944 librorum
3397 1905 3466 1945 ac
3498 1905 3634 1961 pro-

1963 1977 2316 2050 phetalium,
2338 1978 2393 2032 in
2411 1978 2634 2050 quibus
2655 1978 2830 2048 signa
2855 1985 2912 2032 et
2934 1979 3225 2049 praesagia
3251 1977 3446 2050 posita
3469 1986 3630 2044 sunt,

1962 2068 2182 2139 quibus
2207 2070 2402 2138 ipsum
2428 2067 2598 2122 facile
2627 2068 3000 2139 dignoscitur
3031 2067 3110 2123 ab
3133 2067 3246 2133 his,
3294 2069 3399 2140 qui
3425 2068 3630 2124 adver-

1966 2162 2095 2213 tunt
2125 2159 2152 2213 ‘I
2183 2160 2284 2225 Est
2307 2162 2507 2214 autem
2538 2158 2632 2213 hic
2662 2173 2859 2213 sermo
2891 2157 2970 2214 ad
3002 2158 3254 2224 Scribas,
3283 2174 3634 2231 quanquam

1967 2246 2312 2319 sipliciter
2337 2247 2415 2303 ad
2441 2246 2643 2304 turbas
2671 2247 2865 2304 dictus
2896 2246 2990 2304 sit.

2037 2424 2200 2480 Vers.
2234 2426 2319 2483 57.
2351 2427 2473 2482 Cur
2501 2433 2696 2483 autem
2715 2428 3034 2496 —justum
3065 2426 3197 2483 ?Ad
3215 2426 3408 2484 alium
3440 2432 3638 2483 trans-

1966 2515 2073 2586 ivit
2114 2531 2458 2572 sermonem
2485 2521 2540 2572 et
2585 2517 2857 2589 exemplo
2907 2517 3223 2574 notissimo
3285 2519 3634 2575 admoneta

1966 2604 2188 2660 Satana
2215 2605 2471 2673 liberari,
2523 2605 2646 2662 sive
2700 2607 2779 2663 ab
2831 2607 3116 2678 operibus
3166 2607 3314 2679 ejus,
3371 2606 3636 2664 dicens:

1969 2694 2159 2759 Quare
2191 2699 2247 2750 et
2276 2711 2312 2750 a
2338 2696 2507 2751 vobis
2532 2699 2675 2768 ipsis
2707 2711 2829 2752 non
2855 2696 2934 2767 dij
2948 2698 3216 2767 udicatis,
3261 2696 3428 2769 quod
3458 2697 3640 2753 hone-

1968 2789 2128 2840 stum
2157 2788 2243 2840 est
2272 2800 2413 2840 cum
2465 2784 2638 2842 facile
2669 2786 2742 2841 sit
2768 2785 2846 2841 ad
2877 2785 2956 2857 dij
2971 2787 3340 2843 udicandum
3363 2788 3391 2843 ‘I

2041 2875 2200 2930 Vers.
2243 2873 2335 2930 58.
2365 2875 2509 2930 Cum
2535 2906 2605 2916 --
2656 2877 2782 2932 ιἰιο.
2819 2876 2906 2932 Da
2944 2893 3192 2949 operam
3228 2894 3242 2933 :
3272 2878 3396 2932 sive
3426 2875 3644 2933 aﬂ‘eras

1970 2962 2260 3030 laborem,
2281 2963 2674 3035 diligentiam,
2693 2971 3017 3033 certamen,
3054 2972 3116 3022 ut
3136 2968 3216 3023 ab
3231 2967 3331 3022 illo
3351 2965 3645 3024 libereris.

1971 3053 2081 3108 Per
2109 3054 2518 3110 adversarium
2545 3062 2743 3111 autem
2775 3058 3060 3112 Satanam
3102 3057 3345 3121 indicat,
3373 3071 3645 3112 commu-

1972 3159 2112 3199 nem
2142 3143 2450 3200 inimieum
2481 3161 2494 3211 ;
2520 3161 2621 3216 per
2648 3147 3061 3216 magistratum
3087 3162 3246 3214 vero,
3284 3145 3494 3211 Deum,
3520 3150 3649 3202 tan-

1973 3249 2160 3305 quam
2173 3234 2449 3290 omnium
2466 3235 2808 3302 Dominum,
2827 3235 2901 3292 ad
2913 3251 3096 3307 quem
3127 3236 3490 3292 abducimur
3503 3251 3643 3290 cum

1976 3323 2238 3389 inimico,
2257 3324 2332 3379 de
2358 3324 2536 3380 malis
2558 3323 2843 3395 operibus
2875 3325 3088 3380 nostris
3139 3341 3388 3381 causam
3406 3323 3644 3380 dicturi.

1976 3413 2147 3468 Viam
2163 3418 2388 3482 autem,
2411 3419 2764 3485 prassentem
2786 3413 2970 3470 vitam
2991 3414 3333 3470 instabilem
3349 3412 3648 3494 intelligit,

1977 3501 2039 3557 in
2066 3518 2181 3572 qua
2211 3518 2351 3558 cum
2398 3501 2750 3573 hujusmodi
2794 3504 3144 3560 adversario
3183 3509 3387 3560 nostro
3407 3502 3648 3576 proiici-

1979 3591 2228 3648 scimur.
2266 3591 2394 3647 Hec
2423 3608 2667 3665 quoque
2714 3592 3003 3649 sententia
3051 3592 3169 3649 alio
3199 3591 3504 3665 proposito
3538 3597 3650 3648 tra-

1977 3686 2133 3738 ctata
2155 3687 2244 3738 est
2289 3681 2484 3754 capite
2512 3684 2725 3754 quinto
2777 3682 3076 3756 Evangelii
3131 3684 3464 3739 secundum
3509 3683 3648 3739 Mat-

1977 3770 2220 3828 thaeum.

2045 3861 2218 3920 Vers.
2258 3860 2346 3918 58.
2390 3861 2478 3919 Ne
2501 3863 2663 3932 forte
2709 3894 2780 3904 —
2805 3862 3087 3932 judicem.
3138 3862 3424 3920 Diabolus
3453 3863 3641 3930 enim,

1975 3951 2081 4006 etsi
2114 3951 2212 4005 Dei
2241 3950 2513 4006 inimicus
2555 3957 2661 4017 est,
2696 3959 2900 4008 tamen
2961 3953 3090 4024 ejus
3135 3954 3288 4010 ultor
3332 3959 3441 4024 est,
3474 3959 3647 4024 prout

1975 4041 2167 4096 David
2195 4039 2400 4096 docuit
2427 4041 2632 4096 dicens
2666 4059 2680 4098 :
2725 4043 2795 4099 Ut
2821 4043 3088 4099 destruas
3118 4043 3422 4100 inimicum
3470 4050 3524 4099 et
3557 4043 3650 4098 ιιι-

1975 4137 2156 4187 torem
2187 4133 2230 4186 ³.

2045 4220 2204 4278 Vers.
2231 4220 2320 4276 58.
2349 4221 2424 4276 Et
2459 4223 2830 4278 —exactori.
2877 4221 3128 4293 Angelo,
3161 4221 3264 4294 qui
3304 4219 3648 4278 carceribus

1975 4309 2335 4383 praepositus
2392 4315 2501 4367 est.

2046 4400 2210 4456 Vers.
2259 4400 2356 4458 58.
2404 4402 2569 4456 Et—
2592 4416 2913 4459 carcerem.
2946 4403 3013 4458 In
3044 4399 3430 4473 supplicium.

331 4493 486 4559 Λέγω
529 4521 590 4531 -
644 4489 871 4562 ἀποδῷς.
923 4490 1054 4554 Ἕως
1102 4494 1162 4546 οὗ
1201 4499 1323 4560 πᾶν,
1371 4497 1397 4547 ὅ
1449 4493 1862 4563 κατεδικάσθης,

2047 4494 2218 4551 Vers.
2274 4497 2364 4550 59.
2426 4495 2574 4550 Dico
2603 4525 2666 4535 —
2691 4493 2974 4550 exsolvas.
3002 4494 3201 4549 Donec
3224 4507 3404 4548 omne
3431 4489 3493 4546 id
3521 4506 3652 4546 sus-

255 4579 566 4650 ὑποστήση,
620 4586 904 4644 τουτέστιν,
979 4583 1039 4634 οὐ
1093 4588 1163 4655 μή
1226 4583 1432 4658 ἐξέλθῃς
1478 4585 1664 4639 ἐκεῖθέν
1721 4607 1864 4643 ποτε.

255 4668 369 4721 ’Δεὶ
413 4672 516 4741 γὰρ
560 4667 1011 4732 καταδικάζονται
1039 4673 1356 4734 κολάζεσθαι
1403 4677 1452 4727 οἱ
1487 4684 1732 4731 τοιοῦτοι.
1768 4678 1868 4729 Οὐ-

258 4754 350 4811 δὲν
381 4754 442 4810 δε
485 4759 666 4812 κωλύει
704 4769 834 4814 νοεῖν
859 4765 923 4814 τὰ
949 4762 1175 4837 ρηθέντα
1199 4768 1288 4816 καὶ
1331 4770 1466 4817 κατὰ
1494 4770 1588 4824 τήν
1615 4765 1867 4838 ἐξήγησιν

255 4853 355 4907 τήν
417 4845 467 4900 ἐν
522 4857 596 4920 τῷ
654 4845 939 4910 δηλωθέντι
988 4857 1205 4926 πέμπτῳ
1275 4855 1533 4928 κεφαλαίῳ
1586 4864 1679 4908 τοῦ
1734 4860 1870 4910 κατὰ

256 4940 555 4995 Ματθαίον.

329 5237 360 5274 ³
384 5233 543 5293 Psal.
571 5250 700 5306 vui,
727 5237 780 5294 3.

1980 4582 2188 4648 tineas,
2210 4582 2290 4640 ad
2320 4583 2487 4654 quod
2532 4583 2970 4640 condemnatus
3001 4598 3152 4650 eras,
3184 4583 3300 4638 hoc
3339 4587 3447 4650 est,
3498 4596 3651 4636 nun~

1977 4689 2166 4746 quam
2197 4673 2337 4729 inde
2393 4673 2582 4730 exibis
2633 4675 2758 4740 ;ad
2794 4674 2910 4731 hoc
2963 4675 3116 4730 enim
3167 4673 3652 4730 condemnantur

1977 4763 2350 4834 hujusmodi,
2381 4771 2442 4819 ut
2471 4780 2709 4836 semper
2735 4765 3078 4837 puniantur.
3106 4763 3260 4820 Nihil
3285 4768 3485 4819 autem
3515 4777 3652 4834 pro-

1976 4853 2158 4918 hibet,
2189 4858 2255 4910 ut
2307 4869 2442 4926 quae
2471 4855 2630 4910 dicta
2662 4859 2816 4921 sunt,
2880 4853 3287 4924 intelligantur
3314 4853 3488 4923 juxta
3522 4866 3657 4906 sen-

1979 4962 2138 5010 sum,
2157 4945 2262 5018 qui
2281 4944 2460 5001 datus
2478 4951 2568 5000 est
2587 4946 2872 5017 praedicto
2888 4945 3101 5018 quinto
3121 4945 3290 5016 juxta
3311 4941 3652 5000 Matthmum

1978 5035 2195 5109 capite.

1467 5417 1696 5495 Varia
1729 5418 2065 5490 lectiones
2106 5429 2174 5490 et
2201 5427 2418 5496 notae.

357 5673 453 5754 τεο)
489 5677 520 5754 6.
538 5681 738 5754 καιρός-

489 5681 762 5810 ῗῖἒῗίείῗιέ
785 5751 1093 5821 nimirum,
1117 5753 1275 5811 Matt.
1307 5767 1368 5810 v.
1390 5755 1487 5812 25.

2056 5680 2168 5753 (32)
2201 5679 2298 5736 His
2335 5678 2505 5753 addit
2524 5680 2855 5753 _Hentenius
2883 5695 2958 5739 ex
2979 5677 3218 5742 Psalmo
3244 5697 3260 5744 :
3289 5684 3396 5741 Τοῦ
3427 5685 3660 5742 καταλῦ-

1979 5770 2087 5808 σαι
2110 5748 2302 5830 ἔχθρόν
2332 5756 2424 5808 καὶ
2451 5748 2765 5815 ἔκδεκητήν,
