4128 6402
485 325 589 381 999

1700 359 1716 377 .
1804 320 2160 381 EUTHYMII
2197 317 2535 385 ZIGABENI

3725 334 3849 394 1000

487 450 647 507 CAP.
683 450 900 506 XLVII.
939 450 1024 506 De
1050 449 1333 520 Galilaeis,
1368 451 1512 506 etiis
1535 450 1640 522 qui
1670 452 1731 506 ιή
1754 451 1934 515 Siloe,
1968 458 2020 506 et
2053 465 2155 505 caa-

2270 457 2418 505 ΧΕΦ.
2490 454 2619 508 ΜΖ’.
2679 459 2799 526 Περὶ
2846 461 2946 506 τῶν
3000 453 3281 507 Γαλιλαίων
3354 460 3442 508 καὶ
3515 467 3609 509 τῶν
3673 460 3716 512 ἐν
3783 473 3848 534 τῷ

1245 548 1392 597 tera.

559 629 703 702 Cap.
779 629 915 686 XIII.
968 631 1133 685 Vers.
1197 632 1250 684 1.
1310 629 1578 686 Aderant
1633 661 1700 672 —
1748 632 2034 699 ipsorum.
2089 627 2153 682 Hi

486 718 731 788 Galilaai,
793 735 931 774 cum
964 724 1162 791 partes
1233 725 1534 775 tuerentur
1582 719 1749 776 Judas
1781 719 2018 785 Galilaai,
2061 734 2154 772 ac-

485 810 671 865 cusati
705 814 859 876 sunt,
907 815 1196 880 tanquam
1229 810 1332 881 qui
1375 826 1412 865 a
1440 810 1661 865 Caesare
1692 809 2064 871 defecissent,
2099 811 2156 862 et

487 896 789 953 Galilaeam
822 898 1107 953 seditione
1147 899 1438 953 adversus
1495 899 1697 970 ipsum
1742 897 2148 970 replevissent.

488 987 632 1042 Cum
675 1002 814 1057 ergo
843 987 1112 1060 quodam
1164 994 1426 1060 tempore
1466 988 1808 1058 congregati
1853 991 2053 1042 essent
2083 1003 2153 1041 ac

487 1076 911 1141 sacriﬁcarent,
947 1077 1171 1133 audivit
1197 1077 1308 1133 hoc
1368 1077 1586 1133 Pilatus
1647 1083 1703 1132 et
1758 1078 1849 1132 ira
1893 1075 2149 1140 fervens,

485 1164 741 1220 mittitin
768 1182 870 1223 eos
904 1166 1757 1238 milites.ipsisquejugulatis,
1795 1166 2151 1235 sanguinein

486 1253 721 1310 illorum
765 1256 1006 1311 miscuit
1074 1256 1381 1311 sacriﬁciis
1411 1255 1703 1327 ipsorum.
1758 1257 1898 1321 Quae
1945 1255 2024 1309 ita
2075 1254 2153 1308 ad

484 1359 610 1399 rem
633 1348 865 1413 gestam
912 1349 1206 1417 spectant,
1240 1346 1324 1400 ita
1356 1361 1418 1398 se
1440 1344 1685 1401 habent.
1714 1345 1974 1400 Aderant
2007 1359 2152 1413 ergo

484 1433 733 1504 quidam
764 1433 971 1498 Judaei,
994 1434 1337 1489 nuntiantes
1363 1433 1594 1490 Christo
1624 1435 1698 1489 de
1719 1434 1856 1502 illis,
1885 1433 2033 1489 scire
2056 1449 2154 1488 cu-

482 1521 730 1591 pientes,
749 1527 948 1578 utrum
961 1526 1259 1593 tanquam
1274 1526 1618 1594 peccatores
1634 1520 1788 1577 ultra
1805 1537 2017 1577 omnes
2033 1537 2152 1576 suae

480 1611 744 1679 regionis
759 1611 1024 1668 Galilaeos
1040 1612 1162 1668 haec
1175 1612 1343 1684 passi
1360 1616 1592 1668 essent:
1621 1613 1705 1667 ita
1723 1612 1881 1668 enim
1902 1611 2016 1684 ipsi
2037 1609 2154 1666 exi-

487 1698 839 1757 stimabant.

575 1793 735 1847 Vers.
761 1797 812 1846 2.
843 1793 909 1846 Et
937 1791 1287 1861 respondens
1315 1823 1381 1830 —
1405 1793 1571 1847 Vers.
1597 1796 1649 1847 3.
1686 1791 1973 1861 peribttis.
2007 1793 2152 1846 Cum
2189 1804 2234 1861 Β

484 1901 690 1942 omnes
721 1881 1064 1953 simpliciter
1115 1885 1313 1936 essent
1332 1885 1695 1953 peccatores,
1738 1881 1848 1936 soli
1878 1880 1959 1935 illi
1986 1896 2152 1950 pass-

485 1980 641 2039 sunt,
671 1976 736 2028 ut
760 1977 814 2026 et
841 1971 951 2041 ipsi
973 1971 1188 2026 darent
1218 1986 1452 2042 pcenas,
1482 1975 1540 2026 et
1569 1973 1766 2026 caeteri
1792 1969 2154 2042 deprehensi

483 2063 939 2136 corriperentur.
973 2060 1088 2116 Nisi
1116 2076 1253 2132 ergo
1311 2060 1752 2116 convertamini
1785 2077 1821 2115 a
1853 2059 2157 2114 movenda

484 2154 773 2210 seditione
805 2151 1096 2206 adversus
1119 2165 1321 2218 regem
1357 2153 1640 2214 vestrum,
1663 2149 1965 2204 Christum
1995 2147 2156 2202 vide-

481 2243 636 2308 licet,
667 2239 1038 2311 subjiciendo
1089 2254 1195 2293 vos
1227 2238 1358 2310 ipsi,
1383 2242 1442 2293 et
1481 2255 1516 2294 a
1565 2238 1797 2294 malitia
1845 2238 1923 2293 ad
1971 2238 2158 2293 virtu-

484 2335 604 2388 tem
650 2352 662 2398 ;
691 2346 878 2387 omnes
903 2330 1178 2385 similiter
1219 2329 1513 2398 peribitz's,
1555 2329 1669 2384 hoc
1695 2332 1801 2392 est,
1834 2327 2015 2382 etiam
2050 2343 2156 2381 vos

482 2423 544 2476 in
575 2421 879 2477 sacriﬁciis
933 2417 1396 2485 interﬁciemini,
1445 2418 1506 2473 in
1533 2417 1760 2491 quibus
1797 2416 2157 2472 extollimini

485 2527 556 2567 ac
601 2509 961 2579 gloriamini.
1017 2510 1079 2561 Et
1125 2507 1209 2562 ita
1259 2507 1486 2563 factum
1539 2510 1651 2562 est.
1686 2507 1749 2562 In
1789 2506 1944 2562 festo
1996 2505 2156 2561 enim

481 2601 746 2670 Pascha},
775 2598 1085 2654 obsidione
1115 2598 1290 2668 capti,
1324 2613 1360 2652 a
1381 2599 1660 2652 Romanis
1689 2597 1825 2652 caesi
1849 2599 2010 2651 sunt.

557 2780 724 2834 Vers.
753 2779 787 2832 4
815 2781 935 2833 Aut
987 2808 1054 2818 —
1077 2777 1240 2831 Vers.
1297 2781 1347 2832 5.
1372 2777 1663 2846 peribitis.
1725 2776 1914 2832 Etiam
1959 2775 2034 2831 de
2064 2775 2158 2831 his

485 2873 614 2926 erat
641 2868 888 2941 quaestio
925 2884 935 2920 :
971 2883 1048 2922 au
1079 2870 1399 2938 propterea
1446 2883 1654 2921 casum
1690 2867 1843 2921 adeo
1865 2866 2155 2922 acerbum

485 2960 647 3032 passi
668 2959 933 3021 fuissent,
989 2958 1151 3028 quod
1173 2961 1370 3011 essent
1418 2961 1763 3027 peccatores
1806 2956 1961 3011 ultra
2011 2972 2152 3010 cun-

485 3053 636 3114 ctos,
660 3048 763 3120 qui
815 3045 1238 3118 Hierosolymis
1280 3046 1636 3102 habitabant
1667 3065 1681 3111 ;
1712 3046 1809 3102 hic
1842 3047 2002 3101 enim
2055 3046 2156 3100 de-

2957 544 3179 616 Σιλωάμ.

2341 637 2589 704 Παρῆσαν
2645 665 2708 672 -
2749 633 2914 685 αὐτῶν
2958 634 3093 706 (33).
3145 635 3306 686 Οὗτοι
3353 638 3400 687 οἱ
3440 635 3712 707 Γαλιλαῖοι,
3763 651 3850 702 τῆς

2265 718 2476 791 μερίδος
2521 727 2658 782 ὄντες
2699 721 2880 776 Ἰούδα
2923 733 3014 775 τοῦ
3062 724 3356 787 Γαλιλαίου,
3392 722 3737 784 διεϐλήθησαν
3786 732 3850 790 ὡς

2266 809 2562 863 ἀποστάται
2619 821 2708 863 τον
2763 818 3045 887 Καίσαρος,
3097 818 3186 864 καὶ
3243 817 3472 874 στάσεως
3521 812 3850 886 ἐμπιπλῶντες

2263 902 2375 950 κατ’
2434 900 2593 952 αὐτου
2647 907 2739 959 τήν
2782 903 3074 955 Γαλιλαίαν.
3138 905 3268 954 Ποτὲ
3325 912 3449 974 γοῦν
3507 905 3633 966 ὁμοῦ
3693 907 3853 958 συνελ-

2266 990 2454 1040 θόντων
2499 996 2587 1042 καὶ
2636 993 2881 1058 θυόντων,
2933 994 3108 1063 μαθὼν
3137 1000 3288 1044 τοῦτο
3339 992 3581 1060 Πιλάτος,
3623 998 3707 1045 καὶ
3747 993 3855 1046 ἁνα-

2265 1078 2422 1139 ζέσας
2479 1089 2549 1149 τῷ
2611 1083 2780 1151 θυμῷ,
2855 1087 3043 1154 πέμπει
3106 1081 3216 1132 κατ’
3289 1081 3457 1132 αὐτῶν
3522 1089 3850 1154 στρατιώτας,

2262 1174 2351 1219 καὶ
2402 1168 2704 1239 ἀποσφάξας
2736 1169 2942 1236 αὐτοὺς,
2991 1174 3046 1221 τό
3097 1172 3229 1241 αἷμα
3275 1173 3468 1222 τούτων
3505 1178 3620 1231 ταῖς
3660 1173 3856 1230 θυσίαις

2266 1259 2433 1309 αὐτῶν
2466 1258 2687 1329 ἀνέμιξε.
2740 1262 2816 1310 Τὰ
2846 1263 2934 1330 μὲν
2985 1255 3070 1311 οὖν
3119 1269 3211 1320 τῆς
3268 1262 3498 1334 ἱστορίας
3529 1261 3677 1314 οὕτω.
3732 1267 3855 1332 Παρ-

2265 1355 2400 1404 ῆσαν
2430 1344 2488 1399 δέ
2514 1367 2642 1409 τινες
2679 1344 2947 1412 Ἰουδαῖοι,
2975 1347 3381 1419 ἀπαγγέλλοντες
3411 1357 3482 1418 τῷ
3516 1357 3723 1423 Χριστῷ
3750 1354 3857 1422 περὶ

2267 1436 2454 1500 αὐτῶν,
2483 1437 2759 1496 ζητοῦντες
2785 1439 2987 1508 μαθεῖν,
3023 1437 3066 1488 εἰ
3093 1441 3162 1498 ὡς
3188 1437 3485 1512 ἁμαρτωλοὶ
3514 1441 3652 1512 παρὰ
3676 1440 3858 1496 πάντας

2264 1530 2386 1586 τοὺς
2413 1529 2720 1598 όμοχωρους
2753 1527 3058 1588 Γαλιλαίους
3086 1535 3306 1579 τοιαῦτα
3349 1529 3683 1580 πεπόνθασιν.
3720 1525 3859 1578 Οὕτω

2265 1617 2366 1688 γὰρ
2399 1617 2542 1667 οὗτοι
2575 1617 2686 1687 r34)
2715 1621 2892 1688 ᾤοντο.

2343 1801 2441 1848 Καὶ
2523 1795 2818 1868 ἀποκριθεὶς
2884 1827 2952 1835 -
3029 1793 3320 1849 ἀπολεῖσθε.
3415 1797 3623 1848 Πάντων
3699 1794 3862 1856 ἁπλῶς

2268 1891 2421 1937 ὄντων
2489 1885 2824 1958 ἁμαρτωλῶν,
2907 1890 3052 1957 μόνοι
3133 1884 3314 1937 ἐκεῖνοι
3387 1887 3720 1948 πεπόνθασιν,
3788 1884 3862 1934 ἳνα

2269 1972 2405 2027 ὃὼσί
2457 1995 2510 2026 τε
2562 1975 2712 2027 αὐτοὶ
2761 1972 2939 2031 δικην.
3003 1980 3091 2026 καὶ
3146 1972 3507 2026 παιδευθῶσιν
3562 1976 3610 2026 οἱ
3660 1972 3860 2024 ὑπολει-

2269 2067 2489 2136 φθέντες.
2560 2064 2674 2118 Ἐὰν
2738 2062 2824 2115 οὖν
2880 2069 2949 2136 μὴ
3010 2063 3399 2136 μεταϐάλλησθε
3453 2063 3553 2115 απὸ
3601 2069 3691 2114 τοῦ
3751 2081 3863 2112 στα-

2270 2147 2468 2214 σιάζειν
2501 2157 2635 2205 κατὰ
2666 2162 2756 2205 τοῦ
2790 2153 3047 2226 βασιλέως
3089 2156 3254 2225 ὑμῶν,
3301 2160 3394 2205 τοῦ
3425 2159 3662 2226 Χριστοῦ
3695 2148 3866 2208 δηλον-

2270 2251 2369 2307 ότι,
2409 2243 2477 2305 εἰς
2525 2247 2581 2294 τό
2643 2245 3027 2296 ὑποτάττεσθαι
3085 2243 3247 2312 αὐτῷ,
3307 2248 3397 2294 καὶ
3434 2241 3533 2294 ἀπό
3578 2245 3760 2300 κακίας
3807 2238 3866 2297 εἰς

2271 2332 2476 2404 ἀρετὴν,
2549 2334 2740 2393 Πάντες
2834 2334 3018 2402 όμοίως
3087 2331 3381 2397 ἀπολεῖσθε,
3467 2335 3720 2392 τουτέστι,
3784 2331 3866 2379 καὶ

2271 2423 2418 2474 αὐτοὶ
2460 2421 2507 2473 ἐν
2562 2430 2670 2481 ταῖς
2727 2423 2934 2480 θυσίαις
2991 2420 3412 2494 ἀναιρεθήσεσθε,
3475 2419 3546 2492 ἐφ’
3607 2419 3683 2478 αἶς
3733 2415 3866 2490 βρεν-

2272 2514 2454 2564 θύεσθε
2498 2517 2587 2563 καὶ
2646 2513 2969 2582 σεμνύνεσθε.
3036 2515 3132 2563 Καὶ
3182 2513 3384 2581 γέγονεν
3442 2510 3627 2570 οὕτως.
3683 2509 3761 2559 Ἐν
3807 2511 3862 2575 τῇ

2271 2601 2413 2674 ἑορτῇ
2455 2604 2556 2672 γὰρ
2617 2609 2707 2652 τοῦ
2759 2603 2957 2671 Πάσχα
3009 2598 3500 2671 ἐκπολιορκηθὲντες
3553 2596 3865 2669 ἀνῃρέθησαν

2269 2692 2368 2742 ὑπὸ
2406 2699 2503 2741 τὼν
2537 2689 2823 2760 Ῥωμαίων,

2338 2779 2404 2831 ’Ἡ
2467 2779 2648 2830 ἐκεῖνοι
2691 2811 2758 2817 -
2804 2777 3096 2831 ἀπολεῖσθε.
3157 2783 3258 2831 Καὶ
3306 2783 3424 2850 περὶ
3472 2779 3663 2830 τούτων
3715 2774 3866 2834 ζήτη-

2271 2889 2348 2929 σις
2408 2867 2489 2930 ἧν,
2546 2869 2589 2920 εἰ
2640 2873 2703 2928 ως
2753 2867 3051 2940 ἁμαρτωλοὶ
3098 2869 3242 2940 παρὰ
3279 2868 3481 2930 πάντας
3520 2870 3639 2927 τοὺς
3692 2864 3737 2916 ἐν
3788 2862 3864 2912 Ἰε-

2265 2958 2541 3033 ρουσαλὴμ
2587 2965 2817 3008 τοιοῦτον
2869 2960 3052 3029 πικρόν
3090 2952 3327 3018 ἐδέξαντο
3382 2957 3562 3018 τέλος·
3627 2953 3866 3025 ὀφειλέτας

2265 3051 2366 3121 γὰρ
2425 3057 2510 3098 νυν
2570 3051 2693 3107 τους
2757 3046 3090 3120 ἁμαρτωλοὺς
3158 3046 3444 3117 ὠνόμασεν.
3511 3047 3867 3115 ’Λποφαίνεται

479 3137 703 3197 bitores
723 3136 1044 3209 appellavit
1066 3139 1429 3207 peccatores.
1458 3136 1732 3191 Ostendit
1759 3137 1962 3207 itaque
1989 3138 2048 3189 et
2079 3134 2154 3189 de

2269 3142 2436 3188 τοίνυν
2490 3143 2578 3187 καί
2638 3141 2756 3208 περὶ
2815 3136 3002 3199 αὐτῶν,
3059 3140 3148 3186 καὶ
3203 3131 3638 3209 διαμαρτύρεται,
3697 3135 3757 3191 ὡς
3787 3129 3865 3181 ἐὰν

485 3227 644 3298 ipsis,
677 3243 747 3283 ac
775 3229 1156 3298 protestatur,
1187 3226 1348 3296 quod
1389 3225 1500 3279 nisi
1532 3227 1984 3290 convertantur,
2028 3239 2152 3279 om-

481 3333 590 3372 nes
637 3317 907 3371 similiter
956 3315 1228 3386 peribunt
1288 3315 1446 3369 :hoc
1501 3318 1610 3382 est,
1644 3318 1702 3370 et
1727 3313 1841 3386 ipsi
1864 3314 2152 3370 acerbum

485 3406 779 3477 accipient
793 3405 998 3470 ﬁnem,
1025 3404 1179 3458 sicut
1198 3403 1379 3458 etiam
1415 3407 1790 3474 acceperunt,
1811 3420 1848 3457 a
1872 3403 2156 3458 Romanis

484 3497 699 3550 misere
725 3495 901 3564 capti.
923 3494 1066 3548 Hinc
1085 3508 1228 3561 ergo
1254 3492 1579 3557 discamus,
1609 3496 1772 3564 quod
1803 3491 2154 3564 temporalis

480 3584 726 3640 fratrum
757 3587 1100 3639 nostrorum
1131 3581 1548 3637 exterminatio
1598 3583 1814 3637 divinae
1865 3583 1925 3636 in
1944 3597 2155 3637 omnes

481 3675 584 3729 iras
610 3672 954 3742 exemplum
981 3677 1087 3736 est,
1114 3671 1269 3725 facta
1295 3669 1372 3724 ad
1396 3671 1834 3727 correctionem
1863 3677 2152 3738 nostram,

483 3766 729 3834 propter
756 3777 1048 3816 summam
1081 3760 1179 3814 Dei
1225 3759 1577 3825 bonitatem,
1605 3776 1725 3815 non
1760 3764 2001 3832 propter
2032 3760 2157 3815 sola

481 3851 722 3908 illorum
753 3854 1016 3922 peccata.
1060 3848 1278 3905 Deinde
1308 3852 1366 3902 et
1408 3849 1758 3920 parabolam
1802 3849 1992 3916 affert,
2033 3866 2155 3922 qua

482 3940 783 4005 ostendat,
811 3940 976 4012 quod
1006 3939 1118 3996 nisi
1147 3939 1524 4010 resipuerint,
1570 3941 1866 4012 peribunt.

553 4118 718 4174 Vers.
781 4119 840 4175 6.
887 4118 1044 4174 Dixit
1092 4123 1287 4174 autem
1318 4148 1388 4160 —
1428 4119 1595 4173 Vers.
1643 4119 1694 4169 7.
1725 4115 2154 4189 occupat?Per

478 4207 652 4264 ficum
682 4207 1084 4279 infrugiferam
1108 4209 1210 4280 (m)
1243 4208 1472 4263 indicat
1500 4210 1886 4278 Synagogam
1916 4209 2148 4263 Iudaeo-

480 4314 637 4366 rum,
663 4298 813 4354 foliis
831 4298 1076 4370 quidem
1092 4297 1502 4354 lascivientem
1529 4313 1595 4352 ac
1615 4297 1927 4362 virentem,
1959 4298 2152 4352 verbis

480 4388 750 4444 videlicet
778 4387 1070 4460 legalibus
1094 4403 1162 4442 ac
1189 4386 1573 4458 propheticis,
1602 4387 1707 4442 sed
1739 4386 1998 4444 fructum
2031 4403 2152 4442 non

481 4476 788 4542 ferentem,
809 4482 974 4549 puta,
997 4477 1291 4532 virtutem.
1314 4476 1502 4532 Vinea
1530 4481 1727 4532 autem
1751 4477 2016 4532 mundus
2039 4487 2151 4544 est,
2186 4524 2230 4578 Ι)

482 4571 678 4637 utpote
711 4568 1029 4636 plantatus,
1079 4571 1141 4620 ut
1167 4566 1428 4621 fructum
1462 4569 1578 4621 Deo
1629 4567 1919 4638 proferret
1945 4567 2153 4637 jucun-

482 4654 784 4709 dissimum
817 4655 1043 4720 ;cultor
1064 4671 1202 4710 vero
1226 4654 1416 4710 vineas
1442 4654 1724 4720 Christus,
1759 4672 1968 4711 curam
2003 4656 2153 4712 scili-

483 4750 802 4812 cetgerens
827 4744 1178 4814 hujusmodi
1203 4744 1408 4814 vineae,
1431 4762 1500 4801 ae
1536 4745 1834 4816 plantator
1852 4745 2152 4813 ﬁdelium;

478 4833 705 4890 habere
757 4839 958 4889 autem
991 4833 1174 4890 ﬁcum
1205 4834 1418 4891 dicitur
1470 4838 1656 4902 Pater,
1703 4835 1866 4890 hunc
1897 4852 2153 4908 namque

483 4923 680 4979 solum
692 4921 908 4980 fatetur
922 4924 1268 4981 Judasorum
1285 4927 1604 4998 Synagoga
1617 4924 1937 4981 Dominum
1955 4942 2152 4982 suum.

2267 3231 2334 3298 μὴ
2394 3226 2778 3294 μεταϐληθωσι,
2834 3227 3017 3285 πάντες
3067 3227 3258 3296 ὁμοίως
3309 3224 3646 3287 ἀπολοῦνται,
3704 3223 3866 3273 τουτέ-

2269 3336 2375 3376 στι,
2436 3321 2524 3367 καὶ
2591 3315 2736 3366 αὐτοὶ
2790 3318 2975 3388 πικρὸν
3039 3315 3153 3385 (35)
3216 3311 3455 3376 δέξονται
3523 3314 3682 3376 τέλος,
3751 3312 3864 3382 ὅπερ

2267 3408 2512 3465 ὡσαύτως
2568 3402 2828 3471 ἐδέξαντο,
2888 3403 3129 3476 χαλεπῶς
3179 3402 3578 3466 ἐξαναλωθέντες
3635 3403 3731 3454 ὑπὸ
3775 3407 3866 3451 τῶν

2264 3494 2547 3567 Ῥωμαίων.
2627 3496 2963 3565 Μανθάνομεν
3023 3493 3110 3544 οὖν
3164 3491 3409 3561 ἐντεῦθεν,
3473 3496 3542 3555 ὡς
3600 3494 3629 3550 ἡ
3689 3491 3862 3562 μερική

2266 3594 2363 3636 τῶν
2433 3581 2666 3656 ἀδελφῶν
2731 3585 2876 3654 ἡμων
2932 3582 3284 3654 ἑξολόθρευσις
3338 3579 3536 3655 δεῖγμα
3590 3590 3679 3641 τῆς
3741 3579 3867 3630 κατά

2266 3677 2468 3725 πάντων
2516 3676 2653 3732 θείας
2713 3671 2870 3744 ὀργῆς
2903 3671 3035 3739 ἐστι,
3086 3676 3219 3746 πρός
3269 3669 3556 3736 διόρθωσιν
3605 3672 3749 3742 ἡμῶν
3795 3686 3866 3738 γι-

2265 3768 2468 3835 νομένη,
2505 3759 2598 3814 διὰ
2640 3766 2731 3818 τὴν
2782 3763 2944 3832 ἄκραν
2992 3764 3294 3832 ἀγαθότητα
3340 3769 3432 3812 τοῦ
3488 3770 3642 3828 Θεοῦ,
3670 3764 3757 3810 καὶ
3812 3755 3863 3808 οὗ

2267 3851 2358 3905 διὰ
2411 3858 2566 3925 μόνας
2624 3856 2711 3912 τὰς
2769 3850 2969 3903 ἐκείνων
3037 3851 3299 3924 ἁμαρτίας
3355 3851 3535 3913 αὐτοῖς
3601 3851 3858 3919 ἐπάγεται.

2267 3941 2394 3994 Εἶτα
2433 3944 2616 3999 τίθησι
2663 3945 2753 3992 καὶ
2784 3939 3085 4014 παραϐολὴν
3143 3939 3517 4013 ἐμφαίνουσαν,
3576 3943 3644 4002 ὡς
3701 3939 3744 3990 εί
3797 3939 3863 4008 μὴ

2265 4031 2680 4105 μεταϐληθῶσιν,
2718 4029 3050 4086 ἀπολοῦνται,

2336 4120 2508 4192 Ἔλεγε
2573 4118 2630 4173 δὲ
2684 4152 2750 4161 ——
2809 4128 3094 4192 καταργεί;
3152 4127 3318 4179 Συκῆν
3371 4120 3486 4192 (36)
3559 4123 3649 4193 μὲν
3709 4119 3868 4188 ἄκαρ-

2263 4231 2357 4263 πον
2399 4207 2660 4268 ὑποδηλοῐ
2715 4215 2809 4268 τὴν
2865 4214 3177 4281 Συναγωγὴν
3232 4219 3330 4262 τῶν
3394 4207 3689 4278 Ἰουδαίων,
3751 4204 3865 4278 φύλ-

2263 4301 2372 4362 λοις
2437 4305 2526 4372 μὲν
2597 4309 2844 4372 κομῶσαν
2910 4305 2999 4351 καὶ
3067 4299 3378 4369 θάλλουσαν,
3445 4304 3633 4366 ε’ἴτουν,
3702 4298 3867 4365 λόγοις

2263 4399 2492 4462 νομικοῖς
2536 4395 2625 4441 καὶ
2681 4386 3059 4462 προφητικοῖς·
3111 4392 3309 4464 καρπόν
3363 4385 3421 4441 δὲ
3459 4395 3531 4462 μῆ
3593 4393 3864 4463 φέρουσαν,

2265 4485 2447 4550 ἤγουν,
2483 4479 2677 4553 ἀρετήν.
2728 4479 2990 4551 Ἀμπελὼν
3031 4475 3109 4545 δὲ,
3160 4481 3184 4530 ό
3233 4483 3450 4552 κόσμος,
3509 4483 3578 4540 ὡς
3611 4476 3866 4551 φυτευθεὶς

2266 4570 2350 4622 ἐπὶ
2385 4580 2453 4640 τῷ
2488 4569 2698 4641 ἐνεγκεῖν
2730 4573 2924 4640 καρπόν
2971 4565 3193 4627 ἣδιστον
3240 4578 3311 4639 τῷ
3365 4577 3480 4640 Θεῷ
3509 4587 3522 4599 ’
3587 4566 3867 4641 ἀμπελουρ-

2266 4665 2354 4731 γὸς
2387 4657 2462 4717 δὲ,
2502 4660 2526 4710 ό
2561 4663 2810 4732 Χριστός,
2846 4661 2909 4717 ως
2949 4656 3338 4730 ἐπιμελούμενος
3366 4666 3459 4709 τοῦ
3498 4660 3737 4710 τοιούτου
3769 4652 3864 4724 ἁμ-

2265 4749 2504 4814 πελώνος,
2559 4753 2646 4799 καὶ
2705 4757 3015 4819 φυτηκομών
3070 4752 3190 4809 τοὺς
3243 4750 3494 4809 πιστούς·
3541 4750 3566 4799 ό
3623 4743 3682 4799 δὲ
3734 4746 3865 4814 ἔχων

2266 4843 2358 4897 τήν
2388 4847 2573 4902 συκῆν,
2607 4840 2744 4888 ἔστιν
2803 4837 2827 4887 ό
2869 4841 3068 4911 [ιατήρ.
3099 4845 3290 4888 Τοῦτον
3337 4839 3435 4912 γὰρ
3477 4841 3630 4910 μόνον
3685 4836 3864 4908 Κύριον

2267 4927 2449 4988 ἑαυτῆς
2487 4930 2516 4986 ὴ
2553 4931 2828 4998 Συναγωγή
2867 4934 2965 4978 τῶν
3012 4922 3282 4980 Ἰουδαίων
3332 4923 3590 4999 όμολόγεῖ.
3631 4929 3765 4999 Τρία
3809 4916 3865 4973 δὲ

1721 5131 1946 5202 Varia;
1973 5133 2299 5203 lectiones
2325 5145 2390 5202 et
2407 5145 2613 5203 notae.

551 5356 664 5430 (33)
717 5360 892 5412 Αὐτῶν
937 5372 1061 5414 non
1091 5357 1358 5428 agnoscit
1400 5355 1722 5430 Hentenius
1766 5357 1828 5412 in
1874 5357 2148 5430 interpre-

481 5427 722 5495 tatione,
757 5430 934 5486 Miror
975 5427 1155 5486 sane:
1175 5431 1289 5485 Nec
1345 5427 1505 5483 enim
1537 5427 1610 5483 de
1636 5428 1745 5485 hoc
1803 5427 2042 5487 monuit
2089 5432 2149 5486 in

481 5499 852 5569 Praefatione,
893 5518 1004 5557 nec
1040 5504 1210 5553 αὐτῶν
1240 5500 1538 5557 omissum
1581 5506 1669 5556 est
1701 5517 1735 5558 a
1768 5502 2014 5573 Vulgalo
2057 5502 2149 5558 in-

485 5577 738 5646 terprete
771 5573 972 5630 Latino
985 5615 998 5629 .

485 5718 522 5738 Di
561 5750 663 5826 (m)
693 5752 984 5823 lnterpres
1020 5750 1252 5807 videtur
1299 5751 1516 5824 legisse
1561 5749 1656 5806 διὰ
1709 5763 1876 5818 συκῆς
1907 5756 2182 5829 ἀκάρπου.

2355 5360 2444 5432 34)
2475 5358 2654 5430 Adi-ot,
2680 5373 2789 5432 pro
2818 5357 2986 5432 οὗτοι,
3020 5365 3076 5413 Β.

2355 5360 2423 5414 34
2475 5359 2654 5430 Adi-ot,
2680 5373 2789 5432 pro
2818 5359 2986 5423 οὗτοι,
3020 5365 3070 5413 Β.

2331 5359 2444 5577 ἑ35ζ
2476 5434 2668 5506 Πικρόν
2697 5435 2788 5484 καὶ
2813 5429 2985 5487 αὐτοί.

2354 5503 2444 5576 36)
2480 5507 2666 5574 Forte,
2697 5509 2830 5563 συκῆ
2862 5505 2953 5577 μὲν
2992 5521 3070 5556 axi

2354 5503 2444 5576 36)
2480 5503 2666 5574 Forte,
2697 5509 2830 5563 συκῆ
2862 5505 2953 5578 μὲν
2992 5503 3258 5580 ἄκαρπος.
