4128 6420
185 346 320 410 1001

1229 344 1601 407 COMMENT.
1642 347 1716 406 IN
1754 343 2016 405 LUCAM.
2060 382 2129 393 —
2166 348 2318 409 CAP.
2362 350 2512 411 XIII.

3445 354 3585 411 1002

185 480 294 538 ἔτη,
348 480 404 530 αἱ
440 483 576 551 τρεῖς
628 476 885 530 πολιτεῖαι
943 484 1043 528 τῶν
1104 472 1400 542 Ἰουδαίων,
1450 478 1480 534 ἠ
1534 476 1633 529 ὑπὸ
1690 484 1789 527 τῶν

1942 477 2045 532 'res
2069 480 2386 549 veroanni,
2421 484 2538 535 tres
2564 477 3067 534 suntJudaeorum
3087 477 3576 553 gubernationes,

185 576 375 640 κριτῶν
406 566 701 639 ἰθυνομένη,
734 571 823 618 καὶ
869 566 900 622 ἡ
934 567 1033 617 ὑπὸ
1069 574 1167 617 τῶν
1200 564 1477 638 βασιλέων,
1507 570 1596 617 καὶ
1627 566 1656 622 ἡ
1690 565 1790 615 ὑπὸ

185 665 286 709 τῶν
312 655 621 730 ἀρχιερέων.
652 662 723 713 Φη
736 660 817 707 σὶν
839 650 948 721 οὖν,
970 653 1228 726 Ἐκκοψον
1268 654 1451 721 αὐτὴν,
1503 651 1537 707 δ
1543 658 1650 706 ιατί
1706 657 1796 704 καὶ

186 751 278 805 τὴν
298 754 397 818 γῆν
433 747 667 816 καθιστᾴ
689 743 854 820 ἀργήν
888 761 901 810 ;

261 834 320 887 Ὀ
353 831 412 887 δὲ
452 865 519 875 -
574 838 788 908 κόπρια.
854 833 1149 908 Παρακαλεῐ
1208 834 1335 906 ὑπὲρ
1374 842 1474 885 τῶν
1506 828 1798 897 Ἰουδαίων,

192 928 262 987 ὡς
315 923 366 987 ἐξ
425 920 695 977 Ἰουδάίων
757 921 1177 998 ἐνανθρωπὴσας,
1230 928 1321 975 καὶ
1392 924 1604 975 ἱκετεύει
1675 922 1803 993 ὑπὲρ

192 1023 293 1066 τῶν
345 1015 482 1065 κατὰ
542 1014 714 1085 σάρκα
772 1020 1056 1083 συγγενῶν,
1111 1010 1363 1084 ἀφεθῆναι
1414 1016 1504 1064 καὶ
1554 1018 1705 1063 τοῦτο
1744 1012 1803 1061 τὸ

196 1106 325 1169 ἔτος,
360 1098 570 1161 δηλαδὴ
629 1105 714 1154 τὸν
757 1105 938 1171 καιρὸν
988 1103 1104 1154 καθ’
1147 1101 1201 1154 ὃν
1256 1098 1557 1166 ἐδίδασκεν,
1600 1101 1691 1162 ἕως
1746 1099 1805 1151 οὗ

196 1192 375 1265 σκάψη
408 1196 502 1250 τήν
545 1190 895 1264 σκληρότητα,
956 1194 1047 1249 την
1086 1196 1205 1266 περὶ
1237 1194 1331 1253 τὰς
1382 1190 1565 1263 ψυχὰς
1614 1190 1804 1256 αὐτῶν,

188 1292 260 1354 τῷ
296 1281 540 1355 ἐργαλείῳ
570 1289 665 1343 τῆς
696 1284 1068 1355 παραινέσεως,
1122 1286 1215 1333 καὶ
1274 1281 1412 1353 βάλῃ
1446 1286 1641 1355 κόπρια
1694 1280 1805 1351 (37)

188 1373 511 1436 λιπαίνοντα,
570 1375 828 1437 τουτέστι,
887 1366 1245 1423 διδασκαλίαν
1336 1375 1652 1423 πιαίνουσαν
1734 1369 1808 1431 εἰς

194 1465 576 1536 καρποφορίαν.

274 1550 378 1603 Κᾶν
432 1582 482 1592 -
524 1554 747 1626 καρπόν.
799 1548 1150 1611 Ἐλλειπτικὸς
1180 1550 1206 1601 ό
1244 1548 1415 1621 λόγος.
1472 1554 1653 1602 Λείπει
1703 1550 1804 1623 γὰρ

190 1645 249 1694 τό
286 1637 352 1693 Εὖ
380 1642 516 1712 ἔχει.

268 1730 327 1783 Εἰ
358 1726 418 1782 δε
474 1760 543 1769 -
582 1728 767 1787 αὐτὴν.
817 1729 907 1790 Εἰς
958 1731 1046 1781 τόν
1103 1727 1352 1800 μέλλοντα
1414 1732 1614 1800 καιρόν.
1665 1737 1805 1781 Υπο-

1912 583 1981 622 ea
2008 567 2275 624 videlicet
2298 585 2416 641 qua
2457 567 2880 639 subjudicibus
2911 567 3295 635 regebantur,
3321 583 3413 635 ea,
3453 583 3579 640 qua

1914 656 2029 711 sub
2050 658 2313 727 regibus,
2355 664 2410 713 et
2431 675 2523 722 ea,
2552 674 2671 729 qua
2699 656 2813 712 sub
2837 656 3239 728 pontiﬁcibus.
3274 657 3365 713 Ait
3396 673 3538 728 ergo
3565 674 3577 714 :

1912 748 2165 804 Succide
2193 749 2382 812 illam,
2404 748 2621 821 utquid
2639 747 2818 802 etiam
2838 752 3055 802 terram
3077 747 3271 803 reddit
3294 749 3575 804 otiosam:

1984 836 2154 894 Vers.
2178 842 2230 893 8.
2257 840 2442 894 Atille
2465 868 2517 878 -
2533 844 2815 895 stercora.
2831 836 3111 893 Precatur
3132 854 3242 909 pro
3259 837 3498 904 Judaais,
3517 843 3579 895 ut

1914 926 2017 999 qui
2035 927 2335 983 exJudaeis
2352 928 2785 983 humanitatem
2802 926 3149 999 assumpsit;
3165 932 3222 982 et
3238 942 3347 999 pro
3359 942 3581 998 cogna-

1917 1018 1989 1070 tis
2032 1016 2207 1086 juxta
2237 1033 2478 1072 carnem
2510 1016 2803 1086 obsecrat,
2837 1021 2896 1073 ut
2926 1017 3019 1074 vel
3053 1017 3167 1072 hoc
3216 1031 3380 1072 anno
3433 1016 3576 1073 relin

1915 1105 2468 1178 quantur,videlicet
2488 1110 2603 1162 tem
2614 1121 2887 1178 porequo
2903 1105 3177 1171 docebat,
3194 1105 3387 1162 donec
3416 1105 3578 1162 eﬂ’on

1916 1193 2082 1251 deret
2116 1195 2405 1261 duritiem,
2434 1211 2571 1267 qum
2604 1195 2665 1250 in
2698 1196 2901 1252 anima
2953 1211 3161 1251 eorum
3197 1201 3324 1252 erat
3361 1195 3577 1251 instru-

1918 1289 2121 1340 mento
2142 1283 2588 1351 admonitionis,
2636 1289 2694 1340 et
2739 1285 2994 1341 mitteret
3042 1290 3307 1341 stercora
3360 1284 3577 1357 impin-

1917 1373 2185 1443 guantia,
2210 1373 2324 1429 hoc
2349 1378 2456 1439 est,
2488 1373 2843 1442 doctrinam,
2896 1389 3031 1446 quae
3065 1374 3143 1429 ad
3175 1373 3578 1430 fructiﬁcatio-

1915 1479 2055 1519 nem
2086 1463 2369 1535 pinguem
2400 1462 2616 1519 reddit.

1987 1553 2157 1608 Vers.
2186 1556 2243 1609 9.
2279 1553 2355 1607 Et
2392 1553 2446 1608 si
2472 1553 2853 1621 —fructum.
2890 1552 3188 1611 Defectiva
3209 1552 3400 1609 oratio
3440 1555 3527 1608 est
3559 1568 3571 1608 :

1916 1641 2115 1698 deﬁcit
2137 1642 2296 1697 enim
2328 1643 2515 1697 :Bene
2548 1658 2608 1696 se
2631 1641 2809 1699 habet
2836 1659 2947 1710 res,
2990 1643 3098 1708 vel,
3124 1643 3274 1698 Bene
3306 1642 3573 1715 quidem.

1987 1732 2153 1787 Vers.
2182 1734 2239 1788 9.
2280 1730 2377 1786 Sin
2408 1730 2672 1787 —illam.
2716 1734 2779 1785 ln
2804 1732 3065 1787 futurum
3090 1737 3346 1803 tempus;
3405 1730 3551 1802 signi

198 1815 353 1876 δηλοί
400 1814 475 1884 δε,
524 1819 641 1870 καθ’
674 1819 727 1870 ὃν
771 1817 1151 1891 ἐπολιόρκησαν
1203 1823 1291 1876 τὴν
1346 1818 1699 1877 Παλαιστίνην
1761 1820 1810 1871 οἱ

1942 1822 2060 1877 icat
2090 1825 2289 1876 autem
2324 1826 2576 1892 tempus,
2600 1836 2722 1893 quo
2742 1821 3004 1877 Judaeam
3047 1821 3413 1877 obsederunt
3463 1819 3578 1876 Ho-

214 1908 472 1979 Ρωειαῖοι.
527 1913 653 1960 Τότε
705 1909 806 1981 γὰρ
865 1917 1095 1979 παγγενῆ
1178 1908 1271 1967 τὴν
1347 1912 1653 1979 Συναγωγὴν
1711 1916 1809 1960 τῶν

196 1994 474 2052 Ἰουδαίων
504 1996 712 2069 ἐξέκοψε
740 2005 836 2059 τῆς
891 2006 994 2068 γῆς
1045 1998 1255 2067 ἐκείνης,
1321 2003 1411 2050 καὶ
1474 1997 1813 2070 ἁντεφύτευσε

191 2092 284 2146 τήν
337 2086 653 2145 Ἐκκλησίαν
705 2095 805 2138 τῶν
876 2094 1223 2161 Χριστιανῶν,
1284 2091 1380 2145 τήν
1430 2086 1509 2139 ἀεὶ
1536 2107 1810 2162 καρποφο-

203 2186 415 2252 ροῦσαν.
472 2176 530 2230 Εἰ
577 2173 637 2229 δέ
692 2196 768 2236 τις
825 2180 961 2228 εἴποι
992 2192 1003 2205 '
1044 2182 1141 2229 Καὶ
1193 2180 1319 2248 μὴν,
1376 2177 1435 2228 οὗ
1484 2180 1813 2229 παντάπασιν

205 2268 437 2340 ἄκαρπος
466 2263 525 2325 ἧν
558 2268 587 2324 ἠ
636 2270 912 2337 Συναγωγή
968 2274 1065 2317 τῶν
1137 2262 1406 2318 Ἰουδαίων
1454 2269 1502 2318 ἐν
1556 2273 1659 2327 τοῖς
1716 2264 1813 2324 δη·

200 2354 476 2418 λωθείσαις
510 2360 651 2430 τρισὶ
678 2354 961 2415 πολιτείαις
995 2372 1007 2383 ·
1053 2353 1484 2430 ἐκαρποφόρησαν
1533 2358 1634 2428 γάρ
1686 2375 1814 2417 τινες

202 2444 253 2496 ίν
296 2444 497 2510 αὐταῖς,
527 2443 654 2497 ἀλλὰ
692 2449 782 2496 καὶ
829 2442 877 2495 ἓν
920 2452 993 2514 τῷ
1022 2452 1210 2519 καιρῷ,
1243 2444 1360 2496 καθ’
1402 2444 1454 2496 ὃν
1486 2441 1766 2498 ἐδίδασκεν
1796 2465 1809 2478 υ

207 2533 439 2607 ἕροὺμεν,
469 2535 550 2586 ὃτι
578 2542 677 2585 τῶν
705 2532 901 2586 πολλῶν
942 2537 971 2591 ἡ
1018 2538 1177 2585 κακία
1204 2533 1450 2586 καλύπτει
1479 2542 1578 2586 τῶν
1628 2534 1813 2605 ὀλίγων

207 2627 304 2681 τὴν
336 2622 544 2699 ἁρετὴν,
576 2627 666 2675 καὶ
708 2626 767 2675 τό
807 2629 908 2674 πᾶν
963 2620 1065 2676 ἀπὸ
1111 2630 1204 2674 τοῦ
1241 2623 1606 2686 πλεονάζοντος
1646 2629 1817 2699 κρίνε-

200 2731 310 2765 ται.

313 2808 461 2855 ΚΕΦ.
497 2800 630 2855 ΜΙΓ.
664 2806 789 2877 Περὶ
812 2808 902 2862 τῆς
934 2799 1167 2874 ἐχούσης
1188 2808 1389 2874 πνεῦμα
1419 2804 1705 2865 ασθενείας.

279 2980 379 3035 Ἦν
407 2977 466 3034 δε
495 2977 771 3034 διδάσκων
800 3012 870 3021 -
906 2982 1062 3035 ὀκτώ.
1096 2985 1367 3054 Δαιμόνιον
1399 2980 1710 3058 ἀρρωστίας,
1741 2985 1812 3054 μὴ

207 3070 299 3123 ἰῶν
330 3071 493 3129 αὐτὴν
514 3071 742 3143 ὑγιᾶναι.

282 3250 391 3304 Καὶ
431 3246 493 3308 ἧν
550 3279 619 3289 --
672 3254 1059 3322 προσεφώνησε.
1111 3249 1525 3323 Σπλαχγνισθιὶς
1584 3250 1816 3305 ἐκάλεσεν

210 3340 398 3397 αὐτήν.

285 3433 387 3481 Καὶ
447 3460 514 3470 -—
563 3432 705 3482 Θεόν.
758 3431 1029 3482 Πιστεύειν
1086 3433 1176 3481 καὶ
1228 3429 1563 3502 εὐγνωμονεῖν
1622 3431 1817 3503 ἔμελλεν

205 3521 235 3578 ἡ
267 3523 423 3590 γυνή.
455 3523 555 3573 Καὶ
581 3521 682 3593 γὰρ
713 3523 804 3571 καὶ
831 3515 905 3571 δι’
931 3518 1087 3573 αὐτὸν
1133 3516 1276 3585 ἦλθε,
1304 3526 1394 3572 καὶ
1427 3520 1633 3573 ἰαθεῐσα
1660 3521 1820 3594 εὐχα-

204 3616 377 3677 ριστεί
403 3628 415 3640 ·
452 3604 539 3660 διὸ
564 3613 650 3660 καὶ
675 3612 883 3681 ταχέως
912 3610 1074 3667 αὐτὴν
1103 3609 1434 3684 ἐθεράπευσε,
1454 3610 1590 3683 λόγῳ
1617 3616 1725 3684 μὲν,
1752 3616 1821 3674 ὡς

207 3702 356 3765 Θεὸς,
392 3697 623 3751 ἐπιθέσει
649 3694 708 3751 δε
745 3707 961 3773 χειρῶν,
986 3700 1057 3761 ὡς
1077 3700 1365 3775 ἄνθρωπος.

279 3878 508 3929 Ἐτύπου
541 3873 600 3929 δὲ
629 3877 658 3935 ἢ
691 3880 822 3949 γυνὴ
871 3876 1003 3933 αὕτη
1057 3881 1153 3936 τὴν
1202 3883 1378 3937 κοινὴν
1421 3878 1816 3953 ἀνθρωπότητα,

211 3973 327 4027 ταῖς
384 3964 647 4039 ίπηρείαις
698 3974 791 4017 τοῦ
849 3971 1052 4018 Σατανᾶ
1116 3964 1508 4035 ἀσθενήσασαν,
1571 3975 1661 4022 καὶ
1720 3972 1820 4023 ὑπὸ

206 4066 308 4110 τῶν
352 4057 529 4108 παθῶν
584 4054 652 4115 εἰς
707 4062 807 4126 γῆν
874 4059 1302 4127 συγκύπτουσαν,
1359 4062 1450 4110 καὶ
1479 4064 1656 4130 χαμαὶ
1697 4064 1824 4134 πρὸς

207 4150 278 4198 τὰ
320 4146 485 4219 γεηρὰ
555 4148 866 4218 συρομένην,
929 4149 1019 4197 καὶ
1080 4150 1152 4217 μὴ
1215 4142 1504 4217 δυναμένην
1560 4146 1824 4219 ἀνακύψαι

208 4236 343 4296 ὅλως
366 4238 496 4307 πρὸς
525 4235 592 4285 τὰ
643 4233 860 4307 οὐράνια
903 4239 993 4286 καὶ
1048 4236 1160 4287 θεῖα
1211 4240 1301 4287 καὶ
1351 4239 1526 4301 νοητὰ,
1561 4237 1621 4296 ἣν
1661 4238 1822 4301 οὕτως

208 4325 438 4385 ἐλεεινῶς
484 4326 736 4396 ἔχουσαν,
795 4326 1030 4397 ᾤκτειρεν
1088 4325 1113 4376 ό
1174 4324 1415 4386 πλάστης
1498 4326 1676 4391 αὐτῆς,
1735 4332 1825 4379 καὶ

208 4413 422 4467 ἐκάλεσε
476 4416 608 4486 πρὸς
669 4412 850 4466 ἑαυτὸν
911 4410 1005 4466 διὰ
1046 4421 1138 4466 τοὺ
1178 4414 1517 4487 Εὑαγγελίου,
1546 4423 1637 4470 καὶ
1666 4415 1825 4492 ἀνωρ-

1926 1911 2107 1967 mani.
2123 1912 2283 1965 Tunc
2297 1910 2452 1965 enim
2468 1910 2817 1980 generaliter
2834 1926 3210 1982 synagogam
3227 1911 3576 1965 Iudaeorum

1924 1999 2190 2057 excidita
2216 2005 2370 2055 terra
2394 1999 2493 2055 illa
2527 2015 2594 2067 ;a
2622 1999 2756 2055 loco
2806 2001 2933 2071 ejus
2991 2000 3445 2055 Christianorum
3476 2000 3577 2053 Ec-

1924 2090 2162 2146 clesiam
2214 2088 2519 2161 plantavit,
2577 2104 2711 2160 quae
2769 2089 3031 2145 fructum
3091 2104 3325 2160 semper
3381 2086 3572 2143 affert.

1925 2180 2093 2246 Quod
2116 2180 2163 2234 si
2189 2180 2324 2251 quis
2356 2179 2515 2234 dicat
2556 2196 2569 2234 :
2610 2183 2737 2236 Non
2773 2194 3004 2250 semper
3058 2178 3407 2248 infrugifera
3453 2182 3577 2234 erat

1928 2273 2243 2342 Syuagoga
2283 2269 2626 2325 Judaaorum
2649 2271 2709 2325 in
2744 2268 3044 2341 praedictis
3076 2270 3262 2324 tribus
3283 2269 3576 2339 guberna-

1926 2360 2186 2415 tionibus
2211 2378 2225 2426 ;
2248 2359 2493 2431 quidam
2521 2360 2680 2415 enim
2702 2360 2850 2415 inter
2866 2375 2965 2414 eos
2983 2358 3066 2429 (η)
3094 2358 3342 2413 fructum
3371 2357 3578 2412 attule-

1924 2454 2059 2504 runt
2082 2448 2261 2504 etiam
2286 2456 2553 2521 tempore
2574 2465 2693 2521 quo
2718 2449 2969 2504 docebat
2994 2448 3286 2513 Christus;
3307 2448 3578 2502 dicemus

1922 2538 2088 2610 quod
2133 2537 2455 2595 multorum
2497 2538 2720 2595 malitia
2756 2554 3083 2611 paucorum
3114 2537 3370 2593 occultat
3399 2537 3577 2592 virtu-

1925 2630 2067 2694 tem;
2082 2632 2218 2684 etex
2231 2627 2562 2701 eo,quodin
2579 2629 2709 2700 ipso
2722 2626 3274 2699 abundat,quidvisj
3287 2626 3576 2681 udicatur.

1928 2805 2083 2862 CAP.
2106 2805 2439 2862 XLVIII.De
2457 2806 2707 2863 muliere
2736 2811 3066 2868 contracta,
3098 2803 3376 2875 spiritum
3407 2803 3583 2872 inﬁr-

2498 2894 2716 2951 mitatis
2747 2895 3007 2951 habente.

2001 2985 2170 3042 Vers.
2211 2987 2298 3041 10.
2330 2984 2793 3041 Ποσθὺαιαιιιθηι
2826 3016 2893 3027 -
2924 2986 3083 3039 Vers.
3120 2984 3207 3039 11.
3265 2990 3414 3039 octo.
3460 2982 3582 3037 Das-

1934 3073 2202 3131 monium
2266 3072 2705 3141 imbecillitatis,
2766 3087 2890 3128 non
2936 3072 3138 3128 sinens
3181 3072 3347 3129 illam
3389 3070 3585 3129 vivere

1853 3177 1895 3234 ο
1930 3180 2069 3221 cum
2098 3163 2307 3221 salute.

2002 3257 2162 3310 Vers.
2200 3255 2289 3311 11.
2321 3252 2578 3325 Eratque
2610 3283 2674 3294 —
2700 3251 2862 3309 Vers.
2926 3255 3008 3309 t2.
3069 3258 3317 3310 vocavit.
3365 3251 3586 3308 Miseri-

1929 3344 2134 3401 cordia
2161 3348 2358 3400 motus
2379 3343 2612 3399 vocavit
2637 3342 2823 3399 illam.

2004 3435 2274 3490 Vers.12.
2305 3434 2472 3488 Ει-
2500 3433 2663 3487 Vers.
2712 3435 2794 3488 l3.
2852 3431 3053 3488 Deum.
3110 3430 3417 3488 Creditura
3462 3434 3588 3487 erat

1932 3523 2215 3579 mulieret
2260 3528 2427 3596 grata
2474 3522 2694 3580 futura.
2743 3521 3059 3594 Siquidem
3101 3521 3283 3578 etiam
3345 3527 3590 3594 propter

1928 3614 2131 3686 ipsum
2160 3618 2419 3677 venerat,
2449 3615 2505 3668 et
2544 3615 2759 3668 sanata
2779 3611 3003 3681 gratias
3034 3612 3178 3681 agit.
3212 3609 3351 3666 ldeo
3378 3610 3591 3665 veloci-

1930 3709 2018 3761 ter
2046 3719 2179 3759 eam
2220 3703 2466 3769 curavit;
2499 3702 2684 3757 verbo
2713 3701 2977 3775 quidem,
3013 3706 3075 3757 ut
3106 3701 3591 3766 Deus,manuum

1930 3809 2072 3849 vero
2098 3790 2508 3865 impositione,
2557 3796 2836 3863 tanquam
2885 3791 3091 3847 homo.

2005 3882 2322 3954 Figurabat
2350 3881 2478 3937 haec
2504 3880 2715 3936 mulier
2736 3884 3125 3935 communem
3150 3878 3593 3936 humanitatem

1934 3974 2168 4029 Satanm
2198 3969 2518 4027 insultibus
2543 3969 2940 4037 debilitatam,
2963 3974 3019 4025 et
3050 3968 3128 4024 ab
3180 3968 3492 4024 aﬂ‘ectibus
3530 3969 3595 4023 in

1934 4067 2150 4118 terram
2174 4060 2542 4123 inclinatam,
2566 4075 2634 4114 ac
2659 4057 2826 4113 humi
2856 4058 2933 4113 ad
2954 4062 3186 4113 terrena
3198 4062 3591 4113 contractam:

1932 4166 2045 4207 nec
2073 4150 2322 4206 omnino
2346 4153 2645 4220 potentem
2675 4147 2748 4202 ad
2771 4146 3056 4212 cmlestia,
3090 4146 3294 4202 divina
3327 4162 3397 4203 ac
3427 4145 3595 4201 intel-

1932 4240 2183 4311 ligibilia
2220 4241 2398 4312 caput
2444 4253 2682 4293 sursum
2729 4237 2974 4306 erigere,
3026 4235 3200 4307 cujus
3250 4236 3332 4291 ita
3380 4235 3593 4289 misere

1934 4330 2205 4387 habentis
2243 4332 2525 4385 misertus
2577 4331 2683 4383 est.
2744 4326 2843 4398 qui
2903 4341 3036 4382 eam
3076 4324 3437 4380 formaverat
3479 4339 3491 4379 :
3537 4328 3595 4379 et

1935 4435 2042 4493 per
2068 4418 2455 4489 Evangelium
2488 4417 2567 4473 ad
2595 4432 2657 4472 se
2681 4414 2922 4471 vocavit
2960 4429 3030 4470 ac
3055 4413 3259 4479 erexit,
3295 4418 3358 4469 ut
3408 4411 3590 4478 viam,

213 4508 382 4558 θωσεν
414 4502 486 4565 εἰς
506 4506 565 4555 τὸ
587 4502 888 4578 εὐθυπορεῖν
936 4506 1030 4563 τὴν
1082 4506 1214 4580 πρὸς
1274 4504 1486 4579 οὐρανὸν
1526 4505 1813 4580 ἀνάγουσαι

1942 4524 2071 4584 quia
2102 4508 2164 4564 in
2194 4506 2410 4563 cmlum
2449 4506 2634 4576 ducit,
2675 4510 2838 4561 recta
2874 4503 3171 4561 transiret.

208 4590 361 4647 ὁδόν.

285 4682 612 4757 Ἀποκριθεὶς
663 4713 734 4723 -
774 4681 1065 4736 Σαϐϐάτου.
1117 4687 1251 4759 Πρὸς
1308 4689 1394 4739 τὸν
1454 4692 1685 4760 Χριστὸν
1741 4691 1825 4743 οὐ-

210 4770 306 4827 δἐν
373 4774 529 4843 εἶπεν,
581 4770 951 4846 εὐλαϐούμενος
1019 4777 1113 4833 τὴν
1165 4774 1590 4848 ὑπερϐάλλουσαν
1640 4778 1824 4853 ἀρετὴν

216 4862 408 4918 αὐτοῦ.

290 4951 575 5029 Ἀπεκρίθη
639 4982 709 4994 --
768 4949 1036 5005 Σαϐϐάτου
1089 4971 1108 5026 ς
1176 4951 1486 5030 ’Υποκριτὰς
1704 4960 1826 5013 and-

2012 4686 2158 4743 Vers
2218 4689 2299 4741 14.
2344 4684 2720 4754 Respondens
2749 4713 2821 4724 -—
2866 4680 3117 4737 Sabbali.
3168 4678 3396 4735 Christo
3448 4677 3594 4735 nihil

1936 4779 2100 4843 dixit,
2132 4776 2349 4833 veritus
2373 4773 2659 4830 eximiam
2679 4773 2810 4845 ejus
2853 4772 3158 4830 virtutem.

2008 4958 2173 5016 Vers.
2223 4953 2312 5009 15.
2373 4948 2688 5023 Respondit
2747 4978 2815 4989 —
2870 4945 3033 5005 Vers.
3098 4946 3183 5001 16.
3263 4940 3504 5001 Sabbah'
3563 4939 3593 4998 ?

1434 5135 1656 5207 Variae
1685 5139 2019 5212 lectiones
2060 5145 2128 5207 et
2156 5144 2336 5205 notae

289 5329 408 5403 (37)
436 5334 603 5386 Hunc
633 5329 834 5405 ipsum
864 5324 1066 5405 locum
1089 5329 1340 5405 respicit
1367 5332 1683 5405 Gregorius
1712 5338 1821 5393 Na-

210 5400 693 5478 zianzenus,_qui
724 5417 862 5457 cum
916 5400 1224 5478 codicibus
1271 5404 1617 5462 melioribus
1662 5408 1821 5478 legit,

208 5472 673 5552 x61rpm,Habét_
706 5479 906 5552 autem
966 5472 1259 5552 περιϐαλεῖν
1314 5481 1526 5552 κόπρια.
1592 5495 1651 5552 p.
1694 5472 1821 5552 156,

212 5544 378 5606 med.
412 5550 629 5603 lterum
659 5544 819 5601 hunc
845 5544 1046 5603 locum
1077 5544 1615 5619 attingens,éodem
1641 5544 1823 5608 modo

1933 5334 2131 5393 refert.
2165 5336 2269 5390 239
2300 5329 2404 5388 ﬁn.
2434 5327 2574 5385 Utor
2601 5329 2803 5382 autem
2818 5323 3075 5380 editione
3109 5317 3379 5391 Gregorii
3406 5317 3594 5377 Basil.

1934 5409 2075 5464 1550
2114 5400 2643 5481 quamquondam
2678 5396 2913 5481 juvenis
2948 5398 3377 5481 ptractaveram.
3480 5465 3492 5481 ε

2006 5479 2120 5551 (38)
2136 5468 2381 5532 'Eteuim
2410 5473 2464 5528 iu
2495 5476 2657 5528 textu
2687 5468 2907 5524 habent
2936 5468 3236 5540 ὑποκριταί,
3300 5479 3424 5520 non
3470 5468 3597 5516 ὑπο·

1932 5570 2107 5625 κριτα.

288 5700 379 5773 (n)
412 5700 578 5755 Inter
614 5711 727 5773 eos.
762 5695 1352 5773 Videturinvenisse,
1382 5699 1431 5755 ἕν
1463 5702 1658 5766 αὐτοῖς.
1693 5701 1813 5761 Μειι

1942 5709 1978 5757 ἰν
2010 5701 2214 5769 αὐταῖς,
2256 5697 2317 5755 id
2348 5700 2455 5765 est,
2488 5700 2603 5756 ταῖς
2631 5693 2777 5769 τρισί
2814 5686 3052 5743 πολιτεία
3093 5691 3155 5755 ις.
3185 5689 3337 5761 Ergo
3359 5689 3421 5745 in
3447 5688 3592 5744 istis.

218 5767 516 5830 Morante
556 5768 732 5826 etiam
767 5767 1109 5828 addiderim
1139 5774 1301 5845 quin.

501 5865 745 5925 ΡΑτιιοι..
788 5867 892 5928 Gn.
933 5866 1179 5929 CXXIX.

3244 5857 3317 5923 32
