4128 6396
507 317 644 383 1003

1850 308 2203 374 EUTHYMII
2239 310 2563 373 ZIGABENI

3753 310 3897 372 1004

508 447 861 524 Hypocritas
892 445 1220 503 nominavit
1243 459 1344 500 eos
1388 443 1491 515 qui
1548 458 1685 499 cum
1751 442 2017 515 principe
2065 444 2163 513 Sy-

2290 461 2417 494 ιιασε
2446 446 2567 504 τοὺς
2591 443 2727 495 κατὰ
2756 442 2871 513 (39)
2920 446 3006 494 τὸν
3052 438 3519 517 ἀρχισυνάγωγον,
3573 445 3639 504 ὡς
3664 445 3896 518 ύποκρι-

508 554 764 613 ηδεοεω
802 541 970 593 erant
998 539 1219 607 :utpote
1259 532 1569 601 ﬁngentes,
1606 549 1670 587 se
1699 532 1891 601 legem
1917 531 2165 588 Sabbati

508 629 828 692 honorare,
861 625 962 682 sed
1005 624 1117 679 hoc
1133 629 1419 695 praetextu
1444 638 1617 677 suam
1643 620 1930 677 invidiam
1966 620 2170 676 defen-

510 718 744 782 dentes,
771 732 840 772 ac
856 714 1344 784 sanitatem,qum
1375 710 1650 767 Sabbatis
1675 710 1935 775 daretur,
1970 709 2168 783 prohi-

510 806 720 863 bentes
763 804 933 877 :quia
965 802 1228 858 Sabbato
1263 800 1644 872 potissimum
1711 799 1981 865 curabat,
2038 799 2169 854 ideo

509 896 677 968 quod
698 899 838 950 tunc
866 907 1192 948 concursus
1213 896 1370 945 esset
1399 890 1722 954 turbarum,
1741 893 1798 945 et
1830 895 1970 945 tunc
2002 889 2171 945 vehe-

512 990 745 1041 menter
774 981 1155 1040 admirationi
1205 978 1559 1036 habebatur.

583 1070 1061 1144 Authypocritas
1089 1069 1257 1138 dixit,
1312 1068 1456 1141 puia
1516 1067 1845 1139 ﬁngebant,
1916 1084 1980 1123 se
2024 1068 2170 1124 scire

511 1163 729 1234 legem,
759 1162 889 1231 ejus
905 1157 1854 1227 autemintellectumtgnorabant
1884 1173 1895 1211 :
1940 1157 1989 1213 si
2009 1159 2171 1213 enim

514 1266 722 1308 curam
736 1248 1094 1306 irrationalis
1104 1248 1358 1320 jumenti
1376 1245 1965 1319 permittebat,multo
1978 1245 2169 1315 magis

514 1338 1195 1409 rationalis,cumlonge
1230 1336 1539 1409 pretiosior
1554 1336 1627 1393 sit
1660 1335 1845 1393 homo
1874 1336 2168 1408 jumento.

588 1518 752 1574 Vers.
785 1518 873 1572 t7.
908 1517 1168 1587 Cumque
1195 1514 1319 1571 hac
1348 1514 1568 1571 diceret
1608 1545 1675 1555 —
1726 1516 1874 1584 ejus.
1932 1514 2172 1586 Propter

517 1607 1055 1680 reprehensionem,
1101 1605 1196 1660 cui
1240 1604 1635 1659 contradicere
1698 1620 1817 1660 non
1883 1610 2169 1676 poterant.

590 1700 748 1753 Vers.
776 1697 860 1751 t7.
887 1697 963 1752 Et
988 1694 1177 1751 omnis
1214 1724 1284 1734 —
1321 1709 1405 1749 eo.
1463 1696 1776 1766 Tanquam
1825 1694 1903 1749 ab
1951 1694 2173 1751 invidia

516 1786 723 1854 libera,
747 1793 803 1842 et
831 1791 1125 1857 tanquam
1151 1784 1227 1839 ab
1257 1783 1391 1856 ipso
1418 1783 1632 1839 affecta
1674 1782 1991 1842 beneﬁcio.

912 1874 1064 1930 CAP.
1104 1873 1288 1928 XLIX.
1334 1872 1411 1930 De
1452 1874 1775 1943 parabolis.

590 1964 759 2021 Vers.
808 1965 890 2020 t8.
923 1963 1167 2021 Dicebat
1195 1994 1261 2002 —
1305 1963 1463 2018 Vers.
1504 1967 1584 2019 19.
1615 1964 1797 2020 ramis
1828 1966 1976 2034 ejus.
2008 1964 2171 2020 Hanc

518 2054 966 2117 similitudinem
996 2052 1230 2109 vocavit
1251 2052 1555 2109 Mattheus
1587 2052 1955 2124 parabolam,
1983 2071 2173 2128 quam

518 2144 751 2203 tertiam
776 2141 1073 2199 ordinavit
1120 2140 1398 2197 vicesimo
1456 2147 1675 2214 quarto
1732 2143 2033 2215 Evangelii
2078 2143 2174 2199 sui

520 2233 737 2305 capite,
779 2236 837 2288 et
872 2236 931 2288 in
955 2232 1085 2303 ipso
1104 2230 1232 2301 lege
1262 2231 1391 2300 ejus
1438 2231 1872 2288 enarrationem
1914 2235 1957 2285 ³.

590 2324 755 2381 Vers.
784 2321 870 2376 20.
914 2322 1233 2377 Rursus—
1280 2321 1442 2376 Vers.
1491 2320 1585 2378 2t.
1641 2327 1844 2376 totum.
1901 2324 2021 2378 Hoc
2065 2329 2172 2394 est,

518 2418 643 2471 tota
669 2411 878 2468 farina.
915 2414 1078 2468 llanc
1107 2426 1351 2482 quoque
1391 2409 1841 2466 similitudinem
1870 2411 1967 2467 ille
2016 2411 2175 2468 dicto

520 2502 706 2574 capite
718 2500 1041 2557 nominans
1054 2498 1647 2572 parabolam,quarto
1662 2499 1795 2556 loco
1808 2500 2173 2567 collocavit‘,

520 2599 579 2650 et
602 2607 804 2666 quare
824 2592 1004 2647 etiam
1028 2590 1111 2646 ibi
1141 2592 1273 2659 ejus
1317 2588 1887 2660 interpretationem.

590 2684 633 2753 -ι-
665 2682 701 2749 1-
753 2682 888 2736 Haec
938 2679 1164 2735 habent
1208 2680 1755 2749 interpretationem
1808 2681 2175 2737 accuratissi-

516 2787 702 2831 mam.
734 2770 934 2829 Mulier
976 2770 1137 2825 enim
1191 2774 1280 2823 est
1333 2767 1591 2824 Ecclesia
1629 2769 1776 2841 Dei;
1833 2770 2174 2826 fermentum

513 2866 738 2925 autem,
771 2858 974 2914 divina
1000 2863 1107 2912 eta
1134 2859 1253 2912 Deo
1278 2857 1497 2929 scripta
1518 2856 1649 2923 lex;
1680 2862 1793 2913 tres
1811 2875 1949 2914 vero
1971 2867 2171 2932 partes

514 2956 731 3009 mentis
763 2954 901 3004 sunt
932 2947 1043 3003 tria
1070 2952 1221 3013 sata,
1256 2946 1504 3002 allectus
1555 2948 1970 3018 vehementior,
2007 2950 2173 3005 intel-

511 3040 699 3099 lectus
728 3043 785 3094 et
806 3036 1170 3093 desiderium
1204 3034 1511 3092 meliorum
1540 3053 1815 3109 operum,
1852 3039 1910 3093 in
1946 3039 2171 3111 quibus

2279 536 2520 603 νομένους
2549 536 2638 605 μὲν
2668 538 2821 604 τιμᾴν
2847 534 2934 584 τὸν
2962 540 3051 585 τοῦ
3076 532 3341 585 Σαϐϐάτου
3365 530 3894 605 νόμον,ἐκδικούντας

2282 618 2341 674 δὲ
2370 626 2455 673 τόν
2488 624 2668 694 φθόνον
2718 622 2929 686 ἑαυτῶν,
2987 627 3069 673 καὶ
3101 622 3396 684 κωλύοντας
3418 628 3511 681 τήν
3537 625 3588 674 ἓν
3640 622 3893 695 Σαϐϐάτῳ

2282 710 2575 782 θεραπείαν,
2616 707 2755 763 διότι
2782 711 2831 763 ἐν
2863 711 3108 783 Σαϐϐάτῳ
3139 711 3373 783 μάλιστα
3429 714 3742 785 θεραπεύων,
3799 711 3896 765 διὰ

2278 804 2371 857 τήν
2402 808 2687 857 τηνικαῦτα
2717 796 3016 874 συνδρομήν
3041 809 3141 853 τῶν
3170 800 3340 873 ἄλλων
3374 810 3665 859 τηνικαυτα
3710 798 3892 874 διαφε-

2278 895 2466 962 ρόντως
2489 889 2835 963 ἐθαυμάζετο.

2350 1068 2417 1121 ἸΙ
2470 1072 2539 1130 ὡς
2602 1071 3036 1145 ὑποκρινομένους
3114 1073 3204 1142 μεν
3294 1066 3487 1123 εἰδέναι
3556 1074 3640 1123 τὸν
3731 1077 3889 1144 νόμον

2280 1159 2586 1230 ἀγνοοῦντας
2618 1156 2677 1211 δὲ
2710 1165 2805 1218 τήν
2838 1156 3074 1211 διάνοιαν
3122 1164 3301 1212 αὐτοῦ.
3338 1160 3397 1212 Εἰ
3450 1162 3553 1235 γὰρ
3582 1165 3675 1218 τήν
3716 1159 3891 1233 ἐπιμέ-

2277 1248 2416 1301 λειαν
2455 1258 2546 1301 τοῦ
2588 1248 2776 1321 ἀλόγου
2810 1250 2947 1310 ζώου
2979 1255 3319 1321 συνεχώρησε
3340 1250 3475 1321 (41)),
3496 1248 3667 1320 πολλῷ
3698 1250 3892 1322 μᾶλλον

2279 1342 2373 1397 τήν
2412 1346 2503 1390 τοῦ
2528 1338 2741 1411 λογικου
2773 1359 2785 1372 ο
2811 1345 3112 1413 τιμιώτερος
3139 1342 3241 1414 γὰρ
3264 1348 3356 1391 τοῦ
3386 1346 3609 1402 κτήνους
3637 1342 3663 1391 ὁ
3693 1342 3895 1415 ἄνθρω-

2278 1448 2394 1490 πος.

2354 1523 2454 1570 Καὶ
2474 1524 2643 1570 ταῦτα
2692 1517 2925 1590 λέγοντος
2960 1549 3029 1560 -—
3076 1518 3237 1589 αύτῷ.
3272 1521 3368 1571 Διὰ
3398 1522 3485 1571 τόν
3520 1517 3894 1594 ἀναντίρρητον

2280 1608 2391 1680 ἕλεγ
2396 1628 2517 1679 χον.

2355 1704 2454 1751 Καὶ
2484 1704 2581 1758 πᾶς
2605 1727 2677 1739 -
2715 1698 2892 1750 αὑτοῦ.
2914 1697 3002 1760 Ὠς
3029 1696 3419 1771 ἀπηλλαγμένος
3450 1696 3770 1771 βασκανίας,
3798 1704 3891 1751 καὶ

2204 1799 2249 1853 Β
2283 1790 2350 1850 ὡς
2372 1787 2783 1859 εὐεργετούμενος
2822 1789 2908 1839 ὑπ’
2936 1788 3119 1841 αὐτοῦ.

2598 1883 2741 1930 ΚΕΦ.
2789 1877 2900 1930 ΜΘ’
2973 1882 3096 1949 Περὶ
3122 1886 3221 1929 τῶν
3251 1859 3581 1952 παραϐολῶν,

2353 1964 2528 2037 Ἔλεγε
2566 1997 2634 2007 --
2673 1963 2891 2027 κλάδοις
2914 1966 3093 2019 αὐτου.
3124 1970 3329 2024 Ταύτην
3358 1973 3453 2026 τήν
3484 1969 3759 2040 ὁμοίωσιν,
3785 1986 3895 2019 πα·-

2282 2054 2501 2129 ραϐολήν
2531 2056 2794 2128 ὠνόμασεν
2827 2058 2851 2107 ό
2892 2058 3176 2119 Ματθαῖος,
3219 2056 3279 2114 ἣν
3304 2062 3393 2108 καὶ
3430 2061 3613 2131 τρίτην
3648 2056 3821 2118 ἔταξεν
3844 2055 3894 2107 ἐν

2283 2152 2356 2214 τῷ
2384 2145 2601 2216 εἰκοστῷ
2626 2147 2849 2217 τετάρτῳ
2880 2146 3138 2217 κεφαλαίῳ
3166 2146 3349 2203 αὐτοῦ,
3375 2153 3471 2199 Καὶ
3509 2145 3767 2217 ἀνάγνωθι
3798 2152 3895 2204 τήν

2285 2233 2536 2305 ἐξήγησιν
2556 2234 2719 2296 αὐτῆς
2752 2233 2799 2285 ὶν
2822 2234 3014 2305 ἐκείνῳ.

2358 2322 2517 2375 Πάλιν
2544 2354 2611 2363 -
2637 2324 2769 2378 ὅλον.
2802 2322 2956 2376 Ὀλον
2981 2327 3040 2376 τὸ
3071 2324 3301 2398 ἄλευρον.
3350 2331 3449 2377 Καὶ
3484 2327 3679 2382 ταύτην
3711 2320 3769 2377 δε
3796 2329 3895 2384 τὴν

2286 2415 2534 2485 ὁμοίωσιν
2564 2417 2815 2476 ὡσαύτως
2842 2414 2954 2484 (lit)
2986 2413 3288 2487 παραϐολήν
3312 2413 3501 2476 ἐκεῖνος
3542 2413 3810 2487 ὀνομάσας
3842 2414 3893 2465 ἐν

2285 2502 2457 2574 ἐκείνῳ
2506 2512 2576 2574 τῷ
2605 2504 2863 2575 κεφαλαίῳ
2912 2504 3027 2576 (42)
3055 2506 3303 2577 τετάρτην
3334 2503 3500 2571 ἔταξε,
3542 2510 3627 2556 καί
3663 2508 3895 2567 ζήτησον

2284 2598 2375 2645 καὶ
2404 2598 2494 2651 τήν
2523 2596 2720 2655 ταύτης
2744 2594 3013 2667 ἑρμηνείαν
3049 2592 3173 2650 ἐκεῖ.

2354 2682 2558 2755 [Ταῦτα
2584 2683 2695 2754 (43)
2750 2685 2967 2753 ἔχουσιν
3000 2682 3251 2754 ἐξήγησιν
3300 2682 3704 2755 ἀκριϐεστάτην.
3758 2686 3896 2740 Γυνή

2283 2778 2373 2845 μέν
2404 2771 2565 2839 ἐστιν,
2618 2774 2645 2830 ὴ
2683 2777 2811 2825 Θεοῦ
2854 2772 3145 2830 Ἐκκλησία
3177 2792 3189 2805 ο
3229 2773 3367 2845 ζύμη
3412 2770 3491 2841 δε,
3543 2774 3569 2824 ὁ
3630 2774 3763 2832 θεῖος
3803 2778 3898 2823 καὶ

2286 2862 2569 2935 θεόγραφος
2605 2866 2755 2934 νόμος
2798 2880 2809 2891 ⁸
2852 2862 3041 2933 ψυχῆς
3068 2882 3119 2915 τε
3147 2867 3410 2937 τριμερία,
3462 2864 3527 2913 τὰ
3580 2866 3699 2932 τρία
3733 2864 3894 2924 σάτα,

2285 2952 2462 3022 θυμός,
2495 2950 2659 3022 λόγος,
2686 2954 2845 3013 πόθος
2870 2971 2923 3003 τε
2953 2957 3251 3020 κρειττόνων
3279 2954 3459 3024 ἔργων,
3505 2950 3554 3002 ἔν
3584 2952 3660 3012 οἷς
3700 2953 3725 3001 ό
3758 2951 3897 3011 θεῖος

2286 3042 2641 3113 συμφυραθείς
2670 3062 2779 3103 πως
2798 3041 3098 3112 λόγος,ὅλην
3130 3044 3467 3113 συνεζύμωσε
3485 3045 3577 3099 τὴν
3595 3049 3654 3099 τῆ
3668 3038 3860 3111 ςψυχῆ
3874 3059 3898 3100 ς

512 3129 754 3185 divinus
784 3126 1111 3182 intellectus
1152 3125 1610 3198 quodammodo
1663 3127 2172 3189 contermentatus
2208 3154 2250 3213 ο
2285 3132 2458 3201 φύσιν.
2491 3128 2513 3203 ]

515 3224 701 3275 totam
728 3217 940 3273 mentis
970 3221 1248 3273 naturam
1293 3214 1475 3272 simul
1525 3214 1920 3273 fermentavit.

515 3308 650 3364 CAP
685 3349 698 3361 .
732 3306 894 3362 L.De
919 3305 1114 3377 eo,qui
1144 3304 1462 3360 Dominum
1479 3306 2175 3376 interrogabat,anpauci

726 3401 926 3461 essent,
972 3393 1076 3466 qui
1133 3395 1379 3449 salutem
1442 3403 1951 3465 consequerentur.

586 3486 753 3543 Vers.
771 3486 860 3539 22.
874 3484 952 3539 Et
966 3484 1204 3539 —Vers.
1222 3482 1289 3538 23
1301 3523 1314 3536 .
1330 3484 1431 3553 qui
1442 3484 1689 3538 salutem
1701 3484 2175 3556 consequuntur?

516 3574 689 3641 Εἶπεν,
721 3573 898 3640 dicit,
942 3573 1182 3644 ponitur
1228 3572 1342 3627 hoc
1384 3571 1519 3627 loco
1575 3589 1705 3644 pro,
1767 3574 2174 3644 interrogavit.

517 3664 776 3732 Quidam
826 3668 1029 3719 autem
1090 3662 1551 3733 interpretantur
1621 3658 1778 3729 εἶπεν,
1832 3663 1895 3732 εἰ,
1951 3663 2007 3718 id
2064 3672 2173 3731 est,

470 3782 475 3787 ι
519 3754 707 3819 Dixit,
746 3751 968 3822 sane(o)
1013 3768 1026 3819 ;
1057 3753 1119 3805 ut
1148 3750 1223 3807 sit
1261 3766 1516 3806 sensus:
1559 3750 1754 3808 Dixit:
1807 3754 1960 3809 Sane
1998 3755 2178 3827 pauci

519 3849 678 3911 sunt,
705 3841 808 3914 qui
835 3839 1161 3897 salvantur.

590 3932 748 3988 Vers.
778 3934 867 3987 23.
897 3930 1030 3999 Ipse
1063 3944 1198 3985 vero
1254 3960 1325 3969 —
1375 3928 1550 3987 Vers.
1609 3929 1703 3987 2t.
1764 3933 2027 3990 Portam.
2088 3934 2178 3991 Ad

515 4020 1044 4091 interrogationem
1078 4018 1325 4091 quidem
1367 4034 1485 4076 non
1517 4021 1846 4092 respondit,
1900 4038 1971 4079 eo
2014 4025 2178 4097 quod

518 4110 820 4183 superﬂua
848 4114 1004 4165 esset
1051 4113 1106 4165 et
1163 4107 1469 4181 insipiens.
1530 4110 1681 4175 Quid
1720 4113 1878 4167 enim
1940 4113 2182 4184 prodest

515 4201 745 4257 discere
769 4242 783 4267 ,
818 4199 1077 4272 paucine
1110 4198 1246 4265 sint,
1289 4215 1366 4255 an
1398 4199 1588 4269 multi,
1641 4202 1744 4272 qui
1804 4202 2109 4259 salventur
2160 4222 2174 4261 :

518 4290 711 4347 solum
743 4294 946 4346 autem
973 4289 1120 4345 dixit
1170 4289 1413 4345 modum
1470 4306 1593 4361 quo
1638 4298 1837 4363 posset
1873 4293 2176 4365 quispiam

520 4380 723 4438 salvus
752 4380 903 4445 ﬁeri,
943 4384 1001 4434 et
1045 4377 1245 4435 docuit
1297 4378 1465 4451 quod
1516 4380 1596 4435 ad
1649 4380 1904 4437 salutem
1947 4383 2175 4453 ingredi

2413 3315 2556 3363 ΚΕΦ.
2586 3308 2667 3364 Ν’.
2696 3314 2820 3385 Περὶ
2851 3318 2942 3362 τοῦ
2975 3312 3407 3383 ἐπερωτήσαντος,
3443 3310 3487 3363 εἰ
3526 3308 3690 3382 ὀλίγοι
3720 3310 3770 3361 oi

2928 3400 3235 3472 σωζόμενοι.

2356 3492 2458 3540 Καὶ
2502 3516 2573 3528 -
2606 3487 2892 3559 σωζόμενοι
2921 3504 2935 3554 ;
2969 3487 3224 3541 Ἐνταῦθα
3279 3491 3338 3540 τὸ
3401 3485 3557 3551 εἶπεν,
3611 3486 3723 3540 ἀντὶ
3774 3494 3892 3557 τοῦ,

2286 3576 2527 3649 ἠρώτησε
2581 3578 2830 3633 τέθειται.
2868 3579 3011 3639 Τίνες
3052 3574 3112 3630 δε
3149 3577 3261 3649 (44)
3289 3581 3347 3629 τὸ
3391 3577 3436 3629 εί
3474 3575 3589 3629 ἀντὶ
3641 3584 3754 3645 τοῦ,
3784 3571 3893 3653 ἆρα

2286 3665 2677 3738 ἑρμηνεύουσιν,
2711 3664 2839 3736 οἷον,
2869 3665 3008 3742 ’Δρα
3033 3665 3201 3738 ὀλίγοι
3227 3669 3275 3720 οἱ
3307 3667 3595 3739 σωζόμενοι
3630 3683 3645 3733 ;

2356 3932 2414 3987 Ὀ
2477 3929 2537 3987 δὴ
2585 3965 2651 3975 -
2704 3934 2886 3996 πύλης,
2949 3938 3085 4008 Πρὸς
3156 3938 3247 4007 μεν
3313 3939 3407 3993 τήν
3489 3936 3742 4008 ἐρώτησιν
3800 3935 3900 3988 ούκ

2288 4022 2565 4096 ἀπεκρίθη,
2600 4021 2694 4077 διὰ
2731 4028 2788 4077 τό
2815 4029 3059 4098 περιττήν
3092 4021 3221 4077 εἶναι
3250 4030 3342 4077 καὶ
3397 4022 3661 4082 ἀνόνητον.
3694 4030 3758 4077 Τί
3786 4027 3893 4097 γὰρ

2288 4113 2555 4186 ὠφελεῖται
2597 4115 2623 4165 ὁ
2662 4116 2861 4186 μαθὼν,
2904 4118 3003 4167 εἶτε
3029 4114 3215 4186 ὀλίγοι,
3254 4117 3353 4166 εἴτε
3392 4114 3573 4166 πολλοὶ
3629 4116 3678 4165 οἱ
3724 4116 3895 4175 σωζό-

2288 4223 2431 4277 μενοι
2465 4220 2477 4267 ;
2507 4206 2669 4259 Μόνον
2696 4200 2755 4256 δε
2784 4208 2870 4256 τόν
2901 4210 3090 4279 τρόπον
3125 4200 3253 4269 εἷπε,
3292 4200 3364 4255 δι’
3388 4202 3451 4255 οὗ
3481 4205 3543 4255 ἄν
3563 4222 3645 4265 τις
3672 4205 3891 4268 σωθείη,

2288 4298 2376 4346 καὶ
2405 4289 2663 4363 ἐδίδαξεν,
2700 4296 2777 4346 ὅτι
2813 4297 2924 4366 χρή
2968 4293 3209 4346 εἰσελθεῖν
3252 4292 3325 4355 εἰς
3368 4297 3462 4350 τήν
3505 4298 3770 4367 σωτηρίαν
3803 4290 3901 4345 διὰ

2289 4392 2379 4444 τῆς
2412 4391 2589 4443 στενῆς
2614 4382 2782 4445 πύλης
2814 4403 2826 4416 ·
2860 4390 3008 4436 τοῦτο
3036 4385 3138 4457 γὰρ
3179 4378 3241 4441 ἧν
3270 4381 3462 4454 μᾶλλον
3490 4381 3770 4455 ἀναγκαῖον
3794 4402 3897 4455 μα-

518 4474 785 4542 oporteat
818 4484 922 4541 per
953 4472 1267 4539 angustam
1308 4475 1584 4539 portam;
1623 4470 1738 4527 hoc
1767 4472 1931 4529 enim
1978 4475 2176 4546 potius
2212 4514 2260 4570 Β
2293 4476 2422 4528 θεῖν.

524 4556 927 4615 necessarium
953 4561 1081 4612 erat
1129 4557 1385 4613 discere.

593 4647 677 4702 De
705 4651 963 4717 angusta
994 4651 1183 4703 autem
1220 4651 1393 4719 porta
1419 4646 1647 4706 dictum
1676 4656 1763 4706 est
1787 4650 1994 4723 quinto
2010 4652 2181 4724 juxta

521 4736 865 4797 Mattbmum
897 4734 1110 4807 capite,
1146 4739 1204 4791 et
1241 4735 1326 4791 ibi
1381 4753 1584 4812 quaere
1612 4738 1752 4795 dicti
1792 4740 1953 4796 illius
2001 4742 2180 4802 inter-

520 4824 909 4899 pretationem
946 4840 958 4879 :
991 4825 1223 4881 Intrate
1239 4841 1340 4897 per
1368 4835 1665 4897 angustam
1684 4836 1912 4897 portam
1942 4833 1984 4887 ⁵.

594 4926 616 4961 ³
642 4923 843 4982 Matth.
868 4940 992 4989 xm,
1034 4928 1119 4980 3t.
1154 4924 1305 4980 Ibid.
1330 4929 1418 4981 33.
1523 4928 1545 4963 ⁵
1582 4927 1780 4984 Matth.
1805 4945 1901 4996 vn,
1956 4935 2042 4989 t3.

2363 4650 2583 4724 Εἴρηται
2609 4647 2668 4705 δε
2693 4656 2810 4724 περὶ
2838 4661 2933 4713 τῆς
2964 4659 3145 4714 στενῆς
3192 4650 3356 4712 πύλης
3388 4651 3438 4704 ἐν
3478 4659 3548 4722 τῷ
3572 4655 3791 4723 πέμπτῳ
3818 4672 3897 4704 κε-

2290 4742 2488 4815 φαλαίῳ
2518 4750 2609 4793 τοῦ
2639 4744 2775 4793 κατὰ
2804 4744 3092 4810 Ματθαῑον,
3119 4746 3207 4793 καὶ
3263 4745 3493 4803 ζήτησον
3534 4744 3638 4793 ἐκεῖ
3664 4749 3759 4800 τήν
3787 4741 3901 4804 ἐξή-

2287 4851 2448 4905 γησιν
2487 4840 2598 4883 τοῦ·
2634 4830 2898 4884 Εἰσελθετε
2930 4827 3024 4883 διὰ
3052 4840 3147 4892 τῆς
3175 4839 3353 4891 στενῆς
3392 4830 3576 4891 πύλης.

1740 5052 1962 5123 Variae
1993 5055 2325 5128 lectiones
2359 5067 2625 5126 etnotae

595 5195 707 5287 (3‘9)
779 5182 1102 5287 Hentenius
1150 5192 1431 5287 reddidit,
1481 5196 1973 5287 lagggsiﬂlegerit
2038 5204 2177 5287 περί.

522 5268 720 5328 Probo
749 5286 888 5327 cum
922 5276 1170 5340 utroque
1201 5285 1333 5325 meo
1358 5270 1511 5322 κατά.
1549 5269 1813 5339 Intelligo
1836 5268 2055 5328 autem
2102 5268 2176 5324 ἓν-

524 5342 893 5415 θυμουμένους,
974 5346 1258 5415 κρίνονταςΣ
1344 5340 1452 5415 0μὶ
1552 5340 2025 5415 eodem‘modo,
2088 5345 2174 5402 uti

521 5412 636 5479 ille,
667 5412 1025 5469 sentiebant.
1056 5412 1140 5468 lla
1171 5412 1323 5467 intra
1344 5412 1421 5467 ad
1450 5427 1574 5477 XVI,
1632 5416 1721 5477 20,
1778 5412 1869 5467 bis
1923 5416 2177 5473 occurrit

519 5487 675 5548 κατά,
698 5483 772 5538 de
797 5491 911 5539 toto
943 5485 1075 5538 vitae
1108 5498 1325 5553 genere
1358 5487 1415 5539 et
1462 5484 1923 5541 consuetudine.

592 5555 706 5628 (40)
736 5561 1136 5628 Συνεχώρησαν.
1179 5557 1246 5609 Α.

588 5680 841 5757 (o)l.oco
868 5694 1030 5757 sane,
1065 5678 1439 5757 reddendum
1481 5684 1586 5747 est,
1618 5694 1783 5757 num.
1821 5677 1957 5757 ’ᾼρα
2011 5682 2173 5742 enim

518 5764 642 5816 non
672 5749 1144 5818 conclusionem,
1172 5750 1278 5807 sed
1308 5750 1836 5826 interrogationem
1862 5749 1955 5811 hic
1982 5763 2171 5814 notat.

2389 5200 2477 5266 41)
2510 5200 2779 5266 ὡσαύτως,
2820 5197 3038 5254 omittit
3068 5199 3126 5252 Β.

2389 5203 2445 5254 41
2510 5200 2779 5266 ὡσαύτως,
2820 5200 3038 5254 omittit
3068 5200 3126 5252 Β.

2361 5200 2477 5342 (42)
2503 5273 2515 5290 ’
2534 5278 2596 5324 Εν
2624 5278 2696 5340 τῷ
2717 5270 2973 5342 κεφαλαίῳ
3004 5268 3198 5341 ἐκείνῳ.
3235 5274 3292 5325 Β.

2360 5340 2473 5411 (43)
2497 5344 2647 5414 Haec
2671 5358 2706 5397 a
2738 5340 2915 5397 manu
2948 5340 3210 5412 prorsus
3242 5340 3461 5414 recenti
3502 5340 3563 5398 in
3623 5340 3909 5414 margine

2283 5413 2466 5471 habet
2495 5416 2559 5469 A.
2603 5412 2926 5470 Hentenius
2956 5429 3081 5470 non
3114 5412 3410 5484 agnoscit.

2359 5486 2473 5558 (44)
2508 5490 2608 5540 Καὶ
2640 5490 2719 5541 τό.
2757 5491 2812 5540 Β.

2357 5679 2420 5741 ει
2450 5697 2767 5758 nunquam
2795 5687 2884 5740 est
2913 5681 3184 5758 sane,s_e_d
3208 5676 3426 5742 ἧᾘοοῆ
3450 5680 3905 5758 Pseudo-Didy-

2283 5772 2419 5815 mus
2458 5757 2535 5813 ad
2571 5753 2743 5813 Iliad.
2786 5772 2846 5833 p.
2886 5758 2955 5813 23
2982 5756 3243 5831 explicat
3265 5759 3439 5828 ὄντως,
3472 5753 3700 5818 ἀληθῶς,
