4128 6388
230 370 369 433 1003

1315 368 1683 431 COMMENT.
1730 365 1797 428 ΙΝ
1835 362 2099 428 LUCAM.
2145 401 2210 412 —
2249 364 2406 429 CAP.
2448 366 2591 429 XIV.

3479 370 3618 432 1006

305 500 426 555 Ὀτι
460 501 642 556 πολλοὶ
672 535 741 544 -
773 502 1116 576 ἰσχύσουσιν.
1139 499 1295 553 Ὀσοι
1324 504 1395 573 μη
1431 496 1466 552 δ
1472 502 1524 551 ιὰ
1548 508 1638 560 τῆς
1667 506 1848 559 στενῆς

2031 497 2195 552 Vers.
2257 499 2345 553 24.
2399 498 2552 566 Quia
2605 497 2780 555 multi
2829 531 2897 540 —
2946 505 3249 569 poterunt.
3314 500 3424 567 Qui
3493 516 3616 557 non

234 591 418 655 πύλης,
450 591 578 644 ἀλλά
625 590 719 645 διὰ
748 601 843 653 τῆς
869 591 1113 653 πλατείας
1157 587 1450 644 ὁδεύουσιν.
1497 591 1635 643 Ἐκεῖ
1662 585 1721 641 δὲ
1760 598 1850 649 καὶ

233 689 348 756 περὶ
389 693 478 744 τῆς
516 683 760 744 πλατείας
791 685 1046 757 εὑρήσεις.

313 772 425 845 Ἀφ’
485 773 544 824 οὗ
612 803 681 813 —
731 768 998 834 ἐδίδαξας.
1059 772 1254 829 Τίθησι
1323 768 1643 845 παραϐολὴν,
1698 766 1849 831 φόϐον

241 860 608 937 ἱπικρεμῶσαν
675 868 781 921 τοῖς
852 859 1102 933 ἀμελοῦσι
1165 868 1262 921 τῆς
1326 863 1585 931 σωτηρίας
1660 856 1847 909 αὐτῶν·

248 952 464 1004 mem;
494 954 593 1025 γάρ
643 947 1026 1009 οἰκοδεσπότην
1070 953 1185 1002 τινά
1240 951 1528 1021 καθήμενον
1582 952 1671 1000 καὶ
1726 948 1849 998 ύπο-

244 1039 527 1115 δεχόμενον
594 1045 712 1103 τοὺς
774 1040 953 1114 φίλους
1004 1040 1185 1109 αὐτοῦ,
1236 1036 1347 1091 εἶτα
1396 1036 1711 1112 ἐγειρόμενον
1758 1041 1848 1088 καὶ

244 1129 585 1184 ἀποκλειοντα
642 1135 736 1189 την
820 1132 979 1202 θύραν
1029 1138 1120 1182 τοῦ
1178 1131 1322 1181 οἰκου
1380 1128 1557 1194 αὐτοῦ,
1622 1131 1711 1179 καὶ
1772 1129 1843 1199 μὴ

244 1229 634 1295 συγχωροῦντα
662 1227 770 1282 τοῖς
826 1219 1002 1280 ἄλλοις
1031 1218 1292 1271 εἰσελθεῖν.
1344 1224 1555 1270 Νοιῖται
1604 1212 1664 1268 δε
1711 1215 1843 1267 οἰκο-

242 1307 510 1371 δεσπότης
542 1313 653 1383 μὲν,
706 1309 879 1370 αύτός⁹
941 1306 1081 1370 οἶκος
1117 1305 1194 1374 δὲ,
1255 1309 1285 1366 ἡ
1340 1305 1585 1379 βασιλεία
1628 1314 1725 1358 τῶν
1765 1304 1845 1356 ού-

236 1409 423 1473 ρανῶν.
488 1405 587 1452 Καὶ
639 1395 890 1457 δηλοῦται
948 1395 1042 1451 διὰ
1097 1401 1185 1470 μὲν
1237 1404 1329 1449 τοῦ
1386 1396 1701 1456 καθέζεσθαι
1756 1399 1844 1447 καὶ

236 1486 604 1561 ὑποδέχεσθαι
650 1492 764 1549 τούς
804 1488 1000 1560 φᾶους,
1034 1493 1092 1539 τὸ
1143 1485 1404 1558 ἀναμένειν
1436 1486 1570 1558 ἄχρι
1616 1492 1710 1546 τῆς
1754 1491 1843 1535 τού

237 1586 442 1651 κόσμου
482 1576 769 1639 συντελείας
816 1582 905 1629 καὶ
937 1573 1300 1648 ὑποδέχεσθαι
1342 1578 1464 1637 τοὺς
1504 1574 1676 1637 ἀξίους
1706 1573 1840 1645 (45)·

239 1667 335 1722 διὰ
366 1665 424 1721 δὲ
455 1675 544 1720 τοῦ
583 1666 853 1740 ἐγερθῆναι
880 1671 969 1719 καὶ
1001 1665 1308 1718 ἀποκλεῖσαι
1339 1669 1430 1724 τὴν
1460 1667 1639 1740 θύραν,
1666 1667 1724 1716 τὸ
1751 1670 1842 1715 τοῦ

236 1765 440 1831 κόσμου
468 1757 625 1819 τέλος.

1965 603 2069 659 per
2095 595 2414 657 angustam
2437 594 2693 660 portam,
2722 589 2825 644 sed
2857 606 2963 662 per
2981 590 3162 646 latam
3188 591 3449 661 plateam
3487 607 3619 661 gra-

1961 677 2214 733 diuntur.
2248 679 2333 734 lbi
2365 684 2563 734 autem
2599 684 2654 735 et
2679 679 2753 734 de
2783 679 3292 752 plateainvenies.

2032 768 2195 823 Vers.
2220 768 2308 823 95.
2344 769 2486 824 Cum
2509 777 2699 825 autem
2733 801 2798 809 —
2831 770 2994 825 Vers.
3028 770 3115 827 26.
3145 771 3420 826 docuisti.
3446 771 3616 828 Ponit

1961 874 2065 930 per
2089 858 2433 929 parabolam
2458 859 2725 914 timorem
2747 859 2839 913 his
2859 859 3290 926 imminentem,
3316 862 3418 933 qui
3441 877 3615 917 suam

1960 947 2268 1019 negligunt
2318 948 2572 1004 salutem
2647 948 2883 1018 Efﬁngit
2930 950 3086 1005 enim
3120 950 3616 1022 patremfamilias

1959 1037 2283 1102 sedentem,
2310 1054 2574 1109 suosque
2595 1038 2820 1093 amicos
2837 1038 3236 1110 recipientem,
3258 1040 3472 1096 deinde
3491 1057 3614 1096 sur-

1958 1130 2193 1196 gentem
2235 1141 2302 1181 ac
2352 1126 2569 1182 domus
2602 1142 2723 1181 suae
2776 1127 2993 1182 ostium
3047 1127 3445 1195 claudentem,
3503 1145 3615 1185 nec

1957 1214 2087 1271 aliis
2146 1214 2378 1285 ingredi
2437 1215 2895 1288 permittentem.
2950 1218 3078 1288 Ipse
3146 1233 3289 1287 ergo
3344 1218 3613 1274 Christus

1955 1303 2387 1377 paterfamilias
2414 1304 2760 1373 intelligitur
2791 1323 2804 1364 :
2834 1305 3047 1360 domus
3091 1312 3311 1372 autem,
3358 1322 3614 1376 regnum

1955 1396 2264 1450 caelorum.
2320 1394 2430 1448 Per
2477 1393 2591 1449 hoc
2638 1408 2796 1463 ergo,
2851 1393 3018 1465 quod
3067 1394 3231 1449 sedet
3273 1400 3330 1450 et
3387 1397 3613 1452 amicos

1953 1483 2181 1555 recipit,
2216 1484 2582 1552 signiﬁcatur
2600 1498 2789 1555 usque
2816 1483 2891 1538 ad
2915 1483 3123 1538 mundi
3149 1486 3616 1541 consummatio-

1956 1589 2093 1628 nem
2122 1577 2485 1645 exspectare,
2513 1579 2567 1627 et
2606 1588 2709 1628 eos
2749 1572 2851 1644 qui
2890 1572 3055 1643 digni
3088 1580 3248 1639 sunt,
3300 1575 3563 1647 recipere
3597 1595 3610 1643 ;

1954 1677 2060 1734 per
2088 1662 2203 1717 hoc
2238 1677 2395 1727 vero,
2431 1661 2595 1733 quod
2636 1661 2823 1732 surgit
2862 1667 2918 1719 et
2945 1662 3166 1719 ostium
3192 1664 3438 1731 claudit,
3479 1665 3614 1720 ﬁnis

1955 1750 2167 1807 mundi
2198 1750 2531 1807 denotatur.

312 1850 379 1901 Oi
421 1844 480 1900 δὲ
521 1847 614 1910 ῖξω
663 1846 899 1910 ἑστῶτες,
952 1841 1046 1898 εἶεν
1100 1842 1158 1897 ἃν
1211 1847 1259 1898 οἱ
1305 1846 1522 1896 οἰπιστοι
1565 1839 1841 1910 Ἰουδαῖοι,

2027 1840 2136 1908 Qui
2189 1847 2388 1896 autem
2438 1839 2583 1896 foris
2637 1844 2812 1907 stant,
2869 1841 2985 1897 dici
3035 1850 3290 1914 possunt
3339 1844 3612 1901 inﬁdeles

241 1938 483 2001 ξητοῦτες
538 1936 808 2006 εἰσεγθεῖν,
858 1939 947 1987 καὶ
1009 1934 1268 2006 λέγονντες
1338 1938 1468 2009 πρός
1532 1937 1616 1985 τὸν
1693 1937 1845 2004 Θεὸν,

240 2030 341 2092 ὅτι,
414 2027 694 2097 Ἐφάγομεν
744 2030 833 2077 καὶ
888 2023 1093 2096 ἐπίομεν
1156 2023 1368 2076 ἐνώπιόν
1440 2043 1556 2079 σου.
1625 2026 1846 2084 Θύοντες

241 2120 367 2192 γὰρ.
400 2117 586 2175 ἤσθιον
640 2119 728 2166 καὶ
767 2117 934 2167 ἔπινον
986 2116 1130 2188 ποιρά
1177 2122 1247 2183 τῷ
1294 2121 1417 2185 ναῲ’
1470 2117 1559 2164 καὶ
1612 2114 1710 2180 ὅτι,
1765 2113 1849 2163 Ἐν

245 2214 358 2266 ταῖς
414 2205 683 2265 πλατείαις
740 2206 885 2277 ἡμῶν
939 2200 1210 2271 ἐδίδαξας,
1275 2202 1516 2263 πλατείας
1574 2200 1850 2274 ὀνομάζον-

249 2316 330 2358 τες
369 2298 458 2356 τὰς
506 2297 833 2366 συναγωγὰς,
868 2292 914 2345 ἐν
960 2294 1040 2355 αἷς
1085 2295 1109 2344 ό
1149 2296 1277 2354 Θεὸς
1336 2288 1616 2344 ἐδίδασκεν
1665 2291 1849 2351 αύτούς

245 2382 339 2439 διὰ
395 2393 495 2437 τῶν
560 2392 783 2456 νομικῶν
841 2388 930 2434 καὶ
985 2390 1318 2455 προφητικῶν
1374 2379 1568 2454 βίϐλων
1631 2383 1849 2453 φθεγγό-

238 2494 413 2547 μενος⁹
462 2476 651 2537 αἵτινες
701 2474 1181 2545 ύπανεγινὼσκοντο
1227 2473 1429 2533 τούτοις
1478 2469 1525 2521 ἐν
1565 2478 1682 2532 ταῖς
1732 2490 1849 2522 συν-

239 2571 498 2636 ἀγωγαῖς.

313 2650 427 2708 Εἶεν
463 2649 509 2705 δ’
542 2651 600 2703 ἂν
645 2650 739 2715 ἵξω
787 2653 1003 2713 ἔστῶτες
1059 2655 1146 2703 καὶ
1199 2658 1416 2703 τοιαῦτα
1456 2649 1707 2722 λέγοντες,
1759 2653 1848 2701 καὶ

238 2746 288 2795 οἱ
342 2741 545 2816 ἀμελεῖς
582 2747 785 2808 πιστοὶ,
841 2743 1024 2802 οἵτινες
1076 2743 1261 2812 ἔφαγον
1306 2745 1394 2792 καὶ
1441 2742 1582 2791 ἔπιον
1636 2738 1846 2791 ἐνώπιον

239 2832 403 2885 αὑτοῦ
429 2837 488 2884 τὸ
518 2836 689 2905 τίμιον
721 2830 881 2883 αὐτοῦ
926 2840 1097 2902 σῶμα,
1130 2835 1219 2882 καὶ
1249 2833 1306 2881 τὸ
1334 2828 1482 2900 οἶγιον
1532 2829 1643 2900 (46)
1688 2828 1847 2881 αὐτοῦ

241 2920 395 2995 αἷμα,
448 2927 538 2974 καὶ¹
581 2919 648 2973 ὧν
696 2919 743 2972 ἓν
789 2927 903 2983 ταῖς
954 2928 1285 2990 συναγωγαῖς
1342 2916 1573 2985 ἐδίδαξε,
1617 2916 1709 2971 διά
1755 2925 1847 2970 τοῦ

245 3010 585 3084 Εύαγγελίου,
619 3015 708 3062 καὶ
739 3005 831 3062 διὰ
861 3019 960 3061 τῶν
989 3009 1150 3061 ἄλλων
1170 3011 1518 3061 θεοπνεύστων
1541 3014 1772 3081 Γραφῶν.

320 3106 421 3153 Καὶ
479 3100 583 3174 ἐρεί
630 3131 699 3139 -
769 3102 905 3151 ἐστί.
961 3096 1159 3173 Ὠσπερ
1240 3104 1485 3168 γινώσκει
1551 3102 1666 3157 τοὺς
1721 3100 1848 3168 γινὼ

243 3211 465 3252 σκοντας
522 3189 698 3255 αὑτὸν,

241 3281 495 3341 ἑκουσίως
574 3276 879 3350 ἀγνοοῦντας
952 3277 1129 3342 αὐτόν,
1205 3282 1297 3329 καὶ
1379 3275 1849 3349 ἀποπροσποιείται

236 3374 365 3431 τοὺς
410 3368 990 3443 ἀποπροσποιουμένους
1044 3367 1216 3418 αὐτόν·
1278 3365 1528 3427 ἑκουσίως
1589 3363 1646 3418 δε
1695 3366 1849 3416 αὐτόν

237 3460 538 3531 ἀγνοοῦσιν,
571 3457 629 3510 ού
673 3462 825 3530 μόνον
873 3459 923 3509 οἱ
982 3458 1199 3509 ἄπιστοι
1250 3452 1524 3520 Ἰουδαῖοι,
1578 3453 1704 3506 ἀλλά
1760 3459 1850 3507 καὶ

236 3552 289 3603 οἱ
345 3548 543 3621 ἀμελεῖς
596 3552 796 3599 πιστοίο
885 3549 934 3599 οἱ
1010 3548 1099 3618 μὶν
1180 3544 1695 3617 ὶθελοτυφλὼττοντες
1760 3561 1851 3607 καὶ

235 3640 672 3710 ἑθελοκωφοῦντες
720 3640 846 3712 πρὸς
904 3640 970 3689 τὰ
1009 3638 1251 3708 θαύματα
1298 3642 1386 3687 καὶ
1434 3638 1526 3697 τὰς
1580 3622 1850 3687 διδασκα-

230 3731 357 3791 λίας
388 3728 568 3780 αὐτοῦ’
612 3728 659 3779 οἱ
701 3724 759 3780 δὲ
796 3726 848 3778 ἐκ
878 3727 1133 3802 ῥᾳθυμίας
1176 3725 1471 3786 ἀθετοῦντες
1519 3726 1611 3785 τάς
1652 3723 1849 3784 ἐντολὰς

234 3819 425 3886 αὐτοῦ,
454 3822 626 3869 καίτοι
673 3824 1038 3889 γινωσκοντες,
1070 3817 1150 3868 ότι
1196 3816 1220 3867 ό
1255 3814 1444 3867 ἀθετῶν
1475 3817 1656 3879 αὐτὰς,
1693 3814 1847 3866 αὐτὸν

238 3908 433 3962 ἀθετεῖ.

315 3997 608 4055 Ἀπόστητε
658 4026 728 4035 -
794 3991 1023 4056 ἀδικίας.
1077 4001 1181 4055 Τῆς
1246 3993 1526 4067 ἁμαρτίας.
1590 3998 1689 4054 πᾶς
1745 3995 1846 4068 γὰρ

237 4087 572 4163 ἁμαρτάνων,
605 4081 780 4137 ἀδικεῖ
810 4085 836 4144 ἦ
867 4091 1019 4158 μόνον
1050 4086 1251 4149 ῖαυτόν,
1277 4084 1305 4142 ἣ
1337 4088 1424 4135 καὶ
1458 4084 1640 4157 ἕτερον.

326 4266 460 4319 Ἐκεῖ
524 4295 595 4306 -
654 4259 901 4317 ὀδόντων.
960 4267 1029 4316 Τὸ
1083 4265 1203 4328 ἐκεῖ,
1269 4261 1382 4315 ἀντὶ
1434 4270 1545 4328 τοῦ,
1614 4266 1749 4330 τότε,
1803 4258 1850 4312 ἐν

246 4356 427 4426 ἂκιίνῳ
470 4364 542 4425 τῷ
592 4360 757 4427 καιρῷ
808 4356 957 4405 ἔσται
1006 4354 1032 4405 ὁ
1083 4352 1348 4424 κλαυθμός
1390 4352 1415 4404 ό
1468 4350 1849 4427 ἀπαράκλητος,

247 4451 355 4501 Καὶ
403 4446 428 4497 ό
479 4443 720 4517 βρυγμὸς
772 4451 869 4496 τῶν
924 4439 1169 4510 ὀδόντων,
1222 4442 1339 4505 ὀέξ
1396 4440 1657 4517 ἀφορήτου
1697 4446 1853 4494 πόνου

241 4540 537 4611 γενόμενος.

317 4624 480 4679 Ὀταν
540 4655 607 4667 -
677 4624 797 4688 ἔξω.
865 4624 1031 4677 Τόῦτο
1077 4626 1477 4698 προηγουμένως
1551 4626 1680 4696 πρὸς
1736 4626 1857 4686 τοὺς

241 4712 540 4777 Ἰουδαίους
571 4715 934 4789 εἴρηται,μέγα
954 4722 1258 4787 φρονοῦντας
1286 4716 1368 4766 ἐπὶ
1398 4721 1469 4784 τῲ
1498 4715 1625 4766 εἶναι
1650 4720 1856 4788 σπέρμα

243 4815 343 4861 τοῦ
374 4804 617 4878 Ἀϐραὰμ
638 4809 727 4857 καὶ
752 4813 851 4856 τῶν
881 4803 1043 4855 ἄλλων
1067 4804 1201 4875 (37).

322 4900 425 4949 Καὶ
489 4892 707 4957 ἧξουσιν
763 4924 833 4933 -
898 4900 989 4945 τοῦ
1046 4899 1200 4945 Θεοῦ.
1274 4890 1497 4956 Ἦξουσι
1568 4898 1690 4966 πρὸς
1760 4899 1852 4953 τὴν

246 4990 432 5039 πίστιν
481 4988 570 5037 καὶ
615 4987 709 5041 τήν
759 4982 1101 5058 εὐαρέστησιν
1149 4990 1239 5035 τοῦ
1294 4990 1427 5036 Θεοῦ
1475 4986 1523 5035 οἱ
1580 4983 1633 5047 ἐξ
1678 4983 1848 5051 ἐθνῶν,

246 5076 355 5129 ἀπὸ
402 5082 499 5126 τῶν
535 5079 804 5147 τεσσάρων
851 5080 1016 5146 μερῶν
1064 5079 1157 5124 τοῦ
1208 5076 1431 5145 κόσμου,
1483 5072 1725 5135 ἀνατολῆς
1764 5079 1853 5126 καὶ

249 5163 458 5224 δύσεως
491 5167 582 5215 καὶ
607 5163 801 5234 ἄρκτου
832 5166 921 5214 καὶ
946 5160 1299 5235 μεσημϐρίας.
1335 5166 1429 5215 Διά
1474 5166 1562 5236 μὲν
1592 5165 1692 5237 γὰρ
1739 5165 1850 5235 (48)

242 5261 342 5309 τοῦ
375 5251 545 5330 βορρᾶ
586 5254 644 5305 τό
696 5249 922 5327 ἀρκτῷον
973 5254 1128 5327 μέρος
1177 5247 1450 5310 δηλοῦται’
1506 5248 1600 5305 διὰ
1648 5251 1705 5306 δε
1762 5262 1853 5306 τοῦ

1955 1930 2164 1994 Judaei,
2194 1934 2525 2002 querentes
2574 1930 2812 1997 intrare,
2845 1947 2916 1986 ac
2960 1932 3213 1987 dicentes
3257 1933 3334 1987 ad
3386 1937 3610 1989 Deum:

1960 2020 2311 2077 Comedimus
2334 2036 2400 2076 ac
2420 2020 2666 2075 bibimus
2686 2035 2882 2076 coram
2912 2028 2999 2092 te;
3028 2021 3429 2077 sacriﬁcantes
3450 2024 3613 2080 enim

1956 2109 2215 2164 edebant
2246 2126 2314 2164 ac
2345 2108 2956 2180 bibebantin'templo
2984 2126 2996 2176 ;
3020 2117 3073 2167 et
3108 2112 3168 2166 in
3183 2111 3382 2179 plateis
3396 2113 3613 2169 nostris

1955 2199 2224 2265 docuisti,
2258 2198 2479 2269 plateas
2517 2198 2888 2271 appellantes
2919 2216 3276 2271 synagogas,
3306 2200 3366 2256 in
3394 2200 3613 2273 quibus

1957 2288 2113 2344 Deus
2143 2305 2245 2343 eos
2270 2288 2546 2358 docebat,
2569 2306 2676 2361 per
2694 2288 2915 2358 legales
2929 2306 2998 2345 ac
3018 2289 3400 2362 proplteticos
3430 2292 3613 2347 libros

1956 2377 2225 2451 loquens,
2260 2393 2397 2433 cum
2428 2378 2488 2434 hi
2518 2378 2577 2434 in
2609 2380 2929 2451 synagogis
2959 2378 3328 2449 legebantur.

2028 2649 2281 2702 Possunt
2305 2662 2566 2719 quoque,
2592 2646 2851 2720 quiforis
2875 2652 3052 2718 stant,
3071 2648 3189 2705 dici
3214 2648 3611 2721 ﬁdelesnegli-

1955 2743 2162 2807 gentes
2196 2755 2209 2792 :
2243 2738 2345 2809 qui
2378 2737 2845 2793 comederuntac
2862 2738 3140 2794 biberunt
3169 2755 3372 2796 coram
3387 2757 3457 2796 eo
3489 2757 3619 2812 pre-

1954 2826 2175 2881 tiosum
2194 2828 2320 2896 ejus
2341 2843 2583 2898 corpus,
2610 2832 3004 2897 sanctumque
3026 2830 3211 2901 ipsius
3230 2831 3612 2899 sanguinem:

1954 2920 2012 2971 et
2039 2914 2100 2970 in
2126 2931 2384 2987 quorum
2425 2916 2687 2971 ecclesiis
2724 2932 2793 2971 ac
2820 2918 3387 2986 congregationibus
3418 2918 3622 2975 docuit

1958 3022 2063 3077 per
2078 3008 2234 3060 Evan
2244 3004 2761 3079 gelium,aliasque
2778 3006 3109 3078 Scripturas
3123 3024 3158 3062 a
3176 3011 3286 3063 Deo
3300 3007 3619 3080 inspiratas

2036 3097 2191 3150 Vers.
2211 3098 2300 3148 27.
2327 3094 2401 3149 Et
2418 3094 2562 3151 dicet
2590 3123 2654 3137 -—-
2669 3095 2821 3151 silis.
2854 3096 3380 3161 Quemadmodum
3399 3113 3620 3166 cogno-

782 3189 916 3240 ούτω
971 3187 1125 3239 πάλιν
1196 3186 1444 3249 ἑκουσίως
1499 3184 1669 3257 ἀγνοεί
1735 3192 1848 3245 τοὺς

1971 3184 2070 3241 scit
2088 3190 2508 3254 cognoscentes
2528 3185 2697 3250 se,ita
2710 3202 2944 3241 rursum
2961 3185 3292 3241 voluntarie
3306 3189 3539 3255 ignorat
3556 3187 3618 3243 il-

1964 3275 2051 3331 los
2072 3275 2171 3347 qui
2196 3274 2520 3330 voluntarie
2539 3274 2736 3346 ipsum
2757 3274 3064 3347 ignorant:
3083 3291 3152 3331 ac
3166 3276 3445 3347 reprobat
3462 3277 3615 3343 illos,

1958 3364 2063 3438 qui
2078 3382 2138 3421 se
2153 3366 2837 3438 reprobant.Voluntarie
2851 3371 3051 3421 autem
3065 3366 3617 3439 reprobantipsum,

1963 3472 2081 3510 non
2110 3455 2301 3511 solum
2329 3454 2599 3510 inﬁdeles
2619 3454 2828 3523 Judaei,
2860 3455 2967 3511 sed
2996 3455 3203 3511 ﬁdeles
3226 3457 3405 3512 etiam
3428 3455 3621 3525 negli-

1961 3550 2197 3616 gentes:
2220 3544 2300 3600 illi
2318 3546 2565 3618 quidem
2590 3544 2920 3600 voluntarie
2944 3547 3242 3611 excazcati,
3263 3562 3331 3602 ac
3350 3546 3621 3602 volunta-

1960 3635 2042 3689 rie
2072 3634 2568 3690 obsurdescentes
2586 3633 2661 3689 ad
2680 3633 2969 3690 miracula
2994 3639 3048 3689 et
3064 3635 3365 3690 doctrinas
3390 3634 3578 3706 ipsius
3603 3658 3615 3691 :

1959 3724 2020 3780 hi
2066 3740 2206 3780 vero
2258 3740 2327 3780 ex
2376 3723 2641 3793 ignavia,
2702 3725 2830 3794 ejus
2890 3730 3185 3795 praecepta
3244 3732 3617 3796 spernentes,

1956 3830 2307 3886 quanquam
2345 3817 2659 3884 noverunt,
2691 3812 2873 3885 quod,
2908 3813 3012 3885 qui
3039 3828 3108 3869 ea
3142 3814 3389 3885 Spernit,
3420 3814 3622 3886 ipsum

1958 3902 2197 3976 spernit.

2030 3995 2193 4049 Vers.
2257 3993 2346 4047 27.
2407 3992 2696 4049 Discedite
2735 4023 2804 4033 —
2863 3993 3247 4063 injustitiam.
3326 3993 3446 4050 Hoc
3512 3999 3620 4061 est,

1961 4087 2275 4155 peccatum
2309 4098 2323 4148 ;
2356 4082 2701 4154 quicunque
2728 4082 2888 4137 enim
2916 4087 3138 4152 peccat,
3172 4081 3392 4153 injuria
3411 4082 3617 4149 afﬁcit,

1963 4177 2068 4229 aut
2096 4172 2359 4245 seipsum
2389 4174 2643 4241 tantum,
2678 4176 2781 4227 aut
2817 4170 2994 4227 etiam
3030 4170 3303 4226 alterum.

2034 4261 2199 4317 Vers.
2232 4261 2318 4317 '28.
2353 4259 2441 4316 Ibi
2468 4260 2816 4316 —dentium
2844 4291 2913 4299 —
2945 4259 3050 4325 Ibi,
3074 4259 3187 4314 hoc
3218 4264 3325 4324 est,
3349 4262 3529 4325 Tunc,
3560 4260 3622 4316 in

1967 4350 2063 4407 illo
2110 4357 2398 4423 tempore,
2428 4349 2538 4407 erit
2573 4350 2768 4419 ﬂetus,
2827 4350 2932 4421 qui
2973 4348 3448 4404 consolationem
3500 4366 3620 4405 non

1965 4440 2228 4513 recipiet,
2262 4444 2313 4497 et
2338 4441 2555 4496 stridor
2596 4440 2882 4510 dentium,
2914 4454 2987 4495 ex
3020 4437 3381 4494 intolerabili
3417 4439 3622 4496 dolore

1889 4572 1933 4627 Β
1968 4529 2351 4627 proveniens.

2039 4620 2210 4678 Vers.
2270 4620 2363 4677 ‘28.
2428 4619 2571 4675 Cum
2611 4649 2680 4659 —
2730 4617 2917 4689 foras.
2997 4619 3111 4673 Hoc
3167 4617 3499 4690 praesertim
3545 4618 3624 4675 ad

1964 4712 2199 4768 Iudaeos
2232 4711 2456 4766 dictum
2497 4714 2603 4775 est,
2634 4709 2737 4781 qui
2769 4707 3203 4764 insolescebant
3230 4724 3321 4774 eo,
3354 4708 3518 4781 quod
3549 4707 3625 4764 de

1967 4803 2195 4860 semine
2226 4806 2424 4857 essent
2461 4800 2713 4855 Abrahae
2738 4814 2808 4854 ac
2838 4804 3209 4853 caaterorum.

2035 4895 2203 4951 Vers.
2259 4890 2349 4947 29.
2390 4892 2467 4946 Et
2512 4889 2741 4946 venient
2772 4918 2839 4928 —
2872 4887 2996 4943 Dei.
3030 4886 3374 4942 Venientad
3419 4886 3621 4950 ﬁdem,

1963 4988 2020 5041 et
2036 4988 2099 5039 ut
2117 4985 2235 5038 Deo
2253 4998 2385 5037 sese
2409 4986 2608 5049 gratos
2620 4977 2958 5038 exhibeant.
2979 4976 3164 5049 quiex
3184 4976 3458 5049 gentibus
3480 4993 3628 5032 con-

1966 5077 2261 5129 vertentur
2279 5088 2314 5126 a
2339 5076 2599 5143 quatuor
2612 5068 2822 5123 mundi
2842 5067 3130 5139 partibus,
3153 5072 3285 5122 ortu
3304 5072 3357 5121 et
3378 5082 3623 5136 occasu,

1965 5162 2366 5234 septentrione
2411 5176 2481 5215 ac
2512 5158 2780 5215 meridie.
2836 5158 2945 5211 Per
2986 5154 3322 5227 aquilonem
3362 5171 3625 5227 namque

1967 5250 2438 5324 septentrionalis
2466 5266 2605 5322 pars
2633 5246 3021 5321 signiﬁcatur,
3052 5262 3157 5318 per
3186 5254 3455 5302 austrum
3488 5260 3623 5301 vero

1485 5446 1713 5519 Variae
1728 5449 2055 5520 lectiones
2077 5456 2143 5517 et
2165 5456 2371 5516 notae.

322 5646 446 5738 (45)ν
460 5650 647 5738 ἔπειτα
669 5644 863 5738 τέλους,
884 5660 1148 5738 pendet,
1163 5651 1405 5738 correct,
1431 5645 1703 5738 ejusdem
1724 5664 1857 5738 mag

248 5715 617 5851 guisB'uEiovg.
673 5715 816 5787 Mox,
852 5715 969 5773 διὰ
1004 5722 1065 5774 τὸ
1128 5718 1421 5794 bipenni,
1459 5715 1696 5777 inserto
1745 5720 1854 5777 isto

293 5816 348 5849 ια
421 5837 433 5850 ι

2180 5649 2383 5727 Τίμιον,
2417 5658 2527 5715 pro
2565 5641 2761 5713 ἅγιον..
2800 5641 2879 5727 “Α.

2036 5716 2149 5788 (⁷47)
2192 5716 2480 5788 Nimirum
2511 5720 2876 5788 πατριαρχῶν.

2036 5786 2150 5864 (48)
2172 5790 2276 5868 Γάρ
2307 5786 2497 5845 abest.
2517 5789 2586 5850 A.
