4128 6398
516 321 655 384 1007

1868 308 2211 373 EUTHYMII
2250 306 2576 370 ZIGABENI

3767 304 3908 368 1008

516 451 794 509 meridies
847 467 861 517 ;
912 448 1255 507 accubitum
1316 450 1515 503 autem
1572 443 1714 501 dicit
1769 443 2038 517 requiem
2104 458 2158 498 at

2288 446 2461 504 νότου,
2487 443 2541 493 τὸ
2559 439 2930 515 μεσημϐρινὸν.
2962 438 3257 493 Ἀνακλισιν
3289 434 3347 490 δὲ
3372 436 3509 510 λέγει
3538 441 3631 496 τὴν
3657 436 3901 490 ἀνάπαυ-

513 540 884 598 fruitionem.

583 632 745 686 Vers.
779 632 865 686 30.
897 629 976 685 Et
998 642 1128 684 ecce
1156 658 1224 667 —
1254 626 1457 696 primi.
1494 623 1721 680 Fideles
1761 639 1834 679 ex
1878 622 2174 695 gentibus,

512 720 617 792 qui
665 735 824 774 nunc
864 718 1107 791 quidem
1158 715 1437 788 postremi
1491 713 1790 783 videntur,
1821 717 2017 785 utpote
2071 711 2173 784 qui

512 807 717 864 Filium
737 813 1139 880 agnoverunt;
1167 809 1341 860 erunt
1362 810 1562 860 autem
1610 809 1749 859 tunc
1780 802 1974 873 primi,
2000 816 2174 874 prop-

510 902 598 953 ter
623 898 918 953 sinceram
958 911 1161 951 eorum
1204 893 1414 950 ﬁdem.

582 988 742 1042 Vers.
790 985 885 1040 30.
924 986 998 1040 Et
1027 1015 1081 1024 -
1113 983 1412 1055 postremi.
1462 981 1737 1037 [nﬁdeles
1782 980 1970 1036 Judaei
2012 994 2173 1034 nunc

508 1075 752 1148 quidem
798 1074 966 1147 primi
1014 1073 1310 1142 videntur,
1360 1078 1565 1144 utpote
1606 1071 1711 1143 qui
1763 1069 1938 1143 primi
1988 1071 2171 1123 Deum

507 1171 903 1236 agnoverunt;
931 1179 1073 1218 nam
1096 1162 1281 1217 Filius
1308 1161 1713 1233 meus(inquit)
1738 1158 2171 1230 primogenitus

508 1253 689 1311 Israel
710 1255 731 1289 δ
762 1270 774 1310 :
803 1258 939 1309 tunc
952 1259 1155 1309 autem
1183 1251 1466 1324 postremi
1499 1255 1672 1307 erunt
1702 1254 1943 1323 propter
1960 1264 2169 1305 eorum

505 1342 915 1400 inﬁdelitatem
929 1386 943 1401 .

577 1431 925 1502 Intelligitur
963 1438 1162 1487 autem
1206 1446 1404 1485 sermo
1435 1434 1492 1486 et
1530 1429 1604 1485 de
1632 1428 1931 1493 ﬁdelibus,
1973 1426 2075 1500 qui
2110 1427 2169 1481 in

505 1522 778 1592 praesenti
810 1522 924 1575 vita
950 1536 1080 1575 esse
1114 1520 1379 1575 videntur
1417 1518 1721 1590 postremi,
1768 1526 1938 1573 erunt
1970 1522 2170 1572 autem

505 1610 681 1682 primi
704 1610 761 1665 in
790 1609 986 1664 futuro
1008 1609 1240 1671 sazculo,
1271 1614 1325 1663 et
1351 1624 1589 1663 rursum
1622 1623 1651 1661 e
1675 1607 1993 1662 contrario.

576 1697 739 1755 CAP.
816 1698 904 1755 LI.
968 1700 1051 1755 De
1085 1698 1172 1755 his
1211 1700 1314 1768 qui
1363 1698 1715 1767 suadebant,
1770 1702 1835 1751 ut
1888 1695 2170 1752 secederet

999 1795 1241 1857 propter
1278 1787 1594 1842 Herodem.

573 1879 734 1935 Vers.
786 1879 873 1935 31.
922 1879 1137 1935 Eodem
1196 1877 1290 1933 die
1319 1908 1382 1917 —-
1412 1878 1678 1933 occidere
1725 1875 1959 1941 Audito,
2003 1874 2169 1948 quod

500 1968 772 2039 ejiciendi
817 1974 1014 2023 essent
1055 1967 1232 2033 foras,
1266 1967 1551 2039 quodque
1587 1965 1770 2022 futuri
1820 1971 2019 2021 essent
2067 1981 2166 2036 po-

500 2058 723 2123 stremi,
764 2057 996 2113 accensi
1025 2062 1163 2112 sunt
1183 2058 1269 2112 ira
1298 2069 1319 2127 ;
1352 2064 1408 2111 et
1443 2055 1725 2110 simulata
1758 2054 2169 2111 benevolentia

500 2146 755 2202 suadent
783 2146 862 2201 illi
907 2154 967 2201 ut
1005 2152 1175 2201 exeat
1205 2162 1274 2201 ac
1301 2145 1537 2200 secedat
1570 2162 1581 2200 :
1609 2144 1724 2200 hoc
1750 2144 1992 2216 quidem
2026 2158 2169 2215 prae-

500 2239 685 2302 textu,
720 2251 792 2290 ne
820 2235 896 2289 ab
937 2234 1163 2289 Herode
1211 2233 1537 2300 occidatur,
1580 2232 1641 2288 in
1666 2233 1913 2288 veritate
1946 2238 2165 2297 autem,

497 2338 574 2380 ne
600 2340 859 2396 praesens
878 2340 947 2381 ac
977 2323 1262 2380 miracula
1283 2323 1487 2387 edens,
1518 2322 1878 2393 gloriﬁcetur
1910 2328 1966 2378 et
1992 2326 2169 2377 attra-

498 2413 602 2468 hat
632 2412 900 2470 turbam.

569 2503 731 2558 Vers.
781 2503 864 2559 39.
915 2504 993 2558 Et
1024 2503 1105 2559 ait
1141 2534 1205 2543 —
1245 2516 1639 2559 consummor.
1675 2500 1917 2574 Cognita
1956 2516 2162 2556 eorum

497 2591 779 2659 versutia,
840 2591 1161 2646 clementer
1211 2607 1281 2646 ac
1326 2592 1466 2646 scite
1524 2592 1865 2661 respondet,
1918 2590 2161 2645 dicens:

497 2679 607 2743 Ite,
655 2685 708 2735 et
748 2680 929 2736 dicite
955 2680 1122 2747 vulpi
1151 2680 1264 2745 illi,
1313 2680 1427 2735 hoc
1469 2686 1573 2747 est,
1616 2679 1756 2735 dolo
1808 2694 2163 2750 morumque

499 2766 858 2835 difﬁcultati,
885 2785 1019 2841 qua;
1046 2769 1105 2824 in
1141 2769 1309 2824 vobis
1340 2774 1448 2825 est.
1490 2771 1850 2841 Quanquam
1872 2769 2031 2823 enim
2064 2767 2161 2823 hic

496 2872 695 2914 sermo
728 2858 939 2913 Herodi
976 2858 1205 2913 videtur
1234 2858 1494 2924 attribui,
1547 2862 1619 2913 ad
1646 2858 1807 2930 ipsos
1841 2864 2035 2913 tamen
2075 2874 2161 2913 re-

494 2946 686 3019 spicit.
756 2948 940 3005 Hodie
993 2964 1134 3004 vero
1191 2953 1245 3004 et
1292 2964 1440 3014 cras,
1505 2948 1614 3004 etsi
1666 2954 2159 3003 enumeratorum

493 3035 725 3093 dierum
766 3038 1158 3110 signiﬁcativa
1191 3043 1505 3111 apparent,
1549 3043 1814 3094 attamen
1869 3037 2156 3109 temporis

494 3127 837 3198 signiﬁcant
896 3128 1269 3184 brevitatem.
1343 3128 1613 3183 Solemus
1676 3128 1859 3197 enim,
1909 3127 2157 3199 quando

491 3218 800 3273 modicum
816 3224 1048 3289 tempus
1072 3216 1335 3273 iudicare
1361 3218 1653 3282 volumus,
1672 3218 1844 3274 hodie
1859 3223 1911 3271 et
1931 3233 2059 3273 cras
2073 3216 2157 3272 di-

490 3322 639 3362 cere.
662 3306 948 3363 Similiter
965 3308 1166 3378 etiam,
1196 3310 1360 3379 quod
1376 3307 1545 3363 dicit:
1578 3309 1766 3363 Tertio
1788 3307 1882 3363 die
1900 3323 2155 3363 consum-

487 3412 632 3461 mor,
674 3396 899 3452 indicat
933 3412 994 3452 se
1035 3412 1157 3452 non
1205 3395 1394 3452 multo
1444 3402 1577 3468 post
1611 3397 1987 3451 moriturum.
2023 3396 2156 3450 Haec

489 3492 688 3543 autem
717 3485 884 3554 dixit,
920 3491 979 3542 ut
1009 3486 1163 3542 iram
1195 3502 1263 3541 ac
1298 3486 1587 3543 invidiam
1609 3501 1817 3541 eorum
1859 3486 2157 3557 mitigaret

560 3751 731 3810 Vers.
790 3756 877 3809 33.
951 3754 1164 3809 Tamen
1200 3783 1259 3795 -
1301 3753 1629 3810 ambulare.
1680 3753 1936 3820 Quidam
1988 3754 2157 3810 aiunt

488 3841 663 3898 hodie
684 3846 741 3897 et
792 3858 925 3899 cras
954 3858 1093 3898 eum
1124 3842 1320 3899 dicere
1352 3843 1425 3899 de
1466 3843 1679 3899 diebus
1710 3843 1930 3917 quibus
1975 3842 2155 3899 mira-

487 3929 623 3987 cula
651 3931 728 3986 ibi
750 3937 877 3988 erat
902 3932 1191 4006 editurus,
1245 3934 1482 3990 tertium
1516 3950 1654 3990 vero
1680 3950 1842 4003 cum,
1873 3933 1972 4005 qui
2019 3937 2155 4006 post

485 4020 596 4077 bos
639 4027 767 4077 erat
795 4021 1050 4087 futurus,
1082 4022 1143 4078 in
1182 4039 1304 4095 quo
1336 4023 1851 4079 consummandus
1900 4028 2045 4089 erat,
2083 4039 2152 4079 ac

484 4111 593 4167 iter
621 4111 1022 4184 Hierosolyma
1052 4129 1259 4169 versus
1283 4113 1694 4179 inchoaturus,
1730 4119 1793 4170 ut
1835 4114 1897 4169 in
1925 4129 1996 4170 ea
2028 4130 2152 4171 mo-

482 4206 712 4258 reretur
724 4244 737 4258 .

554 4293 793 4363 Gportet
831 4307 925 4348 me
956 4291 1135 4349 hodie
1166 4296 1222 4347 et
1251 4308 1402 4364 cras,
1434 4293 1556 4349 sive
1605 4293 1845 4349 modico
1886 4296 2150 4366 tempore

482 4382 719 4453 operari
755 4397 890 4453 qum
934 4381 1074 4446 dixi,
1118 4386 1175 4438 et
1209 4383 1495 4454 perendie
1540 4382 1868 4448 ambulare,
1924 4383 1984 4439 id
2038 4389 2144 4451 est,

479 4470 819 4542 insequenti
842 4469 936 4525 die
964 4472 1211 4526 transire
1229 4488 1261 4526 a
1284 4472 1399 4529 vita
1418 4472 1718 4545 praesenti,
1735 4473 1856 4529 sive
1884 4479 2147 4546 postmo-

481 4559 626 4615 dum
652 4559 845 4616 occidi
873 4576 910 4617 a
936 4559 1123 4626 vobis,
1150 4561 1252 4634 qui
1286 4562 1713 4636 Hierosolymis
1743 4564 2145 4637 principatum

481 4648 717 4706 tenetis.

551 4826 710 4884 Vers.
750 4831 837 4885 33.
860 4828 1094 4898 Quia-
1112 4828 1558 4901 Hierosolymis.
1588 4830 1814 4887 Ironice
1837 4832 1951 4889 hoc
1970 4832 2135 4899 dixit,

479 4917 812 4990 objurgans
864 4919 1214 4986 Jerusalem,
1250 4926 1539 4993 tanquam
1567 4921 1987 4992 prophetarum
2033 4924 2139 4979 ho-

479 5009 792 5065 micidam.
824 5012 918 5065 Est
931 5016 1129 5066 autem
1143 5011 1491 5081 hujusmodi
1508 5012 1801 5069 sententia
1814 5014 2132 5069 sermonis:

478 5097 626 5156 Cum
646 5115 741 5155 me
762 5099 922 5156 dicat
947 5098 1321 5173 prophetam,
1353 5101 1555 5174 utique
1572 5102 1799 5159 occidet
1824 5119 1837 5169 ;
1866 5102 1945 5158 im
1954 5104 2136 5175 possi-

549 5306 571 5345 ⁸
607 5305 799 5365 Exod.
822 5324 896 5380 Iv,
922 5307 1012 5363 22.

2294 551 2396 597 σιν,
2430 536 2523 589 τὴν
2551 530 2861 586 ἀπόλαυσιν.

2363 626 2463 673 Καὶ
2496 616 2610 672 ἰδοὺ
2633 652 2701 659 —
2740 628 2957 694 πρῶτοι.
2988 621 3053 672 Οἱ
3083 618 3135 681 ἐξ
3166 616 3317 671 ἐθνῶν
3348 621 3550 682 πιστοὶ,
3584 616 3631 669 οἱ
3675 615 3900 670 δοκοῦσι

2288 712 2377 782 μὲν
2430 713 2651 782 ἔσχατοι
2705 718 2815 778 νῦν,
2870 712 2938 772 ὡς
2996 712 3214 781 ἔσχατοι
3265 711 3351 759 τὸν
3409 710 3524 759 ne»
3583 707 3894 778 ἐπιγνόντες·

2288 802 2488 863 ἔσονται
2546 796 2604 851 δε
2665 808 2859 875 πρῶτοι
2912 805 3045 865 τότε,
3114 795 3208 849 διὰ
3248 802 3341 855 τὴν
3399 797 3643 869 εἰλικρινῆ
3714 802 3898 849 πίστιν

2289 888 2453 942 αὐτῶν
2462 932 2474 943 .

2360 984 2461 1031 Καὶ
2492 978 2593 1031 εἰσι
2628 1010 2691 1019 —
2724 980 2966 1049 ἔσχατοι.
3013 978 3077 1029 Οἱ
3116 978 3334 1029 ἄπιστοι
3370 970 3646 1041 Ἰουδαῖοι,
3706 976 3756 1026 οῖ
3803 970 3893 1026 δο-

2284 1076 2440 1120 κοῦσι
2495 1070 2585 1140 μεν
2661 1075 2859 1142 πρῶτοι
2908 1074 3017 1134 νῦν,
3074 1069 3140 1128 ὡς
3200 1075 3396 1139 πρῶτοι
3454 1068 3539 1117 τόν
3599 1067 3727 1117 Θεὸν
3785 1062 3900 1115 ἐπι-

2283 1162 2506 1229 γνόντες.
2565 1159 2684 1218 Υἱὸς
2725 1159 2848 1230 γὰρ,
2906 1160 3057 1228 φησὶ,
3111 1160 3439 1228 πρωτότοκος
3487 1174 3587 1226 μου
3652 1152 3889 1228 Ἰσραήλ·

2285 1250 2492 1300 ἔσονται
2524 1243 2582 1299 δὲ
2615 1250 2838 1319 ἔσχατοι
2875 1250 3009 1311 τότε,
3041 1241 3134 1297 διὰ
3159 1250 3252 1304 τὴν
3285 1243 3535 1297 ἀπιστίαν
3567 1243 3763 1299 αὐτῶν.

2356 1434 2566 1480 Νοεῐται
2596 1427 2620 1477 ό
2650 1412 2800 1497 λόγος
2843 1430 3075 1499 καὶπερὶ
3107 1433 3205 1476 τῶν
3258 1432 3478 1489 πιστῶν,
3525 1430 3624 1475 τῶν
3682 1419 3899 1474 δοκούν-

2285 1537 2383 1569 των
2414 1521 2504 1590 μὲν
2546 1515 2673 1569 εἶναι
2721 1515 2962 1587 ἐσχάτων
3009 1517 3058 1568 ἐν
3088 1523 3156 1585 τῷ
3206 1520 3421 1590 μαρόντι
3464 1512 3585 1586 βίῳ·
3639 1511 3895 1584 ἐσομένων

2287 1606 2345 1662 δὲ
2376 1613 2589 1681 πρώτων
2631 1605 2677 1658 ἐν
2702 1615 2771 1676 τῷ
2805 1605 3035 1678 μέλλοντι
3060 1604 3224 1669 αἰῶνι,
3258 1609 3347 1656 καὶ
3378 1600 3523 1663 αὖθις
3545 1602 3780 1664 immoti.

2289 1704 2440 1752 ΚΕΦ.
2522 1696 2650 1753 ΝΑ’.
2714 1700 2837 1771 Περὶ
2907 1702 3004 1746 τῶν
3084 1696 3324 1746 εἰπόντων
3408 1702 3476 1763 τῷ
3545 1692 3723 1749 Ἰησοῦ
3801 1687 3897 1743 διὰ

2946 1780 3208 1855 Ἡρώδην.

2357 1879 2439 1931 Ἐν
2490 1877 2619 1948 αὐτῇ
2664 1884 2725 1949 τῇ
2778 1876 2947 1948 ἡμέρα
3011 1906 3075 1915 -
3139 1876 3459 1926 ἀποκτεῖναι.
3523 1870 3889 1933 Ἀκούσαντες,

2284 1968 2361 2019 ὅτι
2400 1967 2620 2025 ἐκϐληθή
2634 1986 2811 2018 σονται
2842 1964 2955 2031 ἐξω,
2989 1968 3078 2015 καὶ
3126 1966 3202 2015 ὅτι
3233 1966 3439 2015 ἔσονται
3472 1964 3717 2032 ἔσχατοι,
3764 1958 3892 2017 ἀνή-

2284 2059 2489 2128 φθησαν
2545 2057 2611 2117 εἰς
2666 2056 2841 2128 ὀργὴν,
2904 2060 2992 2105 καὶ
3039 2055 3442 2126 ὑποκρινάμενοι
3484 2054 3704 2118 εὔνοιαν,
3761 2069 3895 2121 συμ-

2283 2144 2618 2198 ϐουλεύουσιν
2658 2146 2794 2215 αὐτῴ
2826 2144 3040 2207 ἐξελθεῖν
3068 2148 3157 2195 καὶ
3202 2142 3583 2215 ἀναχωρῆσαι·
3632 2143 3895 2212 προφάσει

2281 2238 2391 2307 μεν,
2446 2237 2528 2287 ἵνα
2574 2240 2646 2308 μὴ
2690 2236 2789 2287 ὑπὸ
2833 2230 3068 2308 Ἠρὼὃου
3113 2232 3379 2305 ἀναιρεθῇ·
3437 2239 3497 2304 τῇ
3552 2227 3600 2282 δ’
3654 2228 3890 2301 ἀληθείᾳ,

2283 2325 2365 2376 ἶνα
2380 2332 2451 2397 μη
2474 2330 2652 2393 παρὼν
2670 2329 2759 2377 καὶ
2782 2327 3024 2397 θαύματα
3046 2332 3225 2391 ποιῶν,
3246 2319 3540 2385 δοξάζηται
3560 2325 3649 2372 καὶ
3671 2318 3889 2393 ἐφελκύῃ

2278 2418 2365 2468 τὸν
2394 2414 2572 2487 ὄχλον.

2350 2507 2455 2559 Καὶ
2510 2500 2643 2557 εἶπεν
2697 2536 2764 2544 -
2814 2503 3123 2577 τελειοῦμαι.
3184 2505 3341 2564 Γνοὺς
3396 2506 3487 2559 τὴν
3562 2504 3889 2573 πανουργίαν

2279 2594 2467 2660 αὐτῶν,
2525 2593 2839 2656 ἀνεξικάκως
2901 2599 2989 2645 καὶ
3040 2593 3236 2665 εὐφυῶς
3297 2591 3631 2661 ἀποκρίνεται
3699 2589 3883 2660 λέγων·

2278 2686 2610 2758 Πορευθέντες
2686 2687 2860 2736 εἴπατε
2935 2690 2995 2755 τῇ
3058 2681 3282 2734 ἀλώπεκι
3359 2683 3549 2753 ταύτῃ,
3616 2683 3882 2745 τουτέστι,

2274 2782 2335 2846 τῇ
2396 2770 2682 2845 δολιότητι,
2734 2782 2793 2845 τῇ
2851 2770 3152 2845 δυστροπίᾳ
3208 2779 3268 2843 τῇ
3346 2773 3393 2822 ἓν
3448 2771 3586 2843 ὑμῖν·
3648 2777 3884 2821 τοιοῦτον

2271 2866 2372 2937 γὰρ
2423 2865 2452 2922 ἠ
2521 2863 2761 2926 ἀλώπηξ.
2821 2862 2881 2915 Εἰ
2930 2865 3028 2936 γὰρ
3083 2866 3172 2914 καὶ
3224 2862 3339 2931 (i9)
3392 2863 3517 2934 πρός
3554 2856 3802 2932 Ἡρώδην
3858 2860 3885 2909 ὁ

2271 2952 2423 3023 λόγος
2472 2951 2829 3005 ἀποτετᾶσθαι
2879 2949 3044 3017 δοκεῖ,
3106 2950 3231 3003 ἀλλά
3269 2970 3327 3021 γε
3371 2956 3499 3022 πρὸς
3536 2948 3726 3010 αὐτοὺς
3765 2950 3881 3021 ὁρᾷ·

3248 3040 3292 3092 εἰ
3370 3044 3459 3091 καὶ
3517 3039 3886 3111 ἠριθμημένων

3264 3128 3376 3181 ἀλλ’
3437 3125 3523 3179 οὖν
3601 3132 3886 3199 συντομίαν

2270 3046 2339 3094 Τὸ
2402 3038 2460 3094 δὲ
2532 3047 2755 3115 σήμερον
2814 3048 2905 3095 καὶ
2967 3045 3166 3116 αὔριον,

2270 3132 2472 3206 ἡμερῶν
2549 3135 2847 3205 σημαντικα
2905 3136 3186 3204 φαίνονται,

2269 3229 2454 3293 καιροῦ
2527 3219 2947 3294 παραδηλοῦσιν.
3018 3221 3282 3292 Εἰώθαμεν
3352 3220 3470 3290 γὰρ,
3537 3220 3657 3270 ὅταν
3713 3216 3887 3288 ὀλίγον

2267 3315 2447 3384 καιρὸν
2536 3311 2761 3384 ἐμφῆναι
2812 3310 3049 3383 θέλωμεν,
3118 3316 3341 3382 σήμερον
3425 3313 3514 3360 καὶ
3567 3311 3745 3381 αὔριον
3803 3306 3885 3359 λέ-

2265 3421 2394 3472 γειν.
2452 3401 2674 3473 Ὁμοίως
2745 3398 2803 3453 δὲ
2860 3406 2948 3452 καὶ
2997 3403 3054 3452 τὸ
3123 3408 3183 3472 τῇ
3237 3404 3385 3473 τρίτῇ
3450 3397 3760 3469 τελειοῦμαι,
3826 3399 3883 3448 τό

2267 3490 2358 3541 οὐκ
2405 3490 2477 3552 εἰς
2524 3494 2728 3563 μακρὰν
2769 3489 3043 3542 ἀποθανεῖν
3084 3489 3235 3540 αὐτὸν
3293 3491 3662 3561 ὑποσημαίνει.
3702 3494 3884 3538 Ταῦτα

2268 3575 2325 3630 δὲ
2384 3577 2511 3651 εἷπε,
2566 3580 3027 3654 παραμυθούμενος
3065 3583 3158 3637 τὴν
3205 3577 3365 3654 ὀργὴν
3418 3582 3509 3629 καὶ
3566 3579 3652 3629 τὸν
3693 3578 3879 3649 φθόνον

2267 3668 2434 3720 αὐτῶν
2449 3712 2462 3724 ,

2340 3758 2479 3816 Πλὴν
2525 3788 2581 3798 -
2626 3759 2941 3831 πορεύεσθαι
2992 3757 3155 3831 [Τινὲς
3208 3757 3319 3830 (30)
3379 3752 3433 3809 ii
3470 3775 3619 3828 φασι,
3677 3759 3732 3808 τό
3785 3761 3877 3814 σή-

2264 3867 2416 3921 μερον
2469 3853 2555 3900 καὶ
2623 3851 2801 3922 αὔριον
2857 3853 2973 3923 περὶ
3025 3844 3121 3899 δύο
3181 3849 3384 3921 ἡμερῶν
3450 3846 3634 3917 λέγειν,
3699 3845 3746 3897 ἐν
3800 3847 3887 3908 αἷς

3228 3942 3409 4010 τρίτην
3475 3933 3555 4002 δὲ,
3618 3941 3712 3995 τὴν
3771 3937 3886 4009 μετ’

3620 4024 3890 4100 ἄρξασθαι

2264 3936 2369 3989 ἐκεῖ
2459 3939 2871 4013 θαυματουργεῖν
2958 3936 3129 4009 ἔμελλε
3167 3951 3180 3965 ⁸

2266 4027 2441 4092 αὐτὰς,
2505 4026 2553 4078 ἐν
2716 4028 3046 4085 τελειωθῆναί
3121 4046 3300 4099 φησιν,
3356 4029 3539 4093 εῖτουν,

2263 4125 2357 4180 τῆς
2398 4117 2479 4170 ἐπὶ
2537 4118 2754 4170 θάνατον
2804 4122 3037 4191 πορείας,
3087 4122 3177 4168 καῖ
3230 4112 3476 4189 βαδίζειν
3535 4114 3619 4168 ἐπὶ
3674 4118 3739 4168 τὰ
3790 4115 3890 4169 Ἰε-

2262 4206 2599 4282 ροσόλυμα.]

2334 4302 2447 4371 Χρὴ
2490 4316 2552 4370 με
2610 4302 2835 4370 σήμερον
2898 4300 2986 4348 καὶ
3041 4299 3218 4369 αὔριον
3284 4294 3580 4370 ἐνεργῆσαι,
3635 4295 3669 4347 ἃ
3720 4291 3884 4361 εἷπον,

2260 4391 2443 4458 ἤγουν,
2501 4386 2582 4438 ἐπ’
2638 4386 2806 4459 ὀλίγον
2860 4390 3061 4461 καιρὸν,
3123 4391 3211 4439 καὶ
3263 4394 3325 4458 τῇ
3381 4385 3603 4458 ἐχομένη
3664 4389 3885 4459 πορεύε-

2263 4478 2408 4541 σθαι,
2467 4478 2654 4541 εἶτουν,
2705 4485 2767 4550 τῇ
2826 4476 3005 4549 ἐφεξῆς
3220 4479 3389 4550 ἡμέρα
3427 4475 3715 4549 μεταϐῆναι
3774 4475 3879 4528 ἀπὸ

2262 4574 2357 4627 τῆς
2410 4569 2685 4639 παρούσης
2744 4567 2903 4632 ζωῆς,
2962 4570 3223 4632 τουτέστι,
3288 4569 3417 4637 μετὰ
3476 4574 3627 4618 τοῦτο
3678 4564 3879 4618 ἀποθα-

2256 4663 2377 4721 νεῖν,
2420 4655 2504 4721 ὑφ’
2549 4657 2690 4729 ὑμῶν
2744 4652 2984 4715 δηλονότι
3031 4663 3129 4708 τῶν
3184 4654 3232 4707 ἐν
3286 4655 3625 4729 Ἰερουσαλὴμ
3681 4653 3875 4727 αρχονο

2257 4764 2356 4797 των
2371 4791 2381 4801 .

2325 4833 2446 4887 Ὀτι
2527 4866 2597 4876 -
2671 4833 3031 4910 Ἰερουσαλήμ.

2818 4925 3181 4999 Ἰερουσαλὴμ,
3265 4927 3333 4988 ὡς

3128 4835 3216 4910 Εὶρ
3225 4842 3419 4897 ωνικῶς
3500 4842 3653 4887 τοῦτο
3738 4830 3871 4904 εἶπε,

2255 4921 2522 4999 διασύρων
2634 4929 2727 4983 τὴν
2818 4925 3181 4999 Ἰερουσαλὴμ,
3265 4927 3333 4988 ὡς
3426 4928 3869 5000 προφητοκτὸνον.

2252 5014 2408 5069 ’Ἐστι
2440 5012 2498 5067 δὲ
2552 5016 2576 5067 ὀ
2617 5023 2729 5075 νοῦς
2769 5022 2860 5067 του
2912 5014 3065 5087 λόγου
3116 5023 3364 5076 τοιοῦτος·
3423 5017 3501 5067 ὅτι
3552 5015 3693 5067 Ἐπεὶ
3750 5034 3880 5089 προ-

2252 5110 2418 5181 φήτην
2473 5124 2535 5179 με
2595 5104 2755 5178 λέγει,
2807 5107 3013 5167 πάντως
3085 5104 3349 5160 ἀποκτενεῖ
3405 5125 3488 5180 με.
3540 5102 3876 5161 Ἀνένὸεκτον

1699 5484 1923 5560 Varia
1960 5460 2287 5564 lectiones
2328 5502 2393 5564 et
2426 5502 2629 5566 notae.

542 5674 657 5829 (49}
684 5684 785 5735 Καὶ
806 5677 991 5740 abest.
1021 5681 1092 5740 Α.
1272 5726 1277 5731 -

545 5757 632 5829 (50
698 5754 829 5808 Haec
881 5756 941 5808 in
980 5755 1260 5813 contextu

545 5750 655 5829 (50)
698 5754 829 5808 Haec
881 5756 941 5808 in
980 5755 1260 5813 contextu
1314 5750 1487 5813 habet
1528 5756 1589 5827 Β,
1620 5764 1755 5833 post
1803 5762 1982 5835 φθόνον
2034 5762 2129 5816 ὕα-

2252 5701 2371 5748 τῶν.
2402 5693 2513 5748 Sed
2547 5696 2591 5747 Α
2622 5693 2685 5748 in
2718 5694 2989 5765 margine
3020 5688 3279 5753 exhibet.

2315 5766 2431 5837 (51)
2468 5767 2789 5841 Πορεύεσθαι
2803 5765 2899 5824 hic
2928 5769 3140 5843 repetit
3166 5768 3234 5823 A.
