4128 6382
291 394 428 450 1009

1496 386 1865 445 COMMENT.
1910 385 1981 441 IN
2021 386 2285 446 LUCAM.
2330 423 2393 433 -—
2435 390 2591 448 CAP.
2635 390 2780 451 XIV.

3532 393 3670 452 1010

284 524 408 594 γὰρ,
478 524 596 580 ἤτοι
663 517 938 589 ἀσύνηθες,
1002 522 1294 592 προφήτην,
1361 515 1695 590 ἀναιρεθῆναι
1750 514 1885 575 ἐκτός

2013 513 2121 571 bile
2165 517 2313 573 enim
2356 522 2459 584 est,
2513 520 2636 577 sive
2688 521 3014 589 insuetum,
3072 522 3137 578 ut
3174 520 3469 594 propheta
3525 521 3668 580 alibi

286 612 417 669 αύτῆ
429 632 471 674 ς.

355 700 699 775 Ἰερουσαλὴμ
767 731 835 739 ——
910 697 1217 757 ἠθελήσατε.
1289 703 1469 750 Ταῦτα
1520 700 1609 749 καὶ
1675 697 1700 748 ὁ
1748 703 1891 749 Ματ-

286 792 433 851 θαίος
492 789 775 861 ἀνέγραψεν
834 787 881 840 ἐν
927 796 996 859 τῷ
1052 795 1387 857 πεντηκοστῷ
1420 789 1548 858 ἕκτῳ
1609 785 1888 858 κεφαλαίῳ,

282 886 377 933 καὶ
406 879 666 951 ἀνάγνωθι
707 878 752 930 ἐν
782 878 952 950 ἐκείνῳ
993 882 1081 935 τὴν
1131 877 1377 949 ἐξήγησιν
1418 876 1604 929 αύτών.
1653 878 1890 929 Νοσσιὰν

288 967 347 1023 δὲ
376 978 463 1021 νῦν
485 969 620 1041 λέγει
645 972 699 1022 τό
732 967 923 1028 πλῆθος
949 976 1047 1020 τῶν
1076 976 1326 1020 νεοσσῶν.

361 1057 502 1113 Ἰδού
556 1090 625 1099 -
677 1062 839 1132 ύμῶν.
889 1057 1140 1134 Ἐρημος,
1194 1054 1454 1128 δηλονότι,
1510 1058 1677 1116 καθὼς
1731 1075 1891 1127 προσ-

287 1152 466 1207 έθηκεν
493 1151 517 1201 ό
548 1150 839 1211 Μακθαίος.
894 1153 995 1201 Καὶ
1022 1155 1174 1200 τοῦτο
1202 1144 1261 1200 δὲ
1299 1150 1356 1199 τό
1394 1148 1551 1222 ῥητόν
1584 1144 1759 1219 ἐφεξῆς
1788 1146 1892 1198 ἐκεῖ

288 1236 689 1311 διηρμήνευται.

358 1333 510 1400 Λέγω
552 1360 613 1369 -
650 1333 864 1402 Κυρίου.
910 1327 1038 1388 Ἐως
1067 1328 1127 1379 ἄν
1160 1326 1256 1399 ἧξη
1290 1328 1315 1379 ό
1346 1330 1549 1399 καιρὸς,
1583 1328 1664 1379 ὅτε
1714 1328 1890 1384 εἴπητε

282 1415 423 1473 τόδε.
480 1422 581 1472 Καὶ
624 1420 818 1470 τούτων
869 1414 928 1471 δι
974 1419 1178 1469 πάντων
1220 1416 1512 1480 ἀκολούθως
1540 1415 1587 1468 ἐν
1617 1415 1789 1489 ἐκείνῳ
1816 1424 1887 1487 τῷ

282 1508 542 1581 κεφαλαίῳ
572 1512 665 1567 τὴν
692 1508 964 1584 ἑρμηνείαν
990 1510 1241 1582 εὑρήσεις.

607 1694 751 1743 ΚΕΦ.
792 1687 913 1742 ΝΒ’.
957 1690 1082 1760 Περὶ
1110 1694 1203 1739 τοῦ
1237 1682 1563 1761 ύδρωπικοῡ.

358 1784 457 1833 Καὶ
502 1779 690 1851 ἐγένετο
729 1811 798 1821 -—
830 1779 1004 1831 αύτόν.
1056 1782 1157 1831 Καὶ
1210 1778 1359 1838 οὗτος
1399 1779 1423 1829 ό
1472 1784 1770 1850 Φαρισαῖος,
1817 1779 1887 1839 ὡς

2002 606 2324 672 occidatur,
2359 625 2543 681 quam
2574 609 2632 665 in
2663 627 2750 666 ea.

2072 700 2234 753 Vers.
2307 702 2393 756 34.
2462 700 2783 757 Jerusalem
2836 733 2905 742 —
2956 700 3238 757 noluistis.
3295 702 3426 757 Haec
3486 701 3667 757 etiam

2002 788 2231 861 scripsit
2264 789 2560 845 Matthaeus
2591 791 3097 864 quinquagesimo
3130 797 3299 848 sexto
3337 792 3532 865 capite
3564 809 3576 847 :
3613 795 3671 848 et

2000 877 2060 933 in
2111 895 2181 934 eo
2209 878 2336 947 lege
2368 880 2641 950 ipsorum
2691 882 3143 953 expositionem.
3193 881 3412 938 Nidum
3466 886 3667 939 autem

2000 972 2169 1023 vocat
2201 967 2500 1039 pullorum
2534 969 2997 1027 multitudinem.

2072 1059 2209 1112 Vers
2260 1061 2347 1113 35.
2390 1059 2544 1115 Ecce
2584 1090 2651 1100 —
2682 1068 2891 1116 vestra.
2944 1061 3184 1118 Deserta
3236 1061 3525 1131 videlicet,
3555 1062 3669 1117 sic-

2000 1150 2067 1201 ut
2106 1146 2337 1203 addidit
2384 1149 2688 1203 Mattbaaus
2719 1151 2739 1185 ⁷
2783 1169 2799 1221 ;
2852 1151 2953 1206 ubi
3021 1152 3202 1207 etiam
3270 1151 3385 1207 hoc
3436 1151 3666 1207 dictum

2001 1242 2434 1308 consequenter
2462 1239 2836 1297 declaratum
2868 1245 2976 1296 est.

2068 1326 2232 1381 Vers.
2286 1327 2377 1382 35.
2440 1328 2583 1384 Dico
2639 1359 2709 1370 —
2764 1329 3008 1386 Domini.
3074 1332 3399 1403 Quousque
3467 1328 3669 1387 veniat

1998 1419 2251 1487 tempus,
2302 1432 2441 1473 cum
2492 1418 2607 1475 hoc
2660 1418 2941 1475 dixeritis.
3006 1423 3220 1476 Horum
3271 1425 3473 1475 autem
3533 1435 3665 1475 oms

1996 1504 2163 1601 nium
2208 1506 2269 1562 in
2313 1522 2384 1564 eo
2434 1507 2567 1565 loco
2617 1514 3055 1582 consequenter
3118 1508 3660 1583 interpretationem

1996 1595 2283 1651 invenies.

2353 1688 2507 1743 CAP.
2540 1689 2653 1745 Lll.
2686 1691 2771 1745 De
2801 1688 3143 1761 hydropico.

2064 1773 2205 1846 Cap.
2256 1777 2412 1834 XIV.
2465 1778 2630 1833 Vers.
2680 1779 2731 1845 1,
2775 1779 2853 1833 Et
2901 1779 3136 1848 factum
3185 1785 3273 1836 est
3303 1808 3367 1819 --
3397 1793 3549 1834 eum.
3603 1781 3670 1836 Et

278 1875 551 1945 προφήτην
616 1869 771 1921 αύτὸν
852 1870 1087 1922 ἐκάλεσεν
1159 1868 1228 1930 εἰς
1304 1868 1559 1935 ἑστίασιν,
1621 1867 1883 1939 ὑπόληψιν

2013 1862 2088 1918 1ic
2119 1865 2474 1933 Phariswus,
2508 1872 2789 1940 tanquam
2822 1869 3180 1941 prophetam
3204 1910 3216 1929 ,
3253 1866 3490 1923 vocavit
3519 1883 3666 1923 eum

277 1968 371 2011 τοῦ
434 1965 507 2031 μὴ
566 1958 867 2015 ϐασκαίνειν
932 1961 1245 2033 θηρώμενος.
1298 1958 1468 2011 Ἦσαν
1527 1961 1628 2033 γὰρ
1694 1962 1780 2009 καὶ
1835 1956 1882 2009 ἐν

276 2057 382 2110 τοῖς
413 2054 717 2123 Φαρισαίοις
768 2052 896 2109 τινες
963 2049 1017 2112 ἐξ
1072 2051 1316 2121 ἡμισείας
1370 2053 1605 2122 πονηροὶ,
1639 2053 1728 2100 καὶ
1785 2055 1882 2099 τῶν

280 2139 442 2192 ἄλλων
489 2137 884 2213 διαφορώτεροι.
935 2140 1117 2191 Εἵπετο
1165 2136 1224 2192 δε
1273 2141 1297 2190 ό
1348 2142 1598 2213 Χριστός,
1648 2137 1882 2210 ἀφορμὴν

283 2232 546 2282 κάνταῦθα
583 2229 825 2301 ὠφελείας
863 2237 953 2280 τοῦ
999 2234 1286 2302 Φαρισαίου
1336 2235 1425 2281 καὶ
1472 2237 1571 2280 τῶν
1619 2231 1754 2279 κατὰ
1796 2231 1885 2279 τόν

281 2317 416 2372 οἶκον
465 2320 628 2371 αὐτοῦ
676 2322 978 2390 ποιούμενος
1026 2324 1118 2377 τὴν
1176 2320 1449 2371 ἑστίασιν·
1497 2321 1545 2370 οἰ
1601 2315 1660 2371 δε
1715 2317 1885 2370 λοιποὶ

278 2417 557 2485 Φαρισαῖοι
593 2415 915 2484 παρετήρουν
952 2409 1129 2475 αὐτὸν,
1163 2408 1246 2461 ἐάν
1277 2429 1327 2461 τι
1370 2413 1569 2483 ποιήσῃ
1617 2411 1759 2482 παρά
1798 2411 1884 2460 τόν

276 2505 430 2573 νόμον
460 2498 508 2551 ἓν
538 2506 610 2570 τῷ
638 2497 903 2570 Σαϐϐάτῳ.

355 2684 453 2731 Καὶ
493 2674 610 2730 ἰδοὺ
668 2709 728 2717 ——
761 2676 942 2730 αὐτοῦ.
976 2683 1074 2729 Ἷῐν
1108 2679 1401 2751 ἱστάμενος,
1448 2681 1537 2730 καὶ
1568 2680 1639 2750 μὴ
1688 2676 1886 2751 τολμῶν

285 2772 376 2839 μεν
433 2768 665 2828 ζητῆσαι
723 2769 1009 2842 θεραπείαν,
1064 2764 1242 2820 διὰτὸ
1301 2766 1563 2820 Σάϐϐατον
1622 2772 1711 2819 καὶ
1769 2771 1886 2831 τοὺς

284 2863 635 2931 Φαρισαίους·
688 2861 987 2930 φαινόμενος
1038 2854 1097 2910 δὲ
1143 2861 1317 2930 μόνον,
1380 2858 1463 2909 ἶνα
1520 2854 1646 2909 ἰδὼν
1704 2856 1891 2909 οἰκτει..

279 2954 419 3022 ρήση
472 2951 653 3000 τοῦτον
703 2946 783 3020 ἀφ’
843 2947 1049 3013 ἑαυτοῦ,
1098 2953 1186 3001 καὶ
1246 2947 1514 3021 ἀπαλλάξῃ
1573 2955 1664 3000 τοῦ
1717 2944 1888 3023 ὕδρω-

273 3058 397 3100 πος.

353 3133 451 3182 Καὶ
508 3159 571 3169 -
658 3132 992 3201 Φαρισαίους.
1070 3127 1207 3181 Ἐκεῖ
1280 3133 1370 3181 καὶ
1448 3128 1637 3194 αύτούς
1703 3149 1887 3203 συγκε-

272 3218 580 3291 κλημένους.

353 3313 525 3380 Λέγων
581 3342 647 3350 -
717 3312 1025 3382 ἡσύχασαν.
1086 3314 1185 3362 Καὶ
1243 3309 1422 3363 ἄλλοτε
1476 3313 1577 3385 γὰρ
1648 3318 1880 3363 τοιοῦτον

274 3399 615 3474 ἐρωτηθέντες
682 3402 1158 3472 ἓπεστομίσθησαν.
1238 3396 1378 3453 Οὐδὲ
1442 3404 1542 3475 γὰρ
1621 3398 1879 3460 ἠδύναντο

271 3488 454 3560 λέγειν,
515 3490 594 3541 ὄτι
656 3489 907 3541 ἐκώλυσεν
975 3490 999 3541 ό
1051 3493 1206 3561 νόμος
1253 3488 1582 3562 ἀγαθοποιεῑν
1648 3490 1694 3543 ἐν
1754 3490 1880 3544 Σαϐ-

272 3576 438 3649 ϐάτῳ.

350 3670 451 3724 Καὶ
517 3699 584 3710 -—
640 3668 913 3724 ἀπέλυσεν.
973 3699 1043 3711 -
1095 3668 1509 3743 Ἐπιλαϐόμενος,
1583 3670 1696 3725 ἀντὶ
1765 3680 1874 3739 τοῦ,

273 3757 540 3829 ἁψάμενος
570 3758 749 3811 αὐτοῦ.

348 3853 449 3900 Καὶ
509 3846 806 3924 ἀποκριθεὶς
871 3879 939 3887 -
1014 3848 1318 3917 Σαϐϐάτου;
1386 3858 1551 3904 Τοῦτο
1602 3854 1703 3926 γὰρ
1768 3851 1877 3905 ἐπέ-

270 3957 451 4013 τρεπεν
488 3939 707 4010 ὀνόμος.
751 3939 812 3990 Εἰ
857 3936 915 3991 δὲ
960 3942 1018 3990 τό
1064 3938 1248 4010 ἄλογον
1299 3940 1428 4000 ζῶον
1482 3941 1575 3993 ούκ
1623 3940 1875 3993 ἐκώλυσεν

273 4026 513 4097 ἀνασπᾷν
553 4025 605 4079 ἐκ
636 4036 727 4079 τοῦ
772 4024 1036 4090 κινδύνου,
1091 4028 1260 4100 πολλῷ
1291 4029 1479 4101 μᾶλλον
1536 4034 1591 4081 τό
1644 4030 1873 4102 λογικόν,

274 4115 350 4171 δι’
382 4117 407 4169 ὃ
437 4122 521 4169 καὶ
574 4122 631 4169 τὸ
680 4118 885 4190 οῧιογον.
936 4118 1005 4171 Ὠ
1036 4118 1201 4191 βάθος
1262 4120 1481 4190 σοφίαςῖ
1520 4128 1633 4181 Πῶς
1688 4118 1873 4194 διαφό-

272 4227 375 4284 ρως
433 4206 479 4259 ἑν
530 4207 776 4279 Σαϐϐάτῳ
843 4210 1181 4282 θεραπεύσας,
1250 4205 1533 4284 διαφόρους
1591 4208 1877 4282 ἀπολογίας

273 4297 435 4349 αύτού
491 4302 792 4365 πεποίηται,
852 4304 942 4351 καὶ
997 4300 1170 4360 πάσας
1223 4298 1663 4375 ἀναντιρρὴτούς;
1716 4298 1878 4353 διδά-

272 4406 432 4453 σκων,
495 4388 572 4439 ὅτι
640 4386 738 4439 ἀπὸ
799 4396 895 4439 τῶν
957 4386 1217 4461 βιωτικῶν
1286 4391 1447 4464 ἔργων
1517 4388 1873 4456 σαϐϐατίζειν,
1952 4443 1960 4457 ,

270 4480 391 4535 ἤτοι
422 4477 725 4548 σχολάζειν,
777 4476 1085 4530 ἐκέλευσενό
1130 4484 1313 4551 νόμος·
1353 4479 1410 4531 ού
1458 4484 1562 4552 μὴν
1622 4479 1722 4532 ἀπὸ
1780 4490 1875 4533 τῶν

270 4575 653 4638 πνευματικῶν.

346 4661 447 4709 Καὶ
488 4656 581 4709 ούκ
614 4688 680 4697 --
726 4663 908 4710 ταῦτα.
972 4662 1197 4731 Φανεροὶς
1252 4662 1414 4721 οὔσης
1468 4667 1563 4721 τῆς
1612 4657 1873 4722 ἀληθείας.

275 4842 422 4890 ΚΕΦ.
481 4835 601 4894 NI".
680 4841 805 4912 Περὶ
871 4843 963 4889 τοῦ
1025 4841 1096 4909 μὴ
1167 4836 1371 4909 ἀγαπᾷν
1437 4841 1530 4899 τὰς
1594 4839 1879 4909 πρωτοκλι-

1006 4930 1144 4988 σίας.

792 5013 1095 5087 ἐξελέγοντο.
1204 5016 1456 5087 Ἐπέχων,
1561 5015 1673 5070 ἀντὶ
1765 5025 1875 5084 τοῦ,

348 5012 525 5086 Ἔλεγε
620 5046 685 5054 -

273 5109 600 5177 μεμφόμενος
654 5104 790 5177 (52).
835 5101 976 5157 διότι
1006 5108 1097 5168 τὰς
1150 5112 1359 5178 πρώτας
1402 5105 1734 5167 κατακλίσεις
1782 5106 1880 5169 ἐξε-

1204 5016 1435 5088 Ἐπέχων
1444 5060 1456 5083 ,

274 5194 483 5264 λέγοντο
510 5211 522 5224 ·
566 5193 700 5268 ἐώρα
727 5197 825 5268 γὰρ
884 5194 1075 5257 αύτούς
1120 5199 1235 5257 τοὺς
1274 5204 1426 5249 τοῦτο
1456 5203 1733 5259 ποιοῦντας
1791 5216 1881 5255 τη-

272 5291 515 5338 νικαῦτα.

348 5445 549 5502 Matth.
572 5461 729 5514 xxm,
767 5448 855 5501 38.

1995 1953 2072 2036 ad
2116 1956 2476 2023 convivium,
2527 1957 2875 2029 opinionem
2921 1959 3121 2014 venari
3177 1957 3448 2029 cupiens,
3494 1956 3659 2029 quod

1992 2040 2107 2115 lpsi
2173 2061 2294 2101 non
2348 2046 2659 2102 invideret.
2725 2050 2905 2103 Erant
2982 2048 3141 2102 enim
3194 2046 3440 2119 quidam
3513 2046 3662 2102 inter

1993 2134 2328 2191 Pharismos
2384 2136 2699 2201 semimali,
2752 2142 2808 2192 et
2860 2138 2962 2209 qui
3020 2137 3245 2192 caeteris
3287 2141 3457 2191 erant
3508 2152 3659 2207 pras-

1995 2224 2331 2281 stantiores.
2396 2226 2645 2282 Secutus
2719 2233 2806 2282 est
2858 2232 3056 2282 autem
3108 2230 3164 2281 et
3220 2224 3315 2280 hic
3374 2224 3657 2291 Christus,

1994 2314 2371 2371 occasionem
2420 2316 2705 2381 utilitatis,
2764 2315 3064 2381 Pharismi,
3113 2315 3335 2370 faciens
3380 2315 3439 2369 in
3487 2314 3663 2370 domo

1994 2403 2124 2475 ejus
2174 2404 2520 2473 prandium.
2577 2405 2782 2461 Caetsri
2835 2421 2977 2460 vero
3036 2402 3445 2460 observabant
3497 2418 3654 2467 eum,

1997 2509 2073 2548 an
2105 2493 2323 2550 faceret
2347 2495 2664 2569 quippiam
2705 2496 2765 2550 in
2809 2494 3092 2561 Sabbato,
3117 2492 3281 2567 quod
3321 2496 3536 2565 praeter
3582 2490 3661 2547 le-

1997 2599 2131 2654 gem
2158 2588 2328 2639 esset.

2068 2673 2229 2728 Vers.
2262 2674 2313 2728 2.
2356 2674 2433 2729 El
2479 2674 2912 2730 ecce—illum.
2971 2673 3107 2729 Erat
3156 2675 3344 2736 stans,
3393 2685 3504 2726 nec
3555 2684 3661 2727 au-

1997 2761 2147 2817 dens
2208 2767 2406 2831 petere
2465 2762 2835 2818 curationem
2902 2768 3142 2835 propter
3208 2759 3537 2817 Sabbatum
3607 2762 3664 2814 et

1998 2851 2325 2907 Pharisaaos
2356 2868 2368 2907 :
2406 2852 2599 2906 solum
2642 2856 2843 2906 autem
2880 2856 3147 2923 apparet,
3184 2855 3245 2905 ut
3282 2866 3417 2906 cum
3451 2848 3546 2904 ille
3580 2848 3662 2903 vi-

1997 2940 2198 3005 disset,
2253 2940 2625 2996 miseratione
2666 2944 3003 2996 moveretur
3027 2955 3170 3011 erga
3205 2940 3404 3012 ipsum
3446 2954 3516 2996 ac
3554 2939 3663 3012 hy-

1996 3030 2221 3103 dropisi
2259 3030 2555 3086 liberaret.

2067 3122 2237 3177 Vers.
2273 3122 2326 3174 3.
2361 3122 2437 3176 Et
2466 3152 2535 3160 —
2580 3117 2936 3177 Pharisaeos.
2989 3118 3097 3183 Qui
3138 3117 3317 3173 etiam
3357 3116 3435 3173 ibi
3476 3116 3659 3173 simul

1923 3223 1964 3283 ρ
1996 3221 2160 3268 erant
2194 3210 2444 3267 invitati.

2066 3302 2235 3356 Vers.
2257 3301 2315 3357 3.
2338 3331 2396 3340 ---
2417 3302 2625 3357 Dicens
2652 3331 2704 3339 —
2729 3305 3061 3355 tacuerunt.
3088 3297 3277 3353 Etiam
3310 3296 3445 3353 alibi
3467 3295 3660 3352 simile

1992 3391 2140 3465 quid
2188 3391 2534 3462 interrogati
2595 3390 3068 3447 obmutueruut:
3118 3404 3309 3460 neque
3362 3387 3523 3443 enim
3572 3386 3661 3441 di-

1990 3498 2122 3538 cere
2169 3486 2463 3554 poterant,
2507 3480 2673 3554 quod
2712 3478 3110 3553 prohibuisset
3165 3477 3260 3535 lex
3304 3476 3657 3534 benefacere

1988 3572 2049 3627 in
2081 3571 2368 3628 Sabbato.

2059 3662 2228 3716 Vers.
2279 3661 2337 3719 4.
2393 3659 2840 3717 Et—dimisit.
2886 3656 3314 3731 Apprehendit,
3368 3656 3489 3713 Hoc
3539 3659 3651 3723 est.

1988 3751 2179 3820 tetigit
2212 3767 2372 3807 eum.

2056 3842 2224 3895 Vers.
2271 3845 2321 3897 5.
2374 3840 2449 3895 Et
2487 3839 2836 3907 respondens
2869 3868 2931 3880 -
2970 3837 3239 3894 Sabbati.
3307 3836 3424 3892 hoc
3470 3835 3634 3893 enim

1985 3930 2081 3985 lex
2125 3929 2524 4003 permittebat.
2575 3927 2804 3997 Quodsi
2847 3927 3187 3983 irrationale
3217 3925 3445 3982 animal
3490 3942 3522 3980 a
3557 3941 3657 3997 pe-

1987 4019 2173 4074 riculo
2204 4018 2431 4074 extrahi
2466 4033 2585 4072 non
2637 4015 2995 4087 prohibebat
3026 4016 3085 4071 in
3136 4014 3413 4080 Sabbato,
3467 4013 3655 4069 multo

1987 4107 2182 4176 magis
2200 4106 2507 4172 rationale,
2526 4107 2694 4175 cujus
2707 4103 3031 4159 commodo
3046 4103 3276 4158 vivebat
3293 4102 3652 4158 irrationale.

1988 4198 2030 4253 Ο
2048 4196 2405 4270 profundam
2426 4194 2783 4267 sapientiam
2810 4192 3149 4266 lquomodo
3178 4192 3355 4247 variis
3376 4191 3655 4263 tempori-

1986 4288 2101 4343 bus
2151 4286 2417 4343 Sabbato
2473 4284 2737 4341 tribuens
2790 4282 3095 4347 sanitates,
3150 4280 3399 4336 diversis
3454 4280 3534 4335 ad
3590 4279 3653 4336 id

1988 4393 2133 4431 usus
2187 4379 2276 4431 est
2340 4371 2853 4446 responsionibus,
2886 4370 3286 4443 omnibusque
3316 4368 3650 4425 insolubili-

1987 4466 2124 4535 bus,
2181 4464 2425 4527 docens,
2477 4462 2637 4534 quod
2666 4478 2699 4517 a
2727 4459 3135 4533 corporalibus
3166 4458 3450 4531 operibus
3480 4458 3651 4530 jube-

1912 4588 1955 4642 θ
1990 4553 2199 4610 batlex
2231 4552 2558 4627 quiescere,
2600 4566 2722 4606 non
2763 4566 2799 4605 a
2830 4548 3259 4621 spiritualibus.

2057 4645 2224 4699 Vers.
2279 4642 2337 4699 6.
2378 4643 2453 4697 Et
2484 4657 2604 4697 non
2644 4666 2698 4682 --
2740 4640 2878 4696 hac.
2935 4641 3085 4695 Cum
3137 4636 3455 4695 manifesta
3501 4641 3655 4695 esset

1987 4740 2228 4881 “aliis:
2260 4823 2391 4879 LIII.
2422 4823 2507 4879 De
2533 4837 2653 4878 non
2685 4819 2963 4877 amandus
3020 4818 3229 4889 primis
3274 4817 3650 4875 accubitibus.

2060 5003 2230 5058 Vers.
2265 5005 2318 5055 7.
2356 4999 2594 5056 Dicebat
2623 5028 2692 5038 —
2718 4997 3013 5069 eligerent.
3048 4995 3383 5061 Intendens,
3438 4993 3497 5050 id
3542 4998 3651 5056 est,

1990 5091 2320 5163 objurgans
2364 5094 2467 5145 aut
2504 5087 2848 5159 indignans,
2888 5084 3035 5159 quia
3072 5085 3300 5156 primos
3337 5082 3653 5140 accubitus

1989 5179 2286 5251 eligebant
2319 5195 2331 5235 :
2362 5183 2501 5236 tunc
2528 5177 2687 5234 enim
2714 5192 2815 5234 eos
2840 5175 2956 5232 hoc
2987 5174 3172 5231 facere
3212 5172 3471 5230 videbat.

1493 5569 1709 5639 Variae
1729 5570 2067 5640 lectiones
2110 5578 2176 5639 et
2206 5577 2405 5639 notae.

348 5743 465 5815 (52)
495 5742 607 5815 Etsi
628 5741 832 5815 ἐπέχειν
853 5741 1011 5798 hanc
1039 5741 1351 5815 notionem,
1377 5741 1601 5815 habere
1642 5745 1877 5815 potest:

278 5814 481 5874 tamen
510 5814 607 5871 hic
629 5814 823 5879 aliena
861 5819 966 5880 est,
1004 5820 1246 5887 propter
1279 5814 1555 5872 additum
1586 5823 1712 5876 πῶς.
1772 5814 1887 5885 lgi-

1990 5744 2088 5796 tur
2143 5740 2200 5795 id
2252 5740 2429 5796 etiam
2478 5738 2838 5812 permutavit
2884 5753 3023 5795 cum
3081 5735 3243 5792 διότι.
3276 5738 3516 5810 Ἐπέχιιν
3568 5744 3659 5795 est

1994 5813 2053 5869 h.
2084 5814 2123 5868 Ι.
2159 5828 2267 5885 pro
2297 5816 2598 5887 προσέχειν.
