4128 6404
464 361 601 421 1011

1785 353 2123 414 ΕυΤΗΥΜΙῐ
2160 350 2366 411 ZlGAB
2376 350 2461 409 ΕΝ
2468 352 2489 407 Ι

3705 348 3848 408 1012

536 490 707 546 Vers.
751 487 805 545 7.
842 487 1053 545 Diceris
1100 485 1178 545 ad
1223 502 1332 544 eos.
1390 486 1473 542 Ad
1524 500 2017 561 unumquemque
2060 484 2116 541 il-

2313 485 2487 553 Λέγων
2517 483 2642 556 πρὸς
2673 478 2884 545 αὐτούς.
2916 482 3050 556 Πρός
3080 480 3296 536 ἕκαστον
3328 477 3516 536 αὐτῶν.

464 579 681 635 lorum.

537 671 707 725 Vers.
739 670 793 723 8.
828 670 975 725 Cum
1008 700 1070 709 —
1102 669 1268 724 Vers.
1322 671 1372 723 9.
1422 672 1638 724 tenere.
1690 666 1999 735 Admonet,
2048 679 2124 719 ne

466 776 528 814 se
582 758 1066 815 honoratioribus
1122 762 1483 830 praeponam,
1544 774 1732 829 neque
1786 762 1921 811 ante
1978 755 2123 810 alios

464 865 592 903 sese
644 848 951 903 collocent.
986 848 1089 902 Per
1119 846 1468 917 parabolam
1518 852 1720 901 autem
1766 844 2125 901 admonitio-

465 954 605 993 nem
653 942 998 1001 contexens,
1054 934 1283 1008 absque
1332 936 1559 991 invidia
1616 952 1714 991 eos
1770 936 2121 1004 redarguit;

463 1044 606 1082 nam
654 1026 1005 1097 hujusmodi
1061 1034 1197 1081 sunt
1246 1025 1601 1098 parabolice;
1657 1025 2119 1081 admonitiones.

464 1119 567 1173 Per
598 1117 836 1188 nuptias
862 1132 999 1172 vero
1046 1132 1225 1171 omne
1257 1115 1581 1186 prandium
1610 1130 1977 1186 omnemque
2004 1130 2121 1169 cce-

460 1223 601 1261 nam
666 1206 1061 1276 signiﬁcavit:
1110 1205 1345 1261 invitari
1395 1205 1551 1260 enim
1605 1205 1682 1261 ad
1727 1204 1966 1276 nuptias
2016 1202 2123 1258 ho-

460 1295 861 1352 noriﬁcentius
901 1295 1222 1365 videbatur,
1273 1310 1461 1368 quam
1518 1295 1588 1351 ad
1621 1293 1965 1367 prandium,
2018 1296 2123 1349 aut

460 1400 696 1442 caenam
725 1386 953 1443 vocari.

531 1476 704 1533 Vers.
768 1477 833 1530 10
904 1475 1015 1530 Sed
1069 1505 1137 1515 —-
1186 1481 1397 1531 tecum.
1468 1474 1682 1530 Dilatat
1757 1487 2118 1541 sermonem,

460 1566 780 1622 ostendens
812 1570 867 1621 et
895 1563 1308 1620 confusionem
1357 1564 1434 1620 ab
1466 1563 1839 1635 impudentia
1869 1562 2030 1619 nasci
2060 1566 2117 1617 et

462 1657 714 1726 gloriam
756 1672 792 1712 a
821 1654 1173 1711 verecundia
1202 1672 1216 1721 ;
1244 1660 1301 1710 et
1327 1655 1600 1728 utrinque
1632 1654 1709 1709 ad
1756 1652 2119 1709 modestiam

459 1746 831 1802 adhortatur.
872 1744 1092 1800 Deinde
1126 1743 1302 1800 infert
1329 1744 1508 1799 etiam
1538 1743 1936 1800 universalem
1981 1757 2119 1798 sen-

2305 658 2466 712 Ὀταν
2509 691 2578 700 -
2634 664 2898 730 κατέχειν.
2950 666 3217 735 Παραινεῖ,
3271 663 3342 732 μὴ
3409 654 3671 730 ἐπιπηδᾴν
3725 666 3843 720 ταῖς

2234 755 2606 824 προτιμήσεσι,
2665 746 2804 822 μηδὲ
2869 751 3171 823 προτάττειν
3230 748 3442 809 ἑαυτοὺς
3498 758 3597 800 τῶν
3651 748 3838 803 ὀᾶλων.

2234 840 2329 891 Διὰ
2388 837 2690 913 παραϐολῆς
2746 834 2804 891 δὲ
2858 842 2950 896 τὴν
3008 843 3311 911 παραίνεσιν
3380 836 3676 909 ἐξυφαίνων,
3754 837 3840 889 ἀν-

2234 929 2618 1001 επαχθέστερον
2674 927 2841 979 αὐτῶν
2905 929 3249 980 καθάπτεται.
3299 934 3552 979 Τοιαῦται
3615 930 3717 1002 γὰρ
3784 930 3841 980 αἱ

2232 1016 2585 1091 παραϐολικαὶ
2656 1020 3006 1089 παραινέσεις.
3064 1021 3159 1069 Διά
3216 1025 3315 1068 τῶν
3366 1018 3548 1088 γάμων
3608 1013 3667 1069 δὲ
3737 1024 3840 1069 πᾶν

2232 1108 2448 1177 ἄριστον
2497 1112 2587 1159 καὶ
2628 1112 2726 1158 πᾶν
2783 1102 2987 1158 δεῖπνον
3038 1105 3260 1177 ἐνέφηνε.
3294 1110 3363 1157 Τό
3414 1105 3685 1158 καλεῖσθαι
3736 1110 3839 1180 γαρ

2232 1195 2303 1257 εἰς
2358 1198 2583 1268 γάμους,
2642 1201 2946 1267 τιμιώτερον
3013 1192 3183 1248 ἐδόκει
3251 1203 3349 1258 τῆς
3407 1195 3476 1258 εἰς
3529 1196 3746 1269 ἄριστον
3806 1199 3836 1255 ἧ

2234 1281 2438 1338 δεῖπνον
2478 1285 2570 1345 κλή
2586 1304 2682 1339 σεω
2694 1304 2733 1347 ς.

2305 1478 2436 1532 Ἀλλ’
2491 1511 2558 1520 -
2617 1500 2723 1534 σοι.
2781 1481 3031 1535 Πλατύνει
3080 1486 3165 1535 τὸν
3212 1481 3384 1554 λόγον,
3450 1480 3699 1536 δεικνύων
3748 1488 3842 1536 καὶ

2230 1572 2323 1625 τὴν
2375 1568 2473 1621 Euri
2520 1577 2616 1631 τῆς
2664 1567 2945 1632 αὐθαδείας
2998 1571 3283 1643 αἰσχύνην,
3345 1577 3430 1625 καὶ
3470 1578 3561 1630 τὴν
3597 1572 3701 1625 ἀπὸ
3744 1583 3844 1635 τῆς

2230 1657 2492 1721 εὐλαϐείας
2544 1656 2721 1731 δόξαν,
2755 1666 2845 1713 καὶ
2902 1661 3210 1735 ἑκατέρωθεν
3260 1662 3329 1724 εἰς
3387 1666 3840 1737 μετριοφροσύνην

2769 1747 2894 1803 Εἶτα

2228 1754 2664 1822 προτρεπόμενος.
2769 1749 2894 1803 Εἶτα
2996 1749 3219 1824 ἐπιφέρει
3308 1757 3397 1804 καὶ
3482 1752 3840 1825 γνωμολογίαν

460 1837 773 1891 tentiarum
803 1834 1215 1891 collectionem
1244 1833 1325 1891 ad
1354 1833 1873 1890 conﬁrmationem
1905 1832 2116 1889 adhor-

2231 1838 2533 1905 καθολικὴν,
2589 1839 2661 1902 εἰς
2719 1839 3003 1913 βεϐαίωσιν
3062 1850 3151 1902 τῆς
3202 1846 3577 1915 παραινέτεως,
3630 1842 3791 1914 λέγων
3824 1858 3835 1870 “

461 1926 715 1994 tationis,
744 1925 951 1981 dicens
986 1942 999 1980 :

529 2016 696 2071 Vers.
744 2016 831 2070 11.
877 2014 1073 2070 Omnis
1102 2014 1249 2070 enim
1281 2044 1345 2053 —
1373 2013 1693 2069 extolletur.
1718 2012 1816 2068 Ille
1869 2011 2117 2085 quidem

458 2105 787 2173 dejicietur,
818 2105 914 2159 hic
940 2109 1139 2160 autem
1173 2103 1479 2168 exolletur,
1514 2119 1633 2158 non
1676 2107 1906 2158 tantum
1955 2100 2118 2173 apud

457 2193 734 2249 homines
765 2199 917 2248 recte
938 2192 1296 2263 jndicantes,
1335 2208 1537 2248 verum
1572 2192 1750 2248 etiam
1780 2191 1969 2247 multo
1998 2207 2120 2247 ma-

458 2283 550 2354 gis
581 2282 743 2353 apud
778 2283 985 2337 Deum.

529 2374 695 2427 Vers.
733 2374 817 2427 t2.
871 2371 1097 2429 Dicebat
1129 2403 1197 2412 —-
1226 2372 1388 2427 Vers.
1448 2374 1531 2427 14.
1565 2372 1891 2440 fastorum.
1948 2370 2115 2435 Vide,

457 2462 637 2517 totius
695 2461 960 2517 utilitatis
1010 2466 1455 2531 argumentum.
1516 2460 1864 2517 Convivinm
1941 2459 2114 2527 fecit;

457 2556 780 2622 postquam
813 2551 971 2606 enim
1013 2550 1342 2614 admonuit,
1384 2567 1520 2622 qua;
1570 2550 1645 2605 ad
1692 2551 1962 2605 invitatos
1996 2565 2118 2605 ma—

460 2641 615 2695 xime
670 2639 1049 2710 pertinerent,
1090 2639 1378 2695 admonet
1432 2640 1611 2695 etiam
1662 2639 1827 2712 quod
1880 2637 2119 2710 expedit

458 2730 847 2785 convivatori.
889 2732 1013 2785 Non
1045 2729 1194 2785 dixit
1223 2737 1422 2785 autem
1454 2745 1467 2782 :
1500 2729 1647 2785 Cum
1677 2730 1916 2801 nuptias
1967 2729 2116 2785 fece-

457 2818 559 2881 ris,
600 2818 706 2874 sed
739 2835 752 2873 :
789 2819 933 2875 Cum
972 2819 1293 2891 prandium
1341 2818 1552 2889 feceris
1609 2825 1714 2875 aut
1764 2833 2004 2875 caenam.
2055 2819 2118 2873 In

456 2908 678 2979 nuptiis
730 2908 889 2964 enim
926 2908 1335 2964 necessarium
1369 2912 1461 2964 est
1510 2908 1761 2977 amicos,
1794 2913 1849 2964 et
1880 2907 2114 2972 fratres,

455 3003 511 3053 et
533 3004 843 3067 cognatos,
872 3002 926 3055 et
958 2998 1183 3054 vicinos
1212 2997 1424 3054 divites
1448 2997 1697 3054 invitare
1718 2998 1792 3054 ad
1824 2998 2117 3054 honorem

455 3086 826 3158 nuptiarum.

528 3177 781 3242 Quidam
816 3182 1016 3233 tamen
1047 3193 1153 3248 per
1182 3177 1503 3250 prandium
1532 3182 1585 3233 et
1613 3193 1847 3233 coenam
1875 3175 2113 3249 nuptias
2147 3206 2187 3263 ο

453 3265 702 3336 intelligi
753 3266 978 3322 dicunt.
1030 3268 1130 3323 Est
1159 3273 1357 3322 autem
1385 3266 1641 3323 docendi
1678 3284 1803 3322 mos
1835 3282 1956 3322 non
1989 3272 2114 3322 tan-

456 3361 574 3411 tum
609 3357 773 3414 mala
803 3357 1142 3429 prohibere,
1165 3356 1269 3412 sed
1306 3357 1465 3412 utilia
1502 3372 1740 3430 quoque
1770 3355 2111 3413 consulere:

453 3445 573 3515 illa,
600 3462 675 3503 ne
698 3446 868 3517 ﬁant,
898 3446 1025 3503 haec
1048 3462 1208 3513 vero,
1236 3452 1298 3502 ut
1319 3447 1488 3503 ﬁant.

526 3713 655 3766 Non
695 3715 895 3766 autem
922 3710 980 3766 in
1012 3710 1436 3767 contumeliam
1466 3711 1760 3778 amicitias,
1790 3710 2117 3771 fraternita-

457 3800 546 3863 tis,
581 3798 976 3869 cognationis,
1009 3798 1384 3871 aliorumque
1416 3798 1700 3855 similium
1732 3800 1856 3856 1]ch
1901 3800 2111 3857 admo-

406 3887 602 3970 fnuit,
658 3887 763 3943 sed
822 3893 885 3944 ut
944 3888 1103 3960 quod
1164 3887 1376 3943 melius
1431 3894 1515 3944 est
1557 3895 2000 3962 cognoscentes,
2051 3891 2111 3947 id

453 3992 873 4049 praeponamus
904 3992 917 4045 ;
942 3981 997 4033 et
1027 3992 1101 4032 ne
1127 3977 1556 4046 benignitatem
1577 3977 1669 4032 his
1691 3978 1794 4050 qui
1820 3994 1942 4035 non
1963 3978 2113 4035 indi-

454 4072 613 4138 gent,
645 4066 1058 4137 responsionis
1090 4066 1305 4123 intuitu
1334 4066 1685 4122 vendamus.

528 4158 713 4211 Deum
764 4156 925 4212 enim
957 4155 1181 4229 potius,
1231 4172 1414 4228 quam
1456 4157 1758 4212 hominem
1812 4172 2020 4213 curare
2051 4175 2110 4213 o-

452 4250 664 4318 portet,
718 4250 774 4300 et
816 4263 851 4302 a
906 4247 1024 4301 Deo
1081 4244 1281 4317 potius
1330 4245 1780 4304 retributionem
1824 4262 2106 4318 quaerere,

450 4350 636 4407 quam
681 4334 759 4389 ab
782 4333 1149 4389 hominibus.
1182 4333 1527 4403 Congruum
1562 4333 1738 4390 etiam
1770 4341 1858 4391 est
1898 4339 1962 4389 ut
1994 4337 2111 4408 spi-

451 4422 677 4478 ritualis
698 4424 1047 4478 convivator
1068 4439 1365 4496 pauperes
1384 4429 1691 4492 convocet,
1718 4424 1822 4497 qui
1844 4425 2113 4481 videlicet

453 4512 699 4568 scientia
728 4512 1013 4582 indigent,
1070 4513 1296 4569 debiles
1337 4513 1803 4586 praecordiorum
1844 4515 2105 4570 dissolu-

452 4601 629 4666 tione,
660 4607 716 4657 et
742 4602 842 4673 qui
872 4602 930 4657 in
974 4603 1167 4658 activa
1204 4603 1326 4658 vita
1372 4602 1568 4659 claudi
1612 4610 1766 4671 sunt,
1816 4610 1874 4660 et
1910 4606 2014 4677 qui
2045 4606 2103 4661 in

451 4690 935 4761 comtemplativa
966 4692 1105 4746 caeci
1138 4711 1149 4750 :
1188 4708 1328 4747 nam
1357 4692 1460 4764 qui
1491 4693 1635 4749 tales
1666 4710 1783 4750 non
1813 4701 1967 4762 sunt,
1996 4696 2108 4752 hoc

449 4779 725 4835 convivio
748 4796 867 4837 non
896 4781 1182 4851 indigent.
1418 4774 1421 4777 ¹

520 4870 562 4939 ~1-
608 4869 911 4943 Siquidem
944 4871 1043 4942 qui
1077 4871 1494 4943 pusillanimes
1536 4878 1694 4939 sunt,
1724 4879 1938 4931 vocant
1962 4876 2108 4932 ami-

451 4974 553 5013 cos
580 4963 638 5015 et
679 4959 905 5027 fratres,
937 4968 1226 5031 cognatos
1269 4978 1339 5017 ac
1370 4962 1593 5018 vicinos
1622 4962 1849 5028 divites,
1900 4970 1959 5019 ut
1993 4965 2106 5021 cito

450 5048 527 5105 ab
576 5049 661 5105 eis
716 5050 829 5105 sibi
883 5050 1286 5122 rependatur:
1333 5052 1438 5123 qui
1500 5067 1640 5107 vero
1696 5068 1923 5123 magno
1967 5060 2107 5111 sunt

449 5138 677 5209 animo,
724 5138 901 5211 longe
949 5140 1260 5197 honestius
1303 5156 1375 5197 ac
1417 5141 1905 5197 honoriﬁcentius
1958 5159 2106 5216 ope-

2141 4563 2188 4618 D

2298 2015 2420 2069 ”Οτι
2490 2024 2588 2079 πᾶς
2640 2049 2697 2058 -—
2755 2018 3116 2089 ὑψωθήσεται.
3177 2018 3234 2071 Ὀ
3287 2023 3377 2091 μεν
3446 2023 3840 2078 ταπεινωθήσε-

2229 2124 2335 2175 ται,
2393 2107 2418 2157 ό
2488 2103 2547 2159 δε
2600 2106 2962 2178 ὑψωθήσεται,
3022 2108 3079 2161 οὐ
3136 2114 3288 2181 μόνον
3340 2113 3484 2184 παρα
3532 2117 3635 2170 τοῖς
3709 2109 3843 2183 ὀρθὰ

2231 2204 2507 2267 φρονοῦσιν
2564 2195 2873 2270 ἀνθρώποις,
2955 2196 3083 2250 ἀλλά
3145 2205 3236 2250 καὶ
3287 2202 3387 2272 πρὸ
3443 2202 3636 2252 τούτων
3694 2202 3842 2274 παρά

2231 2292 2302 2354 τῷ
2331 2293 2466 2355 Θεῷ.

2299 2371 2475 2446 Ἐλεγε
2534 2408 2603 2415 -
2663 2372 2902 2431 δικαίων.
2973 2376 3111 2450 Ὀρα
3180 2382 3349 2441 πόσης
3409 2378 3520 2450 (53)
3600 2378 3841 2451 ὠφελείας

2230 2461 2475 2515 ὑπόθεσιν
2524 2466 2637 2537 (51)
2684 2470 2778 2523 τὴν
2842 2465 3075 2518 ἑστίασιν
3146 2466 3467 2526 ἐποιήσατο’
3521 2472 3841 2541 παραινέσας

2234 2556 2326 2627 γαρ
2376 2556 2439 2605 τὰ
2496 2554 2671 2606 εἰκότα
2746 2563 2857 2617 τοῖς
2912 2556 3264 2627 κεκλημένοις,
3328 2564 3571 2627 παραινεί
3624 2563 3715 2610 καὶ
3762 2566 3837 2627 τῷ

2229 2641 2522 2701 κεκληκότι.
2584 2644 2693 2697 Οὐκ
2762 2641 2869 2698 εἷπε
2914 2643 2972 2698 δὲ
3030 2647 3129 2712 ὅτι,
3179 2646 3338 2699 Ὀταν
3394 2654 3545 2719 ποιῇς
3610 2648 3834 2719 γάμους,

2230 2729 2357 2797 ἀλλ’,
2404 2730 2564 2785 Ὀταν
2595 2741 2753 2807 ποιῇς
2811 2736 3031 2809 ἄριστον
3083 2739 3112 2794 ἧ
3176 2732 3403 2791 δεῖπνον.
3468 2737 3546 2790 Ἐν
3597 2745 3702 2797 τοῖς
3739 2740 3838 2808 γά-

2226 2841 2345 2894 μοις
2387 2826 2510 2895 γὰρ,
2569 2822 2866 2895 ἀναγκαίως
2915 2824 3093 2897 φίλους
3144 2831 3233 2878 καὶ
3278 2823 3532 2899 ἀδελφοὺς
3561 2832 3650 2879 καὶ
3706 2846 3836 2898 συγ-

2228 2920 2392 2982 γενεῖς
2434 2917 2523 2965 καὶ
2580 2918 2816 2984 γείτονας
2859 2914 3137 2976 πλουσίους
3187 2916 3517 2983 συνεκάλουν,
3573 2915 3655 2969 ἐπὶ
3703 2925 3831 2991 τιμῇ

2233 3009 2329 3052 τῶν
2359 3004 2560 3074 γάμων.

2298 3183 2442 3241 Τινὲς
2497 3177 2574 3245 δὲ,
2628 3179 2722 3234 διὰ
2766 3190 2856 3234 τοῦ
2914 3181 3131 3253 ἀρίστου
3190 3188 3276 3237 καὶ
3309 3192 3401 3236 τοῦ
3452 3181 3685 3247 δείπνου,
3742 3190 3836 3239 καὶ

2226 3274 2343 3331 τοὺς
2389 3273 2593 3343 γάμους
2640 3275 2873 3325 νοεῖσθαι
2934 3272 3165 3344 λέγουσι.
3214 3279 3389 3343 Δολίὴν
3438 3271 3496 3328 δε
3545 3275 3687 3328 καλεῖ
3738 3282 3835 3333 τὴν

2225 3356 2524 3431 ὑποδοχὴν,
2581 3366 2674 3420 τὴν
2734 3362 2983 3433 εὐωχίαν,
3042 3368 3135 3422 τὴν
3205 3363 3460 3416 ἑστίασιν.
3521 3370 3718 3439 Τρόπος
3774 3362 3835 3418 δε

2228 3445 2634 3519 διδασκαλικὸς,
2664 3456 2736 3524 μὴ
2787 3456 2939 3524 μόνον
2978 3452 3189 3506 κωλύειν
3220 3456 3286 3505 τὰ
3330 3453 3517 3526 φαῦλα,
3565 3454 3690 3507 ἀλλὰ
3742 3462 3833 3508 καὶ

2224 3540 2565 3592 ὑποτίθεσθαι
2609 3543 2675 3593 τὰ
2722 3544 2943 3617 χρηστοί
2972 3559 2984 3572 ⁸
3047 3542 3173 3612 οἷον,
3203 3548 3287 3602 Μὴ
3318 3548 3455 3597 ποίει
3501 3541 3642 3614 τόδε,
3704 3544 3834 3598 ἀλλὰ

2223 3625 2370 3682 τόδε.

2297 3717 2407 3769 Οὐκ
2463 3716 2539 3770 ἐπ’
2600 3717 2785 3791 ἀτιμίᾳ
2817 3716 2876 3773 δὲ
2920 3720 3091 3793 φιλίας
3121 3722 3233 3794 (55)
3279 3726 3369 3774 καὶ
3404 3728 3705 3795 συγγενείας
3738 3731 3832 3779 καὶ

2224 3803 2593 3878 ἀδελφότητος,
2652 3815 2742 3860 καὶ
2813 3819 2911 3862 τῶν
2963 3820 3225 3877 τοιοῡτων,
3297 3820 3464 3864 ταῦτα
3516 3820 3827 3887 παρῄνεσεν,

2223 3893 2329 3947 ἀλλ’
2373 3897 2455 3947 ἵνα
2494 3900 2550 3948 τό
2608 3905 2839 3971 κρεῖττον
2883 3895 3090 3965 εἰδότες,
3143 3908 3295 3953 τοῦτο
3339 3912 3694 3975 προτιμῶμεν,
3738 3911 3832 3958 καὶ

2221 3990 2292 4058 μὴ
2361 3994 2470 4045 τοῖς
2532 3984 2792 4040 ἀνενδεέσι
2856 3991 2948 4052 τάς
3011 3990 3391 4066 φιλοφροσύνας
3449 3990 3825 4067 ἀπεμπολῶμεν

2222 4074 2299 4127 ἐπ’
2333 4074 2740 4131 ἀνταποδόσεσι.

2290 4170 2405 4237 Χρὴ
2469 4169 2569 4241 γὰρ
2628 4171 2749 4219 Θεὸν
2810 4169 3103 4241 θεραπεύειν
3159 4169 3350 4241 μᾶλλον
3405 4175 3433 4229 ἦ
3504 4170 3828 4246 ἀνθρώπους,

2221 4260 2307 4306 καὶ
2362 4257 2507 4330 παρὰ
2577 4264 2711 4308 Θεοῦ
2778 4260 2945 4319 ζητεῖν
2995 4256 3347 4311 ἀνταπόδοσιν
3410 4260 3522 4331 (56)
3594 4265 3624 4320 ἧ
3683 4266 3831 4337 παρὰ

2221 4342 2519 4417 ἀνθρώπων.
2581 4350 2841 4418 Προσὴκει
2901 4343 2959 4398 δὲ
3009 4352 3098 4399 καὶ
3158 4350 3244 4399 τόν
3297 4354 3643 4421 πνευματικόν
3688 4351 3829 4403 ἐστι·

2220 4434 2385 4506 άτορα
2425 4433 2701 4504 συγκαλεῖν
2750 4438 2867 4496 τοὺς
2926 4433 2973 4486 ἐν
3032 4434 3226 4508 ἀπορίᾳ
3255 4443 3493 4506 γνώσεως
3550 4444 3825 4511 πτωχοὺς,

2219 4525 2457 4583 καὶτοὺς
2504 4520 2551 4573 ἐν
2610 4523 2899 4598 παραλύσει
2952 4533 3142 4599 φρενῶν
3199 4524 3517 4600 ἀναπήρους,
3561 4532 3649 4580 καὶ
3711 4534 3830 4591 τοὺς

2222 4608 2268 4661 ἐν
2309 4618 2369 4682 τῇ
2422 4619 2682 4683 πρακτικῇ
2734 4611 2962 4683 χωλοὺς,
3008 4619 3099 4665 καὶ
3146 4617 3267 4676 τοὺς
3318 4613 3365 4666 ὶν
3414 4624 3476 4688 τῇ
3532 4619 3823 4692 θεωρητικῇ

2218 4698 2471 4771 τυφλούς·
2515 4702 2563 4751 οἱ
2592 4705 2663 4770 μὴ
2710 4710 2939 4754 τοιοῦτοι
2988 4704 3090 4778 γὰρ
3131 4702 3224 4755 οὐκ
3274 4700 3564 4758 ἕπιδέονται
3614 4709 3823 4764 τούτου.

2289 4879 2329 4948 -ι-
2361 4880 2401 4948 ἦυ
2445 4878 2585 4931 Ἐπεὶ
2642 4880 2689 4932 οἰ
2726 4880 2836 4950 (57)
2866 4884 2955 4953 μὲν
3003 4880 3339 4956 μικρόψυχοι
3369 4882 3589 4937 καλοῦσι
3647 4885 3829 4958 φίλους

2219 4973 2307 5018 καὶ
2356 4964 2627 5040 ἀδελφοὺς,
2660 4978 2919 5040 συγγενεξ
2967 4976 3055 5023 καὶ
3103 4977 3338 5043 γείτονας
3381 4973 3678 5045 πλουσίους,
3731 4973 3829 5029 διὰ

2221 5063 2312 5113 τὸν
2353 5056 2399 5108 ἐν
2453 5066 2523 5128 τῷ
2579 5062 2813 5132 παρευθὺ
2853 5063 3051 5131 χάριν·
3097 5062 3144 5112 οἱ
3193 5058 3251 5113 δε
3281 5063 3648 5135 μεγαλόψυχοι
3697 5064 3828 5116 πολὺ

2218 5145 2425 5198 κάλλιον
2471 5153 2560 5200 καὶ
2606 5144 2939 5227 ἐνδοξότερον.
2981 5149 3323 5224 ἐργάζονται,
3373 5152 3398 5204 ὃ
3445 5150 3635 5216 ἔδειξεν
3666 5155 3693 5206 ὀ
3749 5157 3827 5207 Κύ

1686 5319 1910 5388 Varia:
1934 5320 2265 5390 lectiones
2296 5334 2362 5392 el
2384 5335 2585 5393 notae.

451 5583 463 5595 ,
520 5514 634 5595 (53)
678 5516 865 5595 Πάᾳῃς
896 5513 1127 5595 videtur
1153 5514 1365 5587 legisse
1396 5516 1741 5572 Hentenius.
1773 5519 1921 5590 Ergo
1972 5519 2104 5591 ejus

447 5586 853 5642 interpretatio
896 5586 1213 5642 claudicat.

546 5654 633 5724 54)
659 5654 946 5715 ’Υπόθεσις.
981 5660 1038 5712 Β.
1073 5659 1245 5714 Male.

521 5656 638 5794 255)
666 5722 932 5791 Παιδείας,
955 5742 1062 5794 pro
1092 5728 1245 5794 φιλίαι

543 5722 638 5792 55)
666 5722 932 5791 Παιδείας,
955 5742 1062 5799 pro
1092 5728 1281 5802 φιλίας.
1311 5732 1377 5785 Α.

2290 5520 2402 5591 (56)
2432 5520 2656 5575 Μᾶλλον.

2286 5593 2403 5663 (57)
2447 5596 2582 5671 Hoc.
2617 5594 3479 5671 sc_holium_neuterim_eorum
3523 5600 3820 5671 agnoscit.

2219 5664 2518 5734 Leguntur
2536 5665 2755 5723 similia
2785 5667 2950 5740 apud
2971 5669 3482 5744 Theophylactum
3512 5664 3720 5745 p.135.
3750 5676 3821 5729 Α.
