4128 6388
287 372 422 430 1018

1328 375 1697 434 COMMENT.
1744 379 1810 434 ΙΝ
1857 377 2117 437 LUCAM.
2164 415 2227 425 —-
2269 383 2427 441 CAP.
2471 387 2618 446 XIV.

3526 381 3666 444 1014

278 518 390 574 ριος
422 496 515 553 διὰ
552 502 675 564 τοὺς
727 506 1009 565 ποιοῦντας
1045 510 1201 557 τοῦτο
1242 504 1309 565 εἰς
1348 507 1469 567 τοὺς
1520 504 1747 568 ἀσθενεῖς
1794 511 1876 559 καῖ

2002 517 2225 584 rantur,
2265 516 2432 588 quod
2462 515 2897 574 demonstravit
2938 515 3229 575 Dominus
3268 531 3376 591 per
3412 532 3517 574 eos
3556 514 3664 589 qui

278 585 464 650 ἐνδεεῖς
516 595 607 643 καὶ
657 588 977 665 ἀναπήρους,
1032 594 1154 665 παρ’
1205 594 1273 645 ὧν
1333 597 1426 646 οὐκ
1470 597 1611 647 ἔστιν
1668 595 1887 650 ἀνταπό-

278 674 452 745 δοσις,
506 681 585 741 οἷς
640 681 666 732 ό
712 684 844 743 Θεὸς
882 680 930 733 ἓν
969 689 1041 752 τῷ
1098 682 1333 755 μελλοντι
1386 684 1536 737 αἰῶνι
1593 683 1888 740 ἀποδοῦναι

276 770 467 841 μισθὸν
496 768 861 840 ἐπηγγείλατο.

414 864 556 912 ΚΕΦ.
591 860 713 913 ΝΔ’.
750 866 872 934 Περὶ
898 868 996 911 τῶν
1022 861 1345 934 καλουμένων
1372 862 1419 915 ἐν
1450 872 1521 934 τῷ
1551 861 1585 917 δ
1590 869 1757 937 είπνῳ,

349 948 605 1009 Ἀκούσας
669 946 730 1001 δέ
782 969 862 1012 τις
927 979 997 991 --
1055 951 1291 1014 πολλούς.
1358 953 1647 1025 Ἐξυφαίνει
1722 954 1889 1030 πάρα-

280 1035 434 1095 ϐολὴν
492 1037 865 1110 ἕμφαίνονσαν,
927 1041 1006 1092 ὅτι
1062 1038 1237 1104 οὐδεὶς
1282 1050 1379 1093 τῶν
1435 1047 1507 1114 μὴ
1575 1046 1887 1117 πειθομένων

278 1127 420 1197 αὐτῷ
471 1126 764 1182 ἀπολαύσει
818 1137 914 1191 τῆς
968 1128 1243 1202 βασιλείας
1288 1140 1380 1183 τοῦ
1432 1140 1587 1185 Θεοῦ.
1644 1139 1741 1186 Καὶ
1795 1136 1887 1186 οἰν-

284 1218 486 1289 θρωπον
534 1220 625 1287 μὲν
690 1223 1088 1293 προσηγόρευσε
1143 1223 1230 1271 τὸν
1292 1224 1421 1273 Θεὸν
1491 1226 1581 1274 καὶ
1656 1228 1881 1296 Πατέρα,

280 1308 350 1367 ὡς
412 1306 790 1379 φιλάνθρωπον·
844 1305 1050 1361 δεῖπνον
1108 1306 1167 1362 δὲ
1224 1315 1387 1382 μέγαν
1438 1310 1574 1383 (58),
1615 1316 1708 1371 τὴν
1742 1312 1883 1366 ἀνέκ-

280 1414 512 1468 φραστον
558 1396 848 1449 ἀπόλαυσιν
895 1407 987 1459 τῆς
1032 1397 1309 1470 βασιλείας
1364 1408 1457 1452 τοῦ
1507 1405 1654 1453 Θεοῦ.
1700 1399 1885 1455 Ἀδια-

275 1489 442 1557 φόρως
472 1482 532 1537 δε
568 1494 656 1537 νῦν
697 1483 905 1539 δεῖπνον
951 1489 1146 1545 ταύτην
1188 1488 1304 1560 (59)
1360 1486 1516 1542 εἶπεν.
1563 1490 1642 1543 Ἐν
1667 1500 1739 1561 τῷ
1770 1511 1883 1545 πεν-

272 1583 519 1645 τηκοστῴ
557 1578 659 1647 γὰρ
710 1584 901 1649 πρώτῳ
939 1576 1199 1649 κεφαλαίῳ
1256 1586 1347 1630 τοῦ
1412 1581 1548 1632 κατὰ
1613 1583 1881 1635 Ματθαίον

575 1664 737 1723 αὐτὴν
804 1665 1093 1737 ὠνόμασεν.
1176 1666 1416 1719 Ἐκάλεσε
1494 1671 1554 1721 d“:
1643 1669 1878 1737 πολλοὺς,

271 1756 456 1822 ἤγουν,
511 1752 601 1809 τὰς
654 1749 868 1806 δώδεκα
911 1754 1074 1827 φυλὰς
1133 1762 1225 1807 τοῦ
1279 1755 1513 1829 Ἰσραήλ.
1577 1758 1733 1810 Δῦται
1777 1762 1878 1835 γὰρ

274 1665 490 1733 ἄριστον

1998 603 2109 660 hoc
2133 604 2353 661 faciunt
2383 622 2524 677 erga
2564 607 2833 663 inﬁrmos
2857 612 2913 664 et
2956 608 3289 678 indigentes
3324 622 3394 663 ac
3423 606 3662 663 mutilos

1996 708 2031 749 a
2056 694 2275 764 quibus
2308 712 2423 752 non
2461 702 2549 752 est
2577 697 2902 764 retributio,
2944 697 3165 771 quibus
3196 699 3348 752 Deus
3378 696 3433 752 in
3463 695 3657 752 futura

1997 782 2113 839 vita
2143 800 2203 839 se
2237 784 2517 840 daturum
2561 804 2695 843 esse
2730 789 3065 843 mercedem
3099 786 3385 859 pollicitus
3403 789 3513 842 est.

2280 875 2432 931 CAP.
2462 876 2597 932 LIV.
2626 877 2708 934 De
2739 878 3002 933 invitatis
3028 875 3097 931 ad
3129 891 3371 933 caenam.

2067 965 2226 1018 Vers.
2261 970 2343 1019 15.
2378 967 2641 1038 Cumque
2670 968 2792 1023 haec
2820 968 3068 1023 audisset
3094 998 3163 1008 -—
3190 967 3359 1021 Vers.
3394 969 3474 1021 t6.
3503 964 3658 1019 mut-

1998 1057 2103 1108 tos.
2139 1053 2496 1111 Parabolam
2530 1057 2838 1121 subinfert,
2894 1061 2954 1113 ut
2984 1056 3281 1119 ostendat,
3323 1053 3489 1127 quod
3530 1052 3659 1109 nul-

1994 1142 2086 1198 lus
2139 1144 2239 1217 qui
2305 1145 2355 1201 ei
2423 1160 2545 1201 non
2622 1145 2934 1212 obedierit,
2982 1145 3206 1201 fruetur
3270 1160 3456 1215 regno
3532 1141 3655 1199 Dei.

1996 1233 2308 1290 Hominem
2342 1235 2540 1307 itaque
2606 1237 2841 1291 vocavit
2894 1239 3077 1292 Deum
3130 1239 3185 1291 et
3221 1234 3480 1300 Patrem,
3531 1238 3655 1289 tan-

1993 1339 2180 1396 quam
2230 1324 2570 1381 humanum
2622 1340 2691 1382 ac
2747 1325 3064 1382 hominum
3119 1330 3471 1381 amatorem.
3528 1324 3654 1379 Cte-

1993 1428 2135 1468 nam
2181 1429 2320 1469 vero
2369 1429 2676 1483 magnam,
2730 1413 3095 1470 ineffabilem
3144 1412 3313 1484 regni
3368 1412 3465 1467 Dei
3521 1411 3657 1467 frui-

1993 1502 2236 1568 tioneni,
2283 1520 2468 1576 quam
2502 1503 2637 1559 ideo
2676 1519 2913 1559 coenam
2958 1503 3209 1569 vocavit,
3250 1501 3417 1575 quod
3471 1499 3655 1557 ﬁnem

1990 1593 2215 1649 nesciat
2273 1594 2377 1665 (ρ).
2437 1596 2585 1649 Nam
2653 1593 3166 1666 quinquagestmo
3232 1590 3429 1664 primo
3493 1589 3657 1660 juxta

1990 1681 2329 1737 Matthaeum
2358 1682 2548 1754 capite
2583 1682 2903 1754 prandium
2938 1681 3263 1754 appellavit
3291 1680 3336 1735 ⁸.
3377 1680 3449 1735 Ει
3494 1696 3655 1737 voca-

1992 1770 2073 1827 vit
2096 1772 2331 1839 multos,
2362 1778 2505 1843 puta
2532 1771 2849 1827 duodecim
2868 1771 3056 1826 tribus
3073 1770 3258 1827 Israel
3286 1786 3299 1837 ;
3323 1769 3467 1843 ipsas
3491 1769 3653 1825 enim

269 1846 373 1914 πρὸ
411 1845 616 1895 πάντων
665 1850 768 1894 τῶν
797 1843 952 1896 ἐθνῶν
987 1840 1123 1902 ἦσαν
1152 1844 1461 1916 κεκλημέναι
1486 1848 1557 1907 ὡς
1578 1846 1696 1909 λαὸς
1735 1847 1876 1911 ἐξαί-

2002 1868 2127 1916 ante
2162 1840 2379 1916 omnes
2412 1866 2615 1931 gentes
2658 1867 2884 1917 vocatas
2922 1865 3110 1925 erant,
3140 1840 3361 1932 utpotei
3392 1856 3653 1931 populus

268 1951 411 2005 ρετος
436 1939 528 1983 τοῦ
553 1940 706 1986 Θεοῦ.

340 2022 383 2090 -ι-
443 2022 486 2091 -ι-
528 2020 586 2073 '0
638 2030 739 2073 τῶν
792 2020 920 2074 ὅλων
980 2022 1093 2094 (60)
1162 2027 1491 2096 Δημιουργὸς
1541 2030 1633 2077 καὶ
1699 2031 1879 2101 Πατὴρ

272 2112 402 2169 Θεὸς
456 2106 662 2162 δεῖπνον
729 2115 864 2182 μέγα
926 2110 1157 2177 ἐποίησε,
1213 2118 1501 2181 τουτέστιν,
1544 2114 1879 2186 εύαγγελικὴν

272 2196 591 2269 οἰκονομίαν,
652 2200 733 2251 ἶνα
802 2202 987 2261 πάντες
1054 2205 1183 2273 πρὸς
1263 2202 1423 2260 αὐτὴν
1497 2207 1876 2278 συνίρχωνται.

274 2294 482 2338 Δεῖπνον
542 2284 601 2340 δὲ
632 2287 795 2354 καλεῖ,
831 2289 925 2341 ούκ
968 2291 1206 2363 ἄριστον,
1244 2292 1322 2343 ὅτι
1368 2290 1416 2343 ἓν
1459 2290 1711 2364 ἐσχάτοις
1766 2314 1876 2347 και-

268 2385 379 2449 ροῖς
429 2382 519 2429 καὶ
593 2375 699 2430 οἷον
748 2376 832 2431 ἐπὶ
884 2376 1115 2451 δυσμαῖς
1174 2388 1265 2432 τοῦ
1316 2380 1514 2443 αἰῶνος.
1569 2382 1878 2456 Ἠτοίμασεν

270 2462 359 2518 οὖν
400 2466 791 2539 ἁμαρτημάτων
822 2466 1090 2533 ἀπόθεσιν,
1124 2472 1424 2541 Πνεύματος
1452 2471 1606 2543 ἁγίου
1655 2473 1879 2545 μέθεξιν,

266 2556 533 2617 υἱοθεσίας
588 2552 768 2622 δόξαν,
816 2556 1090 2611 Βασιλείαν
1139 2558 1368 2633 οὐρανῶν
1420 2565 1509 2612 καὶ
1562 2566 1880 2634 προφητείας

270 2644 498 2717 Εὗαγγελ
509 2649 617 2700 ίων.

340 2940 442 2988 Καὶ
474 2966 539 2975 -
576 2937 761 2988 πάντα.
788 2935 974 2989 Δοῦλον
1026 2944 1118 2989 τοῦ
1176 2940 1382 3011 Πατρός
1418 2936 1599 2990 ἑαυτὸν
1632 2937 1783 3010 λέγει,
1814 2940 1880 3001 ὡς

267 3028 472 3096 μορφὴν
504 3023 695 3077 δούλου
739 3025 978 3091 λαϐόντα,
1012 3028 1061 3086 ὃς
1105 3025 1372 3086 ἀπεστάλη
1404 3029 1539 3078 κατὰ
1586 3030 1645 3079 τὸ
1684 3026 1877 3103 ἀνθρὼ-

270 3133 413 3166 πινον
438 3114 509 3176 εἰς
533 3118 653 3175 τοὺς
670 3111 986 3179 Ἰουδαίους,
1010 3115 1178 3167 καλῶν
1204 3115 1398 3179 αὐτοὺς
1424 3117 1494 3179 εἰς
1513 3121 1605 3175 τὴν
1626 3118 1877 3193 ῥηθεῖσαν

268 3201 580 3272 ἀπόλαυσιν,
616 3200 650 3256 δ
656 3206 708 3255 ιὰ
734 3213 824 3257 τοῦ
857 3204 1195 3275 Εύαγγελίου.

345 3298 445 3347 Καὶ
475 3325 541 3333 -—
570 3297 771 3354 πάντες.
807 3294 935 3347 Ἀπὸ
967 3301 1094 3367 μιᾶς
1121 3298 1407 3360 συνθήκης,
1432 3302 1721 3363 τουτέστιν,
1744 3299 1875 3371 ἅμα,

264 3392 468 3444 κοινῶς.

336 3472 395 3525 Ὀ
474 3482 673 3547 πρῶτος
731 3504 800 3514 —-
872 3472 1050 3529 ἐλθεῖν.
1114 3476 1182 3529 Αἰ
1264 3472 1508 3548 διέφοροι
1591 3478 1879 3549 προφάσεις

262 3558 416 3613 οὐδὲν
457 3562 624 3637 ἕτερον
672 3563 1070 3635 ύποφαίνουσιν,
1099 3568 1129 3623 ἦ
1171 3566 1237 3616 τὰ
1286 3562 1515 3640 διάφορα
1572 3568 1737 3631 πάθη,
1800 3564 1875 3619 δι’

260 3648 296 3700 ἆ
353 3659 443 3711 τῆς
507 3652 783 3726 εἰρημένης
868 3652 1204 3716 ἀπολαύσεως
1253 3652 1629 3727 ἐστερήθησαν·
1691 3657 1716 3707 ό
1782 3658 1873 3728 μὲν

256 3742 361 3810 γὰρ
410 3736 546 3811 τῷδε
592 3746 991 3815 κεκρατημένος,
1039 3743 1209 3815 ἔτερος
1265 3740 1326 3795 δὲ
1369 3740 1528 3814 τῷδε,
1587 3749 1673 3796 καὶ
1719 3745 1870 3809 ἄλλος

255 3826 414 3899 τῷδε,
469 3835 753 3904 παρῶσατο
805 3833 921 3902 (61)
966 3835 1025 3883 τὸ
1065 3831 1395 3904 Εύαγγέλιον,
1441 3831 1514 3886 δι’
1572 3834 1633 3886 οὗ
1689 3842 1870 3906 τυχεῖν

253 3923 454 3980 ταύτης
500 3918 637 3985 ἐξῆν,
693 3922 764 3982 ὡς
803 3919 1031 3973 ἐναντίον
1087 3928 1202 3983 ταῖς
1261 3926 1628 3997 προαιρέσεσιν
1680 3923 1865 3981 αὐτῶν,

252 4012 325 4060 Τὸ
383 4004 442 4061 δε
493 4008 663 4083 ἐρωτῶ
709 4029 787 4077 σε,
836 4018 924 4061 νῦν
966 4008 1079 4062 ἀντὶ
1122 4018 1235 4073 τοῦ,
1269 4012 1553 4084 παρακαλῶ
1595 4031 1672 4077 σε,
1710 4015 1872 4066 τέθει-

255 4117 346 4149 ται
389 4099 525 4167 (6'2),
576 4100 750 4160 καθὼς
775 4104 865 4151 καὶ
919 4097 966 4151 ἐν
1018 4096 1291 4174 διαφόροις
1331 4105 1506 4163 τόποις
1560 4099 1871 4178 παραδεδώ-

258 4205 446 4259 καμεν.

332 4364 496 4438 [Τίνες
533 4364 645 4433 (63)
698 4361 759 4417 δὲ
803 4363 962 4439 ἀγρὸν
1010 4366 1100 4437 μὶν
1152 4364 1365 4437 λέγουσι
1413 4371 1507 4425 τὴν
1556 4366 1869 4441 φιλοκτημο·

260 4458 444 4511 σύνην·
507 4456 665 4525 ζεύγη
731 4452 791 4507 δὲ
849 4453 1008 4523 βοῶν,
1062 4460 1155 4513 τὴν
1220 4461 1524 4529 σωματικὴν
1582 4457 1865 4530 φιλεργίαν·

255 4552 486 4617 γυναῖκα
523 4541 600 4615 δῖε3
634 4548 727 4603 τὴν
757 4541 1111 4618 φιληδονίαι]

335 4725 438 4775 Καὶ
489 4752 551 4763 —
601 4728 788 4777 ταῦτα.
848 4729 1014 4776 Τοῦτο
1079 4720 1233 4789 εἶπεν,
1287 4728 1392 4798 ούχ
1445 4728 1512 4788 ὡς
1562 4724 1870 4798 ἀγνοοῦντος

332 4905 353 4939 ⁸
385 4902 584 4963 Matth.
627 4918 767 4973 xvu,
802 4907 849 4961 4.

1993 1966 2028 2007 a
2052 1951 2181 2008 Deo
2228 1951 2471 2008 electus.

2060 2041 2129 2109 +
2172 2041 2589 2096 Universorum
2620 2042 2857 2097 Creator
2886 2045 2942 2097 et
2981 2039 3151 2097 Pater
3180 2039 3336 2095 Deus
3367 2053 3651 2111 magnam

1988 2127 2124 2183 fecit
2161 2144 2419 2193 coenam,
2446 2128 2561 2183 hoc
2584 2134 2669 2185 est
2690 2128 3196 2202 dispensationem
3225 2128 3654 2200 evangelicum,

1988 2217 2067 2273 ad
2116 2233 2300 2291 quam
2345 2233 2552 2273 omnes
2598 2218 3001 2275 convenirent.
3036 2220 3280 2274 Coenam
3321 2224 3518 2273 autem
3554 2233 3653 2273 vo-

1988 2311 2101 2373 cat,
2136 2323 2254 2362 non
2282 2306 2627 2380 prandium,
2657 2307 2800 2379 quia
2837 2308 2897 2364 in
2938 2307 3251 2380 postremis
3281 2305 3656 2378 temporibus

1987 2401 2044 2453 et
2073 2396 2149 2452 ad
2196 2412 2507 2467 vesperam
2544 2396 2757 2452 saeculi.
2809 2397 3041 2453 Paravit
3077 2412 3219 2467 ergo
3272 2402 3654 2469 peccatorum

1988 2485 2445 2559 depositionem,
2530 2486 2779 2558 Spiritus
2845 2487 3031 2543 sancti
3114 2485 3649 2559 participationem,

1988 2575 2329 2647 adOptionis
2359 2575 2760 2647 splendorem,
2804 2590 3056 2647 regnum
3105 2575 3391 2632 caelorum
3433 2591 3503 2632 ac
3556 2590 3630 2632 va

1988 2666 2189 2723 ticinia
2220 2665 2706 2735 Evangeliorum.

2060 2756 2222 2810 Vers.
2282 2755 2366 2809 l7.
2412 2754 2491 2810 Et
2534 2786 2603 2795 —
2650 2756 2870 2811 omnia.
2921 2755 3167 2812 Servum
3201 2754 3384 2812 Patris
3423 2753 3563 2812 dicit
3591 2769 3654 2810 se

1987 2845 2210 2919 ipsum,
2266 2861 2338 2901 eo
2388 2844 2550 2918 quod
2598 2848 2753 2900 servi
2810 2844 3067 2901 formam
3122 2845 3414 2919 acceperit
3462 2865 3475 2915 ;
3530 2859 3655 2902 non

1988 2941 2185 2993 tamen
2220 2934 2565 3007 simpliciter
2617 2951 2875 3001 servum,
2916 2936 3019 2991 sed
3044 2952 3179 2991 cum
3223 2934 3496 3001 articulo,
3538 2951 3653 2990 ser-

1988 3042 2133 3081 vum
2164 3024 2351 3090 illum,
2396 3026 2501 3097 qui
2562 3025 2893 3082 secundum
2944 3025 3382 3081 humanitatem
3437 3025 3514 3081 ad
3556 3024 3655 3082 Ju-

1990 3117 2154 3174 dasos
2185 3118 2564 3183 missus'est,
2625 3121 2683 3172 ut
2739 3130 2841 3171 eos
2890 3115 2963 3172 ad
3018 3115 3367 3188 praedictam
3425 3115 3651 3171 fruitio-

1909 3232 1949 3289 α
1990 3225 2126 3264 nem
2174 3211 2407 3264 vocaret
2453 3223 2559 3278 per
2601 3205 3008 3276 Evangelium.

2059 3299 2217 3354 Vers.
2289 3297 2371 3353 18.
2432 3296 2509 3352 Et
2567 3327 2635 3336 —
2688 3310 2905 3352 omnes.
2969 3294 3100 3351 Ἀπὸ
3159 3302 3303 3369 μιᾶς,
3364 3294 3441 3351 ab
3508 3309 3650 3365 una,

1984 3391 2151 3460 puta,
2187 3385 2461 3459 pactione
2502 3384 2591 3440 vel
2626 3384 2844 3441 taedere
2890 3400 2903 3439 :
2956 3384 3070 3440 hoc
3124 3389 3235 3452 est,
3264 3385 3323 3439 in
3372 3399 3559 3440 unum
3593 3390 3650 3440 et

1984 3476 2384 3534 communiter
2412 3474 2550 3545 (nos
2592 3473 2775 3529 simul
2808 3474 3138 3545 vertimus).

2053 3567 2217 3621 Vers.
2253 3566 2340 3623 18.
2402 3564 2643 3620 Primus
2694 3592 2765 3605 —
2796 3563 2958 3618 Vers.
3006 3563 3091 3618 20.
3132 3564 3347 3620 venire.
3389 3563 3649 3619 Diversae

1983 3654 2401 3711 excusationes
2442 3652 2587 3708 nihil
2645 3651 2808 3709 aliud
2860 3651 3146 3715 indicant,
3188 3668 3375 3725 quam
3446 3650 3646 3707 varios

1982 3745 2168 3800 animi
2201 3743 2444 3799 morbos
2480 3748 2535 3799 et
2568 3740 2938 3808 aﬂectiones,
2986 3746 3231 3816 propter
3285 3757 3438 3814 quas
3494 3741 3653 3798 dicta

1980 3834 2258 3891 fruitione
2296 3832 2511 3906 privati
2565 3837 2736 3896 sunt;
2773 3848 2914 3887 nam
2945 3830 3042 3887 hic
3093 3832 3339 3904 quidem
3390 3831 3504 3886 ista
3554 3829 3653 3885 de.

1982 3929 2198 3989 tentus,
2241 3922 2388 3978 alter
2439 3927 2640 3978 autem
2689 3920 2809 3989 illa,
2851 3920 3057 3977 tertius
3101 3936 3242 3976 vero
3292 3919 3429 3985 alia,
3469 3923 3654 3976 Evan-

1980 4012 2197 4084 gelium
2261 4010 2604 4083 repulerunt
2653 4010 2757 4081 (q),
2789 4026 2895 4083 per
2932 4009 3094 4081 quod
3136 4009 3293 4065 hanc
3343 4008 3654 4082 oportebat

1981 4100 2219 4174 assequi
2253 4101 2614 4168 fruitionem,
2667 4104 2957 4171 tanquam
2991 4098 3308 4171 propositis
3338 4104 3395 4154 et
3423 4097 3655 4154 electio-

1981 4193 2158 4248 nibus
2199 4191 2323 4246 suis
2386 4190 2773 4245 contrarium.
2810 4190 2874 4243 Et
2904 4188 3000 4243 hic
3030 4186 3222 4260 ἕρωτῶ,
3258 4202 3376 4243 non
3405 4187 3653 4245 interro-

1981 4298 2055 4352 go
2084 4280 2403 4351 signiﬁcat,
2441 4278 2545 4334 sed
2575 4279 2834 4335 obsecro.

2054 4372 2142 4441 ﬁ-
2171 4366 2450 4424 Nonnulli
2476 4384 2615 4424 vero
2641 4382 2853 4436 agrum
2881 4366 3119 4439 quidem
3139 4364 3650 4431 dicunt,stndium

1988 4458 2483 4532 possessionum;
2522 4459 2673 4529 juga
2721 4455 2902 4512 boum
2965 4458 3187 4521 autem,
3239 4454 3648 4509 strenuitatem

1901 4569 1946 4624 ι)
1987 4547 2360 4619 corporalem
2406 4563 2419 4613 ;
2462 4545 2771 4603 mulierem
2835 4559 2997 4610 vero,
3056 4544 3519 4617 propensionem
3570 4542 3649 4600 ad

1982 4637 2341 4710 voluptates,

2054 4728 2211 4782 Vers.
2249 4726 2339 4782 2t.
2368 4725 2449 4782 Et
2498 4755 2569 4766 —
2617 4724 2759 4782 hac.
2797 4723 2937 4782 Haec
2978 4721 3144 4789 dixit,
3182 4737 3307 4780 non
3349 4721 3504 4796 quod
3546 4738 3650 4796 pa-

1517 5046 1741 5116 Variaa
1779 5046 2109 5116 lectiones
2141 5058 2207 5115 et
2236 5056 2439 5116 notae.

332 5243 447 5314 (58)
473 5244 555 5299 ita
593 5242 786 5298 codex
816 5247 861 5298 Α
899 5243 1078 5300 etiam
1108 5243 1165 5299 in
1191 5248 1373 5300 textu.

332 5318 443 5383 (59)
473 5320 577 5373 Τὴν
603 5314 914 5369 ἀπόλαυσιν.

333 5387 448 5457 (60)
474 5387 590 5442 Nec
618 5386 734 5441 hoc
748 5386 861 5442 mei
879 5385 1114 5442 codices
1139 5390 1495 5457 agnoscunt.
1518 5386 1744 5443 Similia
1763 5386 1870 5443 ha-

255 5458 363 5514 bet
390 5457 705 5530 Tbeophil.
745 5474 801 5529 p.
827 5458 951 5514 436.
986 5459 1051 5511 Α.

330 5600 418 5672 (p)
452 5599 638 5667 Quam
664 5599 1229 5656 —nesr.iat.Redde:
1262 5599 1751 5672 Sinediscrimiae
1768 5616 1869 5654 au-

259 5681 373 5729 tem
390 5687 610 5728 caenam
624 5687 752 5727 eam
764 5686 927 5726 nunc
942 5673 1443 5740 appellavit.Nam
1458 5678 1518 5727 ut
1533 5688 1665 5727 mox
1678 5671 1864 5727 docet.

257 5743 401 5801 alibi
421 5743 667 5816 vocabit
699 5742 1023 5816 prandium
1073 5743 1228 5813 Ergo
1271 5740 1571 5816 ἀδιαφόρως
1600 5759 1750 5816 usus
1783 5747 1871 5816 est

254 5814 557 5874 vocabulo
587 5810 800 5867 δείπνου
853 5820 911 5871 et
956 5810 1194 5892 ἀρίστου.
1226 5810 1420 5883 Forte,"
1466 5810 1611 5889 quia
1651 5813 1867 5885 reddit,

2073 5244 2164 5316 61)
2188 5248 2529 5316 Παρὼσαντο.
2563 5244 2628 5299 Β.

2072 5314 2163 5388 62)
2194 5314 2488 5387 Interpres
2520 5315 2616 5372 hic
2643 5314 2921 5388 quedam
2959 5314 3180 5370 omisit.

1976 5384 2165 5512 h8g3:
2224 5384 2371 5443 Haec
2412 5384 2765 5460 uterque—in
2824 5388 3117 5459 margine.
3166 5384 3485 5443 Hentenius
3522 5398 3646 5443 non

2104 5474 2134 5512 e
2166 5500 2178 5512 .

2021 5463 2178 5513 abet

1976 5600 2133 5672 quod
2152 5601 2330 5668 ﬁnem
2376 5601 2612 5659 nesciat.
2657 5600 2882 5658 invenit
2912 5596 3250 5673 ἀδιάφθορον.

2051 5673 2131 5744 (q)
2168 5673 2555 5744 Reputerunt.
2606 5673 2793 5747 Magis
2818 5669 3202 5747 perspicuum
3236 5670 3361 5737 erit,
3395 5669 3442 5725 si
3475 5685 3647 5742 repu-

1980 5744 2182 5800 lerunt
2213 5750 2469 5819 ponatur
2497 5750 2628 5818 post
2651 5744 3027 5816 finitionem.
