4128 6422
424 368 564 429 1015

1770 368 2113 427 EUTHYMII
2151 369 2479 430 ZIGABENI

3671 374 3817 435 1016

426 501 511 555 ter
557 495 991 555 recusationem
1047 496 1287 555 illorum
1342 497 1663 569 ignoraret,
1700 498 1805 553 sed
1839 500 2087 571 propter

2214 506 2292 552 τοῦ
2353 504 2557 574 Πατρός
2612 506 2706 562 τήν
2779 508 3102 579 παραίτησιν
3155 502 3343 573 αύτῶν,
3396 500 3523 556 ἀλλὰ
3573 500 3667 557 διὰ
3713 508 3813 562 τὴν

425 588 722 659 parabolae
754 588 1246 660 consequentiam
1275 606 1287 644 :
1325 589 1506 645 moris
1543 589 1703 645 enim
1742 589 1811 643 iis
1843 594 1950 654 est,
1984 588 2091 660 qui

427 680 503 734 ad
536 677 870 733 vocandum
926 677 1160 751 aliquos
1220 680 1424 735 emissi
1474 685 1627 745 sunt,
1664 678 1874 735 reverti
1907 695 1977 735 ac
2007 695 2094 734 re-

428 770 702 825 nuntiare
729 766 802 822 de
823 766 954 822 illis.

500 860 672 918 Vers.
706 861 798 921 ‘21.
836 863 997 917 Tunc
1027 892 1096 900 —
1124 860 1253 916 huc.
1283 858 1393 926 Qui
1424 863 1869 929 recusaverunt,
1907 860 2096 915 erant-

429 951 740 1020 pontiﬁces
767 960 819 1008 et
844 951 1062 1009 Scribze
1095 966 1162 1004 ac
1204 948 1497 1014 Pharisaei,
1545 952 1603 1003 et
1642 949 1868 1021 quique
1913 948 2099 1003 hono-

430 1041 678 1097 ratiores
718 1042 926 1115 populi
965 1040 1065 1096 :bi
1095 1056 1259 1103 vero,
1298 1038 1404 1110 qui
1452 1039 1584 1094 loco
1628 1038 1867 1093 illorum
1921 1038 2102 1093 intro-

430 1130 591 1186 ducti
621 1138 1140 1199 sunt,communes
1167 1134 1223 1186 et
1245 1129 1459 1200 abjecti
1491 1145 1562 1185 ac
1592 1128 1805 1201 plebeii
1834 1150 1845 1193 ;
1880 1128 1981 1201 qui
2007 1128 2102 1198 ju-

429 1220 707 1277 dicantur
752 1239 787 1278 a
826 1220 1123 1293 prioribus
1166 1235 1467 1293 pauperes
1498 1234 1566 1273 ac
1601 1217 1852 1284 debiles,
1900 1217 2099 1273 claudi

431 1316 486 1365 et
530 1312 690 1377 caeci,
737 1316 941 1383 utpote
980 1309 1368 1382 incompositi
1399 1314 1457 1364 et
1488 1309 1729 1378 indocti,
1765 1308 1867 1380 qui
1902 1307 2100 1380 potius

432 1401 661 1456 Christo
712 1400 951 1456 docenti
991 1400 1365 1456 obedierunt.
1408 1398 1512 1454 Vel
1563 1398 1741 1453 etiam
1782 1397 1856 1453 de
1888 1397 1955 1453 iis
1996 1396 2100 1470 qui

432 1490 813 1547 sensibilibus
834 1489 1186 1560 hujusmodi
1210 1487 1627 1544 affectionibus
1651 1493 1822 1543 erant
1850 1486 2096 1543 obnoxii

434 1579 691 1649 intellige
722 1596 734 1635 :
769 1579 871 1651 qui
903 1578 975 1634 ab
1023 1579 1107 1634 eis
1147 1577 1398 1645 liberati,
1427 1593 1529 1650 per
1559 1577 1744 1633 ﬁdem
1772 1576 2099 1633 introducti

437 1674 574 1726 sunt
603 1670 681 1726 ad
702 1669 925 1726 dictam
947 1668 1312 1725 fruitionem.

506 1851 593 1921 -Η-
644 1850 812 1905 Pater
860 1848 1038 1919 igitur
1078 1848 1241 1905 misit
1276 1847 1510 1913 Filium,
1555 1847 1734 1903 Filius
1781 1864 1923 1905 vero
1955 1863 2097 1921 apo-
2130 1855 2173 1912 B

436 1940 639 1995 stolos.
710 1938 862 1995 Dixit
914 1938 1064 1993 enim
1126 1953 1139 1993 :
1198 1938 1383 1994 Sicuti
1430 1954 1520 1994 me
1572 1938 1785 1995 misisti
1827 1939 1891 1995 in
1926 1955 2094 1997 mun-

436 2030 600 2097 dum,
627 2045 726 2101 ego
756 2029 932 2086 etiam
977 2044 1070 2085 eos
1096 2029 1233 2085 misi
1244 2030 1309 2085 in
1332 2029 1669 2085 mundum”.

448 2191 457 2201 ’
512 2211 672 2264 Vers.
698 2212 784 2263 22.
840 2207 920 2263 Et
951 2209 1037 2263 ait
1068 2238 1136 2248 —
1191 2212 1300 2263 est.
1368 2208 1677 2263 Humanus
1715 2223 1784 2263 ac
1812 2207 2104 2279 benignus

442 2314 641 2355 sermo
672 2302 778 2367 est,
809 2312 1136 2363 suggerens
1166 2298 1344 2352 etiam
1378 2300 1452 2351 de
1481 2297 1779 2365 gentibus.

511 2391 671 2444 Vers.
707 2388 796 2445 23.
843 2388 1126 2459 Dixitque
1174 2417 1243 2426 -—-
1281 2388 1530 2444 intrare.
1584 2386 1707 2443 Viae
1758 2390 1898 2443 sunt
1938 2387 2102 2444 habi-

440 2477 693 2533 tationes
769 2477 1058 2547 gentium,
1115 2480 1315 2548 utpote
1391 2491 1512 2531 non
1574 2475 1807 2532 munitae
1861 2476 1989 2547 lege
2041 2493 2107 2532 ac

441 2568 644 2624 divina
703 2566 996 2632 custodia,
1046 2582 1151 2621 seu
1195 2566 1551 2631 visitatione,
1614 2567 1765 2622 sicut
1819 2566 2108 2623 habitatio

438 2657 781 2713 Iudaeorum
817 2675 832 2726 ;
865 2656 954 2711 vel
994 2662 1285 2727 tanquam
1318 2672 1353 2711 a
1391 2656 1765 2712 daemonibus
1794 2656 2107 2714 conculca-

444 2752 538 2804 ιω.
622 2746 897 2804 Similiter
970 2753 1024 2802 et
1095 2761 1288 2818 sepes,
1352 2750 1639 2817 tanquam
1725 2752 2107 2818 peccatorum

444 2837 631 2909 spinis
660 2836 890 2908 stipatae
926 2854 938 2903 ;
988 2836 1079 2892 vel
1132 2839 1419 2909 tanquam
1452 2835 1760 2893 circuitum
1807 2836 1943 2909 igne
1983 2838 2109 2911 dig-

442 2941 591 2981 num
635 2926 942 2982 habentes.

516 3016 659 3085 Cogi
690 3032 830 3071 vero
850 3016 1037 3087 jussit
1061 3031 1184 3082 eos,
1205 3015 1310 3089 qui
1340 3030 1410 3071 ex
1446 3014 1718 3087 gentibus
1746 3021 1934 3084 erant,
1981 3033 2102 3075 non

442 3107 609 3178 quod
654 3105 993 3162 violentiam
1041 3105 1239 3161 inferri
1272 3107 1636 3179 praeceperit,
1682 3109 1787 3163 sed
1835 3107 2097 3163 subindi.

2207 590 2514 644 ἀκολουθίαν
2567 602 2662 655 τῆς
2705 593 3027 667 παραϐολῆς.
3084 600 3183 649 Καὶ
3234 597 3337 669 γὰρ
3383 597 3492 655 ἔθος
3538 602 3641 655 τοῖς
3684 593 3815 646 ἀπο-

2206 680 2554 753 στελλομένοις
2599 682 2668 744 εἰς
2719 687 2775 735 τό
2825 683 3042 737 καλέσαι
3105 687 3263 749 τινάς,
3322 686 3663 759 ὑποστρέφειν
3723 686 3812 735 καὶ

2207 768 2542 843 ἀπαγγέλλειν
2569 777 2683 846 περὶ
2716 773 2904 828 αὐτῶν.

2277 866 2402 913 Τότε
2470 894 2537 903 -
2600 859 2727 918 ὦδε.
2798 863 3012 916 Ἐκεῖνοι
3088 867 3177 936 μεν
3250 865 3298 916 οἱ
3355 865 3817 938 παραιτησάμενοι

2210 948 2345 1009 ἦσαν
2398 951 2447 1003 οἰ
2513 951 2774 1026 ἀρχιερεῖς
2830 958 2921 1005 καὶ
2974 959 3305 1027 Γραμματεῖς
3360 958 3451 1005 καὶ
3509 960 3817 1027 Φαρισαῖοι,

2209 1044 2298 1091 καὶ
2355 1042 2472 1093 ὅσοι
2510 1048 2809 1115 τιμιώτεροι
2847 1051 2939 1095 τοῦ
2986 1043 3237 1105 πλήθους·
3288 1044 3433 1095 οὗτοι
3491 1040 3566 1107 δὲ,
3606 1043 3656 1094 οἰ
3707 1042 3816 1094 ἀντ’

2211 1127 2411 1181 ἐκείνων
2457 1131 2802 1204 εἰσαγόμενοι,
2857 1132 2988 1185 εἰσὶν
3033 1136 3081 1185 οἱ
3110 1137 3268 1185 κοινοὶ
3317 1137 3407 1185 καὶ
3455 1131 3686 1205 ἀγελαῖοι
3723 1137 3817 1184 καὶ

2213 1213 2501 1291 δημώδης,
2543 1227 2752 1293 πτωχοὶ
2805 1227 2895 1273 καὶ
2953 1221 3209 1295 ἀνάπηροι
3257 1227 3347 1274 καὶ
3384 1221 3553 1294 χωλοὶ
3592 1227 3682 1274 καὶ
3728 1241 3818 1273 τυ-

2212 1307 2326 1379 φλοὶ
2390 1305 2665 1371 δοκοῦντες
2721 1310 2946 1379 ἐκείνοις,
3005 1314 3070 1372 ὡς
3111 1310 3330 1384 ἀμαθεῖς
3404 1317 3494 1364 καὶ
3550 1310 3813 1373 ἀσύνετοι,

2211 1399 2394 1459 οἵτινες
2450 1399 2639 1472 μᾶλλον
2684 1399 2941 1454 ἕπείθοντο
2990 1398 3308 1455 διδάσκοντι
3361 1410 3434 1472 τῷ
3478 1407 3717 1474 Χριστῶ.
3747 1398 3816 1451 Ἦ

2210 1492 2299 1540 καὶ
2338 1494 2455 1563 περὶ
2493 1498 2590 1542 τῶν
2639 1495 2999 1562 κατεχομένων
3046 1494 3305 1552 τοιούτοις
3358 1491 3578 1543 πάθεσιν
3622 1490 3821 1545 αἰσθη-

2210 1584 2318 1641 τοῖς
2372 1586 2522 1631 τοῦτο
2573 1584 2780 1638 νόησον·
2831 1581 2886 1646 ἣ,
2916 1579 2984 1647 οἱ,
3039 1582 3235 1632 τούτων
3285 1578 3682 1651 ἀπαλλαγέντες,
3723 1575 3823 1630 διὰ

2208 1670 2431 1728 πίστεως
2504 1667 2841 1740 εἰσήχθησαν
2910 1669 2983 1730 εἰς
3050 1673 3147 1727 τὴν
3225 1668 3616 1744 προρρηθεῖσαν
3693 1665 3824 1719 ἀπό-

2210 1755 2415 1810 λαυσιν.

2286 1846 2368 1920 [”Ο
2397 1850 2487 1920 μὲν
2529 1848 2639 1920 (64)
2689 1844 2775 1899 οὖν
2817 1852 2995 1922 Πατὴρ
3046 1846 3313 1900 ἀπέστειλε
3359 1849 3449 1899 τόν
3476 1848 3595 1899 Υἱόν
3638 1862 3652 1875 ·
3694 1846 3720 1898 ό
3762 1841 3825 1898 δε

2211 1939 2328 1997 Υἱός
2380 1940 2501 1998 τοὺς
2552 1935 2892 1999 ἀποστόλους.
2945 1941 3136 2010 Εἰρηκε
3188 1939 3309 2010 γάρ·
3362 1937 3442 1989 ὃτι
3493 1938 3679 1997 Καθὼς
3736 1934 3825 2007 ἐμὲ

2213 2024 2516 2089 ἀπέστειλας
2555 2026 2627 2089 εἰς
2655 2030 2743 2079 τόν
2780 2031 3001 2100 κόσμον,
3031 2026 3178 2098 κάγὼ
3206 2025 3485 2079 ἀπέστειλα
3518 2025 3710 2087 αύτούς
3756 2024 3826 2085 εἰς

2212 2120 2298 2170 τόν
2329 2115 2573 2189 κόσμον]

2287 2212 2387 2259 Καὶ
2418 2202 2553 2258 εἶπεν
2578 2237 2645 2245 -
2677 2206 2808 2260 ἔστί.
2853 2206 3216 2279 Φιλάνθρωπος
3258 2207 3283 2258 ό
3322 2204 3495 2277 λόγος,
3530 2206 3828 2278 ὑπομιμνή-

2218 2316 2355 2348 σκων
2383 2300 2473 2347 καὶ
2502 2300 2620 2370 περὶ
2650 2304 2749 2347 τῶν
2776 2294 2949 2351 ἐθνῶν.

2290 2391 2391 2439 Καὶ
2417 2384 2550 2438 εἶπεν
2576 2380 2648 2426 '—-
2676 2385 2937 2440 εἱσελθεῖν.
2969 2382 3120 2438 Ὀδοί
3151 2386 3281 2439 εἰσιν
3313 2387 3367 2437 αἰ
3414 2388 3677 2437 κατοικίαι
3724 2392 3827 2437 τῶν

2217 2478 2388 2547 ἐθνῶν,
2419 2479 2487 2536 ὡς
2517 2479 2587 2547 μὴ
2613 2481 3002 2548 τετειχισμέναι
3032 2484 3104 2545 τῷ
3134 2480 3271 2547 νόμῳ
3316 2481 3405 2527 καὶ
3452 2483 3514 2547 τῇ
3563 2473 3823 2546 ἇπισκοπῇ

2217 2573 2310 2618 τοῦ
2352 2572 2508 2631 Θεοῦ,
2540 2566 2774 2637 καθάπερ
2806 2567 2835 2623 ἠ
2868 2574 2967 2617 τῶν
2991 2562 3285 2630 Ἰουδαίων,
3311 2569 3400 2616 καὶ
3426 2566 3495 2625 ὡς
3522 2583 3823 2616 καταπεπα-

2216 2661 2428 2728 τημέναι
2476 2662 2580 2715 τοὶς
2639 2651 2907 2720 δαίμοσιν·
2970 2656 3158 2728 ὁμοίως
3220 2651 3280 2707 δὲ
3322 2658 3411 2706 καὶ
3461 2660 3711 2728 φραγμοὶ,
3758 2656 3829 2715 ὡς

2216 2750 2564 2819 πεφραγμέναι
2589 2751 2705 2805 ταῖς
2744 2742 2991 2806 ἀκάνθαις
3020 2753 3114 2807 τῆς
3142 2744 3419 2817 ἁμαρτιας,
3449 2749 3539 2796 καὶ
3569 2746 3635 2806 ὡς
3665 2746 3831 2819 πυρός

2217 2837 2360 2900 ἄξιον
2385 2835 2652 2911 περίϐολον
2686 2839 2929 2908 ἔχουσαι.

2286 3013 2613 3085 Ἀναγκάσαι
2676 3009 2734 3066 δὲ
2791 3017 2909 3074 τοὺς
2983 3013 3035 3076 ἐξ
3082 3010 3235 3065 ἐθνῶν
3302 3010 3585 3083 ἐκέλευσεν,
3646 3013 3706 3065 ού
3766 3016 3825 3065 τό

2215 3102 2502 3176 βιάζεσθαι
2565 3103 2955 3176 παραγγέλλων,
3014 3101 3120 3154 ἀλλ’
3195 3099 3494 3168 ύποδηλῶν,
3561 3104 3640 3155 ὅτι
3708 3108 3822 3174 χρή

445 3212 610 3263 cans,
644 3196 802 3269 quod
827 3195 1324 3252 vehementiorem
1353 3212 1422 3252 ac
1440 3198 1897 3253 constantiorem
1930 3198 2102 3254 adhi-

2216 3200 2586 3267 συντονώτερον
2668 3194 2715 3244 ἐν
2792 3194 2992 3252 τούτοις
3061 3195 3119 3244 τό
3186 3196 3439 3264 κήρυγμα
3505 3199 3668 3245 ποιεῖν
3732 3197 3827 3244 καὶ

442 3286 568 3363 beri
601 3286 1087 3358 praedicationem
1128 3286 1213 3340 eis
1253 3291 1543 3356 oporteat,
1577 3291 1779 3358 utpote
1820 3286 2041 3343 fortiter
2067 3304 2101 3344 a

442 3374 820 3431 daemonibus
838 3373 1111 3441 detentis,
1131 3380 1186 3429 et
1203 3374 1261 3428 in
1278 3373 1592 3446 profundis
1610 3376 1825 3432 erroris
1845 3375 2102 3432 tenebris

444 3464 900 3520 dormientibus.

514 3554 677 3609 Vers.
710 3558 797 3609 23.
840 3553 909 3609 Ut
942 3584 1007 3594 —
1034 3552 1338 3609 mea.Vult
1362 3552 1521 3609 enim
1543 3569 1756 3609 omnes
1782 3553 2099 3625 introduci,

445 3646 685 3715 propter
709 3644 1038 3698 immensas
1071 3658 1190 3697 sua:
1222 3641 1497 3697 bonitatis
1518 3642 1771 3699 divitias.

516 3732 678 3787 Vers.
724 3736 809 3787 24.
857 3732 990 3787 Dico
1023 3762 1090 3771 —
1144 3746 1394 3787 caenam.
1459 3734 1522 3787 Ut
1564 3733 1658 3803 qui
1690 3732 2104 3791 iuobedientes

447 3821 704 3886 fuerunt,
722 3837 792 3876 ac
812 3820 1182 3876 vocationem
1205 3820 1326 3875 sive
1360 3820 1844 3893 praedicationem
1869 3839 2102 3896 spreve-

444 3915 604 3975 runt.
642 3908 729 3966 Ob
758 3909 919 3965 hunc
934 3924 1077 3978 ergo
1108 3925 1445 3965 sermonem
1475 3914 1594 3966 tota
1624 3911 1917 3983 parabola
1943 3928 2103 3969 com-

448 3998 649 4073 posita
702 4003 808 4064 est,
859 3998 1380 4072 quemadmodum
1430 3999 1491 4056 in
1523 4000 1823 4073 principio
1856 4002 1986 4074 ejus
2018 4002 2106 4059 di-

444 4090 668 4147 ximus.

517 4180 683 4236 Vers.
730 4182 819 4236 25.
869 4178 1046 4236 Ibunt
1087 4209 1151 4221 —
1236 4179 1435 4236 multi.
1469 4178 1600 4236 Alio
1626 4180 1897 4240 videlicet
1952 4187 2106 4240 tem-

444 4285 607 4343 pore.

552 4361 711 4414 Vers.
739 4363 826 4415 25.
859 4359 940 4414 Et
960 4374 1272 4416 conversus
1298 4390 1355 4401 —
1396 4358 1563 4415 Vers.
1595 4364 1685 4419 26.
1708 4361 2107 4431 esse.diseipu-

449 4449 561 4504 lus.
611 4449 831 4513 Sciens,
863 4448 1028 4519 ipsos
1062 4447 1307 4521 quidem
1340 4448 1509 4521 sequi
1533 4448 1704 4517 velle,
1737 4467 1875 4506 cum
1903 4455 2107 4507 tamen

2213 3281 2602 3356 ἐπιμονώτερον,
2654 3286 2723 3344 ὡς
2778 3284 3013 3356 ἰσχυρῶς
3062 3282 3161 3334 ύπό
3214 3290 3314 3333 τῶν
3362 3277 3623 3353 δαιμόνων
3677 3300 3827 3333 κατε-

2211 3377 2476 3445 χομένοις,
2523 3377 2612 3424 καὶ
2670 3370 2770 3425 ύπό
2813 3370 2971 3445 βαθεῖ
3031 3375 3201 3442 σκότῳ
3258 3380 3348 3432 τῆς
3372 3368 3585 3434 ἀπάτης
3632 3372 3819 3423 καθεύ-

2214 3459 2423 3515 δουσιν.

2282 3550 2391 3604 Ἵνα
2418 3582 2482 3592 -
2520 3571 2641 3623 μου.
2687 3550 2930 3603 Βούλεται
2978 3570 3079 3624 γαρ
3123 3551 3319 3611 πάντας
3363 3549 3683 3622 εἰσαχθῆναι
3731 3545 3827 3603 διὰ

2211 3643 2298 3693 τόν
2330 3642 2539 3713 ἄπειρον
2571 3640 2792 3693 πλοῦτον
2818 3648 2913 3701 τῆς
2940 3641 3099 3693 αὑτοῦ
3128 3638 3476 3711 ἀγαθότητος.

2284 3735 2434 3801 Λέγω
2479 3761 2547 3770 -
2609 3727 2841 3784 δείπνου.
2888 3736 2975 3791 Ὡς
3029 3728 3423 3787 ἀπειθησάντων
3481 3734 3571 3782 καὶ
3623 3725 3828 3792 ἐξουδε-

2211 3822 2482 3872 νωσάντων
2513 3824 2606 3878 τὴν
2652 3817 2860 3886 κλῆσιν,
2894 3820 3033 3887 ἦτοι,
3075 3823 3132 3871 τό
3164 3824 3439 3893 κήρυγμα.
3479 3820 3587 3871 Λιά
3637 3824 3825 3871 τόῡτον

2214 3906 2300 3962 οὖν
2332 3912 2417 3962 τόν
2447 3910 2597 3981 λόγον
2628 3911 2658 3968 ἡ
2690 3908 2778 3967 ὅλη
2807 3908 3077 3983 παραϐολὴ
3110 3910 3378 3974 συνετέθη,
3407 3911 3576 3970 καθὼς
3606 3908 3653 3961 ἕν
3678 3906 3821 3982 ἀρχῇ

2214 4003 2412 4063 ταύτης
2442 4000 2739 4077 εἰρήκαμεν.

2287 4182 2686 4254 Συνεπορεύοντο
2761 4209 2828 4219 -
2908 4176 3108 4231 πολλοί.
3199 4177 3283 4232 Ἑν
3355 4176 3509 4253 ἑτέρῳ
3582 4173 3829 4235 δηλονότι

2215 4278 2403 4343 καιρῷ.

2290 4364 2391 4412 Καὶ
2441 4362 2689 4432 στραφεὶς
2750 4358 2865 4429 (65)
2913 4388 2983 4398 -—
3037 4358 3282 4429 μαθητὴς
3335 4352 3486 4410 εἶναι.
3529 4353 3701 4417 Εἰδὼς
3740 4356 3830 4406 αύ-

2216 4452 2339 4510 τούς
2394 4447 2627 4508 θέλοντας
2706 4449 2797 4518 μἐν
2866 4442 3163 4498 ἀκολουθεῖν
3223 4444 3380 4516 αύτῷ,
3442 4449 3831 4517 κατεχομένους

444 4537 694 4593 vinculis
721 4536 991 4593 amicitias
1003 4537 1079 4593 ad
1096 4537 1444 4609 hujusmodi
1473 4554 1764 4611 personas
1784 4540 2104 4596 retineren-

2220 4535 2278 4590 δὲ
2331 4546 2439 4600 τοῖς
2483 4534 2702 4605 δεσμοῖς
2754 4544 2849 4596 τῆς
2902 4538 3033 4609 πρός
3092 4538 3158 4587 τά
3220 4531 3522 4591 δηλωθέντα
3567 4540 3830 4607 πρόσωπα

446 4630 559 4694 tur,
592 4626 903 4681 manifeste
936 4630 1310 4697 protestetur,
1336 4627 1495 4698 quod
1519 4628 1786 4700 quisquis
1818 4628 1891 4684 ad
1924 4646 1982 4684 se
2003 4646 2107 4701 per

444 4715 625 4773 ﬁdem
652 4716 826 4783 venit,
870 4732 980 4771 nec
1012 4716 1321 4787 praedictas
1362 4718 1487 4794 odit
1520 4733 1823 4789 personas,
1868 4734 2007 4774 cum
2030 4720 2103 4775 ad

445 4804 824 4860 dilectionem
863 4820 1007 4873 erga
1052 4808 1234 4860 Deum
1265 4805 1377 4861 Sibi
1411 4805 1621 4861 fuerint
1653 4806 2098 4878 impedimento,

446 4900 501 4949 et
532 4893 607 4949 ad
629 4894 735 4949 iter
762 4894 839 4950 ad
870 4894 1155 4950 Christum
1191 4909 1204 4949 :
1239 4894 1325 4949 vel
1358 4896 1516 4966 quod
1547 4894 1812 4950 inﬁdeles
1846 4896 1975 4961 sint.
2016 4897 2104 4953 vel

443 4984 608 5056 quod
630 4985 941 5040 mundana
973 4984 1230 5055 sapiant,
1262 4999 1383 5039 non
1420 4988 1618 5054 potest
1649 4985 1837 5055 ipsius
1860 5001 1988 5042 esse
2016 4987 2108 5042 di-

442 5073 727 5146 scipulus.
761 5073 1070 5147 Siquidem
1100 5072 1203 5145 qui
1244 5071 1357 5127 illis
1390 5072 1608 5141 obedit,
1640 5073 1869 5130 Christo
1902 5074 2107 5132 iuobe-

442 5162 611 5219 diens
632 5168 751 5230 est;
774 5163 854 5218 illi
876 5178 1139 5235 namque
1162 5160 1475 5217 carnaliter
1492 5177 1631 5217 eum
1652 5163 1847 5218 vivere
1882 5164 2108 5231 volunt,

442 5239 565 5325 ipse
594 5268 733 5310 vero
766 5251 1145 5325 spiritualiter
1170 5266 1310 5308 eum
1328 5252 1665 5309 conversari
1698 5252 1892 5309 docet.
1920 5256 2113 5311 Hono-

512 5402 685 5457 Joan.
724 5415 863 5466 xvii,
899 5399 987 5459 18.

2219 4632 2479 4700 σχέσεως,
2557 4624 2972 4699 διαμαρτύρεται
3053 4632 3299 4698 φανερῶς,
3359 4626 3440 4675 ὅτι
3507 4625 3655 4686 ὅστις
3728 4634 3829 4675 τῶν

2219 4714 2313 4771 διὰ
2362 4722 2588 4777 πίστεως
2640 4715 2932 4789 ἐρχομένων
2975 4718 3105 4787 πρός
3158 4713 3315 4765 αὐτόν
3365 4713 3424 4766 ού
3471 4721 3619 4784 μισεῖ
3662 4715 3727 4766 τὰ
3762 4714 3831 4765 εὶ-

2216 4812 2415 4881 ρημένα
2476 4812 2751 4876 πρόσωπα,
2816 4806 2937 4857 ὅταν
3009 4800 3343 4876 ἐμποδίζωσι
3406 4807 3530 4877 πρός
3594 4808 3687 4861 τὴν
3759 4803 3830 4864 εἰς

2219 4901 2346 4949 Θεὸν
2402 4899 2608 4967 ἀγάπην
2665 4900 2755 4946 καὶ
2800 4897 2929 4967 πρός
2984 4898 3070 4951 τὴν
3121 4895 3251 4944 κατὰ
3304 4896 3536 4967 Χριστόν
3592 4897 3827 4966 πορείαν,

2220 4988 2248 5045 ἢ
2315 4988 2530 5038 ἄπιστοι
2583 4989 2738 5052 ὄντες,
2784 4985 2813 5043 ἣ
2858 4984 3091 5054 κοσμικά
3129 4990 3451 5056 φρονοῦντες,
3506 4981 3565 5033 ού
3608 4978 3832 5034 δύναται

2220 5076 2381 5128 αὐτοῦ
2456 5076 2700 5147 μαθητὴς
2768 5071 2921 5128 εἶναι,
3018 5072 3324 5143 Πειθόμενος
3402 5074 3503 5145 γὰρ
3594 5070 3828 5135 ἐκείνοις,

2222 5164 2498 5223 ἀπειθήσει
2555 5163 2714 5234 αύτῷ,
2778 5159 2919 5215 διότι
2973 5160 3123 5213 αὐτοὶ
3188 5164 3278 5233 μὲν
3341 5169 3606 5236 σαρκικῶς
3678 5159 3832 5233 βιοῦν

2225 5253 2380 5307 αὐτόν
2445 5253 2698 5319 θελουσιν,
2768 5251 2924 5313 αὐτὸς
2968 5248 3028 5304 δὲ
3070 5260 3429 5324 πνευματικῶς
3486 5250 3643 5303 αύτόν
3689 5248 3835 5303 πολι-

1668 5556 1893 5626 Variae
1931 5558 2259 5629 lectiones
2302 5568 2366 5629 et
2406 5569 2589 5628 notae

443 5720 817 5860 aggggciHLaec
872 5726 1120 5796 uterque
1180 5726 1240 5783 in
1280 5726 1566 5799 margine.
1615 5728 1937 5786 Hentenius
1978 5746 2099 5787 non

2283 5732 2400 5804 (65)
2440 5736 2682 5806 Στραφεὶς
2711 5746 2837 5789 non
2864 5730 3159 5805 expressit
3192 5729 3542 5789 Hentenius.
