4128 6378
303 359 439 421 1017

1335 361 1712 421 COMMENT.
1761 361 1834 418 IN
1872 361 2137 419 LUCAM-
2178 394 2248 407 -—
2286 362 2445 421 CAP.
2487 364 2634 424 XIV.

3546 367 3681 427 1018

302 490 545 545 τεύεσθαι
575 485 846 547 διδάσκει.
897 494 1153 565 Τιμητέον
1178 492 1269 565 μὲν
1320 496 1409 545 καὶ
1442 495 1643 564 πατέρα
1679 495 1769 545 καὶ
1798 512 1903 565 μη-

2023 492 2188 548 randi
2230 494 2528 567 siquidem
2574 499 2711 553 sunt
2738 500 2909 569 pater
2936 501 2993 554 et
3021 501 3228 567 mater,
3280 513 3485 555 verum
3519 499 3678 555 Deus

302 586 426 656 τέρα
454 582 567 651 (b6)
592 599 604 611 '
639 586 979 655 προτιμητέον
1021 578 1080 635 δε
1110 582 1277 635 αὐτῶν
1304 586 1391 635 τὸν
1419 586 1568 636 Θεὸν.

375 674 470 723 Διά
493 679 593 723 τῶν
632 676 994 745 γνησιωτέρων
1047 669 1106 725 δε
1158 679 1258 724 πᾶν
1304 676 1583 745 πρόσωπον
1633 671 1903 744 ἀγαπητὸν

304 759 547 833 ἐμφήνας.
580 758 811 832 ἐπήγαγε
836 767 925 813 καὶ
973 766 1031 814 τὸ
1074 765 1271 834 μεῖζον,
1322 764 1402 815 ὃτι
1451 767 1540 815 καὶ
1595 767 1689 821 τὴν
1721 762 1904 815 ἑαυτοῦ

302 850 510 921 ψυχὴν,
543 856 797 918 τουτέστι,
821 855 911 904 καὶ
940 854 997 903 τὸ
1030 852 1215 904 ἑαυτοῦ
1248 851 1461 923 θέλημα,
1502 854 1622 904 ὅταν
1681 851 1905 905 ἕναντίον

306 943 381 996 εἰη
422 947 493 1010 τῷ
527 939 776 1011 θελήματι
809 946 900 992 τοῦ
933 948 1085 995 Θεοῦ.
1115 948 1200 994 Δεῖ
1224 944 1326 1015 γὰρ
1349 945 1435 994 τὸν
1466 940 1629 1000 ἀληθῆ
1664 944 1905 1013 μαθητὴν

304 1038 395 1080 τοῦ
424 1037 676 1103 Χριστοῦ,
704 1029 1050 1103 ἀφιλόσαρκον
1076 1036 1165 1083 καὶ
1191 1029 1520 1103 ἀφιλοψυχον
1547 1030 1597 1083 έν
1624 1039 1728 1093 τοῖς
1758 1050 1905 1084 πνευ-

305 1127 549 1193 ματικοῖς
568 1117 764 1193 ἀγῶσιν
789 1121 1073 1193 ὑπάρχειν.

378 1396 480 1445 Καὶ
508 1393 653 1454 ὅστις
710 1422 775 1434 —-
834 1411 936 1462 μου
979 1393 1233 1465 μαθητής.
1290 1392 1473 1455 Ὀστις
1525 1394 1585 1447 οὐ
1645 1393 1905 1467 βαστάζει

304 1479 387 1535 ἰπὶ
436 1488 649 1555 μνήμης
710 1485 798 1533 τὸν
851 1484 1065 1535 θάνατον
1123 1483 1304 1536 αὐτοῦ.
1366 1487 1460 1536 Διὰ
1525 1492 1617 1536 τοῦ
1674 1492 1904 1557 σταυροῦ

302 1574 400 1645 γὰρ
432 1575 519 1623 τὸν
560 1574 777 1624 θάνατον
824 1567 1075 1642 ἐδήλωσε,
1138 1569 1279 1625 διότι
1331 1578 1449 1626 τότε
1490 1575 1711 1625 θανάτου
1750 1576 1905 1647 6.67a-

303 1680 385 1714 νον
442 1658 504 1720 ἧν
556 1663 581 1714 6
642 1664 888 1736 σταυρὸς,
944 1664 1013 1723 ὡς
1059 1668 1148 1715 καὶ
1205 1663 1255 1714 ἐν
1284 1672 1357 1734 τῷ
1400 1672 1694 1736 τριακοστῷ
1744 1667 1904 1735 τρίτῳ

304 1750 560 1823 κεφαλαίῳ
591 1758 680 1803 τοῦ
710 1753 846 1803 κατὰ
902 1754 1169 1805 ΙνῙατθαίον
1227 1753 1339 1825 (67)
1410 1752 1660 1805 λέλεκται.
1718 1752 1906 1815 Ὀστις

303 1839 362 1892 οὗ
410 1838 669 1912 βαστάζει
724 1846 817 1899 τὴν
861 1845 1109 1915 νέκρωσιν
1161 1842 1344 1904 αὐτοῦ,
1402 1843 1533 1914 λέγω
1560 1840 1652 1908 δὴ,
1685 1848 1779 1901 τὴν
1809 1852 1904 1904 τῆς

305 1933 496 2003 σαρκὸς
517 1932 696 1989 αὑτοῦ,
725 1936 819 1990 τὴν
844 1932 964 1984 καθ’
1011 1929 1225 1990 ἡδονήν.
1283 1933 1423 1986 Ἐπεὶ
1455 1930 1513 1986 δε
1566 1936 1595 1992 ἡ
1632 1932 1899 2006 ἀποτροπὴ

303 2028 396 2072 τοῦ
453 2021 572 2073 καθ’
635 2017 831 2080 ἡδονὴν
895 2021 1035 2095 βίου,
1086 2027 1276 2094 τρόπον
1337 2025 1452 2075 τινὰ
1501 2029 1768 2099 προτροπή
1826 2028 1907 2085 τίς

304 2108 446 2163 ἔστιν
499 2111 566 2171 εἰς
620 2110 857 2163 έπίπονον
918 2110 1200 2178 πολιτείαν,
1255 2115 1644 2186 παραμυθεῖται
1672 2119 1763 2166 καὶ
1822 2110 1907 2166 δι-

304 2195 496 2253 δάσκει
526 2197 621 2252 διὰ
646 2197 1099 2275 παραδείγματος,
1160 2203 1240 2254 ὅτι
1292 2206 1403 2276 χρὴ
1453 2205 1540 2254 τὸν
1596 2201 1908 2275 βουλόμενον

304 2286 433 2342 εἶναι
502 2292 743 2362 μαθητὴν
790 2290 971 2353 αὐτοῦ,
1027 2292 1550 2364 προπαρασκευάζειν
1616 2293 1793 2346 έαυτον
1842 2294 1909 2355 εἰς

301 2380 568 2450 ὑπομονὴν
594 2383 780 2441 παντὸς
810 2389 1122 2453 πειρασμοῦ.
1179 2386 1473 2455 Γέγραπται
1501 2385 1601 2457 γάρ
1637 2400 1649 2413 ·
1681 2384 1738 2437 Εἰ
1784 2404 1908 2459 προ-

305 2473 476 2544 σέρχῃ
510 2466 769 2523 δουλεύειν
803 2475 998 2544 Κυρίῳ,
1043 2472 1319 2544 έτοίμασον
1349 2476 1443 2531 τὴν
1467 2471 1654 2544 ψυχήν
1688 2492 1782 2525 σου
1838 2472 1909 2533 εἰς

299 2564 611 2632 πειρασμόν.

448 2655 593 2702 ΚΕΦ.
620 2648 742 2703 ΝΕ’.
776 2650 1049 2725 Παραϐολῆ
1078 2656 1194 2722 περὶ
1220 2648 1503 2723 οἰκοδομῆς
1538 2654 1762 2726 πύργου.

371 2742 464 2799 Τίς
494 2741 588 2809 γὰρ
624 2771 688 2779 --
721 2738 999 2792 ἐκτελέσαι.
1026 2739 1223 2813 Ὠσπερ
1257 2743 1281 2793 6
1310 2741 1462 2793 θέλων
1488 2744 1686 2815 πύργον
1712 2740 1907 2797 αἰσθη-

296 2830 386 2879 τὸν
415 2825 788 2901 οἰκοδομῆσαι,
822 2830 1005 2901 ὀφεᾶει
1029 2840 1233 2903 πρῶτον
1262 2838 1524 2903 μετρῆσαι
1554 2834 1640 2889 τὴν
1671 2829 1719 2882 ἐν
1762 2835 1903 2903 χρὴ·

294 2936 437 2989 μασι
467 2914 706 2977 δαπάνην
740 2937 752 2949 ”
781 2920 917 2972 οὕτω
947 2926 1036 2973 καὶ
1071 2922 1096 2972 6
1129 2920 1281 2973 θέλων
1320 2923 1515 2993 πύργον
1545 2923 1727 2977 νοητὸν
1769 2920 1905 2972 οἰκο-

296 3004 560 3079 δομῆσαι,
586 3009 719 3081 λέγω
759 3006 849 3071 δὴ,
900 3010 1166 3083 σύμπηξιν
1214 3010 1425 3083 ἀρετῶν,
1474 3010 1656 3083 ὀφείλει
1702 3018 1904 3082 πρῶτον

294 3107 560 3173 μετρῆσαι
589 3103 682 3157 τὴν
710 3098 757 3151 έν
786 3108 1096 3173 πειρασμοῖς
1127 3097 1417 3174 διάρκειαν,
1468 3102 1550 3153 ἱνα
1601 3119 1907 3174 προπαρασ-

294 3192 609 3261 κευασμένος
781 3194 868 3244 ὧν.
1050 3194 1173 3264 φέρῃ
1213 3193 1424 3251 τούτους
1450 3195 1894 3265 προσπίπτοντας,
1935 3212 1976 3265 C

297 3276 425 3331 Εἶτα
449 3282 537 3330 καὶ
566 3274 638 3331 δι’
664 3278 836 3353 ἐτέρου
881 3276 1314 3355 παραδείγματος
1345 3277 1589 3354 διεγείρει
1616 3284 1743 3356 πρὸς
1780 3300 1905 3354 καρ-

291 3372 488 3440 τερίαν.

369 3455 437 3509 Ἦ
490 3462 569 3520 τίς
615 3490 685 3499 -
733 3456 810 3511 ἄπ’
865 3457 1019 3511 αὐτόν
1064 3472 1087 3530 ;
1135 3458 1357 3531 Ὀμοίως
1409 3458 1583 3523 πάλιν,
1648 3462 1820 3529 ὧσπερ
1877 3460 1902 3511 6

294 3544 567 3619 βασιλεὺς,
601 3549 627 3599 6
674 3552 1027 3621 πωρευόμενος
1054 3549 1126 3611 εἰς
1176 3548 1417 3621 πόλεμον,
1452 3548 1639 3621 ὀφείλει
1677 3548 1905 3623 προϐου-

289 3635 588 3689 λεύσασθαι
619 3653 632 3667 ⁸
666 3637 801 3690 οὕτω
836 3642 926 3690 καὶ
981 3638 1129 3701 οὗτος
1169 3637 1361 3710 ὀφείλει
1389 3637 1900 3711 προϐουλεύσασθαι.

292 3724 342 3777 εἰ
367 3722 591 3778 δύναται
621 3728 753 3798 μετὰ
796 3735 895 3778 τῶν
962 3726 1143 3799 ὀλίγων
1186 3726 1395 3781 ἐντολῶν
1448 3736 1539 3780 τοῦ
1591 3728 1901 3799 Εὖαγγελίου

291 3812 821 3888 ἀντιπαρατάξασθαι
862 3824 935 3888 τῷ
988 3823 1207 3888 Σατανᾷ,
1256 3826 1327 3887 τῷ
1377 3819 1508 3889 μετὰ
1554 3817 1751 3869 πολλῶν
1788 3814 1905 3869 δαιο

292 3908 463 3976 μόνων
528 3911 619 3958 καὶ
681 3913 938 3978 μηχανῶν
994 3911 1085 3958 καὶ
1153 3908 1332 3959 παθῶν
1390 3905 1654 3980 ἐρχομένῳ
1686 3905 1762 3959 ἐπ’
1810 3906 1902 3957 αὖ·

292 3998 403 4047 τόν.

370 4083 430 4136 Εἰ
464 4079 523 4136 δε
551 4089 688 4156 μήγε
716 4115 780 4126 -
827 4088 892 4137 τὰ
920 4088 1051 4158 πρὸς
1079 4085 1287 4157 εἰρήνην
1344 4115 1409 4126 -
1470 4084 1685 4158 Ἐρωτᾷ,
1717 4089 1899 4154 ἤγουν,

291 4173 607 4247 παρακαλεῖ,
659 4174 881 4227 αἰτεῖται
939 4174 1051 4247 (69)
1100 4178 1166 4226 τὰ
1208 4178 1335 4248 πρὸς
1386 4174 1610 4247 εἰρήνην.
1639 4182 1814 4227 Ταῦτα
1845 4171 1903 4227 δὲ

292 4265 639 4334 προσέθηκεν,
670 4264 729 4316 οὐ
756 4272 1018 4338 παραινῶν
1045 4271 1155 4325 τοῖς
1178 4268 1250 4337 μὴ
1295 4261 1602 4336 δυναμένοις
1648 4262 1901 4334 ἀπαντᾷν,

294 4350 572 4425 εἰρηνεύειν
607 4354 736 4423 μετὰ
766 4360 855 4405 τοῦ
883 4359 1085 4405 Σατανᾶ
1118 4370 1131 4383 ’
1165 4355 1396 4426 πῶςγὰρ
1455 4360 1546 4405 τοῦ
1598 4350 1900 4425 ἀνθρωποκ-

295 4445 446 4493 τόνου
477 4446 567 4493 καὶ
595 4441 930 4517 ψυχολέθρου
965 4459 978 4509 ;
1012 4441 1141 4494 ἀλλὰ
1168 4451 1231 4515 τῇ
1287 4440 1568 4515 ἀκολουθίᾳ
1595 4451 1685 4495 τοῦ
1739 4462 1903 4516 παρα·

297 4526 582 4603 δείγματος
613 4536 904 4605 εχρήσατο,
972 4533 1141 4592 καθὼς
1188 4536 1277 4583 καὶ
1328 4532 1562 4605 ἀνωτέρω
1604 4536 1897 4589 πεποίηκεν.

291 4619 439 4692 Ἀμα
464 4617 523 4673 δε
547 4625 633 4674 καὶ
665 4621 733 4682 εἰς
762 4622 1007 4695 ἐντροπὴν
1054 4630 1154 4673 τῶν
1212 4623 1344 4693 μετὰ
1395 4624 1454 4673 τό
1510 4622 1902 4693 μαθητευθῆναι

293 4714 682 4782 χαυνουμένων,
726 4716 826 4764 Καὶ
857 4717 1009 4763 τοῦτο
1036 4713 1139 4783 γὰρ
1182 4718 1375 4782 σχῆμα
1428 4709 1604 4781 λόγου,
1648 4707 1902 4783 διεγεῖρον

295 4798 371 4861 εἰς
404 4795 702 4874 εὐανδρίαν,
734 4800 865 4851 καθὸ
896 4804 985 4851 καὶ
1013 4800 1127 4868 (7οὶ
1154 4798 1314 4869 λέγειν
1336 4798 1605 4869 εἰώθαμεν,
1633 4800 1713 4851 ὅτι
1738 4808 1898 4872 κρείτ·

292 4908 384 4941 τον
439 4892 511 4961 μὴ
545 4888 808 4962 ἄρξασθαι
865 4885 1022 4942 τοῦδε
1070 4895 1162 4941 τοῦ
1202 4891 1522 4961 πράγματος,
1558 4888 1588 4946 ἢ
1622 4887 1904 4961 ἀρξάμενον

293 4983 368 5051 μὴ
400 4978 687 5032 τελειῶσαι.

1936 4576 1977 4629 D

370 5220 419 5257 ¹⁰
452 5219 622 5277 Eccli.
657 5235 718 5287 ιι,
744 5221 795 5276 1.

2014 582 2179 654 prior
2203 583 2317 639 illis
2344 584 2401 639 in
2428 585 2655 641 honore
2684 587 3002 644 habendus
3032 595 3139 645 est.

2087 677 2191 729 Per
2220 676 2682 747 propinquiores
2715 685 2914 734 autem
2948 696 3233 750 personas
3264 696 3509 736 omnem
3535 680 3680 735 dile-

2014 774 2163 823 ctam
2194 783 2517 838 personam
2545 769 2919 839 significavit.
2954 771 3194 827 Addidit
3215 772 3450 844 etquod
3478 772 3678 843 majus

2016 862 2147 913 est:
2210 858 2406 914 adhuc
2457 864 2653 914 autem
2710 865 2767 915 et
2822 860 3089 916 animam
3151 877 3341 927 suam,
3395 862 3511 917 hoc
3566 866 3676 928 est,

2016 964 2190 1003 suam
2255 964 2493 1020 quoque
2572 949 2759 1020 ipsius
2826 949 3214 1015 voluntatem,
3282 950 3383 1006 ubi
3460 951 3676 1007 divinae

2014 1037 2188 1095 fuerit
2209 1038 2506 1094 contraria
2537 1039 2836 1095 voluntati.
2872 1041 3111 1108 Oportet
3142 1041 3301 1095 enim
3356 1056 3489 1097 vere
3520 1041 3678 1096 Chri-

2016 1128 2089 1184 sti
2137 1128 2495 1200 discipulum
2548 1128 2607 1183 in
2658 1128 3081 1200 spiritualibus,
3134 1128 3578 1199 certaminibus,
3641 1146 3679 1186 a

2015 1218 2214 1275 carnis
2256 1224 2313 1275 et
2360 1218 2576 1275 animas
2636 1219 2760 1275 sive
2813 1218 3132 1275 voluntatis
3182 1235 3387 1276 amore
3439 1219 3679 1292 penitus

2015 1308 2211 1365 avelli.

2087 1397 2256 1453 Vers.
2276 1397 2364 1452 2'7.
2380 1399 2455 1454 Et
2481 1400 2737 1472 quisquis
2756 1431 2825 1441 —
2844 1414 3004 1456 meus
3016 1399 3358 1471 discipulus.
3391 1398 3676 1472 Quisquis

2016 1502 2137 1543 non
2160 1486 2393 1559 bajutat
2412 1489 2470 1543 in
2494 1488 2785 1544 memoria
2798 1494 3050 1545 mortem
3074 1504 3284 1554 suam;
3305 1505 3411 1561 per
3436 1504 3675 1544 crucem

2016 1576 2181 1635 enim
2208 1583 2461 1634 mortem
2492 1578 2870 1648 signiﬁcavit,
2897 1579 3039 1651 quia
3067 1585 3208 1635 tunc
3235 1578 3442 1634 mortis
3468 1578 3679 1633 instru-

2016 1670 2287 1722 mentum
2342 1674 2468 1723 erat
2519 1684 2680 1733 crux,
2733 1668 2888 1723 sicut
2939 1668 3112 1724 etiam
3161 1668 3460 1723 tricesimo
3511 1667 3679 1723 tertio

2012 1756 2178 1827 juxta
2195 1756 2518 1813 Mattheum
2536 1757 2729 1829 capite
2748 1757 2971 1814 dictum
2985 1762 3094 1813 est.
3116 1756 3402 1830 Quisquis
3423 1772 3544 1812 non
3572 1757 3680 1813 ba-

1947 1846 1985 1900 Β
2011 1847 2162 1918 julat
2193 1847 2284 1901 sui
2316 1847 2859 1913 mortiﬁcationem,
2890 1863 3023 1903 eam
3065 1846 3362 1914 videlicet,
3403 1862 3537 1919 quae
3590 1849 3681 1901 est

2016 1937 2213 1993 carnis
2236 1954 2357 1992 suas
2389 1937 2677 1993 adversus
2705 1937 3057 2007 voluptates.
3088 1936 3240 2003 Quia
3270 1952 3412 1993 vero
3446 1935 3680 1991 aversio

2015 2027 2147 2082 vita:
2186 2042 2221 2082 a
2252 2026 2659 2099 voluptatibus
2691 2026 3146 2098 quodammodo
3176 2027 3491 2081 conversio
3521 2040 3681 2097 quaa-

2016 2116 2159 2173 dam
2182 2124 2269 2172 est
2285 2116 2361 2173 ad
2384 2116 2751 2173 laboriosam
2774 2117 3313 2181 conversationem,
3334 2115 3682 2170 consolatur

2017 2212 2076 2262 et
2100 2206 2272 2262 docet
2302 2222 2406 2277 per
2448 2205 2813 2278 exemplum,
2865 2206 3029 2279 quod
3081 2210 3353 2277 oporteat
3385 2220 3521 2259 eum
3579 2203 3679 2275 qui

2018 2295 2142 2350 vult
2179 2295 2308 2366 ejus
2340 2312 2467 2351 esse
2500 2295 2847 2367 discipulus,
2881 2310 3226 2366 prasparare
3283 2294 3550 2366 seipsum
3600 2292 3679 2348 ad

2018 2384 2393 2441 tolerantiam
2434 2385 2636 2441 omnis
2664 2384 3023 2441 tentationis.
3060 2384 3359 2455 Scriptum
3401 2389 3489 2439 est
3518 2383 3678 2439 enim

2016 2477 2086 2532 Si
2120 2476 2456 2540 accesseris,
2487 2482 2555 2530 ut
2582 2475 2801 2531 servias
2817 2474 3085 2539 Domino,
3103 2489 3381 2544 prwpara
3410 2474 3677 2530 animam

2018 2570 2181 2622 tuam
2214 2565 2285 2619 ad
2316 2566 2691 2622 lentationem
2735 2567 2803 2617 ¹⁰.

2197 2656 2351 2711 CAP.
2396 2656 2513 2711 LV.
2572 2656 2874 2712 Parabola
2912 2654 2986 2710 de
3030 2653 3418 2721 aediﬁcatione
3468 2656 3678 2710 turris.

2088 2747 2247 2799 Vers.
2285 2744 2372 2800 28.
2418 2744 2556 2810 Quis
2611 2744 2762 2799 enim
2793 2775 2863 2784 —
2892 2745 3059 2798 Vers.
3106 2744 3195 2797 30.
3239 2758 3678 2801 consummare.

2017 2832 2175 2891 Sicut
2216 2833 2265 2887 is
2293 2833 2396 2905 qui
2418 2832 2623 2888 turrim
2655 2832 2991 2888 sensibilem
3021 2831 3183 2903 cupit
3224 2831 3546 2897 mdiﬁcare,
3583 2833 3684 2888 de-

2014 2922 2116 2979 bet
2140 2922 2402 2995 primum
2451 2928 2730 2993 sumptus
2763 2922 3152 2993 pecuniarum
3200 2936 3517 2976 numerare
3547 2939 3561 2977 :
3602 2922 3685 2978 ita

2014 3028 2255 3085 quoque
2272 3011 2698 3067 volensturrim
2720 3010 3176 3066 intellectualem
3195 3009 3515 3076 aediﬁcare,
3536 3016 3683 3083 puta

2012 3102 2299 3157 virtutum
2328 3101 2819 3173 compactionem.
2842 3100 3022 3156 debet
3049 3098 3239 3155 metiri
3266 3099 3532 3170 primum
3560 3101 3683 3157 suf-

2013 3191 2361 3246 ﬁcientiam.
2383 3207 2559 3263 quam
2582 3190 2761 3246 habet
2784 3189 2859 3245 ad
2886 3189 3264 3252 tentationes,
3287 3193 3353 3244 ut
3382 3204 3682 3261 praepara-

2017 3288 2111 3336 tus
2134 3281 2281 3336 ferat
2312 3280 2562 3345 facilius,
2581 3297 2716 3335 cum
2745 3278 3082 3335 inciderint.
3103 3277 3325 3334 Deinde
3358 3278 3417 3334 in
3440 3278 3558 3334 alio
3580 3295 3679 3335 ex-

2014 3370 2215 3441 emplo
2246 3370 2320 3426 ad
2365 3370 2728 3425 tolerantiam
2761 3369 2995 3424 excitat.

2084 3461 2248 3515 Vers.
2277 3461 2337 3517 3t
2353 3503 2365 3515 .
2391 3462 2432 3515 A
2447 3468 2506 3515 ut
2526 3460 2656 3532 quis
2672 3463 2954 3515 —contra
2970 3474 3046 3515 se.
3066 3457 3196 3513 Pari
3218 3472 3463 3530 quoque
3484 3457 3667 3515 modo

2011 3550 2533 3622 quemadmodum
2554 3566 2655 3605 rex
2676 3549 2752 3604 ad
2777 3548 3053 3621 proelium
3071 3547 3474 3619 proﬁciscens,
3497 3547 3677 3605 debet

2012 3640 2273 3713 primum
2306 3640 2672 3703 consultare,
2717 3641 2799 3697 ita
2828 3644 2883 3695 et
2911 3638 3006 3694 hic
3049 3638 3310 3710 primum
3344 3638 3676 3695 consultare
3747 3692 3756 3700 _

2012 3730 2209 3796 debet,
2243 3745 2319 3785 an
2352 3728 2544 3801 possit
2584 3746 2721 3785 cum
2763 3728 2974 3802 paucis
3022 3727 3325 3794 Evangelii
3365 3729 3677 3799 praeceptis

2010 3819 2284 3874 resistere
2313 3820 2569 3884 Satanae,
2598 3818 2688 3873 cui
2718 3833 2855 3873 cum
2890 3816 3092 3872 multis
3120 3815 3429 3871 daamoniis
3459 3822 3515 3872 et
3550 3832 3677 3875 ma-

2011 3908 2203 3964 chinis
2240 3924 2310 3963 ac
2341 3907 2757 3965 affectionibus
2795 3907 2953 3962 venit
2981 3911 3191 3962 contra
3228 3920 3313 3961 se.

2084 4088 2240 4141 Vers.
2272 4089 2360 4141 32.
2384 4085 2591 4157 Aliqui
2610 4116 2679 4126 —
2702 4100 2829 4157 qua!
2855 4084 3022 4153 pacis
3044 4089 3202 4139 sunt.
3229 4085 3484 4139 Rursum
3511 4082 3679 4159 ἐρωτᾷ

2013 4174 2311 4245 signiﬁcat
2337 4182 2619 4245 precatur
2648 4180 2751 4231 aut
2778 4175 2947 4243 pet-it.
2992 4175 3123 4228 Haec
3176 4177 3376 4228 autem
3418 4172 3670 4245 addidit,

2011 4281 2133 4321 non
2167 4264 2497 4321 adhortans
2530 4270 2592 4321 ut
2615 4265 2716 4337 qui
2751 4279 2869 4319 non
2914 4262 3150 4334 possint
3202 4275 3532 4325 occurrere,
3567 4278 3672 4333 pa-

2011 4371 2141 4410 cem
2156 4354 2507 4410 ineantcum
2525 4356 2745 4410 Satana
2769 4372 2782 4412 :
2809 4366 3071 4424 quonam
3092 4350 3251 4406 enim
3270 4349 3449 4405 modo
3470 4349 3530 4405 id
3545 4350 3675 4407 ﬁeri

2012 4448 2373 4514 potest,cum
2392 4443 2488 4498 ille
2514 4443 2788 4499 homines
2813 4445 3036 4505 enecet,
3061 4456 3132 4496 ac
3152 4439 3368 4512 perdat
3392 4439 3673 4497 animas?

2012 4533 2126 4589 Sed
2161 4533 2412 4603 exempli
2456 4532 2885 4605 consequentia
2935 4546 3087 4586 usus
3142 4532 3248 4594 est,
3302 4529 3453 4584 sicut
3498 4529 3675 4586 etiam

2013 4622 2149 4679 fecit
2177 4621 2453 4693 superius
2482 4640 2495 4674 :
2524 4620 2704 4677 simul
2725 4622 2904 4677 etiam
2924 4620 3002 4675 ad
3020 4618 3433 4674 confusionem
3463 4633 3675 4675 eorum

2015 4712 2115 4785 qui
2136 4717 2455 4784 postquam
2484 4710 2620 4767 facti
2639 4709 3081 4781 suntdiscipuli,
3097 4707 3501 4764 emolliuntur.
3526 4707 3679 4765 Nam

2014 4808 2070 4857 et
2096 4801 2193 4857 hic
2223 4806 2312 4857 est
2343 4801 2558 4857 modus
2587 4799 2871 4872 loquendi
2912 4800 2982 4855 ad
3026 4796 3481 4867 generositatem
3521 4798 3679 4853 exci-

2014 4895 2171 4953 tans,
2200 4907 2322 4963 quo
2359 4892 2550 4947 dicere
2581 4890 2844 4945 solemus
2873 4909 2885 4949 :
2916 4888 3121 4944 Melius
3157 4892 3242 4943 est
3267 4886 3381 4943 hoc
3409 4887 3500 4942 vel
3530 4887 3677 4944 illud

2014 4979 2248 5036 facinus
2273 4996 2394 5035 non
2419 4979 2720 5043 inchoare,
2747 4993 2934 5051 quam
2966 4992 3086 5032 non
3114 4974 3417 5049 perﬁcere,
3445 4981 3684 5049 postea-

2016 5084 2204 5142 quam
2242 5067 2645 5125 inchoaveris.

1503 5398 1729 5468 Varia;
1772 5397 2105 5467 lectiones
2153 5410 2218 5466 et
2277 5407 2481 5468 notae.

370 5596 486 5669 (66)
515 5598 618 5651 Καὶ
646 5597 734 5649 τὸν
762 5598 962 5669 πατέρα
989 5599 1079 5649 καὶ
1100 5598 1188 5654 τὴν
1211 5599 1431 5669 μητέρα.
1465 5600 1526 5649 Δ.

369 5666 481 5740 (67)
510 5675 616 5722 Τοῦ
660 5670 798 5740 κατὰ
824 5666 1108 5740 ,Μἀτθαῖον
1156 5666 1291 5723 cum
1343 5666 1658 5733 Hentenio,
1701 5683 1761 5740 re
1825 5666 1907 5723 ita

297 5738 977 5868 gzstulmteﬁddiduta
1006 5739 1165 5797 enim
1179 5741 1451 5813 exposuit
1477 5740 1556 5797 ad
1581 5738 1901 5805 Mattbmn,

2086 5595 2203 5684 (I
2237 5594 2320 5684 I‘ta
2351 5596 2614 5684 uterque,
2653 5609 2765 5667 pro
2789 5598 3396 5670 προπαρεσκευασμένος.

2114 5668 2207 5736 69)
2240 5667 2405 5721 Αἰτεί.
2431 5671 2497 5722 Α.

2087 5667 2205 5812 ἱἾΟ)
2238 5742 2340 5794 Καί
2369 5736 2585 5795 omittit
2614 5740 2680 5793 A.
