4128 6426
407 405 549 464 1019

415 623 747 696 discipulus
774 627 879 686 est,
909 627 1008 676 aut
1033 637 1164 676 esse
1188 621 1367 691 cupit.
1394 621 1500 684 Qui
1527 619 1678 692 enim
1709 634 1828 673 non
1862 633 2077 672 renun-

416 711 536 777 tiat,
562 712 960 768 velutidocuit
981 712 1266 774 Christus,
1289 726 1408 766 non
1442 715 1528 765 est
1555 724 1692 763 vere
1710 707 2074 778 discipulus:

413 801 515 874 qui
547 806 746 856 autem
791 817 910 856 non
944 803 1033 854 est
1058 815 1191 854 vere
1221 798 1575 869 discipulus,
1611 797 1712 852 sed
1743 813 1964 852 nomen
1999 795 2078 850 fe-

409 907 548 946 rens
571 890 871 962 discipuli,
887 906 1070 962 opera
1092 906 1231 944 vero
1262 889 1512 953 habens,
1533 903 1669 960 qua:
1690 903 1802 942 non
1829 902 2077 957 respon-

412 981 597 1037 deant
615 981 768 1036 illius
794 980 1097 1050 operibus,
1118 995 1320 1051 pacem
1356 978 1649 1034 facitcum
1676 981 1920 1045 Satana,
1950 991 2081 1048 per-

413 1070 711 1142 petrando
741 1086 880 1142 qua:
913 1069 985 1124 illi
1016 1075 1188 1138 grata
1214 1073 1374 1124 sunt.

485 1161 645 1216 Vers.
696 1160 785 1215 33.
835 1159 928 1216 Ita
977 1191 1047 1200 —-
1077 1159 1504 1226 discipulus.—
1557 1159 1674 1222 Ita,
1719 1157 1872 1212 sicut
1903 1171 2076 1227 supe-

412 1250 538 1306 rius
569 1255 920 1321 protestatus
949 1253 1057 1315 est,
1085 1249 1290 1303 dicens
1325 1264 1336 1302 :
1368 1247 1424 1303 Si
1455 1247 1589 1318 quis
1639 1262 1756 1301 non
1790 1245 1932 1302 facit
1955 1247 2079 1302 hac

414 1345 471 1396 et
501 1339 620 1404 illa,
677 1355 791 1394 non
827 1345 1020 1411 potest
1052 1355 1224 1393 meus
1255 1354 1382 1393 esse
1413 1337 1758 1408 discipulus.

483 1430 652 1485 Vers.
708 1429 797 1484 34.
845 1430 1010 1484 Bona
1055 1443 1152 1485 res
1180 1433 1264 1483 est
1316 1428 1428 1483 sal.
1464 1427 1661 1482 Salem
1691 1441 1853 1481 nunc
1902 1429 2080 1480 vocat

413 1523 620 1590 aptum
654 1519 730 1574 ad
771 1517 1113 1574 docendum
1157 1531 1516 1572 sermonem.
1553 1514 1760 1572 Scribit
1789 1522 1989 1570 autem
2022 1517 2082 1569 et

417 1611 646 1664 Marcus
690 1606 849 1662 circa
890 1608 1072 1662 ﬁnem
1124 1606 1389 1662 vicesimi
1437 1605 1675 1676 septimi
1731 1604 1941 1676 capitis
1987 1604 2078 1659 sui

421 1698 726 1766 Evangelii
764 1719 776 1750 :
817 1699 988 1754 Bona
1014 1713 1106 1752 res
1133 1703 1213 1753 est
1251 1698 1346 1752 sal
1377 1697 1419 1731 ¹¹
1458 1712 1471 1762 ;
1503 1702 1558 1750 et
1578 1694 1660 1750 ibi
1681 1711 1878 1766 quaere
1899 1694 2081 1765 hujus

418 1787 874 1842 enarrationem.

487 1879 647 1932 Vers.
697 1875 785 1931 34.
843 1876 1012 1944 Quod
1056 1876 1112 1932 si
1139 1907 1206 1916 —
1235 1875 1545 1932 condietur
1573 1877 1601 1932 7
1629 1875 1852 1931 Eodem
1892 1874 2080 1947 capite
2117 1877 2156 1931 Β

418 1966 595 2022 etiam
628 1965 703 2022 de
734 1966 846 2021 hoc
884 1966 1107 2021 dictum
1150 1969 1257 2020 est.

491 2057 658 2111 Vers.
690 2057 780 2113 34.
812 2056 1014 2127 Neque
1042 2086 1110 2094 —
1139 2060 1241 2112 est.
1273 2056 1509 2110 Terram
1545 2069 1700 2108 nunc
1726 2053 1868 2109 dicit
1910 2054 2083 2109 disci-

419 2145 617 2217 pulos,
645 2145 1259 2215 utpoteimpinguatos
1279 2160 1345 2198 ac
1365 2143 1690 2198 commodo
1714 2142 1956 2198 affectos
1981 2160 1996 2208 ;
2019 2143 2084 2197 ﬁ-

421 2250 590 2290 mum
615 2239 812 2289 autem
831 2234 1127 2297 doctores,
1145 2237 1205 2287 ut
1227 2232 1666 2302 impinguantes
1684 2238 1741 2287 et
1760 2233 2084 2287 commodo

421 2323 768 2381 aiﬁcientes.
807 2323 950 2378 Dicit
980 2337 1123 2390 ergo
1158 2339 1170 2376 :
1203 2321 1258 2375 Si
1314 2336 1510 2375 sermo
1539 2327 1716 2391 aptus
1766 2320 1840 2376 ad
1873 2320 2086 2376 docen-

418 2413 565 2468 dum
601 2413 804 2484 pravis
844 2410 1228 2480 dogmatibus
1264 2413 1688 2480 corrumpatur
1721 2425 1734 2464 :
1769 2426 1963 2482 neque
2016 2410 2084 2466 iis

417 2502 521 2574 qui
577 2501 839 2566 discunt,
872 2501 1231 2556 conveniens
1281 2504 1385 2556 aut
1433 2498 1593 2554 utilis
1625 2505 1710 2554 est
1742 2519 1753 2558 :
1791 2515 1985 2572 neque
2016 2501 2085 2555 iis

418 2590 518 2664 qui
560 2591 798 2646 docent.

490 2681 656 2735 Vers.
677 2684 763 2736 35.
789 2680 974 2736 Foras
1003 2677 1330 2750 projiciunt
1358 2678 1548 2734 illum.
1581 2679 1892 2751 Tanquam
1915 2678 2082 2736 inuti-

417 2769 560 2826 lem.

489 2859 660 2915 Vers.
714 2859 804 2914 35.
841 2861 956 2928 Qui
999 2859 1175 2916 habet
1205 2889 1274 2900 —
1313 2858 1533 2915 audiat.
1589 2859 1712 2916 Hoc
1751 2858 2086 2932 frequenter

417 2948 785 3006 declaratum
829 2953 942 3005 est.

490 3040 641 3094 CAP.
674 3039 802 3094 LVI.
842 3039 1141 3094 Parabota
1175 3037 1243 3094 de
1271 3045 1499 3095 centum
1532 3037 1756 3094 ovibus.

489 3129 644 3184 CAP.
661 3129 770 3186 XV.
787 3131 948 3184 Vers.
971 3130 1020 3182 1.
1043 3130 1080 3183 Α
1096 3128 1611 3199 ppropinquabant
1631 3134 1822 3184 autem
1834 3159 1903 3168 —-
1917 3127 2078 3183 Vers.

1729 396 2084 456 EU'I‘HYMII
2123 391 2458 454 ZIGABENI

419 577 422 580 .
479 529 824 589 Praesertim
876 547 1014 587 cum
1060 529 1153 586 hic
1180 530 1255 584 sit
1286 544 1487 585 sermo
1538 527 1613 584 de
1657 543 1749 594 eo,
1783 529 1884 600 qui
1941 542 2079 582 vere
2112 521 2161 576 Α

3661 399 3805 456 1020

2266 524 2467 588 Ἄλλως
2521 545 2576 580 τε
2621 531 2711 580 καὶ
2757 530 2876 602 περὶ
2929 532 3020 579 τοῦ
3066 524 3292 587 ἀληθοῦς
3339 526 3578 599 μαθητοῦ
3633 533 3722 579 νῦν
3777 532 3804 584 ὃ

2197 614 2366 686 λόγος.
2396 615 2454 668 Ὀ
2504 618 2606 690 γὰρ
2638 622 2710 689 μὴ
2763 616 3207 688 ἀπο-τασσόμενος.
3240 619 3308 678 ὡς
3351 618 3375 668 6
3426 619 3652 689 Χριστὸς
3683 613 3804 669 ἐδί-

2197 703 2370 773 δαξεν,
2421 706 2513 758 οὐκ
2551 709 2692 758 ἔστιν
2746 707 2950 768 ἀληθῶς
3017 709 3291 777 μαθητής·
3324 706 3419 779 [μὴ
3476 707 3544 757 ὢν
3598 707 3708 776 (³11)
3743 703 3806 759 δὲ

2193 796 2397 858 ἀληθῶς
2458 799 2744 868 μαθητὴς,]
2797 797 2903 848 ἀλλ’
2963 802 3123 868 ὄνομα
3171 802 3260 869 μὲν
3315 799 3552 868 μαθητοῦ
3613 801 3798 870 φέρων,

2190 889 2318 958 ἔργα
2375 884 2434 939 δὲ
2509 886 2742 939 ἀνοίκειοι
2806 891 3136 958 κεκτημένος,
3201 887 3449 960 εἱρηνεύει
3541 884 3635 939 διὰ
3698 894 3802 938 τῶν

2189 979 2351 1050 ἔργων
2382 979 2511 1049 μετὰ
2543 985 2634 1030 τοῦ
2686 983 2907 1046 Σατανᾶ,
2961 979 3028 1029 τὰ
3075 977 3198 1050 φίλα
3244 980 3412 1049 τούτῳ
3477 972 3802 1052 διαπραττό-

2189 1087 2358 1141 μενος.

2262 1158 2439 1217 Οὖτως
2482 1189 2551 1197 -
2585 1158 2845 1229 μαθητής.
2881 1187 2945 1196 -
2974 1157 3173 1222 Οὕτως,
3218 1158 3284 1217 ὡς
3323 1155 3555 1229 ἀνωτέρω
3581 1152 3801 1231 διεμαρ-

2188 1249 2396 1320 τύρατο,
2428 1246 2588 1318 λέγων
2623 1265 2634 1275 ·
2668 1248 2731 1302 Εἰ
2761 1267 2841 1308 τις
2866 1246 2923 1299 οὐ
2946 1253 3085 1298 ποιεῖ
3102 1243 3230 1299 τάδε
3261 1250 3350 1298 καὶ
3381 1242 3531 1316 τάδε,
3562 1246 3620 1298 οὗ
3640 1242 3804 1298 δύνα-

2187 1341 2275 1388 ταί
2305 1355 2404 1405 μου
2436 1339 2674 1408 μαθητὴς
2705 1333 2856 1389 εἶναι.

2263 1425 2427 1480 Καλὸν
2478 1429 2537 1478 τὸ
2589 1426 2736 1487 ἅλας.
2795 1424 2956 1488 Ἀλας
3022 1425 3169 1478 καλεῖ
3221 1433 3329 1496 νῦν,
3389 1429 3478 1477 τὸν
3531 1421 3800 1478 διδασκα“

2187 1515 2330 1568 λικὸν
2360 1515 2530 1588 λόγον.
2582 1515 2832 1589 Ἔγραψε
2863 1512 3042 1568 δὲκαὶ
3108 1516 3134 1567 6
3177 1517 3387 1587 Μάρκος
3439 1518 3566 1588 πρὸς
3607 1522 3681 1586 τῷ
3714 1519 3804 1568 τὲ-

2187 1606 2265 1658 λει
2294 1613 2388 1658 τοῦ
2445 1606 2683 1658 εἰκοστοῦ
2737 1601 2962 1676 ἕϐδομου
3007 1604 3284 1676 κεφαλαίου
3332 1605 3512 1672 αὐτοῦ,
3574 1606 3655 1657 ὅτι
3709 1624 3806 1656 κα-

2187 1695 2275 1747 λὸν
2331 1700 2388 1748 τό
2456 1695 2602 1760 ἅλας,
2663 1700 2753 1748 καὶ
2807 1695 3040 1755 ζήτησον
3098 1693 3204 1747 ἐκεῖ
3262 1699 3358 1753 τὴν
3441 1697 3628 1747 τούτου
3687 1692 3807 1757 ἐξό-

2189 1804 2378 1857 γησιν,

2268 1875 2388 1929 Ἐὰν
2420 1906 2488 1916 —-
2511 1872 2704 1949 ἀρνυθὴ
2716 1893 2862 1926 σεται
2893 1894 2903 1938 ;
2930 1873 3012 1926 Ἐν
3039 1871 3210 1945 ἔκείνῳ
3232 1876 3322 1925 καὶ
3352 1877 3471 1947 περὶ
3509 1874 3695 1925 τούτου
3723 1870 3806 1926 λέ-

2193 1965 2388 2018 λεκται·

2267 2058 2400 2107 Οὔτε
2430 2085 2495 2094 -—
2537 2052 2697 2107 ἔστιν.
2729 2059 2830 2112 Γῆν
2856 2056 2945 2126 μὲν
2974 2052 3106 2123 λέγει
3121 2056 3240 2113 τοὺς
3266 2053 3526 2123 μαθητὰς,
3560 2053 3630 2113 ὡς
3656 2071 3802 2104 πιαι-

2192 2149 2430 2217 νομένους
2457 2149 2546 2195 καὶ
2577 2142 2954 2215 ὠφελουμένους
2978 2161 2988 2172 ·
3015 2147 3236 2216 κοπρίαν
3278 2139 3357 2210 6‘s,
3390 2145 3511 2202 τοὺς
3537 2137 3806 2194 διδασκά-

2190 2233 2328 2295 λους,
2383 2236 2451 2294 ὡς
2479 2237 2781 2293 πιαίνοντας
2821 2238 2910 2284 καὶ
2961 2232 3299 2304 ὠφελοῦντας.
3355 2235 3521 2290 Φησὶν
3577 2228 3686 2297 οὖν,
3720 2232 3807 2284 ὅτι

2193 2324 2312 2376 Ἐὰν
2343 2325 2369 2374 6
2402 2318 2788 2383 δίδασκαλικός
2837 2320 2990 2392 λόγος
3020 2324 3336 2395 παραφθαρῇ
3373 2317 3612 2392 δόγμασι
3645 2339 3807 2378 πονη-

2192 2420 2320 2488 ροῖς,
2353 2414 2467 2464 οὔτε
2510 2411 2576 2472 εἰς
2608 2413 2724 2471 τούς
2775 2412 3123 2483 μανθάνοντας
3180 2413 3375 2472 εὔθετός
3423 2409 3587 2477 ἐστιν,
3641 2413 3805 2481 ἤγουν

2195 2505 2508 2574 εὔχρηστος,
2532 2503 2649 2553 οὔτε
2675 2500 2748 2562 εἰς
2775 2504 2890 2560 τοὺς
2921 2496 3303 2562 διδάσκοντας.

2263 2679 2401 2744 Ἐξω
2432 2678 2717 2753 βάλλουσιν
2747 2677 2894 2733 αὐτὸ.
2927 2677 3014 2741 Ὠς
3045 2676 3308 2752 ἀνωφελές.

2262 2858 2321 2912 Ὀ
2384 2862 2520 2932 ἔχων
2579 2890 2645 2899 --
2728 2856 2983 2914 ἀκουέτω.
3056 2864 3221 2911 Τοῦτο
3308 2857 3558 2920 πολλάκις
3629 2859 3804 2934 ἡρμη-

2192 2953 2276 3002 νεύ
2286 2951 2371 3008 θη.

2262 3039 2433 3091 Ἦσαν
2467 3035 2526 3091 δὲ
2556 3037 2848 3109 ίγγίζοντες
2879 3069 2944 3077 -
2971 3036 3166 3097 αὐτοῖς.
3197 3039 3300 3092 Καὶ
3330 3035 3378 3089 ἕν
3403 3045 3472 3109 τῷ
3520 3056 3807 3111 τεσσαρεσ-

2192 3125 2488 3199 καιδεκάτῳ
2516 3127 2768 3199 κεγαλαίῳ
2801 3135 2894 3179 τοῦ
2918 3129 3051 3178 κατὰ
3072 3129 3339 3180 Ματθαίον
3375 3123 3514 3179 εἷπον
3553 3134 3663 3189 τοῖς
3704 3148 3808 3200 μα-

414 3220 468 3271 2.
493 3219 637 3274 itlis.
677 3219 864 3274 Etiam
894 3218 1128 3273 decimo
1158 3223 1374 3288 quarto
1421 3217 1590 3286 juxta
1621 3218 1953 3274 Matthaaum
1991 3234 2080 3272 ca-

2197 3221 2381 3279 θηταῖς
2405 3217 2566 3269 αὐτοῦ
2609 3235 2622 3247 ⁸
2654 3221 2801 3269 Διατί
2834 3219 2962 3287 μετὰ
2991 3224 3092 3267 τῶν
3128 3223 3348 3269 τελωνῶν
3369 3221 3458 3269 καὶ
3485 3216 3807 3290 ἁμαρτωλῶν

416 3307 535 3380 pile
548 3308 822 3364 dixerunt
841 3307 1155 3380 discipulis
1175 3307 1336 3376 ejus:
1371 3307 1705 3369 Quarecum
1737 3308 2082 3376 publicanis

416 3403 472 3453 et
517 3397 911 3464 peccatoribus
943 3397 1137 3452 cibum
1167 3397 1317 3467 capit
1347 3396 1632 3465 magister
1663 3403 1842 3452 vester
1868 3399 1914 3433 1³
1945 3397 1972 3450 ?

491 3487 654 3542 Vers.
710 3491 762 3543 3.
812 3487 970 3542 Dixit
1023 3488 1275 3541 ——Vers.
1331 3489 1384 3540 4.
1418 3501 1567 3542 eam.
1617 3485 1960 3542 Parabolice
2009 3505 2078 3543 os

417 3575 530 3630 illis
558 3575 839 3642 occludit,
866 3577 1111 3640 docens,
1144 3574 1307 3644 quod
1341 3591 1461 3630 non
1493 3581 1736 3647 propter
1751 3577 1946 3645 justos
1977 3578 2083 3632 hu-

419 3663 769 3720 manitatem
786 3664 1137 3736 assumpsit,
1164 3664 1265 3719 sed
1286 3669 1524 3735 propter
1541 3672 1900 3734 peccatores.
1919 3667 2082 3722 Hanc

419 3757 622 3808 autem
677 3752 1029 3823 parabolam
1073 3752 1308 3825 scripsit
1337 3759 1394 3808 et
1441 3753 1744 3810 Malthaeus
1785 3755 2082 3811 tricesimo

419 3846 634 3896 octavo
674 3842 763 3896 sui
810 3842 1109 3911 Evangelii
1141 3842 1354 3914 capite,
1390 3848 1446 3897 et
1476 3843 1560 3898 ibi
1591 3842 1720 3912 lege
1751 3843 1881 3915 ejus
1915 3859 2084 3901 enar-

419 3930 734 3996 rationem,
759 3948 896 4004 quaa
946 3931 1190 4003 pulchre
1222 3932 1416 4003 posita
1443 3937 1551 3986 est.

492 4021 650 4074 Vers.
794 4021 1044 4092 Cumque
1100 4021 1388 4076 invenerit
1418 4052 1487 4061 —
1510 4021 1786 4092 gaudens.
1829 4022 2082 4079 Evidens

422 4108 663 4178 signum
696 4110 1026 4166 dilectionis
1048 4116 1137 4167 est
1161 4127 1231 4168 ac
1262 4111 1659 4183 providentiae,
1685 4127 1863 4185 quam
1897 4112 2082 4168 habe-

419 4198 516 4255 bat
543 4215 686 4272 erga
716 4217 905 4271 genus
931 4207 1226 4258 nostrum.

490 4290 661 4345 Vers.
694 4290 748 4344 6.
786 4291 860 4346 Et
875 4292 1112 4348 veniens
1133 4306 1382 4361 —quam
1409 4290 1802 4358 perdideram.
1822 4291 2080 4348 Domum

418 4379 545 4450 ejus
574 4379 834 4450 intelligo
861 4380 1076 4436 coelum
1113 4397 1125 4434 :
1161 4380 1274 4447 Qui
1305 4380 1560 4446 habitas,
1594 4380 1800 4453 inquit,
1831 4382 1896 4437 in
1925 4382 2082 4438 caelis

399 4470 489 4523 '1'.
542 4469 782 4525 Amicos
812 4475 1012 4524 autem
1053 4485 1123 4524 ac
1162 4470 1388 4525 vicinos
1417 4469 1560 4524 dicit
1611 4469 1855 4536 angelos
1889 4487 1901 4525 :
1937 4472 2082 4527 ami-

2197 3307 2359 3361 ἐσθίει
2385 3310 2410 3360 6
2443 3304 2768 3368 διδάσκαλος
2791 3309 2932 3378 ὑμῶν
2966 3323 2979 3373 ;

2200 3405 2344 3452 ΚΕΦ.
2404 3396 2519 3462 Νς’.
2586 3403 2710 3471 Περὶ
2764 3406 2862 3448 τῶν
2938 3396 3114 3448 ἑκατὸν
3172 3395 3444 3469 προϐάτων
3505 3396 3803 3472 παραϐολή,

2269 3486 2645 3540 Eius—«6'6
2701 3504 2714 3553 ;
2773 3485 3138 3559 Παραϐολικῶς
3200 3485 3387 3546 αὐτοὺς
3452 3485 3805 3560 ἐπιστομίζει,

2197 3570 2609 3644 διδάσκωνξότι
2647 3575 3064 3649 ἐνηνθρωπησεν,
3117 3575 3176 3627 οὐ
3231 3571 3325 3627 διὰ
3375 3579 3492 3636 τοὺς
3541 3573 3804 3644 δικαίους,

2197 3666 2324 3718 ἀλλὰ
2364 3663 2458 3718 διὰ
2482 3669 2602 3727 τοὺς
2632 3665 2990 3740 ἁμαρτωλούς.
3019 3667 3225 3723 Ταύτην
3259 3661 3318 3717 δε
3381 3670 3474 3723 τὴν
3503 3666 3809 3741 παραϐολὴν

2198 3755 2454 3830 ἀνέγραψε
2484 3760 2572 3806 καὶ
2595 3756 2619 3806 6
2651 3756 2918 3816 Ματθαᾱις
2941 3753 2987 3805 ἐν
3028 3762 3101 3824 τῷ
3125 3763 3420 3827 τριακοστῷ
3452 3752 3626 3828 ὀγδόῳ
3646 3777 3806 3830 κεφα-

2194 3845 2322 3916 λαίῳ
2345 3845 2526 3908 αὐτοῦ,
2559 3850 2648 3896 καὶ
2674 3843 2940 3916 ἀνάγκωθι
2965 3848 3058 3902 τὴν
3089 3843 3339 3916 ἐξήγησιν
3372 3844 3600 3907 αὐτῆςέν
3631 3844 3808 3921 ἐκείνῳ

2197 3932 2249 3986 εὖ
2283 3937 2534 4005 ἔχουσαν.

2269 4029 2370 4077 Καὶ
2401 4023 2558 4096 εὑρὼν
2600 4054 2662 4063 ——
2693 4028 2919 4096 χαίρων.
2953 4023 3289 4096 Ἐμφαντικὸν
3327 4029 3481 4074 τοῦτο
3531 4031 3624 4086 τῆς
3671 4023 3810 4097 ἁγά-

2194 4131 2296 4173 πης
2327 4116 2416 4164 καὶ
2437 4108 2768 4184 κηδεμονίας,
2804 4111 2863 4170 ἢν
2894 4115 3006 4184 ἔχει
3028 4117 3145 4186 περὶ
3167 4115 3224 4164 τὸ
3249 4116 3396 4184 γένος
3424 4113 3586 4186 ἡμῶν.

2266 4295 2368 4343 Καὶ
2393 4288 2551 4343 ἕλθὼν
2584 4321 2647 4332 --
2679 4290 2968 4353 ἀπολωλός.
3014 4287 3171 4344 Οἶκον
3228 4293 3318 4362 μεν
3372 4290 3533 4343 αὐτοῦ
3579 4294 3683 4344 νόει
3713 4294 3803 4344 τὸν

2192 4380 2406 4449 οὐρανόν
2440 4397 2453 4410 ⁶
2485 4379 2543 4432 Ὀ
2573 4389 2824 4432 κατοικῶν
2854 4383 2972 4455 γὰρ,
3007 4384 3189 4452 φησὶν,
3219 4378 3268 4431 ἐν
3295 4379 3528 4455 οὐρανοῖς
3574 4418 3588 4431 .
3627 4380 3804 4453 φίλους

2195 4467 2254 4523 δὲ
2282 4475 2372 4522 καὶ
2401 4475 2653 4541 γείτονας,
2686 4474 2802 4532 τοὺς
2823 4468 3091 4541 ἁγγελους.
3133 4469 3313 4530 Φίλους
3337 4473 3448 4543 μὲν,
3499 4474 3566 4534 ὡς
3594 4471 3804 4544 φιλοῦν-

419 4573 542 4623 cos,
590 4563 879 4630 tanquam
914 4574 985 4614 ea
1027 4558 1357 4629 diligentes,
1395 4576 1531 4630 quin
1563 4559 1656 4615 ille
1675 4560 1904 4630 diligit;
1936 4562 2080 4616 vici-

2193 4581 2305 4629 τας,
2338 4559 2372 4611 ἂ
2399 4560 2533 4632 φιλεί
2565 4578 2576 4589 ’
2603 4564 2832 4631 γείτονας
2865 4557 2924 4612 δὲ
2945 4562 3014 4621 ὡς
3053 4559 3206 4631 ἔγγὺς
3232 4563 3382 4621 ὄντας
3412 4560 3593 4613 αὐτοῦ.
3619 4560 3803 4614 Ταῦτα

420 4661 530 4702 nos
547 4647 936 4718 tanquamilli
962 4646 1361 4719 propinquos.
1393 4651 1524 4704 Haec
1550 4655 1752 4704 autem
1779 4665 1882 4720 per
1903 4666 2083 4720 para-

417 4736 625 4793 bolam
664 4753 825 4794 nunc
855 4738 1170 4810 signiﬁcat,
1203 4740 1544 4805 ostendens,
1579 4741 1738 4819 quod
1779 4741 1838 4795 in
1868 4740 1966 4796 tali
1997 4740 2081 4796 in-

419 4828 699 4886 ventione
716 4828 895 4885 etiam
919 4829 1113 4898 angeli
1138 4830 1236 4885 Dei
1257 4831 1663 4903 congaudent,
1685 4835 1888 4903 utpote
1902 4839 1956 4886 et
1975 4831 2084 4904 ipsi

418 4916 666 4987 benigni
693 4933 837 4988 erga
861 4919 1137 4974 homines

491 5007 658 5062 Vers.
692 5013 744 5063 7.
794 5008 932 5064 Dico
960 5039 1028 5050 ——
1053 5010 1406 5080 pauitantia.
1437 5039 1499 5049 —
1542 5009 1628 5065 Ita
1660 5024 1675 5074 ;
1716 5008 2026 5081 quomodo
2054 5008 2084 5064 ?

422 5096 581 5153 Sicut
635 5097 830 5154 docuit
877 5097 1194 5170 parabole.
1230 5098 1492 5153 Perditur
1547 5098 1748 5170 itaque
1778 5097 2086 5154 rationalis

419 5186 568 5253 ovis,
601 5203 740 5242 cum
773 5204 810 5244 a
833 5187 1044 5244 divinis
1074 5187 1384 5259 praeceptis
1408 5186 1587 5258 longe
1619 5192 1967 5259 separatur:
2001 5187 2084 5241 in-

417 5275 654 5332 venitur
676 5281 898 5345 autem,
931 5292 1070 5332 cum
1102 5292 1208 5350 per
1232 5277 1645 5348 paenitentiam
1675 5276 1986 5348 resipiscit,
2027 5282 2085 5333 et

503 5455 546 5492 ¹¹
580 5456 754 5512 Marc.
790 5473 871 5528 1x,
900 5456 988 5516 50.
1057 5459 1105 5495 ¹²
1131 5456 1336 5516 Matth.
1366 5473 1444 5521 ιι,
1476 5457 1566 5512 it.
1648 5458 1697 5494 ³³
1727 5457 1878 5514 Psal.
1912 5459 1972 5522 li,
1996 5460 2052 5513 4.

2194 4647 2254 4703 δὲ
2275 4657 2364 4701 νῦν
2391 4647 2752 4722 ἐσχημάτισεν
2791 4650 2822 4707 ἡ
2857 4648 3149 4721 παραϐολὴ,
3193 4648 3536 4721 ἐμφαίνουσα,
3588 4650 3667 4701 ὅτι
3717 4651 3803 4702 ἐπὶ

2191 4745 2254 4810 τῇ
2285 4741 2499 4811 τοιαύτη
2535 4739 2732 4811 εὑρέσει
2753 4744 2844 4792 καὶ
2870 4741 2919 4791 οἱ
2943 4738 3156 4811 ἄγγελοι
3175 4743 3541 4813 συγχαίρουσι
3565 4747 3638 4812 τῷ
3661 4747 3801 4810 Θεῷ,

2192 4829 2258 4889 ὡς
2275 4831 2364 4880 καὶ
2392 4827 2542 4881 αὖτοὶ
2569 4828 2941 4904 φιλάνθρωποι.

2271 5011 2420 5079 Λέγω
2445 5039 2513 5048 -
2557 5011 2848 5079 μετανοίας,
2907 5037 2974 5047 -
3007 5006 3181 5076 Οὕτω,
3213 5014 3320 5068 πῶς
3357 5023 3370 5075 ;
3399 5005 3486 5069 Ὠς
3537 5003 3805 5072 ὑπέδειξεν

2194 5099 2225 5157 ἡ
2254 5097 2540 5170 παραϐολή.
2593 5095 2903 5148 Ἀπόλλυται
2957 5099 3047 5169 μὲν
3103 5091 3190 5149 οὖν
3243 5103 3302 5150 τὸ
3350 5097 3558 5170 λογικὸν
3605 5096 3807 5170 προϐα-

2195 5207 2299 5252 τον,
2321 5185 2495 5262 πόῥρω
2533 5193 2633 5238 τῶν
2682 5183 2891 5237 ἐντολῶν
2944 5193 3037 5238 τοῦ
3105 5193 3244 5240 Θεοῦ
3289 5191 3553 5260 γινόμενον
3610 5201 3622 5214 ·
3671 5187 3806 5261 εὑρί-

2197 5295 2377 5329 σκεται
2423 5271 2502 5340 δὲ,
2562 5271 2840 5349 μετανοοῦν
2893 5279 2982 5328 καὶ
3034 5277 3171 5338 ἐντὸς
3209 5275 3377 5329 αὐτῶν
3445 5275 3806 5329 ἀποκαθιστά-

1651 5635 1868 5704 Variae
1909 5635 2232 5704 lectiones
2265 5644 2332 5703 et
2359 5645 2564 5702 notae.

503 5823 626 5899 (71)
647 5821 884 5882 Inclusa
913 5827 1161 5898 absunt,
1192 5833 1240 5887 A
1273 5845 1289 5902 ;
1319 5831 1667 5890 exciderunt
1729 5831 1809 5891 ob
1848 5830 2068 5906 duplex
2097 5833 2358 5906 μαθητὸςο
