4128 6394
329 377 464 437 1021

1388 385 1761 443 COMMENT.
1802 386 1873 444 IN
1915 387 2176 449 LUCAM.
2225 425 2293 435 --
2329 395 2484 452 CAP.
2527 399 2634 454 XV.

3565 402 3709 458 4022

325 525 493 581 μενον.
524 504 652 564 Εἶτα
691 517 782 567 καὶ
813 510 887 569 δι’
913 513 1087 587 έτέρας
1115 510 1417 589 παραϐολῆς
1446 517 1540 573 την
1571 512 1656 568 ἰπὶ
1690 521 1752 588 τῇ
1783 515 1923 591 εὐρέ-

2046 517 2099 574 in
2139 520 2249 576 illis
2274 525 2604 594 reponitur,
2645 527 2862 583 Deinde
2903 528 3150 586 alteram
3182 545 3417 604 quoque
3448 530 3701 587 adducit

330 617 410 651 σει
441 607 530 653 τοῦ
560 599 880 669 ἀπολωλότος
904 607 1079 681 χαρὰν
1118 609 1462 679 παρίστησιν.

399 799 466 853 Ἠ
492 805 572 863 τίς
622 832 686 842 —
741 800 1001 856 ἀπώλεσα.
1063 802 1262 879 Ὠσπερ
1317 807 1345 864 ἡ
1399 810 1527 876 γυνὴ
1577 812 1716 857 ποιεῖ
1750 808 1813 858 τὰ
1836 807 1930 881 ρη-

330 891 480 942 θέντα
508 908 519 918 ·
552 891 687 942 οὕτω
716 897 806 943 καὶ
850 894 878 950 ἡ
914 892 1275 965 φιλανθρωπία
1335 903 1427 946 τοῦ
1479 898 1603 947 Υἰοῦ
1650 903 1741 947 τοῦ
1796 903 1931 947 Θεοῦ

326 984 579 1037 πεποίηκε
610 980 740 1052 (72).
796 987 1049 1055 Δραχμῆς
1102 986 1203 1056 γὰρ
1250 990 1369 1055 μιᾶς
1419 982 1760 1044 ἀπολωλυίας.
1819 989 1930 1043 ἤτοι

325 1077 421 1130 τῆς
449 1067 769 1140 ἀνθρωπίνης
817 1075 1016 1143 φύσεως
1045 1070 1092 1123 έν
1122 1082 1193 1142 τῴ
1225 1075 1643 1144 καταχωσθῆναι
1697 1082 1803 1135 τοῖς
1830 1076 1932 1126 πά-

328 1159 487 1219 θεσιν,
515 1158 618 1229 ἧψε
667 1158 879 1230 λύχνον,
910 1164 1196 1222 τουτέστιν,
1255 1160 1492 1233 ἀνέφηνεν
1526 1162 1574 1214 ἐν
1630 1170 1701 1215 τῶ
1748 1170 1930 1235 κόσμῳ

324 1252 420 1304 τὴν
452 1246 635 1299 ἑαυτοῦ
665 1252 853 1320 σάρκα,
895 1251 1029 1301 κατὰ
1059 1254 1144 1301 τὸν
1177 1251 1288 1321 (73)
1331 1251 1583 1323 Θεολόγον
1622 1257 1929 1324 Γρηγόριον,

324 1335 633 1408 λάμπουσαν
674 1337 733 1389 ού
790 1342 944 1410 μόνον
973 1346 1032 1410 τῇ
1069 1336 1312 1414 ἀστραπῇ
1358 1349 1452 1402 τῆς
1512 1343 1772 1403 θεότητος,
1806 1340 1934 1392 ἀλλὰ

324 1430 415 1478 καὶ
445 1434 515 1496 τῷ
577 1429 751 1497 φέγγει
808 1434 904 1488 τῆς
956 1429 1325 1500 καθαρότητος,
1364 1436 1453 1481 καὶ
1511 1437 1932 1502 φωταγωγοῦσαν

323 1519 448 1577 τούς
487 1514 882 1588 ἐσκοτισμένους
912 1525 973 1589 τῇ
1035 1517 1224 1590 πλάνη,
1292 1524 1381 1571 καὶ
1434 1518 1668 1593 έσάρωσε
1723 1525 1816 1578 τὴν
1858 1521 1933 1572 οἰ-

325 1609 463 1669 κίαν,
523 1608 683 1675 ἤγουν
741 1604 961 1680 ἐκάθηρε
1010 1610 1068 1658 τό
1117 1607 1420 1679 οἰκητήριον
1476 1618 1573 1661 τῶν
1630 1608 1929 1684 ἀνθρώπων,

322 1694 457 1765 λέγω
490 1690 556 1752 δὴ
588 1698 677 1745 τὸν
714 1700 935 1766 κόσμον,
987 1694 1035 1747 ἂν
1088 1705 1159 1767 τῷ
1218 1696 1476 1750 ἀπελάσαι
1524 1702 1581 1751 τὸ
1639 1719 1933 1771 κατακεχυ-

324 1787 476 1855 μένον
506 1783 665 1835 αύτοῦ
727 1790 912 1844 σκότος
940 1792 1033 1847 τῆς
1073 1785 1355 1859 ἁμαρτίας,
1405 1792 1493 1839 καὶ
1531 1786 1818 1862 ἐκφορῆσαι
1847 1792 1931 1840 τόν

325 1871 641 1945 ἇπικείμενον
665 1875 829 1948 ῥύπον
878 1884 978 1925 τῶν
1008 1877 1207 1939 παθῶν,
1241 1882 1330 1929 καὶ
1380 1876 1621 1939 ζητήσας
1682 1876 1933 1949 ἐπιμελῶς

323 1960 373 2013 έν
400 1971 473 2033 τῷ
498 1965 874 2037 περιέρχεσθαι
920 1966 1012 2025 τὰς
1043 1964 1215 2027 πόλεις
1257 1970 1347 2018 καὶ
1402 1972 1599 2038 κώμας,
1639 1973 1728 2019 καὶ
1769 1966 1931 2019 ἀποσ-

322 2051 512 2104 τέλλειν
540 2055 658 2113 τοὺς
696 2054 938 2124 μαθητὰς
993 2053 1062 2116 εἰς
1111 2057 1197 2106 τόν
1235 2060 1431 2126 κόσμον
1458 2055 1679 2121 ἅπαντα,
1732 2058 1843 2131 εὗρε
1873 2060 1929 2109 τὸ

324 2139 661 2212 ζητούμενον,
694 2146 782 2193 καὶ
839 2142 1215 2195 συνεκαλέσατο
1252 2147 1341 2205 τὰς
1371 2145 1521 2216 φίλας
1557 2152 1647 2199 καὶ
1697 2151 1932 2216 γείτονας

320 2228 679 2305 λειτουργικας
738 2234 1009 2304 στρατιὰς,
1066 2232 1134 2293 εἰς
1186 2238 1453 2285 κοινωνίαν
1514 2244 1610 2296 τῆς
1683 2239 1931 2298 τοιαύτης

321 2325 520 2392 χαρᾶς.

398 2408 576 2469 Οὕτως
604 2440 675 2449 -
704 2418 1059 2482 μετανοοῦντι.
1113 2412 1189 2464 Ού
1241 2418 1393 2483 μόνον
1431 2412 1513 2466 ἐπὶ
1544 2414 1768 2481 πολλοῖς,
1805 2414 1933 2467 ἀλλὰ

321 2503 414 2550 καὶ
468 2498 552 2550 ἔπι
583 2498 674 2551 ἐνί.
714 2507 879 2551 Τοῦτο
913 2497 972 2553 δὲ
1027 2498 1291 2565 ἀπόδειξις
1317 2511 1408 2555 τοῦ
1446 2507 1533 2555 τὸν
1564 2508 1692 2557 Θεὸν
1725 2501 1932 2577 σφόδρα

324 2584 491 2658 δι’,θᾲν
519 2593 612 2647 τὴν
642 2592 915 2661 μετάνοιαν
948 2590 1172 2643 ἑκάστου
1215 2592 1542 2665 ἁμαρτωλοῦ.
1578 2599 1831 2666 Δραχμας
1871 2592 1930 2647 δὲ

322 2680 391 2729 τὰ
415 2680 660 2749 τάγματα
683 2679 964 2751 ὠνόμασεν,
994 2682 1063 2741 ὡς
1090 2684 1281 2753 ἔχοντα
1304 2693 1627 2757 χαρακτῆρα
1653 2688 1741 2735 καὶ
1770 2687 1929 2756 ἔμφα-

325 2786 410 2819 σιν
432 2775 523 2819 τοῦ
557 2766 816 2839 βασιλέως
853 2774 1001 2823 Θεοῦ.

394 2948 541 3009 Τινὶς
565 2950 654 3019 μὲν
684 2944 773 3000 οὖν
827 2948 1005 3001 ἑκατὸν
1045 2946 1173 3002 εἶναι
1222 2952 1287 3001 τὰ
1338 2952 1508 3003 πάντα
1553 2954 1795 3024 τάγματα
1846 2971 1926 3004 νει

319 3040 567 3102 νοὴκασι,
623 3045 687 3109 τῇ
753 3037 1022 3112 παραϐολῇ
1056 3047 1155 3091 τῶν
1207 3039 1386 3092 ἑκατόν
1424 3040 1698 3110 προϐάτων
1730 3040 1926 3115 ἐπερει-

321 3120 553 3197 δόμενοι.
607 3129 752 3189 Τινὲς
801 3123 859 3179 δὲ
898 3133 993 3187 τὴν
1053 3128 1226 3205 ἑτέραν
1292 3129 1591 3202 παραϐολὴν
1643 3139 1742 3182 τῶν
1801 3127 1930 3183 δέκα

2038 612 2393 682 parabolam
2412 614 2484 669 de
2499 617 2739 685 gaudio,
2767 619 2929 693 quod
2944 619 3017 675 dc
3031 620 3177 691 ejus,
3200 621 3302 693 qui
3321 620 3594 692 perierat,
3615 621 3699 676 in-

2042 702 2316 757 ventione
2352 707 2639 761 exoritur.

2113 792 2269 845 Vers.
2319 794 2377 849 8.
2417 796 2538 849 Aut
2566 812 2697 867 quce
2728 830 2777 839 -—
2818 800 2975 854 Vers.
3010 804 3062 855 9.
3091 800 3495 867 perdideram.
3531 801 3692 856 Sicut

2042 881 2320 950 prmdicta
2347 883 2484 939 facit
2516 887 2744 954 mulier,
2778 888 2855 944 ita
2883 889 3014 944 fecit
3040 896 3094 945 et
3126 890 3244 945 Filii
3291 891 3386 945 Dei
3419 889 3701 945 humani-

2041 973 2152 1039 tas,
2170 972 2294 1026 sive
2310 972 2666 1043 benignitas.
2684 978 3105 1033 Perdiditenim
3125 979 3469 1034 drachmam
3500 996 3697 1044 unam,

2040 1066 2204 1130 puta,
2226 1060 2557 1118 humanam
2582 1071 2878 1133 naturam,
2904 1082 3039 1122 cum
3056 1068 3467 1123 aﬂectionibus
3483 1069 3700 1125 obruta

2042 1155 2215 1204 esset.
2270 1153 2554 1209 Accendit
2610 1156 2918 1212 lucernam
2971 1176 2984 1212 :
3027 1157 3141 1213 hoc
3179 1163 3282 1223 est,
3336 1159 3595 1213 ostendit
3639 1158 3701 1213 in

2043 1239 2271 1294 mundo
2289 1256 2465 1297 suam
2488 1245 2935 1315 carnem,juxta
2949 1248 3292 1317 Gregorium
3315 1246 3696 1317 Theologum,

2043 1327 2457 1398 splendentem
2484 1347 2603 1388 non
2640 1334 2835 1391 solum
2868 1335 3099 1403 fulgure
3125 1335 3468 1401 divinitatis,
3497 1352 3698 1391 verum

2041 1418 2220 1473 etiam
2246 1418 2472 1476 lumine
2522 1423 2815 1493 puritatis,
2859 1430 2913 1477 et
2965 1424 3402 1479 illuminantem
3463 1440 3565 1479 eos
3598 1423 3703 1495 qui

2043 1522 2239 1562 errore
2264 1509 2637 1566 obtenebrati
2672 1518 2861 1568 erant.
2890 1513 3078 1569 Verrit
3102 1514 3375 1578 domum,
3412 1513 3535 1568 sive
3568 1529 3704 1584 pur-

2042 1599 2199 1666 gavit
2223 1598 2537 1656 hominum
2556 1600 2990 1665 habitaculum,
3016 1608 3163 1674 puta
3196 1602 3517 1667 mundum,
3563 1617 3703 1657 cum

2040 1686 2294 1743 diffusas
2316 1689 2376 1745 in
2408 1706 2478 1744 eo
2499 1693 2727 1763 peccati
2759 1692 3035 1747 tenebras
3066 1691 3282 1762 abegit.
3312 1693 3701 1764 jacentesque

2045 1777 2885 1835 aﬂ‘ectionumsordesextulit.
2917 1784 2979 1836 Et
3020 1781 3338 1851 quaerendo
3359 1780 3695 1851 diligenter,

1974 1879 2016 1935 Β
2044 1868 2469 1924 circumeundo
2498 1872 2762 1926 civitates
2789 1886 2859 1926 ac
2896 1870 3079 1927 vicos.
3112 1876 3169 1926 et
3213 1869 3503 1925 mittendo
3529 1868 3705 1924 disci-

2044 1957 2219 2030 pulos
2238 1958 2294 2011 in
2316 1960 2608 2014 mundum
2634 1961 2995 2023 universum,
3016 1958 3256 2023 invenit,
3279 1960 3443 2031 quod
3472 1973 3703 2030 quaare-

2042 2047 2149 2101 bat
2188 2064 2201 2103 :
2244 2053 2301 2103 et
2325 2049 2677 2104 convocavit
2707 2048 2935 2104 amicas
2951 2065 3021 2104 ac
3045 2048 3287 2114 vicinas,
3322 2053 3484 2120 puta,
3516 2046 3702 2101 admi-

2041 2138 2417 2193 nistratorios
2435 2137 2748 2208 exercitus,
2767 2138 2844 2193 ad
2876 2137 3357 2193 communionem
3382 2137 3699 2209 h'ijusmo-

2040 2226 2101 2282 di
2119 2228 2343 2300 gaudii.

2112 2409 2271 2461 Vers.
2304 2410 2387 2461 10.
2422 2406 2515 2462 Ita
2545 2438 2613 2447 —
2666 2407 3054 2477 resipiscente.
3095 2404 3392 2462 Gaudium
3443 2404 3549 2460 erit
3577 2421 3700 2462 non

2039 2496 2235 2552 solum
2258 2511 2437 2567 super
2451 2496 2666 2563 multis,
2694 2498 2794 2551 sed
2829 2498 3005 2552 etiam
3034 2512 3215 2568 super
3238 2511 3379 2550 uno.
3410 2495 3466 2549 ld
3491 2500 3692 2551 autem

2036 2586 2311 2652 ostendit,
2347 2585 2531 2641 Deum
2572 2587 2951 2642 vehementer
3003 2587 3155 2641 sitire
3186 2585 3449 2656 cujusvis
3493 2600 3698 2655 pecca-

2037 2676 2177 2731 toris
2200 2676 2632 2748 pmnitentiam.
2658 2678 2983 2733 Drachmas
3008 2681 3208 2731 autem
3241 2674 3697 2731 nominavitor-

2036 2765 2229 2830 dines,
2278 2772 2478 2837 utpote
2513 2767 2609 2821 Dei
2641 2766 2795 2837 regis
2845 2766 3253 2822 characterem
3294 2764 3582 2820 habentes
3623 2779 3692 2819 ac

2034 2854 2386 2926 imaginem.

2109 2944 2358 3009 Quidam
2382 2944 2582 3017 itaque
2597 2950 2836 3000 centum
2858 2960 2989 2999 esse
3004 2960 3203 2999 omnes
3220 2943 3460 2998 ordines
3483 2956 3690 2997 sense-

2036 3040 2190 3098 runt,
2226 3035 2302 3089 ad
2354 3034 2705 3106 parabolam
2747 3040 2982 3090 centum
3024 3034 3232 3089 ovium
3279 3034 3691 3089 attendentes:

2035 3124 2283 3195 quidam
2300 3140 2441 3179 vero
2474 3125 2719 3179 alteram
2748 3124 2955 3179 decem
2987 3123 3416 3178 drachmarum
3437 3120 3696 3194 parabo-

320 3210 584 3289 δραχμῶν
628 3216 701 3277 εἰς
750 3223 1060 3291 συνηγορίαν
1140 3218 1502 3290 λαμϐάνοντες,
1574 3216 1702 3272 δέκα
1760 3222 1926 3271 ταῦτά

2046 3215 2238 3269 lamin
2264 3214 2661 3286 patrocinium
2686 3213 3294 3278 assumentes,decem
3310 3213 3420 3267 hos
3441 3227 3574 3267 esse
3604 3212 3693 3266 di-

319 3323 499 3376 φασιν.
555 3304 733 3360 Ἐννέα
780 3310 870 3379 μὲν
919 3310 985 3359 τὰ
1045 3308 1280 3383 ούράνια,
1340 3312 1475 3360 κατὰ
1521 3312 1607 3361 τὸν
1666 3310 1920 3384 Ἀρεοπα-

315 3397 473 3465 ⁹γίτην
522 3398 810 3460 Διονύσιον,
879 3402 1124 3470 Θρόνους,
1181 3398 1460 3470 Χερονῦἳμ,
1519 3406 1763 3473 Σεραφιμ,
1814 3406 1923 3452 Κυ-

315 3488 587 3557 ρίοτητας,
614 3487 879 3558 Δυνάμεις,
906 3487 1200 3550 Ἐξουσίας.
1261 3489 1480 3562 Ἀρχὰς,
1512 3489 1923 3560 Ἀρχαηέλους,

316 3573 601 3644 Ἀγγέλους
642 3590 655 3604 ⁶
701 3571 918 3628 δέκατον
970 3573 1048 3642 δὲ,
1132 3580 1190 3630 τὸ
1247 3576 1488 3648 ἐπίγειον,
1553 3582 1674 3639 τοὺς
1736 3577 1930 3653 ἀνθρὼ-

323 3681 471 3723 πους.

390 3756 524 3821 Ἐγὼ
561 3748 619 3804 δὲ
644 3749 791 3825 οἶμαι
829 3759 917 3806 καὶ
966 3757 1030 3807 τὰ
1078 3754 1257 3807 ἑκατὸν
1307 3761 1397 3808 καὶ
1444 3758 1510 3807 τὰ
1538 3753 1685 3823 δέκα,
1728 3761 1799 3829 μὴ
1836 3776 1927 3814 ση-

313 3846 518 3912 μαίνειν
554 3838 811 3915 διαφορὰς
836 3845 1071 3915 ἀριθμῶν
1102 3847 1149 3895 έν
1182 3852 1294 3906 ταῖς
1341 3845 1663 3918 παραϐολαῖς
1691 3849 1923 3906 ταύταις.

313 3928 428 3981 ἀλλ’
480 3931 510 3989 ἡ
542 3936 694 4002 μόνον
742 3932 939 3994 πλῆθος
970 3935 1247 4005 ταγμάτων
1297 3934 1502 3989 τέλειον.
1560 3936 1763 3995 Πλῆθος
1822 3939 1923 4009 γαρ

313 4019 505 4071 τέλειον
530 4026 619 4073 καὶ
650 4022 674 4072 ὁ
707 4021 820 4092 (74)
854 4022 1029 4074 ἑκατόν
1054 4028 1144 4075 καὶ
1172 4026 1196 4075 ό
1230 4020 1377 4077 δέκα.
1418 4024 1622 4085 Πλῆθος
1654 4022 1688 4076 δ
1692 4029 1712 4076 ξε
1742 4025 1925 4076 τέλειον

311 4112 373 4159 τό
406 4118 507 4159 τῶν
541 4112 818 4181 ταγμάτων
850 4115 1045 4163 τούτων
1070 4112 1299 4184 λέγομεν,
1327 4109 1467 4165 διότι
1498 4122 1731 4165 τοσαῦτα
1759 4122 1925 4165 ταῦτα

314 4198 470 4261 εἰσιν,
501 4200 599 4250 ὅσα
638 4196 767 4251 εἶναι
788 4197 894 4252 ἔδει
927 4240 939 4252 .
972 4201 1126 4253 Ἀλλὰ
1152 4211 1254 4262 πῶς
1310 4198 1463 4266 εἶπεν,
1516 4205 1595 4253 ὄτι
1641 4204 1799 4275 Εὗρον
1832 4208 1924 4260 τὴν

314 4283 574 4358 δραχμὴν
631 4288 690 4345 ἢν
723 4288 967 4341 ἀπώλεσα
996 4309 1008 4357 ;
1041 4290 1097 4342 ού
1138 4298 1238 4343 πᾶν
1276 4293 1374 4365 γὰρ
1405 4295 1462 4343 τὸ
1508 4295 1653 4362 γένος
1682 4298 1925 4363 μετενόη-

315 4395 395 4428 σε.
440 4381 606 4449 Φαμὲν
638 4383 828 4442 τοίνυν,
864 4381 943 4431 ὅτι
974 4376 1152 4438 ἐπειδὴ
1188 4386 1277 4433 καὶ
1305 4386 1422 4446 πᾶν,
1456 4383 1575 4433 ὅσον
1633 4383 1764 4455 εὗρε,
1796 4379 1919 4455 δρα-

311 4470 435 4537 χμὴ
470 4462 530 4524 ἦν
588 4465 901 4531 ἀπολωλυία,
936 4468 1142 4531 εἰκότως
1186 4475 1275 4522 καὶ
1322 4478 1474 4522 τοῦτο
1511 4467 1765 4544 δραχμὴν
1794 4470 1921 4523 ἀπο-

310 4553 537 4607 λωλυίαν
567 4555 825 4628 ὠνόμασε.

428 4651 572 4699 ΚΕΦ.
606 4645 727 4700 ΝΖ’.
761 4652 885 4721 Περὶ
931 4654 1022 4699 τοῦ
1054 4645 1497 4721 ἀποδημήσαντος
1523 4650 1594 4713 εἰς
1634 4657 1816 4725 χώραν

1005 4740 1230 4811 μακράν.

387 4820 512 4877 Εἰπέ
567 4856 631 4866 ·-
678 4826 882 4888 ούσίας.
956 4832 1055 4880 Καὶ
1112 4828 1268 4887 ἄλλην
1318 4829 1513 4901 εἰσάγει
1601 4830 1919 4903 πολυωφελέ-

313 4915 513 4971 στάτην
538 4914 862 4989 παραϐολὴν,
891 4916 1278 4988 ὑποφαίνουσαν
1326 4924 1419 4977 τήν
1471 4939 1524 4972 τε
1578 4917 1800 4992 δύναμιν
1830 4930 1920 4982 τῆς

312 5009 586 5075 μετανοίας
638 5014 737 5057 τῶν
800 5006 1135 5077 ἁμαρτωλῶν,
1187 5014 1276 5060 καὶ
1328 5012 1386 5061 τό
1446 5011 1661 5081 μέγεθος
1710 5018 1798 5071 τῆς
1843 5031 1919 5082 φι-

310 5092 642 5166 λανθρωπίας
670 5103 761 5147 τοῦ
793 5102 926 5148 Θεοῦ
975 5114 986 5125 ·
1017 5098 1106 5149 κάὶ
1161 5094 1255 5149 διὰ
1292 5100 1489 5160 ταύτης
1534 5099 1599 5159 εἰς
1646 5102 1918 5171 μετάνοιαν

309 5188 660 5258 προτρέπεται
740 5188 858 5245 τοὺς
949 5184 998 5237 έν
1099 5185 1381 5259 ἁμαρτίαις
1417 5207 1429 5220 ·
1473 5190 1743 5262 ἄνθρωπον
1828 5194 1917 5261 μὲν

308 5276 716 5348 προσαγορεύων
757 5277 844 5327 τὸν
911 5274 1267 5349 φιλάνθρωπον
1339 5280 1544 5354 Πατέρα
1597 5283 1687 5331 καὶ
1744 5284 1874 5332 Θεόν
1898 5298 1910 5311 ·

2038 3310 2180 3360 cunt
2213 3323 2225 3360 :
2256 3320 2469 3359 novem
2500 3305 2737 3376 quidem
2777 3304 3064 3365 cmlestes.
3106 3304 3279 3372 juxta
3314 3301 3687 3373 Diomysium

2037 3395 2454 3466 Areopagitam
2478 3414 2490 3452 :
2516 3394 2809 3458 Thronos,
2838 3392 3180 3459 Cherubim,
3217 3390 3546 3462 Seraphim,
3579 3392 3687 3445 Do-

2039 3484 2413 3549 minationes,
2458 3484 2797 3548 Potestates,
2833 3482 3107 3547 Virtutes,
3154 3480 3539 3552 l’rincipatus,
3583 3482 3691 3533 Ar-

2037 3572 2362 3644 changelos
2398 3577 2457 3628 et
2487 3573 2745 3643 Angelos
2777 3588 2791 3638 ;
2824 3573 3130 3627 deeimum
3171 3586 3308 3625 vero
3360 3576 3689 3625 terrenum.

2036 3668 2195 3735 puta,
2225 3663 2520 3718 homines.

2109 3756 2229 3822 Ego
2276 3770 2410 3809 vero
2440 3755 2655 3826 Opinor
2685 3757 2741 3808 et
2769 3758 3004 3808 centum
3039 3756 3095 3807 et
3124 3750 3331 3807 decem
3366 3750 3423 3805 in
3456 3749 3549 3805 his
3581 3765 3687 3821 pa-

2035 3844 2257 3899 rabolis
2279 3860 2399 3899 non
2419 3844 2753 3914 signiﬁcare
2777 3858 3159 3899 numerorum
3184 3838 3689 3903 diversitates,sed

2035 3938 2266 3987 tantum
2284 3934 2721 3988 multitudinem
2740 3932 3020 3987 ordinum
3038 3931 3397 4003 perfectam:
3428 3928 3690 3985 estenim

2034 4021 2292 4092 perfecta
2309 4022 2629 4077 multitudo
2650 4025 2709 4076 et
2728 4027 2967 4076 centum
2996 4029 3051 4075 et
3070 4021 3277 4074 decem
3307 4036 3320 4084 ;
3359 4018 3691 4073 multitudi-

2033 4126 2172 4166 nem
2199 4118 2398 4166 autem
2430 4111 2707 4166 ordinum
2731 4110 3057 4182 perfectam
3082 4125 3214 4164 esse
3240 4108 3518 4171 dicimus,
3547 4106 3689 4178 quia

2034 4206 2117 4255 tot
2146 4207 2283 4255 sunt
2315 4206 2461 4273 quot
2490 4216 2617 4255 esse
2660 4199 2942 4271 Oportuit.
3005 4198 3118 4254 Sed
3156 4195 3467 4269 quomodo
3506 4195 3685 4250 dixit:

2037 4291 2243 4348 Inveni
2252 4292 2619 4355 drachmam,
2637 4307 2805 4361 quam
2823 4288 3225 4359 perdideram,
3240 4303 3370 4342 cum
3385 4301 3501 4339 non
3514 4299 3687 4340 omne

2030 4396 2217 4451 genus
2248 4382 2552 4450 resipuerit
2579 4386 2603 4431 7
2641 4381 2918 4447 Dicimus,
2947 4378 3110 4451 quod
3141 4381 3685 4449 quantumcunque

2031 4469 2155 4533 fuit,
2196 4472 2355 4540 quod
2396 4470 2639 4534 invenit,
2678 4470 2737 4523 id
2776 4469 3069 4524 drachma
3094 4471 3222 4522 erat
3264 4465 3531 4537 perdita:
3572 4462 3689 4519 hoc

2033 4561 2191 4614 enim
2236 4560 2441 4614 merito
2471 4560 2827 4615 drachmam
2863 4556 3158 4630 perditam
3198 4552 3540 4627 appellavit.

2032 4648 2188 4704 CAP.
2210 4648 2373 4705 LVII.
2408 4648 2492 4706 De
2519 4649 2749 4705 duobus
2776 4648 2940 4717 ﬁliis,
2963 4662 3211 4719 quorum
3260 4643 3464 4717 iunior
3503 4643 3683 4699 luxu-

2686 4738 2843 4794 riose
2873 4736 3043 4792 vixit.

2105 4830 2266 4885 Vers.
2318 4829 2400 4883 11.
2443 4828 2607 4884 Dixit
2633 4859 2701 4868 —
2733 4829 2897 4882 Vers.
2964 4830 3051 4881 12.
3095 4822 3455 4880 substantia.
3495 4821 3687 4878 Aliam

2030 4937 2271 4994 quoque
2311 4920 2532 4976 inducit
2562 4919 2828 4991 plurimas
2854 4916 3120 4973 utilitatis
3139 4914 3490 4987 parabolam
3519 4929 3687 4985 :quas

2031 5012 2147 5065 vim
2177 5010 2539 5082 paenitentiae
2566 5025 2774 5065 eorum
2793 5008 2895 5079 qui
2922 5010 3338 5078 peccaverunt,
3370 5005 3690 5059 submons-

2028 5105 2143 5156 trat
2189 5107 2245 5155 et
2274 5101 2487 5155 divinae
2536 5096 2921 5170 benignitatis
2968 5094 3467 5163 magnitudinem,
3498 5098 3554 5149 et
3577 5106 3683 5164 per

2027 5189 2182 5245 hanc
2222 5195 2561 5261 peccatores
2591 5188 2663 5245 ad
2695 5186 3107 5260 paenitentiam
3137 5183 3488 5240 adhortatur
3515 5198 3533 5238 :
3570 5180 3687 5238 ho-

2028 5279 2251 5335 minem
2303 5279 2545 5351 quidem
2594 5276 2908 5351 appellans
2948 5273 3187 5330 Patrem
3235 5289 3307 5330 ac
3336 5273 3546 5340 Deum,
3578 5270 3687 5345 qui

1528 5481 1755 5551 Variae
1798 5481 2127 5551 lectiones
2161 5493 2226 5553 et
2258 5494 2461 5553 notas.

405 5677 476 5730 72
532 5678 660 5729 Θεοῦ
690 5673 738 5726 ἰν
777 5682 849 5728 τῶ
887 5679 1121 5734 ποίηκεν.
1156 5675 1250 5732 Sic
1274 5678 1342 5734 Α.

382 5674 499 5819 ἔπι)
536 5731 858 5819 Gregorius
893 5763 1033 5819 pag.
1087 5748 1184 5804 231
1244 5766 1342 5807 me

405 5745 499 5818 73)
534 5745 858 5820 gregarius
893 5763 1033 5820 pag.
1087 5748 1184 5804 231
1244 5749 1404 5807 med.
1437 5750 1520 5808 ita
1540 5750 1722 5810 habet
1754 5767 1766 5807 :
1797 5750 1915 5806 Ὀτι

302 5816 504 5891 λύχνον
526 5816 631 5890 ἧψε
654 5822 747 5878 τήν
775 5816 961 5873 ἐαυτοῦ
984 5816 1186 5896 σάρκα.

2099 5680 2214 5753 (74)
2246 5680 2511 5753 Ὀίθιίιιίο
2540 5683 2597 5736 et
2628 5678 2808 5750 paulo
2838 5680 2977 5753 post
3013 5678 3234 5737 omittit
3288 5681 3349 5738 Β.
3382 5677 3442 5736 Si
3471 5677 3687 5753 probe-

2028 5755 2140 5809 tur.
2173 5751 2518 5827 intelligitur
2544 5753 2785 5826 ἀριθμός.
