4128 6392
468 354 607 413 1023

1808 356 2154 415 EUTHYMII
2206 358 2542 417 ZlGABENI

3710 362 3849 419 1024

465 482 777 540 humanus
803 487 912 551 est,
959 482 1112 539 duos
1142 486 1343 540 autem
1376 483 1526 539 ﬁlios
1572 484 1723 556 ejus.
1759 501 2003 540 omnem
2028 486 2118 557 ju-

2236 484 2332 540 δύο
2365 485 2423 541 δὲ
2446 492 2592 550 υἱοὺς
2622 489 2805 556 αὑτοῦ,
2854 491 3020 543 πάντα
3062 485 3267 543 δίκαιον
3330 493 3419 543 καὶ
3457 489 3628 543 πάντα
3680 488 3850 564 ἁμαρ-

467 579 647 639 stum,
666 592 1024 647 omnemque
1043 581 1416 646 peccatorem
1440 591 1453 641 ;
1476 582 1561 631 est
1581 576 1739 631 enim
1761 577 2123 647 etjustorum

466 668 634 720 Pater
664 670 719 721 et
749 673 1146 737 peccatorum,
1192 671 1392 737 utpote
1434 682 1537 736 per
1568 667 1785 722 lavacri
1810 683 2125 739 regenera-

464 755 688 811 tionem
707 755 779 810 ab
798 756 921 827 ipso
942 758 1363 827 adoptatorum,
1388 757 1455 811 de
1480 756 1754 811 ﬁdelibus
1772 758 1921 811 enim
1941 773 2123 811 sermo

466 851 579 902 est.
608 844 909 900 Juniorem
937 862 1074 901 vero
1108 846 1444 901 nominavit
1505 852 1899 917 peccatorem,
1936 852 1997 901 ut
2022 846 2125 918 qui

466 934 765 1007 pueriliter
799 936 949 1006 sapit
979 934 1270 1007 facileque
1318 934 1540 991 fallitur
1581 952 1592 989 :
1645 936 1749 1008 qui
1780 936 1958 991 etiam
1986 936 2122 991 sub-

466 1024 698 1081 stantia:
736 1032 962 1095 partem
994 1041 1129 1097 quae
1162 1025 1272 1079 sibi
1312 1025 1687 1090 obveniebat,
1722 1026 1928 1096 petivit
1961 1042 1973 1079 :
2010 1025 2124 1080 hoc

464 1113 815 1169 estliberum
839 1114 1173 1179 arbitrium,
1197 1116 1360 1186 quod
1377 1116 1427 1170 ei
1447 1131 1519 1171 ex
1544 1120 1758 1172 natura
1770 1114 2121 1172 debebatur.

464 1202 743 1275 Quisquis
783 1204 945 1259 enim
983 1203 1284 1276 pueriliter
1315 1206 1490 1277 sapit,
1524 1204 1779 1261 liberum
1811 1204 2003 1277 poscit
2033 1221 2124 1261 ar-

462 1291 716 1349 bitrium.

534 1383 1073 1454 Autobtingentem
1086 1384 1437 1440 substantiae
1450 1391 1678 1457 partem
1700 1385 2121 1441 dicitdebitam

463 1489 531 1529 ex
552 1474 853 1546 baptismo
876 1474 1149 1542 gratiam.
1174 1474 1373 1530 Cuivis
1392 1476 1552 1531 enim
1591 1475 1890 1545 baptizato
1917 1475 2122 1531 divina

462 1563 643 1620 datur
668 1564 881 1634 gratia.
936 1565 1277 1621 Substantia
1326 1571 1523 1622 autem
1567 1567 1689 1621 sive
1749 1566 1963 1620 divitiae
1997 1566 2116 1620 Dei.

463 1656 603 1708 sunt
641 1652 1024 1720 charismata,
1083 1654 1143 1710 id
1196 1659 1305 1724 est,
1338 1656 1500 1711 dona
1552 1671 1689 1727 qum
1731 1654 1940 1710 dividit
1978 1653 2121 1709 ﬁde-

460 1740 639 1799 libus.

2234 577 2411 630 τωλόν.
2444 576 2597 631 Ἐστι
2647 582 2748 653 γὰρ
2815 585 2995 654 Πατὴρ
3050 586 3139 632 καὶ
3196 588 3295 632 τῶν
3354 576 3572 632 δικαίων
3619 584 3709 630 καὶ
3745 588 3848 631 τῶν

2236 667 2573 742 ἁμαρτωλῶν,
2608 670 2671 730 ὡς
2711 672 3110 727 υἱοθετηθέντων
3147 670 3283 739 αὑτῴ
3335 666 3427 722 διὰ
3480 677 3570 721 τοῦ
3627 668 3848 743 λουτροῦ

2234 767 2330 819 τῆς
2376 757 2759 830 ἀναγεννὴσεως
2815 777 2827 789 ·
2876 765 2994 832 περὶ
3048 769 3144 811 τῶν
3204 768 3403 811 πιστῶν
3442 761 3543 831 γὰρ
3596 759 3619 809 ὁ
3668 757 3845 829 λόγος.

2234 854 2490 920 Νεώτερον
2541 845 2599 901 δὲ
2648 848 2889 920 ὀνομάζει
2977 854 3060 900 τὸν
3139 848 3462 922 ἁμαρτωλὸν,
3536 850 3603 909 ὡς
3664 852 3851 905 νηπιό-

2235 958 2395 1011 φρονα
2423 943 2512 990 καὶ
2544 938 2942 1005 εὐεξαπάτητον,
2984 939 3033 999 ὃς
3063 944 3152 990 καὶ
3202 939 3428 998 ἐζήτησε
3477 940 3534 989 τὸ
3568 936 3847 988 ἐπιϐάλλον

2233 1032 2386 1101 μέρος
2423 1037 2519 1089 τῆς
2571 1029 2774 1094 οὐσίας,
2807 1032 2945 1095 ἤτοι,
3005 1032 3062 1080 τὸ
3118 1027 3171 1080 ἐκ
3236 1031 3458 1100 φύσεως,
3520 1026 3846 1098 ὀφειλόμενον

2232 1116 2584 1179 αὐτεξούσιον.
2639 1124 2743 1178 Πᾶς
2788 1120 2890 1193 γὰρ
2926 1123 3221 1191 νηπιοφρων
3276 1118 3425 1178 ζητεί
3483 1120 3543 1168 τὸ
3603 1115 3848 1179 αὐτεξού-

2233 1226 2365 1259 σιον.

2298 1390 2367 1437 ’Ἠ
2410 1384 2679 1439 ἐπιϐάλλον
2732 1390 2886 1458 μέρος
2941 1386 3125 1449 οὐσίας
3176 1386 3330 1457 λέγει,
3381 1387 3438 1438 τὸ
3495 1383 3549 1437 ἐκ
3605 1391 3696 1437 τοῦ
3740 1383 3846 1457 βα-

2229 1479 2526 1546 πτίσματος
2579 1479 3003 1548 χρεωστούμενον
3060 1479 3331 1550 χάρισμα,
3366 1479 3528 1527 Παντὶ
3586 1476 3685 1548 γὰρ
3746 1472 3849 1545 βα-

2229 1567 2499 1617 πτισθέντι
2555 1567 2805 1639 χάρισμα
2865 1570 3009 1619 Θείον
3057 1562 3289 1621 δίδοται.
3348 1564 3522 1617 Οὐσία
3578 1560 3656 1629 δὲ,
3704 1567 3842 1630 ἤτοι,

2230 1654 2444 1714 πλοῦτος
2503 1663 2659 1723 Θεοῦ,
2714 1659 2780 1709 τὰ
2828 1660 3170 1729 χαρίσματα,
3221 1657 3255 1708 ἁ
3313 1653 3547 1728 διανέμει
3586 1662 3696 1716 τοῖς
3720 1674 3847 1707 πισ-

2230 1750 2335 1804 τοῖς
2372 1745 2507 1815 (75).

532 1833 575 1903 -ιο
604 1836 730 1889 Non
763 1833 900 1905 quia
935 1838 1203 1905 tempore
1237 1834 1459 1905 junior,
1487 1834 1590 1890 sed
1630 1835 1769 1907 quia
1796 1849 1977 1889 sensu
2017 1832 2316 1901 indigens.
2351 1840 2665 1906 menteque
2697 1836 3067 1891 inconstans.

533 1924 577 1993 -ι-
602 1924 682 1977 Ac
711 1923 757 1976 si
780 1922 1007 1979 diceret
1047 1942 1060 1979 :
1095 1924 1259 1986 Nolo,
1297 1928 1506 1993 urgeat
1538 1940 1621 1980 me
1653 1922 1948 1979 serviendi
1979 1922 2297 1977 necessitas
2332 1939 2344 1988 ;
2374 1922 2619 1980 liberum
2649 1931 2735 1981 est
2765 1926 2925 1980 enim
2976 1925 3120 1980 mihi
3177 1924 3510 1980 arbitrium.
3564 1924 3622 1979 Si
3676 1923 3842 1989 volo,

462 2011 777 2067 modestus
812 2030 942 2067 sum
982 2030 997 2079 ;
1031 2013 1078 2068 si
1119 2014 1268 2080 nolo,
1302 2015 1433 2083 cogi
1464 2030 1715 2084 nequeo.
1756 2014 1923 2068 Pater
1944 2028 2085 2080 ergo
2116 2012 2374 2067 candide
2406 2014 2689 2085 impertiit
2722 2032 2735 2081 ;
2772 2016 2894 2070 vult
2943 2016 3102 2070 enim
3157 2014 3445 2069 Dominus
3494 2020 3555 2068 ut
3588 2013 3695 2069 sibi
3743 2029 3842 2068 vo-

462 2100 719 2156 luntarie
747 2102 1051 2157 serviatur.
1083 2103 1303 2158 Deinde
1329 2118 1576 2174 peregre
1609 2103 1908 2173 profectus
1953 2108 2062 2157 est.
2122 2103 2251 2167 Quo
2281 2102 2308 2157 ?
2361 2105 2485 2158 Non
2519 2120 2553 2159 a
2601 2104 2733 2159 loco
2794 2106 2865 2159 ad
2902 2105 3123 2169 locum,
3181 2104 3285 2159 sed
3320 2108 3515 2158 mente
3546 2103 3784 2158 dicessit
3807 2118 3847 2157 a

465 2191 584 2245 Deo
608 2194 661 2244 et
705 2193 857 2245 Deus
889 2190 1089 2246 abillo
1132 2197 1404 2263 :pr0pter
1432 2193 1590 2263 quod
1628 2192 1806 2247 etiam
1841 2192 1995 2247 facta
2044 2195 2131 2245 est
2181 2189 2259 2244 illi
2329 2191 2519 2246 fames
2574 2193 2790 2257 valida,
2827 2210 2945 2249 non
3000 2194 3191 2250 fames
3222 2194 3397 2265 panis
3448 2197 3505 2251 et
3533 2208 3704 2265 aqua:
3735 2191 3845 2247 sed

462 2277 654 2333 fames
696 2280 979 2334 audiendi
1006 2281 1166 2335 verbi
1194 2281 1289 2336 Dei
1328 2297 1339 2335 :
1368 2283 1506 2352 quia
1528 2280 1716 2335 fames
1749 2282 2046 2337 bonorum
2081 2279 2401 2335 vehemens
2428 2286 2539 2338 est.

540 2368 709 2425 Vers.
770 2370 852 2426 t2.
883 2371 960 2426 Et
993 2403 1059 2410 —
1088 2371 1492 2427 substantiam.
1526 2371 1797 2426 Liberum
1848 2370 2117 2425 videlicet
2147 2368 2196 2426 B

461 2457 767 2514 arbitrium
824 2460 936 2514 illis
967 2460 1163 2515 divisit
1208 2477 1221 2526 ;
1266 2461 1659 2515 substantiam
1710 2476 1975 2533 namque
2016 2466 2121 2516 aut

459 2547 769 2604 facultates
787 2549 924 2605 filiis
954 2549 1218 2605 dividere
1246 2550 1388 2605 nihil
1413 2549 1570 2605 aliud
1605 2555 1909 2621 est,quam
1934 2550 2119 2606 libero

462 2636 707 2694 arbitrio
735 2637 865 2693 ilios
917 2639 1251 2711 relinquere
1315 2661 1328 2695 :
1386 2639 1687 2694 neminem
1744 2640 1902 2695 enim
1960 2639 2122 2709 cogit

460 2726 639 2791 Deus,
682 2726 779 2798 qui
811 2728 923 2800 ipsi
955 2727 1100 2783 nolit
1121 2728 1384 2784 obedire.

531 2816 645 2871 Aut
675 2817 852 2872 etiam
911 2817 1113 2874 divisit
1160 2818 1243 2874 eis
1291 2818 1685 2889 congruentia
1726 2818 1908 2884 dona,
1942 2822 2119 2891 prout

457 2904 687 2962 dictum
727 2911 832 2963 est.

531 2998 697 3052 Vers.
740 3002 819 3054 13.
843 2998 915 3053 Et
940 3030 1010 3038 -—
1041 2998 1432 3070 longinquam.
1463 2998 1668 3055 Senior
1688 2999 1933 3071 quidem
1959 2998 2119 3070 apud

458 3092 691 3159 patrem
722 3089 1030 3156 remansit,
1052 3093 1341 3161 tanquam
1371 3088 1639 3161 prudens
1674 3106 1685 3143 :
1718 3088 1925 3160 junior
1956 3105 2113 3144 vero.

458 3177 836 3247 congregatis
864 3178 1167 3243 omnibus,
1198 3185 1363 3249 puta,
1419 3178 1608 3234 libero
1649 3178 1880 3244 arbitio,
1918 3196 1985 3234 ac
2022 3179 2117 3234 Dei

457 3265 641 3331 dono,
667 3266 757 3322 vel
784 3267 1066 3322 omnibus
1089 3268 1213 3322 suis
1243 3267 1673 3325 voluntatibus.
1698 3269 1756 3323 id
1789 3274 1898 3332 est,
1932 3269 2118 3323 domi-

457 3372 572 3411 nus
598 3356 832 3412 illorum
860 3357 1243 3422 constitutus,
1294 3374 1539 3430 peregre
1581 3358 1883 3429 profectus
1916 3364 2006 3413 est
2037 3358 2115 3414 ad

455 3449 787 3517 peccatum,
812 3446 968 3517 quod
995 3448 1153 3501 aDeo
1174 3447 1348 3517 longe
1363 3453 1675 3518 separatur
1708 3465 1720 3502 :
1754 3448 1931 3516 longe
1953 3449 2116 3503 enim

455 3534 609 3591 ﬁunt
637 3538 829 3598 aDeo,
881 3535 985 3607 qui
1041 3540 1327 3606 peccant:
1371 3552 1493 3591 non
1539 3536 1654 3592 loci
1685 3536 2113 3607 segregatione,

458 3623 561 3679 sed
593 3624 842 3679 virtutis.

2311 2379 2411 2427 Καὶ
2436 2405 2503 2413 -
2537 2373 2672 2446 βίον.
2702 2372 2898 2444 ’Ἡγουν
2931 2373 3296 2436 αὖτεξουσίους
3352 2372 3539 2434 αὐτοὺς
3589 2371 3834 2425 ἀπέλυσε.

2228 2470 2296 2520 Τὸ
2325 2469 2423 2539 γαρ
2454 2462 2637 2517 διελεῖν
2663 2466 2750 2516 τὸν
2788 2462 2925 2535 βίον,
2956 2467 3139 2528 εἷτουν,
3175 2468 3267 2519 τὴν
3301 2462 3509 2530 οὐσίαν,
3543 2469 3651 2522 τοῖς
3682 2464 3840 2526 υἱοῖς,

2230 2552 2380 2609 οὐδὲν
2412 2556 2579 2627 ἕτερον
2612 2552 2773 2618 ἐστιν,
2814 2553 2843 2611 ἢ
2901 2556 2957 2605 τὸ
3015 2552 3387 2615 αὐτεξουσίως
3419 2552 3609 2613 αὐτοὺς
3647 2550 3843 2603 ἀπολύ-

2233 2666 2342 2699 σαι.
2380 2640 2584 2697 Οὐδένα
2608 2645 2708 2717 γὰρ
2734 2644 2758 2695 ὁ
2788 2646 2914 2704 Θεὸς
2950 2641 3233 2714 ἀναγκάζει
3259 2647 3331 2716 μὴ
3388 2640 3698 2715 βουλόμενον
3730 2660 3840 2693 πει·

2231 2738 2448 2809 θαρχεῖν
2480 2733 2642 2803 αὐτῷ.

2300 2825 2368 2878 ’Ἡ
2400 2829 2489 2876 καὶ
2557 2820 2742 2876 διεῖλεν
2797 2821 2968 2883 αὐτοῖς
3008 2824 3073 2873 τὰ
3128 2826 3464 2895 προσήκοντα
3520 2825 3843 2895 χαρίσματα

2227 2918 2396 2976 καθὼς
2427 2918 2644 2987 εἴρηται.

2300 3008 2497 3060 Καὶ-
2550 3004 2777 3077 μακράν.
2816 3002 2874 3054 Ὀ
2914 3004 3004 3074 μὲν
3048 3001 3393 3074 πρεσϐύτερος
3422 3005 3693 3074 παρέμεινε
3725 3002 3839 3071 (76)

2226 3104 2298 3165 τῷ
2354 3098 2533 3166 πατρὶ,
2594 3096 2657 3153 ὡς
2699 3097 2945 3164 φρόνιμος
2999 3109 3010 3120 ·
3056 3094 3080 3143 ὁ
3141 3088 3199 3144 δὲ
3243 3096 3475 3164 νεώτερος
3530 3096 3841 3163 συναγαγὼν

2226 3184 2449 3246 ἅπαντα,
2483 3186 2540 3235 τό
2594 3202 2649 3234 τε
2704 3181 3038 3243 αὐτεξούσιον
3090 3186 3179 3232 καὶ
3220 3184 3276 3232 τὸ
3331 3183 3462 3233 θεῖον
3510 3182 3837 3253 χάρισμα,ἣ

2226 3274 2431 3325 ἅπαντα
2458 3274 2523 3323 τὰ
2552 3271 2738 3324 ἑαυτοῦ
2791 3270 3073 3342 θελήματα,
3130 3274 3392 3333 τουτέστι,
3442 3273 3621 3342 κύριος
3670 3270 3840 3322 αὐτῶν

2227 3364 2512 3425 καταστὰς,
2547 3356 2888 3431 ἀπεδήμησεν
2920 3360 2986 3420 εἰς
3016 3365 3109 3417 τὴν
3161 3359 3441 3434 ἁμαρτίαν,
3486 3364 3579 3417 τὴν
3632 3362 3839 3433 μακρὰν

2225 3459 2315 3504 τοῦ
2348 3458 2481 3503 Θεοῦ
2536 3454 2794 3521 κειμένην.
2840 3448 3021 3523 Πορῥω
3047 3451 3147 3520 γὰρ
3196 3456 3288 3500 τοῦ
3343 3455 3476 3501 Θεοῦ
3533 3452 3764 3518 γίνονται
3790 3450 3841 3500 οἱ

2227 3542 2625 3614 ἁμαρτάνοντες,
2678 3539 2771 3590 οῦκ
2799 3537 3139 3613 ἀναχωρήσει
3186 3541 3368 3604 τόπου,
3412 3536 3518 3589 ἀλλ’
3561 3536 3841 3611 ἀναχωρή-

2229 3650 2308 3683 σει
2328 3638 2422 3690 τῆς
2451 3628 2603 3700 ἀρετῆ
2618 3648 2656 3687 ς.

531 3712 694 3768 Vers.
736 3717 817 3769 13.
852 3714 939 3770 Ac
962 3713 1046 3769 ibi
1069 3745 1137 3753 -
1162 3730 1340 3769 suam.
1376 3713 1916 3786 Corrupitdonum,
1951 3716 2114 3787 quod

2300 3724 2402 3772 Καὶ
2424 3716 2525 3770 ἐκεῖ
2555 3749 2623 3757 -
2652 3717 2828 3770 αὐτοῦ.
2866 3718 3124 3789 Διέφθειρε
3153 3719 3212 3769 τὸ
3244 3715 3298 3769 ἐκ
3342 3724 3432 3769 τοῦ
3465 3715 3841 3789 βαπτίσματος

457 3816 494 3857 a
522 3801 819 3871 baptismo
832 3809 1198 3874 susceperat,
1224 3808 1370 3874 puta
1386 3804 1605 3859 animas
1629 3804 2018 3875 nobilitatem,
2038 3806 2115 3860 ad

458 3891 700 3947 virtutes
750 3892 1159 3963 aptitudinem.
1203 3894 1339 3949 Haec
1377 3894 1538 3949 enim
1581 3898 1637 3949 et
1693 3895 1910 3951 similia
1949 3900 2118 3951 erant

456 3980 586 4051 ejus
626 3981 961 4038 substantia
992 4000 1061 4038 ac
1094 3982 1332 4039 divitias.

528 4070 689 4126 Vers.
743 4072 828 4126 13.
901 4074 1159 4129 Vivendo
1210 4104 1281 4114 -
1346 4073 1667 4132 luxuriose.
1708 4075 2113 4146 Prodigaliter,

454 4159 941 4233 intemperanter,
972 4162 1311 4227 libidinose,
1330 4162 1572 4219 lascive.

528 4250 697 4309 Vers.
746 4252 833 4309 14.
878 4252 1144 4323 Cumque
1190 4268 1392 4309 omma
1443 4256 1912 4324 consumpsisset.
1969 4258 2115 4312 Cum

458 4340 793 4411 abjecisset,
825 4347 929 4399 ant
981 4343 1324 4415 respuisset,
1356 4359 1731 4417 quascunque
1784 4346 2043 4404 habebat
2081 4363 2117 4405 a

458 4429 579 4486 Deo
612 4431 792 4488 bona.

526 4520 693 4576 Vers.
756 4520 844 4575 14.
898 4521 1085 4578 Facta
1131 4527 1216 4578 est
1263 4553 1330 4563 —
1373 4524 1498 4579 illa.
1552 4524 1660 4581 Ubi
1718 4526 1879 4581 enim
1933 4525 2117 4581 divini

454 4607 689 4663 timoris
715 4608 1085 4665 frumentum
1117 4627 1235 4666 non
1263 4613 1492 4679 seritur,
1520 4613 1597 4669 ibi
1657 4614 1845 4670 fames
1893 4615 2114 4670 valida.

455 4712 580 4751 non
619 4698 813 4768 panis,
848 4699 950 4754 sed
984 4698 1213 4756 virtutis
1248 4717 1261 4767 ;
1295 4701 1396 4758 ubi
1424 4702 1689 4759 fertilitas
1719 4705 1915 4760 omnis
1951 4704 2114 4772 mali,

459 4785 540 4842 ibi
582 4786 853 4843 sterilitas
883 4789 1081 4844 omnis
1110 4789 1273 4856 boni,
1599 4774 1602 4778 ’

529 4875 698 4931 Vers.
738 4879 820 4931 14.
853 4878 929 4932 Et
967 4909 1034 4919 —
1075 4894 1259 4947 egere.
1318 4881 1494 4935 Fame
1532 4880 1744 4951 premi,
1775 4881 2011 4954 dilapso
2040 4882 2120 4939 ab

468 4980 539 5021 eo
577 4966 742 5022 omni
781 4965 966 5033 bono,
999 4968 1249 5041 solaque
1280 4968 1711 5028 incontinentia
1739 4971 2037 5028 derelicta.

542 5145 712 5205 Vers.
752 5151 833 5203 l5.
866 5147 1236 5205 Et—illius.
1266 5146 1433 5203 Cives
1458 5148 1716 5218 regionis
1763 5149 1943 5218 illius,
1977 5154 2123 5223 puta.

468 5235 721 5308 peccati,
745 5241 885 5292 sunt
915 5236 1239 5294 daemones.
1283 5236 1610 5293 Distractus
1639 5254 1778 5310 ergo
1809 5256 1839 5295 a
1874 5246 2059 5312 patre,
2084 5257 2121 5297 ο

466 5339 757 5396 magnam
785 5326 1149 5384 dementiam
1179 5326 1192 5384 ι
1218 5326 1725 5385 εόὶιωεὶιίηίωὶοο
1751 5346 1763 5385 :
1798 5333 1853 5386 et
1878 5330 1978 5402 qui
1998 5345 2120 5386 non

2231 3812 2495 3883 χάρισμα,
2530 3812 2623 3865 τὴν
2653 3814 2748 3867 τῆς
2794 3807 2980 3878 ψυχῆς
3030 3807 3306 3877 εὐγένειαν,
3360 3811 3453 3864 τὴν
3484 3810 3611 3879 πρὸς
3652 3806 3839 3879 ἀρετὰς

2227 3893 2644 3954 ἐπιτηδειότητα.
2688 3904 2865 3948 Ταῦτα
2889 3898 2989 3969 γὰρ
3018 3901 3107 3948 καὶ
3138 3899 3206 3948 τὰ
3234 3903 3448 3948 τοιαῦτα
3508 3892 3642 3955 ἦσαν
3682 3896 3843 3949 οὐσία

2225 3991 2314 4038 καὶ
2348 3986 2567 4048 πλοῦτος
2609 3986 2789 4038 αὐτοῦ.

2297 4083 2406 4128 Ζῶν
2440 4109 2503 4117 -
2532 4075 2766 4138 ἀσώτως.
2799 4072 3067 4148 Ἀφειὸῶς,
3106 4075 3360 4151 ἀκρατῶς,
3404 4074 3723 4138 ἀκολάστως.

2301 4260 2507 4313 Δαπανή
2519 4275 2707 4324 σαντος
2734 4251 2793 4308 δὲ
2837 4255 2997 4307 αὐτοῦ
3020 4258 3207 4311 πάντα.
3241 4254 3617 4317 Ἀποὸαλόντος
3641 4257 3834 4328 πάντα,

2229 4346 2329 4398 ὅσα
2355 4342 2493 4417 εἶχεν
2525 4344 2579 4396 ἐκ
2605 4350 2751 4412 Θεοῦ,
2786 4343 2977 4417 ἀγαθά.

2301 4524 2524 4595 Ἐγένετο
2553 4556 2615 4566 -
2640 4524 2853 4581 ἐκείνην.
2884 4523 3174 4596 Ὀπου’γάρ
3204 4525 3339 4576 ὁτοῦ
3356 4526 3488 4578 θείου
3513 4524 3671 4598 φόϐου
3696 4532 3839 4586 σῖτος

2230 4615 2288 4666 οὐ
2309 4622 2636 4688 γεωργεῖται,
2696 4612 2801 4665 ἐκεῖ
2835 4613 2981 4686 λιμὸς
3043 4614 3290 4688 ἰσχυρὸς,
3345 4614 3439 4666 οὐκ
3490 4616 3672 4688 ἄρτου,
3728 4614 3836 4666 ἀλλ’

2232 4703 2414 4778 ἀρετῆς
2442 4724 2455 4736 ο
2481 4706 2609 4756 ὅπου
2642 4703 2855 4777 εῦφορία
2910 4707 3103 4765 παντὸς
3127 4711 3311 4769 κακοῦ,
3345 4706 3450 4756 ἐκεῖ
3489 4702 3675 4780 ἀφορία
3711 4724 3841 4756 παν-

2231 4798 2318 4856 τὸς
2348 4793 2528 4847 καλοῦ.

2305 4888 2503 4937 Καὶ-
2553 4884 2907 4955 ὑστερεῖσθαι.
2976 4884 3244 4944 Πένεσθαι,
3307 4879 3639 4958 διαῤῥυέντος
3698 4884 3841 4954 αὐτῷ

2230 4976 2421 5034 παντὸς
2486 4971 2707 5043 ἀγαθοῦ,
2772 4977 2860 5024 καὶ
2913 4977 3077 5044 μόνης
3122 4971 3516 5045 ὑπολειφθείσης
3556 4982 3647 5035 τῆς
3681 4971 3842 5048 ἀκρα-

2152 5080 2195 5134 D
2234 5066 2348 5122 σίας
2380 5060 2491 5133 (77)
2504 5104 2515 5116 .

2308 5149 2737 5211 Καὶ-ἐκείνης.
2792 5148 3011 5203 Πολίται
3066 5160 3162 5211 τῆς
3222 5156 3403 5225 χώρας
3456 5151 3668 5222 ἐκείνης,
3722 5156 3844 5211 ἦτοι

2231 5249 2322 5301 τῆς
2377 5240 2657 5315 ἁμαρτίας,
2713 5242 2761 5293 οἱ
2815 5236 3060 5313 δαίμονες
3114 5278 3128 5291 .
3191 5238 3510 5316 ἀπορῥαγεὶς
3588 5238 3676 5295 οὖν
3750 5250 3844 5295 τοῦ

2231 5333 2446 5406 πατρὸς,
2500 5334 2539 5381 ὧ
2593 5330 2785 5394 πολλῆς
2830 5329 3000 5391 ἀνοίας
3042 5328 3335 5390 Ῑέκολλήθη
3397 5339 3468 5405 τῷ
3508 5330 3705 5409 ἐχθρῷ,
3751 5342 3848 5394 καὶ

1661 5508 1885 5577 Varia;
1937 5507 2266 5579 lectiones
2320 5519 2385 5578 et
2424 5517 2625 5579 notas.

550 5695 827 5774 (15)_Po_st
853 5697 979 5774 haec
1004 5701 1127 5757 duo
1158 5701 1383 5758 scholia
1416 5718 1447 5758 e
1479 5704 1749 5774 margine
1785 5705 1875 5761 sui
1907 5705 2127 5762 codicis

469 5765 699 5827 addidit
732 5771 1069 5841 Hentenius,
1093 5788 1355 5845 quorum
1388 5774 1546 5831 nulla
1574 5765 1803 5850 reperio
1823 5777 2093 5848 vestigia.

2336 5707 2425 5780 76)
2449 5709 2724 5780 Παρέμενε.
2758 5708 2799 5761 Α
2813 5747 2826 5761 .

2336 5708 2404 5761 76
2449 5709 2724 5780 Παρέμενε.
2758 5708 2826 5761 Α.

2312 5708 2426 5852 ἒΤῚζ
2446 5786 2553 5840 Τῆς
2575 5779 2920 5856 ἀκαθαρσίας.
2953 5780 3019 5836 Α.
