4128 6384
301 334 441 398 1023

1360 334 1730 398 COMMENT.
1783 339 1852 395 IN
1893 332 2146 397 LUCAM.
2187 371 2255 381 —
2294 336 2456 398 CAP.
2507 334 2637 397 XV.

3555 330 3691 395 1026

301 488 372 541 μη
438 467 794 540 ἀνασχόμενος
864 467 1169 538 πειθαρχεῖν
1233 475 1305 538 τῷ
1378 466 1718 543 φιλανθρώπῳ
1772 474 1904 539 Θεῷ,

2055 467 2383 523 ustinuerat
2400 481 2604 538 parere
2626 465 2745 521 Deo
2770 463 3237 532 humanissimo,
3257 463 3495 520 servivit
3516 464 3690 520 inhu-

302 556 538 612 ἐδούλευε
573 566 645 628 τῷ
686 560 1042 632 μισανθρὼπῳ
1077 554 1309 629 δαίμονι.

379 653 480 701 Καὶ
536 679 606 688 —
653 653 889 723 χοίρους.
952 648 1133 709 Οὕτως
1204 650 1252 699 οἱ
1322 644 1563 720 δαίμονες
1611 646 1910 720 ἀμείϐονται

305 742 428 800 τούς
471 738 823 809 κολλωμένους
869 738 1067 800 αὐτοῖς.
1126 738 1282 795 Δηλοῖ
1333 735 1390 790 δε
1438 739 1462 789 ὀ
1506 738 1676 809 λόγος,
1726 744 1817 797 τὴν
1863 737 1910 789 ἐ-

309 831 519 900 σχάτην
544 836 635 880 τοῦ
669 826 848 880 ἀθλίου
891 824 1148 891 δουλείαν,
1179 827 1578 901 ίπιταττομένου
1622 832 1687 881 τά
1731 831 1911 901 ἀτιμόο

306 938 459 972 τατα.
510 920 604 969 Διά
651 925 803 969 τοῦτο
831 920 932 990 γὰρ
976 922 1064 969 καὶ
1126 916 1367 969 πλατύνει
1413 923 1506 976 τὴν
1548 917 1847 993 παραϐολὴν
1886 920 1912 971 6

309 1010 561 1078 Χριστὸς,
620 1012 709 1059 καὶ
751 1006 1074 1081 λεπτομερώς
1120 1003 1446 1079 ἐκτραγῳδεῖ
1499 1011 1564 1059 τά
1615 1016 1711 1070 τῆς
1777 1028 1911 1081 συμ-

305 1104 487 1171 φορᾶς,
548 1098 631 1148 ἵνα
679 1098 923 1169 μάθωμεν
993 1094 1078 1149 οἶα
1129 1099 1438 1169 πάσχουσιν
1491 1100 1539 1149 οἱ
1596 1097 1915 1171 ἀποφοιτὼν-

304 1206 390 1249 τις
427 1194 526 1239 τῶν
581 1184 794 1237 ἐντολῶν
846 1193 934 1237 τοῦ
984 1194 1139 1253 Θεοῦ,
1172 1192 1258 1239 καί
1315 1192 1652 1260 πορευόμενοι
1690 1191 1825 1240 κατά
1854 1192 1912 1240 τὸ

260 1348 263 1351 _
302 1274 444 1328 ἴδιον
468 1275 684 1347 θέλημα.

377 1363 487 1418 Εἶεν
524 1361 573 1417 δ’
618 1362 679 1414 ἂν
720 1363 872 1437 ἀγροὶ
912 1367 1001 1437 μὲν
1032 1372 1125 1416 τοῦ
1167 1360 1411 1437 δαίμονος
1443 1368 1496 1417 αἱ
1540 1367 1757 1439 ἄσεμνοι
1798 1364 1914 1420 διοι-

301 1454 501 1529 τριϐαί·
551 1461 752 1528 χοῖροι,
780 1450 839 1506 δε
881 1456 929 1506 οἰ
979 1451 1251 1525 φιλήδονοι
1303 1461 1392 1507 καὶ
1442 1453 1800 1531 βορϐορώδεις
1828 1457 1913 1509 λο-

301 1549 509 1616 γισμοὶ,
569 1543 655 1604 οὓς
723 1545 747 1595 6
823 1543 1149 1619 ταλαίπωρος
1232 1549 1427 1620 τρέφειν
1498 1550 1587 1599 καὶ
1657 1551 1911 1621 περιέπειν

302 1652 680 1707 προσετέτακτο
694 1678 707 1691 ,

380 1728 478 1776 Καὶ
511 1753 577 1764 -
623 1730 823 1797 χοῖροι.
884 1725 1108 1797 Κεράτία
1147 1726 1281 1775 κατά
1328 1722 1619 1795 ἀναγωγὴν,
1673 1728 1727 1778 αἰ
1786 1723 1913 1784 ἡδο-

304 1818 410 1877 ναὶ,
468 1814 552 1874 αἷς
608 1814 656 1864 οἱ
714 1810 1025 1873 δηλωθέντες
1079 1812 1325 1886 λογισμοὶ
1384 1818 1671 1887 τρέφονται.
1711 1815 1911 1892 Ὠσπερ
1945 1830 1985 1883 Β

302 1906 406 1976 γάρ
452 1901 617 1955 ἐκεῖνα
656 1902 1029 1973 γλυκαίνουσιν
1084 1901 1167 1955 ἐπὶ
1200 1902 1383 1976 βραχύ
1421 1910 1513 1961 τὴν
1557 1912 1759 1975 γεῦσιν,
1804 1902 1915 1957 εἶτα

309 1996 596 2065 στύφουσιν
643 1995 725 2045 ἐπὶ
767 1992 959 2045 πλεῖον⁸
1014 1994 1147 2044 οὕτω
1194 1998 1282 2045 καὶ
1311 1994 1467 2045 αὗται
1514 2000 1571 2046 τό
1603 1999 1691 2067 μὲν
1725 1992 1915 2053 ἡδύνον

305 2093 510 2157 πρῶτον
538 2087 627 2135 καὶ
650 2102 970 2157 πρόσκαιρον
1000 2085 1219 2154 ἔχουσι·
1260 2087 1318 2135 τὸ
1352 2081 1409 2136 δὲ
1442 2093 1732 2159 πικραῖνον,
1762 2085 1919 2137 ύστε-

306 2191 397 2247 ρον
427 2177 517 2225 καὶ
558 2172 787 2225 αἰώνιον.

386 2356 486 2405 Καὶ
561 2349 733 2413 οὐδεὶς
814 2349 1001 2406 ίδίδου
1069 2353 1229 2425 αὐτῷ.
1308 2352 1495 2416 Οὐδεὶς
1544 2351 1727 2407 ἐδίδου
1779 2355 1918 2427 αὐτῷ

310 2444 653 2517 κορεσθῆναι.
687 2449 925 2496 Τοιοῦτοι
965 2446 1067 2516 γὰρ
1108 2446 1157 2495 οἰ
1204 2440 1466 2517 δαίμονες,
1517 2445 1611 2497 ούκ
1655 2443 1779 2497 ἐῶσί
1803 2466 1919 2497 τινα

310 2534 629 2607 κορεσθῆναι
689 2528 1014 2604 φιληδονίας,
1060 2535 1141 2585 ἶνα
1193 2538 1263 2606 μὴ
1313 2539 1455 2605 ταχύ
1508 2538 1781 2593 παῦσηται
1824 2545 1917 2598 τῆς

314 2621 593 2695 ἁμαρτίας,
624 2620 702 2675 ἀεὶ
735 2619 793 2674 δὲ
824 2628 917 2681 τὴν
950 2623 1113 2697 ὄρεξιν
1141 2622 1433 2698 ἐρεθίζουσι
1463 2630 1550 2675 καὶ
1595 2624 1919 2698 ἀποκάμνου-

313 2732 410 2764 σαν
439 2711 810 2785 ἀνεγείρουσιν.

385 2802 472 2863 Εἰς
522 2801 702 2854 ἑαυτὸν
756 2798 815 2854 δε
876 2800 1052 2871 ἐλθών,
1098 2802 1314 2855 Ἐαυτοῦ
1353 2808 1633 2875 γενόμενος,
1680 2806 1705 2856 6
1752 2804 1914 2869 ἐστιν,

310 2891 606 2962 ἀνανήψας,
638 2894 706 2953 ὡς
739 2891 852 2963 (78)
892 2891 946 2943 ἐκ
992 2894 1154 2965 μέθης
1190 2898 1279 2944 καὶ
1319 2895 1501 2967 κάρουο
1533 2892 1788 2965 ἀφυπνισε
1816 2896 1916 2968 γὰρ

308 2981 468 3032 αὐτὸν
508 2982 536 3039 ἠ
571 2983 915 3035 κακοπάθεια.

382 3067 510 3125 Εἶπε
557 3100 626 3112 -ι
683 3069 995 3143 ἀπόλλυμαι.
1046 3074 1307 3134 Μισθίους
1353 3076 1442 3145 μὲν
1490 3077 1591 3125 νόει
1644 3074 1758 3145 (79)
1808 3094 1918 3145 μοι,

2025 559 2365 612 manissimo
2407 555 2689 611 daemoni.

2092 648 2257 703 Vers.
2290 648 2375 701 15.
2436 648 2637 717 Atque
2664 676 2733 685 —
2756 660 2978 713 porcos.
3036 644 3115 699 Ita
3136 644 3439 700 daemones
3493 659 3689 700 remu-

2023 741 2236 791 nerant
2274 752 2399 801 eos,
2460 736 2564 807 qui
2611 734 2719 790 sibi
2766 734 3092 791 adhaerent.
3146 733 3446 805 Signiﬁcat
3484 739 3688 790 autem

2023 844 2214 883 sermo
2240 833 2564 882 extremam
2598 826 2799 881 miseri
2837 827 3202 890 servitutem,
3254 825 3349 880 cui
3396 823 3691 895 indignis-

2025 918 2180 972 sima
2203 916 2647 988 praecipiuntur.
2676 915 2992 987 PrOpterea
3014 914 3175 971 enim
3197 913 3409 971 dilatat
3430 913 3693 970 Christus

2025 1006 2397 1080 parabolam,
2414 1012 2468 1061 et
2482 1006 2819 1061 minutatim
2835 1022 2931 1061 am
2942 1005 3312 1077 pliﬁcatquae
3327 1003 3689 1061 calamitatis

2026 1104 2188 1154 erant
2217 1114 2230 1152 :
2267 1104 2328 1153 ut
2367 1098 2671 1153 discamus
2728 1096 2933 1169 qualia
2984 1097 3289 1168 patiantur
3319 1096 3355 1150 ii
3386 1097 3491 1167 qui
3525 1111 3561 1151 a
3593 1093 3691 1150 Dei

2025 1189 2331 1260 praeceptis
2359 1188 2661 1253 recedunt,
2706 1193 2761 1243 et
2811 1186 2933 1241 suis
2964 1184 3373 1242 voluntatibus
3408 1184 3691 1256 gradiun-

2025 1282 2139 1333 tur.

2097 1368 2293 1423 Potest
2321 1382 2565 1439 quoque
2613 1364 2749 1422 villa
2787 1363 3084 1420 daemonis
3136 1363 3247 1419 dici
3273 1362 3522 1435 indigna
3551 1378 3694 1419 con-

2022 1458 2277 1514 versatio
2333 1474 2346 1526 ;
2406 1458 2570 1529 porci
2622 1472 2784 1522 vero,
2836 1454 3171 1526 voluptates
3250 1469 3320 1509 ac
3394 1453 3691 1508 lutulenta:

2025 1545 2435 1617 cogitationes,
2469 1561 2619 1618 quas
2667 1543 2845 1600 miser
2882 1558 3124 1615 pascere
3151 1558 3220 1599 ac
3265 1541 3461 1598 fovere
3487 1542 3697 1613 jussus

2023 1641 2131 1694 est.

2095 1727 2254 1781 Vers.
2288 1725 2381 1781 16.
2424 1724 2499 1779 Et
2530 1754 2598 1763 —
2625 1722 2809 1792 porci.
2846 1721 3108 1794 Siliquae,
3154 1721 3323 1792 juxta
3353 1735 3694 1793 anagogen,

2030 1816 2355 1887 voluptates
2422 1818 2579 1882 sunt,
2656 1812 2875 1884 quibus
2938 1812 3235 1883 praedictae
3302 1811 3695 1880 cogitationes

2029 1907 2386 1962 nutriuntur.
2417 1901 2946 1969 Quemadmodum
2977 1901 3136 1956 enim
3163 1900 3392 1973 siliquae
3421 1901 3493 1955 ad
3514 1901 3695 1956 breve

2028 1996 2289 2068 spatium
2343 1993 2541 2063 gustui
2581 1990 2944 2057 dulcescunt,
2978 1990 3193 2045 deinde
3249 1997 3310 2044 ut
3365 1989 3693 2061 plurimum

2027 2085 2439 2153 constringunt
2471 2099 2484 2136 :
2512 2081 2594 2137 ita
2624 2087 2679 2137 et
2698 2080 2753 2135 in
2779 2080 2889 2145 his,
2910 2080 3073 2151 quod
3095 2094 3277 2135 suave
3296 2087 3406 2144 est,
3431 2078 3696 2150 primum

2029 2180 2086 2232 et
2107 2176 2183 2232 ad
2208 2183 2442 2245 tempus
2463 2172 2701 2235 habent,
2726 2172 2891 2243 quod
2923 2175 3125 2225 autem
3156 2185 3434 2225 amarum
3464 2176 3694 2224 etacer-

2026 2267 2196 2330 bum,
2231 2263 2529 2336 posterius
2560 2265 2649 2316 est
2677 2277 2745 2315 ac
2773 2264 3083 2315 aeternum.

2100 2356 2246 2410 Vers
2262 2397 2274 2410 .
2301 2354 2389 2408 16.
2405 2351 2847 2424 Necqm'squam
2860 2350 3163 2407 illidabat.
3184 2348 3394 2406 Nullus
3412 2348 3494 2405 illi
3512 2348 3699 2405 daba-

2030 2445 2103 2501 ad
2154 2444 2484 2500 satietatem
2519 2441 2912 2513 ;hujusmodi
2944 2441 3101 2495 enim
3159 2440 3463 2495 daemones
3513 2438 3699 2494 nemi-

2028 2553 2166 2592 nem
2194 2534 2399 2589 sinunt
2421 2532 2621 2587 satiari
2661 2530 3167 2603 voluptatibus,ne
3194 2529 3363 2584 citius
3386 2544 3421 2584 a
3453 2531 3699 2601 peccato

2026 2627 2293 2699 quiescat
2318 2639 2332 2678 :
2366 2636 2601 2693 semper
2630 2621 2780 2676 enim
2798 2620 3057 2676 excitant
3084 2618 3418 2691 appetitum
3445 2633 3514 2674 ac
3536 2615 3703 2673 defa-

2027 2714 2373 2784 tigationem
2423 2711 2731 2766 suscitant.

2100 2803 2265 2857 Vers.
2324 2807 2403 2857 t7.
2460 2802 2531 2856 In
2576 2815 2635 2856 se
2700 2805 2897 2855 autem
2952 2813 3237 2855 reversus.
3296 2797 3397 2853 Sui
3445 2811 3697 2869 compos

2028 2891 2274 2949 effectus
2337 2909 2350 2945 :
2405 2891 2520 2946 hoc
2590 2892 2697 2954 est,
2756 2896 3044 2959 tanquam
3115 2888 3539 2960 expergiscens
3620 2884 3699 2943 ab

2029 2981 2335 3046 ebrietate,
2370 2978 2661 3051 gravique
2702 2995 2938 3044 somno,
2991 2984 3048 3033 et
3084 2978 3461 3049 resipiscens.

2102 3073 2265 3128 Vers.
2304 3076 2386 3126 17.
2443 3069 2610 3125 Dixit
2656 3100 2722 3107 —
2755 3083 2947 3137 pereo.
2982 3067 3375 3123 Mercenarios
3432 3064 3702 3136 intelligi-

305 3164 433 3222 τούς
476 3163 546 3213 ἔτι
605 3166 1059 3234 κατηχουμένους,
1114 3166 1203 3214 καὶ
1252 3167 1409 3234 μήπω
1452 3159 1544 3215 διά
1593 3171 1685 3215 τοῦ
1719 3162 1919 3235 βαπτί-

2049 3179 2166 3217 nus
2193 3177 2295 3216 eos
2323 3159 2426 3231 qui
2458 3158 2653 3213 adhuc
2706 3161 2845 3212 sunt
2875 3156 3312 3223 catechumeni,
3342 3160 3397 3211 et
3424 3155 3699 3211 nondum

310 3269 507 3323 σματος
537 3251 949 3319 υἰοθετηθέντας,
992 3252 1063 3312 οἷς
1093 3253 1285 3323 μισθὸς
1329 3260 1419 3312 τῆς
1449 3258 1668 3313 πίστεως
1709 3250 1921 3305 δίδοται

308 3342 340 3397 ἠ
408 3342 650 3392 υἱοθετία
682 3359 694 3372 '
738 3342 933 3413 ἄρτους
993 3337 1070 3406 δὲ,
1125 3344 1217 3403 τὰς
1263 3343 1534 3415 θρεπτικάς
1592 3351 1690 3394 τῶν
1729 3342 1920 3414 ψυχῶν

310 3425 687 3490 διδασκαλίας.
719 3435 883 3487 Φησὶν
929 3426 1014 3482 οὖν
1060 3429 1113 3481 ἐκ
1147 3429 1341 3504 βαθους
1379 3428 1624 3507 καρδίας·
1647 3430 1728 3502 ξὨ.
1766 3437 1922 3483 πόσοι

308 3520 521 3590 μίσθιοι
576 3526 666 3570 τοῦ
724 3524 921 3592 πατρός
976 3539 1075 3592 μου
1130 3519 1187 3572 ού
1254 3526 1405 3592 μόνον
1472 3524 1662 3592 ἔχουσι
1728 3524 1921 3595 τροφὴν

308 3607 578 3679 ψυχικὴν,
632 3606 760 3660 ἀλλά
806 3614 893 3660 καὶ
938 3615 1148 3683 τρυφήν
1195 3618 1345 3662 τοῦτο
1374 3612 1474 3684 γὰρ
1507 3614 1564 3662 τὸ
1602 3612 1922 3683 περισσεύειν

315 3702 583 3768 σημαίνει·
618 3696 718 3769 ἐγὼ
757 3695 815 3750 δὲ
846 3700 871 3750 6
909 3701 1040 3764 υἱός,
1082 3698 1215 3772 λιμῷ
1262 3699 1576 3772 ἀπόλλυμαι.
1621 3707 1801 3752 Ταῦτα
1837 3703 1925 3751 καὶ

309 3789 379 3838 τά
410 3786 530 3849 ἑξῆς
559 3787 923 3860 παραϐολικὼς
954 3784 1299 3861 διηγούμενος
1326 3792 1350 3841 6
1383 3795 1582 3862 Σωτὴρ,
1612 3794 1771 3843 τύπον
1798 3794 1923 3865 ἡμῖν

308 3882 587 3950 μετανοίας
627 3877 851 3940 ἀληθοῦς
883 3875 1278 3952 παραδδίωσιν.

387 3966 649 4030 Ἀναστὰς
678 3998 744 4009 -
787 3988 908 4040 μου.
945 3968 1196 4030 Ἀναστὰς
1233 3968 1335 4022 ἀπὸ
1387 3978 1478 4023 τοῦ
1528 3976 1800 4045 πτώματος
1830 3984 1889 4034 τῆ
1901 3996 1922 4037 ς

310 4057 575 4132 ἁμαρτίας
608 4058 719 4131 (80)
732 4098 743 4110 .

389 4241 492 4290 Καὶ
519 4236 615 4313 ἔρῶ
640 4269 706 4279 -
736 4237 970 4311 ούρανόν.
1003 4237 1092 4301 Ὠς
1128 4244 1459 4313 προτιμήσας
1492 4240 1652 4294 αὐτοῦ
1682 4246 1775 4300 τὴν
1801 4250 1921 4316 γῆν,

308 4330 436 4385 ἦτοι
462 4335 560 4378 τῶν
591 4326 842 4401 ούρανίων
875 4326 1081 4399 ἀγαθῶν
1122 4332 1187 4382 τὰ
1207 4335 1384 4401 γήϊνασ

2030 3269 2135 3325 per
2152 3248 2521 3323 baptismum
2547 3247 2830 3318 adoptati,
2860 3246 3073 3319 quibus
3090 3264 3318 3301 merces
3340 3245 3480 3301 ﬁdei
3501 3243 3701 3301 datur-

2032 3349 2177 3415 puta
2224 3342 2505 3411 adOptio:
2550 3354 2737 3409 panes
2791 3354 2949 3400 vero,
3005 3336 3303 3392 doctrinas
3360 3337 3701 3391 animarum

2032 3430 2367 3487 nutritivas.
2417 3427 2565 3481 Dicit
2615 3443 2757 3496 ergo
2810 3426 2887 3481 ab
2936 3425 3147 3481 intimo
3182 3425 3380 3481 cordis
3438 3426 3704 3495 :Oquot

2033 3518 2387 3577 mercenarii
2437 3517 2622 3588 patris
2676 3518 2789 3572 mei
2824 3532 2945 3571 non
3000 3516 3179 3572 modo
3234 3515 3438 3571 cibum
3480 3513 3705 3569 habent

2033 3610 2397 3677 animarum,
2471 3607 2577 3662 sed
2629 3611 2686 3662 et
2732 3606 2977 3661 delicias
3038 3604 3145 3661 lld
3197 3606 3357 3661 enim
3407 3602 3705 3674 signiﬁcat

2033 3700 2364 3758 abundare.
2411 3700 2532 3767 Ego
2563 3703 2762 3753 autem
2816 3696 2922 3769 qui
2947 3696 3104 3751 filius
3130 3712 3282 3759 sum,
3309 3696 3465 3750 fame
3498 3708 3699 3766 pereo.

2036 3792 2167 3846 Haec
2189 3795 2245 3845 et
2272 3805 2343 3844 ea
2379 3802 2513 3859 quae
2546 3791 2895 3858 sequuntur,
2934 3784 3274 3857 parabolice
3301 3800 3553 3839 narrans
3584 3781 3705 3840 Sal-

2032 3890 2222 3943 vator,
2254 3892 2409 3933 vera)
2427 3875 2787 3947 paenitentiae
2820 3875 3075 3945 figuram
3108 3874 3284 3929 nobis
3320 3872 3522 3928 tradit.

2109 3972 2271 4026 Vers.
2329 3972 2417 4027 18.
2471 3966 2738 4037 Surgens
2786 3995 2855 4003 —
2904 3979 3118 4020 meum.
3164 3965 3423 4034 Surgens
3478 3977 3514 4018 a
3564 3976 3705 4017 casu

2036 4060 2283 4135 peccati.

2106 4154 2149 4224 ιι·
2181 4154 2444 4210 Honeste
2495 4164 2565 4203 eo
2595 4149 2858 4202 revertar
2889 4143 3048 4199 unde
3089 4141 3244 4199 male
3275 4142 3450 4198 exivi.

2106 4245 2273 4299 Vers.
2306 4242 2392 4296 18.
2412 4240 2737 4309 Dicamque
2768 4267 2830 4275 —
2865 4234 3099 4291 caelum.
3124 4232 3484 4304 Prteponens
3506 4231 3706 4290 videli-

2037 4340 2125 4391 cet
2159 4333 2237 4389 illi
2269 4340 2506 4395 terram,
2541 4328 2664 4382 sive
2692 4323 2868 4381 bonis
2925 4322 3266 4380 caelestibus
3306 4328 3557 4378 terrena.

386 4418 430 4485 -ι-
456 4416 659 4473 Timeo
688 4418 845 4472 enim
888 4418 1248 4474 ﬁrmamenti
1297 4425 1630 4492 aspectum,
1667 4426 1962 4497 tanquam
2004 4422 2371 4485 accusatoris
2399 4433 2631 4475 vocem.

394 4511 494 4559 Καὶ
525 4505 737 4559 ἐνώπιον
778 4526 897 4563 σου.
945 4512 1218 4577 Τουτέστι,
1247 4514 1337 4561 καὶ
1369 4509 1439 4571 εἰς
1474 4513 1551 4580 σὲ,
1582 4514 1648 4574 ὡς
1677 4522 1933 4590 προτιμή-

317 4615 417 4658 σας
439 4604 530 4648 τοῦ
563 4604 657 4649 σοῦ
692 4597 980 4669 θελήματος
1006 4601 1064 4650 τὸ
1096 4596 1237 4670 ἐμόν.

388 4687 433 4756 -ι-
465 4684 680 4742 Vereor
712 4693 822 4742 tuae
845 4688 1174 4742 divinitatis
1200 4688 1396 4744 lucem
1423 4689 1638 4746 intueri
1674 4709 1686 4748 :
1714 4696 1991 4752 sordidos

2114 4516 2281 4570 Vers.
2314 4510 2399 4565 18.
2428 4508 2507 4564 Et
2547 4521 2748 4563 coram
2783 4510 2855 4561 te.
2890 4503 3023 4561 Hoc
3044 4506 3098 4560 et
3126 4502 3187 4559 in
3221 4509 3293 4570 te,
3324 4505 3387 4559 ut
3411 4500 3517 4576 qui
3542 4505 3707 4559 tuam

2045 4604 2415 4663 voluntatem
2457 4594 2774 4670 posthabui
2823 4610 2989 4649 mese.

2037 4694 2200 4752 enim
2247 4690 2443 4748 habeo
2483 4684 2749 4757 corporis
2783 4690 2837 4739 et
2868 4684 3085 4739 anima:
3115 4682 3348 4740 oculos.

393 4781 494 4828 Καὶ
536 4806 607 4817 -
666 4795 779 4833 σου.
817 4776 905 4839 Ὠς
958 4775 1178 4840 ἀναξίως
1222 4780 1459 4831 τοιούτου
1519 4785 1719 4855 πατρὸς
1774 4785 1923 4838 πολι-

2107 4784 2274 4839 Vers.
2312 4781 2395 4835 19.
2428 4778 2546 4835 Nec
2590 4806 2659 4814 —
2687 4781 2843 4831 tuus.
2900 4773 3051 4840 Quia
3086 4772 3182 4830 tali
3236 4778 3408 4846 patre
3464 4770 3709 4842 indigne

313 4867 653 4937 τευσάμενος.

392 4957 626 5013 Ποίησον
694 4985 764 4995 —
835 4974 956 5013 σου.
1018 4954 1159 5009 Ἐπεὶ
1224 4964 1316 5018 τῆς
1395 4963 1606 5031 πρώτης
1690 4958 1929 5023 ἐξέπεσον

311 5043 530 5108 τάξεως,
561 5042 781 5106 ἀξίωσον
824 5065 888 5117 με
931 5054 1021 5105 τῆς
1066 5042 1333 5120 δευτέρας,
1363 5052 1516 5119 μόνον
1558 5053 1628 5121 μὴ
1676 5050 1930 5112 παντελῶς

312 5133 616 5209 ἀπορρίψῃς
658 5153 738 5207 με.
775 5138 1145 5197 Δυσωπητιχός
1176 5137 1199 5188 6
1230 5135 1402 5209 λόγος,
1434 5142 1523 5190 καὶ
1552 5135 1782 5213 καρδίας
1834 5160 1932 5194 πα-

310 5232 469 5299 τρικῆ
484 5245 506 5286 ς
532 5222 837 5299 ἁπτόμενος.

2039 4874 2424 4930 conversatus
2445 4882 2600 4921 sum.

2109 4962 2276 5018 Vers.
2324 4959 2411 5014 19.
2486 4956 2611 5011 Fac
2659 4985 2725 4993 —-
2770 4954 2908 5009 tuis.
2946 4954 3026 5008 Ex
3077 4969 3199 5025 quo
3261 4952 3453 5024 primo
3495 4949 3710 5007 ordine

2040 5051 2255 5114 excidi,
2276 5050 2525 5119 dignare
2558 5059 2651 5098 me
2670 5043 2763 5098 vel
2785 5044 3042 5097 secundo
3066 5062 3077 5101 :
3100 5049 3354 5105 tantum,
3380 5057 3453 5095 ne
3475 5040 3711 5112 penitus

2039 5139 2286 5209 abjicias
2318 5153 2432 5192 me.
2482 5133 2794 5195 Placabilis
2824 5137 2914 5189 est
2946 5148 3161 5200 sermo,
3197 5138 3252 5187 et
3285 5146 3387 5187 cor
3409 5128 3711 5200 attingens

2040 5234 2383 5303 paternum.

1540 5433 1758 5503 Variae
1777 5434 2108 5504 lectiones
2138 5446 2201 5504 et
2253 5443 2458 5503 notae.

386 5629 505 5701 (78)
539 5629 629 5690 Ὠς
659 5628 849 5684 abest.
892 5629 963 5686 A.

392 5700 509 5769 (79)
541 5708 773 5773 Νοοῦμεν
807 5701 1037 5757 videtur
1066 5700 1367 5757 invenisse
1407 5700 1749 5759 Hentenius.

391 5775 510 5852 (80)
543 5774 646 5830 Hic
677 5780 731 5831 et
760 5773 1044 5852 deinceps
1089 5773 1410 5831 Hentenius
1440 5792 1508 5831 ex
1540 5776 1809 5851 margine
1838 5776 1934 5834 sui

2046 5632 2268 5690 codicis
2330 5630 2605 5705 breviora
2656 5628 2846 5686 crucis
2889 5628 3059 5703 signo
3086 5627 3427 5696 inculcavit,
3471 5642 3607 5705 qua:
3649 5626 3715 5685 in

2043 5712 2251 5762 neutro
2296 5721 2562 5762 meorum
2591 5703 2892 5776 leguntur.
