4128 6408
461 324 599 384 1027
1788 316 2148 383 EUTHYMII
2185 315 2515 380 ZlGABENl
3719 322 3866 387 1028

537 456 579 525 -ι-
606 449 727 509 Hoc
768 456 877 518 est,
911 466 987 508 ne
1026 466 1125 507 me
1161 448 1240 506 ab
1264 448 1566 507 atrio.tuo
1595 448 1880 522 expelles,
1908 448 2179 514 Domine,
2213 464 2286 503 ne
2314 448 2629 506 inventum
2657 466 2753 508 me
2790 467 3029 509 rursum
3063 454 3384 517 errantem,
3416 450 3698 509 inimicus
3734 459 3867 511 tan-

466 560 652 619 quam
688 544 996 614 captivum
1020 541 1297 596 abducat.

545 635 709 689 Vers.
744 636 835 690 20.
863 632 941 687 Et
960 663 1025 676 ——
1057 642 1246 685 suum.
1268 660 1337 669 —
1369 629 1554 694 Venit,
1582 629 1697 686 hoc
1723 634 1828 694 est,
1858 629 2137 686 veniebat
2168 684 2175 693 ,

2324 636 2424 683 Καὶ
2475 663 2537 671 —
2597 632 2781 687 αὐτοῦ.
2830 630 3035 696 Ἦλθεν,
3085 631 3197 685 ἀντὶ
3229 638 3342 698 τοῦ,
3384 630 3632 705 Ἦρχετο,
3664 632 3863 709 θαρρἠ

471 729 711 795 sumpta
758 720 980 775 ﬁducia
1019 720 1092 774 de
1128 718 1280 773 illius
1316 719 1729 773 misericordia.
1772 735 1784 784 ;
1818 719 2101 789 oporteba

2252 741 2344 782 σας
2395 728 2502 782 τοῖς
2551 721 2712 773 αι)τοῦ
2766 721 3105 793 σπλάγχνοις.
3138 726 3249 794 Χρὴ
3297 725 3399 797 γὰρ
3431 726 3501 793 μὴ
3534 728 3685 795 μόνον
3718 723 3860 796 βου-

464 812 626 869 enim
652 828 770 868 non
800 812 994 866 solum
1018 809 1159 864 bene
1190 808 1358 876 velle,
1392 808 1493 863 sed
1522 815 1577 864 et
1605 826 1741 881 quas
1773 809 1979 864 animo
2004 824 2094 864 cor

2246 810 2488 863 λεύεσθαι
2539 810 2728 882 καλῶς,
2786 810 2913 863 ἀλλὰ
2968 818 3059 865 καὶ
3106 814 3351 886 πράττειν
3420 815 3487 864 τὰ
3576 811 3860 885 βεϐουλευ-

468 906 642 972 cepta
668 906 805 956 sunt
841 899 1089 971 Operari.

759 906 805 956 1t
841 899 1089 971 operari.
2244 905 2389 973 μένα.

534 992 699 1047 Vers.
750 989 839 1044 20.
897 989 1042 1044 Cum
1084 1019 1153 1027 —
1185 989 1331 1056 ejus.
1381 988 1423 1043 Ο
1464 987 1657 1042 visum
1713 987 2132 1059 compatientis

2316 989 2433 1044 Ἐτι
2487 1020 2555 1030 -
2636 990 2818 1043 αὐτοῦ.
2891 990 2962 1043 Ὠ
3043 993 3488 1064 συμπαθεστάτης
3554 990 3854 1054 ὀξυωπίαςὲ

463 1079 876 1136 acutissimum
903 1077 914 1131 l
938 1075 1124 1131 Simul
1161 1080 1222 1130 ut
1242 1075 1374 1147 quis
1400 1074 1802 1148 resipiciscere
1826 1076 1884 1130 in
1925 1076 2089 1131 anim

2240 1078 2383 1143 Ἀμα
2436 1100 2516 1141 τις
2577 1078 2865 1148 ἐνεθυμήθη
2942 1088 3278 1152 μετανοῆσαι,
3336 1084 3426 1132 καὶ
3491 1081 3602 1153 ἅμα
3674 1090 3859 1134 τοῦτον

464 1167 757 1242 cogitavit,
810 1167 971 1222 hunc
1018 1166 1193 1220 etiam
1248 1164 1427 1220 simul
1478 1164 1607 1235 ipse
1662 1164 1830 1230 vidit,
1881 1171 2092 1237 paratu

2243 1166 2376 1221 εἶδεν
2438 1169 2617 1235 αὐτὸς,
2681 1170 2886 1241 ἕτοιμος
2952 1169 3021 1222 ὢν
3077 1168 3159 1223 ἀεὶ
3220 1173 3351 1244 πρὸς
3411 1168 3691 1242 ὑποδοχὴν
3752 1180 3858 1223 τῶν

464 1272 703 1328 semper
744 1256 823 1311 ad
862 1271 1071 1311 eorum
1103 1253 1210 1325 qui
1241 1260 1659 1309 convertentur
1690 1253 2094 1326 susceptione:

2242 1257 2671 1333 ἐπιστρεφόντων,
2729 1263 2818 1310 καὶ
2882 1258 3035 1321 εὐθὺς
3096 1258 3151 1310 ἐκ
3206 1264 3493 1332 προοιμίων
3545 1269 3637 1322 τῆς
3698 1280 3862 1332 μετα-

462 1353 518 1402 et
538 1347 617 1403 ab
682 1344 930 1402 exordio
980 1344 1180 1399 statim
1231 1344 1596 1415 poenitentiae
1642 1343 1770 1399 illos
1820 1343 2092 1415 recipiens

2239 1353 2380 1410 νοίας
2441 1347 2944 1420 ἀντιλαμϐανόμενος
3000 1348 3189 1403 αὐτῶν.
3253 1349 3507 1401 Ἐντεῦθεν
3556 1345 3642 1400 οὖν
3679 1353 3709 1408 ἤ
3756 1370 3863 1403 πα·-

461 1438 610 1492 Hiuc
627 1451 769 1507 ergo
787 1432 1078 1506 parabola
1100 1431 1508 1488 incredibilem
1535 1434 1882 1488 manifestat
1903 1433 2091 1488 miser

2239 1437 2432 1509 ραϐολὴ
2486 1434 2795 1509 δημοσιεύει
2847 1442 2941 1494 τὴν
3015 1436 3399 1512 ἀνυπέρϐλητον
3459 1438 3863 1511 εὐσπλαγχνίαν

462 1525 753 1590 cordiam,
789 1540 859 1580 ac
888 1524 1103 1579 imcom
1118 1522 1445 1594 parabilem
1470 1523 1719 1579 cmlestis
1752 1524 1935 1579 Patris
1966 1539 2092 1578 amc

2240 1532 2328 1578 καὶ
2363 1525 2659 1579 ἀνείκαστον
2691 1527 3057 1599 φιλοστοργίαν
3084 1536 3175 1579 τοῦ
3203 1527 3444 1601 οὐρανίου
3494 1532 3712 1600 Πατρός,
3762 1534 3864 1581 καὶ

462 1631 613 1679 rem,
648 1620 703 1670 et
730 1619 1020 1685 quantam
1052 1611 1415 1684 qualemque
1447 1612 1805 1669 demonstret
1830 1628 1973 1683 erga
2002 1629 2092 1667 eos

2239 1619 2367 1674 ὅσην
2419 1622 2509 1668 καὶ
2558 1620 2669 1668 οἵαν
2729 1617 2798 1677 εἰς
2850 1621 2971 1678 τοὺς
3044 1615 3443 1690 ἐπιστρέφοντας
3525 1619 3863 1690 συμπάθειαν

462 1704 566 1776 qui
590 1709 1035 1767 convertuntur,
1076 1703 1583 1772 compassionem.

989 1718 1035 1767 r,
1076 1703 1583 1772 compassionem.
2239 1702 2619 1761 ἐπιδείκνυται,

535 1793 702 1847 Vers.
739 1793 827 1847 20.
863 1792 947 1847 Ac
976 1789 1377 1845 misericordia
1400 1797 1590 1846 motus
1618 1797 1721 1847 est.
1756 1791 1929 1846 Pater
1967 1790 2124 1846 enim

2315 1800 2414 1848 Καὶ
2469 1794 2897 1867 ἐσπλαγχνίσθη.
2955 1800 3128 1869 Πατὴρ
3178 1798 3279 1869 γὰρ
3334 1792 3413 1867 ἦν,
3447 1800 3539 1847 καὶ
3590 1795 3648 1847 οὐ
3700 1804 3864 1853 τοῦτο

463 1887 587 1938 erat
617 1900 634 1953 ;
668 1898 777 1937 nec
809 1882 867 1936 id
892 1887 1142 1949 tantum,
1194 1884 1296 1939 sed
1336 1888 1391 1936 et
1430 1884 1579 1936 Deus
1612 1880 2051 1937 misericordiae.

1430 1884 1579 1936 Deus
1612 1880 2051 1937 misericordiae.
2241 1892 2416 1957 μόνον,
2442 1884 2567 1936 ἀλλά
2597 1890 2686 1936 καὶ
2709 1888 2827 1945 Θεὸς
2859 1883 3039 1945 ἐλέους.

534 1972 701 2027 Vers.
761 1976 846 2026 20.
906 1972 983 2026 Et
1025 2005 1089 2013 —
1119 1991 1272 2031 eum.
1322 1973 1444 2026 Prae
1498 1972 1682 2026 nimio
1732 1970 1955 2041 gaudio
2005 1986 2123 2026 nou

2318 1980 2418 2027 Καὶ
2470 2005 2535 2016 -
2585 1975 2768 2029 αὑτὸν.
2834 1973 2957 2028 ’Υπο
3009 1982 3096 2035 τῆς
3143 1976 3277 2045 ἄγαν
3334 1980 3700 2050 περιχαρείας,
3760 1976 3862 2027 οὐκ

462 2061 826 2135 exspectavit
889 2069 951 2118 ut
1009 2062 1106 2119 ille
1164 2064 1407 2128 veniret,
1464 2062 1566 2116 sed
1620 2060 1789 2130 prius
1849 2060 2092 2116 occurrit

2246 2069 2496 2135 ανέμεινεν
2550 2064 2704 2116 αὐτὸν
2752 2062 2930 2129 ἐλθεῖν,
2999 2063 3124 2116 ἀλλὰ
3182 2070 3575 2137 προϋπήντησε,
3618 2070 3707 2116 καὶ
3746 2064 3861 2136 οὐχ

462 2168 658 2225 neque
701 2151 758 2205 id
817 2156 1138 2225 utcunque,
1191 2154 1373 2208 sedet
1427 2150 1700 2215 accurrit,
1738 2156 1799 2205 ut
1840 2165 2092 2220 apparea

2243 2154 2435 2218 ἅπλῶς,
2472 2152 2597 2205 ἀλλὰ
2644 2150 2878 2226 δραμὼν,
2915 2154 2997 2205 ἵνα
3046 2162 3175 2226 φανῇ
3229 2157 3287 2205 τὸ
3336 2150 3566 2228 σφοδρὸν
3605 2162 3696 2206 τοῦ
3745 2154 3864 2226 φίλ-

464 2240 693 2296 amoris
722 2240 1099 2297 vehementia
1132 2249 1224 2309 ;et
1250 2243 1365 2296 ruit
1403 2242 1460 2295 in
1496 2239 1716 2294 collum
1744 2239 1896 2307 ejus,
1923 2240 2094 2292 certic

2238 2261 2379 2317 τρου·
2429 2248 2516 2294 καὶ
2566 2241 2805 2295 ἐπέπεσεν
2855 2241 2935 2295 ἐπὶ
2971 2246 3056 2295 τὸν
3113 2242 3379 2316 τράχηλον
3429 2243 3610 2304 αὐτοῦ,
3663 2243 3862 2316 πληρο-

463 2346 588 2385 rem
621 2347 756 2385 eum
785 2330 1035 2385 reddens
1063 2331 1227 2403 quod
1272 2346 1452 2385 omne
1490 2334 1805 2400 peccatum
1840 2326 1917 2381 illi
1959 2342 2093 2382 rem:

2242 2342 2427 2405 φορῶν,
2486 2334 2565 2384 ὅτι
2615 2330 2804 2404 ἀφῆκεν
2854 2332 2995 2403 αὐτῷ
3043 2338 3217 2385 πᾶσαν
3258 2333 3537 2406 ἁμαρτίαν,
3591 2338 3680 2385 καὶ
3734 2353 3864 2385 κατ-

464 2420 641 2475 sisset
670 2426 757 2487 ;et
782 2420 1085 2475 osculatus
1117 2426 1208 2476 est
1229 2437 1367 2475 eum
1403 2426 1695 2491 tanquam
1723 2416 2094 2471 desideratur

2242 2422 2477 2494 εφίλησεν
2511 2421 2662 2474 αὑτὸν
2694 2425 2761 2482 ὡς
2792 2421 2903 2473 υἰὸν
2930 2423 3184 2490 ποθεινὸν,
3202 2426 3288 2475 τὸν
3308 2424 3442 2496 ἄχρι
3459 2429 3554 2484 τῆς
3580 2426 3862 2495 μετανοίας

461 2508 672 2573 ﬁlium,
702 2510 799 2581 qui
827 2525 1011 2582 usque
1034 2510 1109 2565 ad
1153 2508 1558 2582 pmnitentiam
1584 2506 1903 2563 sceleratus
1944 2506 2091 2560 fuere

1300 2508 1558 2564 itentiam
1584 2506 1903 2563 sceleratus
1944 2506 2133 2560 fuerat
2241 2516 2428 2586 μιαρόν
2456 2530 2509 2564 τε
2534 2516 2623 2563 καὶ
2655 2508 2930 2587 βδελυρόν.

466 2604 523 2656 et
561 2598 1006 2655 abominabilis.

534 2690 577 2743 Ο
613 2688 1033 2744 admirandam
1090 2686 1634 2744 reconciliationem
1686 2684 1873 2751 iQuid
1907 2685 2127 2749 dicam,

2314 2688 2383 2741 ’Ὠ
2427 2686 2732 2762 παραδόξου
2765 2689 3097 2762 καταλλαγῆς
3131 2689 3143 2744 l
3204 2692 3263 2746 Τί
3310 2693 3456 2755 εἴπω,
3485 2690 3514 2749 ἦ
3564 2694 3614 2742 τί
3641 2688 3861 2748 λαλήσω

465 2784 567 2833 aut
616 2778 763 2850 quid
810 2777 1024 2850 loquar
1074 2781 1149 2833 de
1200 2775 1505 2833 ineffabilli
1565 2776 1663 2831 Dei
1716 2774 2083 2844 benignitate

2244 2784 2373 2853 πρὸς
2425 2785 2519 2837 τὴν
2580 2778 2807 2855 ἄρρητον
2867 2788 2960 2832 του
3019 2787 3153 2834 Θεοῦ
3212 2780 3641 2853 φιλανθρωπίανς
3702 2780 3858 2833 Ἀπο-

461 2871 609 2924 Nam
626 2867 724 2922 ubi
743 2869 816 2922 ad
831 2867 1364 2922 immensumillius
1380 2866 1625 2937 pelagus
1643 2865 1915 2938 respicio,
1933 2881 2086 2919 serm

2243 2869 2409 2921 ϐλέπω
2461 2871 2572 2941 (8|)
2627 2875 2728 2943 γαρ
2769 2872 2898 2942 πρὸς
2946 2873 3004 2921 τὸ
3046 2868 3238 2941 ἀχανὲς
3283 2869 3506 2941 πέλαγος
3536 2870 3717 2935 αὐτῆς,
3749 2868 3858 2921 ἐπι-

463 2955 612 3013 mihi
644 2956 1002 3028 praeciditur,
1025 2973 1217 3029 neque
1240 2955 1386 3029 quid
1420 2956 1635 3028 loquar
1665 2956 1806 3010 milii
1830 2955 2093 3026 reliquum

2241 2966 2502 3031 xonrouai
2578 2963 2663 3010 τὸν
2739 2959 2911 3029 λόγον,
2972 2964 3060 3011 καὶ
3119 2959 3211 3011 οὐκ
3274 2962 3382 3031 ἔχω
3440 2964 3492 3011 τί
3543 2959 3855 3031 φθέγξομαι.

462 3053 604 3113 est;
665 3045 859 3102 solum
910 3046 1022 3101 hoc
1076 3046 1237 3101 clara
1295 3062 1364 3100 ac
1460 3045 1647 3100 libera
1704 3061 1850 3099 voce
1911 3044 2092 3097 clamc

2241 3056 2404 3101 Τοντο
2454 3044 2513 3100 ὃε
2561 3053 2713 3119 μονον
2764 3048 2982 3120 λαμπρᾴ
3032 3046 3141 3121 βοῶ
3188 3056 3248 3121 τῇ
3310 3056 3471 3121 φωνῇ,
3527 3050 3605 3100 ὅτι
3654 3048 3859 3120 μεγάλα

462 3136 621 3209 quod
658 3152 751 3191 res
785 3152 1040 3206 magnas
1067 3135 1245 3191 efficit
1266 3133 1637 3207 poenitentia.
1655 3134 1823 3189 facile
1844 3149 1979 3188 eum
1998 3132 2092 3188 ﬂet

2245 3136 2466 3191 δύναται
2519 3139 2548 3196 ἠ
2600 3139 2866 3210 μετάνοια,
2914 3143 3121 3209 ταχέως
3174 3137 3579 3210 ἐπικάμπτουσα
3616 3141 3702 3189 τὸν
3761 3157 3856 3190 τα-

461 3231 611 3290 tens,
632 3226 735 3298 qui
761 3224 947 3279 facilis
978 3230 1069 3279 est
1095 3231 1156 3279 ut
1180 3223 1471 3292 ﬂectatur,
1501 3222 1832 3292 benignum
1862 3223 2091 3278 videlice

2245 3231 2466 3300 χύτερον
2501 3228 2570 3289 εὶς
2600 3231 2655 3279 τὸ
2688 3226 3111 3299 ἐπικάμπτεσθαι
3142 3226 3501 3300 φιλάνθρωπον
3531 3231 3652 3280 Θεὸν
3686 3229 3854 3298 ἡμῶν,

462 3316 649 3371 Deum
674 3320 946 3369 nostrum
973 3315 1228 3370 .Homini
1255 3331 1395 3369 vero
1423 3312 1684 3368 maxime
1708 3328 1971 3383 congrua
1995 3318 2131 3365 suut
2160 3356 2200 3407 Ο

459 3403 761 3476 prtedicta,
796 3419 930 3475 quae
959 3420 1097 3458 eum
1153 3403 1368 3457 fecisse
1394 3402 1532 3457 dicit
1554 3402 1631 3457 ad
1659 3402 2089 3456 manifestiorei

2242 3407 2398 3478 λέγει,
2432 3410 2555 3481 πρὸς
2586 3406 2953 3481 ἐναργεστέραν
2998 3403 3353 3459 διδασκαλίαν
3409 3414 3499 3466 τῆς
3533 3409 3858 3478 συμπαθείας

462 3492 892 3565 compassiOnis
924 3510 993 3548 ac
1027 3491 1522 3548 reconciliationis
1550 3491 1740 3565 ipsius
1771 3492 2092 3546 doctrinam

2242 3503 2329 3549 καὶ
2369 3496 2697 3567 καταλλαγῆς
2739 3496 2914 3559 αὐτοῦ,
2977 3496 3084 3548 ἐπεὶ
3137 3501 3226 3548 καὶ
3273 3498 3542 3570 ἄνθρωπον
3601 3495 3755 3548 αὑτὸν
3805 3496 3857 3547 ἐν

464 3599 603 3639 cum
624 3585 804 3638 etiam
858 3582 917 3638 in
960 3582 1257 3655 principio
1289 3580 1592 3653 parabolae
1630 3581 1937 3637 hominem
1993 3597 2094 3635 eum

1472 3580 1592 3637 iolaa
1630 3581 1937 3637 hominem
1993 3597 2131 3635 eum
2245 3583 2387 3658 ἀρχῇ
2422 3594 2514 3646 τῆς
2547 3584 2843 3657 παραϐολῆς
2870 3587 3102 3640 ὑπέθετο.

462 3675 862 3745 supposuerit.

498 3758 501 3761 ⁷
535 3762 706 3818 Vers.
732 3763 820 3817 21.
843 3764 943 3819 Ait
980 3792 1033 3803 -—
1069 3762 1224 3834 ﬁlius
1256 3767 1407 3817 tuus.
1457 3762 1595 3827 Quae
1623 3760 1812 3816 dicere
1843 3759 2128 3832 cogitave-

2319 3759 2440 3815 Εἷπε
2490 3795 2554 3802 -
2614 3765 2727 3825 υἱὸς
2775 3783 2889 3817 σου.
2945 3763 3106 3838 Ἀπερ
3160 3764 3316 3816 εἰπεῖν
3351 3761 3642 3836 ἐμελέτησε,
3689 3770 3862 3815 ταῦτα

461 3857 573 3918 rat,
603 3868 673 3908 ea
717 3869 877 3908 nunc
933 3857 1056 3908 toto
1110 3851 1290 3908 corde
1340 3850 1502 3918 dicit,
1540 3857 1603 3907 ut
1644 3851 1777 3906 hinc
1827 3850 2091 3906 discamu

2242 3851 2378 3923 λέγει
2436 3860 2525 3903 νῦν
2576 3850 2628 3914 ἐξ
2699 3854 2817 3914 ὅλης
2869 3850 3117 3928 καρδίας,
3171 3857 3240 3916 ὡς
3292 3855 3519 3906 ἐντεῦθεν
3581 3854 3858 3924 μανθάνειν

464 3942 630 4015 quod
676 3938 958 4013 'oporteat
1008 3947 1188 3999 etiam
1236 3946 1371 4013 post
1422 3940 1963 3997 reconciliationem
2012 3945 2094 3996 tot

2244 3943 2398 4015 ἡμᾶς,
2452 3944 2530 3994 ὅτι
2573 3947 2683 4015 χρὴ
2743 3948 2832 3994 καὶ
2887 3944 3001 4014 (8'2)
3059 3945 3185 4015 μετὰ
3234 3947 3327 4001 τὴν
3367 3941 3695 4013 καταλλαγὴν
3736 3941 3859 3994 ὀλο-

467 4032 647 4088 corde
709 4031 896 4096 fateri,
942 4032 1109 4104 quod
1168 4032 1639 4103 peccaverimus,
1699 4046 1931 4098 nosque
1970 4030 2097 4103 ipso

2244 4027 2474 4105 καρδίως
2511 4032 2799 4104 ὁμολογεῖν,
2848 4034 2924 4084 ὅτι
2972 4034 3293 4107 ἡμάρτομεν,
3341 4036 3430 4083 καὶ
3478 4028 3858 4095 καταδικάζειν

2246 3318 2865 3392 Ἀνθρνιιποπρεπέστορον
2940 3313 2999 3370 δὲ
3066 3320 3133 3369 τὰ
3190 3318 3417 3391 ρηθέντα
3474 3318 3638 3368 ποιεῖν
3698 3316 3857 3369 αὐτὸν

468 4121 900 4177 condemnare.

845 4137 900 4177 e.
2245 4122 2473 4183 ἑαυτούς.

537 4210 711 4265 Vers.
752 4210 838 4264 22.
866 4209 1031 4266 Dixit
1056 4242 1107 4252 —
1134 4226 1283 4266 suos.
1320 4210 1409 4265 Ad
1443 4209 1711 4265 Ecclesiae
1743 4208 2084 4265 sacerdotes
2117 4225 2130 4264 :

2317 4208 2441 4263 Εἷπε
2495 4243 2563 4251 -
2611 4211 2771 4264 αὑτοῦ
2850 4215 2988 4286 Πρὸς
3038 4216 3151 4273 τοὺς
3185 4214 3329 4288 ἱερεῖς
3372 4219 3468 4274 τῆς
3520 4210 3852 4274 Ἐκκλησίας.

465 4314 608 4356 nam
623 4300 815 4355 biDeo
837 4300 1177 4355 ministrant
1202 4299 1281 4356 ad
1306 4315 1535 4366 eorum,
1561 4298 1663 4371 qui
1686 4303 2095 4355 convertuntui

2246 4300 2405 4352 Οὗτοι
2435 4303 2532 4375 γὰρ
2574 4302 2896 4377 ὑπηρετοῦσι
2921 4310 2992 4372 τῷ
3022 4310 3134 4373 Θεῷ
3161 4306 3292 4375 πρὸς
3329 4306 3422 4360 τὴν
3462 4304 3722 4376 σωτηρίαν
3754 4310 3855 4353 τῶν

468 4388 722 4445 salutem
738 4432 752 4445 .

2245 4388 2669 4461 ἐπιστρεφόντων,

543 4478 715 4533 Vers.
748 4480 838 4533 22.
885 4478 1159 4548 Proferte
1186 4509 1255 4518 —
1284 4477 1475 4533 illum.
1533 4476 1820 4548 Primam,
1868 4476 2137 4551 pretiosi-

2317 4478 2642 4550 Ἐξενέγκατε
2681 4512 2744 4521 --
2800 4481 2974 4533 αὐτόν.
3023 4485 3127 4539 Τὴν
3176 4483 3519 4555 τιμιωτάτην,
3556 4482 3672 4543 ἥτις
3713 4478 3855 4533 ἐστὶν

472 4566 802 4633 sissimam,
831 4585 963 4636 quae
993 4575 1078 4622 est
1109 4566 1439 4639 purificatio
1472 4572 1573 4622 aut
1613 4568 1821 4638 gratia,
1856 4584 1972 4639 qua
2006 4583 2102 4622 cus

1613 4568 1821 4638 gratia,
1856 4584 1972 4639 qua
2006 4583 2133 4622 cus-
2246 4569 2275 4625 ἠ
2310 4570 2587 4641 κάθαρτις,
2622 4572 2651 4627 ἠ
2688 4575 3008 4645 φρουρττικὴ
3038 4573 3221 4642 χάρις.

478 4656 740 4712 todiatur
772 4673 787 4724 ;
826 4674 1009 4729 quam
1038 4656 1346 4728 perdidita
1371 4655 1541 4712 Patre
1565 4662 1894 4729 separatus,
1947 4657 2149 4724 ﬁdem,
2184 4660 2408 4713 velitati
2442 4659 2844 4728 cognitionem
2881 4677 2892 4714 :
2923 4666 2979 4715 et
3004 4660 3231 4715 induite
3258 4659 3444 4731 illum,
3468 4660 3569 4733 qui
3593 4661 3854 4731 seipsum

470 4748 651 4803 exuit'
1616 4806 1619 4809 ,

546 4836 715 4892 Vers.
750 4836 838 4891 22.
906 4836 982 4891 Et
1016 4868 1074 4877 —
1121 4837 1269 4906 ejus.
1297 4834 1668 4892 Arrabonem
1715 4834 2176 4892 familiaritatis]

2320 4842 2419 4890 Καὶ
2449 4870 2511 4878 -
2547 4840 2731 4896 αὐτοῦ,
2773 4838 3078 4914 Ἀῤῥαϐῶνα
3107 4846 3202 4900 τῆς
3228 4842 3351 4911 πρὸς
3379 4841 3501 4893 Θεὸν
3523 4838 3848 4900 οἱκειὼσεως,

473 4942 617 4997 erga
639 4928 845 4991 Deum,
876 4930 979 4981 aut
1008 4925 1387 4996 signaculum
1427 4926 1503 4981 ad
1544 4927 1953 4999 operationem
1982 4927 2103 5000 ejus

2246 4929 2275 4986 ἧ
2312 4925 2585 5000 σφραγῖδα
2635 4931 2701 4989 είς
2748 4935 2842 4988 τὴν
2872 4929 3061 5004 πρᾶξιν
3111 4929 3291 4999 αὐτοῦ,
3326 4930 3459 4981 ὥστε
3492 4932 3657 5000 μένειν
3694 4925 3851 4982 αὐτὴν

469 5032 539 5070 ne
570 5017 697 5087 ipsa
724 5014 956 5070 insidiis
1007 5021 1345 5087 appetatur.

1052 5021 1345 5087 ppetatur.
2245 5015 2682 5071 ἀνεπιϐούλευτον.

547 5106 708 5159 Vers.
741 5106 829 5159 22.
860 5103 937 5159 Et
966 5106 1361 5160 calceamenla
1407 5103 1464 5160 in
1490 5104 1679 5173 pedes.
1702 5104 1767 5161 Id
1795 5110 1901 5175 est,
1935 5110 2137 5163 custo-

2321 5113 2422 5160 Καὶ
2467 5104 2787 5180 ὑποδήματα
2845 5107 2914 5170 εἰς
2962 5112 3079 5168 τοὺς
3122 5103 3309 5170 πόδας.
3357 5106 3593 5166 Φυλακήν
3652 5104 3724 5167 εἰς
3762 5108 3856 5164 τὴν

474 5193 637 5251 diam
672 5193 749 5250 ad
788 5193 900 5249 iter
936 5194 1408 5251 conversationis
1453 5210 1595 5250 suae.

2246 5201 2457 5271 πορείαν
2489 5206 2584 5258 τῆς
2616 5197 2871 5259 πολιτείας
2904 5197 3062 5250 αὐτοῦ
3093 5198 3228 5270 (83).

1674 5428 1897 5499 Variae
1945 5428 2282 5502 lectiones
2342 5441 2409 5501 et
2447 5442 2648 5504 notae.

547 5671 866 5762 (επιτομε
889 5671 1184 5762 interpres
1216 5673 1357 5762 legit
1390 5672 1711 5737 ἀποϐλέπων.

2321 5681 2436 5762 (83)_
2468 5678 2773 5741 Scholium
2827 5682 3173 5757 proximum
3227 5683 3289 5742 in
3327 5688 3540 5743 neutro
3582 5697 3860 5745 meorum

555 5746 707 5824 (κᾶε)
741 5746 909 5804 abest
949 5750 1021 5806 A.
1050 5746 1068 5749 ’
1278 5746 1329 5769 ’⁸
2246 5746 2463 5837 reperi.
