4128 6386
302 302 447 369 1029

1375 311 1733 374 COMMENT.
1778 315 1847 371 lN
1887 311 2147 371 LUCAM.
2192 346 2257 356 —
2297 313 2454 373 CAP.
2494 312 2620 371 XV.

3568 312 3709 375 1030

372 438 417 507 -ι-
447 436 635 493 Uthis
676 436 973 495 calceatus
998 437 1057 495 in
1083 440 1515 511 praeparatione
1548 440 1845 511 Evangelii
1877 440 2063 512 pacis,
2091 438 2399 496 conculcet
2450 443 2754 513 serpentes
2828 455 2899 497 ac
2950 438 3322 513 scorpiones,
3384 440 3500 499 hoc
3591 445 3702 511 est,

296 528 631 583 contrarias
660 534 1023 599 potestates.

384 622 483 669 Καὶ
527 649 597 657 —
640 620 851 674 θύσατε.
902 626 1119 690 Μόσχος
1160 624 1416 685 σιτευτὸς,
1472 623 1527 672 τὸ
1578 621 1727 691 ἅγιον
1768 628 1920 691 σῶμα

2105 620 2268 675 Vers.
2301 620 2388 674 23.
2419 620 2495 675 Et
2544 651 2595 662 —
2629 626 2901 676 mactate.
2935 618 3166 677 Vitulus
3201 619 3513 689 saginatus
3559 637 3705 678 san-

303 714 401 759 τοῦ
433 714 662 780 Χριστοῦ
690 725 701 737 '
736 713 941 780 μόσχος
972 713 1080 781 μὲν,
1129 711 1196 770 ὡς
1232 714 1303 782 μὴ
1336 706 1605 781 δαμασθὲν
1731 710 1918 783 ζεύγλῃ

304 804 406 858 τῆς
446 796 705 871 ἁμαρτίας
731 815 742 827 ·
797 803 1032 861 σιτευτὸς
1080 795 1159 865 δὲ,
1199 802 1267 861 ὡς
1297 802 1505 851 πιανθεν
1561 807 1675 861 ταῖς
1724 797 1931 877 ἀρεταῖς

305 891 402 939 καὶ
431 889 651 960 τηρηθεν
683 887 750 948 εἰς
769 892 860 946 τὴν
884 889 1008 963 ύπερ
1040 897 1138 941 τῶν
1170 889 1486 964 ἁμαρτωλῶν
1521 894 1749 961 σφαγήν.

388 1067 489 1116 Καὶ
519 1068 768 1136 φαγόντες
799 1062 1175 1138 εὐφρανθῶμεν.
1221 1070 1404 1136 Φαγείν
1446 1069 1534 1117 καὶ
1566 1068 1721 1127 αύτός
1768 1065 1924 1137 λέγει,

310 1148 489 1211 δηλῶν
514 1157 607 1211 τὴν
629 1158 902 1205 κοινωνίαν
933 1161 1026 1215 τῆς
1050 1153 1338 1227 εὐφροσύνη
1351 1176 1392 1216 ς.

383 1248 600 1293 Ὅτι-
652 1244 856 1316 εὑρέθη.
892 1246 1158 1318 Νέκρωσιν
1208 1247 1297 1316 μὲν
1338 1249 1427 1296 καὶ
1487 1242 1743 1297 ἀπώλειάν
1796 1264 1927 1317 φησι

308 1334 406 1388 τὴν
454 1329 554 1383 ἀπὸ
585 1340 680 1392 τῆς
732 1332 1028 1406 ἁμαρτίας·
1089 1331 1398 1394 ἀναζώωσιν
1459 1331 1516 1386 δε
1547 1339 1638 1385 καὶ
1698 1334 1921 1409 εὕρεσιν,

310 1424 410 1478 τὴν
438 1420 536 1473 ἀπὸ
568 1428 662 1484 τῆς
690 1427 989 1495 μετανοίας.

391 1603 491 1652 Καὶ
516 1598 740 1674 ἤρξαντο
772 1599 1157 1673 εὐφραίνεσθαι.
1190 1607 1355 1654 Τοῦτο
1389 1604 1564 1673 σαφές.

2035 711 2193 763 ctum
2226 708 2438 763 Christi
2471 725 2688 781 corpus
2714 714 2802 765 est
2829 727 2843 764 ι
2876 709 3095 764 vitulus
3111 709 3377 780 quidem,
3404 716 3698 783 tanquam

2036 812 2155 853 non
2187 797 2467 853 domatus
2492 797 2640 869 jugo
2676 814 2745 854 ac
2794 798 3057 871 pondere
3090 800 3347 869 peccati;
3383 799 3696 871 saginatus

2035 902 2194 952 vero,
2225 892 2515 959 tanquam
2545 887 2854 944 virtutibus
2876 889 3307 961 impinguatus,
3337 904 3405 945 ac
3420 893 3698 945 servatus

2035 981 2101 1030 ut
2121 992 2231 1047 pro
2255 976 2663 1048 peccatoribus
2686 978 3059 1035 immoletur.

2106 1067 2265 1121 Vers.
2302 1070 2386 1122 23.
2429 1067 2515 1121 Ac
2544 1068 2852 1135 epulantes
2909 1068 3197 1124 laetemur.
3233 1066 3421 1123 Edere
3448 1083 3696 1141 quoque

2036 1153 2165 1227 ipse
2198 1154 2413 1210 dicitur
2444 1155 2517 1211 ad
2558 1156 2770 1211 laetitias
2808 1157 3437 1213 communicationem.

2108 1244 2274 1299 Vers.
2306 1246 2395 1300 24.
2443 1246 2589 1313 Quia
2622 1277 2689 1286 —
2719 1246 2990 1301 inventus
3036 1252 3139 1302 est.
3188 1246 3691 1303 Mortiﬁcationem

2035 1333 2279 1405 quidem
2322 1350 2392 1390 ac
2422 1334 2811 1406 perditionem
2851 1335 2990 1390 dicit
3018 1350 3153 1392 eam
3196 1352 3333 1407 qua:
3363 1353 3399 1392 a
3446 1342 3695 1408 peccato

2037 1423 2342 1494 procedit:
2370 1424 2825 1480 viviﬁcationem
2842 1439 2979 1479 vero
3004 1440 3075 1481 ac
3105 1423 3534 1493 inventionem,
3570 1442 3694 1483 eam

2037 1526 2173 1584 quae
2200 1528 2237 1569 a
2267 1514 2635 1584 poenitentia.

2110 1603 2375 1657 Vers.24.
2407 1604 2832 1675 Cmperuntque
2889 1604 3107 1661 laetari.
3152 1606 3271 1660 Hoc
3311 1603 3702 1661 manifestum

2042 1695 2148 1747 est.

388 1777 486 1831 Ἦν
531 1811 595 1820 -
629 1778 797 1854 ἀγρῷ.
829 1786 912 1851 Τῷ
956 1789 1055 1832 τῶν
1108 1777 1317 1854 ἀρετῶν,
1371 1778 1708 1855 ἐργαζόμενος
1739 1782 1922 1845 αὐτάς.

2110 1780 2270 1837 Vers.
2303 1784 2391 1835 25.
2420 1781 2573 1838 Erat
2599 1813 2663 1824 -
2688 1797 2844 1854 agro.
2880 1786 2942 1838 ln
2991 1798 3138 1854 agro
3174 1783 3479 1851 virtutum,
3529 1799 3705 1840 exer-

2040 1886 2179 1926 cens
2213 1886 2281 1926 ac
2305 1870 2508 1927 colens
2536 1871 2686 1928 illas.

395 1963 497 2011 Καὶ
553 1960 617 2019 ὡς
670 1990 735 1999 -
794 1968 990 2035 χορῶν.
1039 1959 1098 2012 Ὀ
1155 1969 1385 2021 τοιοῦτος
1436 1963 1649 2036 ἔρχεται
1687 1965 1775 2035 μὲν
1830 1960 1923 2015 διὰ

2112 1962 2268 2015 Vers.
2293 1961 2381 2016 25.
2413 1961 2674 2033 Cumque
2706 1993 2769 2002 —
2799 1961 3026 2017 choros.
3055 1962 3209 2018 Talis
3260 1962 3508 2035 quidem
3536 1962 3700 2018 venit

319 2056 627 2120 προκοπῆς·
696 2048 893 2121 ἐγγίζει
933 2047 992 2102 δὲ
1036 2047 1128 2103 διὰ
1170 2050 1471 2112 τελειώσεως
1514 2061 1585 2122 τῷ
1654 2056 1777 2123 οἴκῳ
1830 2062 1920 2105 τοῦ

320 2146 479 2201 Θεοῦ,
526 2143 616 2190 καὶ
665 2136 841 2192 ἀκούει
893 2145 1197 2212 συμφωνίας
1239 2145 1328 2212 μὲν
1373 2151 1653 2212 μουσικῆς,
1702 2139 1794 2194 διὰ
1831 2148 1924 2202 τὴν

317 2230 451 2299 πρὸς
500 2231 587 2279 τὸν
648 2233 843 2302 πατέρα
889 2236 1190 2303 συμφωνίαν
1230 2239 1320 2282 τοῦ
1375 2234 1513 2297 υἱοῦ,
1584 2235 1643 2291 ἦν
1697 2238 1928 2306 συνεφώ-

316 2335 447 2373 νησε
479 2313 573 2368 θ’ιὰ
621 2325 718 2379 τῆς
758 2324 1061 2391 μετανοίας·
1115 2329 1292 2395 χορῶν
1343 2316 1422 2385 δὲ,
1472 2318 1566 2373 διὰ
1596 2328 1688 2380 τὴν
1740 2321 1928 2375 ἐκεῖθεν

314 2407 515 2477 χαράν.
548 2406 629 2460 Ἐν
659 2415 729 2478 τῷ
763 2410 887 2480 οἴκῳ
913 2412 1013 2481 γὰρ
1060 2416 1151 2462 τοῦ
1192 2417 1325 2463 Θεοῦ
1372 2408 1506 2482 ἦχος
1555 2413 1784 2487 καθαρὸς
1817 2413 1924 2485 (84)

318 2494 687 2569 ἑορταζόντων.

396 2591 497 2637 Καὶ
555 2618 619 2626 —-
674 2595 872 2654 ταῦτα;
929 2586 1053 2641 Ἕνα
1104 2598 1202 2641 τῶν
1267 2588 1516 2662 ἀγγελῶν.
1582 2592 1660 2643 Δι’
1708 2590 1926 2663 alr/79.0%

314 2676 420 2747 γὰρ
468 2674 926 2729 ἀποκαλύπτονται
984 2680 1050 2730 τὰ
1109 2680 1219 2730 θεῖα
1270 2686 1573 2754 μυστήρια·
1628 2678 1825 2743 παῖδας
1871 2678 1929 2734 δε

313 2773 405 2816 νῦν
436 2764 572 2836 λέγει
608 2769 728 2829 τοὺς
776 2763 1026 2829 δούλους·
1063 2765 1241 2821 δοῦλοι
1295 2766 1353 2823 δὲ
1401 2779 1492 2822 τοῦ
1546 2778 1701 2837 Θεοῦ,
1761 2774 1810 2823 οἱ
1839 2773 1929 2843 οἶγ-

313 2878 349 2925 γ
356 2854 480 2907 ελοι.

391 2943 451 2997 Ὀ
474 2941 534 2997 δε
560 2976 621 2989 ~
651 2949 786 3004 ἣκει.
816 2952 1166 3021 Παραγίνεται
1193 2947 1530 3024 ἐπιστρέψας.

396 3040 498 3087 Καὶ
539 3067 607 3075 -
638 3035 906 3090 ἁπελαϐεν.
955 3038 1316 3092 Ἀποϐαλόντα
1356 3044 1449 3099 τὴν
1498 3046 1648 3093 νόσον
1697 3037 1792 3093 διὰ
1838 3049 1930 3102 τῆς

314 3129 611 3197 μετονοίας.

392 3212 648 3287 Ὠργίσθη
696 3247 758 3256 -
804 3216 1068 3270 εἰσελθεῖν.
1126 3219 1455 3291 Σχηματίξει
1506 3227 1686 3273 τοῦτον
1746 3222 1775 3279 ἡ
1827 3241 1927 3274 πα-

313 3302 516 3376 ραϐολὴ
564 3313 651 3356 νῦν
706 3304 1055 3381 ὀργιζόμενον,
1116 3314 1205 3361 καὶ
1261 3316 1332 3381 μὴ
1398 3310 1606 3362 θέλοντα
1658 3310 1923 3374 εἰσελθεῖν,
1956 3341 1996 3396 C

316 3392 429 3465 οὐχ
463 3396 543 3447 ὅτι
583 3394 864 3467 ἐφθόνησε’
920 3396 1057 3455 λύπη
1111 3401 1211 3470 γὰρ
1263 3395 1487 3470 οὐδεμία
1536 3407 1639 3460 τοῖς
1697 3396 1928 3461 δικαίοις

315 3482 407 3535 ἐπὶ
452 3492 513 3556 τῇ
570 3490 806 3558 σωτηρίᾳ
858 3495 956 3538 τῶν
1004 3484 1269 3559 ἀδελφῶν·
1328 3487 1433 3539 ἀλλ’
1481 3490 1563 3541 ἶνα
1610 3495 1925 3563 παραστήσῃ

315 3577 418 3631 τὴν
464 3573 746 3648 ὑπερϐολὴν
779 3583 874 3638 τῆς
930 3584 1021 3628 τοῦ
1071 3584 1203 3629 Θεοῦ
1263 3576 1610 3649 ἁγαθότητος.
1664 3580 1930 3652 Ἐμφαίνει

314 3665 424 3736 γὰρ
474 3664 504 3721 ἡ
539 3667 753 3722 τοιαύτη
808 3664 1184 3737 ἀγανάκτησις,
1236 3669 1316 3719 ὅτι
1358 3672 1619 3726 τοσαύτην
1668 3665 1929 3721 ἐνδείκνυ-

315 3772 412 3805 ται
444 3757 560 3826 περὶ
588 3758 707 3814 τοῦς
744 3763 1115 3827 μετανοοῦντας
1159 3758 1321 3831 χάριν
1351 3762 1441 3809 καὶ
1484 3760 1680 3833 χαρὰν,
1713 3761 1781 3821 ὡς
1830 3759 1929 3811 ἑτέ-

315 3862 434 3917 ροις
461 3844 641 3915 φθόνον
690 3853 923 3903 κινῆσαι.
957 3852 1121 3897 Τοῦτο
1171 3842 1229 3898 δὲ
1257 3851 1507 3904 πεποίηκε
1554 3852 1644 3900 καὶ
1691 3850 1720 3906 ἡ
1756 3868 1931 3921 παρα-

319 3931 451 3991 ϐολὴ
503 3941 603 3985 τῶν
633 3936 993 4007 μισθουμένων
1042 3934 1270 4008 ἐργατῶν
1315 3935 1364 3988 ἐν
1407 3945 1480 4007 τῷ
1520 3946 1931 4011 τεσσαρακοστῷ

322 4021 553 4095 δευτέρῳ
596 4023 854 4096 κεφαλαίῳ
901 4032 993 4077 τοῦ
1024 4029 1159 4078 κατὰ
1206 4028 1473 4080 Mareotica
1498 4064 1510 4078 .
1540 4031 1630 4078 καὶ
1671 4027 1720 4079 ἐν
1765 4030 1930 4101 ἐκείνῃ

318 4115 425 4187 γὰρ
455 4114 503 4163 οἱ
533 4121 729 4185 πρῶτοι
768 4112 1074 4186 ἐγόγγυζον.

394 4201 457 4256 Ὀ
514 4198 602 4254 οὖν
654 4208 825 4279 πατὴρ
866 4235 917 4243 -
955 4204 1130 4257 αὐτόν.
1175 4203 1264 4266 Ὠς
1315 4205 1553 4277 φιλόπαις
1610 4210 1699 4257 καὶ
1754 4210 1930 4278 σοφὸς,

318 4298 417 4345 καὶ
464 4296 549 4345 τόν
600 4292 987 4369 ἕπιστρέψαντα
1033 4302 1181 4367 τιμᾷ,
1232 4299 1437 4347 καὶτὸν
1469 4300 1712 4368 μείναντα
1764 4317 1937 4372 παρα-

323 4381 498 4435 καλεῖ.

395 4470 456 4522 Ὀ
496 4467 556 4523 δε
601 4502 669 4512 -
712 4471 997 4545 εὐφρανθῶ.
1051 4473 1126 4525 Ού
1171 4482 1390 4527 τοιαῦτα
1430 4474 1671 4546 λέγουσιν
1707 4476 1757 4527 οἱ
1795 4474 1937 4546 ἅγιοι

321 4565 455 4635 πρὸς
485 4564 571 4612 τόν
621 4565 770 4627 Θεὸν,
813 4562 943 4615 ἀλλὰ
993 4562 1285 4626 ἀκολούθῶς
1318 4572 1380 4636 τῇ
1448 4564 1577 4638 ὀργῇ
1639 4563 1937 4637 ἐσχημάτι-

327 4670 455 4703 σται
484 4656 575 4701 καὶ
607 4651 739 4709 αὕτη
801 4654 829 4710 ἡ
866 4649 1216 4723 δικαιολογία,
1272 4650 1363 4705 διὰ
1396 4658 1486 4710 τὴν
1538 4654 1709 4705 αἰτίαν
1742 4656 1803 4713 ἦν
1858 4654 1933 4706 εἰ-

323 4746 581 4813 ρήκαμεν.
631 4742 863 4794 Εἰωθασι
893 4746 994 4817 γὰρ
1054 4744 1101 4794 οἱ
1151 4745 1450 4815 φθονοῦντες
1505 4752 1726 4796 τοιαῦτα
1781 4742 1934 4816 ἐγκα-

322 4830 449 4885 λεῐν.

398 4924 542 4983 Τινὲς
568 4916 655 4974 οὖν
681 4924 853 4995 ἔριφον
888 4925 977 4995 μὲν
1008 4928 1101 4982 τὴν
1134 4921 1420 4997 ἐλαχίστην
1468 4921 1664 4983 ἡδονήν
1688 4941 1701 4953 ·
1761 4922 1935 4996 φίλους

325 5009 409 5077 δὲ,
443 5014 511 5064 τὰ
533 5011 799 5083 θελήματα
832 5020 1082 5082 νοοῦντες,
1112 5019 1267 5086 φασὶν
1300 5015 1455 5068 εἰπεῖν
1483 5014 1659 5084 αὐτὸν,
1712 5016 1792 5067 ὃτι
1822 5015 1938 5087 ἐμοὶ

324 5099 581 5156 οὐδέποτε
628 5109 1037 5176 παρεχώρησας,
1071 5101 1195 5156 οὐδὲ
1239 5105 1561 5177 Ἐλαχίστης
1592 5102 1755 5164 ἡδονῆ
1772 5127 1809 5171 ς,
1857 5108 1940 5157 ἵνα

320 5195 459 5268 μετὰ
483 5201 585 5245 τῶν
615 5192 914 5265 θεληματων
945 5213 1044 5265 μου
1080 5194 1367 5267 εὐφρανθῶ.

1969 4700 2011 4754 D

2038 2047 2310 2105 felicitate
2342 2051 2742 2123 provectionis
2776 2068 2789 2107 :
2828 2051 3185 2124 perfectione
3234 2058 3437 2108 autem
3482 2068 3700 2125 appro-

2038 2138 2294 2212 pinquat
2317 2140 2524 2195 domui
2555 2141 2675 2208 Dei,
2720 2148 2775 2197 et
2821 2141 2983 2197 audit
3015 2142 3271 2196 musices
3316 2146 3698 2206 concentum.

2038 2235 2281 2301 propter
2322 2229 2427 2285 ﬁlii
2454 2246 2596 2303 erga
2622 2235 2853 2302 patrem
2876 2231 3281 2296 concordiam,
3306 2248 3429 2303 qua
3445 2246 3548 2303 per
3574 2246 3703 2302 p03-

2039 2320 2348 2375 nitentiam
2381 2336 2630 2376 concors
2666 2320 2855 2376 factus
2880 2326 2965 2377 est
2999 2337 3012 2376 :
3041 2321 3254 2377 choros
3289 2337 3441 2386 vero,
3462 2326 3707 2393 propter

2038 2408 2353 2479 gaudium,
2379 2410 2544 2482 quod
2572 2409 2715 2465 inibi
2735 2414 2880 2466 erat.
2906 2414 3050 2467 Nam
3080 2410 3141 2467 in
3164 2411 3349 2467 domo
3382 2410 3481 2466 Dei
3515 2426 3703 2467 sonus

2039 2504 2123 2554 est
2157 2514 2302 2570 pure
2326 2500 2476 2555 festa
2499 2499 2949 2557 celebrantium.

2112 2590 2273 2646 Vers.
2304 2588 2392 2644 26.
2434 2590 2506 2644 Et
2546 2620 2607 2631 —
2656 2590 2799 2647 haec.
2836 2592 2963 2646 Uno
2999 2588 3349 2661 angelorum
3392 2588 3702 2646 accersito.

2112 2680 2217 2733 Per
2240 2679 2522 2748 angelum
2563 2680 2726 2736 enim
2769 2678 3105 2735 revelantur
3158 2680 3363 2736 divina
3397 2679 3698 2751 mysteria.

2041 2767 2239 2832 Παῖδας
2264 2775 2435 2825 vocat
2465 2786 2623 2825 nunc
2655 2786 2859 2826 servos
2892 2787 2905 2825 :
2936 2786 3077 2825 nam
3128 2769 3325 2840 angeli
3370 2775 3512 2826 sunt
3545 2769 3703 2825 servi

2043 2858 2163 2913 Dei.

2110 2946 2278 3003 Vers.
2305 2947 2394 3000 27.
2428 2946 2599 3018 Isque
2640 2976 2706 2986 —
2736 2945 2912 3003 venit.
2939 2945 3121 3001 Adest
3147 2962 3499 3003 conversus.

2111 3037 2269 3090 Vers.
2300 3037 2388 3092 27.
2417 3037 2493 3092 Et
2520 3068 2588 3076 —
2615 3036 2848 3106 recepit.
2891 3036 3133 3107 Abjecto
3169 3036 3390 3105 morbo,
3422 3051 3530 3109 per
3581 3051 3707 3108 pce-

2039 3124 2368 3180 nitentiam.

2111 3214 2274 3269 Vers.
2305 3218 2393 3269 28.
2428 3214 2865 3285 [ndignatus—
2889 3214 3160 3270 introire.
3184 3213 3504 3270 Assimulat
3536 3215 3698 3271 hunc

2039 3303 2323 3376 parabola
2356 3303 2794 3374 indignantem,
2826 3320 2936 3359 nec
2967 3305 3185 3359 intrare
3208 3305 3503 3360 volentem
3530 3319 3542 3359 :
3578 3320 3703 3359 non

2040 3394 2201 3462 quod
2230 3393 2539 3449 inviderit:
2577 3394 2772 3449 nullus
2792 3393 2951 3449 enim
2970 3394 3385 3466 mmrorjustis
3403 3394 3479 3448 de
3511 3393 3703 3449 salute

2039 3484 2327 3540 fratrum:
2366 3485 2468 3539 sed
2504 3490 2566 3541 ut
2604 3486 2682 3541 ob
2708 3485 2918 3540 oculos
2961 3490 3146 3556 ponat
3191 3485 3557 3541 immensam
3605 3484 3707 3541 Dei

2039 3578 2383 3636 bonitatem.
2400 3577 2664 3635 Ostendit
2679 3577 2973 3649 siquidem
2989 3578 3091 3648 huj
3104 3577 3331 3633 usmodi
3349 3577 3696 3648 indignatio,

2037 3668 2204 3739 quod
2234 3674 2451 3723 tantam
2478 3669 2862 3728 demonstrat.
2885 3684 3028 3737 erga
3053 3684 3175 3733 eos,
3202 3668 3302 3739 qui
3326 3668 3703 3738 resipiscunt,

2038 3757 2293 3827 gratiam
2338 3764 2394 3813 et
2420 3758 2729 3828 gaudium,
2765 3763 2826 3813 ut
2873 3759 3098 3814 caeteris
3137 3758 3427 3813 invidiam
3461 3773 3702 3814 movere

2039 3848 2248 3918 possit.
2303 3847 2419 3902 Hoc
2468 3852 2670 3903 autem
2703 3846 2839 3902 fecit
2875 3852 2931 3901 et
2968 3847 3263 3917 parabola
3289 3847 3701 3918 operariorum

2041 3935 2304 3999 mercede
2317 3936 2470 3991 cond
2482 3942 2765 4003 uctorum,
2784 3935 3241 4007 quadragesimo
3257 3936 3520 3993 secundo
3529 3936 3549 4007 j
3561 3941 3704 3992 uxta

2040 4025 2384 4080 Matthaéum
2433 4026 2621 4095 capite
2669 4047 2682 4079 :
2732 4040 2876 4081 nam
2949 4025 3008 4080 in
3063 4024 3164 4081 illa
3231 4041 3470 4098 quoque
3526 4024 3708 4097 primi

2040 4114 2524 4170 murmurabant.

2112 4203 2282 4257 Vers.
2317 4208 2404 4258 28.
2454 4206 2635 4261 Pater
2676 4218 2808 4274 ergo
2856 4234 2924 4242 —
2955 4203 3152 4259 illum.
3187 4204 3396 4275 Utpote
3439 4203 3705 4259 ﬁliorum

2042 4298 2278 4348 amator
2320 4310 2389 4349 ac
2431 4292 2738 4364 prudens:
2773 4298 2829 4348 et
2856 4309 2995 4348 eum
3056 4292 3161 4365 qui
3216 4308 3542 4348 conversus
3592 4298 3702 4361 est,

2042 4382 2270 4437 habens
2301 4382 2362 4437 in
2391 4383 2637 4449 honore,
2672 4389 2728 4439 et
2753 4398 2891 4438 eum
2937 4382 3040 4455 qui
3079 4383 3421 4454 permansit,
3458 4398 3701 4454 rogans.

2116 4472 2469 4528 Vers.?9.At
2487 4472 2589 4529 ille
2606 4503 2670 4512 —
2695 4472 2947 4528 (cetarer.
2972 4476 3098 4528 Non
3115 4470 3459 4527 dicuntbaec
3499 4475 3603 4528 aut
3633 4471 3708 4527 εἰ-

2045 4562 2208 4619 milia
2224 4565 2409 4619 sancti
2435 4566 2572 4628 Deo,
2608 4562 2713 4618 sed
2741 4568 3179 4635 consequenter
3233 4562 3313 4616 ad
3345 4561 3704 4633 indignatio-

2046 4672 2183 4710 nem
2215 4653 2571 4710 assimulata
2597 4659 2683 4709 est
2712 4658 2769 4708 et
2789 4654 2916 4708 haec
2942 4669 3139 4708 causae
3161 4652 3431 4719 redditio,
3465 4652 3541 4707 ob
3567 4668 3705 4708 cau-

2047 4762 2176 4800 sam
2216 4760 2399 4816 quam
2456 4742 2863 4813 praediximus.
2896 4742 3092 4799 Solent
3123 4742 3277 4798 enim
3312 4742 3491 4798 invidi
3521 4741 3596 4799 de
3629 4742 3705 4798 si-

2048 4833 2284 4890 milibus
2316 4832 2618 4905 conqueri.

2121 4923 2376 4990 Quidam
2409 4938 2550 4993 ergo
2575 4939 2681 4995 per
2700 4922 2965 4988 haedum,
3002 4922 3311 4977 minimam
3342 4921 3703 4990 voluptatem

2049 5013 2483 5086 intelligentes,.
2522 5030 2625 5084 per
2682 5012 2909 5068 amicos
2964 5027 3103 5067 vero
3157 5010 3484 5067 voluntates
3537 5011 3710 5067 aiunt

2051 5103 2220 5159 illum
2244 5103 2460 5157 dixisse
2500 5118 2513 5157 :
2546 5102 2674 5158 Mihi
2717 5119 2787 5157 ne
2822 5102 3131 5156 minimam
3161 5100 3408 5170 quidam
3444 5098 3710 5171 volupta-

2054 5198 2175 5248 tem
2205 5208 2467 5263 unquam
2501 5190 2845 5262 permisisti,
2880 5194 3089 5244 utcum
3124 5186 3531 5244 voluntatibus
3558 5186 3709 5244 meis

2055 5282 2308 5339 laetarer.

1536 5486 1764 5555 Varias
1817 5484 2149 5556 lectiones
2203 5493 2271 5552 et
2309 5493 2509 5553 notas.

398 5741 513 5818 (84)
548 5737 874 5796 Hentenius
909 5737 1145 5795 videtur
1162 5738 1457 5812 reperisse
1484 5737 1745 5817 καθαρῶς,
1778 5738 1932 5812 quod

2059 5736 2119 5796 hi
2150 5733 2325 5795 valde
2355 5734 2681 5811 probatur.
2772 5812 2773 5815 η
