4128 6378
517 303 651 369 1031

519 526 848 595 sithmdus,
882 528 1101 600 autqui
1126 528 1243 583 sint
1264 527 1438 582 amici
1462 546 1474 580 :
1495 542 1634 582 nam
1667 527 2009 598 periculosae
2037 533 2176 583 sunt

516 615 579 671 in
614 616 834 671 talibus
896 616 1145 672 subtiles
1186 616 1543 682 quaestiones
1596 633 1667 672 ac
1719 615 2173 687 disputationes,

517 705 671 761 sicut
698 705 754 761 in
789 706 989 761 multis
1022 706 1328 778 parabolis
1360 707 1663 779 protestati
1696 722 1925 761 sumus.

586 796 755 850 Vers.
814 799 901 851 30.
948 795 1063 852 Sed
1117 812 1250 851 cum
1304 827 1370 836 —
1431 797 1750 867 sagintum.
1811 795 2001 851 Etiam
2048 796 2176 851 haec

512 886 788 955 ejusdem
854 889 997 940 sunt
1061 886 1527 957 consequentiae,
1572 893 1627 941 et
1683 884 2178 940 similitereffecta

512 979 671 1032 sunt.
708 975 805 1029 Dei
828 991 968 1030 vero
991 974 1391 1030 substantiam
1418 974 1559 1030 dicit
1584 975 1746 1030 dona
1777 974 1864 1029 vel
1893 975 2172 1046 gratiam.

512 1062 974 1135 velutisuperius
1001 1064 1401 1136 signiﬁcatum
1424 1069 1511 1121 est
1536 1086 1548 1118 :
1586 1064 1925 1120 meretrices
1955 1072 2173 1131 autem,

510 1152 889 1225 voluptatum
926 1169 1182 1209 amores.

582 1244 741 1298 Vers.
778 1244 865 1299 31.
915 1246 1004 1299 Ac
1046 1244 1152 1299 ille
1180 1274 1249 1284 —
1304 1258 1381 1299 es.
1416 1245 1733 1316 Nunquam
1776 1259 1811 1298 a
1842 1258 1938 1299 me
1986 1243 2165 1299 disce-

510 1331 733 1400 dendo,
766 1331 873 1388 sed
893 1333 1184 1389 mandata
1209 1349 1345 1388 mea
1369 1348 1607 1404 semper
1637 1332 1966 1405 implendo.

585 1422 745 1476 Vers.
779 1422 866 1476 3t.
918 1422 995 1476 Et
1017 1453 1086 1461 —
1116 1429 1275 1477 sunt.
1306 1421 1453 1476 Cum
1486 1422 1647 1477 enim
1681 1422 1811 1477 tails
1840 1423 1940 1489 sis,
1970 1424 2173 1478 omnia

510 1526 647 1566 mea
674 1509 1188 1582 haereditariojure
1211 1511 1548 1583 possidebis
1569 1528 1586 1577 ;
1611 1512 1964 1584 hujusmodi
2004 1528 2172 1568 nam-

508 1616 627 1672 que
654 1600 755 1655 ﬁlii
790 1599 849 1654 in
873 1600 1283 1655 haereditatem
1318 1600 1879 1672 accipiuntregnum
1910 1602 2092 1657 Patris
2117 1606 2171 1657 et

507 1689 629 1745 Dei.
662 1692 743 1744 Ne
773 1705 915 1759 ergo
949 1691 1214 1757 tristeris,
1247 1706 1389 1745 nam
1419 1691 1481 1745 in
1518 1689 1681 1745 nullo
1711 1689 1960 1745 affectus
1991 1708 2053 1745 es
2087 1691 2171 1745 in-

1844 299 2198 367 EUTHYMII
2232 300 2537 367 ZIGABEN
2546 307 2569 371 Ι

587 436 769 493 Nobis
802 440 1001 493 autem
1044 452 1165 493 non
1209 441 1295 493 est
1334 436 1565 493 curiose
1589 436 2004 501 scrutandum,
2038 436 2175 509 quis
2209 439 2254 492 Α

3770 313 3906 374 1032

2356 436 2509 511 Ἡμῖν
2572 435 2630 491 δε
2690 438 2750 490 οὐ
2800 443 3225 515 περιεργαστέον,
3295 444 3373 501 τίς
3424 439 3568 494 ἔστιν
3626 443 3652 494 ὁ
3716 445 3903 519 ἔριφος,

2287 532 2376 579 καὶ
2426 533 2556 589 τίνες
2604 530 2650 580 οἰ
2682 528 2838 601 φίλοι.
2877 529 3196 601 Ἐπισφαλης
3242 532 3341 604 γὰρ
3402 532 3432 588 ἡ
3467 530 3515 583 ἐν
3568 539 3681 593 τοῖς
3729 537 3903 585 τοιού-

2287 637 2398 678 τοις
2462 617 2788 689 λεπτολογία,
2863 620 3033 680 καθὼς
3090 619 3359 691 πολλαχοῦ
3425 629 3524 672 τῶν
3592 621 3904 693 παραϐολῶν

2290 704 2770 781 διεμαρτυράμεθα.

2357 796 2481 849 Ὀτε
2524 794 2583 849 δὲ
2642 828 2707 837 ~—
2741 802 2995 852 σιτευτόν.
3058 803 3157 851 Καὶ
3212 806 3381 851 ταῦτα
3431 808 3524 860 τῆς
3576 799 3742 862 αὐτῆς
3774 801 3903 854 εἰσιν

2290 885 2620 954 ἀκολουθίας,
2679 891 2769 939 καὶ
2831 889 3018 960 ὁμοίως
3069 887 3576 961 ἐσχηματίσθησαν.
3634 894 3753 942 Βίον
3814 895 3902 963 μὲν

2288 971 2375 1026 οὖν
2404 978 2515 1045 (85)
2559 982 2653 1027 τοῦ
2702 981 2829 1029 Θεοῦ
2857 976 2994 1048 λέγει
3023 980 3082 1029 τό
3131 981 3404 1053 χάρισμα,
3436 980 3607 1040 καθὼς
3667 978 3902 1054 ἀνωτέρω

2289 1062 2583 1123 δεδήλωται
2608 1082 2620 1095 ’
2656 1070 2844 1140 πόρνας
2876 1063 2956 1131 δὲ,
2990 1070 3080 1129 τὰς
3116 1064 3443 1140 φιληδονίας.

2355 1241 2414 1295 Ὀ
2447 1238 2508 1296 δε
2563 1240 2699 1297 εἶπεν
2737 1275 2797 1284 -
2846 1241 2908 1297 εἰ.
2943 1241 3213 1298 Οὐδέποτέ
3263 1265 3364 1319 μου
3416 1244 3734 1319 ἀποφοιτῶν,
3792 1246 3897 1300 ἀλλ’

2286 1332 2364 1386 ἀεὶ
2394 1336 2489 1396 τὰς
2521 1332 2723 1396 ἐντολὰς
2752 1353 2852 1405 μου
2884 1333 3114 1407 πληρῶν.

2359 1428 2460 1476 Καὶ
2516 1454 2585 1463 -
2653 1421 2784 1477 ἑστι.
2838 1430 3085 1486 Τοιοῦτος
3139 1426 3241 1496 γὰρ
3301 1428 3389 1491 ὧν,
3440 1428 3611 1478 πάντα
3668 1428 3736 1479 τὰ
3802 1424 3896 1499 ἐμὰ

2284 1513 2711 1586 κληρονομήσεις,
2763 1515 2828 1564 Οἱ
2885 1522 3113 1565 τοιοῦτοι
3170 1516 3319 1586 [γὰρ
3376 1516 3491 1586 (86)
3551 1517 3657 1567 υἱοὶ
3704 1515 3892 1589 κληρο-

2285 1610 2502 1675 νομοῦσι
2558 1607 2651 1660 τὴν
2715 1596 2989 1675 βασιλείαν
3040 1610 3132 1655 τοῦ
3183 1607 3388 1678 Πατρός
3443 1610 3533 1656 καὶ
3592 1612 3749 1659 Θεοῦ.
3811 1610 3892 1663 Μὴ

2281 1692 2446 1744 λυποῦ
2493 1697 2684 1763 τοίνυν,
2731 1688 2881 1745 οὐδὲν
2929 1696 3031 1766 γὰρ
3079 1690 3368 1755 ἠδικήθης.
3426 1694 3609 1756 Οὕτως
3655 1694 3892 1757 ἐπιεικῶς

503 1778 682 1848 juria.
727 1777 792 1833 Et
824 1780 903 1834 ita
939 1786 1250 1834 mansuete
1289 1779 1454 1833 illum
1484 1778 1852 1847 consolatus,
1886 1779 2163 1853 deinceps

2283 1786 2661 1855 παρηγορήσας
2735 1781 2911 1846 αὐτόν,
2989 1781 3319 1853 ἀπολογεῖται
3384 1783 3564 1835 λοιπόν
3619 1788 3710 1836 καὶ
3762 1786 3887 1857 ὑπὲρ

508 1868 678 1924 etiam
696 1868 764 1923 de
780 1868 868 1923 bis
882 1870 1215 1940 respondet,
1229 1886 1360 1941 quin
1376 1868 1431 1923 in
1448 1869 1677 1924 fratrem
1693 1870 1742 1941 ej
1755 1886 1820 1923 us
1834 1870 1988 1925 facta
2011 1878 2164 1927 sunt.

583 1958 741 2013 Vers.
784 1961 872 2013 3'2.
905 1958 1121 2013 Latari
1144 1988 1206 1998 —
1243 1958 1507 2014 inventus
1529 1965 1631 2014 est.
1667 1959 1937 2014 Ostendit
1968 1974 2167 2015 neces-

507 2046 726 2103 sariam
751 2045 934 2101 fuisse
948 2047 1209 2102 laetitiam
1225 2055 1279 2101 et
1302 2048 1607 2115 gaudium.
1626 2048 1766 2113 Quis
1788 2048 1969 2114 enim,
1990 2065 2168 2121 quam

508 2142 813 2192 mortuum
881 2136 1089 2191 viderit
1138 2138 1415 2192 revixisse
1470 2152 1589 2192 non
1644 2137 1870 2192 laetatur
1905 2139 1933 2193 ?
1963 2140 2168 2210 etquis

508 2226 611 2282 ubi
643 2226 724 2294 id,
747 2227 911 2297 quod
947 2226 1220 2297 perierat,
1249 2226 1553 2291 invenerit,
1596 2242 1716 2281 non
1760 2227 1981 2295 gaudet
2010 2228 2038 2283 ‘P
2068 2228 2163 2282 Vi-

507 2315 668 2381 disti,
702 2315 1220 2388 quemadmodum
1254 2321 1309 2370 et
1333 2316 1576 2387 quando
1609 2331 1848 2387 peregre
1870 2316 2165 2389 profectus

508 2410 598 2460 est
629 2406 920 2477 patienter
959 2405 1243 2460 sustinuit
1273 2411 1327 2460 et
1357 2420 1710 2459 conversum
1746 2405 2040 2461 immenso
2071 2423 2168 2462 ex-

507 2493 663 2567 cepit
687 2494 903 2565 gaudio
934 2511 947 2549 :
980 2511 1088 2549 nec
1125 2494 1314 2549 solum
1353 2493 1697 2549 substantiae
1728 2494 2011 2550 rationem
2045 2512 2165 2551 non

507 2584 762 2657 repetiit,
796 2583 905 2639 sed
956 2590 1012 2639 et
1036 2584 1205 2639 donis
1249 2583 1417 2638 illum
1460 2584 1732 2654 dignatus
1781 2591 1887 2648 est,
1922 2601 2031 2641 nec
2075 2602 2167 2641 so-

507 2676 634 2731 lum
667 2689 788 2729 non
815 2672 1216 2745 exprobravit,
1252 2672 1356 2727 sed
1378 2674 1619 2744 insuper
1633 2689 1823 2745 proeo
1844 2675 2164 2746 respondit.

581 2764 728 2820 Vere
760 2779 983 2833 magna
1030 2768 1135 2828 est,
1198 2762 1463 2826 Domine,
1526 2763 1863 2833 benignitas
1900 2768 2023 2830 tua,
2058 2781 2166 2821 nec

507 2856 666 2911 ullus
699 2854 992 2926 eXplicare
1020 2852 1270 2908 sufﬁciet
1311 2869 1505 2909 sermo
1536 2853 1611 2909 ad
1644 2858 1971 2925 gratiarum
1991 2858 2166 2912 actio-

507 2962 644 3002 nem
676 2945 851 3000 illius.
874 2944 1107 2999 Utinam
1130 2948 1320 2998 autem
1346 2948 1403 2998 et
1424 2959 1555 3009 nos,
1576 2945 1676 3016 qui
1706 2945 2008 3016 aequaliter
2025 2963 2162 3001 cum

506 3035 761 3108 prodigo
791 3050 996 3089 sumus
1043 3048 1284 3105 peregre
1345 3032 1612 3105 profecti,
1654 3049 1719 3088 ac
1758 3034 1995 3089 divitias
2028 3052 2165 3091 con-

505 3125 899 3196 sumpsimus,
914 3121 1206 3194 tequalem
1222 3138 1355 3176 cum
1377 3138 1447 3177 eo
1460 3123 1912 3179 conversionem
1930 3125 2163 3180 demon-

503 3219 779 3279 stremus,
808 3219 863 3268 et
892 3212 1101 3284 aequali
1132 3211 1496 3280 benignitate
1520 3211 2051 3280 dignihabeamur.

737 3302 893 3356 CAP.
934 3301 1116 3355 LVIII.
1152 3301 1234 3355 De
1262 3301 1659 3370 dispensatore
1695 3300 1917 3372 iniquo.

574 3390 720 3464 Cap.
760 3391 894 3446 XVI.
920 3390 1083 3445 Vers.
1120 3390 1169 3442 t.
1196 3389 1441 3444 Dicebat
1481 3393 1681 3445 autem
1725 3421 1789 3429 —
1816 3390 1959 3447 bona
1994 3391 2161 3448 illius

502 3479 797 3537 Parabola
837 3479 961 3535 haec
1017 3478 1361 3534 Christianis
1403 3477 1680 3533 attributa
1738 3484 1845 3544 est,
1897 3480 2001 3552 qui
2042 3497 2163 3537 non

499 3569 712 3626 volunt
735 3569 984 3624 omnino
1016 3568 1421 3639 possessiones
1452 3583 1522 3622 ac
1548 3570 1834 3639 pecunias
1856 3568 2162 3641 despicere

499 3658 834 3715 admonens
861 3657 1016 3723 illos,
1041 3661 1106 3711 ut
1134 3657 1193 3711 in
1224 3672 1516 3728 pauperes
1549 3657 1664 3711 sint
1694 3656 1966 3713 beneﬁci.
1998 3658 2164 3715 Dicta

500 3754 588 3804 est
611 3753 812 3803 autem
835 3746 912 3803 ad
943 3744 1293 3817 discipulos,
1334 3746 1477 3819 quia
1529 3751 1584 3802 et
1615 3745 1675 3800 hi
1734 3751 1873 3803 sunt
1920 3747 2161 3820 dispen-

503 3841 753 3894 satores.

570 3929 978 3998 Repraesentat
1034 3926 1210 3982 etiam
1276 3925 1583 3982 hominem
1663 3925 1930 3998 divitem,
1988 3932 2157 4001 puta,

498 4016 686 4072 Deum
704 4016 1051 4084 humanum,
1070 4016 1354 4088 nulloque
1380 4016 1742 4087 indigentem
1763 4033 1775 4072 :
1796 4032 2158 4073 oeconomum

495 4121 660 4172 vero,
693 4106 815 4161 sive
844 4106 1340 4178 dispensatorem,
1369 4106 1751 4179 omnem,qui
1781 4106 2045 4179 possidet
2070 4105 2159 4162 di-

492 4195 671 4252 vitias
700 4213 712 4251 :
744 4197 889 4251 tales
915 4196 1071 4251 enim
1105 4211 1225 4251 non
1255 4202 1393 4251 sunt
1419 4195 1668 4255 domini.
1695 4196 1801 4253 sed
1843 4196 2159 4269 dispensa-

495 4290 674 4342 tores.
709 4286 858 4341 Dicit
888 4301 1150 4358 namque
1186 4288 1336 4342 Deus
1362 4302 1373 4340 :
1397 4288 1575 4343 Meum
1598 4290 1681 4342 est
1711 4302 1944 4355 aurum,
1963 4302 2155 4342 meum

498 4382 581 4433 est
612 4383 910 4447 argentum
939 4376 1005 4429 ¹³.
1048 4374 1286 4431 Delatus
1344 4381 1436 4432 est
1499 4382 1698 4431 autem
1750 4376 1912 4448 apud
1970 4378 2154 4431 Deum

2282 1880 2381 1923 τῶν
2409 1876 2757 1943 γεγενημένων
2789 1871 2856 1932 εἰς
2886 1875 2971 1923 τόν
2997 1868 3217 1944 ἀδελφόν
3249 1872 3425 1927 αὑτοῦ.

2354 1960 2716 2035 Εὐφρανθῆναι
2783 1992 2849 2001 -
2926 1966 3016 2014 καὶ
3104 1963 3306 2036 εὑρέθη.
3380 1967 3650 2015 Δείκνυσιν
3727 1961 3889 2033 ἀναγ-

2278 2055 2430 2101 καίαν
2488 2054 2574 2107 τὴν
2643 2050 2961 2125 εὐφροσύνην
3022 2057 3111 2103 καὶ
3172 2054 3368 2125 χαράν.
3432 2058 3525 2113 Τίς
3589 2054 3692 2127 γὰρ
3762 2049 3883 2104 ἰδὼν

2277 2143 2452 2211 νεκρὸν
2490 2138 2845 2210 ἁναζὴσαντα,
2880 2140 2974 2192 οὐκ
3018 2140 3365 2214 εὐφραίνεται,
3409 2146 3499 2193 καὶ
3531 2147 3604 2202 τίς
3652 2145 3710 2193 τό
3757 2140 3881 2193 ἁπο-

2276 2227 2435 2289 λωλός
2479 2230 2658 2302 εὑρὼν,
2711 2229 2768 2281 οὐ
2822 2234 3034 2303 χαίρεις
3092 2227 3262 2296 Εἶδες,
3304 2238 3414 2292 πῶς
3457 2236 3549 2283 καὶ
3604 2227 3884 2303 ἀποδημή-

2280 2337 2467 2379 σαντος
2540 2317 2910 2391 ἑμακροθύμει,
2979 2324 3068 2371 καὶ
3131 2318 3518 2391 ἐπιστρέψαντα
3580 2327 3882 2394 περιχαρῶς

2277 2404 2584 2470 ὑπεδέξατο.
2646 2413 2745 2460 Καὶ
2789 2408 2846 2460 οὐ
2897 2414 3048 2480 μόνον
3096 2408 3190 2461 οὐκ
3236 2407 3479 2481 ἀπῄτησε
3525 2406 3703 2475 δίκην,
3759 2407 3884 2460 ἀλλὰ

2276 2500 2366 2547 καὶ
2406 2501 2644 2568 χαρίτων
2704 2497 2915 2560 ἠξίωσε.
2978 2502 3076 2550 Καὶ
3107 2498 3165 2550 οὐ
3219 2504 3374 2571 μόνον
3427 2495 3542 2551 οὐδ’
3596 2494 3878 2564 ὠνείδισεν,

2280 2585 2403 2637 ἀλλὰ
2430 2590 2518 2638 καὶ
2542 2586 2897 2662 ὑπεραπελογή
2908 2606 3055 2642 σαι-ο.

2349 2764 2548 2827 Ὀντως
2588 2764 2808 2837 μεγάλη,
2858 2768 3116 2831 Δέσποτα,
3154 2766 3184 2824 ἡ
3220 2763 3584 2840 φιλανθρωπία
3638 2785 3756 2830 σου,
3805 2784 3872 2817 xu

2277 2852 2446 2915 οὐδεὶς
2512 2854 2778 2929 ἐξαρκέσει
2851 2854 2998 2926 λόγος
3068 2858 3198 2927 πρὸς
3277 2855 3627 2930 εὐχαριστίαν
3700 2854 3876 2915 αὐτῆς.

2277 2948 2368 3003 Εῖη
2405 2942 2463 2997 δι
2510 2950 2601 2995 καὶ
2645 2946 2804 3016 ἡμᾶς,
2846 2948 2965 3005 τοὺς
3019 2942 3203 3007 ἐπίσης
3241 2952 3312 3015 τῷ
3356 2942 3547 3015 ἀσώτῳ
3603 2941 3878 3015 ἀποδημή-

2276 3053 2464 3093 σαντας
2495 3033 2608 3105 (87)
2660 3038 2751 3085 καὶ
2807 3029 3291 3105 διασκορπίσαντας
3335 3037 3419 3086 τὸν
3470 3034 3710 3100 πλοῦτον,
3758 3037 3876 3091 ἴσην

2274 3124 2414 3194 αὑτῷ
2443 3128 2532 3174 καὶ
2577 3128 2670 3181 τὴν
2710 3125 3027 3197 ἐπιστροφὴν
3066 3119 3417 3190 ἐνδείξασθαι,
3474 3129 3567 3176 xui
3618 3133 3711 3186 τῆς
3756 3126 3879 3184 ἴσης

2276 3212 2562 3276 ἀξιωθῆναι
2594 3211 2999 3284 φιλανθρωπίας.

2346 3308 2488 3355 ΚΕΦ.
2516 3302 2644 3354 ΝΗ’.
2676 3306 2799 3375 Περὶ
2824 3310 2915 3354 τοῦ
2956 3302 3227 3375 οἰκονόμου
3257 3311 3353 3365 τῆς
3392 3300 3629 3366 ἀδικίας.

2342 3391 2520 3463 Ἔλεγε
2575 3388 2633 3444 δὲ
2715 3423 2781 3432 -—
2847 3393 3161 3466 ὑπάρχοντα
3223 3393 3403 3446 αὑτοῦ.
3479 3393 3539 3447 Ἠ
3609 3390 3872 3468 παραϐολὴ

2272 3481 2402 3539 αὕτη
2467 3485 2592 3555 πρός
2645 3484 2765 3543 τοὺς
2821 3486 3173 3556 Χριστιανοὺς
3237 3482 3574 3546 ἀποτέταται,
3629 3487 3750 3543 τοὺς
3804 3484 3871 3554 μὴ

2272 3570 2619 3644 βουλομένους
2690 3573 2857 3629 πάντη
2913 3580 3011 3623 τῶν
3065 3575 3359 3645 χρημάτων
3413 3574 3692 3648 ὑπερορᾷν,
3766 3590 3876 3623 νου-

2272 3662 2495 3713 θετοῦσα
2546 3663 2778 3725 τούτους,
2839 3662 2920 3712 ἵνα
2976 3662 3072 3712 κᾶν
3113 3661 3418 3736 εὐεργετῶσι
3463 3667 3583 3723 τοὺς
3633 3666 3870 3721 πένητας.

2270 3754 2489 3823 Εἰρηται
2535 3747 2593 3803 δὲ
2640 3755 2771 3826 πρὸς
2822 3754 2938 3812 τοὺς
2968 3753 3230 3824 μαθητὰς,
3278 3749 3419 3805 διότι
3471 3753 3588 3826 (88)
3644 3753 3875 3826 μαθηταὶ

2267 3846 2357 3892 xui
2385 3840 2549 3892 οὗτοι.

2342 3934 2443 3982 Καὶ
2476 3930 2745 4003 ἄνθρωπον
2798 3932 2889 4002 μὲν
2944 3928 3193 3983 πλούσιον
3252 3932 3504 4002 ἑμφαίνει,
3563 3934 3650 3984 τὸν
3703 3928 3873 4003 φιλάν-

2270 4021 2471 4095 θρωπον
2520 4024 2609 4072 καὶ
2641 4017 2851 4079 ἀνενδεῆ
2910 4026 3038 4074 Θεόν
3069 4038 3082 4050 ⁸
3118 4022 3386 4094 οἰκονόμον
3439 4019 3518 4089 δὲ,
3575 4025 3742 4075 πάντα
3786 4022 3869 4071 τόν

2266 4112 2576 4182 κεκτημένον
2629 4109 2881 4161 πλοῦτον·
2931 4112 2979 4161 οἰ
3023 4118 3250 4163 τοιοῦτοι
3278 4114 3379 4186 γὰρ
3424 4111 3481 4163 οὐ
3526 4115 3721 4185 κύριοι,
3767 4106 3869 4160 ἀλλ’

2265 4198 2528 4269 οἰκονόμοι
2590 4197 2716 4250 εἰσί.
2778 4203 2917 4256 Φησὶ
2974 4201 3074 4272 φὰρ
3133 4200 3158 4250 ὁ
3228 4204 3385 4259 Θεός·
3441 4198 3594 4271 Ἐμόν
3649 4202 3760 4252 ἐστι
3814 4197 3868 4247 τὸ

2263 4292 2515 4358 χρυσίον,
2549 4292 2638 4339 xui
2687 4289 2805 4359 ἐμόν
2852 4290 2962 4339 ἐστι
2996 4292 3052 4339 τό
3085 4286 3350 4361 ἀργύριον.
3401 4287 3655 4347 Διεϐλήθη
3717 4284 3775 4339 δὲ
3800 4290 3867 4353 τῷ

2265 4384 2379 4446 Θεῷ
2408 4378 2432 4427 ό
2476 4379 2637 4438 κακὸς
2669 4377 2938 4449 οἰκονόμος
2985 4376 3084 4429 ὐπὸ
3118 4384 3213 4438 τῆς
3251 4386 3417 4439 κακῆς
3458 4378 3777 4452 οἰκονομίας,
3807 4375 3869 4431 ὡς

496 4465 695 4521 malus
720 4465 1104 4532 dispensator
1128 4464 1289 4521 mala
1314 4464 1785 4536 dispensatione,
1822 4472 1881 4521 ut
1910 4467 2015 4538 qui
2035 4466 2154 4521 dis-

2275 4462 2660 4540 θιασκορπίζων
2712 4468 2777 4518 τὰ
2808 4474 2901 4518 τοῦ
2954 4473 3107 4532 θεοῦ,
3169 4466 3239 4529 εἰς
3271 4463 3306 4518 ἂ
3356 4467 3450 4519 οὐκ
3483 4464 3614 4535 ἔδει,
3649 4470 3739 4520 καὶ
3795 4466 3863 4536 μὴ

494 4554 738 4627 siparet,
775 4569 910 4626 quae
939 4554 1037 4608 Dei
1086 4559 1277 4618 erant,
1321 4553 1381 4608 in
1415 4571 1486 4610 ea
1531 4571 1665 4626 quae
1691 4571 1812 4611 non
1864 4556 2147 4628 oportuit,

494 4658 606 4699 nec
650 4641 957 4715 superﬂua
986 4643 1347 4715 pauperibus
1371 4642 1765 4700 distribueret.

567 4819 735 4879 Vers.
768 4824 821 4876 2.
854 4820 932 4875 Et
970 4822 1201 4878 vocavit
1254 4852 1314 4863 —
1364 4820 1811 4893 dispensationis
1848 4829 1983 4880 tuae.
2011 4824 2147 4881 Haec

495 4910 578 4968 illi
608 4926 715 4983 per
739 4909 973 4967 divinas
1001 4910 1148 4968 dixit
1168 4911 1520 4983 Scripturas,
1548 4927 1679 4983 quae
1708 4912 1783 4968 de
1822 4912 2019 4971 futuro
2043 4913 2148 4971 do-

493 5007 626 5061 cent
651 5001 895 5074 judicio,
927 5005 985 5059 et
1013 5000 1088 5057 de
1116 5000 1448 5058 redditione
1485 5000 1756 5059 rationis.

564 5182 610 5222 1'
636 5182 833 5256 Aggmi
856 5188 919 5253 ιι,
952 5181 1006 5240 9.

2263 4552 2520 4627 διανέμων
2545 4558 2607 4607 τὰ
2638 4557 2855 4629 περιττὰ
2880 4562 2985 4616 τοῖς
3013 4559 3221 4614 πένησι.

2330 4830 2431 4879 Καὶ
2462 4830 2707 4899 φωνήσας
2740 4858 2804 4867 -
2851 4825 3143 4898 οἰκονομίας
3175 4844 3290 4880 σου.
3326 4821 3479 4879 Εἶπεν
3510 4826 3654 4897 αὐτῷ
3701 4828 3856 4877 ταῦτα

2258 4912 2352 4969 διὰ
2380 4925 2480 4967 τῶν
2514 4918 2659 4969 θείων
2688 4921 2922 4991 Γραφῶν,
2950 4917 3007 4968 αῖ
3036 4912 3367 4970 διδάσκουσι
3391 4920 3511 4991 περὶ
3536 4925 3631 4977 τῆς
3659 4910 3859 4989 μελλού-

2259 5025 2359 5069 σης
2382 5010 2604 5079 κρίσεως
2624 5010 2714 5058 καὶ
2742 5004 3065 5078 λογοθεσίας,

1697 5307 1923 5381 Variae
1960 5307 2293 5381 lectiones
2330 5319 2396 5380 et
2447 5319 2649 5380 notae.

596 5502 685 5563 85)
716 5502 821 5557 Οὗν
852 5503 1021 5563 abest
1048 5509 1116 5562 A.

594 5572 682 5645 86)
706 5578 850 5650 Quae
880 5575 975 5632 his
1001 5577 1185 5647 signis
1224 5572 1319 5650 [⁶“]
1354 5575 1727 5644 inclusimus,
1752 5594 1821 5636 ea
1852 5596 1921 5635 ex
1951 5581 2154 5637 codice

498 5646 564 5704 Β.
582 5646 946 5702 exciderant.

569 5717 688 5798 (87)
721 5718 809 5774 Ita
832 5718 1056 5774 correxi
1108 5735 1219 5793 pro
1285 5716 1740 5799 ὶπιδημήσαντας,
1799 5725 1913 5781 Nec
1982 5724 2153 5785 aliter

2266 5507 2611 5568 Hentenius.

2336 5582 2451 5654 (88)
2492 5583 2612 5638 Hoc
2643 5597 2888 5654 prorsus
2914 5579 3177 5638 alienum
3204 5585 3310 5638 est.
3339 5583 3421 5654 Ex_
3449 5575 3732 5654 Hentenio
3747 5567 3858 5629 col-

2264 5651 2440 5724 ligas,
2461 5651 2786 5727 legendum
2818 5668 2948 5710 esse
2972 5653 3233 5729 οἰκονόμοι
3262 5660 3365 5711 aut
3394 5651 3682 5712 διοικηταὶ.
