4128 6386
248 368 389 424 1033
1372 364 1743 421 COMMENT.
1784 364 1855 419 IN
1893 362 2160 421 LUCAM.
2194 398 2259 406 —
2286 366 2440 423 CAP.
2473 368 2617 424 xv1.
3488 379 3626 434 4034

323 497 399 549 Οὐ
448 500 550 572 γὰρ
622 529 683 538 -
744 496 1047 568 οἰκονομεῖν.
1111 498 1214 545 Τοῦ
1274 491 1495 544 θανάτου
1550 492 1668 543 ὅσον
1717 493 1859 542 οὔπω
1888 491 1935 545 Α

2042 489 2207 548 Vers.
2240 495 2291 546 2.
2319 494 2516 566 Neque
2537 497 2689 553 enim
2727 528 2794 537 —
2813 497 3165 569 dispensare.
3200 498 3385 556 Morte
3412 516 3622 575 prope-

260 594 659 661 μετακινοῦντός
681 606 757 639 σε.

1968 582 2216 637 modum
2248 589 2299 637 te
2325 584 2729 645 transferente.

327 674 450 730 Εῖπε
522 674 581 728 δὲ
634 706 703 718 --
757 675 1107 746 αἰσχύνομαι.
1152 674 1298 725 Μετὰ
1348 674 1434 724 τὸν
1490 672 1702 723 θάνατον
1755 672 1856 743 ’γὰρ

2038 672 2205 728 Vers.
2255 676 2304 727 3.
2330 673 2428 727 Ait
2467 684 2661 732 autem
2705 708 2772 717 —
2810 677 3108 736 erubesco.
3170 680 3315 736 Post
3370 685 3621 737 mortem

249 765 583 840 ἐργάσασθαι
618 765 713 817 οὐκ
757 765 935 836 ἰσχύει
969 782 1063 823 τις.
1117 762 1408 836 Ἐργασίας
1457 762 1558 831 γὰρ
1604 762 1629 811 6
1680 765 1857 833 παρὼν

1992 758 2125 815 :nim
2155 777 2333 816 nemo
2352 765 2560 834 poterit
2575 765 2809 835 operari
2843 784 2855 821 :
2886 783 3029 823 nam
3076 784 3343 839 praesens
3388 775 3622 841 tempus

248 861 453 931 καιρόςο
484 857 508 907 6
542 853 601 908 δὲ
639 854 850 928 μεῆλων,
884 848 1301 915 ἁνταποδόσεως,
1334 855 1424 903 καὶ
1456 852 1511 901 τὸ
1542 849 1856 923 παρακαλεῖν

1992 849 2322 915 ιρθιυδιὶοιιὶε
2349 858 2451 916 est,
2488 853 2751 911 futurum
2786 872 2927 911 vero
2957 857 3383 925 retributionis,
3419 864 3477 915 et
3523 860 3622 916 dc-

250 944 517 1003 ἀνόνητον.

1965 939 2193 1010 precari
2216 940 2322 995 erit
2357 940 2584 997 inutile.

319 1034 519 1105 Ἐγνων
549 1038 601 1086 τί
625 1036 851 1091 ποιήσω.
885 1029 1055 1102 Ἔγνω
1084 1037 1237 1083 τοῦτο
1270 1030 1585 1089 συνετισθεὶς
1625 1029 1724 1081 ὑπὸ
1756 1037 1854 1080 τῶν

2036 1028 2204 1084 Vers.
2238 1032 2291 1086 4.
2334 1029 2481 1098 Scio,
2510 1033 2657 1104 quid
2675 1034 2921 1103 faciam.
2960 1036 3235 1093 Eruditus
3273 1054 3309 1095 δ,
3359 1039 3621 1112 Ξεινὶριιι-

246 1131 486 1197 Γραφῶν.
1964 1117 2061 1173 ris.

317 1213 430 1267 Ἵνα
459 1215 581 1265 ὅταν
611 1242 672 1252 --
720 1214 893 1272 οἰκους
942 1208 1131 1262 αὐτῶν.
1182 1208 1362 1272 Οὗτοι,
1422 1212 1540 1282 περὶ
1587 1208 1654 1258 ὦν
1701 1209 1849 1279 ἔγνω,

2032 1208 2196 1263 Vers.
2227 1210 2284 1264 4.
2343 1208 2420 1265 Ut
2444 1224 2575 1265 cum
2609 1241 2674 1251 —
2697 1210 2892 1268 domos
2922 1228 3086 1271 suas.
3114 1213 3199 1280 Hi,
3230 1231 3382 1287 quos
3403 1216 3618 1283 scio,et

245 1306 522 1355 τουτέστιν
551 1304 599 1353 οἱ
627 1302 851 1375 ῥηθῆναι
881 1299 1162 1372 μελλοντες.

1110 1318 1162 1359 ες.
1959 1312 2115 1368 quos
2145 1312 2307 1352 nunc
2336 1298 2599 1354 dicturus
2634 1304 2740 1355 est.

322 1396 424 1444 Καὶ
499 1390 987 1465 προσκαλεσάμενος
1049 1418 1117 1428 -
1189 1383 1531 1458 ὁγδοήκοντα.
1589 1390 1682 1447 Τίς
1762 1390 1851 1458 μὶν

2033 1387 2190 1440 Vers.
2222 1391 2277 1442 5.
2315 1386 2395 1441 Et
2429 1388 2703 1444 advocato
2726 1420 2790 1430 —
2818 1388 2983 1448 Vers.
3018 1392 3070 1445 '7.
3091 1391 3413 1463 Octoginta.
3444 1395 3618 1460 Quis-

245 1482 271 1532 6
334 1485 613 1555 χρεώστης
643 1488 734 1531 τοῦ
784 1478 975 1544 ἐλαίου,
1034 1482 1124 1529 καὶ
1176 1482 1255 1538 τίς
1306 1478 1330 1528 6
1383 1483 1473 1527 τοῦ
1533 1480 1703 1540 σίτου,
1762 1482 1851 1529 καὶ

1986 1489 2102 1529 tam
2130 1474 2355 1530 debitor
2376 1475 2605 1546 sitolei,
2659 1483 2715 1533 et
2771 1477 2902 1551 quis
2952 1479 3141 1547 tritici,
3192 1481 3403 1553 quisve
3461 1500 3616 1540 unus

244 1567 397 1622 διατί
592 1568 772 1621 ἑκατόν
832 1567 1065 1639 ὤφειλον,
1110 1572 1201 1618 καὶ
1256 1571 1309 1617 τί
1362 1569 1418 1617 τό
1488 1568 1707 1637 ’γράμμα
1757 1574 1849 1617 τοῦ

1985 1563 2214 1635 [nisque
2256 1564 2502 1630 debitor,
2541 1570 2599 1620 et
2634 1583 2769 1638 quae
2810 1570 3008 1624 cautio
3061 1569 3261 1635 debiti,
3319 1577 3375 1626 et
3430 1588 3615 1645 quare

241 1663 458 1731 χρέους,
498 1662 587 1710 καὶ
629 1654 772 1709 διατί
816 1658 841 1709 6
896 1659 985 1728 μὲν
1031 1661 1350 1713 πεντήκοντα
1396 1654 1637 1726 ἔγραψεν,
1707 1657 1731 1707 6
1791 1653 1849 1708 δὲ

1982 1652 2119 1707 η’ἱοτ
2133 1654 2826 1726 scripsitquinquaginta,
2845 1658 3129 1728 posterior
3142 1676 3276 1715 vero
3291 1663 3612 1730 octoginta,

244 1746 598 1818 ὁγδοήκοντα,
632 1752 721 1798 καὶ
768 1749 833 1798 τὰ
879 1753 1097 1797 τοιαῦτα
1144 1753 1233 1804 τῆς
1289 1747 1628 1817 προκειμένης
1683 1765 1847 1819 παρα-

1978 1758 2025 1797 ιο
2054 1742 2292 1807 similia,
2333 1759 2464 1815 quas
2486 1744 2546 1798 in
2575 1746 2843 1815 praesenti
2869 1748 3241 1818 reperiuntur
3294 1752 3608 1821 parabola,

246 1837 434 1911 βολῆς,
511 1840 746 1911 περιττόν
819 1834 1092 1898 ἐξετάζειν.
1169 1833 1243 1887 Δι’
1300 1831 1450 1885 οὐδὲν
1516 1836 1617 1908 γὰρ
1680 1836 1845 1905 ἕτερον

1990 1831 2325 1901 uperﬂuum
2360 1838 2449 1886 est
2487 1833 2783 1905 inquirere
2812 1852 2823 1888 :
2854 1835 3150 1908 siquidem
3173 1836 3249 1892 ad
3282 1838 3422 1893 nihil
3448 1839 3614 1895 aliud

244 1928 706 1991 συνεπλάσθησαν,
762 1925 792 1983 ἢ
853 1926 936 1976 ἱνα
1000 1920 1192 1994 δειχθῇ
1253 1943 1427 1994 μονον,
1484 1924 1562 1974 ὅτι
1602 1924 1626 1974 6
1673 1924 1846 1997 ῥηθεὶς

1983 1919 2152 1975 ιίῖἱοῐθ.
2183 1926 2337 1988 sunt,
2369 1938 2555 1995 quam
2590 1931 2650 1978 ut
2672 1924 3023 1980 ostendatur
3058 1928 3218 1998 quod
3252 1928 3444 1982 dictus
3494 1929 3613 1985 dis-

240 2016 530 2088 οἰκονόμος,
611 2017 706 2076 ἔως
766 2012 880 2085 εἶχε
954 2018 1135 2087 καιρόν
1207 2012 1520 2083 οἰκονομίας,
1590 2017 1848 2086 φρονίμως

1985 2014 2259 2076 ιθηεδῐοτ,
2292 2010 2437 2067 dum
2462 2012 2928 2084 dispensationis
2958 2021 3195 2086 tempus
3217 2016 3441 2083 habuit,
3471 2034 3615 2090 pru-

235 2113 344 2167 τοίς
401 2114 489 2158 του
536 2101 791 2157 δεσπότου
841 2105 1147 2175 πράγμασιν
1186 2101 1259 2162 εἰς
1310 2104 1368 2152 τό
1426 2101 1610 2153 οἰκεῖον
1651 2105 1845 2172 συμφέ-

1980 2098 2161 2153 lenter
2189 2099 2419 2156 domini
2453 2100 2631 2156 rebus
2660 2102 2735 2157 ad
2761 2118 2935 2157 suum
2952 2104 3343 2161 commodum
3381 2107 3610 2163 abusus

235 2216 328 2269 ρον
356 2193 724 2268 ἀπεχρήσατο,
771 2199 861 2244 καὶ
893 2189 964 2244 δι’
1009 2192 1177 2243 αὐτῶν
1226 2196 1293 2251 εὶς
1348 2194 1405 2243 1'6
1457 2190 1634 2262 μέλλον
1679 2210 1847 2247 σωτη-

1978 2192 2065 2253 est,
2098 2195 2384 2259 etpereas
2415 2191 2472 2244 in
2488 2189 2742 2245 futurum
2763 2208 2935 2247 suam
2949 2192 3204 2249 salutem
3234 2211 3484 2266 procura
3498 2197 3608 2253 vit:

235 2286 361 2359 ρίαν
418 2284 581 2354 ἐαυτῷ
624 2286 1050 2357 περιεποιήσατο,
1093 2284 1159 2342 ὡς
1210 2279 1435 2332 ἐντεῠεεν
1496 2282 1676 2351 μαθεῖν
1726 2283 1845 2340 τοὺς

1984 2282 2018 2331 lt
2047 2276 2187 2332 hinc
2213 2278 2461 2345 discant,
2496 2279 2597 2352 qui
2623 2278 2848 2335 habent
2867 2280 3128 2348 divitias,
3155 2284 3316 2354 quod
3342 2290 3614 2356 oporteat

238 2376 461 2445 ἔχοντας
503 2372 741 2440 πλοῦτον,
774 2374 854 2423 ὅτι
898 2375 1002 2444 χρὴ
1050 2375 1280 2435 τούτους,
1330 2369 1631 2441 οἰκονόμους
1684 2369 1843 2421 αὑτοῦ

1979 2382 2080 2435 :os,
2102 2382 2238 2423 cum
2259 2366 2494 2422 illarum
2513 2367 2956 2440 dispensatores
2980 2371 3281 2427 constituti
3300 2373 3440 2445 sint,
3465 2373 3609 2429 dum

236 2464 623 2531 καταστάντας,
692 2462 785 2522 ἕως
850 2461 1041 2530 ἔχουσι
1111 2462 1290 2532 καιρόν
1364 2462 1519 2521 ζωῆς,
1591 2463 1844 2531 φρονίμως

1981 2455 2087 2509 vitae
2120 2462 2357 2527 tempus
2388 2456 2626 2527 habent,
2657 2458 2980 2529 prudenter
3001 2459 3103 2515 Dei
3125 2462 3298 2515 rebus
3318 2462 3393 2516 ad
3434 2480 3611 2519 suum

237 2559 352 2612 τοῖς
408 2559 500 2603 τοῦ
562 2558 694 2603 Θεοῦ
751 2553 1057 2622 πράγμασιν
1098 2547 1167 2609 εἰς
1216 2552 1275 2600 τό
1329 2547 1512 2599 οἰκεῖον
1585 2552 1843 2620 συμφέρον

1982 2544 2115 2599 ibuti
2143 2546 2523 2601 commodum
2558 2562 2569 2600 :
2605 2554 2661 2602 et
2690 2564 2795 2625 per
2823 2547 2974 2616 illas,
3025 2552 3394 2622 pauperibus
3432 2551 3612 2608 bene-

241 2639 687 2712 ἁποχρήσασθαι,
752 2643 841 2690 καὶ
897 2635 970 2690 δι’
1030 2637 1198 2689 αὐτῶν
1274 2636 1657 2708 εὐεργετοῦντας
1728 2641 1844 2697 τοὺς

1981 2633 2252 2699 aciendo,
2281 2635 2339 2689 in
2365 2636 2628 2691 futurum
2655 2637 2907 2692 salutem
2936 2638 3049 2693 sibi
3077 2641 3403 2710 acquirere.
3438 2641 3611 2697 Batus

239 2734 482 2790 πένητας.
537 2729 610 2790 εἰς
658 2732 716 2781 τὸ
777 2728 956 2800 μέλλον
1026 2731 1288 2800 σωτηρίαν
1352 2726 1554 2787 ἑαυτοῖς
1600 2745 1838 2798 “Pw/5m-

1983 2726 2153 2794 taque
2187 2739 2467 2780 mensura
2496 2731 2622 2781 erat
2646 2725 2777 2796 olei,
2832 2742 3006 2782 corus
3036 2745 3177 2784 vero
3231 2730 3398 2786 tritici
3449 2747 3613 2786 men-

240 2821 555 2873 τεύσασοαι.
601 2821 761 2881 Βάτος
800 2820 889 2891 μὲν
917 2813 1003 2869 οὖν
1030 2813 1090 2875 ἦν
1120 2821 1304 2888 μέτρον
1350 2814 1519 2867 ἐλαίου
1548 2835 1557 2844 ·
1588 2820 1735 2887 κόρος
1762 2810 1840 2879 δὲ,
1954 2829 2113 2869 sura.

234 2912 422 2981 μέτρον
454 2912 625 2967 σίτου.

316 3004 415 3052 Καὶ
486 2999 727 3070 ἐπῄνεσεν
803 3028 872 3037 -
931 3000 1185 3071 φρονίμως
1256 2993 1487 3052 ἐποίησε.
1560 2996 1629 3045 T6
1702 2992 1838 3059 ἑξῆς,

2022 2991 2187 3046 Vers.
2219 2992 2272 3045 8.
2302 2990 2379 3045 Et
2406 2990 2677 3046 laudavit
2706 3022 2774 3030 —
2801 2992 3134 3061 prudenter
3154 2994 3410 3063 fecisset.
3458 2996 3610 3061 Quid

235 3092 307 3149 ὡς
356 3085 537 3157 δῆλον,
586 3095 692 3147 τοῖς
748 3086 1025 3159 ἀκροαταῖς
1080 3083 1243 3156 ἀφῆκε
1302 3083 1724 3154 συλλογίζεσθαι.
1781 3083 1842 3137 Εἰ

1981 3079 2264 3135 nanifeste
2283 3086 2703 3152 consequatur,
2746 3081 3121 3136 auditoribus
3159 3083 3396 3154 reliquit
3455 3086 3611 3156 cogi-

233 3182 337 3252 γὰρ
395 3181 419 3229 6
469 3174 785 3249 ἠδικημένος
842 3173 1103 3236 δεσπότης
1161 3172 1375 3246 ἐπῄνεσε
1431 3177 1517 3225 τὸν
1575 3172 1839 3245 οἰκονόμον

1980 3169 2229 3225 audum.
2253 3172 2399 3224 Nam
2432 3170 2479 3223 si
2509 3169 2799 3225 Dominus
2838 3170 3126 3241 injustitia
3176 3172 3426 3228 affectus
3482 3174 3610 3230 lau-

234 3277 331 3331 τῆς
383 3264 616 3332 ἀδικίας,
667 3270 828 3337 ἤγουν
886 3268 971 3316 τόν
1005 3268 1097 3322 τὴν
1144 3263 1336 3315 οἰκείαν
1390 3266 1655 3334 σωτηρίαν
1706 3262 1840 3314 οἰκο-

1978 3259 2119 3314 lavit
2147 3258 2414 3329 iniquum
2445 3258 2945 3330 dispensatorem,
2980 3261 3083 3332 qui
3114 3261 3387 3318 videlicet
3433 3280 3608 3320 suam

232 3364 539 3430 νομήσαντα
577 3355 629 3418 ἐξ
678 3352 907 3421 ἀδικίας,
957 3352 1125 3423 πολλῴ
1176 3352 1364 3424 μᾶλὶον
1418 3353 1443 3403 6
1501 3349 1842 3423 ἀδικούμενος

1979 3349 2142 3421 psius
2174 3348 2420 3403 salutem
2462 3365 2532 3404 ex
2562 3348 2848 3420 injustitia
2868 3358 3289 3421 procuraverat
3330 3368 3345 3408 :
3405 3353 3609 3411 multo

234 3452 365 3508 Θεὸς
423 3446 679 3498 ἐπαινέσει
735 3448 821 3496 τὸν
876 3444 1142 3515 οἰκονόμον
1188 3451 1282 3503 τῆς
1336 3439 1699 3503 δικαιοσύνης.
1760 3449 1842 3494 Δι-

1979 3439 2144 3509 uagis
2171 3439 2347 3507 Deus,
2377 3437 2482 3510 qui
2514 3440 2572 3494 in
2596 3438 2759 3496 nullo
2786 3438 3071 3511 injustitia
3095 3441 3368 3511 afﬁcitur,
3401 3442 3609 3501 lauda—

231 3540 490 3594 καιοσύνη
541 3537 664 3609 γὰρ,
714 3538 773 3586 τὸ
829 3536 897 3586 τὰ
942 3534 1161 3606 περιττὰ
1216 3539 1325 3593 τοῖς
1373 3536 1559 3589 πένησι
1608 3527 1841 3603 διανέμε-

1979 3528 2036 3583 Dii.
2060 3528 2285 3599 justum
2319 3529 2439 3584 sive
2461 3528 2701 3600 justitiee
2754 3529 3246 3601 dispensatorem,
3280 3535 3383 3605 qui
3405 3534 3609 3590 videli-

236 3630 383 3681 σθαι,
1951 3624 2043 3674 cet
2081 3634 2248 3673 suam
2273 3616 2467 3689 ipsius
2494 3618 2748 3673 salutem
2777 3634 2849 3674 ex
2874 3620 3101 3690 justitia
3130 3620 3565 3693 dispensaverit
3590 3640 3606 3679 :

1951 3707 2011 3763 id
2039 3707 2197 3763 enim
2229 3707 2415 3764 habet
2429 3708 2680 3780 justitia,
2718 3712 2778 3765 ut
2803 3709 3106 3781 superﬂua
3126 3711 3494 3783 pauperibus
3522 3712 3611 3769 di-

1950 3796 2250 3853 vidantur.

304 3897 424 3950 ”Οτι
453 3928 522 3938 -
575 3896 767 3949 ἑαυτῶν
814 3894 964 3949 εἰσιν.
1015 3895 1167 3954 Υἰους
1224 3895 1311 3952 μὲν
1359 3899 1451 3944 τοῦ
1491 3890 1673 3952 αἰῶνος
1725 3891 1841 3941 τού-

2022 3888 2181 3941 Vers.
2212 3889 2264 3941 8.
2296 3886 2447 3952 Quia
2476 3918 2546 3926 —
2583 3902 2685 3943 sua
2722 3893 2880 3945 sunt.
2930 3888 3106 3944 Filios
3159 3888 3343 3962 hujus
3402 3892 3609 3948 saeculi

229 4009 325 4043 του
394 3986 541 4040 καλεῖ
615 3989 728 4045 τοὺς
788 3994 860 4055 τῷ
934 3988 1115 4054 κόσμῳ
1192 3987 1610 4056 προσκειμένους·
1678 3979 1842 4030 αἰῶνα

1974 3974 2109 4040 licit,
2141 3976 2359 4031 mundo
2384 3975 2757 4032 adhaerentes
2792 3997 2804 4041 ;
2842 3977 3130 4033 saeculum
3198 3979 3358 4034 enim
3422 3997 3604 4051 nunc,

228 4083 335 4150 γὰρ
376 4087 483 4145 νῦν,
531 4080 618 4128 τὸν
669 4080 865 4145 κόσμον
908 4082 1090 4125 τουτον
1139 4071 1423 4140 ὠνόμασεν.
1470 4071 1623 4129 Υἰοὺς
1673 4071 1841 4139 φωτὸς

1978 4065 2248 4121 nundum
2277 4064 2598 4136 appellavit
2627 4064 2813 4132 ;ﬁlios
2848 4071 3048 4121 autem
3090 4066 3238 4122 lucis
3291 4075 3467 4125 vocat
3505 4086 3608 4127 eos

226 4170 368 4240 λέγει
409 4171 532 4227 τοὺς
580 4172 671 4217 τοῦ
724 4170 928 4235 κόσμου
998 4160 1399 4219 ἀποστάσαντας
1454 4158 1681 4217 ἑαυτούς.
1742 4160 1840 4208 Καί

1975 4155 2054 4228 [ui
2085 4171 2146 4210 se
2166 4154 2329 4226 ipsos
2360 4170 2395 4210 a
2426 4154 2655 4210 mundo
2686 4160 3126 4227 separaverunt.
3173 4159 3238 4211 Et
3293 4157 3434 4213 dicit
3470 4158 3605 4216 illos

227 4278 415 4331 φησιν,
484 4259 565 4308 ὅτι
623 4254 768 4305 οὗτοι
817 4255 1185 4326 φρονιμώτεροί
1245 4248 1373 4301 εἰσιν
1429 4245 1651 4309 ἐκείνων,
1706 4247 1842 4297 κατὰ

1976 4243 2359 4300 prudentiores
2389 4259 2516 4298 esse
2542 4243 2665 4299 istis
2696 4243 2757 4298 in
2793 4244 2908 4299 hoc
2936 4244 3077 4310 solo,
3111 4245 3274 4316 quod
3302 4247 3371 4301 de
3406 4246 3606 4304 futuro

224 4358 384 4402 τουτο
415 4343 476 4399 δὲ
525 4348 699 4417 μόνον,
731 4343 862 4393 καθὸ
911 4340 1250 4413 φροντίζουσι
1296 4345 1386 4388 τοῦ
1444 4336 1731 4408 μέλλοντος,
1772 4337 1841 4396 ὡς

1975 4334 2060 4388 llis
2101 4349 2246 4389 cura
2285 4338 2391 4399 est,
2426 4334 2577 4389 sicut
2609 4332 2750 4389 dicti
2798 4333 3227 4405 dispensatoris
3262 4336 3605 4407 exemplum

226 4436 398 4499 ἔδειξε
477 4439 535 4487 τό
619 4428 963 4505 παράδειγμα
1045 4435 1137 4480 τοῦ
1216 4428 1462 4501 ῥηθέντος
1543 4426 1837 4496 οἰκονόμον,

1974 4421 2393 4479 lemonstravit.
2428 4422 2781 4479 Exhortatur
2805 4427 3007 4480 autem
3040 4440 3228 4479 sermo
3255 4441 3376 4491 eos,
3402 4425 3503 4497 qui
3530 4425 3604 4481 de

220 4528 380 4600 ’Υπὲρ
410 4527 532 4587 τοὺς
563 4524 707 4584 υἱοὺς
740 4519 798 4574 ὸε
829 4527 921 4572 τοῦ
966 4521 1129 4591 φωτός
1158 4520 1274 4577 τοὺς
1323 4516 1390 4576 εἰς
1420 4520 1512 4573 τὴν
1542 4517 1715 4586 γενεὰν
1745 4519 1838 4571 τήν

1115 4538 1129 4579 ;
1158 4520 1274 4577 τοὺς
1323 4516 1390 4576 εἰς
1420 4520 1512 4573 τὴν
1542 4517 1715 4586 γενεὰν
1745 4519 1838 4571 τήν
1949 4512 2149 4569 futuro
2179 4511 2541 4582 negligentes
2589 4516 2745 4567 sunt.

230 4598 454 4679 ἑαυτῶν,
500 4616 662 4685 ἤγουν
712 4615 835 4674 τοὺς
872 4609 927 4663 ἐκ
964 4616 1056 4669 τῆς
1083 4612 1255 4679 γενεᾶς
1293 4614 1387 4667 τῆς
1436 4604 1629 4657 ἑαυτῶν
1659 4605 1803 4664 υἱοὺς
1846 4605 2013 4675 φωτὸς
2058 4606 2375 4675 γενομένους.
2410 4600 2672 4675 Ἐντρέπει
2712 4598 2989 4674 ὃὲόλόγος
3018 4607 3137 4666 τοὺς
3170 4602 3479 4677 ἀμελοῦντας
3513 4613 3605 4658 τοῦ

228 4706 519 4780 μέλλοντος.

307 4794 465 4867 Κάγὼ
531 4794 653 4866 ὑμῖν
711 4819 778 4831 --
863 4792 917 4842 ἐκ
982 4795 1073 4840 τοῦ
1149 4792 1371 4860 μαμωνᾶ
1434 4794 1529 4846 τῆς
1600 4780 1829 4844 ἀδικίας.
1871 4785 1913 4839 D

2021 4782 2182 4838 Vers.
2218 4785 2269 4836 9.
2296 4781 2371 4836 Ει
2392 4796 2491 4852 ego
2550 4782 2704 4837 vobis
2761 4812 2827 4822 —
2884 4782 2957 4838 de
3004 4782 3208 4854 iniquo
3260 4800 3601 4842 mammona.

229 4890 494 4957 Μαμωνᾶς
546 4883 657 4952 (89)
706 4884 794 4954 μεν
825 4880 851 4931 6
890 4878 1106 4938 πλοῦτος
1154 4876 1357 4947 λέγεται
1406 4874 1529 4948 παρ’
1557 4872 1831 4947 Ἑϐραίοις·

1972 4875 2288 4927 rlammona
2306 4872 2467 4943 apud
2489 4870 2995 4927 Hebraeosdivitiae
3014 4871 3315 4929 dicuntur.
3332 4874 3602 4945 Iniquum

227 4984 340 5036 Τῆς
384 4970 602 5033 ἀδικίας
647 4967 706 5023 δὲ
743 4976 922 5021 τοῦτον
962 4965 1117 5031 εἶπεν,
1167 4968 1237 5027 ως
1289 4963 1340 5026 ἐξ
1385 4959 1596 5023 ἀδικίας
1639 4964 1835 5019 Θησαυ-

1973 4968 2148 5017 iutem
2173 4960 2341 5026 dixit,
2364 4960 2486 5015 sive
2511 4960 2870 5032 Im'quilalis,
2893 4961 3055 5032 quod
3077 4977 3147 5015 ex
3176 4961 3486 5033 iniquitate
3517 4977 3603 5016 re-

224 5065 478 5138 ρισθέντα
530 5068 620 5121 τῆς
676 5059 731 5111 ἐκ
777 5066 867 5111 τοῦ
912 5061 982 5130 μὴ
1037 5052 1442 5128 διαμερίζεσθαι
1502 5054 1565 5103 τα
1620 5054 1837 5123 περιττὰ

1973 5049 2261 5114 :ondatur,
2281 5048 2491 5120 qumin
2504 5049 2618 5105 hoc
2637 5054 2739 5111 est,
2766 5049 2910 5122 quia
2924 5050 3227 5121 superﬂua
3240 5050 3603 5122 pauperibus

224 5156 418 5206 τούτου
472 5158 581 5213 τοῖς
653 5152 884 5206 πένησιν.
945 5145 1110 5207 Ἐπεὶ,
1170 5147 1348 5215 φησὶν,
1417 5142 1552 5212 ἄχρι
1606 5148 1697 5192 τοῦ
1748 5148 1834 5191 νῦν

1970 5154 2063 5194 ιοῐι
2090 5138 2463 5197 dividuntur.
2514 5141 2662 5195 Cum
2685 5154 2849 5207 ergo,
2878 5138 3093 5211 inquit,
3124 5139 3413 5195 hactenus
3445 5139 3600 5195 male

227 5250 406 5302 κακῶς
453 5240 837 5312 ᾡκονομήσατε,
898 5240 988 5287 καὶ
1044 5236 1110 5286 τὰ
1156 5232 1601 5306 ἑμπεπιστευμένα
1655 5248 1835 5301 μαμω-

1970 5228 2456 5299 lispensaveritis,
2510 5233 2565 5283 et
2623 5228 2995 5283 concreditas
3045 5229 3215 5283 vobis
3274 5228 3600 5300 iniquitatis

220 5339 315 5385 νῆιν
370 5326 585 5392 ἀδικίας
615 5330 993 5392 κατεστήσατε,
1040 5322 1137 5376 κᾶν
1186 5328 1309 5395 γοῦν
1363 5319 1460 5393 ὀχέ
1510 5337 1636 5371 ποτε
1686 5322 1836 5377 ποιή-

1968 5317 2178 5373 livitias
2203 5316 2360 5373 male
2385 5316 2784 5390 expenderitis
2811 5318 2936 5374 :vel
2966 5317 3208 5375 tandem
3259 5333 3390 5373 sero
3428 5317 3598 5378 facite

1427 5525 1655 5596 Variae
1700 5522 2033 5594 lectiones
2078 5534 2141 5592 et
2192 5531 2395 5593 notae.

299 5761 420 5841 (89)
452 5758 776 5820 Hentenius
806 5752 1025 5829 duplici
1055 5773 1134 5827 μμ
1158 5750 1360 5810 edidit.
1394 5751 1514 5823 Ego
1546 5746 1803 5823 simplici
1848 5745 2060 5823 reperi.

514 5863 750 5921 Paraon.
788 5854 896 5915 Ga.
937 5852 1184 5913 CXXIX.
3166 5900 3183 5917 .
3267 5850 3338 5913 33
