4128 6384
524 384 664 446 1035
1856 362 2199 425 EUTHYMII
2243 352 2563 418 ZIGABENI
3768 332 3905 398 1036

523 514 698 572 vobis
733 512 810 568 ab
842 510 987 582 ipsis
1025 507 1249 564 amicos
1290 516 1606 577 pauperes,
1663 498 1737 553 ad
1788 493 2153 551 imitationen

2296 508 2416 540 σατε
2472 487 2688 549 ἑαυτοῖς,
2744 483 2923 556 φίλους
2980 479 3033 542 ἐξ
3080 477 3238 531 αὐτοῦ
3293 476 3411 536 τοὺς
3462 476 3706 537 πένητας,
3760 469 3903 521 κατὰ

2681 579 2698 582 ._
2724 571 2744 582 ..
2825 574 2835 582 .
2891 575 2908 582 -
2952 576 2961 582 .
3240 566 3267 582 ι,
3301 567 3358 582 ς-

738 566 915 657 dictae
966 566 1307 672 parabolae:
1418 566 1434 574 ’

2291 584 2517 652 μίμησιν
2544 584 2633 637 τῆς
2673 571 2780 633 ἤδη
2811 574 3060 648 ῥηθείσης
3090 566 3415 641 παραϐολῆς.

598 654 862 748 Verg—9.
895 654 1122 745 Ut‘cum
1166 715 1231 726 -
1281 678 1699 738 tabernacula.
1765 677 1835 731 Ut
1880 688 2017 728 cum
2077 685 2182 742 per

2360 667 2470 720 Ἵνα
2489 669 2607 719 ὅταν
2628 697 2696 705 -
2723 665 2933 721 σκηνάς.
2962 660 3093 722 Ἰνα,
3114 660 3233 711 ὅταν
3255 676 3326 726 τῳ
3354 654 3557 723 θανάτῳ
3581 657 3898 723 μεταστῆτε,

528 786 771 838 mortem
786 779 923 835 hinc
945 770 1781 845 demigraveritis,praaparent
1798 761 1968 818 vobis
1990 760 2158 815 locun

2290 759 2647 830 παράσχωσιν
2712 754 2833 825 ύμῖν
2886 755 3040 803 τόπον
3094 747 3161 808 εἰς
3236 748 3328 808 τὰς
3399 743 3608 802 αἰωνίας
3678 742 3900 803 σκηνὰς,

526 871 606 928 ad
662 876 881 925 aeterna
930 862 1334 927 tabernacula,
1402 857 1521 931 ipsi
1570 855 1736 930 prius
1782 851 2044 923 hospites
2102 847 2156 902 ib

1407 857 1521 931 ipsi
1570 855 1736 930 prius
1782 851 2044 923 hospites
2102 847 2181 902 ibi
2290 848 2526 923 πρόξενοι
2548 848 2733 898 τούτου
2760 846 3037 916 γινόμενοι.

528 961 666 1017 facti
710 959 806 1029 (ν).

598 1010 781 1103 iis;
808 1049 889 1100 tO.
926 1044 1035 1109 Qui
1061 1041 1249 1111 ﬁdelis
1288 1069 1355 1078 -
1396 1036 1630 1108 iniquus
1675 1039 1776 1089 est.
1835 1029 1943 1095 Qui
1996 1024 2182 1081 ﬁdelis

2360 1026 2418 1078 Ὁ
2447 1028 2632 1084 πιστὸς
2666 1054 2729 1064 --
2768 1018 2952 1080 ἄδικός
2982 1018 3143 1072 ἐστιν.
3194 1015 3253 1068 Ὀ
3284 1015 3468 1073 πιστὸς
3498 1010 3545 1063 ἐν
3589 1010 3768 1081 ὀλίγῳ,
3809 1014 3900 1062 καὶ

527 1143 618 1193 est
648 1136 707 1190 in
741 1135 1011 1199 minimo,
1035 1131 1214 1186 etiam
1246 1128 1466 1197 dignus
1496 1130 1604 1179 est.
1628 1122 1775 1176 Dicit
1824 1123 2025 1174 autem
2078 1114 2157 1169 mi

2292 1115 2478 1168 πολλοῦ
2510 1114 2654 1177 ἄξιός
2682 1112 2839 1164 ἐστιν·
2885 1112 2909 1161 ὁ
2943 1106 3000 1161 δὲ
3044 1107 3090 1159 ἐν
3123 1106 3277 1177 ὀλίγῳ
3317 1100 3522 1165 ἄδικος,
3574 1106 3663 1152 καὶ
3706 1099 3900 1152 πολλοῦ

527 1225 785 1291 nimum,
810 1228 1075 1278 terrenas
1107 1217 1365 1284 divitias,
1392 1214 1645 1270 multum
1673 1224 1831 1273 vero,
1889 1205 2156 1262 ccelestes

2294 1204 2502 1267 ἀνάξιός
2518 1203 2649 1256 ἐστι.
2675 1204 2829 1272 Λέγει
2857 1198 2915 1253 δὲ
2934 1197 3215 1269 ἐλάχιστον
3238 1196 3326 1267 μεν
3349 1197 3434 1245 τὸν
3456 1196 3635 1263 γήϊνον
3656 1188 3900 1252 πλοῦτον,

2294 1295 2454 1349 πολύν
2487 1291 2545 1346 δὲ
2576 1296 2661 1345 τὸν
2696 1292 2955 1364 οὐράνιον.

599 1404 763 1459 Vers.
803 1405 884 1456 tt.
912 1400 977 1455 Si
1001 1413 1220 1468 ergo—
1271 1394 1486 1465 fuistis.
1553 1389 1700 1448 Male
1752 1385 2021 1443 videlicet
2066 1382 2183 1438 dis-

1946 1389 2021 1440 :et
2066 1382 2183 1438 dis-
2368 1383 2427 1436 Εἰ
2457 1379 2543 1435 οὖν
2573 1381 2820 1454 ἐγένεσθε·
2853 1378 2937 1439 Ὠς
2966 1384 3139 1436 κακῶς
3169 1373 3576 1445 οἰκονομοῦντες.

527 1490 865 1567 pensando.

604 1584 760 1635 Vers.
802 1584 880 1633 tt.
918 1574 1077 1644 Quod
1100 1606 1166 1613 --
1205 1571 1441 1629 credet?
1478 1569 1662 1624 Veras
1706 1564 1872 1637 regni
1906 1563 2003 1619 Dei
2042 1560 2187 1616 divi-

2366 1567 2436 1616 Τὸ
2458 1594 2523 1603 -
2546 1562 2820 1614 πιστεύσει
2842 1574 2855 1626 ;
2876 1561 2975 1610 Τὸν
3005 1556 3246 1613 ἀληθινὸν
3268 1551 3485 1605 πλοῦτον
3508 1558 3601 1611 τῆς
3626 1547 3908 1621 βασιλείας

529 1671 666 1727 tias.

2296 1662 2389 1706 τοῦ
2416 1660 2571 1707 Θεοῦ.

601 1726 763 1814 Vers.
799 1759 880 1811 t2.
925 1751 1354 1810 Etsi—dabit
1410 1750 1438 1803 ἵ
1490 1746 1759 1803 Similiter
1817 1749 1872 1797 et
1925 1741 2185 1797 alienum

2370 1748 2472 1796 Καὶ
2528 1742 2571 1793 εἰ
2626 1771 2690 1782 —-
2747 1736 2942 1803 ὃὼσει;
2982 1736 3200 1807 Ὁμοίως
3254 1730 3518 1803 ἀλλότριον
3576 1731 3667 1801 μὲν
3720 1726 3909 1799 ὀνομά-

530 1846 803 1905 nominat
829 1851 1091 1899 terrenas
1118 1840 1373 1902 divitias,
1400 1837 1621 1911 quippe
1652 1850 1785 1907 qua:
1819 1830 1983 1903 apud
2022 1830 2160 1884 illun

2299 1835 2377 1894 ζει
2408 1837 2493 1884 τὸν
2531 1837 2710 1903 γηῑνον
2758 1828 2999 1889 πλοῦτον,
3060 1828 3124 1884 ὡς
3176 1827 3247 1895 μη
3298 1823 3654 1894 παραμένοντα
3691 1824 3763 1885 τῷ
3821 1833 3907 1865 κε-

530 1954 651 1994 non
683 1936 1095 2007 permaneant,
1121 1931 1224 2002 qui
1251 1931 1412 2001 ipsas
1442 1929 1885 1982 estassecutus:
1915 1925 2160 1975 nostrun

2298 1926 2552 1995 κτημένῳο
2600 1922 2844 1992 ἡμέτερον
2889 1915 3001 1986 (90)
3059 1911 3138 1977 δὲ,
3186 1916 3272 1964 τὸν
3326 1910 3583 1982 οὐράνιον,
3625 1908 3692 1967 ὡς
3736 1922 3906 1975 παρα-

531 2006 733 2083 autem
774 2023 1063 2086 caelestes,
1101 2027 1163 2075 ut
1183 2035 1318 2093 quae
1349 2016 1514 2090 apud
1551 2016 1721 2071 illum
1774 2014 2161 2084 permaneant

1491 2016 1514 2072 1
1551 2016 1721 2071 illum
1774 2014 2183 2084 permaneant,
2298 2018 2513 2087 μένοντα
2542 2019 2614 2082 τῷ
2642 2008 2910 2071 ἀξιωθέντι
2942 2006 3121 2057 αὐτοῦ.

531 2117 636 2189 qui
663 2115 825 2187 ipsas
853 2112 1084 2184 accipit.

805 2202 889 2259 t3.
920 2169 1140 2257 Nullus
1170 2202 1597 2253 -—oontemnet.
1651 2197 1783 2250 Haec
1824 2191 2003 2247 etiam
2043 2188 2191 2244 dixit

2370 2188 2562 2253 Οὐδεὶς
2601 2220 2663 2230 -
2720 2189 3129 2258 καταφρονήσει·
3190 2187 3370 2233 Ταῦτα
3426 2176 3532 2229 εἶπε
3589 2177 3678 2227 καὶ
3744 2169 3790 2223 ἐν
3830 2178 3903 2239 τῷ

531 2295 745 2367 quinto
776 2293 968 2363 capite
992 2288 1289 2359 Evangelii
1316 2285 1645 2342 secundum
1684 2282 2025 2337 Mattheeum
2068 2295 2079 2333 :
2133 2294 2161 2333 e

2298 2287 2514 2353 πέμπτῳ
2544 2278 2804 2351 κεφαλαίῳ
2834 2282 2925 2328 τοῦ
2964 2275 3099 2325 κατὰ
3126 2271 3415 2336 Ματθαῑον,
3447 2269 3531 2317 καὶ
3564 2263 3825 2334 ἀνάγνωθι
3854 2258 3905 2311 ἐν

3117 2362 3128 2367 -
3151 2357 3169 2367 -ι
3202 2365 3209 2367 .
3305 2356 3353 2367 η.
3560 2351 3582 2367 ι
3659 2358 3667 2367 .
3816 2354 3826 2365 .

531 2384 591 2439 in
635 2399 706 2437 eo
761 2381 891 2450 tege
940 2379 1078 2434 dicti
1120 2378 1276 2432 illius
1317 2374 1754 2431 enarrationem
1808 2388 1821 2426 :
1870 2370 2051 2425 Nemo
2085 2383 2161 2437 po

2300 2371 2470 2442 ἐκείνῳ
2490 2351 2591 2429 τὴν
2632 2368 2879 2439 ἐξήγησιν
2910 2372 3019 2416 τοῦ·
3057 2357 3247 2422 Οὐδεὶς
3294 2356 3517 2411 δύναται
3547 2351 3677 2407 δυσὶ
3704 2354 3909 2424 κυρίοις

532 2478 639 2529 test
679 2471 899 2527 duobus
926 2467 1169 2524 dominis
1198 2467 1414 2522 servire
1445 2465 1512 2519 “.

950 2467 1169 2523 (ominis
1198 2467 1414 2522 servire
1445 2465 1512 2519 “.
2302 2458 2580 2514 δουλεύειν.

603 2563 767 2617 Vers.
819 2564 898 2615 t3.
966 2559 1093 2614 Non
1147 2558 1375 2627 potestis
1431 2584 1501 2594 ——
1565 2565 1921 2607 mammonae.
1980 2550 2189 2604 Conse-

533 2656 781 2724 quenter
816 2648 896 2703 ibi
920 2654 976 2702 et
1013 2646 1088 2702 de
1140 2622 1255 2701 hoc
1308 2643 1537 2699 dictum
1592 2647 1697 2711 est,
1732 2648 1791 2696 et
1840 2640 1981 2694 data
2014 2637 2163 2692 inter

2372 2639 2448 2692 Ού
2494 2635 2721 2690 δύνασθε
2752 2665 2819 2675 -
2863 2636 3103 2706 μαμωνᾶ.
3151 2627 3468 2686 ’Δκολούθως
3508 2622 3612 2676 ἐκεῖ
3653 2624 3743 2673 καὶ
3786 2623 3909 2692 περὶ

534 2739 813 2814 pretatio.

2299 2732 2482 2782 τούτου
2511 2730 2714 2800 εἴρηται
2742 2728 2832 2776 καὶ
2855 2725 3197 2798 ἡρμήνευται.

608 2827 770 2883 Vers.
807 2825 888 2881 14.
918 2821 1537 2880 Audiebant—iltum.
1554 2817 2007 2891 Vilipendebant
2028 2831 2188 2879 eum,

2371 2818 2595 2871 ’Ἡκουον
2634 2847 2700 2855 -—
2733 2814 2909 2866 αὑτὸν.
2953 2808 3258 2884 Ἐφαύλιζον
3289 2805 3466 2869 αὐτὸν,
3513 2798 3774 2873 οἱφαῦλοι
3817 2799 3910 2847 καὶ

534 2919 648 2991 ipsi
680 2916 825 2972 viles
865 2931 935 2971 ac
955 2912 1309 2969 detestandi.

1051 2912 1309 2968 .estandi.
2300 2912 2681 2962 κατάπτυστοι.

608 3008 779 3064 Vers.
803 3006 883 3061 15.
907 3004 1078 3061 Etait
1098 3035 1165 3043 —
1188 3001 1513 3057 homnibus.
1541 3000 1649 3065 Qui
1674 3014 1780 3055 vos
1819 2998 1976 3070 ipsos
1999 2995 2191 3067 justos

2374 3002 2473 3051 Καὶ
2510 2998 2642 3049 εἶπεν
2688 3024 2758 3034 -
2803 2992 3103 3066 ἀνθρώπων.
3165 2989 3231 3040 Οἱ
3271 2982 3509 3043 δικαίους
3546 2980 3757 3037 ἑαυτούς
3803 2974 3910 3026 οἰό-

535 3096 779 3171 putatis.

2300 3109 2460 3163 μενοι.

609 3188 772 3241 Vers.
804 3185 892 3239 15.
925 3183 1073 3238 Deus
1104 3184 1301 3238 autem
1326 3211 1393 3221 —
1440 3186 1654 3235 vestra.
1704 3177 1969 3233 Peccatis
2018 3174 2193 3248 plena
2223 3191 2239 3245 (

2300 3150 2309 3163 ⁸
2370 3178 2428 3230 '0
2477 3173 2535 3229 δε
2585 3178 2713 3237 Θεὸς
2762 3205 2831 3214 -
2862 3173 3024 3245 ὑμῶν.
3055 3165 3391 3243 Ἃμαρτωλάς
3436 3161 3598 3221 οῦσας
3645 3161 3735 3210 καὶ
3775 3150 3908 3228 βδε-

536 3280 594 3333 et
618 3273 1007 3331 exsecranda.

852 3273 1007 3329 inda.
2302 3268 2482 3343 λυράς.

607 3330 918 3422 Ϋθιιε.⁵15.
981 3360 1148 3429 Quod
1177 3359 1321 3415 Deo.
1379 3355 1934 3429 Siquidem,inquit,
1989 3354 2194 3411 etiam-

2373 3356 2493 3408 Ὀτι
2541 3385 2610 3397 —-
2656 3360 2748 3406 τοῦ
2780 3359 2937 3407 Θεοῦ.
2984 3352 3080 3403 Καὶ
3124 3348 3225 3421 γάρ
3259 3358 3438 3418 φησιν·
3498 3341 3557 3393 Εἰ
3602 3341 3692 3391 καὶ
3744 3330 3912 3393 μηδὲν

538 3455 586 3510 si
636 3454 697 3509 in
754 3453 869 3509 alio
928 3426 1092 3505 nullo
1137 3426 1525 3521 deliqueritis,
1586 3464 1755 3517 quam
1787 3426 1949 3518 quod
2000 3461 2168 3499 coram

2304 3447 2471 3521 ἕτερον
2528 3445 2846 3517 ἡμαρτάνετε
2900 3441 3015 3512 (91)
3078 3440 3107 3497 ἡ
3152 3436 3202 3489 ἐν
3257 3434 3544 3509 ἀνθρώποις
3603 3426 3913 3499 ὑψηλοφρο-

538 3542 887 3600 hominibus
920 3539 1256 3595 sublimiter
1288 3553 1497 3609 sapere
1525 3517 1829 3601 videmini,
1866 3535 1925 3590 id
1966 3534 2168 3590 abomi

2308 3539 2435 3593 σύνη
2480 3531 2713 3607 βδελυρά
2742 3530 2855 3583 ἐστι
2892 3538 2965 3601 τῷ
2996 3534 3125 3598 Θεῷ,
3155 3530 3241 3578 καὶ
3290 3520 3583 3597 βδελυροὺς
3620 3523 3756 3570 ποιεῖ
3794 3517 3918 3574 τοὺς

537 3634 704 3689 natio
733 3636 1036 3686 estcoram
1057 3627 1676 3689 Deo,acdetestandos
1702 3625 1841 3681 facit
1882 3625 2194 3696 superbos.
2306 3625 2605 3698 οἱηματίας.

617 3721 779 3777 Vers.
813 3724 895 3775 16.
939 3719 1062 3774 Lex
1091 3718 1490 3773 —Joannem.
1547 3718 1657 3771 Lex
1703 3713 2101 3787 prophetandi
2143 3718 2197 3769 et

2374 3713 2432 3766 Ὀ
2480 3717 2630 3785 νόμος
2706 3741 2773 3751 -
2818 3709 3077 3762 Ἰωάννου.
3149 3705 3208 3757 Ὀ
3274 3706 3424 3774 νόμος
3474 3706 3567 3753 τοῦ
3627 3696 3920 3770 προφητεύ-

543 3809 869 3883 prophetae,
895 3808 993 3880 qui
1019 3806 1292 3861 videlicet
1314 3807 1388 3861 de
1420 3821 1514 3860 me
1542 3784 2065 3877 prophetaverunt,
2098 3820 2169 3857 us

2307 3824 2395 3873 ειν,
2462 3806 2551 3853 καὶ
2620 3802 2669 3853 οἱ
2733 3806 2997 3872 προφῆται
3054 3798 3102 3848 οἱ
3163 3794 3589 3869 προφητεύοντες,
3646 3784 3916 3853 δηλονότι,

542 3875 676 3972 que-
700 3899 773 3954 ad
789 3875 1080 3953 Joannem
1106 3875 1611 3967 prOphetaverunt
1655 3894 1701 3928 ³⁵
1737 3910 1750 3960 ;
1784 3908 1929 3947 nam
1952 3892 2064 3947 hoc
2096 3892 2172 3947 ad

2306 3896 2424 3967 περὶ
2468 3890 2611 3963 ἐμοῦ,
2658 3893 2848 3962 μέχρις
2880 3887 3118 3941 Ἰωάννου
3167 3887 3580 3957 προεφήτευσαν,
3619 3883 3783 3929 Τοῦτο
3810 3875 3916 3945 γὰρ

542 3963 693 4045 didit
719 3986 1056 4043 Matthteus.
1097 3963 1351 4041 ﬁosthac
1381 3990 1581 4041 autem
1622 3998 1816 4054 neque
1868 3981 1961 4037 lex
2004 3998 2172 4054 nequ<

2306 3983 2626 4056 προσέθηκεν
2652 3981 2677 4030 ὁ
2708 3980 2996 4038 Ματθαῖος.
3029 3981 3133 4029 Τοῦ
3162 3973 3345 4026 λοιποῦ
3378 3967 3436 4023 δὲ
3467 3969 3582 4022 οὔτε
3610 3970 3764 4039 νόμος
3796 3963 3919 4014 οῦτε

542 4079 862 4152 propheta,
899 4075 1003 4130 sed
1029 4075 1175 4148 quid
1215 4074 1243 4129 ‘I

1226 4074 1243 4129 Ῠ
2306 4080 2592 4144 προφῆται,
2616 4067 2743 4121 ἀλλὰ
2773 4073 2824 4120 τί
2844 4083 2856 4135 ;

613 4168 775 4223 Vers.
824 4170 905 4221 16.
946 4166 1037 4220 Ab
1068 4194 1134 4204 —
1161 4163 1573 4219 annuntiatur.
1600 4160 1728 4217 Non
1769 4160 2025 4216 obscure
2069 4176 2200 4233 pro-

2381 4162 2508 4214 ’Λπὸ
2565 4189 2635 4201 -
2704 4156 3106 4229 εὐαγγελίζεται.
3189 4153 3379 4206 Οῦκέτι
3450 4153 3723 4205 σκοτεινῶς
3784 4160 3917 4214 προ-

541 4256 837 4329 phetatur,
899 4254 1005 4309 sed
1061 4252 1265 4325 palam
1324 4250 1711 4307 annuntiatur
1780 4266 1791 4305 :
1848 4249 1973 4321 ipse
2038 4251 2171 4305 enin

2310 4254 2605 4324 φητεύεται,
2639 4247 2767 4300 ἀλλὰ
2813 4255 3035 4319 φανερῶς
3077 4242 3503 4315 καταγγέλλεται.
3538 4237 3701 4296 Αὐτὸς
3745 4235 3848 4307 γὰρ
3892 4233 3917 4282 ὁ

538 4349 798 4403 Joannes
828 4344 971 4399 illud
1002 4344 1263 4415 primum
1296 4338 1689 4410 annuntiavit,
1724 4339 1928 4394 dicens
1975 4356 1988 4394 :
2049 4342 2168 4396 Hes:

2309 4342 2516 4398 Ἰωάννη
2531 4360 2550 4401 ς
2567 4348 2770 4414 πρῶτος
2791 4337 2947 4395 αὐτὴν
2970 4333 3363 4406 εὐηγγελίσατο,
3381 4331 3559 4401 λέγων·
3588 4330 3917 4386 Μετανοεῖτε,

541 4434 768 4508 piscite,
818 4435 1002 4489 instat
1047 4431 1201 4488 enim
1232 4446 1465 4500 regnum
1493 4430 1769 4485 caelorum
1802 4430 1867 4482 “5.
1904 4431 2171 4498 Regnum

2309 4435 2493 4502 ἧγγικε
2522 4432 2623 4502 γὰρ
2661 4430 2690 4486 ἡ
2728 4426 2974 4498 βασιλεία
3011 4432 3112 4476 τῶν
3142 4423 3390 4496 οὐρανῶν.
3422 4417 3690 4472 Βασιλείαν
3720 4410 3778 4466 δὲ
3827 4418 3920 4463 τοῦ

542 4541 681 4580 vero
710 4525 808 4579 Dei
832 4538 989 4577 nunc
1019 4520 1165 4577 dicit
1211 4520 1416 4586 ﬁdem,
1447 4536 1584 4591 quae
1619 4519 1677 4574 in
1720 4519 1917 4591 ipsum
1958 4524 2064 4584 est,
2118 4524 2172 4574 ut

2313 4528 2445 4573 Θεοῦ
2475 4519 2610 4589 λέγει
2639 4526 2748 4585 νῦν,
2779 4521 2873 4574 την
2907 4516 2977 4575 εἰς
3009 4514 3163 4566 αὐτὸν
3190 4517 3387 4576 πίστιν,
3423 4513 3491 4570 ὡς
3521 4503 3681 4559 οὖσαν
3728 4500 3918 4577 ἀρραϐ-

542 4618 682 4686 pote
723 4610 1121 4667 arrhabonem
1152 4610 1317 4680 regni
1370 4608 1675 4675 coelorum,
1723 4607 1845 4664 sive
1906 4608 2166 4665 fruitioni

2312 4620 2415 4661 ὠνα
2444 4618 2539 4669 τῆς
2567 4606 2840 4680 βασιλείας
2869 4613 2968 4655 τῶν
3000 4603 3245 4677 οὐρανῶν,
3279 4605 3396 4659 ἤτοι
3446 4608 3531 4660 τῆς
3583 4594 3918 4653 ἀπολαύσεως

544 4702 871 4759 caelestium
911 4699 1230 4756 bonorum.

1593 4775 1597 4778 γ
2311 4708 2411 4751 τῶν
2434 4697 2683 4770 οὐρανίων
2712 4694 2937 4766 ἀγαθῶν.

615 4791 778 4849 Vers.
815 4794 900 4847 16.
947 4791 1015 4845 Et
1053 4820 1122 4829 —
1168 4788 1282 4844 vim
1326 4787 1493 4859 facit.
1555 4775 1759 4844 Omnis
1818 4785 2058 4859 sapiens
2093 4786 2203 4842 ad-

2387 4792 2487 4839 Καὶ
2543 4818 2611 4825 -
2666 4783 2930 4857 βιάζεται.
2978 4788 3088 4843 Πᾶς
3144 4784 3349 4840 συνετὸς
3404 4778 3470 4838 εἰς
3524 4775 3687 4832 αὐτὴν
3743 4771 3913 4845 βιάζει

617 4971 662 5008 ¹¹ο
694 4970 894 5027 Matth.
926 4986 979 5025 vi
1012 4970 1099 5025 24.
1178 4969 1224 5004 ¹⁵
1255 4966 1448 5024 Matth.
1483 4983 1559 5033 x1,
1598 4968 1684 5023 13.
1763 4966 1810 5001 ¹⁶
1838 4965 2038 5022 Matth.
2068 4982 2125 5032 ιι,
2155 4969 2205 5020 2.

1746 5144 1971 5213 Varia:
2017 5144 2341 5213 lectiones
2389 5155 2454 5211 et
2495 5155 2673 5211 notae

614 5322 731 5409 (901
762 5320 822 5407 In
854 5324 1018 5409 textu
1062 5316 1310 5409 habent
1330 5316 2081 5409 ἐξίει-ερον.ᾼΫῌΑἱιιιίιοιιηξηιινὲι
2120 5322 2198 5373 ta-
2310 5332 2584 5409 meum,a
2606 5314 2920 5409 rSabat‘iero
2944 5311 3439 5384 notatum,etiam
3466 5308 3543 5366 ad
3574 5308 3931 5378 interpreta-

542 5388 683 5471 mén
712 5388 956 5471 ἦμέτιρον
993 5395 1057 5471 in.
1093 5388 1494 5471 explicatione
1524 5390 1722 5471 locum
1765 5390 1971 5471 habet.
2014 5390 2200 5444 Theo-
2310 5392 2503 5445 tiones
2540 5388 2937 5443 referendum.

541 5458 943 5539 phylactus'in
967 5464 1140 5520 editis
1166 5458 1225 5517 in
1258 5467 1499 5539 textuet
1520 5461 2170 5539 inscholiishabetﬁué

1363 5467 1499 5539 tuet
1520 5461 2199 5539 inscholiishabetﬁpé:
2384 5461 2495 5532 (91)
2523 5458 2897 5534 Ὶιμαρτάνετο.
2940 5465 2993 5512 Β.

542 5533 705 5615 τερον.
768 5537 895 5592 Vid.
965 5552 1023 5608 p.
1090 5538 1214 5590 455.
1275 5534 1334 5587 Β.
1394 5536 1452 5587 Ε.
1508 5535 1631 5588 456.
1713 5537 1777 5587 Α.
1861 5533 2199 5589 Tertulliani

616 5715 835 5789 (2-)Ipsi
862 5713 1314 5794 —facti_To~Jrou
1359 5710 1608 5794 refertur
1635 5710 1725 5794 ‘ad
1763 5710 2200 5794 τόπρνηηῐῐρόξς-
2310 5711 2476 5794 cujus
2508 5708 2589 5794 rei
2624 5712 2831 5794 auctor
2870 5712 2927 5767 et
2976 5707 3218 5784 adjutor
3258 5710 3362 5763 est.
3410 5703 3610 5763 Redde
3663 5706 3813 5777 Ejus
3846 5704 3936 5761 rei

539 5782 633 5861 νος
657 5782 795 5845 vero
824 5782 954 5843 non
977 5792 1063 5843 est
1091 5786 1310 5860 hospes
1335 5785 1516 5857 prior,
1551 5783 1655 5842 sed
1699 5782 1748 5840 is
1778 5784 1881 5859 qui
1916 5782 2066 5841 aliis
2095 5784 2200 5841 ali-
2305 5782 2456 5857 facti
2488 5782 2810 5858 adjutores.
