4128 6382
174 396 312 456 1037

1247 397 1609 456 COMMENT.
1654 398 1725 455 IN
1769 398 2026 456 LUCAM.
2068 430 2138 441 —
2179 398 2340 457 CAP.
2381 401 2527 457 XVI.

3416 406 3554 460 1038

174 524 382 595 ἑαυτὸν,
415 524 781 600 ἀνθελκόμενος
824 528 924 579 ύπό
968 533 1064 587 τῆς
1096 533 1187 578 τοῦ
1240 546 1440 599 κόσμου
1494 525 1668 600 φιλίας
1691 528 1781 577 καὶ

1926 523 2041 579 llud
2076 523 2181 579 sibi
2222 524 2333 596 ipsi
2367 524 2488 580 vim
2518 525 2714 593 infert,
2744 542 2779 583 δ.
2820 526 3029 583 mundi
3062 542 3271 586 amore
3315 545 3386 585 ac
3430 529 3561 584 inﬁ-

174 622 273 676 τῆς
303 614 574 678 ἀπιστίας·
607 617 756 688 ύμεῖς
787 613 866 682 δε,
919 614 1157 668 ἀσύνετοι
1208 620 1298 667 καὶ
1348 617 1577 690 ῥᾷθυμοι
1622 618 1782 679 ὄντες,

176 705 387 766 εἰκότως
428 704 714 760 ἀπιστεῖτε.

252 794 620 869 Εὐκοπώτερον
695 826 763 834 -
813 801 1008 851 πεσεῖν,
1064 800 1236 867 Νόμον
1298 793 1537 860 ἐνταῦθα,
1608 799 1783 845 πᾶσαν

178 887 419 954 ὠνόμασε
461 887 554 941 τὴν
598 882 829 935 Παλαιὰν
876 888 1101 958 Γραφην,
1142 887 1256 945 ἣτις
1306 880 1565 956 διαφόρως
1615 889 1784 956 προεῖ-

178 990 290 1036 πεν,
344 973 421 1023 ὅτι
462 968 556 1024 διὰ
602 976 696 1030 τὴν
747 969 996 1025 ἀπιστίαν
1057 972 1226 1025 αὐτῶν
1294 974 1633 1024 ἑκπεσοῦνται
1694 979 1783 1031 τῆς

178 1064 307 1135 πρός
361 1064 484 1113 Θεὸν
538 1061 863 1123 οἰκειωσεως.
930 1066 1078 1132 Λέγει
1134 1069 1280 1133 γοῦν,
1340 1063 1420 1113 ὅτι
1487 1061 1785 1135 εὐχερέστε-

180 1169 269 1223 ρον
301 1148 362 1201 ἆν
393 1151 419 1201 6
446 1149 660 1221 ούρανός
690 1154 780 1203 καὶ
818 1151 847 1208 ἠ
903 1160 970 1221 γῆ
1005 1149 1473 1223 ἀφανισθησονται,
1506 1151 1535 1209 ἣ
1570 1153 1628 1203 τό
1677 1148 1785 1201 ἐλά·

179 1258 374 1310 χιστον
404 1248 503 1290 τῶν
534 1242 989 1315 προηγορευμένων
1014 1247 1073 1311 τῇ
1105 1245 1279 1313 Γραφῇ
1313 1245 1425 1312 περὶ
1454 1248 1545 1300 τῆς
1577 1235 1669 1291 διὰ
1694 1244 1785 1297 τὴν

184 1326 436 1380 ἀπιστίαν
460 1326 763 1391 ἐκπτώσεως
793 1328 960 1381 αὐτῶν
1010 1325 1357 1395 διαπεσεῖται,
1402 1332 1586 1395 εῖτουν,
1622 1327 1786 1403 ἀπραο

181 1420 388 1473 κτήσει.

257 1512 362 1566 Πᾶς
398 1538 459 1547 -
492 1510 752 1579 μοιχεύει.
778 1514 884 1559 Νῦν
904 1509 1091 1580 μὲν,μὴ
1123 1505 1441 1581 ἐρωτηθεὶς,,
1468 1508 1574 1559 εἶπε
1600 1513 1784 1572 ταῦτα,

182 1599 316 1672 πρός
345 1616 489 1657 τινας
512 1595 896 1669 ἀποτεινόμενος
925 1604 1143 1649 τοιαῦτα
1164 1601 1277 1649 τότε
1294 1596 1563 1669 πλημμελη
1576 1614 1786 1658 σανταςο

184 1686 233 1738 ἐν
267 1683 329 1739 δε
355 1694 427 1757 τῷ
457 1694 865 1759 τεσσαρακοστώ
904 1685 1164 1758 κεφαλαίῳ
1203 1694 1292 1738 τού
1343 1688 1474 1737 κατὰ
1526 1688 1789 1742 Ματθαίον

184 1775 464 1850 ἐρωτηθεὶς
490 1774 589 1826 ύπό
620 1782 720 1826 τῶν
752 1780 1069 1848 Φαρισαίων,
1104 1775 1147 1826 εἰ
1169 1775 1363 1837 ἔξεστιν
1392 1773 1642 1849 ἀνθρώπῳ
1666 1774 1789 1827 ἀπο-

1895 612 2133 669 delitate
2184 614 2519 670 abstractus
2554 632 2566 669 :
2596 632 2703 671 vos
2750 623 2973 681 autem,
3028 633 3161 671 cum
3208 618 3558 689 insipientes

1898 700 2029 756 sitis
2066 708 2117 757 et
2145 718 2377 771 segnes,
2414 704 2622 759 merito
2654 704 2940 760 increduli
2974 706 3361 777 permanetis.

1968 793 2128 845 Vers.
2181 797 2264 846 17.
2297 793 2551 850 Facilius
2600 794 2907 850 —cadere.
2938 795 3151 867 Legem
3188 795 3301 850 hoc
3330 796 3387 851 in
3427 796 3558 853 loco

1896 878 2244 951 appellavit,
2279 896 2457 936 omne
2492 882 2671 937 Vetus
2700 883 3165 950 Testamentum,
3201 886 3256 938 in
3290 901 3407 957 quo
3450 884 3560 941 fre-

1895 975 2144 1040 quenter
2172 970 2523 1039 praedictum
2574 978 2680 1035 est,
2713 971 2877 1043 quod
2920 971 3066 1028 illia
3110 974 3205 1028 Dei
3258 973 3560 1029 familiari-

1899 1063 2016 1113 tate
2068 1059 2416 1113 exciderent.
2478 1059 2625 1114 Dicit
2672 1076 2861 1129 ergo:
2909 1060 3159 1115 Facilius
3220 1062 3437 1117 cretum
3488 1079 3559 1119 ac

1899 1153 2052 1202 terra
2080 1154 2555 1220 corrumpentur,
2575 1166 2761 1221 quam
2790 1150 2880 1204 vel
2914 1151 3161 1206 minima
3188 1167 3325 1223 pars
3350 1168 3559 1208 eorum

1899 1252 2034 1309 quae
2090 1253 2194 1309 per
2222 1239 2583 1309 Scripturam
2644 1240 3039 1311 praenuntiata
3097 1248 3234 1296 sunt
3264 1236 3358 1295 'de
3416 1258 3559 1298 casu

1899 1326 2138 1382 illorum
2165 1326 2239 1382 ob
2266 1326 2696 1395 inﬁdelitatem,
2732 1328 3008 1384 concidat
3038 1333 3140 1384 aut
3169 1330 3399 1385 irritum
3431 1347 3562 1403 per-

1902 1419 2163 1470 maneat.

1974 1505 2135 1559 Vers.
2205 1506 2290 1560 18.
2363 1506 2627 1578 Quisquis
2685 1538 2752 1547 ——
2817 1507 3177 1564 adulterium
3237 1510 3561 1565 committit.

1902 1593 2069 1648 Nunc
2099 1593 2344 1666 quidem
2377 1595 2912 1666 noninterrogatus
2941 1596 3065 1652 haec
3098 1597 3266 1666 dixit,
3298 1597 3356 1652 in
3386 1614 3563 1670 quos-

1902 1682 2041 1737 dam
2096 1682 2401 1748 invehens,
2450 1684 2553 1754 qui
2586 1684 2641 1738 in
2675 1685 3022 1755 hujusmodi
3056 1687 3234 1741 rebus
3264 1687 3566 1759 delinque-

1903 1771 2049 1826 bant
2077 1788 2089 1826 :
2126 1772 2590 1843 quadragesimo
2623 1789 2762 1828 vero
2798 1774 2989 1844 capite
3024 1776 3319 1844 Evangelii
3353 1793 3567 1831 secun-

184 1865 345 1917 λύσαι
375 1868 469 1922 τήν
497 1872 722 1935 γυναῖκα
748 1864 907 1916 αὐτοῦ
934 1868 1066 1916 κατά
1114 1871 1289 1916 πᾶσαν
1320 1864 1511 1928 αἰτίαν,
1545 1864 1790 1916 πλατεῖαν

1926 1860 2047 1915 lum
2091 1862 2451 1927 Mattlueum,
2486 1862 2881 1933 interrogatus
2914 1880 2948 1919 a
2989 1863 3324 1931 Pharisaeis,
3366 1871 3565 1922 utrum

184 1958 282 2012 τὴν
318 1951 597 2027 ἀπόκρισιν
639 1954 942 2011 ἐποιήσατο.
980 1957 1079 2006 Καὶ
1112 1951 1370 2025 ἀνάγνωθι
1401 1958 1493 2012 την
1523 1953 1643 2012 ὅλην
1675 1954 1793 2016 ἐξὴ-

184 2064 256 2117 γη
267 2063 351 2096 σιν
378 2042 507 2103 αὐτῆ
522 2064 560 2105 ς.

263 2228 414 2277 ΚΕΦ.
448 2221 579 2275 ΝΘ’.
616 2227 740 2294 Περὶ
794 2228 884 2273 τού
914 2220 1166 2273 πλουσίου
1210 2226 1297 2274 καὶ
1332 2229 1421 2274 τού
1453 2222 1722 2295 Λαζάρου.

262 2311 566 2386 ’Δνθρωπος
614 2342 681 2350 -
711 2310 977 2372 πλούσιος.
1038 2309 1207 2363 Ιιολλά
1241 2310 1483 2372 πολλάκις
1511 2317 1629 2384 περὶ
1656 2311 1795 2383 φιλο-

188 2406 439 2473 πτωχίας
472 2397 717 2464 διδάξας,
765 2409 852 2451 νῦν
898 2397 990 2451 διὰ
1017 2399 1316 2472 παραϐολῆς
1345 2405 1434 2453 καὶ
1486 2400 1639 2473 φόϐον
1691 2409 1800 2464 τοῖς

194 2485 639 2565 σκληροκαρδίοις
678 2493 767 2541 καὶ
795 2486 1136 2561 ἀμεταδότως
1196 2489 1468 2550 πλουσίοις
1524 2489 1794 2563 ἐπικρεμᾷ,

190 2584 313 2651 περὶ
334 2587 430 2631 τῶν
457 2581 529 2631 ἔτι
556 2578 857 2651 μελλόντων,
891 2582 959 2640 ὡς
983 2576 1091 2637 ἤδη
1123 2583 1404 2649 γεγονότων
1436 2575 1796 2651 διηγούμενος

196 2672 342 2720 οὔπω
379 2670 480 2741 γὰρ
511 2676 610 2720 τῶν
651 2667 976 2741 βεϐιωμένων
1008 2665 1377 2733 ἀνταπόδοσις,
1400 2666 1505 2719 ἐπεὶ
1527 2672 1669 2720 οὔπω
1690 2672 1801 2743 κρί-

200 2776 300 2817 σις·
325 2762 415 2809 καὶ
456 2766 652 2832 τρανῶς
678 2766 962 2830 παριστὼν,
983 2758 1088 2809 οἶαι
1118 2761 1206 2828 μὲν
1220 2757 1456 2818 κολάσεις
1491 2763 1611 2818 τοὺς
1635 2756 1802 2829 ἀσυμ-

198 2850 378 2908 παθεῖς
429 2846 709 2907 πλουσίους
759 2843 1091 2908 διαδέξονται
1136 2849 1266 2918 μετὰ
1311 2848 1546 2913 θάνατον,
1612 2842 1805 2899 οἷαιὸε

200 2934 401 2997 ἀνέσεις
427 2940 545 2998 τοὺς
574 2940 877 3008 φερεπόνους
907 2941 1126 2997 πένητας
1156 2931 1516 2997 ὑποδέξονται.
1552 2941 1650 2989 Καὶ
1677 2936 1807 2988 α’λλα

201 3023 261 3079 δε
302 3025 534 3099 ὠφίλιμα
577 3022 672 3078 διά
734 3033 828 3087 τῆς
902 3024 1205 3099 παραϐολῆς
1270 3028 1466 3087 ταύτης
1548 3028 1804 3097 μανθάνο-

202 3134 316 3188 μεν.

276 3298 376 3346 Καὶ
404 3324 472 3333 -
498 3292 724 3366 βύσσον.
760 3299 886 3355 Ταῖς
908 3295 1250 3366 τιμιωτάταις
1307 3298 1396 3346 καὶ
1426 3294 1539 3367 (92)
1582 3290 1806 3369 φαιδρο-

198 3386 387 3445 ταταις
416 3386 619 3443 στολαῖς
648 3387 958 3455 κατεκόσμει
982 3386 1040 3434 τό
1075 3390 1245 3455 σῶμα.

278 3472 684 3547 Εύφραινόμενος
712 3503 776 3511 -
802 3471 1069 3546 λαμπρῶς.
1101 3470 1414 3533 Πολυτε).ῶς.

282 3565 507 3633 Πτωχὸς
560 3592 629 3601 -
657 3561 920 3634 Λάζαρος.
974 3567 1077 3613 Τοῦ
1104 3560 1355 3613 πλουσίου
1395 3566 1484 3634 μὲν
1528 3561 1619 3613 ούκ
1674 3558 1808 3615 εἶπεν

206 3656 392 3723 ὄνομα,
427 3654 493 3712 ὡς
524 3654 903 3723 μεμισημένου.
931 3654 1222 3723 Γέγραπται
1243 3653 1344 3724 γὰρ
1382 3656 1497 3724 περὶ
1526 3660 1624 3702 τῶν
1652 3671 1806 3709 πονη-

204 3749 310 3815 ρῶν
335 3759 346 3770 ·
384 3740 459 3792 Ού
498 3745 569 3813 μὴ
600 3740 817 3812 μνησθῶ
841 3748 941 3790 τῶν
969 3738 1230 3811 ὀνομάτων
1266 3740 1429 3792 αὐτῶν
1462 3737 1554 3793 διὰ
1594 3740 1808 3811 χειλέων

206 3850 311 3904 μου
345 3849 359 3861 ο
383 3835 476 3881 τοῦ
492 3836 695 3881 πτωνοῡ
720 3824 778 3880 δε
808 3832 900 3885 τὴν
921 3826 1108 3885 κλῆσιν
1133 3832 1470 3899 προσέθηκεν,
1511 3832 1578 3891 ὡς
1605 3830 1811 3901 ἠγαπη-

200 3926 382 3994 μένου.

279 4013 417 4062 Φασὶ
444 4005 505 4060 δέ
522 4027 648 4068 τινες
677 4007 732 4059 ἐκ
758 4002 1104 4079 παραδόσεως
1133 4005 1402 4080 Ἐϐραίων,
1437 4010 1517 4061 ὅτι
1538 4011 1673 4061 κατὰ
1692 4012 1811 4071 τοὺς

205 4101 427 4173 καιρούς
466 4096 689 4158 ἐκείνους
739 4100 828 4147 καὶ
881 4097 906 4147 6
956 4095 1204 4158 πλούσιος
1256 4098 1444 4159 ἐκεῖνος
1499 4095 1578 4164 ἦν,
1616 4103 1811 4159 Νινευὶς

205 4187 520 4259 καλούμενος
549 4190 637 4238 καὶ
663 4186 687 4236 6
710 4188 923 4256 πτωχός
971 4184 1121 4246 οὗτος
1169 4189 1431 4261 Λάζαρος.
1463 4186 1814 4245 Τελευτησάν-

202 4298 304 4330 των
358 4272 419 4329 δε
463 4276 648 4342 αὐτῶν,
706 4272 1007 4345 παραϐολὴν
1060 4275 1085 4325 6
1144 4281 1370 4347 Χριστός
1432 4278 1543 4340 (93)
1585 4280 1649 4329 τά
1699 4276 1813 4329 κατ’

208 4366 404 4427 αὐτούς
436 4364 670 4432 ἐποίησε,
710 4368 801 4415 καὶ
855 4366 939 4423 τὰς
979 4363 1268 4436 μελλούσας
1325 4364 1698 4427 ἀνταποδόσεις
1728 4366 1816 4418 αύ-

208 4465 335 4521 τών,
365 4458 429 4515 ὡς
458 4456 818 4527 γεγενημένας,
853 4454 1122 4527 ἱστόρησε,
1156 4463 1259 4515 τοῖς
1285 4459 1373 4529 μεν
1394 4459 1528 4507 κατά
1549 4461 1631 4508 τόν
1658 4457 1818 4509 πλού-

210 4564 328 4598 σιον
368 4546 577 4608 ἐκεῖνον,
626 4542 780 4615 φόϐον
833 4539 1079 4614 ἐμποιῶν,
1139 4546 1205 4606 ὡς
1255 4545 1529 4618 εἰρήκαμεν
1561 4568 1572 4579 ·
1606 4554 1710 4607 τοῖς
1760 4542 1818 4598 δὲ

208 4635 351 4686 κατά
400 4636 487 4686 τόν
516 4635 729 4704 πτωχόν
758 4637 958 4699 τοῦτον,
999 4639 1329 4709 παρηγορίαν
1367 4641 1457 4689 καὶ
1510 4638 1713 4698 τούτοις
1762 4632 1819 4689 δὲ

207 4726 471 4785 κάκείνοις
497 4722 757 4797 ὠφέλειαν.

286 4901 384 4965 ’ος
429 4933 500 4944 -
559 4902 679 4962 ἕλκη
747 4902 929 4960 αὐτοῦ.
989 4909 1249 4957 Τοσοῦτον
1313 4904 1414 4979 γὰρ
1491 4911 1703 4979 παρεῖτο
1765 4908 1822 4957 τό

218 5001 399 5064 σῶμα,
428 4993 495 5053 ὡς
525 4989 663 5065 μηδὲ
694 4997 815 5055 τοὺς
834 4996 992 5055 κύνας
1016 4990 1291 5046 ἀποσοϐεῖν
1326 4988 1606 5048 δύνασθαι.
1640 5002 1685 5045 Ω
1704 4994 1824 5045 πολ-

210 5081 311 5142 λῆς
366 5081 637 5153 ὠμότητος
686 5087 776 5134 καὶ
836 5080 1155 5155 ἀναλγησίας
1188 5082 1201 5139 Ξ
1235 5084 1315 5135 ὃτι
1368 5086 1452 5134 τόν
1484 5081 1531 5135 ἐν
1556 5086 1826 5143 τοσούτοις

212 5176 422 5236 κακοῖς,
479 5172 505 5223 6
545 5170 593 5223 ἓν
644 5173 911 5233 τοσούτοις
957 5171 1175 5244 ἀγαθοῖς
1222 5175 1494 5246 περιεώρα,
1527 5178 1616 5225 καὶ
1664 5180 1828 5224 ταῦτα

213 5260 522 5337 ἐρριμμένον
552 5264 653 5337 πρό
681 5268 771 5314 τοῦ
802 5260 1030 5323 πυλῶνος
1073 5261 1254 5318 αύτού.
1292 5267 1392 5316 Καὶ
1424 5258 1595 5329 αὖθις,
1623 5262 1662 5313 ὡ
1707 5262 1826 5315 πολ-

293 5442 336 5479 ¹²
367 5441 541 5499 Matth
561 5457 684 5508 ιιι,
711 5445 764 5499 3.
799 5442 845 5479 ¹⁸
869 5440 1022 5499 Psal.
1050 5457 1149 5508 xv,
1176 5444 1230 5499 4.

1902 1950 2031 2005 licet
2054 1951 2281 2005 homini
2312 1951 2635 2006 divortium
2671 1951 2861 2006 facere
2894 1969 3029 2008 cum
3066 1970 3249 2009 uxore
3282 1970 3389 2008 sua
3420 1971 3568 2027 qua-

1902 2038 2043 2093 libet
2076 2055 2144 2093 ex
2171 2055 2377 2105 causa,
2412 2038 2683 2095 latiorem
2717 2040 2880 2095 dedit
2902 2042 3379 2114 responsionem.
3418 2046 3569 2115 Lege

1903 2143 2044 2197 ergo
2072 2127 2153 2182 ibi
2182 2133 2365 2183 totam
2398 2128 2526 2198 ejus
2561 2129 2999 2185 enarrationem
3033 2132 3096 2184 ιτ.

2257 2216 2407 2272 CAP.
2442 2218 2571 2271 LIX.
2615 2217 2697 2273 De
2725 2218 2907 2275 divite
2946 2226 2999 2275 el
3029 2220 3279 2276 Lazaro.

1978 2308 2138 2361 Vers.
2190 2311 2269 2361 19.
2309 2306 2489 2362 Homo
2526 2338 2595 2348 —
2626 2308 2804 2363 dives.
2860 2311 3004 2364 Cum
3062 2310 3252 2365 multa
3300 2309 3574 2381 frequen-

1908 2399 1993 2452 ter
2022 2397 2095 2451 de
2127 2396 2493 2467 paupertatis
2521 2412 2725 2451 amore
2757 2397 3044 2463 docuerit,
3077 2414 3234 2453 nunc
3269 2415 3372 2470 per
3398 2416 3573 2471 para-

1908 2486 2109 2541 bolam
2143 2485 2315 2540 etiam
2362 2487 2637 2541 timorem
2692 2488 2857 2541 duris
2909 2488 3087 2543 corde
3140 2504 3209 2543 ac
3260 2491 3575 2545 tenacibus

1908 2574 2192 2629 divitibus
2234 2576 2458 2642 incutit,
2514 2575 2587 2630 de
2621 2576 2713 2629 his
2753 2592 2889 2647 quae
2933 2576 3131 2631 adhuc
3174 2578 3372 2633 futura
3410 2584 3572 2644 sunt,

1910 2671 2199 2737 tanquam
2253 2665 2327 2719 de
2386 2665 2694 2736 prreteritis
2749 2682 2999 2721 narrans
3039 2667 3355 2722 :nondum
3414 2668 3574 2723 enim

1912 2772 2137 2815 eorum,
2174 2772 2308 2827 quae
2342 2754 2401 2809 in
2430 2757 2552 2809 vita
2583 2760 2719 2809 sunt
2746 2762 3005 2827 peracta,
3041 2755 3218 2811 datur
3247 2756 3575 2823 retributio,

1914 2861 2050 2899 cum
2087 2845 2355 2897 nondum
2402 2844 2559 2898 adsit
2582 2844 2899 2915 judicium,
2925 2849 3128 2915 aperte
3161 2846 3573 2912 manifestans,

1913 2948 2193 3005 quaenam
2230 2932 2475 2985 ultiones
2500 2932 2797 3002 excipiant
2824 2932 3055 2998 divites,
3090 2934 3193 3005 qui
3223 2934 3383 2989 nullo
3411 2950 3581 2989 com-

1917 3019 2216 3092 passionis
2247 3018 2461 3074 affectu
2487 3026 2803 3075 moventur
2836 3036 2847 3074 :
2879 3026 2936 3074 et
2962 3037 3097 3093 quae
3138 3020 3443 3091 refrigeria
3482 3040 3576 3078 su-

1917 3110 2164 3180 scipiant
2191 3125 2512 3180 pauperes,
2554 3109 2655 3179 qui
2690 3108 2926 3164 labores
2980 3110 3400 3165 toleraverunt.
3452 3111 3585 3169 Alia

1840 3228 1880 3284 ρ
1917 3200 2087 3255 etiam
2123 3198 2286 3254 utilia
2318 3215 2422 3268 per
2452 3199 2609 3253 hanc
2638 3198 2922 3254 discimus
2954 3198 3327 3270 parabolam.

1988 3291 2146 3343 Vers.
2185 3289 2266 3343 19.
2301 3288 2415 3355 Qui
2444 3318 2513 3328 -
2540 3287 2721 3357 bysso.
2757 3288 3203 3344 Pretiosissimis
3254 3305 3321 3346 ac
3353 3290 3584 3362 specio-

1917 3378 2172 3433 sissimis
2202 3376 2463 3431 vestibus
2485 3392 2702 3448 corpus
2733 3375 3004 3433 ornabat.

1988 3467 2152 3523 Vers.
2188 3466 2273 3521 19.
2321 3466 2399 3521 Et
2432 3466 2796 3535 epulabatur
2825 3497 2892 3506 -—
2922 3466 3240 3538 splendide.
3296 3467 3579 3523 Pretiosa.

1989 3559 2157 3612 Vers.
2191 3560 2278 3610 20.
2313 3555 2619 3611 Mendicus
2648 3587 2717 3596 --
2746 3557 3031 3611 Lazarus.
3081 3555 3283 3611 Divitis
3332 3556 3582 3628 quidem

1918 3662 2140 3705 nomen
2173 3660 2293 3700 non
2343 3644 2541 3709 edidit,
2604 3649 2807 3718 utpote
2851 3646 2988 3701 odio
3038 3645 3219 3718 digni.
3282 3646 3581 3717 Scriptum

1918 3741 2007 3794 est
2044 3737 2202 3793 enim
2233 3755 2245 3794 :
2278 3735 2401 3791 Nec
2439 3750 2659 3790 memor
2708 3736 2815 3790 sim
2869 3735 3173 3790 nominum
3224 3751 3421 3791 eorum
3473 3750 3585 3803 per

1921 3826 2079 3881 labia
2096 3840 2224 3882 mea
2241 3825 2313 3879 ἐς
2340 3824 2597 3880 mendici
2616 3839 2753 3880 vero
2772 3840 2993 3880 nomen
3016 3824 3267 3890 addidit,
3290 3829 3581 3897 tanquam

1920 3931 2126 3972 amore
2175 3913 2361 3983 digni.

1990 4005 2165 4059 Aiunt
2194 4008 2396 4058 autem
2426 4000 2677 4075 quidam
2731 4018 2801 4056 ex
2833 4001 3147 4057 traditione
3204 4002 3583 4057 Hebraeorum

1921 4095 2085 4168 quod
2136 4094 2309 4165 juxta
2340 4109 2411 4148 ea
2442 4098 2714 4163 tempora
2747 4091 2911 4145 dive-3
2959 4090 3054 4145 ille
3100 4089 3291 4147 fuerat
3345 4091 3587 4147 Ninevis

1924 4183 2279 4256 appellatus,
2334 4185 2391 4236 et
2417 4180 2721 4236 mendicus
2763 4180 2869 4235 iste
2925 4181 3175 4234 Lazarus
3211 4197 3223 4235 :
3258 4184 3585 4251 postquam

1924 4279 2120 4330 autem
2176 4276 2421 4343 uterque
2463 4274 2725 4325 mortuus
2795 4273 2903 4333 est,
2974 4267 3251 4323 formavit
3317 4267 3583 4323 Christus

1924 4359 2281 4436 parabolam
2313 4359 2385 4413 de
2416 4358 2588 4413 rebus
2616 4356 2693 4413 ab
2728 4356 2841 4411 illis
2859 4357 3060 4428 gestis,
3090 4362 3146 4411 et
3178 4354 3403 4411 futuras
3434 4356 3589 4426 ipso-

1924 4468 2059 4508 rum
2116 4448 2555 4513 retributiones,
2622 4445 2802 4519 quasi
2852 4447 2978 4515 jam
3047 4446 3256 4509 factas,
3321 4446 3589 4501 narravit

1928 4540 2205 4597 timorem
2233 4539 2303 4593 iis
2331 4536 2433 4609 qui
2466 4535 2633 4591 diviti
2679 4535 2761 4590 illi
2804 4534 3201 4598 adhzeserant,
3237 4534 3585 4599 immittens,

1930 4637 1993 4687 ut
2013 4629 2275 4685 diximus
2310 4642 2320 4681 :
2351 4626 2435 4681 eis
2465 4640 2621 4689 vero.
2650 4624 2755 4697 qui
2789 4624 2867 4680 ad
2903 4640 3228 4696 pauperem
3273 4624 3434 4679 hunc
3462 4624 3591 4679 atti-

1929 4720 2175 4784 nebant,
2209 4714 2704 4783 consolationem,
2741 4720 2795 4769 et
2830 4714 2920 4769 llis
2968 4719 3167 4769 autem
3202 4718 3257 4769 et
3302 4712 3413 4768 illis
3440 4712 3593 4769 utili-

1930 4815 2135 4867 tatem.

2006 4897 2168 4954 Vers.
2228 4899 2313 4951 20.
2350 4892 2745 4962 Qui—Vers.
2801 4893 2889 4947 2t.
2942 4892 3157 4948 Ulcera
3214 4892 3361 4961 ejus.
3417 4892 3591 4948 Adeo

1933 4988 2109 5046 debili
2139 4991 2264 5042 erat
2289 4999 2557 5056 corpore,
2589 4988 2651 5038 ut
2674 4998 2866 5055 neque
2894 4998 3071 5037 canes
3096 4986 3302 5053 posset
3329 4980 3591 5052 abigere.

1936 5080 1979 5135 Ο
2029 5075 2441 5133 crudelitatem
2468 5088 2537 5128 ac
2568 5089 2683 5144 prae
2735 5076 2976 5144 stupore
3017 5070 3432 5136 indolentiam,
3466 5085 3595 5141 per.

1936 5185 2122 5243 quam
2174 5167 2235 5222 in
2293 5166 2468 5220 tantis
2523 5163 2879 5221 constitutus
2927 5160 3123 5231 bonis,
3178 5161 3238 5216 in
3299 5165 3378 5217 tot
3423 5159 3599 5216 malis

1940 5277 2010 5317 ac
2063 5252 2502 5313 calamitatibus
2558 5253 2818 5324 positum
2886 5250 3237 5323 despiceret,
3288 5250 3468 5323 idque
3522 5249 3602 5307 ad

1458 5615 1685 5688 Varia:
1712 5614 2041 5686 lectiones
2062 5622 2128 5681 et
2152 5620 2355 5679 notae.

295 5816 418 5894 (92)
465 5812 851 5897 Σφοδροτάταις
881 5823 936 5878 Β.
975 5815 1147 5880 Male.

2027 5807 2141 5888 (93)
2181 5808 2259 5864 Τά
2288 5804 2457 5867 abest
2484 5805 2551 5865 Α.
