4128 6380
617 365 628 410 1
643 355 751 411 039

1943 349 2293 408 EUTHYMII
2335 346 2660 406 ZlGABENI

3854 354 3983 413 toto

605 480 859 552 januam
900 494 1073 534 suam
1127 481 1468 548 jacenteum
1499 476 1512 530 t
1547 477 1611 532 Et
1636 492 1871 532 rursum
1905 494 1938 532 o
1963 477 2267 547 egregiam

2386 474 2473 536 λῆς
2504 470 2751 549 ἀνδρείας
2802 473 2921 546 (94)
2961 480 3051 527 καὶ
3109 477 3393 548 ὑπομονῆς,
3449 477 3528 528 ὅτι
3591 475 3783 530 ἐκείνου
3829 479 3986 540 οὕτως

613 567 1015 624 fortitudinem
1057 583 1126 622 ac
1160 565 1555 631 tolerantiam,
1590 565 1776 637 quod,
1812 583 1947 621 cum
1978 566 2072 621 ille
2100 565 2180 621 ita
2209 583 2271 619 se

612 658 880 724 haberet,
915 658 1004 713 hic
1043 658 1123 713 ita
1156 656 1401 712 aﬂ‘ectus
1442 672 1562 712 non
1617 657 2019 726 malediceret,
2078 671 2273 728 neque

612 751 1032 804 murmuraret.

684 838 846 893 Vers.
891 839 977 892 22.
1023 836 1248 892 Accidit
1282 867 1349 875 —
1380 835 1654 892 Abrahae.
1701 837 1769 891 Ut
1817 835 2120 907 hospitem
2174 835 2277 890 La-

613 943 818 982 zarum
851 927 1013 997 apud
1056 925 1416 997 hospitalem
1452 925 1755 980 Abraham
1799 925 2047 980 intuitus
2086 923 2273 988 dives,

612 1033 752 1072 osor
782 1015 1106 1087 hospitum,
1140 1014 1382 1070 haberet
1407 1015 1520 1070 hoc
1547 1015 1622 1070 ad
1651 1014 2120 1071 confutationem
2154 1030 2277 1068 suae

611 1103 1115 1177 inhospitalitatis.
1158 1105 1422 1160 Observa
1451 1105 1653 1169 etiam,
1696 1103 1864 1176 quod
1890 1109 2276 1175 peccatorum

611 1193 829 1250 anima:
852 1191 1104 1248 violente
1135 1209 1205 1248 ac
1231 1192 1375 1247 dure
1406 1197 1756 1264 repetuntur
1783 1210 1796 1246 :
1820 1193 2036 1257 Stulte,
2068 1191 2276 1263 inquit,

613 1283 724 1340 hac
755 1288 918 1339 nocte
945 1286 1216 1350 repetunt
1265 1282 1533 1337 animam
1583 1287 1748 1338 tuam
1777 1296 1815 1337 a
1867 1288 1922 1337 te
1970 1283 2014 1316 ιθ
2051 1299 2064 1347 ;
2088 1281 2280 1352 justo-

609 1389 746 1431 rum
779 1388 918 1427 vero
950 1371 1045 1443 pie
1082 1387 1152 1427 ac
1199 1377 1529 1426 reverenter
1560 1371 1638 1426 ab
1685 1370 1934 1442 angelis,
1991 1375 2276 1442 tanquam

615 1461 992 1525 satellitibus,
1015 1459 1421 1516 abducuntur.

687 1554 844 1606 Vers.
883 1550 969 1604 22.
1019 1550 1290 1604 Mortuus
1340 1556 1418 1604 est
1450 1580 1517 1588 —
1543 1550 1796 1618 sepultus
1824 1557 1923 1605 est.
1987 1551 2064 1604 De
2116 1563 2280 1603 men-

612 1642 744 1697 dico
767 1655 887 1695 non
906 1638 1072 1703 dixit,
1093 1640 1254 1710 quod
1281 1640 1549 1708 sepultus
1573 1639 1666 1700 sit,
1700 1654 1770 1693 eo
1797 1637 1958 1710 quod
1993 1637 2107 1692 vile
2126 1641 2282 1692 esset

609 1727 891 1802 pauperis
933 1726 1298 1798 sepulcrum,
1333 1727 1405 1780 de
1437 1725 1619 1781 divite
1653 1743 1791 1782 vero
1825 1726 2112 1792 maxime,
2147 1743 2281 1800 pro-

609 1827 738 1892 pter
762 1815 1188 1890 pretiositatem
1232 1814 1487 1886 sepulcri
1519 1815 1741 1872 divitis.

681 1907 842 1963 Vers.
870 1907 958 1960 25.
991 1909 1188 1976 Atque
1205 1905 1267 1960 in
1290 1936 1358 1944 -—
1383 1907 1511 1960 sinu
1546 1909 1693 1975 ejus.
1724 1904 2277 1961 Infernumdicitlo-

607 2013 746 2055 cum
796 1995 1090 2067 supplicii.
1125 1997 1201 2049 Ex
1243 1994 1356 2050 hac
1397 2000 1597 2050 autem
1632 1995 1922 2067 parabola
1963 1994 2270 2058 discimus,

604 2085 766 2158 quod
798 2084 859 2140 in
887 2085 1084 2140 futuro
1111 2082 1327 2138 smculo
1350 2100 1468 2139 non
1497 2083 1690 2140 solum
1717 2091 2052 2155 peccatores
2077 2084 2276 2139 vident

598 2175 794 2247 justos
825 2179 882 2229 et
932 2173 1076 2244 justi
1134 2179 1501 2244 peccatores,
1559 2173 1661 2229 sed
1713 2177 1771 2228 et
1801 2180 2179 2243 agnoscunt:
2219 2177 2276 2228 et

607 2270 954 2338 peccatores
1019 2262 1262 2336 quidem
1320 2261 1624 2334 justorum
1680 2263 1884 2318 vident
1939 2262 2270 2326 fruitiones,

603 2369 728 2426 quo
782 2353 978 2422 magis
1035 2351 1280 2408 doleant
1351 2352 1636 2419 videntes,
1703 2352 1922 2423 quibus
1975 2352 2088 2407 sint
2159 2351 2276 2423 pri-

603 2443 724 2499 vati
772 2441 1167 2514 boniszjusti
1226 2459 1368 2498 vero
1434 2448 1817 2513 peccatorum
1876 2441 2077 2496 vident
2135 2455 2270 2512 sup-

605 2532 800 2604 plicia,
842 2547 965 2604 quo
1014 2531 1276 2603 amplius
1331 2531 1636 2601 gaudeant
1687 2531 2009 2596 intuentes,
2051 2537 2275 2604 quanta

607 2621 946 2692 effugerunt
967 2627 1281 2676 tormenta.
1309 2627 1651 2691 Agnoscunt
1672 2627 1873 2676 autem
1897 2637 1957 2674 se
1991 2621 2270 2688 invicem,

614 2717 676 2766 ut
725 2710 933 2775 sciant,
986 2709 1138 2765 inter
1193 2727 1343 2780 quos
1396 2715 1536 2765 sunt
1590 2711 1672 2778 hi,
1723 2710 1797 2765 de
1853 2709 2076 2782 quibus
2136 2714 2274 2765 ante

603 2807 862 2855 mortem
908 2798 1290 2868 ignorabant.
1322 2801 1484 2854 Tunc
1530 2807 1731 2854 autem
1766 2800 1952 2854 Deum
2010 2814 2130 2854 non
2170 2798 2274 2853 ob-

606 2894 845 2945 secrant
873 2888 966 2943 isti
1011 2905 1118 2960 pro
1148 2889 1586 2960 peccatoribus,
1621 2887 1894 2954 scientes,
1927 2887 2092 2960 quod
2133 2904 2272 2943 cum

603 2976 851 3035 diabolo
884 2983 938 3033 et
965 2977 1200 3047 angelis
1232 2977 1360 3048 ejus
1384 2977 1766 3033 condemnati
1794 2981 1954 3032 sunt.
1989 2980 2051 3032 Et
2078 2993 2274 3048 quem-

609 3065 944 3123 admodum
973 3082 1084 3138 pro
1129 3066 1513 3122 daemonibus
1547 3066 1885 3139 supplicare
1916 3082 2144 3122 vanum
2184 3082 2273 3120 es-

2387 567 2614 635 ἔχοντος,
2672 563 2827 624 αύτός
2888 564 3051 624 οὕτως
3086 567 3222 636 ἔχων
3272 567 3366 618 ούκ
3417 564 3818 639 ἐϐλασφήμησεν
3875 565 3984 621 οὐδ’

2386 652 2669 724 ἐγόγγυσεν
2704 652 2716 706 l

2460 830 2686 901 Ἐγένετο
2743 862 2811 871 -
2860 829 3120 904 Ἀϐραάμ.
3200 831 3312 884 Ἰνα
3381 836 3466 884 τόν
3541 833 3679 895 ξένον
3753 835 3986 906 Λάζαρον

2386 923 2528 992 παρά
2555 928 2627 990 τῷ
2665 919 2900 992 φιλοξένῳ
2951 920 3189 994 Ἀϐραὰμ
3250 919 3373 973 ἰδὼν
3429 924 3454 974 6
3503 922 3774 995 μισόξενος
3838 925 3986 977 πλούο

3472 1011 3710 1084 μισόξενι

2391 1028 2505 1070 σιος
2534 1009 2744 1080 ἐλεγχον
2773 1012 2890 1080 ἔχοι
2943 1019 3096 1063 τοῦτο
3155 1012 3267 1082 (95)
3324 1020 3416 1072 τῆς
3472 1011 3710 1082 μισόξενι
3758 1033 3774 1072 ς
3814 1014 3984 1066 αὐτοῦ.

2390 1103 2773 1172 Παρατήρησον
2806 1096 2882 1165 δὲ,
2947 1102 3025 1151 ὁτι
3087 1110 3186 1152 τῶν
3245 1100 3562 1176 ἁμαρτωλῶν
3607 1105 3698 1174 μεν
3733 1104 3785 1154 αἱ
3819 1103 3986 1175 ψυχαὶ

2390 1185 2666 1259 ἀποτόμως
2723 1187 3086 1240 ἀπαιτοῦνται.
3143 1187 3336 1264 ’Ἄφρον
3366 1192 3489 1264 γὰρ,
3549 1195 3704 1261 φησὶ,
3741 1194 3900 1263 ταύτῃ
3929 1201 3981 1264 τῇ

2387 1282 2536 1328 νυκτὶ
2575 1281 2668 1335 τὴν
2693 1277 2878 1349 ψυχήν
2909 1297 3001 1330 σου
3031 1276 3343 1331 ἀπαιτοῦσιν
3371 1277 3472 1331 ἀπὸ
3502 1287 3618 1330 σοῦ’
3649 1288 3748 1331 τῶν
3780 1275 3985 1332 δικαίων

2391 1363 2470 1434 δὲ,
2512 1365 2738 1428 εὐλαϐῶς
2783 1365 3095 1438 ἀπάγονται,
3137 1369 3237 1420 ύπό
3275 1376 3374 1420 τῶν
3406 1367 3636 1440 ἀγγελῶν
3683 1365 3984 1443 δορυφορού-

2389 1474 2556 1527 μεναι.

2463 1543 2707 1596 Ἀπέθανε
2741 1575 2793 1584 -
2832 1542 3013 1616 ἐτάφη.
3051 1544 3166 1597 Ἐπὶ
3205 1552 3296 1597 τοῦ
3323 1554 3545 1617 πτωχοῦ
3576 1550 3688 1618 μὲν,
3723 1546 3814 1598 ούκ
3841 1541 3983 1611 εἶπεν,

2390 1633 2468 1685 ὅτι
2491 1633 2671 1705 ἐτάφη,
2706 1628 2798 1684 διὰ
2830 1637 2887 1685 τὸ
2929 1633 3251 1706 ἀτημέλητον
3283 1643 3379 1696 τῆς
3404 1645 3504 1687 τῶν
3558 1644 3786 1706 πτωχῶν
3817 1644 3985 1706 ταφῆς

2389 1720 2474 1774 ἐπὶ
2517 1730 2608 1773 τοῦ
2636 1721 2890 1774 πλουσίου
2941 1719 2999 1774 δὲ
3053 1729 3136 1775 xui
3171 1723 3331 1796 μάλα,
3375 1722 3467 1777 διά
3506 1729 3565 1776 τό
3613 1723 3880 1786 πολυτελὲς
3906 1733 3990 1786 τῆς

2313 1830 2355 1882 Β
2390 1819 2489 1862 τῶν
2528 1811 2792 1863 πλουσίων
2823 1820 3004 1884 ταφῆς.

2465 1905 2565 1953 Καὶ
2626 1900 2674 1952 ἐν
2719 1933 2778 1940 -
2851 1901 3065 1964 κόλποις
3111 1902 3292 1954 αὐτοῦ.
3353 1899 3524 1976 ’ᾼδην
3575 1903 3730 1975 λέγει,
3784 1906 3868 1954 τόν
3914 1908 3989 1953 τό·

2389 2010 2484 2042 πον
2534 1999 2629 2051 τῆς
2683 1988 2969 2053 κολάσεως,
3037 1992 3124 2044 Ἐκ
3177 2001 3270 2053 τῆς
3331 1993 3632 2065 παραϐολῆς
3700 1989 3757 2045 δὲ
3809 1995 3989 2052 ταύτης

2388 2081 2732 2152 μανθάνομεν,
2792 2086 2882 2132 καὶ
2918 2083 2998 2132 ὅτι
3029 2079 3076 2132 ἐν
3136 2090 3207 2152 τῷ
3261 2081 3496 2151 μέλλοντι
3545 2083 3693 2134 αἰῶνι
3745 2081 3801 2134 ού
3849 2089 3989 2153 μόνον

2389 2170 2552 2242 ὁρῶσι
2612 2174 2701 2221 καὶ
2729 2171 2779 2221 οἱ
2809 2169 3106 2244 ἁμαρτωλοὶ
3137 2175 3252 2232 τούς
3279 2169 3539 2236 δικαίους,
3587 2177 3676 2224 καὶ
3723 2174 3770 2224 οἱ
3802 2168 3988 2222 δίκαιοι

2388 2262 2506 2319 τοὺς
2566 2257 2921 2332 ἁμαρτωλούς,
3020 2259 3146 2312 ἁλλὰ
3212 2265 3300 2312 καὶ
3371 2262 3720 2336 γνωρίζουσι.
3790 2265 3885 2314 Καὶ
3945 2261 3988 2310 οἱ

2388 2347 2688 2422 ἁμαρτωλοὶ
2735 2351 2824 2420 μὲν
2907 2350 3070 2420 ὁρῶσι
3124 2352 3213 2409 τὰς
3269 2358 3367 2401 τῶν
3413 2345 3636 2402 δικαίων
3665 2349 3983 2412 ἀπολαύσεις,

2390 2438 2472 2488 ἵνα
2534 2436 2723 2508 μᾶλλον
2781 2436 3045 2505 ἀνιῶνται,
3099 2436 3392 2510 βλέποντες,
3431 2439 3552 2491 οἵων
3603 2439 3806 2512 ἀγαθῶν
3859 2438 3985 2490 ἐστε-

2385 2527 2648 2598 ρήθησαν.
2684 2527 2732 2577 οἰ
2779 2522 2978 2577 δὶκαιοι
3041 2521 3118 2595 δὲ,
3173 2527 3334 2598 ὁρῶσι
3384 2530 3473 2587 τὰς
3537 2537 3636 2580 τῶν
3683 2527 3980 2602 ἁμαρτωλῶν

2386 2613 2648 2682 κολάσεις,
2691 2615 2772 2665 ἵνα
2821 2614 3013 2686 μᾶλλον
3070 2619 3324 2687 χαίρωσι,
3391 2615 3667 2688 βλέποντες
3740 2619 3820 2669 οἷα
3875 2615 3976 2687 (96)

2389 2702 2600 2776 βάσανα
2642 2700 2910 2775 διέφυγον.
2963 2705 3287 2776 Γνσυρίζουσι
3320 2701 3378 2758 δε
3424 2705 3689 2772 ἀλλήλους,
3734 2709 3811 2758 ἵνα
3857 2715 3979 2776 γνῶ-

2390 2811 2472 2844 σιν
2512 2791 2559 2842 ἐν
2605 2798 2770 2853 ποίοις
2810 2793 2939 2845 εἰσιν
2977 2793 3137 2858 οὗτοι,
3198 2799 3314 2866 περὶ
3353 2795 3418 2845 ὧν
3483 2797 3699 2867 ἠγνόουν
3746 2799 3842 2868 πρό
3897 2814 3976 2845 τον

2389 2881 2676 2934 ἀποθανεῖν’
2707 2881 2764 2933 ού
2806 2882 3170 2958 παρακαλοῦσι
3231 2880 3289 2936 δε
3333 2890 3449 2936 τότε
3510 2890 3595 2937 τόν
3654 2890 3779 2938 Θεὸν
3829 2886 3874 2935 οἱ
3903 2880 3979 2936 δί-

2386 2989 2528 3022 καιοι
2589 2971 2714 3045 ὑπὲρ
2769 2979 2867 3023 τῶν
2935 2971 3272 3045 ἁμαρτωλῶν,
3349 2979 3705 3044 γινώσκοντες,
3789 2975 3864 3025 ὅτι
3916 2979 3976 3040 τῷ

2388 3057 2616 3130 διαϐόλῳ
2682 3064 2771 3112 καὶ
2809 3067 2919 3121 τοῖς
2979 3059 3216 3132 ἀγγέλοις
3274 3061 3434 3114 αὐτοῦ
3502 3059 3977 3135 συγκατεδικάσθη-

605 3163 692 3213 set
734 3161 789 3212 et
829 3155 1081 3212 inutile:
1124 3157 1208 3212 ita
1247 3173 1490 3230 quoque
1520 3163 1577 3212 et
1631 3173 1738 3229 pro
1787 3157 1879 3212 his
1933 3157 2086 3212 sicut
2122 3154 2271 3212 dixit

2389 3169 2483 3201 σαν
2525 3149 2657 3219 (97).
2696 3154 2795 3202 Καὶ
2825 3151 2998 3223 ὥσπερ
3036 3154 3092 3202 τό
3123 3152 3249 3223 ὑπὲρ
3302 3159 3399 3203 τῶν
3447 3149 3709 3225 δαιμόνων
3756 3153 3976 3204 ἱκετεύειν

603 3246 925 3314 Gregorius
953 3245 1251 3316 Dialogus.
1286 3248 1414 3302 Non
1441 3246 1646 3302 dolent
1685 3252 1885 3302 autem
1917 3262 2269 3318 quanquam

599 3335 1026 3408 compatientes
1067 3335 1185 3390 sint
1217 3351 1229 3388 :
1266 3341 1405 3390 tunc
1447 3340 1606 3390 enim
1648 3335 1796 3406 fugit
1835 3335 1913 3392 ab
1943 3335 2029 3392 eis
2074 3335 2265 3402 dolor,

603 3440 829 3482 maror
858 3440 930 3482 ac
955 3422 1236 3495 gemitus,
1267 3428 1330 3480 ut
1360 3439 1507 3496 pure
1546 3423 1841 3483 laetentur.

673 3673 717 3745 -ι-
738 3671 874 3729 Haec
894 3670 1132 3745 quidem
1153 3670 1295 3728 dicit
1317 3671 1639 3743 Gregorius
1657 3671 1960 3746 Dialogus.
1990 3672 2099 3729 Alii
2130 3690 2270 3730 vero

605 3764 806 3819 Patres
838 3761 1064 3828 dicunt,
1099 3779 1296 3834 neque
1337 3781 1371 3820 a
1403 3762 1816 3836 peccatoribus
1849 3763 2268 3835 viderijustos,

603 3867 800 3924 neque
822 3851 1049 3922 ajustis
1075 3859 1450 3923 peccatores:
1487 3851 1564 3908 illi
1600 3853 1899 3924 siquidem
1927 3854 1986 3908 in
2018 3854 2146 3909 luce
2174 3854 2274 3909 de-

604 3946 774 4012 gunt,
805 3940 864 3996 hi
893 3945 1091 3996 autem
1126 3940 1186 3996 in
1214 3941 1507 4007 tenebris;
1537 3941 1712 4012 longe
1755 3948 1956 3997 autem
1987 3943 2208 3999 distant
2238 3959 2274 4000 a

605 4045 666 4086 se
697 4030 952 4086 invicem
985 4029 1110 4097 lux,
1144 4035 1200 4086 et
1222 4031 1502 4086 tenebrae.
1539 4030 1854 4098 Praeterea,
1885 4049 2021 4088 cum
2050 4033 2130 4088 illi
2159 4033 2275 4088 sint

602 4118 1374 4192 omninolux,nequaquam
1394 4121 1730 4191 cupiuntad
1751 4121 2026 4177 tenebras
2042 4123 2275 4194 prospi-

603 4225 764 4275 cere;
781 4208 840 4263 bi
858 4223 1016 4273 vero,
1038 4225 1176 4263 cum
1191 4208 1442 4264 omnino
1459 4209 1573 4263 sint
1589 4209 1869 4274 tenebrae,
1889 4226 2006 4266 non
2024 4222 2278 4281 possunt

602 4306 803 4361 lucem
825 4298 1116 4370 aspicere.
1147 4300 1295 4353 Nam
1324 4301 1380 4352 et
1416 4297 1824 4370 peccatoribus
1853 4298 2072 4354 doloris
2114 4308 2277 4357 esset

612 4385 948 4443 consolatio
979 4384 1075 4442 lux
1107 4387 1256 4458 ipsa,
1293 4386 2040 4457 etjustisimminutionem
2063 4391 2276 4464 volup-

608 4475 744 4532 tatis
761 4474 1041 4531 afferrent
1070 4474 1351 4532 tenebrae.
1385 4476 1596 4532 Dicunt
1619 4476 1842 4550 itaque,
1865 4479 1924 4533 in
1963 4479 2076 4535 hac
2096 4497 2274 4551 para-

606 4563 748 4621 bola
780 4565 1021 4636 proponi
1054 4563 1168 4620 hoc
1197 4564 1326 4635 lege
1371 4547 1743 4638 parabolica,
1781 4573 1839 4623 et
1873 4573 1933 4624 ut
1961 4547 2274 4626 terribilior
2308 4547 2349 4600 ί)

605 4669 677 4710 ac
703 4653 898 4724 magis
916 4653 1338 4726 persuadibilis
1355 4655 1521 4712 ﬁeret
1551 4673 1770 4714 sermo.
1803 4658 2043 4730 Oportet
2070 4665 2272 4717 autem

607 4746 663 4800 et
690 4743 818 4800 haec
857 4747 913 4799 et
940 4741 1038 4799 illa
1061 4743 1210 4800 scire
1230 4761 1248 4816 ς
1279 4749 1624 4802 sanctorum
1648 4745 1810 4802 enim
1845 4753 2004 4816 sunt,
2039 4753 2095 4805 et
2123 4749 2272 4806 nihil

604 4833 887 4906 pietatem
921 4831 1164 4889 laedunt.

683 4922 840 4977 Vers.
866 4922 1043 4976 24.19!
1075 4920 1276 4992 ispe—
1301 4923 1612 4990 hac.ViJe,
1637 4929 1931 4997 quantum
1959 4943 2095 4982 eum
2133 4945 2268 5002 sap-

603 5027 700 5067 ere
726 5010 859 5065 fecit
887 5011 1180 5066 cruciatus
1203 5027 1214 5064 :
1236 5027 1416 5083 quem
1454 5014 1610 5068 enim
1635 5031 1815 5086 prOpe
1837 5014 2136 5087 jacentem
2171 5019 2270 5074 de-

603 5106 897 5174 spexerat,
927 5097 1089 5155 hunc
1115 5100 1349 5155 eminus
1379 5107 1548 5159 acute
1581 5102 1762 5160 videt.
1800 5107 1913 5161 Nec
1939 5110 2136 5162 tamen
2167 5110 2271 5165 La-

679 5224 728 5261 “
761 5223 970 5280 Lucas.
1007 5238 1102 5291 xu,
1131 5223 1228 5279 20.

2385 3241 2603 3310 μάταιόν
2636 3237 2748 3291 ἐστι
2796 3244 2886 3291 καὶ
2915 3236 3294 3312 ἁπρόσδεκτον,
3345 3241 3483 3292 οὕτω
3509 3248 3597 3294 καὶ
3628 3246 3684 3294 τὸ
3720 3243 3841 3314 ὑπὲρ
3871 3241 3974 3292 τού·

2385 3345 2505 3390 των,
2539 3328 2603 3388 ὡς
2630 3326 2738 3381 εἶπε
2779 3332 3107 3402 Γρηγόριοςό
3139 3329 3387 3402 Διάλογος
3430 3351 3440 3362 ·
3497 3332 3591 3383 οὐκ
3645 3331 3856 3403 ἁλγοῦσι
3904 3325 3975 3393 δὲ,

2383 3420 2556 3468 καίτοι
2592 3419 2880 3490 συμπαθεῖς
2925 3422 3080 3481 ὄντες.
3117 3415 3350 3493 Ἀπέδρα
3396 3423 3497 3493 γάρ
3549 3426 3658 3473 τότε
3697 3419 3781 3473 ἀπ’
3820 3417 3972 3470 αὐτῶν

2383 3500 2566 3572 ὀδύνη,
2590 3511 2678 3559 καὶ
2707 3506 2867 3578 λύπη,
2902 3512 2992 3560 καὶ
3040 3512 3345 3581 στεναγμὸς,
3382 3512 3465 3562 ἵνα
3491 3513 3729 3583 καθαρῶς
3781 3507 3974 3581 εὐφραί-

2382 3613 2588 3646 νωνται.

2458 3679 2480 3753 [
2509 3683 2688 3736 Ταῦτα
2708 3683 2821 3754 (98)
2853 3688 2944 3757 μέν
2999 3705 3063 3758 φη
3076 3705 3128 3737 σι
3169 3691 3453 3762 Γρηγόριος
3482 3690 3506 3741 6
3539 3686 3800 3759 Διάλογος*
3824 3686 3972 3756 ἕτεροι

2385 3766 2443 3822 δε
2469 3777 2685 3846 Πατέρες
2709 3771 2944 3845 λέγουσι,
2975 3781 3103 3847 μήτε
3131 3777 3230 3828 ύπό
3263 3785 3361 3828 τῶν
3408 3777 3724 3852 ἁμαρτωλῶν
3766 3775 3970 3848 ὁρᾶσθαι

2381 3863 2496 3921 τοὺς
2525 3857 2780 3927 δικαίους,
2820 3869 2952 3936 μήτε
2995 3865 3089 3917 ὑπὸ
3116 3873 3212 3916 τῶν
3238 3861 3458 3918 δικαίων
3487 3871 3608 3928 τούς
3637 3863 3966 3940 ἁμαρτωλούς.

2385 3952 2452 4001 Οἱ
2470 3953 2560 4022 μὲν
2589 3953 2690 4022 γὰρ
2729 3951 2778 4003 ἐν
2804 3960 2876 4023 τῷ
2913 3958 3061 4025 φωτί·
3098 3957 3146 4006 οἱ
3187 3951 3244 4006 δε
3274 3954 3321 4006 ἐν
3369 3964 3440 4026 τῷ
3477 3962 3646 4028 σκότῳ
3680 3973 3691 3985 ·
3726 3952 3890 4028 πόρρω
3919 3944 3969 4000 δὲ

2386 4037 2612 4098 ἀλλήλων
2643 4045 2701 4092 τὸ
2739 4050 2843 4112 φῶς
2872 4047 2962 4094 καὶ
2991 4046 3047 4095 τό
3105 4047 3305 4105 σκότος.
3352 4051 3455 4098 Καὶ
3496 4049 3544 4098 οἱ
3584 4049 3674 4119 μεν
3725 4044 3823 4096 ὅλοι
3880 4047 3968 4112 γὼς

2386 4132 2540 4196 ὄντες,
2584 4128 2675 4180 οῦκ
2707 4129 2766 4182 ἆν
2800 4129 3075 4203 βούλοιντο
3126 4129 3332 4186 ἀπιδεῖν
3363 4134 3434 4196 εἰς
3485 4139 3541 4187 τό
3593 4140 3770 4193 σκότος
3802 4149 3812 4161 '
3845 4132 3886 4181 οἱ
3919 4123 3968 4178 δὲ

2387 4218 2493 4270 ὃλοι
2526 4223 2706 4280 σκότος
2737 4220 3078 4294 ὑπάρχοντες,
3113 4222 3206 4274 ούκ
3240 4221 3298 4274 ἂν
3333 4220 3578 4277 δύναιντο
3604 4220 3802 4276 ἀπιδεῖν
3831 4219 3895 4280 εἰς
3918 4218 3966 4267 τό

2387 4317 2508 4380 φῶς.
2550 4308 2617 4360 Ἦ
2658 4312 2758 4382 γάρ
2792 4309 2850 4360 ἂν
2876 4316 2964 4363 καὶ
2987 4313 3034 4363 οἱ
3061 4311 3358 4386 ἁμαρτωλοὶ
3390 4323 3480 4374 τῆς
3514 4311 3702 4374 ὀδύνης
3729 4306 3967 4384 παράκλη-

2388 4416 2469 4449 σιν
2501 4397 2700 4470 ἔμελλον
2732 4401 2872 4470 ἔχειν
2910 4402 2968 4452 τό
3001 4400 3122 4472 φῶς⁹
3174 4406 3261 4454 καὶ
3294 4404 3342 4454 οἱ
3383 4398 3604 4468 δίκαιοι,
3647 4409 3736 4462 τῆς
3794 4392 3964 4455 ἡδονῆς

2385 4487 2564 4559 ὕφεσιν
2619 4491 2676 4540 τὸ
2720 4494 2925 4550 σκότος·
2987 4495 3082 4547 τὴν
3120 4494 3295 4562 μέντοι
3345 4492 3647 4565 παραϐολὴν
3701 4485 3960 4542 ὑποθέσθαι

2382 4585 2552 4642 τοῦτο,
2587 4581 2722 4629 κατὰ
2750 4577 3106 4652 παραϐολικην
3151 4579 3484 4653 αὐτονομίαν,
3519 4588 3604 4634 καὶ
3633 4583 3712 4633 ἱνα
3758 4574 3957 4650 φοϐερώ-

2383 4685 2522 4739 τερος
2551 4669 2640 4718 καὶ
2664 4668 3008 4742 πιθανώτερος
3048 4668 3073 4719 ὁ
3129 4667 3281 4740 λόγος
3335 4675 3569 4741 γένηται.
3615 4673 3723 4743 Χρὴ
3784 4660 3836 4716 δὲ
3881 4662 3954 4709 καὶ

2382 4763 2545 4807 ταῦτα
2582 4753 2795 4807 κάκεῖνα
2819 4762 3091 4827 γινώσκειν
3135 4777 3146 4789 ·
3181 4757 3341 4830 ἁγίων
3372 4761 3473 4836 γάρ
3542 4760 3662 4829 εἰσι,
3705 4760 3788 4808 xui
3823 4744 3950 4802 οὐδὲν

2381 4851 2443 4915 τῇ
2479 4843 2713 4916 εὐσεϐείᾳ
2737 4844 3094 4918 λυμαίνονται,
3119 4847 3136 4917 ]

2457 4937 2556 4985 καὶ
2589 4933 2740 4993 αὐτὸς
2771 4965 2836 4973 -
2875 4937 3066 5008 ταύτῃ.
3126 4935 3280 5010 Ὀρα,
3328 4941 3490 4990 πόσον
3521 4937 3675 4990 αὐτὸν
3725 4935 3752 4992 ἦ
3806 4925 3953 5002 βάτῳ

2379 5042 2464 5083 νος
2515 5020 2878 5098 ἐσωφρόνισεν.
2936 5023 3028 5077 ’Ὸν
3071 5027 3172 5099 γὰρ
3219 5023 3373 5098 ἔγγὺς
3424 5032 3652 5099 κείμενον
3719 5021 3954 5092 παρεώρα,

2379 5120 2566 5164 τοῦτον
2593 5111 2854 5187 πόρρωθεν
2907 5112 3056 5178 ὀξέως
3115 5116 3230 5191 ὁρᾷ·
3285 5116 3358 5168 Ού
3421 5115 3734 5192 παρεκάλεσε
3779 5105 3832 5160 δὲ
3883 5103 3958 5153 τὸν

3863 5275 3874 5303 \

1855 5355 2074 5428 Variae
2122 5360 2448 5432 lectiones
2485 5375 2549 5433 et
2581 5375 2782 5435 notae.

672 5548 789 5693 (οιγ
819 5540 1064 5625 Ἀνδρίας
1095 5552 1157 5606 Α.

672 5623 761 5693 (9'5
840 5629 1004 5675 Τοῦτο
1026 5689 1040 5693 _
1073 5639 1157 5693 ΘΧΙ

646 5619 784 5700 ,(9⁵5)
840 5619 1363 5700 Toﬁfrq‘expressit
1437 5619 1617 5681 etiam
1682 5622 2020 5686 Hentenius.
2091 5629 2255 5686 Τοῦτο

600 5689 876 5748 nimirum
903 5697 961 5746 τὸ
991 5689 1166 5748 ἰδεῖν.-
1189 5699 1248 5750 In
1299 5703 1561 5754 mentem
1605 5704 1799 5756 tamen
1830 5702 2108 5759 veniebat
2141 5713 2258 5757 τοῦο

600 5780 705 5842 τον,
734 5763 794 5820 id
824 5769 914 5822 est
941 5767 1029 5817 τόν
1053 5767 1343 5844 Λάζαρον..

2435 5563 2549 5634 (96)
2579 5565 2769 5630 Forte,
2797 5557 3195 5645 atuvﬁucmov.
3228 5565 3314 5624 Ita
3354 5581 3514 5623 mox.
3557 5559 3704 5618 Nam
3751 5555 3812 5606 τὰ
3857 5544 3948 5622 βάο

2371 5646 2505 5686 σανα
2535 5651 2651 5690 non
2693 5635 3176 5706 memini’legere.

2463 5706 2553 5766 97)
2580 5703 3048 5766 κατεδικάσθησαν
3087 5714 3154 5764 Α.

2463 5707 2528 5760 97
2580 5707 3048 5766 κατεδικάσθησαν
3087 5714 3154 5764 Α.

2439 5707 2553 5852 ἒ98ζ
2586 5777 2721 5834 Haec
2753 5785 2996 5855 uterque
3034 5779 3097 5857 in
3125 5781 3422 5857 margine.
