4128 6400
227 372 360 428 1041

1305 367 1661 424 COMMENT.
1707 366 1776 422 IN
1817 343 2082 423 LUCAM.
2124 400 2191 409 -
2223 369 2376 424 CAP.
2413 369 2554 426 xw.

3483 371 3622 430 1042

227 499 496 572 Λάζαρον,
555 497 956 574 ὑπολαμϐάνων,
1009 500 1090 553 ὅτι
1145 505 1464 572 μνησικακεῖ
1527 497 1685 569 αύτῷ·
1745 499 1819 549 τὸὶ

1944 510 2142 551 zarum
2160 493 3025 572 deprecabatur,suspicabatur
3042 499 3476 572 namque,quod
3493 515 3616 556 ma-

235 589 462 664 Αϐραὰμ
512 585 571 642 δέ
623 591 872 661 ἱκέτευσε,
915 590 1142 662 νομίζων
1173 591 1253 642 ὅτι
1301 587 1558 660 ἀγνοεῖτὰ
1595 588 1707 640 κατ’
1738 587 1830 639 αύ-

219 683 339 735 τὸν.
403 679 604 755 Ὠσπερ
674 677 733 732 δὲ
780 688 850 752 τῷ
896 683 1119 756 Λαζάρῳ
1166 683 1434 751 πρότερον,
1484 677 1532 730 ἓν
1561 680 1830 740 τοσούτοις

213 769 328 819 ὄντι
375 777 552 829 κακοῖς
597 771 877 844 προσθήκη
940 776 1216 843 συμφορῶν
1262 765 1344 836 ἧν,
1376 769 1434 819 τὸ
1491 766 1697 840 βλέπειν
1744 771 1830 819 τὸν

213 856 472 910 πλούσιον
517 857 565 910 ἐν
616 862 890 922 τοσούτοις
920 857 1135 932 ἀγαθοῖς
1170 875 1181 886 ·
1216 858 1350 911 οὕτω
1380 863 1468 910 καὶ
1498 865 1570 928 τῷ
1598 858 1830 930 πλουσίῳ

211 954 303 998 νῦν
347 945 393 1000 ἐν
419 950 686 1008 τοσούτοις
719 953 825 1001 ἄντι
857 945 1064 1014 δεινοῖς,
1097 951 1368 1024 προσθήκη
1402 956 1663 1023 τιμωριῶν
1693 946 1826 1017 ἐστι,

216 1040 277 1089 τὸ
308 1035 518 1110 βλέπειν
540 1040 625 1090 τὸν
655 1038 898 1115 Λάζαρον
925 1038 975 1091 ἐν
1005 1040 1278 1100 τοσούτοις
1304 1036 1540 1109 ἀγαθοῖς.

294 1223 422 1268 Είπε
451 1248 520 1256 -
569 1212 848 1269 ὀδυνᾶσαι.
905 1217 1016 1269 Ούκ
1065 1211 1309 1276 ὀνειδίζει
1339 1217 1504 1287 τούτῳ
1543 1219 1636 1274 τὴν
1668 1213 1828 1267 ἀπαν-

222 1307 483 1378 θρωπίαν,
528 1304 636 1357 ἀλλ’
677 1305 913 1368 ἐπιεικῶς
959 1306 1072 1378 (99)
1132 1305 1482 1379 ἀποκρίνεται·
1532 1309 1826 1380 γέγραπται

215 1397 348 1468 γὰρ,
428 1395 504 1447 ὃτι
559 1401 749 1467 Ψυχὴν
810 1399 1245 1468 τεταπεινωμένην
1305 1395 1381 1466 (1)
1438 1399 1508 1467 μὴ
1586 1413 1825 1467 προστα-

213 1484 405 1557 ράξῃς·
458 1489 546 1537 καὶ
597 1489 768 1537 τέκνον
815 1484 1061 1558 ὀνομάζει
1111 1492 1312 1549 τοῦτον,
1355 1487 1420 1545 ὡς
1462 1487 1821 1559 πατριάρχης,

211 1573 378 1626 αὐτοῦ
429 1578 520 1626 καὶ
577 1577 646 1636 ὡς
698 1573 1012 1648 πρεσϐύτης.
1076 1573 1186 1625 Ούκ
1219 1570 1326 1626 εἶπε
1371 1571 1447 1637 δὲ,
1483 1575 1562 1625 ὃτι
1591 1573 1821 1640 Ἔλαϐες,

211 1661 328 1713 ἀλλ’
359 1665 438 1715 ὅτι
471 1663 751 1726 Ἀπέλαϐες
798 1667 864 1716 τὰ
914 1663 1086 1735 ἀγαθά
1119 1683 1211 1715 σου
1249 1666 1296 1715 ὲν
1327 1670 1389 1735 τῇ
1432 1663 1537 1734 ζωῇ
1579 1683 1694 1731 σου,
1733 1668 1823 1715 καὶ

211 1753 460 1828 Λάζαρος
515 1756 706 1826 ὁμοίως
745 1757 808 1806 τὰ
856 1756 1012 1807 κακά.
1056 1757 1125 1807 T6
1177 1757 1277 1826 γὰρ
1324 1751 1700 1826 ἀπολαμϐάνειν
1740 1756 1822 1805 ἐπὶ

1941 585 2133 641 lorum
2147 585 2260 658 ipsi
2277 585 2657 653 inﬂictorum,
2679 589 2965 645 adversus
2983 605 3042 645 se
3059 605 3290 646 memor
3309 593 3459 646 esset
3476 608 3490 642 :
3507 589 3615 645 sed

1941 675 2241 732 Abraham
2287 677 2578 744 obsecrat,
2613 680 2911 752 opinatus,
2965 679 3128 752 quod
3182 679 3343 736 hunc
3388 680 3612 746 lateret,

1939 777 2070 838 quae
2083 766 2235 822 circa
2249 782 2310 822 se
2334 767 2721 837 contigerant.
2745 768 3273 835 Quemadmodum
3288 775 3488 826 autem
3504 770 3616 826 La-

1938 871 2097 923 zaro,
2126 871 2262 911 cum
2295 856 2354 912 in
2407 862 2486 912 tot
2514 858 2680 913 malis
2716 859 2947 930 positus
2977 865 3150 924 esset,
3195 859 3608 916 calamitatum

1938 949 2062 1000 erat
2105 950 2498 1017 augmentum
2531 947 2744 1003 intueri
2797 948 3041 1006 divitem
3074 949 3132 1003 in
3162 953 3248 1004 tot
3277 949 3450 1004 bonis
3487 966 3499 1005 :
3528 949 3611 1004 ita

1937 1049 2099 1090 nunc
2116 1034 2303 1101 diviti,
2331 1037 2389 1090 in
2423 1036 2596 1092 tantis
2643 1035 2882 1106 degenti
2918 1037 3171 1094 miseriis
3199 1037 3427 1094 additio
3467 1053 3610 1111 sup-

1936 1124 2250 1196 pliciorum
2279 1130 2386 1190 est,
2420 1125 2616 1180 videre
2650 1128 2934 1182 Lazarum
2961 1127 3020 1183 in
3057 1127 3233 1183 tantis
3266 1127 3454 1183 bonis.

2008 1214 2166 1269 Vers.
2224 1213 2311 1269 25.
2344 1214 2510 1271 Dixit
2538 1245 2607 1256 —
2636 1216 2950 1272 cruciaris.
2984 1215 3416 1272 Inhumanitem
3465 1215 3602 1273 huic

1936 1318 2057 1359 non
2087 1304 2470 1375 improperat,
2498 1305 2602 1360 sed
2623 1310 2933 1361 mansuete
2951 1306 3596 1379 respondet.Scriptum

1935 1397 2021 1448 est
2033 1396 2198 1449 enim:
2211 1395 2249 1448 Λ
2262 1394 2475 1450 nimam
2490 1394 2857 1450 humiliaram
2869 1395 3423 1452 neturbaveris’°.Et
3439 1396 3600 1452 hunc

1934 1483 2207 1538 nominat
2235 1482 2445 1546 ﬁlium,
2480 1487 2681 1556 utpote
2716 1485 3078 1557 patriarcha,
3123 1502 3226 1541 seu
3257 1484 3601 1557 progenitor

1934 1570 2146 1642 ipsius,
2179 1575 2235 1626 et
2277 1577 2548 1644 tanquam
2579 1588 2778 1628 senex.
2823 1576 2947 1630 Non
2980 1573 3124 1630 dixit
3150 1580 3348 1630 autem
3385 1590 3398 1630 :
3428 1579 3602 1630 Acce-

1934 1661 2069 1732 pisti
2105 1661 2263 1715 bona
2295 1665 2412 1725 tua,
2446 1662 2547 1716 sed
2582 1661 2905 1734 Recepisti.
2941 1665 3085 1719 Nam
3120 1663 3384 1736 recipere
3419 1663 3497 1719 ob
3526 1679 3598 1719 ea

1934 1750 2186 1821 ponitur,
2219 1767 2354 1822 quae
2381 1750 2710 1807 debentur:
2735 1752 2941 1808 ethinc
2963 1753 3212 1810 omnino
3229 1753 3599 1824 signiﬁcatur

208 1849 313 1894 τῶν
354 1847 792 1917 χρεωστουμένων
849 1847 1114 1908 τάττεται,
1169 1847 1258 1895 καὶ
1315 1837 1566 1902 δηλοῦται
1623 1844 1819 1903 πάντως

1944 1837 2093 1910 quod
2134 1843 2190 1893 et
2233 1839 2392 1894 dives
2445 1855 2800 1913 quanquam
2827 1846 3100 1912 peccator
3149 1847 3291 1908 erat,
3327 1841 3594 1915 aliquam

210 1930 465 2000 ἐντεῦθεν,
516 1935 596 1984 ὅτι
641 1938 730 1985 καὶ
777 1935 802 1985 6
841 1933 1110 2001 πλούσιος,
1156 1932 1198 1985 εἰ
1241 1937 1329 1984 καὶ
1379 1931 1683 2004 ἁμαρτωλὸς
1737 1927 1818 1997 ἦν,

208 2021 350 2092 ὅμως
388 2019 502 2094 εἶχέ
547 2041 664 2074 τινα
716 2020 922 2096 ἀρετὴν,
955 2024 1080 2095 ὑπὲρ
1133 2023 1195 2084 ἧς
1239 2019 1460 2073 ἀπέλαϐε
1501 2022 1601 2082 ζῶν
1641 2023 1715 2073 ἔτι
1757 2023 1822 2072 τὰ

209 2110 519 2183 ὀφειλόμενα
566 2109 758 2183 ἀγαθά·
801 2117 889 2164 καὶ
944 2113 969 2164 6
1011 2111 1278 2183 Λάζαρος,
1305 2111 1346 2162 εἰ
1379 2115 1469 2162 καὶ
1501 2107 1708 2172 δίκαιος
1737 2107 1816 2176 ἧν,

209 2199 350 2272 ὅμως
410 2197 522 2272 εἷχέ
590 2221 706 2252 τινα
762 2205 970 2267 κακίαν,
1042 2197 1100 2253 δί
1145 2202 1206 2260 ἢν
1251 2205 1341 2252 καί
1390 2200 1545 2262 αὐτὸς
1601 2197 1822 2252 ἀπέλαϐε

212 2289 332 2350 ζεὸν
368 2291 444 2342 ἔτι
475 2292 540 2342 τὰ
571 2289 870 2362 ὀφειλόμενα
899 2292 1053 2344 κακά.
1086 2297 1195 2342 Τῶν
1220 2288 1500 2364 ἀνθρώπων
1517 2290 1617 2363 γάρ
1646 2285 1822 2350 οὐδεὶς

209 2379 435 2450 ἄμοιρος
495 2377 696 2453 ἀρετῆς,
748 2375 864 2431 ούδ⁸
923 2381 947 2431 6
1012 2381 1146 2432 πάνυ
1199 2383 1441 2452 πονηρός
1499 2383 1589 2430 καὶ
1646 2375 1819 2440 οὐδεὶς

210 2469 434 2540 ἄμοιρος
477 2474 683 2539 κακίας,
738 2467 853 2521 οὔδ’
885 2470 910 2520 6
940 2471 1073 2521 πάνυ
1115 2467 1325 2539 ἁγαθός.
1361 2472 1446 2521 Διὸ
1468 2473 1558 2520 καὶ
1587 2467 1820 2526 τελευτή-

211 2577 396 2620 σαντες
445 2557 694 2628 ἁπῆλθον,
730 2559 754 2610 6
800 2557 888 2632 μὲν
916 2560 1140 2632 ἄκρατον
1168 2561 1303 2629 ἔχων
1323 2563 1416 2617 τὴν
1445 2562 1652 2610 κακίαν
1694 2556 1719 2608 6
1761 2554 1819 2610 δὲ

205 2648 436 2719 ἄκρατον
467 2651 776 2721 κεκτημένος
807 2652 899 2706 τὴν
942 2646 1139 2723 ἀρετήν.

277 2741 381 2789 Καὶ
425 2735 508 2788 ἐπὶ
550 2769 613 2775 --
647 2733 959 2812 διαπερῶσι.
997 2740 1194 2809 Χάσμα
1244 2740 1378 2808 μέγα
1414 2735 1568 2808 λέγει,
1604 2739 1661 2788 τὸ
1712 2734 1819 2788 ἁνε-

204 2831 526 2897 πιχεὶρητον
572 2832 894 2899 πρόσταγμα
932 2836 1023 2880 τοῦ
1067 2832 1213 2881 Θεοῦ³
1244 2830 1314 2888 ὡς
1353 2824 1505 2885 δίκην
1533 2827 1818 2900 χάσματος

202 2916 416 2967 κωλύων
442 2920 536 2974 τὴν
577 2914 838 2990 ἐπιμιξίαν
866 2919 1058 2969 τούτων
1083 2914 1349 2969 κάκείνων.

274 3091 401 3147 Εἷπε
430 3126 498 3134 —
525 3097 707 3170 πάτερ.
737 3094 1034 3171 Παρακαλῶ
1066 3115 1146 3151 σε.

273 3270 378 3322 Ἵνα
439 3301 504 3310 -—
565 3267 825 3340 βασάνου.
890 3268 1200 3338 Ἀποτυχών
1275 3275 1371 3329 τῆς
1435 3269 1561 3341 ὑπὲρ
1632 3267 1815 3322 ἑαυτοῦ

206 3357 462 3422 δεήσεως,
514 3360 639 3431 ὑπὲρ
687 3366 784 3409 τῶν
835 3351 1066 3429 ἀδελφῶν
1121 3352 1376 3425 δυσωπεῖ,
1416 3356 1688 3430 ἐμφαίνων,
1737 3360 1816 3411 ὅτι

206 3451 384 3519 ὥσπερ
429 3449 584 3508 αὐτὸς
615 3451 713 3522 πρό
745 3454 836 3498 τοῦ
877 3445 1170 3515 ἀποθανεῖν,
1204 3447 1337 3498 οὕτω
1367 3451 1453 3498 καὶ
1485 3447 1630 3500 αὐτοὶ
1661 3448 1816 3523 λῆρον

204 3542 462 3611 ἡγοῦνταί
492 3541 585 3600 τὰς
617 3537 664 3589 ἐν
695 3544 811 3598 ταῖς
844 3543 1074 3611 Γιοαφαίς
1099 3535 1308 3598 ἀπειλὰς
1335 3546 1432 3589 τῶν
1470 3546 1559 3590 τοῦ
1603 3538 1815 3611 μέλλον-

200 3647 284 3687 τος
318 3628 502 3689 αἰῶνος
543 3626 822 3694 κολάσεων,
856 3631 945 3679 καὶ
973 3623 1066 3678 διὰ
1087 3633 1258 3690 τοῦτο,
1290 3631 1451 3699 μόνην
1476 3631 1568 3686 τὴν
1595 3625 1816 3700 φιληδο-

198 3722 312 3768 νίαν
341 3713 756 3788 μεταδιώκουσι.

269 3811 426 3877 Λέγει
467 3837 532 3846 -
565 3809 850 3879 προφήτας.
884 3807 985 3865 Τάς
1015 3811 1302 3867 Μωσαῐκας
1336 3803 1551 3877 βίϐλους
1588 3809 1678 3857 καὶ
1725 3806 1814 3866 τὰς

193 3897 549 3968 προφητικάς.
584 3894 660 3946 Οὐ
699 3897 801 3968 γὰρ
830 3895 964 3946 οὕτω
997 3898 1062 3946 σὺ
1092 3891 1234 3966 κήδη
1279 3903 1378 3948 τῶν
1409 3892 1662 3966 ἀδελφῶν,
1696 3897 1758 3955 ὡς
1787 3895 1811 3945 6

191 3989 427 4046 ποιήσας
462 3983 646 4044 αὐτούς
678 3986 824 4050 Θεὸς,
870 3983 922 4044 ὃς
953 3987 1040 4034 καὶ
1079 3988 1300 4057 μυρίους
1331 3981 1612 4040 ἐπέστησεν
1641 3983 1813 4044 αὐτοῖς

1696 4159 1812 4234 βίον

196 4068 582 4135 διδασκάλους.

265 4164 279 4188 ’
290 4164 684 4216 Ακουσάτωσαν
831 4161 999 4214 αὐτῶν
1022 4203 1035 4218 .
1172 4162 1571 4233 ’Υποτιθεμένων

197 4251 457 4325 ἐνάρετον.

269 4341 332 4393 Ὀ
369 4337 428 4392 δὲ
463 4371 528 4380 --
556 4338 816 4413 Ἀϐραάμ.
851 4339 962 4390 Ούκ
992 4340 1272 4391 ἀκούουσιν
1305 4338 1490 4391 αὐτῶν.

275 4429 415 4484 Ἀλλ’
479 4461 542 4469 —
605 4433 1008 4502 μετανοήσουσι.
1083 4435 1205 4488 Ταῖς
1263 4427 1468 4500 βίϐλοις
1541 4431 1630 4500 μὲν
1697 4427 1814 4480 ἀπι-

205 4527 450 4584 στοῦσιν,
511 4521 574 4578 ὡς
617 4520 760 4591 παρὰ
818 4517 1022 4578 ζώντων
1085 4522 1414 4590 γραφείσαις,
1474 4523 1631 4589 μήπω
1697 4519 1811 4570 θεα-

207 4614 446 4680 σαμένων
497 4611 564 4658 τὰ
616 4615 706 4658 τοῦ
759 4606 1026 4678 μέλλοντος
1076 4607 1273 4666 αἰῶνος
1318 4606 1402 4657 ἐάν
1458 4626 1538 4667 τις
1601 4603 1660 4659 δὲ
1711 4605 1811 4659 ἀπὸ

200 4705 397 4769 νεκρῶν
423 4698 649 4770 πορευθῇ
687 4699 818 4768 πρὸς
849 4695 1050 4766 αύτούς,
1086 4698 1482 4762 πιστεύσουσιν,
1536 4697 1602 4757 ὡς
1646 4692 1811 4748 ἰδόντι

201 4788 397 4840 πάντα.

277 4877 406 4928 Εἷπε
464 4906 529 4915 -
587 4875 988 4933 πεισθήσονται,
1068 4878 1167 4926 Καὶ
1243 4876 1291 4925 οἱ
1363 4871 1617 4927 Ἰουδαῖοι
1685 4877 1806 4947 γὰρ,

200 4960 386 5022 ἐπειδὴ
465 4967 724 5025 Μωῦσέως
782 4969 871 5016 καὶ
937 4971 1033 5015 τῶν
1107 4970 1384 5037 προφητῶν
1451 4963 1543 5014 οὐκ
1601 4967 1808 5030 ἤκουον,

201 5050 331 5106 οὐδὲ
407 5060 518 5114 τοῖς
587 5050 642 5103 ἐκ
701 5061 889 5127 νεκρῶν
950 5049 1238 5104 ἀναστάσιν
1294 5050 1630 5117 ἐπείσθησαν,
1688 5050 1812 5104 ἀλλὰ

199 5147 294 5195 καὶ
345 5144 434 5194 τὸν
500 5138 720 5214 ἀδελφὸν
772 5142 993 5214 Μάρθας
1035 5145 1125 5194 καὶ
1170 5145 1378 5214 Μαρίας
1439 5140 1703 5215 Λάζαρον,
1758 5137 1813 5192 ἐκ

275 5321 326 5357 ²⁰
358 5317 533 5375 Eccli.
568 5336 641 5388 IV,
695 5319 748 5375 3.

1933 1931 2134 1982 tamen
2165 1927 2430 1982 habebat
2451 1928 2743 1992 virtutem,
2773 1945 2878 1999 pro
2905 1945 3028 2001 qua
3059 1929 3222 1985 bona
3267 1929 3463 1986 debita
3494 1929 3596 1985 ad-

1930 2016 2048 2072 huc
2067 2017 2275 2072 vivens
2301 2023 2631 2089 receperat;
2659 2023 2714 2073 et
2729 2018 3000 2086 Lazarus,
3024 2035 3374 2092 quanquam
3391 2020 3595 2092 justus

1932 2110 2074 2170 erat,
2105 2105 2345 2178 aliquod
2389 2111 2577 2162 tamen
2611 2107 2815 2163 vitium
2847 2107 3132 2171 habebat,
3163 2113 3406 2180 propter
3435 2107 3594 2179 quod

1932 2195 2132 2250 adhuc
2145 2196 2350 2250 vivens
2363 2195 2564 2252 debita
2577 2195 2728 2252 mala
2741 2198 3375 2270 receperat.Siquidem
3395 2197 3593 2252 nullus

1929 2284 2246 2340 hominum
2277 2302 2489 2357 expers
2529 2291 2616 2341 est
2646 2285 2892 2352 virtutis,
2927 2293 3030 2342 aut
3067 2288 3316 2343 omnino
3349 2287 3545 2342 malus
3579 2303 3590 2343 :

1930 2374 2250 2447 nullusque
2278 2390 2490 2444 expers
2512 2380 2598 2430 est
2621 2375 2755 2439 vitii,
2781 2377 3150 2432 automnino
3175 2376 3408 2442 bonus;
3436 2376 3598 2432 ideo-

1929 2480 2046 2536 que
2072 2464 2200 2535 jam
2246 2465 2565 2519 morientes
2613 2464 3034 2530 discesserunt,
3076 2465 3172 2520 ille
3203 2466 3441 2540 quidem
3475 2481 3595 2521 me-

1928 2569 2060 2609 ram
2105 2553 2338 2609 habens
2371 2553 2670 2621 malitiam,
2703 2553 2798 2610 hic
2843 2559 3042 2610 autem
3097 2570 3312 2628 puram
3367 2555 3595 2610 habens

1928 2644 2224 2699 virtutem.
2769 2637 2771 2640 ⁴

1997 2733 2158 2786 Vers.
2188 2735 2276 2786 26.
2306 2731 2382 2786 Et
2407 2746 2586 2800 super
2616 2763 2677 2774 —
2710 2733 3146 2791 transcendere.
3191 2733 3428 2790 Hiatum
3463 2749 3594 2790 ma-

1929 2835 2116 2891 gnum
2129 2819 2684 2886 dicit,firmissimum
2705 2821 2802 2876 Dei
2822 2828 3502 2895 preeceptum,tanquam
3516 2822 3593 2880 ad

1927 2909 2178 2966 modum
2203 2911 2403 2966 hiatus
2427 2910 2748 2983 prohibens
2765 2911 2988 2969 horum
3014 2911 3317 2970 etillorum
3342 2913 3594 2969 commi-

1928 3000 2206 3056 stionem.

2002 3091 2156 3145 Vers.
2197 3089 2284 3144 27.
2313 3089 2416 3146 Ait
2442 3120 2513 3132 —
2537 3095 2727 3161 pater.
2764 3089 2960 3146 Etiam
2988 3090 3084 3148 hic
3116 3091 3358 3165 ponitur
3402 3090 3592 3165 ἐρωτῶ,

1931 3195 2040 3254 pro
2071 3179 2350 3237 Obsecro.

2001 3272 2162 3326 Vers.
2196 3274 2284 3324 27.
2323 3268 2481 3326 Ut—
2517 3271 2672 3324 Vers.
2697 3272 2785 3325 28.
2810 3270 3144 3326 Cruciatus.
3175 3300 3240 3311 -
3269 3269 3592 3342 Repulsam

1927 3375 2146 3432 passus
2176 3359 2234 3413 in
2257 3374 2346 3426 eo,
2367 3358 2528 3431 quod
2548 3373 2653 3431 pro
2678 3374 2739 3413 se
2761 3357 2995 3423 orabat,
3015 3374 3121 3430 pro
3144 3358 3426 3414 fratribus
3457 3377 3594 3431 sup-

1927 3448 2126 3520 plicat,
2156 3448 2464 3503 insinuans
2499 3449 2656 3520 quod
2686 3448 2837 3503 sicut
2868 3447 2994 3520 ipse
3040 3452 3175 3504 ante
3209 3453 3483 3512 mortem,
3512 3448 3592 3503 ita

1925 3541 1980 3594 et
2009 3538 2086 3592 illi
2119 3553 2226 3610 pro
2257 3536 2478 3594 fabulis
2509 3537 2739 3592 ducunt
2769 3536 2985 3604 minas,
3019 3554 3152 3611 qua:
3185 3537 3242 3592 in
3279 3537 3592 3610 Scripturis

1925 3626 2224 3683 habentur
2238 3625 2312 3681 de
2327 3625 2504 3681 futuri
2522 3625 2722 3682 saeculi
2737 3625 3066 3699 suppliciis,
3089 3630 3146 3680 et
3167 3634 3484 3699 propterea
3502 3642 3592 3682 so.

1922 3716 2043 3772 lam
2071 3717 2498 3787 voluptuosam
2530 3717 2714 3772 vitam
2747 3714 3167 3789 insequuntur.

1995 3805 2159 3861 Vers.
2199 3809 2291 3863 29.
2325 3805 2476 3860 Dicit
2509 3837 2580 3845 —
2613 3805 2952 3875 prophetas.
3001 3805 3287 3861 MOSaicos
3318 3801 3498 3860 libros
3523 3819 3594 3860 ac

1924 3894 2270 3968 prophetias
2305 3909 2318 3948 :
2347 3909 2544 3966 neque
2575 3894 2736 3950 enim
2760 3895 2843 3950 ita
2873 3893 2976 3949 tibi
3006 3909 3166 3949 curae
3195 3899 3334 3949 sunt
3359 3893 3591 3960 fratres,

1922 3989 1985 4038 ut
2019 3987 2154 4048 Deo,
2179 3982 2281 4056 qui
2307 3982 2436 4039 fecit
2458 3982 2607 4049 illos,
2634 3987 2689 4037 et
2711 3986 3021 4038 sexcentos
3039 3983 3121 4038 eis
3153 3981 3427 4038 adhibuit
3449 3998 3594 4055 pra:-

1923 4077 2206 4142 ceptores.

1995 4163 2156 4216 Vers.
2185 4163 2273 4214 29.
2314 4159 2584 4215 Audiam
2609 4159 2768 4214 illos.
2797 4189 2866 4199 —
2897 4159 3041 4214 Cum
3083 4157 3269 4216 vitam
3300 4159 3593 4216 suadeant

1924 4248 2119 4304 virtuti
2144 4246 2543 4304 conformem.

1994 4337 2154 4392 Vers.
2190 4340 2276 4392 30.
2313 4335 2386 4392 At
2416 4337 2516 4392 ille
2553 4366 2620 4376 —
2646 4334 2972 4391 Abraham.
3003 4339 3130 4392 Non
3159 4334 3587 4393 audiuntillos.

1996 4427 2156 4481 Vers.
2195 4426 2283 4481 30.
2318 4425 2430 4482 Sed
2477 4456 2526 4466 -
2563 4425 2930 4494 resipiscent.
2969 4423 3154 4479 Libris
3184 4424 3430 4496 quidem
3468 4442 3589 4482 non

1923 4516 2148 4572 habent
2180 4515 2382 4580 ﬁdem,
2419 4519 2613 4586 utpote
2646 4513 2881 4586 scriptis
2915 4513 2994 4570 ab
3025 4513 3122 4571 his
3153 4515 3256 4587 qui
3284 4515 3586 4582 vivebant,

1925 4611 1979 4660 et
2003 4605 2257 4659 necdum
2273 4619 2343 4660 ea
2358 4603 2859 4677 viderant,quaain
2876 4601 3074 4658 futuro
3094 4611 3232 4658 sunt
3254 4604 3469 4660 saeculo
3498 4621 3511 4660 :
3542 4606 3588 4662 si

1922 4693 2052 4766 quis
2081 4700 2278 4748 autem
2323 4708 2393 4747 ex
2428 4692 2676 4747 mortuis
2717 4691 2843 4747 ierit
2874 4691 2950 4747 ad
2983 4691 3133 4757 illos,
3167 4691 3428 4758 credent,
3466 4698 3591 4750 tan-

1921 4799 2106 4856 quam
2137 4781 2208 4846 ei,
2243 4782 2345 4856 qui
2371 4781 2583 4837 viderit
2611 4783 2905 4837 universa.

1993 4871 2155 4926 Vers.
2208 4874 2292 4926 3t.
2329 4872 2430 4926 Ait
2469 4901 2520 4912 --
2553 4869 2813 4926 credent.
2849 4868 3158 4942 Siquidem
3190 4870 3398 4938 Judaei,
3455 4872 3593 4944 quia

1922 4962 2138 5017 Mosem
2166 4965 2222 5014 et
2244 4959 2564 5031 prophetas
2591 4973 2713 5015 non
2741 4958 3086 5036 audiebant,
3110 4975 3306 5031 neque
3330 4959 3400 5014 iis
3431 4960 3531 5032 qui
3557 4977 3593 5016 a

1922 5047 2164 5104 mortuis
2183 5051 2646 5112 resurrexerant,
2677 5046 3034 5106 credebant:
3049 5047 3193 5120 quin
3209 5051 3267 5102 et
3287 5049 3590 5104 Lazarum.

1923 5136 2162 5196 Marthaa
2191 5141 2249 5194 et
2273 5135 2467 5194 Mariae
2486 5135 2740 5203 fratrem,
2772 5135 2926 5210 quia
2953 5136 3205 5193 mortuis
3232 5141 3591 5207 surrexerat,

1442 5442 1672 5511 Varia;
1700 5441 2029 5510 lectiones
2062 5449 2126 5510 et
2154 5449 2358 5509 notae.

283 5639 829 5712 (991’A1roxpéirrsmi
860 5646 916 5694 B.

284 5709 365 5783 (1)
491 5711 528 5764 Ι.
561 5709 771 5780 legitur
797 5709 1026 5787 καρδίαν
1053 5715 1510 5787 παρωρογισμὲνην.
1542 5715 1715 5787 Hune
1737 5710 1822 5783 ip-

201 5781 352 5839 sum
406 5781 606 5838 locum
660 5781 924 5840 tractans
951 5781 1564 5857 Joannes'Xip'hilinus
1607 5781 1820 5840 eodem

1929 5638 2351 5766 modoglgudat.
2378 5638 2519 5694 Vide
2551 5637 2872 5693 editionem
2895 5639 3144 5692 nostram
3169 5637 3590 5710 Mosquensem

1930 5726 2068 5766 nae.
2185 5750 2197 5763 .

1930 5726 2068 5783 pag.
2107 5726 2197 5766 zu.
