4128 6408
509 327 661 385 ,1043
1903 321 2203 382 ΕΗΤΗΥΜΣ

2314 319 2620 380 ΞΙϐΑΒΕΝῙ
3775 317 3921 378 1044

521 451 663 511 etde
710 431 912 519 rebus,
935 467 1070 527 quae
1091 449 1326 512 inferno
1349 455 1536 515 erant.
1560 448 1943 526 loquebatur,
1980 447 2182 523 potius

2314 458 2485 522 νεκρῶν
2518 447 2816 501 ἀναστάντα
2842 451 2930 502 καὶ
2957 451 3196 524 περὶτῶν
3220 444 3269 501 ἐν
3300 454 3371 521 τῷ
3393 443 3498 523 ᾅδῃ
3519 445 3752 521 λέγοντα,
3775 446 3922 521 μᾶλα

521 542 783 598 occidere
815 542 1110 598 volebant.

2314 555 2381 588 tow
2401 537 2586 590 ἀνελεῖν
2617 536 2904 592 ἐϐούλοντο.

597 633 748 689 CAP.
784 633 960 688 XVII.
999 633 1161 688 Vers.
1199 635 1250 688 1.
1278 633 1383 688 Ait
1412 664 1474 674 —
1500 633 1760 690 veniunt.
1796 634 1915 686 Hoc
1946 634 2056 694 est,
2086 645 2182 682 ne-

524 737 688 776 cesse
719 727 824 791 est,
858 726 920 776 ut
950 722 1214 776 veniant.
1242 723 1392 777 Dixit
1419 723 1577 777 enim
1608 720 1908 776 tricesimo
1936 717 2182 791 septimo

526 813 706 864 etiam
732 811 904 880 juxta
931 811 1267 866 Matthzeum
1283 811 1478 882 capite
1505 827 1516 865 :
1546 812 1640 868 Va?
1657 809 1878 866 mundo
1905 809 1980 865 ab
2007 808 2174 877 o/I‘en-

525 899 989 956 diculismecesse
1000 906 1081 956 est
1096 900 1236 956 enim
1247 908 1327 964 ,ιιι
1343 902 1567 956 veniant
1580 899 1938 969 offendicula
1949 913 2184 962 ,verum-

529 993 726 1044 tamen
777 1005 858 1044 rae
889 989 1114 1044 homini
1147 991 1254 1055 illi,
1289 1005 1400 1059 per
1438 1004 1607 1061 quem
1662 989 1819 1045 venit
1860 987 2183 1056 o/fendicu-

531 1078 703 1133 timi’1
723 1095 742 1149 ς
763 1085 817 1132 et
839 1077 901 1132 in
928 1093 996 1134 eo
1021 1077 1150 1149 lege
1175 1077 1744 1152 interpretationem,
1771 1092 1908 1150 quae
1935 1074 2183 1148 pulchre

529 1167 727 1242 posita
755 1172 865 1225 est.

601 1346 764 1404 Vers.
788 1350 840 1401 2.
861 1346 1118 1418 Expedit
1138 1345 1373 1403 —istis.
1398 1345 1481 1402 lbi
1501 1345 1680 1402 etiam
1701 1343 1831 1400 haec
1844 1342 2028 1417 paulo
2048 1346 2185 1400 ante

529 1436 690 1494 dicta
720 1441 858 1492 sunt
889 1440 946 1492 et
976 1440 1175 1508 aperte
1206 1435 1523 1492 declarata.

601 1525 768 1598 Vers.
799 1529 851 1583 3.
883 1526 1096 1582 Cavete
1114 1525 1272 1582 vobis
1304 1527 1463 1595 ipsis.
1496 1525 1729 1590 Cavete,
1761 1537 1835 1578 ne
1857 1537 1980 1594 quo
2003 1521 2189 1578 modo

530 1616 816 1688 cuiquam
849 1616 973 1672 sitis
997 1613 1381 1682 offendicula,
1415 1619 1518 1671 aut
1538 1630 1574 1670 a
1604 1627 1912 1686 quoquam
1939 1610 2186 1669 offendi-

2370 625 2493 680 Εῖπε
2551 658 2619 669 -
2698 630 2932 700 ἔρχεται.
3011 624 3360 682 Ἀνένδεκτόν
3402 627 3564 698 ἐστιν,
3636 630 3770 681 ὥστε
3835 630 3913 701 μὴ

2299 714 2479 783 ἐλθεῖν,
2549 721 2728 789 ἤγουν,
2793 720 3101 789 ἀναγκαῖόν·
3147 716 3286 769 ἐστιν
3350 717 3530 770 ἐλθεῖν.
3599 716 3730 790 Ἐφη
3799 721 3912 789 ’γὰρ

2299 812 2388 858 καῖ
2451 805 2498 858 ἐν
2541 816 2612 878 τῷ
2666 816 2962 882 τριακοστῷ
3021 802 3226 879 ἑϐδόμῳ
3283 807 3541 880 κεφαλαίῳ
3610 815 3700 860 τοῦ
3770 811 3915 860 κατά
3989 808 3992 809 ν

2300 897 2588 948 Ματθαῖον·
2655 899 2735 948 ὅτι
2808 897 2943 948 Οὐαί
2985 903 3057 966 τῷ
3106 901 3288 968 κόσμῳ
3343 895 3443 949 ἀπὸ
3496 905 3595 949 τῶν
3667 894 3912 950 σκανδά-

2298 982 2422 1040 λων,
2509 985 2733 1057 Ἀνάγκη
2818 987 2916 1057 γάρ
2995 983 3134 1037 ἐστιν
3219 983 3380 1037 ἐλθεῖν
3465 989 3529 1037 τὰ
3608 983 3906 1039 σκάνδαλα·

2300 1072 2433 1130 πλὴν
2490 1074 2607 1126 οὐαὶ
2651 1082 2723 1144 τῷ
2770 1072 3022 1147 ἀνθρώπῳ
3067 1072 3259 1145 ἐκείνῳ,
3295 1071 3367 1127 δι’
3409 1075 3468 1127 οὖ
3512 1079 3568 1128 τό
3612 1073 3911 1128 σκάνδαλον

2303 1165 2536 1236 ἔρχεται.
2589 1169 2684 1217 Καὶ
2737 1165 2996 1235 ἀνάγνωθι
3038 1162 3088 1215 ἐν
3132 1161 3304 1236 ἐκείνῳ
3360 1169 3454 1222 τὴν
3508 1163 3801 1241 ἕρμηνείαν,
3853 1163 3912 1219 εὖ

2304 1253 2556 1324 ἔχουσαν.

2375 1342 2649 1396 Λυσιτελεῖ
2677 1375 2746 1384 —
2772 1345 2985 1398 τούτων.
3018 1343 3154 1396 Ἐκεῖ
3177 1347 3266 1395 καὶ
3295 1350 3462 1396 ταῦτα
3491 1347 3692 1417 εἴρηται
3720 1347 3916 1420 μικρὸν

2307 1429 2558 1506 ἀνωτέρω,
2589 1436 2678 1484 καὶ
2702 1439 2878 1504 σαφῶς
2907 1428 3308 1507 διηρμήνευται.

2378 1526 2673 1595 Προσέχετε
2694 1520 2916 1582 ἑαυτοῖς.
2951 1525 3264 1597 Προσέχετε,
3288 1527 3488 1595 μήποτε
3517 1519 3915 1583 σκανδαλίσητέ

2305 1629 2464 1680 τινας,
2489 1612 2518 1672 ἣ
2545 1607 2970 1670 σκανδαλισθῆτε
3001 1613 3100 1664 ὑπὸ
3125 1631 3296 1664 τινων.

531 1705 732 1760 culum
777 1704 1114 1776 patiamini.

600 1794 761 1850 Vers.
805 1795 858 1849 3.
906 1794 1070 1863 Quod
1106 1792 1160 1849 si
1195 1823 1265 1835 —
1305 1793 1500 1850 illum.
1549 1791 1830 1849 Fraterno
1882 1790 2053 1849 illum
2104 1793 2193 1850 in-
2221 1822 2266 1879 Β

529 1899 728 1954 crepa,
759 1888 814 1939 et
840 1900 1000 1939 more
1031 1883 1180 1954 ejus,
1209 1883 1311 1955 qui
1343 1882 1603 1952 corrigit.

603 1973 766 2028 Vers.
797 1977 848 2029 3.
872 1974 946 2029 Et
1006 1973 1080 2028 sit
1111 2004 1178 2012 —
1207 1973 1322 2029 illi.
1357 1971 1712 2031 Paenitentia
1740 1975 1902 2032 enim
1953 1989 2190 2047 prome-

533 2067 715 2126 retur,
748 2067 806 2118 ut
830 2061 1065 2118 veniam
1093 2062 1388 2134 impetret.

609 2151 772 2206 Vers.
803 2154 855 2206 4.
907 2151 982 2206 Et
1011 2151 1064 2206 si
1085 2182 1138 2191 —
1178 2153 1439 2208 remittes
1468 2151 1573 2208 illi.
1607 2153 1850 2225 Oportet
1879 2153 2040 2210 enim
2059 2169 2190 2218 nos,

539 2240 638 2311 qui
667 2239 883 2295 inﬁrmi
916 2257 1128 2296 sumus
1169 2245 1226 2296 et
1252 2239 1668 2297 affectionibus
1705 2243 2026 2309 vincimur,
2058 2258 2195 2298 con-

540 2329 736 2385 dolere
788 2331 883 2386 his
927 2329 1023 2401 qui
1069 2329 1336 2385 similiter
1395 2330 1588 2386 affecti
1640 2333 1949 2394 sunt..Hic
1992 2337 2194 2389 autem

2314 2331 2529 2381 πτεσθαι
2584 2335 2695 2390 τοῖς
2766 2330 2958 2400 ὁμοίως
3036 2331 3335 2401 πάσχουσι.
3405 2334 3474 2382 Τὸ
3534 2326 3594 2383 δὲ
3666 2329 3918 2392 Ἑπτάκις

537 2419 778 2490 Septies,
809 2417 968 2474 idem
997 2418 1292 2488 signiﬁcat
1312 2419 1470 2490 quod
1507 2421 1868 2491 Frequenter
1892 2422 2034 2488 ;hoc
2066 2426 2152 2476 est
2179 2436 2191 2475 :

2314 2417 2544 2475 ἐνταῦθα.
2611 2420 2668 2469 τό
2738 2417 2989 2480 Πολλάκις
3071 2415 3242 2483 δηλοῖ,

539 2508 780 2574 Quoties
797 2509 857 2564 in
875 2508 969 2563 die
992 2512 1456 2580 postpeccatum
1481 2509 1811 2580 paenituerit
1835 2527 1993 2572 eum.
2025 2509 2195 2565 toties

2314 2513 2397 2565 τῆς
2486 2508 2682 2578 ἡμέρας
2769 2507 3078 2581 ἁμαρτήσας
3171 2510 3492 2582 μετανοήσῃ,
3601 2511 3919 2570 τοσαυτάκις

541 2597 768 2652 remitte
795 2597 874 2652 illi
911 2603 1000 2661 ;et
1031 2598 1113 2653 ita
1157 2596 1318 2652 idem
1359 2595 1602 2664 inlicat,
1651 2599 1817 2670 quod
1862 2599 2196 2669 Septuagies

2314 2595 2428 2666 ἱφες
2487 2594 2644 2664 αὐτῷ.
2698 2601 2798 2648 Καὶ
2847 2595 2982 2647 οὕτω
3041 2593 3259 2668 συνᾴδει
3313 2601 3370 2648 τὸ
3436 2593 3916 2669 Ἐϐδομηκοντάκις

543 2688 777 2755 septies.
807 2685 982 2742 Aliter
1004 2685 1180 2742 etiam
1207 2705 1218 2744 :
1239 2685 1455 2756 Septies
1472 2686 1711 2758 quidem
1731 2689 1804 2743 de
1827 2704 2196 2761 unoquoque

2314 2683 2456 2736 ἑπτα.
2540 2683 2735 2744 ’Ἄλλως
2804 2704 2874 2746 τε,
2949 2687 3008 2737 τό
3079 2689 3168 2757 μὲν
3239 2685 3472 2751 ἑπτάκις,
3534 2685 3610 2758 ἐφ’
3662 2685 3916 2748 Ἑκάστης

544 2775 640 2830 die
671 2775 894 2830 dictum
927 2779 1034 2841 est,
1057 2774 1389 2846 Septuagies
1415 2775 1624 2846 septies
1651 2783 1874 2843 autem,
1907 2776 1981 2833 de
2008 2778 2198 2834 omni-

2314 2775 2505 2845 ἡμέρας
2561 2776 2789 2848 εἴρηται·
2842 2777 2901 2826 τὸ
2951 2771 3010 2828 δὲ
3067 2771 3540 2848 Ἐϐδοριηκοντάκις
3589 2775 3740 2844 ἑπτά,
3784 2779 3916 2849 πρὸς

540 2863 657 2919 bus
697 2863 896 2919 simul.

2314 2864 2503 2922 πιέσας.

617 2954 776 3009 Vers.
807 2959 859 3009 5.
887 2953 963 3008 Et
994 2984 1061 2993 —
1084 2953 1278 3023 ﬁdem.
1307 2959 1552 3024 Appone
1584 2954 1655 3025 ei,
1685 2971 1872 3027 quam
1899 2955 2198 3013 habemus

540 3042 912 3098 deﬁcientem
943 3061 954 3095 :
989 3041 1115 3097 sive
1147 3042 1365 3114 perﬁce
1396 3043 1456 3097 in
1489 3043 1663 3099 nobis
1689 3044 1870 3100 ﬁdem
1896 3062 2032 3116 qua:
2060 3045 2196 3101 etin

2314 3059 2428 3107 σαν,
2488 3044 2648 3112 ἤγουν
2693 3044 2960 3094 τελείωσον
3027 3044 3172 3114 ἡμῶν
3245 3047 3337 3100 τὴν
3389 3047 3569 3094 πίστιν
3638 3048 3732 3100 τὴν
3792 3045 3922 3116 πρὸς

538 3137 591 3186 te
607 3132 896 3187 est.Fides
914 3131 1211 3204 siquidem
1234 3132 1446 3202 partim
1468 3149 1504 3187 a
1521 3134 1694 3188 nobis
1710 3133 2011 3190 inducitur
2030 3136 2044 3206 ᾗ
2060 3141 2198 3190 uxta

2314 3135 2388 3184 σέ.
2445 3137 2552 3192 Τῆς
2602 3135 2826 3193 πίστεως
2869 3133 2970 3202 γὰρ
3011 3136 3068 3184 τό
3117 3135 3207 3203 μὲν
3250 3135 3372 3204 παρ’
3429 3137 3574 3205 ἡμῶν
3627 3132 3917 3204 εἰσάγεται,

536 3221 618 3287 id,
643 3221 804 3294 quod
829 3221 1072 3279 dicitur:
1098 3221 1272 3277 Fides
1299 3225 1402 3276 tua
1417 3227 1469 3277 te
1493 3222 1717 3278 salvam
1735 3225 1955 3292 fecit”;
1982 3224 2197 3296 partim

2314 3221 2440 3272 καθὸ
2507 3219 2732 3291 λέγεται,
2791 3225 2868 3273 τό⁶
2923 3220 2980 3274 Ἠ
3048 3226 3227 3283 πίστις
3287 3241 3381 3274 σου
3442 3225 3639 3275 σέσωκέ
3703 3238 3783 3274 σε·
3857 3225 3921 3274 τὸ

537 3327 678 3366 vero
704 3327 740 3366 a
769 3313 884 3366 Deo
911 3311 1106 3366 datur.
1135 3312 1227 3365 Ait
1262 3311 1421 3366 enim
1455 3313 1762 3383 apostolus
1785 3313 2004 3369 Paulus
2031 3331 2044 3370 :
2074 3315 2200 3371 Atii

538 3399 763 3472 quidem
774 3416 876 3470 per
885 3400 1169 3470 Spiritum
1179 3399 1354 3455 datur
1366 3415 1550 3456 sermo
1562 3402 2001 3467 sapientiw;alii
2013 3418 2200 3459 sermo

536 3489 798 3544 scientiae
817 3488 1134 3544 secundum
1161 3488 1416 3545 eunuiem
1434 3488 1721 3557 Spiritum
1734 3502 1757 3560 ;
1779 3490 1888 3545 atii
1909 3506 2039 3547 vero
2054 3491 2199 3560 ﬁdes

539 3592 641 3647 per
679 3577 934 3633 eumdem
963 3577 1255 3645 Spiritum
1281 3579 1348 3630 ³³.
1378 3579 1494 3632 Hoc
1543 3593 1685 3647 ergo
1714 3578 1964 3635 scientes
1991 3584 2203 3651 petunt

543 3683 676 3722 eam
701 3665 903 3731 ﬁdem,
937 3681 1072 3737 quae
1113 3681 1148 3720 a
1172 3667 1288 3720 Deo
1319 3663 1516 3730 datur,
1544 3682 1732 3738 quam
1759 3667 1938 3722 etiam
1962 3684 2206 3741 accepe-

543 3759 679 3810 runt
708 3759 841 3825 post
865 3755 1383 3825 superventionem
1418 3754 1665 3825 Spiritus
1694 3757 1880 3811 sancti
1911 3758 1972 3811 in
2005 3757 2205 3830 specie

546 3843 858 3914 ignitarum
875 3842 1230 3913 linguarum.
1253 3843 1393 3898 Ideo
1411 3844 1754 3917 priusquam
1775 3843 1930 3903 hanc
1946 3847 2206 3919 accepis-

550 3937 699 3998 sent,
745 3931 1218 4003 exprobrabatur
1249 3932 1362 3987 illis
1385 3932 1551 4004 quod
1582 3933 1782 4004 pusilli
1813 3941 2009 3991 essent
2041 3936 2158 3992 ﬁde
2190 3953 2202 3992 :

549 4020 875 4093 imperfecti
899 4021 1057 4076 enim
1089 4021 1167 4077 ad
1194 4020 1376 4076 ﬁdem
1406 4027 1572 4076 erant
1601 4038 1612 4078 :
1639 4021 1846 4079 addita
1863 4039 2002 4081 vero
2029 4040 2065 4080 a
2088 4024 2209 4082 Deo

551 4109 720 4178 ﬁdes,
747 4109 1027 4183 perfectio
1053 4114 1245 4166 eratet
1270 4108 1642 4168 conﬁrmatio
1659 4110 1796 4167 ﬁdei
1818 4112 1984 4184 prius
2009 4112 2205 4170 illatae.

2377 1790 2492 1844 Ἐἀν
2537 1787 2596 1844 δε
2653 1822 2719 1832 -
2769 1790 2930 1863 αὐτῷ.
2993 1790 3305 1856 Ἐπίπληξον
3372 1787 3662 1866 ἀδελφικῶς
3710 1811 3764 1846 τε
3815 1813 3914 1846 και

2303 1877 2675 1956 διορθωτικώς.

2375 1976 2477 2024 Καὶ
2537 1969 2620 2023 ἐὰν
2688 2002 2752 2012 ——
2803 1970 2962 2043 αὐτῷ.
3016 1970 3074 2024 Ἠ
3128 1974 3376 2045 μετάνοια
3437 1974 3539 2046 ’γὰρ
3600 1970 3720 2036 ἀξία
3777 1992 3912 2045 συγ-

2301 2065 2482 2132 γνώμη
2495 2081 2515 2122 ς
2527 2105 2539 2117 .

2379 2156 2478 2204 Καὶ
2551 2148 2635 2202 ea.
2692 2181 2755 2190 —
2809 2149 3031 2224 ἀφήσεις
3096 2150 3258 2222 αὐτῷ.
3331 2159 3414 2204 Δεῖ
3481 2153 3583 2226 γὰρ
3644 2155 3800 2225 ἡμᾶς,
3859 2155 3915 2205 ἓν

2306 2237 2594 2300 ἀσθενείαις
2655 2243 2804 2302 ὄντας
2875 2244 2965 2292 καὶ
3028 2241 3354 2312 ἡττωμένους
3424 2242 3622 2311 παθῶν,
3693 2241 3918 2313 ἐπικάμ-

3335 2423 3622 2485 τουτέστιν,
3694 2419 3919 2483 Ὁσάκις

2383 2956 2484 3004 Καὶ
2535 2983 2601 2991 -
2653 2956 2858 3009 πίστιν.
2909 2954 3162 3025 Πρόσθες,
3221 2953 3251 3011 ἦ
3301 2955 3511 3026 ἔχομεν,
3561 2957 3654 3012 τὴν
3700 2952 3916 3006 λείπου-

2314 3305 2394 3378 δε,
2449 3312 2592 3382 παρὰ
2633 3318 2726 3361 τοῦ
2783 3315 2908 3362 Θεοῦ
2967 3306 3196 3363 δίδοται.
3228 3315 3365 3368 Φησὶ
3393 3313 3494 3384 γὰρ
3553 3311 3579 3362 ὁ
3629 3309 3920 3373 ἀπόστολος

2313 3397 2541 3459 Παῦλος·
2624 3397 2695 3450 Ὠ
2780 3402 2870 3470 μὲν
2970 3395 3063 3452 διὰ
3155 3407 3246 3452 τοῦ
3337 3403 3634 3471 Πνεῦματος
3708 3396 3921 3452 δίδοται

2311 3487 2464 3558 λόγος
2542 3493 2773 3560 σοφίας’
2852 3487 2988 3560 ἄλλῳ
3065 3485 3124 3541 δε
3197 3488 3348 3560 λόγος
3421 3495 3705 3560 γνώσεως,
3783 3492 3920 3541 κατά

2315 3581 2373 3628 τό
2457 3576 2583 3629 αὐτὸ
2643 3584 2867 3648 Πνεῦμα·
2940 3577 3093 3649 ἑτέρῳ
3174 3574 3233 3631 δὲ
3282 3583 3484 3646 πίστις,
3525 3577 3573 3630 ἐν
3629 3586 3700 3648 τῷ
3778 3577 3919 3650 αὐτῷ

2318 3667 2596 3738 Πνεῦματι.
2665 3673 2830 3718 Τοῦτο
2896 3662 2984 3718 οὖν
3037 3662 3248 3737 εἰδότες,
3301 3667 3510 3719 αἰτοῦσι
3571 3671 3665 3726 τὴν
3727 3665 3781 3719 ἐκ
3826 3676 3920 3720 τοῦ

2317 3762 2453 3808 Θεοῦ
2525 3750 2810 3827 διδομένην
2872 3760 3070 3821 πίστιν,
3120 3757 3180 3814 ἣν
3245 3761 3335 3808 καὶ
3397 3755 3575 3809 ἔλαϐον
3631 3759 3760 3828 μετά
3823 3761 3920 3814 τὴν

2318 3843 2365 3896 ἓν
2414 3841 2542 3896 εῖδει
2594 3849 2820 3918 πυρίνων
2882 3843 3137 3915 γλωσσῶν
3207 3843 3537 3917 ἐπιφοίτησιν
3609 3853 3699 3898 τοῦ
3773 3845 3927 3916 ἁγίου

2321 3935 2632 4006 Πνεῦματος.
2712 3937 2799 3986 Διὸ
2865 3936 2964 4004 πρὸ
3041 3941 3132 3986 τοῦ
3213 3937 3409 3992 ταύτην
3478 3933 3669 3996 λαϐεῖν,
3753 3933 3915 4004 ὄλιγοο

2319 4027 2534 4076 πιστίαν
2605 4019 2958 4088 ὠνειδίζοντο,
3018 4025 3107 4073 καὶ
3179 4021 3366 4084 ἀτελεῖς
3435 4019 3570 4082 ἦσαν
3643 4026 3768 4098 πρὸς
3831 4027 3932 4080 τὴν

2323 4118 2523 4166 πίστιν.
2580 4111 2737 4166 ’Ἐστι
2791 4108 2909 4170 δεῇ
2967 4114 3109 4185 παρὰ
3173 4119 3265 4164 τοῦ
3340 4119 3474 4165 Θεοῦ
3550 4115 3929 4186 προστιθεμένη

2323 4207 2522 4265 πίστις,
2574 4201 2830 4262 τελείωσις
2881 4210 2976 4262 τῆς
3029 4203 3520 4273 προεισενεχθείσης
3578 4206 3798 4262 πίστεως
3843 4207 3940 4255 καὶ

2326 4289 2630 4365 βεϐαίωσες.

619 4377 778 4432 Vers.
814 4376 866 4432 6.
901 4378 1000 4432 Ait
1048 4407 1114 4417 —-
1158 4377 1341 4433 vobis.
1394 4375 1455 4432 Si
1501 4376 1801 4434 haberetis
1831 4377 2014 4434 ﬁdem
2059 4379 2203 4438 adeo

2398 4377 2521 4433 Εἶπε
2582 4411 2650 4420 -
2720 4381 2862 4452 ὑμῖν.
2923 4378 2983 4433 Εἰ
3021 4381 3169 4449 ἔχετε
3225 4379 3306 4446 (2)
3358 4383 3557 4444 πίστιν,
3621 4380 3754 4434 οὕτω
3812 4377 3936 4454 δρι-

549 4471 810 4529 acutam,
865 4465 1284 4522 vehementem
1313 4482 1382 4522 ac
1410 4466 1758 4534 ferventem,
1794 4469 2055 4525 sicutest
2081 4486 2203 4540 gra-

2325 4478 2495 4542 μεῑαν,
2543 4474 2633 4522 καὶ
2685 4465 2941 4542 σφοδρὰν,
3010 4475 3100 4520 καί
3155 4470 3369 4540 θερμὴν,
3415 4471 3483 4530 ὡς
3551 4473 3738 4521 κόκκον
3788 4474 3939 4523 σινοί-

551 4571 699 4610 num
731 4554 958 4626 sinapis
986 4562 1147 4620 (nam
1184 4554 1328 4610 illud
1363 4555 1493 4611 talis
1525 4560 1612 4612 est
1648 4556 1977 4628 qualitatis)
2016 4533 2203 4616 move-

2328 4578 2481 4620 πεως·
2558 4562 2800 4619 νοιαύτης
2872 4559 2974 4632 γὰρ
3049 4562 3329 4618 ποιότητος
3403 4558 3551 4620 οὗτος
3631 4566 3940 4630 μετεκινεῖτε

549 4644 690 4698 retis
713 4659 858 4699 sane
884 4649 940 4698 et
961 4646 1223 4708 arbores,
1257 4643 1509 4716 illasque
1541 4645 1600 4700 in
1643 4662 1807 4701 mare
1838 4645 2210 4718 plautaretis.

556 4735 674 4788 Hoc
704 4737 906 4787 autem
928 4731 1092 4797 dixit,
1128 4732 1384 4787 laudans
1417 4733 1737 4803 perfectam
1767 4735 1972 4804 ﬁdem,
2005 4744 2061 4792 et
2093 4754 2216 4796 ma-

557 4837 742 4892 gnam
790 4821 920 4892 ejus
949 4810 1294 4892 signiﬁcans
1325 4823 1680 4893 potentiam.
1730 4823 1884 4880 Dixit
1913 4831 2115 4882 autem
2139 4828 2215 4884 de

557 4911 676 4966 ﬁde
708 4913 763 4966 et
787 4925 976 4980 grano
1013 4909 1237 4982 sinapis
1265 4911 1441 4966 etiam
1476 4911 1773 4968 tricesimo
1808 4914 2021 4986 quinto
2043 4916 2215 4989 juxta

559 4999 904 5056 Matthmum
930 4999 1142 5072 capite:
1174 4998 1292 5057 alio
1321 5001 1854 5060 tamenintellectu.

2327 4648 2386 4699 ἆν
2455 4654 2540 4701 καὶ
2601 4651 2666 4700 τά
2726 4643 2940 4719 δένδρα,
2995 4652 3085 4698 καὶ
3131 4653 3190 4719 τῇ
3247 4645 3485 4720 θαλάσσῃ
3541 4655 3708 4699 ταῦτα
3764 4653 3938 4720 ἐνεφυ-

2327 4741 2514 4791 τεῦετε.
2577 4743 2739 4789 Τοῦτο
2790 4733 2849 4788 δέ
2920 4732 3077 4802 εἶπεν,
3147 4733 3365 4786 ἐπαινῶν
3413 4740 3506 4794 τὴν
3574 4735 3767 4789 τελείαν
3843 4743 3937 4789 πί-

2331 4847 2462 4893 στιν,
2508 4831 2597 4878 καὶ
2656 4822 2828 4883 δηλῶν
2895 4829 2952 4876 τό
3023 4821 3450 4897 μεγαλοδῦναμον
3499 4825 3683 4888 αὐτῆς.
3743 4824 3935 4897 Εῖρηκε

2329 4913 2386 4969 δὲ
2443 4921 2561 4990 περὶ
2618 4920 2844 4976 πίστεως
2895 4918 2984 4966 καὶ
3049 4918 3241 4965 κόκκου
3293 4916 3546 4976 σινάπεως
3612 4920 3703 4967 καὶ
3748 4914 3794 4967 ἐν
3855 4924 3937 4988 τῷ

2325 5013 2622 5078 τριακοστῷ
2669 5007 2887 5076 πέμπτῳ
2951 5002 3212 5075 κεφαλαίῳ
3257 5009 3348 5054 τοῦ
3430 5007 3565 5056 κατά
3633 5006 3936 5073 Ματθαῖόν,

2325 5095 2456 5154 πλὴν
2477 5093 2594 5147 καθ’
2622 5092 2796 5166 ἑτέραν
2835 5094 3020 5146 ἔννοια.

629 5293 673 5329 ²¹
699 5292 898 5352 Μθῑῑὴο
929 5309 1084 5360 mu,
1124 5295 1182 5351 7.
1257 5295 1306 5330 ²²
1331 5294 1530 5352 Matth.
1563 5311 1640 5364 ix,
1673 5297 1764 5351 22.
1841 5295 1891 5332 ³³
1927 5297 1968 5352 1.
2001 5298 2133 5354 Cor.
2161 5313 2262 5354 xu.
2298 5299 2331 5353 8

1773 5509 1998 5579 Variae
2019 5509 2346 5578 lectiones
2386 5519 2452 5579 et
2482 5519 2687 5579 notae.

630 5722 710 5795 (‘2)
739 5729 945 5798 Εἷχετε.
991 5734 1053 5786 Α.
1086 5729 1172 5787 Ita
1218 5729 1576 5788 dissentiunt
1605 5731 1792 5791 etiam
1823 5731 1881 5788 in
1911 5736 2209 5790 contextu.
