4128 6416
288 351 434 409 1045

1297 353 1669 412 COMMENT.
1720 352 1790 409 IN
1830 351 2093 413 LUCAM.
2136 386 2202 400 ——
2244 352 2400 413 CAP.
2445 354 2618 415 XVII.

3523 358 3663 418 1046

359 486 452 545 Τίς
510 512 578 523 -
628 484 1006 556 πεποιήκαμεν.
1078 481 1173 536 Διὰ
1220 488 1321 535 τῶν
1389 479 1749 557 προλαϐόντων
1804 480 1874 535 λό⁴

2080 485 2239 540 Vers.
2271 490 2326 542 7.
2356 483 2493 551 Quis
2528 516 2594 527 —
2625 486 2789 542 Vers.
2841 486 2924 542 t0.
2989 482 3275 543 Fecimus.
3335 483 3657 560 Postquam

286 594 395 645 γων
447 573 521 635 εἰς
572 571 920 648 ἂγαθοεργίαν
977 572 1055 645 (3i
1102 571 1412 642 παραθήξας
1466 576 1588 633 τοὺς
1634 575 1893 643 μαθητὰς,

284 671 375 714 νῦν
406 659 440 715 δ
446 665 499 714 la
545 672 638 715 τοῦ
668 660 1091 738 παραδείγματος
1140 664 1328 714 τούτου
1381 667 1631 731 κατασπᾷ
1668 665 1727 713 τό
1760 681 1891 736 παρ-

289 757 530 826 επόμενον
610 756 774 825 ταύτῃ
849 753 1016 813 πάθος
1096 760 1192 812 τῆς
1266 750 1506 815 οἰήσεως,
1593 747 1888 816 διδάσκων,

286 843 386 907 ὃτι,
438 844 610 917 ὥσπερ
684 838 857 903 οὐδεὶς
916 844 1004 894 τὸν
1054 840 1380 912 ἀποτριῶντα
1454 842 1483 897 ἤ
1551 844 1894 912 ποιμαίνοντα

288 928 475 984 δοῦλον
521 932 703 999 αὑτοῦ,
735 937 825 984 καὶ
867 930 920 994 ἐξ
946 930 1109 1003 ἀγροῦ
1158 930 1469 996 εἰσελθόντα,
1521 938 1675 1001 τιμῆς
1730 928 1885 993 ἀξιοῖ,

289 1019 387 1074 διὰ
437 1024 525 1074 τόν
554 1028 788 1074 τοιοῦτον
839 1025 1019 1087 κόπον,
1084 1019 1212 1071 ἀλλὰ
1264 1020 1420 1071 πάλιν
1467 1018 1743 1081 ἐπιτάττει,
1798 1025 1890 1071 καὶ

285 1116 383 1169 τὴν
466 1110 933 1184 προσοφειλομένην
1015 1108 1224 1161 ἀπαιτεῖ
1290 1105 1545 1173 δουλείαν,
1619 1113 1709 1161 καὶ
1770 1106 1888 1160 οὐδ’

284 1202 452 1261 οὕτως
494 1201 635 1269 αὐτῷ
683 1203 844 1273 χάριν
883 1202 1035 1271 ἔχει·
1086 1202 1174 1251 τὸν
1204 1197 1359 1250 αὑτὸν
1407 1200 1511 1270 ἄρα
1558 1202 1747 1269 τρόπον
1797 1202 1888 1250 καὶ

282 1292 309 1342 ό
355 1294 503 1351 Θεός.
544 1288 707 1341 Ὠστε
756 1291 892 1341 κατὰ
920 1293 1007 1340 τόν
1053 1295 1145 1340 τοῦ
1195 1284 1406 1339 δικαίου
1432 1287 1601 1357 λόγον,
1653 1294 1762 1347 τοίς
1796 1290 1886 1358 μὶν

280 1384 355 1452 μὴ
412 1378 678 1453 πληροῦσι
709 1380 773 1430 τὰ
827 1381 1251 1452 προστεταγμένα
1292 1373 1527 1436 κίνδυνος
1576 1374 1881 1428 ἁπόκείται·

278 1476 392 1529 τοῖς
457 1464 516 1521 δὲ
572 1467 861 1540 πληροῦσιν
932 1467 1082 1532 αὐτὰ,
1137 1468 1299 1541 χάρις
1351 1462 1593 1537 οὐδεμία.
1671 1470 1771 1517 Καὶ
1824 1463 1883 1516 οῦ

276 1562 387 1630 χρὴ
447 1554 541 1610 διὰ
585 1565 739 1610 τοῦτο
790 1560 926 1629 μέγα
968 1562 1183 1629 φρονεῖν,
1240 1557 1362 1625 ὅπερ
1424 1554 1593 1615 καλῶς
1656 1550 1807 1614 εἰδὼς
1857 1554 1883 1605 ό

278 1646 568 1709 ἀπόστολος
630 1645 828 1706 Παῦλος
875 1646 1038 1717 ἔλεγεν
1099 1646 1198 1710 ὃτι,
1256 1644 1371 1697 Ἐὰν
1444 1643 1878 1714 εὐαγγελίζωμαι,

276 1736 372 1789 οῦκ
434 1738 548 1788 ἔστι
622 1754 711 1808 μοι
775 1736 1074 1807 καύχημαο
1146 1732 1344 1805 ἀνάγκη
1425 1736 1523 1805 γὰρ
1586 1750 1676 1804 μοι
1762 1729 1875 1783 ἐπίο

275 1842 485 1878 κειται⁶
544 1824 662 1876 οὐαὶ
734 1828 835 1897 γάρ
904 1843 994 1896 μοι
1073 1822 1234 1884 ἐστὶν,
1321 1822 1407 1875 ἐὰν
1469 1825 1540 1893 μὴ
1617 1820 1879 1891 εὐαγγελί-

278 1914 472 1984 ζωμαι.
532 1913 669 1972 Πλὴν
724 1912 922 1984 ἁγαθός
952 1917 1019 1965 ὥν
1068 1914 1093 1965 ὀ
1145 1916 1295 1975 Θεὸς,
1348 1915 1438 1963 καὶ
1486 1917 1596 1972 τοῖς
1649 1906 1879 1977 δούλοις,

277 2006 347 2065 ὡς
382 2006 638 2074 μισθίοις,
706 2006 1070 2077 προσφέρεται,
1108 2006 1197 2054 καὶ
1249 2005 1342 2059 τὴν
1410 1997 1646 2051 δουλείαν
1711 1998 1878 2050 αὐτῶν

273 2096 449 2165 μισθῷ
502 2091 791 2165 ἀμείϐεται,
845 2097 935 2144 καὶ
990 2097 1083 2149 τὴν
1136 2090 1462 2163 ὀφειλομένην
1503 2088 1762 2162 λατρείαν,
1810 2091 1880 2149 ὡς

275 2184 593 2256 κατόρθωμα
650 2178 890 2253 δέχεται,
938 2186 1028 2233 καὶ
1069 2183 1197 2252 γέρα
1228 2176 1455 2231 δίδωσιν
1506 2176 1881 2252 ὑπερϐαίνοντα

275 2276 392 2330 τοὺς
470 2272 760 2345 καμάτους,
826 2275 969 2340 Νικᾴ
1017 2272 1119 2343 γὰρ
1173 2271 1203 2326 ἡ
1254 2266 1517 2340 ἀγαθότης
1590 2266 1749 2318 αὐτοῦ
1818 2269 1876 2318 τό

274 2356 501 2414 δίκαιον.

598 2455 744 2503 ΚΕΦ.
786 2447 855 2502 Ξ’.
893 2452 1016 2521 Περὶ
1043 2454 1143 2499 τῶν
1171 2443 1301 2499 δέκα
1336 2444 1552 2521 λεπρῶν.

346 2544 446 2592 Καὶ
523 2539 716 2610 ἐγένετο
779 2569 848 2578 -
908 2537 1084 2610 λεπροὶ
1155 2532 1360 2610 ἄνδρες.
1427 2537 1492 2587 Οἱ
1558 2534 1698 2587 ἐννέα
1758 2535 1872 2607 μὲν,

270 2625 529 2681 Ἰουδαῖοι
560 2625 694 2686 ἦσαν
718 2641 734 2657 ⁸
788 2629 813 2679 ὁ
845 2623 903 2680 δὲ
931 2628 998 2687 εἷς
1047 2634 1384 2700 Σαμαρειτης.
1432 2624 1490 2677 Ἡ
1527 2628 1770 2676 κοινωνία
1815 2621 1875 2677 δὲ

268 2726 367 2778 τῆς
422 2722 578 2769 νόσου
611 2720 726 2769 τότε
760 2718 1100 2790 συνήθροισεν
1146 2714 1355 2781 αὐτοῦς,
1411 2711 1752 2779 ἀκούσαντας,
1793 2714 1872 2766 ὃτι

267 2803 543 2880 διέρχεται
576 2808 601 2858 ὁ
628 2810 878 2879 Χριστός.

339 2896 404 2947 Οἱ
436 2898 663 2953 ἔστησαν
697 2893 978 2969 πόρρωθεν.
1006 2892 1093 2954 Ὠς
1131 2893 1440 2966 ἀκάθαρτοι.

340 2990 442 3038 Καὶ
488 3016 557 3025 -
611 2986 774 3057 ἡμᾶς.
831 2983 1139 3050 Ἐπιστάτα,
1195 2985 1333 3047 ἤτοι,
1396 2984 1552 3054 Κύριε
1604 2984 1633 3039 ἥ
1697 2975 1866 3032 διδά-

1902 3059 1939 3114 C

265 3094 331 3126 σκ
339 3074 443 3128 αλε.

338 3170 441 3217 Kal
495 3159 621 3215 ἰδὼν
683 3193 749 3202 -
808 3164 1019 3237 ἱερεῦσι.
1089 3165 1262 3219 Μήπω
1311 3161 1605 3231 καθαρίσας
1679 3158 1869 3218 αὐτοὺς

259 3258 455 3325 πέμπει
512 3251 1055 3325 ἐμφανισθησομένους
1110 3257 1214 3309 τοὶς
1273 3252 1514 3323 ἱερεῦσιν,
1576 3252 1640 3309 ὡς
1689 3246 1737 3300 έν
1794 3256 1866 3318 τῷ

256 3344 577 3415 πορεύεσθαι
638 3341 914 3414 μέλλοντας
978 3341 1386 3413 καθαρισθῆναι.
1432 3345 1596 3390 Τοῦτο
1667 3334 1725 3389 δὲ
1781 3356 1865 3389 πε-

255 3438 465 3497 ποίηκε,
510 3429 813 3502 δοκιμάζων
861 3434 953 3487 τὴν
993 3434 1171 3481 πίστιν
1204 3428 1391 3481 αὐτῶν.
1444 3429 1509 3479 Οἱ
1558 3423 1616 3479 δὲ
1654 3429 1863 3479 πιστεύο

260 3541 463 3589 σαντες,
510 3524 588 3573 ὅτι
628 3517 851 3573 δύναται
897 3522 1268 3593 πορευομένους
1317 3517 1508 3577 αὐτοὺς
1549 3518 1859 3588 καθαρίσαι,

252 3608 589 3670 ἁδιστάκτως
656 3606 925 3669 ἐϐάδιζον.
987 3607 1367 3679 Ἐνεφανίζοντο
1427 3603 1485 3659 δὲ
1535 3612 1641 3666 τοῖς
1708 3608 1861 3679 ἱερεῦ-

253 3721 341 3754 σιν
396 3703 446 3752 οἱ
501 3700 920 3774 καθαρισθέντες,
982 3698 1065 3749 ἶνα
1118 3698 1238 3770 παρ’
1295 3696 1463 3748 αὐτῶν
1527 3694 1861 3768 ὀνομασθώσι

250 3792 501 3863 καθαροὶ,
542 3794 633 3842 καὶ
677 3788 856 3840 λοιπόν
901 3790 1290 3860 προσενέγκωσι
1336 3787 1544 3849 θυσίαν,
1590 3788 1725 3838 κατά
1772 3789 1859 3837 τόν

244 3884 430 3951 νόμον.

329 3973 431 4021 Kal
461 3966 655 4038 ἐγένετο
696 3996 763 4007 -
793 3968 880 4017 τὸν
929 3969 1078 4021 Θεόν.
1118 3968 1292 4035 Μέγαν
1342 3966 1431 4036 μὲν
1461 3966 1562 4038 γὰρ
1602 3984 1735 4028 τινα,
1768 3969 1859 4018 καὶ

249 4052 702 4131 μεγάλοδύναμον,
744 4057 831 4107 τόν
863 4057 1094 4127 Χριστόν
1125 4056 1390 4106 ἐπίστευον
1441 4051 1590 4118 εἶναι,
1624 4057 1766 4105 οὔπω
1798 4050 1832 4105 δ
1836 4058 1857 4106 ε

244 4152 343 4199 καὶ
374 4149 523 4217 φύσει
557 4149 706 4199 Θεόν.

325 4240 427 4289 Καὶ
485 4237 658 4288 ἔπεσεν
724 4265 794 4274 -
857 4232 1019 4303 αὐτῷ.
1088 4232 1440 4306 Καθαρισθεὶς
1515 4233 1641 4305 γὰρ,
1703 4230 1855 4291 ἐπλη-

246 4330 345 4377 σία
354 4344 430 4379 σε.

324 4419 425 4467 Καὶ
499 4412 653 4473 αὐτὸς
740 4443 804 4452 -
867 4413 891 4463 ὁ
972 4409 1247 4481 ἀλλογενὴς
1337 4410 1505 4471 οὗτος.
1594 4410 1850 4465 Ἐντεῦθεν
1886 4420 1931 4474 D

243 4501 458 4567 ἔδειξεν,
516 4505 597 4555 ὅτι
670 4502 1134 4573 εὐγνωμονέστεροι
1216 4508 1316 4550 τῶν
1386 4496 1655 4552 Ἰουδαίων
1718 4502 1849 4554 εἰσιν

242 4595 294 4645 οἱ
320 4592 374 4655 ἐξ
405 4592 577 4645 ἐθνῶν.
608 4591 825 4645 Ἐκεῖνοι
852 4592 952 4664 γὰρ
992 4590 1184 4641 αὐτίκα
1224 4596 1314 4648 τῆς
1340 4588 1640 4663 εὐεργεσίας
1685 4590 1847 4649 λήθην

242 4681 507 4745 λαϐόντες,
543 4680 832 4755 ἀχάριστοι
855 4684 946 4731 καὶ
987 4683 1106 4754 περὶ
1136 4681 1223 4730 τόν
1254 4682 1461 4752 Πατέρα
1489 4685 1714 4752 καὶπερὶ
1762 4685 1847 4733 τόν

243 4773 368 4825 Υὶόν
396 4770 677 4843 ἐφάνησαν.

320 4864 417 4913 Καὶ
448 4857 582 4912 εἶπεν
610 4891 677 4901 —
720 4862 916 4912 σέσωκέ
947 4876 1021 4912 σε.
1058 4862 1159 4910 Καὶ
1188 4861 1290 4929 μην
1312 4855 1579 4917 κάκείνους
1609 4859 1637 4914 η
1672 4861 1847 4917 πίστις

240 4950 415 5002 αὐτῶν
465 4953 708 5001 σέσωκεν.
769 4947 931 5002 Ἀλλὰ
960 4952 1143 4999 πιστοὶ
1173 4949 1263 5019 μὲν
1310 4947 1359 4998 οἱ
1410 4941 1557 5008 δέκα,
1594 4951 1747 5017 μόνος
1788 4943 1846 4999 δὲ

240 5039 389 5097 οὗτος
420 5038 709 5109 εὐγνώμων.

308 5129 681 5201 Ἐπερωτηθεὶς
766 5157 836 5165 -
899 5132 991 5178 τοῦ
1072 5131 1226 5180 Θεοῦ.

236 5213 501 5283 ἐδίδαξεν,
557 5218 639 5269 ὅτι
695 5220 911 5288 ἤγγικεν
982 5216 1011 5273 ἡ
1066 5212 1312 5287 βασιλεία
1374 5221 1464 5266 τοῦ
1523 5218 1670 5281 Θεοῦ,
1726 5219 1843 5287 περὶ

1302 5120 1515 5182 Ἐπειδὴ
1598 5122 1817 5177 πολλάκι
1826 5146 1846 5187 ς

302 5398 353 5433 ³⁵
391 5395 562 5451 ICOr.
597 5410 674 5467 ιχ,
706 5395 793 5450 16.

1916 1697 1959 1752 Β

2006 575 2487 645 prmcedentibus
2537 576 2918 632 sermonibus
2949 575 3027 633 ad
3065 576 3207 632 boni
3246 578 3655 648 operationem

2005 663 2334 736 discipulos
2362 666 2630 722 exacuit:
2661 666 2774 722 hoc
2806 683 2967 725 nunc
2997 667 3287 739 exemplo,
3317 668 3657 735 jactationis

2003 753 2304 819 affectum,
2356 756 2458 827 qui
2491 756 2641 811 hanc
2692 756 3099 828 consequitur,
3152 756 3372 819 avellit,
3407 757 3652 821 docens,

2001 844 2163 917 quod
2194 846 2343 900 sicut
2388 844 2587 900 nullus
2619 862 2860 901 servum
2910 862 3087 902 suum
3120 851 3388 902 arentem
3429 851 3531 903 aut
3554 861 3657 919 pa-

2001 939 2282 998 scentem,
2302 940 2357 990 et
2372 950 2439 990 ex
2461 950 2607 1003 agro
2623 935 2873 989 domum
2904 941 3311 1000 revertentem,
3335 936 3655 992 honoredio

2000 1038 2185 1090 gnum
2216 1023 2380 1079 ducit
2427 1024 2505 1079 ob
2549 1024 2899 1095 hujusmodi
2948 1025 3244 1093 laborem,
3278 1026 3380 1081 sed
3413 1041 3650 1081 rursum

1993 1113 2179 1183 jubet,
2216 1129 2285 1168 ac
2313 1112 2579 1168 debitam
2620 1114 2817 1169 adhuc
2846 1114 3022 1183 exigit
3053 1116 3415 1179 servitutem,
3460 1120 3516 1169 et
3542 1130 3654 1170 nec

1998 1202 2082 1257 sic
2106 1201 2190 1257 illi
2218 1203 2468 1273 gratiam
2506 1202 2727 1269 habet;
2779 1203 2854 1258 ad
2887 1203 3177 1259 eumdum
3221 1220 3368 1260 sane
3399 1203 3652 1259 modum

1996 1297 2052 1347 et
2104 1291 2272 1346 Deus.
2310 1296 2513 1363 Itaque
2543 1291 2875 1349 secundum
2902 1292 3145 1362 justitiae
3176 1309 3513 1348 sermonem
3559 1293 3652 1349 his

1994 1381 2096 1452 qui
2128 1387 2418 1452 praecepta
2448 1396 2569 1436 non
2592 1380 2945 1453 adimplent,
2978 1380 3310 1453 periculum
3338 1382 3646 1445 imminet:

1993 1470 2128 1541 ipsa
2160 1486 2301 1525 vero
2328 1469 2721 1541 implentibus,
2752 1471 2943 1540 gratia
2970 1470 3155 1535 nulla,
3198 1487 3307 1526 nec
3337 1476 3652 1542 propterea

1994 1559 2192 1615 extolli
2223 1564 2472 1631 oportet.
2508 1559 2679 1623 Quod
2700 1559 2844 1613 bene
2876 1560 3071 1614 sciens
3100 1559 3317 1617 Paulus
3348 1560 3650 1630 apostolus

1991 1649 2229 1705 dicebat
2258 1666 2271 1703 :
2293 1651 2362 1705 Si
2391 1647 2778 1718 Evangelium
2791 1649 3061 1718 praedico,
3082 1666 3201 1704 non
3215 1657 3317 1711 est.
3342 1650 3501 1720 quod
3516 1648 3648 1703 inde

1987 1739 2201 1809 glorier
2247 1757 2259 1804 ;
2303 1737 2614 1794 necessitas
2655 1738 2937 1807 siquidem
2968 1737 3119 1793 mihi
3171 1738 3504 1795 incumbit!
3562 1754 3649 1795 vae

1989 1829 2141 1883 enim
2167 1827 2315 1883 mihi
2343 1832 2445 1892 est,
2478 1828 2531 1881 si
2554 1828 2945 1897 Erangelium
2972 1844 3090 1882 non
3122 1828 3521 1896 pradicave‘ro
3548 1830 3594 1864 "
3630 1844 3643 1883 :

1989 1920 2260 1973 Attamen
2299 1933 2433 1971 cum
2496 1916 2691 1971 bonus
2741 1916 2816 1970 sit
2863 1917 3038 1977 Deus,
3100 1918 3300 1980 servis,
3352 1921 3647 1986 tanquam

1989 2005 2389 2071 mercenariis,
2423 2006 2623 2072 utitur,
2648 2008 2705 2060 et
2733 2004 3074 2061 servitutem
3102 2005 3337 2059 illorum
3372 2005 3645 2061 mercede

1989 2096 2297 2166 rependit:
2330 2112 2401 2151 ac
2420 2094 2680 2149 debitum
2694 2094 3077 2165 obsequium.
3096 2099 3391 2165 tanquam
3415 2093 3521 2148 faci
3534 2110 3565 2147 n
3578 2111 3646 2148 us

1989 2184 2598 2255 egregium,suscipit,
2624 2188 2680 2238 et
2706 2183 3264 2254 praemiumtribuit,
3293 2183 3457 2254 quod
3486 2182 3647 2238 labo-

1988 2290 2082 2329 res
2107 2274 2287 2330 etiam
2318 2273 2585 2329 excedat.
2621 2273 2812 2328 Vincit
2836 2288 3101 2345 namque
3139 2270 3373 2328 bonitas
3404 2272 3530 2344 ejus
3560 2272 3641 2336 id,

1987 2362 2152 2436 quod
2178 2362 2405 2433 justum
2436 2366 2522 2416 est
2552 2366 2604 2416 et
2636 2374 2901 2431 mquum.

2344 2451 2495 2507 CAP.
2532 2452 2647 2506 LX.
2676 2452 2758 2506 De
2782 2450 2975 2506 decem
3018 2450 3283 2518 teprosis.

2056 2542 2219 2596 Vers.
2250 2542 2334 2596 11.
2363 2542 2439 2596 Et
2465 2541 2696 2610 factum
2716 2546 2795 2596 est
2834 2571 2893 2579 —
2922 2540 3085 2595 Vers.
3118 2540 3203 2594 12.
3240 2538 3499 2608 Leprosi.
3533 2541 3640 2594 No-

1984 2647 2119 2687 vem
2135 2630 2375 2701 quidem
2394 2628 2786 2693 erantJudaai,
2807 2644 2962 2683 unus
2978 2632 3179 2684 autem
3199 2628 3641 2695 Samaritanus;

1984 2720 2178 2776 morbi
2213 2734 2350 2774 vero
2400 2718 2866 2774 communicatio
2921 2722 3061 2773 tunc
3105 2733 3208 2772 eos
3242 2718 3640 2785 adunaverat,

1982 2808 2191 2864 audito
2229 2806 2393 2878 quod
2430 2808 2813 2877 pertransiret
2843 2805 3124 2861 Christus.

2053 2898 2215 2951 Vers.
2234 2897 2318 2950 t2.
2336 2895 2984 2963 Quisteteruntprocul.
3001 2902 3299 2965 Tanquam
3320 2894 3639 2949 immundi.

2051 2986 2216 3042 Vers.
2251 2987 2337 3040 t3.
2371 2987 2449 3039 Et
2499 3014 2571 3028 -—
2601 2984 2806 3043 nostri.
2857 2984 3161 3050 Ἐπιστάτα,
3214 2983 3327 3040 hoc
3376 2988 3481 3049 est,
3531 2983 3643 3038 do-

1982 3076 2162 3143 mine,
2191 3079 2519 3146 praeceptor
2554 3078 2656 3129 aut
2689 3074 2992 3142 magister.

2048 3166 2209 3221 Vers.
2242 3164 2329 3219 11.
2354 3164 2503 3231 Quos
2536 3168 2601 3217 ut
2633 3161 2775 3219 vidit
2802 3193 2869 3202 —
2898 3161 3322 3218 sacerdotibus.
3357 3159 3637 3217 Nondum

1976 3252 2293 3309 mundavit
2317 3269 2435 3318 eos,
2466 3251 2569 3307 sed
2600 3251 2777 3307 mittit
2810 3250 3218 3306 sacerdotibus
3251 3250 3638 3305 manifestan-

1974 3343 2107 3407 dos,
2148 3347 2212 3397 ut
2256 3342 2406 3397 inter
2451 3339 2718 3395 eundum
2751 3338 3207 3396 mundarentur.
3259 3340 3377 3394 Hoc
3432 3344 3635 3395 autem

1972 3431 2109 3487 fecit
2138 3431 2406 3504 probans
2432 3429 2611 3485 fidem
2661 3428 2925 3484 illorum.
2995 3428 3081 3483 Illi
3137 3445 3278 3484 vero
3310 3428 3631 3493 credendo,

1971 3522 2132 3595 quod
2160 3520 2360 3577 eundo
2382 3524 2587 3592 posset
2612 3519 2747 3574 illos
2780 3518 3093 3583 mundare,
3137 3519 3306 3574 ibant
3331 3534 3451 3573 non
3482 3517 3635 3588 diju-

1970 3611 2243 3667 dicantes
2272 3610 2347 3665 de
2373 3610 2499 3681 ejus
2531 3614 2847 3681 praecepto.
2878 3608 3409 3665 Manifestabantur
3429 3613 3631 3663 autem

1970 3701 2407 3767 sacerdotibus,
2434 3699 2538 3771 qui
2566 3699 2843 3755 mundati
2859 3703 3049 3765 erant,
3093 3705 3158 3753 ut
3182 3698 3261 3753 ab
3288 3697 3397 3752 illis
3423 3697 3630 3751 mundi

1968 3789 2307 3847 dicerentur
2346 3805 2359 3855 ;
2392 3794 2449 3846 et
2476 3794 2612 3845 tunc
2660 3789 2832 3859 juxta
2870 3788 3065 3858 legem
3115 3787 3375 3843 hostiam
3426 3784 3635 3843 offere-

1970 3880 2203 4023 magis.
2235 3970 2317 4022 14.
2360 3967 2434 4021 Et
2463 3967 2681 4022 accidit
2718 3996 2787 4006 --
2818 3966 2979 4020 Vers.
3015 3966 3097 4019 15.
3129 3967 3317 4021 Deum
3346 3965 3628 4032 Magnum

1966 4058 2295 4129 quemdam
2333 4073 2402 4111 ac
2435 4071 2671 4123 magnae
2704 4056 2980 4127 potentiae
3020 4054 3272 4109 credens
3304 4068 3432 4108 esse
3472 4052 3633 4108 Chri-

1967 4152 2147 4203 stum.
2180 4144 2451 4199 nondum
2490 4151 2691 4199 tamen
2722 4150 2937 4199 natura
2967 4143 3176 4197 Deum.

2038 4235 2199 4289 Vers.
2230 4236 2310 4289 l6.
2340 4235 2416 4289 Et
2436 4233 2691 4305 procidit
2720 4262 2777 4272 —-
2805 4232 2919 4288 illi.
2941 4231 3084 4286 Cum
3114 4230 3273 4286 enim
3301 4229 3625 4287 mandatus

1964 4327 2136 4387 esset,
2161 4323 2289 4393 jam
2321 4322 2872 4394 appropinquabat.

2035 4413 2201 4467 Vers.
2237 4414 2323 4467 16.
2347 4414 2417 4467 Et
2443 4412 2535 4467 hic
2558 4443 2619 4452 —
2643 4412 2806 4466 Vers.
2834 4413 2916 4465 18.
2944 4409 3052 4465 Hic
3078 4408 3435 4479 alienigena.
3475 4407 3622 4463 Hinc

1959 4502 2235 4566 ostendit,
2281 4501 2447 4573 quod
2491 4500 2684 4569 magis
2722 4500 2870 4571 grati
2930 4504 3070 4554 sunt
3121 4497 3387 4569 gentiles,
3433 4513 3617 4569 quam

1955 4591 2137 4649 Judaei
2168 4608 2178 4647 :
2214 4592 2271 4646 hi
2296 4591 2449 4646 enim
2482 4590 2843 4646 beneﬁcium
2877 4588 3163 4645 continuo
3192 4586 3479 4643 oblivioni
3505 4592 3618 4643 tra-

1955 4682 2187 4744 dentes,
2223 4679 2437 4749 ingrati
2472 4685 2525 4735 et
2545 4695 2687 4750 erga
2721 4683 2950 4735 Patrem
2981 4683 3192 4748 eterga
3212 4676 3419 4733 Filium
3435 4692 3617 4749 appa-

1956 4769 2188 4824 rebanL

2028 4858 2186 4913 Vers.
2228 4862 2309 4912 19.
2338 4857 2409 4910 Et
2436 4858 2518 4912 ait
2554 4887 2617 4895 —
2661 4862 2714 4912 te
2766 4857 2996 4911 salvum
3035 4855 3195 4924 fecit.
3228 4854 3403 4927 Atqui
3434 4855 3610 4910 etiam

1958 4946 2088 5002 illos
2122 4946 2266 5001 tides
2297 4962 2504 5002 eorum
2533 4945 2735 5001 salvos
2764 4945 3037 5001 etlecerat
3074 4962 3085 4999 :
3120 4944 3225 4999 sed
3248 4944 3455 4999 ﬁdeles
3486 4945 3613 5016 qui-

1955 5036 2089 5091 dem
2131 5037 2339 5091 decem
2387 5034 2642 5097 fuerunt,
2683 5033 2845 5089 solus
2877 5039 3076 5088 autem
3122 5033 3216 5087 hic
3244 5038 3449 5102 gratus
3480 5031 3609 5086 fuit.

2028 5128 2183 5180 Vers.
2217 5124 2305 5179 20.
2320 5123 2723 5194 Interrogatus
2754 5155 2820 5164 —
2850 5123 2966 5180 Dei.
2989 5121 3612 5193 Quiafrequenterdo-

1953 5219 2176 5280 cuerat,
2197 5214 2417 5270 instare
2434 5227 2688 5283 regnum
2704 5213 2803 5268 Dei
2834 5212 2909 5268 de
2930 5211 3065 5285 ipso
3077 5211 3187 5267 hoc
3205 5209 3408 5266 dicens
3424 5224 3437 5275 ;
3452 5225 3610 5268 nunc

1453 5571 1679 5640 Variae
1708 5570 2034 5639 lectiones
2065 5581 2129 5639 et
2161 5579 2362 5639 notae.

301 5772 380 5847 (3)
422 5770 792 5846 Ἀγαθοεργίας
822 5775 883 5828 Α.

2014 5769 2093 5841 (4)
2119 5770 2605 5841 Φωνηθησομένους.
2650 5768 2709 5822 Β.
2743 5765 2859 5821 Sic.
