4128 6396
470 332 495 389 1
505 332 608 389 047

467 462 815 530 nterrogant
843 475 994 529 eum,
1044 458 1286 532 quando
1338 462 1698 530 regnaturus
1757 464 1913 516 esset
1950 468 1976 514 ?
2006 460 2131 516 irri-

472 549 680 603 dentes
703 565 865 612 eum,
898 557 957 604 ut
982 550 1085 621 qui
1126 549 1250 604 vilis
1282 554 1611 621 appareret,
1655 555 1711 606 et
1764 550 1824 605 in
1856 550 2130 623 proximo

474 641 547 695 ab
569 640 652 695 eis
682 639 1125 695 interﬁciendus
1156 646 1327 697 esset.

548 815 718 872 Vers.
760 819 845 871 20.
887 816 1202 887 Respondit
1236 848 1304 857 ——
1352 816 1772 874 observatione.
1822 818 1966 874 Cum
1996 835 2131 891 pro-

480 911 686 977 spectu
721 905 1009 960 humano.

550 994 713 1049 Vers.
748 999 834 1049 2t.
866 996 1070 1067 Neque
1099 1026 1166 1037 —
1190 995 1329 1051 illic.
1356 996 1528 1062 Quod
1559 996 1778 1053 faciunt
1808 997 2133 1053 interrenis

481 1084 743 1151 regibus.

552 1175 715 1228 Vers.
746 1177 833 1228 2t.
869 1174 1018 1230 Ecce
1039 1181 1226 1231 —est.
1254 1178 1516 1247 Regnum
1542 1175 1814 1239 Deidicit.
1844 1176 2133 1249 seipsum,

482 1266 685 1333 utpote
722 1277 925 1331 regem
956 1278 1027 1317 ac
1077 1262 1283 1317 Deum.
1342 1264 1501 1319 Intra
1549 1264 1709 1337 ipsos
1740 1271 1939 1320 autem
1988 1270 2133 1331 erat,

483 1356 774 1421 tanquam
807 1351 867 1405 in
899 1352 1093 1407 medio
1124 1366 1331 1407 eorum
1384 1369 1751 1409 conversans
1780 1370 1792 1419 ;
1827 1354 1900 1408 de
1930 1370 2052 1426 quo
2084 1360 2140 1409 et

487 1455 813 1510 praecursor
833 1439 983 1495 dixit
1014 1440 1157 1496 illis:
1188 1442 1413 1498 Medius
1450 1449 1704 1499 vestrum
1742 1445 1920 1510 stetit,
1970 1459 2139 1515 quem

485 1544 580 1585 vos
608 1545 726 1584 non
766 1532 942 1585 nostis
968 1532 1037 1581 ³⁵.

558 1620 599 1688 -ι-
630 1620 672 1688 -Ῐο
700 1618 764 1673 1n
797 1619 967 1675 vobis
1002 1621 1263 1691 positum
1290 1626 1395 1687 est,
1427 1622 1711 1695 consequi
1746 1639 1996 1694 regnum
2020 1623 2135 1688 Dei,

487 1707 547 1761 in
576 1711 767 1763 vestro
799 1708 1012 1777 studio,
1059 1714 1162 1765 aut
1192 1710 1284 1765 via
1316 1710 1376 1765 in
1403 1726 1657 1781 regnum
1690 1714 1808 1777 Dei,
1843 1729 1970 1785 quae
1995 1712 2056 1768 in
2081 1713 2142 1768 id

1814 332 2148 389 EUTHYMII
2187 330 2519 391 ZIGABENI

3719 329 3860 387 1048

2239 460 2424 513 ἑαυτοῦ
2480 466 2632 512 τοῦτο
2661 459 2841 529 λέγων,
2897 458 3126 534 ὶρωτῶσι
3173 467 3283 525 νῦν,
3332 462 3458 514 πότε
3512 456 3853 532 βασιλεύσει,

2239 549 2585 622 χλευάζοντες
2660 549 2833 614 αᾶτόν,
2935 554 2999 610 ὡς
3092 549 3264 609 εὐτελῆ
3364 553 3423 601 τό
3524 552 3849 619 φαινόμενον,

2240 646 2330 691 καὶ
2417 641 2537 691 ὅσον
2625 642 2768 691 οὔπύ
2863 638 3196 713 ἀναιρεθῆναι
3274 643 3401 714 παρ’
3492 638 3660 691 αὐτῶν
3736 636 3860 708 μελ-

2241 728 2413 783 λοντα.

2313 820 2597 891 Ἀπεκρίθη
2678 850 2746 858 —
2806 823 3239 893 παρατηρήσεως.
3305 820 3446 872 Μετὰ
3512 820 3851 892 περιφανείας

2244 906 2590 981 ἀνθρωπίνης.

2317 995 2457 1051 Οὖδε
2514 1029 2568 1039 -
2631 996 2751 1051 ἐκεῖ.
2819 996 2981 1072 Ὀπερ
3039 1005 3280 1050 ποιοῦσιν
3344 1016 3427 1049 επι
3493 1004 3592 1048 τῶν
3650 996 3849 1067 γηίνων

2246 1085 2528 1158 βασιλέων.

2318 1174 2459 1229 Ἰδοὺ
2532 1209 2602 1219 —
2657 1175 2818 1231 ἐστίν.
2908 1176 3175 1230 Βασιλείαν
3250 1184 3343 1228 τοῦ
3424 1182 3579 1240 Θεοῦ,
3666 1174 3852 1227 ἑαυτόν

2245 1263 2403 1335 λέγει,
2469 1268 2537 1326 ὡς
2592 1264 2814 1338 βασιλέα
2863 1272 2953 1317 καὶ
3011 1271 3159 1318 Θεόν.
3220 1270 3376 1326 Εντός
3430 1261 3488 1317 δὲ
3548 1263 3714 1315 αὐτῶν
3767 1259 3850 1326 ἦν,

2248 1357 2312 1415 ὡς
2368 1355 2417 1406 ἐν
2473 1360 2615 1427 μέσῳ
2664 1356 2832 1408 αὐτῶν
2889 1355 3347 1427 ἀναστρεφόμενος,
3402 1359 3519 1428 περὶ
3571 1354 3630 1405 οὗ
3682 1357 3771 1404 καὶ
3828 1353 3853 1402 ό

2250 1442 2552 1519 Πρόδρομος
2584 1442 2716 1497 εἶπεν
2756 1446 2946 1511 αὐτοῖς,
2993 1448 3072 1498 ὅτι
3102 1450 3274 1507 Μέοος
3324 1446 3464 1516 ὑμῶν
3512 1444 3743 1506 ἔστηκεν,
3799 1442 3855 1493 ὃν

2249 1535 2394 1607 ὑμεῖς
2426 1535 2519 1586 οὐκ
2550 1531 2747 1587 οἴδατε.

2325 1625 2423 1696 [Ἢ
2487 1625 2563 1695 (5)
2645 1624 2901 1697 ἐπιτυχία
2961 1634 3051 1686 τῆς
3120 1624 3395 1696 βασιλείας
3458 1630 3550 1676 τοῦ
3609 1627 3737 1675 Θεοῦ
3806 1620 3857 1672 ἂν

2253 1716 2373 1786 ὑμῖν
2431 1722 2619 1783 κεῖται,
2680 1714 2727 1766 ἐν
2776 1724 2835 1788 τῇ
2896 1720 3198 1790 προαιρέσει
3242 1714 3404 1786 ὑμῶν,
3434 1718 3465 1772 ἤ
3516 1715 3545 1770 ἡ
3582 1708 3707 1771 όδός
3759 1718 3859 1771 τῆς

488 1795 671 1859 ducit,
702 1801 804 1852 aut
835 1796 1010 1865 facta,
1070 1814 1201 1869 quin
1234 1798 1295 1854 id
1348 1799 1700 1870 largiuntur,
1754 1808 1857 1858 aut
1921 1802 2139 1868 laetitia,

2257 1803 2531 1876 βασιλείας
2590 1811 2682 1856 τοῦ
2749 1812 2905 1872 Θεοῦ,
2969 1807 2997 1863 η
3067 1806 3275 1876 ἄγουσα
3337 1804 3403 1864 εἰς
3466 1802 3653 1866 αὐτὴν,
3722 1804 3752 1859 ἣ
3823 1801 3852 1857 ἠ

486 1900 672 1956 quam
696 1885 955 1941 habituri
984 1892 1141 1952 sunt,
1174 1888 1280 1961 qui
1332 1905 1403 1945 eo
1461 1890 1629 1961 digni
1661 1898 1820 1957 sunt,
1866 1892 2139 1962 judicati.

490 1976 671 2029 Datur
696 1974 786 2029 his
807 1976 881 2046 (ε)
909 1992 1152 2047 quoque
1182 1977 1400 2049 dignis,
1434 1984 1499 2034 ut
1531 1981 1746 2051 pignus
1798 1981 2000 2039 futuri.

2257 1892 2498 1967 ἐργασία,
2572 1895 2601 1951 ἡ
2688 1894 3011 1965 προξενοῦσα
3081 1894 3263 1958 αὐτὴν,
3324 1897 3354 1951 ἧ
3433 1895 3461 1950 ἡ
3523 1890 3857 1963 ἀγαλλίασις,

2258 1987 2319 2042 ἦν
2389 1983 2660 2055 μέλλουσιν
2723 1987 2862 2056 ἔχειν
2920 1986 2969 2035 οἱ
3021 1982 3315 2056 ἀξιούμενοι
3372 1985 3583 2042 ταύτης.
3642 1975 3860 2033 Δίδοται

485 2065 587 2136 ’γὰρ
619 2064 751 2121 αὕτη
783 2062 1049 2116 κάνταῦθα
1072 2072 1178 2127 τοίς
1200 2065 1386 2135 ἀξίοις,
1416 2068 1485 2129 εἰς
1515 2068 1790 2145 ἀρραϐῶνα
1823 2078 1915 2123 τοῦ
1945 2071 2256 2144 μέλλοντος.]

561 2242 722 2300 Vers.
749 2247 837 2299 22.
871 2245 975 2299 Ait
1012 2275 1076 2285 —
1109 2246 1397 2303 videbitis.
1433 2247 1766 2315 Pharisaais,
1794 2248 1933 2306 licet
1954 2250 2150 2306 irriso-

488 2331 570 2385 rie
595 2332 1119 2404 interrogantibus,
1146 2344 1453 2393 mansuete
1488 2343 1709 2404 tamen,
1744 2347 2149 2412 consuetaque

487 2423 796 2493 respondit
836 2423 1147 2480 clementia
1179 2440 1189 2479 :
1222 2425 1527 2497 discipulis
1560 2443 1699 2482 vero
1723 2428 1851 2498 jam
1877 2445 2148 2500 praenun-

488 2511 611 2575 tiat,
634 2512 797 2584 quod
820 2512 983 2568 brevi
1011 2514 1400 2580 occidendus,
1424 2531 1543 2570 non
1556 2522 1714 2572 esset
1735 2519 1994 2590 amplius
2018 2537 2148 2576 cum

489 2601 574 2655 eis
607 2608 1064 2658 conversaturus
1098 2620 1110 2657 :
1146 2620 1287 2659 nam
1319 2605 1432 2660 hoc
1466 2606 1709 2671 indicat,
1742 2609 1906 2679 quod
1942 2608 2145 2679 ait,fu-

490 2696 692 2746 turum
724 2708 851 2747 esse
885 2697 945 2749 ut
982 2693 1407 2765 concupiscant
1441 2710 1626 2751 unum
1656 2712 1727 2752 ex
1769 2696 1985 2753 diebus
2018 2698 2147 2753 vitae

490 2795 698 2851 ipsms.

560 2962 724 3017 Vers.
757 2967 842 3017 23.
877 2964 951 3017 Et
968 2963 1159 3020 dicent
1194 2996 1262 3005 —
1293 2966 1521 3021 sectari.
1554 2966 1631 3021 De
1653 2966 1745 3022 his
1773 2965 2145 3023 manifestius

489 3052 723 3122 scripsit
752 3054 1058 3109 Mattheeus
1090 3054 1600 3127 quinquagesimo
1646 3057 1904 3128 septimo
1935 3056 2141 3128 capite,

489 3142 735 3197 dicens:
779 3145 938 3199 Tunc
966 3146 1019 3199 si
1072 3147 1202 3217 quis
1249 3146 1408 3202 vobis
1448 3147 1667 3202 dixerit
1704 3166 1715 3205 :
1748 3149 1890 3203 Ecce
1940 3147 2035 3203 hic
2065 3153 2146 3203 est

494 3233 788 3297 Christus,
840 3241 940 3290 aut
985 3235 1135 3299 illic,
1172 3237 1344 3291 nolite
1394 3238 1643 3293 credere.
1688 3238 1946 3307 Surgent
1987 3239 2143 3294 enim

488 3323 919 3390 pseudochristi
947 3330 997 3379 et
1024 3326 1543 3397 pseudoprophetaz
1569 3330 1615 3363 ’θ
1648 3333 1703 3382 et
1729 3334 1960 3384 (κεῖθι-ει.
1997 3330 2143 3397 Lege
2176 3364 2217 3419 Ο

492 3428 634 3479 ergo
664 3412 744 3467 ibi
777 3415 953 3468 etiam
987 3414 1201 3470 horum
1235 3416 1797 3488 interpretationem.

566 3500 731 3555 Vers.
766 3501 853 3557 24.
882 3502 1046 3558 Sicut
1069 3534 1136 3544 -—
1156 3504 1367 3575 fulget.
1412 3505 1499 3560 Ab
1534 3506 1784 3561 Orientis
1813 3510 1994 3578 parte,
2016 3522 2146 3577 quae

495 3590 610 3643 sub
644 3591 795 3646 caelo
826 3597 934 3655 est,
970 3594 1027 3647 in
1078 3593 1477 3659 Occidentem,
1534 3612 1671 3666 quae
1720 3596 1832 3651 sub
1869 3596 2021 3652 cmlo
2059 3602 2149 3652 est

495 3678 695 3739 fulget.
759 3681 847 3735 Ait
896 3681 1047 3735 enim
1092 3684 1396 3738 Matthaaus
1450 3684 1508 3738 in
1550 3685 1649 3740 illo
1695 3687 1880 3756 capite
1931 3687 2147 3741 :Szcut

494 3768 641 3823 enim
677 3770 897 3838 fulgur
925 3772 1049 3826 exit
1103 3788 1139 3827 a
1176 3774 1447 3842 partibus
1496 3776 1755 3840 orientis,
1791 3781 1845 3830 et
1895 3782 2147 3844 apparet

494 3873 674 3927 usque
712 3859 792 3913 ad
818 3868 1016 3926 partes
1038 3861 1335 3917 occidentis
1368 3864 1435 3928 ’7,
1471 3869 1526 3918 et
1556 3869 1767 3919 caetera
1801 3880 1813 3919 :
1843 3863 1971 3936 lege
2004 3880 2146 3933 ergo

494 3946 573 4001 ibi
599 3949 1167 4020 interpretationem,
1198 3959 1253 4007 et
1278 3953 1461 4019 disce,
1513 3954 1657 4026 quid
1723 3953 2015 4023 signiﬁcet
2038 3953 2145 4009 hu~

490 4036 753 4106 jusznodi
784 4040 1147 4111 exemplum.

568 4126 729 4181 Vers.
769 4131 859 4182 24.
890 4130 984 4184 Ita
1018 4161 1085 4171 —
1114 4147 1240 4186 suo.
1298 4135 1381 4187 Ita
1420 4132 1527 4188 erit
1580 4138 1633 4188 et
1665 4133 1795 4205 ipse
1852 4133 1981 4191 orbi
2024 4134 2151 4190 uni-

495 4230 668 4271 verso
707 4218 1080 4274 manifestus.
1114 4220 1274 4275 Diem
1308 4236 1447 4276 vero
1475 4238 1673 4287 suum,
1707 4223 1850 4279 dicit
1874 4224 2033 4280 diem
2062 4240 2152 4280 se-

496 4304 985 4362 cundiadventus
1016 4308 1126 4362 sui.
1152 4308 1296 4363 Illud
1328 4314 1524 4364 autem
1556 4316 1735 4383 caput
1755 4312 1935 4369 etiam
1966 4311 2039 4367 de
2062 4312 2150 4367 his

497 4394 809 4449 manifeste
834 4395 1091 4451 disserit.

571 4488 735 4540 Ners.
769 4485 856 4540 25.
889 4487 1153 4542 Primum
1186 4518 1255 4528 —
1278 4488 1391 4545 hac
1419 4488 1748 4545 Pravorum
1781 4491 2148 4547 Judaaorum.

569 4577 734 4631 Vers.
757 4576 845 4629 26.
878 4578 952 4632 Et
977 4578 1128 4633 sicut
1174 4609 1243 4619 —-
1276 4578 1434 4633 Vers.
1470 4580 1559 4641 27.
1619 4582 1941 4638 Universos.
1977 4581 2154 4637 Mani-

498 4664 703 4721 festius
733 4666 966 4737 scripsit
1006 4667 1342 4739 exemplum
1370 4669 1483 4724 hoc
1532 4671 1836 4726 Matthaeus
1862 4670 2154 4742 quinqua-

501 4757 731 4827 gesimo
789 4761 1002 4813 octavo
1069 4759 1303 4830 capite:
1338 4763 1393 4814 et
1419 4758 1495 4815 ibi
1526 4771 1725 4832 quiere
1778 4761 1956 4834 hujus
1984 4762 2149 4817 intel-

498 4848 741 4904 lectum.

572 4941 737 4995 Vers.
762 4941 850 4995 28.
867 4940 1235 4997 Similiter—
1258 4943 1834 5000 Vers.30.Revelabit
1844 4960 1934 4999 ur.
1952 4943 2153 5012 Quem-

573 5121 620 5155 ³⁵
651 5119 881 5187 Joan.i,
918 5122 1007 5177 26.
1086 5123 1134 5158 ³⁸
1165 5122 1362 5179 Matth.
1388 5138 1548 5187 xxxv,
1585 5124 1676 5187 23,
1702 5126 1791 5178 2t.

2334 2249 2455 2305 Εἷπε
2529 2284 2597 2293 -——
2675 2251 2883 2323 ὄψεσθε.
2964 2260 3079 2313 Τοῖς
3128 2256 3436 2317 Φαρισαίοις
3505 2254 3617 2323 μεν,
3684 2254 3862 2302 καίτοι

2257 2341 2621 2414 χλευαστικώς
2700 2342 3046 2415 ἐρωτήσασιν,
3126 2345 3261 2414 ὅμως
3332 2344 3509 2414 πράως
3579 2339 3857 2414 ἀπεκρίθη,

2258 2438 2347 2485 καὶ
2384 2435 2516 2504 μετὰ
2569 2441 2662 2494 τῆς
2713 2435 2971 2494 συνήθους
3016 2432 3381 2495 ἀνεξίκακίαςο
3442 2438 3549 2491 τοῖς
3597 2433 3861 2501 μαθηταῖς

2260 2518 2318 2574 δὲ
2355 2522 2533 2574 λοιπόν
2579 2526 2883 2594 προμηνύει,
2928 2524 3007 2573 ὄτι
3055 2523 3175 2573 ὅσον
3224 2525 3366 2572 οὔπω
3420 2519 3725 2595 ἀναιρεθεὶς,
3774 2520 3858 2571 οὐ·

2257 2617 2363 2664 κέτι
2421 2612 2961 2684 πμπολιτευθὴσεται
3016 2614 3241 2672 τούτοις.
3302 2618 3465 2662 Τοῦτο
3520 2613 3621 2683 γὰρ
3677 2608 3862 2682 ἐμφαί-

2255 2722 2327 2753 νει
2359 2706 2416 2753 τό
2447 2702 2642 2774 μελλειν
2672 2702 2858 2762 αὐτοὺς
2897 2702 3224 2774 ἐπιθυμῆσαι
3249 2706 3373 2773 μιᾶς
3408 2709 3508 2752 τῶν
3536 2702 3739 2774 ἡμερῶν
3764 2707 3859 2761 τῆς

2258 2791 2399 2853 ζωῆς
2430 2791 2609 2845 αὐτοῦ.

2330 2886 2429 2933 Καὶ
2478 2880 2682 2955 ἐροῦσιν
2738 2910 2809 2920 --
2862 2877 3103 2943 διώξητε.
3160 2884 3283 2952 Περὶ
3338 2881 3529 2931 τούτων
3579 2884 3860 2951 φανερώτε-

2254 2988 2342 3043 ρον
2388 2969 2608 3044 ἕγραψεν
2648 2972 2673 3021 ό
2725 2972 2996 3031 Ματθαίος
3043 2968 3090 3021 ἐν
3144 2978 3216 3039 τῷ
3268 2977 3603 3039 πεντηκοστῴ
3652 2963 3862 3038 ἑϐδόμῳ

2256 3059 2537 3131 κεφαλαίῳ,
2599 3059 2759 3128 λέγων
2842 3060 2921 3112 ὅτι
2998 3064 3145 3120 Τότε,
3234 3057 3317 3109 ἐάν
3396 3077 3473 3118 τις
3538 3058 3659 3129 ὑμῖν
3715 3060 3857 3128 εἴπῃ,

2254 3146 2398 3202 Ἰδοὺ
2460 3146 2564 3201 ὧδε
2630 3151 2655 3201 ό
2731 3152 2981 3221 Χριστός,
3052 3153 3080 3207 ἦ
3164 3145 3287 3211 ὧδε,
3359 3152 3428 3219 μὴ
3514 3148 3856 3203 πιστεύσητε.

2257 3239 2662 3313 Ἐγερθησονται
2733 3239 2847 3309 ('26)
2918 3242 3018 3310 γὰρ
3100 3235 3486 3309 ψευδόχριστοι
3560 3241 3648 3288 καὶ
3730 3235 3858 3305 ψευ-

2259 3326 2607 3402 δοπροφῆται,
2651 3333 2741 3380 καὶ
2784 3332 2847 3380 τὰ
2892 3328 3027 3390 ἑξῆς.
3078 3334 3177 3380 Και
3228 3326 3487 3398 ἀνάγνωθι
3532 3331 3623 3384 τὴν
3664 3328 3860 3377 τούτων

2258 3418 2533 3488 ἐξήγησιν.

2326 3515 2524 3582 Ὠσπερ
2569 3539 2632 3548 ——-
2679 3507 2890 3579 λάμπει.
2941 3507 3030 3559 Ἐκ
3078 3514 3169 3567 τῆς
3210 3506 3297 3557 ὑπ’
3343 3505 3557 3580 οὐρανόν
3608 3503 3861 3566 ἀνατολῆς

2259 3598 2330 3658 εἰς
2360 3603 2452 3655 τὴν
2482 3598 2567 3649 ὑπ’
2592 3598 2804 3673 οὐρανόν
2833 3594 2987 3648 δύσιν
3017 3598 3226 3668 λάμπει.
3251 3600 3388 3652 Φησὶ
3412 3597 3510 3669 γὰρ
3540 3596 3565 3646 ό
3593 3595 3863 3655 Ματθαῖος

2259 3686 2305 3739 ἐν
2347 3686 2518 3758 ἐκείνῳ
2550 3696 2619 3757 τῷ
2664 3686 2921 3758 κεφαλαίῳ
2971 3688 3071 3752 ὅτι,
3120 3685 3319 3757 Ὠσπερ
3365 3685 3479 3753 (‘27)
3539 3686 3568 3741 ἡ
3614 3683 3860 3753 ἀστραπὴ

2260 3776 2527 3850 ἐξέρχεται
2590 3775 2689 3826 ἀπό
2739 3774 2993 3826 ἀνατολῶν
3047 3779 3135 3826 καὶ
3185 3780 3418 3847 πιαίνεται
3480 3774 3567 3832 ἕως
3621 3768 3861 3841 δυσμῶν.

2259 3866 2543 3937 Ἀνάγνωθι
2570 3862 2655 3917 οὖν
2684 3864 2783 3916 ἐκεῖ
2808 3869 2901 3921 τὴν
2932 3864 3217 3937 ἑρμηνείαν,
3255 3869 3343 3914 καὶ
3364 3864 3594 3934 μαθήσῃ,
3632 3864 3683 3911 τί
3710 3857 3870 3917 δηλοῖ

2258 3961 2404 4008 τουτὶ
2436 3959 2491 4007 τό
2522 3952 2881 4027 παράδειγμα.

2332 4135 2508 4194 Οὕτως
2546 4166 2613 4173 -
2664 4133 2843 4188 αὐτοῦ.
2896 4133 3077 4193 Οὕτως
3122 4134 3270 4184 ἔσται
3314 4136 3402 4183 καὶ
3451 4130 3609 4190 αὐτός
3648 4130 3866 4201 φανερός

2260 4227 2405 4297 πάσῃ
2450 4232 2510 4296 τῇ
2548 4224 2842 4296 οἰκουμένη.
2894 4222 3115 4297 Ἠμέραν
3142 4218 3201 4274 δε
3244 4220 3404 4272 αὑτοῦ
3433 4219 3588 4290 λέγει,
3625 4223 3719 4276 τὴν
3767 4226 3866 4280 τῆς

2263 4311 2509 4386 δευτέρας
2540 4318 2834 4387 παρουσίας
2865 4313 3045 4364 αὐτοῦ.
3080 4311 3267 4365 Ἐκεῖνο
3296 4307 3353 4363 δὲ
3382 4313 3438 4362 τό
3469 4308 3741 4381 κεφάλαιον
3772 4313 3867 4361 καὶ

2261 4408 2379 4475 περὶ
2408 4405 2596 4454 τούτων
2625 4399 2967 4475 διαλαμϐάνει
3001 4410 3192 4473 σαφῶς.

2337 4500 2544 4563 Πρῶτον
2578 4524 2642 4532 —
2670 4495 2884 4553 ταύτης.
2915 4499 3024 4544 Τῶν
3056 4500 3292 4565 πονηρῶν
3320 4485 3611 4544 Ἰουδαίων.

2337 4587 2437 4634 Καὶ
2517 4583 2690 4642 καθὼς
2769 4613 2836 4621 -
2918 4581 3163 4640 ἅπαντας,
3243 4584 3591 4653 Φανερὼτερον
3670 4577 3871 4652 ἔγραψε

2263 4676 2320 4723 τό
2371 4668 2712 4746 παράδειγμα
2763 4680 2916 4723 τουτο
2968 4672 3237 4730 Ματθαῖος
3291 4668 3338 4720 ἓν
3398 4676 3470 4739 τῷ
3529 4675 3868 4736 πεντηκοστῴ

2265 4758 2438 4832 ὀγδόῳ
2503 4761 2781 4833 κεφαλαίῳ,
2868 4766 2955 4813 καὶ
3031 4761 3263 4821 ζήτησον
3331 4758 3435 4811 ἐκεῖ
3514 4762 3608 4815 τὴν
3681 4758 3865 4808 τούτου

2265 4851 2549 4924 διάγνωσιν
2561 4894 2571 4904 .

2332 4944 2551 5017 Ὁμοίως
2639 4976 2691 4985 -
2785 4941 3221 4995 ἀποκαλύπτεται.
3288 4938 3489 5012 Ὠσπερ
3577 4939 3696 4997 τοὺς
3779 4933 3870 4988 ἐπί

1870 5125 1918 5159 ’τ
1946 5122 2154 5182 Matth.
2185 5141 2340 5192 xxw,
2371 5127 2466 5181 27.

1700 5302 1923 5370 Variae
1978 5301 2310 5371 lectiones
2378 5313 2443 5371 et
2470 5311 2671 5370 notae.

549 5499 651 5579 .(5)
677 5501 810 5556 Hazc
844 5504 1089 5573 uterque
1124 5500 1185 5556 in
1243 5499 1533 5572 margine.
1584 5502 1711 5556 Non
1741 5500 1919 5556 habet
1951 5503 2155 5557 Hente-

502 5583 659 5624 nlus.

2362 5504 2417 5561 6)
2454 5504 2604 5555 [.000
2623 5500 3117 5573 συμπολιτεύσεται.

2362 5574 2414 5645 τ)
2458 5577 2561 5647 Γαρ
2592 5574 2825 5628 omittit.
2864 5574 2920 5629 Β.

2338 5504 2356 5645 ἓ

572 5746 648 5817 (z)
680 5750 858 5805 Datur
882 5750 994 5807 his.
1035 5751 1235 5808 Redde
1268 5768 1279 5808 :
1315 5753 1514 5808 Datur
1528 5752 1679 5808 enim
1706 5752 1763 5807 id
1793 5752 2057 5823 (regnum
2094 5753 2226 5819 Dei)
2256 5753 2347 5809 his
2369 5768 2615 5826 quoque.
