4128 6382
297 335 323 393 4
333 335 440 394 049

1285 334 1653 395 COMMENT.
1698 335 1769 391 IN
1806 332 2073 392 LUCAM.
2115 367 2183 378 —
2223 336 2374 393 CAP.
2421 328 2587 393 XVII.

3538 335 3677 392 1050

292 466 410 515 Νῶε
473 465 562 515 καὶ
619 459 704 515 ἰπὶ
763 466 903 529 Λὼτ,
950 470 1253 537 τρυφῶντας
1320 467 1409 515 καὶ
1473 460 1899 533 ἁμεριμνοῦντας,

2025 461 2347 517 admodum
2389 478 2513 530 eos,
2566 462 2669 535 qui
2730 460 2970 517 fuerunt
3025 458 3391 533 temporibus
3439 460 3563 515 Noe
3621 466 3679 514 et

294 555 417 612 τοὺς
473 555 562 623 μὲν
607 551 1001 626 κατακλυσμὸς,
1051 557 1171 615 τοῦς
1224 548 1282 605 δὲ
1336 560 1440 625 πῦρ
1484 555 1572 603 καὶ
1624 551 1753 601 θεῖον
1794 544 1902 600 διέ-

296 643 529 715 φθειραν,
604 641 878 716 οὐρανόθεν
970 638 1227 714 αἰφνίδιον
1300 641 1694 711 κατενεχθέντω
1771 638 1906 689 οὕτω

295 735 387 783 καὶ
465 729 551 783 ἐπὶ
628 739 724 792 τῆς
778 727 1021 803 δευτέρας
1092 736 1382 805 παρουσίας
1442 736 1740 801 τρυφῶντας
1817 731 1907 778 καὶ

298 818 702 892 ἀμεριμνοῦντας
751 820 954 893 ὄλεθρος
1000 817 1260 893 αἰφνίδιος
1319 818 1699 889 καταλήψεται.
1756 824 1905 869 Θεῖον

300 905 361 961 δέ
417 908 544 974 ἔστι,
604 913 661 961 τὸ
718 910 983 983 λεγόμενον
1044 911 1292 983 θειάφιον,
1348 909 1545 983 λιπαρὰ
1599 911 1761 982 τροφὴ
1814 912 1906 957 τοῦ

300 1003 486 1071 πυρός.

375 1176 386 1196 ε
614 1170 635 1187 τ
830 1176 842 1192 ν
902 1178 913 1190 ι
987 1175 998 1189 ι
1287 1178 1299 1193 ρ
1763 1175 1775 1189 ρ

391 1182 455 1229 Es
499 1206 559 1219 --
605 1196 731 1249 αραι
781 1196 932 1231 αυτα.
1003 1182 1046 1229 0
1098 1185 1189 1237 τῆς
1232 1196 1373 1229 κατω
1427 1172 1703 1247 διατριϐῆς
1754 1192 1907 1244 υπερ-

300 1268 491 1338 αρθεὶς,
547 1270 636 1318 καὶ
690 1264 887 1336 ὑψηλὸς
933 1275 1006 1337 τῷ
1053 1264 1155 1338 βίῳ
1194 1272 1474 1338 γενόμενος,
1524 1264 1583 1316 οὗ
1641 1266 1707 1316 τὰ
1762 1256 1902 1320 πάθη

301 1353 350 1407 ἐν
407 1363 479 1425 τῷ
553 1359 737 1426 κόσμῳ
812 1354 1243 1427 κατελείφθησαν,
1317 1353 1394 1416 οἷς
1465 1352 1719 1427 ἐκέχρητο
1777 1356 1907 1426 πρὸς

300 1443 552 1516 ἐργασίαν
581 1452 672 1504 τῆς
698 1442 980 1517 ἁμαρτίας.
1004 1450 1074 1516 μὴ
1107 1443 1386 1495 καταϐάτω
1417 1438 1541 1517 ἆραι
1585 1442 1736 1494 αὐτά·
1781 1440 1907 1493 ἀλλὰ

299 1538 489 1606 μενέτω
521 1531 604 1585 ἐπὶ
647 1542 743 1595 τῆς
776 1533 1121 1604 ὑψηλοτητος,
1154 1539 1243 1586 καὶ
1272 1538 1581 1609 περιμενέτω
1629 1536 1715 1584 τὸν
1759 1551 1904 1584 κατε-

304 1629 527 1695 χόμενον
562 1626 769 1697 Κύριον.

376 1717 473 1765 Καὶ
519 1714 546 1763 ὁ
586 1743 653 1752 —
711 1712 908 1768 ὀπίσω.
960 1712 1019 1764 Ὀ
1073 1711 1120 1764 ἐν
1164 1720 1234 1782 τῷ
1292 1712 1406 1783 (10)
1461 1710 1906 1784 ἀνακεχριιρημένῳ

2018 553 2138 617 Lot,
2168 552 2220 606 in
2254 552 2480 608 deliciis
2511 558 2756 621 agentes
2805 568 2876 607 ac
2932 568 3172 608 securos
3214 548 3497 622 perdidit,
3545 547 3676 604 illos

2015 641 2260 713 quidem
2291 642 2605 708 diluvium,
2639 642 2750 697 hos
2784 658 2923 697 vero
2951 642 3101 711 ignis
3135 646 3191 695 et
3212 639 3482 712 sulphur,
3513 637 3677 694 caeli-

2018 736 2109 787 tus
2140 738 2378 803 repente
2403 732 2664 787 demissa
2697 750 2710 784 :
2741 731 2821 787 ita
2866 738 2923 786 et
2961 747 3088 800 eos,
3133 732 3236 802 qui
3268 736 3537 797 tempore
3590 742 3678 782 se-

2015 820 2499 876 cundiadventus
2522 827 2716 886 erunt,
2746 822 2805 876 in
2827 821 3048 875 deliciis
3062 824 3308 888 agentes
3324 834 3393 872 ac
3408 833 3674 881 securos,

2018 910 2262 982 perditio
2291 913 2601 982 repentina
2632 910 3057 981 deprehendet.
3094 912 3244 964 Θεῖον
3276 913 3498 970 autem,
3555 905 3675 961 sive

2018 1001 2244 1071 θειάφιον
2272 1001 2455 1073 (quod
2487 1017 2597 1056 nos
2619 1000 2881 1071 sulphur
2905 999 3190 1071 dicimus)
3230 997 3539 1067 egregium
3587 1000 3676 1052 est

2016 1090 2171 1161 ignis
2201 1091 2658 1147 nutrimentum.

2086 1182 2248 1236 Vers.
2292 1182 2381 1236 31.
2417 1181 2486 1235 In
2513 1212 2581 1221 —
2611 1180 2691 1236 ad
2734 1180 3059 1236 tollendum
3101 1194 3186 1235 ea.
3214 1176 3325 1243 Qui
3355 1193 3391 1233 a
3440 1181 3676 1232 terrena

2015 1271 2463 1325 conversatione
2513 1269 2881 1337 sublevatus,
2914 1273 2968 1324 et
3006 1267 3278 1323 sublimis
3331 1266 3455 1320 vita
3500 1263 3677 1319 fuerit

2015 1358 2276 1423 effectus,
2308 1360 2479 1423 cuius
2511 1358 2759 1414 affectus
2791 1358 2851 1413 in
2879 1357 3108 1413 mundo
3135 1354 3321 1411 relicti
3355 1357 3516 1417 sunt,
3545 1352 3675 1426 qui-

2013 1448 2130 1504 bus
2143 1448 2217 1503 ad
2235 1448 2459 1518 peccati
2480 1447 2889 1520 operationem
2909 1447 3206 1509 utebatur,
3231 1460 3305 1499 ne
3325 1442 3673 1507 descendat,

2016 1542 2081 1592 ut
2116 1537 2283 1593 tollat
2310 1552 2434 1601 eos,
2464 1536 2569 1592 sed
2597 1542 2840 1592 maneat
2868 1536 2927 1590 in
2979 1533 3356 1598 celsitudine,
3389 1539 3444 1587 et
3474 1545 3678 1602 exspe-

2015 1631 2129 1682 ctet
2154 1628 2616 1682 descendentem
2646 1627 2989 1682 Dominum.

2085 1717 2246 1771 Vers.
2280 1721 2368 1772 3t.
2410 1717 2484 1771 Et
2520 1718 2626 1788 qui
2664 1746 2732 1757 —
2762 1732 2799 1771 a
2831 1724 3015 1784 tergo.
3050 1744 3118 1755 —
3153 1712 3261 1774 Qui
3286 1712 3343 1767 in
3386 1711 3503 1767 vita
3535 1714 3676 1765 sunt

303 1800 421 1874 βίῳ.
460 1808 639 1854 Ταῦτα
670 1797 729 1854 δε
759 1802 1105 1874 παραγγέλλει
1145 1798 1238 1854 διὰ
1268 1806 1356 1859 τὴν
1392 1810 1679 1858 τηνικαῦτα
1715 1800 1904 1858 πολλὴν

2025 1806 2457 1873 anachoretica,
2503 1808 2626 1861 sive
2684 1812 3015 1875 segregata,
3060 1808 3163 1859 aut
3210 1807 3507 1873 separata.
3548 1802 3674 1855 Haec

300 1889 505 1949 ἀπάτην
531 1900 631 1942 τῶν
662 1888 1110 1963 ψευδοπροφητῶν
1140 1899 1231 1943 τοῦ
1261 1893 1662 1964 Ἀντιχρίστου,
1702 1895 1790 1941 καὶ
1812 1896 1904 1948 την

306 1977 543 2055 σφοδρὰν
566 1979 762 2039 πλάνην
796 1980 978 2034 αὐτοῦ.

372 2161 725 2231 Μνημονεύετε
827 2167 924 2221 τῆς
1004 2162 1248 2230 γυναικὸς
1330 2166 1422 2210 τοῦ
1529 2165 1663 2214 Λώτ.
1752 2157 1905 2210 Ἤτοι

296 2256 393 2301 τοῦ
446 2250 645 2309 πάθους
702 2248 886 2310 αὐτῆς.
945 2255 1048 2301 Τοῦ
1109 2256 1241 2301 Θεοῦ
1292 2251 1393 2321 γὰρ
1433 2257 1503 2319 τῷ
1567 2254 1689 2301 Λὼτ
1744 2251 1905 2320 μηνύ-

299 2356 486 2399 σαντος
532 2344 707 2408 φυγεῖν
762 2334 862 2389 ἀπὸ
920 2346 1016 2389 τῶν
1070 2334 1312 2409 Σοδόμων
1366 2346 1623 2408 παγνγενῆ,
1684 2334 1776 2389 διὰ
1820 2341 1903 2389 τὸν

827 2167 924 2221 τῆς
1004 2162 1248 2230 γυναικὸς
1330 2166 1422 2210 τοῦ

296 2426 548 2498 μέλλοντα
589 2425 898 2478 καταλαϐεῖν
953 2426 1085 2479 αὐτὰ
1134 2426 1377 2485 θεήλατον
1429 2426 1757 2499 ἐμπρησμὸν,
1813 2433 1902 2478 καὶ

292 2515 739 2589 παραγγείλαντος
797 2514 1181 2591 ἀμεταστρεπτὶ
1230 2513 1492 2589 βαδίζειν,
1542 2515 1812 2587 ἐπέϐλεψεν
1871 2519 1899 2575 ὴ

291 2610 426 2675 γυνὴ
487 2605 648 2656 αὑτοῦ
707 2604 772 2665 εἰς
815 2608 878 2656 τὰ
931 2605 1121 2669 ὀπίσω,
1172 2611 1260 2656 καὶ
1306 2604 1498 2676 ἐγένετο
1540 2605 1705 2663 στήλη
1761 2605 1900 2667 ἁλός·

293 2694 462 2751 στήλη
490 2696 606 2767 μεν,
641 2693 713 2754 εἰς
744 2691 1083 2769 παράδειγμα
1116 2703 1214 2746 τῶν
1261 2697 1611 2767 στρεφομένων
1661 2693 1761 2747 ἀπὸ
1809 2702 1905 2755 τῆς

296 2780 677 2857 σωτηριωδους
720 2780 846 2835 ὁδοῦ
888 2782 970 2835 ἐπὶ
1011 2786 1075 2835 τὰ
1103 2789 1323 2857 πρότερα
1350 2786 1474 2841 ἤθη·
1519 2783 1672 2846 am;
1699 2780 1777 2852 δὲ,
1813 2780 1906 2836 διὰ

289 2877 385 2931 τὴν
411 2872 511 2925 ἀπὸ
538 2882 629 2934 τῆς
660 2872 920 2945 ἁμαρτίας
939 2878 1172 2947 πικρίαν.

361 3048 460 3111 ’ος
505 3081 567 3091 -
612 3050 792 3109 αὐτὴν.
846 3050 940 3113 ’ος
985 3050 1045 3102 ἂν
1095 3052 1306 3112 ζητηση
1356 3056 1449 3109 τὴν
1495 3051 1682 3123 ψυχὴν
1741 3052 1901 3103 αὑτοῦ

291 3138 636 3213 ἐλευθερῶσαι
659 3138 759 3192 ἀπὸ
782 3149 880 3192 τῶν
904 3144 1233 3213 επαγομένων
1256 3141 1392 3211 αὐτῷ
1416 3138 1449 3194 δ
1457 3144 1509 3193 ια
1531 3146 1623 3200 τὴν
1641 3140 1901 3193 εὐσέϐειαν
1936 3162 1974 3215 C

291 3225 548 3281 κινδύνων
604 3232 705 3281 ῦπὸ
774 3239 867 3282 τοῦ
925 3230 1321 3303 ’Δντιχρίστου,
1391 3239 1452 3303 τῇ
1513 3230 1740 3302 ἀπωλείᾳ
1808 3239 1902 3291 τῆς

291 3318 584 3391 μελλούσης
614 3320 874 3381 κολάσεως
918 3317 1225 3393 παραδωσει
1277 3320 1460 3386 αὐτὴν,
1514 3323 1582 3382 ὡς
1634 3316 1902 3395 προδεδω-

291 3416 445 3459 κυίαν
476 3414 570 3466 τὴν
598 3412 797 3461 πίστιν.

369 3502 467 3549 Καὶ
523 3497 575 3557 ὃς
636 3529 702 3538 --
763 3497 947 3556 αὐτὴν.
1008 3497 1104 3560 ’ος
1155 3498 1214 3549 ἂν
1278 3497 1528 3573 ἀφαιρεθῇ
1590 3500 1751 3557 αὐτὴν
1809 3495 1903 3551 διὰ

287 3595 620 3659 μαρτυρικοῦ
666 3588 913 3652 θανάτου,
947 3587 1270 3659 ζωογονήσει
1318 3588 1501 3655 αὐτὴν,
1547 3592 1684 3655 ἤτοι,
1742 3595 1902 3640 σώσει

286 3678 424 3727 κατά
460 3679 549 3727 τὸν
576 3675 826 3747 μέλλοντα
856 3676 1036 3730 αἰῶνα.

358 3768 507 3835 Λέγω
574 3796 644 3805 -
726 3763 1042 3836 ἀφεθήσεται
1112 3767 1250 3834 (Η).

284 3858 445 3924 ﬁala};
476 3860 548 3925 Τῇ
601 3862 693 3905 τοῦ
734 3863 919 3929 καιροῦ
961 3863 1052 3915 τῆς
1112 3852 1357 3930 δευτέρας
1411 3862 1721 3930 παρουσίας.
1778 3862 1901 3927 Περὶ

1335 3770 1505 3839 Ταύτῃ
1580 3776 1641 3839 τῇ
1723 3772 1903 3819 νυκτί-

288 3937 348 3994 δὲ
380 3951 478 3993 τῶν
518 3945 566 3995 ἓν
598 3951 670 4013 τῷ
696 3942 841 4013 ἀγρῷ
874 3949 963 3996 καὶ
993 3954 1092 3996 τῶν
1132 3943 1439 4002 ἀληθουσών
1480 3949 1683 4017 εἴρηται
1732 3956 1900 4017 σαρώς

288 4031 338 4083 ἐν
364 4040 437 4102 τῷ
468 4042 797 4102 πεντηκοστῴ
822 4029 995 4105 ὀγδόῳ
1034 4033 1292 4105 κεφαλαίῳ
1324 4043 1415 4085 τοῦ
1444 4039 1577 4085 κατα
1607 4037 1895 4098 Ματθαῖον,

288 4125 379 4171 καὶ
424 4122 649 4183 ζήτησον
679 4120 781 4174 ἐκεῖ
812 4127 905 4180 την
946 4122 1197 4194 ἐξήγησιν
1226 4132 1336 4175 τοῦ’
1384 4130 1510 4176 Τοτε
1551 4120 1648 4175 δύο
1694 4127 1899 4176 ἔσονται

288 4208 337 4261 εν
366 4218 438 4280 τῷ
461 4208 626 4283 ἀγρῷ-

372 4394 470 4441 Καὶ
508 4387 842 4464 ἀποκριθέντι
886 4423 952 4432 -
999 4400 1121 4460 ποῦ,
1176 4394 1370 4465 Κύριε;
1408 4399 1513 4445 Ποῦ
1554 4392 1897 4465 παραλαμϐά-

290 4497 467 4529 νονται
492 4495 504 4545 ;
1934 4521 1977 4575 D

363 4566 422 4618 Ὀ
500 4600 562 4609 -
645 4567 802 4623 ἀετοί.
880 4574 1177 4637 Τουτέστιν,
1263 4571 1334 4634 εἰς
1419 4570 1707 4630 ἁπάντησίν
1774 4593 1896 4645 μου,

293 4656 367 4718 εἰς
433 4653 749 4731 δορυφορίαν
806 4664 895 4711 καὶ
946 4666 1282 4731 προπομπήν.
1341 4660 1549 4722 ’Δετοῦς
1625 4665 1714 4734 μὲν
1795 4666 1895 4737 γὰρ

292 4746 529 4818 ὠνόμασε
593 4752 714 4810 τοὺς
761 4745 1022 4814 δικαίους,
1092 4752 1162 4811 ὡς
1226 4749 1460 4821 ὑψηλοὺς
1532 4760 1644 4812 ταῖς
1697 4750 1897 4825 ἀρεταῖς

291 4840 383 4887 καὶ
438 4834 769 4909 βασιλικούς·
824 4848 977 4910 σῶμα
1031 4835 1109 4896 δε.
1180 4838 1381 4903 ἑαυτὸν,
1450 4843 1519 4901 ὡς
1596 4846 1895 4911 συναγωγὸν

292 4933 392 4976 τῶν
432 4928 677 4979 τοιούτων
718 4924 896 4984 ἀετῶν.
946 4934 1141 5000 Πτῶμα
1186 4924 1245 4981 δε
1290 4931 1348 4980 τὸ
1410 4937 1563 5001 σῶμα
1610 4930 1830 5002 ἔγραψεν
1873 4932 1897 4983 ὸ

292 5015 560 5076 Ματθαῖος
573 5058 586 5072 .

367 5228 417 5264 ’⁸
442 5228 635 5287 Matth.
666 5246 825 5297 xxiv,
858 5230 946 5302 40,

2017 1902 2215 1950 autem
2253 1895 2765 1967 prmcipitpropter
2796 1894 3170 1950 seductioues
3188 1888 3675 1963 pseudopmphe-

2017 1989 2213 2041 tarum
2239 1985 2599 2053 Antichristi,
2641 2002 2773 2055 qua}
2826 1990 2965 2038 tunc
3010 1983 3343 2053 frequenter
3392 1984 3583 2043 erunt,
3618 1982 3674 2032 et

2014 2075 2428 2131 vehementem
2458 2075 2646 2145 ipsius
2684 2072 3024 2128 Antichristi
3056 2070 3491 2141 deceptionem.

2086 2166 2247 2220 Vers.
2282 2168 2367 2220 3'2.
2394 2165 2673 2220 Memores
2703 2168 2875 2219 estote
2902 2161 3107 2218 uxoris
3132 2162 3256 2215 Lot.
3297 2158 3445 2224 Quid
3473 2155 3675 2211 videli-

2013 2260 2105 2310 cet
2135 2253 2214 2309 illi
2259 2254 2557 2309 acciderit.
2593 2256 2741 2308 Cum
2795 2254 2956 2307 enim
3002 2255 3153 2305 Deus
3186 2249 3292 2317 ipsi
3332 2248 3440 2301 Lot
3472 2243 3668 2316 signiﬁ

2014 2349 2208 2399 casset
2241 2349 2360 2397 uta
2389 2341 2666 2399 Sodomis
2715 2340 2965 2396 omnino
3020 2338 3266 2407 fugeret,
3317 2339 3558 2407 pr0pter
3588 2333 3674 2386 in-

2013 2432 2291 2488 cendium
2324 2431 2607 2486 divinitus
2623 2430 3091 2493 immittendum,
3122 2427 3285 2500 quod
3312 2426 3414 2480 illa
3427 2438 3673 2494 Oppres-

2014 2537 2222 2576 surum
2272 2527 2421 2586 erat,
2476 2537 2546 2575 ac
2594 2520 2975 2591 przecepisset
3032 2522 3095 2573 ut
3148 2531 3258 2571 nec
3332 2516 3390 2569 in
3443 2519 3671 2581 tergum

2012 2610 2387 2682 respiciendo
2426 2611 2902 2680 progrederetur,
2952 2607 3210 2677 respexit
3261 2620 3411 2660 uxor
3448 2602 3579 2673 ejus
3611 2601 3673 2656 in

2013 2704 2268 2768 tergum,
2303 2706 2359 2753 et
2409 2699 2565 2755 facta
2595 2705 2683 2753 est
2712 2704 2908 2753 statua
2938 2696 3079 2751 salis
3112 2712 3125 2751 :
3162 2699 3357 2750 statua
3403 2691 3671 2765 quidem,

2013 2789 2075 2845 in
2105 2788 2448 2860 exemplum
2481 2804 2684 2843 eorum
2715 2788 2818 2860 qui
2848 2803 2883 2842 a
2916 2785 3158 2841 salutari
3192 2784 3288 2839 via
3335 2782 3414 2838 ad
3446 2783 3673 2854 priores

2013 2893 2213 2934 mores
2238 2883 2613 2933 revertuntur
2668 2894 2682 2943 ;
2715 2876 2857 2931 salis
2895 2880 3119 2944 autem,
3166 2879 3405 2946 propter
3446 2869 3673 2943 peccati

2013 2967 2420 3024 acerbitatem.

2084 3056 2251 3111 Vers.
2282 3058 2369 3112 33.
2405 3055 2733 3125 Quicunque
2776 3092 2785 3097 ο
2831 3069 2976 3111 eam.
3004 3052 3353 3124 Quicunque
3374 3048 3673 3121 quaesierit

2013 3145 2273 3201 animam
2304 3161 2472 3200 suam
2500 3144 2751 3200 liberare
2774 3143 2846 3197 ab
2900 3142 3159 3196 inductis
3203 3139 3288 3195 illi
3323 3144 3563 3211 propter
3586 3153 3673 3193 re-

2014 3235 2296 3304 ligionem
2330 3235 2408 3290 ab
2434 3233 2792 3289 Antichristo
2827 3231 3122 3304 periculis,
3147 3229 3462 3302 perditioni
3490 3226 3672 3283 futuri

2012 3324 2285 3396 supplicii
2317 3324 2480 3379 trade
2510 3322 2693 3391 illam,
2726 3327 2787 3377 ut
2815 3338 2944 3393 quas
2980 3320 3162 3375 ﬁdem
3203 3317 3487 3391 prodidit.

2082 3504 2249 3557 Vers.
2279 3503 2373 3560 33.
2422 3503 2496 3558 Et
2545 3502 2875 3573 quicunque
2921 3501 3184 3555 —Eam.
3236 3496 3518 3568 Quisquis
3567 3510 3672 3567 per

2012 3592 2281 3665 martyrii
2332 3598 2574 3647 mortem
2623 3592 2753 3663 ipsa
2800 3589 2972 3646 fuerit
3012 3587 3300 3660 privatus,
3343 3586 3439 3641 hic
3491 3585 3671 3641 vitam

2010 3682 2094 3739 illi
2119 3681 2377 3748 parabit,
2411 3682 2533 3735 sive
2558 3678 2807 3735 servabit
2834 3695 2968 3733 eam
3002 3678 3058 3731 iu
3094 3676 3291 3732 futuro
3324 3674 3562 3730 saeculo.

2082 3772 2245 3827 Vers.
2275 3774 2361 3825 34.
2393 3771 2537 3826 Dico
2570 3801 2634 3811 -—
2682 3769 2845 3824 Vers.
2875 3768 2963 3822 33.
3020 3767 3429 3838 Relinquetur.
3464 3764 3527 3818 In
3572 3762 3673 3818 illa

2011 3867 2204 3924 nocte,
2229 3876 2346 3931 qua
2374 3862 2401 3915 ?
2442 3861 2505 3914 In
2545 3876 2636 3927 ea,
2669 3874 2809 3930 quos
2850 3857 2958 3912 erit
2986 3863 3252 3927 tempore
3293 3852 3538 3909 secundi
3572 3852 3671 3907 ad—

2012 3955 2222 4004 ventus
2269 3950 2481 4020 ipsius.
2537 3951 2613 4003 De
2664 3946 2757 4001 his
2812 3951 3033 4009 autem,
3076 3947 3181 4017 qui
3211 3951 3384 3999 erunt
3431 3943 3493 3997 in
3523 3956 3672 4013 agro

2010 4043 2066 4093 et
2101 4054 2233 4110 quae
2264 4043 2436 4093 erunt
2463 4036 2782 4091 molentes:
2816 4033 3126 4088 manifeste
3148 4032 3371 4087 dictum
3389 4036 3479 4086 est
3501 4031 3674 4102 quin-

2008 4128 2364 4199 quagesimo
2402 4130 2615 4182 octavo
2667 4125 2839 4195 juxta
2873 4122 3211 4177 Matthaeum
3244 4121 3437 4191 capite
3474 4124 3569 4176 :et
3590 4118 3672 4173 ibi

2008 4232 2210 4287 quaere
2234 4216 2375 4271 dicti
2410 4216 2564 4271 illius
2611 4214 3053 4270 enarrationem
3096 4227 3107 4264 :
3148 4210 3318 4268 Tunc
3351 4209 3465 4263 duo
3496 4212 3668 4264 erunt

2008 4304 2071 4360 in
2104 4321 2249 4375 agro
2280 4308 2349 4358 '8.

2082 4395 2242 4451 Vers.
2279 4402 2365 4451 37.
2395 4396 2469 4450 Et
2499 4392 2917 4464 respondentes
2947 4421 3016 4431 —
3043 4406 3171 4462 quo,
3211 4387 3454 4444 Domine
3475 4386 3503 4442 ?
3538 4387 3668 4452 Quo

2010 4491 2396 4540 assumentur
2429 4488 2456 4539 ἱ)

2082 4574 2245 4629 Vers.
2273 4574 2362 4628 37.
2393 4573 2468 4628 At
2491 4572 2815 4643 ——aquilw.
2846 4573 2964 4626 Hoc
2983 4573 3086 4636 est,
3114 4569 3171 4623 in
3190 4582 3507 4623 occursum
3526 4564 3667 4636 mei,

2010 4663 2087 4720 ad
2118 4662 2452 4719 satellitium
2476 4678 2545 4717 ac
2577 4661 3078 4733 prmmissionem.
3106 4658 3347 4729 Aquilas
3369 4654 3667 4727 siquidem

2012 4752 2346 4808 nominavit
2368 4752 2584 4824 justos,
2627 4756 2917 4821 tanquam
2950 4747 3265 4803 virtutibus
3297 4745 3583 4801 sublimes
3616 4748 3673 4798 et

2011 4843 2205 4912 regios
2238 4858 2251 4895 ;
2280 4857 2501 4912 corpus
2552 4855 2712 4909 vero,
2747 4855 2808 4895 se
2862 4839 3085 4911 ipsum,
3129 4842 3417 4908 tanquam
3450 4834 3667 4904 hujus-

2011 4930 2174 4986 modi
2203 4930 2433 5001 aquilas
2471 4934 2957 4997 cougregantem.
2991 4926 3164 4993 Quod
3210 4930 3412 4981 autem
3440 4922 3537 4978 hic
3566 4922 3673 4977 ha-

2010 5020 2177 5077 betur
2198 5028 2351 5093 σῶμα
2377 5035 2616 5092 corpus,
2668 5018 2967 5075 Matthaeus
3018 5015 3251 5089 scripsit
3305 5022 3513 5086 πτῶμα,
3554 5012 3671 5068 hoc

2010 5114 2098 5167 est
2127 5109 2396 5167 cadaver.

1503 5330 1727 5399 Varias
1768 5332 2097 5401 lectiones
2141 5342 2207 5400 et
2254 5341 2459 5401 noun.

363 5472 462 5561 (8)_
492 5473 626 5561 "Eni_
654 5477 772 5535 τοὺς
800 5482 891 5536 τῆς
922 5474 978 5529 Β.
1032 5473 1463 5544 Corrigendum
1515 5474 1767 5541 videtur,
1810 5481 1900 5529 καὶ

292 5550 413 5605 τοῦς
442 5550 526 5598 ἐπὶ
564 5553 681 5607 τῆς.

366 5616 445 5691 (9)
480 5616 808 5691 Hesychius
836 5627 891 5691 e_t
919 5618 1013 5673 alii
1049 5617 1275 5691 θεὰφιον,

366 5688 479 5759 (10)
508 5688 828 5762 Ἀναχωριίν
855 5688 1189 5762 frequenter
1206 5690 1459 5746 occurrit
1475 5689 1549 5745 de
1564 5690 1898 5762 monachis.

289 5761 396 5833 qui
412 5775 475 5814 se
489 5760 770 5833 separant
792 5760 974 5817 acom
983 5763 1199 5818 mercio
1211 5760 1692 5818 hominum.Com
1701 5762 1900 5835 parari

2014 5482 2211 5559 potest
2260 5477 2573 5534 Herodian.
2633 5492 2691 5548 p.
2765 5478 2852 5541 39,
2932 5478 2982 5529 ‘sv
3052 5482 3161 5537 τοῖς
3232 5476 3666 5549 ἁνακιχωρηκόσι

2011 5568 2443 5691 τοῖῗῆνθτευε
2473 5620 2563 5685 36,
2599 5620 3039 5691 praetermissus
3071 5618 3382 5691 estetiam
3416 5617 3496 5673 ab
3520 5620 3668 5674 Hen-

2012 5689 2188 5819 tepio.
2220 5695 2368 5763 Ergo
2397 5708 2507 5750 nec
2537 5689 2687 5748 is_in
2734 5706 2844 5749 suo
2896 5689 3198 5763 Euthymii
3251 5691 3452 5748 codice
3500 5704 3665 5763 repe-

2009 5778 2058 5818 ri
2089 5805 2102 5819 .
