4128 6392
478 333 605 390 1051

847 462 997 521 CAP.
1031 465 1162 521 LXI.
1199 465 1283 523 De
1294 464 1499 536 judice
1530 466 1749 539 iniquo.

547 554 705 611 CAP.
741 556 921 613 XLIII.
964 558 1126 611 Vers.
1159 561 1208 612 1.
1252 556 1485 613 Dicebat
1518 589 1584 597 —
1614 573 1808 614 orare.
1842 558 1941 612 Die
1968 557 2130 612 vide-

475 642 612 700 licet
635 650 692 701 et
722 652 909 709 nocte,
945 646 1221 715 congruis
1252 656 1305 701 et
1332 647 1625 702 ordinatis
1664 647 2054 719 temporibus.

546 734 710 789 Vers.
750 738 799 789 1.
830 735 955 791 Nec
993 736 1331 807 defatigari.
1359 739 1482 791 Non
1523 735 1774 792 deﬁcere
1806 742 2053 792 orantes.

547 912 712 969 Vers.
743 917 795 968 2.
832 914 1049 970 Dicens
1076 946 1143 954 —
1170 914 1333 970 Vers.
1386 918 1440 970 4.
1493 916 1872 989 Aliquandiu.
1930 918 2129 987 Neque

481 1003 651 1057 Deum
684 1003 923 1059 timebat
945 1004 1255 1074 jubentem
1283 1021 1386 1060 eos
1415 1006 1735 1067 vindicare.
1776 1006 1880 1077 qui
1912 1005 2131 1075 injuria

475 1091 665 1147 aﬂ‘ecti
696 1097 870 1151 sunt:
898 1109 1092 1165 neque
1130 1094 1434 1149 hominem
1475 1096 1877 1161 reverebatur,
1912 1095 2139 1166 quijuv

472 1180 708 1238 dicibus
726 1183 1076 1253 indignatur
1096 1198 1415 1256 oppressos
1433 1184 1912 1258 despicientibus.

544 1361 707 1417 Vers.
739 1364 789 1417 4.
822 1348 957 1418 Post
986 1361 1104 1417 lucc
1129 1393 1195 1403 —-
1226 1361 1392 1417 Vers.
1424 1368 1473 1418 5.
1506 1363 1684 1419 Illam
1723 1365 1809 1434 -Η-
1838 1362 2129 1419 Laborem

472 1464 636 1505 nunc
667 1450 827 1515 dicit,
860 1451 1262 1507 turbationem
1296 1452 1695 1524 (molestiam).

544 1540 708 1595 Vers.
744 1547 794 1597 5.
828 1542 912 1598 Nc
971 1562 1035 1583 δ-
1105 1558 1214 1597 me.
1267 1542 1336 1596 In
1379 1542 1574 1612 ﬁnem,
1625 1542 1736 1597 hoc
1790 1547 1896 1607 est,
1967 1557 2125 1614 pror-

478 1646 601 1699 sus,
631 1631 1327 1687 auttandem.Exturbet
1359 1639 1581 1699 autem,
1630 1632 1683 1687 id
1719 1637 1827 1695 est,
1875 1632 2130 1702 graviter

472 1720 718 1790 aspiciat
755 1721 821 1793 (t)
849 1727 950 1776 aut
974 1726 1149 1791 cogat
1177 1737 1189 1776 :
1221 1737 1360 1776 nam
1394 1721 1518 1777 haec
1558 1722 1850 1793 signiﬁcat
1876 1721 2128 1777 verbum

468 1810 759 1883 ύποπιάζῃ.

538 1902 695 1954 Vers.
732 1905 782 1956 6.
808 1900 906 1955 Ait
926 1930 994 1941 —
1023 1901 1203 1956 dicat.
1232 1902 1398 1969 Puta,
1432 1902 1596 1974 quod
1627 1917 1981 1974 quanquam
2004 1917 2126 1957 non

466 1994 711 2060 propter
760 1990 858 2044 Dei
910 1988 1182 2045 timorem
1216 1990 1368 2045 :hec
1426 1991 1679 2046 hominis
1709 1990 2122 2056 reverentiam,

471 2084 531 2133 at
568 2079 776 2133 saltem
830 2084 1071 2151 propter
1125 2079 1460 2135 molestiam
1514 2096 1583 2136 ac
1638 2080 2126 2152 interpellationis

474 2168 948 2233 continuitatem,
986 2169 1392 2224 vindicaturus
1423 2174 1509 2225 est
1540 2171 1724 2225 illam.

538 2257 705 2312 Vers.
729 2264 782 2312 7.
812 2260 966 2314 Deus
989 2290 1057 2298 —
1087 2266 1273 2315 nocte.
1310 2262 1636 2331 lnterrogat
1665 2260 1797 2323 hoc,
1834 2264 2123 2331 tanquam

466 2347 866 2402 necessarium
895 2352 956 2402 ut
982 2348 1168 2418 quivis
1201 2349 1472 2404 fateatur.

537 2436 775 2490 Vers.7.
812 2437 1073 2492 Etiam—
1107 2437 1624 2509 illis.Quanquam
1642 2441 1794 2492 Deus
1817 2436 2125 2508 superillis

463 2525 717 2596 primum
752 2525 1011 2581 tolerans
1043 2527 1118 2579 sit.
1148 2527 1455 2598 sivequasi
1488 2527 1791 2597 despicere
1815 2526 2123 2598 aliquanto

464 2618 731 2686 tempore
760 2615 1048 2680 videatur,
1094 2622 1156 2669 ut
1194 2616 1301 2687 ipsi
1334 2616 1671 2686 probentur.

534 2704 698 2758 Vers.
732 2704 789 2759 8.
832 2704 973 2760 Dico
997 2736 1060 2745 —
1093 2705 1227 2760 cito.
1279 2705 1535 2763 Omnino
1568 2710 1704 2777 post
1753 2704 2120 2760 tolerantiam

465 2792 657 2849 faciet.

534 2882 782 2948 Quidam
810 2898 951 2938 vero
973 2883 1144 2953 juxta
1168 2898 1480 2953 anagogen
1500 2883 1836 2953 intelligunt
1853 2883 2118 2953 judicem

461 2969 786 3040 injustitiee,
823 2974 1007 3026 Deum
1044 2988 1055 3025 :
1088 2972 1188 3045 qui
1226 2974 1407 3027 Deum
1442 2988 1561 3027 non
1594 2973 1778 3037 timet,
1813 2988 1951 3027 cum
1997 2986 2117 3026 non

462 3060 538 3115 sit
567 3059 718 3115 alius
751 3061 905 3116 Deus
931 3067 1142 3132 praeter
1171 3061 1391 3133 ipsum,
1454 3077 1563 3116 nec
1592 3061 1897 3116 hominem
1953 3076 2117 3116 reve-

1792 334 2141 397 EUTHYMII
2181 338 2513 396 ZlGABENl

3714 339 3852 398 1052

2456 472 2602 521 ΚΕΦ.
2636 463 2754 524 ΞΑ’.
2787 471 2913 541 Περὶ
2944 474 3035 519 τοῦ
3059 476 3243 540 κριτοῦ
3274 474 3365 529 τῆς
3396 462 3631 530 ἀδικίας.

2309 553 2489 628 Ἔλεγε
2521 588 2587 598 --
2619 559 3030 631 προσεύχεσθαι.
3068 558 3307 630 Ἡμέρας,
3342 554 3574 624 δηλαδὴ,
3605 561 3693 610 καὶ
3723 577 3852 610 νυκ-

2240 648 2341 714 τὸς,
2371 649 2506 697 κατὰ
2534 649 2654 706 τοὺς
2679 652 3043 721 προσήκοντας
3071 650 3303 721 καιρούς,

2312 740 2412 787 Καὶ
2493 740 2564 807 μὴ
2634 735 2887 789 ἐκκακείν.
2970 742 3054 794 Μὴ
3144 735 3460 809 ἀποκάμνειν
3554 757 3845 811 προσευχο-

2239 828 2440 897 μένους.

2311 919 2488 987 Λέγων
2549 945 2615 956 -
2680 915 2766 967 ἐπὶ
2818 919 3028 988 χρόνον.
3106 922 3253 973 Μήτε
3320 918 3409 967 τὸν
3460 919 3587 968 Θεὸν
3664 916 3851 988 φοϐού-

2238 1023 2406 1075 μενος,
2476 1008 2561 1056 τὸν
2638 1004 2906 1057 κελεύοντα
2968 1002 3190 1057 ἐκδικεῖν
3270 1009 3391 1067 τοὺς
3449 1001 3846 1077 ἀδικουμένους·

2239 1098 2365 1165 μήτε

2238 1190 2340 1243 τοῖς
2377 1180 2659 1244 δικασταῖς
2707 1191 2818 1245 τοῖς
2852 1192 3137 1258 περιορῶσι
3179 1186 3301 1245 τοὺς
3346 1186 3480 1236 κατὰ
3512 1181 3851 1237 δυναστευο-

2465 1096 2734 1168 ἄνθρωπον
2847 1093 3223 1168 ἐντρεπόμενος,
3328 1098 3415 1146 τὸν
3525 1099 3849 1167 μεμφόμενον

2237 1276 2389 1343 μένου
2401 1292 2442 1332 ς.

2309 1364 2453 1414 Μετὰ
2483 1357 2542 1414 δὲ
2571 1369 2738 1414 ταῦτα
2767 1393 2833 1401 —
2880 1361 3062 1420 αὐτὴν.
3100 1364 3268 1414 Κὸπον
3319 1359 3378 1415 δὲ
3407 1361 3522 1433 (12)
3574 1360 3710 1433 λέγει
3737 1370 3847 1426 νῦν,

2239 1455 2333 1509 τὴν
2363 1450 2498 1522 ὃχλη
2508 1470 2611 1505 σιν.

2306 1539 2419 1594 Ἵνα
2461 1570 2528 1583 -
2582 1560 2663 1613 με.
2721 1540 2810 1603 Εἰς
2860 1540 3022 1603 τέλος,
3075 1544 3238 1610 ἤγουν
3310 1541 3446 1614 ἄχρι
3498 1545 3706 1607 παντὸς,
3774 1538 3849 1593 δι’

2241 1630 2378 1683 ὅλου.
2410 1630 2713 1703 ’Υπωπιοὲςῃ
2745 1630 2858 1702 (13)
2890 1650 2951 1703 με
2984 1627 3063 1694 δὲ,
3108 1627 3220 1681 ἂντί
3247 1638 3360 1698 τοῦ,
3392 1638 3615 1703 Δυσωπῇ
3647 1630 3779 1703 (14),
3815 1634 3846 1690 ἦ

2241 1720 2430 1794 Ms

2310 1898 2433 1953 Εἶπε
2462 1930 2529 1942 -
2557 1899 2713 1971 λέγει.
2744 1907 2884 1963 Ὅτι,
2920 1899 2961 1952 εἰ
3009 1904 3098 1952 καὶ
3132 1905 3202 1970 μὴ
3247 1896 3283 1951 ὃ
3288 1901 3342 1951 ιὰ
3382 1898 3537 1972 φόϐον
3562 1904 3709 1963 Θεοῦ,
3756 1904 3844 1951 καὶ

2238 1990 2487 2066 ἐντροπὴν
2520 1989 2809 2063 ἀνθρώπου.
2848 1989 2975 2041 ἀλλά
3013 2010 3073 2059 γε
3109 1987 3203 2041 διὰ
3239 1993 3331 2047 τὴν
3362 1989 3610 2061 ὄχλησιν,
3657 1994 3746 2041 καὶ
3786 1993 3844 2041 τὸ

2239 2083 2450 2152 συνεχὲς
2480 2088 2576 2143 τῆς
2605 2079 2869 2143 ἐντεύξεως
2900 2076 3171 2138 ἐκδικήσει
3202 2078 3386 2137 αὐτὴν.

2304 2256 2363 2309 Ὀ
2395 2252 2454 2309 δὲ
2485 2259 2613 2318 Θεὸς
2645 2286 2711 2296 --
2741 2259 2943 2317 νυκτός.
2993 2255 3190 2328 Ἐρωτᾷ
3229 2262 3403 2323 τοῦτο,
3454 2256 3524 2317 ὡς
3562 2254 3843 2327 ἀναγκαῖον

2238 2345 2559 2418 συνομολογη
2571 2348 2741 2404 θῆναι.

2308 2440 2408 2488 Καὶ
2440 2466 2506 2476 -
2552 2435 2767 2499 αὖτοῐςς
2798 2433 2857 2487 Ὀ
2885 2437 3036 2499 Θεὸς
3083 2435 3109 2485 ὁ
3140 2439 3229 2486 καὶ
3260 2436 3609 2508 μακροθυμῶν
3640 2432 3716 2486 ἐπ’
3746 2434 3847 2485 αὐ-

2234 2533 2343 2586 τοῖς
2367 2530 2632 2599 πρότερον,
2664 2528 2823 2596 ἤγουν
2856 2526 2880 2576 ὀ
2910 2532 3149 2599 παρορῶν
3177 2524 3367 2586 αὐτοὺς
3408 2522 3486 2576 ἐπ’
3533 2523 3727 2594 ὀλίγον,
3761 2526 3846 2576 ἶνα

2235 2612 2629 2687 δοκιμασθῶσι.

2306 2709 2455 2776 Λέγω
2486 2735 2549 2743 -
2579 2706 2757 2775 τάχει.
2782 2706 2925 2756 Μετὰ
2953 2708 3043 2762 τὴν
3066 2704 3432 2777 μακροθυμίαν
3456 2703 3678 2763 πάντως.

2301 2882 2444 2940 Τινὲς
2477 2874 2535 2930 δὲ
2564 2880 2698 2929 κατὰ
2728 2876 3001 2948 ἀναγωγὴν
3030 2885 3211 2930 νοοῦσι
3237 2882 3422 2952 κριτήν
3464 2884 3558 2937 τῆς
3601 2873 3839 2943 ἀδικίας,

2230 2971 2317 3020 τὸν
2348 2972 2497 3027 Θεὸν,
2544 2972 2675 3039 μήτε
2707 2971 2834 3019 Θεὸν
2876 2966 3203 3038 φοϐούμενον,
3252 2969 3319 3028 ὡς
3371 2970 3442 3038 μὴ
3487 2968 3631 3027 ὄντος
3669 2966 3840 3039 ἑτέρου

2230 3064 2357 3112 Θεοῦ
2414 3058 2536 3131 παρ’
2592 3056 2767 3123 αὐτὸν,
2823 3062 2949 3127 μήτε
3001 3058 3269 3130 ἄνθρωπον
3324 3054 3705 3129 ἐντρεπόμενον,
3771 3060 3842 3119 ὡς

459 3154 637 3217 retur,
665 3155 869 3222 utpote
900 3167 1104 3206 carens
1137 3156 1407 3221 respectu
1439 3166 1856 3221 personarum.
1908 3149 2118 3205 Civita-

2231 3146 2731 3219 ἀπροσωπόληπτον·
2760 3145 2905 3198 πόλιν
2930 3143 3006 3210 δὲ,
3041 3150 3134 3203 τὴν
3154 3145 3466 3203 Ἐκκλησίαν
3494 3153 3591 3196 τῶν
3614 3153 3837 3197 πιστῶνο

462 3242 578 3293 tem
613 3255 773 3305 vero,
806 3240 1131 3296 Ecclesiam
1173 3240 1373 3295 dicunt
1400 3239 1705 3310 ﬁdelium;
1738 3241 1986 3294 viduam
2016 3256 2119 3295 au-

458 3332 599 3394 tem,
642 3328 974 3401 quamlibet
1030 3328 1296 3384 animam
1343 3334 1680 3399 separatam
1732 3345 1767 3383 a
1823 3328 2117 3383 daemonis

460 3417 881 3489 conjunctione
916 3435 930 3485 ;
960 3419 1318 3474 contrarium
1364 3434 1503 3471 vero
1559 3418 1735 3483 illius,
1785 3417 2115 3472 diabolum.

459 3506 731 3562 Ostendit
758 3522 900 3576 ergo
930 3507 1241 3578 parabola,
1274 3507 1437 3577 quod
1493 3522 1586 3561 res
1617 3507 1689 3561 sit
1732 3507 1990 3562 maxime
2022 3522 2122 3561 ex-

461 3596 708 3667 pediens
750 3597 1032 3652 orationis
1063 3596 1521 3667 perseverantia.

529 3685 989 3759 Chrysostomus
1028 3700 1167 3739 vero
1212 3684 1463 3754 impium
1490 3700 1558 3739 ac
1603 3684 2003 3739 inhumanum
2036 3683 2121 3737 di-

458 3790 603 3832 cens
638 3775 798 3829 hunc
831 3773 1121 3845 judicem,
1178 3772 1738 3844 rejicithujusmodi
1781 3788 2115 3845 anagogen-

528 3953 696 4008 Vers.
732 3957 786 4009 8.
844 3953 1259 4009 Verumtamen
1301 3983 1370 3991 -—
1392 3957 1554 4008 terra
1582 3952 1609 4007 ?
1636 3954 1772 4009 Cum
1806 3952 2032 4008 venerit
2059 3952 2117 4008 in

456 4043 724 4098 secundo
751 4041 1031 4097 adventu.
1052 4042 1379 4111 lnterrogat
1404 4046 1605 4097 autem
1633 4042 1776 4097 etde
1807 4042 1943 4105 hoc,
1975 4059 2114 4108 non,

453 4132 619 4206 quod
648 4131 897 4202 ignoret,
925 4131 1030 4189 sed
1063 4131 1403 4195 ostendens,
1426 4131 1588 4203 quod
1617 4136 1753 4187 tunc
1768 4132 1945 4202 pauci
1975 4131 2120 4188 ﬁde-

456 4214 539 4280 les
569 4221 955 4279 invenientur.

668 4312 832 4370 CAP.
868 4312 1022 4366 LXII.
1057 4312 1137 4366 De
1168 4310 1458 4365 Pharisdo
1490 4315 1541 4366 et
1572 4309 1901 4380 publicano.

522 4402 685 4457 Vers.
706 4401 764 4458 9.
798 4401 964 4457 Dixit
978 4431 1042 4440 —
1056 4400 1227 4455 Vers.
1249 4403 1329 4455 10.
1350 4399 1738 4455 Publicanus.
1764 4402 1911 4472 Apte
1930 4415 2115 4456 unum

450 4491 772 4563 proposuit
790 4489 1156 4545 Pharisaaum
1177 4494 1232 4543 et
1257 4488 1508 4543 alterum
1534 4488 1940 4560 publicanum;
1974 4489 2119 4545 Pha-

460 4578 620 4637 risaei
642 4578 940 4651 siquidem
971 4577 1114 4649 justi
1146 4577 1516 4643 videbantur,
1549 4582 1605 4633 et
1639 4577 1941 4649 publicani
1985 4594 2117 4651 pec-

458 4673 706 4725 calores.

524 4758 690 4813 Vers.
724 4762 805 4811 lt.
843 4756 1173 4813 Phariszeus
1204 4787 1272 4797 —
1304 4756 1680 4825 publicanus.
1714 4756 1877 4812 Talia
1912 4772 2111 4822 orans,

459 4846 606 4903 nihil
639 4845 802 4902 aliud
829 4845 1065 4916 agebat,
1098 4863 1265 4917 quam
1299 4846 1458 4918 quod
1490 4862 1550 4901 se
1581 4846 1775 4916 ipsum
1807 4846 2111 4901 laudabat.

457 4942 701 4993 caeteros
734 4952 871 4992 vero
902 4934 1178 4991 homines
1204 4952 1275 4992 ac
1331 4935 1723 5009 publicanum
1773 4935 2113 5007 spernebat.

524 5065 571 5100 ²⁹
611 5062 809 5120 Matth.
842 5078 996 5129 xxiv,
1029 5065 1120 5120 27.

2142 4651 2190 4706 D

2230 3243 2402 3310 χήραν
2434 3233 2512 3301 δε,
2547 3242 2720 3287 πᾶσαν
2742 3234 2949 3305 ψυχὴν,
2983 3238 3051 3295 ὼς
3082 3237 3428 3307 χηρεῦσασαν
3458 3244 3547 3295 τῆς
3576 3238 3701 3306 πρὸς
3748 3238 3835 3287 τὸν

2232 3322 2460 3396 δαίμονα
2503 3329 2798 3396 συναφείας·
2832 3322 3094 3375 ἀντίδικον
3127 3320 3185 3376 δε
3215 3323 3398 3386 αὐτῆς,
3439 3326 3523 3375 τὸν
3569 3320 3834 3379 διάϐολον.

2230 3412 2460 3477 Ἔδειξεν
2484 3411 2570 3466 οὖν
2606 3416 2634 3471 ὴ
2664 3412 2955 3487 παραϐολὴ,
2991 3414 3071 3465 ὅτι
3096 3412 3487 3487 ἀνυσιμώτατον
3512 3416 3626 3466 ἐστι
3654 3416 3709 3465 τό
3741 3422 3840 3475 τῆς

2229 3512 2539 3579 προσευχῆς
2572 3503 2830 3576 ἐπίμονον.

2304 3680 2381 3751 [Ὀ
2410 3680 2520 3751 (15)
2554 3677 2613 3733 δὲ
2655 3686 3053 3753 Χρυσόστομος,
3104 3680 3311 3733 ἀνόσιον
3361 3681 3470 3749 (16)
3523 3685 3614 3732 καὶ
3663 3678 3837 3732 ἀποίν-

2232 3774 2432 3844 θρωπον
2458 3770 2616 3841 λέγων
2639 3774 2725 3822 τὸν
2755 3779 2987 3823 τοιοῦτον
3014 3776 3211 3845 κριτὴν,
3249 3772 3535 3823 ἀπωθεῖται
3549 3774 3641 3827 τὴν
3662 3772 3839 3823 τοιαύο

2226 3880 2321 3919 την
2353 3858 2677 3932 ἀναγωγήν]

2302 3949 2440 4008 Πλὴν
2464 3981 2528 3989 --
2550 3958 2678 4019 γῆς;
2703 3949 2890 4002 Ἐλθὼν
2915 3947 2961 4000 ἐν
2979 3958 3041 4021 τῇ
3077 3946 3296 4024 δευτέρᾳ
3321 3954 3608 4023 παρουσίᾳ.
3633 3950 3839 4021 Ἐρωτᾴ

2229 4036 2289 4091 δὲ
2318 4043 2407 4092 καὶ
2437 4043 2551 4113 περὶ
2579 4042 2783 4103 τούτου,
2820 4038 2925 4110 οὐχ
2956 4042 3018 4100 ὡς
3059 4037 3274 4109 ἀγνοῶν,
3308 4038 3414 4091 ἀλλ’
3447 4038 3724 4112 ἐμφαίνων²
3757 4042 3837 4092 ὄτι

2228 4128 2394 4201 ὀλίγοι
2424 4133 2607 4181 πιστοὶ
2629 4130 2807 4201 εὑρεθή
2820 4147 2997 4181 σονται
3034 4133 3170 4185 τότε.

2513 4310 2552 4329 ...
2593 4307 2607 4329 ,
2769 4314 2778 4327 .
3152 4312 3162 4324 .
3314 4310 3325 4326 .
3436 4314 3456 4324 -
3590 4313 3599 4322 ,

2339 4314 2484 4362 ΚΕΦ.
2512 4315 2590 4361 .::.B
2613 4350 2626 4363 .
2662 4316 2786 4384 Περι
2811 4328 2903 4361 του
2935 4315 3223 4383 Φαρισαιου
3246 4328 3331 4360 και
3367 4327 3457 4360 του
3483 4307 3722 4363 τελωνου.

2301 4396 2422 4451 Εἶπε
2445 4429 2510 4437 -
2527 4397 2766 4461 τελώνης.
2782 4398 2831 4451 Ἃ
2841 4419 2870 4473 ρ
2876 4394 2981 4470 μοδ
2988 4403 3072 4458 ἰως
3087 4400 3175 4449 τὸν
3192 4398 3279 4449 ε’νᾶ
3294 4402 3576 4470 Φαρισαῖον
3594 4399 3832 4464 ὑπέθετο,

2227 4492 2316 4540 καὶ
2349 4490 2436 4539 τὸν
2462 4488 2647 4560 ἕτερον,
2680 4488 2899 4545 τελώνην
2925 4506 2937 4519 ο
2963 4490 3012 4539 οἱ
3043 4493 3321 4562 Φαρισαῖοι
3359 4490 3449 4559 μὲν
3495 4489 3596 4561 γὰρ
3631 4483 3837 4539 δίκαιοι

2228 4574 2493 4645 δοκοῦσιν,
2530 4579 2578 4630 οἱ
2606 4576 2817 4629 τελῶναι
2848 4574 2907 4631 δὲ
2937 4575 3255 4651 ἁμαρτωλοί.

2297 4763 2341 4808 Ο
2410 4763 2690 4830 Φαρισαῖος
2749 4787 2819 4797 -
2878 4755 3119 4815 τελώνης.
3177 4762 3406 4808 Τοιαῦτα
3470 4758 3829 4827 προσευχόμε-

2224 4865 2327 4911 νος,
2380 4843 2531 4898 οῦδεν
2580 4847 2747 4921 ἕτερον
2801 4844 2978 4911 ἐποίει,
3036 4850 3065 4903 ἧ
3122 4844 3431 4917 ἐνεκωμίαζε
3481 4848 3571 4917 μὲν
3625 4843 3821 4906 ἑαυτὸν,

2226 4932 2480 5000 ἐξουδένει
2525 4932 2584 4988 δὲ
2628 4940 2747 4997 τοὺς
2782 4934 2995 4998 λοιποὺς
3034 4934 3351 5008 ἀνθρώπους,
3400 4939 3490 4987 καὶ
3535 4937 3619 4987 τὸν
3664 4928 3824 4983 τελώ-

1659 5133 1885 5201 Variaa
1922 5132 2249 5201 lectiones
2281 5145 2345 5201 et
2376 5145 2578 5201 notae.

523 5277 635 5349 (12)
668 5280 729 5330 As’
755 5276 1054 5333 omittitB.
1112 5276 1237 5349 Hoc
1298 5274 1524 5349 scholio
1578 5280 1742 5349 caret
1770 5276 2107 5342 Hentenius,

451 5347 623 5423 apud
655 5364 837 5423 quem
874 5352 1188 5423 contextus
1206 5347 1462 5419 junctim
1492 5347 1724 5418 legitur.

546 5420 630 5492 13)
659 5419 975 5480 ’Ῠπωπιοξζει
996 5426 1058 5492 Β.

546 5425 630 5492 13)
659 5425 975 5480 ’Υπωπιοξζει
996 5426 1058 5476 Β,

522 5425 639 5565 (14)
669 5498 931 5545 Δυσωπιεί
960 5492 989 5551 ἣ
1022 5490 1202 5565 βιάζει
1230 5492 1287 5545 Β.

522 5598 591 5669 (ι)
621 5599 773 5655 Satis
824 5602 1074 5671 apparet
1126 5614 1199 5654 ex
1237 5596 1533 5671 versione,
1564 5596 1917 5654 Hentenium
1953 5599 2115 5653 inve-

448 5665 611 5727 nias-0
689 5665 957 5729 ὑποπιᾶξη
1022 5671 1309 5727 Cmterum
1374 5665 1638 5722 δυσωπεῖν
1694 5688 1811 5721 τινα
1838 5685 1959 5725 non
2025 5675 2115 5727 est

447 5743 707 5817 graviter
716 5740 996 5816 aspicere,
1011 5743 1243 5801 vultum
1253 5741 1507 5812 alicujus
1519 5740 1589 5796 ad
1596 5740 1878 5813 pudorem
1891 5748 1945 5799 et
1960 5757 2115 5799 vere-

2289 5276 2405 5348 (15)
2431 5275 2752 5348 Inclusain
2784 5275 3056 5348 margine
3075 5274 3259 5330 habet
3286 5275 3351 5329 A.
3377 5275 3442 5348 In
3468 5276 3632 5328 textu
3660 5272 3720 5348 B_.

2290 5277 2383 5344 (15
2431 5277 2665 5334 Inclusa
2692 5277 2752 5331 in
2784 5277 3056 5348 margine
3075 5277 3259 5330 habet
3286 5277 3351 5329 A.
3377 5277 3442 5329 In
3468 5277 3632 5328 textu
3660 5277 3720 5326 B.

2290 5277 2406 5436 (16)
2451 5348 2629 5436 ἔριιά
2662 5347 3154 5436 Chrysostomum
3190 5352 3317 5402 tom
3349 5346 3459 5412 Vll,
3501 5359 3656 5436 pag.
3701 5344 3833 5400 581.

2222 5418 2283 5476 C.
2302 5415 2419 5477 est.
2449 5415 2624 5495 Εἷγὰρ
2655 5415 2796 5493 γυνῆ
2820 5420 2958 5493 ὠμόν
2982 5438 3099 5470 τινα
3120 5420 3377 5492 ἄρχοντα,
3404 5436 3457 5471 κ.
3490 5415 3539 5471 τ.
3562 5415 3612 5470 λ.

2223 5598 2503 5654 cundiam
2522 5613 2772 5662 movere,
2798 5597 3071 5667 adeoque
3101 5611 3370 5655 exorare.
3391 5597 3514 5652 Hoc
3536 5595 3671 5651 loco
3692 5592 3837 5650 red-

2222 5669 2363 5727 dere
2388 5670 2613 5745 possis:
2642 5670 2876 5728 Pudere
2904 5684 2995 5725 me
3017 5669 3229 5739 faciat.
