4128 6392
337 340 472 399 1053
1362 344 1737 407 COMMENT.
1778 348 1847 404 IN
1888 347 1967 405 Ll.‘

2070 349 2158 408 Μ.
2200 380 2264 390 --
2298 349 2461 408 CAP.
2504 350 2697 407 XVIII.
3561 350 3700 409 1054

328 486 441 535 νην,
469 472 642 522 καίτοι
683 471 979 542 γέγραπται
1025 475 1105 527 ὅτι
1151 470 1548 548 Ἐγκωμιαζίτω
1576 495 1633 530 σε
1677 477 1702 529 ὁ
1748 476 1925 540 πέλας,

2067 475 2213 550 ιίᾳυί
2238 476 2518 550 scriptum
2548 484 2639 536 est
2670 501 2683 534 :
2730 479 2952 538 Laudet
3001 484 3058 537 te
3091 480 3339 538 uicinus‘
3386 487 3439 538 et
3478 496 3596 538 non
3632 497 3697 539 os

328 560 420 611 καὶ
473 562 545 631 μή
622 562 680 612 τὸ
757 564 848 614 σὸν
918 566 1108 635 στόμα,
1187 562 1470 639 ἀλλότριος,
1548 571 1637 618 καὶ
1705 570 1775 639 μὴ
1863 569 1929 619 τὰ

1548 571 1637 618 καὶ
1705 570 1775 639 μὴ
1863 569 1929 619 τὰ
2039 573 2221 632 tuum,
2251 568 2481 625 alienus
2502 576 2555 626 et
2585 585 2700 625 non
2733 570 2885 626 labia
2907 577 3008 627 tua
3046 572 3118 628 ³ο.

334 649 404 698 σὰ
432 648 585 719 χείλη
596 691 610 707 .

402 740 654 794 Νηστεύω
681 770 749 779 --
778 739 1064 797 Σαϐϐάτου.
1094 741 1356 797 Σάϐϐατον
1388 742 1606 797 ἐνταῦθα
1633 744 1787 817 λέγει,
1840 751 1927 803 τήν

2109 745 2275 802 Vers.
2355 748 2438 801 12.
2497 747 2711 815 Jejuno
2744 778 2808 788 -—-
2854 746 3133 804 Sabbato.
3167 746 3503 805 Sabbatum
3556 745 3700 804 dicit

331 824 453 883 ὃλην
493 825 787 900 ἑϐδομάδα.

2038 834 2137 890 hic
2168 839 2351 890 totam
2383 835 2857 893 hebdomadam.

405 912 739 970 ’Δποδεκατῶ
768 948 830 961 —
858 928 1079 995 κτῶμαι.
1110 924 1277 998 Χάριν
1302 932 1398 976 τῶν
1438 930 1684 985 πενήτων.

2113 924 2273 979 Vers.
2336 926 2423 980 13.
2491 926 2745 982 Decimus
2786 926 2852 980 do
2911 957 2977 967 —
3018 926 3308 997 possideo.
3353 926 3693 999 Pauperum

2040 1015 2253 1086 gratia.

406 1101 505 1149 Καὶ
533 1127 595 1138 -
622 1099 831 1171 ἐπᾶραι.
867 1104 1062 1175 Κρίνων
1094 1100 1273 1154 ἑαυτὸν
1305 1101 1531 1169 ἀνάξιον,
1564 1102 1623 1155 ού
1653 1107 1805 1175 μόνον
1837 1111 1931 1165 τῆς

2111 1105 2274 1160 Vers.
2305 1107 2387 1169 t3,
2414 1106 2490 1160 Et
2519 1135 2584 1146 —
2608 1107 2900 1173 attollere,
2925 1109 3049 1163 Non
3069 1106 3268 1163 solum
3289 1106 3610 1177 indignum
3631 1122 3694 1162 se

328 1182 487 1256 ἐγγύς
553 1189 802 1257 στάσεως,
887 1188 1016 1242 ἀλλὰ
1078 1196 1169 1243 καὶ
1242 1200 1334 1246 τοῦ
1401 1190 1635 1247 ἀτενίσαι
1718 1193 1790 1255 εἰς
1841 1196 1929 1244 τὸν

2068 1193 2331 1260 udicans,
2372 1200 2437 1251 ut
2465 1210 2651 1267 prope
2694 1199 2895 1260 staret,
2928 1211 3139 1254 verum
3168 1196 3369 1263 etiam,
3398 1200 3461 1253 ut
3489 1196 3552 1253 in
3582 1211 3698 1253 coa-

328 1275 563 1348 οὐρανόν.

2036 1281 2166 1340 lum
2204 1283 2556 1341 intenderet.

398 1364 533 1417 Ἀλλ’
577 1396 645 1407 -
701 1366 1011 1443 ἁμαρτωλῷ.
1076 1366 1469 1434 Ἐξουδενωθεὶς
1521 1372 1621 1423 ὑπὸ
1669 1379 1760 1424 τοῦ
1829 1378 1928 1425 Φα·

2108 1373 2273 1429 Vers.
2334 1377 2421 1432 13.
2474 1375 2591 1431 Sed
2620 1404 2690 1417 —
2717 1374 3025 1447 peccatori.
3056 1375 3302 1448 Spretus
3333 1389 3371 1432 a
3391 1374 3692 1432 Pharisaao

323 1459 561 1527 ρισαίου,
609 1455 798 1527 μᾶλλον
847 1465 1280 1532 προσκατεκρινεν
1311 1460 1513 1524 ἑαυτὸν,
1572 1466 1661 1513 καὶ
1718 1464 1929 1513 ἔτυπτεν

2064 1476 2173 1519 sese
2187 1464 2378 1534 magis
2396 1463 2532 1520 hinc
2545 1463 3007 1530 condemnabat,
3027 1468 3086 1521 et
3098 1464 3468 1536 percutiebat
3487 1469 3694 1536 pectus

330 1543 397 1605 εἰς
456 1548 513 1597 τό
572 1547 765 1610 στῆθος
819 1547 1001 1616 αὐτοῦ,
1051 1547 1325 1621 ἐμφαίνων,
1387 1552 1468 1603 ὃτι
1514 1550 1725 1623 πληγῶν
1788 1549 1929 1603 ἔστιν

1852 1570 1929 1603 τιν
2039 1566 2239 1619 suum,
2280 1552 2623 1619 ostendens,
2657 1553 2821 1625 quod
2848 1553 3037 1625 plagis
3066 1552 3281 1625 dignus
3308 1558 3482 1610 esset.

327 1633 475 1697 ἄξιος
515 1635 651 1708 (t7).

395 1725 439 1795 -ι-
470 1723 802 1781 Verberans
830 1726 989 1783 enim
1026 1734 1248 1799 pectus,
1282 1730 1536 1788 crimina
1577 1729 1911 1794 conﬁtetur,
1964 1732 2021 1786 et
2067 1733 2358 1804 tanquam
2390 1730 2673 1789 morbum
2725 1731 2960 1789 medico
3010 1731 3428 1797 manifestans,
3491 1747 3702 1805 preca-

331 1816 428 1867 tur
454 1812 569 1868 sibi
603 1815 1071 1873 misericordiam
1098 1818 1381 1875 exhiberi.

405 1906 652 1973 Λέγω-
712 1903 915 1966 ἐκεῖνος.
952 1910 1095 1979 Παρό
1147 1906 1354 1975 ἐκεῖνος,
1410 1912 1588 1980 ἤγουν,
1652 1910 1745 1961 ούκ
1801 1908 1929 1962 ίκιίο
1963 1909 2005 1964 Β

2112 1911 2275 1967 Vers.
2310 1915 2392 1967 14.
2423 1912 2554 1968 Dico
2583 1942 2654 1952 —
2679 1912 2801 1967 ille.
2833 1913 2949 1967 Hoc
2977 1914 3085 1976 est,
3120 1915 3321 1968 etnon
3352 1910 3469 1967 ille.
3505 1911 3697 1984 Siqui—

331 2010 436 2053 νος.
504 1991 562 2044 Ὀ
619 1996 709 2064 μὶν
774 1997 875 2066 γὰρ
937 1991 1233 2058 δικαιώσας
1301 2002 1454 2068 μόνον
1512 1999 1714 2064 ἑαυτὸν,
1782 2018 1929 2051 κατε-

2070 2002 2179 2057 lem
2205 2001 2311 2073 qui
2352 2016 2480 2056 sese
2515 2000 2669 2056 adeo
2691 2000 3146 2073 justiticaverat,
3179 2017 3216 2057 a
3249 2003 3368 2059 Deo
3415 2001 3700 2058 condem-

333 2075 566 2139 δικάσθη
610 2084 752 2157 παρὰ
786 2091 918 2137 Θεοῦ
944 2106 956 2118 ·
990 2086 1016 2137 ὁ
1049 2082 1107 2138 δε
1132 2084 1502 2150 καταδικάσας
1529 2093 1681 2160 μόνον
1731 2088 1930 2153 ἑαυτὸν,

2069 2097 2218 2146 latus
2248 2093 2357 2157 est,
2398 2097 2453 2145 et
2482 2090 2585 2161 qui
2613 2104 2747 2145 sese
2791 2090 2943 2146 adeo
2968 2090 3475 2147 condemnaverat
3511 2106 3549 2146 a
3578 2090 3699 2147 Deo

329 2164 618 2227 ἐδικαιώθη
686 2175 830 2244 παρὰ
895 2178 1041 2227 Θεοῦ.
1102 2180 1201 2227 Καὶ
1270 2179 1455 2228 τούτου
1508 2181 1597 2249 μὲν
1643 2179 1812 2229 πάντα
1870 2179 1934 2229 τὰ

2070 2178 2520 2245 ustiﬁcatusest;
2547 2183 2603 2235 et
2624 2177 2781 2234 illius
2808 2178 3055 2250 quidem
3078 2178 3433 2235 eminentias
3460 2194 3693 2245 omnes,

328 2264 699 2332 προτερήματα
754 2259 1050 2324 ἐξεκένωσεν
1082 2265 1111 2321 ἡ
1164 2267 1371 2327 οῖησις’
1416 2265 1607 2319 ἐκείνου
1653 2263 1712 2319 δὲ
1764 2269 1935 2319 πάντα

2062 2285 2153 2324 Leu
2178 2268 2341 2324 bona
2357 2283 2561 2340 opera,
2588 2269 2899 2323 evacuavit
2917 2268 3206 2339 jactantia
3235 2284 3247 2323 :
3278 2268 3459 2339 hujus
3495 2273 3692 2324 autem

328 2349 395 2399 τὰ
446 2345 783 2421 ἐλαττώματα
831 2350 1133 2426 ἐξεφόρησεν
1187 2356 1215 2412 ἡ
1271 2360 1601 2417 ταπείνωσις.
1661 2356 1797 2431 Ὀρα
1821 2355 1928 2419 οὖν,

2068 2374 2255 2414 ιωηεε
2279 2357 2545 2413 defectus
2576 2356 2817 2429 replevit
2842 2356 3149 2414 humilitas
3177 2356 3297 2413 sive
3324 2358 3570 2430 propria
3598 2357 3698 2413 de-

329 2444 440 2496 πῶς
483 2433 725 2502 διάθεσις
754 2437 975 2511 καρδίας
1004 2447 1093 2494 καὶ
1122 2442 1273 2514 λόγος
1327 2450 1586 2517 στόματος
1631 2444 1680 2497 ἐν
1734 2445 1935 2519 βραχεῖ

2068 2448 2240 2504 ectio.
2276 2446 2415 2503 Vide
2454 2460 2619 2516 ergo,
2656 2447 2969 2518 quomodo
3008 2446 3170 2502 brevi
3198 2453 3468 2518 tempore
3499 2446 3698 2503 cordis

328 2534 497 2598 καιρῴ
557 2536 648 2579 τού
737 2532 848 2601 μὲν,
919 2530 1116 2582 πολλῶν
1188 2532 1309 2584 ἐτῶν
1374 2530 1749 2597 δικαιοσύνας·
1842 2544 1933 2588 τοῦ

2073 2537 2291 2594 .ﬁ'ectus
2316 2543 2371 2593 et
2395 2536 2516 2593 oris
2550 2552 2759 2601 sermo,
2790 2536 2943 2592 illius
2964 2536 3207 2610 quidem
3241 2536 3567 2592 multorum
3599 2552 3703 2593 an-

333 2611 414 2680 δε,
484 2615 682 2668 πολλῶν
751 2617 873 2670 ἐτῶν
932 2617 1137 2682 ἀδικίας
1201 2623 1438 2693 ἠφάνισε.
1524 2627 1782 2697 Μοίθωμεν
1846 2623 1933 2677 οὖν

2069 2643 2260 2684 torum
2287 2625 2597 2698 injustitias
2645 2634 3029 2697 corruperunt
3059 2626 3167 2697 (ο).
3199 2626 3346 2682 Hinc
3384 2626 3587 2699 itaque
3621 2626 3699 2681 di-

330 2709 421 2757 καὶ
476 2706 625 2777 ἡμεῖς
658 2706 903 2771 ἐντεῦθεν,
946 2718 1054 2772 πῶς
1083 2715 1193 2783 χρὴ
1227 2716 1642 2786 προσεύχεσθαι,
1697 2720 1786 2768 καὶ
1832 2714 1932 2767 ἀπὸ

2075 2732 2286 2773 camus
2316 2722 2369 2772 et
2408 2731 2540 2784 nos,
2573 2716 2873 2786 quomodo
2905 2716 3133 2787 precari
3149 2721 3437 2787 oporteat,
3453 2720 3510 2773 et
3530 2731 3567 2773 a
3596 2715 3701 2771 mi-

330 2812 385 2845 τε
437 2802 533 2856 τῆς
563 2795 774 2868 οἰκτρᾶς
835 2800 1088 2865 στάσεως,
1146 2798 1245 2851 ἀπο
1278 2820 1331 2853 τε
1379 2810 1469 2853 τοῦ
1518 2801 1731 2855 ἐλεεινοῦ
1788 2808 1935 2875 σχή-

2078 2804 2283 2862 erabili
2303 2807 2555 2861 statione
2577 2808 2635 2859 et
2651 2805 2727 2860 ab
2746 2805 2951 2861 habitu
2981 2805 3360 2861 miseratione
3384 2803 3570 2874 digno
3590 2811 3648 2860 et
3666 2819 3703 2861 a

332 2902 516 2953 ματος,
578 2882 678 2937 ἀπο
738 2905 790 2939 τε
853 2896 950 2938 τῶν
1003 2884 1387 2947 δυσωπητικών
1456 2891 1618 2963 λόγων
1688 2895 1932 2964 κάμπτω-

2072 2894 2241 2951 'erbis
2272 2894 2645 2967 placantibus
2683 2894 2883 2968 potius
2901 2894 3233 2960 ﬂectamus,
3262 2909 3372 2951 nec
3402 2893 3702 2951 irritemus

329 2991 422 3042 μεν
505 2973 717 3045 μάλλον,
814 2974 943 3028 ἀλλὰ.
1032 2982 1101 3050 μή
1179 2978 1475 3032 τούναντίον
1567 2982 1931 3055 παροξύνωμεν

1201 2978 1475 3032 ὀύναντίον
1567 2982 1931 3055 παροξύνωμεν
2043 2985 2225 3041 Deum
2252 2985 2470 3041 horum
2500 2983 2831 3041 contrariis.

327 3062 415 3113 τὸν
445 3064 583 3115 Θεον.

400 3148 520 3203 Ὀτι
560 3183 629 3192 --
674 3151 1034 3224 ὑψωθήσεται.
1095 3163 1274 3211 Ταυτα
1328 3168 1466 3233 σαφῆ
1526 3165 1615 3213 καὶ
1666 3157 1928 3236 πρόδηλα.

2114 3165 2273 3220 Vers.
2316 3168 2395 3219 14.
2431 3163 2583 3230 Quia
2611 3194 2678 3204 --
2700 3164 3044 3219 extolletur.
3073 3164 3197 3219 Hec
3226 3161 3472 3218 omnino
3504 3158 3701 3216 mani-

1963 3264 2003 3319 (ζ
2042 3252 2191 3309 festa
2218 3262 2376 3311 sunt.

405 3333 725 3404 Προσέφερον
778 3363 844 3372 -
905 3342 1060 3389 Θεοῦ.
1116 3340 1239 3408 Περὶ
1290 3340 1485 3389 τούτων
1535 3337 1792 3414 ἀνέγραψε
1843 3345 1933 3392 καὶ

2115 3343 2276 3397 Vers.
2333 3344 2420 3397 15.
2474 3342 2819 3413 A/Terebant
2859 3372 2925 3381 ---
2988 3341 3147 3394 Vers.
3204 3339 3285 3394 16.
3316 3339 3441 3395 Dei.
3504 3341 3583 3395 De
3608 3339 3698 3394 his

328 3418 355 3469 ὁ
414 3421 684 3483 ἢιατθαίος
746 3419 793 3473 ἕν
868 3430 941 3493 τῷ
999 3424 1130 3477 τέλει
1191 3433 1283 3478 τοῦ
1358 3438 1786 3501 τεσσαρακοστου
1853 3448 1931 3481 χες

2070 3432 2273 3503 ηοτίρείι
2298 3438 2353 3487 et
2374 3434 2677 3488 Mattheus
2703 3432 2762 3485 in
2786 3432 2903 3485 fine
2920 3428 3370 3501 quadragesimi
3390 3427 3621 3500 capitis,
3642 3433 3700 3483 et

329 3507 550 3580 φαλαίου
596 3509 777 3572 αὐτοῦ,
810 3518 899 3565 καὶ
951 3515 1191 3589 εὑρήσεις
1248 3514 1351 3568 ἐκεῖ
1406 3526 1572 3570 ταῦτα
1619 3522 1788 3571 πάντα
1840 3521 1933 3591 ἠρ-

1540 3538 1572 3570 α
1619 3522 1788 3571 πάντα
1840 3521 1933 3591 ἠρ-
2043 3519 2119 3575 ibi
2144 3519 2275 3576 haec
2304 3522 2510 3577 omnia
2537 3519 2854 3592 explanata
2880 3518 3165 3573 invenies.

326 3617 643 3671 μηνευμενα.

401 3688 569 3759 ’Δμην
628 3721 694 3730 -
748 3690 929 3750 αύτήν.
1009 3698 1172 3745 Τοῦτο
1226 3699 1316 3746 καὶ
1367 3696 1393 3746 ὁ
1446 3698 1654 3768 Μάρκος
1714 3696 1932 3771 ἔγραψε,

2118 3697 2285 3754 Vers.
2316 3730 2384 3738 —
2421 3702 2501 3753 17.
2543 3697 2729 3753 Amen
2758 3696 2935 3752 illud.
2973 3698 3087 3750 Hoc
3116 3698 3173 3749 et
3201 3697 3428 3751 Marcus
3466 3693 3701 3766 scripsit

327 3780 457 3849 πρὸς
489 3785 559 3848 τῷ
608 3779 739 3831 τέλει
768 3790 860 3832 τοῦ
896 3781 1133 3835 εἰκοστοῦ
1186 3780 1379 3854 ὀγδόου
1416 3785 1693 3857 κεφαλαίου
1749 3788 1928 3857 αὐτοῦ,

2069 3788 2123 3843 td
2182 3789 2365 3844 finem
2406 3787 2673 3842 vicesimi
2721 3786 2911 3842 Octavi
2958 3785 3211 3857 capitis;
3275 3789 3330 3840 et
3385 3783 3462 3838 ibi
3495 3798 3699 3855 quaere

326 3870 420 3918 καὶ
454 3872 682 3929 ςήτησον
714 3868 819 3922 ἐκεῖ
840 3876 933 3929 τὴν
960 3871 1227 3943 ἐξήγησιν.

874 3876 933 3929 ἠν
960 3871 1227 3943 ἐξήγησιν.
2044 3878 2504 3934 enarrationem.

404 3961 549 4010 ΚΕΦ.
596 3958 710 4012 ΞΓ’.
748 3965 871 4032 Περὶ
926 3969 1015 4013 τοῦ
1065 3960 1489 4037 ἐπερωτήσαντος
1544 3963 1798 4018 πλουσίου
1848 3970 1931 4017 τὸν

2123 3966 2281 4022 CAP.
2305 3966 2487 4021 LXlll.
2520 3967 2594 4023 De
2618 3965 2799 4021 divite
2817 3966 2923 4035 qui
2962 3963 3271 4020 Dominum
3294 3963 3625 4033 interroga-

1010 4051 1047 4105 Ἰ
1055 4071 1084 4109 η
1095 4060 1238 4106 σούν.

2804 4055 2881 4108 vit
2891 4094 2902 4107 .

402 4140 501 4188 Καὶ
531 4134 841 4210 ἕπηρὼτησε
872 4171 940 4179 -—
967 4146 1169 4213 μητέρα
1197 4161 1312 4193 σου.
1342 4144 1559 4215 Εἴρηται
1593 4148 1711 4217 περὶ
1740 4146 1929 4195 τούτων

2113 4144 2277 4199 Vers.
2320 4148 2402 4199 t8.
2436 4145 2511 4199 Et
2537 4141 2915 4214 interrogavit
2943 4171 3007 4182 --
3030 4141 3190 4196 Vers.
3224 4143 3309 4195 20.
3344 4171 3413 4180 —
3441 4140 3696 4198 Matrem

321 4222 373 4275 ἕν
437 4234 510 4296 τῷ
580 4239 992 4302 τεσσαρακοστῷ
1060 4250 1249 4304 πρωτῳ
1306 4230 1565 4303 κεφαλαίῳ
1635 4241 1726 4284 τοῦ
1795 4237 1929 4285 κατὰ

2067 4248 2226 4288 uum.
2253 4233 2331 4288 De
2357 4234 2442 4288 his
2455 4231 2680 4288 dictum
2695 4236 2787 4285 est
2805 4228 3275 4303 quadragesimo
3298 4226 3489 4299 primo
3502 4228 3696 4300 capite

320 4315 613 4381 Ματθαίον,
659 4321 750 4368 καὶ
794 4318 1026 4378 ζήτησον
1089 4318 1136 4370 ἐν
1169 4319 1341 4392 ἐκείνῳ
1371 4324 1464 4378 τήν
1511 4320 1661 4374 λύσιν
1702 4323 1925 4389 πάντων,

2066 4322 2338 4392 Evangelii
2369 4321 2701 4378 secundum
2732 4319 3092 4382 Mattheeum,
3122 4324 3178 4374 et
3198 4318 3258 4373 in
3288 4316 3390 4373 illo
3421 4318 3696 4375 omnium

318 4404 441 4455 καθ’
470 4404 684 4458 ἕκαστον
713 4407 873 4481 ῥητὸν
912 4406 1282 4481 ἐκτεθειριίνην.

2062 4411 2503 4468 leclarationem
2542 4410 2808 4466 invenies
2847 4409 2920 4465 ad
2948 4406 3186 4479 singula
3209 4406 3387 4463 verba
3410 4407 3692 4478 positam.

394 4501 437 4545 Ο
469 4489 527 4546 δι
574 4525 644 4535 -
698 4515 808 4567 μοι.
867 4496 1004 4550 Ἐκεῖ
1046 4503 1136 4550 καὶ
1192 4503 1311 4573 περὶ
1364 4501 1558 4551 τούτων
1599 4501 1785 4572 ὁμοίως
1841 4501 1925 4554 λε-

2110 4502 2270 4557 Vers.
2323 4506 2410 4556 21.
2442 4500 2518 4556 At
2552 4499 2661 4557 itte
2688 4530 2756 4539 -—
2790 4498 2951 4554 Vers.
2977 4501 3065 4552 '22.
3098 4496 3176 4553 M.
3222 4495 3501 4553 Similiter
3540 4496 3695 4552 etde

317 4580 719 4654 λεπτολόγηται.

1990 4634 2003 4682 )
2036 4588 2128 4644 his
2167 4590 2246 4645 ibi
2277 4590 2351 4645 ad
2387 4588 2620 4659 singula
2650 4603 2907 4660 quisque
2942 4585 3118 4641 verba
3156 4585 3478 4641 dissertum
3509 4590 3620 4640 est.

391 4669 451 4723 Ὀ
501 4668 560 4725 δι
610 4703 673 4713 -
723 4682 815 4726 τοῦ
869 4683 1022 4730 Θεοῦ.
1071 4679 1141 4729 Τὸ
1201 4684 1331 4741 Πῶς,
1390 4675 1733 4749 βεσῖαιωτικόν
1789 4682 1921 4745 ἐστι,
1962 4668 2001 4684 υ

2107 4679 2268 4735 Vers.
2327 4679 2415 4733 23.
2476 4680 2595 4734 Itta
2642 4709 2708 4718 —
2764 4684 2957 4733 autem
3010 4674 3176 4730 Vers.
3222 4677 3311 4729 24.
3362 4675 3490 4731 Dei.
3550 4680 3690 4740 Πῶς,

318 4761 439 4813 ἀντὶ
475 4769 586 4826 του,
638 4762 889 4823 Ἀληθῶς.
935 4767 1000 4817 Οἱ
1044 4772 1283 4836 Ἔχοντες
1327 4762 1405 4829 δε,
1459 4771 1621 4838 ἤγουν
1666 4770 1713 4820 οἱ
1764 4775 1921 4823 Κατέ-

2058 4784 2235 4835 yuam,
2303 4768 2391 4823 vel
2457 4766 2743 4838 quomodo
2797 4787 2809 4831 ;
2868 4765 2955 4821 vel
3023 4763 3511 4819 confirmativum
3580 4770 3688 4830 est,

316 4867 528 4920 χοντες,
581 4854 630 4904 οἱ
680 4856 1033 4925 Ταριιεύοντες,
1091 4855 1150 4906 ού
1179 4860 1283 4928 μὴν
1333 4858 1381 4908 οἰ
1438 4863 1722 4929 Χρὼμενοι.
1782 4866 1921 4933 Χρή-

2058 4875 2098 4913 .c
2130 4859 2177 4913 si
2207 4858 2379 4922 dicat,
2412 4859 2578 4913 Vere.
2624 4858 2862 4929 thuod
2880 4856 3109 4920 dicitur,
3133 4856 3182 4906 oi
3207 4856 3433 4926 ἔχοντες,
3461 4854 3566 4927 qui
3584 4853 3688 4912 ha-

317 4957 464 5010 ριατα
513 4943 612 5015 γὰρ
681 4941 1044 5011 ὀνομάζονται,
1104 4940 1198 4996 διὰ
1244 4949 1337 5003 τὴν
1392 4954 1617 5019 χρῆσιν,
1663 4952 1750 4998 καὶ
1809 4954 1918 5019 χρὴ

2058 4951 2188 5011 ient,
2242 4948 2471 5002 simitus
2528 4963 2635 5019 pro
2700 4946 2967 5002 Rctinent
3014 4949 3116 4999 aut
3184 4944 3530 4999 Recondunt
3576 4958 3688 5000 nec

316 5030 526 5090 πάντως
566 5033 811 5104 χρῆσθαι
849 5035 1054 5095 τούτοις
1082 5033 1155 5094 εἰς
1199 5030 1337 5105 δίον,
1369 5035 1427 5088 ού
1454 5040 1551 5109 μήν
1612 5034 1917 5104 ἀποκλείειν,

2064 5042 2321 5092 ιιιιιιῐυτε
2382 5052 2519 5092 cum
2573 5038 2838 5107 pecuniae
2893 5036 3153 5107 χρήματα
3207 5030 3505 5097 dicantur,
3558 5046 3694 5105 pro-

391 5208 442 5244 ³ο
478 5207 614 5276 Pro,
654 5225 827 5278 xxvn,
859 5214 908 5267 2.

1570 5312 1795 5381 Variae
1834 5311 2163 5381 lectiones
2184 5321 2251 5380 et
2280 5321 2483 5379 notae.

350 5504 504 5634 it(ﬁt?)
537 5505 709 5573 Quod
739 5506 837 5573 hic
890 5507 1146 5580 subjecit
1198 5507 1498 5566 scholium
1526 5509 1860 5569 Hentenius
1887 5524 1959 5566 ex
1994 5510 2265 5580 margine
2323 5508 2410 5565 sui
2462 5507 2706 5575 codicis,
2742 5506 2804 5564 id
2849 5506 2909 5563 in
2968 5510 3183 5573 neutro
3220 5521 3498 5565 meorum
3528 5521 3697 5582 repe-

316 5592 487 5634 mur.

390 5755 482 5829 (ιι)
516 5757 952 5829 Comperunt.
1006 5756 1357 5825 sufﬁciebat,
1406 5764 1755 5818 amaverunt
