4128 6388
451 333 590 389 1055
1773 335 1954 391 EUTH
1965 335 2091 391 YMl

2209 333 2494 391 IGABENI
3681 338 3823 393 1056

451 465 584 535 pter
607 470 828 539 χρῆσιν,
861 465 974 522 hoc
994 473 1100 532 est,
1125 484 1293 525 usum
1321 470 1406 522 :et
1421 466 1668 522 omnino
1697 465 1841 539 ipsis
1871 468 2091 540 χρῆθαι,

2217 469 2280 526 ὡς
2309 470 2398 518 καὶ
2443 465 2490 518 ἐν
2519 474 2592 537 τῷ
2643 467 2778 519 κατὰ
2828 468 3042 540 Μάρκον
3085 469 3486 541 προειρήκαμεν.
3535 462 3824 536 Ἀνάγνωθι

453 550 510 606 id
545 559 648 617 est,
690 555 767 610 uti
799 563 1070 628 oporteat
1101 558 1176 613 ad
1219 557 1301 619 id,
1343 557 1505 627 quod
1530 573 1682 628 opus
1713 561 1820 620 est,
1852 572 1970 610 non
2017 555 2091 609 iu-

2218 555 2277 610 δὲ
2337 562 2455 631 περὶ
2513 559 2706 609 τούτων
2735 556 2782 608 ἐν
2812 564 2884 627 τῷ
2927 553 3208 612 δηλωθέντι
3255 555 3512 628 κεφαλαίῳ
3567 562 3659 607 τοῦ
3685 557 3824 607 κατὰ

454 640 714 711 cludere,
774 647 926 702 sicut
972 648 1150 703 etiam
1195 648 1252 703 in
1285 648 1638 718 dictojuxta
1696 649 1957 702 Marcum
2007 662 2102 702 ca-
2215 651 2506 702 Ματθαῖον.

452 731 565 802 pite
595 735 1007 806 praediximus.
1042 738 1189 798 Lege
1233 743 1432 793 autem
1483 737 1556 792 de
1587 736 1679 792 his
1721 752 1903 808 supra
1945 735 2103 790 dicto

453 835 691 894 quoque
723 826 912 896 capite
941 827 1239 897 Evangelii
1271 827 1602 882 secundum
1639 826 1993 882 Matthaeum.

525 911 687 970 Vers.
739 914 824 968 ‘25.
874 916 1138 971 Facilius
1161 948 1229 956 —
1258 916 1424 970 Vers.
1459 916 1548 970 27.
1579 915 1779 970 Deum.
1816 915 2091 970 Praeterea

2286 917 2647 991 Εὐκοπώτερον
2681 948 2740 956 -
2786 921 2913 987 Θεῷ.
2955 915 3072 968 Ἔτι
3111 919 3200 967 καὶ
3235 921 3403 966 ταῦτα
3427 914 3598 966 πάντα
3643 921 3826 985 σαφῶς

453 1006 509 1054 et
536 999 665 1056 haec
700 1004 905 1058 omnia
937 1005 1240 1060 manifeste
1263 1005 1566 1060 declarata
1596 1007 1737 1059 sunt
1765 1004 1978 1059 eodem
2003 1019 2100 1059 ca-

451 1089 592 1158 pite.

527 1181 681 1235 Vers.
708 1183 797 1235 28.
827 1184 1058 1238 Dixit-
1079 1185 1242 1239 Vers.
1268 1185 1356 1240 30.
1382 1185 1708 1240 Eternam.
1726 1183 2105 1254 Consequen-

451 1273 537 1325 ter
561 1270 772 1326 eodem
803 1273 994 1344 capite
1027 1274 1099 1328 de
1120 1274 1211 1329 his
1243 1275 1526 1329 omnibus
1559 1274 1866 1345 diligenter
1895 1277 2104 1328 tracta-

449 1362 576 1414 tum
617 1366 722 1426 est,
763 1365 821 1416 et
860 1362 1105 1434 pulchre
1145 1365 1505 1435 expositum.

520 1450 682 1505 Vers.
727 1453 812 1506 3t.
861 1452 1196 1521 Assumptis
1226 1484 1286 1492 —
1316 1454 1480 1507 Vers.
1509 1455 1596 1509 33.
1628 1453 1918 1522 Resurget.
1953 1451 2104 1506 Dixit

448 1535 576 1592 1]th
597 1543 652 1593 et
677 1540 979 1595 Mattheus
1013 1541 1074 1596 in
1103 1541 1220 1596 ﬁne
1250 1542 1697 1614 quadragesimi
1725 1541 1968 1596 secundi
2003 1556 2099 1594 ca-

450 1627 604 1696 pitis.
643 1631 790 1697 Lege
823 1646 962 1690 ergo
989 1629 1124 1685 dicti
1158 1631 1316 1685 illius
1353 1631 1792 1686 enarrationem
1829 1648 1840 1684 :
1874 1633 1936 1684 Et
1969 1646 2098 1685 cum

449 1717 782 1773 ascenderet
811 1719 976 1773 Iesus
997 1720 1404 1791 Hierosolyma,
1438 1721 1754 1788 assumpsit
1787 1721 2096 1776 duodecim

447 1805 763 1874 discipulos
787 1823 920 1862 suos
946 1809 1185 1865 seorsim
1211 1812 1273 1865 in
1297 1811 1407 1866 via.
1439 1816 1494 1866 et
1521 1813 1806 1867 caetera".

2213 1010 2618 1084 ἡρμηνεύθησαν
2650 1009 2696 1058 ἐν
2723 1014 2795 1076 τῷ
2823 1009 3039 1077 τοιούτῳ
3071 1004 3350 1078 κεφαλαίῳ.

2287 1185 2410 1240 Eius
2450 1219 2518 1226 —
2549 1185 2770 1238 αἰώνιον.
2809 1184 3130 1245 Ἀκολούθως
3160 1183 3208 1236 ἐν
3245 1182 3418 1254 ἐκείνῳ
3443 1188 3516 1252 τῷ
3560 1181 3819 1254 κεφαλαίῳ

2211 1283 2302 1329 καὶ
2348 1282 2464 1351 περὶ
2522 1278 2716 1328 τούτων
2769 1277 2973 1328 πάντων
3031 1272 3342 1346 ἠκρίϐωται,
3391 1276 3479 1324 καὶ
3527 1275 3824 1346 χαριέντως

2213 1367 2516 1429 ἑξήτασται.

2285 1453 2603 1528 Παραλαϐὼν
2685 1485 2754 1494 -—-
2823 1455 3203 1510 ἀναστήσεται.
3278 1448 3402 1505 Εἶπε
3477 1458 3644 1503 ταῦτα
3728 1455 3821 1503 καὶ

2211 1547 2474 1604 ΒῙατθαίος
2533 1543 2579 1595 ἐν
2636 1550 2707 1613 τῷ
2761 1543 2888 1595 τέλει
2940 1549 3032 1594 τοῦ
3081 1547 3512 1615 τεσσαρακοστοῦ
3573 1537 3820 1613 δευτέρου

2213 1633 2493 1703 κεφαλαίου
2534 1633 2712 1695 αὐτοῦ,
2761 1637 2850 1684 καὶ
2909 1630 3166 1702 ἀνάγνωθι
3226 1635 3321 1688 τὴν
3379 1629 3627 1701 ἐξήγησιν
3684 1635 3816 1681 τοῦ·

2216 1729 2317 1778 Καὶ
2370 1721 2655 1775 ἀναϐαίνων
2704 1723 2729 1774 ὁ
2781 1721 2987 1780 Ἰησοῦς
3039 1721 3105 1780 εἰς
3155 1719 3506 1794 Ἱεροσόλυμα,
3563 1717 3824 1790 παρέλαϐε

2135 1825 2180 1881 Β
2215 1819 2331 1875 τοὺς
2382 1810 2592 1866 ciuilium
2631 1814 2873 1884 μαθητὰς
2903 1812 3019 1862 κατ’
3055 1807 3194 1862 ἰδίαν
3245 1808 3293 1861 ἐν
3336 1817 3398 1882 τῇ
3448 1805 3574 1880 ὀδῷ,
3623 1812 3713 1860 καὶ
3757 1810 3824 1860 τὰ

2215 1906 2347 1968 ἑξῆς.

2285 2000 2386 2048 Καὶ
2420 2025 2482 2034 --
2539 1992 2804 2062 λεγόμενα.
2836 1991 2955 2043 Ἐπὶ
3002 1989 3177 2050 λέλους
3240 1995 3339 2049 τῆς
3393 1985 3692 2057 ἐξηγήσεως
3719 1993 3822 2037 τῶν

2213 2081 2544 2142 δηλωθέντων
2587 2083 2757 2157 ῥητῶν
2811 2079 3262 2151 ἐμνημονεύσαμεν
3293 2083 3383 2130 καὶ
3433 2081 3551 2149 περὶ
3599 2078 3820 2141 τούτων,

515 1983 680 2039 Vers.
733 1985 818 2040 3i.
845 1985 920 2039 Et
949 2016 1015 2024 —
1050 2001 1177 2057 quae
1210 1985 1572 2043 dicebantur.
1619 1992 1678 2043 tn
1712 1988 1830 2043 ﬁne
1861 2003 2100 2045 enarra-

443 2070 623 2126 tionis
671 2071 965 2128 dictorum
997 2075 1312 2130 verborum
1368 2077 1543 2132 etiam
1579 2077 1652 2132 de
1702 2079 1794 2133 his
1835 2077 1986 2133 facta
2013 2082 2102 2134 est

446 2161 689 2224 mentio,
719 2166 775 2218 et
800 2162 879 2217 ibi
919 2179 1120 2234 quaere
1147 2166 1650 2236 explanationem.

931 2254 1082 2307 CAP.
1119 2255 1302 2308 LXIV.
1339 2257 1420 2312 De
1457 2271 1632 2312 caeco.

515 2339 680 2393 Vers.
725 2345 810 2396 35.
847 2341 1085 2398 Factum
1126 2347 1204 2399 est
1261 2373 1320 2383 -—
1352 2344 1516 2399 Vers.
1568 2349 1656 2401 38.
1689 2347 1849 2402 mei!
1889 2346 2100 2402 Filium

446 2426 629 2483 David
675 2429 819 2484 dixit
850 2431 1066 2502 ipsum,
1115 2433 1172 2487 in
1220 2433 1511 2488 honorem
1555 2435 1685 2504 ejus
1717 2452 1730 2499 ;
1768 2436 2100 2490 honoratis-

2209 2179 2299 2227 καὶ
2331 2174 2564 2235 ζήτησον
2596 2170 2698 2223 ἐκεῖ
2722 2175 2815 2228 τὴν
2849 2174 3150 2241 σαφήνειαν.

2597 2267 2740 2314 ΚΕΦ.
2777 2259 2889 2312 ’ΞΔ’.
2929 2263 3052 2330 Περὶ
3083 2263 3175 2308 τοῦ
3207 2255 3422 2328 τυφλοῦ.

2282 2354 2508 2424 Ἐγένετο
2535 2382 2603 2391 -
2648 2351 2744 2422 us!
2794 2352 2913 2400 Υίὸν
2947 2343 3113 2399 Δανὶδ
3144 2346 3298 2398 αὐτὸν
3339 2343 3495 2410 εἶπεν,
3544 2343 3615 2406 εἰς
3659 2349 3820 2416 τιμὴν

2209 2444 2388 2496 αὐτοῦ.
2441 2442 2742 2513 Τιμιωτςὶτη
2793 2441 2894 2513 ’γὰρ
2947 2437 3072 2511 παρ’
3105 2435 3363 2512 Ἑϐραίοις
3413 2431 3473 2493 ἧν
3519 2435 3550 2492 ἠ
3597 2437 3816 2492 τοιαύτη

445 2516 597 2606 sima
627 2518 922 2590 siquidem
958 2527 1085 2575 erat
1114 2522 1277 2593 apud
1314 2523 1594 2578 Hebrteos
1623 2523 1971 2595 hujusmodi
1998 2541 2076 2597 ap

2208 2536 2558 2606 προσηγορία.

442 2605 703 2676 pellatio.

515 2696 683 2750 Vers.
717 2697 804 2752 39.
835 2700 898 2752 Et
938 2701 1035 2771 qui
1069 2732 1140 2740 —
1176 2705 1400 2757 taceret.
1480 2701 1789 2758 Silentium
1831 2704 2091 2775 impone-

2281 2716 2382 2764 Καὶ
2427 2713 2475 2762 οἱ
2521 2742 2588 2750 -
2636 2713 2906 2781 σιωπήσῃ.
2957 2704 3333 2777 Ἐπεστόμιζον
3387 2703 3564 2770 αὐτὸν,
3613 2703 3695 2753 ἵνα
3742 2705 3814 2774 μή

439 2783 609 2850 bant,
653 2802 726 2842 ne
753 2788 1040 2843 molestus
1065 2796 1216 2846 esset
1243 2793 1548 2861 magistro.

512 2876 678 2931 Vers.
695 2881 781 2932 39.
812 2879 941 2946 [pse
959 2910 1027 2918 —
1047 2880 1161 2935 mei
1179 2884 1202 2937 ,ν
1215 2881 1390 2936 Multo
1403 2881 1664 2954 amplius
1687 2881 2007 2943 clamabat.
2034 2888 2097 2939 ut

437 2964 529 3020 vel
547 2967 984 3036 perseverantia
1012 2967 1292 3024 ﬂecteret.

2205 2987 2302 3041 τῆς
2331 2983 2606 3053 καρτερίας
2638 2976 2913 3049 ἐπικάμψῃ
2926 3020 2936 3030 .

516 3056 674 3113 Vers.
711 3058 798 3111 40.
827 3056 1066 3113 Slans—
1114 3059 1272 3114 Vers.
1305 3063 1393 3114 41.
1434 3061 1631 3116 Visum
1665 3063 1945 3130 recipiam
2007 3065 2091 3118 ln-

2279 3071 2484 3131 Σταθεὶς
2531 3100 2583 3107 ——
2631 3066 2922 3138 ἀναϐλέψω.
2968 3065 3238 3138 Ἥρώτησε
3287 3067 3376 3136 μὲν
3408 3063 3581 3127 αὐτὸν,
3619 3063 3700 3113 ἶνα
3740 3065 3813 3132 μὴ

437 3146 758 3214 terrogavit
783 3161 942 3212 eum,
976 3162 1051 3201 ne
1081 3149 1216 3220 quis
1255 3153 1506 3218 putaret,
1551 3151 1710 3223 quod
1752 3151 1908 3206 aliud
1943 3153 2091 3206 acci-

2207 3165 2397 3231 νομίση
2423 3178 2521 3223 τις,
2547 3159 2627 3209 ὅτι
2654 3158 2818 3229 ἕτερον
2845 3154 3140 3227 βουλομένῳ
3156 3152 3347 3217 λαϐεῖν,
3373 3153 3541 3227 ἕτερον
3565 3148 3812 3204 δέδωκεν.

2207 2801 2342 2873 ὁχλῇ
2377 2803 2463 2852 τὸν
2497 2796 2845 2852 διδάσκαλον.

2282 2889 2444 2950 Αὐτὸς
2469 2920 2532 2927 -
2564 2887 2656 2961 ut!
2685 2887 2858 2957 Πολλῷ
2888 2885 2999 2958 (18)
3029 2885 3179 2938 πλέον
3208 2885 3321 2956 (19)
3355 2882 3589 2958 ἔκραζεν,
3620 2883 3702 2933 ἵνα
3723 2876 3818 2933 διὰ

438 3250 578 3306 pere
619 3235 860 3297 volenti,
915 3237 1076 3292 aliud
1109 3237 1295 3293 daret.
1334 3241 1458 3294 Non
1504 3241 1998 3310 expetivitautem
2016 3242 2093 3297 ab

437 3340 508 3380 eo
539 3325 719 3381 ﬁdem
752 3342 764 3380 :
798 3327 935 3381 fidei
973 3333 1095 3382 erat
1121 3343 1512 3399 perseverans
1555 3330 1804 3386 clamor.

507 3416 669 3470 Vers.
689 3418 776 3470 42.
808 3417 971 3470 Ει-
991 3417 1137 3470 Vers
1179 3417 1266 3473 43.
1295 3420 1424 3472 Deo.
1449 3418 1653 3474 Fidem
1686 3420 2094 3485 habebat,non

434 3503 597 3576 quod
632 3506 784 3559 Deus
815 3511 985 3574 esset.
1019 3505 1122 3560 sed
1162 3506 1322 3578 quod
1372 3524 1432 3560 se
1465 3524 1676 3563 sanare
1721 3516 1924 3580 posset
1957 3527 1969 3563 :
2011 3527 2095 3564 se-

433 3592 730 3662 quebatur
767 3609 908 3648 vero
935 3594 1155 3664 ipsum,
1205 3601 1483 3667 tanquam
1531 3603 1753 3666 gratus,
1783 3605 1837 3654 et
1890 3599 1970 3655 ita
1997 3600 2096 3655 be-

434 3679 714 3736 neﬁcium
749 3683 1102 3752 rependens.

880 3771 1030 3825 CAP.
1069 3773 1217 3828 LXV.
1255 3773 1334 3830 De
1363 3774 1673 3830 Zacchazo.

509 3860 668 3917 CAP.
722 3859 870 3917 XIX.
922 3863 1087 3917 Vers.
1154 3869 1200 3918 t.
1260 3865 1335 3919 Et
1397 3865 1696 3935 ingressus
1731 3897 1795 3907 --
1840 3867 2007 3924 Vers.
2042 3874 2094 3925 4.

447 3949 677 4006 Videre!
707 3950 894 4005 illum.
930 3952 1274 4024 Capriﬁcus,
1304 3954 1483 4010 arbor
1505 3960 1628 4010 erat
1656 3956 1715 4010 in
1746 3957 1841 4013 via
1870 3958 1999 4014 sita.

2207 3249 2316 3301 Ούκ
2363 3247 2600 3321 ἀπῄτησε
2651 3244 2708 3298 δὲ
2739 3246 2892 3298 αὑτὸν
2940 3248 3137 3313 πίστιν,
3173 3241 3313 3295 διότι
3361 3248 3587 3303 πίστεως
3645 3237 3726 3309 ἦν,
3778 3241 3809 3298 ἡ

2204 3338 2444 3410 ἐπίμονος
2468 3341 2697 3410 κραυγή.

2279 3433 2378 3480 Καὶ
2432 3459 2498 3466 -
2548 3433 2683 3496 Θεῷ.
2747 3430 2933 3477 Πίστιν
2989 3420 3148 3494 εἶχεν,
3202 3420 3308 3493 οὐχ
3357 3421 3436 3472 ὅτι
3494 3419 3604 3471 ἐστὶ
3665 3421 3809 3485 Θεὸς,

2206 3516 2311 3568 ἀλλ’
2371 3517 2451 3567 ὅτι
2516 3512 2735 3568 δύναται
2814 3514 3071 3566 ἰάσασθαι
3145 3511 3320 3564 αὐτόν.
3377 3509 3678 3562 Ἠκολούθει
3753 3504 3816 3560 δὲ

2208 3606 2347 3676 αὐτῷ
2443 3605 2774 3678 εὐγνωμονῶν
2891 3607 2980 3654 καὶ
3083 3602 3217 3653 οὕτω
3314 3603 3407 3657 τὴν
3518 3598 3815 3671 εὐεργεσίαν

2208 3694 2559 3768 ἀμειϐόμενος.

2556 3789 2700 3836 ΚΕΦ.
2731 3781 2846 3836 EE'.
2883 3786 3007 3852 Περὶ
3034 3787 3125 3832 τοῦ
3153 3782 3454 3851 Κακχαίου.

2285 3878 2384 3927 Καὶ
2417 3872 2653 3925 εἰσελθὼν
2701 3905 2764 3912 —
2797 3869 2886 3944 ῖὸη
2923 3871 3097 3926 αὐτόν,
3122 3868 3179 3921 Ἣ
3216 3871 3563 3942 συκομοραία,
3600 3860 3820 3940 δένδρον

2211 3961 2294 4026 ἦν,
2330 3963 2488 4024 ἑστὼς
2520 3961 2569 4014 ἐν
2597 3969 2657 4033 τῇ
2693 3960 2800 4032 ὀδῷ
2836 3960 2969 4032 (20).

505 4041 547 4109 ει-
573 4043 720 4096 Nam
783 4057 918 4096 cum
971 4042 1064 4097 ille
1124 4043 1445 4100 Dominum
1494 4046 1697 4100 Jesum
1731 4050 2073 4120 conspicere
2115 4058 2368 4126 optaret,
2400 4058 2457 4108 et
2483 4052 2560 4107 ob
2612 4052 2670 4107 id
2704 4053 2762 4107 in
2794 4049 3142 4122 capriﬁcum
3194 4045 3582 4110 ascendisset,
3611 4043 3821 4100 salutis

435 4127 691 4185 fructum
730 4131 786 4185 in
830 4146 900 4186 eo
928 4132 1302 4202 germinavit.

503 4220 664 4285 Vers,
692 4220 746 4276 4.
782 4221 930 4287 Quia
960 4223 1108 4278 illuc
1137 4230 1267 4280 erat
1298 4225 1682 4282 transiturus.
1715 4228 1801 4298 -Η-
1819 4230 1923 4285 Per
1953 4246 2088 4288 eam

2275 4239 2372 4285 Οτι
2445 4230 2642 4293 ἐκείνης
2699 4230 2869 4304 ἔμελλε
2925 4226 3259 4302 διέρχεσθαι.
3321 4225 3394 4280 Δι’
3452 4224 3646 4284 ἐκείνης
3698 4223 3816 4296 (21)

429 4310 794 4367 transiturus
826 4316 950 4366 erat
979 4312 1261 4367 Christus.

503 4401 666 4455 Vers.
703 4406 755 4456 5.
805 4402 880 4457 Et
928 4435 996 4442 —
1045 4404 1231 4459 locum
1264 4405 1368 4461 Ubi
1430 4406 1540 4462 sita
1597 4412 1721 4463 erat
1747 4409 2080 4480 capriﬁcus.

501 4490 667 4545 Vers.
700 4495 751 4545 5.
775 4491 1108 4559 Suspiciens
1135 4525 1190 4534 —-
1214 4493 1403 4550 illum.
1431 4496 1625 4552 Oculis
1654 4497 2040 4555 humanitatis
2068 4517 2080 4568 ;

433 4593 573 4634 nam
611 4580 775 4651 prius
817 4579 1041 4637 viderat
1071 4599 1204 4636 eum
1240 4584 1427 4639 oculis
1455 4585 1794 4644 divinitatis.

503 4759 664 4812 Vers.
697 4762 745 4814 ὅ.
779 4761 855 4815 Ει
895 4793 964 4800 -
994 4777 1250 4819 manere.
1303 4764 1590 4835 Cognovit
1617 4765 1799 4822 enim
1835 4784 1968 4824 eum
2006 4769 2083 4825 ad

432 4845 832 4905 obedientiam
864 4865 988 4906 esse
1022 4858 1314 4924 paratum,
1350 4859 1403 4910 et
1425 4854 1750 4912 ferventem
1774 4858 1849 4912 ad
1877 4858 2080 4929 ﬁdem,

539 5055 582 5091 ³³
613 5055 810 5113 Matth.
841 5073 942 5126 xx,
989 5058 1071 5114 t7.

2200 4321 2398 4396 ἔμελλεν
2429 4323 2684 4395 ἔρχεσθαι
2715 4323 2739 4373 ὁ
2774 4325 3021 4396 Χριστός.

2273 4417 2373 4465 Καὶ
2405 4443 2470 4452 -—
2495 4416 2671 4463 τόπον.
2695 4410 2856 4463 ’Ἔνθα
2890 4411 3072 4463 ἵστατο
3103 4409 3133 4462 ἡ
3171 4409 3519 4480 σιικομοραία,

2270 4500 2584 4572 Ἀνακλέψας
2642 4532 2708 4539 -
2741 4500 2912 4554 αὐτόν.
2972 4496 3118 4551 Εἶὸεν
3168 4497 3324 4550 αὐτὸν
3374 4502 3485 4557 τοῖς
3525 4493 3806 4566 ὀφθαλμοῖς

2197 4600 2291 4652 τῆς
2324 4589 2731 4664 ἀνθρωπὸτητος.
2784 4587 3002 4662 “posin”;
3032 4591 3132 4662 γὰρ
3178 4586 3332 4638 αὑτὸν
3379 4591 3489 4646 τοῖς
3519 4583 3805 4657 ὀφθαλμοῖς

2195 4688 2284 4740 τῆς
2326 4682 2584 4741 θεότητος.

2273 4773 2369 4824 Καὶ
2402 4801 2463 4811 —-
2497 4777 2688 4842 μεῖναι.
2746 4766 2914 4839 Ἔγνω
2963 4769 3061 4841 γὰρ
3108 4765 3264 4817 αὑτὸν
3309 4765 3508 4837 ἕτοιμον
3555 4762 3625 4824 εἰς
3671 4763 3797 4812 ὑπα-

2193 4864 2341 4928 κοὴν,
2394 4865 2483 4912 καὶ
2539 4861 2724 4934 θερμὸν
2780 4858 2852 4920 εἰς
2908 4863 3086 4910 πίστιν
3125 4861 3214 4908 καὶ
3272 4853 3646 4927 εὖμετάϐλητον
3693 4848 3796 4900 ἀπὸ

1654 5266 1877 5336 Varias
1915 5268 2247 5338 lectiones
2296 5276 2592 5337 etnotae.

505 5511 617 5589 (48)
644 5514 762 5564 Υἱὸν
816 5509 996 5589 ΔιιινὶδΔ
1036 5515 1191 5589 αὐτὸν
1244 5534 1399 5589 ειπεν,
1451 5516 1520 5578 εἰς
1564 5522 1716 5589 τιμὴν
1773 5517 1952 5572 αὐτοῦ.
2003 5526 2090 5572 Τι-

430 5584 820 5663 μιωτατηργὰρ
858 5584 1008 5663 ,παρέ
1047 5585 1306 5663 Ἑϐραίοις
1363 5588 1423 5646 ἦν
1477 5590 1504 5645 ἡ
1548 5584 1762 5647 τοῖαύτη
1819 5609 2092 5663 προσηγο-

429 5654 813 5733 ρίαιῌκαθώςζ
845 5654 1083 5733 -ἁνωζτέρω
1138 5654 1450 5733 ἐἰρήκαμεν.
1508 5663 1640 5715 Haec
1715 5654 1867 5717 ante'
1921 5654 2090 5733 πολλῷ

504 5725 619 5796 (19)
658 5732 716 5777 Δί
760 5726 907 5779 πλέον
939 5727 1002 5783 Β.

2271 5520 2382 5600 (20)
2416 5518 2736 5600 Scholium,
2757 5518 2920 5600 quod
2943 5519 3039 5574 hic
3061 5533 3133 5600 ex
3161 5518 3428 5591 margine
3461 5517 3552 5573 sui
3577 5517 3807 5600 codicis

2199 5590 2548 5662 interposuit
2570 5590 2880 5662 interpres,
2905 5591 2960 5645 in
2988 5591 3150 5645 nullo
3176 5590 3448 5645 meOrum
3479 5590 3690 5660 reperi.

2271 5661 2383 5732 (2t)
2436 5663 2557 5717 Hoc
2601 5661 2827 5717 schdlio
2857 5669 3018 5717 caret
3057 5662 3464 5732 interpretatio
3507 5661 3801 5718 Hentenii.

2202 5733 2372 5806 Ergo'
2394 5749 2634 5790 versum
2665 5737 2699 5790 4
2722 5739 2780 5790 et
2809 5737 2861 5804 5,
2893 5734 3258 5807 conjunctim
3280 5733 3540 5790 exhibet.
