4128 6382
310 353 448 412 1057
1390 340 1746 406 COMMENT.
1792 347 1856 402 IN
1900 343 2157 402 LUCAM.
2199 376 2266 386 —
2298 347 2454 403 CAP.
2488 342 2638 404 XIX.
3546 348 3683 408 1058

306 486 489 542 κακίας
518 480 586 541 εἰς
612 480 815 555 ἀρετήν·
851 483 936 533 Διό
968 483 1058 531 καὶ
1088 478 1231 531 καλεῖ
1263 476 1438 541 αὑτὸν,
1470 476 1583 545 (22)
1606 479 1695 527 καὶ
1731 473 1912 527 ἄπεισι

2051 470 2366 543 acilequea
2396 472 2535 531 vitio
2568 474 2913 531 mutabilem
2936 493 3069 533 esse
3099 477 3177 535 ad
3200 476 3470 535 virtutem
3506 495 3519 532 :
3549 477 3681 534 ideo

306 568 469 644 κερδή
480 591 581 623 σων
609 570 781 623 αὐτόν.

2025 561 2203 616 etiam
2236 567 2411 617 vocat
2454 567 2507 617 et
2540 563 2791 633 accedit,
2824 572 2887 620 ut
2913 566 3077 621 illum
3117 566 3465 623 lucrifaciat.

386 666 485 713 Καὶ
514 691 582 702 --
612 664 836 733 χαίρων.
871 663 1098 733 Χαίρων,
1153 656 1209 710 οὗ
1250 661 1425 728 μόνον,
1459 657 1538 707 ότι
1570 650 1703 707 εἶδεν
1733 653 1909 716 αὐτόν,

2103 649 2262 706 Vers.
2318 656 2372 709 6.
2442 653 2519 707 Et
2557 684 2627 693 —
2668 656 2952 723 gaudens.
3005 656 3283 712 Gaudens
3326 672 3447 713 non
3488 656 3683 713 solum

311 753 377 810 ὡς
443 748 611 811 ἐξῄτει
654 747 799 800 ’ἀλλ’
865 750 945 800 ὅτι
1002 752 1091 799 καὶ
1141 746 1330 803 adeon
1388 746 1506 819 παρ’
1558 744 1738 807 αὐτοῦ,
1825 761 1913 793 και

2055 740 2189 810 [ιιοιί
2228 757 2365 796 eum
2396 740 2658 808 vidisset,
2694 749 2757 798 ut
2801 748 3133 816 Optaverat,
3173 745 3278 801 sed
3309 745 3473 817 quod
3505 744 3685 801 etiam

312 841 393 891 ὅτι
445 836 730 901 ὑπεδέξατο
788 838 960 903 αὐτόν,
1024 840 1086 897 ὡς
1143 836 1237 888 οὐκ
1292 837 1352 887 οἷν
1401 854 1523 889 ποτε
1590 829 1914 907 προσεδόκηα

2051 831 2105 884 ιδ
2136 830 2233 886 illo
2258 838 2501 886 vocatus
2530 842 2701 897 esset,
2742 833 3028 906 quodque
3068 835 3266 907 ipsum
3297 834 3681 907 suscepisset,

316 947 374 980 σε
403 931 535 997 (23),
2027 918 2190 989 quod
2222 936 2535 991 nunquam
2594 921 2716 977 fore
2757 929 3114 993 speraverat.

384 1020 426 1088 1-
454 1018 620 1073 Unde
642 1022 699 1073 et
728 1018 928 1072 statim
956 1016 1291 1071 misericors
1312 1014 1501 1069 factus
1518 1020 1606 1068 est
1625 1027 1954 1084 pauperum
1973 1025 2041 1065 ac
2061 1009 2287 1079 pietatis
2320 1015 2575 1065 amator.

389 1108 584 1162 Καὶ-
606 1106 916 1160 καταλῦσαι.
955 1107 1321 1176 Καταχθὴναι,
1365 1104 1475 1171 (‘23)
1507 1110 1695 1174 μεῖναι.
1729 1109 1918 1173 Ἀμαρο

2104 1098 2263 1156 Vers.
2297 1100 2347 1154 7.
2377 1100 2452 1153 Et
2479 1099 2991 1157 ~diversaturus.
3022 1104 3331 1158 Mansurus
3360 1118 3430 1159 ac
3460 1104 3692 1161 recubi-

313 1196 469 1249 τωλοὶ
501 1193 560 1249 δι
587 1199 635 1248 οἱ
665 1196 877 1248 τελῶναι
905 1215 1063 1247 πασιν
1096 1191 1329 1257 ἐδόκουν,
1374 1190 1466 1244 διὰ
1491 1195 1578 1252 τὰς
1629 1191 1919 1253 πλεονεξίας

2060 1204 2215 1243 urus.
2264 1187 2571 1243 Publicaui
2632 1189 2791 1244 enim
2834 1191 2998 1262 apud
3051 1207 3252 1246 omnes
3308 1192 3690 1249 habebantur

315 1292 406 1339 καὶ
437 1283 650 1348 ἀδικίας
680 1286 867 1339 αὐτῶν.
909 1284 1219 1356 Ἐριέμφοντο
1246 1288 1415 1334 τοίνυν
1458 1291 1528 1352 τῷ
1560 1290 1795 1353 Χριστῷ,
1829 1300 1919 1331 κα-

2060 1282 2372 1334 ιθοοειιοτθε
2403 1283 2641 1349 propter
2667 1295 2843 1336 suam
2869 1280 3180 1337 avaritiam
3221 1299 3291 1339 ac
3316 1284 3690 1355 injustitiam.

320 1378 482 1450 θάπερ
508 1380 597 1429 καὶ
637 1374 722 1428 ἐπὶ
750 1376 1001 1445 Ματθαίῳ
1028 1382 1098 1443 τῷ
1126 1373 1335 1444 τελωνη,
1390 1376 1478 1423 καὶ
1526 1370 1609 1423 ἐπὶ
1672 1373 1918 1430 τοιούτοις

2060 1368 2498 1438 ndignabantur
2518 1384 2661 1436 ergo
2694 1369 2939 1441 Christo,
2960 1371 3477 1442 quemadmodum
3512 1376 3690 1432 etiam

317 1466 489 1525 ἄλλοις
520 1461 782 1538 διαφόρως
818 1481 829 1494 ·
864 1464 1083 1534 ηγνόουν
1108 1459 1165 1513 δὲ
1204 1466 1286 1513 τόν
1317 1465 1523 1534 τρόπον,
1576 1460 1689 1511 καθ’
1717 1460 1770 1511 όν
1798 1462 1913 1510 τοο-

2070 1461 2269 1528 ropter
2284 1456 2623 1512 Matthzeum
2642 1458 3057 1529 publicanum,
3073 1476 3143 1516 ac
3171 1460 3319 1516 alios
3339 1461 3444 1533 huj
3456 1464 3694 1520 usmodi

319 1575 427 1615 τοις
452 1559 901 1628 συνανεστρέφετό.
952 1556 1036 1604 Διό
1088 1555 1175 1602 καὶ
1227 1556 1470 1624 παρεὼρα
1512 1552 1728 1611 τούτους
1770 1549 1921 1609 αὑτός

2062 1546 2211 1602 'ariis
2243 1548 2304 1601 in
2328 1547 2494 1601 locis.
2546 1548 2909 1616 lgnorabant
2947 1555 3145 1605 autem
3180 1551 3428 1606 modum
3454 1557 3510 1608 et
3554 1569 3692 1609 cau-

320 1644 405 1697 ἐπὶ
438 1648 694 1706 τοιούτοις
736 1646 1017 1719 πράγμασι
1069 1638 1596 1712 σκανδαλιζοριένους,
1650 1645 1764 1712 Χρὴ
1820 1642 1921 1713 γὰρ

2064 1652 2184 1701 am,
2218 1636 2298 1691 ob
2327 1652 2508 1707 quam
2563 1635 2828 1693 Christus
2856 1654 2995 1693 cum
3043 1639 3153 1696 illis
3206 1648 3689 1700 conversaretur:

316 1742 410 1786 τοῦ
433 1754 622 1808 ,αικρου
664 1730 959 1785 σκανδάλου
1000 1738 1356 1805 καταφρονεῖν,
1389 1732 1508 1781 ἔνθα
1528 1730 1724 1801 μεγάλη
1754 1748 1923 1786 σωτη-

2063 1726 2166 1780 deo
2193 1725 2372 1780 etiam
2409 1727 2521 1781 hos
2562 1726 2692 1798 ipse
2723 1727 3114 1799 despiciebat,
3143 1746 3279 1785 cum
3309 1738 3550 1802 propter
3583 1732 3693 1788 hu-

314 1830 407 1897 ρία
437 1830 539 1875 τινὶ
567 1827 1021 1897 προσγίνεται,καὶ
1051 1826 1121 1893 μὴ
1146 1817 1235 1872 διὰ
1267 1824 1322 1871 τό
1342 1823 1525 1892 μικρὸν
1546 1818 1777 1870 ἀπόλλειν

2063 1815 2295 1870 usmodi
2324 1832 2417 1870 res
2447 1815 2912 1873 otfenderentur.
2938 1819 3179 1889 Oportet
3201 1820 3359 1874 enim
3394 1820 3693 1878 modicum

316 1918 375 1965 τό
399 1918 554 1986 μέγα,
2031 1904 2465 1961 offendiculum
2518 1905 2928 1977 parviducere,
2985 1906 3087 1962 ubi
3157 1908 3420 1979 cuipiam
3470 1925 3696 1979 magna

2034 1995 2195 2050 salus
2226 1996 2474 2061 accedit,
2508 2012 2615 2050 nec
2646 2002 2888 2069 propter
2908 2012 3035 2053 rem
3066 1997 3369 2053 modicam
3400 2013 3691 2069 magnum

2031 2085 2280 2157 perdere
2298 2085 2799 2141 emolumentum.

390 2183 601 2241 Σταθεὶς
629 2213 698 2221 —
742 2184 1080 2256 τετραπλοῦν.
1127 2178 1197 2232 Ὤ.
1248 2184 1468 2250 ταχείας
1524 2178 1808 2250 μεταϐολῆς
1852 2178 1922 2232 l6

2104 2177 2264 2230 Vers.
2300 2178 2349 2230 8.
2384 2175 2645 2231 Stans—
2666 2175 3098 2246 quadruplum.
3134 2178 3177 2232 Ο
3211 2177 3475 2234 velocem
3499 2182 3692 2235 muta-

317 2270 655 2345 φιλάργυρος,
687 2268 1031 2342 εὐμετάδοτος
1061 2288 1071 2298 '
1116 2271 1141 2321 ό
1173 2266 1518 2330 ἀδικώτατος,
1555 2265 1914 2329 δικαιότατος.

2066 2264 2259 2320 ionem
2288 2264 2300 2317 l
2336 2280 2551 2321 avarus
2576 2264 2769 2321 factus
2793 2271 2883 2321 est
2902 2265 3157 2323 liberalis
3191 2286 3205 2335 ;
3235 2267 3696 2337 injustissimus,

318 2359 392 2412 ’Ὦ
421 2357 812 2413 αὐτοδιδάκτου
851 2364 1114 2433 σωτηρίας
1143 2357 1153 2410 !
1187 2362 1327 2409 οὔπω
1356 2360 1456 2430 γὰρ
1490 2361 1644 2429 ἔμαθέ
1692 2378 1743 2409 τι
1783 2360 1927 2433 παρὰ

2064 2354 2415 2410 ustissimus.
2450 2355 2493 2409 Ο
2525 2354 2800 2419 salutem,
2832 2371 3011 2427 quam
3043 2372 3168 2412 sese
3196 2356 3322 2428 ipse
3354 2357 3638 2414 docuerat
3681 2357 3694 2414 l

320 2452 675 2523 Χριστοϋ.Τά
713 2452 803 2521 μεν
834 2450 921 2500 οὖν
970 2451 1140 2520 ἡμίση
1194 2457 1291 2499 τῶν
1336 2449 1678 2521 ὑπαρχόντων
1728 2445 1926 2500 δέδωκε

2067 2459 2233 2515 reque
2252 2443 2413 2499 enim
2462 2444 2658 2499 adhuc
2702 2460 2739 2500 a
2760 2444 2989 2501 Christo
3020 2445 3303 2501 didicerat
3337 2465 3350 2504 :
3381 2446 3697 2504 dimidium

320 2548 429 2600 τοῖς
460 2547 696 2609 πτοχοίς
716 2539 787 2599 εἰς
808 2538 1040 2590 εὐποιίαν
1075 2556 1085 2568 ·
1122 2540 1186 2589 τὰ
1218 2538 1386 2608 ἡμίση
1423 2533 1480 2588 δὲ
1503 2542 1923 2609 παρακατέσχεν,

2070 2549 2336 2589 tonorum
2377 2533 2540 2589 dedit
2579 2534 2947 2606 pauperibus
2996 2535 3055 2590 in
3086 2534 3443 2591 beneﬁcium
3482 2552 3496 2601 ;
3529 2536 3700 2592 dimi-

322 2631 431 2701 οὑχ
483 2632 615 2681 ὥστε
655 2631 815 2699 ἔχειν,
859 2627 962 2677 ἀλλ’
1020 2630 1152 2678 ὥστε
1193 2622 1264 2677 δι’
1299 2625 1459 2677 αὐτῶν
1488 2624 1805 2677 ἀποτιννυειν
1853 2645 1927 2678 τε·

2071 2623 2208 2678 limn
2233 2639 2372 2679 vero
2402 2623 2659 2689 retinuit,
2689 2640 2803 2680 non
2838 2630 2901 2680 ut
2924 2624 3285 2697 possideret,
3307 2625 3412 2680 sed
3443 2642 3565 2698 quo
3597 2642 3701 2697 per

320 2719 620 2792 τραπλάσια
688 2726 786 2768 τῶν
826 2716 881 2768 ἐκ
914 2720 1254 2787 συκοφαντίας
1282 2716 1930 2797 πορισθέντων·,Ἐνταύθα

2068 2711 2092 2765 :l
2123 2712 2446 2767 exsolveret
2468 2713 2525 2766 in
2544 2713 2975 2786 quadruplum,
3006 2714 3170 2769 lucra
3195 2714 3405 2770 fraude
3426 2716 3698 2786 quaesita.

322 2814 382 2861 τό
413 2811 512 2881 γὰρ
538 2808 997 2878 Ἑσυκοφάντησα,
1024 2805 1081 2856 οὐ
1110 2809 1166 2855 τό
1193 2804 1808 2878 ματαίω;,Κατηγόρησα
1838 2824 1929 2861 ση-

2072 2801 2212 2866 luod
2242 2802 2402 2856 enim
2433 2802 2547 2856 hoc
2574 2803 2633 2857 in
2678 2802 2811 2858 loco
2841 2803 3097 2858 habetur
3126 2802 3547 2876 ἐσυκοφάντησα,
3581 2820 3702 2860 non

321 2904 516 2971 μαίνει,
619 2896 747 2948 ἀλλὰ
824 2899 881 2947 τό
956 2896 1045 2951 Ἐκ
1118 2899 1455 2966 συκοφαντίας
1545 2900 1634 2946 καὶ
1713 2891 1927 2957 ἀδικίας

2075 2890 2338 2958 igniﬁcat
2381 2906 2530 2945 vane
2575 2897 2675 2945 aut
2706 2891 2884 2947 stulte
2936 2892 3342 2948 calumniatus
3390 2909 3547 2957 sum,
3574 2893 3700 2958 sed,

321 2989 642 3060 ἐκτησάμην.
695 2986 1061 3059 Τετραπλάσικ
1150 2982 1207 3037 δε
1280 2981 1586 3037 ἀποδίδωσι
1650 2989 1784 3037 κατά
1840 2989 1926 3037 τόν

2072 2980 2117 3033 Ix
2159 2979 2449 3049 injustitia
2477 2985 2535 3033 et
2563 2981 2867 3036 calumnia
2918 2982 3234 3052 acquisivi.
3284 2982 3702 3055 Quadruplum

320 3084 498 3150 νόμον,
531 3082 619 3129 τόν
649 3081 883 3150 τέσσαρα
904 3074 1138 3149 πρόϐατα
1170 3074 1281 3126 ἀντὶ
1303 3074 1405 3135 ἑνός
1433 3074 1653 3126 ἐκτίσειν
1699 3074 1928 3127 κελεύονο

2070 3072 2239 3123 intem
2264 3067 2469 3132 reddit,
2504 3068 2834 3123 secundum
2864 3068 3078 3137 legem,
3112 3085 3249 3141 qua:
3278 3076 3539 3143 quatuor
3558 3086 3700 3127 oves

321 3188 408 3222 τα.
2040 3157 2119 3213 ob
2160 3172 2340 3211 unam
2389 3156 2688 3213 sublatam
2724 3158 2919 3213 exolvi
2952 3159 3225 3229 jubebat.

400 3259 729 3329 Ἀκούσωμεν
760 3258 807 3307 οἱ
834 3254 1153 3323 ἀδικοῦντες,
1192 3259 1281 3306 καὶ
1309 3254 1336 3313 ἦ
1369 3254 1503 3306 αὖτά
1540 3255 1605 3305 τὰ
1645 3252 1696 3315 ἐξ
1724 3249 1931 3313 ἀδικίας

2114 3246 2470 3311 Audiamus,
2498 3247 2594 3316 qui
2642 3246 2926 3317 injuriam
2963 3247 3238 3319 facimus,
3266 3253 3323 3305 et
3344 3248 3433 3305 vel
3462 3265 3535 3305 ea
3564 3264 3701 3322 quas

322 3354 434 3408 τοῖς
474 3344 805 3404 ἀδικηθεῖσιν
840 3344 1279 3419 ἀντιστρέψε-ιμεν,
1314 3344 1343 3402 ἠ
1379 3346 1627 3400 τοιαύτην
1663 3344 1931 3417 Θεραπείαν

2073 3337 2260 3407 njuste
2318 3341 2488 3407 parta
2535 3341 2694 3401 sunt,
2736 3335 2961 3391 affectis
3006 3338 3224 3408 injuria
3274 3339 3703 3396 restituamus:

326 3445 440 3498 τοῖς
469 3434 773 3508 ἀδικήμασι
798 3438 1238 3508 προσενέγκωμεν,

2078 3426 2138 3481 el
2173 3425 2426 3481 similem
2467 3425 2756 3481 medelam
2785 3426 2915 3492 illis,
2952 3426 3051 3498 qui
3089 3427 3371 3499 injuriam
3410 3428 3708 3499 irrogave-

2044 3522 2203 3581 runt,
2223 3514 2548 3571 offeramus
2567 3515 2672 3587 (υ).

405 3611 526 3668 Εἶπε
564 3646 622 3655 -
654 3612 873 3685 ἐγένετο.
923 3621 1078 3666 Οικον
1104 3612 1259 3682 λέγει,
1292 3613 1408 3671 τοὺς
1461 3609 1508 3661 ἐν
1549 3618 1619 3680 τῷ
1668 3612 1811 3680 οἴκῳ.
1838 3614 1936 3667 Σή-

2120 3606 2284 3661 Vers.
2320 3609 2373 3661 9.
2410 3605 2572 3660 Dixit
2602 3636 2671 3645 -—-
2700 3607 2967 3677 contigit.
3020 3607 3276 3663 Domum
3306 3606 3450 3663 dicit
3479 3624 3580 3664 eos
3608 3608 3707 3680 qui

328 3725 502 3780 μερον,
546 3708 725 3777 φησὶν,
757 3702 950 3775 ἐγένετο
1006 3706 1262 3774 σωτηρία,
1316 3699 1656 3760 ἀπελαθείσης
1695 3697 1802 3758 ἤδη
1843 3707 1938 3760 τῆς

2084 3711 2108 3749 1
2139 3695 2319 3749 domo
2348 3701 2536 3751 erant.
2570 3695 2772 3761 Hodie,
2802 3696 3011 3768 inquit,
3041 3697 3203 3752 salus
3235 3697 3495 3767 contigit,
3522 3699 3714 3767 ejecta

332 3794 611 3863 ἀπωλείας,
666 3801 761 3855 τῆς
842 3792 1143 3853 ἐνοικούσης
1206 3789 1260 3842 ἐκ
1316 3790 1604 3852 πλεονεξίας
1669 3795 1758 3842 καὶ
1815 3785 1936 3841 ἀδι-

2080 3801 2170 3840 am
2199 3784 2548 3856 perditione,
2580 3801 2713 3856 quae
2744 3784 2803 3840 in
2833 3802 2906 3842 ea
2937 3786 3279 3842 morabatur
3304 3793 3542 3859 propter
3571 3800 3710 3843 ava-

329 3890 470 3946 κίας.

2048 3878 2242 3934 ritiam
2275 3885 2331 3933 et
2373 3878 2752 3947 injustitiam.

408 3975 603 4026 Καθότι
650 4004 719 4013 —
759 3970 888 4025 ἐστι.
936 3978 1099 4023 Τοῦτο
1140 3966 1235 4022 διά
1276 3972 1392 4028 τοὺς
1448 3968 1816 4039 γογγύζοντας,
1860 3968 1939 4019 ὅτι

2120 3968 2282 4021 Vers.
2328 3971 2378 4021 9.
2412 3968 2499 4021 Eo
2525 3969 2685 4037 quod
2713 3999 2781 4008 -—
2808 3973 2915 4024 est.
2960 3970 3077 4023 Hoc
3102 3974 3345 4040 propter
3390 3985 3492 4025 eos
3542 3968 3711 4038 dixit,

328 4066 476 4138 παρὰ
500 4061 789 4137 ἁμαρτωλῷ
818 4057 973 4135 ἀνδρί
998 4060 1203 4117 εἰσῆλθε
1231 4058 1522 4110 καταλῦσαι
1562 4072 1573 4082 ’
1615 4060 1745 4127 φησί
1773 4057 1874 4126 γάρ
1916 4070 1928 4083 ⁸

2078 4055 2150 4126 [ιιὶ
2180 4056 2639 4111 murmurabant
2691 4056 2857 4127 quod
2905 4056 3202 4123 intrasset,
3250 4058 3409 4128 apud
3440 4064 3708 4130 peccato—

331 4160 559 4226 Σήμερον
615 4156 852 4225 σωτηρία
916 4158 989 4219 τῷ
1067 4153 1191 4219 οἴκῳ
1258 4152 1445 4219 τούτῳ.
1510 4151 1608 4199 Καὶ
1648 4150 1745 4220 γαρ
1833 4141 1939 4196 ἔδει

2081 4161 2172 4198 em
2218 4146 2411 4199 virum
2471 4145 2896 4199 diversaturus.
2957 4147 3050 4200 Ait
3098 4162 3280 4216 ergo;
3315 4147 3506 4203 Hodie
3548 4148 3711 4201 satus

330 4245 568 4302 σωθῆναι
620 4245 706 4294 τόν
763 4247 1053 4311 Ζακχαῖον,
1102 4236 1241 4290 διότι
1289 4243 1377 4288 καὶ
1436 4236 1589 4296 αὐτὸς
1657 4236 1709 4286 ἐκ
1762 4238 1939 4305 γένους

2079 4234 2253 4289 Iomuz‘
2280 4234 2409 4289 huic
2456 4233 2701 4304 contigit
2740 4250 2754 4299 ;
2786 4236 3103 4307 oportebat
3148 4234 3447 4305 siquidem
3477 4235 3709 4291 salvum

330 4341 425 4386 τοῦ
476 4332 713 4406 Ἀϐραάμ
770 4330 901 4382 ἐστι.
985 4328 1140 4386 Δηλοῑ
1203 4324 1260 4379 δὲ
1334 4330 1390 4377 τό
1466 4324 1799 4396 ἐπαγόμενον,
1860 4324 1939 4374 ὅτι

2077 4324 2174 4377 ieri
2205 4324 2729 4394 Zacchzeum,quia
2758 4331 2814 4377 et
2835 4324 2960 4395 ipse
2990 4340 3059 4378 ex
3092 4340 3305 4394 genere
3323 4330 3412 4379 est
3434 4323 3707 4379 Abi-aha).

339 4381 418 4386 "'
493 4381 694 4406 "'F"'t’
807 4381 814 4382 ί
987 4381 1049 4386 ν·
1574 4381 1586 4396 ι
1632 4381 1641 4396 ι
1790 4381 1797 4388 ι

330 4426 735 4494 προηγουμένως
809 4416 904 4472 διά
983 4422 1099 4477 τοὺς
1168 4416 1546 4489 Ἀϐραμιαίους
1616 4412 1941 4487 ὶνηνθρώπη-

2082 4412 2355 4482 ιὶεοιίὶοιιι
2405 4381 2912 4467 autem.inductus
2950 4412 3045 4468 hic
3086 4381 3307 4483 sermo,
3365 4414 3532 4486 quod
3571 4428 3712 4486 pro-

334 4532 444 4566 σιν,
2050 4508 2180 4574 pter
2220 4518 2322 4557 eos
2370 4502 2755 4573 potissimum
2810 4503 3251 4560 humanitatem
3294 4504 3710 4577 assumpserit,

2050 4593 2147 4664 qui
2186 4592 2265 4648 ab
2297 4592 2603 4648 Abraham
2648 4593 3111 4649 descendebant.

408 4691 568 4743 Ἷῐλοε
595 4722 653 4731 -
672 4687 1021 4748 ἀπολωλό;.Τό
1037 4684 1299 4745 ἀπολωλός
1319 4684 1370 4736 ἐκ
1383 4688 1561 4754 γένους
1577 4691 1667 4734 τοῦ
1679 4681 1935 4756 Ἀϐραάμ.

2126 4683 2283 4736 Vers.
2320 4682 2407 4735 10.
2469 4683 2634 4738 Venit
2667 4714 2734 4722 ——-
2762 4684 2916 4754 quod
2956 4686 3154 4751 periit.
3191 4684 3363 4749 Quod
3397 4682 3586 4755 periit,
3638 4698 3712 4740 ex

338 4782 454 4834 Οὐκ
480 4779 773 4836 ἀπεστάλην
811 4781 935 4849 γὰρ,
969 4780 1148 4847 φησὶν,
1200 4774 1243 4826 εἰ
1272 4780 1342 4847 μὴ
1374 4774 1444 4834 εἰς
1495 4776 1563 4824 τα
1606 4771 1845 4847 πρόϐατα
1876 4776 1942 4823 τα

2081 4786 2266 4836 genere
2301 4770 2576 4827 Abrahm.
2608 4772 2698 4827 Ait
2735 4774 2896 4828 enim
2943 4792 2957 4828 :
2989 4773 3125 4828 Non
3164 4789 3295 4829 sum
3327 4774 3557 4838 missus,
3592 4772 3711 4828 nisi

338 4870 641 4925 ἀπολωλότα
665 4872 808 4920 οἷκον
838 4866 953 4939 (26)
970 4864 1225 4937 ’Δϐραάμη

2050 4861 2121 4915 ad
2143 4875 2275 4916 oves
2315 4862 2573 4929 perditas
2612 4862 2813 4917 domus
2846 4863 3036 4919 Israel
3069 4867 3135 4915 ³³.

408 4966 675 5031 Ζακχαῖος
733 4954 792 5009 δέ
849 4956 955 5028 εἰμι
1009 4953 1155 5025 κάγὼ
1203 4956 1392 5025 μικρός
1449 4956 1543 5010 τὴν
1604 4951 1810 5009 ἠλικίαν
1848 4955 1942 5009 την

2126 4953 2246 5021 Ego
2303 4966 2443 5006 vero
2496 4958 2551 5006 et
2601 4953 2913 5008 Zacchaeus
2959 4970 3091 5007 sum
3139 4958 3367 5008 statura
3421 4951 3715 5025 spirituali

409 5087 458 5122 ³³
482 5084 667 5140 Exod.
698 5098 838 5148 xxu,
874 5082 925 5134 1.
1005 5080 1050 5113 ³³
1083 5077 1285 5135 Matth.
1326 5094 1417 5141 xv,
1445 5079 1533 5131 24.

1550 5172 1772 5241 Variae
1813 5172 2137 5240 lectiones
2170 5184 2234 5240 et
2285 5183 2485 5240 notae.

436 5380 529 5450 Q2)
560 5378 722 5431 Αὐτόν
748 5374 1103 5450 ΟῐηὶιίἰζμΒη
1148 5445 1158 5450 _
1216 5448 1223 5450 _
1526 5441 1540 5450 _
1610 5441 1644 5450 η
1928 5441 1944 5450 _
2058 5392 2066 5440 τ

1148 5445 1158 5450 -
1526 5441 1540 5450 .
1610 5441 1644 5450 ,,
1928 5441 1944 5450 _
2058 5371 2718 5450 7W}9y,_{1ecersorium.

436 5383 529 5450 22)
560 5383 722 5431 Αὐτόν
748 5383 967 5432 omittit
998 5383 1057 5432 ις.
1633 5441 1644 5452 υ
2058 5383 2270 5442 γωνιου,
2299 5383 2719 5428 dammam.

410 5383 526 5525 223)
562 5451 748 5505 Etiam
778 5450 870 5503 hic
902 5445 1114 5525 adjecit
1144 5445 1436 5517 interpres
1462 5441 1949 5514 scholium,quod
2128 5442 2244 5525 ίξὶίξ)
2276 5445 2443 5525 _H_anc
2472 5443 2730 5499 formam
2752 5442 2939 5525 codex
2956 5447 3210 5525 uterque
3240 5447 3544 5517 exprimit,

337 5515 602 5584 méirion
635 5515 989 5591 agnoscunt.
1064 5590 1072 5595 _
1180 5589 1197 5595 _
1303 5515 1371 5595 ’Δ
1435 5586 1450 5595 _
1596 5586 1634 5595 Α
1726 5588 1736 5595 _

1435 5586 1450 5595 .
1596 5586 1634 5595 _.
1726 5588 1736 5595 _
2128 5516 2241 5586 (26)
2274 5515 2361 5567 Ἐκ
2386 5519 2583 5587 γένους,
2612 5531 2721 5588 pro
2739 5518 2903 5571 οἴκου.
2940 5516 3004 5595 Α,

414 5595 528 5669 (24)
557 5586 892 5661 Ωιιόέεοευ
938 5589 1262 5661 κατάγεσθαι
1291 5590 1381 5643 est
1408 5586 1634 5643 deverti
1686 5588 1745 5643 et
1788 5604 1947 5639 κατα-

420 5774 505 5850 (υ)
534 5772 661 5829 Ιιιιε
691 5801 758 5812 -
787 5769 1120 5841 oﬂ'eramus.
1142 5764 1358 5835 Redde,
1392 5765 1632 5838 injuriis
1662 5764 2050 5822 admoveamu.

2088 5806 2093 5821 .
2120 5765 2415 5839 lnterpres
2432 5764 2563 5823 loco
2582 5760 2883 5839 ἀδικήμασι
2915 5764 3148 5825 videtur
3175 5765 3389 5847 legisse
3412 5760 3718 5829 ἀδικήσασι.
