4128 6390
422 356 559 419 1039

1740 346 2091 409 EUTHYMII
2133 348 2464 411 ZIGABENI

3655 358 3800 417 1C60

418 488 694 560 pusillus,
734 487 935 544 adhuc
964 485 1122 543 enim
1168 481 1336 539 humi
1369 480 1529 536 circa
1565 482 1798 537 terrena
1827 478 2072 547 trahor;

2199 486 2538 552 πνευματικήν
2564 483 2637 534 ἔτι
2679 484 2780 557 γὰρ
2812 488 2989 557 χαμαὶ
3036 488 3153 559 περὶ
3191 486 3257 537 τὰ
3314 486 3481 559 γεηρὰ
3539 488 3789 560 σύρομαι,

417 578 592 649 cupio
621 582 821 634 autem
854 577 1146 633 Christum
1192 571 1403 628 intueri
1442 570 1771 634 manifeste,
1824 573 1881 623 et
1924 568 2078 623 sicut

419 667 663 738 expedit
703 683 714 723 :
768 682 967 723 verum
1006 665 1086 720 ita
1141 662 1339 735 ipsum
1386 659 1601 715 intueri
1628 674 1749 714 non
1804 673 2073 729 possum,

419 757 532 812 nisi
549 772 622 812 ea
642 771 776 828 quae
798 755 941 811 mihi
959 754 1035 809 ad
1067 754 1179 808 hoc
1205 750 1627 821 impedimento
1645 753 1802 812 sunt,
1826 746 2076 817 fugiam,

419 851 475 902 et
504 846 833 901 ascendam
858 845 915 899 in
957 843 1252 904 arborem,
1284 839 1340 894 id
1362 844 1467 903 est,
1500 853 1685 908 supra
1713 841 1947 892 terrena
1968 835 2081 890 ele-

419 951 516 990 ver
545 934 897 1006 attollarque
930 934 1005 987 ad
1034 931 1306 986 ccelestia.
1348 935 1509 983 Tunc
1540 926 1697 982 enim
1740 931 1796 981 et
1827 926 1953 997 ipse
1984 939 2078 979 me

418 1025 684 1094 ingenue
711 1022 979 1094 aspiciet,
1026 1020 1377 1091 vocabitque
1408 1018 1484 1073 ad
1519 1032 1583 1072 se
1615 1021 1672 1073 et
1702 1014 2077 1071 mansionem

419 1114 588 1186 apud
604 1128 697 1168 me
732 1113 933 1182 faciet;
967 1110 1097 1166 talis
1121 1108 1416 1182 siquidem
1439 1105 1689 1164 efﬁcitur
1712 1105 1932 1161 domus
1955 1103 2076 1158 Dei.

433 1336 444 1345 .
493 1293 660 1347 Vers.
688 1291 769 1346 I1.
792 1291 929 1345 Hac
942 1289 1065 1345 illis
1081 1285 1452 1343 audientibus
1473 1316 1535 1326 —
1552 1282 2077 1353 manifestandum.

425 1381 751 1437 Audientes
781 1380 1031 1452 quidam
1086 1394 1157 1433 ex
1200 1376 1415 1431 Judazis
1460 1390 1598 1430 eum
1633 1373 1973 1445 frequenter
1996 1371 2082 1426 di-

424 1476 680 1535 centem,
711 1469 876 1541 quod
912 1470 1155 1523 instaret
1185 1480 1436 1537 regnum
1465 1464 1587 1527 Dei,
1617 1461 2082 1535 suspicabantur

426 1561 590 1634 quod
643 1567 960 1632 propterea
1012 1572 1173 1612 nunc
1224 1555 1570 1611 ascenderet
1627 1551 1974 1616 Jerusalem,
2018 1557 2083 1606 ut

422 1654 710 1720 regnaret
738 1649 797 1704 in
829 1664 942 1714 ea;
982 1647 1144 1719 quod
1179 1646 1307 1719 ipse
1350 1643 1562 1707 sciens,
1596 1658 1703 1714 per
1733 1639 2077 1713 parabolam

427 1739 669 1808 corrigit
706 1753 1015 1793 erroneam
1048 1736 1285 1791 illorum
1337 1733 1708 1805 opinionem,
1756 1729 2081 1785 ostendens

2187 574 2276 621 καὶ
2332 570 2474 630 ζητώ
2525 575 2615 644 μεν
2650 569 2779 625 ἰδεῖν
2836 578 2922 626 τὸν
2982 578 3211 649 Χριστὸν
3269 574 3501 647 ὶμφανῶς
3559 581 3649 628 καὶ
3676 578 3791 647 (27)

2188 660 2259 721 ὡς
2304 669 2587 734 προσῆκεν,
2644 662 2704 714 ού
2758 659 2989 735 δύναμαι
3048 660 3107 717 δε
3156 672 3338 717 τοῦτον
3377 665 3535 727 οὕτως
3568 661 3717 731 ἰδεῖν,
3748 665 3793 718 εἰ

2188 753 2260 820 μὴ
2312 746 2558 824 ἰκδράμω
2596 760 2695 803 τῶν
2735 749 3122 823 ἐμποδιζόντων
3160 773 3250 825 μοι
3312 756 3437 828 πρὸς
3484 761 3655 817 τοῦτο,
3704 759 3793 806 καὶ

2190 836 2362 889 ἀναϐῶ
2414 837 2496 891 ἐπὶ
2533 836 2768 915 δένδρον,
2802 848 3087 907 τουτέστιν,
3130 844 3406 915 ύπεραρθῶ
3436 851 3537 895 τῶν
3574 846 3787 915 γηίνων,

2188 932 2277 978 καὶ
2307 931 2639 1000 μετεωρισθώ
2675 934 2807 1003 πρὸς
2835 933 2900 984 τὰ
2930 933 3213 1003 ἐπουράνια
3239 931 3373 1001 (‘28).
3412 936 3538 984 Τότε
3569 936 3671 1006 γὰρ
3703 938 3793 986 καὶ

2190 1016 2342 1077 αὐτὸς
2374 1019 2611 1069 θεάσεταί
2642 1038 2704 1086 με
2727 1025 2975 1090 γνησίως,
3002 1024 3091 1072 καὶ
3119 1020 3325 1073 καλέσει
3342 1024 3472 1092 πρὸς
3494 1020 3792 1085 ἐαυτὸν,καὶ

2189 1110 2349 1178 μονὴν
2377 1106 2498 1178 παρ’
2530 1105 2644 1178 έμοὶ
2684 1114 2915 1167 ποιησει.
2950 1107 3109 1171 Οἶκος
3156 1112 3258 1182 γὰρ
3316 1114 3443 1162 Θεοῦ
3489 1110 3515 1161 ὸ
3558 1116 3795 1170 τοιοῦτος

2188 1214 2406 1266 γινεται.

2260 1286 2579 1337 Ἀκουὸντων
2601 1282 2636 1338 δ
2640 1290 2661 1339 ξ
2678 1286 2846 1339 αὐτῶν
2874 1295 3039 1341 ταῦτα
3066 1287 3456 1361 ἀναφαίνεσθαι.
3497 1288 3798 1349 Ἀκούοντές

2190 1392 2319 1434 τινες
2365 1382 2463 1425 τῶν
2519 1372 2789 1427 Ἰουδαίων
2855 1376 3098 1439 πολλάκις
3155 1378 3315 1430 αὐτοῦ
3400 1377 3651 1449 λέγοντος,
3715 1378 3799 1429 ὃτι

2192 1468 2407 1534 ἤγγικεν
2440 1466 2468 1522 ἠ
2502 1462 2748 1537 βασιλεία
2772 1473 2866 1517 τοῦ
2893 1472 3049 1531 Θεοῦ,
3073 1467 3346 1529 ὑπέλαϐον,
3390 1470 3470 1519 ὃτι
3523 1464 3558 1519 δ
3563 1470 3619 1519 ιὸι
3646 1474 3798 1519 τοῦτο

2195 1554 2359 1605 iuuat
2389 1561 2475 1604 νῦν
2525 1553 2982 1628 εἰς’ῐερουσαλὴμ,
3036 1559 3118 1608 ἱνα
3173 1556 3465 1629 βασιλεύσῃ
3533 1556 3582 1608 ἂν
3639 1556 3797 1629 αὐτῇ,

2192 1645 2313 1713 ὅπερ
2344 1646 2499 1714 γνοὺς
2521 1642 2676 1705 αὐτὸς
2699 1640 2733 1696 δ
2740 1646 2794 1696 ιὰ
2822 1645 3123 1720 παραϐολῆς
3163 1643 3468 1717 διορθοῦται
3489 1650 3584 1704 τὴν
3614 1644 3802 1718 ἔσφαλ-

2192 1736 2348 1803 μένην
2374 1731 2634 1803 ὑπόληψιν
2675 1733 2864 1801 αὐτῶν,
2923 1734 3204 1807 ἐμφαίνων,
3238 1737 3318 1789 ὅτι
3349 1738 3378 1793 ἠ
3433 1734 3678 1807 βασιλεία
3707 1735 3801 1786 οιύ-

422 1845 669 1901 regnum
702 1844 879 1882 suum
925 1842 1047 1882 non
1078 1842 1207 1881 esse
1258 1840 1329 1879 ex
1360 1825 1474 1879 hoc
1525 1821 1773 1883 mundo,
1829 1821 1933 1876 sed
1962 1835 2083 1875 cce-

2199 1828 2282 1873 τοῦ
2310 1820 2403 1873 οὐκ
2440 1824 2582 1874 ἔστιν
2608 1820 2663 1873 έκ
2693 1831 2783 1875 τοῦ
2814 1828 3016 1897 κὸσμου
3047 1828 3259 1893 τούτου,
3297 1823 3401 1876 ἀλλ’
3434 1824 3669 1899 οὐράνιος
3708 1829 3802 1877 καὶ

420 1920 563 1977 leste
590 1935 660 1976 ac
699 1924 1008 1973 aeternum.

425 2011 582 2067 CAP.
625 2008 799 2065 LXVI.
834 2006 917 2062 De
947 2006 1199 2071 homine,
1232 2004 1338 2076 qui
1359 2004 1665 2073 profectus
1697 2007 1800 2067 est,
1838 2006 1902 2055 ut
1931 2000 2083 2057 acci-

922 2102 1079 2166 peret
1132 2094 1242 2149 sibi
1306 2108 1580 2163 regnum.

497 2191 659 2244 Vers.
693 2189 781 2242 12.
840 2186 996 2241 Dixit
1050 2214 1116 2226 -—
1160 2182 1561 2253 longinquam.
1623 2182 1694 2237 Se
1747 2180 1945 2252 ipsum
2014 2179 2087 2233 si-

427 2278 693 2350 gniﬁcat,
750 2275 1059 2331 hominem
1130 2272 1397 2345 quidem,
1476 2274 1541 2325 ut
1594 2269 1699 2342 qui
1756 2269 2088 2324 humanita-

426 2369 545 2424 tem
577 2365 912 2436 assumpsit
963 2360 1361 2434 :prteclarum
1420 2375 1563 2414 vero
1618 2374 1852 2429 genere,
1886 2362 2088 2429 utpote

428 2455 641 2511 Filium
671 2452 791 2509 Dei.
826 2451 1122 2508 Profectus
1149 2456 1237 2504 est
1271 2458 1470 2505 autem
1513 2448 1573 2502 in
1624 2446 1930 2516 regionem
1961 2445 2086 2501 lon-

426 2545 738 2616 ginquam,
786 2548 919 2614 post
968 2538 1455 2595 resurrectionem
1489 2553 1560 2591 ex
1593 2535 1842 2591 mortuis
1882 2550 2087 2590 ascen-

425 2634 576 2690 dens
616 2631 696 2687 ab
751 2630 837 2687 eis
872 2629 932 2684 in
977 2627 1196 2683 caelum
1258 2645 1269 2679 ;
1306 2625 1605 2697 siquidem
1650 2630 1935 2696 tanquam
1958 2622 2086 2694 jata

427 2722 588 2780 facta
616 2719 754 2775 dicit
783 2734 854 2774 ea
883 2733 1018 2790 quae
1061 2716 1259 2771 futura
1288 2721 1447 2769 sunt.

2194 1908 2387 1972 ἀΐδιος.

2340 2006 2481 2054 ΚΕΦ.
2512 1998 2625 2064 Ξς’.
2652 2006 2775 2074 Hegi
2805 1998 2895 2054 τοῦ
2928 2004 3262 2075 πορευθέντος
3289 2002 3461 2055 λαϐεῖν
3491 2003 3655 2075 ἐαυτῷ

2859 2090 3153 2164 βασιλείαν.

2270 2174 2421 2229 Εἶπεν
2471 2208 2538 2219 ·-
2570 2182 2791 2251 μακράν,
2846 2184 3038 2233 Εαυτὸν
3068 2178 3346 2247 ύποδηλοῖ,
3389 2184 3657 2258 ἄνθρωπον
3688 2183 3800 2254 μεν,

2198 2269 2262 2326 ὡς
2319 2265 2808 2340 ἓνανθρωπήσανταο
2867 2268 3041 2340 εὐγενῆ
3100 2266 3178 2334 δε,
3240 2273 3307 2333 ὡς
3361 2273 3480 2324 Υἱον
3518 2280 3609 2323 τοῦ
3640 2276 3796 2326 Θεοῦ·

2200 2354 2450 2429 ἕπορεύθη
2506 2352 2565 2407 δε
2623 2356 2693 2419 εἰς
2745 2364 2927 2432 χώραν
2958 2362 3180 2430 μακρὰν,
3214 2362 3343 2431 μετὰ
3371 2365 3465 2419 τὴν
3505 2359 3558 2411 ἐκ
3614 2370 3805 2434 νεκρῶν

2200 2443 2488 2495 ἀνάστασιν
2524 2445 2684 2497 αύτοῦ
2708 2444 2924 2499 ἀνελθὼν
2952 2448 3022 2509 εἰς
3049 2452 3136 2500 τὸν
3184 2448 3419 2523 οὐρανὸν.
3451 2449 3537 2511 Ὠς
3567 2452 3666 2525 γὰρ
3692 2446 3803 2509 ἤδη

2194 2537 2508 2605 γεγενημένα
2532 2533 2667 2606 λέγει
2691 2537 2755 2587 τὰ
2781 2536 3025 2607 μελλοντα
3056 2537 3189 2609 (29).

490 2813 533 2881 -ι-
572 2810 721 2866 Nam
755 2808 919 2875 regio
949 2806 1238 2877 loginqua
1259 2803 1395 2871 alia,
1431 2809 1647 2875 praeter
1680 2806 1922 2869 terram,
1953 2806 2039 2855 est
2059 2800 2298 2857 ctelum.

499 2902 666 2955 Vers.
693 2898 778 2953 12.
812 2898 881 2953 Ut
898 2897 1185 2963 acciperet
1202 2894 1316 2949 sibi
1339 2909 1611 2962 regnum.
1632 2891 1802 2957 Quod
1824 2899 1884 2946 ut
1899 2892 2084 2947 homo

426 2987 676 3061 accepit,
705 2988 779 3043 de
808 3002 932 3058 quo
953 2984 1100 3040 dixit
1131 2984 1313 3039 David
1358 3000 1370 3036 :
1412 2984 1694 3038 Dominus
1720 2982 1989 3052 regnavit
2014 2981 2081 3035 3‘.

427 3081 495 3134 Et
513 3092 721 3133 rursus
754 3095 769 3131 :
816 3073 987 3131 Dixit
1041 3072 1325 3128 Dominus
1360 3072 1602 3126 Domino
1655 3085 1776 3127 meo
1812 3086 1822 3125 :
1875 3069 2017 3125 Sede
2052 3086 2086 3122 a

2268 2893 2456 2945 Λαϐεῖν
2489 2892 2655 2963 ἑαυτῷ
2688 2891 2981 2965 βασιλείαν.
3008 2893 3104 2947 Ἢν
3141 2893 3335 2961 ﬂagrat,
3392 2897 3461 2956 ὡς
3513 2897 3799 2969 ἄνθρωπος,

2195 2987 2311 3054 περὶ
2341 2983 2403 3042 ἧς
2428 2986 2599 3054 εἰρηκε
2622 2981 2789 3035 Δαυίδ
2817 3001 2827 3012 ·
2861 2986 2886 3035 ὸ
2921 2987 3112 3056 Κύριος
3132 2984 3458 3041 ἐϐασίλευσε.
3500 2991 3601 3038 Καὶ
3632 2982 3800 3048 αὖθις⁸

2200 3068 2349 3123 Εἶπεν
2379 3072 2403 3123 ὸ
2436 3074 2625 3144 Κύριος
2681 3080 2753 3142 τῷ
2790 3078 2962 3146 Κυρίῳ
2986 3092 3085 3144 μου
3120 3094 3132 3105 ·
3162 3076 3336 3127 Κάθου
3381 3073 3435 3126 ἐκ
3466 3071 3648 3137 δεξιῶν
3679 3095 3804 3147 μου,

2204 3162 2220 3173 ν

2200 3180 2216 3189 ο

426 3167 647 3224 dextris
667 3165 831 3228 meis,
856 3164 1042 3219 donec
1062 3177 1310 3234 posuero
1330 3160 1601 3217 inimicos
1633 3166 1758 3215 tuos
1778 3158 2087 3215 scabettum

2199 3162 2284 3221 ἕως
2314 3162 2375 3213 ἄν
2434 3162 2503 3213 θῶ
2552 3165 2670 3222 τοὺς
2724 3160 2951 3235 ἐχθρούς
2984 3182 3079 3215 σου
3127 3160 3417 3216 ύποπὸδιον
3474 3173 3573 3217 τῶν
3628 3162 3806 3218 ποδῶν

424 3258 642 3329 pedum
687 3263 913 3311 tuorum
946 3254 1016 3309 ³⁵.

500 3350 639 3403 Vers
683 3345 769 3400 12.
806 3344 889 3401 Ασ
936 3348 1351 3401 reverteretur.
1395 3342 1455 3396 In
1514 3339 1776 3395 secundo
1828 3337 2087 3395 adventu

428 3453 583 3583 ἓῃὶν.
619 3523 829 3580 LXVII.
857 3525 940 3579 De
968 3521 1079 3587 his,
1133 3521 1234 3591 qui
1281 3520 1471 3576 decem
1501 3519 1691 3573 minas
1720 3525 2085 3589 acceperunt.

499 3615 665 3671 Vers.
692 3614 777 3668 13.
818 3612 1049 3668 Vocati:
1104 3642 1137 3651 —
1170 3612 1380 3665 minas.
1416 3612 1708 3664 Numerus
1741 3608 1799 3663 in
1822 3608 1937 3664 hoc
1957 3608 2088 3663 loco

429 3704 734 3770 denarius,
756 3699 1151 3758 multitudinis
1180 3699 1470 3755 duntaxat
1489 3698 1963 3754 manifestativus
1981 3703 2087 3763 est,

426 3800 555 3852 tam
581 3794 656 3849 de
683 3792 870 3849 servis
897 3806 1081 3863 quam
1114 3788 1189 3845 de
1232 3789 1428 3844 minis.
1462 3788 1614 3844 Mina
1646 3792 1870 3851 autem,
1904 3801 2092 3855 genus

1228 3880 1441 3935 Servos
1499 3893 1642 3949 ergo
1689 3876 1834 3931 dicit
1884 3891 2093 3931 omnes

430 3972 697 4030 ﬁdelium
721 3974 1116 4043 praeceptores
1140 3984 1152 4023 :
1177 3967 1370 4023 minas
1395 3982 1554 4032 vero,
1595 3964 1885 4037 spiritalia
1910 3964 2091 4021 dona.

502 4063 664 4118 Vers.
692 4061 775 4116 13.
810 4061 877 4115 Et
932 4057 1182 4115 veniam.
1244 4055 1632 4127 Negotiemini
1666 4071 1772 4127 per
1799 4055 1963 4111 dona
2001 4070 2095 4109 sa-

431 3888 558 3940 erat
587 3882 848 3952 argentei
898 3878 1153 3935 nummi.

432 4152 619 4209 lutem
670 4148 1006 4206 hominum.

511 4242 672 4298 Vers.
705 4239 793 4295 14.
831 4238 995 4296 Cives
1027 4242 1221 4294 autem
1253 4266 1319 4277 —
1349 4250 1499 4291 eum.
1540 4233 1789 4304 Cognati
1836 4233 1965 4305 ejus
2002 4234 2102 4288 Ju-

439 4330 574 4390 diei.

510 4420 673 4477 Vers.
707 4419 796 4474 14.
832 4418 910 4473 Et
936 4447 1003 4459 -—
1060 4430 1183 4471 nos.
1223 4417 1369 4471 Nam
1402 4419 1459 4470 et
1497 4413 1660 4486 prius
1715 4413 1995 4469 dixerunt
2024 4412 2102 4469 ad

2200 3269 2316 3302 σου.

2273 3344 2373 3392 Καὶ
2397 3339 2745 3413 ὑποστρέψαι.
2774 3343 2920 3394 Κατά
2950 3346 3043 3400 τὴν
3076 3338 3322 3415 δευτέραν
3370 3348 3665 3416 παρουσίαν
3713 3343 3807 3396 αύο

2198 3448 2316 3485 του,

2344 3522 2491 3575 ΚΕΦ,
2523 3517 2635 3570 ΞΖ’.
2674 3524 2794 3594 Περὶ
2827 3528 2925 3571 τῶν
2955 3519 3212 3572 λαϐόντων
3237 3523 3331 3581 τὰς
3362 3518 3491 3573 δέκα
3512 3528 3661 3594 μνᾶς.

2273 3606 2504 3669 Καλέσας
2539 3636 2601 3649 —
2622 3615 2769 3680 μνᾶς.
2801 3608 2858 3660 ’0
2889 3605 3017 3661 δέκα
3056 3609 3276 3684 ἀριθμὸς
3306 3609 3528 3663 ἐνταῦθα
3578 3611 3809 3675 πλήθους

2200 3700 2351 3768 μόνον
2378 3694 2683 3768 ἐμφαντικὸς
2715 3695 2875 3763 ἔστιν,
2908 3699 2993 3750 ἐπί
3024 3718 3078 3751 τε
3125 3708 3225 3750 τῶν
3258 3695 3477 3768 δούλων,
3510 3698 3594 3752 ἐπί
3627 3720 3681 3753 τε
3708 3710 3810 3753 τῶν

2201 3793 2339 3857 μνῶν
2374 3798 2385 3809 ·
2416 3787 2447 3842 ἠ
2505 3794 2608 3857 μνᾶ
2648 3784 2707 3840 δε
2738 3783 2797 3845 ἧν
2828 3784 2961 3848 εἶδος
2994 3786 3275 3862 ἀργυρίου.
3337 3789 3559 3852 Δούλους
3609 3793 3699 3863 μὲν
3725 3786 3817 3842 οὖν

2202 3873 2357 3945 λέγει,
2386 3878 2579 3936 πάντας
2612 3880 2725 3936 τούς
2758 3872 3121 3941 διδασκάλους
3152 3886 3251 3930 τῶν
3287 3888 3484 3931 πιστῶν
3513 3896 3525 3909 ο
3558 3886 3685 3952 μνᾶς
3732 3876 3816 3948 δε,

2204 3966 2270 4015 τὰ
2292 3983 2516 4037 πνευματ
2528 3969 2613 4017 ικα
2650 3971 2987 4039 χαρίσματα.

2282 4059 2381 4106 Καὶ
2416 4058 2747 4130 -ἔρχομαι,
2794 4058 3286 4129 Πραγματεύσασθε
3323 4053 3414 4109 διὰ
3459 4066 3558 4110 τῶν
3613 4077 3823 4132 χαρισ-

2208 4145 2383 4215 μάτων
2408 4148 2502 4203 την
2529 4150 2791 4217 σωτηρίαν
2821 4154 2919 4198 τῶν
2953 4144 3263 4218 ἀνθρώπων,

2281 4235 2349 4284 Οἱ
2403 4230 2463 4285 δε

2211 4318 2486 4375 Ἰουδαῖοι.

2519 4233 2729 4286 πολῖται
2789 4267 2850 4277 -
2921 4235 3096 4288 αὑτὸν.
3176 4237 3243 4287 Oi.
3327 4243 3590 4307 συγγενεῖς
3667 4237 3829 4290 αὐτοῦ

2288 4417 2387 4463 Καὶ
2415 4443 2480 4453 -
2508 4414 2666 4485 ἡμᾶς.
2700 4417 2795 4466 Καὶ
2848 4416 3090 4487 πρότερον
3145 4416 3247 4489 γὰρ
3300 4418 3428 4489 πρὸς
3468 4417 3554 4466 τὸν
3604 4414 3829 4469 Πιλάτον

438 4508 890 4568 PilatumzNon
940 4505 1215 4563 habemus
1231 4520 1426 4575 regem
1457 4504 1574 4560 nisi
1623 4506 1909 4562 Cwsarem
1941 4505 1988 4540 ³⁸
2013 4520 2027 4570 ;
2050 4519 2080 4559 e

2214 4500 2403 4572 ἔλεγον.
2437 4502 2547 4553 Οὐκ
2574 4505 2762 4575 ἔχομεν
2798 4500 3043 4575 βασιλέα,
3080 4503 3121 4555 εὶ
3152 4509 3222 4575 μὴ
3266 4508 3528 4576 Καίσαραο
3551 4510 3640 4557 καὶ
3670 4506 3826 4559 ύστε-

438 4597 833 4673 postmodum
855 4594 1111 4652 orabant
1129 4594 1205 4651 ad
1236 4596 1415 4651 Deum
1439 4597 1495 4649 et
1515 4593 1776 4660 Patrem,
1803 4598 1864 4651 ut
1892 4594 2107 4649 exstin-

440 4692 722 4762 gueretur
752 4686 930 4743 etiam
967 4684 1097 4755 ejus
1124 4685 1427 4739 memoria.

522 4777 688 4834 Vers.
722 4777 817 4833 15.
856 4775 933 4831 Et
963 4773 1209 4845 contigit
1244 4804 1313 4813 --
1347 4788 1547 4845 regno.
1591 4772 1670 4828 De
1702 4771 1964 4828 secundo
2003 4772 2106 4829 ad-

447 4868 634 4924 ventu
663 4868 750 4920 est
786 4863 883 4920 hic
906 4877 1124 4927 sermo,
1165 4860 1411 4933 quando
1432 4865 1754 4915 revertetur
1781 4876 1921 4916 cum
1941 4863 2103 4932 pote-

517 5046 538 5081 ³
563 5045 583 5080 ⁸
616 5041 769 5102 Psal.
801 5058 932 5109 xcu,
966 5041 1018 5097 1.
1102 5039 1147 5076 ³⁸
1181 5037 1336 5097 Psal.
1371 5054 1483 5103 cur,
1513 5039 1564 5106 1,
1591 5042 1643 5093 2.

2214 4609 2305 4663 ρον
2335 4593 2565 4662 ηὔχοντο
2586 4595 2709 4664 πρὸς
2741 4594 2825 4643 τὸν
2858 4595 2986 4643 Θεὸν
3020 4596 3109 4644 καὶ
3154 4597 3381 4665 Πατέρα,
3417 4591 3702 4651 σϐεσθῆναι
3734 4594 3826 4646 αύ-

2216 4688 2306 4731 τοῦ
2481 4685 2568 4731 καὶ
2595 4685 2688 4738 τὴν
2714 4686 2944 4753 μνήμην.

2290 4774 2389 4822 Καὶ
2466 4767 2660 4841 ἐγένετο
2713 4794 2783 4817 ==
2850 4768 3141 4843 βασιλείαν.
3208 4776 3333 4843 Περὶ
3414 4779 3507 4832 τῆς
3573 4768 3819 4846 δευτέρας

2213 4860 2560 4934 παρουσίαςό
2612 4860 2779 4931 λόγος,
2813 4861 2895 4912 ὅτε
2948 4858 3339 4913 έπανελεύσεται
3386 4863 3517 4933 μετὰ
3557 4858 3815 4933 δυνάμεως

1723 5041 1771 5075 ³⁸
1790 5038 1959 5098 Joan.
1988 5054 2110 5109 xix,
2154 5039 2246 5097 15.

1660 5208 1889 5288 Variae
1935 5217 2265 5287 lectiones
2309 5227 2373 5285 et
2414 5226 2617 5286 nolae.

520 5417 639 5492 (27)
675 5418 763 5483 Ὠς
792 5422 902 5485 καί,
931 5416 1139 5492 ordine
1184 5416 1421 5475 inverso
1445 5401 1502 5473 Β.

524 5490 639 5566 (28)
657 5492 917 5566 -ρύράνια

2224 5413 2371 5489 nius;
2390 5433 2509 5473 suae
2540 5414 3010 5489 interpretationi
3037 5413 3667 5489 ascripseratieremiaa
3692 5432 3746 5489 ιι.
3770 5418 3837 5472 ln

2224 5487 2471 5560 Actibus
2534 5485 2875 5560 apostolicis
2918 5485 3157 5560 quidem
3228 5485 3541 5560 aliquoties
3591 5486 3831 5556 legitur,

2224 5559 2535 5631 principes
2557 5556 2900 5615 Iudaeorum
2938 5556 3151 5631 delere
3199 5556 3454 5631 voluisse
3485 5560 3832 5616 memoriam

454 5558 771 5690 héggwee
789 5561 1130 5636 proximum
1159 5558 1451 5617 scholium
1479 5559 1713 5618 codices
1735 5561 2115 5633 Mosquenses

502 5640 775 5777 113mm
823 5702 990 5761 abest
1043 5699 1111 5752 Α.
1156 5703 1454 5777 σεξυτι-ιλιι)Δ
1492 5703 1730 5777 ignoro,
1774 5703 1873 5777 ad

450 5773 651 5837 meum
714 5777 1057 5835 Litterarum
1088 5790 1398 5835 sacrarum
1441 5773 1543 5835 hic
1574 5776 1867 5850 respiciat.

2222 5628 2482 5705 nominis
2511 5630 2746 5694 Christi,
2780 5631 2883 5685 sed
2916 5628 3123 5684 nullibi
3153 5628 3429 5686 additum
3486 5634 3592 5695 est,
3647 5631 3838 5705 εὔχεσ-

1975 5719 2113 5782 υενω
2226 5703 2312 5755 θαι
2334 5706 2568 5782 πρόςτὸν
2609 5706 2737 5759 Θεὸν
2757 5706 2847 5756 καὶ
2888 5705 3112 5780 Πατέρα.

1961 5781 2115 5833 ente-
