4128 6386
254 359 382 425 1061

249 520 443 582 πολλῆς
512 524 602 572 καὶ
666 515 841 584 δόξης,
894 522 984 569 καὶ
1051 518 1260 569 καθίσει
1318 514 1401 567 ἐπὶ
1454 515 1636 587 θρόνον
1696 510 1936 574 δόξηςΑ

251 609 436 664 αὐτοῦ.

323 698 438 769 (31)
475 699 597 750 Εἷπε
624 728 692 737 -
715 693 1258 769 διεπραγματεύσατο.
1294 698 1420 747 Τότε
1447 696 1548 765 γὰρ
1575 692 1861 762 λογοθιτῶν

253 786 526 841 ἀποδώσει
555 787 759 858 ἑκάστῳ
780 789 914 839 κατὰ
939 787 1004 839 τὰ
1030 787 1154 858 ἔργα
1179 784 1359 837 αὐτοῦ.

330 968 641 1039 Παριγένετο
692 995 760 1005 —-
793 970 942 1037 μνᾶς,
996 965 1091 1016 Διὰ
1141 972 1232 1023 τῆς
1259 957 1485 1022 δεκάδος
1524 963 1580 1011 16
1613 958 1741 1011 πολὺ
1771 964 1864 1010 τοῦ

255 1060 343 1131 κέρ
352 1053 449 1108 δου
460 1077 481 1117 ς
510 1054 756 1127 ἔσήμανε.

332 1239 434 1287 Καὶ
474 1230 581 1287 εἷπε
618 1264 667 1274 —-
700 1232 896 1306 ἕγένου.
950 1228 1019 1286 Εὖ
1054 1250 1160 1297 σοι,
1202 1232 1283 1283 ὅτι
1340 1230 1390 1282 ἐν
1438 1234 1535 1303 μιᾷ
1574 1235 1678 1303 μνᾷ
1706 1247 1866 1281 σπουο

258 1322 294 1377 δ
299 1331 383 1377 αἰο
394 1345 415 1387 ς
446 1321 617 1395 ἐγένου
627 1362 640 1375 .

329 1500 475 1555 Ἰσθι
521 1499 765 1563 ἐξουσίαν
803 1502 943 1573 ἔχων
976 1532 1039 1541 -
1070 1499 1282 1553 πόλεων.
1338 1500 1431 1551 Διὰ
1476 1507 1572 1559 τῆς
1629 1496 1868 1560 ἔξουσίας

256 1601 358 1644 τῶν
382 1588 512 1643 δέκα
538 1590 729 1643 πόλεων
764 1594 822 1642 τὸ
853 1590 980 1642 πολὺ
1010 1598 1103 1652 τῆς
1143 1597 1299 1661 τιμῆς
1329 1593 1418 1641 καὶ
1448 1592 1505 1640 τό
1534 1589 1748 1659 μέγεθος
1777 1594 1867 1647 τῆς

258 1682 561 1755 εὐεργεσίας
591 1683 810 1753 ἐνέφηνε.

336 1775 438 1823 Καὶ
486 1766 634 1827 ἦλθεν
685 1800 751 1810 -
808 1768 1019 1822 πόλεων.
1079 1766 1374 1838 Ἀναλόγως
1416 1773 1487 1837 τῷ
1535 1769 1705 1840 μέτρῳ
1772 1773 1866 1826 τῆς

262 1860 489 1912 ἑκάστου
533 1855 773 1920 σπουδῆς
812 1863 1015 1911 καὶτοῦ
1041 1855 1257 1931 κέρδους
1282 1864 1686 1931 παραμετρείται
1719 1860 1807 1907 καὶ
1833 1856 1862 1912 ἠ
1905 1870 1945 1925 Β

261 1954 390 2021 τιμή
426 1953 515 2001 καὶ
546 1948 833 2022 εὐεργεσία.

343 2044 442 2092 Καὶ
482 2041 651 2110 ἔτερος
695 2069 763 2081 —-—
810 2034 1097 2111 σουδαρίῳ.
1158 2032 1441 2108 Σουδάριον
1489 2034 1624 2107 (32),
1656 2038 1714 2086 16
1747 2033 1870 2109 παρ’

266 2131 393 2200 ἡμῖν
438 2131 625 2199 μικρὸν
677 2126 959 2199 φακιόλιον·
993 2125 1333 2196 ἀναγωγικώς
1381 2122 1439 2177 δὲ
1486 2128 1544 2176 τὸ
1588 2120 1870 2198 σουδάριον

268 2217 509 2282 ἐνταῦθα,
550 2218 579 2274 ἡ
606 2216 768 2291 ἀργία
788 2221 877 2268 καὶ
908 2214 1203 2290 ἀχρηστία.

344 2306 665 2379 Ἐφοϐούμην
740 2337 810 2346 -
867 2308 1126 2379 ἔσπειρας.
1184 2303 1335 2376 ’ᾨετο
1406 2304 1526 2376 γὰρ,
1596 2304 1676 2354 ὅτι
1742 2306 1870 2374 μόνη

266 2401 298 2456 ἠ
373 2393 581 2454 σπουδὴ
654 2403 751 2447 τῶν
816 2396 1252 2469 ἐμπορευομένων,
1310 2394 1427 2445 ἄνευ
1479 2400 1573 2454 τῆς
1634 2394 1688 2443 ἐκ
1740 2398 1873 2443 Θεοῦ

268 2485 537 2559 βοηθείας,
588 2486 838 2555 κατορθοῖ
892 2490 949 2536 1'6
1003 2490 1124 2547 πᾶν,
1169 2487 1258 2534 καὶ
1321 2484 1398 2534 ὅτι
1445 2481 1710 2555 αὐστηρὸς
1784 2481 1870 2547 ὢν,

270 2577 480 2627 ἀπαιτεί
532 2576 597 2625 τὰ
646 2573 836 2647 ἑτέροις
886 2572 1245 2637 ἐπικτηθέντα,
1307 2572 1376 2633 εἰς
1429 2571 1463 2623 ἄ
1519 2572 1665 2631 αὐτὸς
1724 2566 1873 2622 οὐδέν

270 2686 319 2717 τι
369 2668 691 2735 συνήργησε.
720 2666 926 2720 Ταύτην
959 2660 1018 2714 δὲ
1053 2668 1139 2719 τὴν
1184 2660 1466 2731 ἀπολογίαν
1513 2660 1874 2732 ἐσχημάτισεν

272 2757 302 2813 ἡ
368 2752 661 2825 παραϐολὴ,
721 2748 890 2814 δεῖξαι
953 2750 1264 2824 βουλομένη,
1320 2753 1399 2802 ὅτι
1455 2751 1565 2819 (33)
1620 2746 1771 2801 οὐδὲν
1828 2750 1877 2799 οἱ

271 2852 497 2896 τοιουτοι
564 2841 771 2913 εὔλογον
830 2842 945 2913 (34)
1002 2840 1440 2911 ἀπολογήσασθαι
1483 2838 1752 2905 δύνανται,
1787 2843 1875 2889 καὶ

274 2935 376 3002 ὅτι,
396 2935 496 2983 ὅσα
521 2929 581 2982 ἆν
604 2930 1053 3001 ἀπολογήσωνται,
1082 2930 1197 2981 κατ’
1220 2929 1384 2981 αὐτῶν
1402 2930 1570 2980 πάντα
1598 2928 1711 2999 (35)
1739 2946 1877 3000 περι-

272 3027 654 3096 τραπήσονται,
681 3025 771 3071 καὶ
801 3021 956 3071 ἄκουε
984 3028 1080 3071 τῶν
1106 3020 1234 3081 ἑξῆς.

349 3116 501 3181 Λέγει
529 3140 595 3150 --
632 3105 805 3161 δουλε.
848 3110 941 3163 Ἐκ
968 3117 1065 3160 τῶν
1100 3108 1265 3179 λόγων
1299 3127 1412 3163 σου.

347 3197 530 3261 "litin;
590 3230 659 3239 —-
733 3201 1040 3273 τράπεζανς
1098 3198 1214 3250 Ἐπὶ
1303 3200 1639 3271 τραπεζίτας.
1721 3196 1955 3276 Οὗτοια

278 3287 331 3344 δ’
375 3289 435 3341 ἂν
481 3285 573 3341 εἶεν
618 3290 666 3340 οἱ
714 3285 991 3360 δυνάμενοι
1040 3284 1323 3359 διακρίνειν
1355 3290 1413 3337 τό
1459 3286 1613 3338 καλὸν
1648 3285 1747 3338 ἀπὸ
1788 3294 1880 3338 τοῦ

276 3388 461 3432 κακοῦ.
514 3382 651 3448 λέγει
701 3381 890 3441 τοίνυν,
925 3379 1006 3429 ὅτι
1038 3378 1179 3428 Ἐπεί
1219 3380 1450 3428 τοιοῦτόν
1485 3395 1549 3448 με
1588 3374 1879 3447 ἐγίνωσκες,

276 3475 453 3521 καίτοι
482 3474 551 3540 μὴ
587 3474 818 3519 τοιοῦτον
850 3470 989 3531 ὄντα,
1026 3463 1172 3518 διατί
1193 3466 1251 3517 οὐ
1292 3465 1485 3537 μᾶλλον
1510 3464 1793 3517 κατεϐαλου
1828 3469 1881 3517 16

282 3557 432 3613 δοθέν
485 3579 567 3610 σοι
614 3559 865 3632 χάρισμα
903 3576 1001 3629 μου
1033 3555 1114 3609 ἐπὶ
1152 3557 1462 3629 τραπεζίτας
1496 3573 1507 3622 ;
1556 3553 1660 3608 ἔδει
1692 3559 1791 3627 γάρ
1828 3576 1885 3608 σε

280 3657 384 3702 πᾶν
413 3653 471 3702 τό
520 3653 607 3700 σόν
636 3656 880 3711 ποιῆσαι,
920 3650 976 3698 τό
1005 3643 1063 3698 δὲ
1092 3646 1274 3697 λοιπόν
1314 3645 1426 3718 ἐμοὶ
1466 3645 1788 3711 καταλιπεῖν,
1828 3650 1884 3699 16

281 3740 651 3811 εὐχερέστερον
682 3741 805 3798 τέως
829 3733 1248 3810 διαπράξασθαι,
1279 3740 1337 3787 1'6
1376 3732 1435 3787 δε
1466 3732 1884 3809 δυσχερέστερον

282 3828 399 3901 ἐμοὶ
430 3826 723 3901 ἐπιτρέψαι³
748 3825 879 3898 λέγω
911 3822 1000 3896 δὴ,
1037 3829 1129 3883 τὴν
1163 3823 1470 3883 ἀπαίτησιν.

359 4010 460 4059 Καὶ
500 4004 598 4074 ἔγὼ
623 4037 688 4046 -
720 4005 866 4058 αὑτό.
900 4004 1217 4078 Εἰσέπραξα,
1252 4002 1523 4076 ἀπῄτησα.
1554 4006 1755 4057 Δάνειον
1796 4008 1885 4076 μὶν

284 4096 393 4164 οὖν,
428 4097 457 4152 ἡ
511 4092 857 4147 διδασκαλία·
916 4099 1067 4156 τόκος
1116 4091 1174 4146 δε
1202 4097 1440 4145 τοιούτου
1488 4090 1715 4159 δανείου,
1748 4096 1799 4145 αἱ
1834 4093 1887 4145 ἐκ

286 4181 645 4247 διδασκαλίας
684 4183 879 4257 ἀρεταί·
935 4190 1096 4237 Τόκον
1149 4180 1227 4248 δὲ,
1276 4188 1364 4241 τὴν
1388 4180 1686 4258 ἐπικερδίαν
1718 4184 1885 4251 ἀπλῶ,

285 4276 570 4347 ὠνόμασεν,
698 4276 945 4345 συνηθείᾳ
970 4274 1323 4348 χρησάμενος.

366 4460 465 4508 Καὶ
539 4460 644 4515 τοῖς
710 4461 1040 4529 παρεστῶσιν
1128 4449 1254 4504 εἷπε.

288 4544 543 4616 ἀγγέλοις.

1342 4459 1457 4513 Τοῖς
1540 4454 1890 4525 ὑπηρετοῦσιν

389 4580 543 4605 -..νιν

389 4641 557 4707 Αρατε
580 4663 644 4672 —
674 4635 875 4704 ἔχοντι.
904 4630 1097 4707 Ἀρατε
1126 4629 1212 4683 ἀπ’
1237 4630 1397 4683 αὐτοῦ
1426 4634 1482 4683 16
1516 4633 1769 4705 χάρισμα
1798 4641 1894 4695 τῆς
1928 4580 1973 4636 D

288 4720 669 4785 διδασκαλίας,
712 4726 799 4773 καὶ
864 4719 984 4773 δότε
1015 4721 1139 4772 αὐτὸ
1170 4721 1240 4781 εἰς
1270 4722 1579 4797 προσθήκην
1628 4730 1781 4794 τιμῆς
1823 4730 1893 4791 τῲ

288 4818 470 4886 ἔχοντι
500 4816 593 4872 τὰς
622 4808 751 4863 δέκα
779 4816 931 4883 μνᾶς.

366 4907 469 4956 Καὶ
490 4898 629 4954 εἶπον
667 4932 735 4942 —
766 4906 915 4973 μνᾶς.
949 4906 1099 4972 Ἔχει
1126 4900 1390 4972 ἀρκοῦσαν
1411 4903 1588 4973 τιμήν.

362 5082 516 5151 Λέγω
564 5108 633 5119 -
696 5079 1191 5152 περισσευθήσεται.
1267 5079 1333 5129 Oi
1400 5079 1491 5150 μὲν
1563 5086 1895 5150 παρεστῶτες

287 5168 454 5234 εἶπον,
515 5169 595 5221 ὅτι
645 5166 799 5240 Ἐχει
839 5165 1102 5239 ἀρκοῦσαν
1152 5172 1327 5240 τιμήν
1383 5167 1536 5228 αὐτὸς
1586 5163 1645 5220 δέ
1710 5186 1890 5240 φησιν,

1354 354 1724 418 COMMENT.
1770 362 1837 415 IN
1875 352 2132 417 LUCAM.
2176 390 2242 399 —-
2283 352 2438 413 CAP.
2472 350 2614 413 XIX.

3497 354 3630 417 1062

1970 515 2119 567 state
2149 524 2372 579 magna
2435 513 2493 566 et
2530 510 2737 580 gloria,
2787 512 3137 587 sedebitque
3180 530 3359 588 super
3419 516 3617 571 sedem

1972 600 2170 670 gloriae
2212 615 2355 655 suae.

2044 690 2206 744 Vers.
2272 690 2357 744 15.
2410 688 2703 759 Jussitque
2746 722 2810 733 -
2864 694 3187 764 negotiatus
3237 701 3406 751 esset.
3477 698 3625 751 Nam

1973 784 2113 834 tunc
2130 778 2420 834 rationem
2437 792 2667 849 ponens
2684 779 2888 836 reddet
2912 783 3236 856 unicuique
3243 784 3417 855 juxta
3446 800 3631 857 opera

1974 884 2103 923 sua.

2044 958 2208 1013 Vers.
2239 958 2324 1014 16.
2369 960 2528 1015 Venit
2585 989 2657 1000 —-
2686 959 2897 1016 minas.
2932 960 3037 1017 Per
3064 961 3366 1018 denarium
3421 979 3634 1020 nume-

1977 1064 2111 1102 rum
2137 1047 2314 1103 etiam
2341 1048 2436 1103 hic
2492 1048 2954 1116 multitudinem,
2997 1052 3120 1107 sive
3152 1054 3629 1123 magnitudinem

1974 1137 2122 1193 lucri
2153 1138 2525 1209 signiﬁcavit.

2053 1228 2208 1282 Vers.
2230 1229 2318 1285 17.
2344 1229 2502 1283 -Ει
2528 1228 2894 1298 ait—fuisti.
2922 1231 3071 1285 Bene
3098 1232 3396 1302 precantis
3411 1240 3515 1298 est,
3538 1233 3633 1289 vel

1977 1315 2295 1382 laudantis,
2336 1318 2703 1374 contrarium
2758 1319 2870 1375 ναξ.
2902 1319 3055 1375 Bene
3087 1320 3191 1377 tibi
3232 1322 3324 1389 sit,
3384 1323 3529 1395 quia
3569 1323 3632 1380 in

1979 1422 2100 1462 una
2141 1406 2303 1462 mina
2330 1407 2587 1475 diligens
2619 1408 2799 1463 fuisti.

2050 1495 2214 1551 Vers.
2251 1501 2330 1552 t7.
2357 1497 2580 1553 Habeto
2595 1503 2940 1569 potestatem
2972 1530 3039 1539 —
3069 1500 3361 1557 civitates.
3393 1501 3502 1557 Per
3531 1517 3634 1574 po-

1978 1591 2247 1642 testatem
2285 1604 2456 1658 super
2485 1587 2689 1642 decem
2742 1589 3029 1659 civitates,
3074 1592 3304 1646 variam
3357 1590 3631 1648 beneﬁcii

1979 1676 2451 1746 magnitudinem
2492 1692 2562 1731 ac
2596 1675 2888 1733 honorem
2929 1678 3380 1735 demonstravit.

2048 1764 2218 1820 Vers.
2251 1769 2338 1822 18.
2372 1768 2444 1819 Et
2470 1764 2627 1821 venit
2693 1797 2759 1808 -
2820 1767 2981 1821 Vers.
3034 1772 3115 1823 19.
3159 1769 3455 1826 Civitates.
3488 1771 3638 1828 Con-

1980 1854 2243 1911 formiter
2264 1854 2339 1910 ad
2360 1870 2705 1910 mensuram
2721 1855 2903 1911 studii
2932 1857 3025 1927 cnj
3038 1873 3225 1929 usque
3246 1868 3631 1917 mensuratur

1979 1952 2033 2000 et
2074 1946 2266 1999 honor
2297 1960 2365 1999 ac
2406 1943 2783 1998 beneﬁcium.

2052 2036 2209 2089 Vers.
2240 2038 2328 2089 20.
2356 2034 2431 2088 Et
2464 2034 2617 2089 alius
2647 2064 2713 2074 —
2751 2034 3016 2091 sudario.
3050 2035 3371 2092 Sudarium
3406 2054 3636 2110 anago-

1982 2125 2108 2195 gice
2126 2125 2312 2180 otium
2343 2140 2412 2178 ac
2442 2123 2753 2193 segnitiem
2781 2130 2835 2180 et
2866 2123 3239 2182 inutilitatem
3271 2129 3382 2183 hoc
3409 2128 3469 2183 in
3500 2128 3634 2187 loco

1982 2214 2377 2270 demonstrat.

2056 2303 2213 2357 Vers.
2242 2304 2331 2358 21.
2366 2299 2647 2357 Timebam
2675 2331 2744 2342 —
2794 2302 3105 2359 seminasti.
3156 2304 3412 2365 Putabat
3450 2310 3633 2376 enim,

1984 2394 2144 2468 quod
2181 2392 2306 2449 sola
2366 2392 2797 2462 negotiantium
2874 2392 3179 2463 diligentia
3244 2397 3478 2470 absque
3539 2402 3637 2457 Dei

1986 2484 2205 2541 auxilio
2246 2489 2433 2538 totum
2494 2480 2749 2537 efﬁceret
2792 2498 2804 2537 :
2862 2488 2917 2538 et
2968 2500 3104 2539 cum
3150 2491 3299 2541 esset
3338 2494 3634 2556 austerus,

1985 2578 2271 2646 repeteret
2308 2572 2384 2628 ab
2417 2571 2547 2626 aliis
2578 2571 2762 2637 lucra,
2795 2572 2853 2627 in
2884 2587 3019 2644 quas
3053 2573 3178 2644 ipse
3209 2576 3352 2630 nihil
3380 2579 3641 2635 contule-

1986 2672 2096 2720 rat.
2132 2665 2291 2718 Hanc
2321 2666 2522 2716 autem
2548 2661 2992 2733 responsionem
3025 2662 3305 2733 ﬁguravit
3332 2668 3638 2737 parabola,

1986 2752 2192 2807 volens
2217 2748 2547 2813 ostendere,
2578 2748 2744 2819 quod
2772 2749 2918 2804 tales
2951 2749 3094 2805 nihil
3122 2753 3466 2810 rationabile
3506 2773 3644 2827 pos-

1987 2841 2104 2895 sint
2157 2838 2543 2909 respondere,
2608 2837 2713 2892 sed
2771 2854 3148 2912 quaecunque
3201 2844 3641 2916 responderint,

1988 2933 2193 2985 contra
2226 2942 2286 2982 se
2316 2926 2478 2998 ipsos
2497 2932 2913 2982 convertentur
2944 2944 3125 2995 ;nam
3169 2930 3331 2997 audi,
3373 2948 3508 3005 qua:
3558 2952 3646 2991 se-

1989 3024 2274 3091 quuntur.

2061 3109 2222 3162 Vers.
2264 3110 2351 3161 22.
2379 3105 2481 3160 Ait
2507 3136 2569 3145 -—
2595 3120 2774 3162 serve.
2812 3108 2889 3161 Ex
2922 3106 3118 3161 verbis
3145 3108 3285 3167 tuis.

2064 3199 2223 3253 Vers.
2258 3202 2344 3251 22.
2366 3196 2599 3252 Sciebas
2626 3227 2695 3236 —
2714 3196 2871 3251 Vers.
2896 3197 2985 3251 23.
3016 3196 3277 3255 Mensam
3308 3199 3335 3255 ?
3358 3199 3447 3257 Ad
3472 3218 3645 3259 men-

1992 3288 2181 3343 sarios
2224 3286 2320 3353 ;hi
2351 3285 2464 3340 dici
2488 3292 2748 3357 possunt,
2782 3286 2885 3357 qui
2924 3293 3143 3343 norunt
3172 3288 3501 3359 dijudicare
3544 3292 3649 3350 b0-

1992 3394 2140 3433 num
2174 3393 2209 3432 a
2233 3374 2409 3431 malo.
2443 3375 2533 3429 Ait
2562 3389 2700 3444 ergo
2744 3391 2756 3429 :
2793 3375 2939 3429 Cum
2968 3375 3146 3431 talem
3180 3394 3273 3433 me
3317 3394 3647 3449 cognosce-

1992 3484 2104 3533 res,
2139 3481 2494 3538 quanquam
2528 3463 2657 3519 talis
2688 3480 2807 3519 non
2839 3480 3056 3531 essem,
3081 3482 3268 3537 quare
3302 3484 3420 3524 non
3449 3471 3651 3542 potius

1995 3554 2324 3628 exposuisti
2345 3554 2551 3609 datum
2577 3552 2677 3609 tibi
2703 3554 2929 3608 donum
2949 3571 3149 3610 meum
3177 3557 3251 3612 ad
3274 3560 3606 3617 mensarios
3630 3580 3647 3633 ;

1930 3718 1933 3721 ς
1995 3644 2311 3719 Oportebat
2339 3646 2520 3703 enim.
2548 3642 2712 3715 quod
2744 3642 2802 3698 in
2853 3650 2906 3698 te
2933 3648 3077 3711 crat,
3106 3643 3318 3711 facere,
3350 3648 3646 3722 reliquum

1996 3752 2138 3791 vero
2194 3734 2339 3789 mihi
2388 3733 2721 3805 relinquere
2772 3752 2784 3791 :
2845 3732 3079 3789 efﬁcere
3136 3734 3372 3791 interim
3404 3737 3464 3793 id
3496 3738 3650 3810 quod

1998 3830 2124 3881 erat
2164 3823 2413 3887 facilius,
2459 3821 2625 3895 quod
2687 3826 2881 3878 autem
2934 3822 3255 3891 difﬁcilius,
3329 3827 3473 3883 mihi
3517 3843 3654 3901 per-

1998 3914 2247 3981 mittere,
2289 3911 2426 3967 dico
2457 3926 2602 3966 sane
2632 3910 3065 3981 repetitionem.

2071 4005 2227 4057 Vers.
2257 4004 2344 4056 23.
2378 4002 2457 4055 Et
2482 4015 2575 4071 ego
2616 4029 2685 4040 —
2722 3998 2918 4054 illam.
2979 4032 3047 4041 —
3088 4004 3487 4071 Βερειίίεςειη,
3530 4006 3655 4063 Mu-

1999 4098 2169 4149 tuum
2198 4105 2340 4160 ergo
2364 4096 2451 4144 est
2475 4089 2774 4144 doctrina:
2800 4105 2981 4146 usura
2996 4106 3138 4147 vero
3161 4091 3501 4162 hujusmodi
3527 4112 3657 4152 mu-

1999 4182 2102 4247 tui,
2120 4180 2360 4236 virtutes
2375 4183 2530 4243 sunt,
2546 4192 2683 4250 quae
2702 4192 2772 4233 ex
2789 4178 3064 4235 doctrina
3087 4181 3380 4237 oriuntur.
3401 4184 3659 4241 Lucrum

2001 4278 2200 4326 autem
2239 4268 2659 4342 qualecunque
2689 4268 3022 4325 nominavit
3051 4285 3316 4336 usuram,
3348 4272 3657 4329 communi

2003 4377 2147 4415 usus
2179 4358 2629 4415 consuetudine.

2077 4452 2237 4505 Vers.
2287 4452 2375 4503 24.
2426 4448 2504 4503 Et
2560 4446 2893 4505 astantibus
2939 4449 3114 4506 dixit.
3182 4449 3651 4510 Ministrantibus

2003 4539 2282 4597 videlicet
2321 4536 2571 4607 angelis.

2076 4629 2238 4683 Vers.
2269 4630 2357 4683 24.
2399 4627 2613 4683 Tollite
2638 4657 2703 4668 —
2739 4626 2839 4698 qui
2874 4627 3064 4685 habet.
3097 4628 3297 4686 Tollite
3328 4630 3408 4687 ab
3432 4645 3503 4688 eo
3526 4646 3660 4703 gra-

2004 4719 2151 4775 tiam
2182 4716 2452 4780 docendi,
2484 4721 2541 4771 et
2564 4715 2701 4773 date
2728 4716 2890 4773 illam
2927 4716 2997 4772 ad
3031 4721 3440 4778 accessionem
3472 4722 3663 4780 hono-

2004 4809 2085 4865 ris
2113 4808 2185 4872 ei,
2216 4807 2318 4879 qui
2358 4805 2556 4861 decem
2584 4807 2776 4862 minas
2809 4807 3010 4863 habet.

2079 4896 2242 4953 Vers.
2285 4896 2373 4952 25.
2411 4896 2483 4951 Et
2516 4895 2803 4952 dixerunt
2830 4897 3123 4953 —minas.
3156 4900 3339 4956 Habet
3370 4898 3668 4958 sufﬁcien-

2006 4990 2127 5044 tem
2159 4986 2475 5041 honorem.

2078 5076 2241 5131 Vers.
2298 5075 2387 5129 26.
2462 5074 2604 5130 Dico
2658 5105 2725 5114 —
2791 5075 3130 5133 abundabit.
3201 5078 3311 5145 Qui
3371 5070 3671 5153 astabant,

2003 5166 2281 5223 dixerunt
2320 5181 2333 5220 :
2369 5163 2555 5221 Habet
2593 5164 2991 5221 sufﬁcientem
3022 5165 3335 5225 honorem.
3374 5169 3504 5241 Ipse
3532 5184 3673 5227 vero

1537 5373 1753 5441 Variae
1784 5372 2115 5442 lectiones
2145 5379 2211 5441 et
2241 5382 2442 5440 notae.

368 5600 482 5672 (3|)
518 5603 635 5672 Kal,
662 5598 823 5670 quod
854 5597 1144 5672 editiones
1160 5595 1407 5665 habent,
1437 5595 1723 5672 quodque
1753 5597 1903 5654 Hen-

293 5670 492 5729 tenius
532 5670 714 5725 etiam
749 5670 1026 5736 servavit,
1062 5677 1267 5725 neuter
1289 5670 1557 5725 meorum
1590 5670 1791 5725 habet.

367 5744 485 5812 (3'2)
515 5740 805 5812 Σουδοὲριον
835 5744 1055 5798 omittit

368 5748 457 5807 (3'2
515 5744 805 5812 Σουδοὲριον
835 5744 1055 5798 omittit
1095 5744 1151 5796 Β.

368 5744 486 5895 (33)
510 5812 635 5871 Ὀτι
674 5816 724 5870 οὶ
771 5821 1002 5871 τοιοῦτοι
1042 5809 1193 5871 οὐδεν
1247 5815 1410 5893 ἕτερον
1470 5811 1910 5891 ἀπολογησασθαι

2024 5591 2435 5660 δυνηθήσονται,
2470 5600 2560 5648 καὶ
2590 5596 2689 5650 ὅτι.

2093 5668 2207 5741 (347)
2238 5667 2761 5739 Ἀπολογηθησεσθαι
2790 5669 2854 5723 Α.

2095 5740 2205 5814 (35)
2236 5744 2553 5818 Παρατραπή
2566 5758 2743 5794 σονται
2772 5743 2840 5803 Δ,
