4128 6392
503 347 637 408 1063

1802 341 2158 405 EUTHYMII
2198 342 2526 406 ZIGABENI

3741 343 3888 406 1064

499 476 580 533 ait
612 475 820 534 :Omni
850 475 1115 532 studium
1139 490 1210 530 ac
1228 474 1595 544 diligentiam
1627 474 1894 540 habenti,
1915 473 2142 530 dabitui

2267 473 2347 527 ὃτι
2401 479 2562 526 Παντὶ
2619 482 2692 544 τῷ
2746 477 2928 546 ἔχοντι
2986 472 3228 534 σπουδήν
3289 493 3343 528 τε
3410 479 3497 527 καὶ
3564 473 3882 546 impiam»,

497 566 709 633 honor,
749 566 929 621 etiam
962 564 1368 620 abundantior
1399 579 1583 635 quam
1624 563 1704 618 illi
1734 564 2031 620 convenit.

568 745 726 798 Vers.
759 744 846 798 26.
878 742 968 798 Ab
1008 772 1076 781 —
1112 741 1184 796 ab
1221 756 1305 796 eo.
1347 739 1437 795 Ab
1465 755 1536 797 eo
1567 741 1670 813 qui
1715 740 1983 796 studium
2033 757 2152 796 non

495 831 673 887 habet
703 848 771 887 ac
802 831 1191 900 diligentiam,
1221 838 1283 884 ut
1311 830 1534 884 dictum
1566 835 1670 895 est,
1695 830 1871 885 etiam
1914 830 1972 885 id
1995 830 2154 902 quod

495 921 690 988 habet,
717 921 900 989 gratia
933 919 1488 984 videlicetdocendi,
1522 920 1840 985 auferetur,
1865 925 2152 991 tanquam

496 1009 574 1066 ab
605 1010 726 1078 illo,
757 1010 861 1081 qui
885 1024 956 1064 ea
988 1024 1106 1063 non
1127 1007 1328 1062 utitur.

570 1099 682 1155 Sed
713 1115 899 1171 quare
929 1098 1002 1152 de
1051 1098 1195 1152 solis
1246 1097 1429 1152 tribus
1482 1097 1665 1154 servis
1732 1097 1900 1164 dixit,
1943 1097 2154 1153 relictis

492 1187 715 1244 caeteris
745 1187 773 1243 7
811 1189 958 1252 Quia
985 1203 1053 1242 ex
1081 1186 1172 1242 his
1203 1185 1373 1242 facile
1397 1194 1486 1242 est
1514 1187 1694 1244 etiam
1726 1186 1800 1242 de
1844 1186 1977 1241 aliis
2010 1202 2148 1242 con-

487 1278 709 1348 jectare
738 1293 752 1344 ;
778 1282 1069 1348 quotquot
1107 1277 1266 1330 enim
1296 1276 1580 1342 negotiali
1611 1282 1770 1341 sunt,
1815 1275 2152 1330 conformes

492 1367 569 1422 ad
598 1366 832 1421 lucrum
871 1370 1265 1435 susceperunt
1320 1363 1625 1435 honores;
1670 1370 1969 1436 quotquot
2011 1380 2151 1419 vero

491 1455 689 1512 otiosa
725 1471 796 1510 ac
825 1454 1056 1510 inutilia
1085 1459 1474 1508 servaverunt
1527 1453 1710 1517 dona,
1745 1453 1966 1508 similia
2011 1469 2147 1508 cum

493 1544 779 1616 praedicto
809 1543 968 1615 passi
993 1548 1150 1597 sunt.

567 1633 951 1702 Sexagesimo
967 1639 1162 1687 autem
1193 1630 1360 1701 juxta
1389 1631 1729 1686 Matthreum
1767 1633 1983 1701 capite,
2012 1647 2149 1686 cum

494 1722 737 1780 similem
758 1721 1382 1792 dixissetparabolam,
1413 1721 1471 1774 in
1504 1721 1620 1775 fine
1648 1720 1880 1775 addidit
1908 1737 1918 1774 :
1969 1721 2040 1775 Et
2063 1721 2151 1774 in-

493 1813 696 1867 utilem
714 1826 947 1866 servum
980 1810 1167 1879 ejicite
1187 1809 1247 1864 in
1277 1809 1545 1865 tenebras
1569 1810 1902 1875 exteriores,
1936 1809 2013 1864 ibi
2037 1810 2148 1865 erit
2186 1843 2225 1897 Β

486 1902 659 1972 ﬂetus
685 1908 736 1956 et
778 1901 1004 1955 stridor
1024 1899 1288 1954 dentium
1307 1899 1352 1933 ³⁷
1385 1914 1399 1964 ;
1436 1904 1488 1954 et
1510 1899 1591 1954 ibi
1613 1899 1830 1954 horum
1853 1899 2149 1954 dictorum

491 1988 1040 2063 interpretationem
1067 1987 1266 2058 legito.

565 2169 728 2223 Vers.
762 2167 850 2220 2'7.
895 2167 1307 2221 Verumtamen
1362 2193 1433 2207 —
1488 2180 1597 2220 me.
1647 2166 1774 2219 Haec
1825 2164 2017 2219 caedes
2049 2169 2150 2220 aut

492 2258 768 2328 designat
797 2255 1159 2328 supplicium
1190 2254 1534 2308 Judaaorum
1584 2254 1640 2308 in
1681 2253 1878 2308 futuro
1909 2254 2146 2319 saeculo,

492 2353 596 2404 aut
629 2345 1044 2403 omnimodaui
1073 2360 1279 2400 eorum
1308 2343 1756 2399 subversionein
1787 2344 1899 2398 sub
1923 2344 2147 2416 Vespa-

491 2437 659 2493 siano
691 2442 745 2492 et
770 2437 916 2491 Tito.

562 2526 727 2580 Vers.
800 2527 887 2578 28.
941 2523 1020 2577 Et
1069 2551 1136 2562 —
1191 2520 1616 2590 Hierosolyma.

491 2614 829 2688 passionem
864 2618 920 2667 et
947 2627 1199 2666 crucem.

942 2700 1099 2758 CAP.
1128 2698 1360 2755 LXVIII.
1394 2701 1471 2754 De
1508 2699 1696 2770 pullo.

567 2793 701 2848 Vers
715 2836 727 2850 .
757 2795 844 2846 29.
868 2792 940 2846 Et
968 2821 1024 2830 —
1042 2791 1208 2845 Vers.
1235 2791 1320 2845 31.
1341 2788 1714 2845 Necessarias
1728 2796 1829 2844 est.
1854 2788 2042 2844 Ethoc
2061 2789 2145 2845 in-

486 2881 694 2938 venies
708 2879 1419 2952 quadragesimoquiutoj
1434 2884 1570 2933 uxta
1585 2878 1910 2934 Matthaeum
1931 2880 2144 2950 capite,

486 2971 548 3027 in
569 2987 692 3044 quo
718 2976 842 3026 tota
864 2969 1043 3037 hujus
1057 2967 1357 3023 enarratio
1387 2967 1465 3022 ad
1483 2967 1728 3022 verbum
1744 2969 2012 3040 exposita
2032 2976 2142 3024 est.

557 3060 720 3114 Vers.
760 3060 848 3112 32.
876 3059 1171 3114 Abierant
1195 3087 1261 3097 —
1289 3056 1456 3112 Vers.
1488 3057 1575 3111 35.
1607 3056 1820 3112 Iesum.
1844 3056 1928 3111 lbi
1962 3057 2140 3112 etiam

485 3149 554 3204 de
580 3148 673 3204 his
697 3148 924 3203 dictum
963 3152 1070 3202 est.

557 3239 716 3293 Vers.
741 3238 829 3292 35.
859 3238 934 3292 Et
961 3265 1027 3276 —
1068 3235 1224 3291 Vers.
1260 3238 1347 3290 36.
1387 3235 1502 3290 Via.
1554 3235 1687 3290 Haec
1721 3234 2140 3290 substernebat

481 3326 741 3399 plurima
767 3325 960 3392 turba,
1011 3325 1163 3379 sicut
1204 3323 1352 3378 dixit
1381 3323 1689 3378 Matthseus
1725 3339 1738 3390 ;
1775 3339 1914 3378 nem
1945 3329 2002 3380 et
2028 3324 2142 3380 ista

479 3431 725 3488 quoque
755 3415 1015 3469 invenies
1041 3412 1254 3468 eodem
1274 3412 1494 3482 capite.

556 3505 720 3560 Vers.
736 3507 823 3560 37.
843 3503 1102 3572 Cumque
1111 3503 1238 3570 jam
1251 3499 1786 3570 apprOpinquasset
1799 3501 2137 3557 virtutibus.

482 3596 561 3650 De
591 3591 918 3661 miraculis,
974 3607 1105 3662 quae
1148 3589 1281 3661 ipso
1332 3596 1600 3661 tempore
1653 3590 1944 3645 viderant.
2009 3592 2141 3645 Erat

481 3683 641 3740 enim
669 3679 1046 3745 miraculum,
1075 3678 1150 3733 de
1177 3677 1338 3750 pullo
1371 3677 1652 3750 illiusque
1684 3678 1950 3734 dominis
1997 3695 2137 3750 prae-

483 3771 724 3829 dicere:
758 3775 971 3826 etcum
1023 3769 1144 3840 ipse
1195 3773 1349 3822 esset
1393 3766 1738 3834 indomitus,
1792 3768 1946 3823 adeo
1980 3784 2140 3824 com-

479 3860 673 3934 posite
703 3876 773 3916 ac
821 3858 1084 3914 modeste
1131 3857 1429 3921 incedere,
1491 3858 1730 3912 turbam
1773 3857 1851 3914 ad
1906 3862 2139 3914 tantum

479 3951 635 4008 illius
651 3952 943 4008 honorem
973 3947 1208 4013 attrahi,
1237 3964 1308 4003 ac
1353 3947 1704 4017 hujusmodi
1772 3948 2034 4004 faustam
2068 3949 2139 4003 de

480 4057 552 4097 eo
578 4039 772 4096 efferri
802 4037 1296 4095 acclamationem
1331 4042 1388 4091 et
1428 4035 1665 4092 similia.

552 4129 828 4186 Vers.38.
869 4128 1129 4184 Dicentes
1161 4157 1231 4166 —-
1282 4125 1532 4181 Domini.
1591 4125 1892 4182 Mattheeus
1936 4130 2137 4183 autem

480 4218 646 4285 dixit,
673 4217 1055 4292 quodturbaa,
1078 4232 1208 4287 quae
1232 4214 1652 4286 praecedebant
1675 4220 1729 4269 et
1754 4231 1892 4286 quae
1930 4231 2138 4287 seque-

477 4309 718 4375 bantur,
773 4306 1120 4363 clamabant
1163 4305 1426 4359 dicentes
1477 4302 1593 4359 hoc
1651 4305 1697 4338 ³⁸
1723 4322 1739 4375 ;
1773 4309 1829 4360 et
1878 4303 1952 4359 ibi
2007 4303 2135 4376 lege

478 4405 666 4456 totam
693 4397 1132 4453 enarrationem
1183 4393 1422 4449 illorum
1467 4393 1786 4450 verborum
1833 4409 2020 4466 usque
2057 4393 2135 4449 ad

481 4502 615 4542 eum
643 4486 841 4542 locum
886 4486 1181 4554 :Cumque
1212 4483 1484 4537 intrasset
1533 4482 1654 4551 ipse
1698 4482 2131 4552 Hierosolyma,

481 4581 765 4632 commota
794 4579 875 4629 est
902 4575 1179 4628 universa
1209 4571 1413 4628 civitas
1440 4572 1507 4625 ³⁸.

552 4663 710 4719 Vers.
735 4663 822 4717 38.
851 4662 984 4718 Pax
1014 4691 1081 4702 —
1110 4660 1374 4718 excelsis.
1417 4661 1478 4714 In
1520 4676 1590 4715 ea
1647 4659 2134 4732 interpretatione

479 4753 661 4809 etiam
694 4753 821 4807 haec
841 4755 1116 4807 enarrata
1147 4756 1305 4805 sunt.
1335 4749 1617 4805 Videntes
1648 4751 1804 4805 enim
1831 4749 2133 4822 discipuli,

479 4842 684 4900 turbas
713 4842 842 4898 haec
881 4841 1184 4909 facientes,
1225 4846 1281 4895 et
1319 4839 1398 4896 ita
1439 4843 1786 4904 clamantes,
1847 4840 2024 4895 simul
2064 4856 2135 4896 ac

480 4932 747 4990 similiter
800 4929 1296 4995 vociferabantur,
1361 4945 1482 4984 una
1530 4944 1668 4984 cum
1744 4929 1828 4984 eis
1888 4928 2133 4984 numine

480 5021 687 5081 afﬂati.

551 5111 716 5168 Vers.
749 5110 838 5167 39.
869 5109 948 5165 Et
994 5108 1242 5181 quidam
1291 5138 1354 5148 —
1405 5108 1564 5163 Vers.
1599 5111 1685 5163 40.
1753 5107 2127 5165 Clamabunt.

552 5201 705 5273 Lege
742 5205 1178 5271 consequenter
1229 5196 1515 5270 praedicto
1563 5198 1756 5270 capite
1801 5198 1956 5254 illius
1987 5197 2131 5254 dicti

1689 2519 2001 2576 Festinans
2070 2521 2145 2576 ad

547 5380 593 5417 ³⁷
625 5379 828 5438 Matth.
858 5393 990 5442 xxv,
1017 5380 1085 5434 30
1161 5376 1207 5412 ³⁸
1237 5375 1435 5434 Matth.
1469 5390 1585 5442 xxi,
1613 5375 1666 5431 9.
1745 5377 1792 5413 "
1820 5375 1964 5433 Ibid.
1998 5377 2085 5434 to.

2268 560 2556 622 δοθήσεται
2601 569 2728 637 τιμὴ
2784 569 2875 616 καὶ
2931 568 3284 638 περισσοτέρα
3335 573 3429 626 τῆς
3503 562 3884 624 ἐπιϐαλλούσης

2266 653 2426 723 αύτῷ.

2337 740 2465 792 Ἀπὸ
2515 772 2582 782 -
2637 740 2726 793 ἀπ’
2783 742 2980 794 αὐτοῦ.
3019 742 3148 797 Ἀπὸ
3225 739 3282 796 ὁὶ
3350 749 3445 794 τοῦ
3525 747 3596 814 μὴ
3662 744 3881 814 ἔχοντος

2271 827 2508 887 σπουδήν
2565 849 2620 882 τε
2667 836 2758 883 καὶ
2808 829 3117 903 ἐπιμελειαν,
3152 834 3220 893 ὡς
3270 835 3496 904 εἴρηται,
3542 836 3633 883 καὶ
3684 833 3709 883 ὃ
3762 833 3883 902 ἔχει

2265 921 2516 993 χάρισμα
2537 916 2910 985 διδασκαλίας,
2959 919 3387 994 ἀφαιρεθήσεται,
3420 922 3507 972 οἶα
3546 925 3618 993 μη
3664 939 3882 994 χρησα-

2265 1012 2416 1077 μένον
2459 1008 2620 1079 αὐτῷ.

2339 1097 2493 1150 Ἀλλὰ
2537 1103 2626 1150 καὶ
2671 1098 2786 1168 (36)
2849 1095 2996 1151 διατί
3060 1105 3177 1174 περὶ
3230 1103 3396 1171 μόνων
3471 1106 3626 1174 τριῶν
3680 1094 3882 1150 δούλων

2266 1184 2440 1254 εἰπὼν,
2496 1190 2614 1247 τοὺς
2669 1186 2860 1249 ἄλλους
2898 1189 3100 1260 derint;
3163 1193 3306 1241 Διότι
3356 1187 3566 1258 εὐχερές
3617 1185 3756 1240 ἔστιν
3821 1185 3881 1238 ἐκ

2263 1277 2456 1326 τούτων
2521 1280 2611 1328 καὶ
2682 1281 2796 1351 περὶ
2865 1275 3065 1330 ἐκείνων
3123 1279 3326 1349 μαθεῖν.
3389 1275 3549 1328 ὐσοι
3607 1279 3697 1347 μὲν
3770 1280 3878 1349 γὰρ

2263 1362 2780 1436 ἐπραγματεύσαντο,
2822 1364 3082 1435 ἀναλόγως
3133 1374 3204 1436 τῷ
3251 1362 3428 1440 κέρδει
3477 1364 3735 1436 λήψονται
3783 1368 3879 1426 τας

2262 1456 2438 1524 τιμάς·
2471 1455 2587 1505 ὅσοι
2619 1450 2678 1506 δὲ
2706 1452 2866 1526 ἀργόν
2895 1460 2984 1506 καὶ
3015 1457 3288 1526 ἄχρηστον
3322 1457 3482 1527 ἔσχον
3512 1459 3570 1506 τὸ
3600 1456 3876 1528 χάρισμα,
3906 1510 3922 1519 ι

2262 1546 2326 1593 τὰ
2353 1543 2508 1614 ὃμοια
2534 1552 2604 1613 τῷ
2639 1540 2923 1600 asinam.
2952 1548 3240 1596 πείσονται.

2333 1632 2415 1683 Ἐν
2469 1628 2527 1683 δὲ
2566 1640 2638 1701 τῷ
2671 1632 2936 1702 ἑξηκοστῷ
2979 1632 3238 1704 κεφαλαίῳ
3282 1640 3371 1684 τού
3420 1635 3555 1685 κατὰ
3603 1634 3876 1686 Ματθαῑον

2262 1719 2561 1791 παραϐολὴν
2623 1724 2869 1778 τοιαύτην
2915 1721 3090 1784 εἰπὼν,
3166 1724 3248 1774 ἐπὶ
3301 1721 3478 1783 τέλους
3527 1724 3875 1796 προσέθηκεν,

2263 1811 2342 1860 ὃτι
2401 1815 2500 1862 Καὶ
2545 1813 2631 1862 τόν
2681 1808 2893 1884 ἀχρεῖον
2954 1807 3138 1862 δοῦλον
3183 1809 3418 1862 ἐκϐάλετε
3462 1810 3533 1871 εἰς
3587 1814 3641 1862 τὸ
3694 1816 3877 1871 σκότος

2260 1901 2316 1948 τὸ
2345 1897 2606 1972 ἐξώτερον.
2662 1900 2800 1951 Ἐκεί
2839 1903 2988 1951 ἒστοι
3033 1901 3057 1950 ὁ
3107 1899 3371 1970 κλαυθμὸς
3425 1905 3514 1951 καὶ
3562 1901 3586 1951 ὁ
3633 1898 3877 1972 βρυγμὸς

2263 1995 2359 2037 τῶν
2391 1984 2635 2040 ὀδόντων.
2674 1993 2773 2040 Καὶ
2802 1986 3062 2058 ἀνάγνωθι
3088 1986 3190 2040 ἐκεῖ
3216 1994 3308 2046 την
3338 1997 3436 2040 τών
3481 1989 3651 2062 ῥητῶν
3677 1991 3876 2040 τούτων

2262 2076 2553 2148 ἑρμηνείαν.

2333 2165 2469 2221 [Div
2511 2196 2580 2204 —
2619 2185 2740 2236 μου.
2794 2165 2850 2218 Ἠ
2906 2172 3220 2237 κατασφαγὴ
3281 2166 3413 2224 αὕτη
3477 2165 3507 2224 ἣ
3556 2170 3650 2224 τὴν
3695 2164 3742 2217 ἐν
3797 2175 3872 2236 τῷ

2259 2253 2493 2326 μέλλοντί
2534 2254 2682 2306 αἰῶνι
2717 2255 2930 2308 κόλασιν
2979 2265 3076 2308 τὼν
3137 2252 3408 2308 Ἰουδαίων
3466 2251 3788 2328 παραδηλοῖ,
3834 2257 3867 2314 ἦ

2260 2348 2352 2402 τὴν
2408 2343 2454 2394 ἐν
2507 2351 2615 2406 τοῖς
2669 2350 2885 2418 χρόνοις
2939 2345 3342 2397 Οὐεσπασιανοῦ
3369 2351 3457 2398 καὶ
3510 2349 3665 2398 Τίτου
3699 2365 3869 2397 πανωα

2258 2433 2458 2508 λεθρίαν
2487 2434 2675 2486 αὐτῶν.

2329 2525 2433 2577 Καὶ
2468 2553 2537 2563 -
2585 2523 2942 2598 Ἰεροσόλυμα.
2986 2520 3229 2576 Σπεύδων
3278 2522 3361 2576 ἐπὶ
3392 2527 3457 2576 τὰ
3483 2525 3625 2581 πάθη
3661 2527 3868 2576 καὶτὸν

2260 2617 2502 2686 σταυρόν.

2650 2707 2792 2756 ΚΕΦ.
2830 2700 2952 2754 ΞΗ’.
2999 2706 3122 2776 Περὶ
3152 2709 3242 2755 τοῦ
3273 2702 3465 2756 πώλου.

2330 2796 2428 2844 Καὶ
2468 2823 2532 2832 —-
2583 2795 2768 2864 χρείαν
2821 2790 2954 2862 ἐχει.
3003 2797 3169 2844 Τοῦτο
3233 2796 3291 2844 τὸ
3336 2790 3609 2862 κεφάλαιον
3666 2810 3864 2843 τεσσα-

2253 2886 2511 2952 ρακοστὸν
2542 2886 2771 2953 πέμπτον
2800 2882 3033 2952 εὑρήσεις
3065 2879 3112 2932 ἐν
3145 2889 3216 2952 τῷ
3256 2883 3389 2932 κατὰ
3421 2883 3709 2948 ΒΙατθαίον,
3744 2879 3792 2932 ἐν
3823 2881 3866 2951 ᾧ

2255 2979 2402 3024 πᾶσα
2432 2975 2567 3022 κατά
2596 2970 2746 3041 λόγον
2767 2971 2797 3028 ἡ
2831 2968 3078 3040 ἐξήγησις
3100 2969 3323 3032 ἐξετέθη.

2327 3060 2653 3121 Ἀπελθόντες
2727 3091 2792 3099 -
2883 3059 3108 3117 Ἰησοῦν.
3162 3059 3244 3112 Ἐν
3315 3058 3486 3131 ἐκείνῳ
3567 3063 3656 3110 καὶ
3738 3064 3865 3130 περὶ

2254 3168 2281 3199 τ
2299 3151 2446 3200 ,ύτων
2479 3147 2692 3223 ἐρρήθη.

2326 3243 2425 3290 Καὶ
2459 3267 2514 3276 --
2544 3235 2674 3307 ὁδῷ.
2705 3236 3116 3310 ’Υπεστρώννυον
3147 3245 3312 3289 ταῦτα
3351 3238 3376 3289 ὁ
3414 3237 3647 3298 πλεῖστος
3678 3236 3861 3309 ὄχλος,

2251 3329 2319 3388 ὡς
2365 3328 2474 3378 εἷπε
2534 3328 2822 3388 Ματθαῖος.
2885 3326 2965 3378 Ἐν
3023 3325 3196 3398 ἐκείνῳ
3236 3323 3295 3378 δὲ
3339 3331 3429 3378 καὶ
3493 3332 3612 3402 περὶ
3665 3329 3865 3378 τούτων

2250 3417 2511 3481 εὑρήσεις.

2320 3503 2646 3576 Ἐγγίζοντος
2723 3499 2782 3556 δὲ
2833 3503 2992 3555 αὑτοῦ
3077 3499 3185 3562 ἤδη
3245 3535 3313 3545 -
3399 3500 3687 3576 δυνάμεων.
3762 3503 3864 3556 Ὧν

2247 3590 2384 3644 εἶδον
2432 3595 2708 3665 θαυμάτων
2768 3591 2814 3644 ἐν
2873 3602 2943 3663 τῷ
2984 3598 3098 3645 τότε
3145 3602 3329 3666 καιρῷ.
3387 3601 3582 3665 Θαῦμα
3627 3596 3750 3666 γὰρ,
3798 3597 3862 3646 τὸ

2244 3690 2504 3754 προειπεῖν
2548 3687 2666 3754 περὶ
2709 3688 2801 3733 τοὺ
2844 3681 3017 3734 πωλου
3064 3686 3154 3734 καὶ
3201 3690 3300 3733 τῶν
3351 3687 3542 3756 κυρίων
3574 3682 3754 3753 αὑτοῦ,
3797 3687 3862 3735 τὸ

2251 3769 2450 3842 βαίνειν
2487 3770 2642 3822 αὐτὸν
2676 3769 2950 3841 εὐτάκτως,
2986 3767 3294 3843 ἀδάμαστον
3326 3775 3465 3835 ὄντα,
3513 3775 3570 3823 τὸ
3604 3791 3868 3842 συγκινη-

2249 3861 2401 3918 θῆναι
2454 3863 2540 3911 τὸν
2586 3860 2746 3931 ὁχλον
2798 3859 2871 3921 εἰς
2915 3864 3176 3918 τοσαύτην
3214 3866 3372 3934 τιμὴν
3413 3865 3501 3913 καὶ
3539 3860 3865 3920 τηλικαύτην

2247 3948 2502 4021 εὐφημίαν
2535 3949 2712 4012 αὐτοῦ,
2751 3951 2926 4000 καὶτὰ
2955 3957 3195 4004 τοιαῦτα.

2321 4131 2570 4198 Λέγοντες
2621 4159 2679 4168 -
2738 4132 2952 4202 Κυρίου.
2997 4127 3055 4181 Ὀ
3115 4124 3174 4181 δὲ
3205 4130 3473 4192 Ματθαίος
3501 4126 3656 4182 εἶπεν
3691 4131 3772 4183 ὃτι
3809 4133 3866 4184 οἱ

2248 4217 2402 4288 ὄχλοι
2430 4219 2478 4268 οἱ
2501 4219 2816 4290 προάγοντες
2837 4222 2926 4269 καὶ
2946 4218 2994 4269 οἱ
3024 4217 3424 4280 ἀκολουθοῦντες
3453 4218 3667 4294 ἐκραζον
3689 4219 3867 4292 λέγον-

2247 4325 2326 4366 τες
2372 4315 2546 4360 τοῦτο.
2585 4311 2686 4358 Καὶ
2725 4304 2985 4376 ἀνάγνωθι
3034 4306 3137 4358 ἐκεῖ
3176 4311 3264 4364 τὴν
3302 4307 3422 4365 ὃλην
3476 4307 3726 4380 ἐξήγησιν
3757 4319 3864 4362 τῶν

2245 4396 2420 4470 ῥητῴν
2479 4398 2696 4460 τούτων,
2743 4396 2879 4469 ἄχρι
2935 4404 3046 4447 τόῡ’
3098 4401 3198 4448 Καὶ
3229 4396 3543 4460 εἰσελθόντος
3573 4398 3733 4451 αὑτοῦ
3784 4398 3866 4462 εἰς

2245 4483 2596 4559 Ἰεροσόλυμα,
2631 4483 2843 4542 ἐσείσθη
2877 4491 3026 4537 πᾶσα
3057 4486 3084 4543 ὃ
3120 4485 3285 4548 πόλις.

2318 4663 2509 4737 Εἰρήνη
2569 4694 2630 4703 -
2692 4661 2957 4734 ὑψίστοις.
3015 4663 3094 4716 Ἐν
3136 4661 3299 4737 ἐκείνη
3349 4672 3409 4737 τῇ
3467 4664 3714 4737 ἐξηγήσει
3761 4671 3855 4720 καὶ

2242 4763 2406 4806 ταῦτα
2459 4748 2944 4826 ὃιηρριηνεύθησαν.
3012 4753 3282 4815 Βλέποντες
3353 4757 3454 4830 γαρ
3515 4757 3564 4807 οἰ
3615 4757 3851 4827 μαθηταὶ

2242 4846 2364 4903 τούς
2419 4841 2612 4913 ὀχλους
2679 4841 2810 4893 οὕτω
2875 4850 3154 4904 ποιοῦντας
3212 4848 3302 4895 καὶ
3361 4844 3494 4897 οὕτω
3545 4844 3842 4918 κράζοντας,

2246 4931 2649 5001 συνηγάλλοντο,
2709 4935 2799 4982 καὶ
2857 4932 3048 5003 ὁμοίως
3138 4927 3314 4996 ἐϐόων,
3396 4934 3850 4991 συνενθουσιῶντες

2244 5021 2441 5080 αὐτοῖς.

2313 5115 2412 5162 Καὶ
2493 5128 2619 5170 τινες
2695 5139 2760 5149 -‹
2845 5107 3208 5182 κεκράξονται.
3300 5110 3585 5184 Ἀνοίγνωθι
3660 5109 3708 5163 ἐν
3778 5119 3856 5183 τῷ

2241 5196 2526 5258 δηλωθέντι
2568 5196 2828 5271 κεφαλαίῳ
2877 5196 3175 5261 ἀκολούθως
3235 5205 3327 5260 τὴν
3407 5201 3678 5276 ἑρμηνείαν
3735 5209 3854 5254 τοῦ·

1675 5555 1903 5624 Variae
1941 5555 2268 5626 lectiones
2318 5566 2383 5626 et
2429 5563 2632 5629 notae.

543 5782 657 5863 (36)
685 5785 786 5838 Καὶ
814 5780 1030 5840 omittit
1058 5779 1125 5840 Β.
