4128 6382
253 304 394 362 i065

1373 288 1742 361 COMMENT.
1782 296 1857 357 IN
1898 301 2156 360 LUCAM.
2196 332 2264 345 -
2303 300 2463 358 CAP.
2500 301 2607 357 xx.

3501 298 3641 356 1066

258 434 326 486 Οἱ
377 427 435 484 δὲ
484 430 636 503 ὄχλοι
686 429 877 502 ἔλεγον.
935 430 1098 490 Οὗτός
1151 427 1291 481 ἐστιν
1344 430 1552 490 Ἰησοῦς
1600 428 1625 480 ό
1664 432 1860 501 προφή-

1998 426 2544 499 nterpretationem.
2583 426 2789 484 Turbae
2835 433 3032 483 autem
3064 425 3372 483 dicebant:
3403 424 3510 479 Hic
3554 429 3639 481 est

252 539 387 582 της·
431 512 481 570 ἓν
530 518 692 592 ἐκείνη
742 523 840 595 γὰρ
894 523 985 571 καὶ
1037 525 1206 571 ταῦτα
1254 516 1710 590 ἐμνημονεύθησαν
1773 521 1863 569 καὶ

255 608 710 681 ἔσαφηνίσθησαν.

328 702 427 750 Kal
473 700 538 759 ὡς
576 728 645 739 -
704 696 889 755 αὐτὴν.
940 702 1212 749 Γινώσκων
1263 694 1424 754 αὐτὴν
1470 691 1542 748 δι’
1575 694 1861 770 ὑπερϐολὴν

253 791 510 861 πονηρίας
599 785 1059 859 ἓκτριϐησομένην,
1158 785 1604 859 ἁνθρωποπρεπώς
1696 784 1863 836 κλαίει

252 880 449 935 ταύτην
530 873 603 929 δι’
683 874 965 949 ὑπερϐολὴν
1048 873 1392 947 ἆγαθότητος,
1483 871 1862 947 ἐνδεικνύμενος

252 964 550 1031 κάντεῦθεν,
599 967 686 1018 οἶα
718 964 1003 1037 σπλάγχνα
1050 962 1163 1036 εἶχε
1213 968 1332 1037 περὶ
1385 966 1506 1025 τοὺς
1558 962 1864 1036 ἀγνώμονας

253 1052 573 1117 Ἰουδαίους.

328 1150 507 1216 Λέγων
582 1175 650 1184 -
722 1162 837 1197 σου.
913 1142 1259 1203 Ἐλλειπτικός
1320 1143 1345 1193 ὁ
1410 1141 1577 1214 λόγος·
1647 1138 1863 1193 ἕλλείπει

251 1236 356 1309 γὰρ
422 1237 501 1304 τό,
532 1233 641 1285 Οὔκ
693 1231 751 1284 ἆν
806 1231 1035 1285 ἀπώλου.
1093 1232 1327 1285 Εἰώθασε
1356 1234 1455 1304 γὰρ
1507 1233 1554 1283 οἱ
1601 1230 1864 1292 κλαίοντες

254 1322 632 1376 ἐπικόπτισθαι
660 1327 775 1384 τοὺς
814 1322 1006 1393 λόγους
1046 1323 1147 1374 ὑπὸ
1201 1329 1296 1383 τῆς
1342 1328 1434 1373 τοῦ
1486 1322 1681 1379 πάθους
1741 1338 1864 1391 σφο-

256 1410 531 1487 δρότητος.
562 1410 629 1464 Ὀ
662 1408 720 1464 δὲ
762 1411 917 1483 λέγει,
966 1415 1198 1463 τοιοῦτόν
1244 1409 1408 1462 ἐστιν·
1465 1410 1526 1462 Εἰ
1575 1412 1726 1481 ἔγνως
1774 1414 1863 1462 καὶ

259 1506 323 1554 σὺ
369 1500 416 1553 ἐν
456 1509 518 1574 τῇ
568 1503 738 1574 ἡμέρᾳ
784 1520 878 1553 σου
934 1504 1122 1571 ταύτῃ,
1169 1504 1436 1553 τουτέστιν
1486 1497 1533 1550 ἐν
1586 1507 1654 1570 τῷ
1698 1507 1863 1572 καιρῷ

259 1611 354 1643 σου
396 1594 586 1662 τούτῳ,
637 1589 751 1642 καθ’
804 1592 856 1642 ὃν
907 1588 1005 1662 ἐγὼ
1065 1586 1327 1661 ἐπιδηλυὼ⁸
1392 1592 1479 1649 σὸς
1539 1592 1637 1661 γὰρ
1693 1587 1861 1654 οὗτος,

256 1682 336 1733 ὅτι
378 1677 472 1732 διὰ
518 1683 573 1732 al
621 1683 1019 1752 προηγουμένως
1080 1678 1460 1751 ἐνηνθρωπησά
1511 1697 1564 1729 τε
1606 1680 1695 1728 καὶ
1750 1675 1863 1727 ἒπε-

258 1768 500 1842 δήμησα·
548 1769 590 1821 εἰ
616 1771 770 1840 ἔγνως
800 1772 864 1820 τὰ
889 1772 1014 1841 πρὸς
1041 1768 1247 1843 εἰρήνην
1288 1787 1402 1834 σου,
1445 1770 1511 1819 τὰ
1541 1766 1864 1839 εἰρηνεύοντά
1893 1780 1937 1836 Β

257 1879 314 1911 σε
348 1861 477 1931 πρὸς
518 1861 669 1926 Θεὸν,
717 1858 869 1909 ἅτινά
912 1857 1041 1910 εἰσιν
1073 1859 1102 1915 ἠ
1142 1856 1207 1917 εἰς
1263 1855 1349 1929 ἐμὲ
1402 1859 1486 1908 τόν
1537 1858 1655 1907 Υὶόν
1706 1853 1864 1906 αὐτοῦ

254 1955 460 2013 πίστις,
483 1952 572 1999 καὶ
596 1949 624 2005 ἡ
660 1943 950 2023 παραδοχὴ
986 1955 1077 1999 τοῦ
1112 1945 1236 2019 ἐμοῦ
1279 1948 1639 2018 κηρύγματος,
1675 1943 1767 1995 οὐκ
1808 1942 1867 1994 ἂν

257 2037 487 2090 ἀπώλου.
549 2036 618 2089 Τὸ
675 2033 732 2089 δὲ
783 2042 935 2107 καίγε
978 2040 1214 2111 περιττὸν
1280 2043 1463 2107 κεῖται,
1515 2031 1713 2107 ἰδίωμα
1774 2041 1869 2092 τῆς

271 2126 534 2201 Εϐραῑκῆς
564 2130 617 2177 ἄν
651 2134 982 2199 συγγραφῆς.

332 2400 440 2447 Νῦν
468 2424 531 2433 -
562 2412 677 2446 σου,
716 2391 940 2466 Ἐκρύϐη
971 2398 1138 2444 ταῦτα
1176 2389 1276 2443 ἀπὸ
1308 2399 1407 2443 τῶν
1458 2389 1729 2463 ὀφθαλμῶν
1779 2397 1870 2450 τῆς

254 2483 442 2555 ψυχῆς
473 2502 587 2553 σου,
614 2486 772 2554 ἤγουν
803 2483 1216 2556 παρωράθησαν.

329 2571 451 2623 Ὀτι
484 2603 548 2610 —
601 2590 703 2624 σοι.
759 2578 957 2636 Ταῦτα,
1015 2572 1081 2632 ὡς
1151 2569 1250 2622 ἀπὸ
1303 2567 1475 2644 ἀρχῆς
1522 2566 1682 2634 ἰδίας,
1742 2566 1865 2620 ἀνα-

252 2664 528 2732 γνωστέον.
586 2664 655 2713 Τὸ
690 2663 791 2733 γὰρ
833 2662 913 2711 ὅτι
952 2664 1273 2731 προφητικὸν
1320 2658 1455 2710 ἐστιν
1506 2657 1727 2710 ἐνταῦθα
1776 2660 1865 2709 καὶ

255 2747 669 2822 διηγηματικόν.
704 2749 921 2821 Ἡμέρας
965 2752 1055 2821 μὲν
1083 2746 1169 2800 οὖν
1200 2749 1356 2820 λέγει,
1390 2751 1484 2811 τὰς
1514 2758 1606 2810 τῆς
1656 2751 1864 2826 πολιορ-

249 2844 392 2901 κίαςο
428 2838 651 2914 ἐχθροὺς
673 2835 731 2891 δὲ
757 2838 916 2899 αὐτῆς
934 2842 1050 2899 τοὺς
1068 2837 1368 2911 Ῥωμαίους,
1394 2838 1609 2914 ὕστερον
1629 2840 1863 2911 χαλεπή-

246 2947 453 2989 ναντας.

322 3021 526 3070 Καὶ-
566 3020 677 3075 σοί.
730 3020 830 3069 Καὶ
859 3018 926 3069 τὰ
974 3020 1125 3069 τέκνα
1178 3036 1273 3069 σου
1326 3016 1377 3069 ἐν
1433 3022 1537 3085 σοὶ,
1578 3014 1857 3092 ἐδαφιοῦσι

246 3104 281 3159 δ
286 3106 513 3165 ηλονότι.

322 3200 422 3249 Καὶ
478 3196 571 3248 οὐκ
623 3227 689 3237 -—
740 3194 889 3268 λίθῳ.
956 3197 1221 3248 Σύνεθεσιν
1278 3194 1454 3266 λίθων,
1505 3200 1667 3269 ἤγουν
1719 3200 1857 3253 οἱκο-

247 3282 489 3359 δόμημα.

318 3376 462 3431 Ἀνθ’
502 3406 570 3415 —
611 3393 727 3427 σου.
763 3378 901 3427 Διότι
933 3374 1027 3427 οὐκ
1060 3376 1210 3447 ἔγνως
1235 3378 1318 3429 τὸν
1349 3378 1529 3449 καιρόν
1555 3385 1650 3440 τῆς
1681 3376 1857 3452 ἐπιμε-

246 3464 384 3524 λείας
415 3482 528 3517 σου.
560 3461 619 3515 Ὀ
657 3464 755 3537 γὰρ
796 3466 979 3538 καιρὸς
1009 3472 1099 3523 τῆς
1136 3459 1417 3535 ἐπιδημίας
1456 3484 1556 3537 μου
1584 3471 1764 3540 καιρός
1797 3465 1857 3526 ἦν

1888 3128 1929 3185 C

246 3561 345 3613 τῆς
372 3551 662 3623 ἐπιμελείας
684 3557 775 3604 καὶ
808 3557 1066 3625 σωτηρίας
1097 3571 1211 3607 σου.

325 3646 425 3694 Καὶ
509 3641 745 3693 εἰσελθών
822 3672 889 3682 —
974 3640 1201 3715 λῃστῶν.
1267 3642 1584 3717 Πλατύτερον
1661 3644 1857 3719 ἔγραψε

244 3736 368 3806 περὶ
411 3733 602 3783 τούτων
661 3732 686 3782 ό
734 3732 1003 3793 Ματθαίος
1059 3730 1109 3783 ἐν
1155 3739 1227 3802 τῷ
1278 3732 1406 3785 τέλει
1457 3741 1548 3786 τοῦ
1602 3754 1858 3811 τεσσαρα-

243 3827 443 3873 κοστοῦ
499 3823 737 3893 πέμπτου
798 3819 1101 3892 κεφαλαίου,
1163 3826 1253 3874 καὶ
1305 3822 1537 3883 ζήτησον
1597 3822 1702 3877 ίκιῑ
1760 3830 1853 3885 τὴν

241 3910 525 3982 ἐξήγησιν.

319 4002 418 4050 Καὶ
449 3994 509 4057 ἧν
550 3994 822 4052 διδάσκων
847 4031 912 4040 -
945 3998 1162 4053 ἁκούων.
1198 3996 1596 4075 Διδασκόμενος.

244 4183 393 4231 ΚΕΦ.
463 4177 588 4234 ΞΘ’.
674 4182 799 4251 Περὶ
870 4186 968 4230 τῶν
1027 4177 1459 4252 ἐπερωτησάντων
1519 4185 1604 4234 τόν
1660 4186 1849 4259 Κύριον

640 4265 925 4342 ἀρχιερέων
957 4273 1047 4321 καὶ
1075 4275 1447 4343 γραμματέων,

317 4360 421 4408 Καὶ
480 4354 671 4426 ἐγένετο
720 4386 788 4397 -
841 4359 1070 4426 ταύτην;
1106 4362 1319 4432 Εἴρηται
1379 4365 1495 4433 περὶ
1548 4364 1742 4414 τούτων
1801 4361 1848 4415 ἐν

242 4454 317 4515 τῷ
371 4452 777 4518 τεσσαρακοστῷ
832 4442 1003 4519 ὀγδόῳ
1053 4447 1310 4521 κεφαλαίῳ
1374 4457 1469 4501 τοῦ
1523 4454 1657 4503 κατὰ
1708 4458 1850 4504 Ματ-
1883 4467 1927 4521 ι)

246 4536 419 4589 θαῑον,

316 4622 650 4696 Ἀποκριθεὶς
671 4654 741 4664 -
771 4620 919 4677 εἶναι.
944 4624 1265 4691 Ἀκολούθως
1292 4626 1341 4680 ἐν
1362 4635 1433 4699 τῷ
1455 4631 1672 4702 τοιούτῳ
1700 4650 1851 4703 κεφα-

242 4710 376 4783 λαίῳ
405 4716 496 4763 καὶ
526 4720 693 4765 ταῦτα
722 4711 1170 4785 ἔσαφηνίσθησαν.

323 4804 428 4853 Καὶ
460 4832 528 4842 -
554 4809 707 4857 ποιῶ.
734 4800 959 4876 Ὁμοίως
982 4808 1072 4857 καὶ
1101 4812 1287 4859 ταῦτα.
1332 4811 1431 4861 Kal
1463 4806 1721 4881 ἀνάγνωθι
1750 4807 1852 4862 ἐκεῖ

241 4889 363 4960 (37)
402 4894 497 4949 τὴν
529 4890 797 4962 ἐξήγησιν.

596 4985 742 5036 ΚΕΦ.
779 4980 859 5035 Ο’.
893 4985 1019 5056 Περὶ
1044 4990 1135 5036 τοῦ
1163 4982 1476 5056 ἀμπελῶνος.

314 5066 544 5142 Ἐρξατο
610 5100 679 5109 -
738 5072 963 5133 ἱκανούς.
1030 5072 1171 5131 Αὕτη
1244 5076 1273 5133 ἠ
1342 5074 1608 5149 παραϐολὴ
1666 5095 1851 5135 πεντη-

241 5162 437 5211 κοστόν
493 5155 606 5211 ἐστι
652 5159 927 5233 κεφάλαιον
975 5168 1069 5214 τοῦ
1115 5166 1251 5216 κατὰ
1292 5166 1579 5221 Ματθαῐον.
1628 5171 1729 5219 Καὶ
1757 5166 1853 5227 ζὴ-

309 5338 404 5393 40.
438 5338 640 5395 Matth.
672 5354 794 5405 ni,
831 5340 914 5398 Η.

1971 519 2140 573 Jesus
2166 517 2459 586 propheta
2492 517 2540 551 ⁴⁰
2563 533 2576 583 ;
2597 515 2679 571 ibi
2699 517 2855 572 enim
2880 517 3008 573 haec
3030 516 3332 573 declarata
3350 530 3420 571 ac
3448 512 3640 569 mani-

1973 607 2194 663 festata
2225 611 2381 661 sunt.

2044 696 2206 750 Vers.
2269 695 2357 749 41.
2424 695 2494 750 Et
2545 702 2859 767 postquam
2904 726 2973 736 —
3020 694 3155 751 illa.
3226 692 3429 749 Sciens
3473 691 3638 748 illam

1972 790 2215 857 propter
2229 785 2528 839 immensa
2544 783 2687 840 vitia
2700 784 3148 851 destruendam,
3167 783 3439 839 humano
3456 781 3638 838 modo

1972 875 2168 946 ipsam
2211 889 2333 945 prae
2390 872 2688 929 immensa
2743 890 2854 929 sua
2893 873 3161 929 bonitate
3217 871 3416 940 deﬂet,
3457 870 3638 927 etiam

1972 964 2110 1019 hinc
2142 962 2485 1030 ostendens,
2517 962 2721 1035 qualia
2754 963 2997 1019 haberet
3026 978 3171 1033 erga
3220 961 3487 1032 ingratos
3534 959 3640 1017 Ju-

1973 1053 2139 1109 daeos
2172 1052 2400 1107 viscera

2044 1143 2203 1197 Vers.
2234 1143 2322 1197 42.
2359 1142 2569 1197 Dicens
2596 1174 2662 1185 —
2696 1148 2880 1199 tuam.
2915 1142 3248 1199 Defectivus
3280 1156 3478 1197 sermo
3508 1145 3594 1197 est
3620 1156 3635 1207 ;

1972 1232 2171 1287 deﬁcit
2207 1230 2369 1286 enim
2404 1250 2416 1289 :
2449 1231 2841 1304 Nequaquam
2890 1233 3135 1304 perires.
3194 1233 3639 1288 Consueverunt

1973 1320 2127 1376 enim
2150 1320 2358 1375 ﬂentes
2379 1320 2561 1375 verba
2583 1336 2705 1393 pra:
2725 1320 2973 1375 affectus
2992 1319 3369 1375 vehementia
3395 1319 3640 1375 abrum-

1972 1426 2132 1483 pere.
2193 1409 2361 1475 Quod
2420 1413 2620 1465 autem
2677 1409 2776 1478 ait,
2841 1408 3219 1465 tantumdem
3286 1413 3391 1473 est,
3461 1424 3529 1463 ac
3586 1407 3637 1463 si

1972 1499 2194 1555 diceret
2226 1514 2237 1552 :
2268 1498 2323 1553 Si
2354 1513 2743 1568 cognosceres
2777 1501 2836 1553 et
2879 1501 2943 1552 tu
2975 1497 3034 1553 in
3062 1497 3154 1553 die
3184 1497 3319 1563 hoc,
3353 1496 3411 1552 id
3444 1500 3552 1561 est,
3581 1496 3638 1551 in

1973 1588 2088 1643 hoc
2137 1593 2424 1658 tempore,
2457 1602 2579 1658 quo
2612 1602 2720 1657 ego
2752 1586 2847 1641 hic
2875 1602 3198 1642 conversor
3230 1602 3242 1651 ;
3278 1590 3445 1641 tuum
3478 1585 3639 1641 enim

1976 1683 2082 1742 est,
2142 1677 2281 1747 quia
2342 1683 2578 1748 prOpter
2631 1682 2682 1731 te
2760 1674 3143 1747 potissimum
3200 1674 3639 1730 hnmanitatem

1978 1766 2297 1838 assumpsi,
2333 1770 2387 1819 et
2415 1765 2769 1837 peregrinus
2802 1763 3047 1820 effectus
3096 1780 3252 1819 sum.
3312 1764 3370 1819 Si
3415 1779 3642 1834 cogno-

1980 1871 2204 1918 sceres,
2228 1855 2498 1926 inquam,
2518 1870 2652 1926 qua?
2668 1854 2740 1908 ad
2768 1869 2977 1925 pacem
2993 1860 3157 1908 tuam
3173 1852 3485 1925 pertinent,
3500 1868 3639 1924 quae

1979 1950 2032 1999 te
2054 1960 2195 2013 erga
2225 1944 2408 1999 Deum
2438 1942 2779 2015 paciﬁcant,
2812 1959 2948 2015 quae
2980 1947 3119 1997 sunt
3144 1946 3246 1999 aut
3274 1941 3424 1997 ﬁdes
3450 1941 3510 1996 in
3544 1956 3639 1997 me

1978 2032 2186 2088 Filium
2242 2032 2394 2103 ejus,
2444 2037 2546 2088 aut
2594 2048 2741 2087 mete
2809 2031 3254 2104 praedicationis
3313 2029 3637 2101 susceptio,

1979 2138 2366 2195 nequaquam
2401 2120 2641 2193 perires.
2678 2121 2849 2186 Quod
2893 2125 3095 2176 autem
3129 2118 3537 2193 interponitur,
3586 2126 3639 2175 et

1979 2211 2234 2283 quidem,
2265 2210 2636 2282 superﬂuum
2688 2214 2794 2275 est,
2829 2215 3121 2282 tanquam
3164 2208 3501 2282 proprietas
3533 2207 3640 2264 He-

1978 2300 2196 2356 braicae
2229 2299 2703 2372 compositionis.

2052 2391 2211 2445 Vers.
2246 2392 2333 2445 4'2.
2362 2389 2540 2445 Nunc
2570 2420 2636 2429 —
2660 2388 2794 2444 tuis.
2828 2387 3186 2444 Abscondita
3225 2391 3361 2444 sunt
3389 2388 3517 2444 haec
3561 2388 3639 2445 ab

1976 2478 2164 2535 oculis
2197 2479 2413 2533 animae
2446 2486 2563 2533 tuae
2599 2497 2610 2536 ε
2642 2476 2767 2532 sive
2807 2482 3170 2549 contempta,
3205 2477 3493 2547 neglecta.

2047 2567 2211 2623 Vers.
2247 2571 2334 2623 43.
2385 2567 2553 2635 Quod
2584 2598 2650 2608 —
2692 2574 2764 2622 te.
2801 2569 2932 2629 Haec
2964 2572 3257 2639 tanquam
3287 2565 3366 2622 ab
3397 2565 3639 2621 exordio

1975 2655 2213 2729 proprio
2246 2655 2497 2726 legenda
2546 2661 2703 2711 sunt.
2750 2658 2898 2711 Nam
2931 2657 3127 2728 ipsum
3164 2656 3340 2727 quod,
3387 2654 3641 2728 prophe-

1975 2747 2154 2801 ticum
2210 2752 2299 2800 est
2338 2745 2430 2800 hic
2482 2753 2539 2801 et
2592 2745 2982 2801 narrativum.
3041 2745 3173 2799 Dies
3246 2744 3445 2816 itaque
3501 2744 3643 2800 dicit

1972 2834 2374 2899 obsessionis;
2410 2834 2687 2890 inimicos
2739 2849 2881 2890 vero
2930 2833 3109 2899 illius,
3167 2836 3489 2899 Romanos,
3536 2833 3639 2907 qui

1972 2924 2359 2997 postmodum
2393 2922 2451 2978 in
2486 2940 2623 2978 eum
2660 2924 2998 2978 saevierunt.

2044 3016 2203 3069 Vers.
2237 3015 2324 3067 44.
2380 3011 2458 3067 Et
2490 3044 2558 3053 —
2585 3018 2653 3069 te.
2703 3014 2768 3067 Et
2803 3011 2956 3067 ﬁlios
2989 3015 3118 3067 tuos
3157 3011 3219 3067 in
3245 3015 3323 3080 te,
3369 3011 3639 3070 videlicet

1972 3103 2099 3159 solo
2139 3107 2535 3175 prosternent.

2042 3194 2202 3248 Vers.
2228 3192 2322 3249 44.
2362 3193 2564 3248 Nec—
2595 3190 2874 3261 lapidem.
2896 3189 3017 3246 Hoc
3042 3193 3148 3258 est,
3173 3190 3443 3263 lapidum
3472 3206 3637 3248 com-

1969 3282 2354 3355 positionem,
2389 3281 2505 3337 sive
2538 3285 2914 3336 structuram.

2042 3374 2202 3428 Vers.
2232 3372 2319 3427 44.
2371 3371 2460 3427 Eo
2494 3370 2643 3442 quod
2671 3402 2739 3409 —
2768 3376 2903 3427 tum.
2962 3368 3109 3435 Quia
3161 3384 3282 3425 non
3334 3370 3633 3439 agnovisti

1968 3466 2205 3534 tempus
2227 3478 2385 3517 curae
2416 3467 2563 3527 tuae;
2593 3465 2820 3532 tempus
2840 3475 3103 3533 namque
3136 3459 3631 3533 peregrinationis

1966 3568 2116 3607 mete
2148 3557 2273 3607 erat
2313 3555 2540 3621 tempus
2569 3565 2725 3603 cura:
2758 3548 2964 3604 salutis
2995 3556 3127 3603 tuae.

2038 3642 2198 3696 Vers.
2252 3641 2341 3695 45.
2400 3641 2477 3695 Et
2524 3639 2817 3709 ingressus
2858 3668 2923 3678 -—
2953 3637 3118 3693 Vers.
3165 3640 3254 3694 46.
3300 3638 3627 3695 latronum.

1963 3730 2166 3786 Latius
2206 3729 2279 3784 de
2311 3729 2403 3783 his
2437 3728 2671 3799 scripsit
2700 3727 3006 3782 Mattheus
3036 3727 3095 3781 in
3127 3727 3245 3783 ﬁne
3287 3727 3629 3800 quadrage-

1964 3819 2100 3874 simi
2148 3818 2337 3891 quinti
2395 3816 2628 3889 capitis,
2679 3820 2732 3871 et
2765 3816 2847 3872 ibi
2904 3832 3109 3888 qurere
3162 3817 3625 3873 enarrationem.

2028 3997 2196 4053 Vers.
2225 3998 2314 4052 47.
2358 3996 2433 4052 Et
2461 3994 2701 4052 docebat
2734 4026 2809 4063 ,-
2839 3994 3003 4050 Vers.
3036 3994 3124 4051 48.
3160 3994 3421 4053 audiens.
3477 3998 3625 4053 Cum

1960 4087 2037 4144 ab
2077 4104 2148 4143 eo
2180 4087 2514 4141 doceretur.

2032 4176 2185 4234 CAP.
2220 4176 2404 4231 LXIX.
2450 4176 2536 4231 De
2582 4173 2976 4230 sacerdotibus
3014 4179 3067 4229 et
3098 4174 3305 4231 scribis
3329 4190 3395 4231 ac
3440 4175 3616 4231 senio-

1958 4267 2133 4331 ribus,
2175 4267 2280 4338 qui
2321 4267 2619 4321 Dominum
2653 4264 3123 4334 interrogabant.

2028 4357 2182 4411 CAP.
2220 4358 2324 4411 ΧΧ.
2360 4358 2541 4410 Vers.
2565 4356 2615 4408 t.
2645 4354 2716 4408 Et
2758 4352 2975 4409 accidit
2998 4385 3065 4396 —
3096 4352 3255 4409 Vers.
3301 4356 3355 4408 2.
3388 4352 3561 4410 istam
3592 4352 3622 4409 ?

1962 4447 2190 4502 Dictum
2243 4451 2330 4500 est
2379 4445 2453 4500 de
2508 4444 2597 4499 his
2650 4442 3119 4515 quadragesimo
3166 4448 3380 4499 octavo
3427 4443 3618 4515 capite

1959 4535 2255 4605 Evangelii
2293 4533 2623 4590 secundum
2655 4532 3015 4588 Matthaaum.

2032 4625 2195 4680 Vers.
2244 4628 2293 4679 3.
2339 4623 2716 4693 Respondens
2748 4624 2989 4677 —Vers.
3042 4624 3093 4676 6.
3144 4622 3352 4691 fuisse.
3406 4622 3621 4678 Conse-

1960 4721 2212 4788 quenter
2242 4714 2299 4768 in
2324 4713 2420 4767 illo
2468 4711 2663 4784 capite
2694 4712 2872 4766 etiam
2900 4711 3027 4765 haec
3059 4711 3432 4767 manifestata
3458 4716 3617 4767 sunt.

2037 4805 2197 4860 Vers.
2250 4804 2306 4858 7.
2354 4804 2419 4858 Et
2464 4833 2516 4844 —
2559 4800 2722 4855 Vers.
2775 4800 2826 4854 8.
2850 4800 3091 4870 faciam.
3135 4798 3409 4857 Similiter
3438 4801 3618 4857 etiam

1959 4895 2086 4951 haec
2119 4901 2212 4949 :et
2250 4892 2330 4948 ibi
2362 4892 2489 4961 lege
2525 4890 2983 4947 enarrationem.

2034 4984 2183 5040 CAP.
2218 4982 2367 5037 LXX.
2400 4983 2481 5037 De
2509 4980 2698 5037 vinea.

2032 5075 2194 5129 Vers.
2224 5071 2281 5125 9.
2316 5070 2486 5142 Capit
2512 5102 2564 5111 -
2598 5070 2805 5124 multa.
2841 5071 2972 5124 Haec
2997 5067 3290 5140 parabola
3327 5066 3620 5139 quinqua-

1962 5162 2261 5236 gesimum
2291 5165 2381 5218 est
2392 5166 2574 5233 caput
2590 5156 2876 5233 Evangelii
2891 5156 3219 5215 secundum
3245 5157 3616 5214 Matthiaeum:

1453 5441 1683 5515 Variae
1729 5441 2061 5513 lectiones
2108 5450 2174 5511 et
2212 5447 2417 5511 notae.

324 5630 446 5708 (37)
474 5632 558 5688 Ἐν
578 5629 774 5709 ἕκιίνῳ,
804 5648 916 5708 pro
948 5632 1051 5691 ικετ
1075 5640 1136 5694 Β.

574 5731 818 5791 ΡΑτειοι..
866 5732 971 5794 Gn.
1013 5734 1261 5801 CXXIX.
