  <div class='ocr_page' id='page_1' title='image "/cluster/home/n/w/nwhite01/storage/ocr_20150623/129/coo.31924054870344/543.png"; bbox 0 0 4128 6378; ppageno 0'>
   <div class='ocr_carea' id='block_1_1' title="bbox 564 292 699 382">
    <p class='ocr_par' dir='ltr' id='par_1_1' title="bbox 564 292 699 382">
     <span class='ocr_line' id='line_1_1' title="bbox 564 292 699 382; baseline -0.022 0"><span class='ocrx_word' id='word_1_1' title='bbox 564 292 699 382; x_wconf 61' lang='lat' dir='ltr'>“Et</span> 
     </span>
    </p>
   </div>
   <div class='ocr_carea' id='block_1_2' title="bbox 1872 292 2623 373">
    <p class='ocr_par' dir='ltr' id='par_1_2' title="bbox 1872 292 2623 373">
     <span class='ocr_line' id='line_1_2' title="bbox 1872 292 2623 373; baseline -0.001 0"><span class='ocrx_word' id='word_1_2' title='bbox 1872 292 2219 373; x_wconf 74' lang='lat' dir='ltr'>EUTHYMH</span> <span class='ocrx_word' id='word_1_3' title='bbox 2270 302 2623 373; x_wconf 80' lang='lat' dir='ltr'>ZAGABENI</span> 
     </span>
    </p>
   </div>
   <div class='ocr_carea' id='block_1_3' title="bbox 3806 303 3955 373">
    <p class='ocr_par' dir='ltr' id='par_1_3' title="bbox 3806 303 3955 373">
     <span class='ocr_line' id='line_1_3' title="bbox 3806 303 3955 373; baseline -0.013 0"><span class='ocrx_word' id='word_1_4' title='bbox 3806 303 3955 373; x_wconf 73' lang='grc'><strong>1068</strong></span> 
     </span>
    </p>
   </div>
   <div class='ocr_carea' id='block_1_4' title="bbox 563 439 2220 521">
    <p class='ocr_par' dir='ltr' id='par_1_4' title="bbox 563 440 2220 521">
     <span class='ocr_line' id='line_1_4' title="bbox 563 440 2220 521; baseline -0.007 -15"><span class='ocrx_word' id='word_1_5' title='bbox 563 464 617 506; x_wconf 82' lang='lat' dir='ltr'>et</span> <span class='ocrx_word' id='word_1_6' title='bbox 672 447 745 504; x_wconf 85' lang='lat' dir='ltr'>ibi</span> <span class='ocrx_word' id='word_1_7' title='bbox 789 464 986 521; x_wconf 80' lang='lat' dir='ltr'>quaere</span> <span class='ocrx_word' id='word_1_8' title='bbox 1045 446 1228 519; x_wconf 86' lang='lat' dir='ltr'>hujus</span> <span class='ocrx_word' id='word_1_9' title='bbox 1278 445 1742 508; x_wconf 72' lang='lat' dir='ltr'>enarrationem,</span> <span class='ocrx_word' id='word_1_10' title='bbox 1796 442 1869 498; x_wconf 88' lang='lat' dir='ltr'>ad</span> <span class='ocrx_word' id='word_1_11' title='bbox 1923 440 2220 496; x_wconf 90' lang='lat' dir='ltr'>minututa</span> 
     </span>
    </p>
   </div>
   <div class='ocr_carea' id='block_1_5' title="bbox 2335 439 3955 521">
    <p class='ocr_par' dir='ltr' id='par_1_5' title="bbox 2335 440 3955 517">
     <span class='ocr_line' id='line_1_5' title="bbox 2335 440 3955 517; baseline 0 -24"><span class='ocrx_word' id='word_1_12' title='bbox 2335 462 2494 500; x_wconf 88' lang='grc' dir='ltr'>τησον</span> <span class='ocrx_word' id='word_1_13' title='bbox 2554 441 2655 494; x_wconf 86' lang='grc' dir='ltr'>ἐκεῖ</span> <span class='ocrx_word' id='word_1_14' title='bbox 2708 445 2801 500; x_wconf 82' lang='grc' dir='ltr'>τὴν</span> <span class='ocrx_word' id='word_1_15' title='bbox 2854 444 3051 505; x_wconf 85' lang='grc' dir='ltr'>ταύτης</span> <span class='ocrx_word' id='word_1_16' title='bbox 3109 442 3378 516; x_wconf 73' lang='grc' dir='ltr'>ἐξήγησιν,</span> <span class='ocrx_word' id='word_1_17' title='bbox 3431 442 3759 517; x_wconf 74' lang='grc' dir='ltr'>λςπτομερῶς</span> <span class='ocrx_word' id='word_1_18' title='bbox 3810 440 3955 493; x_wconf 74' lang='grc' dir='ltr'>ἔκτε-</span> 
     </span>
    </p>
   </div>
   <div class='ocr_carea' id='block_1_6' title="bbox 564 538 1158 611">
    <p class='ocr_par' dir='ltr' id='par_1_6' title="bbox 564 538 1158 611">
     <span class='ocr_line' id='line_1_6' title="bbox 564 538 1158 611; baseline -0.008 -16"><span class='ocrx_word' id='word_1_19' title='bbox 564 554 756 611; x_wconf 90' lang='lat' dir='ltr'>usque</span> <span class='ocrx_word' id='word_1_20' title='bbox 801 538 1158 610; x_wconf 90' lang='lat' dir='ltr'>appositam.</span> 
     </span>
    </p>
   </div>
   <div class='ocr_carea' id='block_1_7' title="bbox 639 618 2224 697">
    <p class='ocr_par' dir='ltr' id='par_1_7' title="bbox 639 618 2224 697">
     <span class='ocr_line' id='line_1_7' title="bbox 639 618 2224 697; baseline -0.006 -16"><span class='ocrx_word' id='word_1_21' title='bbox 639 628 798 682; x_wconf 88' lang='lat' dir='ltr'>Vers.</span> <span class='ocrx_word' id='word_1_22' title='bbox 847 629 932 681; x_wconf 85' lang='grc'><strong>10.</strong></span> <span class='ocrx_word' id='word_1_23' title='bbox 968 627 1217 697; x_wconf 84' lang='lat' dir='ltr'>Cumque</span> <span class='ocrx_word' id='word_1_24' title='bbox 1242 656 1306 666; x_wconf 89' lang='lat'><strong>—</strong></span> <span class='ocrx_word' id='word_1_25' title='bbox 1338 626 1498 681; x_wconf 88' lang='lat' dir='ltr'>Vers.</span> <span class='ocrx_word' id='word_1_26' title='bbox 1551 626 1629 680; x_wconf 78' lang='lat' dir='ltr'>t2.</span> <span class='ocrx_word' id='word_1_27' title='bbox 1670 623 1981 693; x_wconf 71' lang='lat' dir='ltr'>eiecerunt.</span> <span class='ocrx_word' id='word_1_28' title='bbox 2028 620 2090 675; x_wconf 89' lang='lat' dir='ltr'>In</span> <span class='ocrx_word' id='word_1_29' title='bbox 2124 618 2224 673; x_wconf 88' lang='lat' dir='ltr'>illo</span> 
     </span>
    </p>
   </div>
   <div class='ocr_carea' id='block_1_8' title="bbox 562 714 1694 789">
    <p class='ocr_par' dir='ltr' id='par_1_8' title="bbox 562 714 1694 789">
     <span class='ocr_line' id='line_1_8' title="bbox 562 714 1694 789; baseline -0.005 -16"><span class='ocrx_word' id='word_1_30' title='bbox 562 718 749 789; x_wconf 83' lang='lat' dir='ltr'>capite</span> <span class='ocrx_word' id='word_1_31' title='bbox 777 716 896 771; x_wconf 69' lang='lat' dir='ltr'>haec</span> <span class='ocrx_word' id='word_1_32' title='bbox 926 732 1169 788; x_wconf 87' lang='lat' dir='ltr'>quoque</span> <span class='ocrx_word' id='word_1_33' title='bbox 1200 714 1500 769; x_wconf 89' lang='lat' dir='ltr'>declarata</span> <span class='ocrx_word' id='word_1_34' title='bbox 1532 718 1694 768; x_wconf 88' lang='lat' dir='ltr'>sunt.</span> 
     </span>
    </p>
   </div>
   <div class='ocr_carea' id='block_1_9' title="bbox 636 799 2221 861">
    <p class='ocr_par' dir='ltr' id='par_1_9' title="bbox 636 799 2221 861">
     <span class='ocr_line' id='line_1_9' title="bbox 636 799 2221 861; baseline -0.006 -1"><span class='ocrx_word' id='word_1_35' title='bbox 636 807 794 861; x_wconf 87' lang='lat' dir='ltr'>Vers.</span> <span class='ocrx_word' id='word_1_36' title='bbox 823 809 901 861; x_wconf 88' lang='lat' dir='ltr'>t3.</span> <span class='ocrx_word' id='word_1_37' title='bbox 928 805 1096 860; x_wconf 72' lang='lat' dir='ltr'>Dixit</span> <span class='ocrx_word' id='word_1_38' title='bbox 1128 836 1189 844; x_wconf 89' lang='lat'>—</span> <span class='ocrx_word' id='word_1_39' title='bbox 1216 804 1659 861; x_wconf 70' lang='lat' dir='ltr'>reverebantur.</span> <span class='ocrx_word' id='word_1_40' title='bbox 1690 800 1968 858; x_wconf 84' lang='lat' dir='ltr'>Similiter</span> <span class='ocrx_word' id='word_1_41' title='bbox 1999 804 2055 855; x_wconf 89' lang='lat' dir='ltr'>et</span> <span class='ocrx_word' id='word_1_42' title='bbox 2076 799 2221 853; x_wconf 72' lang='lat' dir='ltr'>haec.</span> 
     </span>
    </p>
   </div>
   <div class='ocr_carea' id='block_1_10' title="bbox 638 890 2223 951">
    <p class='ocr_par' dir='ltr' id='par_1_10' title="bbox 638 890 2223 951">
     <span class='ocr_line' id='line_1_10' title="bbox 638 890 2223 951; baseline -0.005 -4"><span class='ocrx_word' id='word_1_43' title='bbox 638 897 797 950; x_wconf 85' lang='lat' dir='ltr'>Vers.</span> <span class='ocrx_word' id='word_1_44' title='bbox 832 893 916 947; x_wconf 74' lang='grc'><strong>14.</strong></span> <span class='ocrx_word' id='word_1_45' title='bbox 955 895 1094 951; x_wconf 83' lang='lat' dir='ltr'>Cum</span> <span class='ocrx_word' id='word_1_46' title='bbox 1125 901 1322 949; x_wconf 84' lang='lat' dir='ltr'>autem</span> <span class='ocrx_word' id='word_1_47' title='bbox 1362 893 1637 948; x_wconf 78' lang='lat' dir='ltr'>vidissent</span> <span class='ocrx_word' id='word_1_48' title='bbox 1672 922 1731 930; x_wconf 95' lang='lat'>—</span> <span class='ocrx_word' id='word_1_49' title='bbox 1768 890 1929 945; x_wconf 91' lang='lat' dir='ltr'>Vers.</span> <span class='ocrx_word' id='word_1_50' title='bbox 1966 890 2053 943; x_wconf 76' lang='grc'>15.</span> <span class='ocrx_word' id='word_1_51' title='bbox 2080 903 2223 943; x_wconf 72' lang='lat' dir='ltr'>occ:-</span> 
     </span>
    </p>
   </div>
   <div class='ocr_carea' id='block_1_11' title="bbox 562 980 1405 1039">
    <p class='ocr_par' dir='ltr' id='par_1_11' title="bbox 562 980 1405 1039">
     <span class='ocr_line' id='line_1_11' title="bbox 562 980 1405 1039; baseline -0.004 0"><span class='ocrx_word' id='word_1_52' title='bbox 562 983 788 1039; x_wconf 78' lang='lat' dir='ltr'>dcrunt.</span> <span class='ocrx_word' id='word_1_53' title='bbox 818 982 943 1037; x_wconf 87' lang='lat' dir='ltr'>Pari</span> <span class='ocrx_word' id='word_1_54' title='bbox 978 982 1157 1037; x_wconf 93' lang='lat' dir='ltr'>modo</span> <span class='ocrx_word' id='word_1_55' title='bbox 1188 988 1243 1037; x_wconf 92' lang='lat' dir='ltr'>et</span> <span class='ocrx_word' id='word_1_56' title='bbox 1264 980 1405 1037; x_wconf 64' lang='lat' dir='ltr'>haec.</span> 
     </span>
    </p>
   </div>
   <div class='ocr_carea' id='block_1_12' title="bbox 635 1064 2222 1142">
    <p class='ocr_par' dir='ltr' id='par_1_12' title="bbox 635 1064 2222 1142">
     <span class='ocr_line' id='line_1_12' title="bbox 635 1064 2222 1142; baseline -0.004 -16"><span class='ocrx_word' id='word_1_57' title='bbox 635 1074 798 1127; x_wconf 89' lang='lat' dir='ltr'>Vers.</span> <span class='ocrx_word' id='word_1_58' title='bbox 839 1076 920 1126; x_wconf 78' lang='grc'><strong>15.</strong></span> <span class='ocrx_word' id='word_1_59' title='bbox 958 1071 1102 1139; x_wconf 78' lang='lat' dir='ltr'>Quid</span> <span class='ocrx_word' id='word_1_60' title='bbox 1126 1087 1268 1142; x_wconf 85' lang='lat' dir='ltr'>ergo</span> <span class='ocrx_word' id='word_1_61' title='bbox 1298 1102 1366 1112; x_wconf 91' lang='lat'>-—</span> <span class='ocrx_word' id='word_1_62' title='bbox 1400 1072 1557 1126; x_wconf 84' lang='lat' dir='ltr'>Vers.</span> <span class='ocrx_word' id='word_1_63' title='bbox 1602 1072 1688 1125; x_wconf 87' lang='grc'>16.</span> <span class='ocrx_word' id='word_1_64' title='bbox 1725 1068 1894 1126; x_wconf 85' lang='lat' dir='ltr'>absit.</span> <span class='ocrx_word' id='word_1_65' title='bbox 1931 1067 2114 1122; x_wconf 90' lang='lat' dir='ltr'>Etiam</span> <span class='ocrx_word' id='word_1_66' title='bbox 2148 1064 2222 1120; x_wconf 90' lang='lat' dir='ltr'>de</span> 
     </span>
    </p>
   </div>
   <div class='ocr_carea' id='block_1_13' title="bbox 559 1158 1505 1231">
    <p class='ocr_par' dir='ltr' id='par_1_13' title="bbox 559 1158 1505 1231">
     <span class='ocr_line' id='line_1_13' title="bbox 559 1158 1505 1231; baseline -0.002 -13"><span class='ocrx_word' id='word_1_67' title='bbox 559 1158 652 1219; x_wconf 88' lang='lat' dir='ltr'>his</span> <span class='ocrx_word' id='word_1_68' title='bbox 686 1160 1002 1231; x_wconf 78' lang='lat' dir='ltr'>diligenter</span> <span class='ocrx_word' id='word_1_69' title='bbox 1027 1159 1111 1215; x_wconf 85' lang='lat' dir='ltr'>ibi</span> <span class='ocrx_word' id='word_1_70' title='bbox 1137 1160 1363 1215; x_wconf 79' lang='lat' dir='ltr'>dictum</span> <span class='ocrx_word' id='word_1_71' title='bbox 1397 1165 1505 1216; x_wconf 91' lang='lat' dir='ltr'>est.</span> 
     </span>
    </p>
   </div>
   <div class='ocr_carea' id='block_1_14' title="bbox 630 1243 2219 1320">
    <p class='ocr_par' dir='ltr' id='par_1_14' title="bbox 630 1243 2219 1320">
     <span class='ocr_line' id='line_1_14' title="bbox 630 1243 2219 1320; baseline -0.006 -13"><span class='ocrx_word' id='word_1_72' title='bbox 630 1251 792 1307; x_wconf 86' lang='lat' dir='ltr'>Vers.</span> <span class='ocrx_word' id='word_1_73' title='bbox 826 1256 909 1305; x_wconf 84' lang='lat' dir='ltr'>t7.</span> <span class='ocrx_word' id='word_1_74' title='bbox 943 1250 1016 1304; x_wconf 82' lang='lat' dir='ltr'>At</span> <span class='ocrx_word' id='word_1_75' title='bbox 1046 1249 1147 1305; x_wconf 84' lang='lat' dir='ltr'>ille</span> <span class='ocrx_word' id='word_1_76' title='bbox 1188 1281 1256 1291; x_wconf 91' lang='lat'><strong>-</strong></span> <span class='ocrx_word' id='word_1_77' title='bbox 1286 1250 1553 1320; x_wconf 85' lang='lat' dir='ltr'>anguli?</span> <span class='ocrx_word' id='word_1_78' title='bbox 1593 1250 1876 1304; x_wconf 69' lang='lat' dir='ltr'>Prmterea</span> <span class='ocrx_word' id='word_1_79' title='bbox 1903 1252 1959 1302; x_wconf 91' lang='lat' dir='ltr'>et</span> <span class='ocrx_word' id='word_1_80' title='bbox 2000 1245 2075 1301; x_wconf 91' lang='lat' dir='ltr'>de</span> <span class='ocrx_word' id='word_1_81' title='bbox 2107 1243 2219 1299; x_wconf 89' lang='lat' dir='ltr'>his.</span> 
     </span>
    </p>
   </div>
   <div class='ocr_carea' id='block_1_15' title="bbox 629 1334 2223 1407">
    <p class='ocr_par' dir='ltr' id='par_1_15' title="bbox 629 1334 2223 1407">
     <span class='ocr_line' id='line_1_15' title="bbox 629 1334 2223 1407; baseline -0.004 -14"><span class='ocrx_word' id='word_1_82' title='bbox 629 1340 787 1395; x_wconf 83' lang='lat' dir='ltr'>Vers.</span> <span class='ocrx_word' id='word_1_83' title='bbox 829 1341 908 1392; x_wconf 91' lang='lat' dir='ltr'>t8.</span> <span class='ocrx_word' id='word_1_84' title='bbox 944 1336 1148 1393; x_wconf 85' lang='lat' dir='ltr'>Omnis</span> <span class='ocrx_word' id='word_1_85' title='bbox 1179 1368 1238 1377; x_wconf 84' lang='lat'><strong>-</strong></span> <span class='ocrx_word' id='word_1_86' title='bbox 1276 1353 1427 1393; x_wconf 87' lang='lat' dir='ltr'>eum.</span> <span class='ocrx_word' id='word_1_87' title='bbox 1463 1337 1753 1392; x_wconf 66' lang='lat' dir='ltr'>Praedicto</span> <span class='ocrx_word' id='word_1_88' title='bbox 1801 1334 2015 1407; x_wconf 83' lang='lat' dir='ltr'>capite,</span> <span class='ocrx_word' id='word_1_89' title='bbox 2064 1337 2223 1405; x_wconf 90' lang='lat' dir='ltr'>post-</span> 
     </span>
    </p>
   </div>
   <div class='ocr_carea' id='block_1_16' title="bbox 557 1421 2221 1500">
    <p class='ocr_par' dir='ltr' id='par_1_16' title="bbox 557 1421 2221 1500">
     <span class='ocr_line' id='line_1_16' title="bbox 557 1421 2221 1500; baseline -0.005 -16"><span class='ocrx_word' id='word_1_90' title='bbox 557 1445 741 1500; x_wconf 87' lang='lat' dir='ltr'>quam</span> <span class='ocrx_word' id='word_1_91' title='bbox 775 1428 953 1482; x_wconf 89' lang='lat' dir='ltr'>etiam</span> <span class='ocrx_word' id='word_1_92' title='bbox 998 1425 1142 1481; x_wconf 91' lang='lat' dir='ltr'>illud</span> <span class='ocrx_word' id='word_1_93' title='bbox 1186 1427 1435 1492; x_wconf 80' lang='lat' dir='ltr'>addidit,</span> <span class='ocrx_word' id='word_1_94' title='bbox 1476 1426 1640 1499; x_wconf 91' lang='lat' dir='ltr'>quod</span> <span class='ocrx_word' id='word_1_95' title='bbox 1690 1426 1763 1481; x_wconf 88' lang='lat' dir='ltr'>de</span> <span class='ocrx_word' id='word_1_96' title='bbox 1790 1426 1903 1480; x_wconf 91' lang='lat' dir='ltr'>hac</span> <span class='ocrx_word' id='word_1_97' title='bbox 1939 1421 2221 1478; x_wconf 88' lang='lat' dir='ltr'>Davidica</span> 
     </span>
    </p>
   </div>
   <div class='ocr_carea' id='block_1_17' title="bbox 556 1510 2217 1590">
    <p class='ocr_par' dir='ltr' id='par_1_17' title="bbox 556 1510 2217 1590">
     <span class='ocr_line' id='line_1_17' title="bbox 556 1510 2217 1590; baseline -0.004 -18"><span class='ocrx_word' id='word_1_98' title='bbox 556 1517 871 1590; x_wconf 80' lang='lat' dir='ltr'>prophetia</span> <span class='ocrx_word' id='word_1_99' title='bbox 899 1518 991 1571; x_wconf 89' lang='lat' dir='ltr'>hic</span> <span class='ocrx_word' id='word_1_100' title='bbox 1024 1515 1293 1570; x_wconf 87' lang='lat' dir='ltr'>relictum</span> <span class='ocrx_word' id='word_1_101' title='bbox 1323 1521 1413 1571; x_wconf 90' lang='lat' dir='ltr'>est</span> <span class='ocrx_word' id='word_1_102' title='bbox 1440 1533 1453 1581; x_wconf 89' lang='lat'><strong>;</strong></span> <span class='ocrx_word' id='word_1_103' title='bbox 1484 1520 1793 1587; x_wconf 80' lang='lat' dir='ltr'>postquam</span> <span class='ocrx_word' id='word_1_104' title='bbox 1827 1514 2004 1568; x_wconf 81' lang='lat' dir='ltr'>etiam</span> <span class='ocrx_word' id='word_1_105' title='bbox 2031 1510 2217 1566; x_wconf 80' lang='lat' dir='ltr'>dixit:</span> 
     </span>
    </p>
   </div>
   <div class='ocr_carea' id='block_1_18' title="bbox 555 1601 2220 1676">
    <p class='ocr_par' dir='ltr' id='par_1_18' title="bbox 555 1601 2220 1676">
     <span class='ocr_line' id='line_1_18' title="bbox 555 1601 2220 1676; baseline -0.004 -15"><span class='ocrx_word' id='word_1_106' title='bbox 555 1606 692 1661; x_wconf 86' lang='lat' dir='ltr'>Ideo</span> <span class='ocrx_word' id='word_1_107' title='bbox 723 1606 849 1661; x_wconf 83' lang='lat' dir='ltr'>dico</span> <span class='ocrx_word' id='word_1_108' title='bbox 882 1605 1493 1676; x_wconf 80' lang='lat' dir='ltr'>uobis,quodtotletur</span> <span class='ocrx_word' id='word_1_109' title='bbox 1514 1620 1547 1659; x_wconf 92' lang='lat' dir='ltr'>a</span> <span class='ocrx_word' id='word_1_110' title='bbox 1571 1604 1731 1659; x_wconf 80' lang='lat' dir='ltr'>vobis</span> <span class='ocrx_word' id='word_1_111' title='bbox 1750 1618 1991 1674; x_wconf 87' lang='lat' dir='ltr'>regnum</span> <span class='ocrx_word' id='word_1_112' title='bbox 2018 1601 2139 1665; x_wconf 86' lang='lat' dir='ltr'>Dei,</span> <span class='ocrx_word' id='word_1_113' title='bbox 2169 1605 2220 1655; x_wconf 89' lang='lat' dir='ltr'>et</span> 
     </span>
    </p>
   </div>
   <div class='ocr_carea' id='block_1_19' title="bbox 553 1690 2215 1763">
    <p class='ocr_par' dir='ltr' id='par_1_19' title="bbox 553 1690 2215 1763">
     <span class='ocr_line' id='line_1_19' title="bbox 553 1690 2215 1763; baseline -0.004 -14"><span class='ocrx_word' id='word_1_114' title='bbox 553 1695 801 1751; x_wconf 83' lang='lat' dir='ltr'>dabitur</span> <span class='ocrx_word' id='word_1_115' title='bbox 817 1694 1049 1749; x_wconf 86' lang='lat' dir='ltr'>nationi</span> <span class='ocrx_word' id='word_1_116' title='bbox 1071 1694 1564 1763; x_wconf 82' lang='lat' dir='ltr'>[acienlifructus</span> <span class='ocrx_word' id='word_1_117' title='bbox 1586 1693 1794 1763; x_wconf 77' lang='lat' dir='ltr'>ejus“,</span> <span class='ocrx_word' id='word_1_118' title='bbox 1821 1698 1963 1746; x_wconf 90' lang='lat' dir='ltr'>tunc</span> <span class='ocrx_word' id='word_1_119' title='bbox 1990 1690 2215 1744; x_wconf 87' lang='lat' dir='ltr'>intulit:</span> 
     </span>
    </p>
   </div>
   <div class='ocr_carea' id='block_1_20' title="bbox 2338 535 2592 603">
    <p class='ocr_par' dir='ltr' id='par_1_20' title="bbox 2338 535 2592 603">
     <span class='ocr_line' id='line_1_20' title="bbox 2338 535 2592 603; baseline -0.012 -19"><span class='ocrx_word' id='word_1_120' title='bbox 2338 535 2592 603; x_wconf 84' lang='grc' dir='ltr'>θειμένην.</span> 
     </span>
    </p>
   </div>
   <div class='ocr_carea' id='block_1_21' title="bbox 2410 620 3951 694">
    <p class='ocr_par' dir='ltr' id='par_1_21' title="bbox 2410 620 3951 694">
     <span class='ocr_line' id='line_1_21' title="bbox 2410 620 3951 694; baseline 0 -22"><span class='ocrx_word' id='word_1_121' title='bbox 2410 626 2509 673; x_wconf 54' lang='grc' dir='ltr'>Καὶ</span> <span class='ocrx_word' id='word_1_122' title='bbox 2558 620 2605 672; x_wconf 84' lang='grc' dir='ltr'>ἐν</span> <span class='ocrx_word' id='word_1_123' title='bbox 2657 652 2718 661; x_wconf 90' lang='lat'>-—</span> <span class='ocrx_word' id='word_1_124' title='bbox 2768 620 3016 684; x_wconf 81' lang='grc' dir='ltr'>ἐξέϐαλον.</span> <span class='ocrx_word' id='word_1_125' title='bbox 3078 622 3157 674; x_wconf 83' lang='grc' dir='ltr'>Ἐν</span> <span class='ocrx_word' id='word_1_126' title='bbox 3204 621 3374 694; x_wconf 80' lang='grc' dir='ltr'>ἐκείνῳ</span> <span class='ocrx_word' id='word_1_127' title='bbox 3436 630 3508 692; x_wconf 83' lang='grc' dir='ltr'>τῷ</span> <span class='ocrx_word' id='word_1_128' title='bbox 3550 620 3811 694; x_wconf 81' lang='grc' dir='ltr'>κεφαλαίῳ</span> <span class='ocrx_word' id='word_1_129' title='bbox 3853 624 3951 672; x_wconf 83' lang='grc' dir='ltr'>καὶ</span> 
     </span>
    </p>
   </div>
   <div class='ocr_carea' id='block_1_22' title="bbox 2335 712 2958 782">
    <p class='ocr_par' dir='ltr' id='par_1_22' title="bbox 2335 712 2958 782">
     <span class='ocr_line' id='line_1_22' title="bbox 2335 712 2958 782; baseline 0.005 -21"><span class='ocrx_word' id='word_1_130' title='bbox 2335 718 2497 762; x_wconf 77' lang='grc' dir='ltr'>ταῦτα</span> <span class='ocrx_word' id='word_1_131' title='bbox 2534 712 2958 782; x_wconf 75' lang='grc' dir='ltr'>ἡρμηνεύθησαν.</span> 
     </span>
    </p>
   </div>
   <div class='ocr_carea' id='block_1_23' title="bbox 2406 797 3673 872">
    <p class='ocr_par' dir='ltr' id='par_1_23' title="bbox 2406 797 3673 872">
     <span class='ocr_line' id='line_1_23' title="bbox 2406 797 3673 872; baseline 0.003 -20"><span class='ocrx_word' id='word_1_132' title='bbox 2406 797 2529 852; x_wconf 83' lang='grc' dir='ltr'>Εἷπε</span> <span class='ocrx_word' id='word_1_133' title='bbox 2561 831 2626 840; x_wconf 93' lang='lat'>--</span> <span class='ocrx_word' id='word_1_134' title='bbox 2658 800 3096 871; x_wconf 82' lang='grc' dir='ltr'>ἐντραπήσονται.</span> <span class='ocrx_word' id='word_1_135' title='bbox 3127 800 3346 872; x_wconf 85' lang='grc' dir='ltr'>Ὀμοίως</span> <span class='ocrx_word' id='word_1_136' title='bbox 3371 806 3460 853; x_wconf 87' lang='grc' dir='ltr'>καὶ</span> <span class='ocrx_word' id='word_1_137' title='bbox 3490 808 3673 856; x_wconf 76' lang='grc' dir='ltr'>ταῦτα.</span> 
     </span>
    </p>
   </div>
   <div class='ocr_carea' id='block_1_24' title="bbox 2406 885 3797 951">
    <p class='ocr_par' dir='ltr' id='par_1_24' title="bbox 2406 885 3797 951">
     <span class='ocr_line' id='line_1_24' title="bbox 2406 885 3797 951; baseline 0 -9"><span class='ocrx_word' id='word_1_138' title='bbox 2406 886 2623 951; x_wconf 75' lang='grc' dir='ltr'>’ἰδόντες</span> <span class='ocrx_word' id='word_1_139' title='bbox 2651 885 2709 941; x_wconf 70' lang='grc' dir='ltr'>δὲ</span> <span class='ocrx_word' id='word_1_140' title='bbox 2738 921 2807 928; x_wconf 96' lang='grc'><strong><em>-</em></strong></span> <span class='ocrx_word' id='word_1_141' title='bbox 2838 888 3155 945; x_wconf 83' lang='grc' dir='ltr'>ἀπέκτειναν.</span> <span class='ocrx_word' id='word_1_142' title='bbox 3188 890 3459 951; x_wconf 79' lang='grc' dir='ltr'>Ὡσαύτως</span> <span class='ocrx_word' id='word_1_143' title='bbox 3488 896 3578 942; x_wconf 84' lang='grc' dir='ltr'>καὶ</span> <span class='ocrx_word' id='word_1_144' title='bbox 3611 897 3797 942; x_wconf 79' lang='grc' dir='ltr'>ταῦτα.</span> 
     </span>
    </p>
   </div>
   <div class='ocr_carea' id='block_1_25' title="bbox 2402 1065 3954 1144">
    <p class='ocr_par' dir='ltr' id='par_1_25' title="bbox 2402 1065 3954 1144">
     <span class='ocr_line' id='line_1_25' title="bbox 2402 1065 3954 1144; baseline -0.001 -24"><span class='ocrx_word' id='word_1_145' title='bbox 2402 1072 2466 1120; x_wconf 91' lang='grc' dir='ltr'>Τί</span> <span class='ocrx_word' id='word_1_146' title='bbox 2492 1067 2578 1119; x_wconf 75' lang='grc' dir='ltr'>οὖν</span> <span class='ocrx_word' id='word_1_147' title='bbox 2616 1098 2687 1107; x_wconf 92' lang='lat'>--</span> <span class='ocrx_word' id='word_1_148' title='bbox 2724 1072 2942 1138; x_wconf 76' lang='grc' dir='ltr'>γένοιτο.</span> <span class='ocrx_word' id='word_1_149' title='bbox 2982 1073 3079 1121; x_wconf 81' lang='grc' dir='ltr'>Καὶ</span> <span class='ocrx_word' id='word_1_150' title='bbox 3112 1072 3229 1144; x_wconf 84' lang='grc' dir='ltr'>περὶ</span> <span class='ocrx_word' id='word_1_151' title='bbox 3259 1070 3449 1121; x_wconf 76' lang='grc' dir='ltr'>τούτων</span> <span class='ocrx_word' id='word_1_152' title='bbox 3482 1066 3582 1120; x_wconf 72' lang='grc' dir='ltr'>ἐκεῖ</span> <span class='ocrx_word' id='word_1_153' title='bbox 3625 1069 3754 1141; x_wconf 85' lang='grc' dir='ltr'>μετὰ</span> <span class='ocrx_word' id='word_1_154' title='bbox 3800 1065 3954 1141; x_wconf 78' lang='grc' dir='ltr'>ἀκρι·</span> 
     </span>
    </p>
   </div>
   <div class='ocr_carea' id='block_1_26' title="bbox 2334 1154 2714 1231">
    <p class='ocr_par' dir='ltr' id='par_1_26' title="bbox 2334 1154 2714 1231">
     <span class='ocr_line' id='line_1_26' title="bbox 2334 1154 2714 1231; baseline 0.003 -24"><span class='ocrx_word' id='word_1_155' title='bbox 2334 1154 2470 1217; x_wconf 67' lang='grc' dir='ltr'>(τείας</span> <span class='ocrx_word' id='word_1_156' title='bbox 2498 1154 2714 1231; x_wconf 72' lang='grc' dir='ltr'>ἐρρήθη.</span> 
     </span>
    </p>
   </div>
   <div class='ocr_carea' id='block_1_27' title="bbox 2400 1242 3543 1320">
    <p class='ocr_par' dir='ltr' id='par_1_27' title="bbox 2400 1242 3543 1320">
     <span class='ocr_line' id='line_1_27' title="bbox 2400 1242 3543 1320; baseline 0.001 -22"><span class='ocrx_word' id='word_1_157' title='bbox 2400 1245 2459 1298; x_wconf 86' lang='grc' dir='ltr'><strong>Ὀ</strong></span> <span class='ocrx_word' id='word_1_158' title='bbox 2492 1242 2549 1297; x_wconf 77' lang='grc' dir='ltr'>δε</span> <span class='ocrx_word' id='word_1_159' title='bbox 2573 1277 2638 1285; x_wconf 88' lang='grc'><strong>-</strong></span> <span class='ocrx_word' id='word_1_160' title='bbox 2664 1251 2850 1318; x_wconf 78' lang='grc' dir='ltr'>γωνίας</span> <span class='ocrx_word' id='word_1_161' title='bbox 2876 1264 2888 1313; x_wconf 88' lang='grc'>;</span> <span class='ocrx_word' id='word_1_162' title='bbox 2917 1245 3032 1300; x_wconf 84' lang='grc' dir='ltr'>Ἐτι</span> <span class='ocrx_word' id='word_1_163' title='bbox 3058 1251 3147 1298; x_wconf 90' lang='grc' dir='ltr'>καὶ</span> <span class='ocrx_word' id='word_1_164' title='bbox 3177 1250 3295 1320; x_wconf 84' lang='grc' dir='ltr'>περὶ</span> <span class='ocrx_word' id='word_1_165' title='bbox 3324 1249 3543 1299; x_wconf 89' lang='grc' dir='ltr'>τούτων.</span> 
     </span>
    </p>
   </div>
   <div class='ocr_carea' id='block_1_28' title="bbox 2406 1328 3951 1408">
    <p class='ocr_par' dir='ltr' id='par_1_28' title="bbox 2406 1328 3951 1408">
     <span class='ocr_line' id='line_1_28' title="bbox 2406 1328 3951 1408; baseline 0 -21"><span class='ocrx_word' id='word_1_166' title='bbox 2406 1341 2508 1394; x_wconf 85' lang='grc' dir='ltr'>Πᾶς</span> <span class='ocrx_word' id='word_1_167' title='bbox 2574 1367 2623 1375; x_wconf 53' lang='grc' dir='ltr'>ν-</span> <span class='ocrx_word' id='word_1_168' title='bbox 2687 1335 2865 1392; x_wconf 69' lang='grc' dir='ltr'>αὐτόν,</span> <span class='ocrx_word' id='word_1_169' title='bbox 2932 1335 3013 1388; x_wconf 83' lang='grc' dir='ltr'>Ἐν</span> <span class='ocrx_word' id='word_1_170' title='bbox 3060 1344 3131 1405; x_wconf 82' lang='grc' dir='ltr'>τῷ</span> <span class='ocrx_word' id='word_1_171' title='bbox 3196 1332 3478 1392; x_wconf 81' lang='grc' dir='ltr'>δηλωθέντι</span> <span class='ocrx_word' id='word_1_172' title='bbox 3532 1334 3793 1408; x_wconf 84' lang='grc' dir='ltr'>κεφαλαίῳ</span> <span class='ocrx_word' id='word_1_173' title='bbox 3852 1328 3951 1387; x_wconf 74' lang='grc' dir='ltr'>κοιἱ</span> 
     </span>
    </p>
   </div>
   <div class='ocr_carea' id='block_1_29' title="bbox 2994 1430 3950 1500">
    <p class='ocr_par' dir='ltr' id='par_1_29' title="bbox 2994 1430 3950 1500">
     <span class='ocr_line' id='line_1_29' title="bbox 2994 1430 3950 1500; baseline -0.003 -22"><span class='ocrx_word' id='word_1_174' title='bbox 2994 1433 3273 1485; x_wconf 78' lang='grc' dir='ltr'>Δαυῑτικῆς</span> <span class='ocrx_word' id='word_1_175' title='bbox 3343 1430 3441 1477; x_wconf 85' lang='grc' dir='ltr'>ταύ</span> <span class='ocrx_word' id='word_1_176' title='bbox 3452 1445 3510 1483; x_wconf 88' lang='grc' dir='ltr'>τη</span> <span class='ocrx_word' id='word_1_177' title='bbox 3523 1447 3543 1487; x_wconf 91' lang='grc' dir='ltr'>ς</span> <span class='ocrx_word' id='word_1_178' title='bbox 3621 1431 3950 1500; x_wconf 71' lang='grc' dir='ltr'>προφητείας</span> 
     </span>
    </p>
   </div>
   <div class='ocr_carea' id='block_1_30' title="bbox 3095 1514 3952 1586">
    <p class='ocr_par' dir='ltr' id='par_1_30' title="bbox 3095 1514 3952 1586">
     <span class='ocr_line' id='line_1_30' title="bbox 3095 1514 3952 1586; baseline 0.001 -20"><span class='ocrx_word' id='word_1_179' title='bbox 3095 1517 3189 1567; x_wconf 88' lang='grc' dir='ltr'>Διὰ</span> <span class='ocrx_word' id='word_1_180' title='bbox 3247 1522 3399 1567; x_wconf 82' lang='grc' dir='ltr'>τοῦτο</span> <span class='ocrx_word' id='word_1_181' title='bbox 3461 1514 3591 1585; x_wconf 77' lang='grc' dir='ltr'>λέγω</span> <span class='ocrx_word' id='word_1_182' title='bbox 3650 1516 3795 1586; x_wconf 72' lang='grc' dir='ltr'>ύμῖν,</span> <span class='ocrx_word' id='word_1_183' title='bbox 3867 1517 3952 1567; x_wconf 72' lang='grc' dir='ltr'>ὃτι</span> 
     </span>
    </p>
   </div>
   <div class='ocr_carea' id='block_1_31' title="bbox 2330 1424 2918 1496">
    <p class='ocr_par' dir='ltr' id='par_1_31' title="bbox 2330 1424 2918 1496">
     <span class='ocr_line' id='line_1_31' title="bbox 2330 1424 2918 1496; baseline 0.014 -22"><span class='ocrx_word' id='word_1_184' title='bbox 2330 1427 2385 1476; x_wconf 86' lang='grc' dir='ltr'>τὸ</span> <span class='ocrx_word' id='word_1_185' title='bbox 2452 1424 2744 1496; x_wconf 83' lang='grc' dir='ltr'>λειπόμενον</span> <span class='ocrx_word' id='word_1_186' title='bbox 2827 1433 2918 1485; x_wconf 84' lang='grc' dir='ltr'>τῆς</span> 
     </span>
    </p>
   </div>
   <div class='ocr_carea' id='block_1_32' title="bbox 2331 1511 3022 1587">
    <p class='ocr_par' dir='ltr' id='par_1_32' title="bbox 2331 1511 3022 1587">
     <span class='ocr_line' id='line_1_32' title="bbox 2331 1511 3022 1587; baseline 0.001 -22"><span class='ocrx_word' id='word_1_187' title='bbox 2331 1516 2599 1587; x_wconf 82' lang='grc' dir='ltr'>προσθεὶς,</span> <span class='ocrx_word' id='word_1_188' title='bbox 2683 1511 2795 1566; x_wconf 84' lang='grc' dir='ltr'>εἶτα</span> <span class='ocrx_word' id='word_1_189' title='bbox 2850 1515 3022 1566; x_wconf 79' lang='grc' dir='ltr'>εἰπὼν·</span> 
     </span>
    </p>
   </div>
   <div class='ocr_carea' id='block_1_33' title="bbox 2333 1601 3948 1677">
    <p class='ocr_par' dir='ltr' id='par_1_33' title="bbox 2333 1601 3948 1677">
     <span class='ocr_line' id='line_1_33' title="bbox 2333 1601 3948 1677; baseline 0.002 -24"><span class='ocrx_word' id='word_1_190' title='bbox 2333 1602 2618 1674; x_wconf 77' lang='grc' dir='ltr'>ἀρθήσεται</span> <span class='ocrx_word' id='word_1_191' title='bbox 2654 1601 2738 1675; x_wconf 83' lang='grc' dir='ltr'>ἀφ’</span> <span class='ocrx_word' id='word_1_192' title='bbox 2769 1605 2912 1676; x_wconf 81' lang='grc' dir='ltr'>ὑμῶν</span> <span class='ocrx_word' id='word_1_193' title='bbox 2963 1605 2992 1662; x_wconf 82' lang='grc' dir='ltr'>ἡ</span> <span class='ocrx_word' id='word_1_194' title='bbox 3047 1602 3296 1677; x_wconf 80' lang='grc' dir='ltr'>βασιλεία</span> <span class='ocrx_word' id='word_1_195' title='bbox 3348 1612 3440 1655; x_wconf 78' lang='grc' dir='ltr'>τοῦ</span> <span class='ocrx_word' id='word_1_196' title='bbox 3496 1611 3651 1672; x_wconf 77' lang='grc' dir='ltr'>Θεοῦ,</span> <span class='ocrx_word' id='word_1_197' title='bbox 3710 1610 3800 1656; x_wconf 78' lang='grc' dir='ltr'>καὶ</span> <span class='ocrx_word' id='word_1_198' title='bbox 3855 1601 3948 1656; x_wconf 81' lang='grc' dir='ltr'>δο-</span> 
     </span>
    </p>
   </div>
   <div class='ocr_carea' id='block_1_34' title="bbox 2334 1693 3947 1766">
    <p class='ocr_par' dir='ltr' id='par_1_34' title="bbox 2334 1693 3947 1766">
     <span class='ocr_line' id='line_1_34' title="bbox 2334 1693 3947 1766; baseline 0 -21"><span class='ocrx_word' id='word_1_199' title='bbox 2334 1695 2553 1751; x_wconf 75' lang='grc' dir='ltr'>θήσεται</span> <span class='ocrx_word' id='word_1_200' title='bbox 2612 1694 2742 1745; x_wconf 84' lang='grc' dir='ltr'>ἔθνει</span> <span class='ocrx_word' id='word_1_201' title='bbox 2799 1702 3034 1745; x_wconf 78' lang='grc' dir='ltr'>ποιοῦντι</span> <span class='ocrx_word' id='word_1_202' title='bbox 3095 1699 3215 1756; x_wconf 80' lang='grc' dir='ltr'>τοὺς</span> <span class='ocrx_word' id='word_1_203' title='bbox 3268 1696 3500 1766; x_wconf 78' lang='grc' dir='ltr'>καρποὺς</span> <span class='ocrx_word' id='word_1_204' title='bbox 3566 1693 3748 1755; x_wconf 76' lang='grc' dir='ltr'>αὐτῆς·</span> <span class='ocrx_word' id='word_1_205' title='bbox 3828 1698 3947 1746; x_wconf 83' lang='grc' dir='ltr'>τότε</span> 
     </span>
    </p>
   </div>
   <div class='ocr_carea' id='block_1_35' title="bbox 551 1780 2220 1855">
    <p class='ocr_par' dir='ltr' id='par_1_35' title="bbox 551 1780 2217 1855">
     <span class='ocr_line' id='line_1_35' title="bbox 551 1780 2217 1855; baseline -0.004 -16"><span class='ocrx_word' id='word_1_206' title='bbox 551 1785 628 1839; x_wconf 89' lang='lat' dir='ltr'>Et</span> <span class='ocrx_word' id='word_1_207' title='bbox 668 1785 767 1855; x_wconf 88' lang='lat' dir='ltr'>qui</span> <span class='ocrx_word' id='word_1_208' title='bbox 790 1783 1058 1839; x_wconf 84' lang='lat' dir='ltr'>ceciderit</span> <span class='ocrx_word' id='word_1_209' title='bbox 1076 1798 1247 1851; x_wconf 83' lang='lat' dir='ltr'>super</span> <span class='ocrx_word' id='word_1_210' title='bbox 1273 1784 1427 1839; x_wconf 84' lang='lat' dir='ltr'>hunc</span> <span class='ocrx_word' id='word_1_211' title='bbox 1457 1782 1734 1850; x_wconf 82' lang='lat' dir='ltr'>lapidem,</span> <span class='ocrx_word' id='word_1_212' title='bbox 1763 1780 2217 1849; x_wconf 80' lang='lat' dir='ltr'>confringetur;</span> 
     </span>
    </p>
   </div>
   <div class='ocr_carea' id='block_1_36' title="bbox 2335 1780 3942 1855">
    <p class='ocr_par' dir='ltr' id='par_1_36' title="bbox 2335 1781 3942 1853">
     <span class='ocr_line' id='line_1_36' title="bbox 2335 1781 3942 1853; baseline 0 -20"><span class='ocrx_word' id='word_1_213' title='bbox 2335 1781 2586 1853; x_wconf 73' lang='grc' dir='ltr'>ἐπήγαγεν</span> <span class='ocrx_word' id='word_1_214' title='bbox 2650 1784 2729 1834; x_wconf 84' lang='grc' dir='ltr'>ὅτι</span> <span class='ocrx_word' id='word_1_215' title='bbox 2780 1789 2880 1835; x_wconf 81' lang='grc' dir='ltr'>Καὶ</span> <span class='ocrx_word' id='word_1_216' title='bbox 2937 1785 2961 1835; x_wconf 84' lang='grc' dir='ltr'>ὀ</span> <span class='ocrx_word' id='word_1_217' title='bbox 3024 1789 3193 1835; x_wconf 82' lang='grc' dir='ltr'>πεσὼν</span> <span class='ocrx_word' id='word_1_218' title='bbox 3255 1782 3338 1835; x_wconf 84' lang='grc' dir='ltr'>ἐπὶ</span> <span class='ocrx_word' id='word_1_219' title='bbox 3406 1788 3491 1835; x_wconf 84' lang='grc' dir='ltr'>τὸν</span> <span class='ocrx_word' id='word_1_220' title='bbox 3538 1782 3679 1834; x_wconf 85' lang='grc' dir='ltr'>λίθον</span> <span class='ocrx_word' id='word_1_221' title='bbox 3736 1790 3942 1852; x_wconf 77' lang='grc' dir='ltr'>τοῦτον,</span> 
     </span>
    </p>
   </div>
   <div class='ocr_carea' id='block_1_37' title="bbox 550 1869 2214 1944">
    <p class='ocr_par' dir='ltr' id='par_1_37' title="bbox 550 1869 2214 1944">
     <span class='ocr_line' id='line_1_37' title="bbox 550 1869 2214 1944; baseline -0.004 -15"><span class='ocrx_word' id='word_1_222' title='bbox 550 1889 725 1944; x_wconf 86' lang='lat' dir='ltr'>super</span> <span class='ocrx_word' id='word_1_223' title='bbox 751 1888 1139 1943; x_wconf 82' lang='lat' dir='ltr'>quemcunque</span> <span class='ocrx_word' id='word_1_224' title='bbox 1190 1888 1324 1928; x_wconf 88' lang='lat' dir='ltr'>vero</span> <span class='ocrx_word' id='word_1_225' title='bbox 1378 1872 1668 1935; x_wconf 79' lang='lat' dir='ltr'>ceciderit,</span> <span class='ocrx_word' id='word_1_226' title='bbox 1704 1875 1964 1926; x_wconf 88' lang='lat' dir='ltr'>conteret</span> <span class='ocrx_word' id='word_1_227' title='bbox 1997 1885 2118 1924; x_wconf 87' lang='lat' dir='ltr'>eum</span> <span class='ocrx_word' id='word_1_228' title='bbox 2148 1869 2214 1923; x_wconf 76' lang='grc'>⁸³.</span> 
     </span>
    </p>
   </div>
   <div class='ocr_carea' id='block_1_38' title="bbox 552 1958 2219 2033">
    <p class='ocr_par' dir='ltr' id='par_1_38' title="bbox 552 1958 2219 2033">
     <span class='ocr_line' id='line_1_38' title="bbox 552 1958 2219 2033; baseline -0.004 -14"><span class='ocrx_word' id='word_1_229' title='bbox 552 1964 700 2019; x_wconf 88' lang='lat' dir='ltr'>Sunt</span> <span class='ocrx_word' id='word_1_230' title='bbox 738 1968 941 2033; x_wconf 83' lang='lat' dir='ltr'>itaque</span> <span class='ocrx_word' id='word_1_231' title='bbox 984 1977 1077 2022; x_wconf 87' lang='lat' dir='ltr'>ea,</span> <span class='ocrx_word' id='word_1_232' title='bbox 1108 1978 1239 2033; x_wconf 65' lang='lat' dir='ltr'>quae</span> <span class='ocrx_word' id='word_1_233' title='bbox 1269 1961 1576 2016; x_wconf 66' lang='lat' dir='ltr'>Matthaaus</span> <span class='ocrx_word' id='word_1_234' title='bbox 1610 1960 1807 2026; x_wconf 86' lang='lat' dir='ltr'>habet,</span> <span class='ocrx_word' id='word_1_235' title='bbox 1843 1963 2045 2014; x_wconf 79' lang='lat' dir='ltr'>exacte</span> <span class='ocrx_word' id='word_1_236' title='bbox 2078 1958 2219 2013; x_wconf 88' lang='lat' dir='ltr'>reci-</span> 
     </span>
    </p>
   </div>
   <div class='ocr_carea' id='block_1_39' title="bbox 554 2048 2217 2124">
    <p class='ocr_par' dir='ltr' id='par_1_39' title="bbox 554 2048 2217 2124">
     <span class='ocr_line' id='line_1_39' title="bbox 554 2048 2217 2124; baseline -0.004 -16"><span class='ocrx_word' id='word_1_237' title='bbox 554 2058 692 2121; x_wconf 87' lang='lat' dir='ltr'>tata,</span> <span class='ocrx_word' id='word_1_238' title='bbox 718 2068 847 2124; x_wconf 66' lang='lat' dir='ltr'>quae</span> <span class='ocrx_word' id='word_1_239' title='bbox 870 2057 1067 2107; x_wconf 89' lang='lat' dir='ltr'>autem</span> <span class='ocrx_word' id='word_1_240' title='bbox 1084 2051 1246 2122; x_wconf 90' lang='lat' dir='ltr'>apud</span> <span class='ocrx_word' id='word_1_241' title='bbox 1271 2051 1537 2106; x_wconf 82' lang='lat' dir='ltr'>Marcum</span> <span class='ocrx_word' id='word_1_242' title='bbox 1563 2056 1619 2105; x_wconf 90' lang='lat' dir='ltr'>et</span> <span class='ocrx_word' id='word_1_243' title='bbox 1645 2051 1865 2105; x_wconf 86' lang='lat' dir='ltr'>Lucam</span> <span class='ocrx_word' id='word_1_244' title='bbox 1897 2048 2217 2110; x_wconf 86' lang='lat' dir='ltr'>habentur,</span> 
     </span>
    </p>
   </div>
   <div class='ocr_carea' id='block_1_40' title="bbox 549 2137 2220 2213">
    <p class='ocr_par' dir='ltr' id='par_1_40' title="bbox 549 2137 2220 2213">
     <span class='ocr_line' id='line_1_40' title="bbox 549 2137 2220 2213; baseline -0.002 -17"><span class='ocrx_word' id='word_1_245' title='bbox 549 2138 969 2213; x_wconf 87' lang='lat' dir='ltr'>compendiose</span> <span class='ocrx_word' id='word_1_246' title='bbox 1020 2139 1255 2206; x_wconf 83' lang='lat' dir='ltr'>tradita,</span> <span class='ocrx_word' id='word_1_247' title='bbox 1302 2140 1825 2213; x_wconf 88' lang='lat' dir='ltr'>quemadmodum</span> <span class='ocrx_word' id='word_1_248' title='bbox 1878 2137 2220 2210; x_wconf 84' lang='lat' dir='ltr'>frequenter</span> 
     </span>
    </p>
   </div>
   <div class='ocr_carea' id='block_1_41' title="bbox 549 2229 842 2285">
    <p class='ocr_par' dir='ltr' id='par_1_41' title="bbox 549 2229 842 2285">
     <span class='ocr_line' id='line_1_41' title="bbox 549 2229 842 2285; baseline -0.007 -1"><span class='ocrx_word' id='word_1_249' title='bbox 549 2229 842 2285; x_wconf 86' lang='lat' dir='ltr'>diximus.</span> 
     </span>
    </p>
   </div>
   <div class='ocr_carea' id='block_1_42' title="bbox 622 2315 2218 2391">
    <p class='ocr_par' dir='ltr' id='par_1_42' title="bbox 622 2315 2218 2391">
     <span class='ocr_line' id='line_1_42' title="bbox 622 2315 2218 2391; baseline -0.003 -17"><span class='ocrx_word' id='word_1_250' title='bbox 622 2318 796 2391; x_wconf 83' lang='lat' dir='ltr'>Apud</span> <span class='ocrx_word' id='word_1_251' title='bbox 814 2334 1024 2373; x_wconf 88' lang='lat' dir='ltr'>omnes</span> <span class='ocrx_word' id='word_1_252' title='bbox 1053 2317 1249 2389; x_wconf 90' lang='lat' dir='ltr'>itaque</span> <span class='ocrx_word' id='word_1_253' title='bbox 1271 2317 1669 2387; x_wconf 81' lang='lat' dir='ltr'>evangelistas</span> <span class='ocrx_word' id='word_1_254' title='bbox 1696 2317 1854 2372; x_wconf 92' lang='lat' dir='ltr'>hanc</span> <span class='ocrx_word' id='word_1_255' title='bbox 1882 2315 2218 2371; x_wconf 89' lang='lat' dir='ltr'>invenimus</span> 
     </span>
    </p>
   </div>
   <div class='ocr_carea' id='block_1_43' title="bbox 550 2403 2217 2479">
    <p class='ocr_par' dir='ltr' id='par_1_43' title="bbox 550 2403 2217 2479">
     <span class='ocr_line' id='line_1_43' title="bbox 550 2403 2217 2479; baseline -0.004 -15"><span class='ocrx_word' id='word_1_256' title='bbox 550 2407 1153 2479; x_wconf 85' lang='lat' dir='ltr'>dispensationem,ut</span> <span class='ocrx_word' id='word_1_257' title='bbox 1168 2410 1416 2478; x_wconf 89' lang='lat' dir='ltr'>quisque</span> <span class='ocrx_word' id='word_1_258' title='bbox 1429 2422 1637 2462; x_wconf 88' lang='lat' dir='ltr'>eorum</span> <span class='ocrx_word' id='word_1_259' title='bbox 1655 2406 1957 2461; x_wconf 86' lang='lat' dir='ltr'>interdum</span> <span class='ocrx_word' id='word_1_260' title='bbox 1974 2403 2217 2476; x_wconf 88' lang='lat' dir='ltr'>quidem</span> 
     </span>
    </p>
   </div>
   <div class='ocr_carea' id='block_1_44' title="bbox 551 2492 2214 2567">
    <p class='ocr_par' dir='ltr' id='par_1_44' title="bbox 551 2492 2214 2567">
     <span class='ocr_line' id='line_1_44' title="bbox 551 2492 2214 2567; baseline -0.004 -16"><span class='ocrx_word' id='word_1_261' title='bbox 551 2497 885 2566; x_wconf 83' lang='lat' dir='ltr'>diligenter,</span> <span class='ocrx_word' id='word_1_262' title='bbox 910 2495 1101 2550; x_wconf 87' lang='lat' dir='ltr'>interd</span> <span class='ocrx_word' id='word_1_263' title='bbox 1114 2512 1212 2549; x_wconf 93' lang='lat' dir='ltr'>um</span> <span class='ocrx_word' id='word_1_264' title='bbox 1227 2500 1427 2550; x_wconf 91' lang='lat' dir='ltr'>autem</span> <span class='ocrx_word' id='word_1_265' title='bbox 1445 2495 1879 2567; x_wconf 86' lang='lat' dir='ltr'>compendiose</span> <span class='ocrx_word' id='word_1_266' title='bbox 1896 2492 2214 2548; x_wconf 88' lang='lat' dir='ltr'>retulerint.</span> 
     </span>
    </p>
   </div>
   <div class='ocr_carea' id='block_1_45' title="bbox 552 2583 2219 2656">
    <p class='ocr_par' dir='ltr' id='par_1_45' title="bbox 552 2583 2219 2656">
     <span class='ocr_line' id='line_1_45' title="bbox 552 2583 2219 2656; baseline -0.001 -17"><span class='ocrx_word' id='word_1_267' title='bbox 552 2584 937 2656; x_wconf 86' lang='lat' dir='ltr'>Propositum</span> <span class='ocrx_word' id='word_1_268' title='bbox 999 2588 1200 2639; x_wconf 88' lang='lat' dir='ltr'>autem</span> <span class='ocrx_word' id='word_1_269' title='bbox 1260 2585 1505 2639; x_wconf 87' lang='lat' dir='ltr'>verbum</span> <span class='ocrx_word' id='word_1_270' title='bbox 1566 2583 1720 2638; x_wconf 90' lang='lat' dir='ltr'>dicto</span> <span class='ocrx_word' id='word_1_271' title='bbox 1791 2584 1983 2655; x_wconf 89' lang='lat' dir='ltr'>capite</span> <span class='ocrx_word' id='word_1_272' title='bbox 2046 2583 2219 2653; x_wconf 81' lang='lat' dir='ltr'>juxta</span> 
     </span>
    </p>
   </div>
   <div class='ocr_carea' id='block_1_46' title="bbox 553 2664 2220 2744">
    <p class='ocr_par' dir='ltr' id='par_1_46' title="bbox 553 2664 2220 2744">
     <span class='ocr_line' id='line_1_46' title="bbox 553 2664 2220 2744; baseline -0.001 -16"><span class='ocrx_word' id='word_1_273' title='bbox 553 2664 899 2729; x_wconf 63' lang='lat' dir='ltr'>Mattheum</span> <span class='ocrx_word' id='word_1_274' title='bbox 931 2671 1300 2728; x_wconf 85' lang='lat' dir='ltr'>declaratum</span> <span class='ocrx_word' id='word_1_275' title='bbox 1350 2677 1437 2728; x_wconf 88' lang='lat' dir='ltr'>est</span> <span class='ocrx_word' id='word_1_276' title='bbox 1473 2677 1570 2741; x_wconf 90' lang='lat' dir='ltr'>;et</span> <span class='ocrx_word' id='word_1_277' title='bbox 1608 2672 1689 2728; x_wconf 90' lang='lat' dir='ltr'>ibi</span> <span class='ocrx_word' id='word_1_278' title='bbox 1736 2688 1935 2744; x_wconf 69' lang='lat' dir='ltr'>qurere</span> <span class='ocrx_word' id='word_1_279' title='bbox 1983 2687 2220 2727; x_wconf 88' lang='lat' dir='ltr'>enarra-</span> 
     </span>
    </p>
   </div>
   <div class='ocr_carea' id='block_1_47' title="bbox 559 2764 804 2818">
    <p class='ocr_par' dir='ltr' id='par_1_47' title="bbox 559 2764 804 2818">
     <span class='ocr_line' id='line_1_47' title="bbox 559 2764 804 2818; baseline -0.012 0"><span class='ocrx_word' id='word_1_280' title='bbox 559 2764 804 2818; x_wconf 89' lang='lat' dir='ltr'>tionem.</span> 
     </span>
    </p>
   </div>
   <div class='ocr_carea' id='block_1_48' title="bbox 630 2850 2219 2922">
    <p class='ocr_par' dir='ltr' id='par_1_48' title="bbox 630 2850 2219 2922">
     <span class='ocr_line' id='line_1_48' title="bbox 630 2850 2219 2922; baseline 0 -17"><span class='ocrx_word' id='word_1_281' title='bbox 630 2851 794 2906; x_wconf 87' lang='lat' dir='ltr'>Vers.</span> <span class='ocrx_word' id='word_1_282' title='bbox 845 2853 932 2908; x_wconf 87' lang='grc'>19.</span> <span class='ocrx_word' id='word_1_283' title='bbox 984 2850 1060 2906; x_wconf 89' lang='lat' dir='ltr'>Et</span> <span class='ocrx_word' id='word_1_284' title='bbox 1108 2850 1443 2922; x_wconf 72' lang='lat' dir='ltr'>quaerebant</span> <span class='ocrx_word' id='word_1_285' title='bbox 1480 2851 1808 2907; x_wconf 76' lang='lat' dir='ltr'>—di.rerit.</span> <span class='ocrx_word' id='word_1_286' title='bbox 1867 2852 2013 2909; x_wconf 77' lang='lat' dir='ltr'>Haec</span> <span class='ocrx_word' id='word_1_287' title='bbox 2077 2851 2219 2906; x_wconf 89' lang='lat' dir='ltr'>item</span> 
     </span>
    </p>
   </div>
   <div class='ocr_carea' id='block_1_49' title="bbox 558 2940 2073 3012">
    <p class='ocr_par' dir='ltr' id='par_1_49' title="bbox 558 2940 2073 3012">
     <span class='ocr_line' id='line_1_49' title="bbox 558 2940 2073 3012; baseline -0.003 -15"><span class='ocrx_word' id='word_1_288' title='bbox 558 2941 928 2997; x_wconf 84' lang='lat' dir='ltr'>manifestius</span> <span class='ocrx_word' id='word_1_289' title='bbox 957 2940 1191 3012; x_wconf 86' lang='lat' dir='ltr'>scripsit</span> <span class='ocrx_word' id='word_1_290' title='bbox 1216 2941 1521 2996; x_wconf 67' lang='lat' dir='ltr'>Matthaaus</span> <span class='ocrx_word' id='word_1_291' title='bbox 1550 2941 1833 3012; x_wconf 80' lang='lat' dir='ltr'>praedicto</span> <span class='ocrx_word' id='word_1_292' title='bbox 1867 2941 2073 3011; x_wconf 89' lang='lat' dir='ltr'>capite.</span> 
     </span>
    </p>
   </div>
   <div class='ocr_carea' id='block_1_50' title="bbox 630 3029 2220 3102">
    <p class='ocr_par' dir='ltr' id='par_1_50' title="bbox 630 3029 2220 3102">
     <span class='ocr_line' id='line_1_50' title="bbox 630 3029 2220 3102; baseline -0.001 -15"><span class='ocrx_word' id='word_1_293' title='bbox 630 3030 788 3087; x_wconf 84' lang='lat' dir='ltr'>CAP.</span> <span class='ocrx_word' id='word_1_294' title='bbox 813 3031 984 3087; x_wconf 83' lang='lat' dir='ltr'>LXXI.</span> <span class='ocrx_word' id='word_1_295' title='bbox 1017 3032 1104 3087; x_wconf 88' lang='lat' dir='ltr'>De</span> <span class='ocrx_word' id='word_1_296' title='bbox 1130 3029 1218 3085; x_wconf 86' lang='lat' dir='ltr'>his</span> <span class='ocrx_word' id='word_1_297' title='bbox 1262 3030 1365 3102; x_wconf 85' lang='lat' dir='ltr'>qui</span> <span class='ocrx_word' id='word_1_298' title='bbox 1392 3030 1711 3086; x_wconf 86' lang='lat' dir='ltr'>Dominum</span> <span class='ocrx_word' id='word_1_299' title='bbox 1752 3030 2220 3101; x_wconf 72' lang='lat' dir='ltr'>interrogabant,</span> 
     </span>
    </p>
   </div>
   <div class='ocr_carea' id='block_1_51' title="bbox 1055 3120 1611 3176">
    <p class='ocr_par' dir='ltr' id='par_1_51' title="bbox 1055 3120 1611 3176">
     <span class='ocr_line' id='line_1_51' title="bbox 1055 3120 1611 3176; baseline 0 -1"><span class='ocrx_word' id='word_1_300' title='bbox 1055 3120 1357 3175; x_wconf 86' lang='lat' dir='ltr'>occasione</span> <span class='ocrx_word' id='word_1_301' title='bbox 1384 3135 1611 3176; x_wconf 88' lang='lat' dir='ltr'>census.</span> 
     </span>
    </p>
   </div>
   <div class='ocr_carea' id='block_1_52' title="bbox 630 3209 2224 3278">
    <p class='ocr_par' dir='ltr' id='par_1_52' title="bbox 630 3209 2224 3278">
     <span class='ocr_line' id='line_1_52' title="bbox 630 3209 2224 3278; baseline 0.001 -14"><span class='ocrx_word' id='word_1_302' title='bbox 630 3209 793 3266; x_wconf 82' lang='lat' dir='ltr'>Vcrs.</span> <span class='ocrx_word' id='word_1_303' title='bbox 827 3209 914 3265; x_wconf 84' lang='lat'>20.</span> <span class='ocrx_word' id='word_1_304' title='bbox 968 3210 1045 3264; x_wconf 89' lang='lat' dir='ltr'>Et</span> <span class='ocrx_word' id='word_1_305' title='bbox 1093 3210 1466 3265; x_wconf 85' lang='lat' dir='ltr'>observantes</span> <span class='ocrx_word' id='word_1_306' title='bbox 1505 3209 1883 3278; x_wconf 69' lang='lat' dir='ltr'>—praesidis.</span> <span class='ocrx_word' id='word_1_307' title='bbox 1941 3210 2032 3265; x_wconf 84' lang='lat' dir='ltr'>Ait</span> <span class='ocrx_word' id='word_1_308' title='bbox 2080 3211 2224 3265; x_wconf 89' lang='lat' dir='ltr'>Mat-</span> 
     </span>
    </p>
   </div>
   <div class='ocr_carea' id='block_1_53' title="bbox 559 3298 2223 3371">
    <p class='ocr_par' dir='ltr' id='par_1_53' title="bbox 559 3298 2223 3371">
     <span class='ocr_line' id='line_1_53' title="bbox 559 3298 2223 3371; baseline 0 -16"><span class='ocrx_word' id='word_1_309' title='bbox 559 3299 821 3355; x_wconf 69' lang='lat' dir='ltr'>thaeusiu</span> <span class='ocrx_word' id='word_1_310' title='bbox 842 3298 958 3353; x_wconf 86' lang='lat' dir='ltr'>ﬁne</span> <span class='ocrx_word' id='word_1_311' title='bbox 972 3298 1686 3371; x_wconf 84' lang='lat' dir='ltr'>quinquagesimicapitis</span> <span class='ocrx_word' id='word_1_312' title='bbox 1718 3315 1730 3352; x_wconf 91' lang='lat'><strong>:</strong></span> <span class='ocrx_word' id='word_1_313' title='bbox 1754 3301 1920 3354; x_wconf 86' lang='lat' dir='ltr'>Tunc</span> <span class='ocrx_word' id='word_1_314' title='bbox 1947 3299 2223 3355; x_wconf 87' lang='lat' dir='ltr'>abeuntes</span> 
     </span>
    </p>
   </div>
   <div class='ocr_carea' id='block_1_54' title="bbox 559 3388 2221 3457">
    <p class='ocr_par' dir='ltr' id='par_1_54' title="bbox 559 3388 2221 3457">
     <span class='ocr_line' id='line_1_54' title="bbox 559 3388 2221 3457; baseline -0.001 -13"><span class='ocrx_word' id='word_1_315' title='bbox 559 3388 855 3444; x_wconf 75' lang='lat' dir='ltr'>Pharisaei</span> <span class='ocrx_word' id='word_1_316' title='bbox 884 3388 1195 3443; x_wconf 81' lang='lat' dir='ltr'>consilium</span> <span class='ocrx_word' id='word_1_317' title='bbox 1248 3395 1542 3456; x_wconf 75' lang='lat' dir='ltr'>ceperunt,</span> <span class='ocrx_word' id='word_1_318' title='bbox 1572 3393 1637 3441; x_wconf 82' lang='lat' dir='ltr'>ut</span> <span class='ocrx_word' id='word_1_319' title='bbox 1668 3388 2059 3457; x_wconf 81' lang='lat' dir='ltr'>ittaquearent</span> <span class='ocrx_word' id='word_1_320' title='bbox 2092 3404 2221 3445; x_wconf 87' lang='lat' dir='ltr'>eum</span> 
     </span>
    </p>
   </div>
   <div class='ocr_carea' id='block_1_55' title="bbox 562 3477 2221 3548">
    <p class='ocr_par' dir='ltr' id='par_1_55' title="bbox 562 3477 2221 3548">
     <span class='ocr_line' id='line_1_55' title="bbox 562 3477 2221 3548; baseline 0.001 -16"><span class='ocrx_word' id='word_1_321' title='bbox 562 3478 625 3533; x_wconf 83' lang='lat' dir='ltr'>in</span> <span class='ocrx_word' id='word_1_322' title='bbox 651 3492 904 3534; x_wconf 88' lang='lat' dir='ltr'>sermone</span> <span class='ocrx_word' id='word_1_323' title='bbox 926 3479 994 3545; x_wconf 71' lang='grc'>’³,</span> <span class='ocrx_word' id='word_1_324' title='bbox 1022 3482 1078 3531; x_wconf 87' lang='lat' dir='ltr'>et</span> <span class='ocrx_word' id='word_1_325' title='bbox 1105 3481 1337 3531; x_wconf 69' lang='lat' dir='ltr'>caetera.</span> <span class='ocrx_word' id='word_1_326' title='bbox 1370 3478 1517 3547; x_wconf 83' lang='lat' dir='ltr'>Lege</span> <span class='ocrx_word' id='word_1_327' title='bbox 1547 3492 1687 3548; x_wconf 81' lang='lat' dir='ltr'>ergo</span> <span class='ocrx_word' id='word_1_328' title='bbox 1717 3477 1955 3532; x_wconf 89' lang='lat' dir='ltr'>illorum</span> <span class='ocrx_word' id='word_1_329' title='bbox 1987 3494 2221 3533; x_wconf 87' lang='lat' dir='ltr'>enarra-</span> 
     </span>
    </p>
   </div>
   <div class='ocr_carea' id='block_1_56' title="bbox 562 3565 2225 3637">
    <p class='ocr_par' dir='ltr' id='par_1_56' title="bbox 562 3565 2225 3637">
     <span class='ocr_line' id='line_1_56' title="bbox 562 3565 2225 3637; baseline 0 -15"><span class='ocrx_word' id='word_1_330' title='bbox 562 3567 810 3628; x_wconf 89' lang='lat' dir='ltr'>tionem.</span> <span class='ocrx_word' id='word_1_331' title='bbox 833 3571 889 3621; x_wconf 90' lang='lat' dir='ltr'>et</span> <span class='ocrx_word' id='word_1_332' title='bbox 919 3565 999 3621; x_wconf 91' lang='lat' dir='ltr'>ibi</span> <span class='ocrx_word' id='word_1_333' title='bbox 1017 3566 1195 3621; x_wconf 89' lang='lat' dir='ltr'>etiam</span> <span class='ocrx_word' id='word_1_334' title='bbox 1215 3566 1603 3637; x_wconf 68' lang='lat' dir='ltr'>praesentium</span> <span class='ocrx_word' id='word_1_335' title='bbox 1622 3566 1943 3622; x_wconf 85' lang='lat' dir='ltr'>verborum</span> <span class='ocrx_word' id='word_1_336' title='bbox 1961 3566 2225 3623; x_wconf 86' lang='lat' dir='ltr'>declara-</span> 
     </span>
    </p>
   </div>
   <div class='ocr_carea' id='block_1_57' title="bbox 566 3653 1106 3710">
    <p class='ocr_par' dir='ltr' id='par_1_57' title="bbox 566 3653 1106 3710">
     <span class='ocr_line' id='line_1_57' title="bbox 566 3653 1106 3710; baseline -0.006 0"><span class='ocrx_word' id='word_1_337' title='bbox 566 3654 783 3710; x_wconf 85' lang='lat' dir='ltr'>tionem</span> <span class='ocrx_word' id='word_1_338' title='bbox 813 3653 1106 3709; x_wconf 88' lang='lat' dir='ltr'>invenies.</span> 
     </span>
    </p>
   </div>
   <div class='ocr_carea' id='block_1_58' title="bbox 638 3831 2224 3904">
    <p class='ocr_par' dir='ltr' id='par_1_58' title="bbox 638 3831 2224 3904">
     <span class='ocr_line' id='line_1_58' title="bbox 638 3831 2224 3904; baseline 0.001 -17"><span class='ocrx_word' id='word_1_339' title='bbox 638 3834 796 3888; x_wconf 81' lang='lat' dir='ltr'>Vers.</span> <span class='ocrx_word' id='word_1_340' title='bbox 814 3833 901 3888; x_wconf 79' lang='lat' dir='ltr'>2i.</span> <span class='ocrx_word' id='word_1_341' title='bbox 928 3831 1013 3890; x_wconf 83' lang='lat' dir='ltr'>Et</span> <span class='ocrx_word' id='word_1_342' title='bbox 1031 3838 1548 3904; x_wconf 78' lang='lat' dir='ltr'>interrogaverunt</span> <span class='ocrx_word' id='word_1_343' title='bbox 1573 3864 1641 3872; x_wconf 92' lang='lat'>—</span> <span class='ocrx_word' id='word_1_344' title='bbox 1658 3831 1826 3889; x_wconf 88' lang='lat' dir='ltr'>Vers.</span> <span class='ocrx_word' id='word_1_345' title='bbox 1849 3832 1937 3887; x_wconf 74' lang='lat'>22.</span> <span class='ocrx_word' id='word_1_346' title='bbox 1964 3848 2043 3889; x_wconf 90' lang='lat' dir='ltr'>an</span> <span class='ocrx_word' id='word_1_347' title='bbox 2063 3848 2181 3889; x_wconf 87' lang='lat' dir='ltr'>non</span> <span class='ocrx_word' id='word_1_348' title='bbox 2197 3831 2224 3888; x_wconf 69' lang='lat'>7</span> 
     </span>
    </p>
   </div>
   <div class='ocr_carea' id='block_1_59' title="bbox 567 3921 2225 3995">
    <p class='ocr_par' dir='ltr' id='par_1_59' title="bbox 567 3921 2225 3995">
     <span class='ocr_line' id='line_1_59' title="bbox 567 3921 2225 3995; baseline -0.001 -18"><span class='ocrx_word' id='word_1_349' title='bbox 567 3922 1080 3994; x_wconf 81' lang='lat' dir='ltr'>Quinquagesimo</span> <span class='ocrx_word' id='word_1_350' title='bbox 1109 3922 1375 3977; x_wconf 90' lang='lat' dir='ltr'>secundo</span> <span class='ocrx_word' id='word_1_351' title='bbox 1401 3922 1587 3995; x_wconf 88' lang='lat' dir='ltr'>capite</span> <span class='ocrx_word' id='word_1_352' title='bbox 1616 3921 1690 3976; x_wconf 89' lang='lat' dir='ltr'>de</span> <span class='ocrx_word' id='word_1_353' title='bbox 1724 3921 1817 3976; x_wconf 86' lang='lat' dir='ltr'>his</span> <span class='ocrx_word' id='word_1_354' title='bbox 1849 3922 2225 3977; x_wconf 87' lang='lat' dir='ltr'>manifestius</span> 
     </span>
    </p>
   </div>
   <div class='ocr_carea' id='block_1_60' title="bbox 568 4010 2226 4084">
    <p class='ocr_par' dir='ltr' id='par_1_60' title="bbox 568 4010 2226 4084">
     <span class='ocr_line' id='line_1_60' title="bbox 568 4010 2226 4084; baseline 0.001 -18"><span class='ocrx_word' id='word_1_355' title='bbox 568 4011 803 4084; x_wconf 89' lang='lat' dir='ltr'>scripsit</span> <span class='ocrx_word' id='word_1_356' title='bbox 827 4011 1157 4076; x_wconf 71' lang='lat' dir='ltr'>Matthazus,</span> <span class='ocrx_word' id='word_1_357' title='bbox 1189 4016 1245 4067; x_wconf 88' lang='lat' dir='ltr'>et</span> <span class='ocrx_word' id='word_1_358' title='bbox 1287 4011 1369 4067; x_wconf 91' lang='lat' dir='ltr'>ibi</span> <span class='ocrx_word' id='word_1_359' title='bbox 1404 4010 1675 4066; x_wconf 87' lang='lat' dir='ltr'>similiter</span> <span class='ocrx_word' id='word_1_360' title='bbox 1713 4027 1915 4083; x_wconf 67' lang='lat' dir='ltr'>quaere</span> <span class='ocrx_word' id='word_1_361' title='bbox 1943 4012 2226 4084; x_wconf 84' lang='lat' dir='ltr'>interpre-</span> 
     </span>
    </p>
   </div>
   <div class='ocr_carea' id='block_1_61' title="bbox 570 4102 875 4159">
    <p class='ocr_par' dir='ltr' id='par_1_61' title="bbox 570 4102 875 4159">
     <span class='ocr_line' id='line_1_61' title="bbox 570 4102 875 4159; baseline -0.01 0"><span class='ocrx_word' id='word_1_362' title='bbox 570 4102 875 4159; x_wconf 88' lang='lat' dir='ltr'>tationem.</span> 
     </span>
    </p>
   </div>
   <div class='ocr_carea' id='block_1_62' title="bbox 641 4189 2225 4261">
    <p class='ocr_par' dir='ltr' id='par_1_62' title="bbox 641 4189 2225 4261">
     <span class='ocr_line' id='line_1_62' title="bbox 641 4189 2225 4261; baseline -0.001 -14"><span class='ocrx_word' id='word_1_363' title='bbox 641 4190 919 4247; x_wconf 79' lang='lat' dir='ltr'>Vers.25.</span> <span class='ocrx_word' id='word_1_364' title='bbox 978 4189 1338 4261; x_wconf 82' lang='lat' dir='ltr'>Cognita—</span> <span class='ocrx_word' id='word_1_365' title='bbox 1385 4191 1544 4245; x_wconf 88' lang='lat' dir='ltr'>Vers.</span> <span class='ocrx_word' id='word_1_366' title='bbox 1611 4193 1701 4245; x_wconf 86' lang='lat'>26.</span> <span class='ocrx_word' id='word_1_367' title='bbox 1763 4194 2098 4247; x_wconf 87' lang='lat' dir='ltr'>tacuerunt.</span> <span class='ocrx_word' id='word_1_368' title='bbox 2160 4192 2225 4246; x_wconf 89' lang='lat' dir='ltr'>In</span> 
     </span>
    </p>
   </div>
   <div class='ocr_carea' id='block_1_63' title="bbox 565 4278 2226 4352">
    <p class='ocr_par' dir='ltr' id='par_1_63' title="bbox 565 4278 2226 4352">
     <span class='ocr_line' id='line_1_63' title="bbox 565 4278 2226 4352; baseline -0.001 -15"><span class='ocrx_word' id='word_1_369' title='bbox 565 4281 667 4337; x_wconf 91' lang='lat' dir='ltr'>illo</span> <span class='ocrx_word' id='word_1_370' title='bbox 693 4283 869 4337; x_wconf 89' lang='lat' dir='ltr'>etiam</span> <span class='ocrx_word' id='word_1_371' title='bbox 902 4280 1119 4336; x_wconf 87' lang='lat' dir='ltr'>horum</span> <span class='ocrx_word' id='word_1_372' title='bbox 1150 4279 1303 4335; x_wconf 88' lang='lat' dir='ltr'>facta</span> <span class='ocrx_word' id='word_1_373' title='bbox 1335 4286 1419 4334; x_wconf 85' lang='lat' dir='ltr'>est</span> <span class='ocrx_word' id='word_1_374' title='bbox 1451 4279 1692 4345; x_wconf 89' lang='lat' dir='ltr'>mentio,</span> <span class='ocrx_word' id='word_1_375' title='bbox 1736 4278 1997 4352; x_wconf 87' lang='lat' dir='ltr'>dataque</span> <span class='ocrx_word' id='word_1_376' title='bbox 2049 4280 2226 4337; x_wconf 87' lang='lat' dir='ltr'>inter-</span> 
     </span>
    </p>
   </div>
   <div class='ocr_carea' id='block_1_64' title="bbox 565 4370 833 4444">
    <p class='ocr_par' dir='ltr' id='par_1_64' title="bbox 565 4370 833 4444">
     <span class='ocr_line' id='line_1_64' title="bbox 565 4370 833 4444; baseline -0.004 -18"><span class='ocrx_word' id='word_1_377' title='bbox 565 4370 833 4444; x_wconf 87' lang='lat' dir='ltr'>pretatio.</span> 
     </span>
    </p>
   </div>
   <div class='ocr_carea' id='block_1_65' title="bbox 961 4456 1860 4516">
    <p class='ocr_par' dir='ltr' id='par_1_65' title="bbox 961 4456 1860 4516">
     <span class='ocr_line' id='line_1_65' title="bbox 961 4456 1860 4516; baseline -0.002 0"><span class='ocrx_word' id='word_1_378' title='bbox 961 4459 1115 4516; x_wconf 81' lang='lat' dir='ltr'>CAP.</span> <span class='ocrx_word' id='word_1_379' title='bbox 1149 4457 1351 4514; x_wconf 82' lang='lat' dir='ltr'>LXXII.</span> <span class='ocrx_word' id='word_1_380' title='bbox 1395 4456 1476 4512; x_wconf 88' lang='lat' dir='ltr'>De</span> <span class='ocrx_word' id='word_1_381' title='bbox 1504 4456 1860 4515; x_wconf 75' lang='lat' dir='ltr'>Sadducaeis.</span> 
     </span>
    </p>
   </div>
   <div class='ocr_carea' id='block_1_66' title="bbox 639 4546 2223 4623">
    <p class='ocr_par' dir='ltr' id='par_1_66' title="bbox 639 4546 2223 4623">
     <span class='ocr_line' id='line_1_66' title="bbox 639 4546 2223 4623; baseline 0.004 -24"><span class='ocrx_word' id='word_1_382' title='bbox 639 4547 806 4604; x_wconf 82' lang='lat' dir='ltr'>Vers.</span> <span class='ocrx_word' id='word_1_383' title='bbox 832 4550 918 4602; x_wconf 81' lang='lat'>27.</span> <span class='ocrx_word' id='word_1_384' title='bbox 949 4547 1295 4604; x_wconf 84' lang='lat' dir='ltr'>Accedentes</span> <span class='ocrx_word' id='word_1_385' title='bbox 1317 4578 1384 4586; x_wconf 92' lang='lat'><strong><em>—</em></strong></span> <span class='ocrx_word' id='word_1_386' title='bbox 1416 4546 1579 4601; x_wconf 83' lang='lat' dir='ltr'>Vers.</span> <span class='ocrx_word' id='word_1_387' title='bbox 1614 4552 1701 4603; x_wconf 89' lang='lat'>33.</span> <span class='ocrx_word' id='word_1_388' title='bbox 1736 4562 2001 4604; x_wconf 78' lang='lat' dir='ltr'>uxorem.</span> <span class='ocrx_word' id='word_1_389' title='bbox 2033 4550 2223 4623; x_wconf 86' lang='lat' dir='ltr'>Caput</span> 
     </span>
    </p>
   </div>
   <div class='ocr_carea' id='block_1_67' title="bbox 561 4635 2218 4710">
    <p class='ocr_par' dir='ltr' id='par_1_67' title="bbox 561 4635 2218 4710">
     <span class='ocr_line' id='line_1_67' title="bbox 561 4635 2218 4710; baseline 0.002 -17"><span class='ocrx_word' id='word_1_390' title='bbox 561 4636 675 4693; x_wconf 89' lang='lat' dir='ltr'>hoc</span> <span class='ocrx_word' id='word_1_391' title='bbox 712 4635 1534 4710; x_wconf 81' lang='lat' dir='ltr'>quinquagesimumtertium</span> <span class='ocrx_word' id='word_1_392' title='bbox 1550 4642 1640 4692; x_wconf 90' lang='lat' dir='ltr'>est</span> <span class='ocrx_word' id='word_1_393' title='bbox 1670 4636 2218 4709; x_wconf 72' lang='lat' dir='ltr'>apudMatthaaum:</span> 
     </span>
    </p>
   </div>
   <div class='ocr_carea' id='block_1_68' title="bbox 560 4726 1680 4799">
    <p class='ocr_par' dir='ltr' id='par_1_68' title="bbox 560 4726 1680 4799">
     <span class='ocr_line' id='line_1_68' title="bbox 560 4726 1680 4799; baseline -0.002 -16"><span class='ocrx_word' id='word_1_394' title='bbox 560 4732 619 4784; x_wconf 90' lang='lat' dir='ltr'>et</span> <span class='ocrx_word' id='word_1_395' title='bbox 649 4727 729 4783; x_wconf 89' lang='lat' dir='ltr'>ibi</span> <span class='ocrx_word' id='word_1_396' title='bbox 756 4743 956 4799; x_wconf 63' lang='lat' dir='ltr'>quaere</span> <span class='ocrx_word' id='word_1_397' title='bbox 996 4732 1178 4783; x_wconf 88' lang='lat' dir='ltr'>totam</span> <span class='ocrx_word' id='word_1_398' title='bbox 1214 4726 1680 4781; x_wconf 89' lang='lat' dir='ltr'>enarrationem.</span> 
     </span>
    </p>
   </div>
   <div class='ocr_carea' id='block_1_69' title="bbox 635 4814 2219 4891">
    <p class='ocr_par' dir='ltr' id='par_1_69' title="bbox 635 4814 2219 4891">
     <span class='ocr_line' id='line_1_69' title="bbox 635 4814 2219 4891; baseline 0.003 -21"><span class='ocrx_word' id='word_1_399' title='bbox 635 4818 792 4871; x_wconf 86' lang='lat' dir='ltr'>Vers.</span> <span class='ocrx_word' id='word_1_400' title='bbox 821 4814 909 4870; x_wconf 83' lang='grc'>34.</span> <span class='ocrx_word' id='word_1_401' title='bbox 952 4815 1025 4871; x_wconf 84' lang='lat' dir='ltr'>Et</span> <span class='ocrx_word' id='word_1_402' title='bbox 1051 4846 1119 4856; x_wconf 92' lang='lat'>—-</span> <span class='ocrx_word' id='word_1_403' title='bbox 1144 4820 1393 4884; x_wconf 85' lang='lat' dir='ltr'>nuptum</span> <span class='ocrx_word' id='word_1_404' title='bbox 1426 4814 1591 4870; x_wconf 84' lang='lat' dir='ltr'>dant.</span> <span class='ocrx_word' id='word_1_405' title='bbox 1626 4816 1744 4872; x_wconf 86' lang='lat' dir='ltr'>Hoc</span> <span class='ocrx_word' id='word_1_406' title='bbox 1777 4820 1884 4882; x_wconf 87' lang='lat' dir='ltr'>est,</span> <span class='ocrx_word' id='word_1_407' title='bbox 1916 4816 2020 4874; x_wconf 88' lang='lat' dir='ltr'>ﬁlii</span> <span class='ocrx_word' id='word_1_408' title='bbox 2041 4818 2219 4891; x_wconf 86' lang='lat' dir='ltr'>hujus</span> 
     </span>
    </p>
   </div>
   <div class='ocr_carea' id='block_1_70' title="bbox 562 4904 1179 4975">
    <p class='ocr_par' dir='ltr' id='par_1_70' title="bbox 562 4904 1179 4975">
     <span class='ocr_line' id='line_1_70' title="bbox 562 4904 1179 4975; baseline -0.006 -14"><span class='ocrx_word' id='word_1_409' title='bbox 562 4905 795 4972; x_wconf 88' lang='lat' dir='ltr'>mundi,</span> <span class='ocrx_word' id='word_1_410' title='bbox 827 4904 1005 4975; x_wconf 86' lang='lat' dir='ltr'>hujus</span> <span class='ocrx_word' id='word_1_411' title='bbox 1035 4905 1179 4960; x_wconf 67' lang='lat' dir='ltr'>vitae.</span> 
     </span>
    </p>
   </div>
   <div class='ocr_carea' id='block_1_71' title="bbox 633 4993 2213 5070">
    <p class='ocr_par' dir='ltr' id='par_1_71' title="bbox 633 4993 2213 5070">
     <span class='ocr_line' id='line_1_71' title="bbox 633 4993 2213 5070; baseline 0.003 -20"><span class='ocrx_word' id='word_1_412' title='bbox 633 4997 791 5050; x_wconf 87' lang='lat' dir='ltr'>Vers.</span> <span class='ocrx_word' id='word_1_413' title='bbox 822 4995 911 5049; x_wconf 75' lang='lat'>35.</span> <span class='ocrx_word' id='word_1_414' title='bbox 957 4994 1071 5059; x_wconf 83' lang='lat' dir='ltr'>Qui</span> <span class='ocrx_word' id='word_1_415' title='bbox 1112 5008 1243 5048; x_wconf 86' lang='lat' dir='ltr'>vero</span> <span class='ocrx_word' id='word_1_416' title='bbox 1270 5024 1337 5034; x_wconf 91' lang='lat'><strong><em>—</em></strong></span> <span class='ocrx_word' id='word_1_417' title='bbox 1364 4993 1528 5049; x_wconf 85' lang='lat' dir='ltr'>Vers.</span> <span class='ocrx_word' id='word_1_418' title='bbox 1563 4994 1650 5050; x_wconf 90' lang='lat'>36.</span> <span class='ocrx_word' id='word_1_419' title='bbox 1707 4994 1823 5051; x_wconf 83' lang='lat' dir='ltr'>sint</span> <span class='ocrx_word' id='word_1_420' title='bbox 1868 4996 2001 5065; x_wconf 80' lang='lat' dir='ltr'>ﬁlii.</span> <span class='ocrx_word' id='word_1_421' title='bbox 2047 4998 2213 5070; x_wconf 89' lang='lat' dir='ltr'>Apud</span> 
     </span>
    </p>
   </div>
   <div class='ocr_carea' id='block_1_72' title="bbox 557 5081 2210 5161">
    <p class='ocr_par' dir='ltr' id='par_1_72' title="bbox 557 5081 2210 5161">
     <span class='ocr_line' id='line_1_72' title="bbox 557 5081 2210 5161; baseline 0.002 -19"><span class='ocrx_word' id='word_1_422' title='bbox 557 5084 898 5143; x_wconf 83' lang='lat' dir='ltr'>Matthaeum</span> <span class='ocrx_word' id='word_1_423' title='bbox 937 5082 1116 5138; x_wconf 83' lang='lat' dir='ltr'>etiam</span> <span class='ocrx_word' id='word_1_424' title='bbox 1146 5082 1363 5139; x_wconf 89' lang='lat' dir='ltr'>horum</span> <span class='ocrx_word' id='word_1_425' title='bbox 1394 5081 1551 5140; x_wconf 81' lang='lat' dir='ltr'>facta</span> <span class='ocrx_word' id='word_1_426' title='bbox 1576 5091 1663 5140; x_wconf 90' lang='lat' dir='ltr'>est</span> <span class='ocrx_word' id='word_1_427' title='bbox 1687 5086 1931 5157; x_wconf 89' lang='lat' dir='ltr'>mentio,</span> <span class='ocrx_word' id='word_1_428' title='bbox 1947 5088 2210 5161; x_wconf 84' lang='lat' dir='ltr'>dataque</span> 
     </span>
    </p>
   </div>
   <div class='ocr_carea' id='block_1_73' title="bbox 629 5314 1594 5381">
    <p class='ocr_par' dir='ltr' id='par_1_73' title="bbox 629 5314 1594 5381">
     <span class='ocr_line' id='line_1_73' title="bbox 629 5314 1594 5381; baseline -0.003 -6"><span class='ocrx_word' id='word_1_429' title='bbox 629 5317 672 5355; x_wconf 74' lang='grc'>⁴¹</span> <span class='ocrx_word' id='word_1_430' title='bbox 697 5316 899 5375; x_wconf 87' lang='lat' dir='ltr'>Matth.</span> <span class='ocrx_word' id='word_1_431' title='bbox 931 5331 1051 5381; x_wconf 63' lang='grc' dir='ltr'>χχι,</span> <span class='ocrx_word' id='word_1_432' title='bbox 1077 5314 1167 5371; x_wconf 81' lang='grc'>43.</span> <span class='ocrx_word' id='word_1_433' title='bbox 1244 5315 1292 5353; x_wconf 78' lang='grc'>⁴²</span> <span class='ocrx_word' id='word_1_434' title='bbox 1325 5315 1470 5372; x_wconf 89' lang='lat' dir='ltr'>Ibid.</span> <span class='ocrx_word' id='word_1_435' title='bbox 1504 5318 1594 5373; x_wconf 79' lang='grc'>44.</span> 
     </span>
    </p>
   </div>
   <div class='ocr_carea' id='block_1_74' title="bbox 1673 5318 2258 5391">
    <p class='ocr_par' dir='ltr' id='par_1_74' title="bbox 1673 5318 2258 5391">
     <span class='ocr_line' id='line_1_74' title="bbox 1673 5318 2258 5391; baseline 0.012 -18"><span class='ocrx_word' id='word_1_436' title='bbox 1673 5318 1719 5354; x_wconf 80' lang='grc'>⁴³</span> <span class='ocrx_word' id='word_1_437' title='bbox 1754 5318 1959 5376; x_wconf 87' lang='lat' dir='ltr'>Matth.</span> <span class='ocrx_word' id='word_1_438' title='bbox 1982 5337 2125 5391; x_wconf 71' lang='grc' dir='ltr'>χχιι,</span> <span class='ocrx_word' id='word_1_439' title='bbox 2174 5327 2258 5380; x_wconf 86' lang='grc'><strong>15.</strong></span> 
     </span>
    </p>
   </div>
   <div class='ocr_carea' id='block_1_75' title="bbox 2335 1869 3945 1945">
    <p class='ocr_par' dir='ltr' id='par_1_75' title="bbox 2335 1869 3945 1945">
     <span class='ocr_line' id='line_1_75' title="bbox 2335 1869 3945 1945; baseline 0.001 -22"><span class='ocrx_word' id='word_1_440' title='bbox 2335 1872 2837 1929; x_wconf 77' lang='grc' dir='ltr'>συνθλασθήσεταιο</span> <span class='ocrx_word' id='word_1_441' title='bbox 2910 1873 2988 1944; x_wconf 87' lang='grc' dir='ltr'>ἐφ’</span> <span class='ocrx_word' id='word_1_442' title='bbox 3074 1873 3126 1924; x_wconf 86' lang='grc' dir='ltr'>ὃν</span> <span class='ocrx_word' id='word_1_443' title='bbox 3206 1869 3255 1925; x_wconf 78' lang='grc' dir='ltr'>δ’</span> <span class='ocrx_word' id='word_1_444' title='bbox 3325 1872 3385 1924; x_wconf 80' lang='grc' dir='ltr'>ἂν</span> <span class='ocrx_word' id='word_1_445' title='bbox 3460 1877 3617 1945; x_wconf 68' lang='grc' dir='ltr'>πέσῃ,</span> <span class='ocrx_word' id='word_1_446' title='bbox 3694 1872 3945 1944; x_wconf 74' lang='grc' dir='ltr'>λικμήσει</span> 
     </span>
    </p>
   </div>
   <div class='ocr_carea' id='block_1_76' title="bbox 2332 1959 3945 2036">
    <p class='ocr_par' dir='ltr' id='par_1_76' title="bbox 2332 1959 3945 2036">
     <span class='ocr_line' id='line_1_76' title="bbox 2332 1959 3945 2036; baseline 0.001 -24"><span class='ocrx_word' id='word_1_447' title='bbox 2332 1961 2506 2013; x_wconf 70' lang='grc' dir='ltr'>αὐτόν.</span> <span class='ocrx_word' id='word_1_448' title='bbox 2568 1960 2719 2015; x_wconf 80' lang='grc' dir='ltr'>Ἔστι</span> <span class='ocrx_word' id='word_1_449' title='bbox 2767 1967 2937 2013; x_wconf 77' lang='grc' dir='ltr'>τοίνυν</span> <span class='ocrx_word' id='word_1_450' title='bbox 2988 1965 3051 2014; x_wconf 82' lang='grc' dir='ltr'>τὰ</span> <span class='ocrx_word' id='word_1_451' title='bbox 3099 1965 3189 2034; x_wconf 68' lang='grc' dir='ltr'>μὲν</span> <span class='ocrx_word' id='word_1_452' title='bbox 3238 1970 3329 2014; x_wconf 78' lang='grc' dir='ltr'>τοῦ</span> <span class='ocrx_word' id='word_1_453' title='bbox 3378 1964 3650 2015; x_wconf 82' lang='grc' dir='ltr'>Ματθαίου</span> <span class='ocrx_word' id='word_1_454' title='bbox 3703 1959 3945 2036; x_wconf 75' lang='grc' dir='ltr'>ἀκρίϐεια</span> 
     </span>
    </p>
   </div>
   <div class='ocr_carea' id='block_1_77' title="bbox 2331 2047 3944 2123">
    <p class='ocr_par' dir='ltr' id='par_1_77' title="bbox 2331 2047 3944 2123">
     <span class='ocr_line' id='line_1_77' title="bbox 2331 2047 3944 2123; baseline 0.001 -22"><span class='ocrx_word' id='word_1_455' title='bbox 2331 2048 2647 2122; x_wconf 74' lang='grc' dir='ltr'>ἀπαγγελίας</span> <span class='ocrx_word' id='word_1_456' title='bbox 2686 2053 2753 2102; x_wconf 81' lang='grc' dir='ltr'>τὰ</span> <span class='ocrx_word' id='word_1_457' title='bbox 2784 2047 2843 2103; x_wconf 76' lang='grc' dir='ltr'>δὲ</span> <span class='ocrx_word' id='word_1_458' title='bbox 2891 2053 3003 2119; x_wconf 69' lang='grc'>(38)</span> <span class='ocrx_word' id='word_1_459' title='bbox 3052 2058 3142 2102; x_wconf 79' lang='grc' dir='ltr'>τοῦ</span> <span class='ocrx_word' id='word_1_460' title='bbox 3192 2057 3372 2104; x_wconf 82' lang='grc' dir='ltr'>Λουκᾶ</span> <span class='ocrx_word' id='word_1_461' title='bbox 3419 2055 3672 2123; x_wconf 79' lang='grc' dir='ltr'>συντομία</span> <span class='ocrx_word' id='word_1_462' title='bbox 3717 2049 3944 2123; x_wconf 70' lang='grc' dir='ltr'>ἀπαγγε-</span> 
     </span>
    </p>
   </div>
   <div class='ocr_carea' id='block_1_78' title="bbox 2330 2138 3163 2216">
    <p class='ocr_par' dir='ltr' id='par_1_78' title="bbox 2330 2138 3163 2216">
     <span class='ocr_line' id='line_1_78' title="bbox 2330 2138 3163 2216; baseline 0.002 -25"><span class='ocrx_word' id='word_1_463' title='bbox 2330 2138 2459 2209; x_wconf 80' lang='grc' dir='ltr'>λίας,</span> <span class='ocrx_word' id='word_1_464' title='bbox 2500 2143 2563 2201; x_wconf 83' lang='grc' dir='ltr'>ὡς</span> <span class='ocrx_word' id='word_1_465' title='bbox 2589 2140 2835 2202; x_wconf 74' lang='grc' dir='ltr'>πολλάκις</span> <span class='ocrx_word' id='word_1_466' title='bbox 2866 2141 3163 2216; x_wconf 83' lang='grc' dir='ltr'>εἰρήκαμεν.</span> 
     </span>
    </p>
   </div>
   <div class='ocr_carea' id='block_1_79' title="bbox 2404 2314 3943 2391">
    <p class='ocr_par' dir='ltr' id='par_1_79' title="bbox 2404 2314 3943 2391">
     <span class='ocr_line' id='line_1_79' title="bbox 2404 2314 3943 2391; baseline -0.001 -21"><span class='ocrx_word' id='word_1_467' title='bbox 2404 2320 2555 2390; x_wconf 86' lang='grc' dir='ltr'>Παρὰ</span> <span class='ocrx_word' id='word_1_468' title='bbox 2590 2323 2723 2370; x_wconf 86' lang='grc' dir='ltr'>πᾶσι</span> <span class='ocrx_word' id='word_1_469' title='bbox 2776 2314 2835 2370; x_wconf 75' lang='grc' dir='ltr'>δε</span> <span class='ocrx_word' id='word_1_470' title='bbox 2878 2326 2983 2378; x_wconf 90' lang='grc' dir='ltr'>τοῖς</span> <span class='ocrx_word' id='word_1_471' title='bbox 3040 2317 3436 2390; x_wconf 66' lang='grc' dir='ltr'>εύαγγελισταίς</span> <span class='ocrx_word' id='word_1_472' title='bbox 3493 2318 3796 2391; x_wconf 73' lang='grc' dir='ltr'>εὑρίσκομεν</span> <span class='ocrx_word' id='word_1_473' title='bbox 3848 2321 3943 2376; x_wconf 84' lang='grc' dir='ltr'>τὴν</span> 
     </span>
    </p>
   </div>
   <div class='ocr_carea' id='block_1_80' title="bbox 2332 2405 3944 2480">
    <p class='ocr_par' dir='ltr' id='par_1_80' title="bbox 2332 2405 3944 2480">
     <span class='ocr_line' id='line_1_80' title="bbox 2332 2405 3944 2480; baseline 0.001 -22"><span class='ocrx_word' id='word_1_474' title='bbox 2332 2410 2579 2466; x_wconf 75' lang='grc' dir='ltr'>τοιαύτην</span> <span class='ocrx_word' id='word_1_475' title='bbox 2626 2408 2921 2479; x_wconf 74' lang='grc' dir='ltr'>οἰκονομίαν</span> <span class='ocrx_word' id='word_1_476' title='bbox 2977 2407 3198 2459; x_wconf 66' lang='grc' dir='ltr'>ἑκάστου</span> <span class='ocrx_word' id='word_1_477' title='bbox 3256 2407 3423 2459; x_wconf 66' lang='grc' dir='ltr'>αὐτῶν</span> <span class='ocrx_word' id='word_1_478' title='bbox 3482 2410 3606 2459; x_wconf 72' lang='grc' dir='ltr'>ποτε</span> <span class='ocrx_word' id='word_1_479' title='bbox 3663 2410 3751 2479; x_wconf 70' lang='grc' dir='ltr'>μὲν</span> <span class='ocrx_word' id='word_1_480' title='bbox 3799 2405 3944 2480; x_wconf 79' lang='grc' dir='ltr'>ἀκρι-</span> 
     </span>
    </p>
   </div>
   <div class='ocr_carea' id='block_1_81' title="bbox 2335 2493 3944 2569">
    <p class='ocr_par' dir='ltr' id='par_1_81' title="bbox 2335 2493 3944 2569">
     <span class='ocr_line' id='line_1_81' title="bbox 2335 2493 3944 2569; baseline 0.001 -22"><span class='ocrx_word' id='word_1_481' title='bbox 2335 2495 2451 2562; x_wconf 81' lang='grc' dir='ltr'>ϐῶς,</span> <span class='ocrx_word' id='word_1_482' title='bbox 2504 2500 2627 2549; x_wconf 70' lang='grc' dir='ltr'>ποτε</span> <span class='ocrx_word' id='word_1_483' title='bbox 2696 2493 2755 2549; x_wconf 76' lang='grc' dir='ltr'>δὲ</span> <span class='ocrx_word' id='word_1_484' title='bbox 2824 2502 3091 2568; x_wconf 74' lang='grc' dir='ltr'>συντόμως</span> <span class='ocrx_word' id='word_1_485' title='bbox 3149 2494 3580 2567; x_wconf 74' lang='grc' dir='ltr'>ἀπαγγέλλοντος.</span> <span class='ocrx_word' id='word_1_486' title='bbox 3640 2500 3708 2549; x_wconf 89' lang='grc' dir='ltr'>Τό</span> <span class='ocrx_word' id='word_1_487' title='bbox 3769 2500 3944 2569; x_wconf 80' lang='grc' dir='ltr'>μέντοι</span> 
     </span>
    </p>
   </div>
   <div class='ocr_carea' id='block_1_82' title="bbox 2334 2585 3942 2660">
    <p class='ocr_par' dir='ltr' id='par_1_82' title="bbox 2334 2585 3942 2660">
     <span class='ocr_line' id='line_1_82' title="bbox 2334 2585 3942 2660; baseline 0 -24"><span class='ocrx_word' id='word_1_488' title='bbox 2334 2592 2663 2660; x_wconf 84' lang='grc' dir='ltr'>προκείμενον</span> <span class='ocrx_word' id='word_1_489' title='bbox 2731 2586 2889 2660; x_wconf 81' lang='grc' dir='ltr'>ῥητόν</span> <span class='ocrx_word' id='word_1_490' title='bbox 2968 2586 3016 2637; x_wconf 87' lang='grc' dir='ltr'>ἐν</span> <span class='ocrx_word' id='word_1_491' title='bbox 3090 2594 3162 2655; x_wconf 77' lang='grc' dir='ltr'>τῷ</span> <span class='ocrx_word' id='word_1_492' title='bbox 3232 2586 3442 2659; x_wconf 80' lang='grc' dir='ltr'>ῥηθέντι</span> <span class='ocrx_word' id='word_1_493' title='bbox 3514 2585 3774 2658; x_wconf 75' lang='grc' dir='ltr'>κεφαλαίῳ</span> <span class='ocrx_word' id='word_1_494' title='bbox 3853 2594 3942 2638; x_wconf 79' lang='grc' dir='ltr'>τοῦ</span> 
     </span>
    </p>
   </div>
   <div class='ocr_carea' id='block_1_83' title="bbox 2333 2674 3941 2749">
    <p class='ocr_par' dir='ltr' id='par_1_83' title="bbox 2333 2674 3941 2749">
     <span class='ocr_line' id='line_1_83' title="bbox 2333 2674 3941 2749; baseline 0.001 -24"><span class='ocrx_word' id='word_1_495' title='bbox 2333 2678 2469 2727; x_wconf 81' lang='grc' dir='ltr'>κατὰ</span> <span class='ocrx_word' id='word_1_496' title='bbox 2533 2677 2800 2729; x_wconf 56' lang='grc' dir='ltr'>ΕῙατθαίον</span> <span class='ocrx_word' id='word_1_497' title='bbox 2858 2677 3201 2749; x_wconf 76' lang='grc' dir='ltr'>ἡρμήνευται.</span> <span class='ocrx_word' id='word_1_498' title='bbox 3258 2679 3355 2728; x_wconf 81' lang='grc' dir='ltr'>Καὶ</span> <span class='ocrx_word' id='word_1_499' title='bbox 3410 2678 3639 2737; x_wconf 76' lang='grc' dir='ltr'>ζήτησον</span> <span class='ocrx_word' id='word_1_500' title='bbox 3699 2674 3801 2727; x_wconf 75' lang='grc' dir='ltr'>ἐκεῖ</span> <span class='ocrx_word' id='word_1_501' title='bbox 3854 2678 3941 2733; x_wconf 78' lang='grc' dir='ltr'>τὴν</span> 
     </span>
    </p>
   </div>
   <div class='ocr_carea' id='block_1_84' title="bbox 2334 2763 2601 2835">
    <p class='ocr_par' dir='ltr' id='par_1_84' title="bbox 2334 2763 2601 2835">
     <span class='ocr_line' id='line_1_84' title="bbox 2334 2763 2601 2835; baseline 0.007 -20"><span class='ocrx_word' id='word_1_502' title='bbox 2334 2763 2601 2835; x_wconf 69' lang='grc' dir='ltr'>ἐξήγησιν.</span> 
     </span>
    </p>
   </div>
   <div class='ocr_carea' id='block_1_85' title="bbox 2406 2850 3939 2926">
    <p class='ocr_par' dir='ltr' id='par_1_85' title="bbox 2406 2850 3939 2926">
     <span class='ocr_line' id='line_1_85' title="bbox 2406 2850 3939 2926; baseline -0.001 -20"><span class='ocrx_word' id='word_1_503' title='bbox 2406 2859 2508 2906; x_wconf 80' lang='grc' dir='ltr'>Καὶ</span> <span class='ocrx_word' id='word_1_504' title='bbox 2554 2853 2820 2915; x_wconf 80' lang='grc' dir='ltr'>ἐζήτησαν</span> <span class='ocrx_word' id='word_1_505' title='bbox 2862 2885 2930 2895; x_wconf 94' lang='lat'><strong>—</strong></span> <span class='ocrx_word' id='word_1_506' title='bbox 2982 2850 3106 2906; x_wconf 81' lang='grc' dir='ltr'>εἶπε.</span> <span class='ocrx_word' id='word_1_507' title='bbox 3176 2858 3276 2906; x_wconf 82' lang='grc' dir='ltr'>Καὶ</span> <span class='ocrx_word' id='word_1_508' title='bbox 3324 2860 3492 2905; x_wconf 79' lang='grc' dir='ltr'>ταῦτα</span> <span class='ocrx_word' id='word_1_509' title='bbox 3543 2856 3858 2926; x_wconf 81' lang='grc' dir='ltr'>σαφέστερον</span> <span class='ocrx_word' id='word_1_510' title='bbox 3916 2855 3939 2905; x_wconf 84' lang='grc' dir='ltr'>ὁ</span> 
     </span>
    </p>
   </div>
   <div class='ocr_carea' id='block_1_86' title="bbox 2333 2941 3615 3016">
    <p class='ocr_par' dir='ltr' id='par_1_86' title="bbox 2333 2941 3615 3016">
     <span class='ocr_line' id='line_1_86' title="bbox 2333 2941 3615 3016; baseline -0.002 -19"><span class='ocrx_word' id='word_1_511' title='bbox 2333 2946 2603 3005; x_wconf 85' lang='grc' dir='ltr'>Ματθαῐος</span> <span class='ocrx_word' id='word_1_512' title='bbox 2637 2946 2914 3016; x_wconf 77' lang='grc' dir='ltr'>ἱστόρησεν</span> <span class='ocrx_word' id='word_1_513' title='bbox 2946 2942 2993 2995; x_wconf 84' lang='grc' dir='ltr'>ἐν</span> <span class='ocrx_word' id='word_1_514' title='bbox 3022 2942 3191 3014; x_wconf 81' lang='grc' dir='ltr'>ἐκείνῳ</span> <span class='ocrx_word' id='word_1_515' title='bbox 3232 2950 3302 3012; x_wconf 83' lang='grc' dir='ltr'>τῷ</span> <span class='ocrx_word' id='word_1_516' title='bbox 3336 2941 3615 3013; x_wconf 82' lang='grc' dir='ltr'>κεφαλαίῷ.</span> 
     </span>
    </p>
   </div>
   <div class='ocr_carea' id='block_1_87' title="bbox 2442 3028 3829 3105">
    <p class='ocr_par' dir='ltr' id='par_1_87' title="bbox 2442 3028 3829 3105">
     <span class='ocr_line' id='line_1_87' title="bbox 2442 3028 3829 3105; baseline -0.002 -20"><span class='ocrx_word' id='word_1_517' title='bbox 2442 3039 2586 3086; x_wconf 80' lang='grc' dir='ltr'>ΚΕΦ.</span> <span class='ocrx_word' id='word_1_518' title='bbox 2624 3033 2749 3085; x_wconf 88' lang='lat' dir='ltr'>OA’.</span> <span class='ocrx_word' id='word_1_519' title='bbox 2782 3038 2905 3105; x_wconf 79' lang='grc' dir='ltr'>Περὶ</span> <span class='ocrx_word' id='word_1_520' title='bbox 2930 3040 3030 3084; x_wconf 84' lang='grc' dir='ltr'>τῶν</span> <span class='ocrx_word' id='word_1_521' title='bbox 3061 3032 3348 3103; x_wconf 77' lang='grc' dir='ltr'>ἔγκαθέτων</span> <span class='ocrx_word' id='word_1_522' title='bbox 3381 3028 3475 3083; x_wconf 82' lang='grc' dir='ltr'>διὰ</span> <span class='ocrx_word' id='word_1_523' title='bbox 3499 3035 3586 3083; x_wconf 81' lang='grc' dir='ltr'>τόν</span> <span class='ocrx_word' id='word_1_524' title='bbox 3616 3038 3829 3089; x_wconf 78' lang='grc' dir='ltr'>κῆνσον,</span> 
     </span>
    </p>
   </div>
   <div class='ocr_carea' id='block_1_88' title="bbox 2407 3211 3939 3286">
    <p class='ocr_par' dir='ltr' id='par_1_88' title="bbox 2407 3211 3939 3286">
     <span class='ocr_line' id='line_1_88' title="bbox 2407 3211 3939 3286; baseline 0 -23"><span class='ocrx_word' id='word_1_525' title='bbox 2407 3217 2506 3264; x_wconf 77' lang='grc' dir='ltr'>Καὶ</span> <span class='ocrx_word' id='word_1_526' title='bbox 2592 3215 3063 3286; x_wconf 78' lang='grc' dir='ltr'>παρατηρήσαντες</span> <span class='ocrx_word' id='word_1_527' title='bbox 3142 3242 3210 3251; x_wconf 92' lang='grc'><strong><em>--</em></strong></span> <span class='ocrx_word' id='word_1_528' title='bbox 3301 3211 3576 3282; x_wconf 73' lang='grc' dir='ltr'>ἡγεμόνος.</span> <span class='ocrx_word' id='word_1_529' title='bbox 3674 3215 3839 3269; x_wconf 79' lang='grc' dir='ltr'>Φησὶν</span> <span class='ocrx_word' id='word_1_530' title='bbox 3914 3213 3939 3263; x_wconf 80' lang='grc' dir='ltr'>ό</span> 
     </span>
    </p>
   </div>
   <div class='ocr_carea' id='block_1_89' title="bbox 2332 3300 3938 3373">
    <p class='ocr_par' dir='ltr' id='par_1_89' title="bbox 2332 3300 3938 3373">
     <span class='ocr_line' id='line_1_89' title="bbox 2332 3300 3938 3373; baseline -0.001 -20"><span class='ocrx_word' id='word_1_531' title='bbox 2332 3302 2607 3362; x_wconf 86' lang='grc' dir='ltr'>Ματθαῖος</span> <span class='ocrx_word' id='word_1_532' title='bbox 2664 3301 2712 3352; x_wconf 80' lang='grc' dir='ltr'>ἐν</span> <span class='ocrx_word' id='word_1_533' title='bbox 2783 3308 2856 3371; x_wconf 86' lang='grc' dir='ltr'>τῷ</span> <span class='ocrx_word' id='word_1_534' title='bbox 2935 3300 3065 3353; x_wconf 82' lang='grc' dir='ltr'>τέλει</span> <span class='ocrx_word' id='word_1_535' title='bbox 3138 3306 3230 3352; x_wconf 84' lang='grc' dir='ltr'>τοῦ</span> <span class='ocrx_word' id='word_1_536' title='bbox 3304 3307 3659 3357; x_wconf 80' lang='grc' dir='ltr'>πεντηκοστοῦ</span> <span class='ocrx_word' id='word_1_537' title='bbox 3729 3305 3938 3373; x_wconf 81' lang='grc' dir='ltr'>πρώτου</span> 
     </span>
    </p>
   </div>
   <div class='ocr_carea' id='block_1_90' title="bbox 2331 3389 3937 3464">
    <p class='ocr_par' dir='ltr' id='par_1_90' title="bbox 2331 3389 3937 3464">
     <span class='ocr_line' id='line_1_90' title="bbox 2331 3389 3937 3464; baseline 0 -23"><span class='ocrx_word' id='word_1_538' title='bbox 2331 3389 2608 3462; x_wconf 78' lang='grc' dir='ltr'>κεφαλαίου</span> <span class='ocrx_word' id='word_1_539' title='bbox 2671 3389 2851 3442; x_wconf 68' lang='grc' dir='ltr'>αὐτοῦ’</span> <span class='ocrx_word' id='word_1_540' title='bbox 2908 3395 3035 3442; x_wconf 86' lang='grc' dir='ltr'>Τότε</span> <span class='ocrx_word' id='word_1_541' title='bbox 3113 3390 3447 3464; x_wconf 85' lang='grc' dir='ltr'>πορευθέντες</span> <span class='ocrx_word' id='word_1_542' title='bbox 3508 3390 3555 3440; x_wconf 84' lang='grc' dir='ltr'>οἱ</span> <span class='ocrx_word' id='word_1_543' title='bbox 3638 3395 3937 3464; x_wconf 79' lang='grc' dir='ltr'>Φαρισαῖοι,</span> 
     </span>
    </p>
   </div>
   <div class='ocr_carea' id='block_1_91' title="bbox 2336 3474 3942 3552">
    <p class='ocr_par' dir='ltr' id='par_1_91' title="bbox 2336 3474 3942 3552">
     <span class='ocr_line' id='line_1_91' title="bbox 2336 3474 3942 3552; baseline 0.001 -21"><span class='ocrx_word' id='word_1_544' title='bbox 2336 3479 2648 3552; x_wconf 75' lang='grc' dir='ltr'>συμϐούλιον</span> <span class='ocrx_word' id='word_1_545' title='bbox 2723 3478 2923 3549; x_wconf 74' lang='grc' dir='ltr'>ἔλαϐον,</span> <span class='ocrx_word' id='word_1_546' title='bbox 2994 3482 3132 3541; x_wconf 80' lang='grc' dir='ltr'>ὅπως</span> <span class='ocrx_word' id='word_1_547' title='bbox 3202 3477 3358 3530; x_wconf 84' lang='grc' dir='ltr'>αύτὸν</span> <span class='ocrx_word' id='word_1_548' title='bbox 3429 3474 3830 3550; x_wconf 74' lang='grc' dir='ltr'>παγιδεύσωσιν</span> <span class='ocrx_word' id='word_1_549' title='bbox 3893 3482 3942 3532; x_wconf 82' lang='grc' dir='ltr'>ἑν</span> 
     </span>
    </p>
   </div>
   <div class='ocr_carea' id='block_1_92' title="bbox 2330 3565 3939 3641">
    <p class='ocr_par' dir='ltr' id='par_1_92' title="bbox 2330 3565 3939 3641">
     <span class='ocr_line' id='line_1_92' title="bbox 2330 3565 3939 3641; baseline 0.001 -21"><span class='ocrx_word' id='word_1_550' title='bbox 2330 3568 2489 3641; x_wconf 71' lang='grc' dir='ltr'>λόγῳ,</span> <span class='ocrx_word' id='word_1_551' title='bbox 2515 3574 2605 3621; x_wconf 87' lang='grc' dir='ltr'>καὶ</span> <span class='ocrx_word' id='word_1_552' title='bbox 2638 3571 2704 3621; x_wconf 81' lang='grc' dir='ltr'>τὰ</span> <span class='ocrx_word' id='word_1_553' title='bbox 2751 3569 2834 3631; x_wconf 84' lang='grc' dir='ltr'>ἐξῆ</span> <span class='ocrx_word' id='word_1_554' title='bbox 2850 3589 2887 3630; x_wconf 86' lang='grc' dir='ltr'>ς.</span> <span class='ocrx_word' id='word_1_555' title='bbox 2926 3573 3025 3621; x_wconf 80' lang='grc' dir='ltr'>Καὶ</span> <span class='ocrx_word' id='word_1_556' title='bbox 3058 3565 3316 3638; x_wconf 68' lang='grc' dir='ltr'>ἀνάγνωθι</span> <span class='ocrx_word' id='word_1_557' title='bbox 3345 3572 3439 3626; x_wconf 84' lang='grc' dir='ltr'>τὴν</span> <span class='ocrx_word' id='word_1_558' title='bbox 3476 3565 3723 3638; x_wconf 70' lang='grc' dir='ltr'>ἐξήγησιν</span> <span class='ocrx_word' id='word_1_559' title='bbox 3748 3568 3939 3638; x_wconf 70' lang='grc' dir='ltr'>αὐτῶν,</span> 
     </span>
    </p>
   </div>
   <div class='ocr_carea' id='block_1_93' title="bbox 2330 3657 3940 3731">
    <p class='ocr_par' dir='ltr' id='par_1_93' title="bbox 2330 3657 3940 3731">
     <span class='ocr_line' id='line_1_93' title="bbox 2330 3657 3940 3731; baseline 0 -22"><span class='ocrx_word' id='word_1_560' title='bbox 2330 3668 2421 3710; x_wconf 81' lang='grc' dir='ltr'>και</span> <span class='ocrx_word' id='word_1_561' title='bbox 2451 3660 2689 3729; x_wconf 67' lang='grc' dir='ltr'>εὑρήσεις</span> <span class='ocrx_word' id='word_1_562' title='bbox 2719 3657 2821 3710; x_wconf 77' lang='grc' dir='ltr'>ἐκεῖ</span> <span class='ocrx_word' id='word_1_563' title='bbox 2862 3662 2949 3710; x_wconf 83' lang='grc' dir='ltr'>καὶ</span> <span class='ocrx_word' id='word_1_564' title='bbox 2982 3661 3075 3715; x_wconf 78' lang='grc' dir='ltr'>τήν</span> <span class='ocrx_word' id='word_1_565' title='bbox 3124 3665 3222 3709; x_wconf 84' lang='grc' dir='ltr'>τῶν</span> <span class='ocrx_word' id='word_1_566' title='bbox 3263 3661 3531 3730; x_wconf 89' lang='grc' dir='ltr'>παρόντων</span> <span class='ocrx_word' id='word_1_567' title='bbox 3568 3657 3739 3731; x_wconf 81' lang='grc' dir='ltr'>ῥητῶν</span> <span class='ocrx_word' id='word_1_568' title='bbox 3772 3663 3940 3730; x_wconf 85' lang='grc' dir='ltr'>σαφή-</span> 
     </span>
    </p>
   </div>
   <div class='ocr_carea' id='block_1_94' title="bbox 2331 3767 2489 3800">
    <p class='ocr_par' dir='ltr' id='par_1_94' title="bbox 2331 3767 2489 3800">
     <span class='ocr_line' id='line_1_94' title="bbox 2331 3767 2489 3800; baseline 0 0"><span class='ocrx_word' id='word_1_569' title='bbox 2331 3767 2489 3800; x_wconf 87' lang='grc' dir='ltr'>νειαν.</span> 
     </span>
    </p>
   </div>
   <div class='ocr_carea' id='block_1_95' title="bbox 2406 3831 3941 3912">
    <p class='ocr_par' dir='ltr' id='par_1_95' title="bbox 2406 3831 3941 3912">
     <span class='ocr_line' id='line_1_95' title="bbox 2406 3831 3941 3912; baseline 0 -23"><span class='ocrx_word' id='word_1_570' title='bbox 2406 3842 2506 3889; x_wconf 80' lang='grc' dir='ltr'>Καὶ</span> <span class='ocrx_word' id='word_1_571' title='bbox 2528 3836 2870 3912; x_wconf 79' lang='grc' dir='ltr'>ἐπηρώτησαν</span> <span class='ocrx_word' id='word_1_572' title='bbox 2902 3868 2967 3876; x_wconf 90' lang='lat'>—-</span> <span class='ocrx_word' id='word_1_573' title='bbox 3000 3835 3029 3895; x_wconf 80' lang='grc' dir='ltr'><strong>ἣ</strong></span> <span class='ocrx_word' id='word_1_574' title='bbox 3070 3839 3165 3903; x_wconf 77' lang='grc' dir='ltr'>οὗ;</span> <span class='ocrx_word' id='word_1_575' title='bbox 3208 3834 3289 3889; x_wconf 89' lang='grc' dir='ltr'>Ἐν</span> <span class='ocrx_word' id='word_1_576' title='bbox 3330 3843 3399 3907; x_wconf 84' lang='grc' dir='ltr'>τῷ</span> <span class='ocrx_word' id='word_1_577' title='bbox 3430 3843 3768 3906; x_wconf 83' lang='grc' dir='ltr'>πεντηκοστῷ</span> <span class='ocrx_word' id='word_1_578' title='bbox 3823 3831 3941 3889; x_wconf 83' lang='grc' dir='ltr'>δευ-</span> 
     </span>
    </p>
   </div>
   <div class='ocr_carea' id='block_1_96' title="bbox 2333 3923 3940 3999">
    <p class='ocr_par' dir='ltr' id='par_1_96' title="bbox 2333 3923 3940 3999">
     <span class='ocr_line' id='line_1_96' title="bbox 2333 3923 3940 3999; baseline -0.002 -19"><span class='ocrx_word' id='word_1_579' title='bbox 2333 3931 2461 3999; x_wconf 83' lang='grc' dir='ltr'>τέρῳ</span> <span class='ocrx_word' id='word_1_580' title='bbox 2489 3926 2746 3998; x_wconf 83' lang='grc' dir='ltr'>κεφαλαίῳ</span> <span class='ocrx_word' id='word_1_581' title='bbox 2779 3930 2892 3998; x_wconf 80' lang='grc' dir='ltr'>περὶ</span> <span class='ocrx_word' id='word_1_582' title='bbox 2922 3928 3115 3977; x_wconf 86' lang='grc' dir='ltr'>τούτων</span> <span class='ocrx_word' id='word_1_583' title='bbox 3150 3928 3462 3999; x_wconf 84' lang='grc' dir='ltr'>σαφέστερον</span> <span class='ocrx_word' id='word_1_584' title='bbox 3491 3923 3711 3999; x_wconf 68' lang='grc' dir='ltr'>ἔγραψεν</span> <span class='ocrx_word' id='word_1_585' title='bbox 3734 3925 3759 3976; x_wconf 86' lang='grc' dir='ltr'>ὁ</span> <span class='ocrx_word' id='word_1_586' title='bbox 3792 3931 3940 3978; x_wconf 82' lang='grc' dir='ltr'>Ματ-</span> 
     </span>
    </p>
   </div>
   <div class='ocr_carea' id='block_1_97' title="bbox 2336 4013 3647 4087">
    <p class='ocr_par' dir='ltr' id='par_1_97' title="bbox 2336 4013 3647 4087">
     <span class='ocr_line' id='line_1_97' title="bbox 2336 4013 3647 4087; baseline 0 -19"><span class='ocrx_word' id='word_1_587' title='bbox 2336 4019 2497 4078; x_wconf 81' lang='grc' dir='ltr'>θαῐος’</span> <span class='ocrx_word' id='word_1_588' title='bbox 2528 4021 2618 4068; x_wconf 85' lang='grc' dir='ltr'>καὶ</span> <span class='ocrx_word' id='word_1_589' title='bbox 2642 4016 2871 4077; x_wconf 76' lang='grc' dir='ltr'>ζήτησον</span> <span class='ocrx_word' id='word_1_590' title='bbox 2899 4013 3003 4067; x_wconf 84' lang='grc' dir='ltr'>ἐκεῖ</span> <span class='ocrx_word' id='word_1_591' title='bbox 3025 4015 3209 4087; x_wconf 84' lang='grc' dir='ltr'>ὁμοίως</span> <span class='ocrx_word' id='word_1_592' title='bbox 3231 4017 3323 4072; x_wconf 83' lang='grc' dir='ltr'>τὴν</span> <span class='ocrx_word' id='word_1_593' title='bbox 3356 4013 3647 4087; x_wconf 78' lang='grc' dir='ltr'>ἑρμηνείαν.</span> 
     </span>
    </p>
   </div>
   <div class='ocr_carea' id='block_1_98' title="bbox 2408 4192 3941 4265">
    <p class='ocr_par' dir='ltr' id='par_1_98' title="bbox 2408 4192 3941 4265">
     <span class='ocr_line' id='line_1_98' title="bbox 2408 4192 3941 4265; baseline -0.004 -17"><span class='ocrx_word' id='word_1_594' title='bbox 2408 4199 2743 4256; x_wconf 79' lang='grc' dir='ltr'>Κατανοήσας</span> <span class='ocrx_word' id='word_1_595' title='bbox 2794 4224 2863 4234; x_wconf 90' lang='grc'><strong>-</strong></span> <span class='ocrx_word' id='word_1_596' title='bbox 2919 4192 3196 4265; x_wconf 75' lang='grc' dir='ltr'>ἐσίγησαν.</span> <span class='ocrx_word' id='word_1_597' title='bbox 3248 4192 3330 4245; x_wconf 83' lang='grc' dir='ltr'>Ἐν</span> <span class='ocrx_word' id='word_1_598' title='bbox 3381 4199 3454 4262; x_wconf 85' lang='grc' dir='ltr'>τῷ</span> <span class='ocrx_word' id='word_1_599' title='bbox 3513 4193 3732 4263; x_wconf 83' lang='grc' dir='ltr'>τοιούτῳ</span> <span class='ocrx_word' id='word_1_600' title='bbox 3785 4212 3941 4265; x_wconf 82' lang='grc' dir='ltr'>κεφα-</span> 
     </span>
    </p>
   </div>
   <div class='ocr_carea' id='block_1_99' title="bbox 2330 4282 3943 4356">
    <p class='ocr_par' dir='ltr' id='par_1_99' title="bbox 2330 4282 3943 4356">
     <span class='ocr_line' id='line_1_99' title="bbox 2330 4282 3943 4356; baseline -0.002 -19"><span class='ocrx_word' id='word_1_601' title='bbox 2330 4285 2458 4356; x_wconf 86' lang='grc' dir='ltr'>λαίῳ</span> <span class='ocrx_word' id='word_1_602' title='bbox 2513 4293 2681 4337; x_wconf 82' lang='grc' dir='ltr'>ταῦτα</span> <span class='ocrx_word' id='word_1_603' title='bbox 2726 4286 2896 4336; x_wconf 73' lang='grc' dir='ltr'>πάντα</span> <span class='ocrx_word' id='word_1_604' title='bbox 2942 4282 3397 4355; x_wconf 78' lang='grc' dir='ltr'>ἐμνημονεύθησάν</span> <span class='ocrx_word' id='word_1_605' title='bbox 3450 4301 3504 4334; x_wconf 87' lang='grc' dir='ltr'>τε</span> <span class='ocrx_word' id='word_1_606' title='bbox 3550 4286 3639 4334; x_wconf 85' lang='grc' dir='ltr'>καὶ</span> <span class='ocrx_word' id='word_1_607' title='bbox 3679 4282 3943 4355; x_wconf 81' lang='grc' dir='ltr'>ἠρμηνεύ-</span> 
     </span>
    </p>
   </div>
   <div class='ocr_carea' id='block_1_100' title="bbox 2333 4376 2519 4432">
    <p class='ocr_par' dir='ltr' id='par_1_100' title="bbox 2333 4376 2519 4432">
     <span class='ocr_line' id='line_1_100' title="bbox 2333 4376 2519 4432; baseline -0.005 -5"><span class='ocrx_word' id='word_1_608' title='bbox 2333 4376 2519 4432; x_wconf 85' lang='grc' dir='ltr'>θησαν.</span> 
     </span>
    </p>
   </div>
   <div class='ocr_carea' id='block_1_101' title="bbox 2636 4456 3637 4536">
    <p class='ocr_par' dir='ltr' id='par_1_101' title="bbox 2636 4456 3637 4536">
     <span class='ocr_line' id='line_1_101' title="bbox 2636 4456 3637 4536; baseline -0.003 -19"><span class='ocrx_word' id='word_1_609' title='bbox 2636 4468 2783 4517; x_wconf 78' lang='grc' dir='ltr'>ΚΕΦ.</span> <span class='ocrx_word' id='word_1_610' title='bbox 2818 4460 2936 4517; x_wconf 89' lang='grc' dir='ltr'>ΟΒ’.</span> <span class='ocrx_word' id='word_1_611' title='bbox 2966 4465 3092 4536; x_wconf 84' lang='grc' dir='ltr'>Περὶ</span> <span class='ocrx_word' id='word_1_612' title='bbox 3118 4469 3217 4513; x_wconf 88' lang='grc' dir='ltr'>τῶν</span> <span class='ocrx_word' id='word_1_613' title='bbox 3240 4456 3637 4515; x_wconf 75' lang='grc' dir='ltr'>Σαδδουκαίων.</span> 
     </span>
    </p>
   </div>
   <div class='ocr_carea' id='block_1_102' title="bbox 2402 4549 3939 4627">
    <p class='ocr_par' dir='ltr' id='par_1_102' title="bbox 2402 4549 3939 4627">
     <span class='ocr_line' id='line_1_102' title="bbox 2402 4549 3939 4627; baseline -0.003 -21"><span class='ocrx_word' id='word_1_614' title='bbox 2402 4553 2770 4627; x_wconf 86' lang='grc' dir='ltr'>Προσελθόντες</span> <span class='ocrx_word' id='word_1_615' title='bbox 2792 4582 2856 4592; x_wconf 93' lang='grc'><strong><em>-</em></strong></span> <span class='ocrx_word' id='word_1_616' title='bbox 2878 4558 3120 4624; x_wconf 76' lang='grc' dir='ltr'>γυναῖκα.</span> <span class='ocrx_word' id='word_1_617' title='bbox 3162 4553 3230 4603; x_wconf 88' lang='grc' dir='ltr'>Τὸ</span> <span class='ocrx_word' id='word_1_618' title='bbox 3257 4549 3531 4621; x_wconf 76' lang='grc' dir='ltr'>κεφάλαιον</span> <span class='ocrx_word' id='word_1_619' title='bbox 3564 4556 3718 4601; x_wconf 82' lang='grc' dir='ltr'>τοῦτο</span> <span class='ocrx_word' id='word_1_620' title='bbox 3751 4566 3939 4608; x_wconf 83' lang='grc' dir='ltr'>πεντη-</span> 
     </span>
    </p>
   </div>
   <div class='ocr_carea' id='block_1_103' title="bbox 2328 4637 3939 4717">
    <p class='ocr_par' dir='ltr' id='par_1_103' title="bbox 2328 4637 3939 4717">
     <span class='ocr_line' id='line_1_103' title="bbox 2328 4637 3939 4717; baseline -0.004 -22"><span class='ocrx_word' id='word_1_621' title='bbox 2328 4647 2517 4695; x_wconf 88' lang='grc' dir='ltr'>κοστὸν</span> <span class='ocrx_word' id='word_1_622' title='bbox 2541 4647 2715 4717; x_wconf 86' lang='grc' dir='ltr'>τρίτοτ</span> <span class='ocrx_word' id='word_1_623' title='bbox 2736 4641 2851 4694; x_wconf 79' lang='grc' dir='ltr'>ἐστὶ</span> <span class='ocrx_word' id='word_1_624' title='bbox 2881 4642 3024 4713; x_wconf 85' lang='grc' dir='ltr'>παρὰ</span> <span class='ocrx_word' id='word_1_625' title='bbox 3064 4647 3136 4710; x_wconf 85' lang='grc' dir='ltr'>τῷ</span> <span class='ocrx_word' id='word_1_626' title='bbox 3167 4640 3442 4710; x_wconf 66' lang='lat' dir='ltr'>Mareaqu</span> <span class='ocrx_word' id='word_1_627' title='bbox 3476 4643 3567 4691; x_wconf 81' lang='grc' dir='ltr'>καὶ</span> <span class='ocrx_word' id='word_1_628' title='bbox 3612 4639 3847 4699; x_wconf 77' lang='grc' dir='ltr'>ζήτησον</span> <span class='ocrx_word' id='word_1_629' title='bbox 3889 4637 3939 4690; x_wconf 74' lang='grc' dir='ltr'>ἐν</span> 
     </span>
    </p>
   </div>
   <div class='ocr_carea' id='block_1_104' title="bbox 2329 4730 3083 4805">
    <p class='ocr_par' dir='ltr' id='par_1_104' title="bbox 2329 4730 3083 4805">
     <span class='ocr_line' id='line_1_104' title="bbox 2329 4730 3083 4805; baseline -0.007 -19"><span class='ocrx_word' id='word_1_630' title='bbox 2329 4733 2502 4805; x_wconf 75' lang='grc' dir='ltr'>ἐκείνῳ</span> <span class='ocrx_word' id='word_1_631' title='bbox 2532 4737 2624 4791; x_wconf 84' lang='grc' dir='ltr'>τὴν</span> <span class='ocrx_word' id='word_1_632' title='bbox 2652 4732 2771 4789; x_wconf 88' lang='grc' dir='ltr'>ὃλην</span> <span class='ocrx_word' id='word_1_633' title='bbox 2808 4730 3083 4801; x_wconf 74' lang='grc' dir='ltr'>ἐξήγησιν,</span> 
     </span>
    </p>
   </div>
   <div class='ocr_carea' id='block_1_105' title="bbox 2401 4817 3935 4894">
    <p class='ocr_par' dir='ltr' id='par_1_105' title="bbox 2401 4817 3935 4894">
     <span class='ocr_line' id='line_1_105' title="bbox 2401 4817 3935 4894; baseline -0.005 -18"><span class='ocrx_word' id='word_1_634' title='bbox 2401 4828 2501 4877; x_wconf 78' lang='grc' dir='ltr'>Καὶ</span> <span class='ocrx_word' id='word_1_635' title='bbox 2540 4853 2609 4863; x_wconf 90' lang='grc'><strong><em>-</em></strong></span> <span class='ocrx_word' id='word_1_636' title='bbox 2642 4821 3074 4894; x_wconf 74' lang='grc' dir='ltr'>ἐκγαμίσκονται.</span> <span class='ocrx_word' id='word_1_637' title='bbox 3127 4820 3194 4872; x_wconf 85' lang='grc' dir='ltr'>Οἱ</span> <span class='ocrx_word' id='word_1_638' title='bbox 3239 4824 3331 4872; x_wconf 82' lang='grc' dir='ltr'>τοῦ</span> <span class='ocrx_word' id='word_1_639' title='bbox 3382 4822 3584 4892; x_wconf 83' lang='grc' dir='ltr'>κόσμου</span> <span class='ocrx_word' id='word_1_640' title='bbox 3628 4817 3830 4886; x_wconf 80' lang='grc' dir='ltr'>τούτου,</span> <span class='ocrx_word' id='word_1_641' title='bbox 3882 4817 3935 4868; x_wconf 83' lang='grc' dir='ltr'>οἱ</span> 
     </span>
    </p>
   </div>
   <div class='ocr_carea' id='block_1_106' title="bbox 2325 4914 2822 4975">
    <p class='ocr_par' dir='ltr' id='par_1_106' title="bbox 2325 4914 2822 4975">
     <span class='ocr_line' id='line_1_106' title="bbox 2325 4914 2822 4975; baseline -0.006 -9"><span class='ocrx_word' id='word_1_642' title='bbox 2325 4921 2421 4975; x_wconf 85' lang='grc' dir='ltr'>τῆς</span> <span class='ocrx_word' id='word_1_643' title='bbox 2448 4914 2582 4973; x_wconf 79' lang='grc' dir='ltr'>ζωῆς</span> <span class='ocrx_word' id='word_1_644' title='bbox 2606 4914 2822 4972; x_wconf 85' lang='grc' dir='ltr'>ταύτης.</span> 
     </span>
    </p>
   </div>
   <div class='ocr_carea' id='block_1_107' title="bbox 2398 4997 3940 5074">
    <p class='ocr_par' dir='ltr' id='par_1_107' title="bbox 2398 4997 3940 5074">
     <span class='ocr_line' id='line_1_107' title="bbox 2398 4997 3940 5074; baseline -0.005 -20"><span class='ocrx_word' id='word_1_645' title='bbox 2398 5004 2464 5054; x_wconf 83' lang='grc' dir='ltr'>Οἱ</span> <span class='ocrx_word' id='word_1_646' title='bbox 2496 4997 2553 5053; x_wconf 77' lang='grc' dir='ltr'>δε</span> <span class='ocrx_word' id='word_1_647' title='bbox 2598 5032 2664 5041; x_wconf 94' lang='grc'><strong><em>-</em></strong></span> <span class='ocrx_word' id='word_1_648' title='bbox 2696 5002 2799 5052; x_wconf 85' lang='grc' dir='ltr'>υἱοὶ</span> <span class='ocrx_word' id='word_1_649' title='bbox 2833 5003 2988 5060; x_wconf 81' lang='grc' dir='ltr'>ὄντες.</span> <span class='ocrx_word' id='word_1_650' title='bbox 3046 4999 3199 5074; x_wconf 81' lang='grc' dir='ltr'>Παρὰ</span> <span class='ocrx_word' id='word_1_651' title='bbox 3240 5005 3312 5068; x_wconf 84' lang='grc' dir='ltr'>τῷ</span> <span class='ocrx_word' id='word_1_652' title='bbox 3344 4997 3597 5068; x_wconf 84' lang='grc' dir='ltr'>Ματθαίῳ</span> <span class='ocrx_word' id='word_1_653' title='bbox 3640 4997 3731 5047; x_wconf 81' lang='grc' dir='ltr'>καὶ</span> <span class='ocrx_word' id='word_1_654' title='bbox 3766 5000 3940 5047; x_wconf 84' lang='grc' dir='ltr'>ταῦτα</span> 
     </span>
    </p>
   </div>
   <div class='ocr_carea' id='block_1_108' title="bbox 2326 5083 3943 5164">
    <p class='ocr_par' dir='ltr' id='par_1_108' title="bbox 2326 5083 3943 5164">
     <span class='ocr_line' id='line_1_108' title="bbox 2326 5083 3943 5164; baseline -0.004 -21"><span class='ocrx_word' id='word_1_655' title='bbox 2326 5089 2781 5164; x_wconf 77' lang='grc' dir='ltr'>ἐμνημονεύθησάν</span> <span class='ocrx_word' id='word_1_656' title='bbox 2827 5109 2881 5142; x_wconf 86' lang='grc' dir='ltr'>τε</span> <span class='ocrx_word' id='word_1_657' title='bbox 2909 5092 3000 5140; x_wconf 85' lang='grc' dir='ltr'>καὶ</span> <span class='ocrx_word' id='word_1_658' title='bbox 3042 5089 3449 5162; x_wconf 83' lang='grc' dir='ltr'>ἠρμηνεύθησαν</span> <span class='ocrx_word' id='word_1_659' title='bbox 3489 5086 3539 5138; x_wconf 79' lang='grc' dir='ltr'>ἓν</span> <span class='ocrx_word' id='word_1_660' title='bbox 3606 5093 3678 5158; x_wconf 85' lang='grc' dir='ltr'>τῷ</span> <span class='ocrx_word' id='word_1_661' title='bbox 3723 5083 3943 5161; x_wconf 79' lang='grc' dir='ltr'>ῥηθέντι</span> 
     </span>
    </p>
   </div>
   <div class='ocr_carea' id='block_1_109' title="bbox 1792 5523 2719 5599">
    <p class='ocr_par' dir='ltr' id='par_1_109' title="bbox 1792 5523 2719 5599">
     <span class='ocr_line' id='line_1_109' title="bbox 1792 5523 2719 5599; baseline 0.009 -8"><span class='ocrx_word' id='word_1_662' title='bbox 1792 5523 2022 5594; x_wconf 75' lang='lat' dir='ltr'>Variae</span> <span class='ocrx_word' id='word_1_663' title='bbox 2052 5526 2377 5598; x_wconf 88' lang='lat' dir='ltr'>lectiones</span> <span class='ocrx_word' id='word_1_664' title='bbox 2417 5535 2483 5598; x_wconf 86' lang='lat' dir='ltr'>et</span> <span class='ocrx_word' id='word_1_665' title='bbox 2515 5538 2719 5599; x_wconf 77' lang='lat' dir='ltr'>notae.</span> 
     </span>
    </p>
   </div>
   <div class='ocr_carea' id='block_1_110' title="bbox 618 5724 2220 5826">
    <p class='ocr_par' dir='ltr' id='par_1_110' title="bbox 618 5724 2220 5826">
     <span class='ocr_line' id='line_1_110' title="bbox 618 5724 2220 5826; baseline 0.003 -22"><span class='ocrx_word' id='word_1_666' title='bbox 618 5742 733 5823; x_wconf 83' lang='lat'>(38)</span> <span class='ocrx_word' id='word_1_667' title='bbox 763 5724 1086 5803; x_wconf 66' lang='lat' dir='ltr'>ﬂentenius</span> <span class='ocrx_word' id='word_1_668' title='bbox 1109 5740 1278 5805; x_wconf 85' lang='lat' dir='ltr'>addit</span> <span class='ocrx_word' id='word_1_669' title='bbox 1307 5765 1323 5807; x_wconf 86' lang='lat'><strong>:</strong></span> <span class='ocrx_word' id='word_1_670' title='bbox 1353 5750 1456 5803; x_wconf 85' lang='grc' dir='ltr'>Τοῦ</span> <span class='ocrx_word' id='word_1_671' title='bbox 1480 5746 1699 5826; x_wconf 77' lang='grc' dir='ltr'>Μάρκου</span> <span class='ocrx_word' id='word_1_672' title='bbox 1729 5752 1840 5807; x_wconf 87' lang='grc' dir='ltr'>καὶ.</span> <span class='ocrx_word' id='word_1_673' title='bbox 1872 5746 2061 5809; x_wconf 86' lang='lat' dir='ltr'>Habet</span> <span class='ocrx_word' id='word_1_674' title='bbox 2094 5753 2220 5809; x_wconf 71' lang='lat' dir='ltr'>aute</span> 
     </span>
    </p>
   </div>
   <div class='ocr_carea' id='block_1_111' title="bbox 2335 5724 2961 5826">
    <p class='ocr_par' dir='ltr' id='par_1_111' title="bbox 2335 5750 2961 5825">
     <span class='ocr_line' id='line_1_111' title="bbox 2335 5750 2961 5825; baseline 0.005 -16"><span class='ocrx_word' id='word_1_675' title='bbox 2335 5750 2452 5811; x_wconf 65' lang='lat' dir='ltr'>haec</span> <span class='ocrx_word' id='word_1_676' title='bbox 2484 5756 2716 5814; x_wconf 76' lang='lat' dir='ltr'>Marcus</span> <span class='ocrx_word' id='word_1_677' title='bbox 2744 5768 2839 5825; x_wconf 80' lang='lat' dir='ltr'>xu,</span> <span class='ocrx_word' id='word_1_678' title='bbox 2871 5751 2961 5812; x_wconf 79' lang='grc' dir='ltr'><strong>1ο.</strong></span> 
     </span>
    </p>
   </div>
  </div>
