4128 6382
185 384 330 453 1069

186 621 446 685 γαμοῦσι,
475 614 592 666 οὔτε
622 611 1015 687 ἐκγαμίζονται,
1050 619 1136 667 καὶ
1167 617 1232 666 τὰ
1259 614 1394 677 ἑξῆς.

265 791 390 845 Ὀτι
408 825 476 833 -
500 791 686 866 βάτου.
712 789 1005 851 Ἐδήλωσεν
1022 792 1103 846 ἐπὶ
1121 801 1215 855 τῆς
1242 800 1449 867 Γρσφής
1476 804 1570 857 τῆς
1592 792 1759 868 βάτου
1782 811 1796 826 ·

198 880 337 939 αὕτη
371 878 431 933 δὲ
459 884 735 957 ἱστόρηται
766 884 815 935 ἐν
847 890 908 955 τῇ
945 880 1111 955 βίϐλῳ
1141 891 1236 946 τῆς
1266 879 1500 946 Ἐξόδου.

268 1058 356 1120 Ὠς
383 1058 520 1130 λέγει
557 1090 627 1102 —-
681 1060 835 1122 ζῶσι.
868 1066 969 1115 Καὶ
1012 1065 1129 1137 περὶ
1178 1064 1372 1113 τούτων
1422 1060 1714 1123 ἀκολούθως
1757 1060 1804 1113 ἓν

195 1156 270 1218 τῷ
330 1145 611 1207 δηλωθέντι
662 1150 919 1223 κεφαλαίῳ
954 1157 1047 1203 τοῦ
1099 1153 1373 1204 Ματθαίου
1427 1154 1665 1226 εἴρηταισ
1716 1155 1806 1203 καὶ

203 1242 440 1302 ζήτησον
470 1238 589 1293 lxii.

271 1327 662 1401 Ἀποκριθέντες
717 1358 785 1368 —
846 1325 1019 1382 οὐδέν.
1072 1328 1212 1382 Ἐκεῖ
1277 1333 1367 1382 καὶ
1416 1337 1581 1382 ταῦτα
1650 1327 1805 1401 ἔμνη-

194 1418 548 1489 μονεύθησαν,
632 1419 751 1470 ἔνθα
815 1422 910 1470 τό·
975 1423 1076 1472 Καὶ
1146 1417 1457 1481 ἀκούσαντες
1531 1421 1580 1472 οἱ
1653 1418 1807 1491 ὄχλοι

192 1504 570 1568 ἐξεπλήσσοντο
604 1505 687 1559 ἐπὶ
717 1515 778 1580 τῇ
823 1502 1033 1580 διδαχῇ
1069 1508 1250 1563 αὐτοῦ.

197 1601 351 1649 ΚΕΦ.
425 1594 540 1649 ΟΓ’.
609 1596 901 1669 Ἐρώτησις
956 1600 1083 1669 πρὸς
1140 1601 1258 1658 τούς
1322 1603 1635 1673 Φαρισαίους
1698 1604 1807 1661 πῶς

593 1683 736 1737 ἐστιν
767 1689 880 1748 υἱὸς
907 1685 1073 1739 Δαυῖδ
1100 1689 1125 1739 6
1164 1693 1410 1760 Χριστός.

271 1770 398 1825 Εἶπε
427 1804 489 1813 --
536 1771 686 1842 ἐστι;
720 1778 987 1837 Ματθαῖος
1040 1773 1097 1828 δέ
1143 1797 1299 1848 φησιν
1348 1774 1396 1827 ἐν
1439 1778 1511 1845 τῷ
1551 1796 1805 1834 πεντηκο-

205 1870 312 1930 στῷ
396 1866 613 1935 πέμπτῳ
711 1863 867 1915 αύτοῠ
970 1864 1226 1937 κεφαλαίῳ

204 1960 307 2002 τῶν
404 1956 723 2026 Φαρισαίων,
806 1952 1137 2027 ἐπηρώτησεν
1218 1955 1406 2016 αύτούς
1488 1956 1512 2005 6
1600 1953 1807 2014 Ἰησοῦς

202 2039 366 2111 λέγων
390 2058 402 2070 ’
427 2046 489 2095 Τί
520 2043 640 2111 ύμῖν
660 2038 809 2095 δοκεῖ
831 2048 948 2117 περὶ
973 2051 1064 2095 τοῦ
1085 2050 1338 2117 Χριστοῦ,
1358 2047 1494 2103 τίνος
1520 2046 1631 2103 υίὸς
1662 2041 1803 2113 iam;

203 2134 296 2181 καὶ
350 2131 416 2181 τὰ
474 2128 609 2193 ίξῆς.
682 2136 782 2184 Καὶ
827 2134 1229 2205 ήρμηνεύθησαν
1286 2131 1390 2185 ἐκεῖ
1452 2134 1622 2184 πάντα
1676 2135 1810 2184 κατὰ

197 2217 372 2289 λόγον.

274 2308 579 2371 Ἀκούοντος
632 2340 698 2349 ——
749 2305 996 2373 δείπνοις.
1055 2313 1341 2383 Ἀναγνωθι
1389 2310 1437 2363 ἓν
1481 2319 1552 2382 τῷ
1600 2311 1809 2385 ῥηθέντι

199 2397 458 2470 κεφαλαίῳ
516 2407 608 2450 τοῦ
665 2401 801 2451 κατὰ
872 2402 1135 2453 Ματθαῖον
1200 2406 1291 2459 τὴν
1351 2399 1600 2474 ἐξήγησιν
1670 2408 1761 2453 τοῦ
1791 2414 1807 2431 ⁸

205 2487 535 2540 Πλατύνουσι
554 2490 656 2561 γὰρ
684 2491 750 2540 τὰ
772 2488 1100 2566 φυλακτήρια
1129 2490 1318 2559 αὐτῶν,
1349 2494 1432 2541 καὶ
1460 2489 1809 2563 μεγαλύνουσι

198 2579 264 2628 τὰ
314 2574 596 2651 κράσπεδα
638 2586 737 2629 τῶν
790 2580 1006 2651 ἱματίων
1053 2580 1241 2647 αὐτῶν,
1286 2584 1375 2632 καὶ
1416 2582 1479 2633 τὰ
1524 2580 1676 2642 ἑξῆς·
1720 2584 1809 2633 καὶ

201 2666 323 2740 εύρή
336 2684 445 2726 σεις
469 2670 587 2741 περὶ
619 2669 842 2721 πάντων.

276 2755 343 2806 Οἵ
382 2786 446 2795 -
493 2764 676 2829 κρῖμα.
734 2756 816 2809 Ἐν
850 2765 920 2827 τῷ
977 2766 1313 2830 πεντηκοστῷ
1367 2760 1495 2830 ἕκτῳ
1550 2758 1809 2830 κεφαλαίῳ

203 2853 295 2897 τοῦ
327 2847 464 2897 κατὰ
518 2848 787 2899 Ματθαῖον
840 2846 947 2899 εἰπε
998 2854 1087 2900 καὶ
1146 2852 1271 2921 πρὸς
1315 2852 1434 2910 τούς
1484 2855 1811 2922 Γραμματείς

204 2939 296 2985 καὶ
349 2940 706 3007 Φαρισαίους·
778 2936 913 2989 Οὐαὶ
971 2938 1112 3011 ὑμῖν,
1170 2944 1498 3013 Γραμματεῖς
1568 2943 1657 2990 καὶ
1711 2944 1810 2991 Φα·

204 3032 409 3100 ρισαίοι
470 3026 767 3100 ὑποκριταὶ,
834 3028 913 3079 ὅτι
978 3030 1277 3081 κατεσθίετε
1338 3031 1427 3089 τὰς
1493 3028 1655 3089 οἰκίας
1710 3037 1809 3080 τῶν

204 3123 411 3187 χηρῶν,
461 3120 551 3167 καὶ
610 3117 673 3167 τὰ
730 3114 866 3178 ἑξῆς.
926 3121 1026 3170 Καὶ
1084 3116 1341 3190 ἀνάγνωθι
1415 3123 1508 3177 τὴν
1564 3116 1811 3190 ἐξήγησιν

205 3203 397 3257 αὐτῶν.

212 3299 361 3347 KH}.
430 3292 547 3346 ΟΔ’.
620 3298 746 3369 Περὶ
811 3303 904 3355 τῆς
967 3300 1147 3370 χήρας
1210 3304 1301 3357 τῆς
1365 3299 1432 3349 τὰ
1497 3293 1593 3350 δύο
1653 3296 1815 3349 λεπτὰ

868 3384 1155 3458 βαλούσης.

280 3472 596 3545 Ἀναϐλέψας
639 3506 707 3514 -
747 3473 911 3529 ἔϐαλε.
965 3480 1089 3551 Περὶ
1136 3478 1327 3538 ταύτης
1380 3482 1469 3529 καὶ
1529 3479 1554 3529 6
1604 3480 1814 3550 Μάρκος

206 3559 443 3616 διέϐαλεν
474 3563 523 3615 ἐν
562 3572 637 3635 τῷ
668 3574 1077 3639 τεσσαρακοστῴ
1110 3573 1299 3640 πρώτῳ
1330 3566 1587 3641 κεφαλαίῳ
1621 3567 1777 3620 αὐτοῦ
1798 3585 1809 3597 ’

204 3658 297 3705 καὶ
330 3657 560 3716 ζήτησον
590 3652 693 3706 εκεῖ
723 3659 814 3712 τήν
846 3654 966 3713 ὃλην
993 3653 1264 3728 ἐξήγησιν.

282 3832 386 3881 Καί
444 3848 591 3881 τινων
643 3861 713 3869 -
762 3829 1204 3888 καταλυθήσεται.
1264 3833 1481 3903 Εἴρηται
1527 3835 1646 3906 περὶ
1699 3833 1815 3883 τού-

205 3938 308 3970 των
348 3918 573 3992 ἀκριϐῶς
623 3918 670 3971 ἐν
714 3928 785 3991 τῷ
833 3919 964 3972 τελει
1004 3927 1095 3972 τοῦ
1134 3929 1489 3978 πεντηκοστοῦ
1537 3922 1685 3973 ἕκτου
1731 3940 1812 3972 κεο

208 4007 434 4079 φαλαίου
494 4016 585 4061 τοῦ
632 4011 768 4061 κατὰ
827 4011 1117 4079 Ματθαῶν,
1176 4011 1294 4062 ἔνθα
1346 4018 1510 4063 κεῖται
1577 4014 1653 4062 τό·
1715 4013 1815 4062 Καὶ

208 4097 421 4160 ἐξελθὼν
483 4098 508 4149 6
575 4098 783 4159 Ἰησούς
853 4096 1119 4174 ἐπορεύετο
1186 4097 1285 4151 ἀπὸ
1358 4106 1449 4151 τοῦ
1512 4101 1669 4172 ἱεροῦ.
1726 4102 1814 4150 καὶ

207 4186 508 4260 προσῆλθον
585 4189 634 4240 οἱ
681 4188 915 4261 μαθηταὶ
986 4186 1146 4240 αύτοῡ
1213 4184 1471 4251 ἐπιδεῖξαι
1541 4188 1680 4259 αύτῷ
1726 4190 1815 4247 τὰς

208 4273 499 4350 οἰκοδομὰς
527 4283 618 4329 τοῦ
651 4278 807 4350 ἱεροῦ.

458 4372 604 4421 ΚΕΦ.
646 4365 766 4419 ΟΕ’.
796 4366 1081 4441 Ἐρώτησις
1113 4370 1230 4441 περὶ
1261 4368 1568 4427 συντελείας.

278 4457 662 4529 Ἐπηρώτησαν
738 4488 807 4498 —
885 4459 1158 4529 γίνεσθαι;
1236 4462 1399 4514 Φησὶν
1467 4452 1553 4508 οὖν
1612 4455 1723 4528 (39)
1788 4455 1813 4508 6

1228 378 1599 453 COMMENT.
1642 372 1714 453 1N
1743 397 1999 456 LUCAM.
2042 430 2108 442 _
2150 398 2307 457 CAP.
2347 370 2506 456 xxi.

186 520 471 595 κεφαλαίῳ,
503 524 621 575 ἔνθα
664 529 832 577 κεῖται
862 527 920 577 τό
940 543 952 556 ·
1006 524 1092 576 Ἐν
1122 526 1223 599 γὰρ
1270 532 1331 596 τῇ
1367 523 1653 578 ἀναστάσει
1684 528 1799 578 οὔτε

1943 525 2336 598 nterpretatio,
2385 524 2485 580 ubi
2515 524 2732 581 dicitur

3432 399 3575 457 1070

2778 542 2790 580 :
2838 526 2909 581 In
2949 525 3378 584 resurrectione
3420 525 3571 583 enim

1911 630 2097 686 neque
2127 616 2480 671 contrahent
2514 616 2985 680 matrimonium,
3006 631 3194 687 neque
3212 615 3429 684 nuptui
3453 622 3573 671 tra-

1908 703 2125 759 dentur
2145 706 2211 759 δι.

1982 794 2142 848 Vers.
2178 798 2265 849 37.
2304 794 2472 861 Quod
2509 827 2559 836 —
2593 794 2823 850 rubum.
2878 794 2939 850 Id
2971 798 3078 860 est,
3127 793 3481 863 signiﬁcavit
3511 793 3571 850 in

1913 886 2207 954 Scriptura
2235 883 2309 938 de
2350 883 2504 940 rubo
2543 901 2556 952 ;
2616 884 2745 940 haec
2794 889 2993 940 autem
3050 882 3276 956 scripta
3324 888 3464 939 sunt
3509 882 3572 938 in

1911 973 2064 1030 libro
2097 972 2280 1028 Exodi
2308 974 2373 1024 ³⁵.

1982 1063 2145 1117 Vers.
2171 1065 2255 1117 37.
2294 1063 2436 1117 Cum
2475 1062 2620 1119 dicit
2664 1095 2732 1103 —
2763 1063 2922 1119 Vers.
2952 1066 3038 1119 38.
3100 1063 3332 1119 vivunt.
3380 1058 3570 1116 Etiam

1912 1151 1987 1207 de
2020 1151 2110 1206 his
2128 1149 2589 1223 praedictojuxta
2618 1150 3404 1224 Matthreumcapitedictum
3435 1153 3524 1205 est
3554 1166 3568 1217 ;

1913 1246 1969 1297 et
2001 1240 2079 1295 ibi
2101 1256 2303 1311 quaere
2335 1241 2793 1297 enarrationem.

1989 1331 2145 1385 Vers.
2175 1334 2261 1386 39.
2306 1331 2743 1399 Respondentes
2784 1361 2851 1370 ——
2916 1330 3073 1385 Vers.
3125 1332 3213 1385 40.
3267 1328 3445 1385 nihil.
3486 1326 3574 1383 Ibi

1911 1418 2129 1474 horum
2157 1434 2401 1491 quoque
2435 1420 2588 1475 facta
2613 1427 2698 1474 est
2730 1418 2948 1475 mentio
2975 1418 3077 1473 ubi
3108 1417 3324 1473 dicitur
3355 1433 3367 1471 :
3400 1416 3577 1472 Cum-

1914 1524 2025 1580 que
2054 1508 2340 1563 audissent
2360 1509 2571 1573 turbae,
2591 1514 2943 1579 stupuerunt
2964 1507 3034 1564 de
3059 1507 3337 1563 doctrina
3359 1508 3488 1576 ejus
3504 1507 3575 1558 δσ.

1914 1597 2066 1652 CAP.
2097 1596 2334 1652 LXXIII.
2365 1598 2757 1666 Interrogatio
2793 1596 3032 1652 Domini
3061 1595 3141 1651 ad
3173 1595 3412 1650 Judreos
3443 1609 3579 1666 quo-

2056 1687 2223 1740 modo
2244 1685 2765 1740 dicantC/iristum
2814 1686 3037 1741 Filium
3083 1701 3193 1741 esse
3226 1683 3432 1740 David.

1985 1776 2153 1830 Vers.
2180 1776 2267 1829 41.
2298 1777 2397 1830 Ait
2428 1806 2493 1814 —
2520 1774 2680 1829 Vers.
2725 1774 2813 1830 44.
2848 1781 2929 1830 est
2958 1773 2987 1828 7
3036 1774 3343 1830 Mattheeus
3376 1777 3579 1827 autem

1328 1867 1403 1916 ὅτι
1474 1870 1806 1937 Συνηγμένων

1943 1865 2415 1937 [ninquagesimo
2428 1864 2635 1935 quinto
2650 1865 2737 1918 sui
2755 1863 3051 1934 Evangelti
3071 1863 3262 1935 capite
3290 1863 3388 1927 ait,
3407 1860 3577 1933 quod

1922 1955 2315 2024 Congregatis
2334 1953 2653 2009 Pharisazis
2672 1953 3041 2023 interrogavi!
3058 1968 3151 2007 eos
3172 1952 3343 2007 Jesus
3360 1950 3576 2006 dicens:

1922 2045 2076 2113 Quid
2104 2044 2263 2100 vobis
2281 2044 2516 2099 videtur
2544 2044 2617 2099 de
2649 2043 2903 2109 Christo,
2934 2046 3105 2112 cujus
3130 2043 3291 2112 ﬁlius
3322 2040 3581 2097 est"?et

1918 2141 2127 2190 caetera
2150 2150 2163 2200 ;
2187 2132 2603 2206 ibiqueomnia
2640 2132 3077 2189 rationabiliter
3117 2136 3394 2188 enarrata
3420 2134 3577 2186 sunt.

1990 2313 2149 2368 Vers.
2181 2316 2268 2368 45.
2304 2312 2592 2368 .Iudiente
2652 2344 2717 2352 —
2744 2312 2907 2368 Vers.
2949 2314 3037 2368 46.
3075 2309 3373 2367 conviviis.
3429 2308 3580 2379 Lege

1918 2403 2203 2473 praedicto
2244 2402 2495 2457 Mattheei
2529 2399 2719 2473 capite
2741 2400 2878 2456 dicti
2914 2400 3067 2456 illius
3102 2400 3577 2455 enarrationem:

1920 2491 2194 2546 Ditatant
2210 2492 2581 2561 phylacleria
2597 2506 2697 2545 sua
2715 2494 2762 2545 et
2776 2491 3152 2561 magniﬁcam
3162 2488 3428 2557 ﬁmbrias
3442 2487 3583 2558 pal-

1922 2581 2137 2638 liorum
2172 2597 2412 2637 suorum
2442 2582 2487 2616 ⁸⁸
2521 2596 2591 2635 ac
2631 2580 2704 2635 de
2736 2581 3009 2635 omnibus
3040 2578 3327 2634 invenies.

1990 2758 2157 2813 Vers.
2189 2762 2270 2813 47.
2313 2757 2421 2825 Qui
2452 2758 2842 2829 —judicium.
2880 2755 3391 2830 Quinquagesimo
3414 2757 3580 2811 sexto

1920 2847 2219 2919 Evangelii
2251 2847 2580 2902 secundum
2614 2849 2957 2902 Mattheeum
2998 2846 3190 2917 capite
3231 2845 3579 2900 dixitetiam

1919 2938 1994 2994 ad
2018 2937 2250 2993 Scribas
2265 2942 2320 2991 et
2340 2936 2696 2992 Pharisaeos:
2735 2938 2833 2993 Vo?
2846 2936 3027 3001 vobis,
3054 2934 3264 2992 Sbribaz
3285 2942 3339 2990 et
3367 2933 3579 2989 Phari-

1919 3027 2023 3084 saei
2043 3028 2386 3096 hypocritce,
2403 3028 2543 3098 quia
2561 3026 2858 3082 devoratis
2890 3026 3084 3081 domos
3102 3025 3410 3080 viduarum
3430 3024 3499 3091 ",
3524 3026 3581 3078 et

1923 3123 2136 3173 cretera
2163 3133 2179 3169 :
2202 3115 2331 3186 lege
2361 3131 2504 3187 ergo
2536 3114 2771 3171 illorum
2801 3115 3371 3187 interpretationem.

1997 3294 2153 3350 CAP.
2188 3293 2423 3349 LXXIV.
2455 3292 2534 3349 De
2564 3292 2765 3359 vidua,
2799 3308 2925 3365 qua:
2945 3292 3062 3349 duo
3081 3290 3311 3348 minuta
3342 3289 3576 3348 obtulit.

1996 3473 2135 3543 Cap.
2176 3470 2306 3525 XXI.
2332 3472 2495 3526 Vers.
2545 3474 2590 3526 Ι.
2622 3468 2953 3539 Respiciens
2986 3497 3052 3508 —
3101 3465 3263 3521 Vers.
3298 3467 3348 3521 4.
3400 3467 3579 3523 misit.

1925 3561 2004 3615 De
2035 3561 2148 3615 hac
2180 3566 2235 3615 et
2265 3562 2492 3616 Marcus
2530 3559 2996 3631 quadragesimo
3047 3556 3238 3627 primo
3271 3556 3363 3611 sui
3397 3559 3585 3613 Evan-

1924 3650 2057 3719 gelii
2089 3651 2281 3722 capite
2312 3648 2609 3713 disseruit,
2632 3652 2687 3703 et
2720 3645 2803 3701 ibi
2834 3661 3032 3717 quaere
3054 3648 3240 3701 totam
3267 3647 3586 3703 enarratio-

1924 3754 2084 3793 nem.

1996 3828 2155 3882 Vers.
2187 3827 2242 3881 5.
2277 3826 2352 3882 Et
2383 3825 2732 3898 quibusdam
2764 3857 2833 3865 —
2862 3825 3025 3880 Vers.
3060 3828 3112 3881 6.
3154 3823 3456 3880 diruatur.
3504 3823 3585 3881 De

1924 3917 2012 3972 bis
2034 3916 2350 3985 diligenter
2402 3918 2620 3971 dictum
2675 3920 2762 3970 est
2807 3916 2866 3970 in
2920 3914 3040 3968 ﬁne
3093 3912 3585 3985 quinquagesimi

1924 4008 2069 4062 sexti
2121 4005 2292 4077 juxta
2350 4005 2691 4060 Matthaaum
2741 4003 2974 4075 capitis,
3018 4002 3119 4056 ubi
3173 4002 3429 4057 habetur
3467 4020 3479 4055 :
3516 4004 3588 4058 Et

1922 4110 2176 4166 egressus
2205 4095 2360 4149 Jesus
2390 4094 2567 4150 exivit
2598 4095 2671 4149 de
2698 4090 3256 4162 temptozsecutique
3290 4098 3425 4146 sunt
3456 4107 3589 4148 eum

1922 4185 2200 4257 discipuli
2219 4186 2362 4254 ejus,
2394 4191 2455 4238 ut
2496 4184 2833 4239 indicarent
2855 4181 2905 4236 ei
2934 4181 3495 4249 structurastempli
3516 4182 3585 4235 ⁵ο.

2208 4364 2358 4418 CAP.
2412 4362 2603 4418 LXXV.
2641 4361 2723 4418 De
2778 4358 3300 4416 consummatione.

1999 4458 2155 4508 Vers.
2175 4460 2233 4508 7.
2256 4453 2787 4522 Interrogaverunt
2807 4481 2870 4490 —
2899 4456 3032 4505 sunt
3055 4451 3084 4503 Υ
3112 4448 3255 4503 Dicit
3282 4447 3587 4504 Matthzeus

207 4547 482 4608 Ματθαῖος
531 4544 579 4597 ἐν
645 4554 717 4617 τῷ
770 4555 1106 4618 πεντηκοστῷ
1155 4542 1361 4619 ἑϐδόμῳ
1404 4545 1662 4618 κεφαλαίῳ
1711 4546 1809 4615 ὅτι,

1943 4541 2429 4617 [uinquagesimo
2455 4542 2710 4613 septimo
2742 4539 2955 4611 capite,
2980 4538 3143 4610 quod
3169 4537 3407 4593 sedente
3435 4553 3504 4593 eo
3526 4537 3587 4592 in

207 4636 511 4707 καθημένου
543 4634 700 4688 αὐτοῦ
731 4633 814 4688 ἐπὶ
835 4643 925 4688 τοῦ
947 4640 1098 4711 ὅρους
1129 4644 1227 4688 τῶν
1258 4635 1489 4700 Ἐλαιῶν,
1518 4635 1814 4710 προσῆλθον

209 4724 357 4795 αύτῷ
387 4726 436 4776 οἱ
476 4727 711 4797 μαθηταὶ
748 4721 910 4777 κατιδ
917 4730 1018 4791 ίαν,
1044 4725 1272 4797 λέγοντες
1293 4742 1304 4755 ·
1355 4725 1478 4777 Εἰπέ
1506 4725 1652 4797 ἡμῖν,
1692 4729 1815 4777 ποτε

208 4821 382 4866 ταῦτα
406 4815 576 4881 ἔσται,
625 4818 715 4867 καὶ
746 4819 798 4867 τί
826 4817 885 4867 τὸ
920 4822 1133 4887 σημεῖον
1159 4818 1256 4875 τὴς
1292 4822 1385 4875 σῆς
1410 4819 1702 4888 παρουσίας
1726 4818 1815 4865 καὶ

209 4907 309 4965 τής
340 4903 634 4967 συντελείας
671 4910 763 4958 τοῦ
804 4904 1019 4975 αἰῶνος;
1054 4908 1145 4957 καὶ
1175 4904 1407 4966 ζήτησον
1438 4903 1545 4956 ἐκεῖ
1579 4908 1672 4961 τὴν
1705 4903 1815 4975 (40)

212 4992 486 5064 ἐξήγησιν.
1150 5006 1153 5009 ‘

283 5082 345 5134 Ὀ
374 5080 433 5135 δὲ
474 5115 541 5125 —
573 5083 758 5137 αὐτῶν.
794 5083 933 5137 Ἐκεῖ
956 5089 1047 5138 καὶ
1075 5091 1240 5138 ταῦτα
1270 5082 1724 5157 ἐμνημονεύθηοάν
1768 5100 1822 5134 τε

209 5177 301 5225 καὶ
333 5173 761 5246 ἡρμηνεύθησαν.

286 5379 337 5418 ⁴⁴
368 5380 565 5438 Matth.
595 5397 737 5449 xxn,
754 5380 842 5437 30.

214 5458 303 5512 14.
384 5455 437 5496 ⁸ο
466 5450 667 5511 Matth.
693 5470 851 5521 xxxv,
875 5453 929 5510 1.

922 5381 968 5416 ’⁸⁵
1029 5379 1209 5435 Exod.
1260 5394 1342 5446 III,
1384 5381 1432 5434 6.

1004 5453 1049 5489 ⁶¹
1065 5452 1214 5509 Ibid.
1246 5453 1301 5510 3.

1514 5379 1563 5415 ⁴⁶
1616 5376 1815 5435 Matth.
1885 5389 2029 5442 χιιι,
2094 5378 2187 5432 33.

1926 4639 2127 4689 monte
2156 4631 2458 4685 Olivarum
2480 4629 2949 4685 accesseruntad
2966 4644 3101 4683 eum
3124 4626 3399 4698 discipuli
3428 4641 3587 4681 seor-

1927 4724 2039 4778 sim
2075 4721 2337 4777 dicentes
2372 4736 2384 4775 :
2441 4719 2547 4775 Dic
2601 4718 2788 4786 nobis,
2822 4717 3057 4791 quando
3100 4718 3219 4773 htec
3260 4717 3493 4772 erunt?
3536 4721 3589 4771 et

1927 4812 2081 4884 quod
2104 4809 2334 4881 signum
2353 4810 2634 4865 adventus
2657 4810 2765 4876 tui,
2792 4812 2845 4864 et
2879 4807 3384 4863 consummationis
3404 4818 3590 4862 saecu-

1930 4902 1975 4958 li
2013 4902 2056 4937 ⁶¹
2090 4900 2120 4957 ?
2148 4906 2204 4956 et
2233 4899 2317 4955 ibi
2349 4898 2454 4954 ista
2483 4913 2700 4971 quaere.

2002 5078 2166 5133 Vers.
2202 5079 2254 5132 8.
2286 5076 2370 5131 At
2400 5075 2501 5133 ille
2524 5108 2590 5118 -
2628 5075 2775 5131 illos.
2816 5074 2902 5130 Ibi
2933 5074 3110 5131 etiam
3164 5072 3381 5130 horum
3430 5069 3591 5129 facta.

1932 5173 2018 5227 cst
2044 5167 2269 5224 mentio
2296 5170 2351 5223 et
2380 5166 2523 5223 data
2562 5165 2907 5222 declaratio.

2271 5373 2315 5409 ³⁷
2383 5371 2533 5429 Ibid.
2564 5370 2628 5427 41
2710 5371 2757 5407 ⁸⁸
2787 5369 2985 5428 Matth.
3022 5383 3187 5439 mn,
3227 5368 3281 5425 5.
3358 5365 3407 5404 ‘9
3438 5364 3591 5423 Ibid.

1423 5628 1647 5700 Variae
1684 5626 2015 5697 lectiones
2066 5633 2132 5693 et
2179 5630 2383 5692 notae.

288 5831 405 5909 (39)
442 5825 548 5886 Οὗν
586 5829 800 5890 omittit
838 5832 900 5889 Β.

2009 5822 2125 5903 (40)
2152 5824 2258 5883 Τὴν
2284 5817 2537 5897 ἐξήγησιν
2557 5813 2775 5876 omittit
2801 5812 2860 5879 Β.
