4128 6400
600 348 729 413 1071

661 482 820 536 Vers.
851 480 906 537 9.
932 479 1076 535 Cum
1117 510 1186 521 —
1214 481 1376 538 Vers.
1425 481 1512 536 11.
1567 485 1756 538 erunt.
1819 479 1898 538 Ibi
1940 480 2121 537 etiam
2172 479 2247 537 de
2283 482 2324 535 A

589 570 686 629 his
705 570 929 626 dictum
962 573 1072 624 est.

660 660 825 716 Vers.
862 660 944 713 12.
983 658 1190 716 Verum
1229 668 1370 718 ante
1402 691 1469 704 -—
1499 676 1716 717 meum.
1781 659 2056 716 Similiter
2089 665 2144 716 et
2175 659 2246 715 de

585 749 698 808 his.
1847 747 1852 752 ”

657 841 825 896 Vers.
853 841 939 896 13.
986 841 1285 914 Continget
1319 871 1373 881 —
1399 839 1809 896 testimonium.
1867 842 1929 894 In
1957 843 2243 911 protesta-

582 929 826 992 tionem,
855 929 912 984 in
942 930 1424 1001 redargutionem
1454 944 1664 983 eorum
1700 927 1806 999 qui
1833 943 1952 983 non
1981 927 2244 983 credide-

579 1024 735 1084 runt,
761 1034 830 1073 ne
857 1018 1054 1075 dicere
1099 1017 1410 1092 possintin
1437 1017 1532 1071 die
1567 1016 1795 1087 judicii,
1843 1016 1996 1087 quod
2028 1015 2242 1087 praedi-

576 1108 876 1163 cationem
925 1123 1041 1164 non
1100 1106 1418 1164 audierint.
1474 1111 1588 1161 Aut
1649 1105 1994 1177 contingent
2045 1105 2235 1171 vobis,

575 1212 712 1269 quas
739 1195 817 1252 ab
846 1195 960 1251 illis
994 1195 1322 1253 inferentur
1351 1195 1412 1250 in
1456 1194 1722 1266 martyrii
1755 1193 2027 1264 gloriam.
2063 1193 2235 1261 (Nam

573 1283 760 1340 Graeci
799 1284 1006 1342 dicunt
1059 1284 1413 1354 :Continget
1468 1283 1628 1340 vobis
1687 1282 1756 1344 εἰς
1812 1285 2142 1358 pcipi-aptos”
2176 1283 2235 1338 id

572 1379 664 1432 est
691 1374 755 1431 in
785 1376 1146 1444 martyrium
1181 1378 1286 1430 aut
1314 1373 1376 1429 in
1410 1371 1852 1444 testimonium.)

644 1464 812 1521 Vers.
834 1465 916 1521 14.
940 1464 1160 1520 Habete
1176 1495 1242 1504 —
1265 1463 1677 1532 defensionem.
1699 1463 1784 1533 -ί--ξ-
1817 1461 2023 1518 Ponite
2050 1461 2233 1518 corda

571 1556 784 1622 vestra,
817 1551 972 1622 loco,
1000 1551 1361 1624 componite,
1405 1551 1776 1624 persuadete,
1812 1557 1913 1606 aut
1948 1549 2149 1622 ponite
2172 1551 2231 1606 in

569 1640 858 1697 cordibus
892 1643 1125 1697 vestris.

637 1730 800 1784 Vers.
844 1734 925 1784 15.
955 1729 1073 1800 Ego
1125 1758 1168 1770 -
1211 1729 1395 1785 vobis.
1430 1729 1505 1784 Os
1547 1727 1810 1800 appellat
1851 1727 2029 1783 verba
2088 1744 2101 1794 ;
2137 1743 2226 1783 sa-

563 1817 848 1890 pientiam
875 1834 1011 1873 vero
1042 1817 1492 1888 intelligentiam
1522 1817 1603 1889 (ω)
1638 1817 1978 1873 verborum.

635 1907 900 1962 Vers.t6.
929 1906 1286 1964 Trademini.
1316 1938 1384 1947 —
1406 1906 1569 1962 Vers.
1600 1907 1686 1960 17.
1708 1921 1920 1964 meum.
1941 1905 2227 1962 Praedicto

562 1997 756 2068 capite
786 1996 966 2052 etiam
998 1997 1074 2052 de
1113 1996 1208 2052 his
1256 1995 1546 2052 invenies.

637 2087 796 2140 Vers.
835 2085 916 2139 18.
949 2085 1030 2140 Et
1079 2084 1328 2155 capillus
1378 2115 1448 2124 —
1487 2094 1708 2154 pereat.
1753 2085 1818 2140 Et
1867 2100 2001 2139 vere
2054 2083 2226 2140 multi

561 2172 828 2229 ﬁdelium
863 2173 923 2228 in
947 2175 1144 2243 ignem
1170 2172 1390 2246 injecti,
1433 2189 1508 2228 ne
1539 2173 1788 2245 capillos
1820 2171 2066 2245 quidem
2098 2188 2228 2245 per-

560 2261 858 2318 diderunt.
889 2262 1254 2319 Manifestum
1287 2277 1429 2332 ergo
1459 2266 1569 2326 est,
1601 2262 1768 2334 quod
1803 2262 1848 2316 si
1881 2262 2054 2334 cujus
2087 2277 2223 2334 pars

559 2351 762 2422 aliqua
793 2351 1059 2422 corporis
1093 2356 1402 2424 amputata
1435 2349 1531 2420 sit,
1589 2351 1702 2406 hoc
1741 2349 1943 2406 divina
1973 2351 2226 2421 permis-

558 2439 724 2494 sione
747 2440 1024 2495 sustinuit
1057 2457 1068 2494 :
1104 2439 1404 2513 siquidem
1437 2439 1738 2496 interdum
1797 2439 2099 2511 propriam
2131 2456 2224 2495 os-

558 2529 861 2593 tendebat,
879 2530 1213 2600 potentiam,
1229 2529 1594 2602 quandoque
1609 2535 1795 2585 autem
1813 2529 1976 2584 carni
1997 2528 2225 2599 permit-

559 2618 738 2685 tebat,
778 2624 839 2673 ut
870 2619 1038 2687 juxta
1088 2625 1367 2674 naturam
1407 2624 1729 2690 pateretur.
1768 2618 1914 2674 Cum
1959 2634 2102 2687 ergo
2137 2618 2222 2672 di-

555 2707 738 2763 xerit:
759 2707 833 2762 Et
856 2707 1102 2776 capillus
1119 2708 1192 2763 de
1205 2709 1400 2777 capite
1418 2713 1605 2763 vestro
1652 2724 1771 2764 non
1792 2714 2018 2776 pereat,
2040 2707 2086 2762 si
2094 2708 2222 2778 gui-

554 2795 772 2862 ﬁcavit,
795 2797 958 2869 quod
983 2799 1361 2867 omnipotens
1382 2805 1554 2862 esset,
1583 2798 1864 2870 quodque
1885 2796 2002 2852 illis
2034 2797 2220 2853 auxil-

553 2884 814 2949 liaretur,
855 2901 925 2940 ac
946 2885 1309 2941 alacritatem
1348 2885 1711 2941 immitteret.

627 2975 786 3029 Vers.
819 2975 900 3028 l9.
936 2974 1046 3028 Per
1072 3006 1137 3014 —
1172 2981 1419 3031 vestras.
1465 3005 1533 3015 —
1576 2975 1882 3042 Possidete,
1944 2975 2067 3030 sive
2101 2990 2218 3030 ser-

552 3069 687 3119 vate
711 3081 730 3135 ;
763 3063 928 3136 quod
944 3065 989 3118 si
1008 3063 1263 3132 animas,
1287 3064 1536 3120 omnino
1557 3069 1898 3136 etcorpora.
1919 3063 2213 3136 Scriptum

1912 344 2260 412 EUTHYMII
2298 345 2630 411 ZIGABENI

3832 349 3971 412 1072

2434 488 2571 533 Οταν
2621 511 2688 520 -
2755 481 2923 535 ἔσται.
2985 485 3106 533 Εκεῖ
3158 483 3248 532 καὶ
3319 484 3438 554 περὶ
3491 487 3682 534 τούτων
3748 479 3968 556 έρῥήθη.

2429 659 2536 730 Πρὸ
2561 653 2619 709 δὲ
2645 688 2710 698 -
2741 675 2861 730 μου.
2895 656 3121 730 Ὁμοίως
3144 661 3231 709 καὶ
3262 661 3380 733 περὶ
3409 660 3624 712 τούτων.

2425 832 2780 892 Ἀποϐήσεται
2835 863 2897 876 -—
2960 836 3268 907 μαρτύριον.
3331 834 3415 896 Εἰς
3471 835 3684 907 ἔλεγχον
3733 843 3834 888 τῶν
3887 840 3962 909 μὴ

2352 926 2764 990 πιστευσάντων,
2845 924 2928 975 ἵνα
2973 929 3044 996 μὴ
3108 920 3364 976 δύνωνται
3434 924 3597 996 λέγειν
3679 923 3729 977 ἐν
3791 927 3964 1001 ἡμέρᾳ

2351 1017 2570 1084 κρίσεως
2628 1014 2708 1064 ὅτι
2773 1012 2882 1064 Οὐκ
2954 1013 3250 1085 ἠκούσαμεν
3306 1021 3398 1066 τοῦ
3464 1016 3820 1088 κηρύγματος.
3891 1021 3959 1067 Ἢ

2352 1097 2674 1159 ἀποϐήσεται
2728 1103 2849 1174 ὑμῖν
2915 1105 2980 1154 τὰ
3054 1102 3177 1174 παρ’
3255 1102 3455 1154 ἐκείνων
3527 1102 3819 1176 ἐπαγόμενα
3887 1103 3960 1167 εἰς

2348 1195 2676 1264 μαρτυρικὴν
2704 1187 2886 1254 δοξαν.

2417 1459 2584 1510 erae;
2624 1488 2688 1499 —
2746 1456 3155 1530 ἀπολογηθῆναι.
3209 1460 3379 1512 Θέσθε
3437 1459 3674 1531 (4Ι)τὰς
3731 1455 3957 1535 καρδιας

2343 1547 2506 1618 ὑμῶν,
2541 1545 2654 1599 ἆντὶ
2693 1554 2806 1615 τοῦ,
2860 1544 3128 1610 διάθεσθε,
3180 1549 3480 1618 micon-3,?)
3540 1550 3690 1602 θέσθε
3739 1549 3812 1611 εἰς
3865 1553 3957 1612 τὰς

2341 1632 2567 1710 καρδίας
2592 1638 2755 1709 ὑμῶν.

2414 1726 2546 1796 Ἐγώ
2588 1756 2652 1765 -
2675 1726 2816 1797 ὑμῖν.
2850 1729 3022 1797 Στὸμα
3050 1729 3139 1798 μεν
3169 1725 3304 1798 λέγει
3345 1730 3467 1788 τοὺς
3504 1725 3707 1799 λόγους,
3764 1732 3953 1800 σοφίαν

2261 1839 2303 1891 Β
2341 1809 2400 1866 δὲ
2429 1816 2523 1876 τὰς
2550 1812 2745 1876 ἐννοίας
2773 1823 2873 1866 τῶν
2903 1814 3085 1886 λόγων.

2411 1901 2861 1977 Παραόοθήσεσθε
2911 1934 2977 1943 -
3021 1923 3144 1976 μου.
3184 1905 3265 1957 Ἐν
3311 1912 3384 1975 τῷ
3429 1906 3639 1980 ῥηθέντι
3686 1905 3949 1978 κεφαλαίῳ

2335 1997 2424 2044 καὶ
2455 1997 2572 2064 περὶ
2603 1995 2797 2044 τούτων
2830 1994 3083 2066 εὑρήσεις.

2408 2085 2508 2133 Καὶ
2574 2080 2691 2156 θρὶξ
2756 2113 2824 2121 —
2892 2079 3168 2140 ἀπόληται.
3232 2086 3332 2135 Καὶ
3389 2086 3542 2144 ὅντως
3597 2081 3776 2136 πολλοὶ
3844 2092 3948 2136 τῶν

2333 2178 2550 2238 πιστῶν,
2598 2170 2668 2231 εἰς
2701 2177 2799 2243 πῦρ
2851 2169 3208 2243 ἐμϐληθέντες,
3263 2167 3386 2224 οὐδὲ
3434 2175 3602 2245 τρίχα
3647 2172 3943 2240 ἀπώλεσαν.

2331 2257 2482 2311 Ὀθεν
2536 2263 2747 2332 φανερὸν
2791 2260 2891 2324 ὄτι,
2955 2265 3043 2312 καὶ
3097 2263 3140 2312 εἴ
3190 2279 3270 2320 τις
3331 2259 3562 2335 ἀφῃρέθη
3597 2281 3650 2313 τι
3688 2269 3781 2313 τοῦ
3838 2269 3940 2314 σώ-

2331 2368 2509 2420 ματος,
2569 2352 2703 2400 κατὰ
2767 2354 3115 2421 συγχώρησιν
3164 2353 3291 2402 Θεοῦ
3356 2358 3504 2402 τοῦτο
3560 2352 3764 2412 πάντως
3819 2352 3945 2404 ὑπέ-

2335 2456 2456 2505 στη,
2490 2441 2612 2490 ποτε
2641 2439 2731 2510 μὲν
2781 2441 2882 2513 γὰρ
2933 2443 3025 2496 τὴν
3076 2438 3267 2491 οἰκείαν
3317 2436 3647 2492 ἐπεδείκνυτο
3695 2436 3945 2513 δύναμιν,

2329 2529 2452 2578 ποτε
2517 2523 2575 2578 δὲ
2641 2533 2926 2603 συνεχώρει
2971 2536 3031 2600 τῇ
3088 2533 3244 2602 σαρκὶ
3293 2530 3525 2600 πάσχειν
3578 2531 3715 2582 κατὰ
3761 2531 3940 2602 φύσιν.

2331 2615 2499 2668 Εἰπὼν
2557 2612 2643 2668 οὖν
2693 2618 2770 2669 ὅτι
2828 2621 2928 2669 Καὶ
2980 2617 3094 2691 θρὶξ
3153 2615 3206 2668 ἐκ
3260 2626 3355 2678 τῆς
3405 2618 3627 2690 κεφαλῆς
3684 2619 3826 2690 ὑμῶν
3882 2619 3943 2670 οὐ

2328 2709 2399 2776 μὴ
2463 2703 2742 2774 ἀπόληται,
2813 2701 3067 2763 ἐδήλωσεν
3122 2708 3202 2758 ὅτι
3246 2725 3300 2759 τε
3355 2703 3741 2779 ταντοδύναμός
3803 2706 3939 2773 ἐστι,

2328 2798 2418 2845 καὶ
2470 2797 2547 2846 ὅτι
2603 2794 2945 2866 ἀντιλήψεται
3008 2798 3223 2862 τούτων,
3277 2801 3367 2847 καὶ
3409 2798 3702 2869 προθυμίαν
3762 2795 3943 2858 αὐτοῖς

2329 2881 2574 2935 ἐνέϐαλεν.

2400 2973 2482 3024 Ἐν
2558 3003 2626 3013 -—
2692 2973 2854 3045 ὑμῶν.
2926 2975 3226 3042 κτήσασθε,
3291 2977 3413 3032 ἤτοι
3467 2980 3702 3028 σώσατέ·
3775 2974 3818 3027 εἰ
3878 2971 3940 3028 δὲ

2326 3063 2414 3122 τὰς
2452 3060 2656 3132 ψυχὰς,
2707 3064 2912 3122 πάντως
2967 3067 3056 3115 καὶ
3085 3065 3151 3114 τὰ
3184 3070 3422 3136 σώματα.
3488 3069 3782 3137 Γέγραπται
3834 3067 3936 3138 γὰρ

553 3158 641 3208 est
671 3152 828 3207 enim
855 3153 1136 3224 praedicto
1154 3152 1386 3224 capite:
1411 3151 1558 3218 Quia
1591 3161 1740 3209 utem
1759 3155 2215 3223 perseveraverit

2327 3149 2377 3201 ἐν
2421 3158 2492 3220 τῷ
2541 3154 2894 3225 προειρημένῳ
2944 3153 3240 3224 κεφαλαίῳο
3293 3153 3373 3204 ὅτι
3410 3151 3469 3204 Ὀ
3523 3154 3804 3225 ὑπομείνας
3864 3153 3939 3215 εἰς

553 3256 737 3313 usque
759 3240 821 3295 in
851 3241 1050 3309 ﬁnem,
1083 3241 1177 3297 hic
1207 3242 1404 3297 salvus
1433 3243 1544 3297 erit
1571 3242 1638 3296 ⁸³.

627 3332 785 3387 Vers.
819 3334 907 3386 20.
954 3333 1101 3387 Cum
1123 3362 1187 3370 —
1219 3333 1368 3398 eius.
1403 3333 1710 3387 Matthaaus
1745 3347 1880 3386 vero
1935 3331 2212 3403 praedicto

551 3419 745 3492 capite
762 3419 921 3475 aliud
949 3420 1183 3492 scripsit
1212 3420 1454 3492 signum
1479 3421 1717 3478 dicens:
1756 3422 1904 3477 Cum
1947 3421 2213 3477 videritis

551 3509 1045 3565 abominationem
1077 3510 1146 3578 ⁵³,
1177 3514 1235 3564 et
1274 3516 1486 3566 caetera
1527 3525 1540 3565 :
1571 3509 1700 3581 lege
1731 3525 1873 3581 ergo
1899 3515 2082 3566 totam
2109 3508 2208 3564 di-

550 3603 784 3654 ctorum
813 3597 1048 3654 illorum
1078 3598 1542 3656 enarrationem.

621 3777 785 3833 Vers.
820 3776 908 3834 21.
943 3777 1101 3835 Tunc
1132 3808 1202 3819 —
1232 3783 1471 3836 montes.
1505 3780 1571 3834 ln
1622 3775 1727 3834 illo
1781 3776 1961 3833 etiam
2013 3777 2084 3833 de
2113 3775 2208 3832 his

549 3867 822 3940 quaerito.

620 3956 782 4012 Vers.
812 3959 900 4012 21.
928 3956 1006 4012 Et
1039 3955 1453 4014 -discedant.
1475 3957 1731 4012 Rursum
1774 3953 1934 4011 idem
1965 3953 2107 4011 dicit
2127 3954 2206 4011 ad

545 4045 1064 4103 conﬁrmationem
1105 4046 1419 4102 sermonis.

617 4136 793 4192 Vers.
841 4139 930 4190 2t.
971 4136 1047 4191 Et
1075 4166 1138 4177 -
1165 4150 1311 4192 eam.
1362 4135 1484 4191 Hoc
1514 4133 2023 4207 prastermiserunt
2061 4133 2201 4189 Mat-

547 4225 733 4283 thaeus
763 4231 818 4281 et
858 4226 1100 4289 Marcus,
1133 4225 1285 4280 sicut
1310 4231 1364 4279 et
1393 4223 1489 4279 hic
1521 4223 1703 4289 aliud,
1736 4223 1882 4294 quod
1915 4221 1996 4277 illi
2041 4222 2204 4278 dixe-

541 4321 698 4380 runt,
725 4321 866 4386 puta
900 4335 914 4370 :
963 4313 1075 4380 Qui
1114 4314 1177 4369 in
1224 4319 1388 4380 tecto,
1431 4329 1548 4369 non
1594 4313 1903 4368 descendat
1937 4319 1996 4366 ut
2028 4311 2203 4369 tnllttt

539 4404 862 4475 quidquam
881 4404 952 4459 de
967 4405 1139 4458 domo
1150 4417 1256 4457 sua
1281 4418 1304 4460 .'
1331 4409 1383 4458 et
1405 4403 1508 4474 qui
1527 4402 1589 4457 in
1609 4417 1911 4474 agro,non
1937 4407 2197 4458 reverta-

540 4499 641 4548 tur
661 4499 724 4549 ut
757 4492 926 4549 tollat
955 4491 1289 4549 vestimenta
1318 4508 1426 4549 sua
1456 4493 1521 4549 5‘.

609 4584 772 4639 Vers.
820 4586 908 4636 22.
961 4582 1112 4650 Quia
1167 4612 1235 4622 —
1297 4589 1487 4637 erunt.
1553 4580 1835 4638 Videlicet
1870 4579 2196 4638 Dominicaa

536 4670 746 4728 caedis.

607 4761 773 4816 Vers.
804 4763 895 4818 22.
932 4759 1004 4817 Ut
1040 4761 1341 4829 —scripta
1363 4767 1526 4816 sunt.
1555 4755 2049 4837 Utcompleantur
2069 4784 2196 4825 om-

532 4849 653 4917 nia,
687 4865 822 4923 quaa
849 4849 909 4904 in
949 4847 1112 4904 libris
1143 4847 1421 4915 Danielis,
1467 4849 1844 4925 aliorumque
1873 4858 2194 4928 propheta-

529 4954 666 4996 rum
699 4938 774 4993 de
807 4937 986 5010 hujus
1017 4937 1550 5010 Hierosolymorum
1577 4943 2021 5013 expugnatione
2052 4948 2194 5004 scri-

529 5033 634 5100 pta
657 5032 816 5083 sunt.

598 5116 767 5172 Vers.
792 5119 879 5172 23.
915 5114 1014 5172 Vae
1073 5135 1142 5146 -
1194 5113 1418 5171 diebus.
1470 5114 1638 5188 Apud
1669 5118 2014 5179 Matthaeum
2071 5122 2186 5181 hoc

525 5205 707 5263 etiam
739 5205 898 5261 dicto
922 5203 1117 5276 capite
1144 5203 1595 5262 manifestatum
1621 5213 1727 5264 est.

594 5323 643 5358 ⁵³
673 5319 871 5378 Matth.
903 5335 1060 5387 xxw,
1096 5320 1184 5376 13.
1261 5319 1310 5355 ⁵³
1347 5319 1491 5376 Ibid.
1524 5321 1617 5382 15.

2326 3238 2490 3307 τέλος,
2524 3239 2674 3300 οὗτος
2707 3241 2848 3298 σωθή
2861 3258 3026 3292 σεται.

2394 3328 2556 3382 Ὀταν
2637 3361 2706 3370 -
2773 3329 2955 3393 αὐτῆς.
3023 3329 3081 3383 Ὀ
3146 3326 3205 3383 δι
3263 3332 3534 3394 Μαι·θαίος
3586 3331 3637 3383 έν
3688 3339 3760 3403 τῷ
3821 3329 3933 3391 ἤδη

2323 3416 2561 3490 λεχθέντι
2613 3419 2874 3492 κεφαλαίῳ
2929 3421 3092 3493 ἕτερον
3152 3418 3437 3494 ἀναγράφει
3489 3428 3720 3494 σημεῖον,
3771 3421 3935 3494 λέγων

2323 3508 2403 3559 ὅτι
2445 3506 2606 3560 Ὀταν
2635 3504 2790 3566 ἴδητε
2819 3511 2876 3560 τὸ
2905 3505 3182 3582 βδέλυγμα
3219 3517 3313 3572 τῆς
3363 3508 3692 3583 ἐρημώσεως,
3727 3515 3816 3562 καὶ
3866 3514 3937 3565 τὰ

2323 3596 2478 3659 ἐξῆς⁶
2538 3601 2628 3649 καὶ
2673 3596 2932 3670 ἀνάγνωθι
2982 3602 3076 3656 τὴν
3131 3597 3251 3657 ὃλην
3305 3597 3556 3670 ἐξήγησιν
3608 3607 3704 3652 τῶν
3755 3599 3932 3675 ῥητῶν

2323 3704 2546 3740 εκεινων.

2391 3779 2517 3827 Τότε
2563 3807 2627 3816 -
2675 3779 2792 3850 ὄρη.
2864 3775 2944 3828 Ἐν
3003 3775 3174 3849 ἐκείνῳ
3240 3779 3330 3829 καὶ
3392 3781 3507 3853 περὶ
3573 3779 3769 3830 τούτων
3807 3779 3929 3850 (42)

2321 3863 2566 3924 ζήτησον.

2393 3957 2492 4006 Καὶ
2557 3984 2625 3994 -
2676 3952 3092 4028 ἐκχωρείτωσαν.
3158 3957 3228 4008 Τὸ
3284 3955 3411 4008 αὐτό
3459 3955 3593 4028 λέγει
3651 3955 3804 4009 πάλιν
3857 3957 3928 4020 εἰς

2316 4040 2601 4114 βεϐαίωσιν
2631 4051 2721 4095 τοῦ
2750 4043 2926 4114 λόγου.

2388 4137 2487 4184 Καὶ
2559 4164 2622 4174 -
2696 4132 2880 4192 αὐτήν.
2947 4140 3114 4186 Τοῦτο
3183 4132 3433 4206 παρέλιπε
3501 4135 3766 4196 Ματθαῖος
3831 4140 3926 4188 καὶ

2312 4222 2542 4292 Μάρκος,
2574 4224 2746 4297 ὥσπερ
2775 4227 2865 4274 καὶ
2897 4222 3068 4290 οὗτος,
3109 4223 3135 4274 ὃ
3167 4220 3307 4275 εἶπον
3335 4221 3535 4285 ἐκεῖνοι,
3569 4222 3700 4295 λέγω
3734 4221 3801 4282 δὴ
3837 4229 3920 4291 τὸ,

2308 4308 2367 4361 Ὀ
2398 4310 2481 4362 ἐπὶ
2502 4318 2592 4363 τοῦ
2634 4307 2874 4383 δώματος
2914 4315 2986 4384 μὴ
3033 4311 3407 4380 καταϐαινέτω,
3463 4306 3587 4384 ἆραι
3626 4315 3692 4365 τὰ
3737 4311 3793 4365 ἐκ
3824 4323 3921 4376 τῆς

2310 4398 2477 4461 οἰκίας
2505 4399 2684 4468 αὐτοῦ,
2717 4405 2806 4452 καὶ
2830 4397 2920 4451 at»
2946 4408 3018 4471 τῷ
3048 4398 3213 4474 ἀγρῷ,
3245 4405 3316 4474 μὴ
3347 4399 3714 4477 ἐπιστρεψάτω
3746 4401 3921 4456 ὀπίσω

2233 4477 2278 4531 Ῑ)
2309 4482 2432 4563 ἆραι
2460 4490 2526 4540 τὰ
2557 4491 2740 4560 ἱμάτια
2768 4488 2949 4544 αὐτοῦ.

2375 4574 2498 4630 Ὀτι
2525 4608 2590 4618 -
2622 4578 2745 4633 εἰσι.
2772 4584 2880 4641 Τῆς
2908 4585 3000 4631 τοῦ
3028 4584 3341 4632 Δεσποτικοῡ
3373 4583 3547 4652 φόνου.

2374 4779 2476 4826 Τοῦ
2507 4805 2574 4816 —
2603 4778 2958 4848 γεγραμμένα.
2984 4774 3133 4848 ’Υπὲρ
3161 4783 3252 4828 τοῦ
3282 4774 3622 4850 πληρωθῆναι
3647 4777 3815 4829 πάντα
3844 4778 3912 4828 τὰ

2303 4861 2351 4914 ἓν
2381 4869 2488 4923 ταῖς
2515 4861 2718 4936 βίϐλοις
2743 4872 2834 4917 τοῦ
2864 4884 2918 4918 τε
2943 4863 3133 4923 Δανιὴλ
3157 4869 3248 4918 καὶ
3281 4873 3381 4917 τῶν
3419 4864 3582 4918 ἄλλων
3625 4871 3903 4936 προφητῶν

2301 4956 2418 5025 περί
2506 4960 2601 5012 τῆς
2701 4956 2944 5016 τοιαύτης
3045 4953 3286 5017 ἁλώσεως
3381 4962 3475 5018 τῆς
3563 4951 3907 5029 Ἰερουσαλὴμ

2299 5045 2652 5114 γεγραμμένα.

2371 5130 2505 5183 Οὐαὶ
2557 5163 2625 5172 -
2695 5132 2903 5208 ἡμέρας.
2966 5133 3118 5208 ΙΙαρὰ
3161 5140 3233 5204 τῷ
3304 5133 3560 5207 Ματθαίῳ
3617 5136 3708 5186 καὶ
3753 5139 3910 5187 τοῦτο

2298 5223 2682 5292 σεσαφήνισται
2708 5221 2756 5273 ἐν
2786 5220 2957 5296 ἐκείνῳ
2987 5230 3058 5296 τῷ
3087 5221 3366 5297 κεφαλαίῳ.

1700 5324 1748 5359 ⁵⁸
1775 5324 1922 5382 lbid.
1956 5328 2044 5395 17,
2074 5328 2140 5385 18
2179 5346 2194 5398 ;
2222 5331 2406 5399 Marc,
2437 5351 2599 5404 mu,
2632 5337 2716 5406 15,
2777 5341 2862 5396 16.

1759 5450 1981 5522 Variae
2006 5454 2330 5528 lectiones
2353 5468 2419 5528 et
2449 5472 2654 5532 notae.

593 5587 850 5670 (titljoc
881 5586 1118 5670 scholig
1140 5593 1302 5646 caret
1345 5589 1680 5650 Hentenius.
1722 5593 1905 5670 Igitur
1943 5613 2180 5659 versum

522 5660 589 5716 14
605 5659 678 5716 ὀι
709 5659 774 5715 15
812 5659 948 5732 conj
958 5661 1145 5717 unxit.

593 5745 1094 5832 (Intelligentiam,
1112 5750 1503 5812 Sententiam.

2367 5605 2485 5680 (42)
2511 5608 2710 5661 Τούτου
2751 5612 2810 5663 Β.
