4128 6400
233 380 375 439 1073

1279 374 1652 436 COMMENT.
1694 375 1764 434 IN
1802 374 2067 435 LUCAM.
2109 408 2179 421 —
2216 377 2375 436 CAP.
2421 380 2547 436 XXI.

3477 378 3617 439 1074

303 506 497 560 Ἔσται
549 536 616 547 -
668 502 842 559 ἐθνῶν.
886 510 1045 564 Φησὶν
1099 505 1124 558 ὁ
1182 506 1449 565 Ματθαῖος
1514 506 1593 556 ὅτι
1649 502 1838 557 Ἔσται

2027 505 2187 560 Vers.
2220 508 2309 561 23.
2340 505 2463 561 Erit
2496 535 2561 547 -—
2584 522 2642 560 ν.
2672 508 2759 563 24.
2788 508 3071 578 gentium.
3116 507 3265 564 Dicit
3310 508 3616 565 Mattbmus

231 600 349 649 τότε
433 594 610 667 θλίψις
676 595 900 668 μεγάλη,
968 596 1052 647 οἶα
1109 598 1167 647 οὐ
1243 598 1443 666 γέγονεν
1496 593 1583 645 ἀπ’
1672 592 1843 667 ἀρχῆς

228 692 324 737 τοῦ
357 685 470 757 (43)
498 690 701 757 κόσμου
730 688 822 746 ἕως
853 692 942 737 τοῦ
970 693 1077 750 νῦν⁹
1112 680 1228 736 οὐδ’
1261 683 1318 736 οὐ
1346 688 1418 757 μὴ
1451 687 1686 755 γένηται.
1716 684 1843 736 Ἀπὸ

229 783 360 845 γοῦν
398 783 493 836 τῆς
538 773 702 827 ἐκεῖσε
746 778 985 847 κειμένης
1038 773 1304 846 ἑρμηνείας
1349 768 1847 845 διαγνωσθὴσοντκι

234 868 326 916 καὶ
360 871 529 916 ταῦτα
540 908 553 921 .

312 958 415 1007 Καὶ
478 955 627 1005 ἔσται
702 983 772 994 -
832 952 1260 1012 σαλευθήσονται.
1315 958 1495 1004 Ταῦτα
1558 956 1677 1025 περὶ
1756 959 1848 1013 τῆς

240 1037 491 1117 δευτέρας
544 1042 705 1094 αὐτοῦ
753 1047 1042 1117 παρουσίας
1092 1046 1242 1114 φησί.
1286 1046 1523 1099 Ζητησον
1566 1037 1625 1093 δε
1665 1042 1850 1113 ὁμοίως

239 1135 387 1203 παρὰ
440 1140 506 1201 τῷ
550 1133 805 1202 Ματθαίῳ
858 1135 951 1189 τὴν
992 1130 1239 1202 ἐξήγησιν
1270 1138 1381 1182 τοὺ³
1417 1130 1615 1189 Εὐθέως
1647 1126 1705 1181 δε
1737 1128 1847 1199 (44)

240 1223 377 1293 μετὰ
423 1226 518 1279 τὴν
591 1220 765 1292 θλίψιν
844 1229 944 1273 τῶν
1018 1222 1220 1294 ἡμερῶν
1287 1219 1509 1285 ἐκείνων,
1597 1220 1622 1270 ὁ
1708 1219 1851 1277 ἥλιος

244 1312 680 1379 σκοτισθήσεται,
738 1315 827 1361 καὶ
885 1311 912 1367 ἡ
980 1308 1163 1367 σελήνη
1225 1307 1282 1359 οὗ
1342 1304 1503 1360 δώσει
1548 1310 1606 1359 τὸ
1662 1311 1852 1379 φέγγος

239 1398 425 1462 αὐτῆς,
511 1402 600 1450 καὶ
668 1400 716 1450 οἱ
790 1397 1001 1471 ἀστέρες
1062 1404 1343 1449 πεσοῦνται
1413 1398 1515 1448 ἀπὸ
1594 1405 1684 1448 τοῦ
1766 1396 1852 1447 οὐ·

237 1495 423 1559 ρανοῡ,
453 1492 542 1540 καὶ
561 1491 652 1545 τήν
680 1495 769 1540 τοῦ
797 1486 976 1560 ἐφεξῆς
999 1487 1183 1561 ῥητοῦ·
1222 1491 1311 1538 καί
1350 1487 1586 1560 εὑρήσεις
1613 1490 1703 1538 καὶ
1733 1490 1850 1558 περὶ

237 1595 460 1629 τουτων.

316 1670 418 1719 Καὶ
444 1669 558 1718 τότε
589 1697 654 1709 --
694 1664 915 1727 πολλῆς.
972 1664 1131 1717 Πάλιν
1176 1663 1279 1717 εκεῖ
1316 1663 1539 1726 καθεξῆς
1592 1662 1851 1733 ἀνάγνωθι

235 1756 331 1817 τὰς
364 1753 657 1825 ἐξηγήσεις,
684 1753 964 1825 ἀναγκαίας
994 1757 1153 1814 οὔσας
1184 1755 1319 1825 ἄχρι
1348 1761 1459 1805 τοῦ·
1496 1752 1624 1805 Ἀπὸ
1657 1749 1715 1804 δε
1755 1761 1851 1813 τῆς

239 1851 408 1905 συκῆς
427 1846 613 1915 μάθετε
646 1852 739 1903 τῆν
766 1841 1089 1917 παραϐολήν.

311 1932 644 2007 ’Δρχομένων
695 1929 753 1986 δε
807 1935 1002 1985 τούτων
1045 1934 1282 2002 ’γίνεσθαι
1342 1961 1411 1974 -
1463 1939 1615 1985 Θεοῦ.
1690 1928 1847 1992 Αὖθις

237 2022 345 2076 ἐκεῖ
400 2028 494 2081 τήν
550 2021 813 2075 ἐπίλοιπον
855 2021 1107 2093 ἐξήγησιν
1161 2020 1514 2092 ἀναγνωστέον
1563 2022 1697 2095 ἄχρι
1735 2028 1844 2072 τοῦ·

240 2113 410 2185 ’Δμήν
452 2112 583 2183 λέγω
627 2113 770 2185 ὑμῖν,
820 2111 879 2163 οὐ
928 2115 999 2183 μὴ
1048 2111 1276 2185 παρέλθῃ
1311 2112 1339 2168 ἡ
1373 2111 1523 2181 γενεὰ
1563 2110 1717 2175 αὕτη,
1760 2111 1848 2170 ἕως

239 2201 302 2253 ἂν
334 2201 450 2273 (45)
478 2205 648 2253 πάντα
674 2208 841 2252 ταῦτα
863 2204 1099 2271 γένηται·
1125 2198 1172 2251 ἐν
1211 2198 1375 2271 ἐκείνη
1405 2201 1506 2274 γὰρ
1539 2197 1847 2271 ἐμνημονεύ-

239 2292 413 2348 θησάν
442 2309 494 2343 τε
516 2295 606 2342 καὶ
637 2291 1064 2363 ἠρμηνεύθησαν,
1093 2291 1156 2349 ὡς
1188 2288 1343 2350 εἰκὸς.

308 2469 469 2540 Ἀμὴν
541 2499 608 2509 ——
688 2466 1033 2541 παρέλθωσιν.
1096 2466 1231 2520 Ἐκεῖ
1292 2471 1382 2518 καὶ
1461 2470 1580 2540 περὶ
1650 2467 1844 2517 τούτων

234 2556 428 2631 ἐρῥήθη

308 2650 603 2717 Προσέχετε
701 2676 769 2686 —-
849 2646 1107 2716 γίνεσθαι.
1188 2646 1268 2698 Ἐν
1354 2643 1427 2715 τῷ
1509 2651 1842 2713 πεντηκοστῷ

232 2733 410 2807 ὀγδόῳ
460 2734 719 2807 κεφαλαίῳ
776 2743 867 2787 τοῦ
942 2737 1077 2787 κατά
1143 2735 1411 2788 Ματθαῖον
1460 2733 1692 2793 ζήτησον
1748 2736 1843 2790 τὴν

231 2824 505 2898 ἑρμηνείαν
570 2834 681 2876 τοῦ·
755 2830 1064 2898 Γρηγορεῖτε
1152 2819 1262 2890 οὖν,
1333 2823 1416 2873 ὅτι
1495 2821 1589 2873 οὐκ
1662 2817 1842 2873 οἴδατε

229 2920 358 2987 ποίᾳ
426 2917 537 2987 ὦρᾳ
592 2916 617 2966 ὁ
680 2917 869 2988 Κύριος
953 2915 1094 2985 ὑμῶν
1150 2916 1381 2986 ἔρχεται·
1434 2909 1482 2963 ἐν
1549 2911 1678 2983 αὐτῇ
1740 2914 1839 2983 γὰρ

230 3012 402 3057 ταῦτα
442 3008 653 3077 μνήμης
708 3009 798 3055 καὶ
861 3002 1142 3064 ἐπιλύσεως
1196 3006 1545 3072 τετυχήκασι.
1606 3008 1839 3072 Σημειω-

230 3100 341 3147 τίον
375 3090 435 3146 δε
464 3098 544 3146 ὅτι
592 3093 651 3145 οὐ
706 3098 859 3166 μόνον
913 3094 941 3150 ἡ
985 3094 1139 3164 μέθη,
1184 3089 1313 3143 ἀλλά
1352 3095 1441 3142 καὶ
1498 3090 1554 3141 αἱ
1596 3110 1841 3164 μεριμναι

1953 593 2118 668 quod
2135 596 2257 649 Erit
2273 600 2412 650 tunc
2423 595 2666 665 afﬂictio
2687 613 2819 668 mag
2829 614 2906 653 na
2924 598 3117 668 qualis
3136 613 3253 653 non
3265 598 3385 666 fuit
3404 598 3616 666 aprin-

1956 686 2102 756 cipio
2134 684 2346 740 mundi
2363 686 2444 740 ad
2464 685 2561 741 hoc
2583 702 2761 758 usque
2794 693 3043 757 tempus,
3077 702 3265 758 neque
3286 690 3405 756 ﬁet,
3431 690 3478 724 ⁵⁵
3513 702 3617 755 ;ex

1958 774 2437 845 interpretatione
2462 790 2621 845 ergo,
2650 792 2787 848 quae
2812 777 2891 832 ibi
2914 777 3110 850 posita
3141 781 3250 847 est,
3284 777 3463 833 etiam
3491 777 3621 833 haec

1958 869 2415 935 cognoscentur.

2029 956 2189 1008 Vers.
2222 954 2309 1009 25.
2342 956 2407 1009 Et
2447 960 2617 1011 erunt
2643 986 2712 995 —
2742 954 2907 1010 Vers.
2938 956 3027 1011 26.
3058 955 3453 1012 movebuntur.
3488 959 3623 1013 Haec

1959 1043 2034 1099 de
2056 1044 2324 1099 secundo
2351 1043 2618 1099 adventu
2645 1060 2754 1100 suo
2777 1044 2938 1099 dicit.
2964 1043 3169 1111 Quaere
3191 1051 3389 1101 autem
3421 1045 3627 1102 simili-

1960 1137 2046 1188 ter
2070 1136 2230 1205 apud
2261 1134 2597 1189 Matthmum
2619 1133 2758 1189 dicti
2791 1134 2941 1189 illius
2981 1136 3425 1191 enarrationem
3464 1135 3627 1191 :Sta-

1961 1223 2064 1278 tim
2083 1230 2279 1279 autem
2290 1228 2421 1291 post
2435 1222 2793 1292 afﬁctionem
2810 1223 3043 1279 dierum
3068 1224 3307 1278 illorum
3320 1223 3404 1278 sol
3423 1225 3629 1279 obscu-

1960 1312 2214 1376 rabitur,
2229 1318 2280 1367 et
2302 1313 2445 1368 luna
2458 1328 2575 1367 non
2589 1312 2750 1367 dabit
2784 1311 3148 1383 splendorem
3162 1328 3349 1377 suum,
3366 1318 3419 1367 et
3437 1313 3626 1369 stella

1960 1400 2163 1458 cadent
2192 1402 2266 1458 de
2279 1402 2509 1469 caelo",
2534 1416 2605 1458 ac
2624 1401 2765 1458 dicti
2779 1402 3117 1473 sequentis;
3146 1407 3203 1457 et
3219 1401 3293 1458 de
3318 1401 3417 1457 his
3444 1402 3624 1459 etiam

1959 1504 2249 1546 invenies.

2032 1668 2201 1724 Vers.
2242 1669 2336 1724 27.
2370 1669 2445 1724 Et
2480 1673 2613 1725 tunc
2638 1700 2705 1709 —
2735 1684 2977 1740 magna.
3013 1670 3238 1724 Rursus
3268 1668 3345 1725 ibi
3398 1685 3508 1726 suo
3534 1685 3627 1727 oro-

1960 1758 2098 1813 dine
2128 1757 2256 1828 lege
2278 1758 2704 1823 euarrationes,
2729 1774 2865 1830 quae
2892 1758 3249 1813 necessariae
3274 1764 3412 1815 sunt
3432 1775 3625 1832 usque

1886 1858 1930 1915 Β
1961 1847 2041 1903 ibi
2074 1867 2087 1906 :
2122 1848 2171 1902 Α
2213 1848 2334 1916 ﬁcu
2362 1854 2557 1903 autem
2592 1847 2802 1903 discite
2833 1847 3194 1916 parabolam
3226 1848 3295 1901 ⁸⁷.

2033 1938 2200 1993 Vers.
2234 1936 2321 1991 28.
2355 1937 2463 1991 His
2507 1943 2701 1992 autem
2741 1938 2872 2005 ﬁeri
2910 1937 3330 2005 incipientibus
3364 1968 3424 1980 —
3456 1937 3621 1994 Vers.

1957 2028 2046 2081 3t.
2104 2026 2230 2082 Dei.
2267 2028 2489 2081 Rursus
2521 2025 2601 2081 ibi
2650 2025 2878 2097 reliqua
2907 2025 3209 2081 enarratio
3238 2024 3494 2095 legenda
3535 2032 3628 2083 est

1959 2115 2275 2188 usqueibi:
2311 2116 2520 2179 Amen,
2542 2114 2669 2171 dico
2692 2116 2874 2175 vobis,
2904 2131 3278 2186 nequaquam
3308 2116 3625 2187 praeteribit

1956 2207 2258 2276 generatio
2289 2204 2414 2261 haec
2442 2205 2624 2260 donec
2643 2206 2845 2260 omnia
2864 2205 2982 2260 ista
3004 2206 3151 2273 ﬁant
3181 2206 3257 2259 5’:
3283 2205 3344 2260 in
3371 2221 3441 2260 ea
3462 2205 3625 2262 enim

1958 2300 2012 2351 et
2037 2296 2252 2351 horum
2293 2293 2450 2350 facta
2480 2299 2570 2350 est
2611 2294 2858 2361 mentio,
2909 2301 2965 2350 et
3006 2293 3149 2350 data
3194 2294 3620 2367 interpretatio,

1956 2389 2020 2441 ut
2052 2400 2163 2456 par
2187 2389 2332 2440 erat.

2028 2474 2194 2530 Vera.
2249 2477 2339 2530 32.
2394 2474 2575 2529 Amen
2608 2504 2671 2513 --
2705 2474 2867 2528 Vers.
2921 2478 3009 2529 33.
3062 2473 3475 2544 praeteribunt.
3529 2473 3617 2530 lbi

1955 2564 2136 2621 etiam
2165 2563 2239 2619 de
2268 2563 2362 2618 his
2392 2562 2619 2619 dictum
2651 2567 2758 2618 est.

2026 2653 2190 2709 Vers.
2246 2654 2334 2709 34.
2390 2653 2692 2710 Attendite
2727 2683 2796 2693 —
2830 2653 2995 2708 Vers.
3038 2657 3126 2709 36.
3177 2668 3305 2724 quae
3362 2659 3615 2709 ventura

1952 2749 2108 2799 sunt.
2143 2743 2659 2815 Quinquagesimo
2699 2748 2912 2798 octavo
2938 2742 3242 2813 Evangelii
3281 2743 3454 2812 juxta
3485 2745 3618 2799 Mat.-

1952 2832 2174 2888 thaeum
2194 2832 2389 2903 capite
2410 2847 2613 2904 quare
2637 2832 3078 2888 enarrationem
3112 2831 3257 2902 ejus,
3281 2830 3445 2903 quod
3476 2832 3619 2887 dici-

1952 2925 2046 2977 tur
2070 2937 2081 2975 :
2115 2921 2356 2992 Vigilate
2384 2936 2544 2991 ergo,
2566 2921 2703 2992 quia
2732 2920 2985 2986 nescitis,
3014 2936 3133 2992 qua
3162 2920 3310 2977 hora
3332 2923 3618 2976 Dominus

1954 3017 2143 3067 vester
2170 3016 2457 3067 venturus
2480 3011 2555 3066 sit
2574 3012 2652 3076 5’;
2686 3025 2828 3065 nam
2857 3010 2914 3064 in
2947 3025 3016 3063 eo
3033 3009 3214 3064 etiam
3242 3009 3315 3064 de
3341 3010 3435 3065 his
3460 3009 3619 3066 facta

1951 3106 2037 3156 est
2064 3100 2304 3165 mentio,
2339 3100 2603 3172 dataque
2630 3099 2949 3154 enarratio.
2984 3098 3367 3167 Signandum
3399 3103 3487 3154 est
3511 3114 3617 3154 au-

230 3192 325 3236 τού
357 3182 479 3256 βίου
526 3182 854 3256 βαπτίζουσι
908 3186 999 3241 τὴν
1025 3181 1234 3253 ψυχὴν,
1275 3185 1365 3233 καὶ
1391 3180 1838 3241 καταποντίζουσι

1966 3206 2091 3257 :em,
2122 3190 2287 3261 quod
2327 3206 2447 3245 non
2488 3188 2612 3245 sola
2628 3188 2909 3255 ebrietas,
2942 3188 3045 3243 sed
3086 3192 3141 3243 et
3168 3204 3326 3243 cura:
3364 3187 3617 3244 sumula-

230 3282 332 3325 τῶν
362 3280 499 3327 νοῦν.

302 3368 403 3415 Καὶ
436 3393 505 3403 -
538 3360 830 3437 ἀνθρώπου.
865 3368 1206 3435 Παραστῆναι
1236 3367 1308 3429 τῷ
1338 3366 1552 3434 Χριστῴ
1575 3361 1708 3431 μετὰ
1735 3368 1835 3410 τῶν

222 3450 475 3523 ἀγγέλων.

292 3541 392 3593 Ἦν
440 3571 509 3580 -
566 3535 861 3594 διδάσκων.
916 3538 991 3591 Δι’
1058 3537 1299 3611 ὠφέλειαν
1361 3547 1462 3590 τῶν
1518 3537 1683 3591 ἐκεῖσε
1717 3539 1830 3610 (46)

222 3632 633 3703 συνερχομένων.

289 3722 397 3780 Τὰς
424 3715 483 3771 δε
510 3721 697 3779 νύκτας
726 3748 794 3759 -
833 3717 1071 3773 Ἐλαίὼν.
1109 3720 1204 3770 Διὰ
1240 3721 1295 3769 τὸ
1328 3716 1721 3792 ἀπερίσπαστον
1739 3722 1827 3770 καὶ

218 3805 520 3865 ἐπιτήδειον
553 3807 624 3868 εἰς
649 3813 975 3882 προσευχήν·
1016 3806 1121 3878 οὐχ
1147 3809 1302 3865 ἧττον
1335 3803 1393 3860 δε
1418 3812 1507 3860 καὶ
1534 3808 1599 3867 εἰς
1628 3827 1824 3881 μυστι-

217 3900 451 3971 κωτίραν
478 3893 831 3949 διδασκαλίαν
859 3904 960 3949 τῶν
981 3898 1244 3968 μαθητῶν·
1275 3892 1432 3955 δῆλον
1461 3900 1560 3970 γὰρ
1594 3898 1675 3949 ὅτι
1713 3898 1824 3968 μετ’

218 3987 390 4039 αὐτῶν
422 3985 673 4060 ἐξήρχετο
704 3984 803 4038 ἐκεῖ
835 3985 1095 4047 ηὐλίζετο·

295 4170 397 4218 Καὶ
435 4171 535 4224 πᾶς
564 4194 623 4205 -
654 4163 834 4218 αὐτοῦ.
874 4164 931 4217 Εἰ
971 4165 995 4215 ὁ
1043 4164 1161 4225 λαὸς
1207 4163 1393 4227 ἐκεῖνος
1432 4166 1596 4226 οὕτως
1639 4164 1819 4233 ἐποίει,

218 4254 391 4322 πολλῴ
422 4254 609 4325 μᾶλλον
649 4254 786 4325 ἡμᾶς
813 4258 947 4327 χρὴ,
971 4257 1057 4306 τὸν
1083 4254 1387 4327 οἰκειότερον
1405 4254 1820 4330 λαὸν,ορθρίζειν

215 4349 346 4416 πρὸς
377 4344 529 4395 αὐτὸν
571 4342 619 4394 ἐν
663 4352 736 4413 τῷ
768 4344 884 4415 ἱερῳ
914 4341 996 4395 ἐπὶ
1027 4352 1097 4414 τῷ
1128 4342 1333 4395 ἀκούειν
1368 4344 1546 4408 αὐτου,
1582 4342 1676 4397 διὰ
1723 4355 1821 4397 τῶν

216 4437 365 4487 θείων
389 4439 601 4506 Γραφῶν
635 4428 1008 4499 διδάσκοντος,
1041 4438 1131 4485 καὶ
1150 4437 1223 4505 μὴ
1247 4437 1399 4505 μόνον
1446 4432 1671 4503 ἀκούειν,
1696 4434 1823 4486 ἀλλὰ

212 4529 304 4577 καὶ
336 4523 635 4575 ὑπακούειν.

610 4801 754 4849 ΚΕΦ.
788 4794 910 4860 Ος’.
941 4799 1062 4869 Περὶ
1086 4802 1177 4847 τοῦ
1211 4797 1426 4867 Πάσχα.

284 4954 513 5027 Ἠγγιζε
570 4986 637 4994 -
686 4955 907 5027 Πάσχα.
961 4958 1139 5028 Ἐορτη
1189 4964 1287 5007 τῶν
1334 4954 1575 5028 Ἀζύμων
1625 4954 1819 5026 ἐλέγετο

209 5049 305 5098 καὶ
346 5047 376 5104 ἡ
426 5052 518 5097 τοῦ
562 5045 763 5116 Πάσχα
802 5043 975 5118 ἑορτὴ,
1028 5040 1167 5097 διότι
1208 5046 1343 5096 κατά
1381 5048 1436 5096 τὸ
1484 5047 1683 5116 Πάσχα
1711 5052 1816 5105 τοῖς

206 5141 302 5188 τοῦ
341 5132 505 5208 ἀμνοῦ
544 5136 731 5209 κρέασι
785 5138 876 5185 καὶ
928 5134 1107 5206 ἄζυμα
1149 5135 1450 5192 συνήσθιον.
1483 5138 1675 5187 Λοιπὸν
1706 5134 1812 5205 οὖν,

283 5313 331 5348 ⁵³
364 5310 570 5369 Matth.
601 5325 763 5377 xxxv,
793 5314 883 5367 21.
1032 5312 1080 5347 ⁸⁵
1111 5309 1252 5367 Ibid.
1281 5311 1368 5366 29.
1484 5313 1527 5347 ⁵⁷
1560 5310 1705 5367 Ibid.
1734 5311 1823 5365 29.

1948 3296 2041 3335 res
2099 3278 2371 3335 animam
2422 3277 2765 3342 absorbent,
2812 3283 3197 3348 mentemque
3232 3276 3609 3347 demergunt.

2018 3369 2186 3425 Vers.
2215 3369 2303 3425 36.
2336 3369 2411 3423 Et
2440 3398 2496 3408 -
2526 3366 2800 3423 hominis.
2835 3370 3035 3421 Astare
3068 3366 3301 3423 Christo
3328 3382 3469 3422 cum
3499 3381 3612 3421 an-

1944 3457 2112 3528 gelis.

2014 3547 2176 3603 Vers.
2208 3547 2296 3602 37.
2329 3546 2477 3601 Erat
2508 3576 2575 3585 —
2605 3545 2835 3601 docens.
2865 3545 3110 3617 Propter
3156 3559 3366 3600 eorum
3398 3543 3607 3601 utilita-

1940 3642 2080 3702 tem,
2122 3636 2224 3709 qui
2255 3635 2393 3690 illuc
2427 3635 2885 3690 concurrebant.

2010 3728 2170 3783 Vers.
2204 3726 2292 3783 37.
2324 3724 2603 3780 Noctibus
2635 3739 2771 3781 vero
2819 3754 2888 3762 —
2922 3722 3246 3779 Oliuarum.
3296 3721 3378 3777 Ne
3410 3726 3606 3778 mente

1934 3816 2378 3884 distraheretur,
2401 3812 2621 3885 etquia
2637 3818 2814 3884 aptus
2843 3817 2969 3867 erat
3001 3812 3071 3867 ad
3101 3811 3476 3884 precandum
3493 3826 3605 3867 nec

1934 3905 2135 3961 minus
2161 3920 2406 3977 quoque
2436 3904 2510 3957 ob
2528 3902 2905 3959 secretiorem
2929 3901 3363 3973 discipulorum
3392 3901 3605 3957 instru-

1930 3995 2188 4051 ctionem
2218 4010 2231 4054 :
2266 4008 2407 4049 nam
2434 3990 2818 4047 manifestum
2851 3997 2958 4057 est,
2992 3989 3157 4063 quod
3186 3990 3325 4046 illuc
3354 4005 3492 4046 cum
3517 3989 3603 4046 eis

1931 4082 2129 4139 exibat
2159 4087 2215 4139 et
2240 4078 2728 4136 conversabatur.

2002 4174 2162 4227 Vers.
2192 4174 2277 4227 38.
2315 4169 2709 4240 Omnisque—
2737 4168 2935 4223 illum.
2975 4167 3029 4223 Si
3060 4166 3323 4239 populus
3356 4166 3449 4222 ille
3480 4166 3597 4223 hoc

1932 4260 2211 4324 faciebat,
2228 4260 2416 4315 multo
2436 4257 2628 4328 magis
2642 4272 2777 4325 nos,
2793 4258 2895 4329 qui
2918 4256 3179 4328 populus
3195 4256 3387 4325 magis
3401 4255 3481 4311 illi
3503 4256 3596 4311 fa-

1934 4350 2180 4407 miliaris
2213 4365 2422 4405 sumus
2453 4351 2687 4420 oportet
2714 4346 2979 4402 diluculo
3011 4345 3203 4400 venire
3230 4344 3306 4399 ad
3337 4361 3497 4411 eum,
3530 4350 3595 4400 ut

1932 4440 1990 4495 in
2031 4438 2251 4511 templo
2282 4437 2602 4494 audiamus
2641 4436 2808 4492 illum
2842 4451 2946 4508 per
2974 4435 3309 4507 Scripturas
3354 4439 3591 4491 sanctas

1930 4529 2247 4584 docentem
2280 4546 2296 4597 ;
2332 4542 2441 4583 nec
2475 4525 2671 4582 solum
2702 4531 2764 4580 ut
2809 4524 3149 4590 audiamus,
3182 4524 3288 4581 sed
3318 4524 3498 4581 etiam
3526 4529 3591 4579 ut

1930 4617 2300 4675 obediamus.
2400 4672 2405 4677 ,

2305 4789 2463 4847 CAP.
2505 4792 2727 4848 LXXVI.
2763 4791 2843 4849 De
2871 4789 3120 4848 Pascha.

2002 4952 2145 5025 Cap.
2197 4952 2357 5009 XXII.
2410 4955 2568 5008 Vers.
2604 4956 2652 5008 1.
2706 4950 3213 5023 appropinquavit
3246 4982 3311 4992 —
3341 4951 3579 5009 Pascha.

1927 5045 2159 5100 Festum
2185 5046 2549 5115 Azymorum
2579 5040 2758 5097 etiam
2781 5040 3077 5096 dicebatur
3103 5041 3301 5113 ipsum
3338 5041 3581 5098 Paschaa

1926 5131 2166 5198 festum,
2198 5131 2343 5205 quia
2380 5131 2441 5187 in
2480 5130 2709 5187 Pascha
2758 5129 3036 5187 carnibus
3079 5129 3220 5201 agni
3260 5134 3317 5185 et
3354 5130 3580 5201 azymis

1972 5310 2019 5346 ⁸⁸
2050 5308 2199 5366 Ibid.
2232 5311 2322 5367 34.
2434 5309 2482 5344 ⁸⁹
2505 5306 2647 5365 Ibid.
2667 5310 2759 5364 42.

1206 5502 1209 5507 ’
1283 5488 1509 5559 Variae
1541 5488 1873 5558 lectiones
1904 5497 1969 5557 et
2007 5497 2209 5556 notae.

282 5661 396 5734 (43)
425 5666 530 5714 Τοῦ
556 5664 766 5717 neuter
794 5660 1073 5729 agnoscit
1102 5658 1161 5717 in
1191 5664 1463 5719 contextu
1485 5660 1646 5735 apud
1676 5662 1816 5718 Mat-

204 5734 459 5791 thteum.

282 5806 399 5879 (44)
440 5804 503 5859 Δί
532 5801 702 5860 abest
729 5804 795 5861 A.

1998 5658 2115 5803 με)
2143 5657 2240 5713 Ἂν
2269 5658 2482 5715 omittit
2512 5657 2573 5713 Β.

2023 5730 2111 5803 46)
2135 5729 2273 5785 Ἐκεῖ
2292 5738 2347 5784 Β.

2023 5730 2111 5803 46)
2135 5729 2273 5785 Ἐκεῖ
2292 5738 2347 5784 Β.
