4128 6416
487 370 633 432 1875‘

1809 361 2156 423 EUTHYMII
2195 358 2527 419 ZIGABENI

3728 356 3873 418 1076

481 498 900 565 vescebantur,
951 512 1090 552 cum
1143 494 1345 567 itaque
1403 496 1543 549 tunc
1602 492 1867 565 primum
1927 505 2141 562 azyma

2286 492 2371 541 ore
2420 496 2622 563 πρῶτον
2665 491 2933 560 γευόμενοι
2990 496 3088 541 τῶν
3139 485 3371 561 ἀζύμων,
3420 486 3632 561 Ἀζυμα
3670 492 3758 541 καὶ
3802 490 3865 541 τὸ

485 593 813 659 gustarem,
891 587 1092 659 ipsum
1178 584 1411 640 Pascha
1484 582 1885 651 nominabant
1963 580 2139 638 etiam

484 681 732 751 Azyma.

555 768 728 823 Aliud
778 770 975 821 tamen
1025 762 1259 837 proprie
1300 763 1514 819 festum
1582 765 1710 817 erat
1760 766 2140 832 Azymorum,

484 857 582 912 die
616 856 885 927 sequenti
917 859 1051 926 post
1083 854 1321 908 Paschas
1352 851 1676 915 festum,de
1701 867 1822 922 quo
1854 850 2033 905 latius
2061 849 2145 905 di-

485 952 647 1002 ctum
680 951 767 1001 est
801 943 1179 1013 sexagesimo
1211 942 1380 997 tertio
1412 942 1607 1012 capite
1640 940 1939 1009 Evangelii
1976 941 2148 1009 juxta

483 1036 845 1098 Matthwum,
875 1034 969 1088 ubi
984 1033 1199 1088 dicitur
1226 1048 1236 1088 :
1265 1030 2035 1101 PrimoautemAzymorum
2054 1044 2149 1084 ac-

484 1130 782 1180 cesserunt
817 1123 1096 1191 discipuli
1121 1122 1201 1178 ad
1229 1123 1426 1177 .lesum
1462 1122 1720 1177 dicentes
1770 1121 1857 1174 ei:
1901 1119 2010 1176 Ubi
2063 1118 2150 1174 vis

481 1229 756 1286 paremus
800 1212 909 1269 tibi
946 1211 1015 1267 ad
1062 1211 1352 1268 edendum
1390 1209 1620 1267 Pascha
1652 1211 1701 1245 ⁶⁰
1731 1213 1758 1266 ?

556 1392 720 1449 Vers.
748 1392 802 1447 2.
833 1393 909 1448 Et
957 1392 1307 1463 quaerebant
1331 1420 1400 1435 -—
1428 1389 1727 1462 populum.
1769 1389 2150 1455 Quaerebam,

487 1481 794 1555 quomodo
881 1482 1222 1537 occiderent
1287 1497 1417 1535 eum
1484 1479 1732 1545 occulte,
1802 1484 1905 1534 aut
1981 1483 2154 1535 nacta

2261 581 2462 651 Πάσχα
2491 582 2880 650 κατωνόμαζον·

2330 758 2509 832 Ἐτέρα
2562 754 2621 810 δὲ
2687 754 2747 816 ἦν
2798 760 2828 817 ἡ
2880 762 3073 830 κυρίως
3140 756 3289 832 ἑορτή
3348 766 3445 809 τῶν
3504 757 3764 829 Ἀζύμων,
3828 759 3861 816 ἡ

2258 849 2387 919 μετὰ
2430 852 2518 905 τήν
2580 847 2761 921 ἑορτήν
2809 855 2894 899 τοῦ
2942 850 3161 919 Πάσχα,
3208 853 3324 921 περὶ
3378 847 3436 907 ἧς
3482 850 3685 921 εῖρηταὶ
3730 846 3871 899 πλα-

2257 940 2467 1011 τύτερον
2521 934 2568 988 ἓν
2626 946 2697 1007 τῷ
2748 935 3012 999 ἐξηκόστῶ
3059 942 3220 1010 τρίτῳ
3274 937 3533 1009 κεφαλαίῳ
3582 937 3673 988 τοῦ
3727 940 3867 988 κατά

2259 1028 2526 1079 ΙνΙατθαίον
2603 1028 2723 1078 ἔνθα
2781 1031 2858 1078 τό·
2937 1034 3010 1099 Τῇ
3083 1024 3141 1079 δὲ
3203 1036 3381 1099 πρώτη
3443 1034 3537 1078 τῶν
3624 1025 3870 1098 Ἀζύμων

2259 1116 2556 1189 προσῆλθον
2631 1118 2680 1167 οἱ
2744 1118 2974 1187 μαθηταὶ
3029 1124 3101 1187 τῷ
3155 1116 3353 1181 Ἰησοῦ,
3410 1120 3635 1186 λέγοντες
3699 1116 3865 1185 αὐτῷ.

2262 1212 2368 1258 Ποῦ
2463 1204 2621 1266 θέλεις
2714 1204 3063 1278 ἑτοιμάσωμέν
3165 1204 3276 1277 (47)
3363 1224 3447 1257 σοι
3534 1211 3712 1277 φαγεῖν
3809 1208 3871 1257 τό

2263 1296 2464 1365 Πάσχα
2498 1310 2511 1359 ;

2336 1389 2438 1437 Καὶ
2484 1382 2696 1447 ἰξήτουν
2740 1413 2808 1425 -
2858 1382 2998 1436 λαόν.
3056 1383 3307 1443 Ἐζήτουν
3378 1386 3436 1435 τὸ
3495 1391 3607 1445 πῶς
3685 1381 3880 1436 ἀνελώ-

2266 1492 2348 1525 σιν
2397 1473 2573 1537 αὑτὸν,
2645 1477 2870 1548 κρυφίως
2939 1474 2969 1534 ἦ
3044 1473 3345 1545 εὖαφὲρμως
3400 1470 3642 1531 δηλονότι
3674 1490 3685 1502 °
3758 1476 3875 1545 ἐφο-

489 1572 650 1628 bona
728 1571 1045 1627 occasione
1106 1570 1390 1639 scilicet;
1444 1568 1729 1625 timebant
1795 1566 1957 1623 enim
2040 1582 2153 1638 po-

490 1659 728 1732 pulum,
772 1660 822 1715 si
854 1659 1055 1732 palam
1104 1664 1208 1715 aut
1244 1658 1409 1714 nulla
1441 1658 1586 1714 data
1632 1656 1947 1713 occasione
1985 1656 2153 1712 illum

492 1748 859 1805 occiderent.

563 1838 730 1894 Vers.
757 1839 811 1894 3.
852 1837 1114 1894 Intravit
1149 1868 1217 1877 —
1248 1837 1575 1893 duodecim.
1609 1836 1870 1892 Joannes
1908 1851 2048 1892 vero
2075 1835 2154 1891 di-
2191 1846 2232 1902 Β

493 1926 771 2000 cit,quod
792 1929 931 1983 Post
953 1927 1205 1996 offulam
1230 1930 1371 1982 tunc
1402 1927 1667 1981 introivit
1694 1928 1752 1981 in’
1784 1926 1954 1982 illum
1982 1926 2154 1982 Sata-

492 2031 624 2072 nas.
649 2017 693 2051 ⁶¹
729 2018 856 2072 Non
882 2020 974 2071 est
997 2021 1199 2071 autem
1232 2015 1289 2071 in
1309 2015 1424 2071 hoc
1449 2014 1859 2071 contradictio.
1892 2015 2156 2069 Primum

498 2104 800 2177 siquidem
814 2103 1178 2176 experientia
1190 2103 1769 2174 probabatSatanas,
1788 2120 1857 2159 ac
1874 2103 2158 2159 miserum

501 2192 877 2265 explorabat,
932 2193 1317 2264 postmodum
1358 2209 1500 2248 vero
1539 2193 1744 2261 agnito
1773 2193 1937 2265 quod
1993 2207 2160 2263 repu-

501 2282 700 2337 diatus
731 2288 892 2337 esset
920 2287 973 2336 et
1002 2281 1440 2351 incorrigibilis,
1474 2299 1660 2337 ausus
1700 2288 1787 2337 est
1818 2282 1877 2337 in
1909 2298 2048 2337 eum
2078 2280 2163 2335 in-

505 2371 694 2442 gredi,
753 2371 901 2426 sicut
948 2371 1126 2425 etiam
1157 2373 1217 2426 in
1251 2370 1570 2441 Evangelio
1611 2371 1782 2441 juxta
1822 2370 2161 2426 Matthteum

504 2461 785 2533 diximus,
819 2476 937 2515 non
956 2467 1155 2515 tamen
1180 2461 1343 2533 quod
1368 2462 1627 2516 insanire
1649 2478 1786 2516 eum
1814 2460 2034 2517 faceret
2062 2464 2167 2515 aut

508 2550 890 2621 agitaret,sed
914 2551 1079 2623 quod
1101 2549 1181 2604 illi
1198 2549 1975 2622 dominaretur,ettanquam
1996 2565 2167 2605 servo

508 2646 790 2696 uteretur.
865 2640 1183 2695 lscarioten
1244 2639 1407 2694 hunc
1482 2639 1628 2695 dixit
1698 2640 1775 2695 ad
1847 2639 2168 2694 discrimen

511 2728 781 2787 alterius.
813 2728 983 2785 Judaa
1013 2728 1249 2785 Addidit
1279 2729 1457 2786 etiam
1483 2728 1650 2801 quod
1681 2746 1712 2785 e
1742 2744 1996 2785 numero
2026 2729 2172 2784 duo-

511 2818 706 2875 decim
736 2823 877 2888 erat,
907 2818 1321 2875 utostenderet
1360 2819 1521 2890 quod
1572 2819 1648 2875 de
1672 2819 1868 2891 primo
1926 2822 2052 2875 erat
2088 2818 2175 2875 di-

2265 1561 2448 1615 ϐοῦντο
2502 1566 2603 1636 γὰρ
2658 1566 2744 1616 τόν
2801 1562 2942 1631 λαόν,
2992 1572 3217 1638 γανερώς
3265 1563 3295 1622 ᾖ
3341 1562 3648 1636 ἀναφόρμως
3677 1562 3872 1616 ἀνελεῖν

2266 1673 2331 1705 αυ
2337 1672 2422 1705 τον
2430 1692 2443 1706 ο

2342 1830 2566 1891 Εἰσῆλθε
2644 1863 2712 1872 -
2797 1828 3025 1885 δώδεκα.

2274 1924 2417 1975 Μετὰ
2495 1925 2553 1973 τὸ

3124 1832 3362 1894 Ἰωάννης
3433 1829 3493 1885 δέ
3565 1852 3723 1905 φησιν
3794 1835 3881 1886 ὅτι

2651 1921 2879 1993 ψωμίον,
2937 1926 3053 1975 τότε
3130 1921 3366 1980 εἰσῆλθεν
3441 1921 3513 1984 εἰς
3583 1925 3771 1976 ἐκεῖνον
3851 1924 3877 1974 ό

2276 2018 2520 2073 Σατανᾶς.
2577 2011 2686 2063 Οὐκ
2726 2014 2842 2065 ἔστι
2887 2008 2946 2063 δε
2998 2019 3151 2064 τοῦτο
3194 2010 3564 2082 ἕναντιολογία.
3622 2017 3880 2087 Πρότερον

2274 2104 2364 2174 μὶν
2393 2104 2493 2175 γὰρ
2540 2103 2565 2153 ό
2616 2106 2840 2161 Σατανᾶς
2882 2098 3166 2175 ἀπόπειραν
3217 2099 3502 2159 ἐποιήσατο
3555 2105 3645 2154 καὶ
3695 2099 3883 2155 διεκω-

2277 2188 2469 2243 δώνισε
2522 2192 2631 2261 (48)
2684 2194 2769 2242 τόν
2826 2190 3021 2243 ἀλθιον·
3080 2192 3293 2263 ὕστερον
3353 2187 3431 2254 δὲ,
3485 2193 3640 2261 γνούς
3695 2190 3885 2263 ἀφορι-

2280 2282 2485 2346 σθέντα,
2537 2281 2606 2341 ὡς
2679 2276 3017 2353 ἀδιόρθωτον,
3077 2278 3346 2353 θαρρήσας
3408 2276 3754 2345 ἐπεπήδησεν,
3816 2282 3885 2341 ὡς

2276 2374 2367 2421 καὶ
2437 2368 2485 2420 ἐν
2550 2376 2623 2439 τῷ
2684 2372 2820 2421 κατὰ
2884 2370 3152 2421 Ματθαίον
3226 2369 3520 2441 εἰρήκαμεν,
3574 2368 3704 2426 πλὴν
3775 2368 3881 2440 οὐχ

2277 2461 2411 2511 ὥστε
2456 2455 2709 2530 δαιμονᾲν
2758 2458 2934 2521 αὐτόν,
2994 2456 3100 2509 ἀλλ’
3160 2460 3299 2510 ὥστε
3358 2460 3747 2529 κατακυριεύειν
3790 2462 3884 2511 καὶ

2281 2544 2628 2618 ὃουλαγωγεῐν
2686 2548 2860 2602 αὐτόν.
2915 2547 3255 2621 Ἰσκαριώτην
3294 2550 3383 2619 μὲν
3424 2543 3510 2599 οὖν
3541 2548 3647 2599 εἷπε
3678 2554 3879 2613 τοῦτον,

2280 2641 2405 2709 πρὸς
2427 2634 2831 2695 ἀντιδιαστολήν
2871 2644 2961 2689 τοῦ
2993 2637 3147 2689 οῖλλου
3181 2633 3381 2690 Ἰούδαο
3422 2635 3475 2688 ἐκ
3514 2644 3605 2688 τοῦ
3657 2635 3884 2711 ἀριθμου

2285 2724 2344 2779 δὲ
2366 2735 2465 2779 τῶν
2502 2724 2731 2792 δώδεκα,
2760 2728 2840 2780 ἵνα
2867 2724 3013 2800 δείξῃ
3038 2728 3118 2779 ὅτι
3140 2726 3196 2779 ἐκ
3223 2735 3314 2780 τοῦ
3345 2731 3547 2801 πρώτου
3578 2734 3746 2803 χοροῦ
3774 2736 3877 2780 τῶν

2285 2819 2530 2890 μαθητῶν
2558 2814 2639 2876 ἧν.

514 2908 885 2980 scipulorum
918 2908 1120 2964 choro.

586 2999 749 3053 Vers.
786 3001 839 3053 4.
870 2998 942 3052 Et
988 2998 1133 3054 abiit
1167 3028 1234 3039 —
1260 2998 1359 3054 eis.
1399 2998 1865 3067 Magistratibus,
1897 2998 1999 3071 qui
2033 3002 2176 3055 tem-

516 3086 685 3160 plum
732 3087 1166 3143 custodiebant.
1208 3090 1356 3143 Nam
1401 3094 1457 3142 et
1486 3088 1546 3144 hi
1603 3088 1872 3160 pecuniis
1907 3087 2177 3159 persuasi

2363 3000 2463 3049 Καὶ
2542 2995 2771 3049 ἀπελθὼν
2839 3027 2904 3037 —-
2964 2996 3159 3058 αὐτοῖς.
3222 3002 3337 3056 Τοῖς
3398 3002 3729 3071 στρατηγοῖς,
3790 3003 3904 3059 τοῖς

2292 3086 2628 3158 φυλάσσουσι
2674 3088 2730 3139 τὸ
2789 3087 2940 3158 ἱερόν.
2994 3090 3341 3138 Συνέπνευσαν
3369 3088 3469 3158 γὰρ
3502 3090 3591 3137 καὶ
3622 3086 3767 3138 οὗτοι
3796 3094 3905 3149 τοῖς

514 3192 655 3232 cum
682 3174 999 3232 homicidis
1030 3176 2037 3247 conjuraverant.Traderetautem,
2068 3177 2172 3233 hoc

2295 3181 2608 3249 μιαιφόνοις,
2660 3177 3053 3237 αναπεισθέντες
3092 3180 3363 3249 χρήμασι.
3400 3171 3632 3249 Παραδῷ
3665 3171 3744 3238 δὲ,
3780 3182 3899 3229 αντὶ

518 3270 625 3336 est,
655 3266 981 3322 traditurus
1007 3272 1184 3321 esset.

592 3358 748 3412 Vers.
778 3361 831 3411 5.
860 3356 935 3410 Et
968 3387 1037 3397 —
1066 3373 1124 3411 se
1152 3357 1421 3412 daturos.
1450 3357 1610 3412 Sicut
1631 3356 1892 3428 petebat.

592 3447 752 3501 Vers.
784 3446 838 3500 6.
896 3445 961 3499 Et
994 3445 1088 3501 ille
1128 3445 1455 3514 spopondit.
1493 3448 1612 3501 Hoc
1657 3446 1715 3500 in
1748 3446 1882 3501 loco
1933 3445 2180 3517 ἐξωμολό-

516 3553 700 3607 γησεν,
734 3535 896 3589 idem
950 3538 1063 3603 est,
1117 3534 1284 3606 quod
1314 3539 1525 3607 pactus
1569 3541 1674 3599 est,
1724 3534 1971 3591 ﬁrmiter
2008 3540 2066 3592 et
2112 3551 2182 3591 ex

519 3623 726 3680 animo
757 3622 1054 3695 promisit.

592 3711 753 3768 Vers.
785 3715 835 3768 6.
866 3712 956 3766 Ac
985 3741 1051 3752 —
1097 3711 1288 3768 turba.
1327 3711 1463 3769 Sine
1487 3711 1765 3769 tumultu.

591 3887 757 3944 Vers.
784 3890 835 3942 7.
867 3889 1026 3945 Venit
1056 3920 1124 3929 —
1163 3890 1413 3946 Pascha.
1450 3891 1714 3947 Verbum
1745 3893 1920 3959 venit,
1962 3891 2185 3962 signiﬁ-

523 3982 620 4035 cat
667 3978 756 4033 hic
784 3979 1061 4034 instabat.
1097 3978 1245 4034 Dixit
1275 3986 1496 4045 autem,
1545 3982 1718 4051 venit,
1767 3987 2009 4054 propter
2065 3998 2185 4036 ma-

525 4083 707 4138 gnam
748 4068 1281 4140 propinquitatem.
1312 4069 1485 4125 Aliud
1512 4072 1669 4125 enim
1698 4078 1804 4135 est,
1829 4071 1988 4144 quod
2011 4087 2186 4143 supe-

522 4157 644 4213 rius
673 4156 841 4212 dixit.
873 4157 1110 4228 ἤγγιζεν,
1161 4161 1682 4231 appropinquavit,
1727 4166 1783 4216 et
1832 4160 1993 4216 aliud
2032 4160 2184 4219 ἐπλη-

527 4250 700 4311 σίασε,
730 4246 1086 4314 imminebat,
1101 4247 1264 4313 quod
1291 4247 1387 4303 hic
1410 4249 1774 4317 signiﬁcatur
1802 4266 1905 4322 per
1936 4250 2185 4305 verbum

526 4332 668 4404 ἦλθε,
726 4336 899 4391 venit.
957 4335 1261 4408 Siquidem
1321 4339 1720 4409 propinquius
1759 4346 1846 4395 est
1898 4338 2188 4397 ἐπλησίασε

526 4440 712 4496 quam
744 4423 980 4494 ἤγγιζεν.
1040 4423 1174 4478 ideo
1218 4425 1311 4479 ubi
1346 4429 1548 4497 posuit
1605 4428 1843 4498 ἤγγιζεν,
1898 4435 2187 4483 eratante

529 4514 684 4567 duos
704 4512 830 4567 dies
866 4512 1129 4567 Paschas.
1162 4514 1309 4569 Nam
1339 4522 1475 4571 ante
1505 4517 1655 4571 duos
1682 4517 1808 4572 dies
1836 4518 2067 4572 locutus
2099 4523 2190 4573 est

528 4599 713 4655 Judas
746 4617 882 4655 cum
915 4601 1283 4672 principibus
1323 4605 1704 4661 sacerdotum
1737 4612 1793 4661 et
1834 4607 2189 4678 magistrati-

530 4688 647 4744 bus
670 4704 681 4742 :
703 4688 799 4743 ubi
815 4695 1003 4744 autem
1018 4689 1380 4758 signiﬁcatur
1397 4692 1731 4757 ἐπλησίασεν,
1747 4701 1979 4750 estante
2002 4712 2187 4751 unum

531 4777 713 4833 diem.
766 4776 917 4832 Nam
975 4783 1111 4833 ante
1167 4794 1354 4836 unum
1408 4783 1568 4838 diem
1603 4776 1780 4839 misit
1845 4785 2082 4840 Petrum
2133 4790 2188 4841 et

531 4869 826 4924 Joannem
874 4866 948 4923 ad
980 4867 1311 4938 parandum
1361 4871 1605 4942 Pascha,
1655 4873 1808 4928 sicut
1838 4873 2001 4946 apud
2056 4876 2188 4931 Mat-

536 4956 757 5013 thzeum
787 4961 843 5013 et
870 4958 1131 5013 Marcum
1175 4957 1510 5017 didicimus.

608 5138 659 5175 ⁶⁰
687 5136 885 5195 Matth.
917 5152 1071 5205 xxvr,
1110 5141 1195 5208 l7,
1308 5138 1351 5173 ⁶¹
1380 5137 1551 5194 Joan.
1591 5153 1715 5194 xui.
1750 5141 1839 5194 27.

2295 3274 2408 3332 τοῦ,
2440 3263 2768 3340 παραδώσει.

2369 3360 2470 3408 Καὶ
2500 3386 2566 3396 -—
2600 3351 2803 3407 δοῦναι.
2832 3352 2919 3416 Ὠς
2946 3352 3140 3415 ἐζήτει.

2369 3450 2469 3498 Καὶ
2519 3443 2924 3516 ἐξωμολόγησεν.
2994 3443 3081 3497 Ἐκ
3140 3444 3253 3515 (49)
3308 3440 3532 3518 καρδίας
3579 3442 3909 3517 ὡμολόγησε,

2296 3532 2520 3608 βεϐαίως
2543 3532 2905 3605 ἐπηγγείλατο.

2368 3717 2469 3767 Καὶ
2497 3744 2566 3754 --
2597 3713 2778 3785 ὄχλου.
2815 3712 3115 3788 Εὐκαιρίαν,
3160 3715 3345 3781 εἰτουν,
3376 3709 3669 3772 ἐπιτήδειον
3696 3716 3904 3786 καιρόν.

2293 3800 2449 3875 Ἀτερ
2479 3799 2538 3855 δὲ
2566 3801 2749 3875 ὄχλου,
2780 3800 2915 3865 ἀντὶ,
2958 3809 3070 3866 τοῦ,
3103 3808 3271 3876 χωρὶς
3299 3801 3518 3878 θορύϐου
3549 3801 3684 3873 (50).

2364 3892 2522 3945 Ἦλθε
2592 3922 2661 3931 —-
2715 3893 2932 3962 Πάσχα.
2984 3895 3053 3944 Τὸ
3103 3892 3252 3950 ἦλθεν
3310 3891 3533 3944 ἐνταῦθα
3598 3895 3657 3944 τό
3740 3889 3905 3949 ἐπλη-

2299 3987 2455 4033 σίασε
2508 3977 2680 4039 δηλοῖ.
2744 3981 2904 4033 ἿΙλθε
2948 3983 3046 4056 γὰρ
3110 3978 3238 4043 εἷπε,
3281 3978 3375 4034 διὰ
3431 3984 3523 4040 τήν
3567 3980 3696 4051 ἄγαν
3755 3979 3915 4051 ἐγγύ-

2296 4092 2446 4129 τητα.
2508 4078 2715 4143 Ἕτερον
2786 4072 2844 4123 δὲ
2906 4074 2963 4122 τὸ
3048 4071 3285 4142 ἤγγιζεν,
3342 4072 3462 4143 ὅπερ
3541 4072 3646 4122 οἶνω
3707 4073 3913 4143 εἴρηκεν

2295 4166 2386 4213 καὶ
2447 4162 2615 4232 ἕτερον
2671 4163 2729 4211 τὸ
2787 4158 3123 4223 ἐπλησίασεν,
3178 4164 3299 4231 ὅπερ
3360 4161 3583 4211 ἐνταῦθα
3635 4155 3913 4215 δηλοῦται.

2298 4254 2367 4302 Τό
2446 4249 2734 4308 ἐπλησίασε
2807 4252 2908 4322 γὰρ
2983 4251 3257 4321 ἐγγύτερόν
3346 4248 3457 4301 ἔστι
3529 4256 3621 4300 τοῦ
3699 4248 3912 4319 ἤγγιζε.

2300 4342 2385 4391 Διὸ
2441 4340 2561 4391 ἔνθα
2611 4342 2701 4410 μὲν
2729 4338 2872 4401 ἔταξε
2901 4341 2956 4390 τό
3005 4342 3213 4409 ἤγγιζε,
3270 4342 3370 4413 πρὸ
3420 4334 3515 4391 δύο
3564 4340 3767 4405 ἡπερῶν
3819 4346 3921 4390 τοῦ

2302 4430 2501 4500 Πάσχα
2564 4424 2644 4485 ἦν’
2709 4432 2810 4500 πρὸ
2871 4425 2967 4480 δύο
3010 4430 3111 4501 γὰρ
3161 4430 3366 4501 ἡμερῶν
3416 4424 3665 4488 όΙούὸας
3696 4424 3915 4478 συνελά-

2298 4518 2426 4575 λησε
2471 4524 2577 4577 τοῖς
2630 4516 2937 4590 ἀρχιερεῦσι
3005 4521 3091 4568 καὶ
3144 4524 3477 4591 στρατηγοῖς·
3532 4518 3652 4568 ἔνθα
3699 4512 3758 4567 δὲ
3814 4512 3917 4573 δη-

2299 4607 2481 4659 λουται
2520 4610 2578 4658 τό
2629 4605 2935 4674 ἐπλησίασε,
2985 4610 3085 4678 πρὸ
3130 4613 3251 4678 μιᾶς
3290 4606 3424 4659 ἐστι.
3486 4610 3593 4682 Πρὸ
3640 4612 3764 4678 μιᾶς
3806 4608 3913 4679 γὰρ

2302 4695 2568 4749 ἀπέστειλε
2615 4700 2804 4770 Πέτρον
2870 4700 2959 4747 καὶ
3030 4698 3268 4754 Ἰωάννην
3336 4696 3409 4758 εἰς
3461 4696 3764 4767 ἐτοιμασίαν
3816 4702 3913 4745 τοῦ

2301 4790 2521 4857 Πάσχα,
2580 4787 2753 4846 καθὼς
2817 4787 3187 4859 μεμαθήκαμεν
3251 4788 3395 4859 παρὰ
3456 4787 3729 4839 Μαὰθαίου
3810 4787 3908 4835 καὶ

2302 4878 2517 4949 Μάρκου
2530 4920 2540 4931 .

1610 5281 1832 5351 Variae
1879 5282 2209 5352 lectiones
2248 5294 2311 5353 et
2343 5289 2549 5353 notae.

614 5453 733 5524 (47)
765 5451 852 5509 Ita
902 5451 1083 5509 etiam
1115 5454 1365 5524 uterque
1416 5450 1477 5507 in
1526 5456 1802 5508 contextu
1862 5454 2023 5525 apud
2055 5458 2194 5510 Mat-

539 5525 777 5581 thieum.

613 5596 725 5671 (48)
754 5594 1280 5671 Demosthenicum
1329 5594 1462 5671 hoc.
1508 5594 1662 5671 V_(_le
1709 5600 1825 5670 περὶ
1859 5595 2188 5671 summota-6.

590 5705 602 5718 .
635 5666 758 5738 393,
786 5667 922 5731 edit,
946 5666 1141 5721 Reisk.
1179 5666 1278 5721 ubi
1325 5666 1512 5721 codex
1557 5666 2192 5738 Mosqu'ensis'ita'exhi

586 5742 684 5791 et:
729 5736 949 5798 Ἐκεῖνος
991 5738 1345 5811 (Phihppus)
1404 5740 1543 5811 ἡμᾶς
1595 5735 1975 5811 διεκωόώνισεν
2032 5741 2193 5792 ἁπαν-

542 5826 652 5870 τας.
680 5811 810 5861 Τίνα
838 5807 1024 5884 τρόπον
1056 5824 1069 5876 ;
1099 5807 1451 5884 προσπέμπων
1500 5808 1701 5884 ἑκάστῳ
1744 5807 1878 5882 ἰδία,
1930 5831 1989 5869 κ,
2049 5831 2098 5867 τ.
2139 5811 2187 5867 λ.

2305 5453 2473 5511 Conf.
2514 5456 2862 5527 Harpocrat.
2923 5470 2977 5524 p.
3020 5453 3116 5510 5t.
3173 5455 3539 5527 Frequenter
3587 5468 3659 5510 eo
3734 5453 3933 5511 etiam

2307 5527 2486 5582 utitur
2512 5526 2996 5598 Chrysostomus.

2377 5601 2486 5666 (49)
2538 5596 3465 5671 PraapositionemixTheophyl.
3502 5597 3681 5652 etiam
3715 5611 3791 5671 p._
3816 5601 3928 5653 510

2301 5669 2360 5723 C.
2413 5674 2623 5741 urget:
2662 5667 2964 5723 ’ΤΕΛΕΙΔΣ
3022 5667 3314 5742 ὁμολογίας
3352 5667 3442 5721 καί
3482 5671 3745 5730 συνθήκας
3772 5667 3928 5722 ἐποι-

2302 5760 2491 5799 ησατο.

2371 5813 2488 5885 (50)
2511 5811 2840 5886 Thcophyl.
2868 5812 2906 5868 Ι.
2925 5812 2963 5871 1.
2988 5816 3301 5887 καταμόνας.
