4128 6382
234 384 369 453 107⁸1

305 518 406 570 Καὶ
435 513 705 568 ἐπέστειλε
731 547 800 557 --
830 518 1090 589 φάγωμεν.
1121 518 1265 568 Κατὰ
1294 517 1381 568 τόν
1411 518 1583 588 νόμον.

302 606 368 656 Οἱ
394 600 454 656 δε
491 636 541 645 --
578 604 920 678 ἐτοιμάσομεν
954 624 970 675 ;
1022 607 1155 657 Οὔτε
1184 607 1284 677 γὰρ
1329 604 1480 666 αὐτὸς
1511 601 1649 676 εἶχεν
1698 600 1835 657 ἴδιον

227 699 581 766 καταγώγιον,
613 698 729 747 οὔτε
758 699 862 767 μήν
915 693 1084 761 αὐτοὶ,
1136 700 1296 746 πᾶσιν
1342 690 1449 752 ἤδη
1508 692 1835 765 ἀποταξάμε-

224 804 325 836 νοι.

298 872 358 926 Ὀ
390 870 448 927 δι
478 904 543 914 ——
576 873 902 945 ἑτοιμάσατε.
963 874 1043 927 Ἐν
1072 882 1142 944 τῷ
1184 872 1445 944 ἑξηκοστῷ
1495 878 1651 946 τρίτῳ
1681 893 1835 945 κεφα-

225 962 358 1034 λαίῳ
391 970 482 1016 τοῦ
520 965 657 1016 κατὰ
718 965 986 1017 Ματθαῖον
1021 964 1248 1024 ζήτησον
1296 967 1387 1021 τήν
1438 962 1690 1033 ἐξήγησιν
1722 970 1833 1015 τοῦ·

222 1051 286 1105 Ὀ
314 1048 373 1105 δὲ
402 1049 536 1106 εἶπεν
570 1071 581 1082 ·
616 1052 862 1124 Ὑπάγετε
915 1052 986 1115 εἱς
1040 1056 1134 1111 τήν
1173 1051 1319 1104 πόλιν
1358 1056 1485 1124 πρὸς
1531 1056 1617 1103 τόν
1668 1049 1831 1122 δεῖνα,

223 1144 422 1194 καὶτὰ
476 1141 615 1205 ἑξῆς.
680 1142 759 1196 Ἐν
820 1141 982 1217 ἐκείνῃ
1049 1145 1147 1216 γὰρ
1198 1145 1315 1215 περὶ
1371 1143 1564 1194 τούτων
1629 1143 1834 1194 πάντων

227 1228 449 1305 ἕῤῥήθη.

299 1320 626 1382 ’Δπελθόντες
655 1350 716 1360 -—
752 1323 847 1373 σὺν
876 1319 1037 1392 αὐτῷ.
1072 1319 1393 1383 Ἀκολούθως
1444 1318 1549 1373 ἕκιί
1585 1324 1674 1372 καὶ
1716 1325 1834 1395 περὶ

222 1412 420 1463 τούτων
449 1412 569 1485 εὑρή
581 1429 708 1473 σεις.

299 1504 401 1553 Καὶ
430 1496 535 1552 εἷπε
560 1529 626 1539 —
656 1501 864 1555 παθεῖν.
926 1496 1136 1571 Σπουδῇ
1182 1494 1494 1551 ἐσπούδασα
1524 1501 1709 1551 τούτου
1745 1506 1835 1551 τοῦ

220 1588 463 1643 ἕνιαυτοῡ
493 1593 551 1642 τό
584 1592 785 1660 Πάσχα
814 1596 990 1660 φαγεῖν
1022 1589 1136 1661 μεθ’
1162 1589 1326 1660 ὑμῶν,
1353 1592 1452 1660 πρὸ
1475 1596 1566 1641 τοῦ
1596 1607 1832 1662 σταυρω-

225 1680 383 1737 θῆναι
408 1697 470 1751 με
499 1678 636 1750 (51ὶ,
665 1681 783 1736 ἤτοι
837 1681 937 1752 πρό
999 1686 1091 1730 τοῦ
1120 1685 1303 1751 καιροῦ
1337 1686 1428 1729 τοῦ
1484 1681 1703 1748 Πάσχα·
1754 1678 1833 1730 Ἐν

222 1767 367 1838 αὐτῷ
395 1770 496 1841 γὰρ
528 1768 896 1838 σταυρωθῆναι
948 1766 1167 1839 ἔμελλεν,
1212 1770 1278 1829 ὡς
1325 1765 1537 1838 ἀνέγνως
1566 1770 1707 1841 παρὰ
1758 1774 1832 1835 τῷ

224 1858 481 1927 Ματθαίῳ
514 1855 560 1908 ἕν
584 1864 644 1929 τῇ
680 1855 932 1926 ἐξηγήσει
962 1864 1072 1909 τοῦ·
1107 1855 1302 1927 Ὀψίας
1331 1852 1390 1908 δὲ
1419 1860 1687 1928 γενομένης
1726 1855 1824 1909 ανέ-

1954 1873 2002 1913 ll]
2048 1857 2187 1912 dicti
2233 1856 2385 1912 illius
2438 1857 2817 1913 enarratione
2860 1872 2871 1912 :

221 1965 365 1998 κειτο
394 1948 523 2017 μετὰ
552 1955 650 1997 τῶν
683 1942 917 1998 δώδεκα.

296 2039 447 2106 Λέγω
500 2037 601 2109 γὰρ
672 2065 735 2077 —-
794 2043 884 2087 τοῦ
950 2040 1103 2087 Θεοῦ.
1170 2034 1255 2088 Ἐν
1330 2043 1395 2106 τῷ
1448 2034 1712 2106 ἑξηκοστῷ
1751 2055 1833 2088 τε-

223 2126 393 2197 τάρτῳ
462 2124 721 2196 κεφαλαίῳ
778 2132 868 2177 τοῦ
917 2126 1054 2176 κατὰ
1112 2126 1379 2177 Ματθαὲρν
1452 2124 1683 2185 ζήτησον
1740 2130 1833 2183 τήν

223 2212 494 2287 ἑρμηνείαν
556 2220 691 2266 τοῦ’
733 2216 880 2285 Λέγω
961 2209 1020 2265 δε
1113 2214 1235 2285 ὑμῖν
1311 2216 1389 2266 ὃτι
1447 2213 1505 2265 οὐ
1582 2218 1652 2285 μή
1731 2220 1833 2267 πίω

222 2300 420 2375 ἄπαρτι
491 2301 547 2354 ἐκ
603 2305 789 2355 τούτου
853 2310 944 2354 τοῦ
1018 2308 1333 2373 γεννήματος
1413 2311 1505 2363 τῆς
1580 2301 1829 2375 ἀμπέλου,

221 2393 316 2452 ἕως
400 2399 494 2453 τῆς
585 2393 778 2465 ἡμέρας
845 2390 1061 2453 ἐκείνης,
1126 2393 1245 2443 ὅταν
1322 2391 1448 2443 αὐτὸ
1520 2396 1650 2444 πίνω
1720 2394 1830 2465 μεθ’

223 2480 365 2552 ὑμῶν
395 2485 570 2533 καινόν
623 2484 673 2534 ἓν
746 2488 809 2553 τῇ
863 2478 1113 2553 βασιλείᾳ
1172 2488 1264 2533 τοῦ
1322 2486 1519 2552 Πατρός
1562 2501 1683 2552 μου.
1729 2486 1831 2535 Καὶ

219 2568 478 2641 ἀνάγνωθι
516 2577 710 2637 πᾶσαν,
762 2575 852 2623 καὶ
906 2571 1147 2645 εὑρήσεις
1210 2576 1325 2645 περὶ
1374 2576 1576 2623 παντων
1642 2569 1828 2624 λεπτος

220 2668 384 2732 μερῶς
393 2702 405 2714 .

296 2753 397 2802 Καὶ
438 2744 714 2820 δεξάμενος
773 2778 841 2788 -
888 2746 1108 2809 ἑαυτοῖς.
1177 2747 1433 2801 Ἐντεῦθεν
1492 2749 1687 2821 ἤρξατο
1736 2756 1827 2802 τοῦ

216 2846 481 2910 μυστικοῦ
510 2834 744 2893 δείπνου.

288 2931 440 2998 Λέγω
479 2958 529 2967 -
559 2927 702 3000 ἔλθῃ.
726 2928 807 2981 Ἐν
847 2935 908 2999 τῇ
946 2924 979 2980 δ
985 2926 1241 3000 ηλωθείση
1269 2928 1514 3002 ἑρμηνείᾳ
1538 2932 1626 2981 καὶ
1658 2936 1827 2981 ταῦτα

214 3015 671 3089 ἐμνημονεύθησαν
701 3019 831 3090 μετὰ
859 3020 949 3069 καὶ
990 3018 1101 3088 (52)
1128 3025 1226 3069 τῶν
1255 3016 1455 3090 ἑφεξῆς.

1194 385 1564 446 COMMENT.
1609 386 1675 447 IN
1714 386 1983 465 LUGAM.
2022 418 2091 433 --
2129 386 2288 451 CAP.
2330 387 2509 445 xxn.

1869 518 1915 577 Α
2019 517 2177 571 Vers.
2204 519 2255 572 8.
2284 515 2363 571 Et
2393 514 2583 573 emisit
2612 542 2682 557 —
2724 514 2988 572 edamus.
3025 512 3361 575 Secundum
3396 512 3612 585 legem.

3476 385 3616 455 1078

2022 607 2180 662 Vers.
2240 609 2289 660 9.
2350 608 2427 660 At
2459 606 2559 661 illi
2588 636 2656 644 —
2701 620 2987 673 paremus.
3026 606 3225 675 Neque
3277 603 3435 658 enim
3490 603 3615 675 ipse

1946 695 2259 767 proprium
2288 694 2554 751 habebat
2588 695 3005 764 diversorium,
3032 710 3223 766 neque
3254 693 3334 749 illi
3365 711 3378 748 :
3411 697 3616 765 utpote

1945 785 2228 840 omnibus
2255 785 2382 856 jam
2402 784 2717 840 derelictis.

2016 873 2181 930 Vers.
2224 874 2312 930 10.
2365 876 2491 945 Ipse
2522 889 2652 930 vero
2719 873 2969 928 —Vers.
3030 877 3107 928 l2.
3157 879 3391 942 parate.
3436 873 3614 928 Sexa-

1946 964 2173 1031 gesimo
2195 964 2365 1019 tertio
2384 962 2685 1032 Evangelii
2704 962 3039 1018 secundum
3062 961 3403 1017 Matthasum
3416 961 3614 1033 capite
3667 1018 3670 1022 Α

1944 1068 2146 1124 qurere
2190 1052 2329 1108 dicti
2362 1051 2515 1107 illius
2560 1051 3131 1123 interpretationem.
3170 1051 3241 1106 At
3275 1050 3370 1105 ille
3414 1050 3562 1105 dixit
3594 1066 3608 1105 :

1944 1142 2033 1198 Ite
2082 1142 2141 1198 in
2172 1143 2466 1198 civitatem
2502 1142 2584 1197 ad
2613 1141 2919 1213 quemdam
2944 1144 3012 1206 θ’,
3055 1146 3109 1198 et
3138 1146 3366 1197 caetera.
3403 1140 3467 1195 In
3509 1138 3612 1199 illa

1943 1231 2098 1288 enim
2120 1230 2194 1286 de
2225 1231 2318 1287 his
2351 1230 2627 1286 omnibus
2657 1230 2882 1287 dictum
2911 1234 3019 1286 est.

2015 1320 2174 1375 Vers.
2197 1321 2281 1376 13.
2303 1323 2351 1376 Α
2364 1320 2600 1376 beuntes
2615 1351 2679 1360 -
2692 1320 2856 1376 Vers.
2879 1323 2961 1375 14.
2983 1335 3115 1376 cum
3130 1334 3214 1376 eo.
3231 1319 3609 1392 Consequen-

1943 1413 2029 1467 ter
2058 1409 2142 1465 ibi
2167 1410 2340 1465 etiam
2374 1410 2447 1465 de
2468 1409 2560 1465 his
2586 1410 2879 1465 invenies.

2016 1502 2173 1554 Vers.
2224 1500 2305 1553 15.
2344 1499 2417 1554 Et
2449 1499 2533 1555 ait
2564 1529 2629 1542 -
2655 1501 2887 1567 patiar.
2921 1498 3312 1555 Festinatione
3330 1493 3608 1553 festinavi

1942 1589 2057 1644 hoc
2098 1602 2255 1644 anno
2308 1588 2533 1644 Pascha
2565 1590 2875 1644 comedere
2911 1588 3247 1654 vobiscum,
3280 1592 3606 1658 antequam

1943 1678 2280 1747 cruciﬁgar,
2324 1677 2448 1733 sive
2480 1682 2617 1735 ante
2663 1683 2899 1750 tempus
2953 1680 3193 1733 Paschaa
3222 1692 3406 1742 ;nam
3437 1675 3499 1729 in
3534 1690 3605 1730 eo

1942 1766 2383 1836 cruciﬁgendus
2439 1772 2584 1832 erat,
2640 1766 2790 1822 sicut
2843 1765 3007 1839 apud
3050 1764 3389 1821 Matthasum
3415 1762 3605 1833 legisti

2919 1857 3158 1928 Vespera
3214 1858 3406 1910 autem
3440 1856 3604 1923 facta

1942 1946 2341 2003 discumbebat
2368 1962 2497 2002 cum
2521 1945 2894 2001 duodecim“.

2017 2038 2175 2091 Vers.
2207 2036 2295 2091 16.
2320 2036 2467 2091 Dico
2507 2035 2657 2091 enim
2689 2066 2756 2074 —
2805 2034 2928 2091 Dei.
2967 2028 3351 2101 Sexagesimo
3384 2034 3602 2105 quarto

1946 2124 2243 2194 Evangelii
2269 2125 2437 2195 juxta
2464 2124 2804 2180 Matthamm
2838 2124 3031 2195 capite
3056 2138 3257 2195 quaare
3280 2120 3416 2175 dicti
3446 2120 3604 2175 illius

1943 2214 2385 2269 enarrationem
2422 2230 2434 2268 :
2464 2214 2607 2268 Dico
2638 2219 2835 2269 autem
2870 2212 3053 2277 vobis,
3088 2210 3240 2282 quod
3267 2227 3386 2266 non
3414 2209 3603 2264 bibam

1940 2304 2184 2375 posthac
2204 2318 2280 2359 ea:
2300 2303 2406 2359 hoc
2426 2303 2636 2371 fructu
2650 2302 2779 2356 vitis
2804 2315 2984 2372 usque
3000 2302 3061 2355 in
3079 2301 3231 2355 diem
3256 2300 3451 2363 illum,
3470 2314 3605 2353 cum

1943 2394 2123 2451 illum
2149 2392 2338 2447 bibam
2362 2391 2653 2448 vobiscum
2682 2408 2889 2446 novum
2914 2390 2975 2445 in
3002 2405 3180 2459 regno
3200 2389 3392 2443 Patris
3411 2387 3601 2442 mei“.

1941 2482 2093 2552 Lege
2127 2486 2336 2546 totum,
2370 2486 2427 2537 et
2455 2481 2525 2535 de
2557 2481 2841 2538 omnibus
2886 2477 3287 2552 particulatim
3318 2477 3601 2532 invenies.

2010 2753 2168 2805 Vers.
2225 2750 2307 2805 Π.
2364 2749 2439 2805 Et
2487 2752 2728 2819 accepto
2759 2781 2827 2788 —
2876 2764 2996 2806 vos.
3054 2748 3200 2804 Hinc
3229 2746 3467 2820 incepta
3518 2747 3607 2802 est

1936 2840 2192 2912 mystica
2222 2854 2416 2895 ccena.

2010 2929 2166 2985 Vers.
2216 2931 2296 2984 l8.
2325 2927 2462 2983 Dico
2494 2957 2563 2968 —
2593 2930 2809 2983 veniat.
2846 2929 2907 2982 In
2946 2926 3231 2999 praedicta
3260 2924 3605 2996 interpreta-

1934 3018 2090 3075 tione
2116 3017 2296 3074 etiam
2343 3017 2562 3073 horum
2584 3014 2751 3073 facta
2788 3022 2877 3072 est
2908 3015 3129 3071 mentio
3155 3030 3293 3070 cum
3319 3012 3433 3078 his,
3467 3028 3603 3085 qua:

1931 3112 2278 3180 sequuntur.

296 3201 398 3250 Καὶ
443 3195 611 3248 λαϐὼν
676 3224 737 3236 -—
807 3196 1087 3269 τραπέζης.
1136 3196 1424 3267 Ἀνάγνωθι
1481 3196 1626 3268 ἐντῷ
1682 3197 1818 3272 εἰρη-

2002 3199 2163 3252 Vers.
2204 3200 2284 3252 l9.
2316 3228 2381 3235 —
2410 3196 2488 3251 Et
2519 3201 2751 3262 accepto
2782 3226 2848 3235 —
2881 3193 3047 3249 Vers.
3072 3194 3160 3247 ‘21.
3193 3206 3415 3248 mensa.
3455 3192 3603 3262 Lege

213 3290 351 3358 μένῳ
408 3284 668 3357 κεφαλαίῳ
748 3290 842 3344 τήν
887 3286 1135 3357 ἐξήγησιν
1189 3294 1301 3340 τοῦ·
1385 3286 1693 3339 Ἐσθιόντων
1762 3285 1821 3339 δὲ

214 3374 600 3440 αὐτῶν,λαεὼν
656 3377 681 3427 ό
736 3374 942 3438 Ἰησους
1001 3378 1176 3449 ἄρτον,
1254 3382 1343 3429 καὶ
1420 3377 1821 3449 εὐχαριστήσας

1309 3483 1320 3494 ⁸
1379 3467 1567 3538 ὁμοίως
1629 3463 1686 3519 δὲ
1731 3472 1820 3519 καὶ

1610 3554 1820 3618 ἐξῆλθον

212 3462 420 3530 ἓκλασι,
452 3470 540 3516 καὶ
592 3461 776 3519 ἐδίδου
834 3472 938 3525 τοῖς
986 3467 1248 3536 μαθηταῖς

210 3556 308 3614 τὰς
370 3553 545 3625 ἐφεξῆς
615 3555 751 3627 ἄχρι
790 3562 880 3606 τοῦ
936 3572 948 3584 ·

212 3642 282 3702 εἰς
343 3645 401 3694 τὸ
450 3646 565 3713 ὅρος
613 3651 712 3694 τῶν
765 3642 981 3698 Ἐλαιῶν

1033 3560 1132 3607 Καὶ
1190 3556 1532 3627 ὑμνήσαντες,

1038 3660 1050 3673 ⁸
1098 3649 1187 3695 καὶ
1246 3646 1482 3718 εὑρήσεις
1531 3650 1648 3718 περὶ
1699 3647 1821 3697 πάν-

210 3752 310 3785 των
367 3731 593 3804 ἀκριϐῶς
643 3749 655 3762 ⁸
709 3729 860 3786 οὐδεν
942 3736 1044 3806 γὰρ
1118 3732 1451 3796 ἀνεξέταστον
1518 3734 1818 3806 ὑπελείφθη.

207 3825 280 3874 Τὸ
333 3816 412 3885 δε,
457 3825 513 3873 τό
574 3822 699 3895 ὑπερ
755 3823 897 3894 ὑμῶν
965 3821 1330 3894 ἑκχυνόμενον,
1379 3826 1508 3895 πρὸς
1558 3826 1613 3874 τὸ
1659 3828 1817 3882 ποτή-

205 3930 321 3985 ριον
378 3907 722 3964 ἀποδέδοται.
784 3914 852 3964 Τὸ
903 3908 962 3964 δε
1015 3917 1264 3985 ποτήριον
1336 3914 1394 3964 τὸ
1473 3914 1605 3984 αἷμα
1660 3912 1818 3965 αὐτοῦ

207 4000 344 4054 ἔστι.

285 4096 385 4142 Καὶ
420 4120 481 4129 -
514 4087 895 4162 παραδίδοται.
932 4095 1068 4147 Φησὶ
1102 4092 1369 4153 Ματθαῖος
1398 4089 1445 4142 ἓν
1461 4099 1530 4162 τῷ
1554 4090 1816 4161 ἑξηκοστῷ

208 4182 370 4250 τρίτῳ
395 4178 654 4251 κεφαλαίῳ
712 4200 723 4213 ·
769 4179 827 4234 Ὀ
875 4182 965 4251 μεν
997 4178 1117 4241 Υἱός
1147 4186 1237 4232 τοῦ
1274 4180 1544 4251 ἀνθρώπου
1604 4182 1812 4251 ὑπάγει,

206 4270 380 4328 καθὼς
408 4273 699 4342 γέγραπται
722 4274 840 4344 περὶ
866 4268 1047 4335 αὐτοῦ,
1081 4274 1170 4321 καὶ
1200 4272 1266 4322 τὰ
1313 4270 1449 4333 ἑξῆς·
1476 4270 1580 4321 ἐκεῖ
1611 4266 1698 4321 οὖν
1725 4275 1814 4322 καὶ

204 4366 372 4409 ταῦτα
399 4360 724 4430 ἐσαφηνίσθη
735 4378 849 4413 σαν.

280 4447 545 4500 Καὶαὐτοὶ
574 4479 641 4487 —
685 4450 962 4521 πράσσειν.
996 4449 1264 4510 Ματθαῖος
1320 4451 1410 4521 μεν
1459 4454 1549 4501 καὶ
1603 4451 1813 4522 Μάρκος

207 4540 309 4608 πρὸ
343 4544 437 4597 τῆς
468 4533 720 4609 διανομῆς
751 4545 841 4590 τοῦ
886 4539 1043 4611 ἄρτου
1073 4542 1162 4590 καὶ
1218 4546 1309 4590 τοῦ
1357 4543 1611 4611 ποτηρίου
1656 4546 1812 4609 φασιν

209 4626 400 4686 αὐτοὺς
454 4622 843 4699 διαπορηθῆναι
895 4632 1011 4699 περὶ
1056 4629 1241 4678 τούτου
1277 4645 1289 4657 ·
1348 4634 1557 4688 Λουκᾶς
1615 4625 1674 4681 δὲ
1724 4634 1813 4680 καὶ

205 4716 447 4776 Ἰωάννης
476 4719 605 4787 μετὰ
624 4720 718 4774 τὴν
746 4712 1021 4786 διανομήν.
1057 4716 1215 4774 Δῆλον
1247 4713 1333 4768 οὖν
1388 4718 1465 4769 ὃτι
1493 4722 1582 4769 καὶ
1612 4726 1813 4792 πρῶτον

205 4810 293 4857 καὶ
318 4805 531 4876 ὕστερον
562 4813 714 4857 τοῦτο
734 4810 928 4877 γέγονε.

280 4901 426 4950 ΚΕΦ.
457 4893 577 4950 ΟΖ’.
609 4899 733 4967 Περὶ
762 4904 861 4948 τῶν
893 4894 1354 4963 φιλονεικησάντων
1402 4901 1478 4956 τίς
1513 4899 1728 4968 μείζων,

280 4984 509 5055 Ἐγίνετο
565 5014 634 5024 -
694 4984 904 5055 μείζων.
964 4989 1064 5036 Καὶ
1136 4983 1311 5037 ἄλλοτε
1390 4990 1504 5059 περὶ
1573 4989 1812 5037 τοιούτου

206 5075 514 5145 πράγματος
627 5070 1059 5145 ἕπολυπραγμόνη
1069 5092 1183 5138 σαν,
1292 5076 1357 5135 ὡς

206 5161 406 5237 ἔγραψε
457 5162 719 5223 Ματθαῖος
786 5159 834 5213 ἐν
889 5170 959 5213 τῶ
1042 5172 1335 5235 τριακοστῷ
1406 5160 1612 5235 ἑϐδόμῳ
1664 5183 1814 5236 κεφα-

1466 5082 1808 5147 φανερώτερον

277 5342 325 5377 ⁶²
373 5339 569 5397 Matth.
636 5355 790 5406 xxvr,
848 5340 936 5395 l8.
1052 5343 1097 5376 ⁸³
1150 5340 1298 5396 Ibid.
1328 5342 1417 5395 20.

203 5414 273 5468 22
323 5429 337 5479 ;
377 5414 548 5468 Marc.
577 5428 698 5467 xxv.
735 5411 814 5467 l9.
912 5414 959 5448 “
990 5413 1159 5469 Joan.
1188 5429 1304 5477 xm,
1354 5413 1444 5469 22.

1523 5343 1572 5379 ⁶⁴
1607 5340 1752 5399 Ibid.
1792 5347 1881 5399 29.

1933 3286 2215 3358 prtedicto
2246 3287 2437 3357 capite
2464 3284 2604 3341 dicti
2624 3284 2777 3339 illius
2804 3282 3267 3346 enarrationem,
3286 3280 3602 3336 Edentibus

1930 3384 2126 3433 autem
2153 3375 2287 3443 illis,
2316 3380 2553 3443 sumpto
2577 3376 2747 3430 Jesus
2767 3389 2943 3442 pane,
2965 3388 3091 3428 cum
3118 3371 3345 3443 gratias
3366 3370 3597 3441 egisset,

1925 3467 2127 3537 fregit,
2177 3465 2456 3535 deditque
2502 3463 2814 3532 discipulis
2844 3466 2937 3529 ⁶⁵;
2991 3461 3256 3516 similiter
3305 3466 3506 3515 autem
3546 3462 3601 3514 et

1930 3560 2240 3627 sequentes
2295 3552 2808 3625 interpretationes
2865 3569 3051 3625 usque
3084 3551 3161 3606 ad
3210 3565 3349 3605 eum
3402 3547 3598 3603 locum

1929 3661 2052 3717 quo
2075 3644 2323 3701 dicitur:
2349 3645 2421 3699 Et
2443 3644 2618 3700 dictis
2645 3643 2937 3709 laudibus,
2971 3641 3235 3698 exierunt
3265 3641 3328 3694 in
3346 3644 3600 3695 montem

1931 3735 2234 3791 Oliuarum
2262 3736 2347 3799 ⁶⁶;
2382 3740 2437 3789 et
2476 3734 2549 3788 de
2578 3734 2669 3789 his
2702 3732 2986 3787 omnibus
3036 3735 3243 3786 exacte
3283 3727 3547 3784 invenies
3583 3742 3596 3781 :

1930 3823 2078 3880 nihil
2134 3823 2294 3879 enim
2345 3822 2737 3878 indiscussum
2788 3821 3057 3877 relictum
3110 3826 3213 3875 est.
3249 3817 3416 3887 Quod
3458 3832 3600 3871 vero

1928 3913 2163 3978 dicitur,
2206 3912 2361 3984 quod
2416 3928 2525 3981 pro
2579 3911 2739 3968 vobis
2791 3911 3139 3981 effunditur,
3191 3908 3269 3964 ad
3316 3906 3597 3979 poculum

1926 4002 2305 4059 referendum
2337 4006 2423 4057 est
2456 4018 2468 4065 ;
2502 4017 2681 4072 porro
2714 4001 2995 4073 poculum
3026 4005 3115 4055 est
3163 3996 3414 4068 sanguis
3444 3997 3596 4065 ejus.

1998 4092 2161 4147 Vers.
2200 4096 2284 4146 2'2.
2318 4092 2486 4145 Et—
2510 4091 2794 4146 traditur.
2857 4089 3162 4146 Matthaeus
3222 4084 3597 4157 sexagesimo

1926 4182 2094 4238 tertio
2125 4180 2315 4252 capite
2346 4179 2428 4235 sic
2451 4179 2629 4235 habet
2654 4196 2666 4235 :
2697 4179 2889 4235 Filius
2912 4178 3149 4251 quidem
3178 4175 3429 4231 hominis
3452 4173 3593 4238 abit,

1922 4272 2071 4327 sicut
2100 4271 2388 4339 scriptum
2418 4276 2500 4326 est
2531 4268 2599 4326 de
2629 4270 2753 4338 ipso
2784 4270 2852 4334 ⁸⁷,
2908 4274 2964 4324 et
3020 4271 3230 4323 caetera
3278 4282 3291 4331 ;
3322 4262 3402 4319 ibi
3450 4277 3594 4332 ergo

1923 4361 2102 4417 etiam
2134 4360 2262 4415 hate
2293 4358 2673 4414 manifestata
2700 4363 2860 4412 sunt.

1996 4450 2159 4505 Vers.
2216 4452 2308 4504 23.
2360 4449 2423 4503 Et
2468 4448 2579 4516 ipsi
2646 4478 2707 4488 —
2752 4448 3021 4516 facturus
3073 4449 3235 4502 esset.
3290 4440 3594 4497 Matthmus

1921 4540 2167 4613 quidem
2204 4544 2259 4594 et
2288 4539 2517 4593 Marcus
2553 4542 2685 4592 ante
2719 4537 2891 4607 panis
2919 4552 2987 4591 ac
3012 4534 3201 4605 poculi
3232 4530 3592 4588 divisionem

1924 4631 2110 4693 aiunt,
2162 4628 2327 4699 ipsos
2359 4627 2427 4681 de
2492 4627 2608 4681 hoc
2641 4625 2945 4682 dubitasse
2977 4626 3024 4660 δε
3082 4641 3096 4690 ;
3134 4626 3319 4679 Lucas
3352 4636 3487 4675 vero
3538 4619 3596 4674 et

1921 4722 2200 4783 Joannes,
2231 4722 2363 4788 post
2392 4716 2746 4771 divisionem
2796 4718 2864 4768 ³9.
2918 4713 3289 4771 Manifestum
3321 4715 3405 4767 est
3426 4724 3589 4779 ergo,

1922 4807 2088 4881 quod
2126 4812 2181 4863 et
2213 4812 2370 4872 ante,
2405 4810 2460 4861 et
2512 4811 2715 4877 postea
2762 4805 2983 4861 factum
3012 4805 3104 4859 sit.

1997 4898 2145 4953 CAP.
2183 4895 2435 4951 LXXVII.
2470 4896 2545 4951 De
2583 4895 2975 4959 contentione,
3026 4894 3157 4965 quis
3188 4901 3326 4951 esset
3373 4897 3587 4968 major.

1996 4985 2160 5040 Vers.
2215 4987 2303 5039 24.
2364 4984 2548 5040 Facta
2605 4991 2686 5039 est
2719 5014 2783 5023 —-
2834 4986 3055 5053 major.
3094 4983 3283 5039 Etiam
3326 4983 3467 5040 alibi
3515 4984 3589 5039 de

1924 5073 2271 5146 hujusmodi
2302 5088 2364 5128 re
2417 5073 2649 5128 curiose
2701 5072 3112 5144 inquisierant,
3154 5072 3305 5128 sicut
3344 5072 3592 5128 manife-

1928 5164 2076 5220 stius
2102 5162 2340 5235 scripsit
2361 5161 2681 5218 Matthasus
2704 5162 3007 5248 tricesimo
3027 5162 3279 5248 septimo
3293 5162 3384 5219 sui
3404 5163 3591 5230 Evan-

2482 5342 2530 5377 “
2588 5339 2715 5397 Ibid
2747 5344 2834 5398 30.
2930 5342 2979 5378 ⁸⁷
3006 5341 3147 5398 Ibid.
3178 5342 3260 5399 14.
3360 5341 3407 5379 ⁸⁸
3436 5342 3586 5400 Ibid.

1982 5343 2032 5380 ⁸⁵
2090 5340 2235 5399 Ibid.
2294 5343 2384 5398 26.
2482 5342 2530 5377 “
2588 5340 2715 5397 Ibid
2747 5344 2834 5398 30.
2930 5342 2979 5378 ⁸⁷
3006 5341 3147 5398 Ibid.
3178 5342 3260 5399 14.

1474 5618 1697 5688 Velim
1737 5618 2067 5687 lectiones
2108 5627 2173 5686 et
2214 5628 2413 5686 notae.

276 5818 393 5893 (5|)
418 5819 499 5873 Mt
537 5816 706 5874 abest
730 5820 793 5872 Α.

1992 5815 2106 5891 (52)
2145 5815 2254 5872 Καί
2282 5814 2450 5873 abest
2478 5818 2547 5872 A.
