4128 6382
530 526 664 597 gelii
716 524 905 597 capite
966 538 980 579 :

529 615 855 690 quisquam
882 614 1076 685 major
1101 619 1253 667 esset
1276 613 1329 666 in
1351 626 1534 680 regno
1556 607 1967 672 caelorum,hic
1984 614 2175 662 autem

533 705 651 761 alia
681 706 753 759 de
804 720 986 759 causa
1020 702 1333 765 contentio,
1395 701 1517 756 sive
1557 698 1861 770 inquisitio
1895 698 2043 752 inter
2083 712 2184 752 eos

534 794 744 850 incidit
776 812 789 862 ;
817 796 945 865 jam
980 793 1138 848 enim
1179 793 1455 846 certiores
1504 790 1639 845 facti
1673 788 1745 843 de
1772 794 1959 843 morte
2004 786 2188 855 magi—

534 884 655 949 stri,
685 882 1221 957 inquirebant,quis
1252 898 1459 936 eorum
1492 879 1779 934 videretur
1811 894 1937 933 esse
1968 877 2185 949 major,

533 978 598 1030 ut
636 979 981 1030 caeterorum
1009 972 1174 1028 ﬁeret
1198 970 1498 1041 magister.

610 1152 770 1209 Vers.
802 1151 890 1207 25.
918 1152 994 1205 At
1025 1150 1130 1206 ille
1174 1182 1240 1189 —
1272 1150 1373 1206 eis.
1404 1149 1583 1204 Docet
1621 1164 1783 1209 sane.
1819 1146 1981 1217 quod
2015 1143 2064 1199 is
2086 1144 2189 1217 qui

532 1240 978 1314 praeponendus
1019 1245 1191 1305 esset,
1245 1254 1363 1293 non
1398 1238 1640 1293 deberet
1687 1235 2005 1301 dominari,
2064 1240 2191 1290 tan-

530 1348 717 1404 quam
748 1330 1029 1385 dominus
1058 1346 1070 1394 ;
1100 1344 1243 1383 nam
1275 1326 1335 1383 id
1360 1343 1531 1397 reges
1560 1333 1730 1383 terrm
1762 1326 2188 1381 faciuntinﬂati

531 1420 892 1494 principatu,
936 1425 992 1475 et
1018 1418 1154 1475 elati
1209 1423 1451 1490 propter
1488 1433 1590 1472 eos
1620 1416 1840 1489 quibus
1880 1415 2191 1470 dominan-

532 1513 647 1567 tur.

604 1598 767 1653 Vers.
800 1599 889 1655 25.
942 1598 1009 1651 Et
1040 1597 1145 1669 qui
1167 1627 1234 1635 ——
1256 1601 1559 1650 vocantur.
1601 1594 1910 1664 Tanquam
1939 1592 2190 1663 judicati

530 1689 810 1760 majores,
845 1692 946 1744 aut
975 1686 1153 1742 etiam
1197 1693 1484 1757 tanquam
1517 1684 1718 1756 gloriae
1750 1683 1970 1755 cupidi.

598 1778 762 1834 Vers.
788 1781 876 1833 26.
913 1779 1017 1832 Vcs
1062 1806 1115 1817 —
1145 1776 1246 1847 qui
1274 1774 1601 1830 ministrat.
1638 1773 1961 1841 Fianthmc,
2000 1788 2192 1845 quan-

527 1872 654 1926 tum
703 1867 781 1924 ad
812 1867 997 1923 animi
1038 1865 1418 1922 modestiam.
1462 1865 1767 1920 Juuiorem
1802 1868 2005 1921 autem
2049 1862 2193 1920 dicit
2224 1858 2263 1913 Β

526 1964 931 2034 postremum.

597 2049 765 2104 Vers.
816 2049 904 2103 27.
963 2046 1099 2103 Uter
1147 2076 1215 2085 —
1260 2044 1360 2117 qui
1389 2045 1705 2101 ministrat.
1763 2046 1833 2101 Se
1873 2044 2070 2116 ipsum
2132 2044 2192 2098 in

526 2136 864 2209 exemplum
897 2134 1189 2190 sermonis
1211 2133 1453 2205 praebet.
1484 2137 1628 2189 Cum
1650 2134 1806 2188 enim
1824 2133 1932 2205 ipsi
1958 2149 2194 2188 accum-

524 2226 745 2293 berent,
783 2231 1072 2298 tanquam
1125 2224 1381 2293 majores
1414 2223 1492 2279 ab
1533 2240 1602 2278 eo
1652 2224 1865 2294 habiti,
1896 2223 1990 2278 ille
2024 2222 2185 2278 mini-

523 2315 767 2379 strabat,
790 2313 963 2386 quasi
988 2318 1363 2384 postremum
1387 2328 1448 2367 se
1470 2312 1670 2385 ipsum
1697 2313 1943 2378 ducens,
1965 2328 2105 2367 cum
2137 2315 2192 2367 et

530 2405 714 2479 pedes
742 2420 946 2460 eorum
988 2402 1230 2457 lavaret.

602 2495 762 2549 Vers.
810 2497 904 2548 28.
949 2493 1056 2548 Vos
1088 2524 1154 2532 —
1182 2492 1349 2548 Vers.
1404 2490 1490 2546 29.
1528 2506 1789 2562 regnum.
1828 2523 1894 2531 —
1942 2492 2193 2559 Dispono

527 2584 681 2641 vobis
737 2598 1003 2654 regnum,
1046 2580 1160 2637 hoc
1219 2586 1328 2647 est,
1379 2581 1681 2652 promitto.
1736 2581 2012 2649 Regnum
2050 2598 2192 2636 vero

528 2674 767 2730 caaleste
812 2671 1102 2741 intelligit,
1146 2672 1319 2740 cujus
1374 2686 1475 2741 spe
1508 2671 1832 2727 roborabat
1877 2687 1977 2726 eos
2010 2671 2191 2727 etiam

530 2763 608 2820 ad
650 2760 1128 2831 magnitudinem
1181 2777 1249 2815 ac
1306 2759 1706 2815 tolerantiam.

604 2852 764 2907 Vers.
798 2856 884 2907 30.
922 2853 984 2908 Ut
1014 2882 1076 2892 —
1108 2866 1583 2907 mensammeam.
1616 2852 1878 2907 Mensam
1919 2851 2191 2907 videlicet

529 2941 693 2998 illam
748 2941 961 3010 regiam
1014 2956 1083 2995 ac
1145 2939 1469 2995 cmlestem.
1526 2940 1773 2995 Possunt
1818 2946 2019 2996 autem
2074 2940 2190 2995 dici

530 3047 762 3099 mensa,
786 3030 947 3085 bona
969 3036 1188 3085 interna
1204 3035 1279 3094 et,
1312 3028 1631 3084 ineffabilia
1651 3046 1785 3101 quae
1813 3029 2193 3098 diligentibus

532 3124 717 3177 Deum
771 3124 1104 3192 praeparata
1150 3122 1306 3184 sunt,
1342 3119 1510 3174 cibus
1544 3135 1680 3174 vero
1735 3135 1804 3175 ac
1850 3126 2045 3192 potus,
2104 3122 2193 3175 est

530 3208 767 3267 illorum
801 3208 1019 3264 fruitio.

606 3299 762 3354 Vers.
822 3299 910 3353 30.
943 3298 1015 3352 Et
1049 3329 1115 3337 —
1150 3298 1352 3353 Israel.
1390 3297 1508 3353 Hoc
1567 3297 1744 3353 etiam
1781 3298 1891 3353 illis
1922 3297 2193 3370 promisit

531 3386 993 3461 quadragesimo
1050 3386 1237 3458 primo
1297 3386 1800 3458 Evangeliijuxta
1856 3388 2191 3443 Matthaeum

534 3477 747 3549 capite,
778 3476 879 3531 ubi
924 3475 1211 3546 scriptum
1244 3479 1331 3530 est
1361 3493 1372 3532 ς
1430 3476 1603 3530 Jesus
1655 3482 1851 3531 autem
1885 3476 2022 3532 dixit
2055 3477 2135 3531 eis
2174 3492 2188 3531 :

534 3565 711 3621 Amen
739 3565 869 3620 dico
898 3565 1071 3628 vobis,
1105 3563 1265 3635 quod
1296 3580 1393 3619 vos
1416 3565 1512 3635 qui
1535 3567 1744 3621 secutis
1775 3568 1906 3621 estis
1940 3566 2092 3631 me”,
2137 3569 2193 3620 et

538 3659 753 3710 caatera
787 3669 800 3708 :
826 3652 905 3708 ibi
938 3668 1079 3721 ergo
1105 3652 1230 3719 lege
1258 3653 1472 3708 horum
1502 3654 2068 3725 interpretationem.

1882 387 2231 446 EUTHYMII
2279 390 2593 453 ZIGABEN
2600 392 2621 449 Ι

1037 523 1140 579 sed
1204 526 1338 580 tunc
1408 520 1653 594 quidem
1708 518 1781 575 de
1862 518 1977 574 hoc
2024 520 2168 583 erat,

2304 518 2420 591 λαίῳ
2488 519 2669 571 αὐτοῦ.
2725 516 2880 569 Ἀλλὰ
2926 521 3041 569 τότε
3092 518 3182 589 μὲν
3256 520 3373 590 περὶ
3442 525 3554 583 τοῦ,

3764 390 3911 448 1080

3636 523 3728 580 Τίς
3803 518 3913 590 ἄρα

2296 609 2488 682 μείζων
2539 608 2678 661 ἐστὶν
2730 610 2777 660 ἐν
2825 615 2885 679 τῇ
2953 606 3197 679 βασιλείᾳ
3244 616 3343 659 τῶν
3397 608 3624 680 οὐρανῶν
3654 625 3667 674 ;
3702 616 3791 659 νῦν
3850 605 3915 666 δὲ

2296 697 2415 750 καθ’
2478 698 2651 771 ἑτέραν
2721 697 2885 749 αἰτίαν
2943 699 2968 755 ἡ
3033 695 3320 769 φιλονεικία
3391 700 3599 758 τούτοις
3655 697 3911 760 ἐνέπεσεν,

2299 791 2464 839 εἵτουν
2511 789 2539 845 ἡ
2598 786 2829 849 ἐξέτασις
2865 804 2875 815 ·
2910 786 3381 859 πληροφορηθέντες
3441 790 3542 863 ’γὰρ
3616 784 3723 845 ἤδη
3788 790 3912 858 περὶ

2297 886 2390 937 τῆς
2415 885 2504 929 τοῦ
2543 873 2875 929 διδασκάλου
2928 876 3187 939 τελευτῆς,
3245 875 3525 943 ἐξὴτησαν,
3567 882 3648 938 τίς
3695 876 3749 939 ἐξ
3806 876 3909 927 αὖ,

2298 975 2397 1019 τῶν
2430 963 2575 1019 δοκεῖ
2604 963 2731 1019 εἶναι
2770 969 2982 1037 μείζων,
3018 967 3100 1017 ἵνα
3161 962 3489 1029 διδάσκαλος
3532 972 3746 1039 γένηται
3804 976 3911 1018 τῶν

2300 1056 2463 1108 ἄλλων
2473 1098 2486 1113 .

2370 1144 2428 1197 Ὀ
2458 1141 2517 1197 δε
2561 1177 2627 1185 —
2676 1144 2864 1199 αὐτῶν.
2918 1140 3170 1197 Διδάσκει
3213 1144 3391 1197 λοιπὸν
3436 1148 3503 1208 ὡς
3550 1147 3575 1197 ό
3635 1147 3909 1219 προεστά-

2300 1255 2384 1286 ναι
2458 1238 2649 1287 τούτων
2730 1233 2923 1306 μέλλων
3013 1234 3105 1285 οὐκ
3184 1234 3373 1305 ὀφείλει
3428 1243 3757 1309 κυριαρχείν,
3842 1237 3913 1295 ὡς

2304 1320 2564 1384 δεσπότης
2597 1343 2609 1355 ·
2643 1331 2797 1375 τουτο
2832 1325 2932 1395 γὰρ
2985 1324 3033 1375 οἱ
3092 1322 3326 1395 βασιλεῖς
3375 1333 3473 1375 τῶν
3500 1323 3652 1376 ἐθνῶν
3692 1331 3911 1376 ποιοῦσι

2301 1417 2644 1486 τετυφωμένοι
2670 1420 2779 1473 ταῖς
2807 1414 3005 1485 ἀρχαῖς
3030 1417 3118 1464 καὶ
3146 1417 3571 1488 κατεπαιρόμενοι
3618 1422 3715 1465 τῶν
3744 1412 3913 1487 ἀρχο-

2301 1507 2484 1575 μένων.

2376 1595 2479 1648 Καὶ
2510 1594 2559 1644 οἱ
2584 1624 2647 1632 -
2677 1590 2974 1646 καλοῦνται.
3019 1590 3106 1654 Ὠς
3147 1587 3416 1653 δοκοῦντες
3463 1595 3708 1665 μείζονες,
3754 1592 3784 1651 ἣ
3814 1596 3914 1644 καὶ

2304 1685 2371 1744 ὡς
2398 1678 2683 1754 φιλόδοξοι,

2372 1771 2537 1844 ’Υμεῖς
2568 1803 2633 1811 -
2667 1768 2941 1825 διακόνῶν.
2972 1773 3198 1824 Γένέσθω
3228 1779 3415 1840 ταῦτα,
3448 1773 3568 1824 ὅσον
3600 1771 3682 1825 ἐπὶ
3702 1776 3912 1846 μετριο-

2304 1864 2556 1935 φροσύνῃ.
2577 1866 2836 1925 Νεώτερον
2879 1858 2938 1914 δὲ
2965 1860 3098 1933 λέγει
3124 1864 3211 1913 τόν
3234 1864 3482 1933 ἔσχατον.

2373 2046 2465 2103 Τίς
2513 2071 2578 2083 -
2626 2037 2898 2094 διακονῶν.
2940 2039 3151 2093 Ἑαυτὸν
3232 2040 3408 2102 αὐτοῖς
3480 2037 3704 2093 δίδωσιν
3778 2042 3913 2094 ὑπό-

2306 2127 2499 2202 δειγμα
2576 2138 2669 2181 τοῦ
2734 2129 2911 2200 λόγου.
2986 2133 3190 2183 Τούτων
3264 2132 3364 2201 γὰρ
3430 2129 3785 2202 ἀνακειμένων,
3846 2134 3915 2192 ὡς

2304 2224 2551 2292 μειζόνων
2578 2219 2665 2271 ὑπ’
2698 2219 2856 2271 αὐτοῦ
2928 2221 3223 2293 κριθέντων,
3276 2220 3420 2279 οὗτος
3453 2216 3785 2285 διηκόνησεν,
3843 2222 3914 2281 ὡς

2304 2311 2532 2380 ἔσχατον
2582 2309 2760 2361 ἑαυτὸν
2819 2310 3176 2380 λογισάμενος,
3239 2310 3321 2361 ὅτε
3360 2308 3500 2380 ἔνιψε
3568 2312 3686 2370 τοὺς
3739 2305 3916 2372 πόδας

2304 2398 2493 2451 αὐτῶν.

2375 2496 2524 2561 Υμείς
2589 2519 2657 2528 —
2727 2486 3021 2560 βασιλείανσ
3082 2489 3381 2559 Διατίθεμαι
3440 2488 3560 2559 ὑμῖν
3615 2486 3914 2560 βασιλείαν,

2305 2576 2419 2630 ἀντὶ
2444 2585 2557 2645 τοῦ,
2602 2577 2985 2649 ἐπαγγέλλομαι
3035 2593 3047 2605 ⁸
3085 2576 3358 2649 βασιλείαν
3420 2574 3478 2630 δε
3531 2577 3786 2650 οὐράνιον,
3856 2580 3918 2639 ἧς

2302 2676 2417 2729 ταῖς
2440 2666 2611 2719 ἐλπίσι
2640 2664 2907 2742 ὃιανευροῖ
2950 2669 3158 2729 τούτους
3212 2670 3285 2719 ἔτι
3316 2670 3443 2742 πρὸς
3502 2666 3765 2739 εὐψυχίαν
3821 2673 3917 2720 καὶ

2302 2758 2587 2829 ὑπομονήν.

2369 2852 2479 2899 Ἵνα
2535 2877 2603 2886 —
2648 2845 2907 2920 τραπέζης
2972 2864 3092 2916 μου.
3166 2852 3269 2905 Τῆς
3357 2844 3638 2918 βασιλικῆς
3695 2844 3910 2911 ἐκείνης,

2302 2944 2395 2996 τῆς
2440 2935 2702 3009 οὐρανίου,
2780 2932 2891 2986 Εἶεν
2948 2932 2998 2987 δ’
3044 2934 3103 2985 ἂν
3160 2935 3395 3007 τράπεζα
3463 2937 3553 3007 μεν
3600 2937 3664 2987 τὰ
3726 2934 3916 2987 αἰώνια

2302 3030 2390 3076 καὶ
2426 3023 2699 3099 ἀπόρρητα
2740 3022 2929 3096 ἀγαθὰ,
2972 3027 3039 3076 τὰ
3093 3026 3454 3097 ἡτοιμασμένα
3506 3032 3615 3086 τοίς
3663 3023 3914 3096 ἀγαπῶσι

2302 3118 2389 3166 τὸν
2425 3117 2552 3167 Θεὸν
2605 3134 2617 3147 ·
2682 3112 2879 3189 βρῶσις
2919 3110 2978 3166 δὲ
3033 3118 3122 3166 καὶ
3174 3118 3331 3176 πόσις
3383 3115 3411 3172 ἡ
3459 3113 3743 3175 ἀπόλαυσις
3816 3113 3912 3165 αὖ·

2302 3212 2420 3257 τῶν.

2376 3296 2475 3346 Καὶ
2507 3323 2575 3332 -
2600 3291 2835 3366 Ἰσραήλ.
2878 3299 3043 3345 Τοῦτο
3074 3292 3339 3364 ὑπέσχετο
3395 3292 3573 3355 αὐτοῖς
3611 3296 3701 3345 καὶ
3766 3292 3813 3344 ἐν
3841 3300 3915 3363 τῷ

2301 3391 2713 3456 τεσσαρακοστῷ
2745 3388 2933 3455 πρώτῳ
2968 3382 3226 3454 κεφαλαίῳ
3283 3389 3372 3434 τοῦ
3428 3386 3563 3435 κατὰ
3623 3385 3917 3446 Ματθαῖον,

2302 3474 2421 3526 ἔνθα
2440 3475 2730 3545 γέγραπται
2760 3476 2835 3524 τό·
2882 3468 2993 3525 ὁδε
3044 3473 3251 3533 Ἰησοῦς
3304 3470 3438 3524 εἶπεν
3494 3472 3688 3534 αὐτοῖς·
3745 3473 3918 3543 Ἀμὴν

2299 3561 2593 3634 ).έγωὺμῖν,
2651 3562 2730 3613 ὅτι
2780 3564 2925 3633 ὑμεῖς
2979 3563 3026 3613 οἱ
3075 3559 3523 3625 ἀκολουθήσαντές
3583 3582 3693 3635 μοι,
3750 3560 3797 3613 ἐν
3847 3569 3915 3634 τῇ

2300 3651 2691 3723 παλιγγενεσία,
2781 3653 2901 3704 ὅταν
2982 3654 3175 3725 καθίσῃ
3220 3653 3244 3703 ὁ
3289 3654 3407 3714 Υἱὸς
3477 3660 3567 3705 τοῦ
3640 3650 3919 3724 ἀνθρώπου

541 3742 623 3795 ἐπὶ
650 3745 831 3815 θρόνου
868 3739 1028 3804 δόξῆς
1068 3742 1247 3807 αὐτοῦ,
1281 3744 1563 3796 καθίσεσθε
1585 3748 1674 3796 καὶ
1707 3745 1849 3816 ὑμεῖς
1900 3745 1983 3796 ἐπὶ
2029 3740 2241 3796 δώδεκα
2287 3742 2517 3817 θρόνους,
2551 3746 2808 3815 κρίνοντες
2840 3743 2933 3802 τὰς
2962 3737 3173 3793 δώδεκα
3212 3740 3375 3813 φυλὰς
3401 3748 3493 3794 τοῦ
3539 3740 3753 3815 Ἰσραὴλ
3781 3756 3791 3767 ·
3820 3746 3919 3793 καὶ

541 3831 798 3903 ἀνάγνωθι
823 3835 915 3889 τὴν
942 3834 1138 3884 τούτων
1170 3830 1436 3903 ἐξήγησιν.

719 3920 875 3977 CAP.
907 3921 1201 3975 LXXVIII.
1238 3922 1314 3976 De
1346 3923 1692 3991 expetitione
1724 3923 1969 3979 Satanae.

613 4009 775 4065 Vers.
827 4012 913 4066 31.
946 4011 1109 4067 Dixit
1140 4043 1207 4052 —
1253 4012 1532 4068 triticum.
1568 4013 1651 4067 Illi
1698 4012 1857 4069 enim
1901 4013 2083 4069 moris
2114 4018 2201 4068 est

544 4098 980 4168 praestantiores
1028 4104 1302 4170 expetere
1354 4100 1431 4155 ad
1484 4100 1847 4172 palaestram,
1895 4104 2045 4158 sicut
2076 4102 2198 4157 lob.

546 4184 812 4243 Cribrare
847 4204 1005 4251 vero,
1051 4188 1110 4243 id
1152 4194 1262 4254 est,
1296 4189 1556 4253 turbare,
1596 4207 1852 4258 movere,
1883 4193 2200 4246 concitare.

546 4275 818 4331 Cribrum
848 4276 1163 4348 siquidem,
1194 4278 1352 4349 quod
1386 4277 1752 4350 frequentius
1788 4287 2053 4347 κόσκικον,
2089 4282 2204 4337 sive

553 4370 873 4440 σινιατήριον
916 4366 1001 4437 (y)
1043 4372 1304 4433 vocatur,
1342 4383 1376 4421 a
1416 4368 1781 4439 quibusdam
1819 4371 1994 4425 etiam
2040 4376 2204 4423 σινίον

551 4453 784 4520 dicitur,
810 4471 844 4510 a
874 4471 995 4527 quo
1025 4455 1275 4511 verbum
1312 4458 1532 4518 σινιάζω
1561 4458 1875 4523 cribro,vel
1908 4462 2200 4516 concutio.

2456 3927 2602 3975 ΚΕΦ.
2634 3920 2758 3978 ΟΗ’.
2812 3926 2934 3997 Περὶ
2960 3930 3053 3983 τῆς
3088 3919 3394 3984 ἐξαιτήσεως
3419 3928 3510 3974 τοῦ
3551 3926 3770 3973 Σατανᾶ.

2385 4012 2511 4065 Εἷπε
2568 4042 2635 4050 -
2694 4018 2858 4065 σῖτον.
2903 4013 3049 4071 Ἐθος
3108 4013 3210 4085 ’γὰρ
3264 4010 3403 4083 αὐτῷ
3460 4015 3579 4072 τοὺς
3634 4008 3923 4082 δοκιμωτέο

2313 4120 2435 4174 ρους
2486 4098 2804 4163 ἐξαιτεῖσθαι
2869 4104 2999 4173 πρὸς
3048 4100 3236 4168 πάλην,
3292 4104 3360 4161 ὡς
3417 4104 3503 4152 τὸν
3543 4099 3680 4154 Ἰὼϐ.
3743 4102 3927 4151 Συνια-

2317 4210 2407 4242 σαι
2466 4187 2545 4254 δε,
2622 4189 2735 4243 ἀντὶ
2781 4198 2891 4256 του,
3128 4189 3438 4255 θορυϐῆσαι,
3516 4198 3770 4259 κυκῆσαι,
3827 4210 3928 4241 τα-

2315 4279 2490 4354 ράξαι.
2527 4284 2686 4331 Σινίον
2747 4281 2861 4352 (54)
2898 4282 2999 4353 γὰρ
3046 4282 3188 4352 παρά
3238 4299 3349 4331 τισι
3406 4279 3636 4332 καλεῖται
3690 4283 3747 4332 τὸ
3795 4281 3925 4352 παρ’

2315 4371 2440 4441 ἡμῖν
2471 4373 2730 4433 κόσκινον,
2776 4370 2821 4421 ἐν
2978 4371 3002 4421 ὁ
3063 4377 3207 4431 σῖτος
3263 4365 3393 4441 τῇδε
3439 4372 3649 4421 κάκεῖσε
3704 4388 3927 4441 μεταφε-

2316 4465 2522 4530 ρόμενος
2585 4462 2923 4531 ταράσσεται.
3001 4458 3243 4533 Προλέγει
3318 4455 3376 4511 δὲ
3444 4459 3616 4519 αὐτοῖς
3663 4464 3780 4532 περὶ
3828 4467 3927 4512 τοῦ

554 4544 703 4597 Nam
746 4543 802 4598 in
851 4544 1048 4600 cribro
1107 4545 1363 4599 triticum
1402 4548 1745 4603 transfertur
1771 4554 1826 4605 et
1872 4550 2193 4604 concutitur

2316 4548 2585 4621 μέλλοντος
2636 4557 2953 4623 πειρασμοῦ,
3027 4550 3126 4611 ὅτε,
3196 4550 3381 4611 πάντες
3463 4547 3667 4621 ἀφέντες
3741 4548 3922 4614 αὑτὸν,

555 4647 625 4687 ac
690 4632 1098 4690 confunditur.
1156 4633 1419 4689 Praedicit
1487 4645 1686 4692 autem
1746 4640 1829 4693 eis
1880 4638 1953 4695 de
2006 4639 2207 4696 futura

553 4721 897 4787 tentatione,
937 4722 1184 4793 quando
1216 4738 1425 4778 omnes
1453 4724 1651 4781 relicto
1684 4743 1751 4782 eo
1785 4726 2080 4796 fugerunt.

629 4811 789 4867 Vers.
814 4814 900 4867 32.
924 4811 1054 4882 Ego
1074 4815 1265 4866 —tua.
1290 4814 1525 4883 Rogavi,
1543 4813 1992 4887 inquit.Patrem
2014 4834 2204 4873 meum

554 4903 844 4973 tanquam
870 4900 1155 4968 homo,ne
1181 4900 1399 4969 perdas
1427 4903 1671 4959 tandem
1700 4904 1773 4977 (ε)
1800 4904 1981 4961 tidem
2014 4911 2203 4973 tuam,

554 5004 742 5062 quam
772 4988 831 5045 in
864 5003 949 5044 me
979 4988 1187 5053 habes,
1215 4988 1276 5045 in
1302 4994 1567 5064 tempore
1601 4994 1954 5065 negationis.

623 5166 675 5205 τυ
703 5165 901 5225 Matth.
940 5182 1053 5237 xxx,
1085 5166 1177 5225 28.

2316 4639 2522 4709 ἔφυγον.

2390 4816 2522 4887 Ἐγὼ
2553 4848 2620 4855 -
2651 4836 2764 4869 σου.
2800 4813 3053 4875 Ἐδεήθην
3083 4825 3173 4869 τοῦ
3214 4821 3415 4891 Πατρός
3468 4838 3587 4890 μου,
3644 4819 3816 4887 φησὶν,
3854 4818 3923 4875 ὡς

2317 4907 2557 4981 ἄνθρωπο
2570 4928 2607 4973 ς,
2636 4908 2716 4959 ἵνα
2744 4912 2815 4979 μὴ
2845 4907 3009 4961 τέλεον
3037 4906 3295 4981 ἀπολέσῃς
3326 4912 3418 4966 τὴν
3468 4912 3643 4960 πίστιν
3682 4924 3797 4972 σου,
3822 4910 3919 4964 τήν

2318 4996 2386 5059 εἰς
2415 4996 2519 5070 ἐμέ,
2553 4996 2600 5049 ἐν
2627 5006 2698 5070 τῷ
2727 5006 2893 5072 καιρῷ
2924 5007 3018 5061 τῆς
3050 4996 3336 5071 ἀρνήσεως.

1802 5309 2025 5379 νεικείω
2054 5311 2376 5380 lectiones
2417 5319 2483 5380 et
2513 5319 2712 5381 nota.

623 5501 737 5589 (liii)
768 5500 1075 5589 Chrysost.
1136 5506 1279 5559 tom.
1331 5504 1473 5571 VIII,
1521 5520 1578 5579 p.
1614 5505 1738 5573 785,
1772 5508 1835 5561 D.
1892 5507 2203 5584 θορυϐῆσαι,

550 5573 793 5647 ταράξαι,
842 5580 1106 5646 πειρᾶσαι.

590 5754 699 5882 έν)
763 5754 895 5810 Sive
927 5754 1290 5838 .O’tVMTTZéIOV,
1340 5759 1448 5812 etc.
1502 5756 1601 5813 Hic
1656 5757 1930 5833 quaedam
1955 5759 2030 5816 de
2082 5762 2205 5818 suis

590 5843 602 5881 ι
652 5831 779 5882 etur
800 5825 1101 5882 addidisse
1138 5834 1451 5882 interpres.

546 5825 779 5883 videtur
800 5825 1101 5884 addidisse
1138 5825 1451 5899 interpres.

2388 5508 2504 5581 (5t)
2530 5509 2676 5566 Vide
2711 5510 3091 5567 Wetstenium
3139 5510 3217 5567 ad
3269 5510 3328 5565 h.
3358 5510 3401 5565 Ι.
3438 5513 3600 5562 σινίον
3645 5523 3769 5566 non
3809 5507 3932 5579 legi

2318 5581 2458 5640 alibi
2496 5587 2739 5635 κόσκινον
2764 5583 2945 5640 habet
2976 5583 3158 5649 Plato,
3189 5597 3247 5654 p.
3282 5584 3407 5650 320,
3436 5581 3561 5637 384.

2385 5762 2460 5836 (z)
2490 5762 2770 5821 Tandem.
2812 5760 2988 5819 Τίλλιον
3019 5765 3109 5819 est
3129 5776 3397 5851 prorsus.
