4128 6386
311 390 446 452 1081

387 522 488 573 Καὶ
560 549 629 561 -—
693 537 811 573 σου.
870 517 1243 595 Ἐπιστρέψας,

314 605 578 673 δηλονότι,
624 605 717 662 διὰ
759 609 1028 681 κλαυθμοῦ
1071 618 1277 683 πικροῦ,
1333 612 1602 663 τουτέστιν
1650 606 1921 659 ἀποκατα-

316 703 445 761 στάς
470 698 623 751 πάλιν
652 699 722 761 εἰς
750 704 842 757 τὴν
872 705 1079 773 πρωτην
1123 700 1289 762 τάξιν.
1341 696 1621 770 Ἀδελφούς
1665 694 1723 750 δὲ
1763 697 1923 749 αύτού

313 808 447 861 φησι
469 794 585 850 τούς
644 789 828 849 ἄλλους
881 787 1224 858 ἀποστόλους,
1293 793 1322 848 ἣ
1365 794 1484 850 τούς
1528 787 1799 862 μέλλοντας
1851 784 1924 839 δι’

311 878 475 930 αὐτοῦ
508 881 791 932 πιστεύειν.

384 967 443 1020 Ὀ
493 965 550 1021 δὲ
598 999 666 1008 —
729 969 1065 1042 πορεύεσθαι.
1121 964 1291 1033 Ἔδει,
1354 975 1570 1019 τοιαῦτα
1621 968 1766 1041 παρὰ
1830 974 1923 1027 τῆς

312 1057 542 1115 αύτοαλη
554 1060 693 1119 θείας
722 1055 1037 1121 ἀκούσαντα,
1072 1058 1231 1129 ἰσχύν
1256 1057 1475 1117 αἰτῆσαι
1499 1057 1623 1130 παρ’
1642 1057 1804 1109 αὑτοῦ
1834 1046 1924 1107 καὶ

313 1146 586 1220 βοήθειαν·
617 1148 641 1199 ὀ
674 1144 732 1200 δε
757 1146 946 1219 μᾶλλον
977 1149 1075 1199 ύπὸ
1105 1149 1420 1221 θερμότητος
1446 1146 1730 1215 ἀντιτείνει,
1758 1141 1923 1218 μηδὲν

310 1244 547 1289 τοιοῦτον
577 1238 777 1290 παθεῖν.

389 1326 446 1377 Ὀ
527 1322 586 1378 δὲ
662 1357 728 1365 —
788 1345 869 1397 με.
942 1331 1106 1399 Σημερ
1163 1322 1289 1393 εἷπε,
1356 1322 1450 1377 tu;
1517 1328 1574 1376 τό
1635 1322 1763 1377 εἶναι
1828 1328 1922 1381 τὴν

311 1414 568 1468 ἕπιοῦσαν
641 1418 803 1467 νύκτα
868 1424 960 1477 τῆς
1030 1417 1225 1487 ἡμέρας
1301 1414 1512 1475 ἐκείνης.
1593 1417 1777 1487 Γράφει
1865 1410 1923 1465 δὲ

312 1507 585 1565 Ματθαῖος
642 1508 689 1555 ἐν
742 1513 814 1575 τῷ
877 1503 1142 1575 ἑξηκοστῷ
1212 1506 1441 1577 τετάρτῳ
1498 1504 1760 1577 κεφαλαίῳ
1834 1503 1922 1555 αύ-

312 1602 443 1646 τοῡ·
498 1595 578 1646 ὅτι
630 1596 721 1662 ἔφη
778 1594 918 1664 αύτῷ
985 1596 1009 1645 ό
1069 1598 1296 1657 Ἰησοῦς.
1358 1595 1544 1666 ’Λμην,
1618 1593 1747 1665 λέγω
1815 1612 1919 1657 σοι,

313 1686 397 1737 ὅτι
456 1682 504 1735 ἐν
562 1686 722 1755 ταύτῃ
791 1691 853 1755 τῇ
928 1688 1095 1748 νυκτὶ,
1160 1689 1283 1757 πρὶν
1353 1683 1605 1758 ἀᾘκτορα
1665 1691 1920 1755 φωνῆσαι,

314 1779 434 1848 τρὶς
498 1772 777 1848 ἀπαρνήσῃ
846 1791 951 1846 με·
998 1778 1088 1826 καὶ
1154 1771 1409 1845 ἀνάγνωθι
1482 1772 1585 1827 ἐκεῖ
1639 1774 1755 1844 (55)
1829 1777 1922 1831 τὴν

314 1862 473 1935 ἑξὴγη
483 1883 586 1918 σιν.

390 1958 491 2007 Καὶ
548 1950 684 2006 εἶπεν
755 1984 813 1993 -
865 1949 1095 2014 οὐδενός.
1152 1959 1367 2028 Ἀτερον
1436 1953 1571 2024 (56),
1632 1952 1747 2005 ἀντὶ
1808 1960 1919 2019 τού,

314 2048 505 2117 χωρίς.
598 2048 698 2096 Καὶ
777 2047 880 2115 μὴν
964 2043 1058 2094 οὐκ
1144 2042 1491 2115 ἐμνημόνευσε
1572 2047 1681 2097 τότε
1733 2042 1922 2115 βαλαν-

316 2138 430 2185 τίου
503 2134 615 2203 (57)
670 2132 801 2190 πλὴν
854 2141 925 2203 τῷ
992 2142 1180 2203 χρυσῷ
1246 2138 1335 2184 καὶ
1404 2140 1477 2201 τῷ
1564 2131 1771 2205 ἀργύρῳ
1832 2136 1923 2184 καὶ

312 2230 467 2273 τοῦτο
513 2218 935 2279 συνεπεδήλωσεν
984 2224 1121 2291 (58).
1184 2222 1384 2275 Ἐκεῖνα
1423 2224 1524 2295 γὰρ
1574 2225 1715 2293 ἔχειν
1755 2224 1923 2273 κωλύ-

318 2331 433 2379 σας,
486 2308 749 2384 πρόδηλον
785 2332 797 2345 ·
850 2313 930 2362 ὅτι
980 2316 1069 2362 καὶ
1124 2320 1275 2363 τοῦτο
1335 2311 1615 2364 κεκώλυκεν
1674 2311 1801 2379 ἐπεὶ,
1848 2315 1919 2382 μὴ

316 2403 456 2462 ὄντος
512 2402 804 2473 θησαυροῦ,
862 2404 1101 2475 περιττὸν
1158 2402 1264 2474 ἄρα
1317 2401 1375 2453 τό
1409 2402 1919 2474 θησαυροφυλοίκιον.

313 2497 387 2562 Τῇ
412 2495 554 2562 πήρᾳ
580 2494 668 2562 μὲν
698 2494 795 2562 γὰρ
817 2491 927 2561 (59)
955 2494 1040 2542 τὸν
1072 2490 1225 2565 ἄρτον
1247 2489 1525 2543 ἐνέϐαλλον·
1555 2500 1626 2561 τῷ
1659 2491 1921 2563 φασκολίῳ

318 2577 378 2632 δε
418 2583 504 2631 τὸν
534 2580 754 2651 χαλκόν,
801 2585 920 2638 ἤτοι
948 2585 1069 2643 τοὺς
1109 2580 1337 2641 ὀϐολούς·
1380 2589 1450 2651 τῷ
1496 2579 1758 2653 βαλαντίῳ
1809 2582 1920 2652 (60)

319 2665 379 2721 δε
410 2673 496 2720 τὸν
534 2672 741 2743 χρυσόν
789 2674 873 2721 καὶ
928 2672 1014 2721 τὸν
1059 2672 1306 2745 ἄργυρον.
1338 2669 1645 2744 ’Υστὲρησιν
1695 2672 1808 2742 (61)
1863 2667 1923 2723 δε

315 2758 454 2831 λέγει
476 2763 567 2817 τὴν
597 2755 815 2814 ἔνδειαν.

396 2939 544 2989 Εἶπεν
591 2967 661 2978 -
713 2942 904 3009 πήραν.
959 2935 1040 3010 [Ὀ
1094 2936 1205 3008 (62)
1258 2940 1395 3008 ἔχων
1451 2935 1729 3010 βαλάντιον
1787 2938 1921 3009 (63),

317 3029 557 3079 τουτέστι
585 3034 796 3098 γνῶσιν,
844 3025 1037 3099 ἀράτω,
1074 3032 1163 3079 καὶ
1210 3033 1402 3100 πήραν,
1450 3031 1609 3099 ἤγουν
1660 3030 1923 3102 θησαυρὸν

319 3115 533 3189 ἀρετῶν·
577 3115 858 3187 ἀναγκαῖον
905 3118 1004 3189 γὰρ
1058 3124 1130 3187 τῷ
1168 3126 1442 3188 γνωστικῷ
1487 3118 1512 3168 ὀ
1561 3117 1780 3178 πλοῦτος
1825 3126 1924 3169 τῶν

1361 389 1727 450 COMMENT.
1769 390 1841 448 IN
1881 389 2141 449 LUCAM.
2179 423 2248 433 ——
2278 390 2434 449 CAP.
2478 392 2653 448 XXII.

1327 521 1458 592 μετὰ
1529 522 1621 578 τὴν
1701 519 1920 591 ἄρνησιν

2106 521 2264 574 Vers.
2297 522 2386 576 32.
2418 520 2537 591 Ego
2558 550 2620 561 -
2657 525 2806 576 tuos.
2851 549 2922 563 η·-
2948 520 3304 585 Conversus,
3350 521 3487 592 post
3512 532 3696 590 nega-

1954 1874 2001 1930 Β

3556 393 3580 450 1
3590 393 3696 450 082

2034 608 2255 665 tionem
2287 608 2575 673 videlicet,
2609 625 2716 680 per
2754 609 2958 669 ﬂetum
3003 625 3279 666 amarum
3306 626 3320 675 ;
3352 609 3468 666 hoc
3499 614 3606 675 est,
3632 609 3692 665 in

2034 698 2347 769 pristinum
2382 698 2577 754 locum
2632 700 2821 755 denuo
2851 700 3171 758 restitutus.
3217 701 3446 756 Fratres
3496 703 3694 756 autem

2033 788 2163 859 ejus
2186 788 2326 844 dicit
2351 788 2612 861 reliquos
2642 790 2969 862 apostolos,
3020 796 3123 847 aut
3155 789 3305 857 illos,
3329 790 3433 863 qui
3464 805 3571 862 per
3592 804 3694 846 eos

2034 881 2202 933 erant
2221 877 2523 933 credituri.

2106 966 2266 1022 Vers.
2300 968 2387 1024 33.
2415 968 2488 1023 At
2525 969 2628 1025 ille
2666 1000 2731 1010 —
2760 968 2868 1027 ire.
2902 968 3244 1043 Oportebat,
3287 985 3426 1026 cum
3456 968 3587 1026 haec
3616 967 3695 1025 ab

2032 1056 2163 1129 ipsa
2192 1057 2431 1113 veritate
2453 1058 2734 1126 audisset,
2755 1058 3161 1115 fortitudinem
3185 1065 3365 1132 atque
3397 1058 3689 1116 auxilium

2034 1145 2199 1203 abeo
2227 1153 2422 1219 petere
2456 1164 2469 1203 :
2495 1154 2556 1204 at
2584 1148 2676 1204 ille
2696 1165 2815 1220 pra:
2844 1149 3067 1205 fervore
3081 1148 3433 1205 contradicit
3460 1148 3690 1222 potius,

2033 1251 2329 1303 asserens,
2362 1253 2424 1293 se
2448 1236 2597 1293 nihil
2628 1238 2741 1294 tale
2772 1254 3116 1310 passurum.

2105 1327 2262 1381 Vers.
2297 1330 2381 1384 3i.
2416 1328 2548 1396 Ipse
2575 1343 2713 1385 vero
2743 1358 2813 1370 —
2840 1344 2951 1385 me.
2968 1329 3171 1395 Hodie,
3190 1327 3403 1401 inquit,
3424 1342 3494 1383 eo
3524 1326 3693 1400 quod

2033 1414 2297 1472 instabat
2335 1432 2455 1473 nox
2495 1417 2612 1473 diei
2647 1417 2822 1473 illius.
2866 1417 3077 1473 Scribit
3148 1424 3340 1474 autem
3394 1417 3691 1475 Matthmus

2034 1507 2411 1575 sexagesimo
2436 1512 2653 1580 quarto
2685 1509 2897 1580 capite,
2930 1507 3095 1578 quod
3130 1507 3344 1564 dixerit
3371 1506 3453 1562 illi
3493 1509 3691 1563 Jesus:

2038 1594 2166 1651 Dico
2188 1596 2312 1660 tibi,
2332 1597 2519 1663 Petre,
2535 1598 2691 1669 quod
2714 1598 2775 1652 in
2794 1598 2907 1654 hac
2932 1603 3117 1664 nocte,
3136 1598 3486 1669 priusquam
3501 1597 3697 1668 gallus

2032 1692 2227 1754 canat,
2265 1692 2355 1743 ter
2382 1703 2468 1742 me
2491 1686 2806 1758 abnegabis
2846 1688 2893 1723 ⁷¹
2930 1703 2945 1753 ;
2974 1686 3057 1743 ibi
3077 1687 3208 1757 lege
3234 1687 3695 1743 enarrationem.

2105 1956 2269 2010 Vers.
2340 1959 2429 2012 35.
2478 1956 2558 2011 Et
2604 1955 2760 2012 dixit
2822 1986 2881 1996 -
2948 1953 3111 2011 nihil.
3344 1952 3499 2028 Ἀτερ
3564 1954 3697 2011 loco

2032 2050 2203 2118 χωρὶς
2255 2062 2360 2101 seu
2388 2047 2556 2117 sine.)
2604 2044 2777 2118 Atqui
2831 2050 2974 2101 tunc
3024 2044 3100 2101 de
3161 2044 3374 2100 loculis
3413 2042 3578 2100 nulla
3608 2047 3698 2101 est

2035 2135 2189 2192 facta
2210 2135 2451 2191 mentio.
2486 2136 2701 2190 Verum
2727 2149 2832 2206 per
2859 2150 3074 2189 aurum
3093 2138 3147 2189 et
3164 2138 3481 2202 argentum
3513 2132 3694 2188 etiam

2032 2225 2145 2281 hoc
2172 2224 2351 2280 simul
2378 2225 2589 2280 innuit.
2623 2226 2768 2282 Cum
2809 2224 2971 2280 enim
3013 2223 3112 2278 illa
3153 2222 3461 2294 possidere
3499 2225 3697 2277 vetas-

2036 2322 2144 2380 set,
2202 2314 2609 2379 manifestum,
2642 2314 2808 2386 quod
2852 2318 2910 2370 et
2966 2313 3081 2370 hoc
3133 2310 3547 2385 prohibuerit:
3592 2310 3697 2368 ubi

2033 2420 2299 2475 namque
2352 2420 2472 2461 non
2514 2411 2600 2460 est
2647 2404 2983 2475 thesaurus,
3042 2403 3244 2475 utique
3311 2400 3692 2473 superﬂuum

2032 2499 2121 2550 est
2195 2494 2454 2549 thesauri
2500 2492 2944 2565 repositorium.
3024 2493 3085 2547 In
3143 2507 3349 2564 peram
3395 2490 3693 2563 siquidem

2034 2601 2253 2657 panem
2298 2584 2742 2641 immittebant:
2797 2585 2855 2647 in
2900 2583 3277 2656 marsupium
3314 2598 3456 2637 vero
3495 2580 3696 2638 coria-

2033 2690 2228 2741 ceum,
2259 2674 2421 2746 quod
2449 2674 2743 2747 φασκώλιον
2773 2677 3010 2743 vocant,
3046 2690 3151 2737 tes,
3186 2675 3310 2728 sive
3340 2670 3573 2735 obolos,
3606 2685 3698 2726 re-

2033 2763 2332 2835 ponebant
2362 2779 2376 2829 ;
2408 2763 2467 2818 in
2501 2762 2731 2820 loculos
2756 2768 2979 2828 autem,
3027 2776 3240 2818 aurum
3268 2766 3325 2817 et
3350 2766 3693 2830 argentum.

2030 2852 2337 2928 ’Υστίρησιν
2368 2857 2570 2909 autem
2601 2858 2772 2909 vocat
2796 2852 3085 2923 defectum
3119 2850 3443 2923 (inopiam).

2105 2943 2267 2998 Vers.
2304 2946 2392 2998 36.
2453 2942 2605 2998 Dicit
2658 2973 2725 2983 —
2768 2957 2983 3014 peram.
3009 2943 3051 3012 -ι-
3105 2941 3212 3006 Qui
3241 2940 3417 2997 habet
3446 2936 3690 3005 loculos,

2035 3033 2147 3089 hoc
2188 3037 2294 3098 est,
2327 3032 2655 3097 scientiam,
2693 3032 2861 3088 tollat
2892 3039 2946 3088 et
2972 3046 3198 3101 peram,
3232 3028 3583 3085 thesaurum
3614 3028 3698 3083 vi-

2035 3121 2245 3178 delicet
2273 3121 2579 3186 virtutum;
2608 3137 2747 3178 nam
2761 3120 3007 3177 habenti
3022 3119 3319 3175 scientiam
3340 3117 3694 3174 necessaria

320 3204 534 3281 ἀρετῶν.
611 3204 670 3257 Ὀ
725 3202 784 3257 δε
836 3209 907 3277 μὴ
965 3208 1100 3277 ἔχων
1154 3204 1415 3278 ἀμφότερα
1493 3206 1789 3264 πωλησάτω
1867 3210 1924 3258 τὸ

2046 3215 2172 3268 sunt
2194 3216 2251 3267 et
2273 3212 2557 3266 virtutum
2576 3211 2815 3267 divitias.
2840 3210 2946 3277 Qui
2965 3226 3107 3280 ergo
3122 3225 3239 3265 non
3268 3207 3451 3265 habet
3473 3211 3700 3263 utrum-

322 3296 527 3365 ἱμάτιον
554 3293 736 3360 αὐτοῦ,
765 3298 1032 3346 τουτέστιν
1071 3292 1267 3347 ἐκδότω
1297 3298 1354 3347 τό
1402 3304 1554 3368 σῶμα
1603 3304 1708 3357 τοῖς
1751 3302 1925 3358 πόνοις

319 3388 411 3434 καὶ
443 3382 653 3458 ἀρετῶν,
699 3388 788 3435 καὶ
817 3385 1107 3441 κτησαίσθω
1137 3387 1355 3453 πόλεμον
1395 3389 1524 3447 πρὸς
1562 3388 1628 3437 τά
1656 3388 1796 3444 πάθη
1838 3391 1926 3438 καὶ

318 3476 437 3533 τούς
468 3469 760 3543 δαίμονας]

393 3567 520 3614 Τότε
576 3566 666 3634 μεν
742 3560 1035 3633 ἀναγκαίως
1090 3562 1265 3625 αὐτοῖς
1336 3562 1552 3621 ἐπέθηκε
1600 3568 1691 3623 τὴν
1764 3564 1929 3623 ἀκτη-

321 3654 577 3723 μοσύνην,
654 3653 737 3703 ἶνα
787 3654 1193 3724 κατορθώσωσιν
1250 3652 1431 3711 αὐτήν·
1508 3652 1614 3706 ἐπεὶ
1666 3650 1725 3706 δε
1777 3662 1928 3707 τοῦτο

320 3746 547 3811 γέγονεν,
626 3739 834 3815 ἀφαιρεῖ
892 3750 978 3791 νῦν
1046 3746 1133 3799 τὴν
1202 3740 1428 3813 ἀνάγκην
1485 3748 1575 3796 καὶ
1618 3752 1929 3819 παραχωρεῖ

320 3832 528 3891 τούτοις
584 3832 726 3900 ἔχειν
792 3834 881 3882 καὶ
932 3830 1048 3901 (64)
1107 3829 1387 3903 βαλάντιον
1444 3838 1535 3886 καὶ
1598 3839 1791 3907 πήραν,
1850 3836 1930 3885 ἱνα

323 3927 457 3991 φανῇ
491 3923 684 3971 τούτων
714 3921 743 3977 ἡ
789 3918 965 3991 ἀρετὴ,
1012 3926 1181 3992 χωρὶς
1224 3920 1453 3991 ἀνάγκης
1484 3921 1925 3992 ἀκτημονούντων.

327 4014 427 4061 Καὶ
484 4013 725 4083 πρότερον
778 4012 866 4080 μεν
943 4009 1095 4070 αύτός
1149 4006 1491 4071 διεϐάσταζεν
1549 4012 1759 4077 αύτούς,
1838 4012 1930 4064 οὐκ

324 4096 418 4149 ἐῶν
468 4117 605 4160 τινος
652 4100 904 4171 ὑστερεῖν,
954 4094 1047 4150 διὰ
1096 4104 1189 4156 τὴν
1248 4098 1513 4151 ἀσθένειαν
1541 4100 1728 4153 αὐτῶν·
1780 4102 1929 4154 ύστε-

1690 4193 1759 4251 ὡς
1819 4188 1925 4249 ἤδη

785 4283 1192 4348 γεγενημένους·
1263 4287 1415 4331 τούτο
1500 4282 1601 4353 γὰρ
1674 4276 1929 4339 δηλοῦται

323 4370 415 4417 καὶ
458 4368 571 4438 (65)
624 4363 719 4419 διὰ
782 4376 872 4419 τού
940 4365 1221 4440 βαλαντίον
1280 4370 1393 4439 (66)
1444 4374 1534 4421 καὶ
1581 4378 1672 4430 τῆς
1739 4374 1925 4444 πήρας.

331 4460 431 4508 Καὶ
481 4458 563 4508 ὅτε
604 4460 695 4528 μὲν
745 4456 997 4509 ἐκώλυσεν
1050 4456 1235 4518 αύτούς
1294 4461 1435 4530 ἔχειν
1490 4457 1788 4531 βαλάντιον,
1839 4465 1929 4513 καὶ

323 4207 411 4261 ρον
477 4184 535 4239 δὲ
597 4190 814 4248 τούτους
879 4187 1043 4259 ἀφῆκε
1100 4186 1312 4260 βοηθεῖν
1395 4189 1612 4250 ἑαυτοῖς,

327 4276 688 4352 στερῥοτέρους

2036 3318 2176 3374 que,
2208 3301 2418 3357 vendat
2449 3303 2712 3358 tunicam
2761 3316 2945 3365 suam,
3000 3300 3061 3355 id
3114 3308 3219 3365 est,
3261 3300 3524 3370 exponat
3552 3311 3700 3363 .cor-

2037 3407 2151 3464 pus
2177 3390 2484 3447 laboribus
2505 3390 2811 3456 virtutum,
2845 3395 2901 3445 et
2930 3394 3077 3446 emat
3106 3388 3400 3460 gladium,
3443 3385 3559 3443 hoc
3585 3390 3693 3453 est,

2036 3480 2278 3537 dimicet
2315 3480 2601 3537 adversus
2626 3480 2965 3536 atfectiones
3003 3484 3061 3535 et
3094 3479 3415 3536 daemones.

2109 3572 2270 3626 Tunc
2289 3570 2531 3643 quidem
2551 3569 2887 3625 necessario
2913 3575 3236 3640 egestatem
3270 3568 3356 3623 eis
3381 3565 3695 3640 imposuit,

2040 3664 2105 3715 ut
2132 3661 2207 3716 ad
2238 3659 2396 3716 illam
2425 3659 2912 3732 accingerentur;
2938 3664 3255 3731 postquam
3307 3673 3449 3715 vero
3466 3658 3580 3713 hoc
3603 3671 3699 3712 ac-

2040 3754 2156 3805 tum
2176 3755 2281 3815 est,
2315 3749 2506 3805 aufert
2529 3765 2687 3805 nunc
2702 3749 3135 3812 necessitatem,
3161 3746 3512 3820 etpermittit
3535 3746 3619 3802 eis
3640 3748 3703 3801 ut

2039 3837 2270 3895 loculos
2285 3838 2547 3895 habeant
2570 3844 2626 3895 et
2657 3854 2884 3909 peram,
2913 3854 3035 3910 quo
3052 3838 3236 3893 virtus
3264 3853 3469 3893 eorum
3514 3850 3701 3908 appa-

2040 3934 2184 3994 reat,
2204 3928 2305 3999 qui
2320 3928 2481 3984 nulla
2499 3933 2747 3999 cogente
2760 3927 3110 3983 necessitate
3127 3932 3427 3984 sectantur
3439 3925 3697 3997 inopiam

2040 4021 2097 4072 et
2127 4016 2387 4088 primum
2428 4016 2673 4089 quidem
2714 4019 2841 4085 ipse
2883 4016 3117 4072 tenebat
3152 4016 3305 4082 illos,
3340 4031 3462 4072 non
3494 4013 3698 4069 sinens

2043 4109 2103 4161 ut
2132 4104 2334 4176 aliquo
2359 4110 2616 4175 egerent,
2660 4111 2897 4178 propter
2942 4120 3148 4161 eorum
3178 4103 3646 4160 imbecillitatem
3683 4120 3697 4170 ;

2040 4194 2427 4267 postmodum
2462 4210 2601 4250 vero
2631 4193 2860 4250 dimisit
2888 4194 3077 4265 ipsos,
3112 4199 3175 4249 ut
3200 4193 3307 4247 sibi
3332 4192 3479 4265 ipsis
3501 4194 3702 4248 essent

2039 4282 2275 4349 auxilio,
2310 4284 2480 4356 quasi
2508 4284 2637 4355 jam
2671 4283 3032 4341 robustiores
3071 4282 3312 4339 effectos
3369 4299 3381 4337 :
3410 4297 3551 4338 nam
3583 4280 3699 4336 hoc

2040 4372 2388 4445 perloculos
2413 4388 2482 4429 ac
2504 4389 2709 4445 peram
2732 4372 3116 4443 significatur.
3152 4371 3300 4428 Cum
3330 4386 3473 4440 ergo
3502 4368 3700 4442 probi-

2039 4462 2171 4518 buit
2199 4478 2304 4518 eos
2336 4462 2554 4519 habere
2576 4462 2806 4519 loculos
2837 4466 2894 4519 et
2929 4478 3134 4534 peram
3174 4478 3244 4518 ac
3271 4460 3507 4525 similia,
3558 4466 3700 4514 tunc

321 4551 516 4618 πήραν,
549 4551 639 4598 καὶ
674 4549 740 4598 τά
778 4555 1013 4611 τοιαῦτα,
1072 4552 1186 4599 τότε
1217 4544 1426 4610 ούδενός
1472 4550 1788 4623 ὑστέρησαν,
1850 4552 1924 4602 ἵνα

2046 4551 2209 4607 nullo
2238 4552 2641 4621 indiguerunt,
2672 4558 2736 4608 ut
2790 4552 2920 4622 ejus
2976 4552 3306 4623 potentiam
3342 4565 3413 4606 ac
3445 4547 3698 4623 gratiam

323 4644 487 4705 γνῶσι
507 4640 600 4693 τὴν
633 4635 789 4687 αὑτοῦ
822 4633 1042 4708 δύναμιν
1072 4641 1161 4688 καὶ
1190 4640 1370 4710 χάρινο
1416 4639 1496 4690 ὅτε
1528 4635 1586 4691 δε
1618 4645 1926 4713 παρεχώρη-

327 4743 414 4776 σεν
452 4727 593 4795 ἔχειν
624 4725 775 4789 αὐτὰ,
804 4730 919 4777 τότε
948 4730 1038 4777 καὶ
1068 4724 1340 4779 ἐπείνασαν
1370 4726 1486 4797 (67)
1528 4733 1616 4781 καὶ
1666 4727 1928 4800 ἔδίψησαν

321 4819 415 4866 καὶ
445 4813 854 4886 ἐγυμνήτευσαν,
889 4816 972 4867 ἵνα
991 4817 1199 4888 γνωσθῇ
1230 4819 1421 4868 τούτων
1461 4819 1492 4875 ἠ
1537 4817 1814 4893 στερρότης
1840 4825 1928 4872 καὶ

323 4909 595 4978 καρτερία.

401 5058 445 5093 τί
482 5059 637 5113 Matt.
668 5073 825 5126 xxvr,
857 5059 950 5114 34.

2041 4648 2463 4710 agnoscerent;
2480 4641 2725 4713 quando
2746 4658 2883 4697 vero
2902 4641 3177 4714 permisit
3194 4640 3368 4697 utilia
3391 4638 3698 4704 haberent,

2019 4733 2183 4785 -tunc
2212 4735 2268 4786 et
2319 4730 2653 4785 esurierunt
2686 4734 2743 4786 et
2773 4730 3039 4787 sitierunt
3067 4735 3125 4787 et
3154 4729 3487 4786 nuditatem
3539 4724 3702 4800 passi

2039 4824 2197 4888 sunt,
2227 4825 2287 4877 ut
2315 4819 2586 4892 ipsorum
2606 4818 2888 4877 fortitudo
2926 4835 2997 4876 ac
3028 4820 3337 4879 tolerantia
3371 4831 3701 4890 cognosca-

2040 4912 2157 4966 tur.

1558 5167 1777 5237 Varia!
1798 5166 2127 5237 lectiones
2160 5174 2226 5237 et
2254 5175 2459 5237 notas.

399 5335 514 5403 (55)
554 5338 660 5394 Τὴν
686 5332 791 5388 εκεῖ
814 5340 875 5390 Β.

401 5408 515 5481 (56)
556 5408 790 5481 Αῂλοῖτιρ
827 5405 1104 5481 όᾶχωρίς
1126 5406 1341 5464 omittit
1371 5407 1712 5465 Hentenius.

397 5477 514 5535 (57)
556 5477 867 5531 Βαλλαντίου
896 5477 963 5533 Α.

400 5547 513 5622 (58)
546 5547 1025 5624 Συμπαρεδήςλωσεν
1056 5557 1108 5603 Β.

394 5606 511 5693 (‘59;
554 5606 656 5693 Γοὲρ
684 5606 895 5676 oinittit
924 5628 985 5676 Α.

398 5676 511 5762 (60)
551 5676 840 5764 Βαλλαντίῳ
874 5699 933 5746 Α.

323 5765 512 5896 te)
553 5766 640 5822 Ab
665 5762 948 5841 ὑστέρησιν
972 5762 1046 5821 ad
1079 5764 1263 5823 ﬁnem
1296 5764 1506 5823 scholii
1534 5765 1927 5826 omittitHen-

384 5853 423 5894 n
495 5854 545 5892 s.

349 5852 545 5895 emus.

2112 5336 2226 5410 (62)
2258 5338 2392 5411 Haec
2422 5341 2673 5411 uterque
2704 5337 2763 5394 in
2796 5338 3087 5411 margine.

2137 5412 2229 5480 63)
2270 5410 2589 5464 Βαλλοίιντονί
2600 5418 2659 5464 Α.

2138 5482 2225 5617 64)
2258 5483 2361 5537 Καί
2388 5483 2603 5538 omittit
2636 5483 2701 5540 Β.
2734 5482 3009 5535 Βαλλάτιον
3040 5481 3222 5538 habet
3261 5486 3330 5538 Δ.

2138 5558 2203 5609 65
2260 5554 2365 5607 Καί
2401 5556 2569 5608 abest
2600 5556 2658 5608 Β.

2112 5554 2225 5618 (65)
2260 5554 2365 5607 Καί
2401 5556 2569 5608 abest
2600 5556 2658 5608 Β.

2111 5625 2222 5697 (66)
2260 5626 2536 5678 Βαλλατιον
2575 5628 2639 5689 Α,
2694 5629 2875 5697 atque
2913 5625 2993 5682 ita
3035 5629 3378 5682 constanter
3432 5624 3698 5681 disssen-

2041 5696 2192 5753 tiuut
2222 5699 2280 5752 in
2318 5698 2431 5753 hoc
2459 5696 2770 5752 vocabulo.

2112 5769 2228 5841 (67)
2255 5768 2461 5829 Ἐπείνη
2469 5786 2564 5821 σαν
2596 5774 2660 5827 Α.
