4128 6398
454 383 590 444 ιοεθ

457 603 654 660 nullus
685 604 915 661 illorum
942 604 1190 661 haberet
1216 606 1244 661 ‘?
1273 605 1515 677 Capitur
1538 604 1741 678 itaque
1770 604 1962 674 habet,
2006 620 2116 677 pro

453 692 679 749 habere
711 698 921 766 potest.

526 784 698 839 Vers.
733 788 825 841 36.
866 786 1020 840 Et—
1050 784 1330 854 gladium.
1360 815 1429 824 —
1458 784 1567 852 Qui
1593 800 1712 840 non
1737 784 1927 849 habet,
1954 800 2116 839 nunc

462 872 753 929 videlicet.
799 874 967 939 Quod
1005 880 1203 929 autem
1228 874 1537 946 sequitur:
1578 875 1800 930 Vendat
1854 875 2116 930 tunicam

456 977 641 1029 suam,
671 970 725 1019 et
748 971 901 1019 emat
931 964 1213 1034 gladium,
1228 979 1336 1035 per
1359 964 1698 1035 emphasim
1726 963 1889 1029 dixit,
1920 964 2117 1019 solum

466 1052 789 1107 ostendens
811 1069 938 1108 esse
969 1059 1207 1124 tempus
1224 1051 1487 1118 ultionis,
1510 1053 1905 1119 venientibus,
1929 1068 2120 1125 qnan-

458 1144 586 1196 tum
628 1157 949 1228 nunquam
984 1142 1153 1207 alias,
1188 1143 1704 1213 persecutionibus
1747 1157 1760 1197 :
1806 1157 1929 1198 non
1956 1142 2118 1214 quod

462 1228 677 1299 gladiis
720 1231 842 1286 vim
883 1230 1132 1303 propelli
1190 1230 1367 1286 vellet
1424 1248 1438 1298 ;
1472 1246 1610 1285 nam
1647 1234 1883 1287 Petrum
1924 1231 2006 1288 ita
2037 1230 2120 1286 ul-

459 1318 598 1375 cisci
636 1319 936 1376 volentem
990 1320 1372 1392 postmodum
1431 1321 1761 1392 prohibuit.

532 1408 779 1481 Intelligi
801 1416 1000 1465 autem
1022 1414 1079 1465 et
1098 1410 1210 1465 alio
1230 1410 1412 1465 modo
1443 1416 1654 1482 potest,
1672 1414 1733 1466 ut
1752 1410 1978 1466 dictum
2004 1408 2121 1482 pri-

460 1512 631 1554 mum
654 1498 1311 1571 sitdeJuda,siquidem
1338 1499 1501 1555 solus
1541 1499 1637 1555 ille
1680 1499 1909 1555 loculos
1940 1500 2116 1556 habe'

458 1588 578 1653 bat,
617 1593 907 1661 tanquam
939 1590 1012 1644 ab
1038 1590 1286 1645 avaritia
1314 1589 1374 1645 in
1424 1590 1764 1645 servitutem
1790 1590 2068 1646 redactus
2100 1607 2113 1646 :

448 1678 625 1751 jubet
646 1680 868 1751 itaque,
901 1682 966 1734 ut
992 1679 1138 1750 ipse,
1157 1679 1260 1751 qui
1289 1679 1515 1735 loculos
1542 1679 1741 1745 habet,
1776 1679 1940 1735 tollat
1965 1680 2115 1735 simi-

455 1767 589 1823 liter
618 1772 673 1823 et
695 1783 923 1839 peram,
957 1767 1073 1823 hoc
1098 1774 1204 1835 est,
1246 1768 1394 1825 dese
1411 1769 1536 1841 ipso
1569 1774 1752 1833 curet.
1781 1786 1916 1825 cum
1937 1769 2115 1838 jama

1777 385 2129 445 EUTHYMII
2180 384 2507 444 ZIGABENI

526 512 770 579 Verum,
804 511 1313 587 quomododixit:
1349 512 1459 579 Qui
1495 512 1671 569 habet
1699 513 1943 579 loculos,
1975 529 2111 569 cum
2151 510 2197 564 Α

3708 387 3851 448 1084

2304 514 2438 568 Αλλὰ
2464 523 2571 577 πῶς
2603 516 2738 568 εἶπεν
2788 516 2869 569 ὅτι
2908 517 2934 569 ό
2975 518 3115 588 ἔχων
3165 516 3479 589 βαλάντιον;
3515 512 3691 579 οὐδεὶς
3736 518 3844 590 γὰρ

2228 603 2395 656 αὐτῶν
2427 603 2592 677 εἶχεν.
2625 604 2787 658 Ὠστε
2809 609 2890 671 τό,
2922 609 2948 658 ό
2983 610 3141 679 ἔχων,
3173 606 3287 661 ἀντὶ
3316 604 3428 673 τοῦ,
3470 609 3495 660 ὁ
3553 604 3846 680 δυνάμενος

2227 696 2387 765 ἔχειν.

2302 786 2403 838 Καὶ
2446 815 2513 824 —
2552 785 2846 859 μάχαιραν.
2876 784 2934 837 Ὁ
2966 790 3037 858 μὴ
3070 787 3206 858 ἔχων
3236 794 3344 840 νῦν.
3377 790 3447 839 Τό
3489 783 3548 839 δε
3594 786 3842 845 Πωλήσεε

2226 876 2284 925 τὸ
2350 875 2553 946 ἱμάτιον
2634 874 2815 939 αὐτοῦ,
2888 880 2977 927 καὶ
3053 874 3302 951 ἀγοράσει
3369 879 3664 951 μάχαιραν,
3716 877 3839 929 κατ’

2228 965 2450 1033 ἔμφασιν
2495 960 2649 1028 εἶπεν,
2719 962 2975 1035 ἐμφαίνων
3026 969 3179 1037 μόνον
3229 968 3310 1017 ὅτι
3364 969 3542 1041 καιρός
3609 964 3836 1038 ἀμύνης,

2229 1049 2521 1123 ἐρχομένων
2580 1055 2700 1105 ὅσον
2779 1057 2922 1106 οὔπω
2975 1062 3072 1106 τῶν
3125 1053 3430 1120 ἐπιϐούλων,
3503 1055 3562 1108 ού
3616 1060 3719 1127 μὴν
3787 1054 3840 1108 έν

2229 1148 2525 1214 μαχαίραις
2555 1140 2844 1208 ἀμύνεσθαι
2871 1142 3181 1215 βουλόμενος
3215 1164 3228 1177 ·
3260 1148 3352 1197 καὶ
3377 1146 3480 1219 γὰρ
3507 1144 3721 1220 ὕστερον
3748 1148 3841 1198 τὸν

2234 1236 2422 1306 Πέτρον
2446 1232 2604 1293 οὕτως
2627 1230 2941 1305 ἀμυνόμενον
2981 1232 3234 1290 ἐκώλυσε.

2300 1412 2527 1470 Νοηθείη
2588 1408 2639 1463 δ’
2695 1410 2756 1463 ἂν
2817 1416 2908 1465 καὶ
2957 1413 3071 1483 (68)
3123 1413 3243 1467 καθ’
3323 1414 3496 1487 ἕτερον
3538 1417 3728 1489 τρόπον
3779 1416 3842 1467 τὸ

2228 1503 2318 1571 μὲν
2385 1510 2586 1573 πρῶτον
2656 1501 2811 1576 ῥητὸν
2885 1505 2999 1577 περὶ
3077 1510 3169 1554 τοῦ
3244 1499 3443 1557 Ἰούδα·
3513 1507 3669 1576 μόνος
3735 1508 3841 1576 γὰρ

2228 1588 2412 1650 ἐκεῖνος
2455 1588 2567 1662 εἶχε
2614 1589 2913 1663 βαλάντιον,
2969 1599 3032 1663 τῇ
3107 1590 3427 1667 φιλαργυρίᾳ
3513 1589 3842 1665 δεδουλωμέ-

2224 1700 2309 1741 νος
2364 1701 2377 1714 ·
2438 1686 2527 1732 καὶ
2570 1679 2748 1732 λοιπὸν
2795 1680 3057 1733 κελεύεται
3107 1681 3220 1753 (69)
3293 1676 3417 1755 ἆραι
3482 1686 3573 1735 καὶ
3638 1688 3839 1755 πήραν,

2225 1772 2408 1840 ἤγουν,
2462 1770 2750 1844 φροντίζειν
2816 1769 3022 1834 ἑαυτοῦ,
3080 1778 3176 1832 τῆς
3231 1774 3371 1833 θείας
3421 1776 3665 1844 προνοίας
3723 1768 3836 1831 ἤδη

458 1856 1436 1929 divinaprovidentiasitabjectus,
1466 1858 1801 1915 secundum
1832 1874 1969 1914 vero
1995 1859 2114 1914 dic-

2225 1858 2534 1933 ἀπορῥαγείς
2567 1876 2583 1891 ⁸
2630 1862 2687 1911 τὸ
2742 1856 2981 1933 δεύτερον
3044 1857 3103 1912 δε
3156 1865 3274 1933 περὶ
3330 1868 3431 1913 τῶν
3487 1860 3650 1913 ἄλλων
3707 1861 3839 1915 ἁπο-

455 1951 582 2001 tum
605 1945 679 2001 sit
705 1945 1009 2001 decaeteris
1041 1944 1320 2017 apostolis
1364 1964 1376 2013 ;
1423 1962 1565 2003 nam
1613 1947 1782 2019 ipsis,
1833 1948 1938 2021 qui
1990 1964 2113 2004 non

453 2034 780 2101 habebant,
798 2034 970 2105 jubet
996 2035 1334 2091 utvendant
1355 2039 1625 2092 tunicam
1653 2042 1709 2094 et
1736 2044 1938 2093 emant
1988 2037 2111 2110 gla-

454 2125 646 2192 dium,
680 2124 744 2179 id
776 2132 882 2190 est,
904 2125 1144 2180 tradant
1168 2138 1388 2195 corpus
1431 2133 1487 2182 et
1517 2132 1768 2182 mortem
1799 2128 2113 2197 recipiant.

532 2213 705 2269 Vers.
732 2216 821 2269 3'1.
842 2216 978 2270 Dico
999 2246 1068 2255 --
1087 2220 1393 2286 reputatae
1414 2220 1512 2273 est.
1534 2248 1600 2257 —
1628 2218 1794 2283 Quod
1824 2217 2113 2284 scriptum

452 2311 536 2362 est
577 2304 635 2359 in
660 2304 1283 2377 propheta.’l‘anquam
1303 2306 1565 2379 iniquum
1583 2308 1739 2362 enim
1756 2313 1812 2363 et
1830 2307 2116 2362 facinoro-

452 2410 588 2450 sum
615 2394 672 2450 in
705 2394 903 2450 medio
948 2394 1293 2467 iniquorum
1322 2401 1378 2452 et
1422 2397 1895 2453 facinorosorum
1936 2396 2116 2453 latro-

451 2498 599 2539 num
629 2484 1052 2540 cruciﬁxerunt
1086 2484 1276 2540 Illum.

522 2574 795 2632 Vers.37.
828 2573 1047 2631 Etenim
1094 2604 1167 2618 —-
1217 2576 1455 2632 habent.
1505 2578 1649 2642 Qua:
1702 2576 1778 2633 de
1837 2592 1932 2634 me
1970 2576 2115 2633 scri-

450 2666 557 2735 pta
592 2668 730 2719 sunt
760 2664 821 2718 in
853 2663 977 2735 lege
1005 2679 1076 2720 ac
1115 2665 1443 2736 prophetis,
1469 2666 1600 2738 jam
1633 2666 2037 2738 perﬁciuntur.

524 2753 667 2810 Vere
688 2757 775 2809 38.
812 2754 889 2809 At
927 2753 1027 2809 illi
1063 2786 1132 2796 -—
1161 2754 1289 2811 duo.
1317 2755 1459 2812 Cum
1516 2772 1635 2812 non
1690 2756 2115 2815 intellexissent

452 2842 599 2916 quid
631 2842 742 2898 sibi
770 2842 1007 2899 volebat
1023 2843 1138 2899 hoc
1166 2844 1381 2901 verbo:
1413 2844 1653 2910 Quinon
1681 2845 1869 2911 habet,
1902 2846 2112 2903 vendat

453 2934 715 2990 tunicam
746 2948 913 2990 suam
941 2940 995 2989 et
1014 2941 1163 2990 emat
1203 2934 1473 3006 gladium
1504 2936 1570 2999 ⁷³,
1600 2936 1927 2992 ostendunt
1956 2936 2111 2992 duos

454 3023 707 3094 gladios,
741 3023 964 3095 quibus
994 3022 1085 3079 usi
1114 3024 1349 3080 fuerant
1401 3024 1478 3079 ad
1526 3025 1998 3082 immolationem
2042 3041 2112 3082 ao

455 3113 809 3169 divisionem
832 3114 993 3183 agni,
1009 3114 1316 3186 cupientes
1332 3114 1458 3183 ejus
1475 3114 1706 3171 discere
1720 3115 2109 3171 intentionem

453 3222 461 3227 ·
526 3204 700 3260 Vers.
733 3205 822 3260 38.
842 3204 1303 3272 Ipsevero—est.
1322 3204 1467 3260 Hinc
1493 3205 1693 3261 adhuc
1719 3206 1911 3273 magis
1928 3211 2110 3278 patet.
2152 3230 2190 3283 ρ

455 3292 621 3366 quod
650 3308 772 3349 non
796 3293 1008 3363 gladiis
1037 3293 1239 3350 ulcisci
1288 3310 1348 3349 se
1374 3294 1605 3361 volens,
1629 3295 1891 3365 jusserat
1915 3311 2112 3351 emere

453 3382 691 3454 gladios
717 3407 728 3447 ;
762 3399 904 3439 nam
925 3384 972 3439 si
1006 3382 1064 3438 id
1092 3383 1398 3447 voluiseet,
1424 3384 1735 3456 quomodo
1752 3400 1915 3441 nunc
1940 3385 2116 3441 dixis-

453 3477 575 3530 set:
610 3474 770 3531 Satis
799 3480 876 3529 est
901 3473 930 3528 ?
954 3472 1253 3544 siquidem
1285 3489 1480 3543 neque
1509 3480 1747 3530 centum
1782 3475 1962 3544 gladii
1994 3474 2116 3530 suf-

453 3562 736 3619 fecissent
754 3563 827 3617 ad
856 3562 1208 3617 irruentium
1230 3562 1696 3619 multitudinem.
1718 3565 1923 3637 Itaque
1949 3563 2115 3637 quod

452 3651 636 3707 dixit:
666 3650 825 3708 Satis
850 3656 952 3717 est,
981 3650 1262 3717 ostendit,
1280 3651 1438 3724 quod
1453 3650 2107 3723 nullaeratgladiorum

451 3740 799 3796 necessitas.

525 3830 686 3885 Vers.
721 3832 808 3886 39.
868 3831 934 3885 Et
963 3861 1030 3873 —
1069 3831 1232 3885 Vers.
1290 3833 1379 3886 42.
1446 3830 1571 3901 ﬁat.
1622 3831 1843 3887 Caetera
1872 3831 2114 3903 quidem

455 3919 783 3975 manifesta
797 3923 959 3986 sunt;
986 3919 1060 3975 de
1074 3919 1342 3975 oratione
1364 3934 1502 3974 vero
1523 3935 1723 3992 quaere
1736 3921 2114 3991 sexagesimo

453 4013 671 4081 quarto
695 4008 994 4079 Evangelii
1020 4009 1191 4079 juxta
1216 4007 1534 4065 Mattheum
1563 4010 1756 4081 capite
1786 4009 1929 4066 dicit
1960 4009 2115 4067 illius

455 4099 897 4154 enarrationem
928 4118 941 4158 :
976 4101 1403 4169 Etprogressus
1427 4099 1732 4167 pusillum,
1760 4100 2026 4169 procidit
2055 4102 2115 4157 iu

449 4188 663 4259 faciem
689 4203 856 4245 suam
874 4189 945 4255 ⁷³,
969 4203 1040 4244 ac
1070 4193 1280 4244 caetera
1308 4204 1444 4259 quae
1474 4194 1827 4261 sequuntur.

526 4277 693 4334 Vers.
723 4282 811 4335 43.
845 4278 1139 4348 Apparuit
1166 4309 1236 4318 —
1271 4277 1425 4333 Vers.
1470 4280 1562 4335 44.
1604 4283 1845 4335 terram.
1895 4278 2115 4335 Eodem

462 4366 652 4440 capite
690 4367 903 4423 horum
928 4367 1199 4423 omnium
1227 4365 1385 4422 facta
1415 4373 1503 4422 est
1559 4368 1803 4432 mentio,
1853 4368 2115 4440 dataque

457 4455 887 4528 interpretatio,
919 4461 977 4511 et
1003 4455 1076 4511 ibi
1096 4455 1223 4525 lege
1245 4455 1576 4511 verbiillius
1607 4456 2110 4513 declarationem:

458 4546 538 4601 Et
577 4545 801 4602 relictis
830 4545 972 4610 illis,
1021 4545 1164 4601 abiit
1194 4547 1410 4602 iterum
1442 4551 1497 4602 et
1527 4540 1715 4604 oravit
1756 4548 1929 4604 tertio
1958 4562 2118 4603 eum-

461 4635 594 4691 dem
615 4650 931 4691 sermonem
958 4634 1153 4691 dicens
1180 4636 1246 4688 τι.

528 4726 693 4779 Vers.
718 4726 803 4779 45.
820 4726 897 4779 Et
916 4740 1048 4781 cum
1062 4724 1412 4781 surrexisset
1436 4756 1505 4766 —-
1530 4725 1693 4781 Vers.
1733 4727 1822 4781 46.
1853 4726 2123 4783 tentatia-

458 4829 607 4871 nem.
625 4812 1235 4887 Consequenterdicto
1252 4814 1444 4886 capite
1458 4814 1590 4883 lega
1610 4830 1679 4869 ea
1696 4830 1830 4884 qua).
1856 4830 2113 4887 sequun-

452 4906 568 4971 tur,
583 4902 731 4960 etab
748 4903 859 4960 illis
880 4903 1057 4960 etiam
1076 4903 1205 4959 haec
1221 4902 1707 4959 manifestissime
1722 4919 2073 4975 cognosces.

526 5084 575 5119 ⁷³
604 5082 741 5139 Luc.
772 5098 915 5150 χχιι,
948 5082 1035 5138 36.
1113 5083 1163 5118 ⁷³
1206 5080 1412 5138 Matth.
1440 5097 1597 5149 11m,
1629 5082 1718 5137 39.
1797 5084 1845 5117 τ¹ο
1872 5082 2021 5139 Ibid.
2045 5087 2132 5139 44.

2228 1948 2419 2001 στόλων
2455 1966 2467 1977 ·
2497 1948 2641 2000 οὗτοι
2676 1950 2777 2021 γὰρ
2811 1953 2882 2019 μή
2926 1951 3149 2019 ἔχοντες,
3189 1947 3552 2002 έπετάττονται
3590 1949 3841 2010 πωλῆσαι

2222 2040 2278 2088 τὸ
2317 2039 2520 2108 ἱμάτιον
2550 2042 2639 2089 καὶ
2681 2036 2944 2107 ἀγοράσαι
2971 2039 3267 2111 μάχαιράν,
3301 2042 3547 2092 τουτέστι
3577 2035 3839 2094 δοῦναιτὸ

2226 2135 2399 2197 σῶμα,
2433 2131 2521 2179 καὶ
2553 2126 2841 2179 ἀντιλαϐεῖν
2874 2128 3117 2182 θάνατον.

2298 2219 2447 2287 Λέγω
2530 2247 2599 2255 —
2689 2215 2963 2287 ἐλογίσθη,
3059 2220 3129 2269 Τὸ
3214 2221 3571 2291 γεγραμμένον
3650 2217 3699 2271 έν
3766 2228 3842 2291 τῷ

2222 2310 2482 2378 προφήτῃ.
2558 2305 2647 2367 Ὠς
2725 2306 2914 2377 ἄνομον
2977 2309 3079 2378 γὰρ
3157 2312 3247 2358 καὶ
3320 2314 3613 2382 κακοῦργον
3678 2312 3840 2381 μέσον

2222 2403 2322 2446 τῶν
2393 2393 2593 2455 ἀνόμων
2677 2400 2766 2447 καὶ
2842 2399 3141 2470 κακούργων
3222 2396 3427 2470 λῃστῶν
3502 2394 3839 2472 ἐσταύρωσαν

2223 2483 2405 2540 αὐτόν,

2295 2577 2396 2627 Καὶ
2432 2576 2534 2646 γὰρ
2581 2605 2638 2615 -
2668 2577 2803 2645 ἔχει.
2832 2577 2908 2627 Τὰ
2928 2579 3046 2649 περὶ
3081 2573 3205 2647 έμοῦ
3229 2579 3566 2648 γεγραμμένα
3603 2577 3653 2628 ἓν
3684 2594 3737 2628 τε
3764 2582 3838 2647 τῷ

2221 2665 2360 2734 νόμῳ
2390 2668 2481 2715 καὶ
2508 2671 2617 2725 τοῖς
2648 2670 2936 2736 προφήταις
2960 2665 3244 2717 τελειοῦται
3270 2662 3400 2724 ἤδη.

2294 2755 2359 2805 0i
2413 2750 2471 2806 δε
2514 2784 2585 2794 -
2644 2750 2760 2808 δύο.
2827 2759 2911 2812 Μὴ
2974 2759 3249 2819 συνιέντες,
3308 2760 3355 2808 τί
3402 2751 3591 2814 ἐδήλου
3645 2759 3723 2808 τό·
3774 2754 3836 2809 Ὀ

2220 2844 2290 2915 μή
2348 2845 2485 2914 ἔχων
2535 2843 2768 2902 πωλήσει
2819 2844 2933 2914 (70)
2988 2847 3045 2896 τὸ
3095 2846 3300 2916 ἱμάτιον
3341 2844 3502 2898 αύτοῦ
3554 2850 3645 2898 καὶ
3702 2844 3836 2917 ἁγο-

2220 2934 2371 3006 ράσει
2416 2932 2689 3005 μάχαιραν
2723 2952 2734 2965 ο
2788 2929 3197 2985 ύποδεικνύουσι
3250 2930 3348 2987 δύο
3398 2940 3693 3007 μαχαίρας,
3755 2935 3836 2995 αῖς

2223 3019 2520 3095 ἕχρήσαντο
2575 3026 2700 3095 πρός
2759 3023 2945 3074 θυσίαν
3012 3030 3104 3074 τοῦ
3168 3020 3330 3095 ἀμνοῦ
3392 3028 3483 3076 καὶ
3551 3019 3834 3097 διανομήν,

2225 3108 2532 3183 βουλόμενοι
2558 3112 2740 3182 μαθεῖν
2766 3114 2853 3162 τὸν
2887 3116 3079 3163 σκοπόν
3112 3110 3292 3165 αὐτοῦ.

2292 3199 2350 3253 Ὀ
2412 3197 2470 3253 δὲ
2544 3199 2676 3252 ἐστὶ.
2757 3204 2975 3273 Φανερόν
3048 3200 3236 3273 μᾶλλον
3304 3200 3527 3255 ἐντεῦθεν
3584 3204 3664 3256 ὅτι
3738 3203 3836 3256 ούκ

2225 3288 2272 3341 έν
2344 3295 2620 3361 μαχαίρας
2674 3289 2973 3362 ἀμύνασθαι
3047 3290 3162 3361 (Ἠ)
3221 3289 3529 3363 βουλόμενος
3597 3292 3835 3355 ἐπέταξεν

2226 3377 2487 3453 ἀγοράσαι
2544 3384 2813 3451 μαχαίρας
2867 3396 2879 3409 ³
2945 3380 2989 3431 εἰ
3034 3381 3135 3451 γὰρ
3189 3387 3342 3433 τοῦτο
3392 3380 3645 3440 ἐϐούλετο,
3722 3391 3836 3445 πῶς

2226 3465 2331 3521 εἶπε
2392 3477 2478 3521 νῦν
2540 3470 2621 3521 ὅτι
2674 3468 2866 3521 Ἱκανόν
2922 3468 3092 3536 ἔστιν;
3145 3469 3203 3520 ού
3252 3471 3353 3544 γὰρ
3421 3468 3481 3521 ἂν
3548 3469 3833 3543 ἐξήρκεσαν

2225 3555 2339 3609 οὐδ’
2369 3557 2548 3610 ἑκατὸν
2588 3560 2857 3633 μάχαιραι
2886 3562 3016 3631 πρὸς
3060 3560 3117 3610 τὸ
3171 3556 3371 3620 πλῆθος
3408 3568 3507 3611 τῶν
3561 3559 3831 3616 ἐπιόντων.

2226 3651 2421 3700 Λοιπὸν
2467 3648 2554 3700 οὖν
2599 3647 2772 3713 εἰπὼν,
2823 3648 2904 3699 ὅτι
2946 3647 3138 3701 Ἱκανόν
3177 3650 3336 3716 ἑστιν,
3386 3647 3612 3722 ένέφηνεν
3651 3651 3730 3703 ὃτι
3773 3650 3834 3703 ού

2224 3744 2381 3811 χρεία
2409 3747 2709 3812 μαχαιρῶν.

2300 3833 2400 3880 Καὶ
2446 3858 2516 3868 -
2562 3829 2804 3898 γενέσθω.
2869 3831 2945 3880 Τὰ
3002 3830 3090 3899 μεν
3144 3827 3273 3880 ἄλλα
3317 3837 3454 3900 σαφῆ
3509 3828 3612 3881 εἰσι
3645 3844 3659 3858 ⁸
3714 3833 3837 3902 περὶ

2226 3914 2285 3971 δὲ
2370 3925 2468 3978 τῆς
2517 3924 2826 3990 προσευχῆς
2885 3916 3116 3977 ζήτησον
3192 3917 3241 3969 έν
3304 3926 3378 3988 τῷ
3437 3917 3701 3988 ἑξηκοστῷ
3757 3937 3835 3971 τε-

2223 4009 2395 4079 τάρτῳ
2421 4006 2680 4078 κεφαλαίῳ
2710 4014 2800 4058 τοῦ
2830 4009 2966 4057 κατὰ
2993 4008 3260 4060 Ματθαίον
3288 4011 3381 4066 τήν
3414 4006 3664 4079 ἐξήγησιν
3695 4015 3789 4059 τοῦ
3817 4025 3831 4038 ο

2227 4100 2328 4149 Καὶ
2346 4095 2644 4170 προσελθὼν
2669 4096 2780 4166 (72)
2807 4099 3009 4169 μικρὸν,
3032 4098 3207 4149 ἔπεσεν
3235 4095 3318 4149 ἰπὶ
3344 4100 3624 4172 πρόσωπον
3642 4098 3827 4163 αὐτοῦ,

2222 4190 2308 4238 καὶ
2330 4187 2395 4237 τά
2419 4184 2503 4247 έξῆ
2517 4204 2558 4245 ς.

2294 4272 2466 4346 Ὠφθη
2540 4305 2603 4314 -
2656 4282 2779 4345 γῆν.
2844 4273 2927 4327 Ἐν
2982 4282 3053 4344 τῷ
3134 4275 3276 4345 αύτῷ
3341 4275 3600 4348 κεφαλαίῳ
3663 4284 3833 4330 ταῦτα

2223 4365 2393 4417 πάντα
2457 4362 2913 4436 ἐμνημονεύθησάν
2972 4383 3027 4417 τε
3073 4370 3162 4416 καὶ
3220 4366 3648 4437 ἡρμηνεύθησαν.
3728 4373 3831 4421 Καὶ

2226 4452 2485 4523 ἀνάγνωθι
2514 4452 2617 4505 ἐκεῖ
2661 4458 2752 4512 τὴν
2798 4453 3068 4525 ἑρμηνείαν
3116 4461 3227 4505 τοῦ·
3282 4459 3382 4507 Καὶ
3423 4454 3559 4526 ἀφεὶς
3616 4454 3826 4528 αύτούς,

2225 4541 2454 4595 ἀπελθὼν
2484 4542 2658 4607 πάλιν,
2687 4543 3021 4616 προσηύξατο
3051 4547 3105 4594 εκ
3134 4548 3335 4617 τρίτου,
3375 4546 3463 4597 τὸν
3495 4544 3651 4597 αὐτὸν
3682 4544 3836 4617 λόγον

2228 4632 2380 4685 εἰπών
2389 4674 2401 4686 .

2305 4726 2404 4775 Καὶ
2499 4719 2724 4782 ἀναστὰς
2800 4721 2914 4793 (73)
2985 4752 3051 4764 -
3132 4726 3442 4795 πειρασμόν.
3514 4722 3833 4784 Ἀκολούθως

2222 4810 2270 4863 έν
2326 4819 2397 4882 τῷ
2452 4811 2592 4883 αύτῷ
2639 4811 2898 4883 κεφαλαίῳ
2944 4814 3007 4865 τὰ
3060 4812 3174 4875 ἑξῆς
3239 4811 3516 4883 ἀνάγνωθι,
3581 4816 3667 4864 καὶ
3734 4810 3824 4863 ἀπ’

2222 4905 2424 4957 ἐκείνων
2466 4907 2614 4958 ἔσται
2652 4924 2735 4957 σοι
2790 4910 2880 4958 καὶ
2923 4908 3117 4957 τούτων
3166 4908 3464 4979 σαφεστάτη
3518 4903 3824 4977 δεάγνυσις.

1659 5260 2213 5330 Variaelectiones
2243 5268 2311 5330 et
2347 5271 2549 5331 notae.

525 5457 643 5530 (es)
676 5456 820 5530 Καθ’
848 5458 1107 5530 abestA.

526 5526 644 5597 (69)
671 5529 731 5582 '0
765 5526 989 5591 Ἰούδας.

530 5600 646 5671 (70)
670 5603 1019 5658 Constanter
1060 5616 1202 5671 ergo
1235 5600 1499 5657 futurum
1528 5600 1871 5657 habetcum
1918 5600 2119 5658 melio-

456 5671 623 5744 ribus
643 5671 980 5744 codjcibus.
1010 5672 1264 5744 Vulgata
1293 5671 1465 5728 lectio
1490 5672 1725 5744 invecta
1749 5678 1838 5728 est
1868 5688 1973 5744 per
1999 5674 2120 5730 Ori-

460 5743 905 5817 ginem._fl‘om.
961 5742 1053 5811 III,
1110 5746 1316 5817 p.653
1375 5746 1443 5810 A,
1502 5749 1559 5805 et
1612 5742 1917 5817 Chrysost.
1967 5748 2116 5801 tom.

457 5812 572 5878 VII,
596 5828 657 5886 p.
689 5813 793 5869 797
826 5815 893 5871 C.

2299 5458 2414 5531 (TI)
2453 5457 2792 5531 Ἀμύνεσθαι.
2822 5465 2877 5513 Β.

2300 5530 2416 5606 (⁸12)
2459 5530 2561 5584 καὶ
2577 5530 2873 5606 νπροελθώνι
2915 5536 2970 5584 Β.

2301 5603 2415 5672 (73)
2479 5605 2600 5669 Καί,
2632 5599 2797 5658 "ante
2842 5601 3097 5674 ρεναστάς,
3143 5599 3305 5674 quod
3364 5599 3514 5674 alter
3562 5615 3843 5674 meorum

2227 5673 2447 5755 omittit
2486 5675 2545 5730 in
2592 5690 2703 5731 suo
2746 5672 2952 5730 codice
2997 5671 3231 5738 videtur
3276 5671 3568 5746 reperisse
3630 5672 3846 5730 ﬂente—

2225 5761 2386 5803 nius.
