4128 6378
276 361 419 425 ίοῶ

1360 366 1708 425 COMMENT
1746 366 1817 424 IN
1856 365 2125 425 LUCAM.
2164 399 2233 412 —
2270 366 2428 425 CAP.
2469 368 2668 425 XXIII.

3524 362 3666 423 1086

349 493 467 549 Ἔτι
503 491 563 548 δε
614 526 684 537 ——
720 493 888 553 ἔστιν,
956 496 1039 549 Ἐν
1082 504 1155 567 τῷ
1211 494 1478 567 ἇξηκοστῷ
1520 500 1739 568 πέμπτῳ
1796 515 1879 547 κε-

2067 495 2233 551 Vers.
2266 498 2355 552 Η.
2378 494 2595 552 Adhuc
2616 500 2811 553 autem
2835 526 2902 538 —-
2919 498 3017 551 est.
3038 490 3424 564 Sexagesimo
3441 489 3653 564 quinto

278 585 479 657 φαλαίῳ
553 592 644 637 τοῦ
717 588 851 638 κατά
900 587 1169 639 Ματθαῖον
1229 589 1435 659 εἴρηται
1490 591 1607 657 περὶ
1684 587 1881 637 τούτων

277 672 522 748 ἀκριϐῶς.
553 678 861 747 Προήρχετο
888 670 948 726 δε
975 674 1177 743 αὐτοὺς,
1210 673 1324 725 ἀντὶ
1348 682 1462 739 τοῦ,
1493 672 1879 747 προελάμϐανεν

276 763 490 824 αὐτοὺς.

350 852 408 903 το
450 849 509 905 δὲ
540 851 746 914 ἰχσοῡς
796 883 860 894 --
906 852 1085 905 αὐτὸν.
1129 852 1354 924 Ὁμοίως
1385 851 1432 904 ἐν
1464 852 1638 925 ἐκείνῳ
1669 855 1735 905 τὰ
1767 852 1885 915 ἑξῆς

278 938 557 1011 ἀνάγνωθι,
605 946 693 994 καὶ
740 944 935 994 τούτων
982 944 1185 995 πάντων
1242 945 1480 1015 εὑρήσεις
1529 940 1760 1017 ἀκριϐεῖς
1797 945 1886 1003 τὰς

278 1033 477 1091 λύσεις.

354 1116 478 1173 Εἶπε
520 1152 588 1162 —-
644 1119 748 1193 ἐμέ.
809 1121 946 1175 Ἐκεῖ
1001 1126 1090 1173 καὶ
1141 1126 1257 1196 περὶ
1309 1123 1502 1173 τούτῶν
1545 1124 1749 1194 ε’ίρηται
1795 1124 1885 1173 καὶ

276 1209 379 1283 ἠκρ
389 1208 595 1262 ίϐωταε.

353 1298 487 1351 Ἀλλ’
541 1330 611 1341 —
663 1302 791 1373 ὥρα.
853 1301 935 1354 Ἐν
987 1301 1018 1374 ᾖ
1075 1297 1296 1374 δύναμιν
1340 1299 1542 1354 ἐλαϐετε
1588 1300 1703 1353 κατ’
1754 1299 1881 1373 ἐμοῦ

280 1390 472 1441 θεόθεν.

355 1484 455 1531 Καὶ
533 1480 563 1536 ἠ
643 1477 855 1541 ἕξουσία
928 1488 1019 1532 τοῦ
1089 1484 1323 1541 σκότους.
1394 1485 1583 1543 Σκότος
1660 1480 1884 1533 ἐνταῦθα

276 1566 414 1639 λέγει
470 1571 555 1619 τόν
606 1564 870 1621 διάϐολον*
930 1569 1077 1622 ἔλαϐε
1121 1574 1223 1645 γὰρ
1276 1575 1366 1622 καὶ
1423 1572 1581 1633 αὐτὸς
1642 1570 1884 1634 ἐξουσίαν

279 1660 399 1709 τότε
452 1658 567 1709 κατ’
613 1657 793 1713 αὐτου.
846 1658 1068 1731 Ὁμοίοις
1114 1657 1172 1712 δὲ
1231 1666 1321 1712 καὶ
1370 1662 1394 1712 ὁ
1456 1661 1695 1725 Πιλάτος,
1754 1664 1883 1733 πρὸς

280 1747 335 1797 ὃν
439 1743 595 1799 εἶπεν.
700 1748 811 1800 Οὐκ
900 1746 1041 1820 εἶχες
1129 1749 1368 1812 ἐξουσίαν
1444 1746 1694 1823 οὐδεμίαν
1769 1749 1883 1802 κατ’

287 1833 300 1849 ν
390 1842 409 1852 -
516 1836 528 1851 ν
734 1834 756 1853 ν
1326 1842 1345 1853 ..
1608 1842 1618 1850 .

280 1854 431 1907 εμου,
486 1855 530 1888 ει
585 1841 656 1909 μὴ
726 1858 756 1896 η
820 1857 904 1890 σοι
954 1835 1229 1911 δεδομένον
1310 1842 1518 1892 ανωθεν·
1594 1861 1663 1901 ως

279 1924 375 1994 ψεν
436 1925 688 1987 Ἰωάννης.
749 1927 911 2001 Ὀμοῡ
965 1925 1024 1980 δε
1074 1932 1253 1990 πάντες
1310 1926 1531 2003 δύναμιν
1586 1936 1675 1981 καὶ
1744 1930 1883 1992 ἕξου-

283 2020 404 2066 σίαν
464 2012 641 2069 ἔλαϐον
693 2025 981 2074 τηνικαῦτα
1033 2021 1224 2071 πάθεσι
1280 2023 1369 2071 καὶ
1432 2021 1632 2091 θανάτῳ
1701 2027 1882 2073 τοῦτον

279 2103 578 2171 ὑποϐαλεῖν,
640 2107 723 2158 ἶνα
777 2107 1024 2182 πληρωθῇ
1072 2110 1101 2166 ἡ
1160 2108 1427 2181 οἰκονομία
1478 2117 1572 2171 τῆς
1620 2114 1883 2183 σωτηρίου

280 2192 395 2245 ἓναν
404 2195 577 2268 θρωπὴ
591 2214 689 2247 σεω
700 2217 739 2258 ς.

355 2282 696 2347 Συλλαϐόντες
753 2316 818 2328 —
856 2285 1167 2359 ἀρχιερέως.
1219 2286 1488 2351 Ὡσαύτως
1522 2287 1628 2342 ἐκεῖ
1653 2293 1741 2341 καὶ
1773 2293 1884 2363 περὶ

281 2376 478 2424 τούτων
510 2374 573 2433 ζὴ
583 2393 643 2432 τη
654 2393 742 2426 σον
751 2417 761 2429 .

352 2460 411 2513 Ὀ
444 2458 501 2515 δὲ
529 2466 714 2537 Πέτρος
738 2496 807 2505 -—
837 2464 1023 2531 αὐτῶν,
1058 2465 1174 2520 Ἔτι
1205 2472 1291 2519 καὶ
1324 2472 1439 2543 περὶ
1473 2470 1666 2520 τούτων
1688 2467 1884 2519 πλατύ-

281 2569 428 2623 τερον
457 2555 557 2624 γὰρ
598 2554 973 2627 ἱστορήσαντος
1017 2564 1106 2607 τοῦ
1134 2558 1433 2624 Ματθαίόυ,
1473 2555 1796 2631 λεπτομερῷς
1836 2555 1883 2608 ἐν

282 2637 458 2712 ἐκείνῳ
485 2642 648 2694 πάντα
677 2648 1073 2715 σεσαφήνισται.

354 2816 572 2873 ’ἰδοῦσα
608 2853 678 2863 -
704 2830 827 2895 φῶς.
855 2826 925 2876 Τὸ
955 2821 1055 2876 ἀπὸ
1082 2830 1173 2876 τοῦ
1195 2828 1378 2898 πυρός.

355 3003 456 3051 Καὶ
505 2997 793 3053 ἀτενίσασα
838 3032 903 3043 —-
950 3002 975 3053 ὃ
1003 3001 1183 3072 λέγεις.
1240 3000 1524 3073 Ἀνάγνωθι
1571 3007 1660 3055 καὶ
1687 3002 1721 3055 ἃ
1762 3008 1879 3077 περὶ

277 3090 475 3140 τούτων
522 3089 744 3165 ἔγραψεν
803 3092 828 3142 ό
878 3088 1146 3153 Ματθαῖος
1204 3091 1253 3143 ἐν
1313 3101 1382 3161 τῷ
1439 3092 1702 3164 ἑξηκοστῷ
1753 3094 1880 3164 ἕκτῳ

1998 586 2645 656 Evangeliisecundum
2670 587 3005 643 Matthieum
3028 584 3223 656 capite
3244 584 3318 639 de
3334 583 3423 637 his
3452 587 3661 637 exacte

1998 681 2312 732 tractatum
2343 682 2449 732 est.
2482 677 2857 734 Praecedebat
2884 680 3084 733 autem
3124 690 3237 739 eos,
3272 673 3396 729 sive
3423 677 3659 728 antece-

1996 766 2197 832 debat,
2239 772 2530 837 tanquam
2560 766 2793 822 ductor.

2066 856 2239 911 Vers.
2279 856 2367 911 48.
2392 857 2557 912 Jesus
2596 856 3053 912 autem—Vers.
3090 855 3176 911 5t.
3204 869 3352 910 eum.
3377 850 3659 907 Similiter

1996 950 2052 1001 et
2072 945 2127 999 in
2158 944 2402 1015 illolege
2427 961 2495 1000 ea
2509 943 2637 1018 qua;
2662 948 3014 1017 sequuntur,
3048 948 3105 999 et
3123 944 3345 999 horum
3374 941 3652 997 omnium

1995 1033 2279 1106 pulchras
2302 1033 2573 1089 invenies
2598 1034 3063 1105 ambiguitatum
3092 1032 3441 1089 solutiones.

2066 1124 2228 1179 Vers.
2262 1124 2347 1180 52.
2384 1124 2538 1181 Dixit
2562 1155 2627 1164 —
2648 1123 2811 1179 Vers.
2842 1124 2931 1178 53.
2974 1138 3074 1179 me.
3117 1122 3303 1178 Etiam
3348 1120 3423 1177 de
3452 1119 3547 1177 his
3574 1117 3660 1175 ibi

1994 1212 2219 1269 dictum
2247 1218 2355 1279 est,
2390 1229 2462 1269 ac
2486 1212 2803 1282 diligenter
2850 1217 3192 1268 tractatum.

2066 1302 2228 1359 Vers.
2259 1304 2348 1360 53.
2378 1303 2499 1359 Sed
2517 1332 2586 1345 —
2613 1303 2783 1359 hora.
2818 1302 2883 1357 In
2907 1318 3027 1374 qua
3064 1318 3101 1359 a
3147 1304 3267 1358 Deo
3298 1302 3658 1371 potestatem

1991 1393 2052 1449 in
2088 1410 2180 1449 me
2207 1393 2543 1464 accepistis.

2067 1484 2227 1538 Vers.
2261 1484 2349 1539 53.
2379 1486 2445 1538 Et
2467 1488 2724 1552 potestas
2750 1481 3146 1539 tenebrarum.
3176 1480 3473 1537 Tenebras
3489 1481 3661 1534 vocat

1992 1572 2088 1629 hic
2109 1573 2418 1628 diabolum
2445 1590 2458 1638 ;
2484 1573 2710 1643 accepit
2728 1574 2888 1627 enim
2907 1579 2963 1629 et
2984 1573 3112 1644 ipse
3135 1577 3275 1626 tunc
3299 1573 3655 1641 potestatem

1994 1663 2283 1718 adversus
2308 1679 2466 1717 eum.
2491 1663 2974 1718 Similiterautem
3001 1667 3057 1717 et
3080 1661 3322 1726 Pilatus,
3348 1659 3440 1714 cui
3468 1657 3656 1714 dixit:

1993 1754 2121 1809 Non
2146 1753 2386 1809 haberes
2411 1753 2596 1809 ullam
2620 1757 2950 1824 potestatem
2985 1752 3298 1808 adversum
3329 1767 3409 1805 me
3436 1750 3556 1804 nisi
3573 1764 3659 1804 es-

1736 1842 1884 1911 ἔγρα-
1920 1850 1963 1906 Β
1993 1846 2077 1897 set
2106 1843 2208 1897 tibi
2231 1842 2461 1897 datume
2482 1843 2778 1910 supernis,
2812 1842 2990 1897 veluti
3021 1841 3255 1912 scripsit
3278 1843 3541 1895 Joannes
3568 1840 3649 1892 ⁷⁵.

1995 1935 2152 1988 Tunc
2179 1938 2377 1989 autem
2403 1932 2579 1987 simul
2610 1948 2822 1987 omnes
2850 1933 2967 1986 vim
3001 1947 3072 1986 ac
3104 1936 3457 2002 potestatem
3492 1943 3659 1985 acce-

1993 2023 2419 2096 peruntipsum
2444 2021 2865 2077 afﬂictionibus
2891 2038 2961 2077 ac
2986 2019 3157 2075 morti
3183 2018 3560 2090 subjiciendi,
3596 2020 3659 2073 ut

1996 2113 2339 2186 impleretur
2367 2110 2731 2183 dispensatio
2778 2110 3056 2166 salutaris
3097 2109 3545 2165 incarnationis.

2071 2292 2230 2347 Vers.
2282 2294 2372 2347 54.
2437 2290 2915 2359 Comprehensum
2955 2320 3023 2330 --
3068 2288 3348 2360 principis
3390 2286 3659 2344 sacerdo-

1995 2376 2149 2438 tumf
2179 2381 2303 2437 Pari
2346 2384 2528 2436 modo
2554 2380 2632 2435 ibi
2660 2380 2734 2434 de
2752 2380 2843 2434 bis
2869 2378 3046 2434 etiam
3078 2394 3295 2449 quaere.

2067 2472 2228 2526 Vers.
2266 2474 2349 2526 54.
2392 2471 2597 2527 Petrus
2636 2485 2769 2525 vero
2796 2499 2864 2510 —
2895 2468 3052 2522 Vers.
3091 2468 3176 2523 55.
3210 2468 3364 2523 illus.
3402 2467 3659 2524 Praeter-

1995 2577 2066 2617 ea
2116 2568 2168 2616 et
2211 2561 2285 2616 de
2335 2559 2429 2616 his
2476 2577 2489 2614 :
2533 2576 2671 2614 eum
2727 2559 2886 2614 enim
2942 2560 3121 2614 latius
3168 2557 3465 2629 scripserit
3520 2558 3658 2613 Mat-

1994 2652 2207 2717 thteus,
2275 2649 2669 2722 particulatim
2727 2649 2788 2705 in
2848 2647 2948 2704 illo
3014 2649 3219 2703 omnia
3279 2645 3659 2703 manifestata

1994 2745 2155 2798 sunt.

2063 2831 2226 2886 Vers.
2284 2833 2370 2885 56.
2413 2827 2633 2885 Intuita
2672 2858 2739 2869 --
2770 2827 2962 2885 lumen
3016 2826 3190 2893 Quod
3242 2824 3322 2881 ab
3368 2825 3506 2897 igne
3556 2840 3656 2881 re-

1994 2918 2353 2991 splendebat.

2068 3009 2230 3065 Vers.
2260 3009 2349 3063 56.
2402 3006 2623 3075 Deﬁxis
2655 3005 2843 3061 oculis
2887 3034 2954 3045 —-
2987 3004 3148 3059 Vers.
3179 3008 3265 3059 60.
3316 3004 3454 3075 quid
3471 3002 3652 3060 dicas.

1997 3100 2145 3166 Lege
2184 3097 2383 3161 etiam,
2417 3113 2552 3169 quia
2579 3096 2654 3150 de
2706 3095 2798 3150 his
2860 3094 3091 3166 scripsit
3136 3094 3444 3149 Matthmus
3489 3108 3657 3149 sexa-

276 3177 556 3250 κεφαλαίῳ,
634 3185 723 3233 καὶ
798 3184 891 3243 τὰς
960 3180 1135 3243 λύσεις
1220 3182 1430 3233 αὐτῶν·
1517 3179 1628 3235 εἶτα
1696 3186 1880 3255 μικρὸν

2021 3188 2228 3255 ςθεὶωο
2258 3192 2424 3242 sexto
2454 3189 2664 3257 capite,
2690 3200 3017 3255 eorumque
3047 3182 3411 3239 solutiones:
3438 3182 3658 3239 deinde

277 3264 622 3331 ἀναπόδισον,
679 3274 769 3321 καὶ
840 3270 1073 3330 ζήτησον
1146 3274 1220 3322 ἔτι
1290 3276 1375 3328 τὴν
1446 3270 1697 3341 ἐξήγησιν
1766 3279 1877 3324 τοῦθ

280 3362 382 3409 Καὶ
429 3356 666 3410 εἰσελθὼν
708 3361 829 3425 ἔσω,
881 3357 1105 3417 ἐκάθητο
1145 3363 1274 3427 μετά
1320 3369 1419 3412 τῶν
1450 3362 1718 3434 ὑπηρετῶν
1751 3358 1881 3413 ἰδεῖν

276 3448 338 3497 τό
366 3445 527 3509 τέλος.

358 3540 458 3588 Καὶ
506 3546 842 3610 παραχρῆμα
899 3568 963 3579 --
1023 3546 1240 3610 πικρῶς.
1300 3537 1621 3603 Ἀκόλούθως
1694 3540 1743 3593 ἐν
1812 3549 1884 3612 τῷ

278 3624 489 3698 ῥηθέντι
520 3627 776 3699 κεφαλαίῳ
802 3633 891 3680 καὶ
922 3636 1087 3680 ταῦτα
1118 3625 1525 3702 ὃιασεσάφηται.

360 3808 461 3856 Καὶ
521 3836 584 3846 —
642 3804 818 3860 αὐτόν.
865 3808 944 3859 Ἐν
1105 3807 1235 3860 τεἿει
1272 3816 1364 3860 τοῦ
1414 3808 1697 3871 ἑξηκοστοῦ
1753 3816 1886 3883 πέμ-

281 3912 417 3944 πτου
471 3894 747 3966 κεφαλαίου
816 3900 932 3971 περὶ
972 3899 1165 3947 τούτων
1218 3898 1440 3970 ἔγραψεν
1503 3900 1527 3950 ὁ
1593 3902 1882 3961 Ματθαῖος.

283 3981 573 4054 Ἀνάγνωθι
600 3980 658 4036 δε
679 3989 767 4036 καὶ
800 3985 848 4036 ἐν
882 3994 952 4056 τῷ
983 3984 1244 4056 ἑξηκοστῷ
1275 3990 1404 4058 ἕκτῳ
1434 3988 1693 4060 κεφαλαίῳ
1725 3991 1886 4042 αὑτοῦ

280 4074 341 4123 τὸ
392 4072 532 4133 τελος
576 4082 671 4134 τῆς
717 4072 1023 4146 ἐξηγήσεως.
1088 4081 1186 4127 Καὶ
1236 4074 1442 4138 ἐξελθὼν
1502 4078 1596 4140 ἔξω
1670 4078 1887 4131 ἓκλαυσε

278 4169 501 4234 πικρῶς.

355 4256 456 4303 Καὶ
516 4283 575 4291 -
642 4252 821 4308 αὐτοῦ.
889 4253 1177 4323 Ἀνάγνωθι
1240 4253 1286 4306 ἐν
1362 4264 1433 4326 τῷ
1498 4253 1886 4329 προδηλωθέντι

279 4336 547 4410 ἑξηκοστῷ
622 4345 840 4412 πέμπτῳ
903 4341 1164 4414 κεφαλαίῳ
1252 4350 1344 4395 τοῦ
1409 4348 1543 4396 κατὰ
1619 4348 1885 4399 Mat-Gaio»

279 4426 384 4479 ἀπὸ
434 4436 547 4480 τοῦ·
610 4435 710 4482 Καὶ
765 4429 1067 4504 ἀποκριθεὶς
1114 4434 1139 4482 ό
1195 4431 1467 4506 ἀρχιερεὺς
1525 4432 1659 4485 εἶπεν
1723 4436 1881 4505 αὐτῷ’

280 4516 567 4591 Ἐξορκίζω
644 4537 700 4571 σε
760 4523 897 4571 κατὰ
968 4528 1057 4571 τοῦ
1129 4528 1261 4573 Θεοῦ
1348 4529 1438 4573 τοῦ
1516 4523 1726 4592 ζῶντος,
1805 4526 1887 4575 ῖνα

281 4609 410 4677 ἡμῖν
490 4606 657 4681 εἴπης.
735 4608 795 4660 Εἰ
871 4614 935 4661 σὺ
994 4606 1039 4662 εἶ
1102 4612 1127 4661 ὁ
1193 4615 1441 4683 Χριστός,
1515 4613 1540 4663 ό
1618 4615 1739 4674 Υἱὸς
1796 4622 1885 4664 τοῦ

284 4704 449 4749 Θεοῦ·
531 4698 667 4771 ἄχρι
732 4705 841 4749 τοῦ·
910 4703 1037 4751 Τότε
1106 4697 1387 4751 ἐνέπτυσαν
1450 4701 1520 4761 εἰς
1581 4701 1755 4754 αὐτόν’
1841 4702 1887 4754 ἐν

280 4788 385 4859 γὰρ
417 4794 528 4847 ταῖς
570 4785 882 4859 ἐξηγήσεσιν
930 4786 1147 4850 ἐκείναις
1179 4789 1291 4861 (74)
1324 4792 1767 4863 νᾶσαφηνίσθησαν
1800 4797 1889 4844 καὶ

281 4894 474 4930 ταυτα.

359 4969 462 5019 Καὶ
508 4964 738 5030 ἀναστὰς
804 4997 874 5008 -
923 4967 1149 5040 βασιλέα
1188 4965 1336 5020 εἶναι.
1377 4966 1666 5040 Ἀνάγνωθι
1714 4968 1762 5022 ἕν
1814 4980 1887 5041 τῷ

283 5053 551 5127 ἑξηκοστῷ
592 5053 801 5129 ἑϐδόμῳ
848 5057 1110 5130 κεφαλαίῳ
1146 5065 1240 5111 τοῦ
1286 5060 1421 5111 κατὰ
1474 5061 1741 5112 Ματθαίον
1792 5066 1887 5119 τὴν

282 5146 554 5217 ἔρμηνείαν
600 5152 713 5197 τοῡο
760 5145 819 5198 Ὀ
886 5142 946 5200 δὲ
1002 5146 1210 5210 Ἰησοῦς
1261 5149 1387 5206 ἔστη
1450 5150 1739 5222 ἔμπροσθεν
1795 5158 1886 5202 τοῦ

280 5235 557 5307 ἡγεμόνος.

354 5413 403 5449 ⁷⁸
441 5414 610 5470 Joan.
644 5430 760 5482 XIX,
792 5416 877 5471 11.
955 5416 1004 5453 ⁷⁸
1030 5416 1227 5474 Matth.
1283 5433 1446 5481 xm.
1490 5418 1578 5477 58.

1656 5419 1704 5454 ⁷⁷
1743 5417 1891 5477 Ibid.
1925 5421 2013 5477 75.

1996 3277 2307 3349 paululum
2354 3275 2673 3339 retrocedc,
2708 3279 2767 3329 et
2794 3289 2995 3346 quaere
3034 3273 3175 3328 dicti
3228 3272 3387 3327 illius
3416 3288 3656 3328 enarra-

1997 3358 2216 3413 tionem
2251 3374 2263 3410 :
2298 3360 2372 3413 Et
2402 3358 2697 3426 ingressus
2726 3358 2897 3419 intro,
2923 3354 3153 3411 sedebat
3192 3369 3321 3409 cum
3343 3353 3653 3418 ministris,

2000 3453 2060 3503 ut
2092 3448 2313 3505 videret
2353 3448 2527 3517 ﬁnem
2556 3448 2625 3500 7‘.

2068 3540 2226 3593 Vers.
2305 3541 2393 3593 60.
2454 3537 2529 3592 Et
2603 3537 2875 3605 protinus
2928 3564 2997 3575 —-
3058 3532 3224 3589 Vers.
3275 3536 3363 3588 62.
3434 3532 3655 3589 amare.

1995 3628 2438 3699 Consequenter
2467 3625 2626 3681 dicto
2662 3624 2855 3696 capite
2886 3622 3065 3680 etiam
3097 3622 3226 3678 haec
3269 3621 3659 3679 manifestata

1997 3724 2147 3774 sunt.

2067 3809 2231 3863 Vers.
2269 3808 2356 3864 63.
2389 3806 2466 3861 Et
2512 3837 2561 3845 —
2599 3805 2758 3860 Vers.
2822 3804 2910 3859 65.
2966 3819 3117 3860 eum.
3161 3802 3229 3857 In
3265 3802 3385 3858 ﬁne
3416 3817 3661 3873 sexage-

2000 3897 2133 3952 simi
2166 3896 2352 3969 quinti
2383 3894 2592 3967 capitis
2638 3895 2712 3948 de
2753 3893 2843 3948 his
2883 3892 3113 3965 scripsit
3149 3893 3480 3948 Matthmus-
3512 3895 3659 3964 Lege

1995 4002 2238 4059 quoque
2265 3985 2639 4053 sexagesimo
2666 3988 2827 4038 sexto
2851 3983 3044 4051 capite
3084 3982 3297 4051 ipsius,
3323 3981 3463 4037 dicti
3502 3981 3660 4037 illius

1996 4074 2459 4138 enarrationem,
2488 4088 2610 4144 quo
2638 4071 2879 4126 dicitur:
2907 4070 2982 4125 Et
3005 4085 3258 4141 egressus
3282 4072 3473 4140 foras,
3494 4070 3659 4141 ﬂevit

1996 4180 2199 4221 amare
2228 4165 2297 4230 ⁷⁷,
2332 4163 2389 4218 in
2417 4163 2554 4217 ﬁne.

2068 4255 2233 4308 Vers.
2279 4253 2371 4309 66.
2400 4253 2590 4324 Atque
2619 4282 2687 4291 —
2733 4250 2894 4305 Vers.
2951 4250 3037 4305 Ἠ.
3083 4248 3284 4316 ipsius.
3329 4250 3479 4319 Lege
3509 4264 3658 4320 pras-

1994 4344 2154 4398 dicto
2202 4342 2579 4412 sexagesimo
2615 4342 2826 4413 quinto
2871 4342 3043 4411 juxta
3089 4338 3429 4394 Matthasum
3462 4339 3657 4410 capite

1996 4433 2074 4489 ab
2113 4448 2185 4487 eo
2210 4432 2341 4487 loco
2377 4448 2388 4485 :
2421 4432 2495 4486 Et
2522 4430 2882 4499 respondens
2924 4443 3187 4484 summus
3217 4428 3488 4485 sacerdos
3513 4427 3659 4484 dixit

1997 4521 2049 4578 ei
2082 4538 2094 4576 :
2130 4522 2357 4591 Adjuro
2411 4528 2462 4576 te
2494 4522 2563 4585 ⁷⁸,
2605 4525 2662 4575 et
2717 4525 2956 4585 caetera,
2994 4534 3313 4590 quousque
3365 4517 3601 4573 dicatur
3641 4534 3655 4574 :

2008 4613 2164 4667 Tunc
2208 4617 2567 4682 exspuerunt
2624 4609 2689 4664 in
2730 4610 2948 4679 faciem
2981 4610 3108 4679 ejus
3148 4610 3218 4675 π,
3261 4624 3404 4664 nam
3444 4608 3505 4663 in
3547 4606 3659 4664 illis

1999 4700 2507 4757 declarationibus
2537 4701 2717 4755 etiam
2769 4699 2897 4755 haec
2929 4697 3300 4755 manifestata
3329 4702 3483 4755 sunt.

2072 4969 2213 5039 Cap.
2266 4968 2458 5023 XXIII.
2499 4968 2659 5023 Vers.
2730 4971 2776 5023 t.
2819 4966 2899 5022 Et
2970 4980 3217 5035 surgens
3264 4994 3334 5005 —
3400 4964 3559 5020 Vers.
3599 4966 3654 5022 2.

1998 5074 2194 5130 regem
2232 5073 2371 5115 esse.
2400 5059 2553 5129 Lege
2580 5056 2957 5129 sexagesimo
2978 5056 3230 5127 septimo
3253 5052 3449 5126 capite
3472 5056 3661 5109 Evan-

1998 5145 2821 5221 geliijuxtaMatthaeumdicti
2861 5146 3016 5202 illius
3056 5143 3653 5217 interpretationem:

1995 5238 2164 5297 Iesus
2193 5245 2389 5296 autem
2418 5237 2576 5295 stetit
2615 5252 2814 5295 coram
2843 5235 3095 5313 praeside
3125 5234 3194 5291 ⁸ο.

2092 5418 2140 5455 ⁷⁸
2204 5418 2348 5475 Ibid.
2378 5422 2468 5476 63.
2546 5420 2593 5453 ’το
2639 5417 2787 5474 lbid.
2835 5420 2901 5472 67
2978 5416 3026 5451 ⁸⁰
3083 5413 3292 5471 Matth.
3341 5428 3524 5479 xxvu,
3573 5417 3657 5468 tt.

1541 5616 1761 5692 Variae
1784 5616 2111 5687 lectiones
2129 5624 2407 5685 etnolm.

355 5812 472 5884 (74)
498 5811 733 5867 nam
760 5816 819 5867 ι.
