4128 6392
451 370 592 435 1087

518 501 683 558 Vers.
718 504 768 558 3.
800 499 1023 557 Pilatus
1052 515 1191 557 vero
1217 531 1285 541 —
1322 500 1485 556 Vers.
1526 504 1579 554 7.
1622 497 1847 555 diebus.
1898 495 2118 553 Conse-
2154 494 2200 549 A

450 598 706 665 quenter
738 590 818 646 ibi
849 591 1028 645 etiam
1069 590 1144 645 de
1182 590 1275 646 his
1318 589 1611 645 invenies.

521 680 682 735 Vers.
726 683 776 735 8.
834 679 1094 735 Herodes
1124 683 1322 736 autem
1367 708 1433 719 —
1462 678 1615 746 ﬁeri.
1671 677 1757 749 -ι--ί-
1797 678 1879 732 Ex
1937 674 2121 747 longo

449 769 735 826 nimirum
784 773 1077 839 tempore,
1116 768 1231 823 hoc
1254 772 1363 835 est,
1394 767 1521 822 diu.

521 859 683 914 Vers.
718 862 770 913 9.
825 857 1240 927 Interrogabat
1266 888 1329 898 -—
1372 856 1592 914 multis.
1628 853 1913 911 Videlicet
1938 852 2119 910 cavil-

449 947 697 1014 latoriis,
732 947 865 1002 etin
908 947 1151 1002 modum
1182 945 1483 1003 tentantis.

522 1036 689 1092 Vers.
720 1041 774 1091 9.
844 1036 973 1104 Ipse
1005 1067 1068 1076 ——
1099 1036 1206 1091 illi.
1249 1038 1458 1108 Ulpote
1505 1033 1747 1091 ientanti
1778 1037 1835 1090 et
1878 1048 2122 1104 respon-

452 1125 617 1181 sione
643 1125 914 1193 indigno.
959 1126 1163 1181 Sciens
1190 1126 1390 1191 etiam,
1420 1141 1557 1180 eum
1584 1123 1736 1179 velle
1768 1122 2004 1195 signum
2034 1123 2122 1176 vi-

451 1215 612 1283 dere,
656 1231 771 1270 non
809 1214 1070 1270 utilitatis
1103 1230 1309 1279 causa,
1351 1214 1452 1270 sed
1513 1213 1927 1270 oblectationis
1961 1230 1973 1267 :
2009 1227 2120 1267 nec

451 1308 746 1377 tanquam
780 1304 1018 1359 divinas
1058 1303 1324 1369 virtutes,
1368 1304 1472 1359 sed
1504 1301 1662 1357 velut
1687 1307 1895 1374 aperta
1925 1300 2120 1374 prodi-

452 1393 552 1465 gia
584 1409 598 1447 :
643 1409 764 1449 non
807 1392 941 1448 fecit
983 1392 1144 1464 apud
1182 1408 1319 1448 eum
1355 1393 1618 1461 signum.

526 1485 685 1538 Vers.
738 1483 830 1538 10.
880 1481 1133 1539 Stabant
1188 1512 1254 1521 —
1295 1497 1445 1537 eum.
1496 1480 1681 1537 Simul
1712 1480 1871 1537 enim
1904 1483 1961 1535 et
2009 1478 2120 1551 ipsi

455 1572 533 1629 ad
558 1571 849 1628 Herodem
870 1570 1101 1627 remissi
1131 1577 1320 1638 erant,
1346 1571 1499 1627 sicut
1532 1571 1590 1626 in
1625 1585 1939 1642 progressu
1964 1569 2121 1625 inve-

456 1675 717 1717 ntemus.

658 1748 816 1804 CAP.
859 1749 1112 1804 LXXIX.
1144 1749 1231 1805 De
1255 1753 1595 1818 contemptu
1625 1746 1895 1803 Herodis.

522 1839 686 1894 Vers.
732 1840 810 1893 tt.
842 1838 1072 1908 Sprevit
1111 1867 1169 1879 —
1198 1838 1482 1896 Pilatum.
1511 1838 1641 1892 Heio
1680 1837 1890 1893 omnia
1914 1835 2113 1893 forsan
2149 1845 2199 1905 Β

452 1927 537 1984 illi
579 1928 733 1994 fecit,
766 1932 1059 2000 tanquam
1090 1927 1213 1997 regi
1242 1927 1613 1984 Judeeorum.

522 2018 686 2073 Vers.
728 2020 814 2075 t2.
848 2018 921 2072 El
958 2016 1107 2086 facti
1160 2046 1221 2056 -
1253 2031 1367 2073 eos.
1402 2017 1489 2087 -Η-
1522 2015 1645 2071 Μετ’
1675 2015 1925 2087 ἀλλήλων,
1982 2014 2116 2071 loco

452 2107 709 2169 ἀλλήλοις.
745 2107 809 2162 Et
832 2110 960 2181 πρὸς
988 2106 1231 2175 ξαυτοὺς,
1284 2106 1415 2163 loco
1453 2110 1580 2180 πρὸς
1636 2106 1901 2169 ἀλλήλους.

528 2289 686 2343 Vers.
730 2288 819 2344 13.
865 2288 1096 2343 Pilatus
1147 2316 1217 2328 —
1264 2285 1433 2344 Vers.
1466 2289 1555 2342 16.
1607 2284 1923 2342 absolvam.
1985 2286 2119 2341 Cor-

453 2376 788 2448 reptionem
818 2376 914 2432 hic
939 2381 1130 2440 vocat,
1160 2374 1523 2431 mediocrem
1556 2374 2019 2444 ﬂagellationem
2042 2372 2121 2429 ad

454 2465 855 2533 mitigandum
918 2481 989 2520 ac
1028 2464 1488 2536 deprimendum
1556 2464 1816 2520 furorem
1859 2463 2118 2527 illorum,

455 2559 521 2610 ut
548 2554 837 2623 arbitrati,
865 2570 999 2609 eum
1030 2569 1369 2627 superasse.
1422 2557 1724 2608 cessarent
1754 2551 1832 2607 ab
1860 2551 2120 2608 ulteriori

455 2643 694 2700 insania
762 2659 776 2709 ;
833 2648 891 2699 at
951 2643 1031 2698 illi
1085 2641 1474 2698 nihilominus
1529 2641 1948 2706 efferebantur,
2006 2641 2119 2697 hoc

455 2749 645 2789 unum
688 2732 878 2788 solum
910 2748 1029 2804 prae
1055 2732 1246 2789 oculis
1296 2730 1671 2787 immobiliter
1695 2732 2010 2793 habentes,
2055 2739 2119 2787 ut

455 2839 642 2895 quam
659 2823 938 2879 citissime
967 2822 1352 2889 occideretur,
1384 2821 1897 2894 quemadmodum
1939 2820 2119 2877 etiam

458 2912 744 2985 praedicto
775 2912 966 2983 capite
988 2911 1308 2967 dissertum
1350 2916 1459 2968 est.

530 3004 685 3057 Vers.
718 3005 807 3060 17.
848 3002 1094 3058 Necesse
1148 3032 1216 3041 —-
1261 3001 1423 3056 Vers.
1483 3001 1569 3057 to.
1613 3015 1925 3057 carcerem.
1970 3000 2121 3056 Mat-

455 3091 639 3147 thaaus
665 3107 805 3146 vero
827 3090 907 3147 ait
938 3090 1095 3145 dicto
1117 3091 1307 3162 capite
1342 3105 1356 3142 :
1399 3090 1469 3145 In
1528 3090 1680 3158 festo
1736 3094 1929 3146 autem
1979 3105 2121 3145 con-

451 3184 720 3237 sueverat
747 3195 960 3249 praeses
1006 3180 1308 3237 absolvere
1364 3178 1552 3234 turbae
1612 3194 1797 3234 unum
1829 3180 2117 3243 vinclum,
2162 3206 2200 3261 ο

454 3284 624 3341 quem
667 3268 987 3325 voluissent
1018 3270 1087 3335 ⁸1,
1121 3273 1176 3325 et
1200 3271 1415 3324 cratera
1447 3267 1615 3338 ;lege
1642 3282 1787 3338 ergo
1828 3267 2117 3339 interpre-

456 3360 736 3414 tationem
766 3358 1023 3413 illorum.

527 3448 689 3503 Vers.
723 3453 809 3503 20.
862 3449 1088 3503 Rursus
1115 3477 1181 3488 ν-
1210 3446 1373 3501 Vers.
1408 3450 1493 3501 23.
1539 3461 1897 3503 summorum
1937 3461 2121 3503 sacer-

459 3537 683 3593 dotum.
740 3537 1043 3593 Mattheus
1098 3538 1157 3591 et
1195 3534 1309 3591 alia
1364 3535 1646 3609 quaedam
1704 3535 1935 3609 scripsit
1965 3535 2122 3591 dicto

459 3626 679 3696 capite.

533 3717 693 3769 Vers.
741 3717 828 3769 24.
865 3713 1091 3770 Pilatus
1140 3728 1281 3784 ergo
1328 3743 1398 3754 —
1451 3715 1607 3768 Vers.
1651 3716 1739 3767 25.
1772 3727 1989 3769 eorum.
2042 3711 2124 3769 lbi

457 3819 698 3877 quoque
722 3802 796 3858 de
837 3804 928 3859 his
959 3803 1185 3858 dictum
1217 3807 1325 3860 est.
1367 3803 1652 3859 Voluntas
1680 3806 1883 3858 autem
1912 3817 2120 3857 eorum

458 3898 586 3950 erat
612 3898 675 3949 ut
696 3893 1165 3962 crucifigeretur.

534 3985 794 4038 Vers.26.
828 3983 1050 4040 Etcum
1080 4014 1145 4024 —
1169 3983 1393 4039 Jesum.
1430 3982 1620 4037 Etiam
1651 3981 1725 4037 de
1755 3981 1868 4037 hoc
1894 3980 2122 4038 dictum

460 4075 550 4128 est
584 4071 830 4127 ibidem.

461 4163 616 4218 (ΖΑΗ.
686 4161 877 4218 LXXX.
942 4163 1025 4218 De
1075 4161 1423 4217 mulieribus
1464 4159 1781 4215 Dominum
1830 4160 2123 4231 plangen-

1204 4250 1378 4306 tibus.

532 4342 691 4396 Vers.
734 4346 821 4395 27.
874 4340 1243 4413 Sequebatur
1288 4371 1357 4380 —
1421 4338 1582 4395 Vers.
1612 4342 1700 4394 28.
1752 4337 1978 4396 vestris.
2043 4341 2122 4395 Ne

460 4428 736 4486 ﬂeveritis
768 4436 1009 4502 propter
1048 4445 1163 4496 me,
1195 4428 1298 4485 sed
1352 4433 1593 4501 propter
1636 4443 1741 4484 vos
1771 4428 1938 4500 ipsas
1965 4426 2118 4494 ﬂete,

460 4523 521 4575 et
547 4523 788 4590 propter
812 4518 965 4575 ﬁlios
991 4525 1237 4574 vestros.

534 4606 702 4663 Vers.
719 4607 806 4663 29.
825 4608 1111 4675 Quoniam
1141 4640 1210 4648 —
1237 4608 1632 4665 lac-laverunt.
1649 4607 1783 4663 Dies
1807 4605 1948 4663 dicit
1966 4605 2121 4662 obsi-

462 4694 661 4752 dionis
687 4702 743 4752 et
770 4696 1235 4767 expugnationis
1269 4695 1813 4770 Hierosolymorum
1847 4711 1860 4750 :
1912 4695 1970 4750 in
1994 4694 2123 4767 qui-

461 4784 579 4842 bus
616 4784 1117 4843 beatiﬁcabuntur
1148 4785 1225 4842 ab
1264 4787 1348 4841 eis
1402 4800 1539 4857 quae
1588 4788 1943 4855 genuerunt,
2007 4782 2122 4840 illae

463 4890 603 4947 quas
634 4889 757 4930 non
787 4879 1139 4947 pepererunt
1171 4892 1184 4928 :
1247 4880 1454 4948 utpote
1483 4891 1619 4947 quae
1664 4889 1786 4930 non
1850 4872 2123 4929 audirent

462 4968 569 5022 aut
595 4962 867 5022 viderent
893 4964 1092 5021 varias
1120 4964 1376 5021 ﬁliorum
1416 4978 1661 5019 suorum
1703 4967 1950 5031 strages.

540 5054 700 5110 Vers.
756 5057 844 5119 30.
917 5054 1082 5110 Tunc
1146 5083 1213 5094 —
1261 5068 1385 5110 nos.
1412 5051 1702 5123 Incipient
1750 5052 1880 5108 haec
1926 5050 2122 5108 dicere

539 5258 585 5294 ⁸¹
629 5258 825 5316 Matth.
854 5273 1038 5324 xxvn,
1063 5259 1151 5315 15.

1782 366 2130 424 EUTHYMII
2172 364 2505 424 ZlGABENl

3701 359 3838 421 1088

2303 494 2363 547 '0
2404 492 2464 548 δέ
2496 493 2716 556 Πιλᾶτος
2747 523 2805 535 -
2843 493 3083 568 ἡμέραις.
3128 488 3447 552 Ἀκολούθως
3478 486 3581 543 ἐκεῖ
3607 494 3697 543 καὶ
3716 493 3839 565 περὶ

2234 589 2427 639 τούτων
2458 586 2578 657 εύρή
2589 603 2714 646 σεις.
3080 632 3085 635 ,

2303 675 2362 727 Ὀ
2394 672 2453 727 δὲ
2482 671 2723 747 Ἡρώδης
2758 703 2806 713 -
2842 676 3126 745 γινόμενον·
3162 670 3248 733 Ἐξ
3275 669 3473 736 ἱκανοῦ,
3498 668 3613 742 (75)
3638 673 3840 744 χρόνου

2235 760 2497 830 δηλονότι,
2526 767 2792 815 τουτέστιν
2824 761 3062 815 ἔκπαλαι.

2303 856 2585 926 Ἐπηρὼτα
2611 884 2672 893 -
2705 853 2920 912 ἱκανοῖς.
2948 850 3030 903 Ἐν
3050 850 3223 923 λόγοις
3255 848 3480 918 πολλοῖς,
3514 855 3843 922 σοφιστικοῖς

2233 940 2292 997 δε
2322 948 2412 996 καὶ
2440 948 2819 1017 πειραστικοῖς.

2306 1032 2466 1093 Αύτός
2515 1063 2582 1073 -
2635 1032 2796 1103 αύτῷ.
2859 1030 2948 1092 Ὠς
3004 1030 3330 1104 πειράζοντι,
3379 1032 3465 1080 xui
3513 1029 3840 1101 ὑποκρίσεως

2232 1120 2447 1193 ἀναξίῳ,
2504 1127 2761 1173 Γινώσκον
2822 1116 2880 1173 di
2952 1119 3107 1172 αὑτὸν
3163 1123 3253 1171 καὶ
3333 1117 3541 1171 θελοντα
3621 1114 3840 1188 σημεῖον

2234 1209 2382 1275 ἰδεῖν,
2429 1211 2520 1263 οὐκ
2563 1210 2807 1280 ὠφελείας
2856 1210 3035 1273 ἕνεκεν,
3086 1207 3213 1260 ἀλλὰ
3235 1206 3473 1279 τέρψεως,
3503 1212 3594 1259 καὶ
3623 1206 3728 1277 οὐχ
3768 1208 3843 1267 ὡς

2232 1304 2376 1362 θείας
2407 1297 2691 1372 δυνάμεως,
2727 1297 2834 1350 ἀλλ’
2879 1301 2943 1359 ὡς
2976 1296 3143 1359 ἁπλῶς
3174 1300 3460 1371 τερατείας,
3492 1296 3587 1348 ούκ
3622 1294 3841 1352 έποίησε

2230 1389 2353 1464 παρ’
2387 1389 2527 1459 αὐτῷ
2563 1396 2797 1460 σημεῖον.

2304 1481 2647 1538 Εὶστήκείσαν
2694 1508 2761 1519 -
2810 1476 2991 1532 αὐτοῦ.
3048 1477 3546 1549 Συνανεπέμφθησαν
3596 1475 3699 1548 γὰρ
3748 1477 3844 1527 καὶ

2231 1568 2378 1621 οὗτοι
2397 1572 2523 1641 πρὸς
2550 1564 2813 1643 Ἡρώδην,
2844 1569 2909 1627 ὡς
2933 1570 3202 1642 προϊόντες
3231 1568 3541 1642 εὑρήσομεν.

2543 1752 2694 1801 ΚΕΦ.
2729 1744 2852 1799 ΟΘ’.
2885 1739 3524 1814 ἘξουθένησιςἨρώδου.

2304 1836 2570 1899 Ἐξουθενὴ
2582 1855 2680 1897 σας
2709 1866 2776 1876 -—
2809 1833 3033 1905 Πιλάτῳ.
3064 1836 3140 1887 Τὰ
3176 1835 3402 1908 ῥηθέντα
3429 1833 3601 1884 πάντα
3622 1834 3844 1888 πεποίη-

2230 1945 2313 1979 κεν
2342 1925 2504 1995 αὐτῷ,
2537 1928 2605 1986 ὡς
2631 1924 2842 1997 βασιλεί
2865 1926 3012 1994 τάχα
3042 1931 3141 1975 τῶν
3168 1919 3458 1976 Ἰουδαίων.

2302 2015 2564 2086 Ἐγένοντο
2623 2011 2683 2067 δί
2762 2044 2822 2053 -
2892 2015 3125 2075 ἔαυτούς.
3208 2011 3321 2085 (76)
3388 2009 3513 2065 Μετ’
3589 2009 3840 2079 ἀλλήλων,

2232 2103 2345 2157 ἀντὶ
2370 2112 2484 2169 τοῦ,
2521 2103 2776 2162 ἀλλήλοις.
2825 2106 2925 2156 Καὶ
2970 2106 3100 2175 πρὸς
3149 2101 3383 2167 ἑαυτούς,
3421 2102 3535 2153 ἀντὶ
3564 2107 3677 2166 τοῦ,
3710 2103 3844 2173 πρὸς

2232 2193 2449 2253 ἆλλήλου
2462 2214 2501 2255 ς.

2303 2285 2529 2345 Πιλᾶτος
2584 2313 2652 2324 -
2725 2281 2995 2336 ἀπολύσω.
3074 2277 3363 2335 Παίδευσιν
3442 2279 3630 2333 έναύθα
3701 2278 3845 2350 λέγει

2230 2378 2323 2432 τὴν
2376 2377 2589 2446 μετρίαν
2643 2376 2979 2444 μαστίγωσιν
3036 2370 3103 2431 εἰς
3152 2372 3490 2443 παραμυθίαν
3547 2374 3637 2421 καὶ
3680 2387 3844 2420 κατα-

2233 2462 2421 2520 στολήν
2492 2470 2583 2514 τοῦ
2652 2462 2817 2533 θυμοῦ
2895 2460 3084 2525 αὐτῶν,
3152 2463 3237 2511 ἵνα
3324 2456 3564 2525 δόξαντες
3636 2477 3842 2530 περιγε·

2231 2554 2412 2605 νέσθαι
2472 2551 2656 2619 αὑτοῦ,
2732 2553 3037 2603 παύσωνται
3106 2557 3198 2611 τῆς
3270 2552 3553 2622 περαιτέρω
3628 2551 3841 2619 μανίας·

2233 2644 2299 2694 Οἱ
2376 2637 2434 2693 δὲ
2510 2646 2599 2692 καὶ
2693 2639 2852 2699 οὕτως
2942 2635 3092 2691 οὐδὲν
3177 2638 3378 2691 ἔλαττον
3462 2636 3842 2709 ἔξεοηριοῦντο,

2232 2735 2362 2802 πρὸς
2433 2729 2483 2783 ἓν
2556 2734 2708 2802 μόνον
2787 2727 3001 2789 ὰκλινῶς
3081 2729 3317 2803 ὁρῶντες,
3410 2725 3597 2779 ἀνελεῖν
3684 2725 3846 2777 αὑτὸν

2232 2823 2489 2891 τάχιστα,
2567 2822 2630 2879 ὡς
2706 2823 2796 2870 καὶ
2870 2816 2917 2870 ἐν
2988 2825 3060 2888 τῷ
3140 2820 3496 2891 προειρημένῳ
3583 2813 3848 2887 κεφαλαίῳ

2238 2907 2269 2963 δ
2281 2908 2566 2981 ιελάϐομεν.

2304 2998 2561 3069 Ἀνάγκην
2667 3028 2729 3038 —-
2817 2996 3069 3068 φυλακήν.
3176 2997 3445 3055 Ινῐατθαίος
3531 2991 3591 3047 δέ
3683 3012 3846 3065 φησιν

2232 3085 2280 3139 ἓν
2351 3096 2423 3158 τῷ
2483 3087 2623 3157 αύτῷ
2697 3084 2980 3157 κεφαλαίῳ.
3061 3087 3207 3138 Κατὰ
3262 3081 3321 3137 δὲ
3384 3084 3589 3155 (77-78)
3658 3081 3845 3155 ἑορτὴν

2667 3028 2729 3038 —-
2817 2996 3069 3068 φυλακήν.

2234 3175 2400 3228 εἰώθει
2462 3176 2494 3226 6‘
2545 3177 2751 3246 ἡγεμὼν
2812 3173 3051 3226 ἀπολύειν
3110 3177 3196 3226 ἕνα
3261 3182 3332 3244 τῷ
3391 3172 3533 3245 ὄχλῳ
3596 3168 3840 3242 δέσμιον,

2232 3264 2285 3317 ὃν
2333 3265 2535 3333 ἤθελον,
2585 3269 2673 3317 καὶ
2725 3265 2791 3316 τὰ
2838 3263 2973 3326 ἑξῆς·
3004 3268 3093 3315 καὶ
3133 3264 3392 3335 ἀνάγνωθι
3435 3267 3529 3321 τὴν
3569 3261 3842 3335 ἑρμηνείαν

2233 3354 2421 3408 αὐτῶν.

2305 3444 2465 3497 Πάλιν
2491 3475 2558 3483 -
2586 3442 2893 3518 ἀρχιερέων.
2920 3441 2978 3495 Ὀ
3008 3438 3066 3495 δὲ
3098 3443 3361 3504 Mra-Buta;
3404 3444 3493 3493 xui
3537 3443 3685 3515 ἔτερα
3722 3460 3846 3493 τινα

2235 3535 2510 3607 ἱστόρησεν
2542 3532 2589 3585 ἐν
2622 3531 2793 3604 ἐκείνῳ
2823 3541 2893 3602 τῷ
2920 3530 3194 3605 κεφαλαίῳ.

2302 3711 2359 3764 Ὀ
2417 3708 2475 3764 δὲ
2522 3710 2744 3772 Πιλᾶτος
2796 3742 2861 3751 —
2913 3711 3101 3765 αὐτῶν.
3150 3713 3271 3765 Εκεῖ
3322 3714 3412 3762 καὶ
3472 3714 3590 3783 περὶ
3643 3711 3845 3761 τούτων

2233 3804 2457 3875 εἴρηται.
2539 3800 2750 3873 Θέλημα
2824 3795 2883 3852 δὲ
2960 3799 3128 3852 αὐτῶν
3190 3796 3251 3858 ἦν
3325 3802 3383 3852 τὸ
3464 3800 3846 3875 σταυρωθῆναι

2234 3909 2407 3943 αυτον.

2306 3984 2405 4033 Καὶ
2430 3982 2493 4040 ὡς
2524 4010 2589 4020 -
2620 3979 2814 4037 Ἰησοῦ.
2849 3984 2948 4032 Καὶ
2978 3983 3096 4053 περὶ
3127 3980 3333 4034 τούτου.

2418 4164 2560 4212 ΚΕΦ.
2600 4156 2677 4212 ll'.
2716 4161 2840 4233 Περὶ
2870 4165 2969 4209 τὼν
2998 4161 3327 4229 κοπτομένων
3355 4165 3643 4229 γυναικῶν,

2301 4336 2597 4390 Ἠκολούθει
2650 4367 2718 4378 -
2772 4336 2935 4409 ύμων.
2978 4343 3063 4395 Μὴ
3118 4337 3314 4389 κλαίετε
3362 4333 3547 4409 δι’ἇμὲ,
3584 4334 3714 4388 ἀλλὰ
3763 4331 3843 4388 δι’

2233 4426 2415 4488 ἑαυτὰς
2447 4427 2668 4493 κλαίετε,
2701 4430 2791 4478 xui
2814 4423 2907 4478 διὰ
2945 4429 3010 4479 τὰ
3039 4430 3190 4479 τέκνα
3215 4427 3376 4499 ὑμῶν.

2303 4604 2426 4659 ’Ότι
2461 4635 2519 4645 —-
2550 4604 2827 4663 ἐθήλασαν.
2862 4603 3086 4678 Ἡμέρας
3130 4604 3264 4677 λέγει
3292 4607 3382 4667 τὰς
3411 4613 3507 4668 τῆς
3534 4604 3845 4681 πολιορκίας

2232 4700 2322 4747 καὶ
2370 4693 2607 4756 ἁλώσεως
2652 4692 3038 4768 Ἰεροσολύμων,
3097 4694 3146 4746 ἐν
3187 4691 3271 4757 αἶς
3320 4696 3839 4770 μακαρισθήσονται,

2232 4788 2385 4857 φησι,
2417 4787 2558 4855 παρά
2591 4792 2686 4836 τῶν
2714 4789 3046 4855 γεννήσασι-ὠν
3077 4785 3131 4836 αἱ
3162 4788 3232 4856 μὴ
3261 4788 3605 4855 γεννήσασαι,
3650 4787 3717 4845 ὡς
3755 4790 3832 4855 μὴ

2234 4872 2540 4939 ἀκούουσαι,
2574 4869 2713 4945 μηδὲ
2763 4871 3053 4944 βλέπουσαι
3103 4872 3339 4934 ποικίλας
3398 4876 3597 4946 σφαγὰς
3647 4876 3833 4925 τέκνων

2232 4961 2423 5029 αὐτῶν,
2462 4963 2635 5035 ὥσπερ
2671 4960 2828 5013 αὗται
2857 4962 2993 5034 (79).

2302 5055 2429 5106 Τότε
2490 5081 2558 5092 -
2607 5052 2766 5123 ἡμᾶς.
2823 5049 3101 5126 ⁸’Δρξονται
3152 5059 3322 5106 ταῦτα
3373 5051 3537 5125 λέγειν
3598 5054 3648 5106 οἱ
3708 5052 3837 5108 Ἰου-

1717 5433 1944 5505 Varia:
1963 5434 2295 5504 lectiones
2326 5443 2392 5505 et
2432 5445 2634 5504 notae.

541 5658 654 5731 (75)
696 5662 813 5716 Hoc
844 5659 1069 5717 scholio
1107 5663 1269 5715 caret
1323 5657 1663 5717 Hentenius.
1702 5661 1916 5716 Textus
1981 5674 2123 5731 ergo

468 5728 641 5804 apud
664 5747 802 5804 eum
826 5731 1069 5804 junctus
1098 5736 1204 5804 est.

540 5802 657 5875 (76)
683 5801 918 5860 Omisso
946 5802 1061 5860 hoc
1089 5802 1331 5868 scholia.
1365 5804 1556 5860 textus
1579 5801 1825 5875 junctus
1850 5805 1942 5861 est
1960 5802 2123 5876 apud

2233 5661 2603 5717 Heutenium.

2328 5736 2514 5802 77-78)
2544 5736 2650 5791 Τὴν
2681 5731 2850 5789 addit
2883 5735 2941 5789 Β.

2328 5736 2514 5802 77-78)
2544 5736 2650 5791 Τὴν
2681 5734 2850 5789 addit
2883 5735 2941 5789 Β.

2303 5734 2419 5878 έἹΩ)
2454 5806 2581 5864 Duo
2600 5804 2729 5862 haec
2759 5804 3050 5864 vocabula
3072 5804 3287 5864 omittit
3314 5802 3655 5863 Hentenius.
