4128 6384
302 344 443 406 1089

1306 350 1682 415 COMMENT.
1728 353 1800 411 IN
1838 348 2104 413 LUCAM.
2148 381 2215 395 -—
2254 346 2417 408 CAP.
2462 344 2666 408 XXIII.

3542 346 3684 408 1090

302 470 469 539 δαῖοι,
499 477 571 545 μὴ
623 477 857 549 φέροντες
900 477 965 528 τὰ
986 475 1346 552 ἀνυπέρϐλητα
1377 476 1542 549 δεινὰ,
1595 482 1658 533 τά
1699 500 1754 533 τε
1802 480 1895 533 ἀπὸ

2017 477 2222 543 Judaei,
2268 492 2391 534 non
2446 476 2701 534 ferentes
2751 475 3015 549 pericula
3046 475 3366 532 innumera
3409 490 3479 531 ac
3506 474 3682 531 vehe-

298 570 396 624 τῆς
423 568 725 638 πολιορκίας
766 572 866 616 τῶν
904 563 1187 638 Ῥωμαίων,
1223 572 1424 620 καὶτοῦ
1452 567 1657 641 λοιμοῦ,
1691 575 1781 623 καὶ
1809 577 1903 632 τῆς

299 652 551 725 ἐμφυλίου
579 655 832 715 στάσεως.

372 740 497 795 Ὀτι
522 740 569 795 εἰ
601 772 665 784 -
691 746 907 814 γίνηται
936 759 949 810 ;
986 744 1044 798 Εἰ
1073 742 1122 796 έν
1152 743 1267 818 έμοὶ
1296 754 1368 817 τῷ
1401 747 1534 808 ζωὴν
1564 749 1702 801 θείαν
1728 751 1905 821 ἔχοντι

298 837 470 885 ταῦτα
509 838 752 884 ποιοῦσιν
801 834 850 885 οἰ
877 831 1142 905 Ῥωμαῖοι,
1194 838 1608 909 παρορμηθέντες
1654 839 1753 890 ὑπὸ
1806 846 1905 890 τῶν

304 916 599 990 Ἰουδαίων,
644 920 694 973 ἄν
729 922 872 994 ύμῖν,
911 930 1017 985 τοῖς
1052 928 1302 998 νέκρωσιν
1347 925 1399 988 ἐξ
1428 925 1687 1001 ἁμαρτίας
1724 946 1907 986 κεκτη-

298 1013 496 1082 μένοις,
529 1014 581 1062 τί
617 1014 830 1082 γένηται
869 1013 990 1087 παρ’
1022 1012 1227 1081 atii-6w;

374 1097 602 1171 Ἦγοντο
648 1128 717 1143 —
758 1097 1061 1175 ἀριστερῶν.
1108 1101 1167 1155 Ὀ
1199 1099 1257 1155 δὲ
1289 1106 1558 1167 Ματθαῖος
1598 1110 1687 1157 καὶ
1739 1107 1905 1180 ἕτερον

300 1189 512 1262 ἔγραφε,
545 1192 631 1241 καὶ
660 1186 919 1261 ἀνάγνωθι
943 1190 1175 1257 κάκεῖνα,
1202 1197 1293 1244 καὶ
1324 1195 1528 1256 πάντως
1555 1195 1790 1266 εὑρήσεις
1817 1201 1905 1248 καὶ

296 1282 419 1350 περὶ
445 1280 660 1330 τούτων.
700 1277 779 1332 Ἐν
823 1288 895 1350 τῷ
925 1282 1059 1332 κατά
1097 1282 1365 1334 Ματθαῐον
1393 1285 1494 1357 γὰρ
1539 1287 1604 1335 τὰ
1640 1288 1759 1357 περὶ
1805 1293 1905 1335 τῶν

299 1373 629 1419 Δεσποτικῶν
678 1369 1002 1440 παθημάτων
1069 1367 1468 1442 ἀπαραλείπτως
1531 1378 1621 1425 καὶ
1682 1371 1907 1448 ἀκριϐῶς

295 1457 417 1509 καθ’
460 1458 634 1530 εἱρμὸν
659 1458 1087 1530 ἠρμηνεύθησαν,

368 1634 428 1687 Ὀ
481 1631 541 1689 δι
596 1635 802 1699 Ἰησοῦς
850 1668 915 1679 -
950 1639 1073 1711 ἄφες
1120 1639 1318 1700 αὐτοῖς.
1368 1638 1516 1714 ’Υπὲρ
1575 1650 1675 1693 τῶν
1735 1661 1906 1695 σταυ-

293 1727 576 1799 ρωσάντων
642 1723 915 1779 Ἰουδαίων
981 1728 1415 1801 προσευξάμενος,
1486 1733 1555 1791 ὡς
1610 1733 1898 1805 ἄνθρωπος,

2016 566 2409 623 meritissima.

2086 745 2244 799 Vers.
2291 743 2382 801 3t.
2412 743 2471 799 Si
2509 743 2667 800 enim
2697 745 2795 797 —?
2833 742 2932 810 ﬁet
2989 742 3048 800 Si
3088 743 3147 799 in
3202 758 3320 812 me,
3351 741 3456 815 qui
3499 741 3681 799 vitam

2013 832 2210 890 habeo
2233 831 2522 897 divinam,
2554 832 2682 888 haec
2720 831 2949 888 faciunt
2981 830 3233 888 Romani
3269 846 3305 889 a
3345 832 3566 887 Judasis
3603 832 3679 886 iu-

2016 922 2215 994 stigati
2244 940 2257 989 ;
2289 923 2345 977 in
2371 921 2558 986 vobis,
2592 920 2696 995 qui
2744 927 2993 977 mortem
3014 921 3182 977 vobis
3205 936 3278 976 ex
3310 926 3557 993 peccato
3579 936 3679 993 pa-

2013 1012 2213 1079 rastis,
2242 1010 2387 1082 quid
2411 1010 2491 1066 ab
2514 1010 2633 1065 illis
2662 1010 2759 1066 ﬁet
2794 1010 2822 1065 ?

2087 1099 2249 1155 Vers.
2317 1103 2404 1157 32.
2458 1099 2826 1155 Ducebantur
2902 1129 2970 1141 —
3023 1099 3188 1155 Vers.
3256 1100 3345 1154 33.
3399 1097 3679 1154 sinistris.

2015 1187 2321 1245 Matthesus
2342 1187 2463 1244 alia
2499 1204 2745 1261 quoque
2788 1187 3027 1260 scripsit
3060 1204 3071 1242 :
3102 1188 3200 1244 illa
3234 1187 3361 1260 lege
3393 1192 3450 1243 et
3474 1194 3680 1258 aperte

2014 1275 2210 1331 dehis
2267 1276 2446 1332 etiam
2496 1277 2782 1332 invenies.
2826 1280 2969 1333 Nam
3023 1277 3085 1333 in
3140 1276 3455 1346 Evangelio
3507 1276 3680 1346 juxta

2017 1365 2357 1420 Mattbteum
2412 1366 2484 1420 de
2526 1365 2765 1421 Domini
2810 1363 3236 1421 afﬂictionibus
3301 1365 3469 1421 nullo
3536 1380 3681 1437 pra:-

2014 1454 2309 1522 termisso,
2362 1470 2593 1528 suaque
2638 1455 2787 1511 serie
2848 1456 3123 1513 omnium
3176 1460 3380 1512 exacte
3420 1455 3562 1511 data
3593 1457 3683 1509 est

2012 1542 2439 1615 interpretatio.

2086 1632 2244 1688 Vers.
2310 1633 2399 1689 34.
2458 1632 2623 1689 Iesus
2692 1638 2886 1691 autem
2960 1664 3031 1677 —
3082 1635 3309 1691 remitte
3366 1632 3509 1689 illis.
3573 1632 3680 1688 Pro

2012 1722 2469 1778 cruciﬁxoribus
2538 1722 2760 1778 Judaeis
2842 1739 3043 1789 orans,
3126 1728 3414 1795 tanquam
3470 1723 3680 1786 homo,

294 1809 537 1875 ὑπέδειξε
593 1821 705 1876 τοῖς
756 1813 1048 1890 ἀνθρώποις
1099 1820 1257 1869 τύπον
1309 1827 1398 1879 ¹ιτῆς
1473 1819 1545 1882 εἰς
1601 1824 1719 1883 τοὺς
1778 1820 1895 1875 ἀδι-

2017 1812 2453 1884 compassionis
2511 1813 2767 1869 formam
2828 1811 3176 1869 hominibus
3225 1811 3677 1877 demonstravit,

294 1906 362 1960 κή
373 1921 567 1965 σαντας
591 1906 940 1976 συμπαθείας.

372 2080 675 2154 Ἠπόρησαν
748 2078 810 2135 δέ
855 2102 1002 2154 τινες,
1059 2086 1159 2150 ὅτι,
1220 2084 1304 2137 ἐὰν
1358 2083 1541 2158 ἀφείθη
1619 2088 1801 2152 αὐτοῖς
1866 2092 1895 2149 ἠ

298 2168 551 2243 ἁμαρτία,
605 2180 707 2232 πῶς
751 2168 824 2225 δι’
878 2172 1036 2231 αὐτὸν
1090 2174 1305 2247 ὕστερον
1362 2172 1733 2248 παρεδόθησαν
1791 2187 1901 2242 τοῖς

293 2257 567 2331 Ῥωμαίοις
616 2260 686 2322 εἰς
744 2260 1131 2337 πανωλεθρίανς
1196 2268 1325 2338 Πρὸς
1384 2265 1474 2326 ούς
1533 2264 1761 2339 λέγομεν,
1819 2270 1900 2321 ὅτι

294 2348 401 2420 οὐχ
455 2350 581 2425 ύπὶρ
633 2352 838 2402 πάντων
895 2352 924 2410 ἠ
992 2357 1267 2425 προσευχὴ
1327 2358 1551 2426 γέγονεν,
1604 2355 1711 2408 ἀλλ’
1772 2359 1898 2433 ύπὶρ

291 2442 463 2509 μόνων
527 2446 628 2490 τῶν
698 2444 985 2513 περαιτέρω
1039 2437 1204 2513 μηδέν
1273 2462 1324 2494 τι
1387 2448 1895 2517 κακουργησάντωνι

291 2529 410 2579 ὅσοι
474 2521 533 2579 δί
590 2530 721 2599 μετά
776 2535 949 2594 τοῦτο,
1004 2537 1097 2581 τοῦ
1156 2530 1302 2588 ἡλίου
1371 2536 1751 2599 σκοτωθέντος,
1812 2541 1900 2589 καὶ

288 2623 383 2667 τοῦ
435 2618 908 2690 καταπετάσματος
962 2620 1298 2689 σχισθέντος,
1349 2625 1440 2673 καὶ
1499 2630 1592 2684 τῆς
1648 2631 1748 2694 γῆς
1794 2644 1896 2676 σει-

289 2705 530 2766 σθείσης,
564 2710 653 2757 καὶ
694 2697 792 2758 τῶν
826 2716 1025 2780 πετρῶν
1068 2710 1421 2779 σχισθεισῶν,
1476 2716 1566 2762 καὶ
1608 2720 1706 2763 τῶν
1736 2712 1899 2765 ἀλλων

290 2796 521 2865 σημείων
577 2802 677 2846 τῶν
723 2798 857 2847 κατά
914 2801 1009 2854 τὴν
1066 2794 1358 2849 ἀνάστασιν
1418 2799 1579 2852 αὑτοῦ
1645 2800 1899 2855 τελεσθέν-

288 2900 411 2945 των,
482 2886 794 2958 προσέθεντο
851 2892 913 2957 τῇ
972 2891 1219 2960 πονηρίᾳ,
1298 2891 1388 2939 καὶ
1453 2892 1670 2963 τυχηρὰ
1732 2899 1899 2944 ταῦτα

289 2971 646 3046 λογισάμενοι,
723 2978 997 3036 κακοήθως
1075 2974 1509 3049 ὶσυκοφάντησαν
1594 2984 1688 3038 τὴν
1759 2983 1897 3034 Θείαν

293 3060 606 3127 ἀνάστασιν,
666 3063 771 3136 οὐχ
829 3064 957 3139 ὑπὲρ
1004 3068 1197 3118 τούτων
1244 3068 1616 3140 προσηύξατο·
1674 3066 1760 3123 διὸ
1809 3077 1898 3124 καὶ

295 3150 443 3204 οὗτοι
467 3153 668 3214 πάντως
705 3150 1077 3228 παρεδόθησαν
1107 3163 1210 3216 τοίς
1240 3153 1467 3231 ἐχθροῖς.

369 3241 446 3292 Ού
502 3243 603 3315 γάρ
654 3272 725 3284 --
771 3252 1005 3297 ποιοῦσι.
1061 3252 1145 3316 Τῷ
1198 3247 1366 3317 φθόνῳ
1414 3249 1706 3318 μεθύοντες.
1754 3254 1899 3314 Τινες

296 3325 358 3382 δέ
401 3350 595 3402 φασινο
656 3334 726 3394 ὡς
781 3332 886 3405 ούχ
938 3335 1067 3409 ὑπὲρ
1119 3342 1220 3386 τῶν
1252 3331 1549 3401 Ἰουδαίων,
1606 3336 1712 3390 ἀλλ’
1772 3341 1897 3412 ύπὶρ

291 3426 395 3471 τῶν
452 3421 891 3492 ὑπηρετησάντων
943 3430 1005 3495 τῇ
1062 3430 1360 3496 σταυρώσει
1416 3425 1577 3478 αὐτοῦ
1634 3426 1898 3502 Ῥωμαίων

295 3518 627 3583 στρατιωτῶν
700 3516 794 3569 τήν
846 3517 1154 3585 προσευχήν
1214 3513 1536 3573 ἐποιήσατο·
1593 3518 1738 3571 οὗτοι
1796 3523 1895 3594 γὰρ

290 3600 625 3651 παντάπασιν
673 3600 913 3672 ἠγνόουν,
956 3604 1057 3655 ὅσα
1082 3608 1199 3677 περί
1225 3604 1386 3657 αὑτοῦ
1416 3614 1841 3682 προανεφὼνησεν
1871 3612 1897 3664 ὁ

288 3691 445 3759 νόμος
473 3694 562 3741 καὶ
593 3691 642 3742 οἱ
667 3698 953 3765 προφῆται.

365 3782 645 3851 Θεώρησον
717 3776 777 3833 δε
828 3782 909 3833 ὅτι
980 3780 1151 3835 ὀπίσω
1226 3786 1316 3855 μεν
1382 3784 1650 3848 εἰπόντος·
1726 3791 1893 3866 Πάτερ

285 3884 409 3937 μου,
472 3867 516 3919 εἰ
563 3867 622 3920 ού
680 3868 793 3940 (80)
841 3866 1064 3922 δύναται
1106 3879 1259 3925 τοῦτο
1303 3876 1362 3927 τὸ
1408 3880 1657 3949 ποτήριον
1700 3880 1895 3951 παρελ-

290 3957 396 4008 θεῖν
451 3954 538 4009 ἀπ⁹
588 3956 733 4029 ίμοῦ,
804 3961 1075 4031 γενηθήτω
1127 3964 1185 4015 τὸ
1246 3962 1444 4035 θέλημά
1516 3984 1652 4018 σου·
1705 3967 1891 4028 θελητὴ

285 4052 361 4114 τῷ
409 4051 575 4122 Πατρὶ
625 4052 858 4119 φαίνεται
906 4050 935 4108 ἠ
985 4055 1159 4122 σφαγὴ
1210 4059 1302 4104 τοῦ
1362 4055 1523 4105 Υὶού·
1576 4052 1795 4109 ενταῦθα
1835 4053 1895 4110 δε

284 4133 561 4205 lis/outer
624 4139 815 4211 Πάτερ,
881 4139 1003 4211 ἄφες
1054 4139 1248 4206 αὐτοῖς,
1322 4139 1601 4204 ἀθίλητοςο
1674 4144 1734 4196 ού
1789 4150 1891 4219 γὰρ

283 4224 349 4276 ἄν
417 4223 792 4297 ἐξεμειλίσσετο
859 4232 953 4286 τὴν
1005 4226 1197 4281 ἐκείνου
1268 4234 1402 4283 κατά
1450 4241 1548 4284 τῶν
1607 4237 1893 4305 μιαιφόνων

283 4313 469 4388 ὀργήν.
528 4319 591 4368 Τί
642 4311 730 4367 οὖν
777 4314 916 4369 έστιν
969 4318 1165 4385 εἰπεῖν;
1221 4317 1338 4371 Ὀτι
1393 4322 1510 4373 καθ’
1558 4320 1745 4380 έαυτὴν
1801 4326 1891 4395 μεν

283 4401 530 4465 ἀθελητος
562 4400 642 4462 ἦν.
695 4402 788 4458 διὰ
841 4402 899 4459 δε
947 4412 1042 4465 τὴν
1086 4410 1337 4482 ἡμετέραν
1370 4414 1628 4484 σωτηρίαν
1686 4411 1888 4471 θελητή.

284 4493 531 4567 Καθάπερ
575 4498 665 4546 καὶ
713 4497 807 4557 τὰς
861 4493 1114 4568 ἀριστέως
1157 4496 1363 4569 πληγὰς
1392 4501 1509 4552 καθ’
1565 4498 1753 4564 ἑαυτὰς
1799 4505 1891 4574 μεν

282 4577 472 4642 ἀηδεῖς
517 4583 810 4656 ἡγούμεθα,
851 4580 946 4637 διὰ
976 4581 1035 4638 δε
1081 4589 1174 4645 τὴν
1204 4590 1341 4640 κατὰ
1389 4597 1490 4641 τῶν
1548 4587 1753 4665 έχθρῶν
1795 4590 1888 4642 ἀν-

282 4666 601 4745 δραγαθίαν,
635 4670 839 4736 ἡδείας.

352 4941 780 5015 Διαμεριζόμενοι
857 4972 927 4983 --
992 4943 1211 5018 θεωρῶν.
1295 4943 1380 4998 Ἐν
1462 4950 1535 5015 τῷ
1598 4941 1888 5021 προδιαλη-

280 5030 456 5101 φθέντι
512 5029 768 5103 κεφαλαίῳ
827 5039 918 5085 τοῦ
966 5035 1103 5085 κατά
1172 5035 1440 5087 Ματθαίον
1496 5034 1729 5095 ζήτησον
1791 5040 1886 5094 τὴν

280 5116 533 5190 έξήγησιν
606 5128 735 5172 τοῦ·
808 5126 1204 5196 Σταυρὼσαντες
1279 5120 1338 5175 δι
1396 5122 1572 5191 αὑτὸν,
1656 5120 1883 5198 διεμερί-

280 5225 437 5259 σαντο
526 5210 593 5261 τὰ
694 5211 878 5282 ἱμάτια
987 5210 1169 5281 αὐτοῦ,
1263 5210 1535 5285 βάλλοντες
1644 5212 1832 5286 κλῆρον
1861 5232 1876 5247 ο

277 5297 401 5349 ἔνθα
440 5295 616 5359 λύσεις
664 5296 1030 5374 ἀνεγράφησαν
1081 5304 1375 5377 χαρίεσσαι
1403 5301 1517 5375 (8t)
1564 5304 1878 5375 ζητημάτων

278 5383 582 5458 ἀξιολόγων,

351 5483 400 5520 ⁸³
418 5483 623 5542 Matth.
643 5501 805 5553 xui,
837 5489 927 5546 42.

694 5211 878 5282 ἱμάτια

1006 5487 1054 5524 ⁸³
1088 5487 1293 5547 Matth.
1316 5503 1499 5558 xxvu,
1530 5491 1621 5547 35.

1936 3199 1976 3255 C

1924 4556 1970 4612 D

2010 1916 2197 1972 quam
2231 1916 2371 1971 erga
2403 1900 2533 1957 illos
2581 1900 2807 1958 habere
2850 1906 3102 1974 oportet,
3143 1899 3243 1974 qui
3282 1901 3443 1974 ipsos
3465 1899 3680 1972 injuria

2011 1989 2326 2046 afﬁcerent.

2083 2079 2518 2137 Dubitaverunt
2564 2083 2766 2136 autem
2815 2078 3082 2152 quidam,
3129 2084 3370 2151 sumpta
3406 2078 3548 2134 hinc
3576 2093 3681 2134 oc-

2009 2167 2271 2224 casione.
2320 2168 2377 2225 Si
2425 2169 2584 2225 enim
2638 2168 2956 2225 remissum
3010 2174 3137 2224 erat
3192 2168 3281 2223 eis
3340 2171 3676 2239 peccatum,

2009 2258 2319 2329 quomodo
2348 2257 2735 2329 postmodum
2787 2256 3074 2315 Romanis
3121 2257 3196 2313 ob
3218 2256 3365 2313 illud
3393 2257 3469 2313 ad
3502 2255 3680 2313 inter-

2010 2347 2323 2402 necionem
2347 2346 2539 2403 traditi
2576 2347 2765 2403 sunt?
2789 2347 3017 2413 Quibus
3044 2362 3153 2403 nos
3178 2345 3461 2410 dicimus,
3507 2344 3678 2419 quod

2012 2451 2131 2492 non
2165 2451 2275 2508 pro
2313 2436 2598 2493 omnibus
2656 2437 2918 2508 precatio
2960 2435 3117 2492 facta
3147 2440 3256 2501 est,
3305 2436 3408 2491 sed
3440 2451 3544 2508 pro
3582 2434 3678 2490 his

2009 2524 2304 2582 dunxatat
2362 2526 2467 2599 qui
2515 2525 2662 2582 nihil
2716 2526 2858 2581 mali
2916 2526 3202 2597 deinceps
3283 2524 3678 2597 perpetraturi

2010 2620 2196 2670 erant.
2256 2616 2363 2681 Qui
2411 2630 2550 2672 vero
2602 2631 2731 2671 cum
2773 2615 2862 2671 sol
2919 2616 3359 2681 obscuraretur,
3394 2622 3450 2670 et
3481 2613 3676 2670 velum

2011 2704 2399 2771 scinderetur,
2476 2710 2749 2775 terraque
2808 2708 3302 2770 commoveretur,
3363 2719 3433 2759 ac
3500 2708 3679 2775 petrae

2009 2790 2393 2860 ﬁnderentur,
2459 2793 2699 2864 aliaque
2751 2792 2915 2863 signa
2969 2792 3029 2848 iu
3081 2794 3511 2848 resurrectione
3550 2792 3676 2862 ejus

2010 2880 2238 2947 ﬁerent,
2272 2880 2559 2938 malitiam
2599 2880 2977 2947 addiderunt,
3014 2886 3072 2937 et
3113 2881 3352 2937 fortuita
3393 2879 3519 2936 hac
3547 2896 3680 2937 esse

2009 2970 2357 3041 cogitantes,
2370 2969 2589 3026 divinas
2601 2970 3015 3026 resurrectioni
3030 2970 3397 3026 calumniam
3417 2969 3679 3039 maligne

2012 3065 2396 3116 struxerunt:
2450 3076 2570 3115 non
2634 3075 2742 3131 pro
2796 3058 2889 3115 his
2932 3060 3142 3128 oravit,
3192 3059 3329 3116 ideo
3387 3058 3570 3115 etiam
3616 3058 3678 3115 hi

2009 3147 2260 3205 omnino
2301 3148 2499 3204 traditi
2560 3154 2699 3205 sunt
2760 3148 3031 3204 inimicis.

2080 3246 2240 3301 Vers.
2270 3248 2357 3303 3t.
2397 3246 2534 3304 Non
2566 3249 2722 3303 enim
2742 3274 2812 3289 -
2836 3247 3098 3316 faciunt.
3132 3245 3364 3302 Invidia
3404 3244 3677 3303 videlicet

2010 3334 2334 3392 temulenti.
2364 3334 2617 3401 Quidam
2648 3350 2787 3391 vero
2824 3334 3053 3405 dicunt,
3100 3334 3266 3407 quod
3292 3350 3415 3391 non
3442 3349 3554 3407 pro
3575 3335 3673 3391 Ju-

2005 3422 2167 3489 dmis,
2203 3423 2313 3480 sed
2369 3440 2472 3496 pro
2521 3424 2805 3479 Romanis
2861 3422 3171 3490 militibus,
3216 3424 3323 3496 qui
3390 3423 3450 3478 in
3483 3425 3677 3481 cruei-

2006 3512 2221 3570 ﬁxione
2286 3513 2847 3578 subministrabant,
2889 3513 3223 3570 orationem
3284 3511 3487 3570 fecerit
3541 3527 3558 3580 ;
3608 3512 3674 3569 hi

2005 3604 2167 3659 enim
2206 3602 2579 3673 ignorabant,
2625 3618 2755 3676 quae
2802 3602 2876 3658 de
2916 3602 3048 3675 ipso
3103 3601 3201 3658 lex
3250 3618 3319 3659 ac
3365 3601 3673 3674 prophetas

2004 3692 2432 3765 praedixerant.

2077 3781 2398 3840 Considera
2441 3785 2664 3849 autem,
2700 3780 2867 3854 quod
2910 3780 3169 3837 dicendo
3194 3780 3253 3836 in
3288 3779 3679 3853 praecedenti-

2002 3871 2115 3926 bus
2156 3889 2168 3929 :
2201 3872 2384 3928 Pater
2406 3871 2509 3934 mi,
2532 3869 2584 3924 si
2613 3885 2723 3926 non
2749 3876 2927 3941 potest
2957 3870 3068 3926 hoc
3103 3870 3389 3938 poculum
3419 3869 3675 3927 transire

2000 3977 2036 4015 α
2064 3976 2170 4025 me,
2200 3960 2310 4028 ﬁat
2363 3960 2630 4015 voluntas
2663 3966 2763 4015 tua
2803 3959 2874 4026 ³³,
2922 3957 3154 4014 videtur
3183 3958 3374 4015 cades
3425 3957 3555 4021 Filii
3585 3974 3675 4015 se-

2002 4047 2270 4104 cundum
2299 4048 2483 4103 Patris
2513 4046 2643 4105 ﬂeri
2688 4047 3055 4103 voluntatem
3085 4062 3101 4113 ;
3141 4061 3303 4103 nunc
3329 4062 3491 4113 vero,
3532 4063 3673 4104 cum

2001 4136 2207 4193 dicat:
2248 4137 2454 4201 Pater,
2497 4136 2727 4193 remitte
2776 4135 2929 4206 illis,
2971 4134 3209 4191 videtur
3255 4142 3468 4191 contra
3515 4136 3673 4192 illius

2000 4226 2129 4282 fieri
2170 4226 2537 4282 voluntatem
2573 4240 2586 4291 ;
2640 4240 2837 4298 neque
2892 4223 3053 4281 enim
3098 4223 3248 4280 alias
3296 4225 3447 4280 iram
3477 4224 3669 4297 ipsius

2002 4315 2317 4387 mitigaret,
2352 4331 2541 4387 quam
2580 4320 2789 4371 contra
2842 4313 3179 4369 homicidas
3203 4312 3488 4369 habebat.
3518 4313 3667 4380 Quid

2000 4420 2141 4476 ergo
2170 4404 2487 4461 dicendum
2544 4403 2684 4461 est?
2715 4403 2889 4470 Quod
2927 4404 2989 4461 in
3040 4418 3103 4459 se
3124 4402 3363 4475 quidem
3395 4402 3668 4460 involun-

2000 4494 2148 4550 taria
2172 4500 2318 4563 erat,
2358 4498 2603 4566 propter
2655 4500 2923 4549 nostram
2983 4496 3182 4549 tamen
3231 4491 3487 4548 salutem
3542 4497 3670 4551 erat

1999 4582 2365 4639 voluntaria.
2405 4580 2927 4647 Quemadmodum
2955 4585 3011 4636 et
3049 4578 3272 4636 strenui
3304 4579 3510 4636 militis
3546 4580 3671 4651 pla-

1999 4686 2126 4741 gas,
2156 4671 2214 4726 in
2247 4685 2310 4726 se
2332 4670 2742 4726 consideratas
2794 4667 3046 4725 acerbas
3084 4668 3386 4735 ducimus,
3428 4675 3668 4742 propter

1998 4759 2408 4815 strenuitatem
2433 4764 2631 4814 tamen
2651 4774 2839 4830 quam
2863 4757 3153 4813 adversus
3172 4758 3445 4814 inimicos
3466 4763 3669 4815 osten-

1997 4848 2106 4918 dit,
2133 4848 2389 4903 dicimus
2421 4863 2551 4903 esse
2591 4863 2835 4904 suaves.

2068 4946 2234 5003 Vers.
2284 4947 2372 5002 34.
2451 4945 2777 5002 Dividentes
2850 4973 2922 4986 —
3001 4942 3164 5000 Vers.
3231 4944 3323 5002 35.
3383 4948 3664 5015 spectans.

1997 5035 2291 5095 Praedicta
2314 5033 2609 5107 Evangelii
2638 5034 2812 5105 juxta
2842 5033 3182 5090 Matthteum
3233 5033 3427 5105 capite
3465 5048 3668 5103 quaero

1995 5124 2130 5181 dicti
2188 5123 2342 5179 illius
2388 5122 2981 5194 interpretationem:
3064 5122 3307 5193 Cumque
3342 5119 3668 5190 cruci/isis.

1989 5222 2278 5279 senteum,
2338 5212 2666 5270 diviserunt
2714 5212 3057 5268 vestimenta
3108 5213 3232 5281 eius
3276 5214 3483 5267 sortem
3543 5211 3670 5266 mit-

1989 5310 2171 5362 tentes
2202 5304 2271 5370 ⁸³,
2329 5302 2430 5359 ubi
2479 5301 2746 5374 pulchras
2775 5301 2932 5359 datis
2993 5306 3134 5358 sunt.
3196 5299 3546 5371 solutiones,
3586 5299 3669 5359 ad

1990 5390 2348 5466 quaestiones
2382 5406 2517 5465 quae
2555 5390 3020 5466 responsionem
3088 5394 3413 5450 merentur.

1522 5630 1743 5705 Varias
1774 5631 2103 5705 lectiones
2135 5642 2204 5702 et
2227 5642 2433 5704 notas.

344 5749 463 5831 (se)
495 5756 542 5808 ο
578 5748 829 5816 demittit
854 5755 923 5815 Β.

2059 5758 2177 5837 (81)
2194 5764 2453 5840 Χαρίεσαι
2480 5755 2668 5819 codex
2702 5761 2976 5839 uterque.
