4128 6386
463 338 594 403 1091

470 562 777 617 Matthaeus
845 576 985 615 vero
1041 558 1183 614 dicit
1241 582 1253 614 :
1315 559 1430 625 Qui
1466 568 1659 615 autem
1724 560 2128 628 prwteribant,

467 651 719 707 convicia
738 649 1049 720 faciebant
1098 650 1155 702 in
1194 664 1319 704 eun.
1357 649 1423 719 3‘,
1459 655 1509 703 et
1544 654 1775 713 caetera,
1812 649 1915 703 Ubl
1954 648 2129 703 latius

468 739 698 794 dictum
741 745 845 793 est.
899 737 1175 793 Similiter
1229 745 1429 793 autem
1482 744 1539 792 et
1584 738 1657 791 de
1690 745 1856 792 aceto
1888 754 1957 793 ac
2000 737 2131 792 felle

465 829 725 900 vinoque
765 827 1093 897 myrrhato,
1136 826 1196 881 in
1236 825 1335 881 illo
1366 826 1560 899 capite
1620 826 1699 881 ad
1727 826 1976 882 verbum
2013 826 2131 881 elu-

470 918 739 974 cidatum
771 922 880 970 est.

548 1007 710 1061 Vers.
746 1006 834 1060 38.
861 1006 1002 1061 Erat
1033 1010 1226 1060 autem
1283 1036 1340 1045 —
1372 1004 1723 1062 Judazorum.
1752 1005 1811 1059 In
1840 1021 1911 1061 eo
1937 1006 2131 1077 capite

467 1096 647 1151 etiam
675 1094 750 1149 de
802 1094 894 1149 his
942 1098 1146 1148 exacte
1195 1092 1515 1150 dissertum
1570 1101 1671 1160 est,
1736 1094 1836 1149 ubi
1880 1095 2129 1150 dicitur:

467 1183 543 1238 Et
604 1184 1012 1253 imposuerunt
1070 1198 1244 1251 super
1286 1192 1461 1252 caput
1500 1186 1621 1253 ejus
1673 1200 1909 1241 causam
1949 1184 2130 1253 ipsius

464 1274 785 1342 scriptam:
818 1273 933 1327 Hic
962 1275 1041 1327 est
1069 1273 1238 1328 Jesus
1268 1288 1374 1328 rex
1414 1274 1742 1329 Judceorum
1773 1275 1841 1328 ⁸⁵.

680 1451 841 1508 CAP.
878 1452 1098 1508 LXXXI.
1128 1454 1211 1508 De
1259 1453 1509 1508 latronis
1545 1453 1910 1523 pcenitentia.

537 1541 701 1598 Vers.
761 1545 848 1598 39.
904 1543 1062 1598 Unus
1112 1573 1181 1581 —
1229 1542 1388 1596 Vers.
1418 1543 1508 1596 41.
1562 1542 1758 1611 gessit.
1815 1545 2038 1597 Rursus
2068 1541 2127 1596 in

464 1631 564 1687 illo
612 1632 695 1687 ait
747 1631 1051 1687 Matthaaus
1104 1632 1220 1686 :ld
1270 1632 1454 1701 ipsum
1504 1637 1695 1686 autem
1744 1636 1794 1685 et
1850 1633 2123 1697 latrones,

463 1723 558 1793 qui
601 1722 873 1789 cruciﬁxi
927 1724 1097 1776 erant
1164 1736 1293 1776 cum
1359 1737 1421 1775 eo
1468 1720 1911 1788 exprobrabant
1956 1722 2011 1777 ei
2053 1722 2121 1786 ⁸⁸,

1829 336 2182 399 EUTHYMII
2221 336 2563 402 ZIGABENI

540 470 713 527 Vers.
779 469 866 526 3‘5.
899 465 987 525 Et
1038 462 1373 525 deridebant
1424 496 1489 509 -
1538 465 1704 523 Vers.
1746 468 1833 524 37.
1886 470 2131 539 teipsum
2161 469 2214 525 Α

3721 336 3866 400 1092

2320 469 2752 543 Ἐξεμυκτήριζον
2840 466 2901 522 δέ
2966 501 3033 512 -
3126 474 3360 523 σεαυτόν.
3455 472 3718 532 Menenio;
3797 467 3861 525 δέ

2248 579 2406 631 φησιν
2434 576 2447 589 ⁸
2490 563 2556 612 Οἱ
2597 557 2655 612 δε
2715 565 3193 634 παραπορευόμενοι
3256 559 3622 632 ἐϐλασφήμουν
3676 562 3854 630 αὐτὸν,

2245 654 2335 701 καὶ
2388 652 2453 701 τὰ
2501 649 2637 713 ἑξῆς,
2692 651 2814 700 ἔνθα
2861 648 3175 723 πλατύτερον
3242 653 3466 723 εἴρηται.
3511 650 3733 721 Ὁμοίως
3793 649 3857 704 δὲ

2243 743 2333 789 καὶ
2357 744 2475 813 περὶ
2519 747 2613 790 τοῦ
2641 738 2788 801 ὄξους
2818 742 2909 790 καὶ
2937 746 3033 799 τῆς
3064 738 3252 810 χολῆς,
3298 744 3387 790 καὶ
3431 747 3525 791 τοῦ
3570 738 3859 813 έσμυρνισο

2241 833 2394 900 μένου
2455 830 2593 880 οῖνου
2655 827 2702 879 ὲν
2788 826 2960 900 έκείνῳ
3028 836 3100 899 τῷ
3177 827 3437 900 κεφαλαίῳ
3504 831 3635 881 κατὰ
3698 829 3852 900 λόγον

2242 914 2277 968 ὃ
2283 920 2542 989 ιασεσάφη
2550 936 2657 969 ται.

2312 1006 2407 1058 Ἦν
2454 1004 2512 1058 δε
2543 1039 2607 1046 -
2636 1002 2930 1060 Ἰουδαίων.
2968 1008 3047 1060 Ἐν
3073 1016 3146 1077 τῷ
3192 1010 3412 1079 τοιούτῳ
3449 1007 3708 1080 κεφαλαίῳ
3757 1012 3851 1061 καὶ

2240 1101 2357 1167 περὶ
2402 1099 2595 1148 τούτων
2630 1095 3065 1171 ὴκριϐολόγηται,
3110 1098 3232 1149 ἔνθα
3255 1105 3426 1149 κεῖται
3455 1104 3510 1150 τό
3537 1114 3548 1126 ·
3602 1104 3701 1150 Καὶ
3731 1098 3849 1168 (85)

2241 1183 2495 1243 ἐπέθηκαν
2538 1184 2706 1237 ἐπάνω
2744 1194 2835 1246 τῆς
2888 1186 3109 1257 κεφαλῆς
3138 1186 3297 1238 αὐτοῦ
3344 1191 3438 1245 τήν
3467 1187 3639 1239 αἰτίαν
3684 1186 3851 1239 αὐτοῦ

2238 1278 2637 1349 γεγραμμένην’
2701 1275 2864 1335 Οὗτός
2915 1274 3055 1327 ἐστιν
3112 1276 3321 1338 Ἰησοῦς
3375 1277 3401 1327 6
3452 1274 3700 1348 βασιλεὺς
3746 1284 3851 1328 τῶν

2240 1360 2527 1418 Ἰουδαίων.

2414 1460 2554 1507 ΚΕΦ.
2588 1454 2713 1508 ῐ1Α’.
2748 1458 2871 1527 Περὶ
2902 1460 2993 1506 τοῦ
3023 1458 3433 1526 μετανοήσαντος
3453 1454 3673 1527 λῃστοῦ.

2312 1544 2393 1603 Εἷς
2486 1574 2555 1583 —-
2621 1542 2825 1616 ἔπραξε.
2917 1543 3077 1595 Πάλιν
3171 1545 3196 1595 6
3290 1545 3558 1604 Ματθαῑος
3646 1542 3694 1595 ἐν
3778 1554 3854 1615 τῷ

2238 1636 2453 1702 τοιούτῳ
2551 1632 2806 1704 κεφαλαίῳ
2918 1637 3088 1703 φησί·
3194 1636 3263 1685 T6
3364 1629 3413 1684 δ’
3527 1634 3655 1686 αὐτὸ
3751 1639 3849 1685 καὶ

2240 1725 2287 1774 οἱ
2374 1722 2567 1791 λῃσταὶ
2657 1724 2704 1774 οἰ
2802 1724 3249 1795 συσταυρωθέντες
3337 1722 3478 1792 αύτῷ
3572 1719 3849 1785 ὠνείδιζον

468 1811 569 1866 ubi
604 1810 881 1883 pulchras
926 1810 1349 1881 proposuimus
1394 1810 1856 1881 ambiguitatum
1888 1810 2125 1865 solutio-

2240 1812 2413 1864 αὑτὸν.
2460 1810 2621 1864 "Evasi
2681 1816 2769 1863 καὶ
2831 1812 2923 1869 τὴν
2985 1811 3133 1863 λύσιν
3195 1811 3359 1871 καλῶς
3415 1814 3645 1883 ἔχουσαν
3686 1811 3847 1874 ἐξεθέ-

465 1915 592 1956 nes.
631 1901 1085 1954 Damnationem
1114 1906 1313 1954 autem
1352 1915 1510 1954 nunc
1540 1905 1712 1954 vocat
1736 1899 2037 1955 Judicium
2071 1906 2127 1955 et

466 1989 659 2044 crucis
682 1987 1267 2044 condemnationem.

538 2078 705 2135 Vers.
735 2079 822 2132 42.
869 2079 933 2132 Et
977 2108 1042 2119 -—
1098 2081 1276 2131 tuum.
1322 2076 1494 2145 Quod
1549 2077 2123 2150 supramundanum

465 2174 576 2224 est.
606 2170 755 2224 Nam
782 2166 1098 2222 verisimile
1145 2172 1235 2222 est
1281 2184 1418 2222 eum
1457 2183 1701 2239 quoque
1728 2168 2028 2222 audivisse
2050 2167 2125 2221 de

465 2273 743 2313 sermone
770 2272 951 2328 quem
983 2256 1060 2311 ad
1088 2256 1338 2311 Pilatum
1363 2257 1587 2312 dixerat
1612 2272 1623 2310 :
1645 2258 1913 2327 Regnum
1940 2272 2126 2313 meum

462 2363 583 2403 non
612 2351 692 2403 es‘t
728 2362 798 2402 ea:
825 2346 929 2402 hoc
953 2346 1170 2401 mundo
1197 2346 1265 2398 ⁸⁷.

531 2436 694 2492 Vers.
727 2436 999 2490 43.Et—
1043 2435 1339 2503 paradiso.
1397 2435 1711 2500 Quomodo
1769 2439 2001 2506 petente
2034 2434 2123 2490 la-

464 2530 631 2582 trone
664 2524 757 2580 sui
805 2524 1151 2580 memoriam
1184 2524 1242 2579 in
1293 2539 1481 2593 regno
1511 2524 1830 2579 Salvatoris
1861 2525 2120 2597 assequi,

462 2614 587 2687 ipse
640 2613 803 2670 aliud
859 2612 1170 2685 quiddam,
1233 2613 1399 2684 quod
1454 2628 1637 2684 supra
1684 2614 1745 2668 id
1802 2619 1928 2668 erat
1984 2614 2122 2685 (aa),

462 2704 754 2777 promisit,
797 2703 1316 2759 conversationem
1371 2702 1635 2757 videlicet
1688 2704 1746 2757 in
1780 2703 2060 2774 paradiso
2098 2705 2126 2757 i’

462 2792 615 2859 Quia
659 2793 831 2859 latro,
891 2792 1176 2861 ignorans
1233 2791 1395 2863 quod
1446 2796 1598 2846 esset
1649 2792 1772 2862 ejus
1843 2808 2120 2861 regnum,

462 2899 583 2938 non
618 2882 694 2938 ad
742 2882 1205 2937 determinatum
1265 2880 1491 2953 aliquid
1522 2887 1578 2935 et
1619 2882 1922 2951 cognitum
1974 2881 2119 2936 fece-

460 2978 553 3028 rat
582 2973 951 3043 petitionem.
986 2972 1101 3025 Sed
1134 2970 1327 3026 solum
1362 2986 1467 3042 per
1515 2970 1867 3040 hujusmodi
1896 2972 2122 3041 petitio-

460 3076 599 3117 nem
632 3060 1004 3132 precabatur,
1028 3060 1331 3114 utbonum
1355 3058 1599 3131 aliquod
1632 3066 2116 3131 consequeretur.

462 3150 729 3208 Christus
762 3165 922 3214 vero,
972 3150 1163 3205 sciens
1212 3149 1343 3219 ejus
1392 3148 1801 3213 intentionem,
1847 3148 2121 3220 promisit

456 3240 623 3312 quod
640 3239 1007 3295 illiomnium
1034 3238 1483 3309 optatissimum
1504 3236 1837 3293 videbatur.
1868 3241 2121 3294 Noverat

458 3328 618 3386 enim
684 3328 833 3383 latro
881 3328 1231 3400 paradisum
1285 3343 1315 3381 e
1371 3326 1641 3382 doctrina
1706 3327 1966 3383 Mosaica
2020 3332 2121 3383 :et

456 3424 599 3475 tunc
630 3419 878 3492 quidem
906 3418 1071 3473 dedit
1094 3418 1147 3472 ei
1177 3418 1693 3473 conversationem
1725 3418 1785 3473 in
1818 3418 2117 3489 paradiso,

458 3514 750 3580 tanQuam
804 3507 1165 3562 arrabonem
1213 3506 1379 3574 regni
1411 3505 1525 3570 sui,
1561 3506 1724 3577 quod
1777 3511 1865 3561 est
1919 3505 2121 3561 {ruitio

459 3596 853 3653 ineﬂ'abilium
884 3612 955 3651 ac
1003 3602 1362 3650 aeternorum
1390 3595 1703 3662 bonorum,
1741 3611 1879 3668 qme
1910 3596 2118 3650 oculus

458 3701 582 3742 non
616 3686 781 3754 vidit,
824 3700 931 3739 nec
974 3684 1136 3739 auris
1180 3684 1424 3749 audivit,
1460 3700 1568 3740 nec
1624 3685 1685 3740 in
1725 3701 1827 3741 cor
1866 3684 2119 3740 hominis

457 3774 861 3832 ascenderunt
889 3775 959 3828 ⁸⁸.
987 3774 1268 3829 Nondum
1295 3775 1455 3829 enim
1485 3774 1788 3846 quispiam
1818 3778 2120 3844 justorum

458 3864 687 3936 accepit
716 3864 1193 3936 promissionem,
1235 3864 1417 3918 veluti
1449 3879 1706 3933 magnus
1744 3863 1942 3919 docuit
1972 3864 2121 3920 Pau-

457 3953 552 4010 lus
583 3954 653 4006 ⁸³.
706 3954 1091 4009 Postmodum
1132 3968 1273 4008 vero
1326 3958 1382 4008 et
1426 3952 1539 4008 hoc
1595 3954 1783 4009 tradet
1838 3969 2115 4024 regnum,

457 4048 725 4115 tempore
775 4042 1127 4098 universalis
1166 4042 1580 4098 retributionis.

536 4132 649 4189 Sed
675 4133 985 4205 quomodo
1018 4132 1162 4188 dixit
1191 4147 1203 4186 :
1246 4132 1427 4187 Hodie
1473 4147 1699 4188 mecum
1727 4132 1843 4188 eris
1875 4134 2121 4203 inpara-

456 4222 609 4278 diso.’
663 4222 812 4289 Quia
862 4228 1152 4293 tanquam
1208 4221 1384 4289 Deus,
1426 4221 1523 4291 qui
1582 4221 1769 4292 replet
1817 4223 2116 4289 universa,

461 4311 684 4384 ubique
703 4310 880 4366 simul
912 4315 1037 4367 erat
1066 4315 1123 4366 et
1151 4310 1211 4365 in
1234 4310 1528 4382 sepulcro,
1554 4315 1610 4365 et
1631 4311 1683 4366 in
1706 4310 1957 4379 inferno,
1981 4317 2038 4367 et
2059 4313 2119 4367 in

461 4401 771 4474 paradiso,
809 4406 865 4455 et
896 4400 959 4456 in
999 4400 1167 4456 caelo.

537 4577 702 4633 Vers.
764 4576 853 4633 44.
905 4578 1054 4632 Erat
1088 4607 1159 4618 -
1192 4577 1355 4633 Vers.
1388 4578 1476 4633 45.
1520 4577 1625 4634 sol.
1659 4579 1738 4635 De
1765 4578 1881 4635 hoc
1919 4594 2119 4653 quaere

468 4666 757 4740 praadicto
778 4667 949 4737 juxta
979 4669 1313 4723 Matthmum
1337 4668 1551 4739 capite.

535 4756 700 4813 Vers.
732 4757 822 4813 45.
856 4757 933 4812 Et
962 4786 1028 4796 -—
1049 4757 1321 4813 medium.
1345 4756 1430 4813 lbi
1456 4762 1697 4830 quoque
1722 4757 1796 4813 de
1822 4757 1936 4814 hoc
1959 4758 2123 4815 inve-

454 4862 602 4903 mes.

535 4937 699 4994 Vers.
729 4938 817 4991 46.
845 4936 928 4991 Et
956 4966 1025 4978 -
1046 4936 1393 5006 exspiravit.
1430 4935 1711 4996 Similiter
1733 4937 1909 4993 etiam
1940 4937 2015 4993 ibi
2047 4939 2121 4994 de

460 5027 556 5085 his
604 5027 830 5083 dictum
867 5030 973 5089 est,
1026 5025 1127 5081 ubi
1189 5026 1489 5081 habetur:
1521 5027 1687 5083 Jesus
1730 5033 1946 5092 autem,
1998 5044 2122 5084 cum

466 5117 677 5174 iterum
695 5118 1000 5173 clamasset
1024 5130 1153 5171 voce
1184 5130 1419 5186 magna,
1444 5116 1633 5171 emisit
1649 5116 1929 5186 spiritum
1951 5120 2021 5173 9°.
2063 5119 2127 5174 Et

562 5296 614 5333 ⁸⁴
666 5294 866 5353 Matth.
935 5308 1113 5361 xxvn,
1193 5294 1287 5350 39.
1373 5294 1421 5331 "
1462 5293 1610 5351 Ibid.
1660 5295 1749 5351 37.

483 5383 564 5434 ιι,
596 5370 686 5425 39.
718 5418 725 5425 .
761 5370 811 5404 ⁸ο
848 5366 1046 5426 Matth.
1073 5381 1255 5438 xxvn,
1287 5366 1375 5422 50.

1830 5298 1877 5331 ⁸⁵
1928 5297 2079 5353 lbld.

2235 1904 2386 1973 μεθα.
2424 1906 2599 1973 Κρίμα
2639 1897 2697 1953 δὲ
2726 1908 2812 1951 νῦν
2841 1900 2975 1972 λέγει
3005 1905 3096 1959 τὴν
3145 1898 3437 1958 καταδίκην
3486 1906 3580 1959 τὴν
3612 1898 3707 1953 διὰ
3749 1910 3848 1954 τοῦ

2236 1999 2487 2065 σταυροῦ.

2309 2086 2408 2134 Καὶ
2456 2111 2525 2121 -
2589 2098 2705 2132 σου.
2763 2086 2837 2152 Τῇ
2901 2080 3260 2154 ύπερκοσμίῳ.
3323 2079 3471 2141 Εἰκὸς
3524 2081 3626 2153 γὰρ
3684 2078 3846 2132 αὐτὸν

2233 2173 2415 2243 μαθεῖν
2480 2174 2571 2221 καὶ
2625 2172 2713 2221 τὸν
2761 2169 2930 2240 λόγον,
2994 2171 3047 2221 ὃν
3098 2166 3206 2221 εἶπε
3261 2173 3388 2243 πρὸς
3442 2169 3663 2222 Πιλάτον
3692 2189 3704 2202 ·
3764 2172 3847 2222 ὅτι

2232 2261 2289 2313 'll
2354 2258 2603 2331 βασιλεία
2679 2260 2708 2315 ἡ
2797 2257 2890 2331 ἐμὴ
2962 2258 3056 2311 ούκ
3113 2261 3253 2311 ἔστιν
3329 2258 3384 2310 ἐκ
3467 2266 3557 2311 τοῦ
3639 2262 3844 2330 κόσμου

2234 2352 2440 2405 τούτου.

2309 2444 2408 2492 Καὶ
2464 2469 2533 2479 -
2584 2433 2913 2510 παραδείσῳ.
2977 2443 3089 2497 Πῶς
3140 2436 3473 2509 αἰτησαμένῳ
3538 2444 3609 2507 τῷ
3670 2435 3843 2509 λῃστῇ

2234 2535 2443 2601 μνήμης
2499 2535 2684 2599 τυχεῖν
2737 2526 2785 2579 ἓν
2839 2534 2902 2599 τῇ
2948 2524 3197 2599 βασιλείᾳ
3253 2534 3344 2579 τοῦ
3402 2534 3634 2598 Σωτῆρος
3691 2527 3849 2588 αὐτὸς

2234 2619 2402 2692 ἕτερον
2450 2636 2502 2668 τι
2528 2618 2652 2691 παρ’
2713 2616 2875 2674 αύτήν
2935 2614 3298 2687 ἐπηγγείλατο,
3352 2620 3443 2674 τὴν
3475 2614 3620 2685 ἐντῷ
3672 2634 3846 2688 παρα-

2236 2703 2397 2778 δείσῳ
2455 2703 2775 2779 διατριϐήνς
2836 2708 2977 2757 Διότι
3025 2707 3050 2756 6
3110 2708 3199 2777 μὲν
3239 2704 3461 2778 λῃστὴς,
3521 2704 3716 2776 ἀγνοῶν
3764 2709 3849 2767 τίς

2234 2797 2373 2845 ἐστιν
2425 2797 2455 2852 ἠ
2510 2794 2758 2866 βασιλεία
2805 2794 2988 2862 αὐτοῦ,
3047 2794 3107 2845 ού
3152 2797 3281 2868 πρὸς
3322 2797 3604 2866 ὡρισμένον
3648 2813 3701 2846 τι
3752 2800 3847 2847 καὶ

3386 2882 3513 2935 ἀλλὰ
3580 2879 3673 2935 διὰ
3751 2892 3846 2946 τῆς

2231 2976 2475 3033 τοιαύτης
2554 2974 2806 3035 αἰτήσεως
2885 2977 3037 3045 μόνον
3124 2975 3352 3024 ἱκέτευσε
3435 2979 3615 3044 τυχεῖν
3698 2993 3843 3037 τινος

2230 2889 2490 2955 γνώριμον
2557 2884 2838 2942 ἐποιήσατο
2917 2888 3011 2941 τὴν
3079 2886 3307 2947 αἰτησιν,

2232 3062 2470 3133 ἀγαθοῦ⁹
2528 3064 2553 3114 6
2603 3059 2662 3115 δε
2724 3067 2971 3135 Χριστὸς,
3030 3058 3181 3122 εἰδὼς
3241 3065 3327 3114 τὸν
3386 3066 3579 3115 σκοπὸν
3658 3062 3840 3130 αὐτοῦ,

2159 3178 2199 3237 C
2234 3152 2573 3223 ἐπηγγείλατο
2644 3155 2701 3203 τὸ
2758 3148 2949 3204 δοκοῦν
3000 3150 3172 3222 ἐκείνῳ
3228 3159 3327 3203 τῶν
3384 3150 3511 3203 ὅλων
3580 3150 3844 3224 ἐρασμιω-

2230 3260 2393 3314 τερον.
2442 3241 2721 3313 Ἐγίνωσκε
2775 3244 2878 3315 γὰρ
2937 3242 2962 3292 6
3016 3240 3218 3312 λῃστής
3270 3244 3356 3292 τὸν
3407 3237 3730 3315 παράδεισον
3784 3240 3843 3293 ἐκ

2230 3340 2325 3393 τῆς
2368 3338 2657 3393 Μωσαῐκῆς
2731 3326 3100 3390 διδασκαλίας·
3167 3334 3266 3382 Καὶ
3312 3334 3427 3383 τότε
3499 3332 3589 3402 μὲν
3649 3327 3842 3383 ἔδωκεν

2231 3420 2371 3491 αύτῴ
2418 3424 2511 3478 τὴν
2540 3418 2587 3471 ἐν
2613 3428 2685 3490 τῷ
2747 3417 3054 3491 παραδείσῳ
3107 3415 3400 3490 διαγωγὴν,
3440 3417 3713 3494 ἀρραϐῶνα
3750 3428 3844 3481 τῆς

2232 3508 2507 3583 βασιλείας
2565 3509 2745 3575 αύτοῦ,
2804 3512 2918 3571 ἣτις
2977 3507 3117 3561 ἐστὶν
3172 3507 3458 3568 ἀπόλαυσις
3510 3507 3608 3559 τῶν
3675 3507 3841 3582 ἀφρά-

2233 3619 2367 3651 στων
2454 3603 2543 3650 καὶ
2645 3598 2865 3649 αἰωνίων
2959 3596 3187 3668 ἀγαθῶν,
3276 3597 3308 3649 ἂ
3392 3597 3656 3670 ὀφθαλμὸς
3743 3596 3843 3648 ούκ

2231 3684 2354 3755 siis,
2424 3692 2513 3739 καὶ
2574 3684 2657 3748 ούς
2723 3687 2817 3739 ούκ
2879 3691 3091 3753 ἤκουσε,
3162 3691 3250 3738 καὶ
3312 3685 3397 3739 ἐπὶ
3459 3683 3681 3760 καρδίαν
3755 3685 3842 3737 ἆν-

2233 3778 2439 3847 θρωπου
2490 3776 2583 3828 ούκ
2637 3776 2811 3834 ἀνέϐη.
2856 3779 3016 3828 Οὔπω
3070 3778 3169 3851 γὰρ
3225 3771 3399 3836 οὐδεὶς
3459 3784 3558 3828 τῶν
3619 3771 3842 3828 δικαίων

2229 3868 2511 3935 ἐκομίσατο
2587 3870 2680 3923 τὴν
2768 3864 3096 3936 ἐπαγγελίαν,
3182 3867 3251 3927 ὡς
3320 3866 3347 3916 6
3415 3869 3574 3937 μέγας
3642 3872 3843 3928 Παῦλος

2229 3951 2502 4017 ἐδίδαξεν·
2561 3956 2776 4028 ὓστερον
2832 3950 2891 4007 δε
2940 3951 3234 4027 μεταδώσει
3286 3960 3377 4007 καὶ
3418 3957 3608 4014 ταύτης
3664 3952 3712 4006 ἓν
3765 3963 3841 4026 τῷ

2227 4053 2391 4118 καιρῷ
2412 4052 2473 4102 τή
2488 4066 2509 4107 ς
2530 4041 2947 4105 ἁνταποδόσεως.

2302 4133 2455 4187 Ἀλλά
2523 4143 2632 4196 πῶς
2694 4133 2848 4205 εἶπεν,
2926 4135 3006 4186 ὅτι
3082 4138 3308 4206 Σήμερον
3370 4133 3480 4206 μετ’
3550 4132 3673 4206 ἐμοῦ
3740 4136 3835 4206 ἔσῃ

2229 4221 2279 4274 ἓν
2356 4232 2428 4294 τῷ
2497 4220 2849 4295 παραδείσῳ;
2933 4226 3070 4275 Διοτι
3140 4224 3209 4284 ὡς
3287 4225 3436 4287 Θεὸς,
3510 4224 3576 4274 τὰ
3669 4224 3841 4275 πάντα

2228 4312 2456 4381 πληρῶν,
2540 4320 2818 4384 πανταχοῦ
2884 4308 2944 4369 ἦν
2994 4311 3103 4385 ἅμα
3160 4316 3247 4363 καὶ
3297 4310 3345 4362 ἐν
3390 4319 3462 4381 τῷ
3520 4313 3686 4383 τάφῳ,
3744 4316 3839 4364 καὶ

2229 4404 2277 4453 ἓν
2344 4410 2417 4472 τῷ
2469 4399 2600 4475 ᾄδῃ,
2667 4406 2759 4454 καὶ
2837 4401 2887 4453 ἓν
2953 4410 3025 4472 τῷ
3088 4397 3419 4475 παραδείσῳ,
3490 4406 3579 4453 καὶ
3657 4400 3707 4452 ἓν
3763 4409 3839 4472 τῷ

2229 4491 2449 4567 οὐρανῷ.

2300 4580 2396 4633 Ἦν
2431 4612 2492 4622 --
2518 4580 2678 4642 ἣλιος.
2714 4581 2798 4633 Ἐν
2827 4588 2899 4652 τῷ
2930 4598 3282 4654 προειρημενῳ
3306 4578 3565 4653 κεφαλαίῳ
3586 4585 3678 4632 τοῦ
3703 4581 3842 4631 κατὰ

2229 4673 2497 4725 Ματθαίον
2531 4672 2761 4731 ζήτησον
2792 4674 2907 4743 περὶ
2951 4672 3155 4723 τούτου.

2305 4764 2406 4814 Καὶ
2453 4791 2518 4801 -
2568 4764 2744 4833 μέσον.
2815 4760 2950 4813 Ἐκεῖ
3009 4764 3099 4811 καὶ
3152 4762 3271 4831 περὶ
3333 4760 3520 4811 τούτου
3579 4758 3828 4819 ζήτησον.

2309 4942 2409 4992 Καὶ
2466 4971 2534 4980 -
2590 4936 2903 5001 ἐξέπνευσεν.
2952 4934 3176 5009 Ὁμοίως
3230 4937 3333 4988 ἱκεῖ
3390 4940 3481 4988 καὶ
3534 4938 3647 5009 περὶ
3707 4934 3835 4985 τού-

2229 5048 2327 5082 των
2404 5027 2616 5103 ἐρρήθη,
2721 5030 2841 5080 ἔνθα
2918 5034 3085 5078 κεῖται
3155 5029 3246 5077 τό·
3321 5023 3379 5076 Ὀ
3474 5021 3534 5077 δὲ
3610 5024 3836 5089 Ἰησοῦς,

2235 5118 2389 5173 πάλιν
2456 5117 2652 5191 κράξας
2732 5124 2869 5190 φωνῇ
2956 5114 3177 5190 μεγάλῃ,
3251 5113 3416 5187 ἀφῆκε
3483 5118 3542 5167 τὸ
3612 5121 3837 5186 πνεῦμα.

2721 5030 2841 5080 ἔνθα
2918 5034 3085 5078 κεῖται
3155 5029 3246 5077 τό·

3547 5293 3594 5330 ⁸⁸
3662 5292 3845 5350 Hebr.

2156 5299 2247 5355 44.
2325 5298 2368 5334 ⁸⁷
2418 5299 2589 5355 Joan.
2632 5312 2789 5364 xvin,
2829 5297 2917 5353 36.
2996 5296 3097 5351 ⁸⁸1
3152 5295 3282 5350 Cor.
3316 5311 3371 5364 ιι,
3414 5297 3467 5351 9.

2325 5298 2368 5334 ⁸⁷
2418 5299 2589 5355 Joan.
2632 5312 2789 5365 xvin,
2829 5297 2917 5353 36.

1686 5510 1902 5580 Varias
1940 5511 2272 5582 lectiones
2315 5522 2381 5581 et
2417 5522 2600 5581 notas

471 5772 621 5833 ὑπέρ.

571 5701 699 5776 (aa)
759 5701 951 5779 Supra
1001 5703 1065 5761 id
1100 5712 1247 5793 erat.
1295 5705 1427 5786 Παρ⁹
1460 5705 1643 5778 αὐτὴν,
1678 5676 1731 5763 id
1765 5712 1872 5776 est,
1908 5712 2002 5767 τήν
2042 5727 2125 5787 pm

2232 5731 2273 5778 ν,
2306 5717 2510 5784 praeter
2556 5709 2719 5780 hanc,
2765 5723 2944 5784 quam
3004 5704 3215 5799 hama.
3245 5706 3360 5766 Nec
3412 5704 3572 5764 enim
3624 5703 3847 5779 legitur
