4128 6386
495 294 634 355 1095
1860 295 2125 357 EUTHYIl

2257 294 2557 356 ZIGABEN
2563 299 2586 358 Ι
3745 300 3887 358 1096

566 428 733 485 Vers.
773 429 858 483 1‘2.
902 426 978 485 Et
1010 458 1073 469 -—
1105 429 1364 499 seipsum.
1402 428 1487 482 Ad
1523 442 1704 482 suum
1735 426 2153 482 diversorium.
2188 467 2196 478 .

2345 430 2444 479 Καὶ
2523 455 2591 466 --
2680 424 2881 479 ἑαυτὸν.
2975 426 3112 499 Πρός
3178 429 3272 483 τὴν
3330 425 3516 479 ἑαυτοῦ
3584 424 3881 498 διαγωγήν.

498 517 649 572 Nam
682 520 739 573 et
773 519 1035 574 Joannes
1073 519 1148 574 de
1171 521 1336 574 Petro
1371 533 1441 574 ac
1471 516 1665 588 seipso
1696 516 1781 573 ait
1811 538 1823 571 :
1860 516 2128 573 Abierun

2272 519 2407 571 Φησὶ
2489 516 2590 589 γὰρ
2689 518 2779 566 καὶ
2865 513 3101 576 Ἰωάννης
3182 520 3299 588 περί
3383 535 3434 568 τε
3516 520 3713 590 Πέτρου
3794 522 3886 569 καὶ

496 620 638 676 ergo
660 621 869 662 rursus
898 607 980 664 ad
1006 608 1225 678 seipsos
1252 606 1528 677 discipuli
1548 606 1618 659 9⁸.

2272 603 2457 656 ἑαυτοῦ
2504 623 2515 635 ·
2554 603 2815 663 Ἀπῆλθον
2866 600 2954 655 οὖν
3012 604 3165 657 πάλιν
3201 608 3327 678 πρὸς
3369 603 3584 668 ἑαυτοὺς
3633 608 3681 659 οἰ
3712 607 3887 679 μαθη-

2269 698 2377 747 ταί.

569 784 737 841 Vers.
780 789 860 840 t2.
890 784 1207 843 Admirans
1232 784 1392 858 quod
1414 786 1640 849 factum
1677 790 1829 840 erat.
1866 781 2160 838 Intellexit

2341 782 2641 853 Θαυμάζων
2714 786 2771 835 τό
2839 788 3074 854 γεγονός.
3157 790 3350 841 Συνῆκε
3459 787 3561 859 γὰρ
3654 786 3736 837 ὅτι
3818 784 3884 837 οὗ

2626 868 2649 887 ν

495 874 789 930 enimnon
806 890 939 931 esse
959 876 1416 947 transpositum,
1444 874 1742 948 siquidem
1770 873 1990 944 alioqui
2022 872 2125 927 fuis

2269 874 2509 943 μετετέθη
2546 888 2557 901 ⁸
2621 871 2650 930 ἦ
2704 875 2806 946 γὰρ
2856 871 2915 923 ἂν
2972 876 3106 945 μετὰ
3163 881 3261 925 τῶν
3337 874 3548 927 ὀθονίων
3608 876 3882 947 μετετέθη⁸

495 968 583 1019 set
602 979 741 1018 cum
764 962 1209 1020 linteaminibus
1242 964 1687 1036 transpositum.
1714 967 1971 1034 Apparet
1992 976 2125 1030 ergo

2270 966 2508 1014 Φαίνεται
2582 966 2753 1013 τοίνυν
2814 963 2893 1014 ὅτι
2961 961 3016 1015 ἐκ
3094 967 3272 1036 τρίτου
3356 962 3581 1021 ἀπῆλθεν
3674 964 3759 1016 ἐπὶ
3821 967 3884 1016 τὸ

497 1052 664 1125 quod
705 1055 873 1109 tertio
901 1055 1124 1110 venerit
1146 1054 1351 1110 Petrus
1384 1054 1462 1110 ad
1505 1060 1967 1108 monumentum
1999 1067 2011 1105 :
2046 1050 2127 1122 pri

2267 1058 2514 1123 μνημεῖον
2570 1052 2595 1102 ό
2656 1055 2849 1125 Πέτρος
2914 1066 2927 1079 ⁸
3003 1058 3090 1103 νῦν
3134 1055 3223 1123 μεν
3276 1056 3451 1124 μόνος,
3512 1053 3729 1127 ὕστερον
3818 1049 3881 1104 δὲ

498 1158 663 1196 mum
683 1142 927 1214 quidem
948 1143 1132 1207 solus,
1151 1142 1539 1211 postmodum
1567 1157 1710 1197 vero
1738 1157 1875 1196 cum
1907 1142 2128 1195 Joanne

2268 1142 2398 1211 μετὰ
2448 1148 2540 1192 τοῦ
2592 1141 2854 1206 Ἰωάννου,
2914 1142 2979 1201 ὡς
3031 1140 3189 1203 αὐτὸς
3247 1142 3271 1193 ὁ
3328 1141 3569 1204 Ἰωάννης
3632 1140 3882 1212 ἔγραψεν.

498 1236 671 1301 prout
692 1230 821 1302 ipse
850 1232 1112 1287 Joannes
1148 1232 1400 1304 scripsit.
1433 1235 1580 1288 Cum
1612 1233 1814 1286 autem
1842 1229 2128 1284 reversies

2268 1228 2681 1285 Ἐπανελθόντων
2751 1225 2829 1294 δὲ,
2905 1234 3060 1301 μόνος
3133 1226 3280 1291 αὖθις
3367 1231 3676 1302 ἠναγκάσθη
3753 1227 3885 1302 δρα-

498 1325 648 1390 sent,
682 1337 889 1376 rursus
912 1327 1155 1378 coactus
1176 1329 1260 1377 est
1283 1322 1445 1377 solus
1476 1336 1711 1376 currere
1741 1336 1753 1375 :
1785 1334 1979 1390 neque
1997 1317 2128 1373 enin

2268 1325 2379 1390 μεῖν
2448 1336 2459 1348 ·
2523 1318 2581 1371 οὐ
2630 1321 2731 1393 γὰρ
2780 1322 2859 1371 εἶα
2924 1327 3103 1371 τοῦτον
3162 1321 3428 1391 ὑπομένειν
3493 1322 3521 1379 ή
3580 1316 3886 1393 σφοδρότης

494 1407 657 1464 hunc
684 1412 971 1467 sustinere
1005 1412 1271 1483 permisit
1296 1410 1518 1466 amoris
1548 1408 1939 1473 vehementia,
1971 1406 2124 1461 inten

2268 1416 2359 1460 τοῦ
2397 1407 2630 1481 φίλτρου,
2682 1412 2771 1461 καὶ
2826 1411 2883 1460 τὸ
2937 1407 3050 1460 λίαν
3096 1407 3383 1480 βούλεσθαι
3423 1413 3521 1484 πρὸ
3574 1418 3673 1460 τῶν
3716 1408 3884 1460 ἄλλων

497 1514 754 1571 sumque
784 1499 1175 1569 desiderium,
1212 1516 1330 1571 quo
1366 1498 1709 1571 praeceptori
1744 1497 1973 1570 primus
2006 1495 2125 1550 inte

2269 1499 2515 1569 μαθητῶν
2572 1496 2808 1568 ἐντυχεῖν
2857 1506 2929 1567 τῷ
2985 1494 3298 1568 διδασκάλῳ
3384 1504 3471 1550 καὶ
3567 1502 3884 1570 συγγνώμην

495 1585 648 1643 alios
666 1588 809 1643 disci
818 1588 991 1660 pulos
1002 1591 1248 1661 optabat
1268 1594 1658 1651 occurrere,et
1679 1585 2013 1657 negationis
2030 1600 2125 1656 per

2270 1595 2357 1647 τῆς
2411 1585 2669 1658 ἀρνήσεως
2757 1585 3107 1658 ἐντελεστέραν
3164 1586 3357 1655 λαϐεῖν,
3436 1589 3517 1639 ὅτε
3570 1591 3658 1639 καὶ
3731 1588 3880 1658 ὤφθη

497 1675 712 1732 factam
730 1678 999 1748 accipere
1013 1677 1246 1733 veniam
1275 1694 1285 1730 :
1308 1676 1555 1748 quando
1575 1675 1749 1731 etiam
1773 1672 2051 1745 apparuit
2077 1672 2127 1727 ili

2273 1674 2413 1745 αὐτῷ
2463 1676 2488 1727 ό
2547 1678 2751 1749 Κύριος,
2799 1677 2869 1737 ὡς
2923 1681 3182 1747 προϊόντες
3239 1677 3545 1749 εὑρήσομεν.
3622 1680 3747 1747 Τρὶς
3794 1671 3884 1727 οὖν

500 1766 804 1831 Dominus,
850 1766 1032 1821 veluti
1085 1768 1143 1821 in
1188 1766 1578 1838 sequentibus
1610 1764 2006 1819 inveniemus.
2036 1760 2127 1815 Tri

2275 1762 2525 1831 ἀπελθὼν,
2608 1768 2666 1816 τὸ
2756 1763 3001 1839 τριπλοῦν
3092 1763 3364 1818 κάντεῦθεν
3456 1774 3547 1826 τῆς
3623 1767 3883 1838 ἀρνήσεως

494 1869 575 1909 na
600 1869 741 1923 ergo
793 1855 915 1910 vice
947 1854 1024 1910 ad
1076 1854 1417 1927 sepulcrum
1468 1853 1777 1917 accedens,
1822 1853 2033 1907 trinem
2084 1867 2124 1906 ci

972 1854 1024 1910 td
1076 1854 1417 1927 sepulcrum
1468 1853 1777 1917 accedens,
1822 1853 2033 1907 trinem
2084 1866 2158 1906 cu
2274 1852 2602 1927 ἐθεράπευσε.

494 1943 648 1999 ravit
679 1944 1081 2014 negationem.

885 2033 1040 2087 CAP.
1079 2033 1338 2089 LXXXIII.
1392 2031 1473 2088 De
1504 2030 1730 2100 Cleopa.

2663 2038 2808 2087 ΚΕΦ.
2841 2031 2960 2086 ΠΓ’.
2997 2038 3119 2108 Περὶ
3153 2041 3244 2085 τοῦ
3294 2033 3491 2091 Κλοπᾶ,

566 2121 731 2177 Vers.
782 2122 866 2177 t3.
907 2123 991 2177 Et
1037 2138 1166 2178 ecce
1222 2153 1284 2165 —-
1341 2122 1645 2177 Emmaus.
1691 2119 1907 2175 Ultimo
1966 2118 2159 2190 capite

2344 2126 2444 2175 Καὶ
2547 2118 2665 2174 ἰδοὺ
2759 2154 2826 2165 --
2921 2122 3203 2195 Ἐμμαοῦς.
3294 2123 3375 2176 Ἐν
3454 2131 3525 2193 τῷ
3606 2121 3883 2193 τελευταίῳ

497 2212 797 2282 Evangelii
830 2212 1164 2267 secundum
1192 2212 1453 2267 Marcum
1478 2225 1700 2283 quaere,
1736 2208 1835 2262 ubi
1866 2207 2109 2279 ponitur

2269 2210 2528 2283 κεφαλαίῳ
2612 2218 2703 2263 τοῦ
2786 2213 2922 2263 κατὰ
2982 2211 3197 2285 Μάρκον
3278 2212 3505 2272 ζήτησον
3581 2214 3638 2262 τό
3674 2228 3685 2239 ο
3738 2213 3882 2263 Μετὰ

498 2301 634 2358 Post
668 2301 792 2358 haec
811 2308 996 2358 autem
1040 2302 1258 2357 duobus
1285 2317 1360 2358 ex
1389 2300 1531 2369 ipsis
1557 2298 2021 2363 ambulantibus,
2050 2312 2127 2366 ap

2272 2296 2327 2351 δὲ
2408 2308 2576 2352 ταῦτα
2645 2295 2805 2352 δυσὶν
2883 2298 2935 2362 ἐξ
3023 2300 3192 2352 αὐτῶν
3290 2307 3670 2373 περιπατοῦσιν
3762 2298 3882 2370 ἐφα-

490 2392 699 2461 paruit
737 2391 799 2447 in
845 2391 970 2447 alia
1011 2392 1202 2461 forma
1253 2391 1525 2447 euntious
1550 2405 1652 2442 rus
1680 2389 1749 2451 99,
1785 2392 1841 2441 ct
1894 2391 2106 2441 caetera

2267 2390 2462 2462 νερώθη
2533 2387 2579 2440 ἐν
2674 2388 2818 2461 ἑτέρᾳ
2871 2397 3070 2462 μορφῇ,
3136 2393 3498 2463 πορευομένοις
3573 2388 3645 2449 εἰς
3694 2387 3878 2462 ἀγρὸν,

496 2486 552 2538 et
582 2481 711 2553 lege
768 2482 999 2536 illorum
1055 2481 1515 2535 enarrationem.
1561 2476 1848 2531 Conducit
1887 2475 2043 2531 enim
2079 2492 2126 2528 at

2267 2483 2356 2530 καὶ
2434 2481 2501 2530 τὰ
2554 2478 2670 2540 ἑξῆς
2702 2497 2715 2510 ·
2778 2482 2869 2530 καὶ
2928 2477 3182 2550 ἀνάγνωθι
3234 2483 3327 2537 τήν
3381 2478 3632 2550 ἐξήγησιν
3686 2478 3876 2545 αὐτῶν,

496 2571 803 2644 proposita
849 2571 1018 2625 Lurie
1077 2568 1282 2625 verba.
1317 2567 1469 2623 Dixit
1509 2573 1730 2630 autem,
1771 2582 1841 2623 ea:
1866 2566 2007 2630 illis,
2043 2564 2126 2620 bo

2266 2570 2704 2639 χρησιμεύουσαν
2765 2567 2832 2627 εἰς
2888 2570 2953 2619 τὰ
3003 2572 3314 2642 προκείμενα
3368 2568 3504 2642 ῥητὰ
3535 2575 3625 2619 τοῦ
3673 2574 3876 2621 Λουκᾱ.

496 2666 584 2716 est
623 2659 991 2731 simpliciter,
1046 2675 1117 2713 ex
1159 2657 1441 2715 omnibus
1482 2656 1619 2713 illis.

2268 2658 2349 2719 Ἐξ
2384 2657 2551 2708 αὐτῶν
2586 2652 2643 2709 δὲ
2674 2652 2806 2709 εἶπεν
2844 2656 3037 2721 ἁπλῶς,
3073 2657 3230 2729 ήγουν
3261 2656 3317 2708 ἐκ
3367 2667 3465 2708 τὼν
3519 2657 3643 2709 ὅλων
3697 2659 3878 2729 μαθη-

2267 2756 2386 2800 τῶν.

569 2838 736 2893 Vers.
778 2840 857 2891 14.
904 2838 969 2891 Et
1002 2868 1065 2876 —
1098 2837 1208 2892 his.
1260 2836 1338 2890 De
1377 2851 1545 2889 cruce
1578 2833 1877 2905 signisque
1918 2832 2157 2888 horren-

2339 2837 2438 2891 Καὶ
2462 2867 2529 2875 —-
2574 2837 2788 2887 τούτων.
2827 2840 2949 2908 Περί
2976 2854 3027 2887 τε
3078 2842 3167 2887 τοῦ
3200 2842 3449 2910 σταυροῦ,
3482 2840 3571 2887 καὶ
3602 2843 3700 2887 τῶν
3732 2855 3877 2893 τηνι-

493 2926 611 2993 dis,
652 2942 789 2999 quae
829 2931 965 2982 tunc
988 2925 1143 2981 facta
1181 2931 1368 2988 erant,
1399 2926 1473 2979 de
1501 2923 1770 2995 sepulcro
1803 2930 1858 2977 et
1886 2922 1979 2977 his
2019 2938 2123 2993 qui

2266 2933 2433 2976 καῦτα
2463 2923 2684 2999 φοϐερῶν
2716 2930 2969 2997 σημείων,
3003 2930 3091 2976 καὶ
3114 2933 3209 2985 τῆς
3243 2932 3432 2996 ταφῆς,
3460 2929 3668 2977 καὶτῶν
3708 2921 3877 2993 ἀπαγ-

494 3032 533 3072 a
571 3014 921 3071 mulieribus
977 3015 1312 3070 renuntiata
1368 3013 1622 3078 fuerant,
1669 3029 1738 3068 ac
1778 3011 1851 3067 de
1892 3027 2124 3067 resurre

2266 3013 2542 3083 γελθέντων
2564 3014 2663 3065 ὑπὸ
2690 3022 2788 3065 τῶν
2819 3022 3076 3085 γυναικῶν
3116 3019 3233 3089 περὶ
3270 3021 3361 3074 τῆς
3408 3012 3739 3074 ἀναστάσεως
3787 3020 3879 3065 τοῦ

492 3104 687 3162 ctione
717 3104 969 3160 Domini.

868 3104 969 3159 ini.
2195 3122 2235 3180 ρ
2270 3101 2491 3174 Κυρίου.

568 3194 728 3251 Vers.
757 3194 844 3249 15.
878 3194 959 3249 Et
984 3223 1046 3234 —
1073 3192 1212 3248 illis.
1246 3190 1759 3264 Conquisitionem
1810 3195 1976 3246 vocat
2012 3189 2158 3246 ima-

2344 3195 2442 3243 Καὶ
2473 3222 2539 3231 -—
2573 3192 2770 3253 αὐτοῖς.
2818 3192 3116 3252 Συξήτησιν
3177 3190 3309 3263 λέγει
3336 3196 3429 3251 τήν
3462 3190 3712 3254 ἐξέτασιν.
3747 3192 3876 3261 οἷον,

488 3285 710 3355 ginem,
758 3287 900 3355 puta
934 3300 946 3335 :
997 3282 1330 3347 Quomodo,
1366 3297 1503 3335 cum
1537 3279 1667 3335 talis
1723 3282 1897 3345 esset,
1932 3279 2114 3349 hujus

2266 3288 2393 3350 πῶς,
2435 3288 2666 3343 τοιοῦτος
2698 3282 2785 3352 ὧν,
2815 3289 3038 3334 τοιαῦτα
3062 3284 3279 3334 πεπονθε
3313 3298 3326 3349 ;
3352 3286 3443 3335 καὶ
3472 3290 3582 3344 πῶς
3607 3280 3881 3334 ἀποθανὼν

487 3372 651 3430 modi
692 3388 911 3445 passus
940 3371 1078 3427 est?
1118 3376 1172 3425 et
1202 3368 1536 3441 quomodo,
1571 3385 1711 3425 cum
1755 3374 2024 3425 mortuus
2056 3384 2154 3425 ac-
2267 3366 2454 3429 ἀνέστη
2487 3389 2500 3438 ;

487 3462 755 3536 sepultus
813 3466 988 3526 esset,
1049 3459 1403 3515 resurrexit?

559 3552 726 3608 Vers.
766 3552 855 3605 16.
892 3549 1065 3606 Oculi
1090 3564 1222 3605 vero
1251 3579 1317 3589 —
1349 3564 1503 3606 eum.
1535 3548 1599 3604 In
1630 3546 1741 3604 hoc
1767 3547 1961 3605 solum
1994 3551 2151 3603 tene-

2334 3550 2399 3600 Οἱ
2427 3544 2485 3601 δὲ
2515 3549 2769 3621 ὀφθαλμοὶ
2807 3581 2875 3590 -
2908 3549 3084 3604 αὐτόν.
3117 3550 3463 3620 Ἐκρατοῦντο
3489 3549 3558 3611 εἰς
3598 3556 3751 3603 τοῦτο
3782 3555 3876 3624 μό-

486 3640 727 3704 bantur,
764 3656 839 3695 ne
880 3655 1016 3694 eum
1059 3642 1470 3709 agnoscerent.

1458 3679 1470 3691 .
2260 3657 2362 3704 νον,
2393 3641 2451 3690 τὸ
2482 3643 2556 3711 μή
2587 3638 2867 3710 ἐπιγνῶναι
2909 3639 3082 3694 αὐτόν.

482 3766 485 3769 -
558 3730 724 3785 Vers.
761 3734 843 3784 17.
872 3728 1120 3784 Dixit-
1143 3727 1342 3784 tristes
1365 3727 1392 3783 ?
1421 3727 1703 3783 Confertis
1735 3726 1858 3782 sive
1894 3725 2112 3797 objiciti

2331 3724 2456 3780 Εῖπε
2498 3759 2567 3769 -
2638 3730 2940 3801 σκυθρωποί
3007 3746 3020 3796 ;
3088 3727 3460 3801 Ἀντιϐάλλετε,
3514 3732 3675 3801 ἤγουν
3727 3727 3874 3780 ἀντι-

488 3824 546 3877 et
581 3818 898 3892 inquiritis.

2258 3818 2461 3869 τιθέατε
2488 3817 2599 3889 (85)
2633 3818 2661 3876 ή
2688 3817 2969 3880 ἐξετάζετε.

559 3909 721 3965 Vers.
752 3907 838 3963 18.
873 3906 1239 3977 Respondens
1270 3936 1336 3946 —
1362 3905 1565 3962 diebus
1603 3905 1758 3961 illis?
1797 3904 2046 3977 Cognito
2074 3922 2147 3962 ex

2330 3907 2653 3980 Ἀποκριθεὶς
2686 3938 2751 3947 -
2783 3907 2997 3981 ἡμέραις
3034 3910 3248 3969 ταύταις
3287 3924 3300 3975 ;
3343 3907 3472 3962 Ἀπό
3502 3926 3555 3959 τε
3580 3914 3670 3967 τῆς
3702 3913 3877 3978 φωνῆς

483 4015 633 4057 voce
689 4003 747 4055 et
773 3997 982 4053 habitu
1014 3997 1176 4070 quod
1201 4003 1256 4051 et
1285 3996 1411 4067 ipse
1446 3995 1682 4050 Judams
1722 4001 1894 4059 esset,
1930 3995 2113 4067 imprc

2257 4001 2345 4047 καὶ
2376 4005 2466 4057 τῆς
2501 3996 2683 4056 στολῆς
2713 4001 2933 4067 γνόντες,
2961 3999 3042 4048 ὃτι
3074 3994 3332 4057 Ἰουδαῖος
3375 4002 3464 4049 καὶ
3513 3996 3666 4057 αὐτὸς
3707 3996 3874 4061 ἐστιν,

487 4094 716 4162 perant,
737 4104 860 4144 non
878 4086 1042 4160 quod
1058 4085 1222 4141 solus
1237 4085 1364 4158 ipse
1391 4084 1796 4141 diversaretur
1815 4085 2117 4156 Hierosoly

2257 4081 2630 4153 ὀνειδίζουσιν,
2662 4085 2767 4157 οὐχ
2793 4088 2861 4148 ὡς
2889 4090 3041 4158 μόνον
3072 4094 3431 4157 παροικοῦντα
3451 4093 3513 4158 τῇ
3555 4086 3667 4157 (86)
3688 4083 3879 4157 Ἰερου-

485 4179 620 4245 mis,
653 4178 758 4234 sed
787 4176 955 4250 quod
991 4174 1616 4246 solusignoraretquae
1643 4173 1927 4230 omnibus
1954 4174 2039 4231 ibi
2065 4174 2115 4230 di

2257 4172 2454 4246 σαλήμ,
2478 4173 2583 4226 ἀλλ’
2608 4176 2673 4235 ὡς
2702 4179 2855 4247 μόνον
2888 4174 3173 4246 ἀγνοοῦντα
3201 4179 3263 4227 τὰ
3290 4181 3423 4228 πᾶσι
3453 4181 3560 4235 τοῖς
3590 4180 3875 4247 παροικοῦ-

482 4267 856 4323 versantibus
876 4270 1021 4321 nota
1048 4269 1218 4320 erant
1245 4280 1256 4316 :
1299 4264 1361 4321 et
1400 4261 1759 4333 increpando
1783 4262 1991 4319 dicunt
2020 4278 2032 4317 :
2063 4264 2112 4316 Ti

2257 4284 2339 4316 σιν
2372 4263 2687 4337 ἐγνωσμένα,
2743 4268 2832 4315 καί
2882 4285 3037 4336 φασιν
3078 4263 3475 4325 ἐπιπληκτικῶς⁸
3512 4268 3578 4316 Σὺ
3632 4266 3787 4335 μόνος
3818 4260 3874 4313 ἐκ

483 4357 645 4413 solus
674 4372 747 4411 ex
776 4354 1059 4411 omnibus
1108 4353 1210 4425 qui
1244 4350 1668 4423 Hierosolymis
1727 4350 2025 4416 habitant,
2054 4353 2113 4407 di

2255 4355 2459 4405 πάντων
2514 4362 2612 4405 τῶν
2664 4356 3056 4426 παροικούντων
3104 4361 3166 4425 τῇ
3214 4352 3555 4429 Ἰερουσαλήμ
3602 4359 3873 4426 παροικεῖς

482 4446 739 4503 versaris
779 4445 840 4500 in
878 4441 1208 4511 Jerusalem
1252 4442 1564 4512 ignorans,
1610 4456 1746 4513 quas
1777 4441 1839 4497 in
1877 4456 1949 4497 ea
1986 4440 2112 4498 fact.

2254 4441 2616 4517 Ἰερουσαλήμ,
2646 4446 2718 4515 μή
2779 4449 3048 4514 γινώσκων
3087 4445 3152 4496 τὰ
3196 4449 3445 4516 γενόμενα
3491 4442 3603 4513 (87)
3654 4440 3703 4494 ἓν
3758 4450 3872 4503 ταῖς

485 4540 626 4591 sunt
663 4533 757 4589 his
795 4532 1006 4588 diebus
1042 4532 1070 4587 ‘I

2192 4532 2205 4533 ί
2256 4534 2470 4605 ἡμέραις
2497 4535 2713 4592 ταύταις
2747 4548 2760 4597 ;

557 4623 726 4679 Vers.
752 4623 837 4678 19.
867 4622 941 4677 Ει
964 4653 1031 4661 -
1051 4635 1198 4693 quae.
1233 4618 1636 4689 Ignorantiam
1657 4618 1850 4688 ﬁngit,
1878 4618 2141 4675 utetiam

2329 4626 2429 4674 Καὶ
2484 4653 2551 4660 -
2604 4628 2731 4673 ποῖα
2781 4639 2793 4689 ;
2853 4628 3226 4697 Προσποιεῖται
3288 4624 3518 4693 ἄγνοιαν,
3616 4621 3699 4672 ἶνα
3776 4624 3869 4672 καὶ

483 4730 557 4771 ex
597 4728 695 4768 ore
727 4712 963 4767 illorum
991 4710 1197 4765 audiat
1224 4726 1361 4782 quae
1402 4725 1438 4764 a
1475 4708 1656 4764 corde
1676 4724 1885 4764 eorum
1917 4724 2110 4780 cogno

2257 4707 2351 4763 διὰ
2440 4715 2695 4783 στόματος
2748 4710 2916 4763 αὐτῶν
2984 4711 3186 4784 ἀκούσῃ
3256 4709 3289 4763 ἃ
3334 4707 3429 4763 διὰ
3500 4717 3595 4773 τῆς
3641 4705 3865 4781 καρδίας

481 4801 710 4868 scebat,
753 4808 808 4857 et
831 4800 913 4857 ita
951 4799 1225 4871 objurget
1273 4814 1343 4854 ac
1372 4797 1637 4868 increpet
1664 4795 1814 4853 illos.

2256 4799 2424 4851 αὐτῶν
2480 4798 2751 4871 ἐγίνωσκε,
2810 4803 2901 4851 καὶ
2957 4800 3123 4861 οὕτως
3173 4796 3431 4873 ὀνειδίσῃ,
3471 4803 3559 4851 καὶ
3605 4796 3854 4868 ἐπιπλήξῃ

2258 4906 2457 4949 αυτοις.

556 4980 719 5037 Vers.
770 4977 964 5033 49.11!
997 4977 1096 5031 illi
1140 5006 1209 5015 —
1254 4974 1489 5046 populo.
1532 4971 1740 5028 Virum
1790 4974 2141 5045 prophetam

2324 4978 2390 5030 Οἱ
2456 4972 2515 5029 δε
2567 5008 2629 5017 -
2680 4976 2829 5030 λαοῦ.
2895 4973 3102 5053 ’Ἄνδρα
3166 4982 3442 5051 προφήτην
3524 4976 3676 5030 αὐτὸν
3735 4972 3868 5027 εἶναι

480 5070 648 5127 illum
680 5069 863 5126 fuisse
904 5065 1319 5140 Opinabantur,
1362 5062 1704 5135 imperfecta
1757 5063 1955 5120 adhuc
2002 5063 2110 5122 ﬁde

2251 5065 2629 5139 ὑπελάμϐανον,
2719 5065 2871 5125 ἀτελῆ
2948 5072 3127 5120 πίστιν
3220 5069 3296 5121 ἔτι
3379 5070 3599 5140 ἕγοντες.
3682 5064 3870 5139 Ἔργον

491 5276 495 5284 ι
552 5248 600 5285 ⁸⁸
630 5248 803 5306 Joan.
861 5262 962 5312 xx,
1000 5243 1089 5302 10.
1166 5245 1214 5280 ⁰⁹
1250 5244 1433 5301 Maro.
1463 5258 1583 5313 xvr,
1634 5244 1722 5301 12.

1691 5430 1917 5500 Variae
1946 5431 2275 5503 lectiones
2317 5440 2614 5502 etnotae.

554 5652 671 5735 ςβδ)
710 5655 809 5735 Ita_
828 5658 1099 5735 uterque,
1132 5649 1593 5735 pronaum-tem.
1656 5654 1848 5727 Vulgo
1900 5658 2135 5714 tantum
2323 5657 2438 5735 @6)
2469 5661 2570 5718 Τήν
2596 5662 2660 5713 Δ.

480 5725 688 5784 nam.
712 5732 925 5789 notant
953 5725 1357 5785 Grammatici.
1778 5725 1796 5727 ”

1156 5725 1357 5785 uatici.
1778 5725 1796 5727 _
2318 5725 2437 5807 (87)
2454 5735 2702 5810 Γινόμενα
2727 5736 2786 5791 Β.
