4128 6382
241 323 380 390 Μθη

1293 324 1648 390 COMMENT.
1691 326 1762 391 IN
1799 329 2068 394 LUCAM.
2109 371 2177 379 -
2209 337 2361 396 CAP.
2395 331 2594 400 XXIV.

3487 341 3625 408 1098

240 463 332 532 μὲν
427 457 514 512 οὖν
585 465 687 512 νόει
765 461 832 512 τὰ
915 466 1128 531 σημεῖα,
1186 461 1337 533 λόγον
1422 457 1482 514 δὲ
1537 464 1631 523 τὰς
1696 458 1840 515 διδα·

1985 466 2072 520 >er
2117 479 2271 538 Opus
2323 468 2524 540 itaque
2581 470 2752 541 signa
2782 472 3039 545 intellige
3083 493 3094 534 :
3135 490 3244 548 per
3283 491 3622 536 sermonem

245 551 485 613 σχαλίλς.

310 727 490 789 Ὅπως
525 759 587 768 -
628 727 802 782 αὐτόν.
839 729 925 790 Εἰς
950 726 1246 788 καταδίκην
1289 732 1529 783 θανάτου.

312 823 488 889 Ἡμεῖς
591 848 658 856 -
744 818 975 890 Ἰσραήλ.
1075 819 1388 891 Ἠλπίζομεν
1486 820 1642 872 αὐτὸν
1725 818 1853 872 εἶναι

232 911 326 959 τὸν
379 909 480 958 ὑπὸ
560 916 658 959 τῶν
746 913 957 982 Γραφών
1038 909 1508 982 καταγγελλὸμενω
1588 911 1851 986 λυτρωτὴν

235 1001 389 1070 ἡμῶν
455 1015 467 1028 ·
543 1003 630 1048 νῦν
735 994 796 1050 δὲ
878 998 1037 1058 οὕτως
1142 997 1469 1052 ἀποθανόντα
1555 999 1853 1058 ἀπηλπίσα-

235 1105 334 1158 μεν
364 1086 494 1157 (88).

313 1173 469 1225 Ἀλλά
506 1193 565 1245 γε
598 1206 657 1213 -
687 1173 899 1246 ἐγένετο.
931 1208 996 1215 -
1023 1181 1116 1228 Σὺν
1149 1184 1280 1229 πᾶσι
1307 1180 1531 1241 τούτοις,
1566 1177 1681 1230 ἀντὶ
1734 1186 1844 1243 τοῦ,

240 1266 454 1316 Πάντων
481 1267 674 1315 τούτων
699 1269 976 1337 γενομένων
986 1308 995 1319 .

313 1353 471 1405 Ἀλλὰ
501 1357 591 1403 καὶ
645 1384 712 1393 —
768 1355 883 1426 ζῇν.
943 1361 1184 1418 Γυναῖκές
1215 1376 1343 1418 τινες
1371 1355 1423 1419 ἐξ
1475 1359 1640 1426 ἡμῶν,
1685 1361 1846 1427 ἤγουν

234 1444 508 1515 ἡμέτεραι,
534 1443 563 1499 ἢ
589 1445 658 1502 ὡς
687 1444 838 1514 ἡμεῖς
867 1451 1080 1500 πισταί.
1120 1451 1272 1514 Λέγει
1297 1442 1355 1497 δὲ
1383 1449 1474 1507 τὰς
1499 1452 1615 1518 περὶ
1642 1451 1846 1519 Μαρίαν

232 1537 332 1590 τὴν
377 1527 756 1601 Μαγδαληνήν.
813 1533 1133 1595 Ἐξέστησαν
1190 1532 1248 1587 δὲ
1313 1537 1465 1608 ἡμᾶς,
1525 1539 1593 1597 ὡς
1647 1535 1848 1588 ἄπιστα

236 1617 735 1693 διισχυριζόμεναι,

1966 568 2124 620 vero,
2170 555 2494 614 doctrinas.

2035 643 2196 699 Vers.
2225 649 2313 701 20.
2340 647 2630 714 Quomodo
2683 681 2751 691 —
2787 666 2930 708 eum.
2981 653 3102 711 Hoc
3151 654 3216 712 in
3271 656 3405 715 loco
3430 663 3617 733 κρίμα,

1959 732 2272 802 iudici-um,
2301 738 2534 807 capitur
2572 755 2681 810 pro
2713 743 3249 802 Condemnatione.

2036 821 2194 878 Vers.
2225 825 2312 879 2t.
2343 827 2459 882 Nos
2502 859 2572 867 —
2597 828 2795 887 Israel.
2834 833 3264 904 Sperabamus,
3289 839 3454 910 quod
3488 839 3620 912 ipse

1962 916 2115 968 esset
2151 913 2484 988 redemptor
2522 923 2723 975 noster
2779 922 2883 993 qui
2935 923 3251 997 Scripturis
3300 930 3620 987 annuntia-

1960 1000 2154 1058 batur.

2035 1179 2189 1235 Vers.
2225 1183 2313 1236 21.
2336 1184 2521 1256 Atqui
2545 1218 2612 1227 -—
2638 1189 2808 1257 facta
2835 1199 2986 1246 sunt.
3028 1193 3173 1251 Cum
3194 1194 3294 1251 his
3333 1197 3615 1271 omnibus,

1960 1267 2071 1323 hoc
2119 1274 2230 1334 est,
2267 1271 2432 1328 factis
2455 1275 2548 1330 his
2577 1279 2882 1334 omnibus.

2031 1357 2194 1413 Vers.
2250 1363 2337 1415 22.
2385 1362 2498 1420 Sed
2551 1373 2606 1421 et
2657 1369 2906 1424 —Vers.
2949 1375 3037 1426 23.
3089 1374 3304 1430 vivere.
3339 1375 3619 1432 Mulieres

1955 1448 2236 1518 quiedam
2279 1467 2351 1507 ex
2383 1454 2568 1524 nobis,
2621 1458 2744 1513 sive
2777 1465 3010 1528 nostrae,
3045 1468 3148 1518 aut
3199 1463 3423 1533 ﬁdeles,
3469 1466 3619 1523 sicut

1955 1541 2010 1590 et
2035 1551 2170 1592 nos.
2208 1541 2349 1595 Dicit
2370 1550 2571 1599 autem
2591 1545 3036 1620 illas,qua3cum
3069 1553 3248 1607 Maria
3274 1555 3617 1626 Magqalene

1956 1631 2140 1691 erant,
2172 1629 2439 1701 etipsam
2468 1633 2856 1705 Magdalenen
2872 1683 2883 1694 .
2899 1639 3234 1697 Attonitosa
3251 1642 3486 1713 intquit,
3504 1660 3616 1702 nos

1957 1715 2363 1782 reddiderunt,
2386 1727 2587 1792 utpote
2610 1725 2979 1784 incredibilia
3001 1737 3433 1788 asseverantes.

311 1799 416 1852 Καὶ
445 1829 509 1836 —-—
539 1808 806 1872 μνημεῖον.
847 1806 1036 1875 Πέτρος
1066 1808 1154 1854 καὶ
1197 1803 1456 1871 Ἰωάννης,
1509 1805 1572 1863 ὡς
1604 1808 1840 1877 προειρή-

2025 1804 2188 1861 Vers.
2220 1811 2306 1863 2i.
2341 1811 2406 1863 Et
2438 1843 2505 1850 —-
2539 1823 3000 1873 monumentum.
3030 1818 3237 1875 Petrus
3267 1821 3534 1879 videlicet
3559 1829 3618 1880 et

234 1910 422 1962 καμεν.

317 1988 416 2036 Καὶ
441 2015 508 2025 -
540 1980 677 2036 εἶδον
707 2014 775 2022 —
815 1982 973 2054 Εὗρον
1005 1982 1160 2049 οὕτω,
1204 1985 1490 2050 τουτέστιν,
1525 1982 1647 2054 Οὐχ
1701 1983 1845 2057 εὖρον

233 2079 296 2128 τὸ
325 2085 479 2148 σῶμα
499 2076 678 2142 αὐτοῦ,

313 2170 415 2218 Καὶ
445 2198 506 2206 —
542 2163 1112 2239 προφῆται·Ἀνοήτους
1137 2167 1226 2236 μὲν
1255 2165 1439 2225 αὖτοὺς
1471 2165 1577 2236 (89)
1611 2165 1847 2236 ὠνόμασε

236 2251 510 2328 διεγείρων
542 2255 712 2327 ἠρέμα
741 2257 868 2327 πρὸς
893 2252 1170 2323 ἐπίγνωσιν
1196 2261 1352 2304 αὐτοῦ
1383 2271 1394 2282 ⁸
1425 2250 1645 2325 βραδεῖς
1697 2251 1756 2306 δὲ
1782 2263 1841 2326 τῇ

233 2341 455 2419 καρδίᾳ,
490 2347 554 2404 ὡς
585 2345 810 2417 νωθροὺς
838 2343 909 2404 εἰς
934 2347 991 2393 τὸ
1020 2345 1281 2394 πιστεύειν
1309 2341 1392 2393 ἐπὶ
1424 2351 1604 2412 πᾶσιν,
1637 2343 1713 2404 οἱς
1737 2343 1847 2395 ἐλά-

231 2432 404 2490 λησαν
435 2435 484 2485 οἱ
514 2440 773 2508 προφῆται
803 2437 920 2506 περί
948 2451 1001 2483 τε
1049 2441 1136 2484 τοῦ
1181 2433 1402 2483 θανάτου
1430 2437 1520 2483 καὶ
1561 2439 1654 2494 τῆς
1690 2433 1844 2484 ανασ-

235 2524 437 2584 τάσεως
465 2522 646 2574 αὐτοῦ.

308 2611 454 2683 Οὐχὶ
493 2643 553 2651 -
586 2611 746 2663 αὑτοῦ
781 2617 1015 2680 ;Ταῡτα,
1066 2610 1101 2662 ἃ
1149 2610 1401 2668 ἐλάλησαν
1453 2614 1500 2664 οἱ
1559 2620 1840 2684 προφῆται.

234 2700 397 2764 Δόξαν
423 2697 484 2754 δὲ
513 2701 689 2767 αὐτοῦ,
749 2705 843 2758 τὴν
892 2708 982 2760 τῆς
1037 2703 1298 2761 θεότητος.
1336 2700 1461 2753 Κατ’
1501 2700 1756 2772 ἐρώτησιν
1785 2700 1844 2753 δὲ

231 2791 404 2861 λόγος.

309 2974 410 3022 Καὶ
443 3001 508 3008 -
542 2976 747 3024 εαυτοῦ.
781 2968 907 3022 Ἀπὸ
936 2971 1217 3032 Μωῡσέως,
1268 2972 1430 3039 ἤγουν
1464 2966 1564 3020 ἀπὸ
1595 2977 1694 3021 τῶν
1727 2975 1841 3021 Μω-

235 3067 433 3112 σαίκῶν
464 3057 678 3130 βίϐλων.

309 3153 411 3200 Καὶ
447 3180 506 3188 -—
535 3146 853 3220 ἐπορεύοντο.
888 3147 1055 3199 Ὀπου
1089 3147 1405 3221 ἐπορεύοντο.

309 3241 411 3289 Καὶ
449 3268 512 3278 ——
537 3238 864 3308 πορεύεσθαι.
927 3237 1350 3308 Ἐσχηματίζετο
1391 3237 1696 3312 πορρωτέρω
1748 3257 1839 3288 πο-

229 3326 498 3400 ρεύεσθαι,
522 3328 588 3387 ὡς
620 3325 789 3385 ἁπλῶς
823 3324 1214 3399 συνοδοιπόρος.

307 3415 410 3469 Καὶ
438 3447 504 3454 -
533 3416 716 3487 ἡμέρα.
748 3413 974 3467 Ἐκλινεν
1007 3416 1078 3477 εὶς
1102 3419 1158 3466 τό
1185 3414 1362 3470 δῦναι.

306 3599 505 3647 Καὶ-
561 3595 750 3648 αὐτων.
807 3591 1042 3648 Ἰδὸντων
1073 3599 1166 3652 τὴν
1211 3596 1409 3653 συνήθη
1455 3599 1544 3647 καὶ
1578 3602 1836 3669 γνώριμον

229 3683 465 3755 εὐλογίαν
496 3691 587 3736 τοῦ
610 3684 794 3760 ἄρτου.
836 3689 962 3737 Τότε
1005 3687 1104 3759 γὰρ
1149 3686 1598 3757 συνεχωρήθησαν
1625 3684 1836 3756 ἐπιγνῶ-

227 3794 315 3824 ναι
341 3773 517 3828 αὐτόν.

307 3869 408 3915 Καὶ
429 3893 496 3904 -
534 3863 708 3917 αὐτόν.
740 3862 852 3915 Ἰνα
875 3867 946 3936 μὴ
991 3859 1329 3938 βραδύνωσιν
1351 3866 1445 3932 ἔτι,
1478 3862 1606 3915 ἀλλά
1647 3865 1838 3936 τάχιον

228 3951 635 4026 ὑποστρέψωσιν
673 3957 744 4014 εἱς
774 3955 890 4012 τοὺς
941 3954 1184 4024 μαθητάς
1215 3969 1227 3982 ·
1261 3951 1493 4005 ἐϐούλετο
1531 3955 1632 4027 γὰρ
1678 3954 1838 4011 αὗθη·

228 4045 384 4117 μερέν
418 4042 801 4114 ἐμφανισθῆναι
822 4047 981 4093 πᾶσιν
1010 4041 1199 4102 αὐτοῖς,

300 4132 407 4186 Καὶ
441 4161 501 4171 —
535 4132 743 4205 Γραφας
775 4146 789 4196 ;
821 4133 1100 4204 Καιομένη,
1149 4139 1310 4202 ἤγουν
1364 4131 1661 4202 σφύζουσα,
1708 4131 1836 4183 παλ-

227 4219 326 4293 λομ.
332 4225 380 4272 ἐν
389 4240 414 4278 q
426 4259 439 4272 .

304 4316 400 4362 Καί
442 4308 890 4383 -Ἰερουσαλήμ.
944 4309 1268 4367 Ἀνέστησαν
1310 4309 1440 4382 αὐτῇ
1493 4317 1555 4381 τῇ
1614 4312 1742 4386 ὥρα,
1777 4311 1834 4363 οὗ

225 4403 333 4471 μὴν
366 4398 495 4470 αὐτῇ
522 4406 581 4472 τῇ
611 4400 720 4471 ὥρᾳ
749 4397 1074 4474 ὑπέστρεψαν
1116 4414 1129 4429 ⁸
1173 4397 1420 4461 ἐξήκοντα
1450 4401 1552 4472 γὰρ
1605 4397 1834 4452 σταδίων

1956 1892 2237 1960 Joannes,
2274 1903 2336 1953 ut
2370 1901 2755 1970 praediximus

2028 1983 2190 2039 Vers.
2249 1987 2334 2040 24.
2370 1991 2432 2044 Et
2466 2021 2532 2032 —
2564 1993 2854 2049 viderunt.
2890 2027 2958 2036 —
2987 1997 3082 2053 Ιια
3120 1998 3463 2056 invenerunt
3494 2002 3612 2059 hoc

1957 2076 2064 2141 est,
2097 2075 2223 2130 Non
2254 2076 2608 2135 invenerunt
2652 2099 2863 2154 corpus
2899 2086 3046 2156 ejus.

2027 2162 2190 2217 Vers.
2242 2165 2330 2220 25.
2358 2168 2426 2220 Et
2466 2201 2535 2208 —
2561 2172 2886 2241 prophetas.
2925 2177 3262 2233 lnsensatos
3303 2178 3432 2234 illos
3465 2181 3612 2238 dixit

1957 2253 2131 2308 tacite
2173 2255 2251 2310 ad
2303 2257 2395 2311 sui
2440 2261 2843 2328 cognitionem
2873 2265 3138 2322 excitans
3178 2289 3190 2334 ;
3238 2269 3439 2325 tardos
3471 2287 3605 2326 vero

1957 2343 2156 2411 corde,
2238 2348 2439 2417 utpote
2517 2350 2720 2405 tardos
2804 2353 2881 2407 ad
2938 2356 3301 2412 credendum
3361 2375 3432 2414 ea
3470 2376 3607 2431 quas

1958 2432 2262 2503 prophetas
2340 2435 2522 2492 locuti
2569 2437 2807 2496 fuerant
2880 2443 2954 2498 de
3041 2451 3230 2501 morte
3265 2452 3319 2502 et
3351 2464 3607 2505 resurre-

1952 2520 2146 2576 ctione
2189 2521 2397 2594 ipsius.

2025 2609 2186 2666 Vers.
2263 2615 2351 2668 26.
2411 2615 2612 2672 Nonne
2663 2649 2733 2661 -—
2781 2634 2967 2680 suam.
3007 2623 3317 2696 ch,quaa
3342 2625 3612 2685 videlicet

1950 2696 2132 2786 locuti
2157 2700 2393 2758 fuerant
2418 2707 2744 2777 prophetae.
2779 2710 3036 2767 Gloriam
3066 2730 3262 2780 suam,
3291 2732 3423 2786 quae
3451 2717 3611 2774 vide-

1949 2785 2084 2844 licet
2113 2806 2232 2847 suae
2246 2799 2372 2848 erat
2398 2793 2741 2853 divinitatis.
2771 2802 2872 2855 Est
2891 2806 3091 2857 autem
3115 2785 3606 2875 interrogatorius

1952 2896 2172 2937 sermo.

2022 2970 2185 3026 Vers.
2241 2974 2330 3025 27.
2384 2973 2450 3025 Et
2482 3004 2547 3013 —
2593 2974 2740 3044 ipso.
2796 2977 3030 3035 AMose
3091 2980 3212 3038 sive
3267 2983 3599 3042 aMosaicis

1948 3059 2133 3116 libris.

1872 3164 1910 3219 ο
2021 3149 2182 3204 Vers.
2218 3148 2303 3203 28.
2338 3150 2403 3204 Et
2435 3181 2502 3190 --
2531 3151 2714 3207 ibant.
2749 3155 2877 3220 Quo
2910 3155 3099 3213 ibant.

2020 3238 2182 3294 Vers.
2239 3242 2326 3294 '28.
2380 3241 2442 3295 Et
2491 3272 2541 3281 -
2581 3242 2686 3298 ire.
2734 3244 3076 3310 Simulabat,
3127 3264 3189 3304 se
3219 3249 3460 3320 longius
3502 3253 3605 3320 ire,

1948 3332 2234 3400 tanquam
2277 3328 2534 3395 vulgaris
2563 3347 2767 3388 comes
2795 3332 3000 3391 fuisset
3039 3337 3280 3393 itineris.

2016 3417 2184 3472 Vers.
2234 3421 2320 3472 29.
2377 3419 2444 3473 Et
2493 3450 2550 3460 -
2607 3422 2748 3476 dies.
2801 3423 3120 3481 lnclinatus
3167 3434 3254 3483 est
3310 3428 3388 3485 ad
3437 3447 3607 3488 occa-

1947 3522 2102 3562 sum.

2019 3597 2183 3651 Vers.
2237 3601 2325 3652 29.
2371 3599 2435 3652 Et
2488 3630 2556 3638 —
2585 3599 2746 3654 Vers.
2783 3605 2869 3657 3t.
2904 3618 3057 3659 eum.
3115 3607 3260 3661 Cum
3301 3609 3604 3676 vidissent,

1949 3691 2252 3742 assuetam
2303 3702 2371 3742 ac
2396 3690 2695 3758 cognitam
2731 3691 3388 3761 panisbenedictionem
3421 3718 3435 3768 ;
3465 3715 3605 3756 nam

1949 3780 2088 3830 tunc
2113 3776 2394 3848 permissi
2426 3783 2583 3842 sunt,
2617 3784 2680 3833 ut
2712 3795 2848 3834 eum
2871 3791 3284 3851 agnoscerent.

2019 3865 2179 3920 Vers.
2247 3864 2338 3918 31.
2405 3867 2470 3920 Et
2513 3867 2777 3924 illorum.
2829 3873 2906 3925 Ne
2964 3872 3220 3943 amplius
3281 3877 3605 3945 tardarent,

1948 3954 2049 4007 sed
2102 3954 2275 4009 citius
2344 3955 2422 4009 ad
2475 3955 2800 4028 discipulos
2852 3966 3333 4020 reverterentur:
3366 3967 3608 4024 volebat

1947 4057 2204 4112 namque
2237 4042 2449 4098 eodem
2495 4042 2589 4098 die
2618 4045 2905 4102 omnibus
2937 4047 3117 4104 simul
3152 4066 3462 4124 apparere.

2022 4131 2179 4186 Vers.
2209 4131 2295 4187 32.
2331 4132 2406 4187 Et
2439 4163 2506 4173 —
2546 4135 2912 4204 Scripturas.
2955 4139 3409 4209 lncendebatur,
3435 4145 3612 4201 salie-

1949 4221 2048 4276 bat
2071 4219 2206 4292 (bb),
2235 4221 2592 4278 movebatur
2629 4239 2698 4279 ac
2731 4223 3032 4284 vibrabat.

2015 4309 2177 4366 Vers.
2243 4315 2329 4366 33.
2386 4313 2450 4366 Et
2482 4344 2543 4354 —
2575 4313 2922 4370 Jerusalem.
2977 4315 3372 4376 Surrexerunt
3393 4321 3607 4380 eadem

1945 4401 2114 4467 hora,
2157 4417 2279 4456 non
2311 4407 2510 4457 tamen
2561 4405 2779 4458 reversi
2825 4409 2962 4461 sunt
2991 4407 3199 4463 eadem
3243 4409 3428 4477 hora;
3463 4428 3604 4469 nam

229 4485 289 4547 ἧν
318 4489 347 4545 ἠ
383 4484 522 4548 ὁδός.
557 4488 709 4549 Εἰκὸς
735 4485 814 4555 δὲ,
842 4488 1108 4550 κλίναντος
1140 4496 1231 4541 τοῦ
1280 4489 1449 4558 ἡλίου,
1494 4486 1711 4562 δραμεῖν
1743 4490 1834 4541 αὖ·

1985 4494 2072 4546 rat
2101 4491 2197 4546 via
2217 4491 2528 4560 sexaginta
2553 4494 2908 4551 stadiorum.
2928 4495 3253 4553 Verisimile
3273 4505 3360 4555 est
3380 4507 3606 4571 autem,

224 4583 351 4639 τοὺς
405 4579 504 4628 ὑπὸ
548 4583 892 4651 περιχαρείας
933 4578 1047 4630 ὅλον
1077 4582 1135 4630 τὸ
1185 4575 1464 4650 διάστημα
1524 4583 1688 4654 μέχρι
1744 4588 1835 4639 τῆς

224 4671 436 4733 νυκτὸς,
468 4667 540 4729 εἷς
565 4667 699 4719 ὀκτὼ
730 4673 820 4720 καὶ
852 4671 1019 4741 ἣμισυ
1060 4669 1210 4741 μίλια
1256 4675 1699 4742 συμποσουμένων
1739 4679 1837 4721 τῶν

226 4756 477 4820 ἑξήκοντα
497 4753 749 4810 σταδίων.

304 4939 406 4987 Καὶ
457 4966 526 4974 -
576 4933 772 4996 αὐτοῖς,
839 4939 935 4988 Σὺν
1021 4935 1201 4996 αὐτοῖς
1255 4932 1410 5006 ἦσαν,
1462 4939 1492 4993 ἤ
1554 4956 1686 4998 τινες
1744 4944 1845 4989 τῶν

1945 4579 2110 4651 quod
2142 4579 2473 4635 declinante
2501 4581 2621 4636 sole
2655 4584 3021 4639 cucurrerint
3049 4601 3164 4656 prae
3183 4586 3368 4645 nimio
3388 4593 3610 4659 gaudio

1946 4675 2136 4723 totum
2163 4669 2541 4725 intervallum
2583 4670 2660 4724 ad
2688 4686 2897 4726 uocem
2939 4689 3147 4745 usque,
3187 4683 3412 4747 septem
3452 4681 3586 4735 vide

1946 4757 2080 4812 licet
2106 4758 2289 4815 millia
2342 4765 2398 4814 et
2425 4759 2763 4826 dimidium,
2811 4777 2948 4832 quae
2978 4763 3037 4818 in
3093 4765 3392 4836 praedictis
3443 4774 3612 4826 erant

1956 4847 2185 4903 stadiis.

2026 4939 2189 4992 Vers.
2255 4938 2342 4994 33.
2377 4939 2444 4994 Et
2475 4970 2541 4979 —
2571 4939 2709 4996 illis.
2756 4940 2869 5006 Qui
2902 4956 3037 4997 cum
3089 4943 3200 4998 illis
3225 4951 3414 5011 erant,
3444 4953 3607 5019 puta,

1455 5113 1672 5183 Variae
1702 5114 2033 5184 lectiones
2070 5127 2134 5184 et
2174 5127 2380 5185 notae.

297 5310 412 5384 (88)
443 5306 724 5392 uatis:-
750 5308 1142 5392 ἀπηλπὶσαμεν.
1205 5309 1352 5392 ῌεεο
1383 5309 1678 5392 interpres
1711 5325 1832 5366 non

222 5381 513 5464 agnoscit.
551 5381 752 5464 Redde
783 5397 796 5436 :
823 5382 1004 5464 Νιιης
1027 5381 1162 5464 vero
1191 5383 1275 5438 ita
1306 5381 1606 5464 mortuum
1638 5383 1829 5464 despe-

222 5449 449 5514 ramus.
480 5453 928 5525 lnteltige,a:5~:6v
950 5449 1080 5506 εἶναι
1104 5452 1390 5529 λυτρωτὴν.
1423 5453 1614 5510 Possit
1632 5449 1831 5510 etiam.

291 5633 414 5714 (b_b)
444 5631 744 5714 Salieb‘at,
765 5637 909 5714 etc._
933 5630 1162 5714 ginisso
1201 5635 1384 5714 ἤρκουν,
1414 5631 1704 5714 interpres
1731 5647 1836 5704 pro

218 5703 468 5766 duobus
481 5703 781 5763 vocabulis
810 5703 1068 5760 reddidit
1081 5703 1497 5763 tria.Ceeterum
1513 5703 1837 5777 utr-umque

515 5804 756 5860 PATROL.
793 5801 899 5859 Gn.
945 5800 1190 5859 CXXIX.

1947 5310 2125 5384 alicui
2193 5311 2250 5367 in
2327 5317 2590 5369 mentem
2661 5316 2864 5371 venire
2933 5316 3280 5384 ἀποθανόντος
3314 5323 3610 5384 intellecto

1947 5383 2129 5461 αὐτους
2153 5383 2330 5461 Nam;
2355 5401 2490 5461 vero
2521 5385 2602 5441 ita
2623 5395 2858 5444 mortuo
2884 5383 3286 5461 desperamus.

2024 5455 2136 5527 (89)
2167 5455 2366 5519 Αὐτοὺς
2397 5457 2583 5514 abest.
2618 5463 2684 5512 A.

1949 5634 2181 5762 ρφύςειν,
2239 5633 2524 5688 πάλλεσθαι
2568 5635 2641 5691 de
2673 5640 2849 5694 motu
2884 5641 2939 5696 et
2983 5637 3164 5710 pulsu
3215 5642 3416 5697 cordis
3474 5643 3622 5700 dici-

1975 5720 2061 5761 ur.

1975 5720 2061 5761 ur.

3305 5813 3370 5866 νδ

3305 5849 3332 5864 υ

3303 5849 3332 5864 Ἰ
