4128 6432
573 341 714 398 1099

570 464 972 538 septuaginta,
1008 467 1112 520 aut
1142 462 1486 534 simpliciter
1511 477 1742 518 omnes.
1779 461 1896 518 Sed
1926 463 2231 535 quomodo

569 553 719 610 dixit
741 555 904 626 quod
950 554 1304 609 invenerunt
1346 557 1742 622 congregatos
1771 553 2044 608 undecim
2081 553 2108 607 ‘?
2149 552 2232 608 Si-

567 643 812 716 quidem
841 642 1026 699 ludas
1055 641 1503 712 Iscariotesjam
1533 641 1800 710 abjectus
1824 648 1968 707 erat,
2002 649 2057 697 et
2079 642 2231 697 Tho-

566 748 700 788 mas
722 737 865 788 tunc
891 747 1156 804 praesens
1176 747 1297 787 non
1316 735 1454 786 erat.
1480 730 1572 785 Ait
1591 729 1750 786 enim
1771 731 2034 786 Joannes
2055 732 2228 787 :T/to-

563 837 692 879 mas
721 828 917 879 autem
943 837 1092 876 unus
1121 836 1194 878 ea:
1223 820 1540 885 duodecim,
1575 820 1677 892 qui
1715 819 2230 891 cognominabatur

562 911 869 981 Didymus,
909 926 1029 966 non
1060 917 1190 966 erat
1231 926 1362 966 cum
1401 910 1546 973 illis,
1593 911 1826 980 quando
1853 910 2007 966 venit
2037 911 2223 977 Jesus,

558 1000 889 1056 Dicendum
929 1004 1192 1070 estergo,
1225 999 1391 1072 quod
1413 1015 1485 1054 ex
1516 1015 1637 1071 quo
1679 999 1946 1054 Matthias
1973 999 2178 1054 aderat
2203 1001 2219 1034 ¹

559 1091 658 1162 qui
685 1090 818 1146 loco
865 1089 1160 1145 Iscariotis
1192 1093 1349 1145 sorte
1380 1087 1600 1144 electus
1647 1093 1750 1153 est,
1803 1088 1982 1143 etiam
2023 1088 2218 1159 ipsum

550 1179 683 1250 jam
707 1178 1181 1248 connumeravit,
1196 1183 1492 1250 tanquam
1513 1193 1650 1233 cum
1674 1177 1954 1233 undecim
1985 1181 2221 1248 aposto-

554 1267 626 1324 lis
656 1273 1026 1340 cooptatum.

625 1361 784 1415 Vers.
820 1361 910 1415 34.
943 1359 1215 1415 Dicentes
1263 1388 1332 1398 —
1362 1373 1399 1414 a
1453 1357 1708 1412 Simone.
1765 1355 1971 1424 Quaere
2015 1371 2219 1411 rursus

553 1447 764 1504 ultimo
821 1447 1014 1519 capite
1064 1445 1366 1516 Evangelii
1413 1445 1742 1501 secundum
1797 1448 2076 1508 Marcum,
2115 1446 2217 1500 ubi

551 1537 806 1594 dicitur:
861 1539 997 1592 Post
1049 1537 1172 1592 haec
1222 1542 1416 1592 autem
1473 1535 1693 1590 duobus
1733 1551 1804 1590 ex
1849 1535 1988 1604 ipsis
2015 1535 2212 1590 ambu-

553 1627 830 1692 lantibus,
856 1633 1142 1696 apparuit
1172 1627 1234 1680 in
1261 1626 1389 1681 alia
1420 1625 1630 1695 efﬁgie,
1661 1625 1934 1680 euntibus
1961 1640 2064 1679 rus
2091 1627 2135 1690 ³,
2161 1630 2215 1681 et

551 1722 765 1773 caetera
796 1733 810 1783 ;
835 1733 904 1772 ac
930 1716 1059 1786 lege
1085 1715 1320 1770 illorum
1334 1714 1793 1778 enarrationem,
1820 1730 1956 1785 quae
1979 1714 2051 1768 ad
2067 1731 2217 1786 prm-

548 1821 686 1862 sens
714 1806 941 1862 dictum
967 1805 1292 1878 plurimum
1334 1803 1636 1859 conducit.

619 1894 788 1951 Vers.
847 1899 936 1951 35.
982 1895 1058 1950 Et
1104 1894 1220 1964 ipsi
1263 1925 1331 1932 —
1391 1893 1555 1948 Vers.
1615 1892 1703 1947 36.
1772 1893 1953 1948 vobis.
1998 1894 2212 1950 Conse-

543 1990 796 2057 quenter
825 1984 904 2040 ibi
931 1985 1110 2040 etiam
1126 1983 1200 2038 de
1227 1983 1316 2038 his
1343 1982 1632 2038 invenies.
1662 1982 1980 2038 Considera
2009 1988 2209 2038 autem

543 2074 712 2148 quod
742 2078 798 2130 et
835 2073 1148 2129 discedens
1178 2088 1390 2145 pacem
1418 2071 1532 2127 illis
1564 2071 2038 2143 reliquerit,sicut
2070 2072 2209 2127 scri-

544 2164 664 2237 psit
689 2166 976 2220 Joannes’
1013 2178 1414 2234 ;rursumque
1445 2161 1680 2216 rediens
1719 2176 1928 2232 pacem
1971 2161 2205 2226 tribuit;

543 2269 777 2325 pacem,
820 2253 1094 2325 inquam,
1144 2267 1281 2324 quae
1339 2256 1397 2306 et
1452 2265 1580 2306 rem
1639 2255 1697 2305 et
1748 2265 1972 2305 nomen
2032 2250 2206 2306 dulce

541 2342 744 2398 habet.

617 2434 774 2487 Vers.
808 2432 898 2486 37.
930 2430 1327 2503 Expavefacti
1370 2461 1440 2473 -
1487 2429 1652 2484 Vers.
1707 2431 1794 2484 38.
1846 2435 2042 2484 vestra
2077 2428 2105 2483 ?
2139 2459 2208 2468 —

540 2522 949 2592 Expave/acti,
1005 2522 1066 2576 id
1106 2530 1214 2588 est,
1259 2519 1519 2574 Turbati.
1578 2517 1973 2589 Cogitationes
2006 2525 2205 2573 autem

541 2610 616 2666 de
645 2611 762 2666 hoc
797 2609 1222 2678 ascendebant,
1254 2614 1453 2664 utrum
1475 2606 1742 2662 videlicet
1766 2607 2003 2678 spiritus
2031 2615 2203 2672 esset,

539 2699 602 2754 id
650 2699 811 2771 quod
838 2699 1166 2764 videbatur,
1200 2698 1323 2753 sive
1351 2703 1680 2769 spectrum.
1732 2697 2001 2752 Ostendit
2041 2712 2202 2769 ergo,

540 2789 708 2860 quod
735 2788 994 2844 cordium
1019 2792 1173 2844 esset
1195 2788 1489 2858 cognitor.
1520 2787 1743 2842 Deinde
1772 2786 1936 2841 aliud
1958 2802 2202 2858 quoque

539 2877 644 2934 dat
667 2876 931 2950 signum.

611 2969 771 3024 Vers.
795 2973 882 3026 39.
929 2968 1126 3026 Videte
1149 2999 1217 3009 —
1240 2983 1391 3025 sum.
1425 2969 1490 3023 Et
1515 2966 1820 3038 quomodo
1847 2965 1925 3022 ab
1947 2965 2040 3022 bis
2066 2982 2204 3022 eum

537 3072 897 3129 cognoscere
929 3062 1202 3130 poterant
1229 3058 1256 3116 Ἰ
1283 3058 1434 3123 Quia
1475 3055 1785 3112 clavorum
1828 3054 2027 3112 adhuc
2054 3055 2201 3111 fere-

537 3147 680 3204 bant
710 3146 1024 3204 foramina.

614 3236 776 3293 Vers.
809 3240 897 3294 39.
942 3237 1400 3294 Contrectate—
1434 3235 1662 3292 habere.
1698 3236 2065 3291 Contrectate
2097 3247 2202 3305 per

536 3331 972 3456 tali/(£10.12:
1002 3429 1072 3438 —
1099 3398 1296 3468 pedes.
1319 3398 1582 3452 Joannes
1613 3411 1754 3451 vero
1777 3395 1858 3451 ait
1885 3411 1899 3452 :
1935 3393 2199 3450 Ostendit

537 3490 617 3546 eis
646 3503 854 3545 manus
885 3494 940 3544 et
972 3489 1131 3544 latus
1156 3487 1374 3542 suum‘.
1402 3485 1664 3540 Primum
1689 3484 1983 3556 siquidem
2012 3491 2202 3538 osten-

535 3579 622 3635 dit
649 3577 734 3633 eis
790 3592 1007 3634 manus
1032 3581 1090 3632 et
1116 3575 1290 3642 latus,
1339 3574 1556 3630 deinde
1592 3573 1759 3629 etiam
1797 3573 2011 3644 pedes.
2051 3576 2198 3627 Nam

537 3673 786 3739 uterque
831 3663 1333 3735 evangelistarum
1368 3679 1442 3719 ex
1467 3663 1560 3718 his
1592 3680 1721 3734 quae
1747 3663 1914 3727 dixit,
1938 3662 2200 3718 ostendit

536 3757 715 3814 etiam
746 3756 807 3812 id
851 3755 1018 3828 quod
1053 3753 1238 3812 tacuit
1263 3752 1441 3809 veluti
1465 3753 1596 3823 jam
1628 3751 1957 3821 cognitum.

605 3935 774 3992 Vers.
815 3939 904 3992 41.
937 3933 1155 3990 Adhuc
1207 3961 1274 3973 —
1322 3931 1784 3989 admirantibus.
1831 3931 1896 3987 Id
1925 3931 2086 3986 enim
2118 3947 2198 3986 sas

532 4041 861 4100 penumero
890 4023 1019 4080 ﬁeri
1050 4022 1219 4080 solet.

601 4115 766 4171 Vers.
795 4118 883 4170 41.
916 4113 1075 4170 Dixit
1107 4144 1175 4153 —
1205 4112 1366 4168 Vers.
1425 4116 1514 4168 43.
1547 4111 1817 4167 comedit.
1855 4109 1980 4165 Non
2032 4110 2197 4182 quod

527 4204 808 4277 deinceps
832 4203 1137 4273 indigeret,
1156 4201 1263 4258 sed
1283 4201 1360 4257 ad
1382 4202 1673 4272 majorem
1701 4201 1879 4254 ﬁdem
1905 4199 2198 4270 majorem

525 4311 643 4368 que
674 4294 1213 4357 conﬁrmationem,
1246 4308 1322 4347 ne
1363 4296 1658 4362 spectrum
1691 4289 2001 4344 videretur.
2040 4290 2196 4344 Sicut

525 4391 724 4441 autem
750 4381 1272 4455 supernaturaliter
1316 4381 1593 4444 comedit,
1629 4381 1709 4434 ita
1737 4377 2193 4450 supernaturali-

525 4479 630 4536 ter,
683 4489 819 4544 quae
859 4471 1214 4534 comederat,
1266 4468 1524 4538 digessit.
1571 4468 1727 4523 Scire
1756 4483 1896 4522 vero
1937 4472 2188 4538 oportet,

1911 334 2258 392 EUTHYMll
2299 331 2626 395 ZIGABENI

3801 332 3940 400 1100

2262 467 2308 519 Α
2343 461 2724 538 ἐϐδομηκοντα,
2758 465 2786 522 ἦ
2816 467 3021 525 πάντες.
3055 464 3217 517 Ἀλλὰ
3241 471 3345 524 πῶς
3387 464 3520 516 εἶπεν
3551 465 3629 516 ὃτι
3673 465 3818 538 εὗρον
3845 486 3940 520 συ-

2340 557 2744 628 νηθροισμένους
2775 559 2890 614 τοὺς
2931 550 3132 616 ἕνδεκα,
3191 562 3282 605 τοὺ
3314 554 3648 627 Ἰσκοὶριὼτου
3697 559 3786 626 μὲν
3811 554 3942 608 ἁπο-

2341 643 2609 704 magno;
2636 641 2766 712 ἠδη,
2796 653 2887 695 τοῦ
2918 649 3086 714 Θωμά
3116 640 3174 695 δὲ
3218 647 3288 714 μὴ
3320 649 3570 714 παρόντος
3601 647 3714 695 τότε
3747 661 3760 710 ;
3803 651 3940 703 Φησὶ

2338 737 2435 805 γὰρ
2463 735 2488 785 ό
2515 735 2723 791 Ἰωάννη
2737 753 2774 794 ς’
2803 740 2996 805 Θωμᾶς
3022 730 3080 785 δέ
3093 734 3165 794 εἷς
3187 733 3240 784 ἐκ
3263 741 3358 784 τῶν
3389 729 3618 796 δώδεκα,
3654 735 3679 784 ό
3735 733 3942 806 λεγόμε-

2336 841 2420 884 νος
2451 821 2694 896 Δίδυμος,
2729 823 2822 874 οὐκ
2854 820 2914 880 ἦν
2941 822 3049 894 μετ’
3081 822 3270 881 αὐτῶν,
3315 824 3398 873 ὅτε
3442 818 3590 879 ἦλθεν
3641 824 3665 874 ὀ
3708 822 3936 884 Ἰησοῦς·

2335 910 2487 964 Ἔστι
2513 918 2686 964 τοίνυν
2718 913 2873 964 εἰπεῖν
2905 914 3004 973 ὅτι,
3047 909 3228 969 ἐπειδὴ
3261 913 3498 972 Ματθίας
3525 919 3693 985 παρῆν
3745 912 3882 983 (90),
3915 915 3939 963 ό

2333 1000 2618 1074 κληρωθεὶς
2666 999 2779 1053 ἀντὶ
2829 1009 2921 1053 τοῦ
2965 1002 3326 1075 Ἰσκαριώτου,
3382 1003 3770 1074 συνηρίθμησεν
3829 998 3936 1059 ἤδη

2333 1097 2421 1142 καὶ
2451 1099 2651 1155 τοῦτον,
2691 1093 2760 1151 ὡς
2818 1089 3388 1161 συγκαταψηφισθέντα
3417 1093 3547 1160 μετά
3599 1095 3698 1141 τῶν
3753 1086 3939 1143 ἕνδεκα

2333 1177 2433 1232 ἀπο
2441 1180 2633 1232 στόλων
2644 1225 2654 1234 .

2402 1357 2656 1424 Λέγοντας
2679 1385 2744 1394 --
2777 1361 2980 1426 Σίμωνι.
3010 1359 3248 1413 Ζήτησον
3281 1353 3426 1417 αὖθις
3457 1355 3504 1408 ἐν
3552 1366 3622 1428 τῷ
3659 1357 3936 1429 τελευταίῳ

2328 1443 2581 1514 κεφαλαίῳ
2630 1452 2721 1496 τοῦ
2747 1448 2882 1497 κατὰ
2908 1448 3117 1518 Μάρκον
3149 1450 3206 1498 τό
3243 1464 3254 1474 ”
3289 1450 3433 1498 Μετὰ
3459 1443 3515 1498 δὲ
3549 1454 3717 1499 ταῦτα
3774 1444 3935 1499 δυσὶν

2327 1532 2380 1594 ἐξ
2432 1533 2598 1585 αὐτῶν
2644 1542 3020 1606 περιπατοῦσιν
3075 1534 3363 1607 ἐφανερώθη
3425 1535 3476 1587 ἐν
3535 1536 3683 1610 ἑτέρᾳ
3733 1544 3932 1610 μορφῇ,

2323 1628 2664 1697 πορευόμενος
2701 1623 2765 1684 εἰς
2803 1623 2980 1695 ἀγρόν,
3013 1630 3102 1676 καὶ
3136 1623 3201 1675 τᾶ
3239 1625 3376 1687 ἔξὴς.
3409 1631 3508 1678 Καὶ
3554 1624 3812 1697 ἀνάγνωθι
3837 1630 3936 1684 τὴν

2325 1711 2574 1782 ἐξήγησιν
2607 1713 2773 1764 αὐτῶν
2813 1716 2947 1765 πάνυ
2989 1715 3429 1786 χρησιμεπυσαν
3493 1723 3566 1785 τῷ
3611 1718 3934 1788 προκειμένῳ

2252 1825 2290 1878 Β
2321 1803 2488 1876 ῥητῷ-

2398 1897 2495 1944 Καὶ
2524 1890 2673 1943 αὑτοὶ
2740 1923 2807 1930 -
2866 1893 3005 1964 ὑμῖν.
3038 1893 3249 1965 Ἐφεξῆς
3303 1893 3405 1945 ἐκεῖ
3434 1898 3522 1946 καὶ
3574 1899 3687 1966 περὶ
3733 1896 3932 1946 τούτων

2321 1981 2557 2054 εὑρήσεις
2609 1980 2744 2055 Ὀρα
2795 1977 2854 2034 δε
2893 1983 3091 2034 ὃτικαι
3144 1979 3432 2054 ἀποδημῶν
3487 1982 3692 2057 εἰρήνην
3745 1983 3933 2044 αὐτοῖς

2321 2068 2532 2137 ἀφῆκεν,
2557 2073 2620 2129 ὡς
2659 2072 2684 2121 ό
2718 2071 2957 2130 Ἰωάννης
3005 2070 3219 2144 ἔγραψε,
3252 2077 3340 2123 καὶ
3370 2068 3517 2133 αὖτις
3561 2069 3928 2145 ἐπιδημήσας,

2320 2159 2523 2230 εἰρήνην
2548 2156 2769 2212 δίδωσιν
2801 2177 2811 2188 ·
2845 2161 3068 2235 εἰρήνην,
3131 2165 3188 2213 τό
3237 2160 3403 2232 γλυκὺ
3430 2164 3518 2212 καὶ
3566 2167 3786 2236 πρᾶγμα
3837 2167 3933 2214 καὶ

2319 2253 2494 2320 ὄνομα.

2391 2429 2704 2487 [Ιτοηθέντες
2761 2458 2826 2466 -
2876 2429 3017 2499 ὑμῶν
3075 2445 3088 2494 ;
3158 2460 3211 2468 -—
3281 2429 3615 2492 Πτοηθέντες,
3669 2432 3784 2487 ἤτοι
3837 2449 3936 2481 τα-

2317 2519 2592 2589 ραχθέντες
2628 2537 2637 2546 ·
2677 2512 3014 2588 διαλογισμοὶ
3059 2514 3117 2569 δὲ
3172 2517 3452 2576 ἀνέϐαινον,
3486 2523 3600 2588 περὶ
3661 2527 3752 2569 τοῦ
3795 2517 3932 2570 εἶναι

2319 2614 2518 2678 πνεῦμα
2557 2609 2613 2657 τὸ
2646 2607 2918 2678 ὁρώμενον,
2975 2611 3136 2677 ἤγουν
3169 2609 3371 2679 φάσμα.
3408 2604 3637 2670 Ἔδειξεν
3689 2604 3797 2674 οὑν,
3830 2614 3929 2660 καὶ

2318 2697 2396 2747 ὅτι
2453 2691 2887 2766 καρδιογνώστης
2965 2694 3123 2748 ἐστίν.
3186 2694 3312 2748 Εἶτα
3381 2693 3576 2749 δίδωσι
3657 2702 3747 2749 καὶ
3804 2698 3934 2749 ἄλλο

2317 2789 2618 2858 τεκμήριον.

2386 2956 2552 3012 Ἴδετε
2579 2991 2645 2999 —
2678 2959 2803 3031 εἰμί.
2859 2965 2958 3012 Καὶ
2995 2968 3104 3020 πῶς
3152 2959 3253 3012 ἀπὸ
3293 2962 3489 3012 τούτων
3539 2961 3740 3034 ἔμελλον
3767 2962 3931 3015 αὑτὸν

2312 3050 2586 3122 γνωρίζειν
2617 3067 2628 3117 ;
2672 3054 2815 3101 Διότι
2836 3052 2928 3110 τὰς
2967 3047 3068 3100 ἀπὸ
3099 3058 3197 3100 τῶν
3230 3049 3364 3108 ἥλων
3416 3047 3720 3124 διατρὴσεις
3751 3051 3928 3124 ἔφερον

2235 3175 2275 3232 C
2311 3141 2403 3192 ἔτι.

2383 3228 2732 3300 Ψηλαφήσατε
2764 3261 2828 3268 —-
2853 3231 3062 3300 ἔχοντα.
3101 3228 3315 3302 Ψηλαφή
3328 3249 3450 3282 σατε
3474 3225 3530 3282 δι
3557 3227 3722 3302 ἐπαφῆ
3735 3251 3775 3291 ς.

3690 3403 3790 3460 Ἐδ
3797 3409 3876 3472 ειξ
3881 3430 3927 3461 εν

2310 3496 2484 3556 αὐτοῖς
2526 3499 2618 3557 τὰς
2681 3504 2868 3570 χεῖρας
2926 3501 3014 3548 καὶ
3072 3501 3166 3554 τὴν
3233 3496 3455 3571 πλευρὰν
3527 3499 3705 3550 αὑτοῦ.
3774 3504 3929 3571 11ρώ-

2387 3411 2484 3459 Καὶ
2543 3403 2822 3467 -πόδας,
2891 3408 3132 3469 Ἰωάννης
3197 3403 3255 3459 δέ
3315 3426 3475 3478 φησιν
3534 3409 3612 3459 ὃτι

2310 3605 2394 3637 τον
2427 3588 2515 3656 μεν
2541 3587 2642 3658 γὰρ
2677 3582 2838 3647 ἔδειξε
2868 3588 2957 3645 τὰς
2996 3593 3183 3658 χεῖρας
3231 3591 3321 3637 καὶ
3373 3592 3466 3644 την
3523 3586 3765 3660 πλευρὰν,
3810 3583 3928 3639 εἶτα

2307 3679 2426 3736 τοὺς
2452 3670 2639 3735 πόδας,
2683 3673 2951 3748 νΕκάτερος
3003 3671 3060 3726 δὲ
3114 3684 3213 3726 τῶν
3262 3674 3661 3746 εὐαγγελιστών,
3720 3673 3804 3746 ἀφ’
3854 3676 3926 3727 ὧν

2309 3759 2465 3826 εἶπεν,
2499 3761 2698 3834 ἐνέφηνε
2727 3768 2816 3814 καὶ
2846 3766 2902 3815 τό
2925 3768 3483 3836 παρασεσιωπημένον,
3531 3768 3599 3827 ὡς
3628 3761 3735 3823 ἤδη
3787 3772 3924 3835 γνώ-

2307 3871 2480 3925 ριμον.

2379 3939 2495 3992 Ἔτι
2515 3972 2584 3979 -
2607 3940 2994 4013 θαυμαζόντων.
3013 3943 3172 3995 Εἶωθε
3192 3944 3294 4014 γὰρ
3312 3951 3464 3996 τοῦτο
3479 3941 3724 4004 πολλάκις
3743 3947 3922 4015 γίνεσ-

2311 4032 2416 4084 θαι.

2382 4115 2532 4170 Εἶπεν
2557 4151 2614 4159 -
2648 4121 2850 4190 ἔφαγεν.
2886 4120 3007 4192 Οὐχ
3056 4122 3124 4181 ὡς
3172 4123 3246 4172 ἔτι
3278 4118 3511 4194 δεόμενος
3547 4129 3707 4196 τροφὴ
3721 4142 3760 4188 ς,
3787 4120 3919 4175 ἀλλὰ

2309 4211 2432 4279 πρὸς
2455 4207 2661 4259 πλείονα
2686 4212 2884 4272 πίστιν,
2928 4215 3017 4261 καὶ
3050 4208 3386 4282 βεϐαιοτέραν
3433 4207 3701 4272 ἀπόδειξιν
3724 4218 3816 4263 τοῦ
3838 4218 3914 4284 μὴ

2309 4293 2480 4349 δοκεῖν
2509 4299 2691 4368 φάσμα
2721 4299 2855 4364 (91).
2883 4297 3082 4369 Ὥσπερ
3127 4295 3184 4350 δε
3216 4300 3486 4373 ὑπερφυῶς
3532 4302 3734 4371 ἔφαγεν,
3778 4302 3916 4352 οὑτω

2305 4391 2394 4438 καὶ
2425 4388 2697 4460 ὑπερφυῶς
2728 4385 3008 4452 ἀνάλωσεν,
3041 4388 3168 4460 άπερ
3216 4390 3394 4459 ἔφαγε.
3457 4394 3568 4462 Χρὴ
3619 4386 3678 4442 δὲ
3721 4396 3909 4460 γινώσ-

2304 4495 2407 4527 κειν
2436 4477 2514 4526 ὅτι
2544 4480 2608 4527 τὰ
2638 4477 2748 4526 κατ’
2776 4476 3069 4549 οἰκονομίαν
3118 4479 3234 4528 τινὰ
3257 4482 3501 4550 γινόμενα
3549 4480 3662 4550 (92)
3691 4481 3790 4531 ὑπὸ
3818 4488 3912 4532 τοῦ

521 4538 989 4634 quod—quaedam
1011 4577 1045 4614 a
1065 4559 1370 4615 Salvatore
1402 4558 1835 4630 dispensatorie
1865 4556 2040 4620 facta,
2068 4572 2186 4611 non

2318 4571 2538 4638 Σωτῆρος
2570 4564 2663 4616 οὑκ
2690 4564 2792 4616 εἰσὶ
2840 4571 3002 4616 κανὼν
3037 4571 3126 4618 καὶ
3159 4568 3272 4640 ὅρος
3311 4576 3403 4628 τῆς
3456 4571 3657 4639 φύσεως
3687 4589 3697 4599 ·
3734 4567 3911 4630 οὐδεὶς

523 4657 662 4706 sunt
679 4651 888 4720 regula
912 4666 980 4705 ac
1000 4648 1370 4721 praescriptio
1386 4656 1612 4703 natura;
1647 4664 1659 4714 ;
1682 4647 1879 4702 nullus
1893 4647 2185 4718 siquidem

519 4738 672 4795 alius
705 4744 838 4810 post
869 4737 1134 4807 corporis
1157 4736 1662 4792 immortalitatem
1686 4735 1988 4790 cicatrices
2007 4734 2183 4790 habe-

518 4827 619 4893 bit,
655 4833 757 4884 aut
796 4826 998 4882 cibum
1028 4831 1242 4881 sumet.

592 4919 747 4973 Vers.
811 4920 903 4973 44.
951 4915 1118 4971 Dixit
1162 4945 1230 4955 —
1261 4915 1576 4971 vobiscum.
1629 4914 1902 4984 Suggerit
1937 4930 2179 4986 quoque

512 5007 626 5065 illis
653 5023 724 5064 ea
754 5023 890 5080 quas
941 5003 1289 5078 praedixerat
1317 5004 1391 5060 de
1421 5021 1482 5059 se
1517 5007 1670 5075 ipso,
1726 5009 1790 5059 ut
1839 5004 2007 5059 etiam
2042 5003 2177 5060 hinc

511 5102 844 5169 agnoscant
872 5094 1035 5169 quod
1065 5093 1194 5166 ipse
1234 5094 1326 5149 sit.
1377 5094 1440 5148 Hi
1493 5098 1648 5156 sunt,
1703 5093 1916 5165 inquit,
1949 5109 2176 5150 sermo-

581 5276 787 5333 1Joan.
823 5287 924 5340 xx,
976 5272 1063 5328 24.
1170 5276 1191 5309 ³
1222 5273 1405 5330 Marc.
1449 5287 1566 5337 XVI,
1609 5273 1692 5326 12.

1771 5277 1789 5307 ³
1831 5273 1979 5328 Joau
2012 5316 2023 5328 .
2054 5280 2171 5341 xvi,
2197 5275 2285 5330 27.

2297 4657 2398 4727 γὰρ
2419 4655 2578 4726 ἔτερος
2608 4657 2739 4726 μετὰ
2790 4659 2884 4712 τὴν
2931 4655 3228 4726 ἀφθαρσίαν
3277 4665 3364 4707 τοῦ
3408 4663 3644 4728 σώματος
3696 4658 3910 4720 ὠτειλὰς

2296 4741 2414 4808 ἔξει,
2448 4744 2476 4801 ᾖ
2514 4741 2714 4815 βρῶσιν
2744 4750 3092 4816 προσήσεται.

2363 4915 2487 4971 Εἶπε
2538 4951 2604 4960 -—
2655 4925 2748 4972 σὺν
2800 4922 2940 4994 ὑμῖν.
3007 4924 3416 4996 Ἀναμιμνὴσκει
3465 4923 3646 4984 αὐτοὺς
3693 4926 3784 4975 καὶ
3827 4923 3900 4974 ὧν

3079 5013 3161 5063 ἵνα
3219 5011 3488 5066 κάντεῦθεν
3561 5020 3747 5086 γνοῖεν,
3820 5014 3903 5066 ὅτι

3000 5105 3182 5173 φησὶν,
3241 5102 3372 5154 εἰσιν
3455 5105 3505 5156 οἱ
3579 5103 3747 5176 λόγοι,
3813 5101 3902 5165 οὓς

2289 5008 2532 5080 προέλεγε
2607 5015 2722 5081 περὶ
2781 5009 2986 5082 ἑαυτοῦ,

2284 5097 2440 5161 αὑτός
2509 5097 2640 5155 ἐστι.
2723 5095 2902 5167 Οὗτοι,

2418 5278 2584 5332 Joan.
2621 5294 2714 5344 xx,
2741 5279 2829 5335 20.

1731 5479 1957 5551 Variae
1981 5480 2313 5550 lectiones
2340 5492 2405 5550 et
2443 5492 2648 5555 notae.

713 5703 812 5781 Ἦν
845 5722 956 5778 pro
986 5712 1160 5781 παρῆν
1196 5707 1261 5763 Α.

573 5777 681 5848 (91)
715 5777 999 5849 Φάντασμσ
1046 5777 1101 5834 Β.

2347 5705 2466 5780 (92)
2494 5710 2743 5782 Γενόμενα
2768 5714 2826 5767 Β,
