4128 6392
221 541 452 600 ἐλάλησα
539 545 669 615 πρὸς
756 540 889 610 ὑμᾶς
965 541 1038 590 ἔτι
1113 539 1180 588 ὡν
1272 541 1365 589 σὺν
1441 538 1582 608 ὑμῖν·

223 639 360 684 ποῖοι
385 649 398 696 ;

291 728 384 772 Οτι
431 750 496 759 —
550 718 910 790 Ἰερουσαλήμ.
947 718 1281 790 Ἀρξάμενον,
1339 721 1394 769 τὸ
1455 717 1819 790 κηρυχθῆναι,

221 808 481 869 δηλονότι.

289 900 457 972 Ὑμεῖς
489 930 544 938 -—
586 917 800 950 τουτων.
833 904 936 950 Τοῦ
965 899 1185 962 πάθους,
1213 902 1302 950 καὶ
1327 906 1416 956 τῆς
1464 895 1818 963 ἀναστάσεως,

219 993 304 1040 καὶ
340 998 429 1048 τῆς
460 988 582 1050 ὅλης
612 987 908 1058 οἰκονομίας
949 1006 1072 1058 μου.

293 1083 392 1131 Καὶ
446 1109 512 1117 -
561 1078 714 1148 ὑμᾶς.
772 1075 1106 1146 Ἐπαγγεὶίαν
1154 1085 1246 1127 τοῦ
1298 1078 1503 1149 Πατρός
1553 1075 1714 1127 αὐτοῦ
1744 1074 1819 1126 λέ-

219 1187 319 1239 γει,
351 1172 444 1225 τὴν
500 1185 550 1218 εν
592 1163 718 1218 εῖδει
763 1170 989 1239 πυρίνων
1038 1164 1293 1236 γλωσσῶν
1344 1163 1674 1236 ἐπιφοίτησιν
1732 1173 1824 1216 τοῦ

219 1257 374 1328 ἁγίου
424 1257 739 1326 Πνεύματος.
803 1255 1181 1324 Ἐπηγγείλατο
1220 1257 1320 1326 γὰρ
1367 1257 1560 1311 ταύτην
1602 1250 1694 1305 διὰ
1732 1263 1824 1306 τοῦ

220 1351 486 1421 προφήτου
522 1344 690 1413 Ἰωήλ,
726 1345 1007 1417 εἰρηκότος.
1048 1349 1146 1395 Καὶ
1174 1346 1324 1395 ἔσται
1357 1342 1402 1394 ἐν
1432 1351 1544 1404 ταῖς
1572 1341 1826 1414 ἐσχάταις

218 1438 458 1508 ἡμέραις.
515 1434 649 1504 λέγει
706 1437 894 1508 Κύριος
943 1435 1336 1507 παντοκράτωρ,
1380 1431 1546 1503 ἐκχεώ
1598 1430 1698 1483 ἀπὸ
1735 1441 1825 1485 τοῦ

220 1527 520 1596 Πνεύματὸς
543 1543 643 1594 μου
671 1522 753 1575 ἐπὶ
785 1529 957 1574 πᾶσαν
1002 1525 1191 1596 σάρκα,
1239 1518 1446 1580 δηλαδὴ
1479 1528 1571 1579 τὴν
1604 1521 1826 1574 ἀποστο-

218 1615 369 1672 λικήν
398 1617 818 1686 προηγουμένως.

552 1730 615 1743 -
703 1701 890 1772 ὕψους.
961 1700 1256 1772 Διατριϐετε
1347 1705 1394 1752 ἐν

291 1703 456 1775 ’Υμεῐς
552 1730 615 1743 -
703 1701 890 1772 ὕψους.
961 1701 1256 1772 Διατριϐετε
1347 1705 1394 1752 ἐν
1489 1701 1825 1774 Ἰερουσαλὴμ

219 1791 540 1863 ἀχώριστοι,
570 1788 664 1842 διὰ
687 1796 780 1847 την
812 1794 884 1842 ἔτι
912 1790 1176 1842 ἀσθένειαν
1212 1795 1300 1841 καί
1325 1787 1519 1841 didior;
1543 1792 1704 1862 ὑμῶν,
1739 1791 1826 1851 ἓως

1294 405 1664 467 COMMENT.
1708 407 1776 464 IN
1818 400 2087 464 LUCAM.
2123 441 2188 452 —-
2217 410 2371 467 CAP.
2405 409 2609 471 XXIV.

1663 533 1823 586 Οὗτοι
1859 536 1902 588 Α
1935 551 2064 602 nes,
2098 551 2254 609 quos
2284 537 2519 598 locutus
2549 556 2686 599 sum
2715 541 2795 600 ad
2824 557 2956 608 vos,
2989 555 3130 598 cum
3168 539 3370 598 adhuc
3399 556 3595 599 essem

3454 413 3596 474 1102

1935 624 2267 683 vobiscum.
2309 628 2397 698 Hi,
2439 629 2651 703 quales
2682 629 2712 685 ?

2006 714 2168 770 Vers.
2223 716 2312 774 44.
2357 718 2522 784 Quod
2558 750 2629 762 —
2665 720 2832 778 Vers.
2884 722 2976 779 47.
3033 721 3494 793 Hierosolymis.
3534 723 3600 778 In

1933 803 2323 876 prmdicaudo
2358 808 2651 866 videlicet.

2004 895 2163 950 Vers.
2187 897 2277 952 48.
2315 898 2420 954 Vos
2447 929 2512 941 -
2537 899 2758 957 horum.
2791 900 3092 958 Passionis
3117 917 3189 959 ac
3208 902 3604 961 Resurrectio-

1932 982 2045 1049 nis,
2080 984 2384 1058 totiusque
2423 1004 2568 1045 mea;
2613 988 3098 1061 dispensationis.

2001 1072 2168 1130 Vers.
2199 1077 2288 1132 49.
2326 1077 2399 1131 Et
2435 1108 2487 1118 —-
2524 1094 2636 1134 vos.
2669 1077 2864 1137 Patris
2895 1079 2988 1135 sui
3020 1080 3390 1153 promissum
3416 1085 3596 1140 vocat

1934 1161 2190 1234 Spiritus
2228 1167 2417 1221 sancti
2443 1165 2504 1222 in
2536 1169 2735 1240 specie
2773 1167 3095 1238 ignitarum
3124 1168 3475 1243 linquarum
3503 1171 3606 1228 de-

1936 1251 2314 1308 scensionem
2369 1269 2382 1319 ;
2414 1270 2559 1310 nam
2606 1255 2761 1312 hanc
2792 1256 3064 1328 promisit
3110 1272 3217 1330 per
3244 1257 3604 1331 prophetam

1935 1339 2084 1406 Joel,
2103 1342 2204 1414 qui
2235 1341 2382 1400 dixit
2411 1345 2522 1400 :Et
2549 1347 2656 1402 erit
2679 1345 2740 1400 in
2768 1345 2966 1402 diebus
2980 1345 3106 1403 illis
3134 1349 3489 1415 novissimis,
3516 1349 3602 1404 ait

1936 1431 2224 1488 Dominus
2250 1435 2640 1502 omnipotens,
2661 1435 2896 1505 e/fundo
2924 1435 2992 1491 de
3015 1435 3249 1506 Spiritu
3276 1452 3402 1494 meo
3424 1453 3606 1508 super

1937 1536 2164 1578 omnem
2212 1537 2448 1580 camem
2503 1525 2572 1590 5;
2624 1525 2924 1598 pracipue
2983 1524 3253 1583 videlicet
3315 1525 3602 1600 apostoli-

1936 1625 2092 1666 cam.

2007 1697 2172 1754 Vers.
2213 1697 2301 1752 49.
2351 1698 2454 1752 Vos
2489 1729 2553 1738 —
2601 1699 2746 1756 alto.
2794 1700 3242 1758 Conversamini
3273 1700 3448 1758 simul
3478 1701 3608 1759 Hie-

1937 1784 2278 1856 rosolymis,
2305 1802 2424 1842 non
2443 1789 2691 1860 separati
2709 1793 2946 1860 propter
2968 1789 3454 1857 imbecillitatem,
3475 1807 3604 1865 qua

221 1881 281 1934 οὗ
321 1878 636 1944 ἐνδύσησθε,
679 1877 834 1938 δίκην
860 1880 1164 1943 πανοπλίας,
1194 1877 1416 1950 δύναμιν
1445 1879 1496 1942 ἐξ
1522 1879 1708 1950 ὕψους,
1737 1889 1824 1932 τοῦ
1860 1897 1874 1950 ι

1957 1874 2452 1941 idhuctenemini,
2477 1882 2530 1932 et
2557 1877 2831 1934 timorem
2851 1882 3139 1944 vestrum,
3167 1879 3372 1952 quoad
3411 1896 3604 1954 usque

219 1972 462 2043 οὐρανοῦ,
502 1970 531 2029 ἡ
557 1978 648 2032 τῆς
681 1972 936 2037 Θεότητος,
961 1967 1055 2021 διὰ
1085 1978 1175 2029 τῆς
1207 1966 1536 2030 δηλωθείσης
1559 1969 1827 2041 ἐπιφοιτη-

223 2079 354 2121 σεως
383 2068 470 2112 τοῦ
505 2059 657 2130 ἁγίου
691 2061 1000 2130 Πνευματος.

292 2238 542 2310 Ἐξήγαγε
596 2269 661 2278 —
722 2238 998 2294 Βηθανίαν.
1053 2236 1127 2288 Οὐ
1182 2242 1314 2301 τότε,
1373 2236 1478 2288 ἀλλ’
1534 2236 1668 2310 ἐντῇ
1703 2257 1820 2290 τεσ-

225 2335 524 2400 σαρακοστῇ
578 2329 747 2401 ἡμέρᾳ
795 2328 922 2398 μετὰ
964 2331 1057 2384 τὴν
1090 2324 1398 2378 ἀνάστασιν·
1434 2330 1498 2378 τὰ
1540 2330 1640 2400 γὰρ
1675 2327 1722 2380 ἐν
1754 2337 1824 2398 τῷ

220 2422 365 2488 μέσῳ
396 2414 727 2492 παρέδραμεν
761 2418 785 2468 ὁ
814 2416 1159 2486 εὐαγγελιστή
1173 2437 1214 2477 ς.

297 2513 396 2560 Καὶ
453 2538 521 2546 -—
568 2507 800 2579 οὐρανόν.
850 2505 1072 2577 Νεφέλης
1111 2505 1474 2568 ὐπολαϐούσης
1535 2507 1708 2570 αὐτὸν,
1756 2509 1824 2570 ὡς

222 2599 247 2649 ό
306 2601 481 2670 παρὼν
529 2595 903 2666 εὐαγγελιστης
961 2593 1182 2666 ἔγραψεν
1252 2594 1302 2646 ἐν
1371 2603 1430 2668 τῇ
1504 2593 1672 2668 βίϐλῳ
1725 2606 1823 2649 τῶν

222 2685 578 2738 ἅποστολικῶν
607 2684 865 2757 Πράξεων.

299 2780 399 2829 Καὶ
447 2806 514 2814 -
567 2775 810 2846 μεγάλης.
874 2777 1017 2826 Μετὰ
1073 2779 1249 2847 χαρᾶς
1301 2773 1548 2845 μεγάλης,
1594 2770 1687 2826 διὰ
1732 2781 1824 2834 τὴν

223 2865 512 2918 ἀνάστασιν
567 2864 750 2932 αὐτοῦ,
802 2868 892 2914 καὶ
946 2859 1039 2914 διὰ
1065 2867 1157 2920 τὴν
1186 2858 1379 2914 ἐλπίδα
1420 2871 1510 2922 τῆς
1558 2864 1826 2936 εἰρημένης

221 2954 550 3026 ἐπαγγε)ίας.
593 2953 671 3012 Ἐν
719 2961 780 3024 τῇ
835 2949 1130 3025 δηλωθείσης)
1178 2949 1236 3004 δε
1291 2950 1456 3024 βίϐλῳ
1510 2957 1819 3026 γέγραπταιο

222 3048 302 3097 ὅτι
334 3042 660 3116 ὑπέστρεψαν
687 3043 758 3104 εἰς
786 3041 1121 3116 Ἰερουσαλὴμ
1148 3041 1248 3093 ἀπὸ
1280 3046 1426 3114 ιῇοους
1455 3050 1547 3094 τοῦ
1577 3042 1824 3114 καλουμέ-

221 3155 309 3186 νου
371 3133 658 3194 Ἐλαιῶνος.
709 3131 866 3192 Δῆλον
911 3131 1018 3195 οὖν,
1063 3134 1138 3182 ὅτι
1201 3132 1313 3202 (93)
1374 3137 1701 3202 προσάνωται
1759 3140 1819 3204 τῇ

227 3225 454 3293 Βηθανία
482 3225 539 3273 τὸ
571 3226 689 3294 ὄρος
718 3230 813 3272 τὴν
835 3219 1072 3272 Ἐλαιῶν.

295 3317 395 3365 Καὶ
444 3308 576 3369 ἦσαν
633 3342 701 3350 -
761 3314 908 3362 Θεὸν.
942 3309 1111 3364 Ἦσαν
1143 3305 1234 3360 διὰ
1261 3314 1449 3370 παντὸς
1499 3309 1544 3361 ἐν
1575 3319 1646 3380 τῷ
1681 3313 1820 3384 ἱερῷ,

219 3404 356 3452 κατὰ
393 3405 514 3462 τοὺς
559 3403 776 3472 καιροὺς
827 3396 1069 3456 δηλονότι
1117 3407 1214 3450 τῶν
1249 3399 1526 3464 συνάξεων,
1579 3402 1660 3452 ὅτε
1692 3397 1821 3452 εἶναι

217 3491 267 3542 ἐν
303 3490 442 3560 αὐτῷ
469 3488 604 3552 ἐξῆν.

290 3585 492 3632 Γένοιτο
551 3575 609 3630 δὲ
635 3582 725 3629 καί
769 3579 907 3650 ἡμᾶς
939 3574 1031 3630 διὰ
1076 3580 1264 3638 παντὸς
1284 3577 1439 3630 αἰνεῖν
1471 3583 1560 3630 καὶ
1600 3578 1820 3650 εὐλογεῖν

213 3673 300 3722 τὸν
330 3672 479 3733 Θεὸν,
533 3675 623 3720 καὶ
653 3666 814 3728 οὕτως
844 3667 1004 3742 εὑρεῖν
1063 3667 1202 3728 τέλος
1232 3675 1328 3730 τῆς
1367 3671 1640 3741 παρούσης
1684 3669 1821 3729 ζωῆς

213 3755 324 3815 ἡδὺ
353 3761 442 3809 καὶ
468 3759 750 3830 μακάριον,
806 3756 853 3808 ἐν
884 3764 1098 3831 Χιρστῷ
1124 3756 1298 3814 ἰησοῠ
1339 3765 1410 3828 τῷ
1443 3762 1616 3832 Κυρίῳ
1648 3759 1818 3829 ἡμῶν.

212 3848 404 3918 Ἀμην.

491 3935 644 3997 Τέλος
671 3942 764 3988 τοῦ
798 3936 933 3988 κατὰ
963 3940 1171 3988 Λουκᾶν
1211 3933 1546 4007 Εὐαγγελίου.

285 4063 306 4096 ⁵
335 4059 462 4116 Joel
515 4076 574 4126 ιι,
609 4063 695 4116 28.
775 4062 796 4096 ⁸
827 4063 953 4116 Act.
996 4077 1031 4126 ι,
1067 4062 1118 4114 9.
1197 4059 1391 4116 71bid.
1431 4064 1516 4116 l2.

1934 1964 2294 2032 induamini,
2327 1965 2388 2020 in
2427 1965 2678 2022 modum
2723 1973 3068 2035 armatum,
3118 1969 3329 2026 virtute
3373 1985 3443 2026 ex
3471 1968 3594 2026 alto

1936 2051 2106 2118 coelo,
2140 2053 2233 2109 vel
2253 2055 2372 2110 alta
2395 2054 2703 2112 divinitate
2733 2056 2840 2128 (cc)
2861 2072 2966 2130 per
2987 2058 3340 2130 pradictam
3361 2057 3603 2130 spiritus

1937 2143 2120 2199 sancti
2151 2143 2633 2202 descensionem.

2008 2232 2169 2288 Vers.
2213 2237 2301 2291 50.
2321 2234 2550 2290 Eduxit
2582 2265 2649 2275 —
2687 2233 3071 2294 Bethaniam.
3131 2237 3260 2294 Non
3290 2240 3455 2305 tunc,
3495 2237 3604 2296 sed

1933 2321 2405 2394 quadragesimo
2431 2322 2526 2380 die
2559 2328 2694 2396 post
2719 2325 3216 2382 resurrectionem
3245 2341 3259 2394 ;
3285 2342 3450 2393 nam,
3469 2343 3606 2401 quas

1936 2405 2172 2467 interim
2210 2410 2364 2468 facta
2393 2417 2550 2479 sunt,
2578 2414 2976 2485 praetermittit
3003 2415 3386 2486 evangelista.

2007 2500 2175 2557 Vers.
2218 2504 2306 2556 50.
2339 2502 2513 2558 Ει-
2571 2500 2733 2559 Vers.
2806 2508 2894 2558 51.
2947 2504 3178 2561 caelum.
3230 2505 3604 2578 Suscipiente

1935 2589 2099 2646 illum
2114 2590 2295 2660 nube,
2316 2589 2493 2647 veluti
2512 2592 2748 2660 scripsit
2765 2608 3036 2665 prasens
3059 2593 3434 2665 evangelista
3448 2594 3604 2654 libro

1938 2679 2402 2752 apostolicarum
2425 2681 2744 2738 Actionum
2772 2683 2814 2737 ⁸.

2007 2770 2168 2824 Vers.
2183 2769 2272 2823 52.
2287 2771 2365 2825 Et
2380 2801 2448 2811 —
2460 2787 2698 2842 magno.
2715 2772 2864 2828 Cum
2879 2771 3104 2844 gaudio
3117 2788 3345 2844 magno
3357 2778 3602 2847 propter

1935 2858 2092 2914 illius
2117 2859 2632 2926 resurrectionem,
2675 2865 2731 2916 et
2786 2865 3025 2932 propter
3060 2877 3232 2934 spem
3261 2862 3430 2919 dictae
3460 2879 3599 2936 pro-

1937 2948 2245 3004 missionis.
2261 2948 2324 3003 In
2338 2948 2494 3004 dicto
2512 2954 2711 3004 autem
2729 2949 2882 3005 libro
2899 2950 3184 3022 scriptum
3199 2955 3311 3016 est,
3327 2953 3490 3024 quod
3510 2968 3601 3010 re-

1934 3038 2118 3107 gressi
2137 3043 2275 3092 sunt
2297 3037 2698 3109 Hierosolyma
2723 3054 2758 3094 a
2783 3044 2988 3094 monte
3017 3039 3116 3110 qui
3138 3044 3387 3096 vocatur
3407 3039 3603 3098 Oliva-

1931 3129 2121 3184 rum".
2139 3126 2635 3184 Manifestandum
2649 3143 2789 3200 ergo
2801 3129 3064 3201 estquod
3077 3127 3385 3186 Bethania
3397 3130 3600 3187 unitus

1864 3253 1902 3307 Ο
1937 3218 2009 3273 sit
2050 3233 2223 3272 mons
2264 3215 2586 3272 Olivarum.

2007 3307 2166 3362 Vers.
2208 3311 2295 3362 53.
2327 3307 2636 3378 Erantque
2674 3338 2743 3348 —
2771 3309 2980 3364 Deum.
3009 3305 3402 3380 Temporibus
3431 3307 3596 3365 vide-

1931 3396 2084 3462 licet,
2117 3396 2334 3468 quibus
2365 3396 2713 3465 congregari
2763 3396 2954 3452 solent
3008 3413 3020 3453 :
3063 3401 3232 3453 erant
3257 3413 3493 3469 semper
3531 3397 3595 3454 in

1931 3484 2435 3558 templo,quando
2454 3485 2512 3539 in
2537 3500 2606 3539 eo
2631 3483 3012 3542 esselicebat.

2001 3576 2234 3631 Utinam
2263 3581 2459 3630 autem
2485 3581 2541 3629 et
2563 3590 2671 3630 nos
2694 3575 2881 3630 Deum
2909 3590 3145 3647 semper
3175 3573 3494 3631 laudemus
3517 3591 3589 3632 ac

1928 3665 2376 3734 benedicamus,
2394 3668 2451 3719 et
2468 3664 2545 3720 ita
2564 3664 2745 3720 ﬁnem
2768 3664 3080 3737 prassentis
3098 3663 3234 3720 vita:
3251 3663 3595 3735 jucundum

1928 3773 1998 3812 ac
2025 3755 2274 3812 beatum
2299 3753 2680 3810 inveniamus
2703 3769 2810 3828 per
2833 3755 3034 3811 Iesum
3066 3753 3366 3813 Christum
3399 3753 3597 3812 Domi-

1928 3860 2077 3901 num
2117 3847 2414 3900 nostrum.
2449 3847 2660 3899 Amen.

2218 3931 2375 3988 Finis
2387 3931 2694 4004 Evangelii
2709 3932 3044 3990 secundum
3061 3934 3305 3990 Lucam.

1470 4184 1689 4253 Variae
1707 4184 2032 4254 lectiones
2055 4194 2115 4251 et
2140 4193 2338 4250 notae.

286 4333 404 4406 (93)
459 4329 803 4407 Προσή).ωται
833 4331 908 4396 Α,
941 4329 1159 4402 inepte,

272 4460 393 4528 (cc)
477 4458 632 4514 Caelo
691 4489 744 4498 --
800 4455 1124 4512 divinitate.
1189 4461 1264 4510 Ac
1323 4455 1371 4511 si
1421 4455 1625 4526 legerit
1703 4454 1757 4518 ἐξ
1814 4457 1874 4526 ὑφ

1960 4461 2019 4507 οῦ
2071 4473 2156 4507 και
2217 4453 2422 4524 ὑψηλῆς
2481 4453 2740 4515 Θεὸτητος.
2801 4451 3020 4520 Redde,
3089 4455 3226 4511 cali
3279 4460 3388 4512 aut
3438 4454 3591 4512 divi-

203 4533 442 4590 uitatis.

203 4685 2514 4710 __________________.______.___________

1558 4813 2237 4936 ANONYMI

752 5060 1367 5124 INTERPRETATIO
1415 5058 1540 5140 (94)
1585 5058 1917 5120 DUARUM
1961 5057 2287 5120 ODARUM
2335 5054 2760 5117 EVANGELII
2805 5055 3040 5117 LUC/E

1056 5223 1133 5273 Ex
1165 5221 1347 5273 codice
1375 5219 1508 5270 Bibl.
1540 5218 1629 5270 SS.
1661 5217 1864 5283 Synodi
1896 5218 2237 5283 Mosquensis
2269 5231 2418 5266 num.
2450 5215 2746 5267 CCCXLIV.

935 5441 1086 5494 ὨΔΗ
1122 5445 1248 5495 ΤΗΣ
1282 5441 1639 5492 ΘΕΟΤΟΚΟΥ
1673 5442 1760 5490 ΕΝ
1798 5441 1889 5508 Τῼ
1927 5440 2104 5489 ΚΔΤΔ
2143 5439 2424 5488 ΛΟΥΚΑΝ
2464 5436 2868 5506 ΕΥΔΓΓΕΛῙῼ.

1724 5564 2086 5638 Ἐπίγραμμα.

1296 5668 1517 5731 Τίκτεις,
1543 5662 1785 5737 Μαριὰμ,
1817 5662 1905 5712 τὸν
1945 5659 2269 5734 θεάνθρωπον
2300 5660 2502 5730 Λόγον,

271 5808 390 5878 (94)
423 5801 676 5878 Diversa
700 5793 1012 5878 paululum
1061 5806 1168 5872 seu
1197 5789 1507 5878 copiosior
1526 5789 1810 5878 interpre:

194 5861 349 5938 talio
372 5861 681 5948 Euthymii
705 5861 984 5941 Zigabeni
1010 5861 1511 5934 nomine,’legitur
1533 5861 1732 5920 Latine
1751 5861 1813 5916 in

1920 5784 2288 5915 ῗέὶέιίοὶῂῖἒοα
2338 5781 2606 5843 maxima
2661 5781 2904 5840 Patrum
2954 5779 3152 5854 Lugd.
3207 5778 3326 5838 vol.
3362 5780 3494 5853 XIX,
3536 5793 3600 5852 p.
