4128 6420
460 325 605 387 ιιστ
1793 324 2088 384 EUTHYM

2227 325 2507 383 IGABENI
3702 329 3857 385 1108

537 452 622 529 ιγ’.
662 454 790 530 Περὶ
819 450 887 505 ὧν
924 447 1058 505 εἶπεν
1088 447 1291 513 ’Ῑούδας
1323 452 1460 524 (XII,
1491 454 1563 523 4).
2151 472 2167 508 λ

2151 457 2200 508 Α
2304 452 2389 515 ις’.
2432 458 2557 527 Περὶ
2581 461 2673 506 τοῦ
2696 461 2960 528 νιπτῆρος.
2995 453 3155 525 (XIII,
3189 454 3266 525 3.)

541 542 632 604 ιδ’.
671 546 799 617 Περὶ
843 549 937 595 τοῦ
979 544 1096 595 ὄνου
1141 541 1281 614 (XII,
1318 542 1421 616 14).
1455 545 1561 596 ΜΘ.
1597 543 1672 616 με’
1702 551 1808 619 Μρ.
1850 542 1951 617 λβ.
1986 549 2116 599 Λου.
2304 543 2393 605 ιζ’.
2438 549 2561 618 Περὶ
2582 552 2672 596 τοῦ
2714 543 3076 619 Παρακλήτου.
3113 544 3244 613 (XV.
3273 543 3387 615 26.)

2306 633 2390 691 ιη’.
2461 639 2584 707 Περὶ
2644 641 2739 695 τῆς
2805 633 3058 695 αἰτήσεως
3116 640 3208 685 τοῦ
3270 640 3534 705 Κυριακοῡ
3595 637 3854 705 σώματος

464 635 528 701 ξη

540 674 620 779 ιε’.
647 725 773 796 Περὶ
798 730 897 776 τῶν
923 719 1307 796 προσελθόντων
1339 720 1595 780 Ἐλλήνων
1621 722 1767 795 (XII,
1793 721 1904 795 20).
2231 674 2390 795 (XHI;
2414 674 2658 796 35.33310.
2815 674 2921 796 Μρί
2950 674 3061 796 illa".
3096 729 3224 778 Λου.
3258 674 3373 796 .

471 907 557 961 13.
586 903 671 959 De
696 899 882 959 verbis
910 898 1098 958 Judce.
2238 904 2323 958 16.
2368 902 2452 959 De
2488 902 2693 958 lotione
2723 903 2946 974 pedum.

465 995 557 1048 14.
584 992 669 1049 De
695 991 894 1048 asello.

2238 994 2325 1047 17.
2374 995 2454 1048 De
2480 993 2801 1048 Paraclelo.

466 1082 553 1139 15.
587 1084 673 1141 De
698 1079 914 1138 Grecis
949 1079 1053 1154 qui
1089 1086 1479 1137 accesserunt.
2238 1082 2326 1136 18.
2368 1082 2453 1139 De
2471 1083 2752 1152 petitione
2782 1083 3045 1152 corporis
3075 1080 3329 1139 Domini.

535 1384 1037 1444 INTERPRETA
1055 1384 1185 1441 T10
1220 1383 1664 1441 EVANGELII
1697 1384 2047 1444 JOANNIS.
2503 1394 2842 1442 EPMHNEIA
2881 1395 3013 1441 ΤΟΥ
3049 1395 3223 1442 ΚΑΤΑ
3265 1394 3575 1441 IaANNHN

2821 1483 3256 1535 ΕΥΑΓΙἚΛΙΟΥ.

539 1565 683 1632 Quis
714 1569 870 1621 certe
885 1563 1060 1620 fuerit
1082 1564 1341 1620 Joannes
1366 1564 1734 1634 evangelista
1760 1580 1794 1620 a
1826 1564 2121 1636 prioribus
2156 1607 2169 1662 1

2304 1571 2395 1628 Τίς
2448 1570 2537 1639 μὲν
2586 1564 2646 1625 ἧν
2675 1567 2909 1627 Ἰωάννης
2962 1570 2986 1618 ὁ
3036 1568 3406 1639 εὐηγελιστὴς
3584 1565 3861 1639 ἐμάθομεν

467 1652 854 1725 evangelistis
896 1653 1234 1722 didicimus,
1294 1658 1441 1725 puta
1489 1654 1654 1725 quod
1680 1653 1861 1710 frater
1888 1654 2094 1711 Jacobi

2237 1654 2336 1707 ἀπὸ
2415 1665 2510 1708 τῶν
2583 1656 2938 1728 προλαϐόντων
3012 1657 3406 1729 εὖαγγελίστῶν,
3476 1659 3555 1707 ὅτι
3622 1654 3862 1728 ἀδελφὸς

464 1743 624 1800 ﬁlius
656 1742 945 1809 Zebedazi,
968 1758 1004 1798 a
1042 1741 1176 1798 vico
1202 1742 1523 1798 Bethsaida
1552 1743 1811 1813 regionis
1846 1742 2094 1800 Galilzem

2235 1745 2504 1809 Ἰακώϐου,
2558 1748 2670 1808 υἱὸς
2728 1743 3030 1813 Ζεϐεδαίου,
3081 1754 3259 1818 κώμης
3314 1742 3608 1815 Βηθσαιδα,
3661 1752 3865 1817 χώρας

464 1837 589 1889 arte
618 1832 880 1905 piscator
933 1833 975 1885 ί.
1001 1832 1206 1904 Neque
1235 1837 1435 1887 autem
1466 1831 1654 1903 prius,
1688 1848 1885 1904 neque
1912 1839 2094 1904 postea

2234 1834 2522 1899 Γαλιλαίας,
2605 1841 2698 1893 την
2756 1840 2947 1907 τέχνην
3005 1836 3194 1897 ἁλιεύς.
3251 1839 3383 1887 Οὔτε
3453 1833 3509 1887 δὲ
3572 1841 3857 1908 πρότερον,

462 1922 688 1978 litteras
715 1920 940 1986 didicit,
982 1920 1087 1976 sed
1131 1920 1365 1992 penitus
1412 1920 1600 1976 idiota
1629 1925 1754 1976 erat
1790 1939 1802 1975 :
1854 1926 2092 1977 attamen

2230 1926 2345 1975 οὔτε
2396 1930 2497 1995 μὴν
2548 1926 2761 1997 ὕστερον
2818 1928 3107 1997 γράμματα
3156 1927 3471 1996 μεμάθηκεν,
3529 1924 3655 1975 ἀλλὰ
3710 1945 3858 1976 παν-

462 2011 643 2067 talem
672 2026 811 2066 eum
845 2009 1148 2076 novimus,
1190 2012 1435 2081 qualem
1480 2025 1614 2065 esse
1645 2009 1899 2067 decebat
1926 2010 2092 2068 illum

2230 2012 2385 2073 τελῶς
2444 2010 2662 2077 ἰδιώτης
2713 2011 2794 2073 ἦν.
2864 2014 2999 2071 Πλὴν
3057 2015 3081 2065 ὁ
3137 2022 3364 2073 τοιοῦτος
3423 2012 3613 2084 ἴδωμεν
3668 2015 3858 2075 ὁποῖος

462 2101 567 2175 qui
626 2117 663 2157 a
718 2099 944 2157 Christo
1003 2098 1250 2155 edoctus
1293 2103 1462 2154 esset.
1511 2100 1817 2171 Siquidem
1877 2116 2016 2155 cum
2060 2102 2092 2156 II

2229 2106 2405 2173 γέγονε
2449 2105 2789 2174 μαθητευθεὶς
2840 2113 2911 2174 τῷ
2970 2112 3200 2176 Χριστῷ.
3263 2105 3559 2156 Ἀναπεσὼν
3632 2105 3735 2177 γὰρ
3799 2104 3856 2155 ἐν

463 2205 636 2246 cinna
651 2205 832 2262 super
856 2193 1061 2261 pectus
1094 2187 1329 2244 Domini
1352 2188 1743 2254 recubuisset,
1771 2190 1949 2245 talem
1977 2190 2093 2245 hau

2231 2199 2302 2260 τῷ
2334 2188 2525 2262 δείπνῳ
2556 2190 2637 2243 ἐπὶ
2686 2196 2743 2243 τὸ
2784 2195 2977 2253 στῆθος
3018 2200 3110 2254 τῆς
3158 2197 3339 2265 Σορίας
3386 2192 3591 2243 εἵλκυσε
3619 2200 3851 2262 γνῶσιν,

462 2279 539 2335 sit
554 2278 889 2344 scientiam,
908 2276 1151 2349 qualem
1165 2276 1316 2332 alius
1328 2292 1508 2333 nemo
1527 2279 1768 2333 sortitus
1779 2283 1885 2333 est.
1903 2279 1968 2333 Et
1986 2294 2089 2334 ver

2232 2280 2343 2330 οἷαν
2396 2276 2565 2340 οὐδεὶς
2627 2282 2790 2354 ἔτερος
2861 2280 3214 2355 ἐκληρωσατο.
3294 2284 3388 2332 Καὶ
3446 2284 3597 2339 ὅντως
3664 2278 3855 2351 ἐϐρόν-

461 2367 537 2424 de
563 2366 714 2424 ccelo
744 2367 952 2431 tonuit,
977 2371 1032 2422 et
1055 2366 1539 2439 depenetralibus
1557 2367 1801 2439 Spiritus
1828 2367 2091 2423 exclama

2232 2388 2386 2427 τησεν
2444 2368 2498 2431 ἐξ
2554 2370 2797 2442 οὐρανοῦ,
2860 2376 2947 2421 καὶ
3012 2369 3286 2444 ἀνέκραγεν
3351 2368 3403 2421 ἐκ
3461 2379 3558 2421 τῶν
3615 2374 3853 2440 ταμείων

461 2458 544 2513 vit
576 2471 738 2516 :non
776 2460 1065 2528 tanquam
1098 2454 1211 2511 alte
1252 2455 1606 2522 vociferans,
1632 2456 1735 2510 sed
1763 2456 2023 2529 quaside
2040 2473 2091 2511 re

2232 2466 2323 2509 τοῦ
2374 2462 2687 2529 Πνεύματος,
2739 2460 2843 2531 οὐχ
2897 2463 2960 2519 ως
3016 2464 3152 2530 μέγα
3205 2457 3362 2531 βοῶν,
3421 2458 3526 2509 ἀλλ’
3596 2460 3660 2518 ὡς
3721 2465 3854 2532 περὶ

462 2546 580 2603 bus
621 2545 755 2602 altis
785 2545 1057 2602 clamans
1092 2562 1104 2601 :
1151 2550 1208 2601 et
1232 2544 1503 2616 linguam
1557 2561 1693 2601 cum
1750 2546 1959 2618 spiritu
2002 2563 2092 2601 mo

2233 2547 2465 2619 μεγάλων
2534 2547 2689 2620 βοῶν,
2771 2554 2859 2601 καὶ
2909 2557 3060 2600 κινῶν
3113 2553 3206 2607 τὴν
3258 2549 3488 2620 γλῶτταν
3539 2550 3670 2618 μετὰ
3748 2555 3853 2598 τοῦ

463 2650 631 2692 νθηε.

2232 2640 2537 2709 πνεύματος.

535 2724 641 2780 Hic
670 2724 849 2794 igitur
877 2738 1017 2779 cum
1057 2722 1117 2778 in
1157 2722 1271 2780 tria
1299 2722 1557 2779 aliorum
1607 2724 1948 2794 Evangelia,
1995 2741 2125 2797 quae

2307 2728 2465 2787 Οὗτος
2520 2727 2626 2794 οὖν,
2685 2726 2914 2799 ἐντυχὼν
2964 2736 3071 2789 τοίς
3124 2737 3221 2779 τῶν
3287 2727 3449 2779 ἄλλων
3482 2726 3850 2798 Εὐαγγελίοις,

464 2812 578 2869 sibi
609 2828 646 2869 a
668 2812 1041 2885 quibusdam
1071 2812 1348 2868 ﬁdelibus
1368 2812 1549 2869 allata
1570 2818 1757 2881 erant,
1791 2814 2094 2870 incidisset

2234 2818 2662 2888 προσενεχθεῖσιν
2714 2818 2852 2887 αὐτῷ
2904 2820 3047 2889 παρά
3090 2837 3237 2868 τινων
3287 2826 3505 2880 πιστῶν,
3559 2822 3647 2867 καὶ
3689 2812 3848 2877 ἰδὼν,

462 2901 831 2975 vidissetque
859 2902 972 2957 hos
1002 2906 1116 2957 tres
1169 2902 1229 2956 in
1260 2918 1331 2958 eo
1381 2903 1640 2958 maxime
1684 2919 1957 2959 sermone
1998 2920 2092 2959 ver

2236 2908 2316 2957 ὅτι
2363 2911 2452 2957 καὶ
2506 2909 2554 2958 οἱ
2606 2915 2742 2980 τρεῖς
2796 2916 2865 2977 τῷ
2920 2912 3037 2981 περὶ
3090 2915 3184 2967 τῆς
3242 2906 3672 2979 ἐνανθρωπησεως
3746 2914 3850 2957 τοῦ

465 2996 654 3058 satos,
678 2967 783 3064 qui
813 2989 887 3046 de
916 2990 1239 3048 Salvatoris
1268 2996 1394 3048 erat
1431 2992 1820 3057 humanitate,
1848 2997 2095 3049 caeterun

2238 3003 2468 3069 Σωτῆρος
2513 2993 2840 3068 ἐνδιέτριψαν
2876 2997 3108 3065 μάλιστα
3150 2996 3306 3067 λόγῳ,
3355 3001 3443 3047 καὶ
3485 2995 3663 3047 λοιπὸν
3695 2995 3853 3065 ἔμελ-

463 3081 775 3152 dogmata,
814 3095 953 3152 quae
984 3080 1060 3136 de
1089 3080 1403 3137 divinitate
1429 3082 1558 3153 ejus
1590 3088 1774 3149 erant,
1802 3082 2093 3155 praetermi

2236 3084 2320 3136 λον
2387 3087 2825 3142 ἁποσιωπηθῆναι
2896 3088 2961 3137 τὰ
3014 3090 3131 3157 περὶ
3193 3092 3285 3146 τῆς
3366 3087 3604 3145 θεότητος
3678 3084 3849 3135 αὐτοῦ

466 3171 635 3233 sisne,
662 3169 795 3241 ipsa
823 3168 1071 3242 quidem
1093 3169 1405 3240 evangelia
1435 3170 1765 3226 admiratus
1794 3177 1878 3227 est
1909 3188 1979 3227 ac
2000 3171 2096 3227 lau

2237 3171 2525 3246 δόγματα·
2588 3172 2755 3225 ἐκεῖνα
2816 3178 2905 3247 μὲν
2960 3177 3026 3226 τὰ
3073 3175 3363 3246 Εὐαγγέλια
3408 3180 3497 3225 καὶ
3553 3172 3846 3245 ἐθαύμασε,

462 3258 648 3328 davit,
679 3263 733 3315 et
752 3274 895 3315 vera
922 3273 1025 3314 eos
1064 3258 1283 3315 dixisse
1311 3274 1381 3316 ac
1410 3258 1529 3316 ﬁne
1543 3260 1728 3331 digna
1756 3265 1995 3316 testatus
2012 3267 2092 3315 est

2235 3268 2325 3315 καὶ
2371 3262 2604 3335 ἐπῄνεσε,
2650 3268 2738 3315 καὶ
2788 3264 2977 3321 πολλὴν
3034 3264 3206 3324 αὐτοῖς
3266 3262 3506 3320 ἀλήθειαν
3560 3268 3647 3314 καὶ
3697 3260 3852 3324 ἀξιο-

463 3347 597 3420 lpse
617 3351 821 3405 autem
865 3351 1063 3404 motus
1090 3363 1127 3404 a
1170 3347 1392 3405 Christo
1424 3348 1503 3404 ad
1533 3364 1798 3420 praesens
1851 3366 2001 3420 opus
2031 3366 2093 3406 ac

2233 3356 2449 3405 πιστίαν
2506 3355 3049 3427 προσεμαρτύρησεν·
3106 3352 3257 3413 αὐτὸς
3316 3350 3394 3417 δὲ,
3460 3360 3549 3404 τοῦ
3606 3360 3848 3425 Χριστοῦ

464 3436 662 3501 cessit,
690 3442 747 3493 et
776 3437 1059 3509 quaedam
1090 3442 1312 3503 narrat,
1335 3453 1472 3509 quae
1511 3438 1693 3494 etiam
1725 3439 1803 3494 ab
1829 3438 1958 3495 aliis
1987 3440 2094 3493 scri

2232 3447 2541 3504 κινήσαντος
2606 3442 2777 3506 αὐτὸν,
2836 3439 2984 3499 ἦλθεν
3050 3441 3131 3494 ἐπὶ
3185 3446 3241 3494 τὸ
3313 3445 3475 3512 παρὸν
3523 3444 3845 3513 σύγγαμμα,

463 3531 569 3600 pta
609 3530 795 3591 erant,
826 3541 901 3581 ne
948 3525 1222 3582 videatur
1250 3526 1641 3596 Evangelium
1673 3544 1848 3582 suum
1875 3528 1952 3583 ab
1984 3528 2093 3583 alio

2232 3536 2322 3583 καὶ
2356 3528 2620 3603 διηγεῖται
2660 3534 2748 3602 μὲν
2798 3536 2887 3583 καί
2934 3551 3048 3582 τινα
3091 3540 3189 3582 τῶν
3240 3538 3347 3592 τοῖς
3401 3529 3573 3592 ἄλλοις
3628 3532 3844 3602 ἱστορη-

461 3630 600 3672 rum
626 3614 959 3687 Evangeliis
976 3628 1323 3686 separasse:
1346 3615 1646 3688 praecipua
1670 3616 1963 3672 tamenilli
1982 3634 2087 3673 cur

2236 3623 2438 3685 θέντων,
2500 3622 2582 3671 ἶνα
2638 3625 2709 3692 μὴ
2778 3619 3160 3694 απερρηγμένον
3239 3617 3371 3691 δοκῇ
3442 3629 3540 3670 τῶν
3616 3620 3846 3689 [2922775-

464 3703 591 3769 fuit,
623 3719 760 3776 quae
791 3703 870 3760 ab
910 3703 1037 3759 aliis
1068 3703 1272 3760 relicta
1303 3708 1492 3770 erant,
1551 3704 1785 3770 addere,
1832 3722 1903 3761 ac
1933 3706 2008 3762 de
2040 3707 2094 3763 di

2231 3709 2351 3762 λίων
2423 3709 2621 3762 ἐκείνων
2689 3712 2745 3760 τὸ
2818 3709 3002 3761 ἑαυτοῦ
3064 3710 3372 3781 livide/757,102
3421 3726 3432 3737 ·
3482 3709 3711 3779 μάλιστα
3784 3705 3849 3760 δὲ

462 3793 605 3850 vina
632 3792 959 3850 Salvatoris
981 3792 1171 3864 gratia
1192 3792 1365 3866 plura
1392 3809 1635 3867 ponere,
1668 3794 1824 3851 sicut
1852 3812 2092 3853 necesse

2236 3802 2493 3873 φροντίζει
2544 3807 2640 3850 τῶν
2698 3798 3176 3870 παραλελειμμένων
3254 3798 3478 3862 ἐκείνοις,
3541 3803 3628 3848 καὶ
3692 3797 3847 3849 πλέον

464 3882 622 3939 rium
644 3897 777 3939 esse
806 3882 886 3939 ob
926 3881 1302 3953 insurgentes
1351 3883 1606 3939 haereses
1640 3883 1924 3955 judicavit
1950 3886 2051 3956 (a).

2232 3897 2330 3941 τῶν
2388 3887 2549 3939 ἄλλων
2600 3896 2693 3947 τῆς
2765 3887 3061 3958 θεολογικῆς
3124 3896 3214 3939 τοῦ
3280 3896 3516 3961 Σωτῆρος
3575 3883 3843 3938 διδασκα-

2234 3977 2368 4042 λίας,
2427 3980 2496 4039 ὡς
2554 3976 2976 4049 ἀναγκαιοτάτης
3034 3975 3127 4029 διὰ
3194 3980 3288 4038 τὰς
3350 3977 3642 4049 μελλούσας
3706 3978 3849 4051 αἱρέ-

2238 4086 2366 4128 σεις.

536 4150 643 4207 Alii
693 4150 991 4225 siquidem
1038 4150 1119 4209 ob
1159 4151 1503 4209 auditorum
1528 4152 1991 4211 imbecillitatem
2027 4156 2126 4212 illa

2306 4157 2521 4209 Ἐκεῖνοι
2577 4159 2665 4228 μὲν
2723 4158 2822 4229 γὰρ
2878 4159 3071 4213 ταύτην
3130 4165 3369 4231 παρῆκαν
3436 4152 3527 4207 διὰ
3589 4160 3676 4213 τὴν
3744 4163 3844 4207 τῶν

463 4241 985 4315 prtetermiserant,
1004 4242 1269 4297 nondum
1291 4242 1649 4299 conﬁrmata
1670 4244 2093 4314 praedicatione

2236 4243 2499 4319 ἀκροατῶν
2576 4244 2862 4312 ἀσθένειαν,
2939 4248 3082 4297 οὔπω
3165 4254 3255 4297 τοῦ
3341 4248 3679 4319 κηρύγματος
3755 4246 3841 4318 ῥι-

464 4331 561 4411 hic
598 4336 800 4388 autem
830 4335 1129 4387 crescente
1154 4332 1284 4403 jam
1313 4331 1453 4398 ﬁde,
1489 4347 1560 4388 ac
1588 4332 1869 4389 ﬁdelibus
1904 4334 2094 4391 intelle

2238 4335 2500 4395 ζωθέντος·
2531 4335 2677 4395 οὗτος
2718 4332 2795 4403 δὲ,
2826 4344 2920 4396 τῆς
2946 4340 3177 4397 πίστεως
3208 4335 3526 4396 αὐξηθείσης
3571 4331 3701 4402 ἤδη,
3754 4342 3844 4386 καὶ

466 4424 565 4478 ctu
602 4420 1031 4493 capacioribus,
1070 4419 1146 4476 de
1185 4420 1296 4477 hac
1352 4420 1631 4489 deﬁnivit,
1667 4421 1886 4478 additis
1942 4424 2096 4480 etian

2236 4432 2335 4475 τῶν
2390 4433 2589 4476 πιστῶν
2638 4428 2987 4496 συνετωτέρων
3033 4428 3334 4495 γενομένων,
3384 4422 3606 4485 ἐνέταξεν
3658 4422 3838 4486 αὐτὴν,

467 4510 829 4582 quibusdam
868 4509 1190 4582 capitibus,
1236 4526 1367 4582 quas
1414 4515 1593 4568 antea
1632 4510 1865 4569 silentio
1892 4512 2097 4569 fueran

2235 4516 2481 4588 προσθεὶς
2512 4519 2600 4565 καὶ
2630 4515 2777 4586 ἐτερα
2808 4514 3060 4584 κεφάλαια
3092 4515 3570 4586 παρασιωπηθέντα
3611 4520 3715 4572 τοῖς
3742 4518 3841 4584 πρὸ

465 4598 783 4671 praeterita.

2237 4604 2419 4657 αὐτοῦ.

537 4687 807 4744 Praesens
845 4692 1045 4745 autem
1093 4688 1481 4760 Evangelium
1537 4689 1739 4747 multis
1791 4691 1965 4747 annis
1996 4698 2127 4764 post

2308 4692 2671 4764 Συνεγράψατο
2733 4688 2790 4744 δὲ
2847 4696 2902 4743 τὸ
2963 4695 3126 4765 παρὸν
3191 4692 3501 4763 Εὗαγγέλιον
3559 4694 3689 4763 μετὰ
3753 4695 3838 4748 τὴν

468 4780 643 4849 capta
671 4775 1085 4850 Hierosolyma
1116 4779 1479 4853 conscripsit.
1612 4802 1615 4805 ί

2235 4783 2427 4835 ἅλωσιν
2456 4782 2824 4855 Ἰεροσολύμων
2850 4780 3051 4842 πολλοῖς
3078 4782 3292 4853 ὕστερον
3326 4782 3511 4834 ἔτεσιν.

537 4867 679 4939 Cap.
711 4866 938 4924 I.Vers.
972 4870 1023 4923 1.
1043 4868 1426 4939 Inprincipio
1456 4877 1583 4927 erat
1617 4870 2124 4927 Verbum.Nomen

2304 4871 2383 4925 Ἐν
2442 4871 2584 4946 ἀρχῇ
2646 4868 2705 4929 ἧν
2792 4873 2816 4922 ὁ
2886 4876 3076 4941 Λόγος.
3136 4875 3205 4923 Τὸ
3278 4880 3366 4931 τῆς
3451 4870 3623 4942 ἀρχῆς
3678 4872 3836 4937 ὄνομα

468 4958 614 5032 ἀρχὴ
643 4955 819 5029 plura
846 4956 1140 5028 signiﬁcat
1172 4978 1186 5031 ;
1220 4959 1316 5016 hic
1342 4964 1542 5016 autem
1572 4959 1808 5032 proprie
1837 4960 2098 5030 signiﬁca

2234 4962 2631 5034 πολυσὴμαντὸν
2674 4964 2812 5012 ἐστιν
2847 4981 2857 4992 ⁸
2898 4958 3206 5033 ἰθιοτρόπως
3256 4956 3315 5011 δὲ
3358 4968 3445 5011 νῦν
3498 4962 3738 5030 σημαίνει
3782 4959 3838 5008 τὸ

540 5134 562 5174 ι
591 5134 720 5193 Act.
746 5150 827 5205 1v,
868 5135 959 5193 13.

1695 5263 1919 5335 Varia:
1956 5264 2288 5335 lectiones
2338 5273 2404 5333 et
2434 5272 2635 5332 notae.

539 5377 682 5453 (υό
706 5378 1084 5455 εὖᾶγνελιστὴς
1106 5379 1319 5441 Ἰωάννη
1330 5402 1371 5445 ς.
1406 5387 1447 5436 Δ

540 5560 647 5633 (a)_
667 5561 986 5630 Praecipua
1018 5590 1083 5602 -
1102 5560 1415 5633 judicavit.
1438 5560 1571 5633 Haec
1597 5577 1707 5617 suo
1722 5560 1967 5633 arbitrio
2000 5576 2127 5616 mu-
2238 5561 2537 5633 magisque
2560 5575 2733 5630 quam
2759 5559 2981 5630 reliqui
2991 5558 3544 5633 (curandoctrinam
3559 5559 3845 5616 dedivina

471 5630 945 5705 t_avit‘_int_.erpres.
981 5630 1221 5705 Poterat
1237 5632 1315 5687 ad
1347 5632 1596 5705 verbum
1629 5632 1979 5705 exprimere.
2014 5633 2125 5705 Sed
2238 5630 2570 5688 Seriratoris
2593 5638 2838 5705 natura,
2859 5637 2927 5684 ut
2948 5630 3635 5705 ηιαχίηιέ-ηβσθιςεονίαπζ,
3665 5647 3845 5705 prop-

472 5702 546 5775 rie
590 5699 808 5775 divina
849 5702 1171 5760 Saluatoris
1226 5706 1431 5775 gratia
1484 5704 1629 5759 falsa
1687 5699 1840 5760 sunt.
1886 5704 2084 5759 Redde

2239 5710 2325 5757 ter
2336 5706 2575 5771 futuras
2595 5704 2855 5775 hwreses.
2878 5701 3161 5775 Θεολοχικὴ
3196 5699 3541 5769 διδασκαλία,
3564 5699 3844 5774 theologi-

472 5770 741 5831 Haxime
765 5787 900 5830 vero
918 5782 1171 5833 curatea
1190 5770 1391 5849 qawab
1415 5776 1540 5833 illis
1565 5783 1703 5832 sunt
1732 5776 2129 5848 praetermissa
2239 5790 2309 5832 ca
2321 5770 2616 5841 doctrina,
2650 5774 3023 5830 estdoctrina
3035 5770 3109 5829 de
3124 5774 3375 5843 Christo,
3402 5778 3461 5831 ut
3484 5778 3622 5831 Deo.
