4128 6420
257 408 396 464 1109

1330 403 1693 461 COMMENT.
1738 401 1810 457 IN
1848 401 2196 457 JOANNEM.
2238 432 2310 444 -
2351 401 2511 460 CAP.
2551 400 2596 457 Ῑ.

3484 391 3627 450 {HO

255 531 352 588 ἀεί.
379 535 554 605 Ταύτῃ
591 527 651 584 δὲ
700 540 761 604 τῇ
817 530 962 606 ἀρχῇ
1024 534 1314 603 ουζευχθὶν
1366 535 1424 584 τό
1473 527 1532 589 ἧν
1562 529 1840 586 ἀνεννόητοι

1966 527 2126 584 idem
2171 529 2332 601 quod
2379 542 2626 598 semper.
2681 525 2822 582 Huic
2850 539 2988 581 vero
3019 521 3163 596 ἆρχῇ
3195 521 3517 593 conjuncta
3540 521 3624 578 di-

252 622 412 680 αὐτὴν
432 620 687 682 παντελῶς
718 621 978 678 ἐποίησεν.
1012 619 1180 672 Ὀπου
1223 623 1325 692 γὰρ
1358 619 1620 691 ἀναγάγῃς
1650 639 1743 670 σου
1769 619 1856 668 τὸν

249 719 388 773 νοῦν,
416 716 726 785 προαπαντᾷ
768 714 825 762 τό
858 707 943 774 ἦν,
980 715 1070 761 καὶ
1110 718 1387 781 πανταχοῦ
1417 713 1727 781 προτρέχον,
1765 707 1858 758 οὐκ

251 799 309 871 ἐᾷ
351 819 443 853 σου
474 805 568 858 τὴν
606 802 798 852 ἔννοιαν
847 801 1008 871 εὑρεῖν
1056 819 1172 850 τινα
1229 801 1441 854 στάσιν.
1513 803 1612 850 Καὶ
1654 795 1736 848 ἐπὶ
1767 798 1856 867 μὲν

246 899 348 941 τῶν
378 898 603 941 κτιστῶν
651 891 710 940 1'6
756 886 816 946 ἧν
861 892 948 940 τόν
988 888 1381 961 παρεληλυθότα
1410 893 1602 962 χρόνον
1657 884 1851 943 δηλοῖ·

248 977 337 1030 ἐπὶ
368 975 426 1030 δὲ
452 985 545 1040 τῆς
577 975 821 1030 ἁκτίστου
845 974 1075 1050 Τριάδος
1104 982 1161 1029 1'6
1194 977 1374 1030 ἀεὶκαὶ
1405 985 1554 1029 τοῦτο
1590 980 1851 1048 σημαίνει.

249 1072 353 1119 Καὶ
379 1065 462 1119 ἐπὶ
490 1070 580 1140 μὲν
611 1077 705 1129 τῆς
733 1075 925 1128 νοητῆς
962 1073 1050 1118 καὶ
1101 1076 1192 1126 τῆς
1238 1067 1494 1126 αἰσθητῆς
1533 1071 1748 1124 κτίσεως
1779 1063 1851 1115 ἐπ’

246 1151 464 1217 οὐδενός
509 1153 781 1228 ἐνδέχεται
833 1157 1060 1230 ῥηθῆναι
1111 1160 1168 1208 τὸ
1209 1156 1288 1209 Ἐν
1343 1155 1483 1229 ἀρχῇ
1547 1152 1606 1214 ἦν
1643 1172 1654 1183 ·
1686 1156 1856 1206 πάντα

240 1248 346 1319 γὰρ
373 1245 587 1318 ὕστερον
613 1244 840 1316 ἐγένοντο
864 1263 875 1274 ·
913 1244 996 1298 ἐπὶ
1023 1251 1178 1318 μόνης
1211 1243 1270 1298 δὲ
1293 1255 1382 1307 τῆς
1411 1249 1676 1318 μακαρίας
1696 1245 1856 1316 Τριά-

242 1331 342 1396 δος
369 1334 586 1408 ἁρμόζει
619 1342 772 1387 τοῦτο
806 1354 818 1366 ο
844 1339 972 1406 μόνη
1002 1340 1102 1408 γαρ
1137 1334 1273 1387 ἐστιν
1306 1333 1554 1406 ἀγένητος
1689 1337 1853 1385 εἵτουν

242 1441 514 1484 ακτιστος.

316 1601 535 1673 Ὁμοίως
589 1598 647 1654 δὲ
698 1608 787 1654 καὶ
839 1607 896 1654 τό
965 1607 1127 1675 ὄνομα
1182 1610 1271 1654 τοῦ
1349 1607 1545 1673 Λόγου,
1615 1603 1854 1659 πολυσή-

239 1696 434 1763 μαντόν
473 1690 613 1742 ἐστιν
663 1706 673 1718 ·
717 1689 1026 1767 ἰδιοτρόπως
1067 1689 1125 1745 δὲ
1171 1700 1259 1744 νῦν
1300 1697 1544 1764 σημαίνει
1593 1696 1678 1744 τόν
1733 1695 1852 1744 Υιόν

236 1788 336 1831 τοῦ
369 1780 517 1834 Θεοῦ.
578 1784 796 1851 Λέγεται
825 1784 926 1856 γὰρ
987 1787 1173 1853 Λόγος,
1211 1785 1279 1843 ὡς
1332 1783 1357 1832 6
1413 1781 1666 1852 Θεολόγος
1717 1782 1853 1852 λέγει

1968 619 2082 673 ctio
2113 615 2174 675 ἧν
2214 625 2356 682 erat,
2391 618 2589 689 ipsum
2647 615 2896 671 omnino
2926 612 3182 669 reddidit
3215 610 3614 682 incognitum.

1968 709 2096 772 Quo
2136 707 2296 761 enirn
2345 707 2589 761 reduces
2625 711 2818 758 mente
2843 709 2944 758 tua
2983 701 3124 757 illud
3162 706 3306 769 erat,
3357 699 3520 772 quod
3547 699 3625 771 (ὁ)

1967 802 2102 852 ante
2122 797 2322 852 omnia
2343 799 2400 850 et
2419 795 2639 866 ubique
2672 807 3061 865 praecurrens,
3092 805 3214 846 non
3244 790 3381 845 sinit
3401 789 3626 858 cogita-

1963 886 2191 942 tionem
2231 890 2394 940 tuam
2436 882 2699 939 invenire
2749 881 3090 937 terminum.
3133 880 3202 934 Et
3239 877 3298 932 in
3339 877 3625 933 creaturis

1964 975 2406 1048 quidem,eral,
2466 971 2819 1044 praeteritum
2868 973 3104 1040 tempus
3155 965 3515 1022 manifestat.
3557 967 3624 1022 In

1963 1063 2168 1121 Triade
2203 1079 2342 1118 vero
2384 1063 2666 1125 increata,
2713 1061 2842 1116 hac
2894 1058 3073 1114 etiam
3112 1055 3404 1126 signiﬁcat
3443 1054 3622 1110 dictio

1962 1170 2210 1222 semper.
2228 1156 2291 1208 Et
2308 1153 2368 1208 in
2390 1149 2762 1206 intellectuali
2781 1163 2925 1205 sane
2945 1162 3014 1203 ac
3037 1145 3298 1202 sensibili
3325 1149 3621 1208 creatura,

1963 1245 2036 1299 de
2061 1243 2223 1299 nullo
2255 1242 2470 1312 suscipi
2500 1244 2714 1311 potest,
2750 1242 2813 1294 ut
2849 1237 3076 1294 dictum
3103 1236 3194 1302 sit,
3223 1237 3468 1307 Semper
3499 1237 3623 1290 erat

1965 1334 2259 1406 siquidem
2311 1333 2517 1388 omnia
2573 1328 2958 1403 postmodum
3011 1327 3166 1384 facta
3210 1332 3388 1393 sunt;
3429 1323 3527 1379 sed
3560 1323 3622 1378 id

1963 1424 2073 1480 soli
2098 1425 2288 1479 beatae
2317 1420 2580 1478 Trinitati
2619 1422 2881 1492 aptatur,
2910 1433 3054 1474 nam
3084 1415 3214 1473 sola
3239 1415 3374 1486 ipsa
3401 1413 3622 1470 infecta

1963 1517 2049 1570 est
2080 1513 2202 1568 sive
2233 1513 2523 1568 increata.

2036 1602 2310 1660 Similiter
2331 1615 2572 1673 quoque
2600 1613 2825 1654 nomen
2851 1599 3022 1669 Λόγος
3043 1596 3307 1660 verbum,
3335 1592 3522 1649 multa
3547 1590 3623 1649 si-

1961 1692 2220 1764 gniﬁcat.
2251 1695 2416 1747 Nunc
2442 1694 2643 1746 autem
2673 1685 2907 1759 proprie
2939 1684 3237 1755 signiﬁcat
3258 1683 3357 1738 Dei
3391 1681 3619 1738 Filium.

1965 1782 2182 1839 Dicitur
2234 1795 2499 1852 namque
2563 1777 2843 1840 Verbum,
2888 1779 3066 1846 prout
3119 1773 3262 1828 dicit
3301 1771 3620 1840 Gregorius

240 1874 548 1943 Γρηγόριος,
585 1871 666 1922 ὅτι
693 1870 858 1932 οὕτως
903 1873 1016 1942 ἔχει
1045 1875 1169 1944 πρός
1222 1875 1308 1923 τόν
1343 1876 1568 1944 Πατέρα,
1624 1874 1693 1933 ὡς
1721 1874 1840 1945 πρὸς

1958 1871 2311 1941 Theologus,
2354 1870 2518 1942 quod
2566 1867 2646 1923 ad
2686 1867 2919 1921 Patrem
2959 1865 3040 1919 ita
3089 1879 3150 1918 se
3186 1862 3428 1930 habeat,
3468 1860 3623 1915 sicut

233 1966 360 2010 νοῦν
391 1961 474 2028 (3)
503 1959 652 2030 λόγος
675 1975 687 1988 ·
725 1959 784 2011 οὐ
817 1965 969 2031 μόνον
1003 1957 1096 2012 διὰ
1115 1963 1171 2012 τό
1204 1959 1394 2020 ἀπαθές
1423 1967 1517 2022 τῆς
1547 1965 1849 2032 γιννὴσεως,

236 2047 372 2099 ἀλλὰ
403 2053 490 2100 καὶ
523 2054 578 2100 τό
621 2052 844 2120 συναφὲς
869 2054 956 2101 καὶ
983 2052 1039 2101 τό
1069 2048 1446 2121 ἐξαγγελτικόν.
1507 2051 1680 2101 Πάντα
1723 2053 1846 2122 γὰρ,

236 2142 424 2208 φησὶν,
479 2139 581 2189 ὃσα
637 2141 843 2196 ἤκουσα
908 2141 1052 2213 παρὰ
1107 2146 1198 2190 τοῦ
1267 2143 1488 2214 Πατρός,
1566 2137 1850 2209 ἀνήγγειλα

234 2228 383 2298 ὑμῖν.

311 2318 472 2387 Τάχα
493 2313 542 2368 δ’
576 2315 635 2367 ἂν
666 2321 802 2370 ιῖποι
832 2337 910 2378 τις
937 2318 1016 2370 ὅτι
1039 2323 1127 2370 καὶ
1154 2321 1222 2380 ὡς
1253 2320 1368 2390 ὅρος
1418 2321 1548 2390 πρός
1575 2321 1631 2369 τό
1665 2319 1845 2390 ὁριζό-

232 2425 408 2478 μενον,
450 2402 629 2464 ἐπειδὴ
654 2411 744 2458 καὶ
773 2415 925 2459 τοῦτο
948 2409 1149 2478 λέγεται
1180 2408 1351 2479 λόγος.
1370 2407 1428 2460 Ὀ
1455 2410 1554 2480 γὰρ
1574 2413 1844 2473 νενοηκὼς,

236 2500 391 2566 φησὶ,
417 2499 504 2546 τόν
534 2499 654 2548 Υιόν
693 2498 870 2565 (τοῦτο
908 2498 1006 2568 γὰρ
1049 2495 1160 2548 ἐστι
1212 2501 1269 2548 τό
1329 2496 1587 2571 ἑωρακώς)
1641 2502 1845 2554 νενόηκε

232 2587 323 2635 τόν
357 2588 580 2657 Πατέρα.
610 2590 704 2637 Καὶ
741 2587 806 2637 σύ
834 2605 991 2657 τόμος
1017 2581 1284 2648 ἀπόδειξις
1315 2591 1404 2638 καὶ
1433 2583 1598 2660 ῥᾳδία
1624 2595 1720 2648 τῆς
1754 2594 1842 2639 τοῦ

235 2676 440 2746 Πατρός
467 2675 686 2745 φύσεως,
721 2675 746 2725 6
777 2676 910 2734 Υἱός.
947 2679 1173 2748 Γέννημα
1190 2677 1289 2748 γὰρ
1308 2675 1462 2740 ἅπαν,
1492 2683 1583 2728 τοῦ
1605 2694 1841 2747 γεγεννη-

230 2768 387 2824 κότος
420 2772 632 2816 σιωπῶν
657 2763 823 2836 λόγος.

309 2939 480 2990 Εἰπὼν
513 2937 619 2992 ὃὲό
646 2938 1034 3010 εὐαγγελιστής,
1076 2941 1156 2992 ὅτι
1181 2940 1263 2991 Ἐν
1304 2938 1447 3014 ἀρχῇ
1482 2937 1542 2998 ἧν
1593 2941 1617 2991 6
1653 2944 1836 3011 Λόγος,

230 3024 426 3090 ἔδειξεν
463 3030 542 3080 ὅτι
572 3027 650 3081 ἀεὶ
789 3025 869 3093 ἧν,
898 3033 988 3080 καὶ
1013 3029 1106 3080 οὐκ
1137 3025 1198 3087 ἦν
1224 3049 1304 3090 τις
1324 3034 1515 3100 χρόνος
1548 3029 1577 3087 ἦ
1609 3029 1730 3080 αἰὼν
1757 3031 1840 3082 ὅτε

229 3117 328 3168 οὐκ
361 3114 423 3176 ἦν
454 3117 621 3178 οὗτος.
664 3117 827 3180 Αὐτὸς
856 3121 957 3191 γὰρ
986 3117 1098 3170 ἐστι
1124 3123 1339 3178 ποιητὴς
1359 3123 1449 3170 καὶ
1478 3127 1576 3170 τῶν
1610 3123 1835 3190 χρόνων,

230 3226 321 3258 και
352 3226 452 3257 των
480 3227 676 3259 αιωνων
685 3249 696 3260 .

304 3301 454 3348 Διατί
485 3293 544 3348 δὲ
565 3297 657 3348 οὐκ
698 3293 851 3358 εἶπεν,
883 3299 963 3349 ὃτι
991 3297 1072 3350 Ἐν
1103 3305 1246 3370 αρχῇ
1280 3317 1339 3355 ην
1376 3299 1400 3348 6
1431 3300 1544 3358 Υἱός
1578 3315 1590 3363 ;
1621 3297 1731 3350 Ἵνα
1761 3302 1831 3369 μὴ

230 3384 498 3456 ὑπόληψις
548 3404 855 3460 παρεμπισῃ
909 3386 989 3457 (5)
1027 3395 1284 3458 χρονικῆς
1327 3406 1381 3438 τε
1428 3392 1517 3438 καὶ
1574 3386 1836 3459 ἐμπαθοϋς

226 3479 534 3544 γεννήσεως.
571 3478 666 3527 Δια
693 3483 844 3527 τοῦτο
891 3478 992 3549 γὰρ
1028 3482 1193 3546 Λόγον
1252 3476 1404 3528 αὐτόν
1436 3479 1710 3548 ὀνομάσας,
1745 3482 1834 3528 καὶ

229 3559 462 3625 διδάξας
490 3562 714 3616 ἐντεῦθεν
745 3568 802 3616 1'6
832 3566 1058 3638 ἄχρονον
1105 3585 1158 3617 τε
1183 3570 1272 3616 καὶ
1321 3564 1516 3627 ἀπαθὲς
1545 3575 1638 3627 τῆς
1671 3567 1832 3638 ὑπερ-

227 3660 392 3724 φυοῦς
415 3658 562 3724 γεννὴ
573 3672 701 3714 σεως
723 3653 903 3718 αὐτοῦ,
930 3659 1020 3706 καὶ
1039 3659 1322 3728 προανελὼν
1340 3658 1432 3716 τὰς
1455 3653 1694 3727 ἀπρεπεῖς
1715 3660 1832 3728 περὶ

225 3742 395 3803 αὐτῆς
424 3741 728 3814 ὑπολήψεις,
760 3742 939 3795 λοιπόν
982 3750 1174 3818 προῖὼν
1221 3749 1309 3797 καὶ
1367 3747 1485 3797 Υἱόν
1532 3745 1686 3796 αὐτόν
1715 3743 1833 3796 ἀνυ-

223 3831 495 3894 ποστόλως
516 3831 677 3885 καλεῖ.
713 3833 1018 3904 Βουλόμενος
1054 3830 1112 3886 δὲ
1142 3829 1332 3898 δεῖξαι,
1367 3835 1522 3886 αὐτόν
1565 3839 1635 3907 μὴ
1679 3839 1830 3906 μόνον

225 3919 306 3973 ἀεὶ
335 3925 456 3972 ὄντα
479 3924 642 3992 ἤγουν
673 3918 867 3987 ἀίδιον,
901 3921 1026 3974 ἀλλὰ
1049 3927 1137 3974 καὶ
1174 3922 1472 3996 ἀχώριστον
1508 3931 1596 3976 τοῦ
1634 3927 1833 3995 Πατρός

222 4014 315 4062 καὶ
347 4006 638 4076 συναῐδιον,
669 4031 735 4082 φη
745 4016 818 4066 σί.

301 4283 402 4331 Καὶ
455 4279 480 4330 6
532 4283 686 4350 Λόγος
735 4277 795 4338 ἦν
863 4283 989 4354 πρὸς
1038 4284 1122 4332 τόν
1181 4286 1328 4334 Θεόν.
1386 4281 1497 4334 Οὐκ
1546 4278 1700 4345 εἶπεν,
1748 4284 1826 4334 ὅτι

220 4364 286 4424 ἦν
317 4367 369 4418 ἐν
398 4371 558 4439 τόπῳ,
604 4369 661 4420 οὐ
693 4374 994 4443 περιέχεται
1021 4373 1122 4442 γὰρ
1171 4375 1312 4442 τόπῳ
1344 4375 1374 4423 ὅ
1401 4369 1777 4445 ἀπερίγραπτος
1808 4385 1824 4402 ⁶

219 4452 350 4508 οὐδὲ
399 4458 480 4508 ὃτι
528 4456 578 4508 ἐν
624 4466 696 4528 τῷ
747 4465 882 4528 Θεῷ,
936 4459 1018 4510 ἵνα
1074 4464 1146 4531 μὴ
1204 4458 1256 4510 ἐκ
1342 4465 1627 4533 προοιμίων
1681 4460 1826 4519 εὐθὺς

221 4549 498 4617 σύγχυσις
527 4555 628 4598 τῶν
657 4554 948 4622 προσώπων
994 4548 1285 4607 ἐπινοηθείη
1340 4567 1351 4578 ·

220 4639 310 4687 τὸν
349 4639 498 4699 Θεὸν,
528 4641 711 4708 ἤγουν,
750 4640 896 4711 παρὰ
947 4647 1019 4709 τῷ
1069 4644 1255 4712 Πατρὶ.
1291 4641 1372 4691 ῖνα
1422 4659 1476 4692 τε
1505 4645 1819 4714 παραστήσῃ

219 4727 280 4775 τό
311 4720 518 4785 ἰδιάζον
545 4735 644 4777 τῶν
676 4727 1031 4792 ὑποστάσεων,
1062 4735 1152 4780 καὶ
1193 4731 1271 4780 ὅτι
1303 4728 1600 4802 ἀχώριστοι
1640 4735 1820 4804 Πατὴρ

218 4818 311 4866 καί
339 4816 459 4875 Υἱός
487 4834 499 4846 ·
532 4811 690 4872 δῆλον
718 4811 776 4868 δὲ
802 4819 1000 4877 πάντως
1029 4819 1110 4869 ὅτι
1155 4823 1246 4869 καὶ
1282 4826 1485 4890 Πνεῦμα
1515 4823 1573 4870 1'6
1626 4819 1775 4890 οἶγιον
1806 4839 1817 4851 ·

219 4901 270 4953 ἐν
349 4901 492 4978 ὀρχῇ
575 4906 674 4978 γὰρ
723 4904 800 4976 (6)
853 4901 913 4962 ἧν
977 4908 1005 4964 ἡ
1073 4910 1252 4978 Τριὰς,

214 4994 399 5064 Τριάς.

1339 4912 1428 4960 καὶ
1481 4910 1611 4980 ὁμοῦ
1671 4907 1730 4967 ἦν
1789 4912 1818 4968 ἡ

291 5209 312 5244 ²
341 5208 514 5264 Joan.
547 5223 645 5277 xv,
675 5212 762 5265 15.
837 5208 861 5246 ⁸
888 5207 1064 5268 Joan.
1115 5226 1235 5282 xxv,
1261 5216 1315 5269 9.

1961 1966 2213 2021 verbum
2255 1964 2330 2019 ad
2374 1966 2635 2018 mentem
2670 1977 2683 2016 :
2728 1974 2849 2014 non
2905 1960 3141 2013 tantum
3170 1954 3249 2011 ob
3290 1953 3619 2025 generatio-

1960 2071 2099 2110 nem
2113 2070 2247 2127 quae
2267 2053 2433 2108 omni
2459 2051 2674 2107 aﬁectu
2707 2050 2866 2104 caret
2891 2046 3178 2110 humano,
3210 2059 3411 2098 verum
3435 2042 3618 2098 etiam

1961 2149 2196 2216 propter
2232 2141 2668 2199 connexionem
2699 2142 2757 2194 et
2794 2134 3359 2192 manifestationem.
3406 2131 3618 2187 Omnia

1958 2235 2165 2305 inquit,
2224 2249 2349 2304 qua:
2386 2230 2594 2288 audivi
2616 2243 2653 2284 a
2691 2227 2874 2283 Patre
2916 2240 3044 2280 meo
3075 2229 3215 2279 nota
3250 2222 3367 2292 fect
3392 2220 3550 2276 vobis
3571 2221 3616 2276 ³.

2029 2321 2246 2378 Poterit
2275 2335 2518 2393 quoque
2548 2317 2744 2374 dicere
2784 2314 3108 2388 quispiam,
3143 2311 3304 2385 quod
3333 2309 3511 2366 etiam
3541 2308 3617 2364 sit

1954 2412 2130 2486 quasi
2151 2411 2417 2467 deﬁnitio
2445 2409 2522 2464 ad
2555 2423 2733 2464 suum
2759 2404 3070 2461 definitum
3098 2418 3114 2457 :
3144 2417 3284 2456 nam
3325 2403 3382 2456 et
3405 2399 3516 2455 hoc
3538 2399 3614 2454 si-

1956 2501 2199 2571 gniﬁcat
2227 2499 2406 2555 dictio
2427 2499 2598 2569 λόγος.
2643 2497 2752 2564 Qui
2781 2495 2931 2551 enim
2962 2492 3103 2548 vidit
3135 2489 3372 2556 Filium,
3398 2488 3612 2560 inquit,

1954 2592 2104 2648 vidit
2134 2597 2188 2647 et
2216 2592 2454 2645 Patrem
2487 2590 2529 2653 ³,
2553 2587 2668 2643 hoc
2700 2589 2808 2651 est,
2841 2581 3141 2643 intellexit,
3183 2583 3246 2635 ut
3275 2577 3351 2633 sit
3371 2577 3498 2650 ipse
3528 2577 3615 2632 Fi-

1951 2679 2066 2736 lius
2092 2685 2383 2752 tanquam
2413 2677 2608 2734 brevis
2631 2691 2700 2731 ac
2727 2672 2912 2730 facilis
2932 2671 3122 2727 ﬁnitio
3144 2673 3374 2726 natura;
3405 2665 3611 2723 Patris.

1953 2771 2139 2827 Omne
2169 2769 2328 2825 enim
2353 2766 2515 2840 quod
2537 2765 2804 2836 genitum
2827 2766 2931 2828 est,
2958 2762 3103 2833 ejus,
3137 2758 3240 2832 qui
3272 2757 3496 2829 genuit,
3530 2762 3615 2813 ta-

1951 2876 2091 2916 cens
2129 2858 2386 2916 verbum
2430 2860 2538 2913 est.

2021 2950 2172 3004 Cum
2203 2952 2400 3004 autem
2424 2945 2634 3002 dixerit
2650 2941 3048 3013 evangelista:
3079 2941 3145 2996 In
3162 2936 3454 3011 principio
3481 2941 3610 2993 erat

1958 3039 2230 3104 Verbum,
2255 3035 2685 3093 demonstravit
2709 3031 2876 3104 quod
2907 3044 3144 3101 semper
3167 3030 3311 3091 erat,
3345 3041 3455 3082 nec
3485 3027 3610 3082 erat

1945 3132 2184 3200 tempus
2215 3125 2459 3197 aliquod
2473 3129 2576 3181 aut
2595 3121 2902 3189 saeculum,
2922 3134 3042 3192 quo
3069 3119 3268 3190 ipsum
3302 3131 3423 3172 non
3441 3119 3604 3181 erat;

1873 3244 1912 3301 ρ
1944 3219 2073 3291 ipse
2093 3216 2254 3272 enim
2288 3215 2527 3271 effector
2553 3218 2639 3269 est
2659 3216 3000 3282 temporum
3018 3224 3088 3264 ac
3114 3206 3494 3262 saeculorum.

2016 3309 2210 3374 Quare
2268 3309 2467 3361 autern
2522 3318 2640 3358 non
2688 3299 2834 3356 dixit
2876 3315 2888 3354 :
2931 3299 2995 3353 In
3040 3295 3329 3370 principio
3351 3300 3476 3351 erat
3513 3293 3604 3348 Fi-

1943 3397 2056 3453 lius
2096 3397 2123 3450 ?
2151 3399 2228 3452 Ne
2251 3410 2373 3468 qua
2409 3393 2628 3465 irrepat
2661 3388 2918 3463 suspicio
2965 3385 3221 3443 carnalis
3255 3388 3604 3457 auttempo-

1941 3486 2082 3541 ralis
2115 3484 2539 3555 generationis.
2584 3480 2671 3538 Ob
2693 3480 2754 3535 id
2783 3476 3078 3551 siquidem
3110 3491 3247 3530 cum
3268 3474 3472 3547 ipsum
3496 3489 3598 3530 no-

1942 3576 2231 3631 minasset
2255 3574 2532 3641 Verbum,
2574 3576 2753 3644 atque
2792 3569 2929 3624 hinc
2957 3566 3122 3623 omni
3163 3572 3445 3637 tempore,
3473 3579 3600 3620 om-

1939 3665 2122 3737 nique
2139 3663 2352 3720 affectu
2383 3660 2828 3734 generationem
2854 3656 3046 3730 ipsius
3079 3653 3599 3727 supernaturalem

1939 3771 2138 3811 carere
2160 3753 2482 3815 docuisset,
2508 3749 2749 3822 abjectis
2771 3762 3014 3821 quoque
3029 3745 3256 3802 caeteris
3275 3743 3599 3800 indecenti-

1938 3845 2052 3900 bus
2092 3844 2249 3900 circa
2291 3858 2424 3899 eam
2467 3838 2922 3912 suspicionibus,
2976 3834 3366 3908 postmodum
3409 3832 3472 3888 in
3505 3847 3600 3889 se-

1936 3932 2262 4005 quentibus
2302 3931 2503 4004 ipsum
2533 3929 2711 3984 etiam
2748 3927 2931 3982 libere
2961 3923 3172 3980 Filium
3194 3922 3354 3978 dicit.
3384 3919 3598 3976 Volens

1937 4037 2179 4093 quoque
2215 4019 2530 4076 ostendere
2560 4032 2681 4073 non
2716 4015 2896 4071 modo
2925 4014 3125 4086 ipsum
3162 4010 3595 4084 semperfuisse

1935 4111 2059 4166 sive
2099 4113 2406 4172 aeternum,
2432 4106 2538 4162 sed
2565 4107 2742 4163 etiam
2765 4101 3233 4176 inseparabilem
3265 4116 3336 4157 ac
3358 4105 3597 4158 coaeter-

1935 4215 2083 4256 num
2111 4199 2287 4264 Patri,
2330 4198 2412 4254 ait
2471 4211 2485 4253 :

2005 4290 2165 4344 Vers.
2208 4288 2259 4343 1.
2292 4288 2372 4343 Et
2413 4285 2666 4343 Verbum
2691 4289 2815 4341 erat
2846 4282 3009 4353 apud
3031 4282 3234 4338 Deum.
3265 4283 3392 4337 Non
3421 4280 3592 4347 dixit,

1933 4378 2096 4452 quod
2152 4382 2278 4434 erat
2307 4378 2366 4432 in
2397 4376 2527 4432 loco
2562 4389 2720 4431 :non
2762 4373 2921 4428 enim
2960 4373 3021 4428 in
3075 4370 3203 4426 loco
3234 4371 3589 4435 continetur,

1933 4469 2038 4541 qui
2067 4465 2477 4523 circumscribi
2518 4479 2638 4521 non
2679 4466 2912 4536 potest:
2955 4476 3150 4534 neque
3171 4459 3332 4533 quod
3363 4459 3426 4515 in
3449 4461 3590 4525 Deo,

1410 4549 1517 4601 ἀλλ’
1569 4551 1649 4601 ὃτι
1695 4553 1826 4622 πρὸς

1956 4573 2008 4614 1e
2039 4557 2235 4613 statim
2266 4557 2326 4612 in
2367 4554 2727 4627 primordiis,
2761 4567 3155 4626 personarum
3178 4549 3592 4606 confusionem

1933 4646 2070 4718 quis
2099 4646 2475 4716 imaginetur,
2519 4643 2623 4699 sed
2662 4641 2830 4716 quod
2859 4641 3024 4712 apud
3060 4643 3246 4696 Deum
3279 4639 3402 4695 sive
3427 4637 3592 4711 apud

1933 4737 2188 4803 Patrem,
2227 4739 2366 4790 utet
2394 4733 2558 4807 quod
2598 4732 2909 4805 proprium
2950 4734 3039 4786 est
3069 4745 3460 4802 personarum
3484 4744 3594 4800 ap-

1933 4828 2160 4896 pareat,
2184 4823 2470 4896 quodque
2499 4819 2928 4894 inseparabiles
2954 4818 3070 4875 sint
3090 4819 3260 4874 Pater
3285 4821 3342 4872 et
3365 4817 3547 4874 Filius
3577 4834 3589 4873 :

1935 4920 1989 4969 et
2039 4912 2282 4968 omnino
2328 4910 2711 4968 manifestum
2767 4913 2874 4976 est,
2907 4909 3066 4982 quod
3119 4909 3300 4964 etiam
3340 4908 3592 4980 Spiritus

1935 5010 2174 5059 sanctus
2215 5019 2228 5058 :
2272 5000 2565 5074 siquidem
2611 5001 2674 5057 in
2705 4999 2996 5074 principio
3041 5003 3170 5056 erat
3199 4996 3468 5064 Trinitas,
3521 4997 3593 5053 si-

1932 5091 2178 5166 mulque
2212 5095 2338 5149 erat
2383 5089 2630 5150 trinitas.

1335 5337 1562 5408 Variae
1613 5341 1942 5411 lectiones
2002 5352 2070 5411 et
2123 5351 2327 5411 notae.

285 5504 367 5648 $2;
398 5501 698 5577 Ἀγέννητος
724 5510 786 5560 Α.

311 5575 345 5632 3
397 5582 535 5629 Νοῦν
567 5577 592 5631 ὁ
622 5576 774 5648 λόγος

311 5509 344 5560 2
399 5506 698 5577 Ἀγέννητος
724 5510 786 5560 Α.

215 5506 376 5704 mgf}.
397 5582 535 5629 Νοῦν
567 5577 592 5631 ὁ
622 5576 774 5649 λόγος
805 5582 864 5631 Α.
900 5577 1042 5634 Vide
1093 5581 1334 5650 Gregor.
1371 5581 1536 5647 Naz.,
1592 5599 1653 5654 p.
1691 5585 1818 5653 218,

2025 5515 2080 5588 4)
2124 5513 2203 5567 Ἐν
2235 5513 2402 5586 ἀρχῇ,
2437 5527 2546 5587 pro
2575 5512 2656 5568 ἀεί
2702 5518 2765 5568 Α.

2028 5591 2081 5658 5)
2123 5589 2409 5659 Παραπέσῄ
2440 5591 2517 5659 _A.

2033 5657 2084 5729 6)
2127 5657 2230 5732 Γάρ
2270 5657 2479 5715 omittit
2523 5657 2588 5713 A.

287 5825 373 5898 (ὁ)
412 5825 568 5883 Erat
598 5857 666 5868 —
722 5828 900 5899 quod.
952 5828 1121 5897 Quod
1171 5828 2103 5910 delendumé‘Obscuramqenim
2133 5835 2723 5910 redditorationem.
2751 5838 2816 5894 In
2848 5836 3067 5896 Graeco
3109 5840 3195 5895 est
3235 5833 3404 5894 Istud
3431 5841 3588 5893 erat.
