  <div class='ocr_page' id='page_1' title='image "/cluster/home/n/w/nwhite01/storage/ocr_20150623/129/coo.31924054870344/565.png"; bbox 0 0 4128 6420; ppageno 0'>
   <div class='ocr_carea' id='block_1_1' title="bbox 484 369 617 425">
    <p class='ocr_par' dir='ltr' id='par_1_1' title="bbox 484 369 617 425">
     <span class='ocr_line' id='line_1_1' title="bbox 484 369 617 425; baseline 0 0"><span class='ocrx_word' id='word_1_1' title='bbox 484 369 617 425; x_wconf 84' lang='grc'><strong>1111</strong></span> 
     </span>
    </p>
   </div>
   <div class='ocr_carea' id='block_1_2' title="bbox 1806 362 2535 421">
    <p class='ocr_par' dir='ltr' id='par_1_2' title="bbox 1806 362 2535 421">
     <span class='ocr_line' id='line_1_2' title="bbox 1806 362 2535 421; baseline -0.001 -1"><span class='ocrx_word' id='word_1_2' title='bbox 1806 362 2160 420; x_wconf 84' lang='lat' dir='ltr'>EUTHYMII</span> <span class='ocrx_word' id='word_1_3' title='bbox 2201 362 2535 421; x_wconf 84' lang='lat' dir='ltr'>ZIGABENI</span> 
     </span>
    </p>
   </div>
   <div class='ocr_carea' id='block_1_3' title="bbox 3724 370 3879 426">
    <p class='ocr_par' dir='ltr' id='par_1_3' title="bbox 3724 370 3879 426">
     <span class='ocr_line' id='line_1_3' title="bbox 3724 370 3879 426; baseline 0.013 -2"><span class='ocrx_word' id='word_1_4' title='bbox 3724 370 3879 426; x_wconf 75' lang='grc'><strong>1112</strong></span> 
     </span>
    </p>
   </div>
   <div class='ocr_carea' id='block_1_4' title="bbox 554 487 2158 565">
    <p class='ocr_par' dir='ltr' id='par_1_4' title="bbox 554 490 2138 553">
     <span class='ocr_line' id='line_1_4' title="bbox 554 490 2138 553; baseline -0.005 0"><span class='ocrx_word' id='word_1_5' title='bbox 554 500 712 553; x_wconf 84' lang='lat' dir='ltr'>Vers.</span> <span class='ocrx_word' id='word_1_6' title='bbox 763 497 924 552; x_wconf 81' lang='lat' dir='ltr'>t.’Et</span> <span class='ocrx_word' id='word_1_7' title='bbox 970 498 1122 551; x_wconf 86' lang='lat' dir='ltr'>Deus</span> <span class='ocrx_word' id='word_1_8' title='bbox 1166 496 1290 552; x_wconf 83' lang='lat' dir='ltr'>erat</span> <span class='ocrx_word' id='word_1_9' title='bbox 1348 494 1611 549; x_wconf 81' lang='lat' dir='ltr'>Verbum.</span> <span class='ocrx_word' id='word_1_10' title='bbox 1648 496 1793 550; x_wconf 89' lang='lat' dir='ltr'>Cum</span> <span class='ocrx_word' id='word_1_11' title='bbox 1826 490 1996 548; x_wconf 83' lang='lat' dir='ltr'>Verbi</span> <span class='ocrx_word' id='word_1_12' title='bbox 2028 506 2138 546; x_wconf 93' lang='lat' dir='ltr'>no-</span> 
     </span>
    </p>
   </div>
   <div class='ocr_carea' id='block_1_5' title="bbox 2271 487 3877 565">
    <p class='ocr_par' dir='ltr' id='par_1_5' title="bbox 2324 487 3877 565">
     <span class='ocr_line' id='line_1_5' title="bbox 2324 487 3877 565; baseline 0.003 -22"><span class='ocrx_word' id='word_1_13' title='bbox 2324 493 2424 543; x_wconf 81' lang='grc' dir='ltr'>Καὶ</span> <span class='ocrx_word' id='word_1_14' title='bbox 2484 493 2613 551; x_wconf 84' lang='grc' dir='ltr'>Θεὸς</span> <span class='ocrx_word' id='word_1_15' title='bbox 2660 487 2720 548; x_wconf 77' lang='grc' dir='ltr'>ἦν</span> <span class='ocrx_word' id='word_1_16' title='bbox 2743 491 2768 541; x_wconf 96' lang='grc' dir='ltr'>ό</span> <span class='ocrx_word' id='word_1_17' title='bbox 2800 492 2995 561; x_wconf 87' lang='grc' dir='ltr'>Λόγος.</span> <span class='ocrx_word' id='word_1_18' title='bbox 3049 492 3391 564; x_wconf 84' lang='grc' dir='ltr'>Χρησάμενος</span> <span class='ocrx_word' id='word_1_19' title='bbox 3418 501 3487 563; x_wconf 82' lang='grc' dir='ltr'>τῷ</span> <span class='ocrx_word' id='word_1_20' title='bbox 3526 493 3736 565; x_wconf 82' lang='grc' dir='ltr'>ὀνόματι</span> <span class='ocrx_word' id='word_1_21' title='bbox 3770 503 3877 548; x_wconf 86' lang='grc' dir='ltr'>τοῦ</span> 
     </span>
    </p>
   </div>
   <div class='ocr_carea' id='block_1_6' title="bbox 484 584 2143 654">
    <p class='ocr_par' dir='ltr' id='par_1_6' title="bbox 484 584 2143 654">
     <span class='ocr_line' id='line_1_6' title="bbox 484 584 2143 654; baseline -0.005 -11"><span class='ocrx_word' id='word_1_22' title='bbox 484 589 646 644; x_wconf 88' lang='lat' dir='ltr'>mine</span> <span class='ocrx_word' id='word_1_23' title='bbox 675 604 821 643; x_wconf 92' lang='lat' dir='ltr'>usus</span> <span class='ocrx_word' id='word_1_24' title='bbox 850 586 1055 642; x_wconf 86' lang='lat' dir='ltr'>fuisset</span> <span class='ocrx_word' id='word_1_25' title='bbox 1092 586 1169 640; x_wconf 87' lang='lat' dir='ltr'>ad</span> <span class='ocrx_word' id='word_1_26' title='bbox 1201 586 1539 640; x_wconf 91' lang='lat' dir='ltr'>docendum</span> <span class='ocrx_word' id='word_1_27' title='bbox 1584 584 1639 637; x_wconf 88' lang='lat' dir='ltr'>iu</span> <span class='ocrx_word' id='word_1_28' title='bbox 1676 598 1937 654; x_wconf 90' lang='lat' dir='ltr'>superna</span> <span class='ocrx_word' id='word_1_29' title='bbox 1968 596 2143 649; x_wconf 85' lang='lat' dir='ltr'>gene-</span> 
     </span>
    </p>
   </div>
   <div class='ocr_carea' id='block_1_7' title="bbox 484 670 2139 747">
    <p class='ocr_par' dir='ltr' id='par_1_7' title="bbox 484 670 2139 747">
     <span class='ocr_line' id='line_1_7' title="bbox 484 670 2139 747; baseline -0.005 -15"><span class='ocrx_word' id='word_1_30' title='bbox 484 678 713 733; x_wconf 84' lang='lat' dir='ltr'>ratione</span> <span class='ocrx_word' id='word_1_31' title='bbox 736 675 1325 747; x_wconf 88' lang='lat' dir='ltr'>intemporalitatem,</span> <span class='ocrx_word' id='word_1_32' title='bbox 1347 673 1791 743; x_wconf 72' lang='lat' dir='ltr'>affectuumque</span> <span class='ocrx_word' id='word_1_33' title='bbox 1815 670 2139 726; x_wconf 77' lang='lat' dir='ltr'>carentium</span> 
     </span>
    </p>
   </div>
   <div class='ocr_carea' id='block_1_8' title="bbox 486 761 2145 835">
    <p class='ocr_par' dir='ltr' id='par_1_8' title="bbox 486 761 2145 835">
     <span class='ocr_line' id='line_1_8' title="bbox 486 761 2145 835; baseline -0.005 -14"><span class='ocrx_word' id='word_1_34' title='bbox 486 771 653 821; x_wconf 85' lang='lat' dir='ltr'>curat</span> <span class='ocrx_word' id='word_1_35' title='bbox 691 767 970 835; x_wconf 88' lang='lat' dir='ltr'>deinceps</span> <span class='ocrx_word' id='word_1_36' title='bbox 1005 780 1073 819; x_wconf 89' lang='lat' dir='ltr'>ac</span> <span class='ocrx_word' id='word_1_37' title='bbox 1104 764 1251 818; x_wconf 90' lang='lat' dir='ltr'>tollit</span> <span class='ocrx_word' id='word_1_38' title='bbox 1289 764 1574 818; x_wconf 80' lang='lat' dir='ltr'>damnum</span> <span class='ocrx_word' id='word_1_39' title='bbox 1605 762 1765 833; x_wconf 78' lang='lat' dir='ltr'>quod</span> <span class='ocrx_word' id='word_1_40' title='bbox 1796 762 1870 815; x_wconf 88' lang='lat' dir='ltr'>ad</span> <span class='ocrx_word' id='word_1_41' title='bbox 1900 761 2009 815; x_wconf 83' lang='lat' dir='ltr'>hoc</span> <span class='ocrx_word' id='word_1_42' title='bbox 2040 775 2145 813; x_wconf 85' lang='lat' dir='ltr'>no—</span> 
     </span>
    </p>
   </div>
   <div class='ocr_carea' id='block_1_9' title="bbox 486 851 2143 926">
    <p class='ocr_par' dir='ltr' id='par_1_9' title="bbox 486 851 2143 926">
     <span class='ocr_line' id='line_1_9' title="bbox 486 851 2143 926; baseline -0.005 -16"><span class='ocrx_word' id='word_1_43' title='bbox 486 871 623 910; x_wconf 86' lang='lat' dir='ltr'>men</span> <span class='ocrx_word' id='word_1_44' title='bbox 656 854 960 926; x_wconf 79' lang='lat' dir='ltr'>subrepit:</span> <span class='ocrx_word' id='word_1_45' title='bbox 1004 859 1147 924; x_wconf 89' lang='lat' dir='ltr'>puta</span> <span class='ocrx_word' id='word_1_46' title='bbox 1194 868 1267 907; x_wconf 91' lang='lat' dir='ltr'>ne</span> <span class='ocrx_word' id='word_1_47' title='bbox 1301 853 1433 923; x_wconf 88' lang='lat' dir='ltr'>quis</span> <span class='ocrx_word' id='word_1_48' title='bbox 1472 851 1869 922; x_wconf 84' lang='lat' dir='ltr'>blasphemet,</span> <span class='ocrx_word' id='word_1_49' title='bbox 1929 856 2143 921; x_wconf 88' lang='lat' dir='ltr'>putans</span> 
     </span>
    </p>
   </div>
   <div class='ocr_carea' id='block_1_10' title="bbox 485 940 2140 1013">
    <p class='ocr_par' dir='ltr' id='par_1_10' title="bbox 485 940 2140 1013">
     <span class='ocr_line' id='line_1_10' title="bbox 485 940 2140 1013; baseline -0.005 -14"><span class='ocrx_word' id='word_1_50' title='bbox 485 944 599 999; x_wconf 86' lang='lat' dir='ltr'>tale</span> <span class='ocrx_word' id='word_1_51' title='bbox 630 944 881 999; x_wconf 85' lang='lat' dir='ltr'>verbum</span> <span class='ocrx_word' id='word_1_52' title='bbox 911 958 1038 997; x_wconf 87' lang='lat' dir='ltr'>esse</span> <span class='ocrx_word' id='word_1_53' title='bbox 1059 941 1234 1013; x_wconf 85' lang='lat' dir='ltr'>quale</span> <span class='ocrx_word' id='word_1_54' title='bbox 1257 948 1527 996; x_wconf 90' lang='lat' dir='ltr'>nostrum</span> <span class='ocrx_word' id='word_1_55' title='bbox 1555 945 1660 1003; x_wconf 88' lang='lat' dir='ltr'>est,</span> <span class='ocrx_word' id='word_1_56' title='bbox 1692 941 1816 994; x_wconf 90' lang='lat' dir='ltr'>sive</span> <span class='ocrx_word' id='word_1_57' title='bbox 1842 940 2140 993; x_wconf 87' lang='lat' dir='ltr'>internum</span> 
     </span>
    </p>
   </div>
   <div class='ocr_carea' id='block_1_11' title="bbox 486 1027 2144 1104">
    <p class='ocr_par' dir='ltr' id='par_1_11' title="bbox 486 1027 2144 1104">
     <span class='ocr_line' id='line_1_11' title="bbox 486 1027 2144 1104; baseline -0.005 -16"><span class='ocrx_word' id='word_1_58' title='bbox 486 1034 608 1088; x_wconf 86' lang='lat' dir='ltr'>sive</span> <span class='ocrx_word' id='word_1_59' title='bbox 630 1033 681 1087; x_wconf 91' lang='lat' dir='ltr'>id</span> <span class='ocrx_word' id='word_1_60' title='bbox 724 1032 885 1104; x_wconf 90' lang='lat' dir='ltr'>quod</span> <span class='ocrx_word' id='word_1_61' title='bbox 915 1030 1274 1102; x_wconf 80' lang='lat' dir='ltr'>proferimus</span> <span class='ocrx_word' id='word_1_62' title='bbox 1301 1047 1312 1096; x_wconf 92' lang='lat'>;</span> <span class='ocrx_word' id='word_1_63' title='bbox 1349 1046 1536 1101; x_wconf 90' lang='lat' dir='ltr'>neque</span> <span class='ocrx_word' id='word_1_64' title='bbox 1568 1029 1725 1084; x_wconf 91' lang='lat' dir='ltr'>enim</span> <span class='ocrx_word' id='word_1_65' title='bbox 1754 1028 1869 1082; x_wconf 92' lang='lat' dir='ltr'>tale</span> <span class='ocrx_word' id='word_1_66' title='bbox 1899 1033 2003 1091; x_wconf 88' lang='lat' dir='ltr'>est,</span> <span class='ocrx_word' id='word_1_67' title='bbox 2040 1027 2144 1080; x_wconf 91' lang='lat' dir='ltr'>sed</span> 
     </span>
    </p>
   </div>
   <div class='ocr_carea' id='block_1_12' title="bbox 484 1116 2145 1190">
    <p class='ocr_par' dir='ltr' id='par_1_12' title="bbox 484 1116 2145 1190">
     <span class='ocr_line' id='line_1_12' title="bbox 484 1116 2145 1190; baseline -0.004 -13"><span class='ocrx_word' id='word_1_68' title='bbox 484 1121 889 1185; x_wconf 89' lang='lat' dir='ltr'>substantiale,</span> <span class='ocrx_word' id='word_1_69' title='bbox 947 1120 1203 1190; x_wconf 87' lang='lat' dir='ltr'>ejusdem</span> <span class='ocrx_word' id='word_1_70' title='bbox 1233 1136 1367 1174; x_wconf 91' lang='lat' dir='ltr'>cum</span> <span class='ocrx_word' id='word_1_71' title='bbox 1433 1119 1601 1175; x_wconf 84' lang='lat' dir='ltr'>Patre</span> <span class='ocrx_word' id='word_1_72' title='bbox 1663 1124 1890 1173; x_wconf 69' lang='lat' dir='ltr'>naturae</span> <span class='ocrx_word' id='word_1_73' title='bbox 1918 1132 1988 1173; x_wconf 90' lang='lat' dir='ltr'>ac</span> <span class='ocrx_word' id='word_1_74' title='bbox 2061 1116 2145 1171; x_wconf 86' lang='lat' dir='ltr'>di—</span> 
     </span>
    </p>
   </div>
   <div class='ocr_carea' id='block_1_13' title="bbox 484 1212 743 1283">
    <p class='ocr_par' dir='ltr' id='par_1_13' title="bbox 484 1212 743 1283">
     <span class='ocr_line' id='line_1_13' title="bbox 484 1212 743 1283; baseline -0.012 -17"><span class='ocrx_word' id='word_1_75' title='bbox 484 1212 743 1283; x_wconf 81' lang='lat' dir='ltr'>gnitatis.</span> 
     </span>
    </p>
   </div>
   <div class='ocr_carea' id='block_1_14' title="bbox 555 1296 2142 1369">
    <p class='ocr_par' dir='ltr' id='par_1_14' title="bbox 555 1296 2142 1369">
     <span class='ocr_line' id='line_1_14' title="bbox 555 1296 2142 1369; baseline -0.003 -14"><span class='ocrx_word' id='word_1_76' title='bbox 555 1303 717 1356; x_wconf 87' lang='lat' dir='ltr'>Vers.</span> <span class='ocrx_word' id='word_1_77' title='bbox 763 1303 816 1355; x_wconf 78' lang='lat'>2.</span> <span class='ocrx_word' id='word_1_78' title='bbox 850 1301 971 1356; x_wconf 83' lang='lat' dir='ltr'>Hoc</span> <span class='ocrx_word' id='word_1_79' title='bbox 998 1331 1064 1340; x_wconf 94' lang='lat'><strong>—-</strong></span> <span class='ocrx_word' id='word_1_80' title='bbox 1098 1302 1297 1356; x_wconf 86' lang='lat' dir='ltr'>Deum.</span> <span class='ocrx_word' id='word_1_81' title='bbox 1330 1301 1477 1354; x_wconf 90' lang='lat' dir='ltr'>Cum</span> <span class='ocrx_word' id='word_1_82' title='bbox 1530 1298 1771 1353; x_wconf 80' lang='lat' dir='ltr'>dixisset</span> <span class='ocrx_word' id='word_1_83' title='bbox 1802 1296 1965 1369; x_wconf 91' lang='lat' dir='ltr'>quod</span> <span class='ocrx_word' id='word_1_84' title='bbox 1990 1312 2142 1351; x_wconf 87' lang='lat' dir='ltr'>sem—</span> 
     </span>
    </p>
   </div>
   <div class='ocr_carea' id='block_1_15' title="bbox 482 1386 2145 1462">
    <p class='ocr_par' dir='ltr' id='par_1_15' title="bbox 482 1386 2145 1462">
     <span class='ocr_line' id='line_1_15' title="bbox 482 1386 2145 1462; baseline -0.004 -16"><span class='ocrx_word' id='word_1_85' title='bbox 482 1407 585 1462; x_wconf 87' lang='lat' dir='ltr'>per</span> <span class='ocrx_word' id='word_1_86' title='bbox 617 1394 760 1453; x_wconf 90' lang='lat' dir='ltr'>erat,</span> <span class='ocrx_word' id='word_1_87' title='bbox 794 1389 1078 1462; x_wconf 87' lang='lat' dir='ltr'>quodque</span> <span class='ocrx_word' id='word_1_88' title='bbox 1118 1405 1154 1444; x_wconf 90' lang='lat' dir='ltr'>a</span> <span class='ocrx_word' id='word_1_89' title='bbox 1192 1390 1362 1445; x_wconf 88' lang='lat' dir='ltr'>Patre</span> <span class='ocrx_word' id='word_1_90' title='bbox 1422 1386 1833 1459; x_wconf 82' lang='lat' dir='ltr'>inseparabile,</span> <span class='ocrx_word' id='word_1_91' title='bbox 1887 1391 1938 1440; x_wconf 89' lang='lat' dir='ltr'>et</span> <span class='ocrx_word' id='word_1_92' title='bbox 1979 1386 2145 1457; x_wconf 90' lang='lat' dir='ltr'>quod</span> 
     </span>
    </p>
   </div>
   <div class='ocr_carea' id='block_1_16' title="bbox 488 1474 2143 1548">
    <p class='ocr_par' dir='ltr' id='par_1_16' title="bbox 488 1474 2143 1548">
     <span class='ocr_line' id='line_1_16' title="bbox 488 1474 2143 1548; baseline -0.004 -13"><span class='ocrx_word' id='word_1_93' title='bbox 488 1483 640 1535; x_wconf 92' lang='lat' dir='ltr'>Deus</span> <span class='ocrx_word' id='word_1_94' title='bbox 681 1484 849 1534; x_wconf 89' lang='lat' dir='ltr'>erat:</span> <span class='ocrx_word' id='word_1_95' title='bbox 895 1478 1059 1533; x_wconf 85' lang='lat' dir='ltr'>brevi</span> <span class='ocrx_word' id='word_1_96' title='bbox 1104 1478 1485 1548; x_wconf 88' lang='lat' dir='ltr'>mirandoque</span> <span class='ocrx_word' id='word_1_97' title='bbox 1530 1477 1731 1540; x_wconf 89' lang='lat' dir='ltr'>modo,</span> <span class='ocrx_word' id='word_1_98' title='bbox 1780 1474 2143 1543; x_wconf 82' lang='lat' dir='ltr'>theologiam</span> 
     </span>
    </p>
   </div>
   <div class='ocr_carea' id='block_1_17' title="bbox 484 1565 2145 1641">
    <p class='ocr_par' dir='ltr' id='par_1_17' title="bbox 484 1565 2145 1641">
     <span class='ocr_line' id='line_1_17' title="bbox 484 1565 2145 1641; baseline -0.003 -18"><span class='ocrx_word' id='word_1_99' title='bbox 484 1585 668 1641; x_wconf 84' lang='lat' dir='ltr'>quam</span> <span class='ocrx_word' id='word_1_100' title='bbox 694 1569 767 1623; x_wconf 91' lang='lat' dir='ltr'>de</span> <span class='ocrx_word' id='word_1_101' title='bbox 801 1569 914 1623; x_wconf 90' lang='lat' dir='ltr'>hoc</span> <span class='ocrx_word' id='word_1_102' title='bbox 951 1567 1240 1637; x_wconf 83' lang='lat' dir='ltr'>exposuit,</span> <span class='ocrx_word' id='word_1_103' title='bbox 1271 1567 1333 1621; x_wconf 91' lang='lat' dir='ltr'>in</span> <span class='ocrx_word' id='word_1_104' title='bbox 1373 1583 1675 1621; x_wconf 89' lang='lat' dir='ltr'>summam</span> <span class='ocrx_word' id='word_1_105' title='bbox 1708 1565 1923 1633; x_wconf 77' lang='lat' dir='ltr'>redigit</span> <span class='ocrx_word' id='word_1_106' title='bbox 1967 1580 2145 1619; x_wconf 90' lang='lat' dir='ltr'>:com-</span> 
     </span>
    </p>
   </div>
   <div class='ocr_carea' id='block_1_18' title="bbox 482 1655 2146 1730">
    <p class='ocr_par' dir='ltr' id='par_1_18' title="bbox 482 1655 2146 1730">
     <span class='ocr_line' id='line_1_18' title="bbox 482 1655 2146 1730; baseline -0.004 -16"><span class='ocrx_word' id='word_1_107' title='bbox 482 1658 773 1730; x_wconf 90' lang='lat' dir='ltr'>pendium</span> <span class='ocrx_word' id='word_1_108' title='bbox 825 1658 1043 1713; x_wconf 69' lang='lat' dir='ltr'>divinaa</span> <span class='ocrx_word' id='word_1_109' title='bbox 1096 1657 1170 1711; x_wconf 89' lang='lat' dir='ltr'>de</span> <span class='ocrx_word' id='word_1_110' title='bbox 1224 1672 1293 1711; x_wconf 92' lang='lat' dir='ltr'>eo</span> <span class='ocrx_word' id='word_1_111' title='bbox 1352 1655 1706 1725; x_wconf 79' lang='lat' dir='ltr'>cognitionis</span> <span class='ocrx_word' id='word_1_112' title='bbox 1755 1655 1929 1711; x_wconf 90' lang='lat' dir='ltr'>nobis</span> <span class='ocrx_word' id='word_1_113' title='bbox 1991 1670 2146 1726; x_wconf 75' lang='lat' dir='ltr'>prae-</span> 
     </span>
    </p>
   </div>
   <div class='ocr_carea' id='block_1_19' title="bbox 483 1749 654 1803">
    <p class='ocr_par' dir='ltr' id='par_1_19' title="bbox 483 1749 654 1803">
     <span class='ocr_line' id='line_1_19' title="bbox 483 1749 654 1803; baseline -0.018 0"><span class='ocrx_word' id='word_1_114' title='bbox 483 1749 654 1803; x_wconf 89' lang='lat' dir='ltr'>bens.</span> 
     </span>
    </p>
   </div>
   <div class='ocr_carea' id='block_1_20' title="bbox 557 1833 2216 1911">
    <p class='ocr_par' dir='ltr' id='par_1_20' title="bbox 557 1833 2216 1911">
     <span class='ocr_line' id='line_1_20' title="bbox 557 1833 2216 1911; baseline -0.001 -21"><span class='ocrx_word' id='word_1_115' title='bbox 557 1835 898 1891; x_wconf 91' lang='lat' dir='ltr'>Dicentibus</span> <span class='ocrx_word' id='word_1_116' title='bbox 952 1838 1169 1890; x_wconf 88' lang='lat' dir='ltr'>autem.</span> <span class='ocrx_word' id='word_1_117' title='bbox 1213 1833 1379 1906; x_wconf 92' lang='lat' dir='ltr'>quod</span> <span class='ocrx_word' id='word_1_118' title='bbox 1431 1833 1626 1888; x_wconf 90' lang='lat' dir='ltr'>omnis</span> <span class='ocrx_word' id='word_1_119' title='bbox 1668 1833 1823 1888; x_wconf 88' lang='lat' dir='ltr'>ﬁlius</span> <span class='ocrx_word' id='word_1_120' title='bbox 1853 1838 2017 1905; x_wconf 85' lang='lat' dir='ltr'>patre</span> <span class='ocrx_word' id='word_1_121' title='bbox 2043 1848 2147 1904; x_wconf 83' lang='lat' dir='ltr'>po-</span> <span class='ocrx_word' id='word_1_122' title='bbox 2181 1860 2216 1911; x_wconf 73' lang='grc' dir='ltr'>Β</span> 
     </span>
    </p>
   </div>
   <div class='ocr_carea' id='block_1_21' title="bbox 488 1922 2146 1996">
    <p class='ocr_par' dir='ltr' id='par_1_21' title="bbox 488 1922 2146 1996">
     <span class='ocr_line' id='line_1_21' title="bbox 488 1922 2146 1996; baseline -0.001 -17"><span class='ocrx_word' id='word_1_123' title='bbox 488 1926 695 1981; x_wconf 87' lang='lat' dir='ltr'>sterior</span> <span class='ocrx_word' id='word_1_124' title='bbox 746 1930 851 1990; x_wconf 88' lang='lat' dir='ltr'>est,</span> <span class='ocrx_word' id='word_1_125' title='bbox 917 1923 1414 1996; x_wconf 89' lang='lat' dir='ltr'>respondebimus</span> <span class='ocrx_word' id='word_1_126' title='bbox 1450 1946 1461 1976; x_wconf 87' lang='lat'>:</span> <span class='ocrx_word' id='word_1_127' title='bbox 1504 1922 1650 1977; x_wconf 87' lang='lat' dir='ltr'>Cum</span> <span class='ocrx_word' id='word_1_128' title='bbox 1694 1923 1906 1989; x_wconf 89' lang='lat' dir='ltr'>dicitis,</span> <span class='ocrx_word' id='word_1_129' title='bbox 1942 1922 2146 1978; x_wconf 90' lang='lat' dir='ltr'>Omnis</span> 
     </span>
    </p>
   </div>
   <div class='ocr_carea' id='block_1_22' title="bbox 484 2012 2143 2085">
    <p class='ocr_par' dir='ltr' id='par_1_22' title="bbox 484 2012 2143 2085">
     <span class='ocr_line' id='line_1_22' title="bbox 484 2012 2143 2085; baseline -0.002 -16"><span class='ocrx_word' id='word_1_130' title='bbox 484 2014 665 2081; x_wconf 91' lang='lat' dir='ltr'>ﬁlius,</span> <span class='ocrx_word' id='word_1_131' title='bbox 694 2015 820 2084; x_wconf 89' lang='lat' dir='ltr'>jam</span> <span class='ocrx_word' id='word_1_132' title='bbox 851 2014 908 2069; x_wconf 89' lang='lat' dir='ltr'>id</span> <span class='ocrx_word' id='word_1_133' title='bbox 944 2014 1106 2085; x_wconf 90' lang='lat' dir='ltr'>quod</span> <span class='ocrx_word' id='word_1_134' title='bbox 1136 2012 1422 2085; x_wconf 66' lang='lat' dir='ltr'>quaeritur</span> <span class='ocrx_word' id='word_1_135' title='bbox 1448 2012 1823 2067; x_wconf 87' lang='lat' dir='ltr'>dissolvistis.</span> <span class='ocrx_word' id='word_1_136' title='bbox 1848 2012 2143 2084; x_wconf 89' lang='lat' dir='ltr'>Siquidem</span> 
     </span>
    </p>
   </div>
   <div class='ocr_carea' id='block_1_23' title="bbox 488 2101 2147 2173">
    <p class='ocr_par' dir='ltr' id='par_1_23' title="bbox 488 2101 2147 2173">
     <span class='ocr_line' id='line_1_23' title="bbox 488 2101 2147 2173; baseline -0.002 -13"><span class='ocrx_word' id='word_1_137' title='bbox 488 2104 591 2160; x_wconf 87' lang='lat' dir='ltr'>Dei</span> <span class='ocrx_word' id='word_1_138' title='bbox 614 2104 813 2167; x_wconf 85' lang='lat' dir='ltr'>Filius,</span> <span class='ocrx_word' id='word_1_139' title='bbox 838 2119 957 2158; x_wconf 93' lang='lat' dir='ltr'>non</span> <span class='ocrx_word' id='word_1_140' title='bbox 987 2108 1074 2158; x_wconf 90' lang='lat' dir='ltr'>est</span> <span class='ocrx_word' id='word_1_141' title='bbox 1098 2102 1244 2166; x_wconf 86' lang='lat' dir='ltr'>talis,</span> <span class='ocrx_word' id='word_1_142' title='bbox 1279 2101 1472 2173; x_wconf 87' lang='lat' dir='ltr'>qualis</span> <span class='ocrx_word' id='word_1_143' title='bbox 1496 2105 1587 2157; x_wconf 89' lang='lat' dir='ltr'>est</span> <span class='ocrx_word' id='word_1_144' title='bbox 1611 2102 1808 2157; x_wconf 87' lang='lat' dir='ltr'>omnis</span> <span class='ocrx_word' id='word_1_145' title='bbox 1834 2101 2010 2168; x_wconf 86' lang='lat' dir='ltr'>ﬁlius,</span> <span class='ocrx_word' id='word_1_146' title='bbox 2044 2102 2147 2157; x_wconf 90' lang='lat' dir='ltr'>sed</span> 
     </span>
    </p>
   </div>
   <div class='ocr_carea' id='block_1_24' title="bbox 487 2191 1145 2264">
    <p class='ocr_par' dir='ltr' id='par_1_24' title="bbox 487 2191 1145 2264">
     <span class='ocr_line' id='line_1_24' title="bbox 487 2191 1145 2264; baseline -0.006 -15"><span class='ocrx_word' id='word_1_147' title='bbox 487 2208 627 2249; x_wconf 81' lang='lat' dir='ltr'>vere</span> <span class='ocrx_word' id='word_1_148' title='bbox 651 2191 1145 2264; x_wconf 87' lang='lat' dir='ltr'>supernaturalis.</span> 
     </span>
    </p>
   </div>
   <div class='ocr_carea' id='block_1_25' title="bbox 563 2279 2148 2351">
    <p class='ocr_par' dir='ltr' id='par_1_25' title="bbox 563 2279 2148 2351">
     <span class='ocr_line' id='line_1_25' title="bbox 563 2279 2148 2351; baseline 0 -17"><span class='ocrx_word' id='word_1_149' title='bbox 563 2282 849 2337; x_wconf 64' lang='lat' dir='ltr'>Praeterea</span> <span class='ocrx_word' id='word_1_150' title='bbox 898 2280 1264 2335; x_wconf 89' lang='lat' dir='ltr'>contentiose</span> <span class='ocrx_word' id='word_1_151' title='bbox 1305 2279 1704 2335; x_wconf 90' lang='lat' dir='ltr'>asserentibus</span> <span class='ocrx_word' id='word_1_152' title='bbox 1750 2295 1886 2335; x_wconf 91' lang='lat' dir='ltr'>eum</span> <span class='ocrx_word' id='word_1_153' title='bbox 1926 2279 2031 2351; x_wconf 91' lang='lat' dir='ltr'>qui</span> <span class='ocrx_word' id='word_1_154' title='bbox 2071 2281 2148 2335; x_wconf 90' lang='lat' dir='ltr'>ab</span> 
     </span>
    </p>
   </div>
   <div class='ocr_carea' id='block_1_26' title="bbox 492 2370 2150 2442">
    <p class='ocr_par' dir='ltr' id='par_1_26' title="bbox 492 2370 2150 2442">
     <span class='ocr_line' id='line_1_26' title="bbox 492 2370 2150 2442; baseline -0.001 -16"><span class='ocrx_word' id='word_1_155' title='bbox 492 2370 691 2442; x_wconf 89' lang='lat' dir='ltr'>aliquo</span> <span class='ocrx_word' id='word_1_156' title='bbox 724 2375 835 2434; x_wconf 88' lang='lat' dir='ltr'>est,</span> <span class='ocrx_word' id='word_1_157' title='bbox 869 2386 1109 2425; x_wconf 89' lang='lat' dir='ltr'>necesse</span> <span class='ocrx_word' id='word_1_158' title='bbox 1128 2370 1376 2424; x_wconf 90' lang='lat' dir='ltr'>omnino</span> <span class='ocrx_word' id='word_1_159' title='bbox 1415 2384 1547 2424; x_wconf 88' lang='lat' dir='ltr'>esse</span> <span class='ocrx_word' id='word_1_160' title='bbox 1578 2374 1641 2423; x_wconf 92' lang='lat' dir='ltr'>ut</span> <span class='ocrx_word' id='word_1_161' title='bbox 1664 2371 1737 2423; x_wconf 86' lang='lat' dir='ltr'>sit</span> <span class='ocrx_word' id='word_1_162' title='bbox 1760 2370 2049 2439; x_wconf 86' lang='lat' dir='ltr'>posterior</span> <span class='ocrx_word' id='word_1_163' title='bbox 2080 2386 2150 2424; x_wconf 88' lang='lat' dir='ltr'>eo</span> 
     </span>
    </p>
   </div>
   <div class='ocr_carea' id='block_1_27' title="bbox 490 2458 2153 2532">
    <p class='ocr_par' dir='ltr' id='par_1_27' title="bbox 490 2458 2153 2532">
     <span class='ocr_line' id='line_1_27' title="bbox 490 2458 2153 2532; baseline -0.001 -16"><span class='ocrx_word' id='word_1_164' title='bbox 490 2477 525 2516; x_wconf 92' lang='lat' dir='ltr'>a</span> <span class='ocrx_word' id='word_1_165' title='bbox 555 2476 677 2532; x_wconf 90' lang='lat' dir='ltr'>quo</span> <span class='ocrx_word' id='word_1_166' title='bbox 709 2464 815 2524; x_wconf 90' lang='lat' dir='ltr'>est,</span> <span class='ocrx_word' id='word_1_167' title='bbox 847 2458 1330 2530; x_wconf 88' lang='lat' dir='ltr'>respondendum</span> <span class='ocrx_word' id='word_1_168' title='bbox 1353 2463 1458 2522; x_wconf 90' lang='lat' dir='ltr'>est,</span> <span class='ocrx_word' id='word_1_169' title='bbox 1487 2458 1652 2529; x_wconf 91' lang='lat' dir='ltr'>quod</span> <span class='ocrx_word' id='word_1_170' title='bbox 1685 2458 1792 2512; x_wconf 85' lang='lat' dir='ltr'>etsi</span> <span class='ocrx_word' id='word_1_171' title='bbox 1815 2458 1927 2513; x_wconf 88' lang='lat' dir='ltr'>hoc</span> <span class='ocrx_word' id='word_1_172' title='bbox 1952 2458 2153 2515; x_wconf 85' lang='lat' dir='ltr'>dicant</span> 
     </span>
    </p>
   </div>
   <div class='ocr_carea' id='block_1_28' title="bbox 492 2547 2153 2619">
    <p class='ocr_par' dir='ltr' id='par_1_28' title="bbox 492 2547 2153 2619">
     <span class='ocr_line' id='line_1_28' title="bbox 492 2547 2153 2619; baseline 0.001 -15"><span class='ocrx_word' id='word_1_173' title='bbox 492 2550 633 2604; x_wconf 91' lang='lat' dir='ltr'>solis</span> <span class='ocrx_word' id='word_1_174' title='bbox 667 2555 867 2604; x_wconf 88' lang='lat' dir='ltr'>tamen</span> <span class='ocrx_word' id='word_1_175' title='bbox 892 2549 1097 2603; x_wconf 86' lang='lat' dir='ltr'>radius</span> <span class='ocrx_word' id='word_1_176' title='bbox 1136 2564 1273 2603; x_wconf 92' lang='lat' dir='ltr'>cum</span> <span class='ocrx_word' id='word_1_177' title='bbox 1298 2547 1375 2603; x_wconf 91' lang='lat' dir='ltr'>ab</span> <span class='ocrx_word' id='word_1_178' title='bbox 1415 2548 1547 2618; x_wconf 91' lang='lat' dir='ltr'>ipso</span> <span class='ocrx_word' id='word_1_179' title='bbox 1572 2549 1664 2613; x_wconf 86' lang='lat' dir='ltr'>sit,</span> <span class='ocrx_word' id='word_1_180' title='bbox 1694 2564 1815 2602; x_wconf 94' lang='lat' dir='ltr'>non</span> <span class='ocrx_word' id='word_1_181' title='bbox 1840 2553 1925 2603; x_wconf 90' lang='lat' dir='ltr'>est</span> <span class='ocrx_word' id='word_1_182' title='bbox 1947 2564 2016 2603; x_wconf 91' lang='lat' dir='ltr'>eo</span> <span class='ocrx_word' id='word_1_183' title='bbox 2048 2563 2153 2619; x_wconf 91' lang='lat' dir='ltr'>p0-</span> 
     </span>
    </p>
   </div>
   <div class='ocr_carea' id='block_1_29' title="bbox 493 2636 2150 2710">
    <p class='ocr_par' dir='ltr' id='par_1_29' title="bbox 493 2636 2150 2710">
     <span class='ocr_line' id='line_1_29' title="bbox 493 2636 2150 2710; baseline -0.001 -17"><span class='ocrx_word' id='word_1_184' title='bbox 493 2638 740 2693; x_wconf 90' lang='lat' dir='ltr'>sterior:</span> <span class='ocrx_word' id='word_1_185' title='bbox 777 2654 1091 2710; x_wconf 87' lang='lat' dir='ltr'>nunquam</span> <span class='ocrx_word' id='word_1_186' title='bbox 1129 2638 1287 2693; x_wconf 91' lang='lat' dir='ltr'>enim</span> <span class='ocrx_word' id='word_1_187' title='bbox 1332 2636 1419 2692; x_wconf 91' lang='lat' dir='ltr'>sol</span> <span class='ocrx_word' id='word_1_188' title='bbox 1462 2638 1585 2691; x_wconf 92' lang='lat' dir='ltr'>sine</span> <span class='ocrx_word' id='word_1_189' title='bbox 1636 2637 1805 2691; x_wconf 90' lang='lat' dir='ltr'>radio</span> <span class='ocrx_word' id='word_1_190' title='bbox 1850 2638 2150 2709; x_wconf 85' lang='lat' dir='ltr'>apparuit.</span> 
     </span>
    </p>
   </div>
   <div class='ocr_carea' id='block_1_30' title="bbox 496 2726 2156 2798">
    <p class='ocr_par' dir='ltr' id='par_1_30' title="bbox 496 2726 2156 2798">
     <span class='ocr_line' id='line_1_30' title="bbox 496 2726 2156 2798; baseline 0.001 -17"><span class='ocrx_word' id='word_1_191' title='bbox 496 2727 669 2792; x_wconf 87' lang='lat' dir='ltr'>Quod</span> <span class='ocrx_word' id='word_1_192' title='bbox 702 2727 748 2781; x_wconf 94' lang='lat' dir='ltr'>si</span> <span class='ocrx_word' id='word_1_193' title='bbox 788 2728 844 2781; x_wconf 91' lang='lat' dir='ltr'>in</span> <span class='ocrx_word' id='word_1_194' title='bbox 872 2727 1184 2782; x_wconf 88' lang='lat' dir='ltr'>sensilibus</span> <span class='ocrx_word' id='word_1_195' title='bbox 1213 2727 1293 2781; x_wconf 87' lang='lat' dir='ltr'>ita</span> <span class='ocrx_word' id='word_1_196' title='bbox 1315 2731 1424 2795; x_wconf 88' lang='lat' dir='ltr'>est,</span> <span class='ocrx_word' id='word_1_197' title='bbox 1458 2726 1747 2798; x_wconf 88' lang='lat' dir='ltr'>quidnam</span> <span class='ocrx_word' id='word_1_198' title='bbox 1777 2726 1972 2781; x_wconf 89' lang='lat' dir='ltr'>dicere</span> <span class='ocrx_word' id='word_1_199' title='bbox 2000 2727 2156 2798; x_wconf 90' lang='lat' dir='ltr'>quis-</span> 
     </span>
    </p>
   </div>
   <div class='ocr_carea' id='block_1_31' title="bbox 494 2816 2154 2889">
    <p class='ocr_par' dir='ltr' id='par_1_31' title="bbox 494 2816 2154 2889">
     <span class='ocr_line' id='line_1_31' title="bbox 494 2816 2154 2889; baseline 0.001 -20"><span class='ocrx_word' id='word_1_200' title='bbox 494 2817 657 2889; x_wconf 87' lang='lat' dir='ltr'>piam</span> <span class='ocrx_word' id='word_1_201' title='bbox 686 2817 903 2888; x_wconf 90' lang='lat' dir='ltr'>poterit</span> <span class='ocrx_word' id='word_1_202' title='bbox 934 2816 1006 2872; x_wconf 90' lang='lat' dir='ltr'>de</span> <span class='ocrx_word' id='word_1_203' title='bbox 1030 2817 1120 2871; x_wconf 88' lang='lat' dir='ltr'>his</span> <span class='ocrx_word' id='word_1_204' title='bbox 1147 2833 1281 2887; x_wconf 76' lang='lat' dir='ltr'>quae</span> <span class='ocrx_word' id='word_1_205' title='bbox 1310 2816 1540 2885; x_wconf 86' lang='lat' dir='ltr'>majora</span> <span class='ocrx_word' id='word_1_206' title='bbox 1565 2823 1721 2880; x_wconf 84' lang='lat' dir='ltr'>sunt,</span> <span class='ocrx_word' id='word_1_207' title='bbox 1754 2833 1930 2887; x_wconf 89' lang='lat' dir='ltr'>quam</span> <span class='ocrx_word' id='word_1_208' title='bbox 1954 2822 2013 2872; x_wconf 90' lang='lat' dir='ltr'>ut</span> <span class='ocrx_word' id='word_1_209' title='bbox 2040 2816 2154 2872; x_wconf 89' lang='lat' dir='ltr'>dici</span> 
     </span>
    </p>
   </div>
   <div class='ocr_carea' id='block_1_32' title="bbox 494 2905 2158 2978">
    <p class='ocr_par' dir='ltr' id='par_1_32' title="bbox 494 2905 2158 2978">
     <span class='ocr_line' id='line_1_32' title="bbox 494 2905 2158 2978; baseline 0.001 -17"><span class='ocrx_word' id='word_1_210' title='bbox 494 2907 726 2977; x_wconf 90' lang='lat' dir='ltr'>possint</span> <span class='ocrx_word' id='word_1_211' title='bbox 764 2905 791 2960; x_wconf 78' lang='lat'><strong>?</strong></span> <span class='ocrx_word' id='word_1_212' title='bbox 831 2905 913 2960; x_wconf 82' lang='lat' dir='ltr'>Ex</span> <span class='ocrx_word' id='word_1_213' title='bbox 943 2922 1065 2978; x_wconf 91' lang='lat' dir='ltr'>quo</span> <span class='ocrx_word' id='word_1_214' title='bbox 1089 2912 1289 2961; x_wconf 90' lang='lat' dir='ltr'>autem</span> <span class='ocrx_word' id='word_1_215' title='bbox 1325 2908 1507 2959; x_wconf 86' lang='lat' dir='ltr'>Deum</span> <span class='ocrx_word' id='word_1_216' title='bbox 1540 2905 1736 2976; x_wconf 90' lang='lat' dir='ltr'>ipsum</span> <span class='ocrx_word' id='word_1_217' title='bbox 1797 2921 1924 2960; x_wconf 90' lang='lat' dir='ltr'>esse</span> <span class='ocrx_word' id='word_1_218' title='bbox 1957 2907 2158 2976; x_wconf 65' lang='lat' dir='ltr'>prmdi-</span> 
     </span>
    </p>
   </div>
   <div class='ocr_carea' id='block_1_33' title="bbox 494 2993 2160 3063">
    <p class='ocr_par' dir='ltr' id='par_1_33' title="bbox 494 2993 2160 3063">
     <span class='ocr_line' id='line_1_33' title="bbox 494 2993 2160 3063; baseline 0 -12"><span class='ocrx_word' id='word_1_219' title='bbox 494 2995 667 3059; x_wconf 91' lang='lat' dir='ltr'>cavit,</span> <span class='ocrx_word' id='word_1_220' title='bbox 701 2995 803 3050; x_wconf 90' lang='lat' dir='ltr'>dat</span> <span class='ocrx_word' id='word_1_221' title='bbox 834 2996 1011 3049; x_wconf 90' lang='lat' dir='ltr'>etiam</span> <span class='ocrx_word' id='word_1_222' title='bbox 1063 2995 1113 3049; x_wconf 91' lang='lat' dir='ltr'>ei</span> <span class='ocrx_word' id='word_1_223' title='bbox 1159 2993 1478 3048; x_wconf 89' lang='lat' dir='ltr'>divinitatis</span> <span class='ocrx_word' id='word_1_224' title='bbox 1532 2994 1962 3063; x_wconf 79' lang='lat' dir='ltr'>insignezdico</span> <span class='ocrx_word' id='word_1_225' title='bbox 2018 3012 2160 3051; x_wconf 89' lang='lat' dir='ltr'>sane</span> 
     </span>
    </p>
   </div>
   <div class='ocr_carea' id='block_1_34' title="bbox 495 3082 2159 3155">
    <p class='ocr_par' dir='ltr' id='par_1_34' title="bbox 495 3082 2159 3155">
     <span class='ocr_line' id='line_1_34' title="bbox 495 3082 2159 3155; baseline 0.001 -16"><span class='ocrx_word' id='word_1_226' title='bbox 495 3083 738 3139; x_wconf 89' lang='lat' dir='ltr'>creandi</span> <span class='ocrx_word' id='word_1_227' title='bbox 761 3084 1087 3154; x_wconf 84' lang='lat' dir='ltr'>potentiam</span> <span class='ocrx_word' id='word_1_228' title='bbox 1121 3100 1133 3136; x_wconf 93' lang='lat'><strong>:</strong></span> <span class='ocrx_word' id='word_1_229' title='bbox 1165 3082 1457 3150; x_wconf 81' lang='lat' dir='ltr'>Diz&#39;em&#39;m,</span> <span class='ocrx_word' id='word_1_230' title='bbox 1491 3082 1703 3155; x_wconf 89' lang='lat' dir='ltr'>inquit,</span> <span class='ocrx_word' id='word_1_231' title='bbox 1732 3084 1836 3154; x_wconf 76' lang='lat' dir='ltr'>qui</span> <span class='ocrx_word' id='word_1_232' title='bbox 1866 3086 2074 3141; x_wconf 75' lang='lat' dir='ltr'>coelum</span> <span class='ocrx_word' id='word_1_233' title='bbox 2105 3091 2159 3140; x_wconf 80' lang='lat' dir='ltr'>et</span> 
     </span>
    </p>
   </div>
   <div class='ocr_carea' id='block_1_35' title="bbox 498 3173 2161 3246">
    <p class='ocr_par' dir='ltr' id='par_1_35' title="bbox 498 3173 2161 3246">
     <span class='ocr_line' id='line_1_35' title="bbox 498 3173 2161 3246; baseline 0.002 -19"><span class='ocrx_word' id='word_1_234' title='bbox 498 3180 721 3228; x_wconf 82' lang='lat' dir='ltr'>terram</span> <span class='ocrx_word' id='word_1_235' title='bbox 746 3189 864 3228; x_wconf 84' lang='lat' dir='ltr'>non</span> <span class='ocrx_word' id='word_1_236' title='bbox 886 3175 1427 3242; x_wconf 79' lang='lat' dir='ltr'>feceruntpereant</span> <span class='ocrx_word' id='word_1_237' title='bbox 1457 3173 1498 3226; x_wconf 80' lang='lat'>‘.</span> <span class='ocrx_word' id='word_1_238' title='bbox 1538 3173 1602 3227; x_wconf 90' lang='lat' dir='ltr'>Id</span> <span class='ocrx_word' id='word_1_239' title='bbox 1629 3178 1850 3239; x_wconf 89' lang='lat' dir='ltr'>autem,</span> <span class='ocrx_word' id='word_1_240' title='bbox 1883 3190 1955 3229; x_wconf 89' lang='lat' dir='ltr'>ne</span> <span class='ocrx_word' id='word_1_241' title='bbox 1995 3180 2161 3246; x_wconf 89' lang='lat' dir='ltr'>pute-</span> 
     </span>
    </p>
   </div>
   <div class='ocr_carea' id='block_1_36' title="bbox 496 3261 1234 3317">
    <p class='ocr_par' dir='ltr' id='par_1_36' title="bbox 496 3261 1234 3317">
     <span class='ocr_line' id='line_1_36' title="bbox 496 3261 1234 3317; baseline -0.005 0"><span class='ocrx_word' id='word_1_242' title='bbox 496 3267 592 3317; x_wconf 87' lang='lat' dir='ltr'>tur</span> <span class='ocrx_word' id='word_1_243' title='bbox 620 3262 793 3317; x_wconf 89' lang='lat' dir='ltr'>Patre</span> <span class='ocrx_word' id='word_1_244' title='bbox 836 3261 1037 3317; x_wconf 80' lang='lat' dir='ltr'>minor</span> <span class='ocrx_word' id='word_1_245' title='bbox 1089 3277 1234 3315; x_wconf 88' lang='lat' dir='ltr'>esse.</span> 
     </span>
    </p>
   </div>
   <div class='ocr_carea' id='block_1_37' title="bbox 570 3350 2167 3424">
    <p class='ocr_par' dir='ltr' id='par_1_37' title="bbox 570 3350 2167 3424">
     <span class='ocr_line' id='line_1_37' title="bbox 570 3350 2167 3424; baseline 0.001 -18"><span class='ocrx_word' id='word_1_246' title='bbox 570 3354 729 3409; x_wconf 86' lang='lat' dir='ltr'>Vers.</span> <span class='ocrx_word' id='word_1_247' title='bbox 754 3357 810 3408; x_wconf 91' lang='lat'>3.</span> <span class='ocrx_word' id='word_1_248' title='bbox 889 3350 1099 3406; x_wconf 83' lang='lat' dir='ltr'>Omnia</span> <span class='ocrx_word' id='word_1_249' title='bbox 1126 3382 1193 3389; x_wconf 94' lang='lat'><strong>—</strong></span> <span class='ocrx_word' id='word_1_250' title='bbox 1234 3350 1467 3419; x_wconf 77' lang='lat' dir='ltr'>factum</span> <span class='ocrx_word' id='word_1_251' title='bbox 1494 3356 1597 3407; x_wconf 85' lang='lat' dir='ltr'>est.</span> <span class='ocrx_word' id='word_1_252' title='bbox 1643 3354 1787 3407; x_wconf 87' lang='lat' dir='ltr'>Cum</span> <span class='ocrx_word' id='word_1_253' title='bbox 1829 3354 2035 3408; x_wconf 87' lang='lat' dir='ltr'>omnia</span> <span class='ocrx_word' id='word_1_254' title='bbox 2064 3370 2167 3424; x_wconf 89' lang='lat' dir='ltr'>per</span> 
     </span>
    </p>
   </div>
   <div class='ocr_carea' id='block_1_38' title="bbox 501 3439 2166 3513">
    <p class='ocr_par' dir='ltr' id='par_1_38' title="bbox 501 3439 2166 3513">
     <span class='ocr_line' id='line_1_38' title="bbox 501 3439 2166 3513; baseline 0 -18"><span class='ocrx_word' id='word_1_255' title='bbox 501 3441 703 3513; x_wconf 89' lang='lat' dir='ltr'>ipsum</span> <span class='ocrx_word' id='word_1_256' title='bbox 734 3440 889 3495; x_wconf 84' lang='lat' dir='ltr'>facta</span> <span class='ocrx_word' id='word_1_257' title='bbox 920 3439 1167 3494; x_wconf 82' lang='lat' dir='ltr'>dixisset</span> <span class='ocrx_word' id='word_1_258' title='bbox 1209 3457 1219 3494; x_wconf 89' lang='lat'>:</span> <span class='ocrx_word' id='word_1_259' title='bbox 1256 3454 1326 3493; x_wconf 90' lang='lat' dir='ltr'>ne</span> <span class='ocrx_word' id='word_1_260' title='bbox 1358 3446 1659 3510; x_wconf 87' lang='lat' dir='ltr'>putaretur</span> <span class='ocrx_word' id='word_1_261' title='bbox 1691 3441 1745 3495; x_wconf 91' lang='lat' dir='ltr'>id</span> <span class='ocrx_word' id='word_1_262' title='bbox 1777 3440 1849 3496; x_wconf 90' lang='lat' dir='ltr'>de</span> <span class='ocrx_word' id='word_1_263' title='bbox 1878 3441 2166 3497; x_wconf 87' lang='lat' dir='ltr'>sensibili-</span> 
     </span>
    </p>
   </div>
   <div class='ocr_carea' id='block_1_39' title="bbox 502 3528 2165 3598">
    <p class='ocr_par' dir='ltr' id='par_1_39' title="bbox 502 3528 2165 3598">
     <span class='ocr_line' id='line_1_39' title="bbox 502 3528 2165 3598; baseline 0.002 -15"><span class='ocrx_word' id='word_1_264' title='bbox 502 3530 610 3584; x_wconf 88' lang='lat' dir='ltr'>bus</span> <span class='ocrx_word' id='word_1_265' title='bbox 644 3534 869 3585; x_wconf 88' lang='lat' dir='ltr'>tantum</span> <span class='ocrx_word' id='word_1_266' title='bbox 905 3528 1146 3592; x_wconf 81' lang='lat' dir='ltr'>dixisse,</span> <span class='ocrx_word' id='word_1_267' title='bbox 1182 3528 1482 3583; x_wconf 90' lang='lat' dir='ltr'>subdidit:</span> <span class='ocrx_word' id='word_1_268' title='bbox 1514 3530 1592 3584; x_wconf 84' lang='lat' dir='ltr'>Et</span> <span class='ocrx_word' id='word_1_269' title='bbox 1631 3532 1759 3585; x_wconf 78' lang='lat' dir='ltr'>sine</span> <span class='ocrx_word' id='word_1_270' title='bbox 1784 3532 1909 3598; x_wconf 78' lang='lat' dir='ltr'>ipso</span> <span class='ocrx_word' id='word_1_271' title='bbox 1937 3532 2165 3598; x_wconf 80' lang='lat' dir='ltr'>factum</span> 
     </span>
    </p>
   </div>
   <div class='ocr_carea' id='block_1_40' title="bbox 502 3617 2164 3691">
    <p class='ocr_par' dir='ltr' id='par_1_40' title="bbox 502 3617 2164 3691">
     <span class='ocr_line' id='line_1_40' title="bbox 502 3617 2164 3691; baseline 0.001 -18"><span class='ocrx_word' id='word_1_272' title='bbox 502 3625 578 3673; x_wconf 76' lang='lat' dir='ltr'>est</span> <span class='ocrx_word' id='word_1_273' title='bbox 602 3617 753 3673; x_wconf 73' lang='lat' dir='ltr'>nith</span> <span class='ocrx_word' id='word_1_274' title='bbox 784 3618 943 3687; x_wconf 87' lang='lat' dir='ltr'>quod</span> <span class='ocrx_word' id='word_1_275' title='bbox 972 3621 1197 3689; x_wconf 75' lang='lat' dir='ltr'>factum</span> <span class='ocrx_word' id='word_1_276' title='bbox 1216 3623 1320 3681; x_wconf 79' lang='lat' dir='ltr'>est,</span> <span class='ocrx_word' id='word_1_277' title='bbox 1348 3618 1460 3673; x_wconf 91' lang='lat' dir='ltr'>hoc</span> <span class='ocrx_word' id='word_1_278' title='bbox 1483 3623 1588 3682; x_wconf 86' lang='lat' dir='ltr'>est,</span> <span class='ocrx_word' id='word_1_279' title='bbox 1633 3619 1774 3673; x_wconf 87' lang='lat' dir='ltr'>nihil</span> <span class='ocrx_word' id='word_1_280' title='bbox 1802 3635 2009 3674; x_wconf 85' lang='lat' dir='ltr'>eorum</span> <span class='ocrx_word' id='word_1_281' title='bbox 2036 3637 2164 3691; x_wconf 73' lang='lat' dir='ltr'>quae</span> 
     </span>
    </p>
   </div>
   <div class='ocr_carea' id='block_1_41' title="bbox 504 3706 2165 3777">
    <p class='ocr_par' dir='ltr' id='par_1_41' title="bbox 504 3706 2165 3777">
     <span class='ocr_line' id='line_1_41' title="bbox 504 3706 2165 3777; baseline 0.001 -15"><span class='ocrx_word' id='word_1_282' title='bbox 504 3707 659 3762; x_wconf 86' lang='lat' dir='ltr'>facta</span> <span class='ocrx_word' id='word_1_283' title='bbox 700 3711 856 3776; x_wconf 91' lang='lat' dir='ltr'>sunt,</span> <span class='ocrx_word' id='word_1_284' title='bbox 878 3707 998 3761; x_wconf 90' lang='lat' dir='ltr'>sive</span> <span class='ocrx_word' id='word_1_285' title='bbox 1044 3706 1319 3761; x_wconf 89' lang='lat' dir='ltr'>sensibile</span> <span class='ocrx_word' id='word_1_286' title='bbox 1353 3707 1443 3770; x_wconf 91' lang='lat' dir='ltr'>sit,</span> <span class='ocrx_word' id='word_1_287' title='bbox 1479 3707 1600 3763; x_wconf 90' lang='lat' dir='ltr'>sive</span> <span class='ocrx_word' id='word_1_288' title='bbox 1639 3708 2023 3777; x_wconf 82' lang='lat' dir='ltr'>intelligibile.</span> <span class='ocrx_word' id='word_1_289' title='bbox 2060 3711 2165 3763; x_wconf 83' lang='lat' dir='ltr'>Ex-</span> 
     </span>
    </p>
   </div>
   <div class='ocr_carea' id='block_1_42' title="bbox 506 3794 2164 3869">
    <p class='ocr_par' dir='ltr' id='par_1_42' title="bbox 506 3794 2164 3869">
     <span class='ocr_line' id='line_1_42' title="bbox 506 3794 2164 3869; baseline 0.001 -18"><span class='ocrx_word' id='word_1_290' title='bbox 506 3795 765 3851; x_wconf 90' lang='lat' dir='ltr'>cluditur</span> <span class='ocrx_word' id='word_1_291' title='bbox 803 3800 1003 3850; x_wconf 88' lang='lat' dir='ltr'>autem</span> <span class='ocrx_word' id='word_1_292' title='bbox 1044 3794 1294 3865; x_wconf 87' lang='lat' dir='ltr'>Spiritus</span> <span class='ocrx_word' id='word_1_293' title='bbox 1344 3801 1628 3852; x_wconf 91' lang='lat' dir='ltr'>sanctus:</span> <span class='ocrx_word' id='word_1_294' title='bbox 1674 3813 1867 3869; x_wconf 89' lang='lat' dir='ltr'>neque</span> <span class='ocrx_word' id='word_1_295' title='bbox 1892 3800 2050 3852; x_wconf 89' lang='lat' dir='ltr'>enim</span> <span class='ocrx_word' id='word_1_296' title='bbox 2088 3798 2164 3854; x_wconf 85' lang='lat' dir='ltr'>fa-</span> 
     </span>
    </p>
   </div>
   <div class='ocr_carea' id='block_1_43' title="bbox 508 3884 2165 3955">
    <p class='ocr_par' dir='ltr' id='par_1_43' title="bbox 508 3884 2165 3955">
     <span class='ocr_line' id='line_1_43' title="bbox 508 3884 2165 3955; baseline 0.002 -16"><span class='ocrx_word' id='word_1_297' title='bbox 508 3890 637 3940; x_wconf 86' lang='lat' dir='ltr'>ctus</span> <span class='ocrx_word' id='word_1_298' title='bbox 671 3888 780 3950; x_wconf 87' lang='lat' dir='ltr'>est,</span> <span class='ocrx_word' id='word_1_299' title='bbox 826 3890 888 3939; x_wconf 90' lang='lat' dir='ltr'>ut</span> <span class='ocrx_word' id='word_1_300' title='bbox 938 3885 1085 3939; x_wconf 89' lang='lat' dir='ltr'>inter</span> <span class='ocrx_word' id='word_1_301' title='bbox 1121 3884 1236 3939; x_wconf 89' lang='lat' dir='ltr'>alia</span> <span class='ocrx_word' id='word_1_302' title='bbox 1276 3885 1843 3955; x_wconf 86' lang='lat' dir='ltr'>comprehendatur,</span> <span class='ocrx_word' id='word_1_303' title='bbox 1888 3888 1992 3942; x_wconf 89' lang='lat' dir='ltr'>sed</span> <span class='ocrx_word' id='word_1_304' title='bbox 2025 3887 2165 3943; x_wconf 84' lang='lat' dir='ltr'>infe-</span> 
     </span>
    </p>
   </div>
   <div class='ocr_carea' id='block_1_44' title="bbox 506 3974 2169 4038">
    <p class='ocr_par' dir='ltr' id='par_1_44' title="bbox 506 3974 2169 4038">
     <span class='ocr_line' id='line_1_44' title="bbox 506 3974 2169 4038; baseline 0.002 -9"><span class='ocrx_word' id='word_1_305' title='bbox 506 3980 637 4030; x_wconf 89' lang='lat' dir='ltr'>ctus</span> <span class='ocrx_word' id='word_1_306' title='bbox 678 3980 779 4029; x_wconf 89' lang='lat' dir='ltr'>aut</span> <span class='ocrx_word' id='word_1_307' title='bbox 826 3974 1146 4038; x_wconf 90' lang='lat' dir='ltr'>increatus,</span> <span class='ocrx_word' id='word_1_308' title='bbox 1203 3975 1355 4029; x_wconf 88' lang='lat' dir='ltr'>sicut</span> <span class='ocrx_word' id='word_1_309' title='bbox 1396 3978 1454 4029; x_wconf 90' lang='lat' dir='ltr'>et</span> <span class='ocrx_word' id='word_1_310' title='bbox 1499 3975 1676 4030; x_wconf 88' lang='lat' dir='ltr'>Filius</span> <span class='ocrx_word' id='word_1_311' title='bbox 1701 3983 1756 4031; x_wconf 89' lang='lat' dir='ltr'>et</span> <span class='ocrx_word' id='word_1_312' title='bbox 1796 3977 1984 4034; x_wconf 88' lang='lat' dir='ltr'>Pater.</span> <span class='ocrx_word' id='word_1_313' title='bbox 2032 3978 2169 4033; x_wconf 85' lang='lat' dir='ltr'>Sola</span> 
     </span>
    </p>
   </div>
   <div class='ocr_carea' id='block_1_45' title="bbox 510 4064 2059 4136">
    <p class='ocr_par' dir='ltr' id='par_1_45' title="bbox 510 4064 2059 4136">
     <span class='ocr_line' id='line_1_45' title="bbox 510 4064 2059 4136; baseline 0.003 -17"><span class='ocrx_word' id='word_1_314' title='bbox 510 4081 773 4136; x_wconf 88' lang='lat' dir='ltr'>namque</span> <span class='ocrx_word' id='word_1_315' title='bbox 801 4064 1004 4119; x_wconf 80' lang='lat' dir='ltr'>divina</span> <span class='ocrx_word' id='word_1_316' title='bbox 1021 4064 1271 4120; x_wconf 87' lang='lat' dir='ltr'>Trinitas</span> <span class='ocrx_word' id='word_1_317' title='bbox 1304 4064 1521 4120; x_wconf 85' lang='lat' dir='ltr'>infecta</span> <span class='ocrx_word' id='word_1_318' title='bbox 1537 4066 1936 4123; x_wconf 86' lang='lat' dir='ltr'>siveincreata</span> <span class='ocrx_word' id='word_1_319' title='bbox 1956 4073 2059 4123; x_wconf 88' lang='lat' dir='ltr'>est.</span> 
     </span>
    </p>
   </div>
   <div class='ocr_carea' id='block_1_46' title="bbox 582 4154 2173 4213">
    <p class='ocr_par' dir='ltr' id='par_1_46' title="bbox 582 4154 2173 4213">
     <span class='ocr_line' id='line_1_46' title="bbox 582 4154 2173 4213; baseline 0.003 -4"><span class='ocrx_word' id='word_1_320' title='bbox 582 4156 726 4209; x_wconf 91' lang='lat' dir='ltr'>Cum</span> <span class='ocrx_word' id='word_1_321' title='bbox 741 4158 936 4209; x_wconf 90' lang='lat' dir='ltr'>autem</span> <span class='ocrx_word' id='word_1_322' title='bbox 960 4154 1681 4210; x_wconf 86' lang='lat' dir='ltr'>demonstraveritFilium</span> <span class='ocrx_word' id='word_1_323' title='bbox 1698 4162 2024 4212; x_wconf 88' lang='lat' dir='ltr'>creatorem</span> <span class='ocrx_word' id='word_1_324' title='bbox 2048 4174 2173 4213; x_wconf 90' lang='lat' dir='ltr'>om-</span> 
     </span>
    </p>
   </div>
   <div class='ocr_carea' id='block_1_47' title="bbox 510 4242 2176 4313">
    <p class='ocr_par' dir='ltr' id='par_1_47' title="bbox 510 4242 2176 4313">
     <span class='ocr_line' id='line_1_47' title="bbox 510 4242 2176 4313; baseline 0.002 -16"><span class='ocrx_word' id='word_1_325' title='bbox 510 4243 602 4297; x_wconf 88' lang='lat' dir='ltr'>nis</span> <span class='ocrx_word' id='word_1_326' title='bbox 635 4242 875 4298; x_wconf 88' lang='lat' dir='ltr'>visibilis</span> <span class='ocrx_word' id='word_1_327' title='bbox 906 4247 1079 4313; x_wconf 90' lang='lat' dir='ltr'>atque</span> <span class='ocrx_word' id='word_1_328' title='bbox 1109 4242 1425 4297; x_wconf 86' lang='lat' dir='ltr'>invisibilis</span> <span class='ocrx_word' id='word_1_329' title='bbox 1454 4252 1759 4307; x_wconf 79' lang='lat' dir='ltr'>creaturae,</span> <span class='ocrx_word' id='word_1_330' title='bbox 1790 4262 1905 4300; x_wconf 90' lang='lat' dir='ltr'>non</span> <span class='ocrx_word' id='word_1_331' title='bbox 1933 4246 2176 4301; x_wconf 83' lang='lat' dir='ltr'>exclusit</span> 
     </span>
    </p>
   </div>
   <div class='ocr_carea' id='block_1_48' title="bbox 511 4331 2182 4403">
    <p class='ocr_par' dir='ltr' id='par_1_48' title="bbox 511 4331 2182 4403">
     <span class='ocr_line' id='line_1_48' title="bbox 511 4331 2182 4403; baseline 0.001 -16"><span class='ocrx_word' id='word_1_332' title='bbox 511 4333 741 4387; x_wconf 88' lang='lat' dir='ltr'>Patrem</span> <span class='ocrx_word' id='word_1_333' title='bbox 774 4347 810 4387; x_wconf 89' lang='lat' dir='ltr'>a</span> <span class='ocrx_word' id='word_1_334' title='bbox 831 4332 1074 4387; x_wconf 87' lang='lat' dir='ltr'>creandi</span> <span class='ocrx_word' id='word_1_335' title='bbox 1110 4331 1423 4403; x_wconf 84' lang='lat' dir='ltr'>dignitate,</span> <span class='ocrx_word' id='word_1_336' title='bbox 1457 4332 1563 4387; x_wconf 91' lang='lat' dir='ltr'>sed</span> <span class='ocrx_word' id='word_1_337' title='bbox 1602 4333 1805 4389; x_wconf 88' lang='lat' dir='ltr'>docuit</span> <span class='ocrx_word' id='word_1_338' title='bbox 1837 4338 2064 4389; x_wconf 81' lang='lat' dir='ltr'>tantum</span> <span class='ocrx_word' id='word_1_339' title='bbox 2094 4336 2182 4389; x_wconf 91' lang='lat' dir='ltr'>Fi-</span> 
     </span>
    </p>
   </div>
   <div class='ocr_carea' id='block_1_49' title="bbox 510 4421 2180 4491">
    <p class='ocr_par' dir='ltr' id='par_1_49' title="bbox 510 4421 2180 4491">
     <span class='ocr_line' id='line_1_49' title="bbox 510 4421 2180 4491; baseline 0.002 -15"><span class='ocrx_word' id='word_1_340' title='bbox 510 4421 657 4477; x_wconf 91' lang='lat' dir='ltr'>lium</span> <span class='ocrx_word' id='word_1_341' title='bbox 690 4437 818 4476; x_wconf 91' lang='lat' dir='ltr'>esse</span> <span class='ocrx_word' id='word_1_342' title='bbox 840 4425 1166 4476; x_wconf 88' lang='lat' dir='ltr'>creatorem</span> <span class='ocrx_word' id='word_1_343' title='bbox 1198 4421 1347 4476; x_wconf 90' lang='lat' dir='ltr'>sicut</span> <span class='ocrx_word' id='word_1_344' title='bbox 1372 4425 1427 4476; x_wconf 91' lang='lat' dir='ltr'>et</span> <span class='ocrx_word' id='word_1_345' title='bbox 1470 4422 1703 4477; x_wconf 88' lang='lat' dir='ltr'>Patrem</span> <span class='ocrx_word' id='word_1_346' title='bbox 1734 4442 1746 4491; x_wconf 90' lang='lat'><strong>;</strong></span> <span class='ocrx_word' id='word_1_347' title='bbox 1791 4422 1849 4478; x_wconf 93' lang='lat' dir='ltr'>id</span> <span class='ocrx_word' id='word_1_348' title='bbox 1890 4425 2049 4480; x_wconf 91' lang='lat' dir='ltr'>enim</span> <span class='ocrx_word' id='word_1_349' title='bbox 2083 4424 2180 4479; x_wconf 90' lang='lat' dir='ltr'>tri-</span> 
     </span>
    </p>
   </div>
   <div class='ocr_carea' id='block_1_50' title="bbox 512 4509 2180 4581">
    <p class='ocr_par' dir='ltr' id='par_1_50' title="bbox 512 4509 2180 4581">
     <span class='ocr_line' id='line_1_50' title="bbox 512 4509 2180 4581; baseline 0.002 -16"><span class='ocrx_word' id='word_1_350' title='bbox 512 4510 629 4565; x_wconf 90' lang='lat' dir='ltr'>bus</span> <span class='ocrx_word' id='word_1_351' title='bbox 660 4524 981 4565; x_wconf 88' lang='lat' dir='ltr'>commune</span> <span class='ocrx_word' id='word_1_352' title='bbox 1013 4513 1119 4574; x_wconf 92' lang='lat' dir='ltr'>est,</span> <span class='ocrx_word' id='word_1_353' title='bbox 1156 4525 1289 4564; x_wconf 92' lang='lat' dir='ltr'>cum</span> <span class='ocrx_word' id='word_1_354' title='bbox 1340 4509 1413 4564; x_wconf 91' lang='lat' dir='ltr'>sit</span> <span class='ocrx_word' id='word_1_355' title='bbox 1470 4510 1801 4567; x_wconf 88' lang='lat' dir='ltr'>Divinitatis</span> <span class='ocrx_word' id='word_1_356' title='bbox 1834 4512 2090 4581; x_wconf 79' lang='lat' dir='ltr'>insigne,</span> <span class='ocrx_word' id='word_1_357' title='bbox 2120 4518 2180 4569; x_wconf 88' lang='lat' dir='ltr'>ut</span> 
     </span>
    </p>
   </div>
   <div class='ocr_carea' id='block_1_51' title="bbox 515 4597 995 4671">
    <p class='ocr_par' dir='ltr' id='par_1_51' title="bbox 515 4597 995 4671">
     <span class='ocr_line' id='line_1_51' title="bbox 515 4597 995 4671; baseline -0.006 -17"><span class='ocrx_word' id='word_1_358' title='bbox 515 4597 864 4671; x_wconf 82' lang='lat' dir='ltr'>praedictum</span> <span class='ocrx_word' id='word_1_359' title='bbox 887 4602 995 4662; x_wconf 89' lang='lat' dir='ltr'>est,</span> 
     </span>
    </p>
   </div>
   <div class='ocr_carea' id='block_1_52' title="bbox 588 4686 2173 4763">
    <p class='ocr_par' dir='ltr' id='par_1_52' title="bbox 588 4686 2173 4763">
     <span class='ocr_line' id='line_1_52' title="bbox 588 4686 2173 4763; baseline 0.004 -21"><span class='ocrx_word' id='word_1_360' title='bbox 588 4687 727 4742; x_wconf 90' lang='lat' dir='ltr'>Ideo</span> <span class='ocrx_word' id='word_1_361' title='bbox 766 4702 1009 4759; x_wconf 90' lang='lat' dir='ltr'>quoque</span> <span class='ocrx_word' id='word_1_362' title='bbox 1047 4687 1106 4741; x_wconf 90' lang='lat' dir='ltr'>in</span> <span class='ocrx_word' id='word_1_363' title='bbox 1136 4686 1339 4743; x_wconf 89' lang='lat' dir='ltr'>divina</span> <span class='ocrx_word' id='word_1_364' title='bbox 1379 4689 1674 4762; x_wconf 84' lang='lat' dir='ltr'>Scriptura</span> <span class='ocrx_word' id='word_1_365' title='bbox 1707 4690 1948 4746; x_wconf 90' lang='lat' dir='ltr'>creandi</span> <span class='ocrx_word' id='word_1_366' title='bbox 1972 4695 2173 4763; x_wconf 89' lang='lat' dir='ltr'>poten-</span> 
     </span>
    </p>
   </div>
   <div class='ocr_carea' id='block_1_53' title="bbox 517 4776 2173 4852">
    <p class='ocr_par' dir='ltr' id='par_1_53' title="bbox 517 4776 2173 4852">
     <span class='ocr_line' id='line_1_53' title="bbox 517 4776 2173 4852; baseline 0.003 -21"><span class='ocrx_word' id='word_1_367' title='bbox 517 4776 597 4831; x_wconf 88' lang='lat' dir='ltr'>tia</span> <span class='ocrx_word' id='word_1_368' title='bbox 628 4776 990 4848; x_wconf 88' lang='lat' dir='ltr'>quandoque</span> <span class='ocrx_word' id='word_1_369' title='bbox 1015 4776 1088 4831; x_wconf 90' lang='lat' dir='ltr'>de</span> <span class='ocrx_word' id='word_1_370' title='bbox 1118 4777 1287 4833; x_wconf 88' lang='lat' dir='ltr'>Patre</span> <span class='ocrx_word' id='word_1_371' title='bbox 1319 4778 1553 4848; x_wconf 89' lang='lat' dir='ltr'>dicitur,</span> <span class='ocrx_word' id='word_1_372' title='bbox 1586 4780 1954 4852; x_wconf 87' lang='lat' dir='ltr'>quandoque</span> <span class='ocrx_word' id='word_1_373' title='bbox 1994 4781 2066 4837; x_wconf 89' lang='lat' dir='ltr'>de</span> <span class='ocrx_word' id='word_1_374' title='bbox 2089 4782 2173 4836; x_wconf 90' lang='lat' dir='ltr'>Fi-</span> 
     </span>
    </p>
   </div>
   <div class='ocr_carea' id='block_1_54' title="bbox 515 4864 2167 4941">
    <p class='ocr_par' dir='ltr' id='par_1_54' title="bbox 515 4864 2167 4941">
     <span class='ocr_line' id='line_1_54' title="bbox 515 4864 2167 4941; baseline 0.004 -22"><span class='ocrx_word' id='word_1_375' title='bbox 515 4866 618 4933; x_wconf 91' lang='lat' dir='ltr'>lio,</span> <span class='ocrx_word' id='word_1_376' title='bbox 645 4864 945 4921; x_wconf 89' lang='lat' dir='ltr'>interdum</span> <span class='ocrx_word' id='word_1_377' title='bbox 985 4882 1126 4922; x_wconf 84' lang='lat' dir='ltr'>vero</span> <span class='ocrx_word' id='word_1_378' title='bbox 1156 4867 1231 4923; x_wconf 87' lang='lat' dir='ltr'>de</span> <span class='ocrx_word' id='word_1_379' title='bbox 1268 4866 1489 4939; x_wconf 89' lang='lat' dir='ltr'>Spiritu</span> <span class='ocrx_word' id='word_1_380' title='bbox 1520 4873 1746 4935; x_wconf 91' lang='lat' dir='ltr'>sancto,</span> <span class='ocrx_word' id='word_1_381' title='bbox 1770 4874 2053 4941; x_wconf 88' lang='lat' dir='ltr'>tanquam</span> <span class='ocrx_word' id='word_1_382' title='bbox 2081 4871 2167 4925; x_wconf 91' lang='lat' dir='ltr'>vi-</span> 
     </span>
    </p>
   </div>
   <div class='ocr_carea' id='block_1_55' title="bbox 517 4954 2177 5031">
    <p class='ocr_par' dir='ltr' id='par_1_55' title="bbox 517 4954 2177 5031">
     <span class='ocr_line' id='line_1_55' title="bbox 517 4954 2177 5031; baseline 0.001 -20"><span class='ocrx_word' id='word_1_383' title='bbox 517 4954 729 5011; x_wconf 90' lang='lat' dir='ltr'>delicet</span> <span class='ocrx_word' id='word_1_384' title='bbox 775 4955 940 5010; x_wconf 87' lang='lat' dir='ltr'>Patre</span> <span class='ocrx_word' id='word_1_385' title='bbox 976 4954 1231 5020; x_wconf 85' lang='lat' dir='ltr'>volente,</span> <span class='ocrx_word' id='word_1_386' title='bbox 1284 4955 1427 5012; x_wconf 84' lang='lat' dir='ltr'>Filio</span> <span class='ocrx_word' id='word_1_387' title='bbox 1468 4961 1667 5013; x_wconf 90' lang='lat' dir='ltr'>autem</span> <span class='ocrx_word' id='word_1_388' title='bbox 1707 4964 2013 5030; x_wconf 87' lang='lat' dir='ltr'>operante,</span> <span class='ocrx_word' id='word_1_389' title='bbox 2056 4959 2177 5031; x_wconf 90' lang='lat' dir='ltr'>Spi-</span> 
     </span>
    </p>
   </div>
   <div class='ocr_carea' id='block_1_56' title="bbox 591 5134 1077 5201">
    <p class='ocr_par' dir='ltr' id='par_1_56' title="bbox 591 5134 1077 5201">
     <span class='ocr_line' id='line_1_56' title="bbox 591 5134 1077 5201; baseline -0.002 -12"><span class='ocrx_word' id='word_1_390' title='bbox 591 5134 613 5168; x_wconf 80' lang='grc'>⁴</span> <span class='ocrx_word' id='word_1_391' title='bbox 639 5135 854 5190; x_wconf 87' lang='lat' dir='ltr'>Jerem.</span> <span class='ocrx_word' id='word_1_392' title='bbox 897 5150 957 5201; x_wconf 72' lang='grc' dir='ltr'>Χ,</span> <span class='ocrx_word' id='word_1_393' title='bbox 988 5136 1077 5189; x_wconf 83' lang='grc'>11.</span> 
     </span>
    </p>
   </div>
   <div class='ocr_carea' id='block_1_57' title="bbox 2253 576 3875 654">
    <p class='ocr_par' dir='ltr' id='par_1_57' title="bbox 2253 576 3875 654">
     <span class='ocr_line' id='line_1_57' title="bbox 2253 576 3875 654; baseline 0.003 -23"><span class='ocrx_word' id='word_1_394' title='bbox 2253 585 2415 650; x_wconf 85' lang='grc' dir='ltr'>Δόγου</span> <span class='ocrx_word' id='word_1_395' title='bbox 2475 584 2604 651; x_wconf 87' lang='grc' dir='ltr'>πρός</span> <span class='ocrx_word' id='word_1_396' title='bbox 2676 576 3030 631; x_wconf 70' lang='grc' dir='ltr'>διδασκαλίαν</span> <span class='ocrx_word' id='word_1_397' title='bbox 3104 590 3193 632; x_wconf 88' lang='grc' dir='ltr'>τοῦ</span> <span class='ocrx_word' id='word_1_398' title='bbox 3262 580 3493 654; x_wconf 74' lang='grc' dir='ltr'>ἁχρόνου</span> <span class='ocrx_word' id='word_1_399' title='bbox 3577 590 3666 637; x_wconf 83' lang='grc' dir='ltr'>καὶ</span> <span class='ocrx_word' id='word_1_400' title='bbox 3718 583 3875 636; x_wconf 79' lang='grc' dir='ltr'>ἁπα-</span> 
     </span>
    </p>
   </div>
   <div class='ocr_carea' id='block_1_58' title="bbox 2256 670 3877 745">
    <p class='ocr_par' dir='ltr' id='par_1_58' title="bbox 2256 670 3877 745">
     <span class='ocr_line' id='line_1_58' title="bbox 2256 670 3877 745; baseline 0.004 -25"><span class='ocrx_word' id='word_1_401' title='bbox 2256 671 2376 728; x_wconf 81' lang='grc' dir='ltr'>θοῦς</span> <span class='ocrx_word' id='word_1_402' title='bbox 2445 677 2541 729; x_wconf 83' lang='grc' dir='ltr'>τῆς</span> <span class='ocrx_word' id='word_1_403' title='bbox 2607 670 2898 743; x_wconf 71' lang='grc' dir='ltr'>ὑπερφυοῦς</span> <span class='ocrx_word' id='word_1_404' title='bbox 2953 675 3258 740; x_wconf 74' lang='grc' dir='ltr'>γεννήσεως,</span> <span class='ocrx_word' id='word_1_405' title='bbox 3338 671 3512 723; x_wconf 83' lang='grc' dir='ltr'>λοιπόν</span> <span class='ocrx_word' id='word_1_406' title='bbox 3593 675 3877 745; x_wconf 79' lang='grc' dir='ltr'>θεραπεύει</span> 
     </span>
    </p>
   </div>
   <div class='ocr_carea' id='block_1_59' title="bbox 2253 758 3876 835">
    <p class='ocr_par' dir='ltr' id='par_1_59' title="bbox 2253 758 3876 835">
     <span class='ocr_line' id='line_1_59' title="bbox 2253 758 3876 835; baseline 0.003 -25"><span class='ocrx_word' id='word_1_407' title='bbox 2253 764 2345 816; x_wconf 82' lang='grc' dir='ltr'>την</span> <span class='ocrx_word' id='word_1_408' title='bbox 2378 760 2706 830; x_wconf 64' lang='grc' dir='ltr'>ὑφέρπουσαν</span> <span class='ocrx_word' id='word_1_409' title='bbox 2732 767 2800 828; x_wconf 79' lang='grc' dir='ltr'>τῷ</span> <span class='ocrx_word' id='word_1_410' title='bbox 2853 758 3066 830; x_wconf 84' lang='grc' dir='ltr'>ὀνόματι</span> <span class='ocrx_word' id='word_1_411' title='bbox 3116 758 3337 831; x_wconf 73' lang='grc' dir='ltr'>βλάϐην,</span> <span class='ocrx_word' id='word_1_412' title='bbox 3396 762 3476 813; x_wconf 89' lang='grc' dir='ltr'>ῖνα</span> <span class='ocrx_word' id='word_1_413' title='bbox 3514 768 3585 834; x_wconf 80' lang='grc' dir='ltr'>μὴ</span> <span class='ocrx_word' id='word_1_414' title='bbox 3621 761 3876 835; x_wconf 79' lang='grc' dir='ltr'>βλασφη-</span> 
     </span>
    </p>
   </div>
   <div class='ocr_carea' id='block_1_60' title="bbox 2253 846 3873 923">
    <p class='ocr_par' dir='ltr' id='par_1_60' title="bbox 2253 846 3873 923">
     <span class='ocr_line' id='line_1_60' title="bbox 2253 846 3873 923; baseline 0.005 -27"><span class='ocrx_word' id='word_1_415' title='bbox 2253 851 2398 918; x_wconf 72' lang='grc' dir='ltr'>μήσῃ</span> <span class='ocrx_word' id='word_1_416' title='bbox 2442 867 2539 911; x_wconf 84' lang='grc' dir='ltr'>τις,</span> <span class='ocrx_word' id='word_1_417' title='bbox 2596 846 2849 919; x_wconf 83' lang='grc' dir='ltr'>[οἰόμενος</span> <span class='ocrx_word' id='word_1_418' title='bbox 2884 848 2958 917; x_wconf 78' lang='grc'>(7)</span> <span class='ocrx_word' id='word_1_419' title='bbox 3011 850 3091 898; x_wconf 85' lang='grc' dir='ltr'>ὅτι</span> <span class='ocrx_word' id='word_1_420' title='bbox 3147 848 3291 919; x_wconf 80' lang='grc' dir='ltr'>λόγος</span> <span class='ocrx_word' id='word_1_421' title='bbox 3322 848 3463 901; x_wconf 83' lang='grc' dir='ltr'>ἐστὶν</span> <span class='ocrx_word' id='word_1_422' title='bbox 3501 851 3518 921; x_wconf 94' lang='grc'>]</span> <span class='ocrx_word' id='word_1_423' title='bbox 3554 851 3654 911; x_wconf 87' lang='grc' dir='ltr'>οἶος</span> <span class='ocrx_word' id='word_1_424' title='bbox 3685 853 3710 903; x_wconf 85' lang='grc' dir='ltr'>ὁ</span> <span class='ocrx_word' id='word_1_425' title='bbox 3738 854 3873 923; x_wconf 74' lang='grc' dir='ltr'>ἠμὲο</span> 
     </span>
    </p>
   </div>
   <div class='ocr_carea' id='block_1_61' title="bbox 2254 932 3868 1011">
    <p class='ocr_par' dir='ltr' id='par_1_61' title="bbox 2254 932 3868 1011">
     <span class='ocr_line' id='line_1_61' title="bbox 2254 932 3868 1011; baseline 0.003 -24"><span class='ocrx_word' id='word_1_426' title='bbox 2254 955 2415 1007; x_wconf 82' lang='grc' dir='ltr'>τερος,</span> <span class='ocrx_word' id='word_1_427' title='bbox 2449 932 2736 995; x_wconf 67' lang='grc' dir='ltr'>ἐνδιάθετος</span> <span class='ocrx_word' id='word_1_428' title='bbox 2769 936 2796 994; x_wconf 70' lang='grc' dir='ltr'><em>ἡ</em></span> <span class='ocrx_word' id='word_1_429' title='bbox 2830 942 3144 1010; x_wconf 72' lang='grc' dir='ltr'>προφορικός</span> <span class='ocrx_word' id='word_1_430' title='bbox 3180 937 3272 988; x_wconf 77' lang='grc' dir='ltr'>ὀὐ</span> <span class='ocrx_word' id='word_1_431' title='bbox 3303 941 3403 1011; x_wconf 74' lang='grc' dir='ltr'>γὰρ</span> <span class='ocrx_word' id='word_1_432' title='bbox 3446 938 3561 991; x_wconf 82' lang='grc' dir='ltr'>ἐστι</span> <span class='ocrx_word' id='word_1_433' title='bbox 3605 948 3868 1003; x_wconf 82' lang='grc' dir='ltr'>τοιοῦτος,</span> 
     </span>
    </p>
   </div>
   <div class='ocr_carea' id='block_1_62' title="bbox 2252 1024 3871 1102">
    <p class='ocr_par' dir='ltr' id='par_1_62' title="bbox 2252 1024 3871 1102">
     <span class='ocr_line' id='line_1_62' title="bbox 2252 1024 3871 1102; baseline 0.004 -27"><span class='ocrx_word' id='word_1_434' title='bbox 2252 1024 2746 1091; x_wconf 78' lang='grc' dir='ltr'>ἀλλ’ἐνυπόστοιτος,</span> <span class='ocrx_word' id='word_1_435' title='bbox 2792 1033 2885 1085; x_wconf 86' lang='grc' dir='ltr'>τῆς</span> <span class='ocrx_word' id='word_1_436' title='bbox 2944 1025 3103 1087; x_wconf 67' lang='grc' dir='ltr'>αὐτῆς</span> <span class='ocrx_word' id='word_1_437' title='bbox 3157 1034 3228 1097; x_wconf 80' lang='grc' dir='ltr'>τῷ</span> <span class='ocrx_word' id='word_1_438' title='bbox 3292 1032 3454 1102; x_wconf 83' lang='grc' dir='ltr'>Πατρὶ</span> <span class='ocrx_word' id='word_1_439' title='bbox 3512 1032 3714 1099; x_wconf 78' lang='grc' dir='ltr'>φύσεως</span> <span class='ocrx_word' id='word_1_440' title='bbox 3769 1034 3871 1082; x_wconf 81' lang='grc' dir='ltr'>καὶ</span> 
     </span>
    </p>
   </div>
   <div class='ocr_carea' id='block_1_63' title="bbox 2255 1112 2418 1176">
    <p class='ocr_par' dir='ltr' id='par_1_63' title="bbox 2255 1112 2418 1176">
     <span class='ocr_line' id='line_1_63' title="bbox 2255 1112 2418 1176; baseline 0.018 -12"><span class='ocrx_word' id='word_1_441' title='bbox 2255 1112 2418 1176; x_wconf 82' lang='grc' dir='ltr'>ἀξίας.</span> 
     </span>
    </p>
   </div>
   <div class='ocr_carea' id='block_1_64' title="bbox 2326 1292 3877 1371">
    <p class='ocr_par' dir='ltr' id='par_1_64' title="bbox 2326 1292 3877 1371">
     <span class='ocr_line' id='line_1_64' title="bbox 2326 1292 3877 1371; baseline 0.005 -28"><span class='ocrx_word' id='word_1_442' title='bbox 2326 1292 2489 1352; x_wconf 77' lang='grc' dir='ltr'>Οὗτος</span> <span class='ocrx_word' id='word_1_443' title='bbox 2521 1325 2583 1333; x_wconf 88' lang='grc'><strong>-</strong></span> <span class='ocrx_word' id='word_1_444' title='bbox 2615 1298 2763 1345; x_wconf 87' lang='grc' dir='ltr'>Θεόν.</span> <span class='ocrx_word' id='word_1_445' title='bbox 2799 1296 2965 1346; x_wconf 77' lang='grc' dir='ltr'>Εἰπὼν</span> <span class='ocrx_word' id='word_1_446' title='bbox 2993 1295 3071 1346; x_wconf 79' lang='grc' dir='ltr'>ὅτι</span> <span class='ocrx_word' id='word_1_447' title='bbox 3105 1292 3181 1346; x_wconf 81' lang='grc' dir='ltr'>ἀεὶ</span> <span class='ocrx_word' id='word_1_448' title='bbox 3222 1292 3303 1363; x_wconf 71' lang='grc' dir='ltr'>ἦν,</span> <span class='ocrx_word' id='word_1_449' title='bbox 3337 1300 3426 1348; x_wconf 82' lang='grc' dir='ltr'>καὶ</span> <span class='ocrx_word' id='word_1_450' title='bbox 3452 1298 3533 1348; x_wconf 75' lang='grc' dir='ltr'>ὅτι</span> <span class='ocrx_word' id='word_1_451' title='bbox 3560 1295 3877 1371; x_wconf 79' lang='grc' dir='ltr'>ἁχώριστος</span> 
     </span>
    </p>
   </div>
   <div class='ocr_carea' id='block_1_65' title="bbox 2254 1380 3876 1458">
    <p class='ocr_par' dir='ltr' id='par_1_65' title="bbox 2254 1380 3876 1458">
     <span class='ocr_line' id='line_1_65' title="bbox 2254 1380 3876 1458; baseline 0.005 -26"><span class='ocrx_word' id='word_1_452' title='bbox 2254 1388 2345 1432; x_wconf 87' lang='grc' dir='ltr'>τοῦ</span> <span class='ocrx_word' id='word_1_453' title='bbox 2406 1385 2611 1454; x_wconf 81' lang='grc' dir='ltr'>Πατρός</span> <span class='ocrx_word' id='word_1_454' title='bbox 2659 1380 2741 1451; x_wconf 76' lang='grc' dir='ltr'>ἦν,</span> <span class='ocrx_word' id='word_1_455' title='bbox 2796 1388 2885 1435; x_wconf 75' lang='grc' dir='ltr'>καὶ</span> <span class='ocrx_word' id='word_1_456' title='bbox 2944 1386 3019 1435; x_wconf 77' lang='grc' dir='ltr'>ὅτι</span> <span class='ocrx_word' id='word_1_457' title='bbox 3085 1388 3212 1444; x_wconf 81' lang='grc' dir='ltr'>Θεὸς</span> <span class='ocrx_word' id='word_1_458' title='bbox 3245 1382 3324 1447; x_wconf 73' lang='grc' dir='ltr'>ἦν,</span> <span class='ocrx_word' id='word_1_459' title='bbox 3384 1387 3876 1458; x_wconf 71' lang='grc' dir='ltr'>ἁνεκεφαλαιὼσατο</span> 
     </span>
    </p>
   </div>
   <div class='ocr_carea' id='block_1_66' title="bbox 2258 1473 3874 1549">
    <p class='ocr_par' dir='ltr' id='par_1_66' title="bbox 2258 1473 3874 1549">
     <span class='ocr_line' id='line_1_66' title="bbox 2258 1473 3874 1549; baseline 0.004 -27"><span class='ocrx_word' id='word_1_460' title='bbox 2258 1476 2527 1543; x_wconf 79' lang='grc' dir='ltr'>συντόμως</span> <span class='ocrx_word' id='word_1_461' title='bbox 2556 1473 2685 1543; x_wconf 86' lang='grc' dir='ltr'>ὁμοῦ</span> <span class='ocrx_word' id='word_1_462' title='bbox 2713 1476 2799 1523; x_wconf 85' lang='grc' dir='ltr'>καὶ</span> <span class='ocrx_word' id='word_1_463' title='bbox 2831 1475 3154 1545; x_wconf 78' lang='grc' dir='ltr'>θαυμασίως,</span> <span class='ocrx_word' id='word_1_464' title='bbox 3192 1475 3251 1531; x_wconf 76' lang='grc' dir='ltr'>ἦν</span> <span class='ocrx_word' id='word_1_465' title='bbox 3281 1474 3476 1536; x_wconf 74' lang='grc' dir='ltr'>ἐξέθετο</span> <span class='ocrx_word' id='word_1_466' title='bbox 3524 1481 3639 1549; x_wconf 87' lang='grc' dir='ltr'>περὶ</span> <span class='ocrx_word' id='word_1_467' title='bbox 3678 1480 3874 1528; x_wconf 87' lang='grc' dir='ltr'>τούτου</span> 
     </span>
    </p>
   </div>
   <div class='ocr_carea' id='block_1_67' title="bbox 2259 1559 3875 1637">
    <p class='ocr_par' dir='ltr' id='par_1_67' title="bbox 2259 1559 3875 1637">
     <span class='ocr_line' id='line_1_67' title="bbox 2259 1559 3875 1637; baseline 0.004 -26"><span class='ocrx_word' id='word_1_468' title='bbox 2259 1559 2518 1632; x_wconf 72' lang='grc' dir='ltr'>θεολογίαν</span> <span class='ocrx_word' id='word_1_469' title='bbox 2546 1562 2646 1632; x_wconf 89' lang='lat'>(8),</span> <span class='ocrx_word' id='word_1_470' title='bbox 2692 1562 2909 1632; x_wconf 69' lang='grc' dir='ltr'>σύνοψιν</span> <span class='ocrx_word' id='word_1_471' title='bbox 2962 1567 3085 1634; x_wconf 79' lang='grc' dir='ltr'>ἣμῐν</span> <span class='ocrx_word' id='word_1_472' title='bbox 3151 1563 3416 1635; x_wconf 81' lang='grc' dir='ltr'>θεολογίας</span> <span class='ocrx_word' id='word_1_473' title='bbox 3468 1570 3585 1637; x_wconf 81' lang='grc' dir='ltr'>περὶ</span> <span class='ocrx_word' id='word_1_474' title='bbox 3615 1574 3706 1618; x_wconf 88' lang='grc' dir='ltr'>τοῦ</span> <span class='ocrx_word' id='word_1_475' title='bbox 3740 1569 3875 1618; x_wconf 78' lang='grc' dir='ltr'>Υὶοῦ</span> 
     </span>
    </p>
   </div>
   <div class='ocr_carea' id='block_1_68' title="bbox 2255 1656 2681 1724">
    <p class='ocr_par' dir='ltr' id='par_1_68' title="bbox 2255 1656 2681 1724">
     <span class='ocr_line' id='line_1_68' title="bbox 2255 1656 2681 1724; baseline 0.005 -23"><span class='ocrx_word' id='word_1_476' title='bbox 2255 1656 2681 1724; x_wconf 76' lang='grc' dir='ltr'>παρασχόμενος.</span> 
     </span>
    </p>
   </div>
   <div class='ocr_carea' id='block_1_69' title="bbox 2330 1827 3874 1907">
    <p class='ocr_par' dir='ltr' id='par_1_69' title="bbox 2330 1827 3874 1907">
     <span class='ocr_line' id='line_1_69' title="bbox 2330 1827 3874 1907; baseline 0.003 -26"><span class='ocrx_word' id='word_1_477' title='bbox 2330 1834 2466 1901; x_wconf 84' lang='grc' dir='ltr'>Πρός</span> <span class='ocrx_word' id='word_1_478' title='bbox 2500 1827 2557 1882; x_wconf 75' lang='grc' dir='ltr'>δὲ</span> <span class='ocrx_word' id='word_1_479' title='bbox 2587 1834 2700 1891; x_wconf 82' lang='grc' dir='ltr'>τοὺς</span> <span class='ocrx_word' id='word_1_480' title='bbox 2730 1831 2969 1901; x_wconf 84' lang='grc' dir='ltr'>λέγοντας</span> <span class='ocrx_word' id='word_1_481' title='bbox 3007 1834 3085 1883; x_wconf 84' lang='grc' dir='ltr'>ὅτι</span> <span class='ocrx_word' id='word_1_482' title='bbox 3116 1839 3221 1893; x_wconf 82' lang='grc' dir='ltr'>Πᾶς</span> <span class='ocrx_word' id='word_1_483' title='bbox 3254 1835 3367 1893; x_wconf 79' lang='grc' dir='ltr'>υἱός</span> <span class='ocrx_word' id='word_1_484' title='bbox 3396 1834 3608 1907; x_wconf 75' lang='grc' dir='ltr'>ὕστερος</span> <span class='ocrx_word' id='word_1_485' title='bbox 3638 1833 3752 1886; x_wconf 85' lang='grc' dir='ltr'>ἐστι</span> <span class='ocrx_word' id='word_1_486' title='bbox 3776 1843 3874 1887; x_wconf 84' lang='grc' dir='ltr'>τοῦ</span> 
     </span>
    </p>
   </div>
   <div class='ocr_carea' id='block_1_70' title="bbox 2256 1919 3877 1993">
    <p class='ocr_par' dir='ltr' id='par_1_70' title="bbox 2256 1919 3877 1993">
     <span class='ocr_line' id='line_1_70' title="bbox 2256 1919 3877 1993; baseline 0.004 -23"><span class='ocrx_word' id='word_1_487' title='bbox 2256 1923 2472 1993; x_wconf 79' lang='grc' dir='ltr'>πατρὸς,</span> <span class='ocrx_word' id='word_1_488' title='bbox 2509 1919 2719 1992; x_wconf 86' lang='grc' dir='ltr'>ἐροῦμεν</span> <span class='ocrx_word' id='word_1_489' title='bbox 2751 1924 2831 1972; x_wconf 81' lang='grc' dir='ltr'>ὅτι</span> <span class='ocrx_word' id='word_1_490' title='bbox 2859 1928 2962 1981; x_wconf 73' lang='grc' dir='ltr'>Πᾶς</span> <span class='ocrx_word' id='word_1_491' title='bbox 2988 1924 3099 1982; x_wconf 84' lang='grc' dir='ltr'>υἱός</span> <span class='ocrx_word' id='word_1_492' title='bbox 3129 1922 3374 1984; x_wconf 80' lang='grc' dir='ltr'>εἰπόντες,</span> <span class='ocrx_word' id='word_1_493' title='bbox 3413 1922 3654 1975; x_wconf 80' lang='grc' dir='ltr'>λελύκατε</span> <span class='ocrx_word' id='word_1_494' title='bbox 3678 1928 3737 1976; x_wconf 90' lang='grc' dir='ltr'>τό</span> <span class='ocrx_word' id='word_1_495' title='bbox 3774 1925 3877 1984; x_wconf 79' lang='grc' dir='ltr'>ζη-</span> 
     </span>
    </p>
   </div>
   <div class='ocr_carea' id='block_1_71' title="bbox 2256 2010 3875 2083">
    <p class='ocr_par' dir='ltr' id='par_1_71' title="bbox 2256 2010 3875 2083">
     <span class='ocr_line' id='line_1_71' title="bbox 2256 2010 3875 2083; baseline 0.004 -24"><span class='ocrx_word' id='word_1_496' title='bbox 2256 2013 2519 2081; x_wconf 82' lang='grc' dir='ltr'>τούμενον.</span> <span class='ocrx_word' id='word_1_497' title='bbox 2548 2010 2605 2062; x_wconf 79' lang='grc' dir='ltr'><strong>Ὀ</strong></span> <span class='ocrx_word' id='word_1_498' title='bbox 2631 2016 2729 2083; x_wconf 78' lang='grc' dir='ltr'>γαρ</span> <span class='ocrx_word' id='word_1_499' title='bbox 2763 2013 2879 2072; x_wconf 78' lang='grc' dir='ltr'>Υἱός</span> <span class='ocrx_word' id='word_1_500' title='bbox 2906 2020 2997 2062; x_wconf 88' lang='grc' dir='ltr'>τοῦ</span> <span class='ocrx_word' id='word_1_501' title='bbox 3040 2020 3171 2063; x_wconf 88' lang='grc' dir='ltr'>Θεοῦ</span> <span class='ocrx_word' id='word_1_502' title='bbox 3205 2012 3294 2062; x_wconf 72' lang='grc' dir='ltr'>οῦκ</span> <span class='ocrx_word' id='word_1_503' title='bbox 3341 2014 3454 2064; x_wconf 83' lang='grc' dir='ltr'>ἔστι</span> <span class='ocrx_word' id='word_1_504' title='bbox 3484 2022 3718 2075; x_wconf 80' lang='grc' dir='ltr'>τοιοῦτος</span> <span class='ocrx_word' id='word_1_505' title='bbox 3767 2011 3875 2074; x_wconf 84' lang='grc' dir='ltr'>οἶος</span> 
     </span>
    </p>
   </div>
   <div class='ocr_carea' id='block_1_72' title="bbox 2257 2098 3175 2173">
    <p class='ocr_par' dir='ltr' id='par_1_72' title="bbox 2257 2098 3175 2173">
     <span class='ocr_line' id='line_1_72' title="bbox 2257 2098 3175 2173; baseline 0.007 -24"><span class='ocrx_word' id='word_1_506' title='bbox 2257 2105 2359 2159; x_wconf 86' lang='grc' dir='ltr'>πᾶς</span> <span class='ocrx_word' id='word_1_507' title='bbox 2388 2101 2516 2166; x_wconf 82' lang='grc' dir='ltr'>υἱός,</span> <span class='ocrx_word' id='word_1_508' title='bbox 2553 2098 2659 2150; x_wconf 76' lang='grc' dir='ltr'>ἀλλ’</span> <span class='ocrx_word' id='word_1_509' title='bbox 2701 2104 2853 2160; x_wconf 82' lang='grc' dir='ltr'>ὄντως</span> <span class='ocrx_word' id='word_1_510' title='bbox 2884 2101 3175 2173; x_wconf 76' lang='grc' dir='ltr'>ὑπερφυής.</span> 
     </span>
    </p>
   </div>
   <div class='ocr_carea' id='block_1_73' title="bbox 2328 2273 3876 2352">
    <p class='ocr_par' dir='ltr' id='par_1_73' title="bbox 2328 2273 3876 2352">
     <span class='ocr_line' id='line_1_73' title="bbox 2328 2273 3876 2352; baseline 0.003 -23"><span class='ocrx_word' id='word_1_511' title='bbox 2328 2276 2445 2329; x_wconf 76' lang='grc' dir='ltr'>Ἔτι</span> <span class='ocrx_word' id='word_1_512' title='bbox 2486 2273 2545 2329; x_wconf 79' lang='grc' dir='ltr'>δὲ</span> <span class='ocrx_word' id='word_1_513' title='bbox 2593 2280 2718 2352; x_wconf 86' lang='grc' dir='ltr'>πρός</span> <span class='ocrx_word' id='word_1_514' title='bbox 2755 2282 2873 2338; x_wconf 83' lang='grc' dir='ltr'>τοὺς</span> <span class='ocrx_word' id='word_1_515' title='bbox 2925 2278 3355 2350; x_wconf 75' lang='grc' dir='ltr'>φιλονεικοῦντας.</span> <span class='ocrx_word' id='word_1_516' title='bbox 3406 2282 3482 2333; x_wconf 86' lang='grc' dir='ltr'>ὅτι</span> <span class='ocrx_word' id='word_1_517' title='bbox 3538 2285 3606 2333; x_wconf 89' lang='grc' dir='ltr'>Τό</span> <span class='ocrx_word' id='word_1_518' title='bbox 3638 2284 3693 2333; x_wconf 79' lang='grc' dir='ltr'>ἔκ</span> <span class='ocrx_word' id='word_1_519' title='bbox 3732 2302 3876 2343; x_wconf 89' lang='grc' dir='ltr'>τινος</span> 
     </span>
    </p>
   </div>
   <div class='ocr_carea' id='block_1_74' title="bbox 2261 2364 3877 2441">
    <p class='ocr_par' dir='ltr' id='par_1_74' title="bbox 2261 2364 3877 2441">
     <span class='ocr_line' id='line_1_74' title="bbox 2261 2364 3877 2441; baseline 0.005 -26"><span class='ocrx_word' id='word_1_520' title='bbox 2261 2364 2457 2437; x_wconf 78' lang='grc' dir='ltr'>ἀνάγκη</span> <span class='ocrx_word' id='word_1_521' title='bbox 2491 2368 2695 2427; x_wconf 86' lang='grc' dir='ltr'>πάντως</span> <span class='ocrx_word' id='word_1_522' title='bbox 2750 2365 2877 2418; x_wconf 81' lang='grc' dir='ltr'>εἶναι</span> <span class='ocrx_word' id='word_1_523' title='bbox 2916 2367 3130 2441; x_wconf 79' lang='grc' dir='ltr'>ὕστερον</span> <span class='ocrx_word' id='word_1_524' title='bbox 3184 2377 3274 2421; x_wconf 91' lang='grc' dir='ltr'>τοῦ</span> <span class='ocrx_word' id='word_1_525' title='bbox 3328 2369 3379 2433; x_wconf 81' lang='grc' dir='ltr'>ἐξ</span> <span class='ocrx_word' id='word_1_526' title='bbox 3420 2371 3479 2422; x_wconf 79' lang='grc' dir='ltr'>οὗ</span> <span class='ocrx_word' id='word_1_527' title='bbox 3520 2369 3679 2434; x_wconf 70' lang='grc' dir='ltr'>ἑστιν,</span> <span class='ocrx_word' id='word_1_528' title='bbox 3748 2369 3877 2423; x_wconf 81' lang='grc' dir='ltr'>ἁπο-</span> 
     </span>
    </p>
   </div>
   <div class='ocr_carea' id='block_1_75' title="bbox 2259 2454 3879 2531">
    <p class='ocr_par' dir='ltr' id='par_1_75' title="bbox 2259 2454 3879 2531">
     <span class='ocr_line' id='line_1_75' title="bbox 2259 2454 3879 2531; baseline 0.004 -25"><span class='ocrx_word' id='word_1_529' title='bbox 2259 2454 2499 2526; x_wconf 86' lang='grc' dir='ltr'>λογητέον</span> <span class='ocrx_word' id='word_1_530' title='bbox 2533 2458 2613 2507; x_wconf 83' lang='grc' dir='ltr'>ὅτι</span> <span class='ocrx_word' id='word_1_531' title='bbox 2652 2461 2751 2508; x_wconf 81' lang='grc' dir='ltr'>Καὶ</span> <span class='ocrx_word' id='word_1_532' title='bbox 2812 2461 2915 2528; x_wconf 79' lang='grc' dir='ltr'>μὴν</span> <span class='ocrx_word' id='word_1_533' title='bbox 2982 2462 3038 2508; x_wconf 88' lang='grc' dir='ltr'>τό</span> <span class='ocrx_word' id='word_1_534' title='bbox 3105 2456 3433 2531; x_wconf 71' lang='grc' dir='ltr'>ἀπαύγασμα</span> <span class='ocrx_word' id='word_1_535' title='bbox 3476 2468 3566 2512; x_wconf 90' lang='grc' dir='ltr'>τοῦ</span> <span class='ocrx_word' id='word_1_536' title='bbox 3620 2459 3792 2525; x_wconf 76' lang='grc' dir='ltr'>ἡλίου,</span> <span class='ocrx_word' id='word_1_537' title='bbox 3826 2461 3879 2524; x_wconf 82' lang='grc' dir='ltr'>ἐξ</span> 
     </span>
    </p>
   </div>
   <div class='ocr_carea' id='block_1_76' title="bbox 2263 2544 3878 2624">
    <p class='ocr_par' dir='ltr' id='par_1_76' title="bbox 2263 2544 3878 2624">
     <span class='ocr_line' id='line_1_76' title="bbox 2263 2544 3878 2624; baseline 0.005 -30"><span class='ocrx_word' id='word_1_538' title='bbox 2263 2544 2418 2595; x_wconf 71' lang='grc' dir='ltr'>αὐτοῦ</span> <span class='ocrx_word' id='word_1_539' title='bbox 2442 2544 2521 2616; x_wconf 88' lang='grc'>(9)</span> <span class='ocrx_word' id='word_1_540' title='bbox 2550 2545 2622 2605; x_wconf 82' lang='grc' dir='ltr'>ὃν,</span> <span class='ocrx_word' id='word_1_541' title='bbox 2660 2546 2753 2597; x_wconf 78' lang='grc' dir='ltr'>οὐκ</span> <span class='ocrx_word' id='word_1_542' title='bbox 2783 2548 2924 2597; x_wconf 81' lang='grc' dir='ltr'>ἔστιν</span> <span class='ocrx_word' id='word_1_543' title='bbox 2974 2546 3187 2619; x_wconf 78' lang='grc' dir='ltr'>ὕστερον</span> <span class='ocrx_word' id='word_1_544' title='bbox 3241 2548 3401 2600; x_wconf 68' lang='grc' dir='ltr'>αὐτοῦ</span> <span class='ocrx_word' id='word_1_545' title='bbox 3451 2569 3462 2580; x_wconf 84' lang='lat'>&#39;</span> <span class='ocrx_word' id='word_1_546' title='bbox 3494 2546 3744 2602; x_wconf 72' lang='grc' dir='ltr'>οὐδέποτε</span> <span class='ocrx_word' id='word_1_547' title='bbox 3773 2552 3878 2624; x_wconf 79' lang='grc' dir='ltr'>γὰρ</span> 
     </span>
    </p>
   </div>
   <div class='ocr_carea' id='block_1_77' title="bbox 2266 2632 3878 2708">
    <p class='ocr_par' dir='ltr' id='par_1_77' title="bbox 2266 2632 3878 2708">
     <span class='ocr_line' id='line_1_77' title="bbox 2266 2632 3878 2708; baseline 0.005 -26"><span class='ocrx_word' id='word_1_548' title='bbox 2266 2632 2405 2693; x_wconf 71' lang='grc' dir='ltr'>ἣλιος</span> <span class='ocrx_word' id='word_1_549' title='bbox 2429 2636 2581 2704; x_wconf 81' lang='grc' dir='ltr'>ἓγάνη</span> <span class='ocrx_word' id='word_1_550' title='bbox 2638 2640 2803 2705; x_wconf 82' lang='grc' dir='ltr'>χωρὶς</span> <span class='ocrx_word' id='word_1_551' title='bbox 2852 2634 3288 2708; x_wconf 81' lang='grc' dir='ltr'>ἀπαυγάσματος.</span> <span class='ocrx_word' id='word_1_552' title='bbox 3336 2638 3397 2692; x_wconf 85' lang='grc' dir='ltr'><strong>Εἰ</strong></span> <span class='ocrx_word' id='word_1_553' title='bbox 3438 2634 3487 2690; x_wconf 77' lang='grc' dir='ltr'>δ’</span> <span class='ocrx_word' id='word_1_554' title='bbox 3528 2637 3611 2690; x_wconf 78' lang='grc' dir='ltr'>ἐπὶ</span> <span class='ocrx_word' id='word_1_555' title='bbox 3670 2648 3769 2691; x_wconf 79' lang='grc' dir='ltr'>τῶν</span> <span class='ocrx_word' id='word_1_556' title='bbox 3802 2640 3878 2690; x_wconf 78' lang='grc' dir='ltr'>αἰ-</span> 
     </span>
    </p>
   </div>
   <div class='ocr_carea' id='block_1_78' title="bbox 2268 2724 3878 2801">
    <p class='ocr_par' dir='ltr' id='par_1_78' title="bbox 2268 2724 3878 2801">
     <span class='ocr_line' id='line_1_78' title="bbox 2268 2724 3878 2801; baseline 0.003 -28"><span class='ocrx_word' id='word_1_557' title='bbox 2268 2724 2473 2777; x_wconf 81' lang='grc' dir='ltr'>σθητῶν</span> <span class='ocrx_word' id='word_1_558' title='bbox 2496 2730 2670 2787; x_wconf 81' lang='grc' dir='ltr'>τοῦτο,</span> <span class='ocrx_word' id='word_1_559' title='bbox 2704 2729 2753 2775; x_wconf 87' lang='grc' dir='ltr'>τί</span> <span class='ocrx_word' id='word_1_560' title='bbox 2784 2725 2844 2774; x_wconf 84' lang='grc' dir='ltr'>οἶν</span> <span class='ocrx_word' id='word_1_561' title='bbox 2862 2744 2938 2783; x_wconf 88' lang='grc' dir='ltr'>τις</span> <span class='ocrx_word' id='word_1_562' title='bbox 2961 2727 3095 2776; x_wconf 84' lang='grc' dir='ltr'>εἴποι</span> <span class='ocrx_word' id='word_1_563' title='bbox 3121 2731 3237 2799; x_wconf 84' lang='grc' dir='ltr'>περὶ</span> <span class='ocrx_word' id='word_1_564' title='bbox 3264 2735 3362 2778; x_wconf 82' lang='grc' dir='ltr'>τὼν</span> <span class='ocrx_word' id='word_1_565' title='bbox 3394 2728 3519 2801; x_wconf 71' lang='grc' dir='ltr'>ὑπὲρ</span> <span class='ocrx_word' id='word_1_566' title='bbox 3552 2729 3672 2797; x_wconf 85' lang='grc'>(10)</span> <span class='ocrx_word' id='word_1_567' title='bbox 3702 2727 3878 2798; x_wconf 58' lang='lat' dir='ltr'>lor/av;</span> 
     </span>
    </p>
   </div>
   <div class='ocr_carea' id='block_1_79' title="bbox 2266 2808 3881 2888">
    <p class='ocr_par' dir='ltr' id='par_1_79' title="bbox 2266 2808 3881 2888">
     <span class='ocr_line' id='line_1_79' title="bbox 2266 2808 3881 2888; baseline 0.002 -24"><span class='ocrx_word' id='word_1_568' title='bbox 2266 2813 2407 2864; x_wconf 79' lang='grc' dir='ltr'>Ἐπεὶ</span> <span class='ocrx_word' id='word_1_569' title='bbox 2454 2808 2512 2863; x_wconf 71' lang='grc' dir='ltr'>δὲ</span> <span class='ocrx_word' id='word_1_570' title='bbox 2543 2817 2664 2865; x_wconf 81' lang='grc' dir='ltr'>Θεὸν</span> <span class='ocrx_word' id='word_1_571' title='bbox 2701 2813 2852 2864; x_wconf 71' lang='grc' dir='ltr'>αὐτόν</span> <span class='ocrx_word' id='word_1_572' title='bbox 2886 2812 3164 2888; x_wconf 76' lang='grc' dir='ltr'>ἀνεκήρυξε</span> <span class='ocrx_word' id='word_1_573' title='bbox 3198 2816 3329 2885; x_wconf 73' lang='lat' dir='ltr'>(li),</span> <span class='ocrx_word' id='word_1_574' title='bbox 3364 2812 3592 2867; x_wconf 64' lang='grc' dir='ltr'>δίδωσιν</span> <span class='ocrx_word' id='word_1_575' title='bbox 3625 2817 3762 2887; x_wconf 67' lang='grc' dir='ltr'>αὐτῷ</span> <span class='ocrx_word' id='word_1_576' title='bbox 3791 2822 3881 2869; x_wconf 78' lang='grc' dir='ltr'>καὶ</span> 
     </span>
    </p>
   </div>
   <div class='ocr_carea' id='block_1_80' title="bbox 2265 2901 3875 2980">
    <p class='ocr_par' dir='ltr' id='par_1_80' title="bbox 2265 2901 3875 2980">
     <span class='ocr_line' id='line_1_80' title="bbox 2265 2901 3875 2980; baseline 0.002 -28"><span class='ocrx_word' id='word_1_577' title='bbox 2265 2906 2321 2952; x_wconf 85' lang='grc' dir='ltr'>τό</span> <span class='ocrx_word' id='word_1_578' title='bbox 2352 2907 2627 2974; x_wconf 80' lang='grc' dir='ltr'>γνώρισμα</span> <span class='ocrx_word' id='word_1_579' title='bbox 2674 2911 2770 2964; x_wconf 87' lang='grc' dir='ltr'>τῆς</span> <span class='ocrx_word' id='word_1_580' title='bbox 2797 2905 3057 2967; x_wconf 75' lang='grc' dir='ltr'>θεότητος,</span> <span class='ocrx_word' id='word_1_581' title='bbox 3098 2904 3229 2974; x_wconf 76' lang='grc' dir='ltr'>λέγω</span> <span class='ocrx_word' id='word_1_582' title='bbox 3262 2901 3328 2962; x_wconf 79' lang='grc' dir='ltr'>δὴ</span> <span class='ocrx_word' id='word_1_583' title='bbox 3372 2909 3429 2957; x_wconf 90' lang='grc' dir='ltr'>τό</span> <span class='ocrx_word' id='word_1_584' title='bbox 3460 2902 3843 2980; x_wconf 79' lang='grc' dir='ltr'>δημιουργικόν</span> <span class='ocrx_word' id='word_1_585' title='bbox 3864 2924 3875 2935; x_wconf 92' lang='grc'>·</span> 
     </span>
    </p>
   </div>
   <div class='ocr_carea' id='block_1_81' title="bbox 2271 2992 3882 3065">
    <p class='ocr_par' dir='ltr' id='par_1_81' title="bbox 2271 2992 3882 3065">
     <span class='ocr_line' id='line_1_81' title="bbox 2271 2992 3882 3065; baseline 0.004 -23"><span class='ocrx_word' id='word_1_586' title='bbox 2271 2996 2389 3043; x_wconf 75' lang='grc' dir='ltr'>Θεοὶ</span> <span class='ocrx_word' id='word_1_587' title='bbox 2422 2994 2544 3061; x_wconf 75' lang='grc' dir='ltr'>γὰρ,</span> <span class='ocrx_word' id='word_1_588' title='bbox 2580 2997 2757 3063; x_wconf 77' lang='grc' dir='ltr'>φησὶν,</span> <span class='ocrx_word' id='word_1_589' title='bbox 2793 2992 2840 3043; x_wconf 78' lang='grc' dir='ltr'>οἱ</span> <span class='ocrx_word' id='word_1_590' title='bbox 2871 2996 2956 3044; x_wconf 88' lang='grc' dir='ltr'>τὸν</span> <span class='ocrx_word' id='word_1_591' title='bbox 2989 2994 3203 3065; x_wconf 74' lang='grc' dir='ltr'>οὐρανόν</span> <span class='ocrx_word' id='word_1_592' title='bbox 3234 3000 3319 3047; x_wconf 80' lang='grc' dir='ltr'>καὶ</span> <span class='ocrx_word' id='word_1_593' title='bbox 3353 3000 3446 3053; x_wconf 83' lang='grc' dir='ltr'>τὴν</span> <span class='ocrx_word' id='word_1_594' title='bbox 3463 3004 3562 3065; x_wconf 83' lang='grc' dir='ltr'>γῆν</span> <span class='ocrx_word' id='word_1_595' title='bbox 3583 2996 3678 3047; x_wconf 72' lang='grc' dir='ltr'>οὐκ</span> <span class='ocrx_word' id='word_1_596' title='bbox 3704 2994 3882 3052; x_wconf 77' lang='grc' dir='ltr'>ἑποίή-</span> 
     </span>
    </p>
   </div>
   <div class='ocr_carea' id='block_1_82' title="bbox 2273 3079 3883 3161">
    <p class='ocr_par' dir='ltr' id='par_1_82' title="bbox 2273 3079 3883 3161">
     <span class='ocr_line' id='line_1_82' title="bbox 2273 3079 3883 3161; baseline 0.003 -29"><span class='ocrx_word' id='word_1_597' title='bbox 2273 3100 2388 3145; x_wconf 84' lang='grc' dir='ltr'>σαν,</span> <span class='ocrx_word' id='word_1_598' title='bbox 2451 3079 2821 3134; x_wconf 77' lang='grc' dir='ltr'>ἀπολέσθωσαν</span> <span class='ocrx_word' id='word_1_599' title='bbox 2866 3097 2879 3112; x_wconf 85' lang='lat'><strong><em>°</em></strong></span> <span class='ocrx_word' id='word_1_600' title='bbox 2927 3083 3009 3134; x_wconf 85' lang='grc' dir='ltr'>ἶνα</span> <span class='ocrx_word' id='word_1_601' title='bbox 3065 3088 3136 3154; x_wconf 79' lang='grc' dir='ltr'>μὴ</span> <span class='ocrx_word' id='word_1_602' title='bbox 3197 3086 3468 3155; x_wconf 80' lang='grc' dir='ltr'>νομισθείη</span> <span class='ocrx_word' id='word_1_603' title='bbox 3531 3093 3621 3137; x_wconf 92' lang='grc' dir='ltr'>τοῦ</span> <span class='ocrx_word' id='word_1_604' title='bbox 3680 3090 3883 3161; x_wconf 81' lang='grc' dir='ltr'>Πατρός</span> 
     </span>
    </p>
   </div>
   <div class='ocr_carea' id='block_1_83' title="bbox 2273 3169 2511 3225">
    <p class='ocr_par' dir='ltr' id='par_1_83' title="bbox 2273 3169 2511 3225">
     <span class='ocr_line' id='line_1_83' title="bbox 2273 3169 2511 3225; baseline -0.004 -4"><span class='ocrx_word' id='word_1_605' title='bbox 2273 3169 2491 3221; x_wconf 80' lang='grc' dir='ltr'>ἐλάττων</span> <span class='ocrx_word' id='word_1_606' title='bbox 2500 3214 2511 3225; x_wconf 93' lang='grc'>,</span> 
     </span>
    </p>
   </div>
   <div class='ocr_carea' id='block_1_84' title="bbox 2348 3349 3880 3424">
    <p class='ocr_par' dir='ltr' id='par_1_84' title="bbox 2348 3349 3880 3424">
     <span class='ocr_line' id='line_1_84' title="bbox 2348 3349 3880 3424; baseline 0.003 -23"><span class='ocrx_word' id='word_1_607' title='bbox 2348 3353 2522 3401; x_wconf 86' lang='grc' dir='ltr'>Πάντα</span> <span class='ocrx_word' id='word_1_608' title='bbox 2576 3381 2641 3389; x_wconf 84' lang='grc'><strong><em>-</em></strong></span> <span class='ocrx_word' id='word_1_609' title='bbox 2698 3355 2919 3421; x_wconf 82' lang='grc' dir='ltr'>γέγονεν.</span> <span class='ocrx_word' id='word_1_610' title='bbox 2989 3352 3222 3424; x_wconf 81' lang='grc' dir='ltr'>Εἰρηκὼς</span> <span class='ocrx_word' id='word_1_611' title='bbox 3255 3353 3335 3403; x_wconf 83' lang='grc' dir='ltr'>ὅτι</span> <span class='ocrx_word' id='word_1_612' title='bbox 3366 3355 3541 3405; x_wconf 84' lang='grc' dir='ltr'>Πάντα</span> <span class='ocrx_word' id='word_1_613' title='bbox 3592 3349 3663 3404; x_wconf 72' lang='grc' dir='ltr'>δι’</span> <span class='ocrx_word' id='word_1_614' title='bbox 3721 3353 3880 3406; x_wconf 78' lang='grc' dir='ltr'>αὐτοῦ</span> 
     </span>
    </p>
   </div>
   <div class='ocr_carea' id='block_1_85' title="bbox 2274 3436 3878 3514">
    <p class='ocr_par' dir='ltr' id='par_1_85' title="bbox 2274 3436 3878 3514">
     <span class='ocr_line' id='line_1_85' title="bbox 2274 3436 3878 3514; baseline 0.004 -27"><span class='ocrx_word' id='word_1_615' title='bbox 2274 3436 2489 3508; x_wconf 86' lang='grc' dir='ltr'>ἐγένετο,</span> <span class='ocrx_word' id='word_1_616' title='bbox 2530 3440 2612 3489; x_wconf 81' lang='grc' dir='ltr'>ἵνα</span> <span class='ocrx_word' id='word_1_617' title='bbox 2642 3441 2711 3510; x_wconf 73' lang='grc' dir='ltr'>μὴ</span> <span class='ocrx_word' id='word_1_618' title='bbox 2746 3437 2873 3512; x_wconf 77' lang='grc' dir='ltr'>δόξῃ</span> <span class='ocrx_word' id='word_1_619' title='bbox 2903 3445 3020 3514; x_wconf 84' lang='grc' dir='ltr'>περὶ</span> <span class='ocrx_word' id='word_1_620' title='bbox 3076 3446 3241 3511; x_wconf 81' lang='grc' dir='ltr'>μόνων</span> <span class='ocrx_word' id='word_1_621' title='bbox 3268 3440 3430 3512; x_wconf 77' lang='grc' dir='ltr'>λέγειν</span> <span class='ocrx_word' id='word_1_622' title='bbox 3463 3451 3563 3493; x_wconf 82' lang='grc' dir='ltr'>τῶν</span> <span class='ocrx_word' id='word_1_623' title='bbox 3595 3442 3878 3507; x_wconf 78' lang='grc' dir='ltr'>αἰσθητῶν,</span> 
     </span>
    </p>
   </div>
   <div class='ocr_carea' id='block_1_86' title="bbox 2276 3526 3887 3603">
    <p class='ocr_par' dir='ltr' id='par_1_86' title="bbox 2276 3526 3887 3603">
     <span class='ocr_line' id='line_1_86' title="bbox 2276 3526 3887 3603; baseline 0.004 -25"><span class='ocrx_word' id='word_1_624' title='bbox 2276 3526 2533 3598; x_wconf 79' lang='grc' dir='ltr'>ἐπήγαγεν</span> <span class='ocrx_word' id='word_1_625' title='bbox 2564 3530 2642 3579; x_wconf 83' lang='grc' dir='ltr'>ὅτι</span> <span class='ocrx_word' id='word_1_626' title='bbox 2688 3534 2785 3580; x_wconf 69' lang='grc' dir='ltr'>Καὶ</span> <span class='ocrx_word' id='word_1_627' title='bbox 2815 3535 2985 3601; x_wconf 80' lang='grc' dir='ltr'>χωρὶς</span> <span class='ocrx_word' id='word_1_628' title='bbox 3039 3526 3199 3582; x_wconf 61' lang='grc' dir='ltr'>αὐτοῦ</span> <span class='ocrx_word' id='word_1_629' title='bbox 3250 3529 3446 3601; x_wconf 76' lang='grc' dir='ltr'>ἐγένετο</span> <span class='ocrx_word' id='word_1_630' title='bbox 3499 3527 3622 3583; x_wconf 69' lang='grc' dir='ltr'>οὐδὲ</span> <span class='ocrx_word' id='word_1_631' title='bbox 3650 3531 3720 3597; x_wconf 78' lang='grc' dir='ltr'>ἓν,</span> <span class='ocrx_word' id='word_1_632' title='bbox 3754 3534 3779 3584; x_wconf 84' lang='grc' dir='ltr'><strong><em>ὃ</em></strong></span> <span class='ocrx_word' id='word_1_633' title='bbox 3804 3538 3887 3603; x_wconf 81' lang='grc' dir='ltr'>γέ-</span> 
     </span>
    </p>
   </div>
   <div class='ocr_carea' id='block_1_87' title="bbox 2275 3615 3884 3691">
    <p class='ocr_par' dir='ltr' id='par_1_87' title="bbox 2275 3615 3884 3691">
     <span class='ocr_line' id='line_1_87' title="bbox 2275 3615 3884 3691; baseline 0.002 -24"><span class='ocrx_word' id='word_1_634' title='bbox 2275 3636 2408 3687; x_wconf 87' lang='grc' dir='ltr'>γονε,</span> <span class='ocrx_word' id='word_1_635' title='bbox 2441 3621 2709 3669; x_wconf 80' lang='grc' dir='ltr'>τουτέστιν</span> <span class='ocrx_word' id='word_1_636' title='bbox 2778 3615 2927 3669; x_wconf 64' lang='grc' dir='ltr'>οὐδὲν</span> <span class='ocrx_word' id='word_1_637' title='bbox 2976 3627 3073 3670; x_wconf 83' lang='grc' dir='ltr'>τῶν</span> <span class='ocrx_word' id='word_1_638' title='bbox 3129 3623 3433 3691; x_wconf 71' lang='grc' dir='ltr'>γενομένων,</span> <span class='ocrx_word' id='word_1_639' title='bbox 3481 3618 3577 3671; x_wconf 72' lang='grc' dir='ltr'>κᾶν</span> <span class='ocrx_word' id='word_1_640' title='bbox 3631 3620 3884 3679; x_wconf 81' lang='grc' dir='ltr'>αἰσθητόν</span> 
     </span>
    </p>
   </div>
   <div class='ocr_carea' id='block_1_88' title="bbox 2277 3705 3877 3781">
    <p class='ocr_par' dir='ltr' id='par_1_88' title="bbox 2277 3705 3877 3781">
     <span class='ocr_line' id='line_1_88' title="bbox 2277 3705 3877 3781; baseline 0.003 -25"><span class='ocrx_word' id='word_1_641' title='bbox 2277 3709 2377 3769; x_wconf 79' lang='grc' dir='ltr'>εἰη,</span> <span class='ocrx_word' id='word_1_642' title='bbox 2411 3705 2504 3757; x_wconf 68' lang='grc' dir='ltr'>κᾶν</span> <span class='ocrx_word' id='word_1_643' title='bbox 2531 3712 2732 3764; x_wconf 84' lang='grc' dir='ltr'>νοητόν.</span> <span class='ocrx_word' id='word_1_644' title='bbox 2764 3707 3111 3780; x_wconf 72' lang='grc' dir='ltr'>’Υπεξῄρηται</span> <span class='ocrx_word' id='word_1_645' title='bbox 3161 3705 3219 3760; x_wconf 66' lang='grc' dir='ltr'>δὲ</span> <span class='ocrx_word' id='word_1_646' title='bbox 3265 3712 3324 3760; x_wconf 91' lang='grc' dir='ltr'>τό</span> <span class='ocrx_word' id='word_1_647' title='bbox 3354 3715 3561 3781; x_wconf 82' lang='grc' dir='ltr'>Πνεῦμα</span> <span class='ocrx_word' id='word_1_648' title='bbox 3614 3713 3670 3761; x_wconf 75' lang='grc' dir='ltr'>τό</span> <span class='ocrx_word' id='word_1_649' title='bbox 3701 3710 3877 3781; x_wconf 75' lang='grc' dir='ltr'>ἅγιον,</span> 
     </span>
    </p>
   </div>
   <div class='ocr_carea' id='block_1_89' title="bbox 2277 3795 3886 3869">
    <p class='ocr_par' dir='ltr' id='par_1_89' title="bbox 2277 3795 3886 3869">
     <span class='ocr_line' id='line_1_89' title="bbox 2277 3795 3886 3869; baseline 0.002 -23"><span class='ocrx_word' id='word_1_650' title='bbox 2277 3802 2440 3846; x_wconf 88' lang='grc' dir='ltr'>Τοῦτο</span> <span class='ocrx_word' id='word_1_651' title='bbox 2470 3797 2571 3867; x_wconf 81' lang='grc' dir='ltr'>γὰρ</span> <span class='ocrx_word' id='word_1_652' title='bbox 2624 3795 2681 3847; x_wconf 81' lang='grc' dir='ltr'>οῦ</span> <span class='ocrx_word' id='word_1_653' title='bbox 2734 3800 2938 3867; x_wconf 84' lang='grc' dir='ltr'>γέγονεν</span> <span class='ocrx_word' id='word_1_654' title='bbox 2969 3797 3050 3847; x_wconf 80' lang='grc' dir='ltr'>ἵνα</span> <span class='ocrx_word' id='word_1_655' title='bbox 3104 3802 3193 3849; x_wconf 81' lang='grc' dir='ltr'>καὶ</span> <span class='ocrx_word' id='word_1_656' title='bbox 3250 3797 3745 3869; x_wconf 73' lang='grc' dir='ltr'>συμπαραληφθείη,</span> <span class='ocrx_word' id='word_1_657' title='bbox 3779 3796 3886 3850; x_wconf 78' lang='grc' dir='ltr'>ἀλλ’</span> 
     </span>
    </p>
   </div>
   <div class='ocr_carea' id='block_1_90' title="bbox 2280 3883 3887 3960">
    <p class='ocr_par' dir='ltr' id='par_1_90' title="bbox 2280 3883 3887 3960">
     <span class='ocr_line' id='line_1_90' title="bbox 2280 3883 3887 3960; baseline 0.003 -25"><span class='ocrx_word' id='word_1_658' title='bbox 2280 3883 2525 3957; x_wconf 76' lang='grc' dir='ltr'>ἀγένητόν</span> <span class='ocrx_word' id='word_1_659' title='bbox 2578 3884 2694 3955; x_wconf 78' lang='lat'>(1‘3)</span> <span class='ocrx_word' id='word_1_660' title='bbox 2762 3883 2921 3951; x_wconf 81' lang='grc' dir='ltr'>ἐστιν,</span> <span class='ocrx_word' id='word_1_661' title='bbox 2965 3889 3129 3937; x_wconf 86' lang='grc' dir='ltr'>εἰτουν</span> <span class='ocrx_word' id='word_1_662' title='bbox 3171 3888 3439 3957; x_wconf 73' lang='grc' dir='ltr'>ἀκτιστον,</span> <span class='ocrx_word' id='word_1_663' title='bbox 3501 3889 3672 3960; x_wconf 78' lang='grc' dir='ltr'>ὥσπερ</span> <span class='ocrx_word' id='word_1_664' title='bbox 3742 3890 3887 3940; x_wconf 81' lang='grc' dir='ltr'>καὶὸ</span> 
     </span>
    </p>
   </div>
   <div class='ocr_carea' id='block_1_91' title="bbox 2280 3975 3884 4048">
    <p class='ocr_par' dir='ltr' id='par_1_91' title="bbox 2280 3975 3884 4048">
     <span class='ocr_line' id='line_1_91' title="bbox 2280 3975 3884 4048; baseline 0.002 -23"><span class='ocrx_word' id='word_1_665' title='bbox 2280 3976 2400 4034; x_wconf 77' lang='grc' dir='ltr'>Υἱὸς</span> <span class='ocrx_word' id='word_1_666' title='bbox 2426 3979 2512 4025; x_wconf 83' lang='grc' dir='ltr'>καὶ</span> <span class='ocrx_word' id='word_1_667' title='bbox 2548 3975 2572 4024; x_wconf 87' lang='grc' dir='ltr'>ό</span> <span class='ocrx_word' id='word_1_668' title='bbox 2603 3979 2799 4047; x_wconf 76' lang='grc' dir='ltr'>Πατήρ.</span> <span class='ocrx_word' id='word_1_669' title='bbox 2839 3977 2977 4032; x_wconf 86' lang='grc' dir='ltr'>Μόνη</span> <span class='ocrx_word' id='word_1_670' title='bbox 3020 3978 3119 4048; x_wconf 75' lang='grc' dir='ltr'>γὰρ</span> <span class='ocrx_word' id='word_1_671' title='bbox 3152 3977 3181 4033; x_wconf 82' lang='grc' dir='ltr'>ἡ</span> <span class='ocrx_word' id='word_1_672' title='bbox 3211 3978 3323 4027; x_wconf 85' lang='grc' dir='ltr'>θεία</span> <span class='ocrx_word' id='word_1_673' title='bbox 3349 3978 3503 4048; x_wconf 80' lang='grc' dir='ltr'>Τριὰς</span> <span class='ocrx_word' id='word_1_674' title='bbox 3546 3976 3659 4046; x_wconf 84' lang='lat' dir='ltr'>(l3)</span> <span class='ocrx_word' id='word_1_675' title='bbox 3693 3976 3884 4047; x_wconf 76' lang='grc' dir='ltr'>ἀγένη-</span> 
     </span>
    </p>
   </div>
   <div class='ocr_carea' id='block_1_92' title="bbox 2280 4066 2888 4135">
    <p class='ocr_par' dir='ltr' id='par_1_92' title="bbox 2280 4066 2888 4135">
     <span class='ocr_line' id='line_1_92' title="bbox 2280 4066 2888 4135; baseline 0.005 -20"><span class='ocrx_word' id='word_1_676' title='bbox 2280 4083 2383 4124; x_wconf 81' lang='grc' dir='ltr'>τος,</span> <span class='ocrx_word' id='word_1_677' title='bbox 2424 4067 2584 4135; x_wconf 73' lang='grc' dir='ltr'>ἤγουν</span> <span class='ocrx_word' id='word_1_678' title='bbox 2617 4066 2888 4124; x_wconf 80' lang='grc' dir='ltr'>οἴκτιστος.</span> 
     </span>
    </p>
   </div>
   <div class='ocr_carea' id='block_1_93' title="bbox 2356 4150 3890 4229">
    <p class='ocr_par' dir='ltr' id='par_1_93' title="bbox 2356 4150 3890 4229">
     <span class='ocr_line' id='line_1_93' title="bbox 2356 4150 3890 4229; baseline 0.002 -24"><span class='ocrx_word' id='word_1_679' title='bbox 2356 4150 2647 4215; x_wconf 74' lang='grc' dir='ltr'>Αποδείξας</span> <span class='ocrx_word' id='word_1_680' title='bbox 2710 4150 2767 4205; x_wconf 74' lang='grc' dir='ltr'>δὲ</span> <span class='ocrx_word' id='word_1_681' title='bbox 2830 4157 2914 4205; x_wconf 81' lang='grc' dir='ltr'>τόν</span> <span class='ocrx_word' id='word_1_682' title='bbox 2970 4157 3086 4205; x_wconf 79' lang='grc' dir='ltr'>Υὶόν</span> <span class='ocrx_word' id='word_1_683' title='bbox 3143 4151 3465 4226; x_wconf 72' lang='grc' dir='ltr'>δημιουργόν</span> <span class='ocrx_word' id='word_1_684' title='bbox 3520 4156 3697 4216; x_wconf 84' lang='grc' dir='ltr'>πάσης</span> <span class='ocrx_word' id='word_1_685' title='bbox 3770 4158 3890 4229; x_wconf 82' lang='grc' dir='ltr'>ὁρα-</span> 
     </span>
    </p>
   </div>
   <div class='ocr_carea' id='block_1_94' title="bbox 2283 4242 3887 4315">
    <p class='ocr_par' dir='ltr' id='par_1_94' title="bbox 2283 4242 3887 4315">
     <span class='ocr_line' id='line_1_94' title="bbox 2283 4242 3887 4315; baseline 0.004 -23"><span class='ocrx_word' id='word_1_686' title='bbox 2283 4252 2433 4302; x_wconf 81' lang='grc' dir='ltr'>τικῆς</span> <span class='ocrx_word' id='word_1_687' title='bbox 2465 4243 2576 4313; x_wconf 67' lang='lat' dir='ltr'>(Ut)</span> <span class='ocrx_word' id='word_1_688' title='bbox 2626 4248 2716 4294; x_wconf 79' lang='grc' dir='ltr'>καὶ</span> <span class='ocrx_word' id='word_1_689' title='bbox 2748 4242 2970 4315; x_wconf 79' lang='grc' dir='ltr'>ἀοράτου</span> <span class='ocrx_word' id='word_1_690' title='bbox 3008 4248 3246 4310; x_wconf 82' lang='grc' dir='ltr'>κτίσεως,</span> <span class='ocrx_word' id='word_1_691' title='bbox 3301 4244 3394 4295; x_wconf 78' lang='grc' dir='ltr'>οὐκ</span> <span class='ocrx_word' id='word_1_692' title='bbox 3426 4242 3627 4306; x_wconf 78' lang='grc' dir='ltr'>ἐξέϐαλε</span> <span class='ocrx_word' id='word_1_693' title='bbox 3665 4249 3753 4297; x_wconf 82' lang='grc' dir='ltr'>τὸν</span> <span class='ocrx_word' id='word_1_694' title='bbox 3785 4252 3887 4299; x_wconf 87' lang='grc' dir='ltr'>Πα-</span> 
     </span>
    </p>
   </div>
   <div class='ocr_carea' id='block_1_95' title="bbox 2282 4328 3891 4405">
    <p class='ocr_par' dir='ltr' id='par_1_95' title="bbox 2282 4328 3891 4405">
     <span class='ocr_line' id='line_1_95' title="bbox 2282 4328 3891 4405; baseline 0.002 -23"><span class='ocrx_word' id='word_1_695' title='bbox 2282 4335 2407 4405; x_wconf 82' lang='grc' dir='ltr'>τέρα</span> <span class='ocrx_word' id='word_1_696' title='bbox 2429 4340 2518 4383; x_wconf 81' lang='grc' dir='ltr'>τοῦ</span> <span class='ocrx_word' id='word_1_697' title='bbox 2542 4328 2929 4405; x_wconf 71' lang='grc' dir='ltr'>δημιουργικόν</span> <span class='ocrx_word' id='word_1_698' title='bbox 2971 4332 3281 4404; x_wconf 75' lang='grc' dir='ltr'>ἀξιώματος,</span> <span class='ocrx_word' id='word_1_699' title='bbox 3311 4331 3438 4384; x_wconf 72' lang='grc' dir='ltr'>ἄλλα</span> <span class='ocrx_word' id='word_1_700' title='bbox 3464 4338 3615 4404; x_wconf 88' lang='grc' dir='ltr'>μόνον</span> <span class='ocrx_word' id='word_1_701' title='bbox 3648 4330 3891 4397; x_wconf 76' lang='grc' dir='ltr'>ἐδίδαξεν</span> 
     </span>
    </p>
   </div>
   <div class='ocr_carea' id='block_1_96' title="bbox 2285 4419 3891 4494">
    <p class='ocr_par' dir='ltr' id='par_1_96' title="bbox 2285 4419 3891 4494">
     <span class='ocr_line' id='line_1_96' title="bbox 2285 4419 3891 4494; baseline 0.002 -22"><span class='ocrx_word' id='word_1_702' title='bbox 2285 4422 2363 4472; x_wconf 85' lang='grc' dir='ltr'>ὅτι</span> <span class='ocrx_word' id='word_1_703' title='bbox 2388 4426 2476 4472; x_wconf 85' lang='grc' dir='ltr'>καὶ</span> <span class='ocrx_word' id='word_1_704' title='bbox 2507 4423 2532 4471; x_wconf 94' lang='grc' dir='ltr'>ό</span> <span class='ocrx_word' id='word_1_705' title='bbox 2566 4423 2684 4482; x_wconf 72' lang='grc' dir='ltr'>Υἱός</span> <span class='ocrx_word' id='word_1_706' title='bbox 2713 4419 3031 4493; x_wconf 69' lang='grc' dir='ltr'>δημιουργός</span> <span class='ocrx_word' id='word_1_707' title='bbox 3060 4420 3219 4485; x_wconf 83' lang='grc' dir='ltr'>ἐστιν,</span> <span class='ocrx_word' id='word_1_708' title='bbox 3245 4422 3418 4494; x_wconf 76' lang='grc' dir='ltr'>ὥσπερ</span> <span class='ocrx_word' id='word_1_709' title='bbox 3448 4425 3472 4472; x_wconf 88' lang='grc' dir='ltr'>ό</span> <span class='ocrx_word' id='word_1_710' title='bbox 3504 4427 3703 4494; x_wconf 83' lang='grc' dir='ltr'>Πατήρ’</span> <span class='ocrx_word' id='word_1_711' title='bbox 3724 4427 3891 4475; x_wconf 85' lang='grc' dir='ltr'>κοινόν</span> 
     </span>
    </p>
   </div>
   <div class='ocr_carea' id='block_1_97' title="bbox 2285 4509 3887 4583">
    <p class='ocr_par' dir='ltr' id='par_1_97' title="bbox 2285 4509 3887 4583">
     <span class='ocr_line' id='line_1_97' title="bbox 2285 4509 3887 4583; baseline 0.002 -23"><span class='ocrx_word' id='word_1_712' title='bbox 2285 4513 2385 4582; x_wconf 75' lang='grc' dir='ltr'>γὰρ</span> <span class='ocrx_word' id='word_1_713' title='bbox 2418 4518 2569 4562; x_wconf 87' lang='grc' dir='ltr'>τοῦτο</span> <span class='ocrx_word' id='word_1_714' title='bbox 2610 4520 2707 4562; x_wconf 85' lang='grc' dir='ltr'>τῶν</span> <span class='ocrx_word' id='word_1_715' title='bbox 2739 4519 2912 4583; x_wconf 78' lang='grc' dir='ltr'>τριῶν,</span> <span class='ocrx_word' id='word_1_716' title='bbox 2948 4509 3056 4563; x_wconf 88' lang='grc' dir='ltr'>ἐπεὶ</span> <span class='ocrx_word' id='word_1_717' title='bbox 3079 4516 3232 4562; x_wconf 86' lang='grc' dir='ltr'>τοῦτό</span> <span class='ocrx_word' id='word_1_718' title='bbox 3258 4513 3533 4582; x_wconf 83' lang='grc' dir='ltr'>γνώρισμά</span> <span class='ocrx_word' id='word_1_719' title='bbox 3568 4510 3680 4563; x_wconf 83' lang='grc' dir='ltr'>ἐστι</span> <span class='ocrx_word' id='word_1_720' title='bbox 3713 4513 3887 4570; x_wconf 84' lang='grc' dir='ltr'>θεότη-</span> 
     </span>
    </p>
   </div>
   <div class='ocr_carea' id='block_1_98' title="bbox 2286 4601 2835 4672">
    <p class='ocr_par' dir='ltr' id='par_1_98' title="bbox 2286 4601 2835 4672">
     <span class='ocr_line' id='line_1_98' title="bbox 2286 4601 2835 4672; baseline -0.002 -21"><span class='ocrx_word' id='word_1_721' title='bbox 2286 4619 2391 4667; x_wconf 83' lang='grc' dir='ltr'>τος,</span> <span class='ocrx_word' id='word_1_722' title='bbox 2419 4601 2490 4661; x_wconf 80' lang='grc' dir='ltr'>ὡς</span> <span class='ocrx_word' id='word_1_723' title='bbox 2508 4605 2835 4672; x_wconf 84' lang='grc' dir='ltr'>προείρηται.</span> 
     </span>
    </p>
   </div>
   <div class='ocr_carea' id='block_1_99' title="bbox 2355 4688 3888 4763">
    <p class='ocr_par' dir='ltr' id='par_1_99' title="bbox 2355 4688 3888 4763">
     <span class='ocr_line' id='line_1_99' title="bbox 2355 4688 3888 4763; baseline 0 -21"><span class='ocrx_word' id='word_1_724' title='bbox 2355 4693 2442 4742; x_wconf 80' lang='grc' dir='ltr'>Διό</span> <span class='ocrx_word' id='word_1_725' title='bbox 2495 4695 2585 4742; x_wconf 79' lang='grc' dir='ltr'>καὶ</span> <span class='ocrx_word' id='word_1_726' title='bbox 2640 4692 2781 4763; x_wconf 72' lang='grc' dir='ltr'>παρὰ</span> <span class='ocrx_word' id='word_1_727' title='bbox 2842 4697 2902 4761; x_wconf 81' lang='grc' dir='ltr'>τῇ</span> <span class='ocrx_word' id='word_1_728' title='bbox 2953 4691 3066 4759; x_wconf 75' lang='grc' dir='ltr'>θείᾳ</span> <span class='ocrx_word' id='word_1_729' title='bbox 3114 4695 3288 4761; x_wconf 77' lang='grc' dir='ltr'>Γραφῇ</span> <span class='ocrx_word' id='word_1_730' title='bbox 3347 4692 3471 4742; x_wconf 76' lang='grc' dir='ltr'>ποτε</span> <span class='ocrx_word' id='word_1_731' title='bbox 3530 4694 3619 4760; x_wconf 74' lang='grc' dir='ltr'>μεν</span> <span class='ocrx_word' id='word_1_732' title='bbox 3679 4695 3738 4741; x_wconf 84' lang='grc' dir='ltr'>τό</span> <span class='ocrx_word' id='word_1_733' title='bbox 3794 4688 3888 4748; x_wconf 79' lang='grc' dir='ltr'>δη-</span> 
     </span>
    </p>
   </div>
   <div class='ocr_carea' id='block_1_100' title="bbox 2277 4776 3885 4853">
    <p class='ocr_par' dir='ltr' id='par_1_100' title="bbox 2277 4776 3885 4853">
     <span class='ocr_line' id='line_1_100' title="bbox 2277 4776 3885 4853; baseline 0 -22"><span class='ocrx_word' id='word_1_734' title='bbox 2277 4782 2584 4853; x_wconf 81' lang='grc' dir='ltr'>μιουργίκόν</span> <span class='ocrx_word' id='word_1_735' title='bbox 2615 4778 2698 4830; x_wconf 84' lang='grc' dir='ltr'>ἐπὶ</span> <span class='ocrx_word' id='word_1_736' title='bbox 2760 4777 2876 4851; x_wconf 87' lang='grc' dir='ltr'>[τοῦ</span> <span class='ocrx_word' id='word_1_737' title='bbox 2928 4782 3123 4847; x_wconf 79' lang='grc' dir='ltr'>Πατρός</span> <span class='ocrx_word' id='word_1_738' title='bbox 3190 4779 3303 4849; x_wconf 86' lang='grc'>(15)</span> <span class='ocrx_word' id='word_1_739' title='bbox 3373 4778 3601 4849; x_wconf 75' lang='grc' dir='ltr'>λέγεται,</span> <span class='ocrx_word' id='word_1_740' title='bbox 3656 4781 3777 4829; x_wconf 75' lang='grc' dir='ltr'>ποτε</span> <span class='ocrx_word' id='word_1_741' title='bbox 3828 4776 3885 4831; x_wconf 75' lang='grc' dir='ltr'>δὲ</span> 
     </span>
    </p>
   </div>
   <div class='ocr_carea' id='block_1_101' title="bbox 2275 4864 3882 4939">
    <p class='ocr_par' dir='ltr' id='par_1_101' title="bbox 2275 4864 3882 4939">
     <span class='ocr_line' id='line_1_101' title="bbox 2275 4864 3882 4939; baseline -0.001 -20"><span class='ocrx_word' id='word_1_742' title='bbox 2275 4874 2360 4936; x_wconf 69' lang='grc' dir='ltr'>επὶ</span> <span class='ocrx_word' id='word_1_743' title='bbox 2410 4877 2500 4920; x_wconf 90' lang='grc' dir='ltr'>τοῦ</span> <span class='ocrx_word' id='word_1_744' title='bbox 2552 4870 2696 4934; x_wconf 82' lang='grc' dir='ltr'>Υἰοῦ,</span> <span class='ocrx_word' id='word_1_745' title='bbox 2746 4871 2868 4920; x_wconf 77' lang='grc' dir='ltr'>ποτε</span> <span class='ocrx_word' id='word_1_746' title='bbox 2919 4864 2976 4919; x_wconf 76' lang='grc' dir='ltr'>δὲ</span> <span class='ocrx_word' id='word_1_747' title='bbox 3032 4866 3155 4938; x_wconf 78' lang='grc' dir='ltr'>ἐπὶ]</span> <span class='ocrx_word' id='word_1_748' title='bbox 3188 4875 3279 4919; x_wconf 87' lang='grc' dir='ltr'>τοῦ</span> <span class='ocrx_word' id='word_1_749' title='bbox 3330 4867 3483 4939; x_wconf 83' lang='grc' dir='ltr'>ἁγίου</span> <span class='ocrx_word' id='word_1_750' title='bbox 3548 4868 3836 4938; x_wconf 76' lang='grc' dir='ltr'>Πνεῦματος</span> <span class='ocrx_word' id='word_1_751' title='bbox 3870 4884 3882 4898; x_wconf 73' lang='grc' dir='ltr'><strong><em>ο</em></strong></span> 
     </span>
    </p>
   </div>
   <div class='ocr_carea' id='block_1_102' title="bbox 2287 4953 3893 5030">
    <p class='ocr_par' dir='ltr' id='par_1_102' title="bbox 2287 4953 3893 5030">
     <span class='ocr_line' id='line_1_102' title="bbox 2287 4953 3893 5030; baseline -0.002 -20"><span class='ocrx_word' id='word_1_752' title='bbox 2287 4960 2372 5010; x_wconf 86' lang='grc' dir='ltr'>οἷα</span> <span class='ocrx_word' id='word_1_753' title='bbox 2400 4965 2489 5011; x_wconf 89' lang='grc' dir='ltr'>τοῦ</span> <span class='ocrx_word' id='word_1_754' title='bbox 2519 4961 2608 5030; x_wconf 75' lang='grc' dir='ltr'>μὲν</span> <span class='ocrx_word' id='word_1_755' title='bbox 2675 4960 2877 5029; x_wconf 87' lang='grc' dir='ltr'>Πατρός</span> <span class='ocrx_word' id='word_1_756' title='bbox 2938 4954 3291 5021; x_wconf 72' lang='grc' dir='ltr'>εὐδοκοῦντος,</span> <span class='ocrx_word' id='word_1_757' title='bbox 3338 4964 3428 5008; x_wconf 89' lang='grc' dir='ltr'>τοῦ</span> <span class='ocrx_word' id='word_1_758' title='bbox 3485 4953 3544 5009; x_wconf 73' lang='grc' dir='ltr'>δὲ</span> <span class='ocrx_word' id='word_1_759' title='bbox 3588 4958 3711 5010; x_wconf 80' lang='grc' dir='ltr'>Υἱοῦ</span> <span class='ocrx_word' id='word_1_760' title='bbox 3764 4957 3893 5029; x_wconf 72' lang='grc' dir='ltr'>ἐνερε-</span> 
     </span>
    </p>
   </div>
   <div class='ocr_carea' id='block_1_103' title="bbox 1636 5260 2619 5330">
    <p class='ocr_par' dir='ltr' id='par_1_103' title="bbox 1636 5260 2619 5330">
     <span class='ocr_line' id='line_1_103' title="bbox 1636 5260 2619 5330; baseline -0.002 -1"><span class='ocrx_word' id='word_1_761' title='bbox 1636 5260 1862 5329; x_wconf 73' lang='lat' dir='ltr'>Variae</span> <span class='ocrx_word' id='word_1_762' title='bbox 1916 5261 2244 5330; x_wconf 88' lang='lat' dir='ltr'>lectiones</span> <span class='ocrx_word' id='word_1_763' title='bbox 2293 5270 2360 5330; x_wconf 90' lang='lat' dir='ltr'>et</span> <span class='ocrx_word' id='word_1_764' title='bbox 2419 5271 2619 5330; x_wconf 68' lang='lat' dir='ltr'>notae.</span> 
     </span>
    </p>
   </div>
   <div class='ocr_carea' id='block_1_104' title="bbox 594 5456 2181 5532">
    <p class='ocr_par' dir='ltr' id='par_1_104' title="bbox 594 5456 2181 5532">
     <span class='ocr_line' id='line_1_104' title="bbox 594 5456 2181 5532; baseline 0.003 -21"><span class='ocrx_word' id='word_1_765' title='bbox 594 5457 671 5527; x_wconf 86' lang='lat'>(7)</span> <span class='ocrx_word' id='word_1_766' title='bbox 714 5456 864 5512; x_wconf 87' lang='lat' dir='ltr'>Loco</span> <span class='ocrx_word' id='word_1_767' title='bbox 890 5456 1126 5532; x_wconf 77' lang='lat' dir='ltr'>horum</span> <span class='ocrx_word' id='word_1_768' title='bbox 1156 5462 1417 5532; x_wconf 88' lang='lat' dir='ltr'>quatuor</span> <span class='ocrx_word' id='word_1_769' title='bbox 1456 5456 1887 5532; x_wconf 81' lang='lat' dir='ltr'>vocabulorum</span> <span class='ocrx_word' id='word_1_770' title='bbox 1919 5460 2181 5532; x_wconf 90' lang='lat' dir='ltr'>spatium</span> 
     </span>
    </p>
   </div>
   <div class='ocr_carea' id='block_1_105' title="bbox 522 5529 2185 5601">
    <p class='ocr_par' dir='ltr' id='par_1_105' title="bbox 522 5529 2185 5601">
     <span class='ocr_line' id='line_1_105' title="bbox 522 5529 2185 5601; baseline 0.002 -19"><span class='ocrx_word' id='word_1_771' title='bbox 522 5544 771 5601; x_wconf 77' lang='lat' dir='ltr'>vacuum</span> <span class='ocrx_word' id='word_1_772' title='bbox 802 5532 894 5601; x_wconf 83' lang='lat' dir='ltr'>est</span> <span class='ocrx_word' id='word_1_773' title='bbox 919 5529 976 5582; x_wconf 87' lang='lat' dir='ltr'>in</span> <span class='ocrx_word' id='word_1_774' title='bbox 1019 5529 1151 5584; x_wconf 90' lang='lat' dir='ltr'>cod.</span> <span class='ocrx_word' id='word_1_775' title='bbox 1202 5529 1276 5601; x_wconf 14' lang='lat' dir='ltr'>7A.</span> <span class='ocrx_word' id='word_1_776' title='bbox 1312 5530 1457 5584; x_wconf 82' lang='lat' dir='ltr'>Ante</span> <span class='ocrx_word' id='word_1_777' title='bbox 1490 5531 1513 5581; x_wconf 87' lang='grc' dir='ltr'>ὁ</span> <span class='ocrx_word' id='word_1_778' title='bbox 1571 5532 1811 5601; x_wconf 80' lang='grc' dir='ltr'>ἡμέτερος</span> <span class='ocrx_word' id='word_1_779' title='bbox 1844 5529 2064 5591; x_wconf 72' lang='lat' dir='ltr'>autcm,</span> <span class='ocrx_word' id='word_1_780' title='bbox 2106 5532 2185 5587; x_wconf 89' lang='lat' dir='ltr'>le-</span> 
     </span>
    </p>
   </div>
   <div class='ocr_carea' id='block_1_106' title="bbox 525 5599 1554 5672">
    <p class='ocr_par' dir='ltr' id='par_1_106' title="bbox 525 5599 1554 5672">
     <span class='ocr_line' id='line_1_106' title="bbox 525 5599 1554 5672; baseline 0.004 -20"><span class='ocrx_word' id='word_1_781' title='bbox 525 5600 680 5672; x_wconf 85' lang='lat' dir='ltr'>gitur</span> <span class='ocrx_word' id='word_1_782' title='bbox 719 5599 837 5672; x_wconf 62' lang='grc' dir='ltr'>οἷοςζ</span> <span class='ocrx_word' id='word_1_783' title='bbox 861 5600 924 5653; x_wconf 77' lang='lat' dir='ltr'>Et;</span> <span class='ocrx_word' id='word_1_784' title='bbox 945 5602 1044 5660; x_wconf 82' lang='grc' dir='ltr'>οἷος</span> <span class='ocrx_word' id='word_1_785' title='bbox 1070 5600 1314 5671; x_wconf 84' lang='lat' dir='ltr'>quidem</span> <span class='ocrx_word' id='word_1_786' title='bbox 1335 5602 1554 5672; x_wconf 82' lang='lat' dir='ltr'>recepi.</span> 
     </span>
    </p>
   </div>
   <div class='ocr_carea' id='block_1_107' title="bbox 600 5668 2185 5792">
    <p class='ocr_par' dir='ltr' id='par_1_107' title="bbox 600 5668 2185 5792">
     <span class='ocr_line' id='line_1_107' title="bbox 600 5668 2185 5792; baseline 0.005 -70"><span class='ocrx_word' id='word_1_787' title='bbox 600 5669 675 5740; x_wconf 92' lang='lat'>(8)</span> <span class='ocrx_word' id='word_1_788' title='bbox 712 5668 995 5792; x_wconf 56' lang='grc' dir='ltr'>ῗεολογία,</span> <span class='ocrx_word' id='word_1_789' title='bbox 1057 5668 1195 5726; x_wconf 72' lang='lat' dir='ltr'>cum</span> <span class='ocrx_word' id='word_1_790' title='bbox 1231 5673 1424 5745; x_wconf 90' lang='lat' dir='ltr'>spatio</span> <span class='ocrx_word' id='word_1_791' title='bbox 1470 5668 1661 5729; x_wconf 70' lang='lat' dir='ltr'>vacuo</span> <span class='ocrx_word' id='word_1_792' title='bbox 1692 5672 1949 5729; x_wconf 88' lang='lat' dir='ltr'>duarum</span> <span class='ocrx_word' id='word_1_793' title='bbox 1972 5675 2185 5730; x_wconf 84' lang='lat' dir='ltr'>littera-</span> 
     </span>
     <span class='ocr_line' id='line_1_108' title="bbox 602 5757 776 5792; baseline 0 0"><span class='ocrx_word' id='word_1_794' title='bbox 602 5757 682 5792; x_wconf 79' lang='grc' dir='ltr'>ω.</span> <span class='ocrx_word' id='word_1_795' title='bbox 763 5779 776 5792; x_wconf 85' lang='grc'>.</span> 
     </span>
    </p>
   </div>
   <div class='ocr_carea' id='block_1_108' title="bbox 527 5754 1141 5883">
    <p class='ocr_par' dir='ltr' id='par_1_108' title="bbox 527 5754 1141 5883">
     <span class='ocr_line' id='line_1_109' title="bbox 527 5754 776 5795; baseline 0.008 -2"><span class='ocrx_word' id='word_1_796' title='bbox 527 5754 682 5794; x_wconf 91' lang='lat' dir='ltr'>rum.</span> <span class='ocrx_word' id='word_1_797' title='bbox 712 5754 776 5795; x_wconf 82' lang='grc' dir='ltr'>Α.</span> 
     </span>
     <span class='ocr_line' id='line_1_110' title="bbox 570 5810 1141 5883; baseline 0.009 -20"><span class='ocrx_word' id='word_1_798' title='bbox 570 5854 577 5863; x_wconf 88' lang='grc'><strong>.</strong></span> <span class='ocrx_word' id='word_1_799' title='bbox 602 5812 679 5882; x_wconf 83' lang='grc'>(9)</span> <span class='ocrx_word' id='word_1_800' title='bbox 708 5810 827 5878; x_wconf 83' lang='grc' dir='ltr'>Ἦν,</span> <span class='ocrx_word' id='word_1_801' title='bbox 853 5827 961 5883; x_wconf 91' lang='lat' dir='ltr'>pro</span> <span class='ocrx_word' id='word_1_802' title='bbox 988 5817 1040 5865; x_wconf 76' lang='grc' dir='ltr'>ὅν</span> <span class='ocrx_word' id='word_1_803' title='bbox 1072 5814 1141 5868; x_wconf 87' lang='grc' dir='ltr'>Α.</span> 
     </span>
    </p>
   </div>
   <div class='ocr_carea' id='block_1_109' title="bbox 2400 5531 2855 5604">
    <p class='ocr_par' dir='ltr' id='par_1_109' title="bbox 2400 5531 2855 5604">
     <span class='ocr_line' id='line_1_111' title="bbox 2400 5531 2855 5604; baseline -0.004 -19"><span class='ocrx_word' id='word_1_804' title='bbox 2400 5534 2480 5601; x_wconf 90' lang='lat' dir='ltr'>ll)</span> <span class='ocrx_word' id='word_1_805' title='bbox 2515 5531 2762 5604; x_wconf 79' lang='grc' dir='ltr'>Ἐκὴρυξε</span> <span class='ocrx_word' id='word_1_806' title='bbox 2795 5537 2855 5583; x_wconf 80' lang='grc' dir='ltr'>Α.</span> 
     </span>
    </p>
   </div>
   <div class='ocr_carea' id='block_1_110' title="bbox 2400 5604 2909 5673">
    <p class='ocr_par' dir='ltr' id='par_1_110' title="bbox 2400 5604 2909 5673">
     <span class='ocr_line' id='line_1_112' title="bbox 2400 5604 2909 5673; baseline -0.006 -16"><span class='ocrx_word' id='word_1_807' title='bbox 2400 5604 2816 5673; x_wconf 67' lang='grc' dir='ltr'>12)Ἀγέννητον</span> <span class='ocrx_word' id='word_1_808' title='bbox 2852 5608 2909 5654; x_wconf 81' lang='grc' dir='ltr'>Α.</span> 
     </span>
    </p>
   </div>
   <div class='ocr_carea' id='block_1_111' title="bbox 2369 5676 2912 5745">
    <p class='ocr_par' dir='ltr' id='par_1_111' title="bbox 2369 5676 2912 5745">
     <span class='ocr_line' id='line_1_113' title="bbox 2369 5676 2912 5745; baseline -0.004 -17"><span class='ocrx_word' id='word_1_809' title='bbox 2369 5677 2485 5743; x_wconf 78' lang='grc'>(13)</span> <span class='ocrx_word' id='word_1_810' title='bbox 2519 5676 2829 5745; x_wconf 65' lang='lat' dir='ltr'>&#39;Ayéwnro;</span> <span class='ocrx_word' id='word_1_811' title='bbox 2854 5680 2888 5725; x_wconf 85' lang='lat' dir='ltr'><strong>A</strong></span> <span class='ocrx_word' id='word_1_812' title='bbox 2901 5715 2912 5726; x_wconf 89' lang='lat'>.</span> 
     </span>
    </p>
   </div>
   <div class='ocr_carea' id='block_1_112' title="bbox 2372 5744 3192 5889">
    <p class='ocr_par' dir='ltr' id='par_1_112' title="bbox 2372 5744 3192 5889">
     <span class='ocr_line' id='line_1_114' title="bbox 2372 5744 3192 5889; baseline 0 -89"><span class='ocrx_word' id='word_1_813' title='bbox 2372 5747 2485 5889; x_wconf 50' lang='lat'>(14;</span> <span class='ocrx_word' id='word_1_814' title='bbox 2514 5744 2944 5825; x_wconf 75' lang='lat' dir='ltr'>Corrigendum</span> <span class='ocrx_word' id='word_1_815' title='bbox 2974 5746 3133 5812; x_wconf 86' lang='grc' dir='ltr'>ὁρατῆ</span> <span class='ocrx_word' id='word_1_816' title='bbox 3148 5764 3192 5805; x_wconf 90' lang='grc' dir='ltr'>ς.</span> 
     </span>
     <span class='ocr_line' id='line_1_115' title="bbox 2372 5817 3111 5889; baseline -0.004 -17"><span class='ocrx_word' id='word_1_817' title='bbox 2372 5819 2463 5889; x_wconf 79' lang='grc'>(15</span> <span class='ocrx_word' id='word_1_818' title='bbox 2527 5818 2770 5874; x_wconf 84' lang='lat' dir='ltr'>inclusa</span> <span class='ocrx_word' id='word_1_819' title='bbox 2800 5817 3017 5873; x_wconf 80' lang='lat' dir='ltr'>omittit</span> <span class='ocrx_word' id='word_1_820' title='bbox 3046 5817 3111 5870; x_wconf 85' lang='lat' dir='ltr'>A.</span> 
     </span>
    </p>
   </div>
   <div class='ocr_carea' id='block_1_113' title="bbox 2370 5815 3111 5890">
    <p class='ocr_par' dir='ltr' id='par_1_113' title="bbox 2370 5815 3111 5890">
     <span class='ocr_line' id='line_1_116' title="bbox 2370 5815 3111 5890; baseline -0.004 -18"><span class='ocrx_word' id='word_1_821' title='bbox 2370 5815 2485 5890; x_wconf 79' lang='grc'>(15)</span> <span class='ocrx_word' id='word_1_822' title='bbox 2527 5818 2770 5874; x_wconf 84' lang='lat' dir='ltr'>inclusa</span> <span class='ocrx_word' id='word_1_823' title='bbox 2800 5815 3017 5873; x_wconf 91' lang='lat' dir='ltr'>omittit</span> <span class='ocrx_word' id='word_1_824' title='bbox 3046 5817 3111 5870; x_wconf 85' lang='lat' dir='ltr'>A.</span> 
     </span>
    </p>
   </div>
   <div class='ocr_carea' id='block_1_114' title="bbox 2367 5459 2881 5674">
    <p class='ocr_par' dir='ltr' id='par_1_114' title="bbox 2367 5459 2881 5674">
     <span class='ocr_line' id='line_1_117' title="bbox 2393 5459 2881 5529; baseline 0 -14"><span class='ocrx_word' id='word_1_825' title='bbox 2393 5460 2481 5529; x_wconf 78' lang='grc'>10)</span> <span class='ocrx_word' id='word_1_826' title='bbox 2508 5462 2605 5512; x_wconf 88' lang='grc' dir='ltr'>Τόν</span> <span class='ocrx_word' id='word_1_827' title='bbox 2629 5459 2795 5513; x_wconf 86' lang='lat' dir='ltr'>addit</span> <span class='ocrx_word' id='word_1_828' title='bbox 2823 5465 2881 5515; x_wconf 83' lang='lat' dir='ltr'>B.</span> 
     </span>
     <span class='ocr_line' id='line_1_118' title="bbox 2367 5460 2855 5674; baseline -0.004 -89"><span class='ocrx_word' id='word_1_829' title='bbox 2367 5460 2413 5674; x_wconf 66' lang='grc' dir='ltr'>(Ι</span> <span class='ocrx_word' id='word_1_830' title='bbox 2437 5534 2480 5601; x_wconf 81' lang='grc' dir='ltr'>ι)</span> <span class='ocrx_word' id='word_1_831' title='bbox 2515 5531 2762 5604; x_wconf 79' lang='grc' dir='ltr'>Ἐχὴρυξε</span> <span class='ocrx_word' id='word_1_832' title='bbox 2795 5537 2855 5583; x_wconf 80' lang='grc' dir='ltr'><strong>Α.</strong></span> 
     </span>
     <span class='ocr_line' id='line_1_119' title="bbox 2400 5604 2881 5673; baseline -0.012 -16"><span class='ocrx_word' id='word_1_833' title='bbox 2400 5604 2816 5673; x_wconf 67' lang='grc' dir='ltr'>12)Ἀγέννητον</span> <span class='ocrx_word' id='word_1_834' title='bbox 2852 5608 2881 5651; x_wconf 86' lang='lat' dir='ltr'><strong>A</strong></span> 
     </span>
    </p>
   </div>
  </div>
