4128 6382
230 342 366 399 1117

1239 340 1613 398 COMMENT.
1661 340 1728 395 IN
1766 337 2121 394 JOANNEM.
2163 372 2230 381 —
2270 342 2422 398 CAP.
2470 341 2511 397 Ι.

3471 345 3610 402 1118

227 465 527 520 ἀπολαῦσαι
553 475 649 527 τῆς
677 467 902 540 χάριτος
933 465 1081 519 αὐτοὶ
1120 474 1212 518 τοῦ
1243 471 1314 540 μὴ
1355 466 1466 539 (25)
1512 467 1824 538 φωτισθῆναι

1954 465 2122 530 Quod
2155 465 2202 520 si
2223 466 2327 539 qui
2358 466 2488 524 luce
2516 468 2627 524 frui
2694 468 2921 537 nolunt,
2953 469 3085 542 ipse
3125 467 3236 526 sibi
3268 484 3452 526 causa
3471 474 3612 526 sunt

226 577 409 611 αιτιοι.

297 647 570 705 Ἀληθινὸν
604 642 662 699 δὲ
684 643 818 698 εἶπεν
851 647 995 713 αὐτὸ,
1017 649 1085 706 ὡς
1117 645 1451 719 ἀσύγκριτον,
1477 651 1566 698 καὶ
1588 647 1713 718 ὑπὲρ
1736 650 1836 696 πᾶν

223 745 347 809 φῶς,
376 741 466 788 καὶ
495 740 689 808 κυρίως
711 743 834 808 φῶς.

295 825 393 898 [Τό
425 829 537 895 (26)
590 834 694 898 φῶς
737 828 796 877 τό
845 824 1108 883 ἀληθινόν.
1159 830 1258 878 Καὶ
1303 825 1452 877 εἰκὼν
1506 825 1563 876 δὲ
1616 822 1832 881 ἀληθινὴ

218 912 447 985 λέγεται,
490 918 578 967 καὶ
640 913 856 972 ἀληθινὴ
920 919 1097 986 σοφία,
1151 919 1240 966 καὶ
1290 914 1398 975 ζωὴ
1459 912 1697 977 ἀληθινὴ,
1746 916 1835 963 καὶ

218 1005 289 1054 τά
336 1011 554 1055 τοιαῦτα
589 1025 600 1036 ·
637 1003 730 1055 οὐκ
775 1002 859 1056 ἐπὶ
913 999 1132 1076 διαϐολῇ
1188 1012 1287 1054 τῶν
1332 1002 1495 1054 ἄλλων
1553 1002 1712 1073 ἁγίων
1764 999 1832 1052 εἰ·

217 1097 408 1157 κόνων,
465 1089 590 1146 οὐδὲ
628 1100 723 1154 τῆς
769 1091 871 1145 ἀπὸ
913 1101 1010 1144 τῶν
1068 1095 1212 1146 θείων
1275 1099 1488 1165 Γραφῶν
1543 1096 1743 1165 σορίας,
1800 1093 1829 1147 ἣ

217 1190 316 1242 τῆς
367 1181 585 1235 ἐνταῦθα
616 1182 774 1248 ζωῆς,
820 1183 902 1234 ἵνα
949 1180 1086 1233 ἐάσω
1115 1186 1203 1241 τὴν
1244 1182 1530 1255 μέλλουσαν
1565 1201 1576 1212 ’
1619 1179 1747 1232 ἀλλά
1775 1183 1832 1230 τό

215 1278 456 1323 τοιοῦτον
489 1280 682 1344 σχῆμα
715 1280 806 1324 τοῦ
833 1271 989 1344 λόγου
1021 1275 1078 1324 τό
1117 1272 1235 1324 καθ’
1266 1274 1532 1344 ὑπεροχὴν
1583 1270 1834 1344 ἀσύγκρι-

216 1379 310 1412 τον
339 1361 653 1432 ὑποφαίνει.]

301 1448 415 1522 [Εἰς
455 1452 568 1518 (2'7)
599 1449 691 1502 τόν¹
719 1454 934 1522 κόσμον.
967 1449 1035 1503 Ἦ
1081 1455 1170 1502 καὶ
1217 1450 1400 1512 ἄλλως·
1445 1449 1722 1523 ἐρχόμενον
1764 1448 1834 1505 εἰς

214 1543 311 1590 τόν
343 1539 509 1598 ἀληθῆ
535 1543 731 1612 κόσμον
757 1548 856 1591 τῶν
886 1538 1138 1614 ἀρετῶν.)

296 1630 378 1681 Ἐν
420 1637 490 1699 τῷ
533 1626 714 1701 κόσμῷ
756 1626 836 1688 ἦν.
892 1629 1002 1681 Ούκ
1059 1634 1125 1693 ὡς
1180 1634 1319 1702 τόπῳ
1372 1632 1828 1704 περιγραφόμενος,

217 1717 331 1768 ἀλλ’
359 1721 426 1778 ὡς
459 1719 625 1770 πάντα
662 1718 891 1793 πληρῶν.
920 1719 1089 1771 Εἰπὼν
1118 1716 1175 1772 δε
1209 1721 1287 1771 ὅτι
1324 1721 1405 1774 Ἐν
1429 1729 1498 1789 τῷ
1530 1724 1711 1790 κόσμῳ
1749 1713 1826 1781 ἦν,

1953 553 2114 624 quod
2136 571 2258 612 non
2287 555 2715 614 illuminentur.

2029 642 2242 700 Veram
2265 662 2500 718 quoque
2565 647 2758 703 lucem
2809 647 2975 713 dixit,
3034 653 3326 719 tanquam
3387 648 3612 704 incom-

1957 733 2286 802 parabilem
2319 752 2389 791 ac
2420 752 2598 808 super
2615 753 2845 802 omnes,
2870 743 2924 793 et
2945 754 3078 810 quae
3105 738 3339 809 proprie
3367 737 3468 793 lux
3499 743 3606 794 est.

2024 823 2065 892 -ι-
2092 824 2305 878 Dicitur
2324 841 2567 898 quoque
2585 843 2723 882 vera
2747 827 2969 897 imago,
2990 832 3197 883 etvera
3237 828 3612 899 sapientia,et

1955 925 2091 967 vera
2113 911 2227 968 vita
2256 913 2492 986 aliaque
2520 915 2770 983 similia;
2815 932 2936 971 non
2964 915 3038 971 ad
3069 916 3432 972 calumniam
3469 916 3611 973 alia-

1953 1015 2085 1054 rum
2107 1005 2806 1074 sanctarumimaginum
2832 1022 3060 1078 :neque
3093 1006 3401 1078 sapientiae
3429 1023 3611 1078 quaea

1957 1090 2276 1162 Scripturis
2302 1093 2523 1149 divinis
2552 1100 2657 1166 est,
2692 1111 2888 1167 neque
2916 1095 3051 1152 vitae
3083 1096 3412 1168 praesentis,
3446 1100 3609 1152 utne

1952 1178 2152 1235 dicam
2182 1181 2396 1238 futurae
2430 1200 2443 1237 :
2477 1184 2582 1238 sed
2623 1183 2753 1239 talis
2781 1184 2978 1254 ﬁgura
3006 1186 3321 1251 sermonis,
3364 1184 3422 1240 id
3450 1186 3609 1256 quod

1953 1268 2421 1344 incomparabile
2459 1278 2563 1344 est,
2607 1288 2711 1346 per
2743 1275 3201 1347 amplitudinem
3233 1275 3598 1332 manifestat.

2021 1447 2063 1518 -ι-
2090 1447 2226 1504 Sive
2255 1449 2592 1506 venientem
2617 1450 2676 1506 in
2706 1465 2913 1507 verum
2969 1451 3265 1508 mundum
3295 1451 3602 1508 virtutum.

2027 1628 2186 1680 Vers.
2220 1627 2304 1683 10.
2357 1627 2425 1682 In
2492 1628 2707 1683 mundo
2748 1633 2897 1685 erat.
2955 1631 3083 1684 Non
3121 1634 3409 1702 tanquam
3475 1629 3605 1686 loco

1950 1715 2451 1789 circumscriptus,
2495 1719 2595 1774 sed
2629 1725 2916 1791 tanquam
2958 1720 3162 1776 omnia
3182 1721 3603 1793 rcplens.Cum

219 1809 308 1858 ἱνα
338 1812 408 1869 μὴ
444 1806 696 1860 ὑπολάϐοι
741 1827 818 1870 τις
864 1810 942 1860 ὅτι
976 1812 1268 1882 σύγχρονος
1318 1805 1378 1866 ἧν
1422 1817 1513 1860 τοῦ
1554 1807 1824 1880 κόσμου,ἓ

1954 1810 2143 1860 autem
2174 1805 2448 1862 dixisset:
2479 1808 2548 1862 In
2579 1809 2790 1863 mundo
2821 1812 2967 1873 erat,
2996 1825 3065 1864 ne
3097 1809 3233 1882 quis
3273 1810 3604 1881 suspicare-

216 1899 443 1949 πέπονθε
476 1898 722 1960 Παῦλοςό
752 1902 1101 1970 Σαμοσατεὺς,
1132 1900 1444 1974 προσέθηκε’

297 2082 400 2130 Καὶ
431 2109 495 2116 -
518 2077 734 2148 ἐγένετο.
771 2073 1040 2152 Πρόδηλον
1061 2080 1162 2152 γὰρ
1193 2079 1270 2130 ὅτι
1311 2080 1335 2129 6
1364 2083 1586 2140 ποιητὴς
1617 2082 1715 2152 πρὸ
1741 2086 1831 2130 τοῦ

218 2171 514 2238 ποιήματος
545 2163 604 2223 ἧν
618 2211 630 2222 ,

299 2260 399 2308 Καὶ
458 2287 521 2294 -
589 2259 736 2326 ἔγνω.
798 2262 1004 2328 Κόσμον
1081 2256 1302 2308 ἐνταῦθα
1371 2256 1504 2326 λέγει
1574 2261 1694 2317 τούς
1769 2259 1833 2308 τά

220 2347 456 2416 κοσμικά
513 2346 844 2416 φρονοῦντας,
915 2350 1030 2406 τοὺς
1105 2355 1175 2415 τῷ
1242 2351 1423 2417 κόσμῳ
1491 2346 1829 2419 προσηλωμέ-

219 2452 358 2496 νους,
421 2437 538 2493 τοὺς
595 2440 697 2494 τοῖς
751 2434 1022 2496 αἰσθητοῖς
1071 2438 1348 2510 πράγμασι
1387 2442 1826 2509 προστετηκότας,

221 2527 310 2573 xui
369 2518 537 2593 μηδὲν
585 2524 710 2597 ὑπὲρ
757 2531 923 2574 ταῦτα
979 2532 1166 2581 νοῆσαι
1223 2522 1556 2596 δυναμένους.
1617 2527 1681 2575 Oi
1727 2528 1827 2598 γὰρ

220 2617 289 2683 μὴ
352 2620 578 2664 τοιοῦτοι
639 2616 867 2684 ἔγνωσαν
921 2614 1074 2665 αὑτὸν
1130 2619 1216 2666 καὶ
1276 2618 1374 2688 πρὸ
1431 2623 1523 2675 τῆς
1576 2613 1826 2686 ἐνσιὲρκου

220 2706 534 2774 παρουσίας.
597 2706 684 2754 Διὸ
743 2709 831 2756 καὶ
889 2702 936 2754 ἐν
998 2712 1070 2774 τῷ
1124 2704 1342 2773 εἰκοστῷ
1396 2707 1623 2776 τετάρτῳ
1676 2724 1827 2774 κεφα-

217 2791 346 2862 λαίῳ
408 2799 497 2843 τοῦ
552 2796 683 2844 κατά
750 2795 1014 2846 Ματθαῑον
1071 2790 1179 2846 εἶπε
1231 2797 1360 2867 πρὸς
1417 2797 1536 2854 τούς
1598 2792 1825 2845 ἀποστό-

216 2880 390 2941 λουςό
433 2885 658 2955 Χριστὸς
737 2884 813 2935 ὅτι
891 2883 1075 2935 Πολλοὶ
1128 2890 1397 2957 προφῆται
1466 2887 1553 2934 καὶ
1625 2879 1825 2935 δίκαιοι

217 2969 554 3041 ἐπεθυμησαν
611 2968 740 3023 ἰδεῖν
793 2971 826 3023 ἃ
892 2971 1122 3044 βλέπετε,
1189 2976 1279 3023 καὶ
1351 2972 1442 3023 οὐκ
1500 2968 1638 3024 εἶδον
1671 2992 1684 3004 ο
1738 2977 1825 3023 καὶ

217 3058 447 3111 ἀκουσαι
494 3059 528 3110 ἂ
574 3058 802 3126 ἀκούετε,
869 3066 954 3111 xui
1017 3061 1111 3112 οὐκ
1167 3065 1420 3119 ἤκουσαν.
1482 3061 1539 3114 Εἰ
1588 3063 1688 3135 γὰρ
1751 3065 1821 3132 μὴ

213 3151 450 3220 ἔγνωσαν
507 3149 682 3213 αὐτὸν,
730 3150 824 3200 οὐκ
874 3148 909 3200 ἆ
965 3148 1296 3221 ἐπεθύμησαν
1346 3149 1495 3216 ἰὸείν,
1557 3153 1626 3211 ως
1683 3153 1819 3221 εἴρη-

1859 3196 1899 3252 C

214 3257 329 3300 ται,
383 3242 472 3289 καὶ
531 3237 777 3290 ἀκοῦσαι.
833 3238 994 3291 "Octa
1056 3241 1284 3309 ἔγνωσαν
1340 3243 1429 3311 μὲν
1487 3239 1659 3305 αὑτὸν,
1738 3244 1825 3292 καὶ

214 3330 274 3378 τό
363 3334 454 3387 τῆς
539 3326 972 3402 ἐνανθρωπήσεως
1042 3328 1201 3379 αὐτοῦ
1294 3334 1609 3402 μυστήριον,
1695 3328 1824 3388 πλὴν

215 3417 487 3488 ὑπερφυῶς
521 3434 532 3446 ·
581 3415 912 3490 ἐπεθύμησαν
955 3415 1013 3470 δὲ
1052 3422 1141 3469 καὶ
1181 3417 1442 3478 αἰσθητῶς
1493 3414 1621 3470 ἰδεῖν
1671 3418 1823 3469 αὐτόν

217 3507 737 3580 θαυματουργοῠντα,
763 3511 851 3558 καὶ
884 3505 1107 3559 ἀκοῦσαι
1146 3507 1305 3558 αὐτοῦ
1337 3504 1706 3572 διδάσκοντος,
1737 3514 1824 3559 καὶ

214 3594 395 3655 ἁπλῶς
417 3593 464 3645 ἐν
496 3594 768 3668 ἀνθρώπου
801 3593 946 3648 εῖδει.

288 3691 497 3736 Νοεῖται
546 3681 603 3736 δὲ
643 3691 732 3736 xui
781 3687 860 3736 ὅτι
919 3683 1332 3757 δυσανασχετῶν
1379 3688 1404 3738 6
1453 3686 1825 3758 εύαγγελιστὴς

214 3772 300 3824 ἐπὶ
373 3781 435 3844 τῇ
491 3779 732 3848 πωρώσει
798 3783 895 3826 τῶν
977 3775 1342 3845 ἀγνοησάντων
1425 3777 1596 3842 αὐτόνἓ
1671 3780 1819 3847 φησι,

219 3869 322 3915 Καὶ
367 3864 391 3913 6
422 3867 619 3935 κόσμος
669 3859 740 3914 δι’
779 3863 935 3915 αὐτοῦ
983 3863 1194 3929 ἐγένετο,
1251 3871 1339 3917 xui
1397 3867 1420 3916 6
1479 3871 1675 3938 κόσμος
1734 3865 1824 3916 αύ-

213 3955 303 4002 τόν
336 3951 440 4022 οὐχ
481 3953 627 4024 ἔγνω,
662 3957 901 4005 τουτέστι
941 3958 1038 4006 Τόν
1087 3959 1309 4012 ποιητὴν
1358 3955 1451 4006 ούκ
1501 3958 1731 4026 ἔγνωσαν
1759 3957 1822 4006 τά

215 4045 508 4113 ποιήματα.

290 4130 384 4191 Εἰς
421 4162 488 4170 -
518 4130 824 4203 παρέλαϐον.
860 4130 976 4184 "En
1025 4134 1300 4205 σαφηνίζει
1339 4137 1424 4185 τόν
1469 4133 1639 4203 λόγον,
1679 4129 1822 4186 Ἱδια

213 4223 306 4292 μὲν
337 4222 439 4294 γὰρ
471 4219 651 4286 αὐτοῦ,
687 4223 711 4273 ό
741 4226 960 4293 κόσμος,
1002 4224 1070 4282 ὡς
1102 4227 1304 4295 ποίημα
1337 4224 1445 4293 ('28)
1485 4223 1663 4274 αὐτοῦ’
1692 4219 1822 4275 ῖὸιοι

215 4306 275 4362 δὲ
311 4311 360 4361 oi
391 4311 672 4382 ἄνθρωποι,
709 4313 772 4371 ὡς
822 4316 909 4364 xui
953 4311 1098 4364 αὐτοὶ
1130 4319 1420 4382 ποιήματα,
1465 4317 1554 4364 καὶ
1593 4316 1662 4373 ὡς
1705 4316 1820 4364 κατ’

213 4400 388 4451 εἰκόνα
436 4400 592 4452 αὑτοῦ
645 4406 922 4473 γενόμενοι,
987 4401 1170 4454 Ἦλθεν
1225 4399 1310 4454 οὖν
1365 4402 1434 4463 εἰς
1490 4403 1698 4466 αὐτούς,
1754 4406 1821 4462 ὡς

213 4490 504 4562 ἄνθρωπος·
540 4492 606 4552 ὡς
646 4493 743 4564 γάρ
772 4493 922 4556 Θεὸς,
957 4489 1004 4542 ἐν
1030 4499 1098 4561 τῷ
1126 4496 1310 4563 κόσμῳ
1341 4487 1422 4550 ἧν.

1854 4556 1898 4609 D

284 4667 650 4743 Ἑρμηνεύεται
715 4665 772 4721 δὲ
837 4674 927 4722 xui
997 4669 1114 4721 καθ’
1197 4671 1364 4742 ἓτερον
1429 4675 1636 4742 τρόπον,
1714 4673 1817 4733 ὅτι,

213 4757 326 4810 ἐπεὶ
375 4757 428 4820 ἐξ
466 4755 732 4812 Ἰουδαίων
786 4760 810 4809 6
850 4763 1082 4831 Χριστὸς
1129 4758 1416 4817 ἐϐλάστησε
1454 4763 1584 4812 κατά
1625 4763 1816 4833 σάρκα,

209 4843 332 4898 ἴδια
378 4850 466 4919 μὲν
501 4848 662 4900 αὐτοῦ
720 4851 773 4900 αἱ
818 4845 1090 4922 διατριϐαὶ
1146 4851 1369 4901 τούτων·
1430 4846 1563 4902 ἴδιοι
1619 4846 1677 4902 δὲ
1725 4851 1818 4901 αύ-

209 4941 316 5004 τοὶ,
389 4939 458 4998 ὡς
534 4945 797 5008 συγγενεῖς
863 4938 1023 4989 αὐτοῦ
1087 4943 1176 4990 xui
1252 4937 1520 5010 ὁμόφυλοι.
1587 4941 1673 4991 Διό
1733 4943 1820 4990 καὶ

208 5024 401 5096 ἢεγεν,
470 5025 581 5077 Ούκ
643 5024 935 5084 ἀπεστάλην
992 5026 1036 5078 εἰ
1083 5030 1154 5098 μὴ
1216 5026 1283 5087 εἰς
1332 5029 1398 5078 τὰ
1459 5025 1694 5100 πρόϐατα
1759 5030 1822 5078 τὰ

208 5112 516 5167 ἀπολωλότα
581 5117 726 5168 οἶκου
798 5114 1032 5190 Ἰσραήλ.
1114 5113 1198 5177 Εἰς
1266 5117 1332 5167 τὰ
1398 5112 1517 5169 ἴδια
1575 5120 1666 5189 μὲν
1732 5112 1819 5169 οὖν

281 5292 326 5330 ¹¹
358 5291 560 5348 Matth.
586 5307 702 5361 xui,
729 5294 820 5349 17.
897 5293 945 5328 ¹²
977 5292 1176 5349 Matth.
1209 5307 1307 5362 xv,
1334 5292 1423 5348 24.

1944 1899 2038 1948 tur
2068 1894 2294 1950 mundo
2320 1896 2768 1966 contemporale
2808 1913 2953 1963 esse,
2988 1899 3148 1968 quod
3179 1897 3393 1954 accidit
3417 1898 3602 1954 Paulo

1941 1981 2368 2039 Samosatensi.
2415 1984 2649 2040 addidit
2675 2001 2687 2040 :

2013 2075 2171 2128 Vers.
2206 2075 2290 2127 10.
2323 2075 2388 2128 Et
2429 2105 2496 2115 —
2525 2076 2726 2144 factm
2754 2082 2857 2131 est.
2895 2075 3268 2132 Manifestum
3294 2081 3384 2131 est
3404 2081 3601 2133 autem

1941 2162 2103 2234 quod
2133 2162 2337 2228 factor,
2371 2168 2508 2219 ante
2538 2163 2594 2218 id
2629 2165 2792 2236 quod
2824 2164 3048 2220 factum
3082 2171 3190 2232 est,
3228 2166 3420 2221 fuerit.

2012 2253 2176 2307 Vers.
2221 2253 2306 2308 10.
2350 2256 2415 2308 Et
2468 2286 2518 2294 η
2580 2255 2873 2325 cognovit.
2924 2256 3206 2312 Mundum
3261 2256 3423 2311 hunc
3468 2257 3606 2312 dicit

1941 2357 2060 2406 eos,
2085 2343 2187 2414 qui
2220 2345 2532 2400 mundana
2562 2345 3191 2416 sapiunt,quimundo
3228 2345 3386 2400 afﬁxi
3441 2350 3602 2414 sunt,

1938 2430 2078 2502 quia
2105 2432 2481 2488 sensibilibus
2499 2433 2677 2489 rebus
2706 2433 2918 2490 abduci
2951 2440 3274 2506 nequeunt,
3299 2450 3408 2490 nec
3430 2433 3602 2505 quid-

1937 2537 2120 2592 quam
2149 2537 2330 2594 supra
2345 2522 2467 2578 hrcc
2495 2523 2816 2592 intelligere
2840 2529 3106 2595 possunt.
3130 2524 3239 2589 Qui
3261 2525 3421 2580 enim
3452 2524 3600 2580 tales

1938 2627 2058 2667 non
2082 2613 2458 2683 sunt,ipsum
2504 2616 2860 2686 priusquam
2894 2615 3073 2670 etiam
3120 2615 3177 2670 in
3211 2631 3390 2670 carne
3422 2614 3598 2671 adve-

1938 2700 2136 2755 nisset.
2171 2708 2598 2771 cognoverunt.
2634 2707 2698 2759 Et
2722 2703 2862 2759 hinc
2885 2711 2973 2760 est
2998 2704 3156 2776 quod
3190 2705 3265 2760 ad
3297 2704 3599 2776 apostolos

1938 2789 2222 2844 vicesimo
2278 2797 2493 2863 quarto
2542 2793 2714 2862 juxta
2788 2794 3119 2848 Mattheeum
3196 2794 3389 2865 capite
3451 2793 3600 2849 dixit

1937 2879 2225 2934 Christus.
2273 2881 2452 2935 Multi
2508 2883 2806 2952 prophetae
2831 2888 2886 2938 et
2912 2882 3075 2951 iumti
3110 2883 3594 2939 desideraverunt

1937 2967 2134 3024 videre
2163 2985 2282 3039 quia
2307 2971 2516 3026 videtis
2548 2978 2600 3026 et
2626 2987 2742 3026 nou
2773 2972 3050 3027 viderunt
3078 2987 3090 3027 :
3125 2977 3179 3028 et
3216 2973 3433 3028 audire
3461 2987 3596 3044 quia

1936 3057 2176 3124 auditis,
2208 3067 2259 3115 et
2286 3075 2405 3114 non
2422 3060 2750 3117 audierunt
2768 3062 2834 3114 ¹¹.
2871 3060 3043 3126 Quod
3066 3061 3114 3115 si
3136 3061 3335 3132 ipsum
3363 3077 3483 3116 non
3505 3077 3597 3116 co-

1937 3147 2302 3217 gnovissent,
2346 3165 2464 3204 non
2507 3148 2948 3205 desiderassent
3000 3150 3222 3215 videre,
3278 3155 3339 3204 ut
3368 3150 3597 3206 dictum

1936 3243 2040 3301 est,
2075 3236 2168 3292 vel
2186 3237 2410 3293 audire.
2444 3239 2649 3310 Itaque
2677 3245 3086 3310 cognoverunt
3126 3239 3370 3311 quidem
3429 3255 3596 3307 eum,

1937 3326 2185 3398 ejusque
2211 3327 2267 3381 in
2304 3343 2483 3382 carne
2527 3328 2895 3399 mysterium,
2933 3345 3142 3384 verum
3201 3328 3262 3384 id
3302 3345 3592 3400 superna-

1935 3415 2199 3470 turaliter
2233 3416 2762 3473 :desideraverunt
2802 3422 3006 3474 autem
3050 3423 3106 3475 et
3134 3418 3498 3474 sensibiliter
3517 3419 3599 3473 vi-

1935 3503 2074 3560 dere
2100 3506 2298 3576 ipsum
2331 3507 2626 3562 mirabilia
2656 3513 3022 3579 operantem,
3071 3513 3127 3564 et
3158 3508 3365 3564 audire
3393 3510 3596 3580 ipsum

1935 3594 2272 3660 docentem,
2307 3602 2364 3652 et
2387 3597 2731 3668 simpliciter
2757 3598 2816 3652 in
2857 3598 3129 3653 humana
3160 3600 3374 3670 specie.

2008 3683 2353 3754 lntelligitur
2377 3702 2615 3758 quoque
2657 3688 2821 3760 quod
2854 3687 3201 3757 indignatus
3231 3687 3597 3757 evangelista

1936 3789 2118 3844 super
2156 3790 2365 3830 eorum
2419 3776 2680 3831 caecitate
2711 3775 2815 3848 qui
2879 3777 3081 3848 ipsum
3144 3777 3591 3846 ignoraverunt,

1935 3862 2075 3918 dicit
2108 3879 2120 3918 :
2163 3864 2238 3918 Et
2259 3866 2513 3920 mundus
2535 3882 2641 3934 per
2672 3867 2863 3934 ipsum
2899 3867 3104 3934 factus
3135 3872 3239 3932 est,
3269 3867 3595 3923 etmundus

1932 3968 2054 4007 eum
2084 3968 2202 4008 non
2232 3955 2504 4024 cognovit,
2536 3955 2648 4010 hoc
2669 3961 2778 4022 est,
2807 3954 2915 4022 Qui
2944 3955 3074 4011 facti
3100 3961 3259 4022 sunt,
3284 3957 3594 4013 Factorem

1933 4056 2051 4096 non
2087 4049 2513 4111 cognoverunt.

2005 4131 2166 4185 Vers.
2188 4132 2273 4186 11.
2306 4132 2378 4186 In
2400 4136 2852 4201 —receperunt.
2877 4131 3044 4187 Ahuc
3059 4132 3310 4188 verbum
3324 4132 3586 4205 amplius

1931 4219 2294 4276 manifestat.
2324 4224 2471 4277 Nam
2503 4238 2634 4286 sua,
2677 4221 2942 4277 mundus
2971 4226 3079 4286 est,
3116 4237 3335 4292 nempe
3365 4221 3595 4278 factura

1931 4307 2139 4379 ipsius.
2195 4311 2294 4368 Sui
2335 4328 2579 4384 quoque
2639 4316 2778 4367 sunt
2833 4311 3132 4379 homines,
3185 4315 3382 4381 utpote
3413 4311 3590 4366 etiam

1932 4413 2117 4468 opera
2142 4399 2352 4471 ipsius,
2386 4406 2442 4456 et
2463 4406 2753 4473 tanquam
2785 4400 2862 4456 ad
2901 4401 3087 4472 ipsius
3118 4399 3441 4469 imaginem
3468 4399 3592 4455 for-

1934 4493 2097 4549 mati.
2130 4491 2296 4547 Venit
2343 4490 2522 4561 igitur
2578 4489 2640 4545 in
2689 4505 2814 4557 eos,
2876 4489 2999 4544 sive
3039 4491 3116 4544 ad
3157 4505 3259 4544 eos
3300 4496 3590 4561 tanquam

1930 4583 2114 4638 homo
2141 4597 2152 4636 :
2183 4580 2479 4653 siquidem
2507 4583 2793 4651 tanquam
2828 4581 2996 4644 Deus,
3017 4578 3080 4634 in
3114 4578 3342 4634 mundo
3371 4583 3517 4634 erat.

2004 4671 2349 4727 Declaratur
2404 4675 2603 4725 autem
2671 4673 2728 4725 et
2782 4669 2898 4724 alio
2938 4669 3142 4735 modo,
3176 4669 3336 4741 quod
3369 4685 3438 4724 ex
3469 4685 3592 4741 quo

1932 4761 2192 4818 Christus
2243 4776 2279 4816 a
2333 4759 2550 4814 Judeeis
2606 4758 2938 4814 secundum
2969 4773 3208 4813 carnem
3261 4763 3438 4814 natus
3478 4766 3587 4825 est,

1933 4866 2043 4906 sua
2071 4855 2229 4916 sunt,
2271 4849 2489 4904 horum
2542 4847 3034 4904 conversationes
3070 4864 3082 4902 :
3133 4847 3224 4902 sui
3273 4863 3436 4915 vero,
3478 4848 3591 4920 ipsi

1931 4945 2089 5005 sunt,
2115 4946 2404 5011 tanquam
2437 4937 2625 5010 ipsius
2650 4936 2908 5007 cognati,
2950 4936 3349 5009 ejusdemque
3377 4937 3588 5006 gentis.

1932 5032 2081 5085 Nam
2120 5029 2320 5102 etipse
2337 5027 2488 5083 dixit
2519 5043 2531 5082 :
2564 5028 2698 5084 Non
2735 5042 2864 5082 sum
2904 5026 3120 5082 missus
3154 5025 3275 5083 nisi
3333 5025 3414 5081 ad
3465 5040 3590 5082 oves

1928 5117 2194 5188 perditas
2211 5119 2413 5174 domus
2432 5115 2610 5174 Israel
2641 5117 2688 5152 ¹²
2721 5115 2784 5171 In
2804 5130 2916 5170 sua
2944 5114 3124 5186 igitur
3145 5115 3323 5182 venit,
3357 5129 3478 5170 non
3509 5113 3590 5170 ob

1435 5495 1660 5564 Variae
1691 5495 2019 5568 lectiones
2057 5505 2124 5566 et
2165 5507 2367 5567 notae.

438 5725 522 5779 Μή
562 5720 784 5778 omittit
806 5721 872 5775 Α.

281 5726 372 5787 (25
438 5725 522 5779 Μή
562 5723 784 5778 omittit
806 5723 872 5775 Α.

281 5723 396 5866 (26)
441 5792 575 5849 Ηωο
604 5797 852 5864 uterque
881 5789 1065 5848 codex
1095 5791 1156 5847 in
1187 5793 1458 5863 margine
1487 5791 1686 5849 habet.

279 5797 372 5866 (26

2138 5723 2324 5778 Etiam
2352 5723 2474 5778 haec
2501 5725 2560 5778 in
2613 5723 2904 5794 margine.

2136 5801 2265 5853 Ποιή
2271 5813 2415 5868 ματα
2443 5801 2497 5849 Β.

1990 5722 2108 5867 ἕὲἔέ
