4128 6394
483 365 623 422 1119
1814 365 2108 421 EUTHYM

2248 365 2536 422 IGABENI
3727 375 3873 430 1120

482 493 790 566 propriam
843 495 1258 550 necessitatem
1297 511 1310 560 ;
1347 496 1497 548 Deus
1525 492 1680 548 enim
1713 492 1934 548 nullius
1966 498 2098 563 eget

2257 491 2404 552 ἦλθεν
2463 495 2567 566 οὐχ
2637 496 2794 548 ἕνεκεν
2876 491 3018 556 ἰδίας
3087 499 3294 567 χρείας
3363 492 3600 559 ἀνενδεὴς
3667 502 3769 574 γὰρ
3848 501 3873 550 6

485 584 586 638 sed
616 589 853 655 prOpter
886 600 1130 639 suorum
1183 584 1455 639 salutem.
1488 584 1585 638 Sui
1623 591 1818 638 autem
1860 599 1987 638 eum
2029 599 2115 638 no:

2259 590 2385 644 Θεὸς
2419 603 2430 614 ·
2481 583 2585 635 ἀλλ’
2619 587 2776 637 ἕνεκεν
2807 585 2901 644 τῆς
2945 594 3043 635 τών
3092 582 3239 636 ἰδίων
3293 591 3578 659 σωτηρίας.
3634 590 3698 640 Οἱ
3731 585 3871 641 ἴδιοι

485 679 849 742 receperunt,
867 690 1001 727 cum
1022 675 1277 728 venisset
1306 678 1366 727 ut
1385 673 1466 727 eis
1498 672 1789 727 beneﬁcia
1811 677 2115 743 praestaret

2258 671 2315 726 δὲ
2383 674 2537 724 αὐτὸν
2605 674 2662 724 οὗ
2716 671 3086 746 παρεδέξαντο,
3147 673 3449 745 ἀφικόμενον
3519 673 3596 726 ἐπ’
3657 677 3870 751 εὐεργε-

485 763 592 818 sed
620 779 778 818 more
817 763 1236 818 insanientium
1279 762 1645 818 Salvatorem
1703 768 1990 834 tanquam
2039 763 2115 816 ini

2259 768 2348 834 σία
2370 766 2562 814 τούτων
2597 783 2608 794 ·
2654 762 2778 814 ἀλλά
2809 763 3162 838 φρενοϐλαϐῶς
3192 767 3277 814 τὸν
3311 771 3526 838 Σωτῆρα
3569 764 3638 827 ὡς
3669 764 3869 840 ἱχθρὸν

486 852 697 906 micum
733 853 1100 922 abjecerunt.

921 859 1100 908 erunt.
2257 850 2551 906 ἀπώσαντο.

557 941 722 996 Vers.
747 942 1220 1012 12.0uolquot—
1243 944 1388 1011 ejus.
1409 973 1476 982 —
1495 941 1780 1012 Quotquot
1804 947 2143 1008 receperunt

2325 941 2479 994 Ὀσοι
2533 974 2598 980 —
2648 942 2829 996 αὐτοῦ.
2906 974 2972 982 -
3028 942 3184 994 Ὀσοι
3238 939 3296 994 δὲ
3352 940 3699 1018 παρεδέξαντο
3777 946 3871 998 αῦ-

488 1046 643 1100 eum,
670 1029 1050 1100 suscipiendo
1083 1030 1415 1086 doctrinam
1452 1032 1659 1102 ipsius,
1702 1032 1855 1085 dedit
1882 1031 1961 1086 eis
1985 1037 2118 1098 pote

2255 1035 2360 1093 τὸν,
2422 1028 2513 1082 diu
2553 1040 2644 1082 τοῦ
2695 1027 3097 1106 παραδέξασθαι
3129 1037 3220 1089 τὴν
3275 1029 3630 1086 διδασκαλίαν
3680 1035 3866 1100 αὐτοῦ,

482 1125 691 1176 statem
707 1120 857 1188 ﬁlios
885 1121 1172 1188 Deiﬁeri:
1211 1137 1329 1174 non
1355 1121 1553 1176 statim
1574 1119 1704 1175 fecit
1724 1136 1823 1174 eos
1847 1120 1942 1174 Dei
1973 1119 2112 1174 filios

2277 1117 2444 1173 ’ὃωκεν
2548 1121 2726 1181 αὐτοῖς
2821 1119 3058 1184 ἐξουσίαν
3144 1126 3294 1173 τέκνα
3395 1127 3521 1175 Θεοῦ
3599 1127 3868 1196 γενέσθαι.

481 1224 555 1264 ne
588 1225 693 1280 per
722 1210 1028 1278 ignaviam
1063 1209 1316 1281 perdant
1348 1210 1621 1279 gratiam,
1680 1210 1784 1264 sed
1817 1209 1976 1264 dedit
2000 1209 2110 1279 ipsi

2258 1211 2368 1263 Οὐκ
2423 1211 2568 1270 εὐθὺς
2622 1207 2679 1262 δὲ
2720 1210 2959 1269 ἐποίησεν
3015 1211 3201 1272 αὐτοὺς
3252 1215 3403 1263 τέκνα
3461 1221 3612 1276 Θεοῦ,
3667 1215 3750 1266 ἴνα
3791 1220 3866 1288 μὴ

482 1302 834 1370 potestatem
868 1298 992 1353 fieri
1024 1315 1142 1370 quo
1174 1299 1578 1369 diligentiores
1619 1299 1963 1354 reddantur.

2255 1302 2656 1374 ῥᾳθυμὴσαντες
2731 1299 3027 1353 ἀπολέσωσι
3089 1306 3183 1359 τὴν
3263 1305 3446 1376 χάριν,
3507 1301 3614 1354 ἀλλ’
3679 1301 3869 1357 ἔδωκεν

2258 1390 2432 1450 αὐτοῖς
2518 1390 2758 1452 ἐξουσίαν
2839 1392 3100 1461 γενέσθαι,
3171 1393 3254 1442 ἶνα
3327 1388 3725 1456 σπουδάσαντες
3781 1400 3869 1466 γέ-

2260 1499 2466 1532 νωνται.

557 1565 709 1632 Quid
762 1581 906 1637 ergo
931 1571 953 1616 ?
983 1581 1182 1620 nonne
1205 1582 1414 1619 omnes
1448 1571 1792 1637 potestatem
1836 1566 2056 1621 habent
2086 1573 2150 1622 ut

2327 1574 2390 1620 Τί
2437 1567 2644 1635 οὖν;ο·5
2696 1571 2876 1628 πάντες
2930 1572 3147 1640 ἔχουσιν
3205 1568 3446 1632 ἐξουσίαν
3505 1575 3657 1623 τέκνα
3731 1579 3870 1625 Θεοῦ

483 1654 587 1710 ﬁlii
618 1655 717 1709 Dei
757 1655 904 1709 ﬁant
934 1655 960 1710 ‘I
987 1659 1112 1710 Non
1145 1671 1372 1718 omnes,
1428 1656 1527 1709 sed
1563 1656 1621 1709 lii
1659 1661 1886 1711 tantum
1926 1656 2113 1727 quibu

2256 1660 2534 1730 γενέσθαι;
2571 1658 2644 1709 0-}
2701 1661 2904 1725 πάντες,
2965 1659 3005 1710 εἰ
3049 1663 3119 1730 μὴ
3172 1660 3248 1720 οἷς
3298 1661 3426 1717 αὕτη
3477 1656 3693 1712 δέδοται
3726 1679 3738 1690 '
3787 1657 3873 1712 δέ·

483 1743 683 1798 datum
701 1749 818 1798 est:
849 1743 1042 1796 solum
1077 1748 1272 1798 autem
1308 1744 1515 1798 datum
1551 1750 1636 1799 est
1667 1744 2046 1798 credentibus
2087 1745 2113 1798 il

2261 1743 2413 1798 δοται
2455 1744 2512 1798 δε
2561 1753 2735 1818 μονοις
2775 1755 2883 1809 τοῖς
2923 1751 3262 1800 πιστεύουσιν
3305 1749 3375 1811 εἰς
3420 1749 3594 1802 αὐτόν.
3645 1754 3730 1802 Διὸ
3780 1755 3872 1801 καὶ

480 1833 701 1903 ipsum.
739 1831 872 1886 Ideo
924 1848 1160 1902 quoque
1216 1831 1609 1887 manifestans
1643 1833 1868 1904 quibus
1896 1833 2110 1888 dederi‘

2262 1841 2557 1908 σαφηνίζων
2646 1842 2783 1888 τίσιν
2860 1834 3068 1902 ἔδωκεν,
3145 1837 3400 1909 ἐπήγαγεν
3461 1841 3538 1891 ὅτι
3598 1847 3719 1902 Τοῖς
3785 1860 3872 1891 πι,

483 1921 703 1997 subdit,
758 1921 1142 1976 Credentibus
1192 1921 1254 1976 in
1307 1937 1519 1977 nomen
1572 1923 1709 1992 ejus,
1766 1922 1881 1977 hoc
1936 1928 2041 1987 est,
2089 1925 2113 1978 i:

2261 1928 2532 1977 στεύουσιν
2583 1925 2650 1986 εἰς
2700 1930 2756 1977 τὸ
2794 1930 2953 1997 ὄνομα
2999 1925 3179 1990 αὐτοῦ,
3241 1931 3509 1979 τουτέστιν
3566 1928 3636 1990 εἰς
3687 1928 3867 1980 αὐτόν.

477 1994 692 2082 ipsum,
725 2011 928 2082 Itaque
960 2010 1138 2080 ipsius
1169 2011 1410 2082 quidem
1465 2017 1552 2066 est
1601 2012 1742 2066 dare
1772 2017 2107 2083 potestaten‘

2255 2014 2414 2066 Ὠστε
2467 2016 2625 2066 αὐτοῦ
2685 2021 2772 2086 μέν
2825 2016 2938 2067 ἐστι
2990 2020 3045 2066 τὸ
3107 2012 3393 2089 δωρεῖσθαι
3447 2023 3539 2075 τὴν
3596 2017 3868 2091 εἰρημένην

500 2098 714 2154 llorum
740 2115 902 2164 vero,
940 2100 1020 2153 uti
1048 2115 1136 2154 ea.

2258 2104 2514 2169 ἐξουσίαν,
2550 2105 2716 2155 αὐτῶν
2752 2101 2809 2157 δὲ
2840 2109 2896 2156 τὸ
2928 2107 3248 2178 χρησασθαι
3281 2109 3468 2178 ταύτῃ.

548 2188 718 2243 Aliud
746 2195 831 2242 est
857 2194 1057 2244 autem
1088 2204 1196 2261 per
1233 2188 1605 2260 baptismum
1639 2189 1904 2261 aliquem
1935 2207 1968 2245 a
2026 2192 2146 2247 Deo

2324 2191 2531 2266 Ἕτερον
2584 2191 2641 2245 δὲ
2698 2198 2755 2245 τὸ
2806 2191 2898 2246 διὰ
2948 2193 3315 2266 βαπτίσματος
3356 2197 3724 2253 υἱοθετηθῆναί
3754 2216 3870 2248 τινα

477 2278 772 2350 adoptari,
809 2284 864 2333 et
886 2278 1044 2332 aliud
1071 2295 1176 2350 per
1197 2279 1682 2349 evangelicorum
1705 2286 2107 2351 praeceptorur

2256 2287 2386 2352 Θεῷ,
2441 2288 2529 2333 καὶ
2583 2283 2750 2356 ἕτερον
2807 2287 2864 2334 τὸ
2923 2280 3014 2335 διὰ
3078 2284 3312 2356 φυλακῆς
3365 2293 3465 2337 τῶν
3525 2283 3867 2355 εὐαγγελικῶν

477 2367 920 2424 observantiam
960 2367 1150 2423 filium
1210 2369 1305 2423 Dei
1366 2368 1489 2423 ﬁeri
1527 2385 1539 2433 ;
1576 2385 1705 2423 nam
1737 2368 1882 2424 illud
1935 2369 2107 2440 princi

2257 2371 2468 2422 ἐντολῶν
2527 2376 2697 2423 τέκνον
2757 2378 2884 2425 Θεοῦ
2940 2375 3182 2444 γενέσθαι
3209 2390 3236 2406 -“
3271 2377 3330 2425 τὸ
3388 2376 3476 2445 μὲν
3534 2375 3634 2446 γὰρ
3695 2371 3867 2447 ἀρχὴ,

479 2457 645 2530 pium
671 2462 778 2522 est,
819 2457 933 2512 hoc
948 2462 1149 2512 autem
1180 2458 1312 2512 ﬁnis
1344 2463 1435 2513 :et
1461 2458 1605 2512 illud
1630 2474 1773 2513 sane
1799 2458 1895 2514 Dei
1921 2459 2109 2514 donur

2256 2464 2314 2512 τὸ
2344 2457 2402 2512 δὲ
2430 2461 2582 2521 τελος·
2615 2467 2703 2513 καὶ
2744 2467 2800 2513 τὸ
2833 2465 2922 2534 μεν
2955 2458 3122 2536 δῶρον
3153 2467 3300 2528 Θεοῦ,
3349 2467 3406 2515 τὸ
3457 2459 3514 2516 δε
3553 2465 3870 2536 κατόρθωμα

481 2550 588 2611 est,
629 2547 746 2601 hoc
777 2562 915 2602 vero
947 2546 1120 2602 studii
1142 2547 1376 2602 facinus
1405 2547 1735 2618 egregium.
2260 2549 2522 2611 σπουδῆς,

550 2637 710 2690 Vers.
751 2639 830 2690 l3.
885 2635 1000 2701 Qui
1050 2666 1111 2676 -—
1171 2635 1303 2691 nati
1342 2642 1497 2690 sunt.
1565 2636 1848 2691 Attenuat
1900 2636 2144 2708 quidem

2329 2639 2393 2691 Οἱ
2438 2673 2505 2680 —
2556 2639 2924 2711 ἐγεννήθησαν.
2978 2641 3239 2701 Εὐτελίζει
3287 2645 3376 2713 μὲν
3426 2646 3519 2699 τὴν
3574 2640 3625 2704 ἐξ
3675 2639 3870 2716 ἀνθρώ-

480 2725 815 2781 humanam
835 2725 1280 2794 generationem
1306 2731 1596 2796 tanquam
1625 2727 1984 2792 naturalem,
2011 2742 2110 2781 ea:

2256 2748 2364 2780 πων
2430 2733 2668 2800 γέννησιν
2732 2733 2802 2791 ώς
2865 2734 3092 2802 φυσικήν
3125 2747 3135 2758 ·
3184 2729 3459 2803 μεγαλύνει
3542 2727 3600 2783 δὲ
3655 2734 3748 2788 τὴν
3812 2730 3868 2782 ἐκ

477 2830 618 2870 vero
645 2830 780 2886 quin
810 2829 881 2870 ex
915 2815 1033 2869 Deo
1064 2819 1173 2880 est,
1215 2813 1440 2870 extollit
1474 2819 1763 2887 tanquam
1796 2821 2107 2888 supernatt

2257 2825 2390 2868 Θεοῦ
2440 2821 2503 2878 ὡς
2547 2820 2805 2890 ὑπερφυῆ,
2869 2821 2950 2871 ἵνα
3002 2824 3060 2872 τὸ
3111 2839 3162 2872 τε
3212 2824 3448 2872 ταπεινὸν
3498 2828 3593 2882 τῆς
3630 2826 3865 2896 πρώτης,

474 2903 680 2970 ralem,
706 2908 770 2959 ut
799 2904 1038 2974 cognita
1068 2903 1400 2974 dejectione
1434 2902 1657 2973 primae,
1699 2911 1755 2959 et
1786 2905 2104 2961 exaltation

2254 2910 2343 2956 καὶ
2387 2909 2444 2958 τὸ
2490 2906 2688 2977 ὑψηλὸν
2732 2916 2825 2969 τῆς
2893 2905 3138 2982 δευτέρας
3181 2912 3593 2980 καταμαθόντες,
3648 2913 3738 2960 καὶ
3800 2913 3857 2961 τὸ

474 2993 773 3058 secundae,
807 2993 1104 3048 intellecta
1136 3008 1380 3065 quoque
1408 2991 1679 3048 beneﬁcii
1705 2995 2104 3064 magnitudine

2254 2997 2464 3066 μέγεθος
2522 3006 2611 3056 τῆς
2665 2997 2963 3070 εὐεργεσίας
3031 2997 3342 3068 ἐπιγνόντες,
3419 2996 3574 3060 ἀξίως
3642 2997 3865 3070 εὐχαρι-

473 3083 652 3153 digne
671 3084 893 3155 gratias
910 3098 1184 3153 agamus,
1209 3087 1266 3137 et
1284 3082 1620 3138 laboremus
1635 3099 1708 3140 ne
1723 3085 1918 3156 ipsum
1934 3089 2103 3140 nostr

2255 3093 2454 3157 στῶμεν
2510 3091 2598 3137 καὶ
2669 3085 3044 3158 ἀγωνιζώμεθα
3096 3091 3167 3159 μὴ
3224 3085 3477 3140 ἀπολέσαι
3539 3090 3734 3146 ταύτην
3811 3087 3865 3140 ἐκ

471 3172 715 3242 ignavia
744 3171 1099 3244 perdamus.

899 3187 1099 3226 amus.
2171 3188 2210 3242 ρ
2249 3174 2525 3248 ῥᾳθυμίας.

543 3263 678 3318 Cum
713 3265 910 3316 autem
942 3260 1350 3315 dixisset.Non
1365 3275 1439 3316 ex
1456 3260 1854 3331 sanguinibus,
1887 3261 2138 3332 subjecit

2325 3263 2492 3315 Εἰπὼν
2560 3260 2618 3317 δὲ
2677 3266 2754 3316 ὅτι
2812 3265 2922 3317 Οὐκ
2989 3265 3042 3328 ἐξ
3114 3269 3366 3338 αἱμάτων,
3433 3265 3658 3338 ἐπήγαγε
3713 3288 3859 3340 φανε-

472 3349 873 3416 manifestius,
897 3350 1095 3420 Neque
1117 3365 1191 3406 ea:
1219 3351 1522 3406 voluntate
1542 3352 1754 3407 carnis.
1780 3351 1999 3407 Deinde
2022 3351 2100 3407 ho

2251 3360 2467 3429 ρώτερον
2525 3357 2604 3406 ὅτι
2662 3351 2803 3408 Οὐδὲ
2875 3355 2928 3406 ἐκ
2984 3356 3266 3417 θελήματος
3322 3376 3533 3431 σαρκος.
3598 3356 3724 3410 Εἶτα
3771 3364 3862 3410 καὶ

472 3440 649 3497 etiam
672 3440 932 3512 amplius
950 3440 1360 3512 interpretatur
1375 3439 1622 3506 addens,
1639 3441 1845 3512 Neque
1857 3457 1930 3497 ex
1945 3443 2102 3497 volun

2250 3451 2403 3495 τοῦτο
2453 3443 2750 3518 τελεώτερον
2806 3447 3184 3518 ἔφηρμηνευσε,
3259 3447 3508 3521 προσθεὶς
3577 3449 3658 3498 ὅτι
3720 3443 3862 3499 Οὐδὲ

473 3534 586 3587 tate
610 3529 745 3584 viri.
777 3529 1033 3598 Sanguis
1056 3528 1215 3583 enim
1261 3532 1319 3582 et
1344 3544 1483 3584 caro
1510 3529 1594 3584 vir
1616 3535 1723 3585 est.
1760 3530 2103 3587 Voluntaten

2250 3531 2304 3584 ἐκ
2360 3533 2646 3606 θελήματος
2696 3531 2900 3606 ἀνδρὸς.
2953 3535 3094 3607 Αἷμα
3149 3537 3246 3608 γάρ
3297 3540 3386 3587 καὶ
3447 3535 3578 3610 σάρξ
3631 3537 3656 3587 6
3707 3534 3860 3611 ἀνήρ·

473 3635 630 3684 vero,
668 3617 940 3688 intelligit
971 3633 1133 3673 nunc
1173 3617 1358 3673 coitus
1385 3618 1955 3691 concupiscentiam.

2250 3622 2458 3694 Θέλημα
2508 3619 2566 3674 ὁε
2617 3630 2699 3674 νῦν
2757 3627 2860 3675 νόει
2917 3627 3010 3681 τὴν
3061 3623 3358 3697 ἐπιθυμίαν,
3416 3629 3510 3682 τὴν
3571 3624 3689 3696 (29)
3744 3644 3865 3678 συν-

2251 3730 2456 3768 ουσιαν,

544 3798 655 3868 -ι--ι-
697 3797 907 3852 Semen
961 3796 1243 3852 nimirum
1298 3796 1570 3852 divinum
1629 3797 1867 3853 intravit
1917 3814 1988 3854 ac
2027 3799 2137 3858 sibi

2320 3799 2513 3873 [Οἰονεὶ
2571 3800 2685 3871 (30)
2742 3803 2875 3862 θεῖος
2935 3805 3144 3874 σπόρος,
3210 3801 3448 3854 εἰσελθὼν
3507 3807 3595 3854 καὶ
3653 3808 3864 3874 συμπὴ-

473 3885 829 3941 confortavit
846 3901 1109 3950 carnem,
1134 3890 1327 3941 mente
1351 3885 1622 3941 rationali
1648 3886 1982 3958 praeditam,
2015 3905 2103 3944 no}

2250 3890 2342 3952 ξας
2391 3890 2555 3942 ἐαυτῶ
2602 3893 2773 3961 σάρκα
2817 3891 2929 3963 (31)
2969 3890 3314 3964 ἐψυχωμένην
3366 3891 3519 3963 ψυχῇ
3571 3892 3755 3964 λογικῇ
3810 3912 3862 3944 τε

473 3980 537 4031 ut
568 3976 892 4041 seminans,
925 3975 1028 4030 sed
1061 3981 1123 4030 ut
1179 3991 1408 4042 creans,
1456 3991 1565 4030 nec
1614 3975 1716 4040 ita,
1752 3982 1811 4030 ut
1845 3977 2103 4048 paulatim

2247 3985 2336 4031 καὶ
2395 3986 2562 4052 νοερᾲ,
2609 3980 2667 4031 οὗ
2719 3990 3105 4054 σπερματικῶς,
3159 3979 3286 4032 ἀλλὰ
3337 3977 3750 4056 δημιουργικῶς,
3802 3981 3860 4033 οὐ

471 4063 700 4137 aliquid
719 4064 1054 4130 adderetur,
1073 4069 1250 4137 atque
1282 4065 1360 4120 ita
1396 4064 1588 4120 forma
1607 4065 2006 4136 perﬁceretur,
2033 4084 2101 4123 sei

2248 4077 2358 4130 ταῖς
2417 4073 2549 4121 κατά
2614 4073 2798 4143 μικρὸν
2867 4072 3193 4143 προσθήκαις
3271 4069 3686 4145 ἀπαρτιζομένου
3770 4077 3862 4122 τοῦ

470 4153 668 4210 statim
701 4155 758 4209 in
803 4153 1100 4226 principio
1141 4159 1259 4209 tota
1314 4154 1510 4209 forma
1572 4154 1793 4209 exstitit
1850 4157 2100 4228 perfecta

2251 4165 2554 4230 σχήματος,
2610 4157 2715 4210 ἀλλ’
2789 4161 2908 4231 ὑφεν
2960 4159 3308 4220 τελειωθέντος
3366 4159 3454 4211 ἀπ’
3510 4157 3709 4232 ἀρχῆς,
3769 4156 3860 4212 εἶτ’

469 4243 650 4298 crevit
679 4249 871 4299 tamen
907 4243 981 4298 ad
1022 4243 1271 4299 modum
1305 4242 1731 4316 emhryonum.
1764 4247 1911 4300 Nam
1945 4251 2002 4302 et
2039 4263 2099 4302 νε

2249 4248 2488 4310 αὔξοντος
2519 4253 2656 4320 νόμῳ
2688 4255 2786 4299 τῶν
2825 4247 3076 4323 ἐμϐρύων,
3133 4253 3234 4302 Καὶ
3277 4251 3378 4322 γὰρ
3429 4255 3518 4300 καὶ
3569 4250 3594 4300 ὁ
3643 4247 3862 4308 παλαιὸς

469 4337 566 4388 tus
598 4333 791 4388 Adam
827 4333 1028 4388 statim
1060 4331 1252 4388 forma
1292 4333 1526 4388 efﬁctus
1559 4337 1646 4389 est
1675 4335 1952 4405 perfecta.

1927 4377 1952 4389 ..
2249 4333 2424 4408 Ἀδὰμ
2455 4337 2642 4397 τέλειος
2667 4341 2724 4389 τὸ
2751 4345 2943 4410 σχῆμα
2963 4341 3240 4411 καταρχὰς
3271 4337 3557 4412 ἐπλάσθη.]

542 4423 704 4478 Vers.
736 4422 824 4479 14.
847 4423 922 4477 Et
951 4453 1014 4462 -
1053 4423 1287 4491 factum
1320 4429 1419 4478 est.
1453 4422 1488 4489 Τ
1527 4425 1652 4478 Non
1687 4429 1916 4496 poterat
1965 4423 2136 4480 aliter

2321 4432 2521 4478 Καὶ-
2567 4426 2777 4498 ἐγένετο.
2823 4427 2958 4500 [Οὐκ
3001 4428 3111 4498 (32)
3166 4428 3331 4489 ἄλλως
3381 4429 3486 4480 οἷον
3539 4447 3592 4480 τε
3646 4424 3707 4486 ἧν
3767 4432 3862 4487 τὴν

471 4511 574 4566 Dei
612 4526 753 4580 erga
785 4527 892 4566 nos
948 4511 1178 4567 dilectio
1233 4511 1314 4566 ita
1354 4512 1734 4580 manifestari,
1789 4515 1942 4570 sicut
1980 4514 2096 4570 fact

2245 4524 2337 4568 τοῦ
2385 4521 2512 4569 Θεοῦ
2568 4515 2870 4575 δηλωθῆναι
2921 4523 3040 4590 περὶ
3111 4519 3248 4590 ἡμᾶς
3310 4517 3519 4589 ἀγάπην
3577 4518 3606 4576 ἢ
3662 4517 3719 4569 ἐκ
3768 4526 3862 4570 τοῦ

471 4599 670 4656 carnis
693 4601 994 4656 mentione
1034 4618 1046 4655 :
1082 4605 1138 4656 et
1167 4601 1331 4673 quod
1382 4607 1628 4674 propter
1677 4619 1788 4659 nos
1835 4620 2025 4675 usque
2056 4620 2101 4660 at

2246 4607 2664 4678 μνημονευθῆναι
2711 4610 2804 4664 τὴν
2857 4608 3047 4680 σάρκα,
3094 4612 3184 4658 καὶ
3231 4609 3311 4659 ὅτι
3361 4604 3432 4659 δι’
3483 4608 3616 4678 ἡμᾶς
3663 4604 3858 4664 κατέϐη

471 4688 529 4744 id
558 4689 722 4760 quod
747 4691 919 4761 pejus
957 4695 1044 4744 est
1076 4706 1203 4746 sese
1258 4690 1536 4762 dejecerit
1563 4710 1584 4761 1:
1643 4708 1781 4748 caro
1836 4692 2101 4765 siquidez:

2247 4701 2411 4770 μέχρι
2459 4697 2574 4765 (33)
2625 4703 2716 4746 τοῦ
2769 4699 3009 4769 χείρονος
3043 4713 3054 4725 °
3092 4695 3227 4769 σὰρξ
3277 4700 3378 4768 γὰρ
3430 4695 3612 4768 ψυχῆς
3665 4694 3862 4746 εὐτελέ-

472 4779 643 4847 longe
671 4779 844 4834 vilior
882 4786 968 4836 est
1015 4780 1238 4836 anima.

882 4786 968 4836 est
1015 4780 1238 4836 anima.
2250 4783 2475 4859 στερον,]

549 4867 655 4924 Ubi
708 4868 954 4926 dixisset
1005 4870 1272 4926 homines
1328 4887 1394 4926 ex
1465 4875 1582 4927 Deo
1643 4877 1810 4927 natos
1863 4889 2012 4938 esse,
2059 4875 2139 4937 ait

2320 4874 2548 4947 Εἰρηκώς
2605 4876 2683 4926 ὅτι
2737 4876 2784 4926 οἰ
2839 4875 3104 4946 ἄνθρωποι
3169 4873 3222 4926 ἐκ
3280 4879 3408 4927 Θεοῦ
3486 4873 3848 4946 ἐγεννήθησαν,

472 4957 681 5014 Filium
713 4959 889 5014 etiam
921 4959 1018 5015 Dei
1045 4958 1267 5015 factum
1302 4975 1428 5014 esse
1481 4960 1813 5017 hominem.
1848 4965 1992 5017 Nam
2025 4962 2102 5018 ho

2253 4969 2408 5034 φησὶν
2457 4965 2536 5015 ὅτι
2584 4969 2672 5015 καὶ
2721 4965 2745 5014 6
2795 4966 2915 5025 Υἱὸς
2965 4971 3054 5014 τοῦ
3116 4972 3249 5017 Θεοῦ
3313 4966 3585 5037 ἄνθρωπος
3635 4962 3851 5032 ἐγένετο·

467 5046 693 5103 indicat
711 5047 875 5120 quod
893 5049 974 5104 ait
1019 5061 1036 5110 :
1078 5049 1318 5105 Verbum
1350 5065 1488 5106 caro
1509 5050 1740 5120 factum
1781 5057 1858 5106 est
1889 5065 1901 5106 :
1936 5057 1999 5107 ut
2037 5068 2097 5123 ql

2252 5061 2400 5105 τοῦτο
2456 5056 2554 5125 γαρ
2601 5050 2755 5111 δηλοῖ
2809 5057 2887 5116 τὸ,
2949 5053 3059 5107 Καὶ
3118 5055 3142 5105 ὁ
3214 5058 3378 5126 Λόγος
3444 5053 3577 5127 σάρξ
3643 5051 3854 5124 ἐγένετο·

467 5131 615 5193 illud
637 5138 1070 5204 admirabatur,
1097 5138 1290 5209 magis
1315 5139 1484 5195 etiam
1511 5138 1628 5196 hoc
1654 5140 1906 5206 miretur,
1936 5145 2097 5212 utpol

2249 5144 2351 5195 ἀπὸ
2383 5147 2569 5217 μέρους
2612 5146 2670 5194 τὸ
2718 5149 2818 5194 πᾶν
2853 5159 2865 5171 ⁸
2899 5146 2986 5194 ἶνα
3034 5144 3144 5215 (34)
3194 5144 3475 5216 θαυμάζων
3527 5142 3640 5213 (35)
3698 5141 3860 5194 ἐκεῖνο

1694 5317 1918 5386 Variae
1961 5320 2286 5388 lectiones
2329 5331 2392 5388 et
2439 5330 2638 5389 notae.

567 5532 657 5609 ξῼ)
687 5537 794 5609 ’Ξῆς
837 5531 1118 5593 συνουσίας
1147 5531 1385 5609 _videtur
1415 5531 1990 5609 legisseiientenius.
2319 5536 2432 5609 (32)
2475 5535 2670 5591 Codex
2708 5541 2954 5609 uterque
2984 5536 3041 5592 in
3077 5538 3371 5608 margine.

568 5604 656 5670 30)
693 5604 822 5656 Haac
856 5609 1106 5678 uterque
1145 5604 1202 5658 in
1262 5603 1551 5678 margine.
1619 5606 2135 5678 Henteniuspror-

1369 5603 1551 5678 rgine.
1619 5606 2135 5678 Henteniuspror-
2321 5603 2434 5678 (33)
2477 5613 2656 5678 Μέχρι
2682 5613 2770 5660 καὶ
2796 5603 2908 5663 rei).
2944 5615 2999 5662 B.

476 5687 578 5748 sus
598 5687 716 5728 non
751 5675 1045 5748 agnoscit.
1070 5676 1237 5730 Forte
1260 5675 1454 5748 etiam
1491 5676 1638 5748 haec,
1672 5681 1737 5732 ut
1768 5675 2055 5743 difﬁcilia,
2078 5678 2140 5733 in
2323 5675 2436 5748 (34)
2476 5675 2818 5734 Ὀ”εἰ1)οδιΑ.

482 5740 966 5824 interpretatione
999 5747 1389 5824 praetermisit.
1625 5740 1635 5748 ⁷
2042 5740 2049 5743 ⁷

1215 5747 1389 5802 misit.
1625 5740 1635 5748 '
2042 5740 2049 5743 '
2326 5740 2438 5824 (35)
2481 5749 2750 5824 θαυμάζει
2779 5755 2845 5806 Α.

553 5759 632 5797 [ΘΓ
680 5759 966 5799 Γθῑᾶιιοηθ
999 5759 1206 5813 printer

553 5759 1113 5888 (31))Ἐμψυχωμένην
1152 5823 1212 5870 Α.
