4128 6392
276 346 412 410 1121

1364 335 1734 398 COMMENT.
1778 336 1847 390 IN
1882 332 2236 390 JOANNEM.
2279 368 2345 376 -—
2387 329 2541 392 CAP.
2579 329 2614 390 l.

3524 331 3658 390 1122

279 476 530 548 θαυμάζῃ
581 479 736 524 τοῦτο
802 469 974 535 πλέον,
1016 469 1086 528 ὡς
1133 465 1522 540 ύπερϐαλόντως
1581 466 1883 535 Θαυμασιώ-

2017 458 2392 516 excellentiori
2423 460 2605 517 modo
2649 462 2840 531 magis
2892 459 3343 527 admirandum,
3407 461 3551 532 quia
3601 464 3659 516 et

277 579 450 641 τερον·
488 563 596 616 ἐπεὶ
630 567 719 612 καὶ
771 567 924 610 τοῦτο
982 560 1143 608 αἴτιον
1176 555 1388 608 ἐκείνου.
1447 560 1546 607 Καὶ
1590 557 1690 626 γὰρ
1719 554 1743 603 6
1777 553 1891 609 Υἱός

277 664 372 708 τοῦ
404 659 538 706 Θεοῦ
564 653 837 723 ωνθρωπος
877 646 1091 719 ἐγένετο,
1128 647 1211 697 ἶνα
1263 648 1312 697 οἱ
1365 647 1629 716 οἰνορωποι
1667 643 1772 692 υἱοὶ
1803 647 1892 691 τοῦ

280 753 418 798 Θεοῦ
449 746 699 814 γένωνται
713 784 724 795 .

352 833 514 885 Ὀταν
543 827 601 882 δε
634 828 868 900 ἀκούσῃς
898 828 979 878 ὅτι
1001 824 1060 877 Ὀ
1098 830 1264 896 Λόγος
1298 823 1429 896 σὰρξ
1461 821 1675 893 ἐγένετο,
1700 825 1770 892 μὴ
1806 837 1891 890 με·

279 921 508 980 ταϐολην
539 928 634 980 τῆς
685 920 826 978 θείας
879 917 1060 974 οὐσίας
1113 915 1377 985 ἐννοήσῃς·
1419 911 1757 971 ἀναλλοίωτος
1790 911 1891 981 γὰρ

280 1011 417 1068 αὕτη
450 1014 539 1061 καὶ
568 1007 769 1068 ἀπαθής
809 1026 820 1037 ·
866 1005 972 1056 ἀλλ’
1027 1005 1107 1056 ὅτι
1139 1005 1162 1054 6
1192 1009 1355 1072 Λόγος
1409 1002 1475 1052 ὢν
1544 1000 1568 1051 ὁ
1607 996 1688 1067 ἦν,
1719 1003 1894 1070 γέγονε

280 1105 374 1152 καὶ
401 1101 426 1152 6
456 1099 548 1152 οὐκ
576 1094 657 1161 ἧν,
691 1100 830 1165 ἦτοι,
872 1099 1031 1167 μένων
1066 1096 1215 1158 Θεὸς,
1264 1097 1440 1163 γέγονε
1492 1095 1581 1141 καὶ
1625 1091 1894 1160 ἄνθρωπος

281 1191 421 1241 κατὰ
452 1185 749 1261 πρόσληψιν
804 1186 1012 1256 σαρκὸς,
1057 1181 1402 1252 ἐψυχωμένης
1462 1175 1705 1236 δηλονότι
1734 1176 1888 1248 ψυχῇ

279 1279 465 1350 λογικῇ
504 1281 593 1328 καὶ
625 1279 794 1346 νοερᾲ.

357 1369 507 1420 Κατὰ
553 1361 692 1440 τρεῖς
749 1359 807 1414 δὲ
846 1365 1069 1433 τρόπους
1118 1363 1174 1411 τὸ
1207 1359 1260 1410 ὃν
1315 1363 1513 1429 γίνεται
1578 1373 1588 1385 ·
1652 1355 1768 1408 καθ’
1809 1356 1892 1407 ἕνα

281 1461 396 1530 μὲν,
430 1458 548 1508 ὅταν
603 1456 632 1512 ἡ
694 1461 786 1506 τοῦ
818 1455 956 1510 ὄντος
1001 1453 1157 1521 φύσις
1208 1449 1279 1508 εἰς
1345 1453 1438 1505 τὴν
1479 1454 1568 1498 τού
1620 1448 1892 1517 γενομένου

281 1545 608 1620 μεταϐληθῃ,
677 1541 793 1594 καθ’
847 1541 900 1593 ὃν
954 1543 1006 1591 τό
1065 1539 1201 1610 γάλα
1244 1543 1442 1610 γίνεται
1501 1539 1669 1609 τυρός,
1739 1536 1891 1586 καὶὸ

284 1635 451 1695 πηλός
508 1639 764 1707 ὄστρακον
807 1650 818 1662 ·
872 1629 987 1681 καθ’
1038 1629 1204 1700 ἕτερον
1251 1623 1328 1692 δὲ,
1400 1628 1518 1677 ὅταν
1573 1634 1666 1686 τῆς
1734 1628 1892 1684 οὔσης

283 1725 468 1784 ούσίας
495 1726 792 1794 σωζομένης
845 1717 1202 1790 ἀμεταϐλήτου
1257 1719 1608 1791 προσγένηταί
1661 1734 1711 1765 τι
1759 1715 1893 1764 κατά

1999 549 2114 604 hoc
2142 549 2298 604 illius
2351 567 2532 606 causa
2563 557 2666 606 est.
2706 552 2789 606 Ad
2843 557 2953 607 hoc
3000 551 3299 621 siquidem
3337 549 3436 604 Dei
3478 549 3658 605 Filius

2001 638 2184 694 homo
2225 640 2413 695 factus
2462 646 2571 709 est,
2609 647 2673 696 ut
2699 641 2972 696 homines
3006 639 3108 694 ﬁlii
3151 639 3253 694 Dei
3285 639 3513 694 ﬁerent.

2075 818 2222 873 Cum
2249 835 2386 875 vero
2418 819 2695 887 audieris,
2745 819 2992 876 Verbum
3023 835 3153 874 caro
3187 819 3421 888 factum
3455 824 3536 874 est
3564 833 3662 884 ,ne

2001 911 2561 964 transmutationem
2604 910 2821 965 divinae
2867 909 3136 963 essentia:
3174 907 3489 979 intelligas.
3528 909 3662 980 ipsa

2001 996 2220 1052 etenim
2261 998 2650 1054 immutabilis
2689 1003 2774 1054 est
2823 1015 2892 1054 ac
2933 997 3303 1069 impatibilis.
3355 997 3461 1052 Sed
3496 997 3659 1069 quod

2002 1087 2260 1141 Verbum
2303 1103 2664 1159 permanens
2687 1088 2850 1160 quod
2909 1093 3048 1151 erat,
3087 1087 3311 1142 factum
3362 1092 3449 1142 est
3500 1086 3661 1158 quod

2001 1190 2122 1230 non
2149 1180 2275 1231 erat
2305 1193 2316 1231 :
2353 1179 2477 1233 sive
2516 1194 2770 1232 manens
2803 1180 2972 1241 Deus,
3003 1176 3199 1231 factus
3223 1179 3311 1229 est
3335 1176 3518 1231 homo
3553 1191 3660 1247 per

1999 1265 2197 1319 carnis
2250 1266 2744 1338 assumptionem,
2804 1267 3107 1321 animatus
3147 1263 3445 1319 videlicet.

2072 1353 2281 1409 Tribus
2294 1362 2495 1411 autem
2516 1356 2703 1411 modis
2730 1356 2785 1410 id
2811 1354 2976 1427 quod
2990 1355 3117 1425 jam
3133 1359 3239 1419 est,
3264 1353 3389 1408 fieri
3413 1354 3624 1409 dicitur
3645 1370 3658 1420 ;

2003 1458 2123 1499 uno
2143 1444 2390 1514 quidem
2423 1445 2605 1500 modo
2632 1454 2843 1501 natura
2858 1444 2986 1516 ejus
3011 1443 3176 1515 quod
3193 1447 3298 1506 est,
3320 1441 3379 1496 in
3411 1443 3470 1496 id
3498 1444 3662 1515 quod

2000 1531 2066 1587 ﬁt
2096 1539 2544 1600 transmutatur,
2575 1536 2745 1606 juxta
2775 1549 2956 1606 quem
3000 1532 3248 1588 modum
3283 1531 3375 1586 lac
3410 1533 3664 1588 efﬁcitur

2001 1639 2230 1690 caseus,
2256 1631 2310 1681 et
2337 1625 2530 1681 lutum
2557 1625 2808 1681 efﬁcitur
2833 1629 2998 1680 testa.
3027 1623 3223 1678 Altero
3254 1638 3394 1678 vero
3419 1625 3664 1696 quando

2002 1720 2280 1770 manente
2329 1715 2457 1786 ejus
2519 1716 2681 1788 quod
2733 1720 2856 1770 erat
2918 1713 3253 1768 substantia
3321 1713 3656 1782 immutata,

289 1812 638 1886 συμϐεϐηκός,
670 1810 785 1862 καθ’
842 1810 897 1860 ὃν
939 1807 1195 1879 όχαλκός
1245 1811 1442 1877 γίνεται
1506 1802 1742 1878 ἀνδριὰς,
1804 1808 1890 1854 καὶ

2017 1802 2156 1858 ιιὶιιά
2179 1820 2277 1874 per
2305 1803 2585 1859 accidens
2626 1804 2876 1860 efﬁcitur
2920 1804 3128 1872 :juxta
3175 1817 3356 1872 quem
3414 1805 3664 1861 modum

285 1907 310 1956 6
354 1904 617 1976 ἅνθρωπος
651 1897 856 1958 δίκαιος
888 1899 915 1956 ἡ
971 1894 1176 1963 ἄδικος,
1210 1901 1299 1946 καὶ
1354 1898 1418 1946 τὰ
1448 1903 1663 1946 τοιαύτα
1713 1910 1725 1923 ·
1758 1895 1892 1944 κατά

283 1997 372 2046 τὸν
404 1997 575 2067 τρίτον
611 1987 686 2055 δὲ,
723 1992 864 2056 ὅταν,
909 1996 1001 2047 τῆς
1041 1990 1204 2048 οὔσης
1426 1984 1604 2044 οὐσίας
1667 1984 1892 2052 σωζομέ-

283 2104 379 2144 νης
433 2079 813 2154 ἀμεταϐλήτου,
855 2082 945 2128 καὶ
993 2075 1118 2132 ἄλλη
1167 2075 1323 2125 οὐσία
1387 2073 1719 2144 προσληφθῇ,
1775 2073 1889 2124 καθ’

1561 2153 1730 2212 nm."

287 2264 424 2314 κατὰ
472 2264 558 2312 τόν
596 2267 798 2331 πρῶτον
857 2260 1043 2329 τρόπον
1097 2256 1120 2304 ό
1171 2260 1336 2323 Λόγος
1387 2251 1519 2323 σὰρξ
1563 2251 1754 2321 ἐγένετο
1791 2271 1800 2280 ·
1833 2251 1890 2300 οὐ

284 2174 338 2224 ὀν
402 2173 426 2223 6
501 2172 797 2243 στρατηγός
873 2171 1070 2237 γίνεται
1143 2164 1478 2234 ὡπλισμένος·
1561 2164 1694 2212 Ἀλλ’
1777 2164 1892 2212 οὔτε

283 2352 442 2424 γὰρὴ
489 2351 644 2421 φύσις
700 2345 987 2419 μετεϐλήθη
1053 2363 1064 2374 ·
1102 2347 1213 2394 οὔτε
1271 2345 1402 2392 κατα
1452 2347 1532 2392 τόν
1597 2338 1832 2412 δεύτερον
1877 2357 1888 2368 ⁸

287 2441 346 2494 ού
375 2443 476 2512 γαρ
545 2440 573 2494 ἡ
633 2439 1013 2508 προσγενομένη
1072 2431 1204 2504 σὰρξ
1249 2430 1596 2502 συμξειῗηκός,
1655 2428 1762 2480 ἀλλ’
1803 2430 1889 2480 ού-

287 2535 383 2582 σία
412 2533 496 2580 καὶ
558 2525 690 2582 αύτὴ
726 2540 737 2552 ·
782 2524 958 2576 λοιπόν
1009 2517 1095 2573 οὖν
1154 2524 1288 2572 κατά
1341 2525 1428 2572 τόν
1489 2525 1663 2593 τρίτον
1704 2524 1892 2593 τρόπον

284 2623 397 2692 χρὴ
435 2624 564 2670 νοεῖν
616 2619 674 2668 τό
700 2615 875 2689 ῥητόν.
912 2617 1067 2670 Δίκην
1121 2615 1222 2684 γὰρ
1258 2617 1556 2684 στρατηγοῦ
1588 2613 1680 2666 τὴν
1722 2611 1894 2681 σάρκα

279 2709 632 2781 περιθέμενος,
671 2708 756 2756 τόν
788 2701 1028 2774 πολέμιον
1077 2709 1169 2761 τῆς
1219 2701 1470 2772 ἡμετέρας
1501 2701 1699 2770 φύσεως
1739 2717 1888 2749 κατε-

281 2797 408 2849 πολέ
412 2815 482 2868 μη
493 2814 570 2848 σε.

358 2885 585 2955 Ἐγένετο
641 2879 699 2936 δε
749 2880 905 2949 εἶπεν,
975 2878 1193 2953 ἀναιρῶν
1242 2882 1335 2935 τὴν
1398 2875 1740 2950 βλασφημίαν
1793 2896 1890 2927 των

279 2975 577 3046 ληρούντων
631 2973 711 3024 ὃτι
795 2969 926 3042 σὰρξ
992 2968 1308 3041 ἐφαντάσθη.
1374 2967 1711 3041 Χρησοίμενος
1789 2970 1889 3040 γὰρ

281 3071 347 3136 τῇ
398 3062 548 3128 λέξει,
625 3069 685 3134 τῇ
761 3060 1012 3131 Ἐγένετο,
1068 3056 1370 3110 ἐϐεϐαίωσεν
1433 3058 1513 3108 ὅτι
1569 3059 1702 3107 κατὰ
1763 3055 1888 3114 uir}-

2001 1910 2079 1946 aes
2103 1891 2355 1948 efﬁcitur
2387 1899 2603 1961 statua,
2631 1901 2682 1949 et
2704 1895 2887 1949 homo
2912 1891 3366 1961 efﬁciturjustus
3391 1893 3477 1948 vel
3511 1893 3663 1965 inju‘

2004 1982 2400 2055 stus,aliaque
2424 1983 2665 2040 similia.
2700 1984 2890 2039 Tertio
2916 2001 3049 2040 vero
3067 1987 3267 2053 modo,
3284 1984 3532 2058 quando
3551 1984 3664 2038 sal-

2003 2087 2078 2126 va
2093 2088 2160 2126 ac
2174 2073 2488 2128 immutata
2513 2074 2686 2127 unius
2702 2073 2777 2144 (c)
2793 2074 3152 2144 substantia,
3169 2075 3280 2130 alia
3297 2091 3538 2147 quoque
3559 2072 3662 2128 ad-

2001 2160 2158 2215 ditur
2175 2162 2545 2216 substantia:
2581 2162 2761 2218 ethoc
2791 2164 2972 2217 modo
2989 2165 3156 2219 miles
3191 2164 3660 2220 efticiturarma-

2007 2256 2116 2305 tus.
2140 2250 2338 2306 Primo
2354 2268 2494 2320 ergo
2513 2252 2692 2307 modo
2716 2268 2828 2306 non
2845 2260 2936 2308 est
2972 2253 3222 2308 Verbum
3260 2254 3483 2308 factum
3502 2269 3658 2315 caro,

2004 2355 2123 2395 non
2140 2341 2299 2395 enim
2332 2347 2547 2396 natura
2586 2349 2818 2398 mutata
2844 2351 2968 2407 est;
3004 2358 3197 2415 neque
3220 2343 3511 2412 secundo,
3544 2358 3665 2397 non

2002 2430 2162 2485 enim
2186 2445 2289 2500 per
2319 2429 2597 2486 accidens
2637 2447 2777 2486 caro
2805 2431 2960 2486 facta
3004 2438 3110 2497 est,
3141 2433 3247 2486 sed
3269 2432 3399 2503 ipsa
3424 2446 3668 2502 quoque

2003 2518 2364 2574 substantia.
2401 2522 2596 2575 Restat
2621 2519 2802 2589 igitur
2835 2527 2895 2576 ut
2920 2521 3082 2592 quod
3118 2521 3344 2576 dictum
3376 2527 3468 2577 est
3501 2521 3670 2576 tertio

2003 2608 2582 2678 modointelligatur.
2617 2608 2765 2665 Nam
2781 2625 2946 2665 more
2967 2609 3173 2667 militis
3211 2611 3316 2682 (εἰ),
3347 2626 3523 2668 carne
3539 2625 3670 2665 ves-

2004 2700 2146 2754 titus
2174 2696 2394 2753 bellum
2437 2699 2510 2769 (e)
2540 2703 2815 2755 nostrum
2849 2698 3089 2755 devicit.

2077 2874 2231 2931 Dixit
2250 2880 2449 2932 autem
2482 2877 2733 2932 Factum
2765 2882 2867 2941 est,
2890 2876 3418 2949 utblasphemiam
3441 2877 3666 2934 tolleret

2003 2964 2358 3035 nugantium
2398 2981 2468 3020 ac
2511 2965 2858 3033 dicentium,
2891 2967 3058 3037 quod
3088 2982 3228 3022 caro
3267 2966 3664 3036 imaginatum

2002 3057 2094 3108 est
2122 3052 2403 3108 Verbum.
2446 3055 2597 3109 Usus
2636 3054 2798 3109 enim
2849 3053 2966 3108 hoc
3028 3055 3230 3119 verbo,
3285 3056 3528 3111 Factum
3555 3061 3664 3125 est,

286 3157 449 3222 θειαν,
483 3157 571 3204 καὶ
601 3151 658 3204 ού
700 3153 834 3202 κατά
866 3153 1150 3221 φαντασίαν
1182 3146 1592 3220 ἐνηνθρωπησεν.
1621 3145 1730 3198 Ἵνα
1781 3147 1888 3216 (J7)

2017 3141 2562 3212 zonﬁrmavitquod
2585 3159 2722 3198 vere
2756 3149 2955 3198 etnon
2990 3145 3363 3216 phantastice
3387 3146 3668 3201 incarna-

285 3239 347 3295 δε
396 3245 466 3314 μὴ
521 3239 809 3314 μεταϐολήν
864 3258 982 3290 τινα
1038 3247 1129 3297 τῆς
1177 3239 1314 3298 θείας
1391 3236 1574 3296 οὐσίας
1624 3234 1888 3308 ἐννοήσῃς,

284 3335 440 3404 φησί.

363 3425 462 3472 Καὶ
511 3417 802 3477 ἐσκήνωσεν
859 3415 905 3467 ἐν
959 3417 1104 3488 ἡμῖν.
1175 3414 1495 3472 Ἐσκήνωσεν
1559 3413 1604 3465 ἐν
1654 3423 1713 3486 τῇ
1772 3417 1897 3486 ἠμε-

282 3513 411 3582 τέρᾳ
471 3513 650 3581 σαρκὶ,
717 3505 765 3558 ἐν
817 3514 876 3578 τῇ
940 3512 1178 3576 συγγενεῖ
1242 3506 1410 3576 ἡμῶν,
1463 3503 1510 3555 ἐν
1558 3512 1618 3576 τῇ
1669 3503 1722 3566 ἐξ
1753 3506 1898 3577 ἡμῶν

283 3597 711 3672 προσληφθείση.
757 3595 814 3648 Εἰ
861 3598 961 3668 γὰρ
1003 3595 1169 3666 ἕτερον
1219 3597 1275 3644 1'6
1320 3602 1564 3658 σκηνούν,
1609 3598 1694 3644 καὶ
1735 3595 1899 3666 ἕτερον

285 3691 316 3744 ἡ
368 3691 559 3752 σκηνὴ,
612 3687 782 3757 ἔτερος
822 3687 1009 3755 ἔμεινεν
1061 3682 1084 3733 ὀ
1148 3689 1315 3754 Λόγος
1358 3686 1502 3754 παρά
1558 3688 1648 3740 τὴν
1710 3685 1898 3754 σάρκα,

283 3780 424 3828 κατά
454 3780 548 3832 την
579 3774 762 3826 ούσίαν
810 3777 899 3824 καὶ
953 3775 1128 3843 φύσιν.
1186 3774 1330 3824 Κατά
1357 3775 1456 3844 γὰρ
1490 3777 1580 3829 την
1626 3774 1903 3844 σννάφειαν

281 3871 379 3918 καὶ
409 3866 586 3917 ἕνωσιν
633 3864 681 3915 ἓν
735 3863 873 3914 ἐστιν
906 3863 930 3913 6
967 3861 1274 3933 προσλαϐὼν
1317 3866 1505 3932 Λόγος,
1559 3867 1646 3912 καὶ
1673 3863 1700 3918 ἡ
1746 3879 1908 3934 προσ”

282 3956 543 4028 ληφθεῖσα
574 3952 725 4026 σὰρξ,
795 3952 1102 4023 σωζομένων
1159 3957 1248 4002 καὶ
1297 3951 1410 4021 (38)
1459 3954 1587 4022 μετὰ
1637 3956 1729 4008 τὴν
1787 3953 1909 4003 ἕνω-

289 4064 374 4096 σιν
407 4042 668 4118 ἀτρέπτων
715 4046 806 4092 καὶ
862 4039 1185 4112 ἀσυγχύτων
1245 4049 1342 4090 τῶν
1376 4036 1471 4092 δύο
1517 4043 1715 4111 φύσεων
1747 4039 1909 4114 ἀπορ-

283 4135 486 4210 ῥήτως.

365 4221 756 4275 Καὶ-αὐτού.
790 4223 897 4276 Τὴν
930 4215 1086 4281 δόξαν
1132 4228 1222 4270 τοῦ
1281 4225 1474 4290 Λόγου,
1529 4224 1622 4278 τὴν
1682 4216 1903 4291 δύναμιν

286 4320 387 4373 τῆς
456 4313 722 4377 θεότητος,
785 4305 879 4360 διὰ
933 4318 1026 4369 τῆς
1104 4312 1292 4381 σαρκός
1353 4307 1636 4380 λάμψασαν
1702 4313 1765 4370 ὡς
1815 4306 1909 4361 διὰ

287 4401 789 4476 παραπετάσματος.
845 4402 938 4459 Τίς
984 4394 1042 4449 δὲ
1108 4395 1166 4455 ἦν
1215 4398 1344 4454 αὕτη
1396 4413 1407 4462 ;
1457 4399 1534 4452 Τὰ
1585 4400 1775 4471 ἄπειρα
1813 4398 1906 4449 καὶ

283 4489 501 4544 ποικίλα
578 4491 840 4555 θαύματα,
899 4489 924 4544 ἡ
1027 4487 1394 4561 ύπέρλαμπρος

288 4598 695 4653 μεταμοργωσις
741 4598 824 4628 καί
861 4581 995 4629 κατά(
1044 4581 1128 4627 τόν
1161 4582 1340 4650 καιρόν
1390 4585 1482 4636 τῆς
1540 4585 1903 4652 στανρώσεως,

289 4671 315 4721 6
347 4672 490 4740 παρὰ
518 4674 672 4740 φύσιν
709 4672 993 4740 σκοτισμός
1024 4674 1114 4717 τοῦ
1144 4667 1311 4731 ἡλίου,
1366 4671 1422 4717 τό
1456 4665 1664 4739 φοϐερόν
1693 4673 1907 4738 σχίσμα

290 4765 383 4809 τοῦ
424 4757 916 4828 καταπετάσματος,
970 4757 994 4806 6
1027 4759 1240 4829 φρικτός
1301 4755 1478 4816 κλόνος
1548 4767 1638 4818 τῆς
1686 4765 1802 4827 γῆς,
1844 4761 1907 4808 τὰ

292 4850 579 4918 σχίσματα
630 4853 729 4896 τῶν
773 4853 992 4920 πετρῶν,
1050 4847 1104 4896 αἱ
1178 4854 1276 4896 τῶν
1347 4851 1608 4918 μνημείων
1660 4845 1900 4911 ἀνοίξεις,

288 4937 485 4988 αἰτῶν
537 4942 725 5006 νεκρῶν
784 4934 1032 5007 ἐγέρσεις,
1095 4939 1183 4987 καὶ
1235 4939 1292 4988 16
1340 4937 1612 5008 κεφάλαιον
1665 4938 1895 5004 πάντων,

2007 3239 2134 3288 tum
2159 3237 2265 3288 est.
2295 3233 2514 3288 Verum
2535 3248 2609 3288 ne
2640 3232 2856 3288 divinae
2885 3233 3232 3289 substantiae
3267 3233 3666 3290 mutationem

2006 3320 2325 3392 intelligas,
2375 3321 2525 3376 dicit

2081 3411 2241 3466 Vers.
2294 3412 2379 3466 14.
2447 3411 2525 3466 Ει
2577 3411 2871 3468 habitavit
2916 3413 2978 3468 in
3013 3412 3199 3468 nobis.
3258 3411 3550 3468 Habitavit
3608 3413 3669 3467 in

2009 3506 2215 3556 nostra
2253 3517 2448 3570 carne,
2476 3501 2536 3555 in
2576 3518 2642 3556 ea
2663 3517 2799 3573 quae
2814 3501 2986 3556 nobis
3002 3503 3340 3574 propinqua
3365 3507 3472 3567 est,
3508 3502 3566 3556 in
3599 3517 3672 3557 ea.

2013 3607 2146 3662 quae
2176 3607 2211 3646 a
2230 3591 2394 3646 nobis
2422 3598 2736 3662 assumpta
2761 3597 2867 3646 est.
2897 3593 3065 3657 Quod
3103 3592 3153 3646 si
3186 3591 3350 3647 aliud
3378 3597 3468 3646 est
3499 3592 3548 3647 is
3569 3591 3674 3663 qui

2013 3679 2260 3744 habitat,
2311 3686 2367 3735 et
2410 3681 2572 3736 aliud
2617 3680 2951 3737 habitatio:
3016 3682 3274 3738 Verbum
3335 3681 3669 3736 secundum

2017 3769 2413 3825 substantiam
2466 3776 2524 3826 et
2562 3777 2841 3826 naturam
2909 3771 3073 3827 aliud
3132 3773 3356 3828 mansit
3392 3788 3428 3827 a
3475 3786 3675 3826 carne.

2018 3862 2166 3915 Nam
2191 3859 2524 3914 secundum
2547 3861 3035 3930 conjunctionem
3061 3866 3118 3917 et
3158 3862 3466 3925 unionem,
3499 3876 3681 3916 unum

2019 3955 2106 4004 est
2131 3948 2391 4004 Verbum
2417 3951 2773 4020 suscipiens,
2801 3967 3063 4023 caroque
3091 3958 3396 4023 suscepta,
3431 3949 3681 4006 servatis

2019 4040 2197 4095 etiam
2229 4044 2363 4109 post
2407 4039 2710 4102 unionem,
2745 4039 3078 4095 immutatis
3109 4046 3290 4113 atque
3345 4039 3680 4096 inconfusis

2019 4128 2258 4182 duabus
2301 4126 2678 4182 ineifabiliter
2722 4129 2967 4183 naturis.

2089 4217 2252 4272 Vers.
2304 4218 2389 4272 14.
2422 4217 2495 4271 Et
2526 4249 2593 4257 —
2646 4219 2795 4288 ejus.
2849 4216 3109 4273 Gloriam
3166 4217 3368 4288 Verbi,
3415 4217 3686 4273 virtutem

2020 4307 2364 4373 divinitatis,
2412 4323 2547 4379 quae
2583 4321 2688 4378 per
2731 4323 2973 4362 carnem
3007 4315 3294 4380 tanquam
3327 4323 3431 4379 per
3486 4307 3686 4362 velum

2019 4396 2230 4453 illuxit.
2265 4396 2405 4463 Quae
2424 4401 2625 4452 autem
2653 4401 2779 4452 erat
2807 4396 2910 4454 illa
2939 4397 2966 4451 ‘?
2997 4403 3152 4453 certe
3178 4413 3492 4469 nunquam
3512 4401 3689 4452 antea

1485 4494 1573 4539 καὶ
1642 4489 1906 4561 ὑπερφυὴς
1939 4511 1986 4567 D
2019 4487 2149 4542 visa
2167 4489 2446 4558 variaque
2480 4485 3100 4557 miracula,perlucida
3114 4503 3183 4543 ac
3212 4485 3682 4559 supernaturalis

2021 4576 2486 4640 transformatio,
2528 4581 2584 4631 et
2634 4582 2898 4647 tempore
2939 4575 3243 4632 Passionis
3283 4576 3426 4632 solis
3472 4580 3688 4648 praeter

2018 4668 2288 4719 naturam
2312 4662 2676 4729 obscuratio,
2694 4661 3089 4718 formidabilis
3112 4662 3219 4718 veli
3242 4661 3452 4718 scissio
3493 4659 3687 4718 horri-

2016 4752 2154 4808 bilis
2182 4757 2349 4807 terraa
2365 4755 2895 4824 motus,petrarum
2917 4751 3257 4819 scissiones,
3277 4756 3691 4808 monumento-

2018 4859 2149 4900 rum
2163 4843 2912 4916 apertiones,mortuorum
2932 4843 3374 4901 suscitationes:
3401 4843 3688 4915 quodque

2013 4937 2296 4994 omnium
2313 4940 2494 5008 caput
2519 4933 2956 5002 est,mirabilior
2967 4949 3154 5007 quam
3180 4931 3298 4990 dici
3320 4937 3422 4989 aut
3438 4931 3688 5003 cogitari

1532 5142 1749 5212 Variae
1779 5142 2108 5212 lectiones
2145 5152 2210 5209 et
2253 5152 2454 5209 notae.

390 5395 459 5449 36
513 5394 694 5454 0361:;
724 5391 899 5448 abest
922 5397 988 5448 Δ.

365 5391 484 5537 ἓ37ὲ
508 5467 570 5517 Δὶ
609 5464 778 5521 abest
809 5465 874 5518 Α.

390 5464 484 5521 37)
508 5467 570 5517 Δὶ
609 5464 778 5521 abest
809 5465 874 5518 A.

361 5643 434 5790 {2
465 5643 662 5725 Unius.
697 5642 808 5699 Pro
840 5644 1005 5726 οᾷσης
1049 5643 1284 5728 videtur
1308 5643 1526 5716 legisse
1547 5651 1693 5718 μιᾶς.

425 5717 442 5786 )
478 5716 574 5770 Bis
595 5713 778 5790 habet
807 5716 991 5771 miles.
1023 5716 1232 5790 Sedin
1249 5716 1462 5774 Graeco
1494 5733 1693 5775 nones

425 5717 442 5786 )
478 5715 574 5770 Bis
595 5713 778 5792 habet
807 5715 991 5792 miles.
1023 5716 1232 5792 _Sed_in
1249 5713 1462 5774 Grai—co
1494 5713 1616 5774 non
1630 5719 1719 5775 est
1748 5735 1914 5792 στρα-

289 5787 508 5855 τιώτης,
537 5787 642 5844 sed
682 5790 993 5863 στρατηγὸς,
1023 5787 1158 5846 ὑείιί
1186 5789 1326 5846 dux.

2097 5395 2209 5468 (38)
2269 5399 2370 5448 Kal.
2412 5395 2608 5451 abest.
2645 5396 2714 5448 A.

2025 5646 2454 5778 ho(:l)eBellum.
2498 5645 2737 5704 Videtur
2772 5645 2988 5720 legisse
3027 5643 3268 5722 πόλεμον.
3319 5648 3430 5710 Mei
3457 5647 3682 5711 habent

2193 5736 2249 5778 m
