4128 6392
497 363 632 420 1123
1797 349 2122 417 ΕΗἺἮΥΜΙ

2251 363 2518 421 ὈΑΒΕΝΙ
3737 370 3881 428 1124

488 494 699 562 potest,
717 487 948 544 Domini
977 487 1342 550 resurrectio,
1365 493 1420 541 et
1438 492 1568 556 post
1594 487 1748 544 hanc
1775 503 2118 560 qutecunqut

2260 491 2287 544 ἦ
2327 491 2448 562 ᾇπερ
2497 491 2644 562 λόγον
2702 497 2790 543 καὶ
2850 500 2966 544 νοῦν
3009 492 3298 558 ἀνάστασις
3327 504 3418 548 τοῦ
3451 502 3738 562 Δεσπότον,
3776 504 3872 550 καὶ

493 579 752 648 gloriosa
794 575 1048 648 apostoli
1101 576 1380 647 deinceps
1412 583 1860 647 conspexerunt.

2261 581 2358 630 ὅσα
2423 584 2550 650 μετὰ
2607 586 2800 638 ταύτην
2857 584 3109 654 θεοπρεπῆ
3167 585 3385 647 καθεξῆς
3461 590 3508 639 οἱ
3572 586 3862 640 ἀπόστολοι

2261 668 2554 723 ἐθεάσαντο.

565 760 721 813 Vers.
762 760 841 812 14.
879 757 1223 812 Gloriam—
1251 759 1444 812 Patre.
1488 756 1770 820 Gloriam,
1807 773 1926 812 non
1954 757 2149 829 qualis

2331 759 2488 820 Δόξαν
2516 792 2571 800 -
2603 767 2818 834 Ιιατρός.
2857 762 3034 824 Δόξαν,
3067 763 3171 834 οὐχ
3199 766 3282 816 οἱα
3321 766 3350 822 ἡ
3378 773 3476 817 τῶν
3509 763 3873 829 δοξασθέντων

491 853 581 902 est
611 851 947 902 sanctorum
987 845 1292 900 beatorum
1328 845 1419 899 vel
1449 851 1822 915 angelorum,
1874 847 1978 902 sed
2027 847 2121 917 glo

2260 847 2419 918 ἁγίων
2474 849 2501 906 ἡ
2563 848 2809 920 ἀγγέλων,
2846 851 2971 902 ἀλλα
3029 848 3187 914 δόξαν
3241 857 3397 914 ὅντως
3419 861 3757 927 Μονογενοῦς.
3801 861 3872 909 Τό

491 935 646 991 riam
673 951 804 990 vere
847 934 1164 1004 Unigeniti.
1221 937 1367 990 Nam
1409 935 1502 989 hic
1530 935 1708 990 dictio
1741 937 1810 996 ὡς
1852 942 2121 1006 tanquam

1553 935 1708 990 lictio
1741 937 1810 996 ὡς
1852 942 2144 1006 tanquam,
2259 939 2358 1009 γὰρ
2391 939 2458 999 ὡς
2490 937 2713 990 ἐνταῦθα
2734 943 2790 990 τὸ
2823 944 2979 1001 ὅντως
3011 937 3183 998 δηλοῖ.

489 1024 650 1079 idem
683 1023 972 1092 signiﬁcat
1003 1023 1168 1095 quod
1207 1039 1364 1080 vere-

560 1114 850 1183 Unigeniti
891 1119 1090 1168 autem
1142 1129 1177 1168 a
1210 1113 1398 1178 Patre,
1443 1113 1563 1169 sive
1612 1118 1824 1169 natura
1866 1113 1988 1168 Filii
2027 1115 2142 1169 Dei.

2331 1123 2648 1187 Μονογενοῦς
2676 1113 2733 1170 δὲ
2791 1119 2891 1169 ἀπὸ
2949 1123 3169 1192 Πατρός,
3223 1124 3384 1191 ἤγουν
3426 1126 3578 1193 φύσει
3610 1126 3732 1175 Υἱοῦ
3777 1132 3871 1176 τοῦ

490 1203 867 1270 Uuigenitum
897 1202 1054 1256 enim
1077 1218 1112 1256 a
1141 1208 1326 1256 matre
1342 1203 1664 1267 nominari,
1693 1203 1957 1258 declarat
1989 1204 2120 1258 hunt

2260 1213 2412 1257 Θεοῦ.
2441 1209 2509 1257 Τό
2536 1211 2626 1277 μὲν
2665 1210 2766 1278 γὰρ
2816 1208 3167 1279 ὀνομάζεσθαι
3214 1219 3461 1281 μονογενῆ
3517 1210 3617 1263 ἀπὸ
3670 1218 3873 1288 μητρός

488 1297 704 1347 natura
758 1291 947 1346 tilium
997 1290 1300 1359 Virginis:
1344 1291 1462 1346 dici
1504 1307 1644 1347 vero
1710 1291 2077 1361 Unigenitum
2113 1310 2118 1345 ε

2259 1297 2410 1365 φύσει
2441 1297 2551 1346 υἱόν
2575 1303 2664 1356 τῆς
2707 1299 2968 1370 Παρθένου
2987 1306 3166 1349 τοῦτον
3186 1299 3453 1370 ἑρμηνεῦει
3482 1320 3493 1331 ·
3525 1304 3582 1351 τὸ
3616 1297 3872 1372 621:7”—

488 1381 676 1446 Patre,
719 1381 881 1436 hunc
921 1387 1129 1435 natura
1175 1382 1268 1436 Dei
1304 1380 1505 1436 Filium
1547 1380 1856 1452 praedicat.

2261 1386 2346 1434 θαι
2375 1391 2631 1455 Μονογενῆ
2667 1383 2765 1435 ἀπὸ
2795 1390 2996 1458 Πατρός
3026 1389 3177 1458 φύσεί
3226 1390 3334 1438 Υίόν
3387 1396 3476 1440 τοῦ
3525 1393 3654 1442 Θεοῦ
3684 1399 3873 1442 τοῦτον

2261 1493 2624 1544 ανακηρυττεμ

559 1561 722 1616 Vers.
758 1562 844 1616 14.
883 1562 1126 1616 Plenum
1157 1563 1351 1630 gratia
1387 1567 1439 1616 et
1463 1561 1724 1616 veritate.
1771 1560 2146 1616 Conﬁrmans

2333 1563 2536 1634 [Ιλὴρης
2593 1565 2816 1636 χάριτος
2868 1569 2957 1616 καὶ
3004 1563 3264 1626 ἀληθείας.
3323 1565 3438 1619 "Eri
3505 1565 3730 1638 βεϐαιῶν
3792 1571 3875 1621 ὅτι

491 1650 750 1721 amplius
801 1649 966 1721 quod
1020 1650 1275 1704 Verbum
1310 1666 1448 1704 caro
1490 1648 1732 1713 factum,
1759 1649 1901 1704 nihil
1935 1651 2010 1704 ob
2034 1651 2121 1705 ho«

2259 1654 2282 1702 ό
2338 1658 2521 1723 Λόγος,
2559 1652 2692 1724 σὰρξ
2735 1658 3018 1724 γενόμενος,
3055 1651 3206 1705 οὐδὲν
3266 1655 3539 1714 ἠλαττώθη
3571 1659 3715 1728 παρὰ
3746 1666 3872 1710 τοῦ·

489 1739 850 1794 diminutum
885 1739 976 1803 sit,
1009 1739 1088 1794 ait
1122 1756 1133 1792 :
1170 1740 1422 1794 Plenum
1455 1745 1582 1795 erat
1621 1739 1820 1808 gratia
1865 1739 2071 1794 divina
2097 1757 2119 1793 ε

2260 1763 2333 1802 το,
2366 1742 2498 1812 λέγει
2539 1743 2617 1792 ὅτι
2645 1742 2856 1814 [Ιλήρης
2907 1739 2966 1798 ἦν
2999 1746 3260 1816 χάριστος
3294 1747 3429 1805 θείας
3472 1751 3560 1798 καὶ
3592 1744 3862 1806 ἀληθείας·

489 1831 747 1887 veritate:
779 1829 969 1900 gratia
995 1828 1239 1900 quidem
1279 1830 1338 1883 in
1381 1830 1756 1884 admirandis
1816 1830 2102 1902 operibus

2260 1834 2480 1904 χάριτος
2567 1834 2655 1901 μὲν
2725 1830 2772 1882 ἐν
2849 1839 2962 1891 ταῖς
3063 1835 3534 1906 θαυματουργίαις,
3623 1834 3873 1898 ἀληθείας

488 1920 730 1974 veritate
761 1925 961 1974 autem
980 1919 1036 1972 in
1061 1917 1352 1973 doctrina.
1379 1921 1440 1972 Et
1467 1925 1752 1990 praeterea
1779 1919 2118 1991 gratia,qui.

2262 1918 2320 1972 δὲ
2367 1922 2416 1971 ἐν
2470 1928 2585 1979 ταῖς
2627 1916 3017 1980 διδασκαλίαις.
3097 1928 3196 1974 Καὶ
3251 1926 3474 1998 χάριτος
3533 1928 3640 1996 μὲν,
3695 1924 3744 1977 ἐν
3798 1936 3871 1996 τῷ

487 2013 703 2063 cuncta
741 2013 1015 2079 poterat;
1051 2008 1293 2062 veritate
1347 2023 1482 2063 vero
1549 2008 1690 2080 quia
1758 2008 1903 2062 nihil
1960 2009 2018 2062 in
2077 2025 2117 2064 ει

2259 2013 2428 2061 πάντα
2498 2009 2780 2074 δύνασθαι,
2853 2008 3098 2072 ἀληθείας
3148 2007 3227 2076 δὲ,
3289 2013 3337 2064 ἐν
3379 2021 3451 2082 τῷ
3499 2010 3666 2085 μηδὲν
3728 2017 3872 2086 ἔχειν

487 2097 935 2170 phantasticum
966 2103 1108 2152 erat.

966 2103 1108 2152 erat.
2260 2105 2565 2172 φαντασίας.

563 2186 721 2242 Vers.
759 2188 844 2241 15.
887 2187 1143 2242 Joannes
1193 2218 1262 2226 —
1301 2187 1544 2242 clamat.
1579 2187 1692 2242 Etsi
1736 2202 1868 2256 ego,
1932 2186 2145 2258 inquit,

2332 2189 2569 2249 Ἰωάννης
2606 2220 2661 2226 -
2690 2193 2958 2261 κέκραγεν.
3017 2189 3079 2243 Εἰ
3126 2195 3215 2241 καὶ
3262 2195 3333 2262 μὴ
3368 2189 3482 2261 ἐγὼ,
3528 2197 3674 2263 φησὶ,
3728 2190 3871 2246 δοκῶ

485 2275 852 2348 quibusdam
887 2291 1004 2330 nou
1035 2275 1177 2330 satis
1204 2275 1322 2330 ﬁde
1361 2275 1578 2344 dignus
1614 2275 1836 2344 videor,
1886 2277 2112 2330 Joanne

2260 2297 2395 2328 τισιν
2427 2280 2552 2338 ἴσως
2585 2275 2910 2340 ἀξιόπιστος,
2949 2277 3073 2329 ἀλλὰ
3108 2283 3206 2353 πρὸ
3251 2279 3374 2351 ἐμοῦ
3407 2282 3430 2332 ό
3469 2280 3707 2344 Ἰωάννης
3737 2303 3872 2356 μαρ-

484 2371 623 2422 ante
648 2381 741 2420 me
760 2365 1159 2420 testimonium
1180 2366 1249 2418 de
1273 2365 1462 2436 ipsius
1503 2364 1810 2420 divinitate
1835 2365 2111 2436 perhibet

2258 2374 2402 2439 τυρεί
2429 2373 2544 2441 περὶ
2577 2375 2670 2425 τῆς
2713 2369 2952 2427 θεότητος
2999 2369 3109 2438 (219)
3167 2369 3345 2423 αὐτοῦ.
3389 2372 3869 2436 Ἰωάννηςὲκείνος,

487 2457 764 2519 Joannes,
805 2455 1076 2526 inquam,
1117 2453 1211 2508 ille
1251 2454 1422 2524 cujus
1473 2470 1692 2509 nomen
1750 2469 2037 2521 magnum
2079 2469 2112 2508 a

2260 2457 2318 2508 οὗ
2339 2460 2394 2506 τό
2427 2460 2587 2527 ὄνομα
2616 2462 2748 2527 μέγα
2773 2461 2862 2506 καὶ
2895 2456 3203 2529 περιϐόητον
3248 2460 3392 2531 παρὰ
3421 2466 3556 2510 πᾶσι
3607 2469 3712 2520 τοῖς
3742 2461 3871 2513 Ἰου-

487 2543 718 2598 celebre
757 2549 880 2598 erat
912 2543 1072 2613 apud
1114 2558 1322 2597 omnes
1347 2542 1602 2597 Judaeos.
1623 2545 1734 2596 Nec
1767 2542 1960 2596 solum
1995 2543 2117 2596 testi

2261 2542 2449 2606 ὃαίοις.
2490 2551 2590 2597 Καὶ
2632 2545 2737 2614 οὐχ
2779 2545 2946 2604 ἁπλῶς
2968 2553 3240 2620 μαρτυρεῖ,
3303 2546 3429 2598 ἀλλὰ
3482 2552 3572 2600 καὶ
3597 2554 3865 2621 κέκραγεν,

486 2631 718 2696 ﬁcatur,
753 2648 956 2687 verum
998 2633 1176 2686 etiam
1236 2631 1457 2686 clamat
1513 2633 1635 2685 sive
1696 2647 1833 2686 cum
1882 2631 2114 2686 libertat

2259 2640 2418 2705 ἤγουν
2454 2633 2556 2706 βοᾷ
2576 2637 2706 2705 μετὰ
2728 2633 3041 2708 παρρησίας,
3087 2638 3334 2707 κηρύττει
3381 2639 3513 2708 μετὰ
3564 2637 3870 2714 ἐλευθερίας,

486 2721 857 2787 vociferatur,
883 2738 952 2776 ac
984 2727 1143 2775 metu
1173 2722 1336 2776 omni
1372 2721 1634 2791 seposita
1662 2720 1961 2793 praedicat.
1993 2720 2116 2774 Aud

2257 2729 2426 2795 χωρὶς
2459 2726 2630 2784 πάσης
2669 2724 2981 2784 ὑποστολῆς.
3026 2729 3088 2777 Τί
3122 2722 3180 2777 δὲ
3207 2733 3458 2800 μαρτυρεῖ
3497 2732 3585 2779 καὶ
3616 2732 3868 2802 κέκραγεν

486 2827 623 2867 vero
660 2811 804 2884 quid
838 2811 1177 2866 testiﬁcetur
1216 2817 1272 2866 et
1329 2810 1566 2865 clamet.

873 2811 1177 2866 estiﬁcetur
1216 2817 1272 2866 et
1329 2810 1566 2865 clamet.
2256 2811 2503 2869 ἄκουσον,

556 2903 713 2956 Vers.
760 2906 840 2955 15.
877 2902 1090 2956 Dicens
1116 2932 1184 2941 —
1207 2900 1348 2968 fuit.
1378 2900 1522 2953 Dixit
1545 2898 1704 2953 enim
1740 2899 1874 2964 hoc,
1905 2898 2142 2969 aliaque

2330 2906 2503 2972 Λέγων
2533 2904 2647 2972 (40)
2681 2932 2746 2943 —
2790 2907 3013 2973 γέγονεν.
3051 2901 3172 2956 Εῖπε
3203 2907 3301 2978 γὰρ
3335 2911 3486 2957 τοῦτό
3528 2925 3582 2958 τε
3616 2911 3703 2957 καὶ
3739 2907 3871 2960 ἄλλα

486 2990 690 3045 similia
718 2990 937 3045 Iudaeis
962 2990 1036 3045 de
1065 2989 1290 3045 Christo
1312 2996 1637 3059 antequam
1671 2989 1796 3060 ipse
1825 3005 2116 3060 apparere

2255 3000 2473 3042 τοιαῦτα
2505 2997 2618 3060 περὶ
2649 3001 2738 3043 τοῦ
2772 3000 2998 3065 Χριστοῦ
3028 3001 3129 3052 τοῖς
3178 2991 3479 3058 Ἰουδαίοις,
3520 2999 3620 3066 πρὸ
3651 3004 3739 3048 τοῦ
3773 3018 3869 3068 φα-

484 3086 582 3134 aut
602 3079 1390 3150 manifestareturtanquam
1418 3079 1729 3149 propheta,
1747 3077 1989 3134 utfama
2012 3078 2108 3148 eju

2254 3089 2401 3138 νῆναι
2428 3081 2581 3132 αὐτόν
2605 3084 2671 3142 ως
2704 3086 2939 3154 προφητη
2955 3103 2993 3146 ς,
3029 3090 3117 3133 καὶ
3152 3084 3233 3133 ῖνα
3279 3091 3338 3156 τῇ
3368 3089 3484 3157 περὶ
3510 3085 3670 3136 αὐτοῦ
3713 3092 3862 3157 φήμῃ

480 3174 1024 3241 ρι’ωοουρωιθηῑυι·,
1081 3173 1137 3223 et
1179 3184 1315 3222 cum
1359 3168 1748 3238 postmodum
1801 3174 2110 3239 appareret

2255 3170 2781 3243 προκατασχεθὼοἰν,
2813 3176 2901 3221 καὶ
2940 3171 3116 3222 λοιπόν
3166 3177 3423 3242 φανέντος,
3481 3169 3863 3247 εὖπαροίδεκτος

478 3258 709 3314 facilius
740 3256 1147 3314 testimonium
1180 3257 1253 3312 de
1285 3257 1379 3312 illo
1411 3257 1791 3328 reciperetur.
1839 3257 2108 3328 Siquidem

2256 3261 2284 3316 η
2317 3265 2428 3329 περὶ
2463 3260 2622 3310 αὐτοῦ
2649 3264 2912 3332 μαρτυρία
2951 3266 3180 3331 γένηται.
3236 3267 3335 3314 Καὶ
3361 3265 3460 3335 γὰρ
3490 3268 3577 3314 καὶ
3601 3266 3864 3323 Ματθαίος

478 3349 784 3405 Matthaeus
797 3347 996 3402 scribit
1009 3363 1147 3401 eum
1160 3347 1400 3404 dixisse:
1412 3346 1524 3412 Qui
1541 3353 1662 3415 post
1678 3362 1763 3402 me
1780 3346 1959 3411 venit,
1973 3347 2108 3415 fort;

2257 3348 2474 3420 ἔγραψεν
2502 3352 2579 3400 ὅτι
2607 3349 2771 3419 ὒεγεν
2796 3368 2806 3380 ·
2835 3348 2894 3400 Ὀ
2925 3348 3092 3401 ὀπίσω
3132 3371 3231 3421 μου
3265 3350 3548 3423 ἐρχόμενος
3579 3351 3859 3425 ἰσχυρότε-

473 3454 544 3494 or
554 3441 752 3501 meest,
770 3438 940 3506 cujus
952 3452 1061 3491 non
1073 3451 1195 3492 sum
1207 3436 1424 3505 dignus
1437 3435 1814 3491 calceamenta
1827 3437 2103 3504 portare“

2253 3444 2343 3512 ρός
2371 3442 2470 3510 μού
2497 3437 2656 3502 ἐστιν,
2690 3438 2748 3489 οὗ
2779 3438 2871 3489 οὐκ
2904 3439 3006 3510 εἰμὶ
3039 3441 3206 3500 ἱκανός
3247 3444 3311 3492 τα
3339 3437 3661 3513 ὑποδήματα
3713 3439 3861 3512 βασ-

2253 3547 2432 3579 τασαμ

544 3614 696 3682 Quid
724 3619 812 3670 est
841 3615 1209 3680 autem,Post
1232 3621 1629 3671 meventurus
1659 3621 1739 3670 est
1770 3613 1874 3685 qui
1893 3621 2022 3669 ante
2053 3632 2138 3670 me

2321 3622 2383 3670 Τί
2410 3613 2469 3669 δέ
2495 3616 2650 3682 ἐστιν,
2684 3616 2742 3668 Ὀ
2774 3617 2946 3669 ὀπίσω
2973 3637 3072 3689 μου
3118 3617 3395 3692 ἐρχόμενος
3436 3619 3724 3693 ἔμπροσθέν
3754 3638 3858 3691 μου

458 3707 583 3775 fuit
616 3704 644 3759 ?
667 3708 783 3760 Hoc
809 3709 914 3768 est,
949 3704 1084 3760 Post
1110 3704 1423 3776 paululum
1456 3703 1532 3759 ad
1559 3719 1662 3759 vos
1707 3710 1990 3758 venturus
2017 3721 2081 3759 es

2246 3710 2448 3776 γέγονεν
2481 3705 2575 3772 ;“Ο
2601 3709 2730 3778 μετά
2761 3711 2944 3780 μικρὸν
2977 3706 3253 3781 ἐρχόμενος
3310 3711 3440 3782 πρὸς
3493 3709 3648 3779 ὑμᾶς,
3682 3709 3707 3759 ὁ
3735 3709 3859 3760 ὅσον

464 3794 567 3868 qui
588 3793 721 3849 licet
753 3798 816 3848 ut
843 3793 1027 3848 homo
1058 3793 1330 3849 nondum
1363 3792 1663 3865 apparuit,
1714 3793 1903 3863 gloria
1934 3798 2091 3849 tame

2245 3803 2385 3847 οῦπω
2415 3795 2818 3867 ἐμφανιζόμενος
2854 3798 2972 3868 ὑμῖν
3014 3799 3078 3856 ὡς
3108 3799 3399 3870 ἄνθρωπος,
3434 3796 3654 3870 ὑπερέϐη
3694 3817 3757 3868 με
3789 3807 3851 3869 τῇ

467 3899 538 3940 ac
577 3883 887 3954 majestate
920 3899 1013 3939 me
1052 3883 1332 3956 praecedit
1379 3900 1392 3950 ;
1431 3899 1573 3939 nam
1607 3882 1870 3939 maxime
1911 3884 2097 3954 gloriﬁ

2242 3880 2370 3956 δόξη
2413 3891 2502 3936 καὶ
2545 3885 2929 3956 μεγαλειότητι.
2973 3887 3115 3938 Πάνυ
3169 3888 3269 3960 γὰρ
3312 3885 3480 3958 μέλλει
3517 3883 3852 3947 δοξασθῆναι

464 3973 698 4033 candus
729 3978 783 4028 et
799 3974 1145 4030 exaltandus
1169 3979 1274 4028 est.
1296 3973 1468 4038 Quod
1489 3977 1685 4029 autem
1731 3971 1998 4028 futurum
2019 3979 2094 4028 est

2239 3978 2327 4026 καὶ
2355 3974 2758 4046 μεγαλυνθῆναι.
2816 3974 2903 4036 Ὠς
2946 3980 3278 4048 γεγενημένον
3312 3972 3371 4029 δὲ
3428 3973 3536 4028 εἷπε
3570 3979 3628 4028 τό
3670 3975 3854 4047 μέλλον

462 4077 625 4118 more
655 4062 952 4132 prohetiaa,
982 4062 1161 4135 quasi
1183 4063 1312 4134 jam
1334 4062 1555 4118 factum
1579 4062 1672 4127 sit,
1703 4062 1867 4117 dixit.
1903 4061 2092 4117 Deind

2236 4067 2374 4135 νόμῳ
2410 4069 2745 4138 προφητείας.
2780 4062 2903 4117 Εἶτα
2927 4067 3113 4122 τίθησι
3137 4069 3226 4117 καὶ
3249 4069 3341 4124 τὴν
3365 4065 3536 4117 αἰτίαν
3559 4073 3653 4126 τῆς
3675 4068 3853 4117 τοιαύ-

463 4152 632 4224 ponit
654 4152 834 4208 etiam
865 4167 1116 4208 causam
1151 4150 1504 4222 hujusmodi
1535 4150 1941 4207 sublimitatis.

1008 4167 1116 4207 tam
1151 4150 1504 4222 hujusmodi
1535 4150 1941 4207 sublimitatis.
2235 4172 2326 4213 της
2353 4153 2638 4225 ὑπεροχῆς.

533 4242 694 4298 Vers.
737 4247 816 4298 15.
860 4242 1007 4308 Quia
1033 4243 1201 4313 prior
1231 4257 1321 4297 me
1350 4247 1499 4297 erat.
1532 4243 1682 4307 Quia
1699 4256 1794 4297 me
1831 4246 2122 4315 tanquam

2303 4241 2424 4295 Ὀτι
2458 4247 2661 4318 πρῶτος
2691 4262 2791 4315 μου
2826 4239 2900 4300 ἧν.
2960 4242 3081 4295 Ὀτι
3143 4244 3506 4317 ὑπερκείμενός
3533 4263 3635 4316 μου
3687 4240 3749 4302 ἧν
3779 4247 3845 4306 ὡς

464 4332 619 4386 Deus
651 4331 1049 4402 praecedebat.

761 4331 1049 4388 ecedebat.
2233 4337 2391 4394 Θεός.

531 4421 690 4476 Vers.
722 4423 810 4478 16.
850 4422 930 4477 Et
962 4453 1026 4462 -—
1054 4421 1405 4490 accepimus.
1450 4418 1598 4476 Cum
1633 4420 1835 4493 ipsum
1875 4421 2120 4477 dixisset

2305 4427 2404 4474 Καὶ
2435 4450 2497 4463 -
2531 4420 2796 4494 ἐλάϐομεν,
2831 4421 2998 4475 Εἰπὼν
3031 4423 3106 4474 ὅτι
3131 4423 3334 4497 πλήρης
3354 4425 3576 4498 χάριτος
3596 4427 3687 4475 καὶ
3715 4422 3849 4482 ἁλη-

458 4509 705 4582 plenum
737 4511 928 4581 gratia
954 4515 1010 4566 et
1039 4511 1298 4578 veritate,
1352 4527 1421 4567 ac
1462 4511 1690 4566 fontem
1729 4511 1924 4566 omnis
1973 4511 2088 4566 bon

2230 4512 2368 4571 θείας
2404 4507 2483 4577 ἦν,
2509 4516 2597 4563 καὶ
2624 4507 2800 4573 δείξας
2823 4511 2976 4562 αὐτόν
2996 4516 3170 4582 πηγὴν
3193 4515 3385 4574 παντὸς
3411 4511 3610 4585 ἀγαθοῦ
3636 4510 3847 4566 ἀένναον

456 4615 785 4671 perennem
807 4605 863 4655 et
882 4599 1298 4658 inexhaustum
1321 4615 1447 4656 esse
1469 4599 1974 4665 demonstrasset,
2003 4600 2083 4656 ait

2227 4605 2315 4652 καὶ
2347 4599 2610 4664 ἀκένωτον,
2637 4606 2794 4672 φησὶν
2817 4602 2896 4652 ὅτι
2930 4605 3030 4652 Καὶ
3057 4603 3206 4672 ἡμεῖς
3237 4604 3418 4662 πάντες
3457 4603 3506 4653 οἱ
3529 4603 3766 4674 μαθηταὶ
3787 4600 3845 4653 ἐκ

457 4690 573 4744 Nos
597 4689 778 4746 etiam
792 4704 999 4744 omnes
1016 4688 1295 4760 discipuli
1323 4689 1396 4744 de
1420 4689 1518 4744 tali
1537 4689 1726 4760 ipsius
1750 4689 2087 4761 plenitudin

2225 4696 2316 4741 τοῦ
2348 4691 2580 4741 τοιούτου
2637 4689 2980 4763 πληρώματος
3047 4689 3206 4741 αὐτοῦ
3259 4689 3499 4763 ἐλάϐομεν
3558 4693 3690 4743 κατὰ
3753 4711 3843 4762 με·

457 4792 564 4850 per
606 4777 1124 4849 participationem
1168 4777 1537 4850 accepimus.
2225 4785 2394 4851 τοχήν
2407 4824 2420 4836 ,

531 4869 687 4923 Vers.
730 4869 814 4924 16.
849 4869 921 4923 Et
955 4869 1215 4939 gratiam
1252 4883 1363 4938 pro
1399 4869 1610 4937 gratia.
1645 4870 1878 4923 Novum
1922 4870 2116 4924 Testa-

2299 4872 2398 4920 Καὶ
2440 4870 2601 4942 χάριν
2660 4865 2772 4920 ἀντὶ
2841 4870 3079 4942 χάριτος.
3140 4873 3244 4926 Τὴν
3310 4874 3503 4927 Καινὴν
3563 4869 3825 4926 Λιαθηκην

456 4962 726 5014 mentum
757 4975 858 5030 pro
889 4958 1103 5015 Veteri.
1135 4958 1306 5022 Quod
1346 4963 1546 5013 autem
1574 4957 1648 5012 de
1681 4954 1774 5011 his
1806 4956 2086 5029 loquatur

2226 4957 2340 5009 ἀντὶ
2396 4967 2486 5018 τῆς
2543 4956 2795 5019 ΙΙαλαιᾶς.
2835 4963 2951 5010 Ὀτι
3010 4954 3068 5010 δὲ
3107 4963 3225 5031 περὶ
3277 4961 3470 5011 τούτων
3524 4958 3677 5030 λέγει,
3733 4954 3828 5015 δῆ-

456 5048 942 5120 exsequentibus
981 5047 1368 5105 manifestum
1419 5051 1510 5102 est
1545 5064 1560 5117 ;
1625 5047 1860 5102 interim
1911 5052 2086 5104 auten

2224 5046 2308 5099 λον
2361 5045 2461 5098 ἀπὸ
2513 5054 2610 5098 τῶν
2675 5044 2853 5118 ἐφεξῆς
2887 5067 2899 5078 ·
2941 5052 3062 5108 τέως
3144 5044 3202 5099 δὲ
3282 5049 3448 5122 Χάριν
3499 5053 3588 5100 καὶ
3639 5050 3834 5106 ταύτην

458 5135 605 5193 scito
634 5137 799 5210 quod
830 5142 884 5194 et
902 5137 1017 5194 hoc
1035 5142 1090 5193 et
1109 5135 1256 5192 illud
1283 5136 1552 5192 Gratiam
1585 5135 1938 5225 nominavit,
1963 5137 2088 5208 quia

2215 5139 2454 5195 κάκείνην
2505 5136 2762 5209 ὠνόμασε,
2827 5133 2971 5189 διότι
3014 5139 3151 5190 κατὰ
3198 5139 3360 5212 χάριν
3391 5137 3678 5213 ἀμφότεραι
3716 5139 3837 5211 (41)

531 5318 818 5392 ιεΜαιιιι.
861 5317 956 5386 III,
1038 5318 1126 5372 u.

1671 5495 1895 5566 Varia:
1930 5495 2276 5565 lectiones
2318 5506 2385 5565 et
2415 5506 2619 5567 notae.

523 5691 638 5838 ξεν,
678 5691 847 5747 Δῦτοῦ
897 5693 1067 5776 abest
1112 5699 1175 5750 Δ.
1353 5764 1364 5776 .
1415 5672 1418 5675 ’

547 5768 615 5838 eo
695 5767 874 5838 Αέγων
911 5781 973 5822 ιιι
1002 5769 1487 5838 interpretatione
1521 5778 1665 5838 non
1717 5763 1904 5838 habet
1950 5764 2105 5821 Hen-

897 5693 1067 5752 abest
1112 5699 1175 5750 Α.
1415 5672 1418 5675 ’
2213 5692 2507 5752 omiserit.

911 5765 973 5822 in
1002 5764 1487 5838 interpretatione
1521 5778 1665 5838 non
1717 5763 1904 5838 habet
1950 5764 2105 5821 Hen-
2285 5765 2402 5838 (41)
2429 5767 2507 5838 ’Δί

547 5763 638 5842 4.0)
692 5767 874 5842 Αέγων
911 5765 973 5842 in
1002 5764 1665 5842 interpretationeqnon
1717 5763 1905 5842 habet
1950 5764 2105 5821 Hen-

1223 5764 1665 5842 tetationeqnon
1717 5763 1905 5842 habet
1950 5764 2105 5821 Hen-
2285 5765 2752 5842 (41)’Δμφότιρα,
2792 5772 2853 5821 Α.

457 5835 666 5895 tonius.
692 5835 895 5909 Neque
945 5835 1253 5895 tamen'in
1297 5836 1649 5894 Prmfatione
1703 5836 1953 5905 monuit,
2000 5851 2104 5893 cur
