4128 6392
267 360 403 425 ius

1348 358 1723 427 COMMENT.
1766 369 1834 423 IN
1874 357 2237 433 JOANNEM.
2277 409 2344 418 —
2378 376 2541 436 CAP.
2589 372 2629 438 ε.

3514 390 3650 447 -1126

266 493 534 554 ἐδόθησαν
564 502 673 555 τοῖς
700 493 943 559 λαϐοῦσι,
979 494 1332 567 χαριζομένου
1374 503 1464 547 τοῦ
1498 503 1630 548 Θεοῦ
1673 497 1865 556 τούτοις

1989 502 2310 573 utrumque
2328 504 2513 572 gratis
2540 507 2971 579 accipientibus
2998 510 3207 568 datum
3227 518 3336 579 est,
3358 516 3475 573 Deo
3503 518 3651 589 ipsis

268 584 344 637 δι’
400 585 531 637 ἔλεον
572 585 777 651 οἰκεῖον,
834 585 926 635 οὐκ
976 583 1316 657 ἀμειϐομένου
1360 588 1585 646 ,τούτους
1633 581 1724 636 διὰ
1761 586 1871 652 (42)

262 674 635 748 προλαϐούσας
658 673 838 749 ἀρετὰς
870 674 1059 725 αὐτῶν.

339 764 539 838 Ὠσπερ
614 760 673 816 δὲ
735 760 967 821 διαθήκη
1022 768 1108 815 καὶ
1167 760 1399 822 διαθήκη
1472 764 1725 833 λέγονται,
1785 768 1874 814 καὶ

264 860 423 925 νόμος
453 860 541 905 xui
588 858 759 923 νόμος,
814 858 903 905 xui
956 852 1119 904 πολλά
1174 862 1394 904 τοιαῦτα
1447 852 1676 925 ὀνόματα
1727 854 1875 903 κοινά

267 945 487 1014 ἔχουσιν
516 962 527 973 ο
589 942 723 994 οὕτω
758 946 844 993 καὶ
894 943 1060 1016 χάρις
1103 942 1217 1013 (ἰ3)
1250 947 1339 994 καὶ
1385 943 1550 1016 χάρις
1593 941 1870 1013 ὀνομάζον-

265 1052 377 1085 ται.

338 1120 649 1192 Ὀμωνύμως
730 1117 789 1173 δὲ
850 1122 1037 1187 πάντα,
1110 1125 1198 1172 καὶ
1266 1120 1324 1171 ού
1391 1122 1723 1191 συνωνύμως.
1797 1121 1873 1170 Τὰ

266 1209 463 1270 ἐκείνης
502 1213 590 1281 μὲν
620 1212 721 1283 ’γὰρ
752 1214 1111 1282 στοιχείωσις,
1146 1212 1210 1261 τὰ
1249 1212 1443 1271 ταύτης
1476 1206 1534 1261 δὲ
1574 1209 1831 1268 τελείωσις
1855 1227 1867 1240 ·

264 1298 482 1351 κάκεῖνα
527 1302 616 1371 μεν
662 1305 817 1352 παισὶ
867 1304 1217 1371 προσήκοντα,
1275 1307 1441 1351 ταῦτα
1472 1295 1529 1351 δὲ
1590 1295 1868 1371 ἀνδράσιν.

339 1591 406 1637 ’Ἢ
463 1587 628 1636 ἐκεῖνα
677 1587 765 1657 μὲν
815 1582 1064 1658 ἀνδράσι,
1108 1593 1273 1638 ταῦτα
1321 1582 1379 1638 δε
1430 1586 1689 1657 ἀγγέλοις.
1744 1585 1873 1639 Εἶτα

267 1671 493 1728 δεικνύει
520 1677 579 1725 τὸ
620 1671 869 1747 διάφορον
914 1675 1082 1726 αὐτῶν
1130 1674 1231 1727 ἀπὸ
1278 1684 1379 1727 τῶν
1413 1672 1870 1748 διακονησαμένων

265 1764 462 1824 αὐτοῖς.

336 1851 456 1905 Ὀτι
502 1884 571 1893 -
619 1852 834 1925 ἐγένετο.
878 1852 937 1906 Ὀ
992 1858 1146 1926 νόμος
1198 1856 1307 1926 μεν,
1370 1858 1534 1906 εἴτουν
1592 1856 1621 1911 ἡ
1674 1854 1872 1907 παλαιά

265 1943 501 1999 Διαθηκη
571 1938 664 1994 διὰ
714 1946 965 2004 Μόϋσέως
1017 1942 1479 2016 μεσολαϐήσαντος
1538 1940 1696 2002 ἐδόθη
1764 1953 1872 2006 τοίς

263 2030 560 2105 Ἑϐραίοις·
613 2033 642 2090 ἠ
698 2034 859 2104 χάρις
929 2029 1009 2101 δε,
1060 2036 1221 2104 ἤγουν
1291 2034 1317 2091 ὁ
1375 2038 1483 2097 νέα,
1544 2029 1638 2085 διὰ
1694 2033 1870 2088 Ἰησοῦ

266 2128 504 2194 Χριστοῦ
572 2119 787 2192 ἐγένετο,
870 2118 1082 2184 οὐδενὸς
1136 2122 1304 2194 ἐτέρου
1389 2122 1866 2195 μεσολαϐήσαντος.

266 2217 369 2265 Καὶ
416 2218 644 2271 Μωῠσῆς
720 2214 811 2282 μὲν
861 2207 1042 2272 δοῦλος
1094 2209 1177 2274 ἧν,
1235 2217 1324 2264 καὶ
1395 2215 1515 2286 ὅπερ
1592 2211 1766 2265 ἔλαϐεν
1815 2212 1869 2265 ἐκ

264 2305 414 2365 Θεοῦ,
464 2307 616 2352 τοῦτο
665 2296 861 2351 ἔδωκε·
912 2304 1143 2374 Χριστὸς
1199 2298 1256 2352 δὲ
1302 2306 1566 2363 Δεσπότης
1630 2298 1712 2366 ἦν,
1780 2307 1869 2354 καὶ

266 2389 426 2450 αὐτὸς
459 2390 670 2447 ἐποίησε
708 2394 801 2447 τὴν
829 2393 943 2440 νέαν
996 2392 1065 2449 ὡς
1115 2394 1263 2451 Θεὸς.
1311 2396 1473 2442 Ὀσον
1518 2388 1604 2442 οὖν
1657 2394 1715 2443 τὸ
1744 2388 1867 2443 διά-

263 2498 419 2553 φορον
492 2482 748 2539 Μωυσέως
818 2483 907 2529 καὶ
966 2486 1221 2551 Χριστοῦ,
1299 2487 1547 2531 τοσοῦτον
1606 2482 1710 2554 ἄρα
1779 2486 1868 2533 καὶ

268 2571 481 2621 τούτων.
535 2566 674 2620 "Avo;
726 2570 816 2639 μὲν
880 2564 967 2619 οὖν
1027 2572 1191 2641 Χάριν
1245 2573 1335 2620 καὶ⁹
1382 2572 1544 2641 χάριν
1615 2567 1723 2621 εἷπε
1776 2566 1870 2622 διὰ

264 2663 361 2715 τὴν
411 2658 515 2708 ἐκεῖ
581 2658 831 2731 ῥηθεῖσαν
896 2656 1099 2709 αἰτίαν
1162 2656 1384 2709 ἐνταῦθα
1442 2655 1501 2710 δὲ
1567 2666 1727 2730 μόνην
1776 2665 1868 2718 τὴν

263 2752 379 2799 νέαν
453 2748 716 2805 Διαθήκην
777 2745 985 2801 ἐκάλεσε
1062 2748 1246 2821 Χάριν,
1313 2750 1382 2808 ὡς
1436 2747 1623 2819 μᾶλλον
1681 2751 1863 2824 χάριν.

263 2844 411 2893 Μόνη
467 2839 568 2909 γὰρ
633 2836 766 2893 αὕτη
816 2837 1101 2909 χαρίζεται
1162 2837 1343 2907 ἄφεσιν
1406 2836 1694 2911 ἁμαρτιῶν,
1744 2836 1868 2887 ἀνα-

262 2930 529 2997 γέννησιν,
585 2927 868 2990 υἱοθεσίαν,
925 2923 1196 2997 βασιλείαν
1246 2925 1492 2996 οὐρανῶν,
1535 2931 1624 2978 xui
1674 2926 1865 2997 ἀγαθὰ,

262 3016 298 3068 ἃ
330 3014 592 3087 ὀφθαλμὸς
640 3014 735 3065 οὐκ
785 3010 911 3078 εἶδε,
971 3020 1061 3065 καὶ
1112 3010 1202 3076 οὖς
1241 3014 1335 3066 οὐκ
1384 3018 1597 3081 ἤκουσε,
1639 3019 1729 3067 καὶ
1785 3016 1867 3068 ἐπὶ

262 3101 491 3178 καρδίαν
522 3102 794 3177 ἀνθρώπου
825 3103 919 3155 οὐκ
939 3102 1115 3161 ἀνέϐη.

1991 589 2225 659 propria
2257 608 2367 647 sua
2400 594 2807 653 misericordia
2835 600 3226 670 gratificante,
3258 620 3373 659 non
3407 607 3485 661 ob
3513 624 3655 677 pree-

1988 677 2263 733 cedentes
2317 679 2553 738 illorum
2598 686 2840 741 virtutes
2872 690 3255 760 rependente.

2058 767 2578 830 Quemadmodum
2600 780 2798 830 autem
2821 776 3105 833 dicuntur
3132 779 3225 835 lex
3253 788 3308 837 et
3332 781 3447 854 lex,
3473 790 3653 841 testa-

1988 861 2259 912 mentum
2293 874 2363 914 ac
2413 866 2853 931 testamentum,
2897 867 3196 941 multaque
3256 870 3372 929 alia
3404 869 3653 931 nomina

1986 943 2210 1000 habent
2259 953 2607 1007 communia
2650 969 2661 1008 :
2711 953 2795 1009 ita
2833 972 3072 1028 quoque
3121 960 3315 1028 gratia
3349 968 3405 1017 et
3458 964 3651 1032 gratia

1986 1036 2397 1093 nominantur.

2054 1124 2188 1180 Haec
2222 1133 2421 1184 autem
2454 1130 2758 1201 mquivoca
2790 1141 2944 1200 sunt,
2980 1153 3101 1193 non
3129 1155 3472 1213 synonyma
3500 1158 3512 1197 :
3549 1143 3648 1198 illa

1987 1211 2287 1284 siquidem
2318 1233 2455 1288 qua:
2508 1221 2720 1275 veteris
2747 1229 2905 1288 sunt,
2956 1226 3167 1282 rudem
3196 1211 3646 1300 expressionem

1984 1299 2277 1359 duntaxat
2328 1306 2671 1377 significant
2709 1317 2763 1366 et
2816 1312 3227 1381 imitationem,
3269 1299 3405 1385 quas
3444 1327 3646 1377 autem

1985 1392 2147 1461 novi,
2178 1394 2599 1465 perfectionem
2634 1419 2645 1458 :
2678 1408 2733 1455 et
2759 1401 2860 1457 illa
2900 1420 3044 1459 sane
3094 1407 3379 1462 omnibus
3401 1410 3476 1480 (Γ)
3506 1426 3646 1466 con-

1987 1481 2251 1551 veniunt,
2282 1483 2412 1540 hinc
2466 1493 2667 1543 autem
2702 1489 2843 1545 solis
2876 1492 3038 1547 viris.

2057 1570 2161 1626 Vel
2197 1575 2398 1645 potius
2428 1576 2527 1632 illa
2567 1577 2729 1647 viris,
2771 1580 2887 1637 ista
2910 1599 3047 1639 vero
3079 1584 3331 1655 angelis.
3364 1586 3647 1643 Diﬁ‘eren-

1984 1660 2128 1717 tiam
2158 1673 2591 1736 consequenter
2616 1668 2883 1740 ipsorum
2916 1672 2993 1728 ab
3020 1673 3113 1729 his
3153 1677 3254 1747 qui
3282 1693 3354 1732 ea
3386 1677 3648 1734 admini-

1984 1757 2315 1807 straverunt
2340 1756 2617 1811 ostendit.

1908 1849 1949 1902 Β
2056 1840 2217 1896 Vers.
2252 1848 2333 1898 t7.
2361 1845 2721 1915 Quia—fuit.
2752 1850 2866 1905 Lex
2887 1850 3156 1922 quidem,
3182 1852 3306 1909 sive
3336 1859 3503 1910 vetus
3546 1859 3649 1911 Te-

1981 1936 2341 1987 stamentum
2378 1949 2481 2004 per
2528 1935 2747 1992 Mosem
2791 1940 3175 1996 mediatorem
3210 1943 3473 1999 Hebraeis
3500 1944 3645 2001 data

1980 2026 2089 2085 est,
2104 2021 2295 2090 gratia
2309 2038 2449 2079 vero
2468 2026 2592 2080 sive
2611 2042 2836 2081 novum
2850 2030 3295 2086 Testamentum
3318 2048 3423 2103 per
3438 2034 3642 2089 Jesum

1978 2110 2275 2166 Christum
2303 2112 2469 2168 nullo
2501 2114 2687 2171 altero
2715 2117 3035 2174 mediante.
3075 2122 3138 2175 Et
3169 2121 3364 2176 Moses
3389 2124 3639 2194 quidem

1980 2215 2182 2255 servus
2204 2206 2347 2266 erat,
2371 2203 2654 2276 quodque
2677 2222 2714 2260 a
2738 2208 2853 2261 Deo
2868 2208 3115 2280 accepit,
3141 2209 3256 2265 hoc
3272 2210 3640 2268 dedit:Chri-

1980 2294 2106 2344 stus
2149 2296 2348 2345 autem
2401 2294 2687 2350 Dominus
2736 2304 2879 2359 erat,
2922 2302 2978 2353 et
3010 2299 3136 2369 ipse
3167 2305 3453 2371 tanquam
3484 2302 3641 2357 Deus

1978 2394 2203 2434 novum
2222 2381 2484 2437 condidit
2515 2386 2978 2441 Testamentum.
3030 2390 3332 2453 Quantum
3351 2397 3439 2444 est
3465 2392 3644 2460 igitur

1979 2469 2153 2523 Mosis
2184 2486 2219 2524 a
2244 2471 2473 2526 Christo
2505 2472 2850 2543 discrimen,
2878 2481 3108 2532 tantum
3141 2494 3285 2533 sane
3310 2484 3366 2533 et
3405 2480 3638 2535 horum.

1980 2558 2260 2629 Superius
2277 2567 2454 2625 certe,
2489 2564 2753 2619 Gratiam
2783 2569 2835 2620 et
2858 2567 3117 2635 gratiam
3136 2568 3379 2623 dixitob
3394 2585 3640 2625 causam

1976 2648 2199 2703 ibidem
2230 2650 2453 2705 dictam
2485 2667 2499 2717 ;
2527 2654 2620 2707 hic
2647 2650 2848 2709 autem
2874 2671 3097 2710 novum
3121 2656 3411 2713 duntaxat
3436 2659 3642 2714 Testa-

1981 2746 2246 2795 mentum
2271 2741 2529 2798 Gratiam
2549 2744 2899 2811 nominavit,
2929 2753 3128 2819 utpote
3152 2749 3344 2803 verius
3364 2751 3641 2819 gratiam.

1978 2832 2127 2884 Nam
2171 2831 2369 2886 solum
2426 2831 2630 2903 ipsum
2660 2840 3044 2905 peccatorum
3101 2838 3404 2895 condonat
3433 2840 3646 2895 remis-

1980 2919 2231 2986 sionem,
2248 2923 2780 2993 regenerationem,
2805 2924 3223 2997 adoptionem;
3254 2944 3506 2997 regnum
3529 2945 3645 2984 cce-

1977 3008 2173 3065 lorum
2219 3010 2422 3065 tribuit
2446 3027 2516 3067 ac
2545 3012 2710 3068 bona
2738 3029 2875 3085 quas
2916 3015 3126 3070 oculus
3167 3032 3288 3071 non
3328 3016 3499 3083 vidit,
3531 3034 3642 3074 nec

1977 3100 2138 3155 auris
2170 3100 2414 3166 audivit,
2446 3117 2554 3156 nec
2581 3102 2641 3157 in
2653 3118 2756 3158 cor
2775 3103 3039 3158 hominis
3061 3105 3528 3163 ascenderunt‘.

336 3193 508 3247 Εἰπὼν
566 3189 623 3245 δὲ
672 3194 752 3245 ὅτι
808 3192 865 3245 Ἠ
918 3194 1100 3266 χάρις,
1162 3194 1506 3266 προσέθηκεν,
1570 3195 1647 3245 ὅτι
1704 3196 1863 3252 Καὶή

2049 3188 2156 3244 Ubi
2188 3205 2328 3245 vero
2357 3189 2606 3246 dixisset
2633 3191 2867 3256 Gratia,
2898 3192 3148 3261 addidit,
3171 3194 3250 3249 Et
3277 3195 3519 3266 veritas,
3552 3197 3640 3251 in-

262 3282 517 3340 amem-
576 3283 633 3333 τὸ
709 3276 935 3351 ἀψευδὲς
1010 3281 1139 3353 αὐτῇ
1205 3290 1641 3357 προσμαρτυρῶν,
1716 3286 1745 3340 ἣ
1809 3286 1866 3335 τὸ

262 3372 473 3426 τελειον.
533 3371 733 3428 Ἐκείνη
788 3374 878 3442 μὲν
936 3373 1033 3442 ’γὰρ
1092 3372 1121 3428 ἠ
1178 3372 1341 3445 χάρις
1408 3370 1621 3432 ἀτελης·
1680 3370 1739 3423 Ὀ
1787 3376 1868 3423 νό-

261 3480 358 3534 μος
430 3464 531 3535 γὰρ
606 3456 757 3511 οὐδὲν
833 3458 1111 3524 ἐτελείωσε,
1186 3465 1343 3531 φησιν
1417 3462 1443 3511 6
1514 3460 1863 3522 Ἀπόστολος⁹

262 3552 399 3607 αὕτη
444 3546 502 3602 δὲ
532 3549 718 3612 τελεία,
778 3551 842 3608 ὡς
894 3548 1226 3611 τελειοποιός.
1275 3547 1435 3602 Ὀσον
1493 3545 1579 3601 οὖν
1632 3554 1867 3622 μείζονος

260 3640 487 3712 χάριτος
602 3640 917 3709 ἠξιώθημεν,
1028 3646 1274 3690 τοσοῦτον

262 3728 549 3801 ὀφείλομεν,
597 3728 680 3778 ἵνα
704 3731 800 3798 μὴ,
831 3725 1051 3789 ἀναξίως
1075 3734 1169 3789 τῆς
1219 3727 1541 3788 τηλικαύτης
1571 3729 1869 3803 εὐεργεσίας

602 3636 917 3709 ἠξιώθημεν,
1028 3646 1274 3690 τοσοῦτον
1371 3642 1585 3711 μείζονα
1683 3639 1867 3715 ἀρετὴν

258 3818 712 3889 πολιτευσάμενοι,
755 3814 902 3879 ἀξίαν
932 3824 1029 3878 τῆς
1057 3816 1378 3879 τηλικαύτης
1404 3818 1669 3892 ῥᾳθυμίας
1713 3816 1867 3877 δίκην

256 3906 534 3980 ὑφέξομεν.

339 3999 469 4050 Θεὸν
532 4025 600 4034 -
667 3993 982 4066 ἐξηγήσατο.

255 4095 417 4142 τοῦτο
478 4081 627 4143 ἦλθεν
709 4086 733 4136 6
798 4083 1189 4155 εὐαγγελιστὴς,
1255 4088 1512 4158 προσ-χες.
1580 4085 1755 4148 Δείξας
1809 4090 1867 4138 τὸ

258 4175 516 4248 διάφορον
569 4181 662 4226 τοῦ
711 4180 871 4246 νόμου
905 4193 956 4226 τε
995 4179 1086 4225 καὶ
1135 4183 1226 4235 τῆς
1270 4177 1513 4248 χάριτος,
1564 4173 1743 4247 ἐπάγει
1779 4180 1869 4228 καὶ

1056 3995 1143 4048 Ἐκ
1211 4000 1367 4057 ποίας
1434 3994 1743 4058 ἀκολουθίας
1802 3997 1869 4057 εἰς

256 4266 438 4319 αἰτίαν
503 4264 705 4334 εὔλογον
763 4271 859 4323 τῆς
930 4260 1205 4337 διαφορᾶς,
1264 4268 1343 4315 ὅτι
1387 4267 1473 4316 τὸν
1550 4268 1640 4336 μεν
1714 4270 1867 4337 νόμον

258 4362 495 4414 Μωυσῆς
547 4352 805 4426 ἐκόμισεν,
850 4354 1115 4427 ἄνθρωπος
1171 4357 1241 4424 μὴ
1300 4352 1536 4425 ἑωρακὼς
1576 4358 1662 4405 τὸν
1704 4359 1863 4407 Θεὸν·

1976 3277 2281 3334 fallibilem
2312 3278 2507 3351 ipsam
2539 3296 2667 3336 esse
2714 3287 3003 3338 attestans
3038 3299 3108 3338 ac
3146 3285 3462 3355 perfectam
3498 3286 3640 3342 :illa

1976 3367 2276 3440 siquidem
2307 3370 2500 3439 gratia
2528 3375 2651 3426 erat
2702 3371 3068 3442 imperfecta,
3110 3374 3227 3429 Lex
3254 3374 3427 3429 enim.
3461 3383 3525 3430 ut
3555 3375 3640 3430 ait

1974 3457 2316 3529 Apostolus,
2332 3459 2487 3515 nihil
2500 3460 2580 3515 ad
2584 3461 2912 3531 perfectum
2926 3462 3185 3518 adduxit
3199 3464 3245 3499 ¹⁵
3263 3478 3277 3529 ;
3293 3463 3422 3518 haec
3434 3469 3638 3520 autem

1979 3548 2256 3619 perfecta,
2274 3553 2469 3621 utpote
2484 3550 2731 3620 perfecte
2744 3552 3073 3620 operans.0
3084 3559 3409 3624 uantoergo
3423 3554 3639 3624 majori

1977 3638 2168 3707 gratia
2184 3638 2345 3707 digni
2367 3638 2549 3695 habiti
2568 3656 2798 3705 sumus,
2824 3647 2985 3696 tanto
2999 3642 3075 3697 ad
3092 3642 3385 3714 majorem
3411 3641 3642 3714 obliga-

1980 3743 2114 3783 mur
2145 3730 2416 3783 virtutem
2445 3744 2517 3784 ne
2532 3735 2692 3785 tanto
2703 3730 2996 3786 beneficio
3017 3731 3262 3801 indigne
3276 3748 3638 3789 conversan-

1979 3823 2086 3883 tes,
2100 3817 2355 3888 dignum
2387 3824 2550 3875 tanta
2570 3820 2813 3890 ignavia
2826 3820 3189 3893 supplicium
3205 3822 3611 3879 sustineamus
3623 3864 3637 3878 .

2050 3994 2215 4050 Vers.
2250 3996 2339 4053 18.
2370 3996 2550 4053 Deum
2582 4029 2649 4037 —
2678 3998 3005 4054 enarravit.
3049 4000 3180 4064 Qua
3207 4002 3641 4073 consequentia

1976 4085 2203 4140 venerit
2254 4085 2334 4141 ad
2375 4086 2491 4142 hoc
2542 4087 2924 4157 evangelista,
2999 4087 3263 4143 adverte.
3312 4092 3641 4162 Postquam

1978 4173 2373 4231 differentiam
2439 4176 2868 4232 demonstravit
2909 4177 3059 4246 legis
3090 4182 3148 4232 et
3187 4179 3411 4246 gratiae,
3451 4179 3636 4235 ratio-

1977 4264 2241 4320 nabilem
2275 4265 2453 4321 etiam
2493 4264 2835 4320 differentiae
2864 4282 3118 4321 causam
3144 4266 3312 4321 addit
3344 4282 3356 4321 :
3382 4266 3545 4337 quod
3566 4266 3641 4322 le-

1979 4368 2116 4423 gem
2154 4354 2401 4425 quidem
2439 4354 2631 4411 attulit
2668 4355 2878 4421 Moses,
2930 4354 3113 4411 homo
3144 4355 3244 4427 qui
3296 4356 3486 4411 Deum
3516 4372 3640 4412 non

262 4449 369 4499 Kui
442 4446 543 4514 γὰρ
622 4445 750 4494 Θεὸν
818 4437 989 4501 οὐδείς
1060 4442 1252 4513 ἑώρακε
1321 4448 1553 4494 τώπότε⁰
1614 4448 1704 4495 καὶ
1776 4440 1865 4496 διὰ

1988 4441 2124 4497 vidit
2164 4444 2386 4501 :Deum
2453 4445 2609 4500 enim
2648 4460 2805 4500 nemo
2855 4444 3004 4500 vidit
3042 4460 3320 4516 unquam,
3384 4444 3643 4517 ideoque

254 4537 417 4587 τοῦτό
467 4531 605 4583 ἐστιν
664 4530 882 4583 ἐλάττων
955 4532 980 4582 6
1032 4536 1201 4600 νόμος,
1277 4534 1345 4593 ὡς
1398 4536 1539 4604 παρά
1593 4530 1865 4605 ἀνθρώπου

255 4622 538 4693 κομισθείς
562 4644 567 4649 ’
594 4625 686 4677 την
736 4617 795 4672 δε
825 4622 1009 4693 χάριν,
1064 4624 1182 4677 ἤτοι
1221 4624 1279 4672 τὸ
1323 4621 1655 4692 Εύαγγέλιόν,
1712 4623 1736 4672 6
1764 4641 1865 4694 μο-

254 4716 469 4783 νογενὴς
523 4712 658 4775 Υἱός,
715 4712 740 4761 6
812 4707 1205 4781 ἐνδιαιτώμενος
1247 4718 1317 4780 τῷ
1389 4711 1562 4783 κόλπῳ
1616 4718 1708 4764 τοῦ
1765 4719 1867 4765 llu-

253 4803 399 4873 τρός,
425 4804 514 4851 καὶ
535 4797 613 4852 ἀεὶ
638 4801 768 4871 ὁρῶν
793 4802 880 4851 τὸν
909 4802 1059 4865 Θεὸν,
1084 4802 1147 4858 ὡς
1171 4803 1318 4866 Θεὸς,
1342 4800 1529 4861 ἐκεῖνος
1550 4800 1865 4872 ἐξηγήσατο,

258 4888 557 4956 συνέταξεν,
590 4884 805 4951 ἐδίδαξε
829 4909 840 4919 ·
876 4892 965 4940 καὶ
997 4884 1091 4940 διὰ
1120 4896 1273 4941 τοῦτο
1298 4888 1486 4961 μείζων
1520 4892 1548 4947 ἡ
1582 4892 1765 4965 χάρις,
1800 4892 1867 4952 ὡς

251 4981 406 5053 παρὰ
465 4986 597 5031 Θεου
659 4984 924 5050 γεγονυῖα,
991 4984 1083 5031 τοῦ
1127 4978 1349 5052 ὁρῶντος
1406 4982 1493 5031 τὸν
1554 4982 1703 5045 Θεὸν,
1780 4984 1868 5033 καὶ

252 5074 611 5143 γινώσκοντος
639 5069 705 5119 τὰ
728 5074 819 5119 τοῦ
852 5073 1008 5135 Θεοῦ.
1787 5134 1804 5148 ⁹

329 5157 491 5213 Ἀλλά
562 5164 670 5219 πῶς
721 5153 854 5211 εἶπεν
910 5158 992 5211 ὅτι
1065 5160 1193 5212 Θεὸν
1261 5152 1431 5221 οὐδεὶς
1492 5157 1687 5236 ἑώρακε
1761 5164 1867 5213 πώ-

332 5338 383 5375 ¹⁴
411 5335 588 5395 ICor.
621 5352 683 5403 ιι,
723 5336 777 5392 0.
858 5337 905 5373 1⁸
946 5336 1130 5404 Hebr,
1158 5352 1264 5408 vu,
1306 5336 1392 5393 19.

1976 4531 2073 4589 lex
2110 4533 2350 4588 inferior
2377 4539 2485 4600 est,
2514 4539 2711 4605 utpote
2737 4534 2814 4589 ab
2843 4534 3088 4590 homine
3127 4534 3347 4590 delata.
3381 4536 3644 4591 Gratiam

1978 4638 2117 4678 vero
2139 4624 2259 4678 sive
2284 4624 2676 4693 Evangelium
2706 4624 3046 4694 unigenitus
3077 4624 3267 4680 Filius
3307 4624 3411 4697 qui
3443 4640 3643 4681 versa-

1980 4718 2072 4769 tur
2092 4712 2155 4768 in
2186 4713 2324 4768 sinu
2356 4713 2565 4779 Patris,
2601 4730 2959 4786 semperque
2993 4713 3182 4770 Deum
3207 4714 3389 4782 videt,
3421 4729 3641 4787 nempe

1978 4802 2292 4874 Deusipse,
2308 4803 2462 4858 illud
2473 4803 2803 4867 enarravit,
2828 4803 3128 4859 ordinavit
3146 4820 3216 4859 ac
3233 4804 3462 4869 docuit;
3479 4804 3645 4859 ideo-

1978 4908 2096 4964 que
2118 4893 2312 4964 potior
2343 4898 2430 4948 est
2450 4892 2641 4963 gratia
2670 4892 2895 4965 quippe
2916 4910 2948 4948 a
2968 4893 3086 4949 Deo
3111 4893 3290 4959 facta,
3313 4893 3419 4965 qui
3455 4895 3642 4950 Deum

1979 4983 2259 5053 intuetur,
2290 4986 2347 5038 et
2374 4998 2445 5039 ea
2483 4998 2615 5055 quas
2660 4982 2763 5038 Dei
2794 4988 2933 5038 sunt
2953 4981 3283 5053 cognoscit.

2053 5158 2169 5215 Sed
2197 5157 2504 5232 quomodo
2535 5158 2682 5214 dixit
2711 5175 2723 5213 :
2756 5158 2925 5215 Deum
2953 5174 3122 5216 nemo
3148 5157 3297 5216 vidit
3322 5174 3588 5231 unquam
3613 5160 3645 5218 ἵ

1489 5462 1714 5535 Variae
1736 5463 2066 5534 lectiones
2090 5469 2158 5532 et
2192 5473 2399 5533 notae.

332 5660 450 5735 (42)
488 5663 591 5723 Τὰς
618 5661 943 5736 interponit
963 5667 1026 5716 Δ.

2044 5661 2158 5735 (43)
2190 5660 2343 5716 Οὕτω
2361 5666 2451 5717 καὶ
2477 5662 2638 5735 χάριν
2660 5658 3012 5735 ὀνομάζονται
3031 5668 3100 5720 Α.

328 5844 404 5918 (Γ)
436 5842 736 5901 Omnibus.
768 5842 1134 5901 Permutavit
1168 5858 1311 5916 ergo
1341 5850 1475 5898 πᾶσι
1507 5858 1648 5902 cum
1685 5848 1864 5900 παισί.

1988 5842 2047 5901 lis
2077 5858 2204 5902 non
2233 5846 2324 5901 est
2355 5842 2417 5901 in
2449 5841 2675 5901 Graaco.
