4128 6386
527 312 547 363 1
568 304 658 363 I27
1842 292 2192 357 EUTHYMII
2233 291 2567 355 ZIGABENI
3774 298 3907 361 1198

525 436 675 489 Nam
700 438 757 488 et
781 432 962 488 Isaias
1004 429 1192 485 Deum
1231 429 1372 485 vidit
1420 429 1725 487 sedentem
1755 444 1935 502 super
1969 427 2155 482 soliuu

2300 445 2454 491 ποτε;
2513 432 2605 480 Καὶ
2652 430 2752 501 ’γὰρ
2783 427 2997 489 Ἡσαΐας
3052 432 3141 502 μὲν
3199 426 3305 482 εἶδε
3354 434 3439 483 τόν
3498 433 3694 505 Κύριον
3746 436 3904 491 καθη-

526 524 822 578 excelsum
850 530 907 576 et
939 521 1232 575 elevatum
1268 522 1314 554 ¹⁶
1359 535 1370 585 ;
1409 519 1669 575 Ezechiel
1702 525 1901 575 autem
1928 517 2076 571 vidit
2103 518 2156 588 ip

2298 536 2444 587 μενον
2471 516 2553 569 ἐπὶ
2602 519 2782 590 θρόνου
2840 518 3045 589 ὑψηλοῦ
3101 524 3191 571 καὶ
3246 522 3571 593 ἐπηρμένου⁹
3638 520 3906 581 Ἰεζεκιηλ-

526 630 659 667 sum
690 612 991 667 sedentem
1012 626 1189 681 super
1210 608 1531 665 Cherubim
1556 610 1599 645 ¹τ
1631 626 1643 675 ;
1671 608 1873 663 Daniel
1904 613 2156 678 prmtere.

2300 603 2357 657 δὲ
2403 603 2533 658 εἶδεν
2592 607 2746 659 αὑτὸν
2803 610 3091 680 καθήμενον
3172 609 3254 661 ἐπὶ
3318 619 3417 661 τῶν
3474 609 3789 685 Χερουϐὶμ·
3823 618 3906 664 καὶ

524 702 725 773 ipsum
751 701 895 755 vidit
928 700 1233 754 sedentem
1276 700 1594 770 Antiquum
1639 699 1869 753 dierum
1906 698 1972 761 ‘3,
2006 702 2061 751 et
2091 694 2154 749 al:

2298 696 2480 753 Δανιὴλ
2538 693 2597 748 δὲ
2642 693 2773 748 εἶδεν
2831 698 2982 749 αὐτόν
3040 701 3323 770 καθήμενον
3381 699 3609 751 Παλαιὸν
3665 702 3902 772 ἡμερῶν·

524 806 763 863 quoque
796 791 993 861 ipsum
1054 788 1335 843 viderunt.
1370 789 1483 843 Sed
1518 789 1568 842 id
1604 804 1723 843 non
1757 787 1931 841 veluti
1982 800 2154 840 secun

2296 790 2384 836 xui
2440 785 2583 836 ἄλλοι
2652 783 2709 838 δὲ
2778 796 2955 839 τοῦτον
3011 787 3293 861 ἐωροίκασί.
3351 793 3488 846 Πλὴν
3538 788 3647 859 οὐχ
3723 792 3793 849 ὡς
3849 787 3904 847 ἦν

523 880 666 934 dum
700 888 975 935 naturam
1014 883 1155 942 erat,
1202 878 1305 931 sed
1341 878 1491 932 sicut
1524 878 1693 947 juxta
1734 875 2153 931 similitudinem

2297 876 2430 925 κατά
2488 878 2660 945 φύσιν,
2727 876 2832 926 αλλ’
2892 878 2959 938 ὡς
3017 876 3243 948 ἐφαίνετό
3303 877 3420 929 καθ’
3494 879 3774 949 ὁμοίωσιν.
3852 878 3906 931 Εἰ

522 969 868 1041 apparebat.
901 970 1050 1023 Nam
1081 968 1125 1021 si
1155 968 1349 1039 ipsum
1371 967 1542 1037 juxta
1573 984 1745 1021 suam
1781 970 2066 1020 naturam
2105 964 2152 1018 vi

2294 965 2395 1035 γὰρ
2430 963 2588 1020 αὐτὴν
2644 966 2811 1035 ἐώρων
2840 968 2931 1023 την
2965 966 3123 1017 αὑτοῦ
3156 969 3328 1037 φύσιν,
3390 966 3482 1017 οὐκ
3539 965 3600 1016 ἂν
3645 963 3904 1041 διαφόρως

524 1060 768 1123 dissent,
806 1073 1182 1128 nequaquam
1241 1058 1413 1111 variis
1462 1056 1655 1111 modis
1690 1056 1967 1110 vidissent
2000 1078 2010 1108 :
2048 1054 2154 1107 sim

2297 1052 2457 1110 αὐτὴν
2516 1056 2718 1128 ἑώρων·
2787 1054 2921 1113 ἁπλῆ
2977 1058 3077 1129 γὰρ
3145 1060 3222 1116 τίς
3280 1054 3392 1107 ἐστι
3442 1061 3532 1107 καὶ
3595 1054 3904 1128 ἀσχηματι-

522 1148 659 1219 plex
691 1149 849 1203 enim
910 1152 967 1202 et
1010 1147 1133 1200 sine
1166 1144 1356 1213 figura
1396 1151 1500 1209 est,
1557 1149 1610 1200 et
1642 1160 1834 1217 neque
1863 1143 2047 1206 sedet,
2082 1158 2152 1197 ne

2298 1161 2437 1207 στος,
2471 1148 2560 1194 καὶ
2601 1146 2711 1194 οὔτε
2742 1146 2989 1211 κάθηται,
3033 1148 3149 1197 οὔτε
3180 1146 3418 1211 ἔστηκεν,
3453 1148 3573 1197 οὔτε
3615 1153 3900 1218 περιπατεῖ.

522 1254 638 1309 que
663 1242 777 1293 stat
798 1252 991 1309 neque
1020 1235 1289 1290 ambulat
1319 1252 1330 1289 :
1366 1251 1507 1289 nam
1530 1235 1658 1288 haec
1681 1249 1997 1305 corporum
2026 1235 2152 1285 sunt

2294 1239 2471 1283 Ταῦτα
2500 1235 2599 1303 γὰρ
2628 1237 2715 1283 καὶ
2761 1236 2825 1283 τὰ
2858 1242 3076 1285 τοιαῦτα
3104 1243 3203 1285 τῶν
3240 1236 3493 1306 σωμάτων
3527 1234 3654 1287 εἰσί.
3708 1238 3794 1287 Διό
3823 1240 3905 1285 καὶ

522 1326 688 1382 Unde
710 1334 763 1381 et
789 1327 929 1382 dicit
957 1328 1113 1396 :Ego
1138 1326 1385 1381 visiones
1416 1324 1824 1391 multiplicum.
1847 1322 1981 1378 etin
2002 1336 2152 1375 man:

2294 1320 2494 1391 ἔλεγεν·
2572 1320 2703 1391 Ἐγὼ
2779 1323 2985 1393 ὁράσεις
3078 1322 3358 1387 ἐπλήθυνα,
3443 1329 3532 1375 καὶ
3622 1322 3670 1375 ἔν
3754 1330 3904 1395 χερσὶ

517 1417 939 1487 prophetarum
990 1416 1345 1471 assimilatas
1370 1430 1493 1469 sum
1527 1415 1595 1482 '9,
1632 1412 1888 1467 visiones
1920 1411 2147 1465 diversa

2295 1419 2570 1480 προφητῶν
2603 1412 2907 1481 ὼμοιώθην·
2958 1414 3048 1474 τὰς
3091 1410 3376 1487 διαφόρους
3420 1415 3634 1487 ὁράσεις
3678 1420 3769 1465 καὶ
3817 1418 3905 1471 τὴν

523 1522 594 1561 ac
620 1505 1067 1561 similitudinem
1134 1504 1504 1573 significans.

1136 1504 1504 1573 significans.
2296 1503 2543 1571 ὁμοίωσιν
2578 1498 2766 1558 δηλῶν.

594 1594 939 1650 Nominatur
968 1600 1162 1650 autem
1211 1594 1552 1662 unigenitus
1588 1592 1782 1657 Filius,
1812 1592 1977 1663 quod
2019 1589 2179 1644 solus

2368 1594 2657 1661 Μονογενὴς
2691 1594 2778 1661 μὲν
2838 1588 2924 1642 οὖν
2983 1593 3007 1642 ό
3056 1594 3174 1654 Υἱός
3226 1592 3562 1664 ὀνομάζεται,
3622 1594 3705 1643 ὅτι
3755 1597 3903 1663 μόνος

522 1683 677 1738 Patri
710 1688 882 1738 natus
912 1682 1003 1751 sit,
1050 1683 1293 1754 soloque
1343 1682 1508 1737 Patre
1540 1681 1791 1751 genitus.
1832 1680 2001 1734 Pater
2030 1694 2152 1749 quo

2294 1685 2531 1748 γεννᾶται
2588 1689 2659 1750 τῷ
2712 1685 2898 1752 Πατρὶ,
2947 1685 3037 1732 καὶ
3069 1683 3149 1733 ὃτι
3196 1680 3250 1732 ἐκ
3298 1687 3455 1753 μόνου
3510 1688 3758 1752 γεννᾶται
3806 1688 3902 1733 Πα-

520 1789 637 1844 que
661 1772 847 1827 solum
891 1778 979 1825 est
1011 1773 1193 1835 Pater,
1238 1787 1355 1825 non
1390 1772 1567 1826 etiam
1622 1770 1778 1823 ﬁlius
1812 1767 2087 1837 alicujus,
2118 1782 2150 1819 u

2294 1774 2430 1841 τρός.
2484 1768 2541 1819 Ὀ
2598 1772 2695 1843 γὰρ
2766 1775 2935 1843 πατὴρ
3000 1770 3159 1822 αὑτοῦ
3200 1776 3351 1841 μόνον
3413 1769 3527 1823 ἐστὶ
3586 1777 3789 1846 Πατὴρ,
3848 1770 3902 1821 οὐ

514 1861 616 1918 ‘alii
645 1866 782 1916 sunt
811 1866 1003 1931 patres
1038 1861 1248 1919 :Filius
1274 1861 1455 1915 etiam
1489 1862 1681 1915 solum
1717 1864 1890 1913 natus
1922 1861 2028 1922 est,
2064 1872 2140 1909 no

2295 1862 2397 1928 μὴν
2454 1864 2543 1910 καὶ
2600 1861 2710 1920 υἱός
2767 1878 2921 1920 τινος,
2970 1863 3038 1920 ὡς
3083 1862 3131 1911 οὶ
3174 1859 3318 1911 οῐλλοι
3368 1864 3621 1934 πατέρες⁸
3681 1866 3772 1913 καὶ
3825 1862 3900 1911 ὅτι

519 1956 680 2021 pater
720 1950 895 2005 etiam
931 1950 1205 2021 alicujus,
1240 1956 1303 2005 ut
1336 1950 1534 2020 plures
1567 1952 1765 2003 essent
1792 1946 1911 2002 filii.
1946 1946 2027 1999 Ad
2055 1946 2147 2000 hae

2295 1952 2446 2017 μόνον
2504 1954 2740 2017 γεννᾶται
2786 1950 2920 2015 Υἱός,
2982 1949 3039 2001 οὔ
3094 1954 3196 2021 μὴν
3245 1956 3333 2001 καὶ
3388 1954 3559 2024 πατὴρ
3616 1968 3776 2011 τινος,
3838 1951 3902 2011 ὡς

518 2042 659 2112 quia
679 2040 852 2095 unico
881 2056 948 2095 ac
979 2042 1219 2111 proprio
1255 2040 1435 2093 modo
1465 2045 1632 2093 natus
1656 2043 1762 2104 est,
1790 2037 2014 2108 quinec
2045 2034 2148 2089 dici

2296 2036 2518 2088 οἱοῖλλοι
2563 2039 2702 2089 υἱοί·
2769 2043 2857 2089 καὶ
2916 2040 2995 2089 ὅτι
3046 2043 3373 2111 μονοτρόπως
3416 2046 3683 2110 γεννᾶται,
3746 2042 3900 2108 ἤγουν

519 2146 628 2184 nec
663 2131 906 2197 cogitari
964 2135 1175 2200 potest,
1220 2144 1339 2183 non
1390 2144 1709 2199 corporum
1746 2142 1928 2181 more.
1968 2125 2149 2180 Dicitu

2300 2122 2629 2197 ἰδιοτρόπως,
2682 2132 2772 2177 καὶ
2821 2128 2947 2201 ὑπὲρ
3010 2130 3203 2178 ἔννοιαν
3274 2133 3363 2179 xui
3422 2127 3598 2198 λόγον,
3652 2132 3741 2179 καὶ
3800 2128 3898 2199 οὐχ

519 2226 718 2275 autem
749 2218 944 2281 Filius,
976 2218 1139 2290 quod
1163 2218 1432 2287 ejusdem
1465 2220 1686 2270 sitcum
1722 2216 1895 2273 Patre
1911 2216 2149 2269 substan

2298 2218 2365 2276 ως
2417 2219 2482 2265 τα
2541 2222 2776 2287 σώματα.
2858 2219 2975 2278 Υἱός
3036 2213 3093 2269 δὲ
3140 2217 3362 2288 λέγεται,
3414 2219 3491 2269 ὃτι
3561 2222 3750 2270 ταυτὸν
3794 2216 3899 2268 ἐστι

520 2310 615 2363 ὶίεε
652 2325 662 2363 :
702 2324 808 2362 nec
871 2308 1063 2362 solum
1100 2307 1229 2371 hoc,
1280 2306 1383 2360 sed
1443 2306 1586 2377 quia
1632 2305 1812 2359 etiam
1854 2304 1930 2359 ab
1963 2319 2033 2357 eo
2073 2311 2150 2357 est

2297 2313 2367 2373 τῷ
2430 2311 2594 2375 ιΙατρὶ
2663 2307 2772 2356 κατ’
2824 2306 3027 2367 οὐσίαν,
3063 2312 3148 2356 xui
3212 2307 3304 2358 οὐκ
3350 2306 3507 2358 ἐκεῖνο
3564 2312 3739 2378 μόνον,
3798 2304 3896 2357 ἀλλ’

521 2399 726 2455 Sinum
755 2414 894 2453 vero
952 2396 1099 2452 dixit
1140 2397 1344 2461 Patris,
1415 2412 1534 2451 non
1581 2394 1745 2466 quod
1791 2396 1942 2448 Deus
1984 2394 2151 2447 sinum

2298 2396 2375 2445 ὅτι
2414 2392 2666 2447 κάκεῖθεν.
2724 2396 2919 2447 Κόλπον
2981 2396 3039 2447 ὸὲ
3069 2404 3160 2447 τοῦ
3209 2400 3411 2469 Πατρός
3466 2394 3631 2463 εἶπεν,
3684 2397 3787 2468 οὐχ
3836 2399 3897 2456 ὡς

516 2489 755 2551 habeat,
776 2504 913 2542 nant
940 2489 1105 2541 sinus
1124 2502 1445 2555 corporum
1471 2488 1559 2539 est
1582 2501 1593 2547 ;
1620 2484 1726 2538 sed
1753 2499 1855 2554 per
1879 2482 1991 2537 hoc
2019 2498 2140 2553 quo

2294 2491 2383 2534 τοι)
2409 2491 2539 2535 Θεου
2572 2484 2757 2535 κόλπον
2782 2487 3026 2555 ἔχοντος·
3070 2493 3169 2536 τῶν
3201 2488 3453 2557 σωμάτων
3483 2489 3589 2559 γὰρ
3625 2488 3650 2538 ό
3682 2485 3896 2544 κόλπος·

517 2578 677 2641 dicit,
720 2577 830 2641 Qui
860 2584 936 2632 est
968 2578 1027 2631 in
1060 2579 1190 2631 sinu
1238 2576 1453 2637 Patris,
1512 2575 1822 2646 proprium
1853 2572 2147 2629 etconsut

2296 2570 2423 2623 ἀλλὰ
2455 2569 2546 2624 διὰ
2568 2580 2657 2624 τοῦ
2682 2573 2856 2639 εἰπεῖν,
2885 2572 2942 2625 Ὀ
2970 2575 3036 2625 ὡν
3065 2574 3134 2636 εἰς
3176 2579 3261 2625 τόν
3302 2574 3491 2626 κόλπον
3544 2582 3637 2627 τοῦ
3677 2577 3894 2646 ιιατρός,

518 2667 765 2723 tantiale
795 2666 919 2721 Filii
960 2665 1325 2737 signiﬁcavit.

2296 2682 2351 2713 το
2390 2667 2605 2731 γνήσιον
2658 2670 2745 2713 τοῦ
2800 2665 2925 2714 Tia!)
2977 2668 3065 2716 xui
3114 2665 3391 2735 όμοούσιον
3448 2669 3543 2717 καὶ
3598 2664 3894 2738 ἀχώριστον

2294 2771 2563 2822 εσηριανεν.

590 2844 785 2899 Potest
798 2859 1039 2916 quoque
1053 2850 1105 2899 et
1119 2842 1237 2898 alio
1254 2842 1434 2898 modo
1449 2841 1584 2906 dici,
1602 2841 1766 2913 quod
1782 2841 1994 2913 prioris
2011 2839 2174 2908 dicti,

2366 2848 2517 2893 Ἐστι
2567 2838 2625 2893 δὲ
2676 2846 2763 2893 καὶ
2814 2841 2992 2914 ἑτέρως
3052 2842 3230 2909 εἰπεῖν,
3295 2845 3375 2895 ὅτι
3423 2850 3515 2896 τοῦ
3574 2845 3738 2916 ῥητοῦ
3787 2840 3890 2913 (44)

523 2933 810 2997 videlicet,
831 2935 1006 2988 Deum
1028 2949 1187 2988 nemo
1213 2932 1357 2987 vidit
1388 2948 1668 3003 unquam,
1695 2931 2071 2987 conﬁrmatio
2090 2948 2151 2987 es

2293 2939 2383 2982 τον
2427 2930 2656 3001 λέγοντος
2710 2933 2790 2982 ὅτι
2845 2935 2974 2983 Θεὸν
3028 2928 3197 2992 οὐδεὶς
3249 2932 3442 3007 ἑώρακε
3495 2939 3727 2998 πώποτε,
3784 2930 3890 2982 ἐπι-

518 3022 577 3078 id
610 3023 773 3095 quod
808 3023 1090 3095 sequitur,
1134 3022 1479 3092 Unigenitus
1503 3020 1690 3075 Filius
1721 3021 1825 3092 qui
1849 3024 1929 3076 est
1962 3022 2022 3075 in
2048 3023 2148 3076 sint

2260 3019 2571 3081 ιϐεϐαίωσίς
2618 3019 2730 3071 ἐστι
2823 3024 2879 3072 τό
2929 3022 3096 3095 ἕτερον
3177 3023 3334 3095 ῥητόν
3420 3026 3478 3073 τὸ
3556 3026 3753 3096 φάσκον
3818 3023 3890 3072 ὅτι

516 3112 715 3168 Patris
770 3112 895 3180 ipse
940 3112 1269 3177 enarravit,
1318 3112 1431 3166 hoc
1472 3115 1577 3176 est,
1624 3110 1757 3182 Ipse
1788 3110 1987 3164 docuit
2014 3126 2146 3181 QUOI

2290 3108 2346 3159 Ὀ
2404 3113 2682 3180 μονογενὴς
2768 3112 2902 3176 Υἱός,
2985 3112 3009 3161 ό
3077 3112 3143 3161 ὢν
3222 3111 3289 3172 εἰς
3369 3114 3454 3164 τόν
3542 3112 3730 3164 κόλπον
3806 3114 3888 3160 τοῦ

517 3204 703 3257 Deum
729 3218 893 3257 nemo
928 3202 1075 3256 vidit
1109 3217 1371 3271 unquam
1408 3199 1555 3255 Nam
1589 3200 1662 3254 de
1692 3200 1805 3254 hoc
1833 3199 2007 3254 variis
2034 3198 2147 3254 loci

2295 3202 2515 3271 Πατρός,
2620 3197 2807 3261 ἐκεῖνος
2907 3198 3221 3270 ἐξηγήσατο,
3331 3205 3602 3253 τουτέστιν
3713 3199 3889 3257 ἐκεῖνος

518 3291 780 3346 Christus
803 3290 1033 3346 locutus
1073 3296 1179 3355 est,
1214 3290 1363 3344 sicut
1390 3290 1447 3343 in
1481 3290 1868 3361 sequentibus
1901 3288 2148 3343 manifes

2290 3284 2528 3349 ἐδίδαξεν
2608 3289 2683 3339 ὅτι
2755 3291 2881 3340 Θεόν
2953 3284 3127 3351 οὐδεὶς
3203 3290 3395 3363 ἑώρακε
3471 3296 3699 3343 πώποτε.
3776 3290 3888 3360 Περὶ

519 3385 642 3435 tum
659 3382 785 3435 erit.
808 3379 979 3434 Nulla
1002 3380 1195 3448 itaque
1228 3385 1497 3434 creatura
1515 3380 1698 3433 Deum
1721 3377 2029 3445 videt,non
2053 3394 2149 3432 ma

2290 3380 2474 3428 τούτου
2519 3380 2616 3449 γὰρ
2665 3374 2923 3451 διαφόρως
2993 3380 3017 3429 ό
3073 3383 3300 3452 Χριστός
3349 3376 3504 3443 εἶπεν,
3558 3383 3627 3440 ὡς
3685 3375 3888 3453 προϐαί-

516 3469 740 3525 tetialis
799 3474 1049 3533 tantum,
1106 3468 1207 3523 sed
1259 3474 1313 3523 et
1345 3466 1757 3523 immaterialis
1818 3484 1830 3520 :
1880 3466 2146 3539 Siquiden

2289 3485 2457 3527 νοντες
2513 3467 2817 3538 εὑρήσομεν.
2872 3464 3059 3528 Οὐδεὶς
3108 3464 3167 3520 δὲ
3215 3472 3439 3531 κτιστός,
3488 3468 3549 3520 οὐ
3601 3473 3751 3541 μόνον
3788 3465 3887 3516 ὑλι-

517 3559 661 3630 ipsis
687 3574 929 3630 quoque
978 3556 1468 3612 immaterialibus
1509 3556 1826 3611 virtutibus
1867 3553 2143 3610 invisibili

2290 3558 2397 3615 κός,
2448 3554 2553 3607 ἀλλ’
2598 3552 2721 3607 οὐδὲ
2765 3557 2955 3619 ἄυλος·
3015 3561 3102 3608 καὶ
3157 3558 3339 3618 αὐταῖς
3391 3561 3491 3630 γὰρ
3552 3566 3666 3619 ταῖς
3717 3554 3886 3613 ὰΰλαις

518 3654 604 3703 est
631 3649 782 3702 Deus
807 3648 868 3701 in
919 3664 1029 3703 sua
1062 3652 1297 3714 natura,
1331 3646 1463 3701 licet
1497 3651 1671 3717 prout
1703 3646 1812 3701 sibi
1839 3646 2146 3701 conceditu

2292 3642 2576 3716 δυνάμεσιν
2632 3637 2846 3719 ἀόρατός
2909 3644 3019 3697 ἐστι
3086 3649 3221 3698 κατὰ
3279 3649 3455 3719 φύσιν,
3517 3648 3763 3722 ὁρώσαις,
3829 3644 3888 3701 ὡς

519 3737 709 3791 Deum
747 3736 1001 3791 videant.

2292 3733 2491 3805 ἐφικτόν
2524 3734 2722 3793 αὐταῖς.

526 3846 531 3849 ·
592 3827 753 3881 Vers.
788 3827 875 3881 19.
939 3825 1013 3881 Et
1047 3857 1113 3867 —
1142 3826 1409 3884 Joannis.
1461 3829 1594 3889 Hoc,
1638 3824 1907 3898 inquam,
1954 3824 2026 3880 de
2058 3840 2156 3897 qu<

2366 3830 2464 3875 Kui
2522 3855 2589 3863 —
2646 3827 2908 3879 Ἰωάννου.
2982 3824 3146 3889 Αὕτη,
3199 3830 3316 3901 περὶ
3387 3826 3450 3888 ἧς
3516 3826 3675 3878 εἰπεῖν
3727 3821 3883 3896 με’λλει

520 3932 678 3971 nunc
710 3916 769 3970 in
815 3930 1134 3987 progressu
1165 3916 1428 3971 dicturus
1464 3920 1570 3972 est.

871 3930 1134 3984 rogressu
1165 3916 1428 3971 dicturus
1464 3920 1570 3972 est.
2290 3920 2501 3987 προῖὼν.

590 4007 753 4060 Vers.
806 4007 873 4060 19
938 4004 1181 4069 Quando
1212 4036 1279 4045 —-—
1300 4020 1355 4061 es
1382 4006 1409 4059 ?
1441 4005 1867 4060 Testimonium
1908 4004 2179 4059 videlicet

2359 4002 2482 4055 Ὀτε
2527 4035 2592 4044 —-
2644 4002 2716 4074 si;
2772 4003 2829 4056 Ἠ
2896 4008 3139 4077 γενομένη
3206 4000 3471 4071 δηλονότι,
3528 4006 3615 4058 ὅτε
3660 4002 3884 4055 ἀπέστει-

518 4095 725 4151 datum
749 4095 995 4167 quando
1011 4096 1302 4149 miserunt
1317 4094 1526 4159 Judaai,
1550 4100 1847 4150 etcastera.
1872 4094 2148 4165 Siquiden

2288 4094 2378 4145 λαν
2410 4094 2458 4145 οἰ
2488 4091 2760 4163 Ἰουδαῖοι,
2822 4099 2911 4146 xui
2955 4098 3021 4145 τὰ
3052 4094 3188 4157 ἑξῆς.
3238 4097 3303 4148 Οἱ
3346 4098 3446 4168 γὰρ
3498 4093 3763 4168 ἀρχιερεῖς
3803 4093 3883 4142 xui

518 4186 827 4258 pontiﬁces
854 4190 909 4239 et
966 4184 1303 4239 sacerdotes
1335 4184 1565 4255 populi,
1600 4200 1737 4239 cum
1791 4185 1947 4239 circa
1970 4183 2148 4238 Christ

2290 4183 2338 4235 οἰ
2398 4183 2741 4256 πρεσϐύτεροι
2808 4192 2899 4235 τοῦ
2955 4184 3102 4252 λαοῦ,
3176 4186 3550 4257 πυνθανόμενοι
3619 4186 3708 4257 μεν
3779 4180 3881 4251 (45)

520 4279 754 4346 partum
777 4274 1139 4330 admiranda
1162 4273 1466 4330 audissent
1494 4290 1507 4339 ;
1534 4277 1776 4345 sumpto
1800 4276 2086 4345 praeterea
2106 4273 2150 4327 de

2290 4277 2355 4325 τὰ
2402 4276 2537 4325 κατὰ
2564 4278 2710 4325 τόκον
2754 4282 2843 4325 τοῦ
2904 4282 3139 4347 Χριστοῦ
3195 4270 3493 4350 παράδοξα,
3555 4272 3792 4332 λαϐόντες
3830 4263 3883 4319 δὶ

519 4366 812 4437 sapientia
834 4381 902 4420 ac
943 4363 1259 4435 prudentia
1293 4363 1445 4418 illius
1476 4363 1904 4435 experimento,
1934 4363 2149 4435 quandi

2250 4368 2378 4415 »καὶ
2431 4370 2606 4437 πεῖραν
2657 4371 2750 4423 τῆς
2784 4368 3037 4425 συνέσεως
3068 4363 3247 4429 αὑτοῦ,
3309 4366 3392 4416 ὅτε
3446 4360 3777 4421 δωδεκαέτης
3821 4356 3880 4406 ὧν

516 4454 835 4509 duodecim
861 4468 1157 4508 annorum
1188 4452 1379 4507 factus
1398 4454 1693 4507 immistus
1715 4453 2146 4508 estdoctoribus

2294 4451 2530 4523 συνέμιξε
2560 4458 2662 4512 τοῖς
2706 4448 3073 4521 διδασκάλοις9
3125 4452 3322 4504 ἀκούων
3353 4457 3444 4504 καὶ
3485 4451 3745 4528 ἐπερωτῶν
3790 4444 3880 4497 αὖ·

518 4542 909 4598 audiensillos
926 4548 981 4596 et
1004 4542 1399 4610 interrogans,
1438 4541 1613 4596 veluti
1644 4541 1878 4613 scripsit
1906 4542 2148 4596 Lucas’0

2290 4546 2425 4605 τοὺς,
2460 4543 2573 4601 ὼςό
2611 4546 2811 4601 Λουκᾶς
2853 4543 3149 4615 ἱστόρησεν,
3186 4540 3547 4614 ἐθορυϐοῦντο,
3581 4545 3669 4593 xui
3712 4538 3879 4609 φθόνον

518 4630 1043 4701 obstupescebant,
1063 4630 1408 4701 invidiaque
1434 4630 1643 4699 agitari
1673 4636 1998 4702 cceperunt.
2032 4631 2148 4685 Cun

2289 4628 2491 4683 ὠδίνειν
2554 4635 2814 4703 ἧρχοντο’
2891 4632 3196 4703 θεασάμενοι
3275 4628 3333 4683 δὲ
3414 4634 3640 4683 καὶτὸν
3708 4625 3878 4679 Ἰωάνα

518 4726 716 4777 autem
770 4725 825 4774 et
866 4722 1155 4774 Joannem
1191 4724 1397 4789 postea
1454 4720 1639 4793 multa
1682 4736 1748 4773 ac
1783 4720 2077 4774 mirabilia
2104 4721 2138 4774 d

2288 4741 2377 4778 νην
2446 4722 2657 4795 ὕστερον
2729 4720 2891 4772 πολλά
2955 4727 3043 4772 καὶ
3115 4722 3315 4792 μεγάλα
3394 4726 3510 4794 περὶ
3582 4720 3733 4771 αὐτοῦ
3796 4710 3874 4760 λέ-

519 4810 651 4882 ipso
669 4808 745 4864 ad
769 4825 943 4863 suum
964 4808 1264 4877 baptisma
1285 4807 1707 4863 accedentibus
1733 4808 1951 4863 dixisse
1975 4809 2149 4863 audis

2286 4831 2445 4882 γοντα
2510 4814 2639 4882 πρός
2716 4815 2837 4871 τοὺς
2907 4810 3222 4886 ἐρχομένους
3296 4809 3378 4862 ἐπὶ
3462 4814 3520 4862 τό
3586 4807 3866 4883 βάπτισμα,

520 4904 671 4964 sent,
714 4898 1128 4954 intellexerunt
1156 4898 1312 4952 enim
1338 4898 1499 4968 quod
1526 4898 1665 4952 talia
1694 4898 1768 4953 de
1809 4897 1907 4954 illo
1938 4898 2150 4955 diceret

2291 4908 2517 4959 συνῆκαν
2592 4903 2692 4974 γὰρ
2757 4902 2837 4951 ὅτι
2905 4907 3018 4973 περὶ
3076 4901 3272 4952 ἐκείνου
3318 4903 3383 4951 τὰ
3457 4907 3668 4952 τοιαῦτα
3721 4890 3869 4958 λέγει,

520 4988 714 5061 magis
741 4988 954 5044 turbati
976 4992 1149 5043 sunt:
1177 4986 1498 5058 missisque
1527 4988 1605 5043 ab
1625 4987 2050 5059 Hierosolymis
2082 5005 2148 5045 sa

2287 4990 2475 5063 μᾶλλον
2545 4989 2940 5062 ἐταράχθησαν,
3009 4995 3098 5042 καὶ
3160 4988 3563 5051 ἀποστείλαντες
3616 4985 3666 5049 ἐξ
3734 4979 3877 5051 Ἱερο-

520 5078 858 5137 cerdotibus
914 5095 983 5133 ac
1028 5077 1217 5133 levitis
1265 5078 1385 5133 sive
1443 5078 1724 5133 ministris
1776 5077 2150 5149 interrogave

2290 5080 2523 5153 σολύμων
2602 5081 2749 5153 ἱερεῖς
2807 5085 2896 5132 καὶ
2952 5079 3172 5146 λευῖτας)
3224 5083 3339 5139 ἦτοι
3398 5075 3693 5143 διακόνους,
3766 5068 3881 5125 ἔπη·

594 5284 641 5321 ²⁶
679 5283 805 5339 Isa.‘
827 5300 898 5349 v1,
943 5284 993 5337 1.
1075 5285 1119 5319 ιτ
1148 5283 1348 5340 Ezech.
1379 5300 1436 5350 ι,
1471 5285 1553 5339 18.
1636 5285 1682 5320 ¹⁶
1716 5287 1859 5342 Dan.
1907 5302 1999 5355 vu,
2032 5289 2082 5341 9.
2164 5288 2210 5323 ιθ

1504 5285 1553 5339 8.
1636 5285 1682 5320 ¹⁶
1716 5287 1859 5342 Dan.
1907 5302 1999 5355 vu,
2032 5289 2082 5341 9.
2164 5288 2210 5323 ιθ
2257 5289 2401 5344 Osee
2433 5289 2606 5353 x,10.
2688 5290 2734 5323 ιο
2766 5287 2905 5344 Luc.
2950 5303 3008 5355 ιι,
3042 5288 3134 5343 46.

1741 5499 1966 5570 Variae
2007 5500 2332 5570 lectiones
2373 5512 2438 5570 et
2468 5512 2673 5570 notas.

599 5742 712 5825 (44)
737 5750 954 5819 Τούτου,
994 5765 1103 5821 pro
1131 5754 1220 5803 τοῦ
1252 5746 1320 5805 Α.

2310 5744 2423 5822 (45)
2467 5752 2567 5802 Καὶ
2598 5745 2923 5820 interponit
2949 5748 3016 5807 Α.
