4128 6398
189 384 316 438 H29

1217 378 1590 436 COMMENT.
1643 378 1710 434 ΙΝ
1748 378 2093 436 JOANNEM.
2133 413 2201 424 ——
2240 382 2400 442 CAP.
2454 386 2500 441 Ι.

3415 385 3552 440 1130

188 513 350 584 ρὼτων
400 505 579 571 αὑτὸν,
638 507 704 558 Σὺ
760 509 836 565 τίς
892 501 973 572 εἷς
1003 502 1108 576 οὐχ
1156 507 1226 564 ὡς
1277 503 1592 574 ἀγνοοῦντες·
1641 511 1780 558 πᾶσι

1915 511 2028 564 ιυηι
2052 523 2212 574 eum,
2246 509 2331 564 Tu
2352 508 2480 582 quis
2500 525 2556 567 es
2588 510 2757 567 inon
2789 512 3083 582 tanquam
3105 508 3166 565 id
3187 508 3554 579 ignorantes,

187 601 276 672 γὰρ
327 591 462 654 ἦσαν
509 600 747 669 γνώριμα
805 595 871 646 τά
921 612 974 646 τε
1011 595 1147 646 κατά
1192 598 1284 652 τὴν
1314 599 1554 666 γέννησιν
1595 593 1776 658 αὐτοῦ,

189 686 272 738 καὶ
314 687 379 738 τά
439 686 576 736 κατὰ
630 689 725 742 τὴν
784 687 1071 757 περιτομήν
1143 688 1230 735 καὶ
1299 683 1505 748 κλῆσιν,
1564 686 1634 744 ὡς
1691 687 1781 734 καὶ

188 777 338 846 λέγειν
391 775 646 835 ἅπαντας,
704 777 768 826 Τί
824 774 928 848 ἄρα
981 777 1039 825 τό
1105 771 1319 825 παιδίον
1369 782 1519 826 τοῦτο
1587 775 1778 839 forat;

187 864 335 918 Ἀλλά
399 864 673 924 κακοήθως
723 861 933 934 ἄγνοιαν
991 863 1376 936 ὑποκρίνονται,
1432 868 1521 915 καὶ
1586 863 1644 914 οὐ
1702 861 1779 913 λέ-

188 972 384 1026 γουσιν,
446 953 526 1004 ὅτι
581 955 673 1012 Τίς
717 949 779 1022 εἶ,
833 950 938 1002 ἀλλ’
989 953 1070 1003 ὃτι
1126 955 1191 1002 Σὺ
1245 955 1325 1012 τίς
1382 949 1464 1019 εἶ;
1517 949 1783 1024 ἐμφαίνον-

190 1063 285 1109 τες,
330 1044 418 1106 ὡς,
471 1045 532 1094 Ei
573 1041 762 1113 μείζων
819 1060 913 1094 σου
969 1039 1110 1094 ἐστὶν
1177 1042 1204 1092 ό
1255 1045 1396 1116 παρὰ
1451 1049 1546 1093 σοῦ
1593 1059 1784 1114 κηρυτ-

191 1138 406 1204 τόμενος,
437 1130 619 1183 λοιπόν
651 1134 715 1183 σὺ
747 1135 824 1190 τίς
854 1126 914 1201 εἷ,
957 1134 1082 1204 πρὸς
1122 1131 1174 1182 ὃν
1204 1132 1388 1191 πάντες
1437 1129 1787 1204 ἀνεπτερώθη-

191 1241 293 1294 μεν,
336 1225 424 1272 καὶ
460 1225 577 1294 περὶ
629 1216 688 1272 οὖ
738 1219 966 1291 μεγάλην
1015 1219 1275 1291 ὑπόληψιν
1325 1223 1551 1293 ἔσχομεν
1572 1224 1682 1287 καὶ,
1733 1220 1785 1270 ὃν

193 1309 529 1383 διαφερόντως
561 1307 917 1382 ἐσεϐάσθηριεν
951 1326 964 1376 ;

259 1400 526 1472 Ὠιὴθησαν
572 1401 674 1471 γὰρ
731 1396 963 1459 ἀνοήτως
1014 1400 1114 1465 ὅτι,
1170 1407 1262 1450 τοι)
1313 1398 1494 1450 λοιποῦ
1548 1417 1788 1474 περίφρο-

191 1491 406 1549 νηεῆναι
440 1483 598 1550 δόξας
648 1487 782 1560 (ni-6),
826 1485 1146 1562 ἀνθρώπινόν
1188 1507 1241 1539 τι
1291 1493 1528 1540 πείσεται
1567 1492 1656 1539 καὶ
1695 1487 1792 1538 αὗ-

191 1582 289 1643 τὸς,
337 1581 408 1638 ὡς
455 1577 746 1650 ἄνθρωπος,
798 1581 888 1628 καὶ
949 1577 1048 1629 ὑπὸ
1094 1573 1394 1648 φιλοδοξίας
1438 1576 1614 1629 ἑαυτὸν
1666 1584 1792 1652 Χρι-

195 1672 309 1720 στόν
366 1667 480 1737 (47)
539 1665 600 1718 ἀν
659 1669 814 1733 εἴποι,
861 1671 948 1719 καὶ
996 1665 1174 1718 λοιπὸν
1228 1669 1257 1724 ἡ
1305 1671 1422 1741 περὶ
1469 1674 1560 1718 τοῦ
1615 1666 1792 1723 Ἰησοῦ

196 1756 542 1815 σϐεσθήσεται
597 1760 767 1829 φήμη,
824 1755 940 1808 καθ’
987 1757 1048 1818 ἧς
1097 1758 1266 1808 πάντα
1323 1755 1789 1829 ἐπραγματεύοντο.

1893 611 2036 653 nam
2067 601 2296 654 cunctis
2321 604 2464 656 nota
2488 605 2656 656 erant
2680 615 2810 673 quze
2838 600 2996 656 circa
3038 599 3399 656 nativitatem
3430 603 3559 672 ejus

1892 686 2282 757 contigerant,
2304 704 2559 761 quaeque
2589 689 2649 745 in
2671 689 2798 760 ejus
2822 686 3272 744 circumcisione
3286 704 3356 745 ac
3369 689 3559 744 nomi-

1891 775 1986 831 nis
2017 776 2419 849 impositione,
2453 779 2536 834 ita
2567 781 2630 834 ut
2659 794 2872 834 omnes
2921 777 3185 833 dicerent
3218 793 3232 832 :
3281 779 3562 846 Quisnam

1893 879 2039 935 puer
2068 866 2165 923 hic
2189 867 2299 923 erit
2327 869 2373 902 ²¹
2397 869 2426 922 9
2447 867 2554 923 sed
2573 884 2694 940 prae
2711 867 3351 938 malitiaignorantiam
3381 868 3564 923 simu-

1893 953 2043 1012 lant.
2082 956 2201 1011 Nec
2239 956 2467 1022 dicunt,
2516 957 2658 1022 Quis
2689 973 2773 1023 es,
2807 957 2913 1012 sed
2969 960 3053 1012 Tu
3083 957 3212 1028 quis
3244 971 3299 1013 es
3354 955 3382 1011 ‘P
3414 972 3482 1011 ac
3510 955 3558 1011 si

1894 1043 2158 1115 qicerent
2186 1061 2200 1112 ;
2231 1046 2497 1117 Simajor
2523 1052 2577 1102 te
2602 1052 2882 1120 estquem
2902 1051 2962 1102 tu
2989 1046 3300 1118 praedicas,
3333 1051 3396 1101 tu
3417 1060 3560 1115 ergo

1896 1133 2032 1204 quis
2070 1134 2178 1188 es?
2207 1150 2344 1205 erga
2373 1151 2555 1206 quem
2608 1151 2976 1208 magnopere
3008 1133 3204 1190 affecti
3242 1151 3472 1200 sumus,
3506 1139 3563 1191 et

1897 1221 1971 1276 de
2002 1237 2123 1294 quo
2155 1223 2534 1293 magniﬁcam
2555 1223 2853 1280 habemus
2879 1223 3568 1297 Opinionem,quemque

1899 1311 2284 1368 vehementer
2331 1312 2601 1370 colimus.

1970 1401 2364 1475 Putabant(g)
2379 1403 2540 1459 enim
2554 1402 2912 1475 insipienter,
2935 1402 3101 1476 quod
3119 1403 3254 1460 licet
3267 1403 3327 1458 in
3340 1401 3568 1459 caeteris

1899 1489 2236 1561 vigilantius
2267 1493 2564 1549 excubare
2587 1493 2908 1562 videretur,
2943 1497 3208 1548 attamen
3227 1493 3568 1549 humanum

1901 1580 2198 1652 quiddam
2220 1588 2512 1654 tanquam
2530 1581 2714 1638 homo
2743 1583 3004 1650 sentiret,
3039 1597 3109 1639 ac
3135 1581 3339 1653 gloria:
3363 1595 3568 1638 amore

1903 1669 2150 1736 illectus,
2173 1670 2466 1727 Christum
2495 1687 2557 1727 se
2585 1687 2715 1727 esse
2755 1671 3162 1744 responderet,
3193 1673 3251 1727 et
3287 1671 3570 1743 deinceps

1905 1758 2096 1831 ipsius
2125 1759 2264 1816 Jesu
2293 1761 2452 1816 fama
2472 1761 2968 1832 exstingueretur,
3016 1761 3096 1816 ob
3127 1777 3314 1833 quam
3355 1775 3567 1816 omnes

195 1849 285 1900 Διά
319 1853 474 1899 τοῦτο
502 1847 601 1921 γὰρ
641 1850 732 1898 καὶ
776 1843 1079 1898 ἀπέστειλαν
1128 1846 1232 1917 οὐχ
1281 1845 1449 1906 ἁπλῶς
1479 1848 1641 1913 τινὰς,
1687 1844 1792 1896 ἀλλ’

1915 1847 2253 1904 oriebantur
2301 1849 2650 1905 anxietates.
2685 1853 2834 1906 Nam
2886 1855 2942 1906 et
2969 1849 3084 1906 hac
3123 1850 3197 1906 de
3244 1865 3429 1906 causa
3448 1863 3570 1904 non

196 1937 334 2012 ἱερεῖς
382 1940 472 1988 καὶ
532 1938 772 2000 Λευίτας,
803 1940 892 1987 καὶ
936 1938 1145 1996 τούτους
1193 1934 1244 1998 ἐξ
1292 1935 1678 2010 Ἰεροσολύμων,
1733 1937 1797 1996 ὡς

195 2024 602 2100 διαφορωτέρους
650 2034 749 2077 τῶν
798 2024 850 2088 ἐξ
888 2024 1095 2085 ἀπάσης
1126 2024 1303 2100 ἐτέρας
1341 2025 1530 2086 πόλεως
1581 2030 1668 2076 καὶ
1700 2044 1795 2077 πα·

192 2118 579 2191 νουργοτέρους.

263 2304 360 2352 Καὶ
385 2330 460 2338 -
487 2297 774 2370 ἠρνήσατο.
792 2293 1133 2366 Ὠμολόγήσε,
1155 2296 1248 2351 τὴν
1269 2291 1513 2351 ἀλήθειαν
1533 2289 1794 2359 δηλονότι,

194 2391 255 2450 ὡς
283 2387 478 2449 ἀληθής
503 2390 594 2438 καὶ
623 2383 856 2459 στερρός.

261 2483 356 2531 Καὶ
441 2506 511 2518 -
589 2478 840 2550 Χριστός.

193 2565 370 2641 ἀρετήν
431 2565 592 2618 αὐτοῦ
644 2562 890 2637 βεϐαιῶν,
942 2565 1022 2614 ὅτι
1067 2562 1126 2614 οὐ
1192 2566 1346 2635 μόνον
1394 2562 1488 2615 οὑκ
1545 2564 1700 2615 ἔπαθέ
1748 2582 1799 2615 τι

193 2654 488 2729 φιλόδοξον,
546 2651 663 2706 οὐδ’
721 2649 1023 2711 ἐπεπήδησε
1072 2660 1136 2724 τῇ
1187 2648 1313 2724 δόξῃ
1367 2660 1428 2724 τῇ
1483 2659 1796 2724 Δεσποτικῇ,

192 2746 312 2799 ἀλλά
371 2749 472 2798 καὶ
545 2739 831 2817 δεδομένην
901 2745 1044 2817 παρὰ
1099 2750 1198 2794 τῶν
1265 2741 1462 2794 πολλῶν
1515 2742 1574 2794 οὐ
1637 2761 1799 2815 προσ-

197 2841 371 2894 ήκατο.
428 2840 533 2890 Καὶ
581 2835 679 2907 ὅρα
722 2835 952 2890 σύνεσιν.
1004 2831 1114 2885 Οὐκ
1172 2827 1279 2884 εἶπε
1335 2835 1410 2891 τίς
1458 2829 1621 2902 ἐστιν,
1674 2833 1795 2905 ὅπερ

919 2475 989 2526 Τό
1058 2472 1184 2525 αὐτὸ
1265 2472 1419 2525 πάλιν
1483 2471 1636 2544 λέγει,
1704 2477 1798 2531 τὴν

193 2927 398 3000 ὕστερον
464 2923 728 2991 ἰποίησεν,
793 2921 923 2974 ἀλλὰ
999 2925 1130 2997 πρός
1188 2925 1280 2978 τὴν
1345 2919 1580 2973 διάνοιαν
1629 2921 1798 2973 αὐτῶν

196 3014 413 3083 ἀπιδων,
469 3014 565 3067 καί
614 3017 667 3066 τί
719 3011 999 3086 βούλονται
1050 3015 1229 3084 γνοὺς,
1281 3010 1465 3072 εὐθέως
1519 3010 1574 3063 ἐκ
1622 3030 1798 3087 προοι-

194 3111 316 3179 μίων
347 3105 562 3175 ἀνεῖλεν,
597 3105 719 3176 ὅπερ
761 3102 918 3155 εἰπεῖν
949 3101 1101 3154 αὐτόν
1144 3100 1385 3162 ἤλπιζον.
1428 3097 1551 3154 Εἶπε
1579 3105 1680 3175 γὰρ
1721 3103 1799 3153 ὃτι

196 3195 301 3247 Οὐκ
327 3196 436 3268 εἰμὶ
596 3194 622 3246 ὁ
649 3196 907 3268 Χριστός.

264 3291 366 3339 Καὶ
426 3316 495 3326 -
567 3283 696 3357 εἰμί.
762 3281 1142 3354 Ἀποτυχόντες
1199 3277 1307 3340 ἤδη
1376 3288 1469 3343 τῆς
1526 3289 1796 3353 μηχανῆς,

197 3372 440 3450 ἐφ’ἒτερον
505 3377 804 3448 τρέπονται,
878 3371 1173 3423 συσκιάσαι
1225 3373 1312 3422 τὸν
1373 3374 1566 3422 σκοπόν
1630 3371 1800 3424 αὐτῶν

194 3461 527 3538 βουλόμενοι,
589 3466 680 3514 καὶ
734 3461 968 3533 λέγουσι·
1040 3465 1104 3514 Τί
1155 3456 1292 3525 οὖν;
1356 3459 1534 3522 Ἠλίας
1591 3457 1639 3513 εἶ
1693 3465 1797 3530 at};

193 3553 272 3605 ἵνα
327 3549 563 3616 δόξωσιν
643 3549 812 3611 ἁπλῶς
867 3555 958 3602 καὶ
1033 3547 1350 3622 ἀπεριέργως
1426 3550 1637 3622 ἐρωτᾷν.
1701 3556 1800 3603 Καὶ

191 3645 285 3717 γὰρ
339 3637 685 3718 προσεδόκων
744 3639 883 3702 ἦξειν
935 3643 1026 3692 καὶ
1094 3642 1182 3691 τόν
1245 3639 1443 3691 Ἠλίαν.
1507 3644 1800 3715 Γέγραπται

190 3734 286 3801 γὰρ
369 3730 420 3783 ἐν
509 3739 582 3802 τῷ
661 3735 900 3802 προφήτῃ
970 3729 1243 3801 Μαλαχίᾳ⁶
1314 3728 1607 3781 Ἀποστελώ
1681 3731 1800 3801 ὑμῖν

192 3821 363 3874 Ἠλίαν
437 3824 530 3873 τὸν
603 3817 881 3887 Θεσϐίτήν,
942 3819 997 3881 ὃς
1065 3821 1496 3876 ἀπόκαταστήσει
1576 3815 1800 3892 καρδίαν

189 3915 384 3985 πατρός
427 3912 559 3984 πρὸς
587 3911 717 3963 υἱόν.
755 3907 914 3961 Πάλιν
954 3903 1040 3960 οὖν
1080 3907 1360 3981 ἐρωτῶσιν,
1403 3909 1485 3960 ἳνα
1516 3906 1802 3960 ἀνύποπτοι

189 4004 432 4071 γένωνται
441 4043 454 4055 .

254 4089 313 4142 Ὀ
375 4093 658 4164 προφήτης
712 4088 755 4140 εἰ
809 4089 874 4140 σύ
907 4104 920 4154 ;
959 4092 1048 4139 καὶ
1097 4086 1374 4160 ἀπεκρίθη,
1435 4091 1533 4140 Οὔ.
1595 4087 1670 4138 Οὐ
1726 4085 1803 4138 λέ-

189 4196 396 4247 γουσιν,
468 4181 554 4232 ὅτι
635 4181 914 4252 Προφήτης
975 4173 1022 4228 εἶ
1082 4178 1196 4243 ab;
1255 4173 1476 4249 ᾔδεισαν
1544 4178 1646 4251 γὰρ
1723 4178 1802 4228 ὅτι

188 4274 464 4340 προφήτης
540 4265 700 4320 ἐστιν·
777 4265 884 4318 ἀλλ’
950 4267 1030 4318 ὅτι
1104 4265 1162 4318 Ὀ
1221 4271 1493 4342 προφήτης
1570 4263 1614 4318 εἰ
1685 4269 1798 4335 au;

193 4351 403 4416 δηλαδή
451 4356 646 4419 ἐκεῖνος
687 4360 805 4430 περὶ
840 4355 899 4408 οὗ
930 4354 1122 4430 ἔγραψε
1156 4362 1403 4416 Μωύσῆς.
1434 4354 1673 4428 Ἔγραψε
1703 4359 1800 4430 γὰρ

189 4444 369 4508 αὐτοῖς
409 4449 497 4499 ὅτι
547 4450 826 4520 Προφήτην
871 4445 992 4516 ὑμῖν
1050 4443 1331 4503 ἀναστήσει
1384 4447 1573 4519 Κύριος
1612 4446 1636 4496 ό
1678 4447 1803 4504 Θεὸς

189 4531 244 4585 ἐκ
268 4544 373 4587 τῶν
405 4532 649 4607 ἀδελφῶν
679 4536 842 4608 ὑμῶν,
869 4536 934 4595 ὡς
964 4532 1068 4607 ἐμέ.
1102 4534 1272 4586 Αὐτοῦ
1303 4532 1610 4588 ἀκούσεσθε.
1640 4534 1803 4596 Οὗτος

190 4619 246 4676 δὲ
273 4621 337 4683 ἦν
366 4627 392 4678 ὁ
417 4628 676 4700 Χριστός.

258 4711 420 4767 Εἶπον
514 4745 583 4753 —-
665 4717 905 4788 προφήτῃ
917 4734 957 4775 ς.

186 4808 349 4857 πᾶσιν
435 4803 762 4879 ἀποκριθεὶς,
838 4811 928 4855 νῦν
996 4802 1133 4875 λέγει
1202 4807 1292 4856 καὶ
1352 4808 1433 4865 τίς
1499 4803 1657 4856 ἐστιν·
1724 4806 1805 4856 ὅτι

1047 4714 1383 4776 Ἀνεξικάκως
1450 4715 1629 4776 αὐτοῖς
1722 4712 1805 4766 ἐπὶ

257 4956 301 4992 ²¹
342 4958 508 5015 Joan
541 4972 577 5025 ι,
610 4957 678 5012 66
784 4955 831 4991 ³³
871 4953 1116 5012 Malach.
1151 4970 1213 5012 1v
1241 4955 1294 5023 4,
1321 4960 1375 5013 5.

1907 1937 2184 2007 vulgares
2209 1939 2457 2010 quosvis
2497 1943 2808 2009 miserunt,
2833 1939 2939 1994 sed
2985 1938 3326 1996 sacerdotes
3364 1941 3420 1994 et
3471 1940 3570 1992 Le-

1907 2029 2080 2098 vitas,
2113 2028 2295 2102 idque
2325 2045 2398 2084 ex
2430 2029 2858 2101 Hierosolymis
2881 2033 3078 2102 utpote
3127 2027 3572 2102 praestantiores

1908 2121 2087 2190 atque
2142 2117 2452 2174 astutiores
2503 2119 2732 2174 cunctis
2783 2119 2886 2192 qui
2924 2135 2998 2175 ex
3042 2118 3179 2175 aliis
3225 2121 3390 2175 erant
3437 2117 3573 2173 civi.

1911 2207 2150 2263 tatibus.

1978 2295 2148 2352 Vers.
2181 2299 2272 2352 20.
2299 2297 2378 2352 Et
2398 2296 2744 2367 —ncgavit.
2773 2295 3097 2356 Confessus
3134 2299 3242 2364 est,
3257 2297 3574 2356 veritatem

1906 2385 2125 2442 scilicet
2156 2402 2170 2452 ;
2205 2402 2346 2442 nam
2386 2401 2566 2442 verax
2597 2392 2722 2443 erat
2759 2401 2826 2442 ac
2855 2386 3103 2442 solidus.

1980 2474 2142 2531 Vers.
2174 2480 2260 2532 20.
2293 2476 2374 2532 Et
2402 2506 2471 2517 —
2500 2476 2794 2532 Christus.
2855 2476 3143 2533 Virtutem
3201 2476 3328 2547 ejus
3365 2475 3576 2532 conﬁr-

1909 2579 2104 2630 mans,
2153 2580 2395 2620 rursum
2426 2565 2584 2621 idem
2626 2565 2854 2637 repetit.
2905 2568 3106 2638 Neque
3159 2565 3320 2622 enim
3379 2564 3576 2620 solum

1907 2653 2253 2710 ambitionis
2283 2654 2532 2711 omnino
2567 2655 2716 2710 nihil
2741 2671 2961 2728 passus
2992 2659 3098 2720 est,
3155 2661 3259 2711 aut
3313 2654 3575 2710 Domini-

1908 2759 2041 2799 cam
2075 2759 2189 2799 non
2217 2743 2465 2816 arripuit
2489 2743 2758 2814 gloriam,
2788 2744 2896 2800 sed
2926 2760 3036 2800 nec
3050 2761 3183 2801 eam
3197 2759 3334 2816 quae
3355 2759 3392 2799 a
3422 2743 3575 2798 mul-

1908 2833 1978 2889 tis
2007 2832 2267 2889 dabatur
2290 2834 2568 2905 respexit.
2595 2836 2661 2889 Et
2685 2834 2818 2889 vide
2841 2833 3238 2905 prudentiam.
3265 2836 3392 2889 Non
3425 2832 3579 2888 dixit

1907 2922 2042 2996 quis
2072 2927 2227 2978 esset
2253 2923 2412 2994 quod
2438 2923 2829 2996 postmodum
2860 2923 3020 2989 fecit,
3052 2922 3178 2992 sed,
3211 2921 3290 2978 ad
3313 2927 3578 2977 mentem

1911 3028 2117 3068 eorum
2142 3011 2433 3068 accedens
2462 3028 2476 3079 ;
2509 3016 2566 3068 et
2585 3011 2734 3084 quid
2753 3011 3304 3083 velintagnoscens,
3328 3016 3482 3065 recte
3515 3010 3577 3064 id

1911 3117 1948 3157 a
1999 3101 2293 3173 principio
2351 3100 2609 3166 abstulit,
2660 3100 2824 3173 quod
2864 3099 3065 3173 ipsum
3119 3099 3448 3173 sperabant
3484 3113 3576 3154 re-

1833 3231 1872 3288 c
1910 3206 2289 3264 sponsurum.
2336 3191 2485 3246 Dixit
2513 3191 2693 3261 enim,
2736 3191 2870 3246 Non
2901 3206 3030 3246 sum
3060 3205 3155 3261 ego
3175 3189 3474 3248 Christus.

1981 3283 2142 3336 Vers.
2200 3281 2287 3335 21.
2330 3282 2407 3335 Et
2449 3311 2518 3320 —
2555 3295 2695 3335 sum.
2737 3281 2870 3336 Jam
2911 3286 3131 3335 conatu
3170 3277 3453 3342 frustrati,
3495 3275 3575 3333 ad

1910 3371 2074 3427 aliud
2098 3374 2532 3436 convertuntur,
2552 3369 2966 3441 intentumque
2989 3385 3168 3424 suum
3205 3367 3576 3423 obumbrare

1907 3460 2172 3516 volentes
2202 3461 2439 3516 dicunt:
2463 3459 2612 3527 Quid
2630 3474 2784 3530 ergo,
2812 3459 2970 3514 Etias
2983 3473 3040 3515 es
3063 3457 3164 3513 tu?
3179 3462 3240 3512 ut
3259 3456 3576 3512 videantur

1911 3550 2261 3622 simpliciter
2290 3565 2360 3606 ac
2389 3551 2514 3605 sine
2555 3549 2783 3606 malitia
2806 3549 3171 3619 interrogare
3210 3562 3224 3602 :
3271 3546 3577 3618 Siquidem

1909 3639 2337 3711 exspectabant
2387 3639 2564 3695 etiam
2626 3643 2940 3694 venturum
2986 3637 3196 3693 Eliam.
3273 3635 3575 3708 Scriptum

1911 3735 1996 3786 est
2019 3731 2179 3785 enim
2200 3729 2362 3801 apud
2386 3728 2739 3784 Malachiam
2762 3728 3143 3801 prophetam:
3161 3727 3397 3782 Mittam
3419 3725 3580 3781 vobis

1911 3819 2111 3875 Etiam
2134 3819 2461 3886 Thesbiten,
2483 3818 2586 3891 qui
2601 3823 2897 3875 convertet
2913 3818 3222 3887 corputris
3233 3815 3504 3885 adﬁtium
3523 3815 3572 3849 ²²

1912 3911 2168 3964 Rursum
2201 3923 2344 3978 ergo
2374 3912 2588 3978 rogant
2625 3922 2701 3964 ne
2747 3908 3004 3979 suspecti
3037 3905 3400 3964 habeantur.

1983 4089 2145 4142 Vers.
2169 4090 2251 4140 2t.
2286 4085 2363 4140 Es
2385 4090 2447 4140 tu
2468 4084 2573 4140 itte
2587 4083 2883 4153 propheta
2913 4084 2941 4138 ?
2965 4083 3038 4138 Et
3061 4081 3391 4152 respondit,
3413 4082 3577 4139 Non.

1913 4178 2038 4232 Non
2061 4175 2267 4231 dicunt
2298 4191 2311 4230 :
2337 4175 2484 4229 Estu
2501 4174 2794 4245 propheta
2819 4188 2989 4228 :nam
3014 4172 3280 4228 sciebant
3296 4187 3432 4227 eum
3449 4187 3580 4227 esse

1911 4265 2262 4337 prophetam
2290 4282 2304 4331 ;
2348 4263 2472 4328 sed,
2507 4266 2574 4318 Es
2595 4268 2656 4318 tu
2678 4261 2772 4317 ille
2799 4261 3090 4334 propheta
3121 4260 3194 4316 de
3208 4275 3329 4332 quo
3348 4260 3579 4332 scripsit

1913 4357 2100 4411 Moses
2111 4353 2260 4411 ?Scri
2269 4353 2386 4426 psit
2407 4352 2565 4408 enim
2581 4353 2664 4408 eis
2676 4351 3269 4419 dicens:Prophetam
3281 4349 3580 4406 suscitabit

1915 4445 2070 4501 vobis
2103 4444 2403 4508 Dominus,
2439 4445 2634 4514 ipsum
2660 4449 2724 4497 ut
2755 4457 2844 4498 me
2871 4441 3126 4498 audietis
3153 4441 3221 4492 ’³.
3251 4439 3351 4496 Ille
3379 4445 3580 4496 autem

1917 4539 2042 4591 erat
2088 4533 2377 4593 Christus.

1991 4713 2151 4767 Vers.
2171 4710 2259 4766 22.
2289 4711 2576 4767 Dixerunt
2611 4741 2660 4751 -
2688 4711 2855 4766 Vers.
2882 4714 2966 4766 23.
2991 4709 3309 4780 propheta.
3330 4710 3474 4764 Cum
3504 4709 3576 4764 ad

1913 4802 2124 4858 omnia
2150 4800 2439 4874 patienter
2455 4799 2884 4871 respondisset,
2906 4814 3067 4855 nunc
3084 4800 3264 4856 etiam
3279 4798 3420 4854 dicit
3447 4798 3582 4870 quis

1485 4957 1530 4991 ³³
1559 4958 1726 5012 Deut.
1751 4971 1908 5021 xvm,
1959 4955 2052 5010 15.

1412 5106 1640 5177 Variae
1666 5107 1991 5176 lectiones
2023 5116 2088 5174 et
2127 5114 2328 5174 notae.

259 5280 387 5353 (46),
413 5279 586 5343 Δόξαν
626 5284 688 5336 Δ.
744 5276 928 5337 Paulo
977 5282 1114 5336 ante
1169 5277 1332 5353 haud
1378 5277 1576 5353 dubie
1604 5280 1811 5353 vitiose

187 5349 420 5410 invenit
481 5353 999 5428 Περιφρουρήθῆναι.
1049 5351 1392 5409 Hentenius.
1467 5350 1582 5408 Sed
1637 5351 1810 5407 lectio

263 5529 353 5602 (g)
380 5528 716 5595 Putabant,
739 5532 848 5585 etc.
866 5527 1098 5602 Redde:
1123 5528 1320 5585 Stulte
1333 5529 1488 5585 enim
1503 5527 1810 5602 credebant

184 5600 308 5670 jam
327 5600 454 5658 cum
484 5601 1104 5674 contemnissevideret
1124 5602 1314 5669 ipsum
1329 5617 1551 5674 quoque
1566 5600 1811 5674 uthomi-

195 5688 347 5739 nem,
372 5672 621 5744 aliquid
634 5673 882 5730 humani
903 5687 1243 5742 passurum,
1271 5671 1364 5737 ac}
1383 5673 1434 5728 si
1454 5671 1809 5743 semetipsum

195 5761 290 5815 per
300 5744 708 5816 arrogantiam
719 5744 997 5800 Christum
1011 5744 1594 5811 renuntiasset,simul
1605 5750 1723 5801 ewst
1733 5744 1814 5797 in-

539 5841 781 5900 PATROL.
823 5843 908 5900 Gn
920 5887 935 5902 .
985 5842 1233 5901 CXXIX.

1925 5291 2199 5334 meorum
2230 5273 2420 5346 codd.
2440 5273 2632 5346 proba
2662 5278 2768 5330 est.

1996 5350 2110 5422 (4-7)
2142 5351 2372 5421 Χριστὸν
2403 5345 2582 5420 ἀνείπῃ
2627 5347 2692 5402 Β.

1924 5535 2080 5585 ctum
2108 5526 2190 5583 iri
2217 5527 2290 5584 de
2313 5528 2446 5584 Jesu
2473 5527 2698 5598 famam
2724 5531 2928 5581 contra
2956 5541 3076 5595 qua
3100 5549 3130 5576 η
3158 5526 3359 5582 omnia
3381 5527 3586 5598 molie-

1924 5601 2164 5656 bantur.
2201 5600 2402 5654 Malim
2454 5596 2592 5666 ergo
2650 5596 2860 5665 legere,
2923 5601 3010 5648 τὸν
3084 5601 3309 5669 Χριστὸν
3368 5597 3584 5650 ἀνειπὼν

1921 5671 2115 5725 λοῖπόν.
2178 5671 2548 5726 Constructio
2583 5669 2742 5723 enim
2793 5674 2896 5732 est,
2944 5670 3024 5720 ὅτι
3062 5673 3301 5721 πεὶσεται
3339 5675 3428 5721 καί
3458 5670 3586 5740 (ὅτι)

1927 5743 2301 5800 σϐεσθήσεται,

3197 5841 3265 5896 36
