4128 6388
505 373 644 432 1131

517 591 644 644 V0.1:
667 585 978 643 clamantis
1002 585 1065 640 in
1096 584 1317 639 deserto
1352 600 1364 634 :
1394 579 1647 650 Dirigite
1677 580 1831 635 viam
1864 578 2098 633 Domini
2123 582 2177 632 et

508 684 735 734 caetera.
779 678 898 731 Hoc
933 679 1134 729 autem
1168 671 1420 727 verbum
1455 669 1695 742 pulchre
1721 669 2038 740 exponitur
2065 672 2177 721 ter-

507 767 592 822 tio
615 766 787 838 juxta
813 765 1156 820 Matthaeum
1187 761 1397 832 capite.
1433 761 1635 824 Quaere
1667 757 1868 829 itaque
1898 755 1980 812 ibi
2004 771 2181 828 expo-

509 856 788 912 sitionem
827 853 1032 924 ipsius.

580 945 749 1001 Vers.
780 944 868 1000 25.
901 943 974 998 Et
1004 943 1113 1014 qui
1143 973 1212 981 -—
1261 938 1568 996 Phariswi.
1604 937 1972 1010 Significavit
1999 935 2178 990 etiam

507 1035 781 1108 ipsorum
837 1037 1084 1096 sectam,
1135 1033 1572 1102 repraesentans
1619 1026 1927 1098 obliquam
1971 1041 2179 1081 eorum

510 1123 915 1179 curiositatem
950 1163 964 1176 .

579 1213 737 1267 Vers.
763 1212 848 1266 25.
885 1212 958 1266 Et
1025 1212 1535 1280 interrogaverunt
1559 1237 1631 1246 —
1654 1207 1944 1274 propheta
1973 1202 2000 1257 ?
2033 1202 2181 1258 Cum

506 1302 787 1376 perﬁcere
818 1316 940 1355 non
968 1297 1302 1370 potuissent
1323 1294 1917 1368 quodintendebant,
1938 1308 2183 1348 accusa-

511 1393 670 1448 tione
703 1389 975 1445 nituntur
1000 1387 1156 1441 hunc
1187 1385 1502 1450 attrahere,
1555 1389 1616 1439 ut
1646 1383 1735 1438 vel
1770 1384 1978 1437 timore
2011 1396 2180 1450 coge-

509 1486 673 1537 retur
701 1478 897 1534 dicere
927 1477 1096 1549 quod
1147 1481 1294 1532 erat.
1332 1475 1592 1530 Rursum
1659 1478 1857 1529 autem
1893 1486 2180 1541 magnam

514 1571 890 1626 demonstrat
918 1565 1289 1637 equitatem.

585 1662 745 1714 Vers.
785 1659 872 1712 26.
933 1655 1256 1723 Respondit
1288 1685 1359 1694 —
1414 1651 1613 1709 nostis.
1687 1655 1766 1706 Eo
1821 1651 1978 1706 enim
2039 1655 2181 1706 tem-

510 1765 656 1822 pore
709 1747 967 1803 Christus
1011 1744 1320 1800 immixtus
1362 1750 1488 1800 erat
1518 1741 1783 1814 populo;
1833 1756 1973 1796 nam
2005 1739 2181 1811 quasi

510 1855 670 1895 unus
697 1855 726 1893 e
754 1837 931 1906 vulgo
957 1834 1230 1890 veniebat
1269 1832 1341 1888 ad
1373 1832 1768 1904 baptismum.
1793 1831 1957 1902 quod
1980 1830 2182 1884 divina
2212 1849 2254 1902 Β

511 1927 868 1984 revelatione
914 1922 1130 1980 Joanni
1161 1921 1522 1978 innotuerat.
1558 1921 1619 1975 ld
1647 1925 1846 1975 autem
1879 1919 2043 1991 quod
2075 1918 2180 1974 ad-

511 2017 615 2083 dit,
653 2015 830 2081 Quem
859 2030 959 2072 vos
988 2029 1106 2070 non
1161 2012 1364 2078 nostis,
1425 2011 1500 2066 de
1548 2009 1701 2065 iliius
1761 2007 2070 2064 divinitate
2099 2008 2186 2064 di-

516 2111 680 2162 ctum
719 2108 830 2161 est.

585 2195 748 2250 Vers.
782 2198 874 2250 27.
903 2195 1021 2262 Ipse
1050 2222 1119 2232 —
1166 2191 1312 2260 fuit.
1348 2190 1428 2245 De
1467 2205 1588 2261 quo
1633 2187 1906 2242 videlicet
1933 2185 2185 2242 verbum

513 2284 675 2342 istud
711 2283 1004 2340 dicebam.
1031 2285 1128 2338 Est
1148 2285 1350 2337 autem
1391 2279 1665 2350 superius
1693 2277 2084 2333 declaratum.

587 2377 747 2430 Vers.
812 2374 900 2427 27.
943 2373 1128 2442 Cujus
1174 2401 1245 2411 —
1302 2369 1704 2427 catceamenti.
1763 2366 2103 2424 Sublimiter
2131 2366 2188 2420 id

515 2465 681 2541 quod
712 2464 872 2521 estin
894 2463 1126 2519 Christo
1148 2458 1616 2532 incomparabile
1637 2458 1776 2512 hinc
1792 2458 2186 2512 demonstrat.

517 2557 723 2613 dicens
751 2571 764 2611 :
806 2553 1010 2626 Neque
1041 2552 1193 2607 inter
1221 2556 1554 2622 postremos
1585 2548 1714 2618 ejus
1741 2563 1947 2603 servos
1978 2563 2188 2601 nume-

516 2646 636 2703 rari
667 2659 912 2707 mereor,
937 2647 1181 2714 propter
1202 2637 1682 2709 magnitudinem
1714 2636 2106 2692 consideratis
2131 2635 2191 2691 in

518 2746 591 2787 eo
630 2730 978 2786 divinitatis.
1023 2728 1343 2784 Postremis
1377 2743 1636 2798 namque
1678 2725 1963 2781 ministris
1996 2722 2190 2795 aptari

523 2819 716 2876 solent
732 2818 1079 2891 hujusmodi
1107 2817 1454 2874 ministeria.

593 2911 798 2975 Quaere
852 2914 1051 2965 autem
1115 2907 1191 2963 ad
1245 2905 1601 2977 principium
1668 2903 1969 2975 Evangelii
2017 2905 2192 2975 juxta

522 3001 783 3054 Marcum
824 2997 963 3053 dicti
1000 2997 1154 3052 illius
1184 2995 1615 3067 expositionem
1644 3010 1765 3065 quo
1796 2993 2012 3049 dicitur
2071 3016 2083 3048 :
2113 2994 2189 3048 Et

517 3089 881 3160 pradicabat
908 3089 1105 3144 dicens
1138 3104 1152 3142 :
1183 3085 1338 3141 Venit
1369 3086 1417 3140 is
1442 3085 1573 3155 quis
1595 3099 1685 3140 me
1703 3083 1928 3152 fortior
1946 3089 2024 3139 est
2057 3088 2186 3150 post

521 3194 630 3243 me,
664 3179 831 3250 cujus
860 3194 980 3233 non
1003 3193 1132 3232 sum
1163 3175 1404 3231 idoneus
1442 3181 1505 3228 ut
1552 3173 1938 3244 procumbens
1962 3173 2188 3228 solvam

524 3268 839 3338 corrigiam
868 3268 1404 3323 calceamentorum
1434 3263 1646 3331 ipsius.
1677 3264 1744 3316 ιδ.

598 3359 755 3412 Vers.
775 3358 863 3412 28.
882 3357 1102 3412 Haec—
1117 3354 1438 3423 baptizans.
1456 3351 1872 3408 Emendatiora
1886 3350 2192 3421 exempla-

523 3448 635 3510 ria,
666 3447 727 3503 in
754 3445 1093 3503 Bethabara
1123 3443 1394 3499 scribunt
1421 3461 1435 3510 ;
1469 3458 1612 3497 nam
1635 3441 1920 3496 Bethania
1951 3457 2073 3496 non
2104 3445 2196 3495 est

523 3537 638 3592 sita
696 3541 858 3592 trans
901 3534 1229 3590 Jordanem
1268 3537 1372 3588 aut
1428 3532 1487 3586 in
1547 3531 1804 3600 deserto,
1838 3529 1941 3584 sed
2005 3546 2193 3600 prope

530 3624 958 3696 Hierosolyma.
994 3624 1368 3677 Demonstrat
1390 3625 1586 3676 autem
1610 3620 1831 3685 locum,
1867 3619 2194 3675 ostendens

525 3715 694 3786 quod
712 3713 915 3769 multis
947 3710 1608 3783 praesentibustoannes
1622 3725 1691 3764 ea
1708 3725 1845 3780 quas
1877 3708 1951 3764 de
1968 3709 2196 3764 Christo

527 3801 1095 3875 erantpreedicabat.
1119 3801 1488 3856 Omniavero
1525 3815 1662 3871 quae
1694 3798 1929 3853 interim
1966 3798 2195 3854 accide-

526 3891 1170 3964 runtpraatermittens:
1205 3893 1353 3962 puta
1373 3888 1683 3960 quomodo
1707 3888 2040 3960 baptizatus
2087 3893 2192 3953 est,

527 3981 839 4056 quomodo
867 3981 1095 4036 ccelitus
1141 3978 1371 4050 accepit
1427 3977 1856 4047 testimonium,
1897 3978 2199 4048 jejunium

527 4080 816 4146 praeterea
853 4070 1255 4143 quadraginta
1280 4069 1513 4123 dierum
1546 4068 1588 4122 it
1617 4067 1850 4122 deserto
1906 4083 1976 4122 ac
2017 4073 2201 4122 tenta-

531 4165 740 4230 tiones,
778 4169 1067 4236 tanquam
1086 4160 1164 4217 ab
1195 4159 1330 4216 aliis
1355 4160 1484 4229 jam
1508 4158 1889 4228 evangelistis
1918 4162 2160 4214 narrata
2184 4173 2198 4222 ;

527 4253 705 4311 refert
721 4253 1005 4324 deinceps
1037 4266 1172 4322 quae
1201 4253 1334 4321 post
1359 4248 1717 4304 descensum
1739 4247 1790 4318 ej
1804 4264 1869 4302 us
1899 4263 1936 4304 a
1964 4248 2202 4303 deserto

531 4344 932 4414 contigerunt,
960 4348 1016 4397 et
1045 4339 1124 4396 ab
1162 4339 1273 4395 illis
1302 4337 1501 4394 relicta
1540 4343 1697 4393 sunt.

1852 359 2200 418 EUTHYMII
2251 357 2588 416 ZlGABENl

505 501 601 556 sit.
635 498 764 568 Ego
797 495 1009 568 inquit,
1038 510 1170 550 sum
1201 492 1313 548 illa
1345 506 1461 548 vos:
1497 491 1570 546 de
1599 505 1716 561 qua
1757 488 2039 560 scriptum
2070 493 2172 543 est.
2208 488 2254 542 A

3764 351 3901 408 H32

2365 486 2494 556 Ἐγώ
2548 485 2674 557 εἰμι,
2707 488 2822 558 περὶ
2875 483 2936 534 οὗ
2987 484 3070 550 τὸ,
3125 485 3268 540 Φωνὴ
3305 479 3536 553 βοῶντος
3584 478 3632 530 ἐν
3674 485 3737 550 τῇ
3791 477 3904 552 ἰρή-

2290 597 2392 648 eo.»

2290 672 2452 718 Τοῦτο
2506 661 2564 716 δὲ

2469 575 2724 628 Εύθύνατε
2799 577 2892 632 τήν
2965 569 3087 625 ὁδόν
3169 576 3387 645 Κυρίου,
3464 575 3554 622 καὶ
3622 571 3687 620 τὰ
3764 567 3900 630 ἑξῆς.

2617 667 2675 716 τὸ
2728 664 2883 738 ῥητὸν
2923 664 3249 734 ήρμάνευται
3304 659 3468 720 καλῶς
3513 657 3561 711 ἐν
3623 667 3694 729 τῷ
3740 662 3902 731 τρίτῳ

2291 753 2548 824 κεφαλαίῳ
2582 761 2673 805 τού
2704 755 2840 804 κατὰ
2893 753 3188 805 Ματθαῶν·
3241 754 3332 802 καὶ
3379 749 3612 810 ζήτησον
3658 746 3761 800 ἐκεῖ
3808 751 3904 805 τὴν

2293 841 2544 913 ἐξήγησιν
2576 842 2755 894 αὐτοῦ.

2365 938 2465 986 Καὶ
2526 935 2574 985 οἱ
2650 965 2717 974 -
2793 937 3110 1006 Φαρισαίων.
3167 932 3565 1003 Ἐπεσημήνατο
3635 933 3725 982 καὶ
3807 932 3904 986 τήν

2291 1026 2490 1095 αἰρεσιν
2544 1023 2731 1089 αὐτῶν,
2791 1021 3046 1096 ἐμφαίνων
3095 1025 3153 1074 τό
3216 1026 3485 1095 περίεργον
3549 1021 3741 1072 τούτων
3813 1022 3906 1070 καὶ

2296 1113 2523 1167 σκολιόν.

2366 1207 2465 1254 Καὶ
2528 1203 2810 1276 ἠρώτησαν
2891 1233 2960 1241 -
3038 1206 3359 1276 προφήτης;
3435 1204 3522 1257 Μή
3599 1195 3909 1259 δυνηθέντες

2293 1291 2482 1344 ἀνύσαι
2541 1297 2598 1343 τό
2661 1288 3108 1363 σπουδαζόμενον,
3168 1290 3529 1365 ἐπιχειρούσιν
3613 1288 3909 1360 ἐγκλήματι

2291 1390 2472 1434 τουτον
2538 1381 2836 1450 ὑποϐαλεῖν,
2901 1384 2984 1433 ἱνα
3045 1379 3283 1453 φοϐηθεὶς
3340 1377 3644 1451 ἀναγκασθῇ
3724 1377 3906 1443 εἰπεῖν,

2292 1474 2414 1546 ὅπερ
2461 1472 2556 1525 ούκ
2606 1469 2688 1531 ἦν.
2733 1472 2790 1524 Ὀ
2833 1468 2892 1524 δε
2935 1471 3089 1524 πάλιν
3139 1467 3462 1523 ἐνδείκνυται
3505 1469 3697 1528 πολλήν
3752 1466 3911 1520 ἐπιεί-

2293 1582 2454 1616 κααν.

2367 1654 2652 1726 Ἀπεκρίθη
2702 1682 2769 1691 -
2820 1647 3019 1706 οἰδατε.
3052 1651 3150 1704 Ἤν
3198 1653 3300 1722 γὰρ
3365 1652 3390 1702 6
3432 1652 3661 1724 Χριστός
3717 1647 3912 1722 ἀναμε-

2295 1747 2543 1816 μιγμένος
2600 1746 2714 1794 τότε
2745 1751 2817 1812 τῷ
2845 1741 2973 1811 λαῷ.
3002 1741 3089 1803 Ὡς
3130 1738 3201 1801 εἷς
3225 1743 3325 1814 γὰρ
3357 1748 3454 1792 τῶν
3475 1738 3674 1792 πολλῶν
3709 1743 3914 1810 ἤρχετο

2296 1832 2382 1884 ἐπὶ
2431 1835 2489 1882 τό
2545 1829 2850 1903 βάπτισμα,
2883 1834 2973 1882 καὶ
3012 1828 3246 1900 ἐγνώσθη
3281 1837 3436 1881 τοῦτο
3470 1837 3542 1900 τῷ
3571 1828 3782 1900 Ἰωάννη
3819 1823 3918 1879 διὰ

2299 1924 2441 1983 θείας
2468 1919 2868 1991 ἀποκαλύψεως.
2897 1923 2966 1972 Τὸ
3018 1915 3098 1987 δὲ,
3125 1917 3218 1971 ΑΟν
3249 1919 3398 1992 ὑμεῖς
3428 1917 3523 1970 οὐκ
3553 1913 3753 1981 οἴδατε,
3791 1921 3916 1991 περὶ

2295 2019 2385 2072 τῆς
2417 2013 2654 2072 θεότητος
2684 2010 2844 2062 αὐτοῦ
2875 2017 3098 2084 εἴρηται.

2368 2189 2538 2251 Λύτός
2568 2221 2636 2229 --
2664 2193 2857 2260 γέγονε.
2900 2193 3025 2263 Περὶ
3051 2189 3112 2240 οὗ
3145 2184 3386 2246 δηλονότι
3418 2191 3504 2240 τόν
3534 2186 3684 2259 λόγον
3725 2194 3913 2240 τοῦτον

2298 2279 2486 2350 ἔλεγον.
2515 2279 2842 2354 Ἡρμηνεύθη
2879 2275 2936 2330 δὲ
2969 2278 3224 2351 ἀνωτέρω.

2372 2369 2450 2420 Οὖ
2504 2399 2572 2408 —
2617 2364 2980 2440 ὑποδήματος.
3049 2372 3119 2421 Τὸ
3176 2367 3293 2420 καθ’
3353 2369 3621 2441 ὑπεροχήν
3653 2365 3916 2440 ἀσύγκρι-

2300 2477 2386 2510 τον
2416 2467 2508 2510 τού
2562 2466 2797 2531 Χριστοῦ
2851 2454 3117 2509 δείκνυσιν
3167 2456 3417 2526 ἐντεῦθεν,
3451 2457 3610 2527 λέγων
3658 2458 3739 2509 ὅτι
3777 2452 3916 2508 Οὐδ’

2302 2548 2368 2608 εἰς
2416 2551 2537 2609 τούς
2577 2547 2838 2618 ἐσχάτους
2877 2547 3038 2599 αὑτοῦ
3094 2543 3317 2608 δούλους
3363 2548 3632 2618 ταχθῆναι
3683 2542 3921 2617 δύναμαι

2303 2635 2396 2691 διὰ
2456 2641 2514 2689 τὸ
2572 2639 2785 2708 μέγεθος
2846 2643 2942 2697 τῆς
2991 2638 3254 2709 ήνωμένης
3311 2636 3452 2706 αύτῷ
3501 2638 3764 2695 θεότητος.
3797 2643 3920 2696 Τοῖς

2299 2730 2400 2802 γὰρ
2452 2725 2706 2798 ἐσχάτοις
2750 2726 2970 2787 οἰκέταις
3002 2725 3373 2800 ἐπιτέτραπται
3425 2728 3454 2784 ή
3510 2728 3731 2784 τοιαύτη
3783 2727 3920 2783 ύπη-

2302 2822 2482 2891 ρεσία.

2374 2912 2617 2964 Ζήτησον
2670 2902 2729 2958 δὲ
2781 2911 2871 2958 καὶ
2924 2905 2972 2958 ἐν
3019 2910 3314 2980 προοίμίοις
3360 2912 3454 2957 τοῦ
3496 2907 3634 2959 κατὰ
3701 2907 3919 2980 Μάρκον

2303 2995 2618 3068 Εύαγγελίου
2700 2999 2792 3054 τήν
2874 2994 3122 3067 ἐξήγησιν
3179 3003 3290 3067 τοῦ,
3351 3001 3452 3048 Καὶ
3513 2994 3776 3070 ἐκήρυσσε
3840 2994 3919 3047 li-

2298 3104 2423 3155 γων·
2502 3083 2757 3157 Ἔρχεται
2811 3087 2836 3136 ό
2915 3085 3256 3159 ἰσχυρότερός
3293 3105 3394 3157 μου
3453 3085 3624 3138 ὀπίσω
3680 3103 3804 3157 μου,
3856 3085 3919 3136 οὗ

2300 3174 2394 3226 ούκ
2425 3175 2529 3246 εἰμὶ
2549 3177 2716 3235 ἱκανός
2737 3174 2910 3246 κύψας
2934 3175 3093 3227 λῦσαι
3113 3180 3198 3228 τὸν
3228 3175 3418 3247 ἱμάντα
3436 3183 3536 3228 τῶν
3553 3172 3917 3247 ὑποδημάτων

2304 3284 2487 3316 αυτου.

2373 3362 2552 3407 Ταῦτα
2609 3385 2671 3395 -
2739 3353 3035 3426 βαπτίζων,
3091 3358 3166 3408 Τὰ
3244 3354 3427 3428 ὁκριϐῆ
3490 3356 3601 3426 (48)
3647 3363 3748 3406 τῶν
3776 3353 3916 3406 ἀντι-

2303 3446 2513 3518 γράφων
2573 3442 2621 3496 ἐν
2677 3444 2961 3520 Βηθαϐαρᾶ
3019 3446 3332 3516 γράφουσιν.
3390 3443 3448 3496 Ἠ
3511 3447 3612 3518 γὰρ
3685 3445 3922 3501 Βηθανία

2305 3532 2362 3584 ού
2396 3537 2554 3607 πέραν
2585 3541 2676 3586 τού
2729 3531 3014 3608 Ἰορδάνου,
3065 3531 3183 3586 οὐδ’
3222 3532 3306 3586 ἔπι
3347 3541 3440 3594 τῆς
3496 3532 3690 3606 ἐρήμου
3749 3532 3915 3597 ἐστὶν,

2307 3620 2413 3674 ἀλλ’
2469 3621 2625 3694 ἐγγύς
2677 3643 2777 3675 που
2837 3631 2937 3674 τῶν
3011 3623 3399 3697 Ἰεροσολύμων.

2309 3708 2368 3764 δὲ
2423 3715 2508 3763 τὸν
2588 3718 2764 3783 τόπον,

3483 3623 3671 3681 Ἐπιση
3677 3627 3922 3695 μαίνεται

2850 3709 3096 3765 δεικνύων
3155 3715 3235 3766 ὅτι
3308 3713 3506 3766 πολλῶν
3572 3718 3840 3786 παρόντων
3894 3713 3922 3764 6

2309 3801 2549 3863 Ἰωάννης
2599 3800 2844 3875 ἐκήρυττε
2912 3806 2977 3854 τὰ
3033 3808 3278 3876 περὶτοῦ
3347 3811 3603 3877 Χριστοῦ.
3669 3803 3747 3855 Τά
3805 3803 3920 3874 (49)

2309 3891 2498 3964 μεταξύ
2555 3887 2614 3944 δὲ
2663 3894 2834 3944 πάντα
2883 3889 3270 3967 παραδραμὼν,
3329 3902 3438 3954 πῶς
3495 3912 3549 3945 τε
3602 3891 3922 3955 ἐϐαπτίσθη,

2311 3990 2414 4041 πῶς
2471 3986 2561 4033 καὶ
2600 3983 2790 4034 ἄνωθεν
2838 3980 3198 4056 ἐμαρτυρήθη,
3255 3988 3345 4035 καὶ
3400 3988 3493 4040 τήν
3544 3981 3592 4034 ἐν
3636 3990 3699 4055 τῇ
3745 3981 3922 4056 ἐρήμῳ

2309 4072 2862 4144 τεσσαρακονθήμερον
2928 4076 3189 4136 νηστείαν,
3249 4077 3338 4124 καὶ
3395 4076 3510 4132 τοὺς
3570 4071 3921 4147 πειρασμούς,

2310 4167 2418 4222 τοῖς
2451 4159 2625 4221 ἄλλοις
2657 4161 3053 4233 εύαγγελισταῖς
3084 4160 3473 4234 ἀπηγγελμένα,
3501 4164 3676 4214 λοιπὸν
3719 4157 3754 4213 δ
3761 4168 3925 4232 ιηγεῑ-

2310 4269 2400 4302 ται
2438 4252 2503 4301 τὰ
2533 4251 2664 4322 μετὰ
2691 4254 2786 4308 τήν
2818 4249 2920 4303 ἀπὸ
2960 4259 3054 4314 τῆς
3078 4250 3274 4324 ίρήμου
3296 4248 3524 4304 κάθοδον
3553 4250 3735 4318 αὐτοῦ,
3757 4269 3926 4326 παρα-

2309 4338 2611 4413 λελειμμένα
2648 4342 2874 4402 τούτοις.

602 4435 764 4489 Vers.
805 4434 895 4488 29.
925 4432 1161 4487 Postero
1208 4429 1298 4484 die
1328 4459 1396 4468 —
1420 4443 1501 4484 se.
1542 4428 1604 4481 In
1646 4427 1902 4482 crastino
1937 4432 2070 4498 post
2099 4426 2190 4482 de-

2382 4436 2454 4502 Τη
2517 4431 2760 4503 ἐπαύριον
2807 4461 2872 4472 --
2923 4430 3096 4484 αύτόν.
3130 4437 3203 4504 Τῇ
3239 4429 3504 4506 ἐπαύριον,
3535 4432 3668 4503 μετὰ
3696 4433 3791 4488 τήν
3823 4431 3925 4483 ἀπὸ

531 4537 811 4578 scensum
844 4520 972 4590 ejus
1003 4536 1038 4574 a
1063 4520 1292 4573 deserto
1325 4517 1546 4571 scilicet
1577 4533 1591 4582 ;
1627 4516 1825 4572 adhuc
1857 4517 2017 4572 enim
2047 4518 2202 4573 circa

531 4610 859 4665 Jordanem
898 4606 1286 4679 permanebat
1325 4607 1606 4660 Joannes.

606 4701 815 4765 Quaere
841 4702 1044 4753 autem
1073 4695 1234 4752 venit
1259 4695 1337 4750 ad
1365 4695 1556 4766 ipsum
1585 4693 1613 4748 ?
1639 4694 1790 4760 Quia
1811 4695 2200 4767 suspicaban-

535 4793 630 4847 tur
667 4787 920 4861 quidam
958 4787 1194 4844 venisse
1226 4790 1520 4857 tanquam
1582 4788 1959 4856 peccatorem
1989 4786 2066 4842 ad
2098 4785 2204 4843 ba-

607 4915 656 4951 ²⁴
691 4915 866 4971 Marc.
893 4913 934 4981 Ι,
977 4915 1031 4970 7.

2313 4526 2408 4579 τῆς
2472 4516 2667 4590 ἐρήμου
2716 4516 2943 4572 κάθοδον
2991 4519 3149 4572 αὐτοῦ
3201 4517 3470 4578 δηλονότι.
3509 4517 3628 4572 Ἐτι
3649 4521 3750 4594 γὰρ
3780 4520 3929 4594 παρὰ

2313 4611 2400 4659 τόν
2435 4604 2702 4680 Ἰορδάνην
2736 4605 2993 4682 διέτριϐεν
3025 4610 3049 4661 6
3083 4609 3343 4671 Ἰωάννης.

2390 4701 2490 4749 Καὶ
2541 4701 2679 4760 τίνος
2750 4698 2912 4751 ἕνεκεν
2987 4701 3171 4772 ἕρχετο
3243 4702 3376 4775 πρὸς
3430 4698 3626 4767 αύτόν;
3689 4695 3927 4772 Ἐπείπερ

2315 4787 2618 4841 ὑπώπτευόν
2662 4807 2796 4851 τινες
2851 4790 2933 4842 ὃτι
2986 4791 3058 4853 ὡς
3111 4787 3423 4864 ἁμαρτωλὸς
3479 4787 3764 4844 ἇϐαπτίσθη
3833 4789 3928 4838 καὶ

1735 5012 1960 5082 Variae
1997 5013 2330 5084 lectiones
2378 5024 2443 5083 et
2480 5024 2682 5084 notae.

616 5177 735 5257 (48)
761 5175 1002 5257 Codices
1028 5175 1407 5257 probatiores
1424 5191 1561 5230 cum
1592 5173 2024 5257 Chrysostpmo
2046 5192 2208 5233 nunc

539 5247 804 5332 appellat
835 5265 961 5330 eos,
987 5247 1090 5329 qui
1133 5251 1272 5302 sunt
1311 5252 1530 5329 temere
1561 5247 1789 5374 compti
1826 5247 1904 5302 ab
1931 5247 2204 5329 Origene.

537 5321 683 5376 Vide
714 5337 851 5391 quae
905 5321 1028 5375 d1x1
1069 5318 1146 5375 ad
1176 5319 1234 5374 h.
1270 5318 1307 5372 l.
1343 5335 1403 5373 1n
1435 5318 1672 5391 edit.7N.
1757 5325 1861 5374 est.
1913 5321 2208 5386 Quoniam

535 5394 658 5450 haec
695 5358 985 5448 gethania
1023 5394 1315 5463 nouerat
1340 5406 1523 5461 prOpe
1555 5358 2210 5463 Hierosolymasjprop‘:

537 5475 699 5520 terea
744 5467 1001 5520 Joannes
1041 5460 1292 5525 addidit,
1343 5460 1506 5533 πέραν
1568 5471 1660 5514 τού
1712 5461 1998 5533 Ἰορδάνου.
2047 5460 2208 5519 Teste

537 5513 699 5607 55.2.“
717 5513 1004 5607 όιῖξξὲἦὲζ
1035 5513 1353 5607 inausa.
1386 5513 1585 5588 etiam,
1610 5513 2208 5603 lem—thiathania:“At:

540 5603 654 5677 que
681 5607 761 5660 ita
789 5603 944 5662 hacd
972 5603 1457 5677 dubie_legerunt
1485 5621 1696 5661 omnes
1725 5613 1860 5661 ante
1897 5607 2210 5677 Origenem

541 5675 603 5758 et
650 5678 932 5758 prigenes
970 5679 1117 5758 ipse.
1154 5675 1376 5758 Eadem
1418 5677 1512 5755 hic
1558 5677 1728 5758 erisis
1763 5683 1886 5758 est,
1925 5675 2062 5748 quae
2103 5685 2210 5745 est,

545 5747 758 5800 Matth.
788 5764 843 5812 ν,
868 5751 956 5810 22,
992 5747 1051 5801 in
1075 5747 1377 5819 vocabulo
1409 5749 1542 5805 εἰκῆ.
1576 5750 1726 5803 Nam
1761 5748 1906 5804 illud
1928 5747 2213 5819 Origenes

557 5821 802 5891 propter
845 5834 1009 5874 suam
1052 5817 1414 5888 theologiam
1446 5820 1756 5886 moralem,
1795 5820 1908 5877 hoc
1979 5817 2222 5894 propter

2315 5195 2469 5232 suam
2490 5177 2902 5250 geographiam
2925 5177 3327 5236 correxit.Man
3347 5177 3512 5235 denke
3537 5176 3650 5233 sich
3666 5176 3817 5232 Κὸιη
3844 5193 3936 5232 am

2317 5250 2516 5307 Rhein.
2543 5267 2615 5304 an
2644 5250 2742 5305 der
2759 5250 2942 5307 Sorae.
2960 5268 3034 5305 an
3069 5250 3166 5306 der
3199 5250 3461 5307 Unstrut.
3500 5249 3683 5307 Wenn
3707 5249 3794 5304 ich
3817 5265 3936 5304 nun

2502 5291 2516 5315 ,
2543 5267 2615 5304 an
2644 5265 2742 5305 aer
2759 5265 2942 5318 sprae,
2960 5268 3034 5305 an
3069 5265 3166 5306 aer
3199 5265 3461 5307 unm-ut.
3507 5265 3683 5307 wenn
3707 5265 3794 5304 um
3817 5265 3938 5304 nun

2320 5328 2488 5394 sagte.
2521 5321 2671 5377 Κὸιη
2696 5339 2766 5377 an
2782 5321 2884 5394 der
2913 5321 3072 5389 Elbe,
3096 5321 3208 5377 und
3233 5322 3458 5394 jema-nd
3478 5322 3652 5382 wottte
3674 5321 3816 5394 inicit
3837 5337 3940 5377 aus

2322 5392 2613 5464 Bi‘isching,
2639 5396 2739 5448 mit
2760 5393 2874 5447 dem
2905 5394 3033 5448 doch
3059 5395 3146 5449 des
3168 5392 3422 5464 Origenes
3447 5394 3553 5449 alte
3590 5392 3940 5456 Weiber,von

2323 5465 2622 5545 ieelehener
2647 5465 2732 5545 die
2754 5466 3083 5545 Geographie
3101 5466 3326 5545 geternt,
3347 5466 3496 5545 nictet
3522 5464 3940 5545 sugergleichen

2321 5536 2463 5601 sind,
2486 5536 2832 5608 widerlegen,
2850 5535 3167 5608 iver‘wiir’de
3183 5537 3334 5592 nicht
3361 5536 3541 5592 tachen
3556 5538 3584 5590 .9
3609 5535 3732 5608 Una
3753 5552 3943 5608 waren

2323 5608 2486 5674 demi,
2521 5608 2658 5662 nach
2709 5606 2765 5661 eo
2811 5607 2990 5663 vielen
3021 5609 3426 5674 Zersté’rangen
3458 5609 3587 5664 noch
3616 5606 3722 5662 alte
3767 5607 3942 5662 kteine

2324 5680 2571 5754 Flecken,
2607 5679 2975 5754 als_0rigenes
3022 5680 3127 5754 au/
3155 5681 3242 5736 die
3283 5679 3693 5754 Wanderschaft
3726 5680 3884 5751 gieng
3914 5679 3942 5734 ?

2400 5752 2516 5822 (49)
2553 5755 2631 5804 Τὰ
2657 5751 2832 5808 abest
2856 5757 2918 5808 Α.
