4128 6410
208 443 348 500 1133

208 572 365 629 αυτὸς
420 564 492 625 εἰς
552 566 825 637 μετάνοιαν
888 564 1073 624 ἐπίσης
1141 572 1247 625 τοῖς
1293 564 1464 626 ἄλλοις

208 666 295 709 νῦν
325 656 439 727 (50)
465 656 596 729 πρὸς
624 657 710 704 τὸν
748 653 1007 719 Ἰωάννην,
1043 650 1225 713 διδοὺς
1245 653 1384 723 αὐτῷ
1417 652 1648 726 ἀφορμὴν
1676 649 1819 725 διορ-

212 746 489 799 θώσασθαι
526 747 619 800 τὴν
678 744 923 799 τοιαύτην
983 740 1213 813 ὑποψίαν
1246 739 1338 795 διὰ
1367 746 1662 816 μαρτυρίας
1690 740 1820 793 ἐντε-

210 835 477 907 λεστέρας.

286 928 387 976 Καὶ
426 953 495 962 —
543 929 701 978 Θεοῦ.
763 920 951 993 Ἀμνὸν
1005 921 1159 973 αὐτὸν
1202 925 1645 995 προσηγόρευσεν,
1700 918 1819 971 ἀναο

213 1018 524 1086 μιμνησκων
573 1011 758 1071 αὐτοὺς
808 1019 902 1071 τῆς
941 1030 995 1063 τε
1050 1018 1141 1062 τοῦ
1197 1016 1356 1083 νόμου
1396 1016 1564 1077 σκιᾶς,
1611 1014 1820 1069 καὶτῆς

212 1101 433 1155 Ἠσαίου
490 1104 824 1175 προφητείας,
888 1104 974 1151 καὶ
1044 1100 1203 1171 λέγων
1264 1119 1276 1132 ·
1341 1097 1479 1153 Ἰδοὺ
1520 1101 1544 1150 6
1607 1099 1816 1171 Ἀμνὸς,

216 1192 240 1243 6
299 1190 348 1243 ἐν
416 1198 487 1260 τῷ
556 1195 695 1262 νόμῳ
970 1193 1471 1263 σκιαγραφούμενος,
1558 1194 1648 1241 καὶ
1720 1190 1820 1240 ὑπὸ

211 1280 431 1334 Ἠσαίου
513 1280 624 1351 (52)
700 1279 1167 1351 καταγγελλομενος
1242 1296 1255 1310 °
1340 1276 1449 1331 εἶτα
1502 1279 1822 1351 προστίθησι

213 1374 391 1423 καὶτὸ
436 1366 725 1422 ἰδιαίτατον
774 1374 864 1421 καὶ
927 1368 1183 1443 ἐξαίρετον
1242 1368 1420 1433 αὐτοῦ,
1472 1369 1554 1419 ὅτι
1610 1369 1635 1418 ό
1678 1368 1823 1440 παρά

216 1466 340 1514 Θεοῦ
397 1460 647 1531 πεμφθεὶς
688 1459 762 1521 εἰς
810 1463 1016 1531 σφαγὴν
1070 1460 1196 1534 ὑπὲρ
1258 1463 1525 1531 σωτηρίας
1576 1466 1675 1509 τῶν
1734 1456 1821 1507 ἀν-

218 1552 455 1623 θρὼπων.

282 1637 348 1692 Ἦ
392 1640 418 1691 ὁ
457 1640 607 1705 θεῖος,
643 1634 737 1690 διὰ
766 1642 858 1696 τὴν
890 1636 939 1690 ἐν
969 1638 1109 1709 αὐτῷ
1152 1640 1389 1697 θεότητα.

280 1817 338 1869 Ὀ
370 1849 436 1858 --
468 1821 671 1889 κόσμου
720 1816 859 1887 (53).
902 1814 960 1868 Ὀ
1014 1819 1103 1887 μὲν
1141 1818 1243 1888 ’γὰρ
1306 1815 1465 1887 ἀμνὸς
1528 1823 1620 1866 τοῦ
1662 1818 1821 1886 νόμου

1426 436 1797 496 COMMENT.
1840 435 1910 491 IN
1948 437 2300 497 JOANNEM.
2343 472 2409 483 -—
2450 442 2606 498 CAP.
2651 442 2693 497 Ι.

3453 446 3588 501 1134

1532 579 1545 593 -
1603 566 1817 638 ἔρχεται
1847 564 1892 617 Α
1925 563 2214 633 ptismum
2240 564 2299 619 in
2320 564 2733 634 paenitentiam
2752 581 2918 621 more
2945 565 3220 622 aliorum.
3252 566 3419 623 Venit
3444 583 3587 637 ergo

1924 668 2083 706 nunc
2115 654 2191 708 ad
2219 655 2531 718 Joannem,
2588 660 2641 709 ut
2672 656 3053 711 occasionem
3101 656 3182 711 illi
3213 656 3381 712 daret
3411 658 3592 712 corri-

1924 741 2100 810 gendi
2115 742 2445 814 perfectiori
2460 743 2788 801 testimonio
2801 745 2902 816 huj
2916 746 3589 818 usmodisuspicionem.

1998 921 2164 977 Vers.
2192 924 2279 977 29.
2314 924 2385 977 Et
2412 954 2480 964 —
2502 924 2623 980 Dei.
2654 927 2892 995 Agnum
2918 926 3119 998 ipsum
3148 926 3486 998 appellavit,
3514 926 3591 981 ad

1929 1020 2283 1067 memoriam
2297 1016 2380 1068 eis
2396 1014 2704 1070 adducens
2720 1016 2965 1072 umbras
2990 1018 3202 1071 Veteris
3216 1016 3590 1081 Testamenti,

1929 1101 2177 1155 acIsaiie
2202 1104 2595 1173 pmphetiam.
2614 1105 2927 1177 Tanquam
2945 1106 3191 1161 diceret:
3226 1109 3366 1161 Ecce
3386 1113 3591 1175 Agnus

1930 1190 1988 1243 in
2021 1190 2146 1261 lege
2182 1192 2489 1261 ﬁguratus,
2523 1194 2680 1250 etab
2722 1196 2875 1250 Isaia
2916 1196 3325 1250 annuntiatus.
3369 1195 3591 1250 Deinde

1932 1279 2275 1335 additetiam
2303 1281 2355 1335 id
2383 1282 2547 1355 quod
2576 1285 2945 1355 praecipuum
2972 1293 3060 1339 est
3080 1285 3228 1355 ejus,
3260 1291 3403 1356 puta
3426 1283 3593 1356 quod

1933 1385 1968 1423 a
2002 1371 2118 1423 Deo
2160 1371 2381 1425 missus
2409 1373 2480 1426 sit
2535 1372 2613 1428 ad
2642 1373 3085 1429 immolandum
3118 1390 3225 1444 pro
3266 1374 3458 1429 salute
3490 1374 3595 1429 ho~

1934 1474 2188 1514 mtuum.

2005 1636 2107 1692 Vel
2136 1638 2258 1706 Dei,
2288 1639 2403 1694 hoc
2455 1644 2545 1694 est
2596 1639 2858 1706 divinus,
2909 1644 3151 1713 propter
3205 1657 3378 1697 suam
3410 1641 3595 1699 divini

1934 1729 2138 1782 tatem.

2005 1817 2166 1871 Vers.
2198 1818 2293 1874 29.
2335 1819 2447 1885 Qui
2476 1851 2539 1860 —
2570 1819 2793 1875 mundi.
2829 1824 3032 1889 Agnus
3079 1821 3375 1892 siquidem
3408 1822 3505 1892 qui
3534 1822 3595 1877 in

218 1911 459 1980 θυόμενος
489 1906 747 1979 ἁμαρτίαν
779 1906 889 1968 ἐνὸς
924 1908 1099 1976 γένους
1145 1906 1332 1981 ἀφῄρει
1369 1913 1461 1958 τοῦ
1514 1904 1824 1979 Ἰσραηλιτι-

1955 1920 2063 1974 ege
2094 1908 2564 1974 sacriﬁcabatur,
2598 1909 2777 1964 unius
2801 1909 3101 1964 Israelitici
3135 1910 3339 1981 populi
3367 1909 3594 1966 aufere-

214 2006 327 2066 κοῦ,
368 2000 441 2057 ὡς
466 2000 629 2058 τύπος
649 2002 739 2048 καὶ
770 2016 1134 2069 προχαραγμα
1162 2003 1251 2047 καὶ
1284 1998 1408 2048 σκιά
1433 2004 1521 2055 τῆς
1542 1995 1779 2055 ἀληθείας
1807 2012 1819 2023 ·

221 2084 333 2141 ὁδε
363 2087 553 2159 Ἀμνὸς
578 2094 670 2138 του
719 2094 852 2137 Θεοῦ
886 2088 1235 2157 σφαγιασθεὶς
1281 2091 1373 2143 τὴν
1420 2085 1679 2158 ἁμαρτίαν
1732 2092 1823 2135 τοὺ

220 2183 417 2250 κόσμου
447 2180 642 2237 παντὸς
691 2174 915 2247 ἀφαιρεῖ,
957 2180 1047 2227 καὶ
1077 2177 1309 2249 καθαίρει
1341 2180 1461 2235 τοὺς
1502 2174 1549 2226 ἐν
1592 2183 1664 2245 τῷ
1703 2178 1823 2226 κόσ-

221 2270 405 2340 μῳ,ὡς
442 2264 682 2324 ἀλήθεια.
744 2265 960 2325 Ἐκεῖνος
1009 2266 1098 2336 μεν
1148 2268 1249 2337 γὰρ
1305 2265 1511 2336 ἄλογος,
1559 2264 1709 2326 οὗτος
1766 2261 1824 2316 δὲ

219 2356 419 2428 λογικός
481 2376 494 2389 ³
571 2359 661 2406 καὶ
728 2354 786 2405 οὐ
876 2362 1030 2406 τουτο
1084 2360 1260 2427 μόνον,
1315 2353 1443 2406 ἀλλά
1510 2360 1600 2405 καὶ
1668 2357 1820 2415 θεῖος.

220 2444 506 2519 Ἀμαρτίας
537 2440 596 2497 δε
621 2449 725 2496 νόει
746 2448 816 2515 μὴ
851 2449 1003 2516 μονον
1034 2446 1128 2504 τὰς
1178 2444 1421 2515 ψυχικὰς
1472 2441 1718 2507 κηλῖδας,
1755 2445 1822 2495 ὧν

225 2534 469 2607 ἰλευθεροί
495 2538 614 2594 τοὺς
644 2537 735 2596 τὰς
761 2532 962 2594 ἐντολὰς
987 2534 1146 2585 αὐτοῦ
1170 2534 1547 2606 φυλάσσοντας,
1580 2534 1706 2585 ἀλλὰ
1735 2538 1823 2585 καὶ

225 2628 312 2687 τὰς
342 2626 655 2697 σωματικὰς
680 2622 994 2698 ἀρρωστίας,
1027 2624 1094 2674 ὧν
1122 2622 1436 2676 ἀπαλλάττει
1456 2628 1572 2684 τοὺς
1600 2625 1822 2696 κάμνον-

223 2733 322 2775 τας.

292 2804 458 2858 Εἰπὼν
531 2800 590 2856 6':
657 2804 736 2855 ὅτι
789 2802 849 2855 Ὀ
915 2806 1073 2877 α’ίρων
1139 2808 1226 2862 τὴν
1292 2804 1550 2877 ἁμαρτίαν
1602 2811 1692 2856 τοῦ
1732 2808 1825 2855 κό-

228 2914 374 2966 σμου,
407 2894 564 2946 ἔλυσε
616 2898 710 2951 τὴν
765 2898 1141 2965 προειρημένην
1181 2893 1425 2965 ὑποψίαν.
1482 2894 1540 2945 Ὀ
1596 2897 1697 2966 γὰρ
1731 2897 1824 2955 τὰς

227 2994 317 3036 τῶν
404 2984 573 3036 ἄλλων
641 2980 921 3054 ἀνθρώπων
1010 2988 1278 3057 ωμαρτίας
1364 2983 1594 3059 ἀφαιρῶν
1670 2981 1824 3042 εὔδη-

1412 3075 1522 3145 (54)
1581 3077 1715 3146 ἔχων
1767 3070 1826 3125 δὲ

228 3161 547 3238 ἀμαρτίας,]
590 3158 660 3214 δι’
695 3161 868 3236 ἑτέραν
920 3164 1127 3224 πάντως
1185 3163 1354 3215 αἰτίαν
1412 3160 1560 3222 ἦλθεν
1623 3163 1706 3215 ἐπὶ
1765 3168 1823 3215 τὸ

225 3073 301 3125 λον
374 3076 453 3126 ὃτι
547 3072 641 3124 οὐκ
725 3074 838 3142 ἔχει
895 3072 1152 3144 ἁμαρτίας
1235 3072 1327 3146 [μὴ

1933 1995 2035 2050 bat
2078 2004 2382 2066 peccatum
2432 2004 2721 2070 tanquam
2762 1999 2991 2068 ﬁgura,
3022 2000 3260 2068 signum
3296 2006 3352 2054 et
3382 2002 3597 2056 umbra

1933 2085 2213 2140 veritatis.
2243 2093 2449 2156 Agnus
2483 2094 2683 2143 autem
2715 2090 2807 2143 Dei
2834 2089 3198 2153 immolatus,
3224 2090 3400 2143 totius
3425 2106 3597 2145 mun-

1933 2175 1991 2228 di
2024 2176 2213 2231 aufert
2234 2185 2569 2249 peccatum,
2594 2185 2649 2233 et
2689 2184 2971 2250 tanquam
3006 2180 3244 2243 veritas,
3276 2196 3377 2234 eos
3402 2180 3507 2251 qui
3533 2181 3594 2235 in

1934 2266 2163 2320 mundo
2183 2266 2626 2338 suntpuriﬁcat.
2646 2268 2745 2322 Ille
2759 2268 3057 2340 siquidem
3072 2268 3429 2324 irrationalis
3448 2274 3591 2334 erat,

1932 2354 2025 2407 hic
2066 2371 2199 2410 vero
2236 2357 2541 2411 rationalis
2573 2375 2585 2411 :
2631 2371 2742 2411 nec
2769 2358 2966 2413 solum
2992 2357 3120 2424 hoc,
3165 2373 3374 2412 verum
3409 2360 3594 2414 etiam

1932 2443 2199 2502 divinus.
2242 2445 2489 2501 Peccata
2532 2453 2729 2501 autem
2770 2462 2892 2502 non
2935 2451 3166 2502 tantum
3210 2448 3427 2503 animae
3453 2446 3597 2502 dicit

1934 2535 2223 2599 maculas,
2241 2552 2274 2591 a
2300 2536 2521 2607 quibus
2540 2536 2708 2591 liberi
2726 2542 2879 2601 sunt,
2914 2537 3166 2608 quiejus
3190 2542 3428 2593 servant
3449 2553 3597 2608 pra:-

1934 2630 2102 2694 cepta
2136 2645 2148 2677 :
2186 2641 2390 2680 verum
2422 2626 2602 2682 etiam
2624 2641 2942 2697 corporeas
2974 2626 3373 2693 inﬁrmitates,
3400 2643 3436 2682 a
3465 2626 3594 2699 qui-

1934 2713 2048 2767 bus
2086 2719 2443 2783 azgrotantes
2504 2715 2737 2770 liberat.

2007 2804 2216 2858 Dicens
2235 2808 2467 2860 autem:
2505 2804 2612 2871 Qui
2634 2805 2791 2859 tollit
2812 2812 3117 2873 peccatum
3144 2806 3373 2871 mundi,
3420 2804 3599 2862 solvit

1935 2893 2282 2963 praedictam
2315 2894 2739 2964 suspicionem.
2786 2894 2926 2948 Nam
2966 2894 3067 2966 qui
3121 2894 3374 2949 aliorum
3407 2895 3598 2950 aufert

1938 2992 2179 3051 peccata
2204 2984 2587 3040 manifestum
2614 2990 2697 3039 est
2728 2983 2893 3055 quod
2926 2985 3051 3055 ipse
3079 2999 3201 3038 non
3223 2984 3441 3039 habeat
3464 3000 3599 3055 pec-

1936 3079 2065 3128 cata
2101 3091 2113 3139 ;
2147 3074 2249 3145 qui
2290 3080 2488 3129 autem
2536 3073 2793 3146 peccatis
2833 3089 2955 3129 non
3004 3078 3092 3129 est
3122 3074 3447 3139 obnoxius,
3477 3074 3597 3129 alia

1936 3164 2182 3219 omnino
2217 3181 2396 3219 causa
2416 3166 2573 3219 venit
2605 3164 2683 3218 ad
2710 3163 3096 3235 baptismum,
3116 3178 3301 3235 quam
3335 3162 3463 3235 ipse
3493 3166 3598 3220 Ba-

231 3250 528 3325 βάπτισμα,
596 3252 659 3310 ἣν
727 3252 886 3313 αὐτὸς
951 3254 976 3303 6
1036 3251 1338 3325 βαπτιστὴς
1395 3252 1501 3326 ἐρεῖ
1558 3256 1687 3327 μετὰ
1742 3274 1827 3325 μι-

1951 3256 2113 3326 ptista
2164 3254 2346 3326 paulo
2385 3260 2521 3326 post
2548 3253 2776 3309 referet.

227 3344 338 3413 κρόν

295 3430 447 3483 Πάλιν
476 3427 541 3483 δὲ
572 3430 689 3501 (56)
718 3429 856 3502 λέγει
900 3433 979 3497 τὸ,
1008 3434 1336 3504 Ἐμπροσθέν
1375 3452 1476 3505 μου
1505 3437 1699 3505 γέγονε,
1745 3437 1831 3485 καὶ

229 3524 305 3583 τὸ,
336 3525 552 3595 Πρῶτός
595 3539 695 3592 μου
726 3517 807 3587 ἧν,
842 3518 1207 3583 ἀνυποστόλως
1232 3522 1411 3574 ἑαυτὸν
1468 3526 1557 3595 μὲν
1590 3522 1833 3585 ἐξευτελί-

232 3608 323 3667 ξων
352 3613 419 3671 ὡς
453 3607 665 3676 δοῦλον,
725 3608 911 3662 ἇκείνον
962 3606 1022 3662 δε
1081 3609 1407 3684 ἀσυγκρίτως
1448 3612 1738 3688 ὑπερτιθεὶς
1768 3615 1833 3672 ὡς

234 3703 513 3757 Δεσπότην.

298 3787 447 3860 Κάγὼ
520 3788 614 3840 οὐκ
666 3785 813 3861 ᾔδειν
864 3788 1037 3844 αὐτὸν.
1095 3788 1207 3842 Ἵνα
1281 3795 1353 3863 μὴ
1408 3796 1694 3863 νομίσωσιν
1753 3795 1833 3843 ὄτι

232 3877 438 3931 ἔκπαλαι
488 3879 763 3951 γνωρίζων
814 3878 968 3930 αὐτὸν
1027 3888 1249 3931 τοιαῦτα
1300 3886 1417 3956 περὶ
1478 3882 1637 3933 αὐτοῦ
1704 3902 1833 3954 μαρ-

234 3975 382 4040 τυρεῖ,
442 3968 797 4042 χαριζόμενος
876 3971 939 4029 ὡς
1013 3978 1267 4041 συγγενεῖ,
1352 3976 1510 4042 φησὶν
1580 3973 1660 4022 ὅτι
1724 3972 1833 4023 Οὗκ

238 4052 501 4126 ἐγίνωσκον
553 4057 706 4109 αὐτὸν
758 4060 859 4130 πρὸ
916 4066 1007 4109 τοῦ
1061 4058 1221 4111 ἐλθεὶν
1270 4058 1353 4112 ἐπὶ
1391 4064 1478 4111 τὸν
1538 4056 1830 4135 Ἰορδάνην,

237 4143 315 4197 ἅτε
382 4150 468 4200 τὸν
532 4147 742 4199 ἅπαντα
814 4147 1111 4221 χρόνον’ἑν
1171 4156 1284 4211 ταὶς
1360 4150 1573 4223 ἐρήμοις
1628 4147 1834 4225 διατρί-

238 4230 347 4290 ϐων.

302 4329 398 4377 Καὶ
428 4331 526 4398 μήν
552 4324 777 4399 ἔμϐρυον
807 4326 895 4395 ὧν,
946 4326 1173 4402 ἔμϐρυον
1205 4332 1328 4381 ὄντα
1358 4337 1537 4382 τοῦτον
1582 4328 1833 4403 ἐγνώρισε

237 4416 319 4465 καὶ
355 4413 664 4489 ἐσκίρτησεν
708 4414 755 4466 ἐν
783 4413 1110 4487 ἀγαλλιάσει,
1142 4420 1213 4481 ὡς
1241 4420 1267 4471 6
1316 4425 1525 4481 Λουκᾶς
1549 4420 1771 4493 ἔγραψεν
1814 4439 1827 4452 ·

241 4498 338 4555 ἀλλ’
392 4507 450 4558 οὑ
506 4506 647 4559 κατὰ
698 4507 875 4578 φύσιν,
926 4508 1200 4583 ὑπερφυῶς
1252 4505 1312 4563 δε
1373 4510 1529 4564 αὐτὸν
1584 4509 1832 4583 ἐγνώρισε

305 4658 352 4692 ³⁵
391 4659 529 4716 Luc.
574 4676 613 4725 ι,
644 4659 738 4714 41.

2016 3437 2273 3490 Rursum
2323 3434 2464 3490 alibi
2520 3434 2679 3497 dicit,
2711 3433 2865 3489 Ante
2894 3448 2985 3489 me
3008 3434 3127 3501 fuit
3156 3455 3167 3497 ;
3201 3437 3275 3502 et,
3309 3433 3486 3488 Prior
3509 3450 3602 3490 me

1942 3530 2090 3588 erat,
2108 3540 2167 3577 se
2192 3524 2385 3595 ipsum
2412 3522 2702 3595 intrepide
2722 3529 3013 3593 tanquam
3034 3537 3268 3576 servum
3291 3521 3596 3593 dejiciens,

1943 3613 2112 3668 illum
2142 3618 2339 3667 autem
2368 3613 2542 3684 quasi
2585 3612 2902 3667 Dominum
2932 3610 3478 3683 incomparabiliter
3504 3627 3599 3667 ex-

1942 3702 2181 3758 toHens.

2015 3790 2183 3845 Vers.
2243 3792 2329 3844 31.
2363 3790 2439 3845 Et
2468 3806 2566 3859 ego
2618 3789 2944 3846 nesciebam
2970 3804 3121 3845 eum.
3169 3791 3252 3844 Ne
3326 3794 3606 3862 putarent

1944 3880 2107 3952 quod
2128 3879 2292 3934 illum
2319 3880 2445 3949 jam
2469 3880 2614 3933 olim
2647 3894 3013 3947 cognoscens
3062 3879 3205 3934 talia
3225 3878 3299 3933 de
3327 3896 3397 3934 eo
3429 3879 3605 3934 ferret

1946 3970 2297 4036 testimonia,
2326 3969 2574 4038 gratiam
2609 3969 2684 4021 illi
2712 3973 3003 4039 praestans
3024 3972 3314 4039 tanquam
3344 3973 3603 4037 cognato

1946 4059 2031 4115 ait
2065 4081 2076 4112 :
2103 4061 2223 4129 Ego
2249 4057 2608 4128 ignorabam
2630 4073 2768 4112 eum
2793 4056 3147 4128 priusquam
3180 4058 3256 4112 ad
3282 4059 3605 4114 Jordanem

1944 4151 2188 4216 veniret,
2214 4152 2419 4221 utpote
2450 4163 2686 4219 semper
2708 4147 2767 4201 in
2799 4147 3031 4203 deserto
3058 4152 3352 4203 versatus.

2014 4328 2191 4401 Atqui
2231 4344 2367 4384 cum
2421 4329 2617 4384 adhuc
2642 4328 2702 4383 in
2734 4327 2940 4383 matris
2979 4331 3130 4382 esset
3172 4329 3357 4388 utero,
3387 4339 3609 4395 cogno-

1943 4419 2021 4474 vit
2045 4434 2200 4483 eum,
2229 4424 2283 4474 et
2320 4434 2441 4490 prae
2469 4419 2691 4489 gaudio
2742 4418 3046 4482 exultavit,
3089 4414 3605 4488 quemadmodum

1944 4509 2178 4581 scripsit
2217 4511 2401 4564 Lucas
2448 4508 2517 4564 ³⁵.
2581 4510 2795 4588 γει-[ιω
2834 4507 2896 4563 id
2933 4521 3057 4563 non
3120 4505 3228 4562 fuit
3258 4504 3608 4562 naturaliter

1448 4760 1672 4829 Variae
1720 4759 2048 4829 lectiones
2088 4768 2154 4827 et
2193 4768 2396 4826 notae.

310 4895 416 4970 (50)
445 4904 555 4970 Νῦν
586 4898 755 4955 abest
780 4902 846 4955 Α.

307 4969 403 5035 (5t
446 4969 648 5026 Codex
677 4977 921 5044 uterque
949 4972 1009 5027 in
1038 4974 1330 5044 margine:
1355 4975 1439 5025 Ἐν
1460 4982 1576 5035 ταῖς
1604 4977 1832 5036 θυσίαις.

307 4973 551 5113 ¹(521816
605 5059 813 5098 rursus
864 5052 1112 5113 uterque
1168 5048 1227 5100 in
1282 5049 1553 5113 margine
1602 5048 1830 5104 habet:

311 5038 419 5113 (52)
451 5044 569 5117 Hic_
605 5038 1112 5117 rursus-uterque
1168 5038 1227 5100 in
1282 5049 1553 5115 margine
1602 5048 1830 5104 habet:

250 5104 411 5191 05:19:
427 5117 516 5191 ’ςᾲς
547 5113 807 5191 ἁμαρτίας
833 5116 985 5191 αἴρει.
1014 5104 1276 5191 Respicit
1303 5104 1571 5183 Isafuu,
1603 5124 1656 5173 7.

311 5182 420 5257 (5‘33)
440 5182 666 5242 Vers'us'
686 5202 830 5257 ergo
857 5182 1189 5244 tricesimus
1206 5189 1377 5245 abest
1397 5182 1578 5245 etiam
1609 5207 1643 5246 a
1675 5189 1841 5245 codi-

252 5263 308 5328 οε
329 5255 610 5334 Hentenii,
640 5258 720 5313 uti
751 5255 830 5314 ab
856 5265 1103 5330 utroque
1135 5261 1507 5334 _Mosquensi,
1538 5261 1651 5316 nisi
1674 5262 1839 5334 quod

252 5334 303 5401 ln_
323 5339 432 5381 uno
445 5328 660 5401 horum
679 5346 714 5385 a
735 5346 919 5387 manu
931 5328 1239 5388 recentiori
1257 5328 1657 5388 additusestin
1685 5328 1841 5388 inar-

257 5400 395 5475 Biye.
432 5400 543 5475 §ed
568 5401 776 5458 ultima
805 5418 944 5474 pars
973 5403 1151 5475 hujus
1179 5404 1407 5469 scholii,
1441 5420 1476 5461 a
1506 5404 1837 5469 vocabulis,

255 5464 389 5545 πάλιν
420 5466 477 5548 ϐξ
514 5470 651 5548 λέγει
696 5477 755 5548 τὸ
793 5464 844 5526 ἑ.
894 5495 945 5527 τ.
1006 5464 1072 5548 λί
1113 5477 1251 5531 satis
1299 5464 1576 5541 declarat,
1621 5464 1838 5548 Euthy;

260 5542 427 5619 filium
458 5542 587 5619 haec
616 5544 849 5619 legisse.
875 5546 1085 5602 Nescio
1116 5548 1452 5619 ergo,quod
1485 5564 1627 5603 casu
1654 5548 1714 5603 in
1746 5542 1841 5603 tri-

261 5604 352 5661 bus
381 5604 874 5688 codicibusvdesit.
912 5604 1225 5682 Quomodo
1250 5604 1345 5674 hic
1376 5636 1583 5674 versus
1610 5620 1841 5688 legatur

261 5681 403 5765 ξριιᾴ
432 5681 978 5765 Origenemmotavi
998 5689 1125 5765 jam
1149 5690 1371 5765 in_mea
1402 5681 1840 5765 N.Test,e‘ditio-

264 5754 617 5832 “e-_J_unc_tiin
649 5776 885 5815 versum
920 5754 1072 5816 30'et
1099 5762 1189 5827 31,
1217 5762 1420 5818 laudat
1469 5754 1626 5832 Orig.
1677 5768 1714 5818 t.
1746 5762 1835 5828 IV,

266 5832 311 5900 ἒ.
348 5825 428 5876 24.
464 5828 862 5900 Chrysostomi
894 5825 1201 5888 varietates
1253 5835 1432 5889 etiam
1466 5832 1499 5888 l.
1550 5825 1601 5889 ΙΪ
1617 5825 1837 5890 notavi.

267 5888 356 5946 Per
383 5888 635 5957 errorem
665 5908 866 5961 autem
899 5888 1842 5980 Chrysost.t.VIII,p.73,§.verba

1867 4905 1909 4957 D
1949 4908 2115 4976 ὀπίσω
2141 4922 2240 4976 μου
2272 4904 2485 4976 ἔρχεται
2528 4900 2677 4976 ἀνὴρ,
2733 4901 3004 4976 Matthaeo
3050 4899 3265 4976 tribuit,

3308 4916 3438 4971 quae
3478 4900 3608 4956 nul-

1948 4975 2046 5030 libi
2078 4971 2242 5046 apud
2273 4971 2939 5046 litatthteum'leguntur.
2978 4972 3228 5046 Cyrillus
3262 4971 3605 5027 Alexandri-

1948 5063 2063 5101 nus
2096 5044 2164 5101 e'o
2214 5046 2447 5109 inloco,
2507 5044 2610 5100 ubi
2667 5045 2829 5098 hunc
2879 5060 3117 5099 versum
3168 5044 3600 5114 interpretatur,

1948 5118 2093 5173 nihil
2130 5122 2323 5172 mutat
2356 5122 2562 5189 przeter
2583 5116 2714 5178 hoc,
2744 5116 3059 5189 quod_‘§7cb,
3093 5121 3226 5189 post
3252 5114 3333 5189 οὗ,
3367 5114 3604 5189 omittit.

1946 5190 2111 5245 Idem
2144 5190 2302 5244 hunc
2334 5186 2573 5243 versum
2605 5186 2829 5257 repetit,
2854 5186 2976 5253 t.V,
3008 5193 3159 5257 part.
3194 5188 3246 5251 2,
3274 5188 3357 5241 “in
3398 5186 3608 5257 episto-

1948 5261 2019 5315 lis
2062 5277 2120 5332 p.
2158 5261 2277 5332 186,
2336 5266 2391 5315 et
2428 5260 2502 5315 de
2542 5264 2703 5314 recta
2751 5258 2887 5332 ﬁde,
2948 5274 3004 5332 p.
3042 5258 3142 5311 113
3193 5257 3395 5332 D,_u_bi
3427 5258 3607 5313 etiam

1947 5328 2090 5387 data
2120 5328 2303 5403 opera
2340 5331 2996 5403 Evangelium‘Joannis
3022 5334 3252 5383 tractat.
3279 5328 3379 5383 Hic
3408 5334 3609 5385 servat

1948 5404 2095 5459 illud
2126 5400 2249 5474 ἐγώ.
2268 5404 2545 5457 Consistit
2576 5418 2717 5471 ergo
2735 5400 2831 5474 hic
2859 5416 3082 5466 versus,
3107 5407 3609 5457 cumceeterorum

1948 5474 2125 5532 codd.
2158 5473 2498 5529 Graecorum
2531 5473 2901 5537 auctoritate,
2947 5477 3073 5528 tum
3106 5487 3245 5526 vero
3271 5473 3451 5527 etiam
3485 5488 3610 5528 ver-

1949 5547 2190 5601 sionum
2251 5552 2307 5601 et
2342 5546 2578 5601 Patrum
2615 5560 2926 5599 consensu.

2046 5618 2133 5673 54)
2168 5617 2406 5672 Inclusa
2448 5618 2669 5671 absunt
2698 5621 2763 5669 Α.

2046 5621 2110 5673 54
2168 5618 2406 5672 Inclusa
2448 5618 2669 5671 absunt
2698 5621 2763 5669 Α.

2177 5692 2323 5741 Μετὰ
2371 5694 2549 5761 μικρὸν
2582 5707 2635 5761 τε
2669 5688 2817 5761 πάλιν
2881 5686 3013 5761 λέγει

2020 5758 2134 5831 (56)
2162 5758 2483 5815 Hentenius
2519 5761 2574 5814 l1.
2610 5758 2990 5831 Linculcavit,
3021 5758 3186 5813 alibi.
3231 5758 3343 5831 Sed
3373 5758 3605 5829 ἀλλαχοῦ

1948 5828 2155 5889 neuter
2196 5848 2466 5888 meorum
2496 5831 2699 5887 habet.
2732 5830 2899 5886 Forte
2938 5836 3133 5887 autem
3164 5828 3421 5886 volebat.

2115 5618 2134 5831 ἒ
