4128 6382
509 395 651 451 1135

1863 386 2209 443 EUTHYMII
2248 385 2576 442 ZIGABENI

3767 385 3908 440 1136

507 519 613 577 sed
628 517 1158 592 supernaturaliter
1173 519 1307 572 tunc
1319 531 1456 571 eum
1472 515 1770 586 cognovit,
1788 518 1842 570 et
1855 529 1976 586 quo
1993 511 2169 568 modo

2286 531 2420 577 τοτε,
2463 518 2552 565 καὶ
2609 514 2678 574 ὡς
2744 508 2920 573 οὐδεὶς
2989 519 3089 563 τῶν
3165 512 3368 563 πάντων
3438 509 3738 585 ἀνθρώπων.
3797 519 3906 564 Νῦν

506 610 710 665 nullus
729 608 976 664 omnino
994 607 1308 662 hominum
1333 606 1631 675 cognovit.
1664 608 1830 661 Nunc
1853 608 2054 658 autem
2079 601 2175 658 tri-

505 699 646 771 plici
672 697 1010 769 cognitione
1037 695 1321 766 cognovit
1348 712 1361 750 :
1391 699 1537 767 puta
1567 711 1672 767 per
1703 694 1916 758 visum,
1941 707 2047 764 per
2073 708 2175 747 au-

505 787 718 854 ditum,
739 803 966 859 perque
985 784 1399 858 propheticam
1420 784 1709 848 notitiam,
1732 799 1990 856 quarum
2013 780 2175 835 nulla

505 875 808 932 Christum
823 873 1248 945 cognoscebat,
1270 875 1622 944 priusquam
1645 872 1719 928 ad
1738 872 2066 928 Jordanem
2084 885 2173 924 ve-

504 966 678 1035 niret,
697 965 914 1020 deinde
927 969 1124 1020 autem
1145 962 1354 1034 triplici
1377 963 1491 1018 hoc
1515 963 1698 1018 modo
1717 963 2169 1032 cognoviteum.

503 1054 810 1127 Siquidem
846 1052 1195 1126 prophetiae
1223 1052 1275 1107 ei
1303 1051 1567 1108 revelata
1597 1057 1736 1107 sunt
1763 1067 1900 1122 quae
1933 1050 2008 1105 de
2040 1050 2171 1120 ipso

501 1148 672 1200 erant
699 1162 710 1198 :
737 1143 869 1198 ideo
893 1147 951 1198 et
973 1142 1125 1198 dixit
1153 1156 1165 1196 :
1199 1142 1315 1208 Qui
1336 1147 1466 1210 post
1493 1157 1583 1197 me
1606 1144 1885 1197 venturus
1911 1145 2014 1205 est,
2040 1145 2172 1194 ante

501 1247 592 1290 me
612 1233 754 1302 fuit.
788 1232 944 1288 Vidit
973 1247 1218 1302 quoque
1252 1247 1390 1286 eum
1434 1246 1448 1296 ;
1481 1230 1649 1285 illum
1681 1245 1944 1301 namque
1974 1227 2171 1300 prohi-

500 1322 678 1378 bebat
707 1321 916 1377 dicens
946 1343 958 1374 :
994 1321 1115 1391 Ego
1146 1335 1184 1376 a
1214 1325 1269 1375 te
1290 1321 1466 1376 debeo
1491 1318 1795 1390 baptizari,
1842 1323 1982 1375 etut
2007 1317 2168 1373 venis

500 1413 578 1467 ad
599 1427 688 1467 me
709 1415 754 1446 ³⁵
774 1409 798 1463 ?
815 1411 1054 1466 Audivit
1072 1416 1357 1481 praeterea
1377 1425 1589 1465 vocem
1612 1410 1684 1463 de
1713 1409 1812 1465 illo
1831 1408 2127 1464 dicentem
2152 1428 2163 1460 :

501 1501 621 1557 Hic
647 1506 731 1558 est
761 1501 956 1556 Filius
987 1514 1137 1556 meus
1167 1498 1412 1554 dilectus
1443 1501 1506 1555 in
1533 1515 1647 1570 quo
1678 1500 1828 1555 mihi
1858 1496 2169 1567 complaci-

501 1597 624 1646 tum
656 1597 760 1656 est,
790 1589 939 1645 sicut
965 1588 1066 1644 alii
1097 1588 1471 1660 evangelistae
1505 1589 1840 1644 docuerunt
1880 1589 1949 1642 ³⁷.

573 1681 737 1736 Vers.
794 1684 884 1736 3t.
942 1679 1062 1736 Sed
1108 1710 1177 1718 —
1225 1678 1539 1748 baptizans.
1597 1682 1743 1734 Ecce
1801 1678 1947 1734 dixit
1985 1677 2168 1732 etiam

501 1786 771 1838 causam,
805 1769 886 1826 ob
928 1785 1117 1842 quam
1163 1769 1325 1824 venit
1376 1774 1432 1825 et
1486 1769 1612 1841 ipse
1645 1776 1705 1823 ut
1735 1768 2080 1841 baptizaret,
2113 1771 2168 1822 et

2290 599 2370 664 δὲ,
2413 610 2568 676 τριῶν
2619 603 2789 654 ούσῶν
2819 607 3078 673 γνώσεων,
3120 609 3210 662 τῆς
3246 598 3318 653 δι’
3351 601 3531 672 ὅψεως,
3587 607 3676 653 καὶ
3704 610 3798 663 τῆς
3832 599 3910 654 δι’

2288 690 2468 757 ἀκοῆς,
2522 697 2609 743 καὶ
2664 701 2756 753 τῆς
2830 699 3182 765 προφητικῆς,
3252 691 3367 742 κατ’
3430 687 3683 762 ούδεμίαν
3734 692 3907 743 αὐτων

2286 779 2533 850 ἐγίνωσκε
2561 784 2646 833 τὸν
2697 785 2947 856 Χριστὸν,
2983 786 3083 856 πρὸ
3133 788 3224 832 τοῦ
3282 781 3441 832 ἐλθεῖν
3493 779 3576 833 ἐπὶ
3624 784 3710 832 τὸν
3774 783 3907 854 Ἰορ-

2286 867 2468 928 δάνην·
2529 876 2644 923 τότε
2709 867 2767 923 δὲ
2820 869 3000 922 λοιπὸν
3057 874 3147 922 καὶ
3193 872 3329 922 κατὰ
3417 873 3509 930 τὰς
3584 878 3719 944 τρεῖς
3774 873 3906 942 ἔγνω

2283 959 2457 1012 αὐτόν.
2513 964 2613 1012 Καὶ
2662 964 2763 1034 γαρ
2826 958 3162 1032 ἀπεκαλύφθη
3240 979 3294 1012 τε
3374 959 3514 1030 αύτῷ
3569 969 3908 1034 προφητικῶς

2858 1047 2944 1102 διὸ
3020 1055 3109 1101 καὶ
3194 1049 3380 1120 ἔλεγεν,
3441 1049 3498 1100 Ὀ
3552 1048 3722 1101 ὀπίσω
3801 1069 3905 1115 μου

3448 1143 3549 1191 Καὶ
3602 1134 3738 1190 εἶδεν
3814 1138 3907 1190 αύ-

2283 1051 2348 1100 τα
2399 1054 2518 1122 περὶ
2572 1049 2732 1102 αὑτοῦ
2785 1065 2799 1080 ⁸

2283 1136 2582 1211 ἐρχόμενος,
2646 1141 2937 1212 ἔμπροσθέν
2996 1159 3096 1210 μου
3179 1143 3374 1210 γέγονε.

2280 1232 2362 1279 τόν
2417 1245 2427 1256 ·
2474 1225 2560 1280 δ’ιό
2608 1234 2697 1280 καὶ
2927 1225 3200 1280 διεκώλυεν
3267 1228 3418 1279 αὐτὸν
3467 1226 3626 1300 λέγων
3695 1243 3706 1254 ⁶
3769 1229 3905 1298 Ἐγὼ

2279 1321 2467 1391 χρείαν
2524 1320 2632 1388 ἔχω
2711 1319 2811 1369 ὑπὸ
2897 1325 2990 1370 σοῦ
3083 1316 3463 1391 βαπτισθῆναι’
3533 1322 3622 1368 καὶ
3706 1320 3907 1376 ἤκουσε

2279 1411 2397 1478 περὶ
2455 1407 2637 1471 αὑτοῦ,
2700 1407 2874 1469 Οὗτος
2922 1405 3064 1459 ἐστιν
3118 1411 3144 1458 6
3202 1409 3320 1468 Υἱὸς
3366 1427 3464 1479 μου
3516 1408 3541 1458 6
3602 1404 3903 1478 ἀγαπητὸς,

2282 1497 2332 1546 ἐν
2436 1495 2549 1568 (58)
2618 1492 2906 1565 εὐδόκησα,
2969 1499 3037 1559 ως
3075 1499 3123 1548 οἱ
3167 1495 3313 1548 ἄλλοι
3383 1496 3754 1568 εύαγγελισταὶ
3793 1493 3906 1548 Edi-

2283 1581 2469 1647 δαξαν.

2355 1673 2496 1728 Ἀλλ’
2528 1706 2594 1716 —
2627 1673 2921 1748 βαπτίζων.
2967 1671 3108 1728 Ἰδοὺ
3169 1674 3277 1728 εἶπε
3321 1679 3410 1728 καὶ
3469 1679 3562 1734 τὴν
3597 1675 3766 1728 αἰτίαν
3827 1672 3903 1728 δι’

2282 1767 2343 1822 ἣν
2377 1764 2533 1826 αὐτὸς
2563 1784 2617 1816 τε
2653 1761 2774 1822 ἦλθε
2816 1763 3116 1837 βαπτίζειν,
3159 1770 3248 1818 καὶ
3282 1767 3307 1816 6
3330 1768 3560 1839 Χριστὸς
3598 1769 3905 1840 παρεγένετο

501 1860 770 1916 Christus
803 1864 865 1916 ut
922 1859 1344 1931 baptizaretur.
1404 1861 1532 1914 Una
1583 1857 1884 1930 siquidem
1928 1857 2168 1912 eadem-

2286 1852 2670 1926 βαπτισθῆναι.
2707 1860 2818 1907 Μία
2869 1857 2966 1928 γὰρ
2999 1860 3089 1907 καὶ
3143 1857 3171 1912 ἡ
3222 1855 3351 1913 αύτὴ
3578 1859 3668 1907 καὶ
3712 1858 3903 1907 τούτου

498 1966 612 2022 que
643 1949 749 2005 fuit
775 1952 831 2004 et
858 1948 1036 2019 hujus
1066 1963 1248 2003 causa
1275 1953 1330 2002 et
1355 1946 1530 2014 illius,
1559 1945 1849 2012 videlicet,
1882 1952 1945 2001 ut
1979 1945 2168 2001 mani-

498 2039 812 2095 festaretur
863 2036 1130 2094 Christus
1186 2035 1482 2092 Israelitis.
1525 2039 1675 2091 Nam
1723 2052 1758 2090 δ.
1787 2035 1905 2091 Deo
1944 2036 2165 2091 missus

499 2128 697 2183 fuerat
728 2128 986 2182 Joannes
1018 2125 1092 2180 ad
1139 2126 1486 2190 Iordanem,
1540 2128 1605 2179 ut
1629 2123 1932 2197 baptisma
1987 2124 2175 2196 poeni-

503 2217 703 2271 tentiae
743 2215 1116 2288 praedicaret,
1173 2230 1296 2287 quo
1351 2219 1595 2286 propter
1651 2213 1953 2285 baptisma
2007 2213 2176 2268 multi

505 2309 945 2370 concurrerent,
1008 2309 1065 2360 et
1093 2309 1300 2360 astans
1336 2304 1602 2360 Christus
1635 2303 1695 2358 in
1735 2302 1936 2358 medio
1970 2302 2179 2358 multo-

501 2411 659 2460 rum,
695 2399 899 2467 utpote
924 2393 1345 2465 baptizandus,
1394 2391 1806 2448 testimonium
1863 2390 2169 2464 acciperet,

502 2485 732 2541 inferne
761 2483 1009 2557 quidem
1043 2499 1077 2539 a
1105 2483 1358 2550 Joanne,
1395 2497 1653 2553 superne
1683 2497 1826 2536 vero
1858 2497 1893 2537 a
1925 2485 2088 2536 Patre
2119 2485 2179 2537 et

507 2573 728 2646 Spiritu
759 2577 961 2628 sancto
992 2589 1005 2638 ;
1036 2576 1216 2644 atque
1244 2571 1385 2626 hinc
1410 2571 1578 2642 ipsos
1609 2570 1932 2637 attrahens,
1959 2576 2179 2642 myste-

505 2663 595 2720 ria
621 2661 858 2731 docere,
906 2677 974 2716 ac
1009 2659 1307 2717 mirabilia
1337 2661 1572 2731 operari
1613 2660 1899 2732 inciperet
1932 2676 1946 2726 ;
1981 2676 2176 2732 neque

505 2751 668 2807 enim
699 2752 779 2806 ita
801 2750 1246 2807 concurrissent
1275 2766 1503 2819 omnes,
1554 2765 1750 2822 neque
1783 2749 1866 2805 ita
1908 2749 2178 2805 testimo-

503 2842 675 2899 nium
701 2841 1088 2906 audivissent,
1143 2839 1256 2895 nisi
1313 2840 1428 2896 hoc
1460 2840 1681 2896 factum
1733 2839 1961 2896 fuisset.

581 2932 740 2987 Vers.
797 2932 884 2985 32.
919 2932 994 2985 Et
1037 2961 1106 2971 —
1138 2932 1299 2985 Vers.
1333 2930 1419 2984 33.
1449 2937 1676 2986 sancto.
1713 2931 1976 2985 Rursum
2025 2929 2107 2985 ait
2160 2946 2172 2986 :

514 3021 859 3078 Nesciebam
885 3037 1036 3088 eum,
1070 3020 1461 3092 utproprium
1483 3019 1890 3075 testimonium
1908 3019 1984 3075 ab
2010 3019 2177 3075 omni

504 3111 846 3184 suspicione
888 3114 1240 3166 removeret.

507 3203 728 3256 Verum
759 3201 1005 3274 quando
1038 3201 1183 3256 dixit
1205 3200 1255 3255 ei
1310 3203 1463 3255 Deus
1493 3222 1505 3255 :
1540 3201 1735 3269 Super
1765 3217 1930 3272 quem
1961 3199 2175 3256 videris

505 3291 806 3360 Spiritum
828 3291 1297 3355 descendentem,
1316 3294 1373 3345 et
1392 3293 1606 3344 caetera
1622 3289 1650 3343 ‘2
1674 3290 1928 3354 Quando
1951 3307 2078 3361 quae
2109 3291 2176 3345 de

509 3379 737 3435 Christo
768 3385 938 3434 erant
970 3379 1081 3449 ipsi
1115 3377 1416 3441 revelavit,
1460 3377 1558 3432 illo
1587 3377 1859 3432 nondum
1897 3377 2176 3433 manifes-

506 3475 676 3524 tato:
721 3474 861 3524 tunc
894 3467 1194 3539 siquidem
1225 3472 1280 3522 et
1327 3467 1455 3522 haec
1485 3472 1537 3522 et
1581 3467 1697 3522 alia
1746 3467 1911 3522 dixit.
1969 3469 2177 3524 Postea

506 3574 649 3614 vero
677 3558 876 3629 ipsum
925 3572 1169 3629 quoque
1219 3557 1648 3612 demonstravit
1692 3556 1769 3611 ad
1801 3557 2174 3629 baptismum

509 3645 912 3701 accedentem.

582 3737 850 3790 Prmsens
875 3735 1077 3807 itaque
1134 3733 1502 3804 evangelista
1546 3750 1636 3800 ea,
1679 3740 1742 3790 ut
1791 3735 2018 3792 dictum
2066 3742 2172 3804 est,

508 3826 909 3899 praetermisit,
944 3843 1080 3898 quae
1121 3825 1277 3881 circa
1316 3825 1550 3881 Domini
1585 3825 1891 3897 baptisma
1923 3827 1999 3883 ab
2040 3828 2173 3883 aliis

509 3914 889 3984 evangelistis
921 3916 1259 3987 conscripta
1295 3920 1452 3971 sunt.
1514 3916 1821 3972 Mattheus
1878 3933 2017 3973 vero
2051 3919 2174 3973 haec

508 4008 734 4062 caeteris
753 4007 927 4062 latius
947 4006 1241 4063 enarravit
1272 4022 1283 4059 :
1320 4005 1447 4076 lege
1470 4021 1611 4076 ergo
1639 4007 1739 4063 illa
1758 4007 1833 4064 ad
1871 4008 2175 4080 perfectio-

505 4113 631 4152 rem
671 4095 1017 4152 habendam
1070 4096 1492 4164 cognitionem.

580 4185 740 4240 Vers.
773 4186 859 4241 34.
894 4188 960 4240 Et
985 4201 1089 4255 ego
1139 4185 1277 4241 vidi.
1315 4184 1597 4257 Spiritum
1630 4186 1908 4243 videlicet
1934 4189 2174 4244 descen-

509 4275 764 4340 dentem,
797 4280 849 4330 et
875 4280 1215 4330 manentem
1267 4290 1446 4346 super
1475 4291 1635 4330 eum.

581 4367 740 4420 Vers.
776 4364 861 4420 34.
901 4366 973 4418 Et
1001 4396 1068 4404 —
1119 4363 1241 4419 Dei.
1297 4367 1361 4419 Et
1399 4363 1500 4419 ubi
1543 4364 1652 4419 hoc
1681 4365 1977 4437 perhibuit
2009 4368 2171 4422 testi-

508 4453 778 4510 monium
809 4455 836 4508 ?
875 4469 1067 4525 neque
1095 4453 1256 4509 enim
1289 4469 1548 4526 usquam
1577 4454 1868 4526 scriptum
1901 4461 2006 4511 est.
2038 4458 2172 4512 Om-

2283 1942 2546 2009 κάκείνου,
2581 1946 2661 1996 ὅτι
2687 1946 2766 1996 ῐνα
2801 1947 3064 2019 φανερωθῇ
3091 1952 3198 2007 τοῖς
3223 1944 3594 2018 Ἰσραηλίταις.
3629 1944 3899 2017 Ἐπέμφθη

2285 2036 2386 2107 γαρ
2419 2035 2444 2084 6
2473 2033 2712 2096 Ἰωάννης
2745 2036 2844 2086 ὑπὸ
2882 2040 3009 2087 Θεοῦ
3037 2038 3164 2109 πρὸς
3198 2037 3285 2086 τὸν
3313 2030 3584 2109 Ἰορδάνην
3616 2037 3902 2109 κηρύσσων

2289 2120 2577 2195 βάπτισμα
2605 2128 2895 2195 μετανοίας,
2939 2127 3022 2176 ἵνα
3089 2121 3182 2176 διὰ
3220 2127 3278 2176 τὸ
3339 2122 3624 2196 βάπτισμα
3673 2120 3904 2196 συνδρά-

2287 2231 2429 2283 μωσι
2489 2211 2687 2280 πολλοὶ,
2743 2217 2832 2265 καὶ
2894 2212 3106 2274 ἐπιστὰς
3164 2215 3458 2288 ὁΧριστός
3506 2216 3570 2274 ὡς
3597 2211 3903 2286 βαπτισθη-

2289 2306 2523 2372 σομενος,
2585 2307 2741 2374 μέσον
2773 2302 2969 2355 πολλῶν
3021 2305 3354 2378 μαρτυρηθῇ,
3380 2305 3610 2356 κατώθεν
3640 2306 3728 2376 μὲν
3755 2305 3903 2376 παρὰ

2289 2391 2542 2455 Ἰωάννου,
2604 2393 2796 2444 ἄνωθεν
2861 2389 2920 2445 δὲ
2993 2396 3138 2466 παρὰ
3221 2400 3311 2446 τοῦ
3391 2396 3591 2466 Πατρός
3671 2398 3761 2445 καὶ
3804 2401 3899 2445 τοῦ

2287 2479 2440 2550 ἁγίου
2532 2483 2852 2553 Πνεύματος,
2948 2487 3036 2534 καὶ
3145 2480 3370 2535 ἐντεῦθεν
3477 2481 3900 2555 ἐπισπασάμενος

2289 2569 2494 2635 αὐτούς,
2583 2571 2804 2644 ἄρξηται
2875 2581 3239 2644 μυσταγτυγείν
3300 2578 3390 2624 καὶ
3459 2575 3895 2647 θαυματουργεῑν.

2289 2655 2427 2711 Ούὸὲ
2495 2662 2594 2735 γὰρ
2664 2660 2724 2712 ἆν
2782 2662 2915 2714 οὕτω
2959 2659 3282 2738 συνέδραμον
3337 2663 3571 2729 ἅπαντες,
3651 2659 3767 2715 ούδ’
3837 2662 3898 2715 ἂν

2287 2752 2522 2806 ἤκουσαν
2554 2758 2644 2811 τῆς
2671 2754 2914 2813 τοιαύτης
2947 2753 3078 2806 οὕτω
3126 2757 3437 2828 μαρτυρίας,
3474 2753 3516 2805 εἰ
3541 2757 3611 2825 μὴ
3642 2760 3794 2805 τοῦτο
3816 2758 3904 2824 γέ-

2289 2859 2426 2910 γονε.

2363 2934 2462 2981 Καὶ
2519 2961 2587 2970 —-
2645 2929 2794 3003 ἁγίῳ.
2859 2931 3017 2986 Πάλιν
3080 2936 3156 3000 τὸ,
3212 2933 3322 2986 Ούκ
3375 2929 3524 3008 ᾔδειν
3577 2933 3748 3000 αὐτὸν,
3817 2935 3902 2986 ἵνα

2290 3015 2581 3071 ἀνύποπτον
2664 3024 2829 3079 πάντη
2909 3027 3003 3081 τὴν
3084 3023 3279 3075 οἰκείαν
3358 3029 3649 3098 μαρτυρίαν
3744 3022 3895 3098 ἐργά-

2292 3126 2472 3164 σηται.

2214 3182 2255 3236 C
2361 3195 2517 3248 Ἀλλὰ
2545 3202 2667 3251 ποτε
2693 3197 2827 3252 εἶπεν
2882 3201 3077 3272 αύτῷὸ
3119 3204 3267 3272 Θεὸς,
3334 3201 3440 3274 Ἐφ’
3495 3202 3549 3255 ὃν
3589 3201 3648 3254 ἆν
3679 3199 3801 3275 ἴδῃς
3839 3206 3898 3255 τὸ

2289 3291 2497 3358 Πνεῦμα
2523 3287 2855 3354 καταϐαῖνον,
2888 3295 2976 3342 καὶ
3007 3295 3072 3342 τὰ
3103 3291 3218 3354 ἑξῆς
3276 3308 3289 3358 ;
3317 3290 3439 3344 Ὅτε
3485 3292 3596 3363 (60)
3631 3289 3897 3362 δηλονότιν

2287 3381 2446 3448 μήπω
2480 3384 2741 3449 φανέντος,
2785 3383 2849 3432 τὰ
2878 3387 2997 3456 περὶ
3028 3381 3188 3434 αὐτοῦ
3237 3380 3561 3452 ἀπεκάλυψεν
3588 3382 3748 3453 αύτῷ.
3772 3387 3902 3436 Τότε

2286 3469 2377 3538 μὲν
2407 3469 2506 3539 γὰρ
2538 3471 2601 3520 τά
2627 3489 2682 3521 τε
2713 3469 2844 3522 ἄλλα
2900 3475 2989 3523 καὶ
3019 3479 3172 3524 τοῦτο
3221 3467 3356 3524 εἶπεν
3404 3489 3416 3501 ⁸
3451 3472 3662 3545 ὕστερον
3720 3469 3780 3525 δὲ
3810 3477 3902 3525 καὶ

2286 3551 2550 3618 ὑπέδειξεν
2632 3558 2787 3611 αὐτὸν
2857 3564 3266 3634 παραγενόμενον
3353 3563 3438 3613 ἐπὶ
3533 3564 3590 3614 τὸ
3667 3559 3902 3634 βαπτισ-

2290 3646 2464 3702 θῆναι.

2355 3730 2405 3794 Ὀ
2426 3740 2516 3809 μὲν
2567 3734 2654 3789 οὖν
2678 3742 2854 3812 παρὼν
2901 3739 3293 3811 εύαγγελιστὴς,
3351 3743 3420 3802 ὡς
3480 3743 3705 3813 εἴρηται,
3735 3746 3897 3815 παρέ-

2288 3825 2456 3902 ὃραμε
2485 3830 2550 3879 τὰ
2576 3831 2708 3879 κατα
2754 3834 2809 3880 τό
2855 3827 3138 3901 βάπτισμα
3166 3837 3257 3881 τοῦ
3284 3837 3540 3904 Σωτῆρος,
3571 3833 3637 3892 ὡς
3669 3838 3775 3891 τοῖς
3799 3831 3900 3882 οἳλ-

2284 3918 2393 3980 λοις
2423 3920 2872 3993 προϊστορηθέντα
2906 3935 2917 3947 '
2961 3921 2985 3970 6
3036 3917 3093 3971 δὲ
3127 3921 3389 3980 Ματθαῑος
3446 3920 3760 3994 πλατύτερον
3798 3930 3899 3973 τῶν

2285 4008 2448 4060 ἄλλων
2479 4006 2788 4079 ἀπήγγειλεν
2845 4007 2979 4060 αύτά
3013 4029 3024 4039 ·
3058 4014 3148 4061 καὶ
3199 4008 3458 4081 ἀνάγνωθι
3501 4008 3714 4062 κάκεῖνα
3765 4015 3901 4083 πρὸς

2286 4097 2635 4172 ἐντελεστέραν
2670 4093 2980 4168 διάγνωσιν.

2357 4186 2510 4258 Κάγὼ
2543 4186 2764 4261 ἑώρακα.
2793 4191 2862 4238 T6
2892 4194 3119 4260 Πνεῦμα,
3182 4185 3391 4247 δηλαδὴ
3452 4187 3772 4241 καταϐαῖνον
3806 4195 3900 4242 καὶ

2283 4280 2434 4349 μένον
2467 4275 2544 4327 ἐπ’
2579 4276 2754 4330 αὐτόν.

2357 4370 2545 4418 Καὶ-
2583 4374 2736 4418 Θεοὺ.
2772 4366 2874 4420 Καὶ
2907 4375 3005 4419 ποῦ
3061 4375 3213 4420 τοῦτο
3263 4371 3657 4444 μεμαρτύρηκεν
3687 4385 3700 4436 ;
3735 4367 3900 4422 οὖδα-

2281 4462 2375 4505 κού
2402 4456 2500 4529 γὰρ
2535 4453 2948 4526 ἀναγέγραπται.
2981 4460 3362 4531 Μεμαρτύρηκε
3390 4460 3479 4530 μὲν
3505 4465 3657 4510 τοῦτο
3686 4461 3900 4520 πάντως

507 4542 650 4597 nino
683 4558 824 4598 sane
853 4542 967 4597 hoc
1001 4541 1341 4598 testiﬁcatus
1381 4547 1468 4598 est
1502 4562 1515 4595 :
1548 4544 1816 4600 relictum
1843 4551 1933 4600 est
1972 4551 2169 4601 autem

2285 4543 2685 4617 παραλελειπται
2714 4541 2771 4596 δὲ
2794 4552 2900 4606 τοῖς
2932 4545 3348 4617 εὖαγγελισταῐς,
3401 4548 3572 4622 ὥσπερ
3636 4552 3728 4600 καὶ
3767 4546 3900 4599 ἀλλὰ

508 4631 586 4687 ab
627 4631 1028 4701 evangelistis,
1055 4631 1576 4703 quemadmodum
1609 4637 1666 4688 et
1693 4633 1811 4690 alia
1849 4632 2060 4691 multa.

581 4721 750 4775 Vers-
916 4721 1150 4776 Postero
1183 4721 1364 4777 die—
1398 4722 1556 4776 Vers.
1591 4725 1677 4777 36.
1713 4723 1838 4778 Dei.
1881 4726 2008 4779 Non
2049 4724 2171 4780 vul-

507 4809 636 4880 gari
681 4809 862 4865 modo
903 4826 1095 4882 neque
1131 4824 1280 4867 casu
1325 4811 1456 4865 haec
1485 4810 1559 4866 de
1599 4811 1729 4882 ipso
1755 4811 2036 4884 loquitur,
2065 4813 2170 4869 sed

505 4898 648 4974 quia
696 4899 963 4955 nondum
1020 4900 1364 4954 ludas-orum
1395 4898 1917 4956 insensibilitatem
1966 4903 2171 4973 attige-

507 4991 598 5044 rat
632 5004 644 5055 ;
671 5003 848 5043 nemo
867 4987 1024 5042 enim
1046 4987 1378 5060 quidquam
1396 4986 1470 5043 de
1500 4987 1632 5059 ipso
1658 4986 2124 5059 interrogaverat
2155 5012 2166 5044 :

577 5250 624 5285 ³⁸
656 5247 859 5304 Matth.
912 5263 1027 5316 vm,
1061 5251 1150 5305 14.

1231 5248 1276 5283 ³⁷
1310 5247 1509 5304 Matth.
1543 5264 1622 5319 ιιι,
1651 5250 1718 5305 17
1751 5265 1765 5315 ;
1796 5251 1944 5307 Marc
1977 5266 2034 5315 ιι,
2084 5253 2139 5306 li
2177 5267 2190 5318 ;

2282 4632 2464 4684 πολλά.

2353 4730 2423 4795 Τῇ
2458 4724 2701 4794 ἐπαύριον
2766 4755 2813 4760 —-
2851 4730 3002 4777 Θεοῦ.
3040 4723 3151 4776 Ούκ
3190 4723 3386 4786 ἅπλῶς,
3447 4721 3570 4777 οὐδὲ
3617 4727 3682 4785 ὡς
3733 4727 3897 4796 ἔτυχε

2281 4814 2346 4864 τα
2403 4812 2536 4863 αὐτὰ
2585 4815 2698 4884 περὶ
2760 4811 2920 4864 αὐτοῦ
2967 4815 3264 4884 φθέγγεται,
3332 4813 3438 4865 ἀλλ’
3500 4813 3697 4885 ἐπείπερ
3743 4816 3890 4865 οὔπω

2280 4903 2522 4953 καθίκετο
2569 4908 2661 4962 τῆς
2692 4899 3041 4963 ἀναισθησίας
3071 4912 3169 4955 τῶν
3223 4900 3495 4956 Ἰουδαίων
3527 4923 3538 4936 ·
3573 4899 3742 4963 οὐδεὶς
3783 4904 3891 4978 γὰρ

3395 4992 3745 5066 ἀναγκάζεται
3777 4994 3834 5065 (6
3847 4993 3896 5066 ί)

2281 4990 2437 5044 αὐτὸν
2459 4987 2610 5043 οὐδὲν
2643 4991 2888 5063 ἠρώτησε
2937 4997 3056 5068 περὶ
3113 4992 3276 5046 αὐτοῦ
3327 5009 3340 5024 ⁸

2226 5254 2359 5308 Luc.
2393 5268 2473 5318 ιιι,
2508 5254 2598 5308 22.

1756 5455 1984 5524 Varia:
2059 5456 2388 5528 lectiones
2439 5467 2506 5528 et
2550 5471 2752 5530 notae.

721 5681 966 5734 Ἐκωλνεν
993 5685 1036 5740 Α
1047 5728 1057 5738 ,

725 5750 937 5810 uiden.
949 5775 1018 5806 σα
1063 5757 1128 5809 Λ.

723 5830 826 5878 Καὶ
865 5834 1017 5878 τοῦτο
1055 5825 1285 5890 κάκεῖνος
1315 5827 1380 5884 Α.

2640 5693 3138 5829 iBnterponendum
3193 5758 3444 5817 videtur.
3487 5757 3658 5816 Forte
3708 5757 3894 5815 etiam

2283 5826 2608 5902 ἀφυπνίζειν.
