4128 6384
230 325 365 386 1137
1259 321 1630 379 COMMENT.
1671 322 1745 378 IN
1782 319 1860 376 J0

1972 319 2135 376 NEM.
2178 350 2248 363 —
2284 319 2437 376 CAP.
2480 319 2524 375 Ι.
3452 313 3595 374 1138

233 455 294 507 τά
335 452 463 504 αῦτά
489 450 652 522 λέγειν
679 451 854 516 πάλιν,
886 454 976 504 καὶ
1009 446 1276 524 δευτέραις
1317 456 1504 521 φωναῖς
1551 448 1826 522 ἀφυπνίςιι

1973 462 2180 502 ursum
2225 446 2357 502 haec
2387 446 2460 502 de
2491 446 2621 518 ipso
2661 444 2859 501 dicere
2907 441 3158 515 cogitur,
3209 445 3598 514 mentemque

233 547 321 601 τὴν
350 537 580 594 διάνοιαν
612 539 780 593 αὐτῶν
810 541 983 617 ὥσπερ
1015 542 1359 612 κοιμωμένην.

1974 553 2149 593 orum
2179 535 2408 592 iteratis
2452 535 2700 593 vocibus
2731 532 3186 608 expergefacere
3238 533 3416 605 quasi
3465 531 3601 588 dor-

1939 626 2246 683 mientem.

301 724 398 774 Καὶ
453 719 506 772 ὃν
559 722 748 793 τρόπον
810 719 837 770 ὁ
892 720 982 790 μὲν
1037 722 1251 791 νυμφίος
1303 714 1455 772 οὐδὲν
1513 721 1637 778 τέως
1693 715 1828 787 λέγει

2010 719 2075 772 Ει
2093 715 2615 788 quemadmodum
2636 730 2898 786 sponsus
2919 713 3064 769 nihil
3091 711 3331 767 interim
3353 725 3592 783 sponsas

232 813 350 884 πρὸς
387 813 478 867 τὴν
519 811 742 881 νύμφην,
785 805 900 861 οὐδ’
953 806 1038 880 ἀφ’
1088 807 1272 860 ἑαυτοῦ
1313 806 1562 879 λαμϐάνει
1610 809 1823 863 ταύτην·

1968 805 2220 879 oquitur,
2254 821 2362 861 nec
2402 821 2538 862 eam
2586 821 2692 877 per
2722 803 2992 877 seipsum
3027 801 3264 873 accipit,
3318 800 3424 856 sed
3475 799 3598 855 dux

233 896 343 951 ὀδέ
383 901 725 970 νυμφαγωγὸς
772 899 943 950 πάντα
982 895 1280 968 διαλέγεται
1321 902 1410 950 καὶ
1455 892 1826 969 παραδίδωσιν

1973 911 2180 967 ponsas
2210 895 2414 951 omnia
2445 895 2696 960 disserit,
2719 908 2976 966 eamque
2999 892 3080 947 illi
3100 891 3306 956 tradit;
3339 889 3438 945 ubi
3462 905 3603 945 vero

231 988 385 1046 αὐτήν
410 1004 422 1017 ⁸
455 989 535 1040 ὅτε
565 983 625 1040 δὲ
673 986 803 1060 λάϐῃ
849 989 1043 1044 ταύτην
1075 987 1282 1052 ἐκεῖνος,
1315 987 1450 1038 οὕτω
1497 983 1824 1053 διατίθησιν,

1981 1001 2093 1041 anc
2113 985 2239 1057 ipse
2269 985 2584 1057 acceperit,
2610 985 2690 1040 ita
2728 999 2861 1040 eam
2897 983 3194 1047 immutat,
3230 985 3294 1035 ut
3320 979 3421 1036 illa
3448 978 3607 1050 prio—

232 1079 296 1138 ὡς
343 1075 680 1129 ἐπιλαθέσθαι
727 1077 931 1128 πάντων
962 1092 976 1105 ·
1011 1076 1142 1127 οὕτω
1186 1080 1276 1128 καὶ
1331 1082 1418 1126 νῦν
1475 1076 1500 1126 ὁ
1556 1078 1646 1146 μὲν
1701 1081 1827 1146 Χρι-

1969 1091 2071 1130 um
2101 1073 2377 1130 omnium
2435 1074 2816 1130 obliviscatur
2849 1089 2866 1127 :
2900 1072 2981 1128 ita
3028 1075 3085 1126 et
3125 1085 3285 1126 nunc
3334 1068 3599 1125 Christus

233 1169 348 1227 στὸς
387 1167 460 1218 ἔτι
503 1170 632 1237 σιγᾷ
657 1182 669 1196 ⁸
706 1167 732 1217 ὁ
765 1161 824 1218 δὲ
854 1164 1096 1225 Ἰωάννης
1125 1167 1190 1217 τά
1231 1170 1348 1237 περὶ
1390 1164 1552 1217 αὐτοῦ
1601 1161 1825 1236 διαπρα-

1977 1164 2136 1219 dhuc
2174 1168 2349 1228 tacet,
2390 1165 2650 1218 Joannes
2676 1177 2815 1218 vero
2845 1164 3062 1216 cuncta
3092 1163 3376 1232 operatur
3403 1174 3417 1225 ;
3464 1157 3603 1212 ideo

229 1257 548 1328 γματεῦεται.
602 1257 688 1307 Διό
745 1259 836 1307 καὶ
893 1253 1038 1327 φίλος
1089 1254 1249 1306 αὑτοῦ
1310 1253 1575 1318 κέκληται,
1632 1256 1699 1315 ὡς
1752 1261 1824 1322 τῷ

1975 1252 2117 1308 tiam
2130 1252 2364 1308 amicus
2380 1251 2592 1325 Sponsi
2612 1257 2856 1308 vocatus
2868 1253 3268 1321 est,tanquam
3282 1247 3376 1319 qui
3391 1246 3605 1318 nuptiis

228 1346 373 1416 γάμῳ
411 1349 590 1418 παρὼν
638 1348 729 1396 καὶ
773 1345 943 1396 πάντα
985 1345 1107 1418 ὑπὲρ
1139 1350 1230 1395 τοῦ
1265 1348 1486 1415 νυμφίου
1547 1339 1820 1394 διακονῶνο

1969 1347 2169 1404 ιιιεεοεῐ,
2187 1343 2507 1414 omniaque
2525 1341 2902 1398 administrat
2929 1355 3065 1412 quae
3084 1338 3161 1394 ad
3178 1339 3378 1410 ipsum
3414 1338 3599 1408 Spon-

227 1433 386 1485 λαϐὼν
419 1429 479 1485 δὲ
517 1437 610 1491 τὴν
639 1435 1017 1506 νυμφευθεῖσαν
1059 1432 1370 1490 Ἐκκλησίαν
1411 1430 1618 1499 ἐκεῖνος,
1661 1431 1823 1493 οὕτως

1972 1448 2072 1488 um
2096 1432 2410 1504 pertinent.
2445 1431 2548 1488 Ubi
2581 1447 2722 1490 vero
2762 1429 2993 1502 accepit
3016 1428 3447 1499 desponsatam
3483 1424 3602 1480 sibi

228 1523 382 1581 αὐτὴν
413 1519 674 1590 διέθηκεν,
709 1525 774 1583 ὡς
805 1521 1141 1576 ἐπιλαθέσθαι
1167 1524 1369 1575 πάντων
1402 1521 1607 1574 αὐτίκα.

1969 1521 2278 1590 Icclesiam,
2313 1520 2393 1576 ita
2423 1537 2558 1577 eam
2589 1519 2700 1576 sibi
2732 1517 3056 1593 copulavit,
3095 1521 3156 1572 ut
3181 1515 3285 1574 illa
3315 1515 3599 1571 continuo

1937 1609 2212 1665 omnium
2272 1609 2741 1666 oblivisceretur.

296 1706 393 1754 Καὶ
439 1702 674 1776 καθάπερ
729 1699 812 1754 ἐπὶ
863 1709 962 1754 τῶν
1000 1703 1202 1774 γάμων,
1249 1700 1356 1772 οὐχ
1399 1702 1428 1758 ἡ
1475 1703 1645 1773 νύμφη
1696 1703 1826 1774 πρὸς

2007 1700 2074 1753 Et
2094 1698 2245 1753 sicut
2269 1713 2496 1768 sponsa
2518 1711 2902 1770 nequaquam
2921 1694 3001 1751 ad
3036 1709 3323 1766 sponsum
3350 1691 3603 1760 accedit,

228 1794 308 1843 τὸν
349 1795 567 1863 νυμφίον
611 1790 840 1858 ἄπεισιν,
896 1789 1002 1842 ἀλλ’
1049 1791 1197 1852 οὗτος
1250 1794 1381 1862 πρὸς
1437 1789 1600 1848 αὐτὴν
1656 1789 1750 1841 κάν
1800 1792 1825 1842 ὁ

1972 1786 2042 1841 ed
2074 1786 2168 1842 hic
2197 1786 2276 1842 ad
2319 1786 2502 1856 illam,
2544 1787 2725 1842 etiam
2768 1785 2816 1840 si
2838 1785 3010 1840 fuerit
3047 1784 3174 1855 ipse
3218 1782 3374 1853 regis
3424 1780 3602 1846 filius,

229 1884 311 1951 μεν
355 1884 431 1938 εἰη
482 1878 741 1952 βασιλέως
797 1882 925 1945 υἱὸς,
986 1883 1016 1938 ἠ
1083 1877 1141 1932 δὲ
1201 1882 1530 1932 παντάπασιν
1587 1877 1818 1940 εὐτελής*

1971 1876 2038 1932 lla
2067 1892 2208 1932 vero
2229 1877 2497 1932 omnium
2537 1873 2942 1946 abjectissima
2975 1889 2987 1928 :
3020 1874 3102 1929 ita
3143 1877 3200 1928 et
3228 1871 3326 1927 hic
3365 1869 3601 1926 accidit.

229 1970 354 2022 οὖτω
387 1975 479 2022 καὶ
516 1967 736 2021 ἐνταῦθα
770 1973 994 2040 γέγονεν.
1032 1969 1196 2030 Αὐτὸς
1241 1971 1266 2020 0
1296 1977 1546 2028 τοσοῦτος
1575 1970 1699 2040 πρὸς
1735 1970 1827 2024 τήν

1971 1971 2049 2021 ste
2079 1982 2217 2021 cum
2257 1969 2458 2021 tantus
2490 1970 2666 2031 esset,
2705 1964 2779 2019 ad
2809 1979 2944 2019 eam
2984 1977 3120 2034 qua
3149 1959 3601 2032 despectissima

229 2059 666 2132 εὐκαταφρόνητον
733 2064 1074 2132 παραγέγονε,
1145 2063 1235 2110 καὶ
1309 2059 1668 2133 ἁρμοσάμενος
1736 2055 1830 2107 οὐκ

1975 2061 2084 2120 rat,
2117 2054 2386 2122 accessit,
2427 2059 2481 2110 et
2526 2054 2877 2125 conjunctus
2908 2068 3025 2108 non
3071 2049 3340 2124 permisit
3392 2054 3456 2104 ut
3505 2049 3605 2104 hic

228 2153 386 2202 εἴασεν
426 2149 591 2207 αὐτὴν
640 2151 864 2202 ἐνταῦθα
894 2153 1058 2221 μένειν
1099 2149 1295 2213 λοιπὸν,
1351 2147 1480 2199 ἀλλά
1517 2144 1830 2220 παραλαϐὼν

1969 2144 2219 2216 leinceps
2249 2148 2605 2208 remaneret,
2647 2143 2754 2199 sed
2794 2145 3136 2213 susceptam
3179 2140 3238 2196 in
3278 2142 3599 2213 paternam

228 2239 295 2301 εἰς
318 2243 400 2291 τὸν
436 2241 687 2312 πατρικὸν
729 2237 987 2310 ἀνήγαγεν
1015 2235 1174 2305 οἷκον,
1207 2241 1294 2290 τὸν
1327 2237 1562 2313 οὐρανόν,

1501 2240 1562 2291 ὃν.
1938 2233 2186 2290 deduxit
2216 2233 2490 2299 domum,
2514 2233 2630 2288 hoc
2662 2237 2770 2296 est,
2802 2232 2862 2288 in
2893 2230 3131 2287 coelum.

293 2334 387 2381 Καὶ
423 2361 491 2368 -
538 2329 734 2385 Ἰησοῦ.
773 2327 975 2380 Πολλῶν
1021 2327 1449 2400 ἀκροασαμένων,
1501 2327 1644 2379 οὗτοι
1683 2329 1830 2396 μόνοι

2012 2323 2177 2378 Vers.
2204 2327 2292 2379 37.
2320 2324 2398 2379 Et
2417 2354 2484 2363 —
2503 2323 2720 2379 Iesum.
2765 2322 2920 2377 Inter
2947 2319 3169 2376 multos
3199 2318 3501 2375 auditores
3539 2317 3600 2374 hi

227 2423 471 2483 ἤκουσαν,
508 2424 616 2480 τοῖς
642 2417 742 2469 ὠσὶ
775 2413 1016 2475 δηλονότι
1039 2425 1134 2478 τῆς
1164 2417 1372 2488 ψυχῆς,
1400 2426 1499 2468 τῶν
1529 2415 1692 2468 illam
1720 2423 1830 2476 τοῖς

1970 2412 2048 2468 oli
2107 2412 2345 2469 audisse
2403 2411 2702 2476 dicuntur.
2756 2411 3004 2468 auribus
3042 2407 3318 2464 videlicet
3365 2408 3599 2473 animae,

227 2510 318 2560 ὠσὶ
346 2516 435 2560 τοῦ
473 2513 720 2579 σώματος
754 2505 1104 2559 ἀκουσάντων.
1150 2507 1238 2558 Ἐκ
1264 2511 1352 2578 μὲν
1383 2511 1483 2579 γὰρ
1531 2514 1628 2557 τῶν
1660 2507 1828 2577 μαθη-

1975 2519 2076 2558 um
2124 2502 2222 2558 alii
2279 2503 2480 2574 utique
2519 2501 2827 2557 audissent
2878 2498 3127 2556 auribus
3175 2498 3482 2570 corporis;
3531 2513 3605 2553 ex

227 2607 317 2650 τῶν
349 2599 461 2669 (62)
494 2597 732 2650 Ἰωάννου
773 2593 872 2648 δύο
901 2601 1016 2649 τότε
1055 2606 1320 2670 παρῆσανο
1365 2596 1510 2648 ἄλλοι
1560 2592 1618 2647 δε
1649 2593 1827 2646 πολλοὶ

1974 2591 2248 2664 .iscipulis
2288 2607 2556 2664 namque
2603 2591 2848 2648 Joannis
2900 2588 3010 2645 soli
3049 2589 3132 2662 (h)
3190 2589 3252 2644 hi
3299 2588 3422 2644 duo
3461 2591 3604 2644 tunc

226 2693 683 2760 παρειστήκεισαν.
738 2685 1128 2744 Ἰίκολοῦθησαν
1184 2683 1242 2738 δε
1299 2685 1457 2756 αὐτῷ,
1521 2683 1826 2757 βουλόμενοι

1981 2683 2140 2738 nimo
2169 2687 2489 2754 praesentes
2510 2687 2855 2748 erant,cum
2886 2685 3086 2736 tamen
3109 2678 3210 2734 alii
3237 2677 3411 2734 multi
3443 2681 3611 2734 asta-

224 2785 394 2852 πεῖραν
417 2775 594 2829 λαϐεῖν
626 2775 804 2829 αὐτοῦ.

1977 2776 2088 2828 ant.
2130 2770 2326 2827 Secuti
2343 2776 2481 2827 sunt
2499 2774 2700 2827 autem
2715 2786 2874 2837 eum,
2894 2768 3204 2841 cupientes
3225 2768 3356 2839 ejus
3383 2766 3607 2826 habere

1931 2861 2217 2916 notitiam.

289 2956 539 3024 Στραφεὶς
607 2981 664 2990 -
720 2951 964 3014 Cui-sits;
1022 2951 1133 3002 Οὐκ
1177 2953 1392 3022 ἀγνοῶν,
1451 2952 1475 3002 0
1532 2958 1638 3011 τοῖς
1683 2949 1825 3022 λογι-

2005 2951 2172 3006 Vers.
2213 2953 2298 3006 38.
2337 2951 2664 3008 Conversus
2698 2981 2766 2992 —
2795 2948 3054 3020 quaeritis
3084 2949 3113 3003 ἵ
3142 2950 3269 3004 Non
3309 2950 3603 3019 tanquam

229 3049 366 3113 σμοῖς
423 3047 528 3092 τῶν
571 3038 850 3114 ἀνθρώπων
908 3038 1219 3112 ἐμϐατεύων,
1271 3039 1378 3092 ἀλλ’
1440 3042 1522 3091 ἵνα
1583 3037 1674 3092 διὰ
1731 3048 1825 3100 τῆς

1979 3055 2242 3109 ςῐιοιᾛηε,
2273 3040 2377 3112 qui
2401 3039 2718 3095 homnium
2751 3042 3017 3112 penetrat
3055 3037 3471 3108 cogitationes,
3500 3037 3609 3093 sed

227 3130 522 3203 ἐρωτήσεως
565 3129 902 3186 οἰκειώσηται
950 3132 1180 3191 τούτους,
1241 3135 1330 3182 καὶ
1386 3131 1646 3202 παράσχῃ
1700 3127 1857 3210 θαρ-1

1979 3135 1998 3184 t
2020 3129 2442 3199 interrogando
2466 3127 2788 3184 familiares
2808 3126 3206 3183 sibiredderet
3223 3143 3290 3182 ac
3316 3125 3605 3187 ﬁduciam

223 3220 339 3292 ῥεῖν.
383 3220 542 3280 Εἰκὸς
567 3221 666 3292 γὰρ
714 3218 904 3278 αὐτοὺς
946 3217 1188 3293 ἐρυθριᾲν
1237 3221 1330 3284 ἔτι,
1377 3224 1466 3270 καὶ
1497 3217 1720 3290 ἀγωνιᾴν
1756 3220 1826 3280 ὡς

1969 3226 2122 3274 ﬂaret.
2184 3218 2502 3274 Verisimile
2547 3223 2634 3274 est
2683 3217 2865 3284 enim,
2916 3216 3078 3289 quod
3147 3215 3599 3283 erubescebant,

225 3307 442 3379 ἀγνῶτας
453 3353 465 3363 .

1935 3312 1992 3364 et
2028 3309 2202 3381 quasi
2240 3307 2427 3377 ignoti
2471 3308 2895 3363 formidabant.

289 3399 350 3450 Οἱ
401 3396 463 3450 δὲ
523 3429 588 3437 -
643 3401 842 3469 μένειςς
875 3401 1048 3455 Μήπω
1110 3394 1277 3470 μηδὲν
1325 3397 1450 3471 παρ’
1507 3397 1668 3449 αὑτοῦ
1729 3417 1827 3469 μα-

2007 3398 2174 3454 Vers.
2199 3401 2286 3454 39.
2329 3399 2407 3452 At
2434 3397 2524 3452 illi
2544 3429 2611 3437 —
2635 3397 2866 3453 habitas
2893 3395 2921 3450 ?
2943 3397 3090 3451 Cum
3115 3393 3386 3450 nondum
3420 3395 3498 3450 ab
3528 3410 3600 3452 eo

224 3488 403 3553 θοντες,
444 3483 779 3539 διδάσκαλον
820 3485 975 3538 αὐτὸν
1023 3484 1366 3557 ὀνομάζουσι,
1417 3490 1508 3543 τὴν
1558 3486 1729 3538 αἰτίαν
1773 3505 1828 3538 τε

1972 3488 2272 3559 ςυίάᾳιιειω
2302 3487 2628 3551 audissent,
2653 3485 3012 3556 magistrum
3041 3485 3159 3540 sive
3173 3490 3602 3556 praeceptorem

223 3571 290 3626 δι’
332 3580 391 3636 ἦν
432 3574 614 3639 ἦλθον,
667 3572 939 3638 δηλοῦντες
979 3574 1222 3645 ἐντεῦθεν,
1268 3577 1346 3627 ὅτι
1388 3574 1730 3647 ἀκουσόμενοί
1775 3595 1827 3627 τι

1975 3593 2074 3632 um
2103 3575 2449 3648 appellant:
2474 3581 2655 3647 atque
2685 3574 2822 3631 hinc
2853 3591 3100 3631 causam
3131 3589 3238 3629 cur
3283 3577 3603 3645 sequeren-

220 3674 310 3716 τῶν
339 3670 655 3738 χρησίμων,
701 3670 790 3718 καὶ
831 3665 903 3727 εἰς
931 3667 1172 3737 μαθητάς
1223 3665 1557 3726 εἰσωθοῦντες
1589 3665 1822 3728 ἑαυτούς.

1974 3683 2030 3721 Jr
2061 3666 2469 3731 manifestam,
2503 3665 2774 3721 videlicet
2810 3668 2878 3720 ut
2906 3681 3034 3736 quae
3060 3663 3256 3719 forent
3279 3661 3446 3718 utilia
3497 3678 3604 3718 au-

220 3760 440 3826 Λέγουσι
484 3753 561 3826 δὲ,
598 3761 705 3808 Ποῦ
741 3759 948 3828 μένειςς
982 3753 1288 3828 βουλόμενοι
1324 3756 1461 3808 κατά
1489 3760 1651 3828 μόνας
1681 3755 1825 3808 ἐντυ-

1980 3757 2150 3822 irent,
2184 3760 2356 3826 utque
2379 3771 2507 3810 sese
2537 3755 2597 3809 in
2646 3753 2976 3826 discipulos
3015 3753 3368 3822 ingererent,
3392 3751 3607 3808 Dicunt

218 3852 327 3915 χιίν
357 3846 507 3915 αὐτῷ
538 3849 627 3897 καὶ
656 3844 771 3917 μεθ’
796 3847 1058 3917 ἡσυχίας.

1976 3850 2138 3901 utem
2167 3863 2180 3901 :
2221 3844 2331 3902 Ubi
2370 3844 2604 3900 habitas
2630 3845 2658 3900 ?
2680 3843 2947 3899 volentes
2976 3842 3199 3898 diutius
3229 3845 3285 3899 et
3315 3841 3376 3898 in
3406 3841 3603 3914 quiete

1935 3949 2074 3990 cum
2114 3949 2186 3989 eo
2217 3932 2581 3988 conversari.

285 4028 436 4097 Λέγει
469 4054 534 4064 -
567 4019 728 4077 ἴδετε.
780 4022 856 4075 Οῦ
908 4022 1040 4095 λέγει
1072 4027 1134 4075 τὰ
1186 4025 1443 4095 σύσσημα
1497 4031 1586 4084 τῆς
1634 4024 1823 4090 οἰκίας,

2006 4024 2170 4078 Vers.
2213 4023 2302 4077 40.
2347 4021 2491 4077 Dicit
2522 4052 2589 4063 -—
2621 4021 2829 4078 videte.
2885 4024 3015 4077 Non
3066 4020 3170 4076 dat
3220 4019 3601 4076 habitationis

224 4111 367 4163 Θελωδ
393 4113 592 4176 αὐτοὺς
624 4111 944 4181 ἀκολουθεῖν,
969 4114 1053 4165 ἶνα
1079 4117 1166 4165 καὶ
1193 4112 1342 4165 πλέον
1369 4111 1528 4187 θαρῥή
1540 4131 1726 4169 σωσιν,

1974 4113 2133 4183 igna,
2173 4111 2379 4167 volens
2421 4115 2484 4166 ut
2537 4110 2618 4166 illi
2651 4115 3062 4182 sequerentur,
3125 4125 3248 4181 quo
3309 4109 3604 4180 majorem

1935 4202 2223 4258 baberent
2281 4201 2592 4256 fiduciam.

287 4290 476 4344 Ἦλθον
547 4321 613 4330 —
699 4287 917 4349 δεκάτη.
992 4290 1424 4363 Ἐπισημαίνεται
1494 4294 1588 4348 τὴν
1667 4292 1822 4365 ὥραν,

2006 4292 2169 4346 Vers.
2201 4294 2286 4346 40.
2331 4291 2625 4346 Venerunt
2651 4320 2718 4330 —
2742 4289 2990 4345 decima.
3026 4291 3244 4343 Horam
3275 4285 3595 4355 signiﬁcat,

220 4383 563 4454 οἱνιττόμενος
628 4382 822 4433 τούτων
887 4400 939 4432 τε
999 4385 1057 4432 1:0
1114 4381 1409 4452 φιλομαθὲς,
1469 4379 1710 4432 κάκείνου
1770 4383 1826 4433 τὸ

1974 4382 2080 4438 tin
2110 4381 2481 4437 hisinnuens
2521 4379 2913 4451 discipulatus
2970 4377 3359 4442 desiderium,
3420 4381 3477 4432 et
3533 4376 3596 4431 in

221 4471 598 4546 φιλάνθρωπον,
624 4472 704 4523 ὅτι
732 4467 847 4523 οὐδ’
875 4472 974 4523 ὑπὸ
1001 4480 1091 4530 τῆς
1120 4472 1258 4544 ὧρας
1288 4469 1684 4542 ἀπετράπησαν,
1716 4468 1823 4529 ἤδη

1966 4472 2036 4526 llo
2085 4471 2544 4534 humanitatem,
2606 4468 2772 4541 quod
2819 4484 3016 4540 neque
3061 4475 3305 4540 propter
3353 4471 3596 4537 tempus

219 4564 342 4632 πρὸς
370 4558 586 4634 δυσμάς
617 4562 762 4622 ὄντος
790 4567 882 4612 τοῦ
913 4559 1087 4626 ἡλίου,
1121 4557 1235 4612 οὐδ’
1264 4559 1685 4634 ἐπροφασίσαντο
1710 4561 1825 4632 (63)

1967 4561 2133 4617 .versi
2175 4565 2334 4623 sunt,
2367 4576 2503 4614 cum
2540 4560 2666 4629 jam
2702 4557 2792 4613 sol
2817 4557 2888 4613 ad
2920 4573 3201 4613 occasum
3236 4555 3597 4611 declinaret:

219 4653 300 4701 τὸν
319 4655 524 4726 καιρὸν,
558 4652 660 4702 εἴτε
691 4669 740 4701 τι
767 4651 954 4724 ἕτερον.

1935 4667 2128 4722 neque
2150 4653 2403 4721 tempus,
2439 4654 2540 4704 aut
2579 4647 2742 4703 aliud
2771 4647 3085 4719 quippiam
3133 4647 3362 4702 causati
3403 4650 3562 4700 sunt.

287 4739 347 4791 Ei
415 4737 475 4792 δὲ
521 4737 756 4810 ἀλλαχοῦ
800 4738 954 4810 λέγει,
1001 4743 1071 4811 μὴ
1128 4740 1262 4809 ἔχει,
1317 4746 1416 4790 ποῦ
1456 4743 1549 4796 τὴν
1602 4739 1826 4811 κεφαλὴν

2009 4739 2178 4804 Quod
2206 4739 2255 4792 si
2278 4737 2416 4792 alibi
2441 4737 2660 4792 dicitse
2688 4753 2800 4792 non
2826 4735 3050 4792 habere
3075 4735 3179 4790 ubi
3209 4739 3386 4806 caput
3417 4750 3597 4790 suum

219 4827 383 4901 κλίνῃ,
416 4829 476 4882 οῦ
519 4834 637 4903 περὶ
677 4828 842 4889 οἰκίας
877 4827 1053 4890 ἅπλῶς
1089 4833 1242 4880 τοῦτὸ
1289 4847 1467 4900 φησιν,
1527 4825 1656 4879 ἀλλά
1705 4833 1825 4900 περὶ

1968 4827 2250 4883 eclinaret
2281 4828 2350 4890 ³⁸,
2377 4842 2498 4881 non
2559 4827 2674 4881 hoc
2713 4825 3055 4896 simpliciter
3092 4825 3167 4880 de
3221 4825 3406 4880 domo
3435 4821 3598 4891 dicit,

221 4913 377 4979 ἰδίας.
471 4914 638 4971 ¹Ιὸίαν
724 4919 822 4992 γάρ
915 4917 1006 4970 οὐκ
1094 4924 1254 4990 εἶχεν,
1344 4915 1450 4969 ἀλλ’
1536 4915 1826 4991 ἀλλοτρίαις

1974 4917 2043 4974 ed
2082 4917 2156 4973 de
2186 4917 2429 4988 propria
2467 4916 2692 4971 domo:
2737 4930 2932 4988 neque
2961 4915 3123 4970 enim
3164 4913 3474 4986 propriam
3495 4912 3604 4968 ha-

220 5005 495 5079 ἐκέχρητο.

1938 5006 2137 5072 bebat,
2181 5005 2286 5060 sed
2316 5005 2527 5061 alienis
2557 5004 2855 5060 utebatur.

281 5093 401 5148 Ὀτι
492 5099 582 5170 μὲν
661 5091 750 5148 οὖν
821 5095 945 5170 παρ’
1011 5095 1153 5168 αὐτῷ
1203 5099 1402 5170 ἔμειναν
1482 5101 1575 5156 τὴν
1629 5098 1825 5172 ἡμέραν

2009 5097 2155 5152 Dicit
2183 5095 2386 5166 itaque
2453 5093 2820 5163 evangelista
2860 5093 3156 5150 mansisse
3207 5093 3372 5164 ipsos
3431 5090 3599 5164 apud

287 5293 334 5327 ³⁸
365 5293 570 5350 Matth.
607 5294 746 5359 Vill,
790 5298 879 5351 20.

1446 5392 1668 5460 Variae
1699 5392 2026 5460 lectiones
2053 5401 2114 5457 et
2156 5398 2358 5457 notae.

288 5577 404 5649 (62)
436 5586 540 5632 Τοῦ
568 5579 735 5638 addit
763 5580 830 5636 Α.
2013 5576 2125 5649 (63)
2157 5572 2298 5629 Οῦδὶ
2326 5580 2751 5652 προφασίσαντος
2779 5578 2846 5632 Α.

287 5756 371 5832 (h)
411 5758 548 5816 Soli.
583 5763 873 5836 lnterpres
902 5759 1132 5818 videtur
1157 5759 1475 5827 invenisse,
1505 5755 1601 5814 δύο
1633 5761 1747 5813 τότε
1781 5762 1950 5833 μόνοι,
1988 5757 2155 5833 quod
2185 5773 2298 5817 nec
2331 5757 2472 5815 mihi
2505 5755 2790 5831 displicet.
