4128 6386
487 296 630 353 1139

1840 294 2183 351 EUTHYMII
2221 295 2548 354 ZIGABENI

3730 302 3876 358 1140

487 439 626 478 eum
655 421 750 477 die
780 419 922 476 illo:
955 419 1120 493 quod
1157 424 1358 476 autem
1379 420 1650 478 instructi
1691 421 1811 478 sint
1849 427 2143 494 tanquam

2271 422 2449 483 ἐκείνην
2508 423 2642 478 εἶπεν
2687 427 2712 477 ὁ
2770 425 3163 498 εὐαγγελιστὴ·
3220 427 3301 478 ὅτι
3352 421 3412 478 δὲ
3469 421 3870 498 ἕδιδοξχθησαν.

487 511 874 568 manifestum
907 509 1142 581 reliquit
1177 509 1652 580 intelligendum.
1686 514 1941 567 Tantum
1984 511 2144 566 enim

486 616 613 656 una
643 605 815 655 nocte
849 598 1238 670 profecerunt,
1283 604 1344 654 ut
1375 599 1452 656 ad
1485 599 1737 655 aliorum
1770 599 2148 656 venationem

487 688 759 762 sequenti
785 689 880 743 die
911 687 1320 760 procederent.

561 781 804 851 Oportet
862 777 1042 847 igitur
1085 783 1142 834 et
1203 794 1314 833 nos
1362 778 1437 834 ob
1485 779 1716 835 nullum
1766 779 2149 850 tergiversari

487 873 724 940 tempus
779 867 856 923 ab
909 866 1225 922 audiendis
1275 867 1368 922 his
1413 885 1550 940 qua:
1599 869 1794 925 divina
1833 874 1991 935 sunt,
2045 869 2151 925 sed

485 958 692 1014 omnia
721 956 815 1012 his
854 957 1186 1027 posteriora
1210 957 1448 1013 ducere.
1482 958 1610 1013 Alia
1641 958 1930 1030 siquidem
1978 975 2150 1014 mun-

487 1047 651 1103 dana
667 1047 949 1102 universa
971 1051 1209 1117 tempus
1247 1047 1472 1103 habent
1507 1069 1519 1100 :
1553 1048 1632 1104 ad
1664 1048 1796 1103 haec
1815 1063 1949 1104 vero
1969 1063 2149 1103 omne

486 1142 726 1208 tempus
767 1141 892 1191 esto
942 1135 1328 1191 conveniens.

559 1227 720 1281 Vers.
745 1230 834 1282 41.
854 1226 1000 1281 Erat
1025 1256 1091 1267 —
1109 1241 1260 1282 eum.
1279 1226 1531 1282 Alterius
1565 1227 1724 1284 siluit
1745 1227 2106 1283 vocabulum
2130 1267 2145 1293 ,

486 1317 552 1389 (i)
586 1317 706 1371 sive
743 1316 888 1388 quia
927 1315 1177 1384 insignis
1209 1331 1330 1372 non
1363 1322 1488 1372 erat
1529 1317 1618 1372 vel
1662 1318 1932 1388 cognitus
1975 1335 1989 1384 ;
2031 1318 2148 1373 sive

484 1405 606 1477 ipse
631 1405 736 1477 qui
756 1406 884 1460 haec
919 1404 1118 1460 scribit
1147 1411 1292 1472 erat,
1322 1411 1386 1462 ut
1411 1404 1662 1478 quidam
1706 1406 1930 1461 dicunt.

558 1585 718 1638 Vers.
753 1585 841 1637 42.
886 1583 1119 1648 Reperit
1151 1615 1219 1622 —
1244 1583 1521 1650 Christus.
1567 1586 1773 1641 Sermo
1814 1588 1901 1640 est
1940 1584 2150 1641 admo-

487 1673 636 1728 dum
666 1672 922 1728 laetantis
975 1690 988 1728 :
1039 1674 1372 1729 Invenimus
1411 1690 1593 1746 quem
1661 1674 2088 1746 quaerebamus
2132 1715 2144 1740 ,

2257 514 2326 574 ὡς
2371 511 2634 588 πρόδηλον
2688 515 2855 587 ἀφῆκε
2905 516 3158 569 νοεῖσθαι.
3216 521 3474 568 Τοσοῦτον
3522 517 3623 590 γὰρ
3668 514 3717 567 ἐν
3771 522 3875 588 μιᾷ

2254 608 2402 654 νυκτὶ
2441 603 2800 675 ὠφελήθησαν,
2845 606 2914 666 ὡς
2957 604 3070 677 μεθ’
3120 605 3317 676 ἡμέραν
3357 602 3432 676 ἐφ’
3485 603 3665 678 ἐτέρων
3703 608 3872 678 θήραν

2257 691 2414 745 ἐλθεῖν
2447 695 2606 745 αὐτού
2618 714 2658 755 ς.

2327 787 2440 854 Χρὴ
2495 787 2664 834 τοίνυν
2713 788 2802 836 καὶ
2833 785 2969 856 ἡμᾶς
3021 780 3226 854 μηδένα
3274 783 3697 856 προφασίζεσθαι
3740 805 3869 838 και-

2255 874 2344 946 ρὸν
2394 871 2460 932 εἰς
2491 871 2742 944 ἀκρόασιν
2786 874 2945 938 θείαν,
2995 871 3123 925 ἀλλὰ
3173 874 3343 926 πάντα
3397 868 3617 946 δεύτερα
3671 876 3870 935 ταύτης

2254 959 2580 1032 λογίζεσθαι.
2622 961 2795 1015 Τᾶλλα
2831 965 2921 1035 μὲν
2968 965 3070 1034 γὰρ
3117 963 3220 1014 ὅσα
3266 960 3494 1034 βιωτικὰ
3522 965 3704 1036 καιρὸν
3749 962 3870 1036 ἐχέ-

2256 1067 2348 1101 τω·
2399 1053 2530 1123 πρὸς
2587 1053 2782 1110 ταύτην
2843 1047 2902 1105 δὲ
2952 1057 3055 1114 πᾶς
3103 1053 3228 1124 ἡμῖν
3281 1054 3414 1105 ἔστω
3460 1056 3642 1127 καιρὸς
3689 1051 3872 1111 ἑπιτή·

2259 1137 2416 1201 δειος.

2326 1228 2422 1281 Ἦν
2475 1260 2540 1270 —
2596 1228 2757 1300 αὐτῷ.
2794 1236 2897 1282 Τοῦ
2942 1229 3114 1304 ἑτερου
3170 1235 3550 1304 παρεσιώπησε
3596 1235 3688 1290 τὴν
3742 1231 3870 1291 κλῆ-

2259 1339 2362 1385 σιν,
2409 1323 2438 1377 ἤ
2510 1315 2650 1371 διότι
2695 1319 2788 1372 οὐκ
2844 1316 2904 1378 ἧν
2959 1328 3058 1372 τῶν
3117 1319 3388 1392 ἐπισήμων
3441 1325 3529 1374 καὶ
3593 1325 3871 1395 γνωρίμων

2257 1407 2463 1474 ἐκεῖνος,
2509 1409 2536 1468 ἦ
2591 1410 2671 1462 ὅτι
2720 1409 2881 1472 αὐτὸς
2926 1406 3008 1476 ἦν,
3042 1411 3068 1461 ὁ
3116 1418 3284 1463 ταῦτα
3337 1412 3570 1482 γράφων,
3621 1412 3686 1471 ὦς
3734 1415 3872 1474 τινές

2258 1517 2415 1570 φασιν
2429 1542 2442 1555 ,

2328 1590 2574 1662 Εὑρίσκει
2611 1619 2680 1629 -
2729 1593 2975 1662 Χριστός.
3032 1585 3242 1662 Σφόδρα
3289 1593 3572 1664 χαίροντος
3617 1591 3642 1642 ὀ
3688 1588 3870 1660 λόγος.

2257 1678 2562 1750 Εὑρήκαμεν
2594 1677 2646 1728 ὃν
2679 1676 2977 1750 ἐζητοῦμεν,
3012 1678 3066 1730 ὃν
3097 1674 3499 1752 προσεδοκῶμεν
3531 1679 3692 1746 ἡξειν,
3728 1678 3781 1730 ὃν
3816 1681 3873 1730 αἰ

486 1779 668 1834 quem
723 1767 1038 1817 venturum
1105 1766 1522 1833 sperabamus,
1588 1780 1771 1836 quem
1840 1764 2148 1834 Scripturae

2271 1772 2455 1840 Γραφαὶ
2489 1767 2857 1838 κατήγγελλον.
2890 1767 3000 1840 Ἀφ’
3034 1769 3102 1819 ὧν
3127 1771 3227 1844 γὰρ
3257 1767 3679 1840 ἐμυσταγωγήθη
3711 1777 3874 1828 συνῆ-

488 1851 992 1908 annuntiaverunt
1018 1868 1030 1918 ;
1055 1868 1195 1916 nam
1225 1853 1304 1908 ab
1325 1853 1415 1908 his
1441 1854 1599 1909 hunc
1620 1869 1753 1908 esse
1779 1854 2078 1923 cognovit,
2115 1870 2150 1909 a

486 1939 706 2009 quibus
736 1940 814 1996 ad
847 1957 1020 1997 sacra
1048 1941 1423 1998 introductus
1463 1946 1575 1999 est.

559 2030 884 2087 Considera
912 2048 1070 2097 vero,
1125 2034 1287 2105 quod
1324 2033 1382 2087 hi
1412 2032 1591 2088 etiam
1637 2049 1776 2089 cum
1821 2033 2150 2105 piscatores

491 2125 691 2176 essent
715 2121 1026 2192 Scripturis
1049 2121 1320 2178 animum
1346 2123 1737 2178 advertebant
1771 2139 1784 2178 :
1819 2139 1928 2178 nos
1947 2130 2150 2179 autem

487 2209 587 2280 qui
618 2209 693 2264 de
731 2211 814 2264 eis
853 2210 1260 2282 colloquimur,
1305 2211 1367 2268 in
1424 2212 1632 2283 eisque
1684 2228 2000 2268 versamur
2050 2212 2146 2284 (j),

487 2313 879 2370 nequaquam
907 2306 1106 2356 tamen
1139 2301 1291 2356 adeo
1319 2300 1592 2356 animum
1614 2301 2005 2357 attendimus.

2259 1876 2341 1908 κεν
2373 1858 2451 1908 ὅτι
2483 1857 2636 1918 αὐτὸς
2659 1857 2826 1915 ἐστιν,

2329 2033 2465 2108 Ὀρα
2495 2032 2553 2087 δὲ
2581 2037 2681 2099 ὅτι,
2715 2040 2804 2087 καὶ
2837 2034 2994 2097 ἁλιεῖς
3040 2040 3193 2103 ὄντες,
3243 2044 3532 2112 προσεῖχον
3575 2045 3692 2099 ταῖς
3739 2043 3871 2111 Γρα-

2261 2131 2376 2196 φαῑς
2409 2141 2421 2153 °
2483 2126 2632 2194 ἡμεῖς
2687 2122 2765 2188 δὲ,
2807 2131 2893 2178 καὶ
2948 2126 3242 2198 ὁμιλοῦντες
3293 2126 3489 2190 αὐταῖς,
3557 2123 3672 2179 οὐδ’
3732 2127 3872 2179 οὕτω

2259 2216 2594 2286 προσέχομεν
2628 2214 2762 2285 (64).

560 2389 603 2458 -ιο
628 2388 1018 2445 Medtatorem
1047 2389 1337 2458 videlicet,
1373 2407 1560 2461 genus
1593 2407 1629 2447 a
1656 2393 1773 2446 Deo
1809 2407 1880 2446 ac
1910 2390 2261 2448 hominibus
2294 2391 2631 2448 ducentem.

562 2479 725 2532 Vers.
767 2482 852 2534 43.
887 2479 961 2532 Et
985 2481 1294 2535 ——Jesum.
1332 2482 1660 2550 Postquam
1685 2480 1960 2536 videlicet
1989 2481 2152 2535 dixe-

491 2570 585 2622 rat
612 2583 748 2638 quaa
789 2567 866 2622 ab
893 2583 962 2622 eo
1011 2568 1303 2625 audierat.
1351 2569 1656 2640 Siquidem
1697 2569 1809 2624 hoc
1849 2585 2152 2640 germanae

493 2655 881 2711 fraternitatis
930 2660 1036 2722 est,
1079 2657 1195 2711 hoc
1244 2658 1490 2712 sincera:
1544 2657 1840 2729 amicitiae,
1892 2664 1953 2714 ut
2015 2659 2155 2714 boni

494 2745 848 2815 participem
910 2752 1178 2802 assumat
1209 2751 1264 2800 et
1292 2747 1556 2803 fratrem.
1609 2749 1896 2803 Fortassis
1953 2755 2155 2804 autem

495 2848 620 2888 non
633 2833 974 2905 retulitquae
989 2834 1065 2889 ab
1082 2851 1151 2890 eo
1168 2836 1449 2907 mysteria
1465 2837 1756 2901 audierat,
1788 2837 1894 2892 sed
1925 2843 2156 2894 tantum

497 2920 602 2976 ubi
628 2920 917 2977 dixisset:
958 2923 1295 2980 Invenimus
1347 2926 1644 2992 Mess-iam,
1677 2927 1845 2982 duxit
1896 2943 2033 2982 eum
2082 2928 2154 2983 ad

498 3010 722 3077 Jesum,

501 3098 851 3172 Christoque
884 3101 1158 3169 traderet,
1191 3103 1381 3159 sciens
1419 3104 1584 3176 quod
1625 3104 1717 3160 ille
1749 3107 1988 3161 doceret
2019 3123 2158 3162 eum

499 3188 803 3246 universa.

573 3280 734 3334 Vers.
784 3280 872 3336 43.
925 3281 1183 3337 Intuitus
1239 3315 1309 3322 —
1356 3283 1586 3340 Petrus.
1642 3286 1785 3351 Qum
1837 3286 2165 3342 divinitatis

505 3372 642 3423 sunt
691 3368 974 3442 deinceps
1029 3389 1063 3426 a
1111 3371 1390 3428 vaticinio
1417 3374 1647 3445 aperire
1686 3374 1905 3447 incipit.
1976 3375 2167 3447 Siqui-

504 3458 643 3513 dem
671 3473 791 3513 non
823 3462 1024 3514 minus
1062 3461 1326 3518 alliciunt
1371 3463 1646 3518 homines
1687 3464 2014 3535 ρῐόρὴθῐίδθ
2064 3470 2166 3521 aut

503 3545 842 3602 futurorum
897 3548 1293 3614 anuuntiatio,
1365 3567 1553 3623 quam
1609 3552 1800 3622 signa.
1880 3554 2168 3609 Praeterea

500 3637 708 3695 .minus
726 3636 904 3693 etiam
933 3644 1135 3709 patent
1159 3640 1432 3706 invidiae;
1460 3658 1600 3697 nam
1637 3644 1811 3714 signa
1841 3643 2168 3698 calumnia-

506 3725 720 3780 bantur
761 3725 1123 3797 insipientes.
1165 3730 1235 3784 In
1290 3731 1616 3797 Beelzebut,
1657 3732 1958 3802 inquiunt,
2010 3733 2165 3803 ejicit

509 3814 812 3871 daemonia.
854 3819 933 3871 De
973 3817 1294 3889 prOphetiis
1347 3836 1488 3875 vero
1518 3819 1664 3875 nihil
1691 3820 1802 3876 tale
1833 3821 2056 3877 dixisse
2083 3822 2160 3877 le-

511 3907 753 3972 guntur.

583 3995 649 4048 Et
703 3993 862 4050 circa
920 3996 1223 4054 Simonem
1281 3998 1523 4070 quidem
1571 4004 1625 4054 et
1676 3999 2007 4056 Nathanael
2056 4000 2167 4056 hoc

507 4097 654 4136 usus
684 4089 770 4140 est
800 4085 1001 4142 modo.
1037 4090 1114 4142 De
1141 4087 1363 4144 andrea
1393 4093 1595 4144 autem
1626 4094 1682 4144 et
1722 4089 1993 4162 philippo
2022 4090 2168 4146 nihil

508 4173 858 4229 vaticinatus
884 4181 990 4229 est.
1021 4177 1323 4248 Siquidem
1339 4178 1604 4233 Andreas
1643 4180 1890 4234 Joannis
1917 4181 2168 4235 testimo-

507 4262 607 4316 nio
666 4268 948 4318 attractus
1003 4271 1092 4320 est
1140 4284 1158 4336 ;
1230 4265 1536 4337 Philippus
1588 4283 1725 4322 vero
1783 4269 1992 4323 videns
2033 4269 2166 4324 illos

504 4351 609 4422 qui
637 4353 835 4422 ipsum
861 4355 1283 4425 sequebantur,
1317 4355 1396 4411 ad
1425 4355 1606 4412 ﬁdem
1635 4358 1834 4429 etipse
1875 4358 2168 4415 adductus

509 4445 613 4497 est.
648 4444 723 4496 De
746 4442 915 4498 Petro
946 4443 1184 4514 quidem
1208 4445 1590 4516 prophetavit
1620 4448 1795 4518 cujus
1813 4448 2165 4516 essetﬁlius,

508 4535 566 4586 et
596 4546 717 4601 quo
741 4532 1050 4587 vocandus
1110 4540 1264 4590 esset
1293 4536 1560 4594 nomine.

581 4621 789 4684 Quaere
834 4626 1123 4693 praeterea
1151 4622 1228 4677 ad
1270 4623 1677 4694 perfectiorem
1719 4627 2166 4698 intelligentiam

508 4710 677 4764 tertio
704 4709 870 4779 juxta
898 4710 1230 4766 Matthaaum
1260 4714 1454 4785 capite
1484 4716 1624 4782 dicti
1653 4716 1808 4771 illius
1841 4718 2165 4773 enarratio-

507 4813 648 4854 nem
670 4820 682 4854 :
700 4799 1196 4857 AmbulansJesus
1215 4804 1377 4859 circa
1393 4819 1558 4861 mare
1575 4804 1848 4869 Gatitcew,
1860 4805 2007 4862 vidit
2020 4808 2167 4863 duos

2339 2486 2438 2534 Καὶ
2487 2513 2552 2522 —-
2599 2483 2828 2539 Ἰησοῦν,
2883 2483 3050 2535 Εἰπὼν
3098 2485 3132 2536 οἱ
3179 2487 3395 2548 ἤκουσε,
3450 2479 3694 2541 δηλονότι
3749 2486 3884 2559 παρ’

2266 2570 2442 2624 αὑτοῦ.
2506 2577 2669 2623 Τοῦτο
2725 2577 3074 2642 γνησιότητος
3137 2569 3437 2644 ἀδελφικῆς,
3492 2580 3643 2624 τοῦτο
3705 2573 3882 2645 φιλίας

2267 2659 2593 2734 εἰλικρινοῦς,
2688 2665 2928 2712 κοινωνὸν
3003 2669 3094 2714 τοῦ
3175 2661 3376 2733 ἀγαθον
3461 2662 3881 2735 προσλαμϐάνειν

2266 2755 2356 2802 καὶ
2397 2754 2480 2802 τὸν
2512 2746 2748 2821 ἀδελφόν.
2791 2749 2944 2811 Ἴσως
2985 2748 3043 2803 δὲ
3098 2757 3187 2803 καὶ
3236 2749 3359 2804 οὐδὲ
3399 2747 3533 2805 εἶπεν
3579 2752 3612 2804 ἃ
3656 2752 3883 2816 ἐμυστα-

2265 2842 2508 2910 γωγὴθη,
2551 2837 2679 2890 ἀλλὰ
2725 2843 2877 2910 μόνον
2931 2840 3105 2907 εἰπὼν,
3167 2842 3469 2915 Εὑρήκαμεν
3521 2846 3605 2894 τον
3655 2848 3876 2914 Μεσίαν,

2267 2930 2460 2999 ἢγαγεν
2483 2927 2637 2980 αὑτὸν
2668 2932 2798 3002 πρὸς
2824 2933 2910 2982 τὸν
2936 2930 3158 2998 Ἰησοῦν⁹
3181 2938 3333 2983 τοῦτο
3354 2937 3506 3003 μόνον
3534 2928 3878 3000 σπουδάζων,

808 3011 867 3066 id
948 3012 1145 3068 solum
1221 3014 1467 3070 studens
1524 3021 1584 3071 ut
1648 3015 1848 3087 ipsum
1896 3019 2156 3072 duceret.

2272 3014 2482 3087 ἀγαγεῖν
2509 3017 2664 3068 αὐτὸν
2695 3022 2784 3070 καὶ
2809 3015 3140 3090 παραδοῦναί
3171 3039 3222 3072 τι
3241 3029 3311 3091 τῷ
3343 3028 3582 3091 Χριστῷ,
3604 3026 3880 3092 γινώσκων

2273 3106 2350 3158 ὅτι
2379 3109 2435 3158 τὸ
2465 3113 2564 3159 πᾶν
2597 3105 2780 3168 ἐκεῖνος
2815 3108 2971 3160 αὑτὸν
2995 3105 3223 3171 διδάξει.

2344 3284 2634 3357 Ἐμϐλέψας
2706 3317 2774 3326 -
2859 3290 3070 3358 Πέτρος.
3164 3286 3424 3360 Ἀρχεται
3494 3287 3673 3340 λοιπὸν
3750 3309 3884 3364 παρ-

2275 3379 2497 3446 ανοίγειν
2547 3379 2611 3428 τὰ
2659 3383 2749 3436 τῆς
2812 3378 3054 3438 θεότητος
3082 3375 3184 3428 ἀπὸ
3229 3376 3574 3452 προρρήσεως.
3636 3378 3745 3430 Οὐκ
3787 3375 3890 3437 ἧτ-

2276 3485 2360 3518 τον
2425 3468 2526 3537 γὰρ
2583 3474 2682 3518 τῶν
2743 3471 2970 3538 σημείων
3031 3468 3086 3519 αἱ
3160 3475 3472 3540 προφητεῖαι
3532 3471 3891 3542 προσάγονται

2276 3559 2392 3616 τοὺς
2469 3554 2794 3628 ἀνθρώπους,
2869 3558 2943 3607 ἔτι
3017 3552 3076 3608 δὲ
3152 3561 3238 3609 καὶ
3312 3561 3369 3608 τὸ
3438 3555 3887 3632 ἀνεπαχθέστερον

2276 3647 2468 3715 ἔχουσι
2501 3647 2577 3698 Τὰ
2605 3648 2696 3716 μὲν
2734 3647 2836 3718 γὰρ
2872 3652 3066 3716 σημεῖα
3111 3651 3200 3699 καὶ
3239 3643 3506 3699 διέϐαλλον
3555 3649 3604 3699 οἱ
3653 3645 3884 3704 ἀνόητοι.

2275 3736 2359 3788 Ἐν
2453 3733 2755 3794 Βεελζεϐοὐλ
2853 3737 2978 3809 γὰρ,
3068 3743 3246 3807 φησὶν,

2277 3829 2462 3896 μόνια’
2511 3828 2624 3896 περὶ
2688 3821 2746 3876 δὲ
2804 3834 2903 3875 τῶν
2956 3835 3280 3898 προφητειῶν
3349 3823 3500 3880 οὐδὲν
3555 3826 3726 3898 ἔλεγον
3783 3846 3888 3880 τοι·

2277 3933 2446 3970 ουτον.

3335 3735 3567 3788 ἐκϐάλλει
3629 3740 3694 3788 τὰ
3771 3733 3864 3790 δαι

2352 4007 2452 4055 Καὶ
2478 4000 2560 4055 ἐπὶ
2599 4004 2688 4074 μὲν
2735 4009 2826 4056 τοῦ
2869 4008 3090 4075 Σίμωνος
3123 4008 3213 4056 καὶ
3260 4011 3352 4056 τοῦ
3389 4005 3672 4065 Ναθαναὴλ
3719 4009 3890 4078 τούτῳ

2277 4095 2538 4166 κέχρηται
2596 4100 2666 4161 τῷ
2713 4096 2912 4164 τρόπῳ’
2963 4091 3047 4146 ἐπὶ
3097 4089 3155 4145 δέ
3209 4102 3300 4145 τοῦ
3351 4090 3598 4166 Ἀνδρέου
3656 4099 3746 4146 καὶ
3793 4102 3891 4147 τοῦ

2280 4181 2536 4234 Φιλίππου
2582 4177 2732 4232 οὐδὲν
2773 4186 3108 4254 προφητεύει.
3152 4188 3294 4234 Διότι
3335 4180 3586 4256 Ἀνδρέας
3622 4188 3712 4257 μὲν
3764 4204 3892 4258 προ-

2279 4271 2587 4328 κατείληπτο
2621 4267 2713 4322 δια
2737 4279 2829 4331 τῆς
2853 4277 3151 4345 μαρτυρίας
3197 4271 3435 4326 Ἰωάννου
3469 4291 3479 4302 ·
3514 4273 3763 4334 Φᾶιππος
3805 4271 3885 4340 δὲ,

2203 4392 2247 4445 D
2280 4361 2409 4431 ὀρῶν
2439 4363 2554 4419 τοὺς
2594 4359 3005 4422 ἀκολουθοῦντας
3045 4361 3206 4432 αὐτ-ῳ,
3241 4367 3370 4436 πρὸς
3402 4366 3579 4415 πίστιν
3609 4368 3694 4416 καὶ
3729 4363 3890 4427 αὐτὸς

2278 4447 2700 4522 ἐχειραγωγεῖτο.
2747 4455 3108 4524 Προεφήτευσε
3145 4449 3204 4504 δὲ
3234 4456 3352 4523 περὶ
3381 4460 3472 4504 τοῦ
3505 4459 3721 4526 Πέτρου,
3756 4458 3896 4515 τίνος

2275 4542 2331 4590 τέ
2356 4537 2494 4591 ἐστιν
2526 4541 2658 4604 υἱὸς,
2687 4544 2776 4592 καὶ
2804 4545 2855 4592 τί
2876 4541 3216 4599 κληθήσεται.

2347 4634 2586 4686 Ζήτησον
2632 4625 2690 4680 δὲ
2744 4634 2832 4681 καὶ
2881 4633 3014 4702 πρὸς
3068 4638 3139 4700 τῷ
3187 4630 3318 4684 τέλει
3357 4639 3448 4684 τοῦ
3503 4636 3682 4696 τρίτου
3737 4650 3895 4703 κεφα-

2275 4715 2424 4769 λαίου
2483 4725 2574 4770 τοῦ
2639 4721 2776 4770 κατὰ
2832 4721 3095 4775 Ματθαίον
3144 4723 3236 4778 τὴν
3283 4717 3535 4791 ἐξήγησιν
3593 4728 3684 4772 τοῦ
3738 4727 3892 4790 Περι-

2279 4815 2453 4859 πατῶν
2530 4803 2589 4859 δὲ
2681 4805 2825 4881 ποιρὰ
2893 4812 2988 4866 τὴν
3069 4807 3336 4861 θάλασσαν
3415 4819 3512 4872 τῆς
3586 4807 3885 4874 Γαλιλαίας,

1739 5031 1960 5102 Variae
1989 5034 2318 5104 lectiones
2346 5046 2412 5103 et
2441 5045 2642 5104 notae.

579 5255 688 5328 (64)
718 5255 988 5329 Scholio
1036 5271 1290 5329 prorsus
1341 5256 1563 5327 inepto,
1619 5257 1785 5329 quod
1848 5259 2171 5314 Hentenius

502 5326 685 5383 habet
715 5328 808 5382 hic
839 5326 1142 5391 continuo,
1179 5327 1295 5383 mei
1339 5326 1564 5385 carent.
1607 5326 1703 5384 E—st
1767 5329 2169 5400 interpretatio

602 5521 644 5590 ι)
692 5522 1084 5578 Vocabulum.
1131 5527 1380 5579 Nomen.

619 5594 650 5671 ῖὶ
683 5593 794 5657 Οιιὶ
814 5595 987 5671 decis
1025 5597 1420 5671 colloquimur
1445 5627 1510 5636 —
1560 5612 1885 5671 versamur.
1933 5599 2166 5671 Duplici

507 5665 687 5742 {nodo
744 5665 1018 5742 reddidit,
1073 5672 1159 5718 καὶ
1216 5668 1506 5738 ὁμιλοῦντες
1541 5669 1748 5730 αὐταῖς.
1776 5669 2002 5742 Ὀμιλεῐν
2029 5665 2166 5734 ’ταῖς

507 5736 736 5803 Γραφαῖς
766 5741 852 5791 est
880 5737 1130 5796 Litteras
1154 5736 1356 5796 sacras
1383 5747 1662 5806 tractare,
1702 5736 1847 5798 aliis
1861 5759 2161 5812 exponere,

2280 5260 2683 5388 stymolotgica
2733 5261 3000 5318 hominis
3045 5262 3253 5330 Graeci,
3302 5266 3407 5337 qui
3457 5269 3645 5338 μεσίας
3701 5271 3902 5339 αμέσος

2324 5349 2543 5388 erivav1
2577 5376 2587 5387 .

2324 5349 2587 5389 erivavu.

2280 5529 2358 5582 De
2382 5528 2788 5585 sacerdotibus
2819 5529 2981 5584 enim
3013 5529 3300 5597 loquitur.

2346 5601 2430 5673 (lc)
2456 5601 2772 5674 ilnquiurnt.
2801 5603 2879 5655 Ac
2911 5602 2958 5656 si
3001 5601 3206 5674 legerit
3250 5606 3401 5674 φασί.
3435 5603 3548 5659 Sed
3589 5603 3900 5664 multoties

2276 5673 2595 5743 singularis
2626 5673 2806 5728 etiam
2838 5673 2918 5728 ita
2955 5673 3292 5728 adhibetur.
