4128 6386
209 344 337 405 1141

1234 339 1610 398 COMMENT.
1662 338 1733 394 IN
1769 338 2123 395 JOANNEM.
2166 371 2236 384 -—
2274 339 2434 397 CAP.
2478 338 2529 398 Ῑ.

3448 341 3591 401 1142

210 469 307 526 εἶδε
367 467 460 522 δύο
514 463 789 541 ἀδελφούς,
851 472 1059 541 Σίμωνα
1115 470 1201 520 τὸν
1262 468 1533 541 λεγόμενον
1586 470 1798 538 Πέτρον,

1935 468 2155 531 ’ratres,
2188 468 2489 524 Simonem
2520 467 2627 540 qui
2653 472 2891 524 vocatur
2919 468 3147 536 Petrus,
3197 473 3253 525 et
3285 467 3585 527 Andream

208 566 291 615 καὶ
371 554 616 631 Ἀνδρέαν
735 560 822 610 τὸν
911 554 1133 630 ἀδελφὸν
1233 557 1415 621 αὐτοῦ,
1518 555 1806 629 βάλλοντας

212 647 591 724 ἀμφίϐληστρον
645 646 717 708 εἰς
778 651 872 705 τὴν
940 646 1232 701 θάλασσαν.
1300 653 1418 699 Ἔτι
1475 642 1534 698 δι
1603 649 1695 696 καὶ
1758 642 1806 695 ἐν

210 749 277 812 τῷ
306 734 474 810 ὀγδόῳ
516 736 775 809 κεφαλαίῳ
813 744 904 789 τοῦ
948 739 1085 789 κατὰ
1127 738 1341 810 Μάρκον
1391 739 1484 794 τὴν
1534 734 1806 808 ἑρμηνείαν

209 837 317 891 τοῦ,
394 832 492 881 Καὶ
582 825 800 884 ἐπέθηκε
869 834 941 898 τῷ
1027 832 1219 899 Σίμωνι
1319 830 1479 899 ὄνομα
1576 827 1802 896 Πέτρον·

213 919 333 972 me
360 923 446 970 καὶ
474 920 602 992 πρὸς
632 925 703 987 τῷ
724 917 851 969 τέλει
883 923 977 969 τοῦ
1006 913 1229 969 δεκάτου
1250 916 1530 989 κεφαλαίου
1558 924 1651 967 τοῦ
1672 916 1809 967 κατὰ

213 1013 412 1063 Λονκᾶν
444 1012 538 1065 τὴν
584 1004 912 1079 διασάφησιν
950 1013 1063 1075 τοῦ,
1110 1008 1177 1059 Οἱ
1216 1002 1275 1059 δὲ
1318 1006 1479 1068 ἁλιεῖς
1527 1004 1810 1065 ἀποϐάντες

213 1097 293 1150 ἀπ’
337 1096 522 1161 αὐτῶν,
599 1094 890 1148 ἁπέπλυναν
956 1098 1023 1148 τὰ
1080 1092 1274 1148 δίκτυα
1331 1095 1631 1148 Συντελοῦσι
1704 1096 1807 1169 γὰρ

210 1188 409 1240 ἅπαντα
438 1186 510 1246 εἰς
539 1188 597 1238 τὸ
628 1190 984 1261 προκείμενον.

274 1283 462 1329 Τοῦτον
515 1278 604 1348 μὲν
661 1271 748 1327 οὖν
818 1279 1005 1346 Πέτρον
1083 1274 1371 1345 ὠνόμασεν,
1431 1273 1676 1327 Ἰάκωϐον
1750 1270 1811 1325 δὲ

210 1370 293 1418 καὶ
342 1365 578 1422 Ἰωάννην
651 1367 794 1425 υἱοὺς
867 1362 1108 1439 βροντῆς,
1169 1361 1438 1430 δεικνύων,
1498 1366 1580 1416 ὅτι
1654 1362 1810 1425 αὐτὸς

210 1454 343 1508 ἔστιν
387 1456 412 1507 ὁ
443 1458 532 1507 καὶ
573 1453 621 1506 ἐν
678 1463 739 1526 τῇ
801 1454 1007 1525 Παλαιᾴ
1057 1456 1123 1505 τὰ
1175 1454 1405 1525 ὀνόματα
1457 1452 1810 1529 μεταρρυθμί-

212 1564 320 1609 σας,
376 1549 468 1596 καὶ
521 1548 606 1595 τὸν
659 1547 748 1616 μὲν
814 1542 1022 1615 Ἀϐραμ
1091 1542 1330 1618 Ἀϐραὰμ
1392 1543 1636 1609 καλέσας,
1717 1547 1811 1600 τὴν

210 1631 264 1686 δί
295 1636 458 1707 Σάραν
510 1633 726 1709 Σάρραν,
781 1639 869 1686 καὶ
925 1637 1009 1684 τὸν
1056 1632 1243 1684 Ἰακωϐ
1290 1632 1504 1706 Ισραήλ.
1539 1637 1663 1684 Τισὶ
1721 1634 1811 1703 μὲν

207 1720 287 1776 οὖν
318 1724 371 1775 ἐκ
400 1733 611 1795 γενετῆς
652 1726 867 1781 ἐπέθηκε
892 1726 956 1775 τα
1000 1722 1251 1795 ὀνόματα,
1301 1728 1411 1774 τισὶ
1466 1720 1525 1774 δὲ
1570 1722 1807 1781 ὕστερον.

205 1813 295 1865 Ὧν
338 1818 428 1885 μὲν
487 1813 601 1885 (65)
671 1816 773 1887 γὰρ
824 1814 855 1870 ἡ
906 1811 1060 1886 ἀρετὴ
1119 1808 1435 1884 διαλάμπειν
1509 1810 1707 1884 ἔμελλεν
1756 1809 1812 1862 ἐκ

209 1908 409 1976 πρώτης
462 1902 578 1975 (66)
636 1906 845 1975 τριχὸς,
898 1904 1116 1961 τούτους
1167 1901 1219 1963 ἐξ
1273 1899 1450 1974 ἀρχῆς
1500 1901 1807 1973 ὠνόμασενο

209 1993 271 2042 ὧν
299 1989 356 2044 δὲ
383 1992 622 2066 ὕστερον,
654 1994 863 2052 τούτους
892 1991 1131 2065 ὕστερον.

274 2178 344 2245 Τῇ
378 2171 625 2247 ἐπαύριον
674 2202 738 2212 -
769 2175 985 2245 Πέτρου.
1013 2178 1085 2242 Τῇ
1137 2169 1380 2243 ἐπαύριον
1429 2172 1518 2242 μὲν
1562 2170 1811 2227 ἠθέλησεν

210 2260 435 2325 ἐξελθεῖν,
466 2261 526 2313 ού
553 2270 614 2333 τῇ
649 2259 892 2331 ἐπαύριον
934 2258 993 2312 δὲ
1029 2262 1259 2334 εὑρίσκει
1285 2263 1371 2311 τόν
1398 2259 1667 2325 Φίλιππον,
1704 2257 1813 2310 ἀλλ’

211 2351 439 2423 ὕστερον,
471 2354 603 2424 μετὰ
648 2355 706 2403 τὸ
754 2349 1159 2403 ἐπισπάσασθαι
1207 2354 1396 2422 Πέτρον
1427 2355 1516 2401 καὶ
1566 2346 1813 2423 Ἀνδρέαν

209 2446 289 2493 καὶ
312 2440 557 2494 Ἰακωϐον
606 2446 696 2492 καὶ
732 2442 992 2507 Ἰωάννην,
1027 2443 1097 2501 ὡς
1128 2437 1228 2491 ἀπὸ
1263 2448 1362 2491 τῶν
1411 2440 1574 2491 ἄλλων
1606 2439 1813 2510 εύαγγεο

209 2531 386 2583 λιστῶν
425 2531 595 2593 ἔξεστι
632 2526 1024 2602 διαγινώσκειν,

276 2620 429 2673 Ἀλλὰ
476 2625 614 2682 τίνος
671 2622 830 2672 ἕνεκεν
882 2620 975 2671 οὐκ
1029 2622 1397 2691 ἐμνημόνευσε,
1458 2628 1567 2680 πῶς
1625 2618 1814 2679 αύτούς

213 2709 421 2776 ιῑλκυσε,
487 2718 783 2784 περιπατῶν
840 2711 984 2781 παρά
1044 2712 1132 2766 τὴν
1190 2708 1458 2760 θάλασσαν
1519 2716 1609 2767 τῆς
1659 2707 1812 2760 Γαλι-

213 2798 389 2867 λαίας;
444 2804 589 2852 Διότι
648 2801 918 2860 Ματθαῖος
964 2802 1054 2850 καὶ
1106 2800 1317 2871 Μάρκος
1372 2806 1525 2849 τούτο
1573 2794 1813 2871 παραδε-

214 2884 465 2941 δώκασιν.
525 2890 663 2941 Ἐπεὶ
689 2886 746 2941 δὲ
777 2892 841 2940 τὰ
870 2892 1005 2940 κατὰ
1032 2891 1118 2939 τὸν
1171 2887 1421 2940 Φίλιππον
1480 2886 1659 2939 ἐκεῖνοι
1715 2906 1811 2938 πα-

212 2976 491 3052 ρέδραμον,
550 2987 716 3031 ταῦτα
771 2986 878 3039 νύν,
932 2979 1083 3039 οὗτος
1142 2976 1473 3048 ἀπαγγέλλει.
1538 2979 1691 3047 Λέγει
1754 2972 1812 3028 δὲ

210 3068 389 3139 αύτῷὸ
440 3069 676 3133 Ἰησοῦς,
730 3067 1027 3121 Ἀκολούθει
1079 3087 1187 3140 μοι,
1223 3072 1493 3138 γινώσκων
1540 3068 1620 3118 ὅτι
1664 3067 1816 3117 ποθεί

208 3161 290 3229 μὶν
346 3157 710 3217 ἀκολουθῆσαι
776 3162 865 3209 καὶ
935 3156 1113 3221 αὐτὸς,
1179 3155 1415 3217 ἀκηκοὼς
1465 3161 1583 3229 περὶ
1651 3155 1810 3208 αὑτοῦ

207 3250 340 3321 παρὰ
390 3256 496 3300 τῶν
562 3246 1008 3299 ἀκολουθούντων·
1063 3246 1353 3299 εὐλαϐεῖται
1402 3242 1479 3301 δὲ.
1550 3248 1675 3298 Λύει
1724 3241 1810 3296 οὖν

208 3336 357 3388 αὐτοῦ
383 3343 484 3395 τὴν
522 3333 678 3389 uilio).
735 3341 891 3407 Λέγει
948 3332 1061 3388 δὲό
1110 3336 1487 3407 εύαγγελιστὴς
1528 3340 1617 3387 καὶ
1656 3342 1811 3397 ποίας

207 3427 384 3487 πόλεως
437 3423 526 3490 ἧν,
596 3427 675 3477 ὅτι
736 3424 836 3477 ἀπὸ
910 3422 1206 3490 Βηθσαῐδά,
1281 3433 1371 3485 τῆς
1437 3423 1664 3484 εὐτελοῦς
1722 3429 1810 3476 καὶ

209 3515 416 3587 φαύλης,
470 3516 553 3567 ἶνα
581 3517 752 3587 μάθῃς
782 3516 861 3566 ὄτι
888 3517 952 3566 τὰ
979 3513 1166 3573 ἀσθενῆ
1198 3522 1288 3567 τοῦ
1315 3519 1518 3587 κόσμου
1550 3512 1808 3577 ἐξελέξατο

210 3605 232 3655 ὁ
262 3610 407 3668 Θιός.

271 3698 522 3769 Εύρίσκιι
537 3693 789 3756 Φίλιππος
801 3696 888 3747 τὸν
902 3694 1202 3753 Ναθαναήλ.
1221 3696 1366 3747 Μετὰ
1382 3697 1439 3746 τὸ
1455 3693 1812 3753 ἀκολουθῆσαι

208 3791 273 3853 τῷ
293 3792 515 3858 Χριστῴ
548 3781 810 3841 δηλονότι.

275 3881 370 3929 Καὶ
428 3905 507 3916 --
560 3876 865 3947 εὑρήκαμεν.
917 3881 1105 3948 Πεῖραν
1159 3873 1320 3926 αὐτοῦ
1383 3872 1574 3939 λαϐὼν,
1645 3873 1813 3946 κήρυξ

207 3964 356 4017 αύτοῡ
400 3969 610 4037 γίνεται
665 3969 986 4035 παραυτίκα,
1034 3968 1123 4015 καὶ
1176 3969 1445 4034 γινώσκων
1496 3967 1581 4015 τὸν
1632 3965 1809 4016 Ναθα-

205 4054 326 4114 ναὴλ
346 4052 727 4129 ἀκριϐέστατον
759 4056 806 4105 ἓν
846 4073 899 4106 τε
941 4060 1053 4113 ταῖς
1099 4060 1338 4123 νομικαῑς
1366 4059 1455 4105 καὶ
1510 4061 1624 4114 ταῖς
1681 4072 1811 4127 προ-

210 4152 447 4214 φητικαίς
504 4148 775 4217 Γραφαῖς·
820 4147 910 4194 καὶ
964 4145 1065 4217 γὰρ
1119 4139 1179 4200 ἧν
1228 4144 1294 4193 τὰ
1354 4150 1572 4193 τοιαῦτα
1614 4142 1812 4216 ἄριστα

211 4228 600 4305 διεσκεμμένος,
652 4233 717 4291 ὠς
792 4236 881 4283 καὶ
930 4232 955 4282 ὀ
1023 4234 1249 4305 Χριστὸς
1316 4230 1667 4303 ἐμαρτύρησε,
1719 4235 1811 4282 καὶ

210 4328 262 4373 τὸ
292 4327 433 4397 ἔργον
484 4319 674 4384 ἔδειξεν
701 4339 711 4350 ·
755 4320 838 4373 ἐπὶ
868 4324 953 4373 τὸν
984 4325 1214 4374 Μωύσέα
1242 4326 1331 4371 καὶ
1381 4324 1501 4381 τοὺς
1548 4326 1813 4395 προφήτας

209 4412 356 4465 αὐτὸν
403 4415 763 4484 παραπέμπει,
810 4412 1218 4471 κατασκευάζων
1269 4411 1456 4463 ἐκεῖθεν
1507 4409 1812 4473 ἀξιόπιστον

210 4506 297 4559 τὴν
325 4507 442 4576 περὶ
474 4508 565 4553 τοῦ
594 4508 828 4573 Χριστοῦ
859 4504 1152 4575 μαρτυρίαν
1188 4500 1397 4553 ἑαυτοῦ.

277 4593 482 4651 Ἰησοῦν
511 4595 597 4643 τὸν
625 4593 735 4643 υἱὸν
765 4592 982 4663 Ἰωσήφ.
1022 4589 1138 4643 Ἐτι
1163 4594 1264 4665 γὰρ
1294 4594 1480 4643 τούτου
1523 4593 1635 4653 υἱὸς
1684 4589 1810 4644 εἶναι

211 4680 487 4754 ἐνομιζετο.

276 4778 372 4824 Τὸν
428 4772 530 4825 ἀπὸ
586 4772 847 4844 Ναζαρέτ.
905 4772 997 4822 Ἐκ
1050 4772 1292 4845 Ναζαρὲτ
1350 4770 1544 4843 ἐλέγετο
1609 4769 1702 4823 διὰ
1753 4774 1811 4824 τὸ

207 4872 460 4936 τραφῆναι
482 4862 530 4914 ἓν
559 4863 687 4934 αὐτῇ
700 4902 712 4915 .

279 4958 377 5005 Καὶ
426 4984 497 4993 —
554 4949 720 5019 εἶναι;
775 4950 1005 5003 Ἀκούων
1062 4956 1155 5001 τοῦ
1204 4954 1473 5023 προφήτου
1532 4950 1808 5021 λέγοντος·

212 5046 307 5093 Καὶ
365 5046 451 5108 σὺ,
512 5042 756 5113 Βηθλεὲμ,
789 5047 857 5111 γῆ
919 5034 1113 5101 Ἰούδα,
1161 5036 1409 5111 οὐδαμῶς
1462 5037 1719 5111 ἐλαχίστη
1771 5036 1815 5092 εἶ

209 5127 254 5180 ἄν
296 5138 410 5192 ταῖς
459 5134 712 5204 ἡγεμόσιν
768 5125 966 5183 Ἰούδα.
1030 5130 1120 5181 Ἐκ
1180 5137 1275 5180 σοῦ
1331 5131 1431 5203 γὰρ
1488 5128 1809 5192 ἐξελεύσεται

276 5311 326 5345 ὀ
358 5310 557 5368 Matth.
601 5328 678 5377 IV,
706 5310 797 5365 18.
874 5309 922 5345 ³ο
965 5310 1146 5366 Maro.
1175 5324 1256 5375 ιιι,
1296 5313 1382 5365 16.

1463 5311 1507 5345 ’ί
1544 5311 1662 5365 Luc
1682 5324 1761 5373 vr,
1804 5312 1860 5364 2.

1912 556 2170 625 fratrem
2244 559 2388 628 ejus,
2458 559 2752 614 mittentes
2832 564 2954 615 rete
3017 559 3082 614 in
3155 575 3314 616 mare
3384 563 3456 614 ’9.
3496 561 3587 616 Ad

1916 646 2045 701 haec
2101 653 2311 702 octavo
2378 648 2550 719 juxta
2632 649 2893 703 Marcum
2944 649 3139 721 capite
3202 649 3367 704 verbi
3428 650 3585 705 illius

1917 735 2462 807 interpretationem
2493 738 2605 792 :Et
2657 736 2937 807 imposuit
2981 738 3208 794 Simoni
3238 755 3445 795 nomen
3478 741 3586 795 Pe-

1919 832 2043 880 trus
2098 829 2165 880 ³ο.
2202 826 2314 881 Sed
2373 831 2429 881 et
2476 826 2587 881 loci
2639 826 2797 881 illius
2829 826 3313 899 explanationem
3354 828 3585 885 decimo

1920 916 2112 981 capite
2140 917 2436 987 Evangelii
2467 917 2798 973 secundum
2837 920 3053 974 Lucam
3091 940 3103 974 :
3130 919 3449 975 Piscatores
3480 936 3584 974 au-

1920 1006 2032 1057 tem
2087 1002 2513 1058 descenderant
2567 1017 2642 1059 ea:
2702 1003 2840 1067 illis,
2895 1011 2949 1061 et
2979 1004 3301 1060 abluebant
3339 1005 3487 1061 retia
3510 1006 3580 1061 ³¹.

1922 1094 2137 1149 Omnia
2165 1094 2325 1149 enim
2351 1094 2665 1149 conferunt
2698 1094 2774 1151 ad
2804 1110 2875 1151 ea
2899 1111 3034 1167 quas
3064 1095 3160 1150 hic
3183 1101 3511 1167 ponuntur.

1992 1272 2158 1327 Hunc
2190 1272 2390 1344 itaque
2420 1272 2749 1328 nominavit
2780 1275 3014 1329 Petrum
3063 1289 3077 1328 :
3108 1274 3258 1329 sicut
3293 1274 3583 1331 Jacohum

1919 1366 1975 1417 et
2000 1364 2295 1417 Joannem
2332 1361 2504 1417 Filios
2530 1362 2786 1431 tonitrui,
2831 1363 3147 1418 ostendens
3197 1378 3261 1417 se
3283 1379 3422 1418 eum
3450 1379 3585 1418 esse

1920 1452 2021 1523 qui
2046 1450 2104 1505 in
2126 1451 2311 1505 Veteri
2336 1467 2579 1523 quoque
2594 1451 2975 1507 Testamento
2999 1451 3249 1506 nomina
3265 1451 3591 1524 adaptave-

1921 1544 2029 1604 rat,
2063 1540 2281 1595 Abram
2306 1556 2529 1596 vocans
2544 1540 2869 1606 Abraham,
2905 1542 3113 1597 Saram
3148 1556 3289 1596 vero
3323 1543 3587 1607 Sarram,

1920 1634 1976 1685 et
2002 1629 2187 1684 Jacob
2228 1630 2421 1684 Israel.
2455 1633 2602 1686 Nam
2642 1630 3013 1702 quibusdam
3035 1631 3113 1686 ab
3144 1635 3278 1685 ortu
3307 1630 3579 1696 nomina,

1922 1719 2663 1791 imponebat,quibusdam
2678 1725 2880 1774 autem
2895 1719 3361 1791 postmodum.Q
3374 1736 3587 1775 uorum

1923 1808 2082 1863 enim
2111 1808 2295 1863 virtus
2327 1824 2363 1864 a
2393 1809 2601 1880 primo,
2656 1808 2820 1881 quod
2850 1808 3037 1873 aiunt,
3071 1807 3288 1880 capillo
3317 1808 3586 1878 fulgebit,

1922 1898 2013 1953 his
2045 1897 2121 1953 ab
2139 1897 2303 1953 initio
2318 1913 2537 1954 nomen
2555 1897 2839 1969 imponit:
2857 1914 3117 1971 quorum
3135 1902 3334 1955 autem
3352 1902 3586 1969 postea,

1842 1958 1891 2015 B
1924 1988 2015 2042 his
2035 1989 2216 2044 etiam
2241 1992 2479 2060 postea.

1997 2168 2161 2224 Vers.
2187 2168 2277 2223 44.
2310 2170 2548 2225 Postero
2577 2168 2675 2224 die
2693 2197 2762 2211 —
2791 2167 2957 2223 Vers.
2988 2168 3079 2225 45.
3131 2166 3312 2223 Petri.
3346 2167 3591 2224 Postero

1923 2272 2067 2312 sane
2098 2257 2193 2313 die
2231 2258 2417 2313 voluit
2464 2258 2642 2322 exire,
2684 2261 2745 2313 at
2791 2272 2912 2313 non
2944 2261 3180 2328 postero
3229 2257 3325 2313 die
3373 2257 3590 2328 reperit

1926 2347 2270 2419 Philippum,
2314 2347 2416 2401 sed
2448 2347 2835 2419 postmodum
2884 2353 3208 2419 postquam
3260 2350 3497 2403 Petrum
3530 2350 3590 2401 et

1923 2437 2228 2500 Andream,
2276 2436 2571 2492 Jacobum
2599 2452 2669 2491 ac
2689 2437 2973 2491 Joannem
3005 2441 3347 2495 attraxerat.
3374 2451 3590 2508 quem-

1923 2525 2257 2581 admodum
2282 2526 2359 2581 ab
2394 2526 2526 2581 aliis
2551 2526 2929 2595 evangel‘istis
2946 2525 3081 2581 licet
3108 2525 3405 2595 colligere.

1960 2616 2073 2672 Sed
2095 2632 2277 2687 quam
2293 2615 2371 2671 ob
2389 2631 2516 2671 rem
2531 2631 2649 2670 non
2666 2615 2937 2671 meminit
2954 2615 3264 2687 quomodo
3282 2630 3384 2669 eos
3414 2618 3593 2669 attra-

1922 2705 2071 2761 xerit
2100 2705 2421 2760 ambulans
2433 2706 2589 2760 circa
2606 2721 2771 2760 mare
2788 2705 3043 2760 Galileeas
3060 2706 3086 2759 ?
3100 2704 3250 2769 Quia
3283 2703 3591 2759 Matthasus

1922 2795 2226 2850 etMarcus
2261 2795 2370 2848 hoc
2406 2794 2797 2850 tradiderunt.
2840 2794 2953 2850 Sed
2980 2794 3124 2864 quia
3144 2792 3224 2847 illi
3260 2792 3594 2864 praetermi-

1923 2890 2139 2945 serant,
2172 2900 2308 2955 qute
2341 2883 2497 2939 circa
2529 2883 2873 2953 Philippum
2891 2882 3403 2945 acciderant,haec
3423 2898 3586 2937 nunc

1921 2980 2027 3035 iste
2058 2974 2412 3029 manifestat.
2436 2973 2527 3028 Ait
2553 2979 2752 3028 autem
2793 2972 2873 3027 illi
2930 2973 3142 3027 Jesus:
3193 2972 3450 3043 Sequere
3477 2987 3590 3028 me.

1922 3064 2125 3119 Sciens
2151 3063 2396 3135 quidem
2420 3063 2659 3119 ethunc
2704 3062 2831 3133 jam
2876 3062 3079 3117 animo
3118 3066 3412 3127 secutum,
3450 3078 3591 3118 cum

1921 3154 1994 3209 de
2020 3170 2090 3209 eo
2105 3154 2361 3209 audisset
2391 3153 2468 3208 ab
2502 3152 2591 3207 his
2621 3152 2725 3223 qui
2746 3152 3170 3223 sequebantur,
3197 3152 3302 3206 sed
3319 3166 3590 3207 reveren-

1923 3245 2003 3298 tia
2042 3243 2313 3309 detineri,
2348 3242 2524 3298 solvit
2553 3258 2688 3297 eum
2713 3251 2898 3296 metu.
2932 3241 3078 3296 Dicit
3108 3245 3309 3296 autem
3336 3255 3597 3310 evange-

1850 3318 1888 3371 (Ἰ
1920 3334 2051 3388 lista
2090 3349 2210 3405 qua
2252 3333 2324 3387 sit
2383 3332 2690 3403 Philippus
2740 3331 2974 3386 civitate
3028 3330 3343 3395 oriundus,
3373 3334 3523 3402 puta
3556 3346 3595 3387 ει

1923 3423 2236 3478 Bethsaida
2255 3422 2352 3477 vili
2376 3438 2445 3477 ac
2475 3420 2722 3490 ignobili
2756 3436 2769 3475 :
2805 3425 2869 3476 ut
2896 3420 3051 3476 scias
3103 3418 3269 3492 quod
3302 3418 3593 3490 ignobilia

1923 3512 2130 3568 mundi
2160 3512 2396 3585 elegerit
2436 3511 2611 3566 Deus.

1993 3695 2161 3749 Vers.
2182 3695 2270 3749 46.
2311 3688 3243 3763 ReperitPhilippusNathanael.
3268 3688 3599 3760 Postquam

1923 3783 2196 3839 videlicet
2218 3782 2517 3837 Christum
2547 3785 2789 3836 secutus
2840 3785 2989 3835 erat.

1996 3877 2156 3929 Vers.
2188 3877 2275 3928 46.
2306 3870 3083 3941 Et—invenimus.Sumpto
3100 3869 3174 3924 de
3207 3868 3340 3940 ipso
3363 3866 3598 3939 experi-

1925 3963 2352 4028 mento,statim
2376 3962 2731 4033 praedicator
2745 3960 3352 4029 efﬁcitur;sciensque
3376 3958 3599 4013 Natha-

1924 4053 2059 4109 nael
2085 4053 2144 4107 in
2178 4052 2326 4121 legis
2353 4068 2422 4106 ac
2442 4051 2864 4121 prOphetarum
2879 4048 3194 4120 Scripturis
3208 4048 3595 4119 diligentissi-

1926 4141 2419 4213 mum,siquidem
2437 4139 2633 4195 eratin
2646 4138 2732 4193 eis
2752 4138 3008 4193 maxime
3024 4136 3594 4207 versatus,quemad

1925 4229 2166 4285 modum
2196 4232 2254 4282 et
2290 4226 2415 4297 ipse
2439 4224 2698 4281 Christus
2756 4227 3088 4286 attestatur,
3121 4226 3179 4277 et
3215 4237 3309 4276 res
3336 4221 3470 4291 ipsa
3498 4220 3599 4276 de-

1927 4318 2282 4374 monstravit
2312 4335 2324 4371 :
2352 4315 2430 4370 ad
2453 4316 2676 4369 Mosem
2698 4328 2769 4369 ac
2790 4311 3108 4383 prophetas
3146 4326 3285 4366 eum
3325 4309 3595 4373 remittit,

1924 4408 2292 4464 conﬁrmans
2312 4404 2448 4460 inde
2485 4419 2661 4459 suum
2685 4403 2760 4457 de
2779 4401 3011 4459 Christo
3027 4398 3436 4455 testimonium
3454 4413 3596 4454 esse

1923 4499 2043 4555 ﬁde
2076 4497 2358 4568 dignum.

1995 4589 2158 4645 Vers.
2182 4587 2486 4642 46.1esum
2514 4584 2705 4654 ﬁlium
2729 4582 2969 4652 Joseph.
3009 4579 3222 4636 Adhuc
3244 4578 3408 4635 enim
3434 4576 3600 4634 ﬁlius

1843 4673 1888 4728 D
1924 4679 2053 4750 ejus
2078 4694 2207 4733 esse
2239 4676 2586 4748 putabatur.

1994 4772 2155 4824 Vers.
2183 4768 2276 4827 46,
2316 4768 2363 4821 Α
2398 4764 2721 4821 Nazareth.
2755 4764 2801 4818 Α
2831 4761 3120 4819 Nazareth
3150 4758 3288 4815 ideo
3352 4758 3604 4815 diceba-

1924 4865 2036 4924 tur,
2070 4858 2236 4931 quod
2262 4856 2343 4911 ibi
2374 4856 2629 4911 nutritus
2649 4858 2827 4909 esset.

1992 4949 2153 5004 Vers.
2188 4950 2274 5002 47.
2332 4946 2408 5001 Et
2448 4975 2517 4985 -
2578 4959 2693 5001 esse
2717 4942 2745 4997 ‘P
2775 4945 2924 5001 Cum
2954 4941 3314 5013 prophetam
3362 4937 3605 4997 audiret

1923 5038 2254 5094 dicentem:
2287 5036 2362 5089 Et
2396 5042 2480 5099 tu,
2504 5035 2814 5098 Bethleem,
2837 5037 2995 5088 terra
3022 5030 3203 5094 Juda,
3228 5042 3598 5099 nequaquam

1926 5129 2175 5184 minima
2205 5140 2261 5182 es
2286 5125 2445 5181 inter
2454 5125 2832 5194 principatus
2862 5121 3023 5177 Juda
3065 5136 3082 5176 :
3114 5134 3189 5175 ex
3217 5126 3267 5174 te
3306 5116 3451 5173 enim
3480 5116 3600 5173 exi-

1416 5487 1640 5555 Variae
1668 5486 2003 5555 lectiones
2035 5494 2103 5553 et
2141 5494 2347 5553 notae.

280 5693 397 5838 :65)
424 5697 529 5770 Γάρ
552 5696 745 5754 abest.
777 5698 844 5752 Α.

307 5769 396 5838 66)
436 5767 738 5838 Chrysost.
781 5772 840 5823 to

307 5769 396 5838 66)
436 5767 738 5841 Chrysost.
781 5772 943 5829 tom.
978 5768 1112 5831 Vill,
1142 5780 1205 5839 Ρ.
1253 5771 1351 5825 113
1400 5770 1459 5824 Β.
1502 5767 1589 5823 Ἐκ
1620 5771 1829 5840 πρώτης

1935 5693 2164 5755 ἡλικίας.

2011 5766 2123 5836 (67)
2156 5766 2257 5817 Καί
2280 5763 2607 5836 interponit
2642 5763 2710 5817 Α.
