4128 6390
502 326 646 384 1143

499 542 793 598 Bethleem
827 542 1122 598 Christum
1153 541 1541 614 exspectabat
1571 559 1585 597 :
1648 557 1810 596 nunc
1841 545 2042 596 autem
2066 555 2168 595 au-

501 632 670 688 diens
691 647 830 687 eum
859 634 1227 687 Nazarenum
1263 646 1415 697 esse,
1475 631 1750 687 turbatus
1790 629 2168 686 estetadmi-

501 721 771 785 rabatur,
799 737 922 776 non
944 721 1254 776 inveniens
1283 721 1533 792 Philippi
1563 720 1808 776 verbum
1850 719 2167 775 convenire

499 810 842 883 prophetiae,
873 811 1127 882 ideoque
1149 811 1427 883 opinatus
1453 811 1611 866 hunc
1631 809 1793 866 circa
1816 808 2016 865 locum
2037 825 2167 864 esse

498 899 762 972 lapsum,
794 899 1116 970 benignam
1138 900 1308 972 ﬁngit
1328 900 1746 971 objectionem,
1771 898 2029 955 innuens
2045 914 2167 955 non

499 991 584 1046 ita
612 990 815 1062 ipsum
842 990 1153 1046 inventum
1174 1007 1322 1058 esse,
1342 991 1447 1047 sed
1479 1007 1619 1046 eum
1642 1007 1770 1047 esse
1798 1006 1834 1046 a
1853 990 2165 1055 Nazareth,

498 1079 643 1152 plan
674 1079 1132 1152 quodammodo
1159 1081 1226 1152 (ί)
1256 1097 1361 1153 per
1395 1080 1645 1136 modum
1685 1079 2166 1149 interrogationis

499 1169 748 1241 repellit,
783 1187 956 1225 suam
990 1171 1314 1226 ostendens
1355 1171 1512 1226 circa
1553 1171 1889 1240 Scripturas
1911 1169 2164 1240 diligen-

500 1260 668 1325 tiam,
699 1266 754 1315 et
771 1259 1252 1317 infallibilitatem
1271 1261 1600 1330 ﬁgurarum
1626 1261 1754 1332 (m).

572 1352 668 1405 Est
697 1354 900 1405 autem
927 1349 1118 1406 simile
1161 1367 1230 1407 ac
1263 1352 1312 1406 si
1342 1351 1600 1406 diceret:
1638 1352 1842 1406 Utrum
1876 1349 1999 1404 ﬁeri
2042 1355 2166 1422 pot-

499 1443 605 1503 est,
639 1444 704 1494 ut
735 1455 770 1494 a
800 1439 1088 1495 Nazareth
1118 1439 1270 1496 adeo
1300 1440 1518 1510 exigua
1547 1444 1603 1494 et
1630 1439 1860 1509 abjecta
1894 1439 1967 1493 sit
1996 1439 2167 1511 quip-

501 1528 659 1599 piam
694 1527 870 1584 boni?
891 1531 1036 1583 Nam
1055 1528 1298 1586 Galilaea
1319 1546 1354 1585 a
1391 1528 1612 1585 Judais
1645 1527 1798 1583 male
1829 1527 2117 1584 audiebat
2150 1552 2161 1583 :

502 1631 683 1687 porro
709 1615 1266 1673 NazarethGalilaaaa
1292 1618 1502 1674 civitas
1526 1624 1671 1674 erat.
1710 1617 2165 1673 Dicebatautem

501 1704 617 1759 hoc
648 1704 1034 1771 certissimus,
1069 1705 1235 1777 quod
1255 1722 1377 1762 non
1404 1706 1762 1771 aN'azareth,
1801 1706 1899 1762 sed
1935 1723 1969 1761 a
2003 1705 2165 1762 Beth-

503 1793 658 1850 leem
689 1799 1128 1866 exspectaretur
1158 1795 1449 1852 Christus.

572 1973 733 2029 Vers.
764 1975 850 2030 47.
884 1974 1050 2031 Dixit
1098 2005 1168 2016 —
1196 1974 1345 2032 vide.
1374 1975 1616 2031 Modum
1645 1991 1770 2047 quo
1796 1975 1906 2031 hoc
1938 1974 2166 2031 dixerat

499 2064 809 2133 ignorans,
842 2068 1183 2136 putansque
1223 2064 1390 2120 illum
1423 2063 1769 2135 simpliciter
1795 2064 2016 2120 civitati
2059 2068 2166 2120 Na-

500 2152 1046 2217 zarethdetrahere,
1066 2153 1229 2210 ducit
1246 2155 1443 2226 ipsum
1463 2153 1541 2210 ad
1555 2153 1856 2209 Christum
1875 2157 2161 2226 tanquam

502 2242 706 2297 statim
737 2242 1119 2308 crediturum,
1140 2243 1188 2298 si
1208 2243 1389 2299 modo
1402 2243 1734 2299 doctrinam
1759 2259 1828 2298 ac
1850 2259 2164 2299 conversa-

500 2332 724 2387 tionem
745 2332 874 2402 ejus
896 2336 1205 2402 gustasset.

572 2424 738 2479 Vers.
801 2422 888 2478 48.
960 2421 1116 2479 Vidit
1155 2453 1223 2464 —
1260 2423 1563 2480 Israelita.
1611 2422 1910 2478 Laudavit
1963 2422 2164 2494 ipsum

499 2511 673 2584 quasi
719 2510 1144 2580 intelligentem
1175 2529 1306 2584 quae
1339 2512 1584 2581 legerat:
1627 2511 1687 2566 id
1718 2511 1876 2566 enim
1909 2517 2000 2566 est
2031 2527 2165 2568 vere

499 2599 782 2655 Israelita.
804 2599 947 2654 Nam
974 2599 1279 2672 pontiﬁces
1308 2606 1362 2655 et
1389 2599 1996 2672 Scribeequiqueillos
2029 2616 2167 2655 con-

499 2687 831 2759 tingebant,
859 2704 981 2744 non
1014 2689 1386 2744 attenJentes
1420 2705 1491 2744 ea
1518 2706 1650 2760 quae
1682 2689 1979 2758 legebant,
2014 2688 2166 2746 falso

500 2776 746 2832 nomine
766 2776 1047 2833 lsraelitae
1086 2777 1460 2834 dicebantur.

577 2869 728 2922 Vers.
762 2870 848 2922 48.
889 2867 954 2922 In
980 2896 1050 2908 --
1097 2873 1201 2923 est.
1262 2866 1477 2923 Dolum
1502 2872 1694 2932 vocat,
1738 2867 1998 2922 veritatis
2028 2884 2168 2923 con-

500 2955 817 3012 tectionem
847 2955 939 3012 vel
968 2957 1454 3012 obscurationem
1481 2973 1518 3012 a
1561 2956 1808 3012 malitia.

571 3047 733 3102 Vers.
761 3048 850 3102 49.
875 3045 1034 3102 Dicit
1074 3077 1144 3087 -—
1186 3046 1378 3101 nostri
1406 3045 1433 3100 ‘I
1466 3049 1594 3102 Non
1630 3050 1718 3102 est
1765 3044 2048 3101 laudibus
2087 3044 2167 3100 iu-

1831 322 2184 380 EUTHYMII
2218 320 2554 383 ZIGABENI

503 454 587 510 bit
679 453 825 519 dux,
873 452 976 524 qui
1030 457 1195 523 regat
1234 453 1518 524 populum
1557 467 1745 509 meum
1798 452 1992 508 Israel
2022 453 2092 519 ³³,
2134 467 2164 506 e

2279 451 2584 522 ἡγούμενος,
2660 453 2806 514 ὅστις
2877 459 3119 525 ποιμανεῖ
3192 455 3277 504 τὸν
3337 452 3582 526 Ἰσραήλ’

3749 329 3894 384 1144

3662 454 3716 507 ἐκ
3789 461 3892 514 Bn-

2281 538 2429 611 θλεεμ
2481 538 2784 615 προσεδόκα
2836 546 2926 594 τόν
2987 545 3234 615 Χριστόν.
3297 543 3490 596 Μαθὼν
3545 540 3605 596 δὲ
3662 552 3749 596 νῦν
3806 547 3891 598 ὅτι

2279 627 2379 681 ἀπὸ
2423 630 2666 703 Ναζαρέτ
2710 633 2871 696 ἐστιν,
2920 629 3211 705 ἐθορυϐήθη
3251 637 3341 684 καὶ
3388 628 3736 707 διηπόρησεν,
3778 634 3890 707 οὐχ

2279 720 2530 792 εὑρίσκων
2587 719 2940 792 συμϐαίνοντα
3102 727 3394 794 προφητείᾳ
3457 725 3542 774 τὸν
3591 721 3741 794 λόγον
3790 731 3891 775 τοῦ

2277 809 2551 863 Φιλίππου.
2623 814 2711 863 Διὸ
2782 814 2873 862 καὶ
2953 809 3293 882 λογισάμενος
3372 809 3626 884 ἐσφάλθαι
3702 820 3889 864 τοῦτον

2275 904 2394 972 περὶ
2425 903 2512 951 τόν
2560 903 2738 967 τόπον,
2783 897 2983 959 ἐπιεικῆ
3032 908 3252 952 ποιεῖται
3282 905 3624 975 παραίτησιν,
3684 901 3742 953 οὗ
3791 909 3888 954 τοῦ

2276 989 2546 1062 εὑρεθῆναι
2604 989 2776 1055 αὐτὸν,
2835 987 2964 1041 ἀλλὰ
3015 996 3106 1042 τοῦ
3158 987 3258 1042 ἀπὸ
3313 989 3556 1064 Ναζαρὲτ
3601 987 3752 1056 εἶναι,
3795 994 3890 1043 καὶ

2276 1078 2476 1149 ὁμαλῶς
2534 1098 2656 1144 πως,
2709 1077 2756 1130 ἐν
2811 1078 3113 1152 ἐρωτήσεως
3159 1079 3323 1145 τάξει,
3386 1076 3654 1132 διωθεῖται
3702 1088 3881 1150 τοῦτο,

2278 1164 2525 1220 δεικνύων
2552 1173 2608 1220 τὸ
2639 1173 2756 1242 περὶ
2783 1171 2877 1230 τὰς
2906 1171 3114 1244 Γραφὰς
3143 1167 3350 1242 ἁκριϐες
3371 1169 3554 1239 αὐτοῦ,
3580 1174 3669 1222 καὶ
3700 1174 3758 1222 τό
3783 1179 3888 1224 τῶν

2275 1263 2477 1332 τρόπων
2508 1257 2914 1320 ἀνεξαπάτητον.

2352 1347 2441 1420 [”Ο
2478 1348 2595 1419 (68)
2627 1344 2686 1400 δε
2739 1348 2892 1419 λέγει,
2939 1352 3173 1400 τοιοῦτόν
3221 1347 3381 1404 ἐστιν,
3426 1348 3563 1423 Ἀρα
3600 1347 3656 1401 ἐκ
3705 1351 3889 1411 Ναζαο

2276 1441 2362 1511 ρετ
2402 1434 2676 1509 ἐνδέχεταί
2711 1457 2762 1489 τι
2819 1435 3012 1507 ἀγαθόν
3057 1434 3204 1507 εἶναι,
3241 1439 3354 1508 (69)
3405 1443 3496 1491 καὶ
3545 1443 3660 1492 τότε
3712 1447 3886 1492 τοιοῦ-

2276 1547 2382 1589 τον,
2465 1535 2556 1587 τῆς
2586 1528 2720 1578 οὕτω
2767 1526 2962 1598 φαύλης
2991 1532 3080 1580 καὶ
3113 1525 3532 1602 ἆπερῥιμμένηςς
3584 1527 3888 1582 Διεϐάλλετο

2276 1619 2376 1690 γὰρ
2428 1617 2569 1691 παρα
2607 1623 2701 1676 τῆς
2755 1616 2868 1686 (70)
2928 1613 3191 1676 Ἰουδαίας
3239 1619 3268 1675 ἡ
3328 1616 3616 1670 Γαλιλαίοι⁶
3671 1626 3766 1680 τῆς
3828 1616 3889 1671 δὲ

2279 1703 2551 1765 Γαλιλαίας
2599 1704 2706 1758 ἐστὶ
2765 1706 2911 1778 μόλις
2963 1709 2992 1765 ἡ
3023 1706 3289 1779 Ναζαρέτ.
3358 1706 3534 1779 Ἔλεγε
3588 1704 3647 1760 δὲ
3707 1715 3883 1775 τοῦτο,

2199 1792 2242 1846 Β
2277 1794 2795 1868 πεπληροφορημένος
2834 1798 2914 1848 ὅτι
2950 1797 2975 1847 ό
3011 1793 3445 1870 προσδοκώμενος
3470 1797 3564 1849 οὐκ
3608 1800 3749 1850 ἔστιν
3782 1797 3887 1851 ἀπὸ

2276 1885 2538 1960 Ναζαρὲτ,
2573 1884 2681 1938 ἀλλ’
2721 1885 2776 1936 ἐκ
2810 1885 3060 1958 Βηθλεέμ.

2350 1979 2501 2045 Λέγει
2555 2007 2620 2014 -
2680 1971 2784 2027 ἴδε.
2841 1975 3065 2045 Ἀγνοῶν
3117 1978 3204 2027 τόν
3275 1980 3483 2048 τρόπον,
3545 1973 3621 2029 δι’
3668 1976 3720 2029 ὃν
3777 1974 3890 2032 εἷπε

2274 2071 2448 2128 τοῦτο,
2512 2068 2601 2116 καὶ
2669 2063 2838 2124 ἁπλῶς
2901 2064 3056 2116 αὐτόν
3121 2061 3414 2118 διαϐάλλειν
3486 2070 3577 2123 τὴν
3640 2067 3887 2142 Ναζαρὲτ

2276 2153 2489 2219 οἰηθεὶς,
2528 2155 2659 2206 ἕλκει
2693 2161 2870 2206 τοῦτον
2913 2152 2993 2206 ἐπὶ
3023 2157 3108 2205 τόν
3144 2157 3370 2228 Χριστόν
3410 2157 3543 2223 (7|),
3594 2157 3664 2217 ὡς
3693 2156 3889 2209 αὐτίκα

2275 2244 2706 2314 πεισθησόριενον,
2739 2245 2781 2295 εἰ
2812 2248 2964 2315 μόνον
3003 2246 3250 2314 γεύσεται
3289 2253 3377 2305 τῆς
3411 2240 3762 2307 διδασκαλίας
3793 2253 3887 2300 καὶ

2277 2331 2482 2404 ὁμιλίας
2510 2332 2688 2384 αὐτοῦ.

2349 2418 2498 2474 Εἶδεν
2560 2453 2622 2462 —-
2680 2422 3028 2496 Ἰσραηλίτης.
3095 2423 3370 2497 Ἐπῄνεσεν
3418 2423 3595 2489 αὐτόν,
3652 2427 3722 2487 ὡς
3775 2424 3886 2478 ἐπι-

2275 2517 2619 2581 γινώσκοντα,
2670 2511 2704 2563 όὶ
2750 2510 3130 2584 ἀναγινώσκεί·
3183 2520 3332 2566 τοῦτο
3380 2516 3480 2588 γὰρ
3535 2521 3626 2566 τοῦ
3679 2513 3886 2578 ἀληθῶς

2277 2600 2628 2674 Ἰσραηλίτου.
2660 2605 2725 2654 Οἱ
2767 2606 2867 2674 γαρ
2901 2601 3166 2677 ἀρχιερεῖς
3194 2608 3284 2654 καὶ
3315 2605 3362 2655 οἱ
3409 2609 3741 2675 Γραμματείς
3795 2612 3888 2657 καὶ

2277 2692 2326 2741 οἱ
2375 2692 2490 2742 κατ’
2541 2690 2782 2754 ἐκείνους,
2865 2692 2922 2744 οὗ
2972 2696 3324 2766 προσέχοντες
3373 2694 3451 2754 οἷς
3517 2691 3884 2764 ἀνεγίνωσκον,

2276 2777 2615 2853 ψευδώνυμοι
2647 2778 2780 2840 ἦσαν
2823 2781 3166 2856 Ἰσραηλῖται.

2349 2869 2432 2920 Ἐν
2486 2901 2554 2909 -
2620 2873 2751 2924 ἔστι.
2809 2869 2960 2922 Δόλον
3029 2869 3165 2943 λέγει
3232 2875 3325 2929 τὴν
3401 2871 3714 2943 ἐπικάλυψιν
3789 2879 3889 2934 τῆς

2280 2957 2374 3015 ἀλη
2386 2960 2543 3028 θείοις,
2578 2964 2672 3018 τὴν
2702 2963 2976 3033 πονηρίαν.

2349 3051 2504 3119 Λέγει
2565 3079 2630 3089 --
2684 3055 2992 3120 γινώσκεις
3053 3049 3163 3102 Οὔκ
3217 3047 3495 3121 ἐχαυνώθη
3567 3057 3676 3111 τοῖς
3731 3048 3886 3102 ἐπαί-

497 3135 696 3201 ﬂatus,
739 3135 843 3193 sed
864 3139 1037 3206 rogat
1060 3135 1218 3192 unde
1244 3151 1385 3191 eum
1415 3135 1601 3192 talem
1631 3151 1760 3192 esse
1788 3139 2165 3207 cognosceret

2277 3157 2402 3200 νοις,
2430 3135 2535 3188 ἀλλ’
2558 3136 2784 3198 ἐζήτησε
2805 3139 2984 3210 μαθεῖν
3024 3140 3174 3191 πόθεν
3199 3138 3352 3191 αὐτόν
3375 3145 3624 3210 γινώσκει
3649 3147 3886 3192 τοιοῦτον

495 3225 740 3298 qualem
779 3225 1038 3282 dicebat.

570 3314 736 3371 Vers.
765 3315 855 3371 49.
886 3315 1212 3384 Respondit
1252 3347 1317 3356 —
1349 3315 1613 3373 videbam
1651 3321 1721 3371 te.
1773 3313 1872 3370 Ille
1919 3313 2165 3387 quidem

495 3409 789 3476 tanquam
814 3405 1123 3461 hominem
1141 3404 1340 3461 adhuc
1356 3404 1630 3475 rogabat,
1660 3404 1787 3477 ipse
1818 3419 1954 3460 vero
1993 3402 2169 3474 quasi

493 3495 650 3550 Deus
687 3494 771 3551 illi
822 3494 1188 3565 respondet:
1233 3511 1377 3550 nam
1428 3511 1491 3551 sc
1545 3493 1766 3550 vidisse
1809 3493 1951 3550 dicit
2001 3493 2167 3566 quod

493 3583 694 3639 nullus
725 3583 889 3640 vidit.
911 3583 1262 3656 Priusquam
1284 3589 1473 3640 autem
1501 3584 1857 3640 occurrisset
1887 3582 2164 3654 eiPhilip-

495 3689 631 3745 pus,
671 3672 864 3729 fuerat
886 3673 1000 3729 sub
1039 3673 1177 3744 ﬁcu,
1209 3673 1373 3730 nullo
1399 3677 1694 3746 praesente
1719 3680 1824 3729 aut
1853 3673 2052 3745 ipsum
2085 3671 2166 3727 vi—

495 3762 693 3818 dente.
739 3762 905 3818 Dedit
947 3763 1151 3834 itaque
1195 3763 1432 3833 signum
1471 3763 1635 3835 quod
1683 3767 2070 3832 cognosceret
2095 3777 2164 3818 ac

495 3851 720 3908 videret
744 3868 877 3925 quae
899 3852 1243 3908 hominibus
1283 3851 1417 3908 visa
1434 3868 1556 3909 non
1579 3853 1801 3907 forent:
1841 3851 2166 3924 ideoqueet

496 3945 735 4015 tempus
755 3942 902 3998 dixit
926 3940 1190 3998 etlocum
1207 3958 1277 3998 ac
1295 3941 1597 3998 arborem.
1619 3941 1998 3998 Simuletiam
2016 3941 2166 3997 indi-

499 4033 652 4088 cavit
690 4047 752 4088 se
779 4032 1026 4088 omnino
1072 4031 1316 4087 audisse
1370 4047 1507 4102 quae
1537 4031 1782 4086 dixisset
1834 4048 1847 4087 :
1885 4032 2097 4088 Utrum
2127 4047 2164 4089 a

496 4120 804 4176 Nazareth
812 4127 1000 4192 posset
1024 4121 1322 4192 quippiam
1346 4135 1467 4176 esse
1488 4119 1651 4174 boni:
1670 4125 1724 4176 et
1745 4135 1818 4174 ex
1837 4119 1953 4175 hoc
1973 4119 2166 4190 magis

495 4208 777 4266 intellexit
830 4209 1036 4283 ipsum
1096 4225 1225 4265 esse
1262 4209 1583 4265 Christum.
1628 4208 1945 4282 Cogitabat
2003 4211 2166 4266 enim

495 4299 662 4371 quod
688 4299 857 4356 aliter
891 4315 1011 4356 non
1052 4315 1194 4355 eum
1247 4298 1579 4365 laudasset,
1633 4301 1739 4355 sed
1768 4299 1967 4372 potius
1995 4316 2167 4372 repu-

494 4387 678 4445 lisset.
1517 4413 1523 4420 -

569 4567 857 4623 Czeterum
889 4571 946 4624 et
996 4583 1033 4624 a
1072 4567 1407 4640 prophetia,
1443 4572 1502 4626 et
1536 4584 1571 4625 a
1599 4568 1777 4626 laude
1804 4569 2004 4642 ipsum
2033 4584 2167 4626 esse

497 4655 769 4712 credidit.
792 4657 1100 4730 PrOphetia
1129 4673 1268 4714 vero
1285 4674 1401 4713 non
1441 4658 1516 4716 de
1539 4657 1752 4715 futuris
1784 4663 2014 4715 tantum
2055 4663 2163 4724 est,

571 4835 619 4872 ⁸³
652 4834 833 4894 Mich.
873 4851 949 4902 vx,
977 4840 1031 4892 2.
1065 4837 1266 4895 Matth.
1291 4841 1424 4903 11,6.

2279 3228 2385 3279 οἷον
2411 3229 2566 3298 λέγει.

2353 3317 2632 3389 Ἀπεκρίθη
2703 3348 2756 3356 --
2836 3312 2973 3369 εἶδόν
3043 3336 3120 3371 σε.
3184 3316 3244 3369 ’0
3324 3319 3414 3390 μὲν
3477 3319 3547 3378 ὡς
3613 3318 3886 3390 ἄνθρωπον

2277 3405 2433 3457 αὐτόν
2477 3404 2720 3468 ἐξήταζεν
2753 3408 2859 3459 ἔτι·
2921 3405 3075 3467 αὐτὸς
3108 3403 3166 3459 δὲ
3197 3409 3262 3467 ὡς
3307 3410 3438 3468 Θεὸς
3495 3407 3635 3478 αὐτῷ
3669 3405 3888 3482 ἀποκρί-

2275 3514 2435 3547 νεται.
2481 3499 2633 3567 Λέγει
2670 3498 2772 3570 γὰρ
2816 3493 2945 3549 ἰδεῖν
2999 3496 3024 3548 ὃ
3074 3493 3244 3557 οὐδεὶς
3275 3495 3486 3570 ἑώρακε.
3525 3501 3631 3571 Πρὸ
3684 3504 3778 3550 τοῦ
3811 3496 3887 3550 ἐν·

2275 3593 2457 3655 τυχεῖν
2495 3588 2594 3660 γὰρ
2650 3585 2790 3655 αὖτῲ
2839 3588 2926 3637 τόν
2971 3585 3242 3650 Φίλιππον,
3287 3581 3347 3642 ἧν
3397 3587 3497 3638 ὑπὸ
3547 3589 3640 3643 τὴν
3695 3595 3886 3656 συκῆν,

2276 3671 2482 3734 οὐδενός
2529 3679 2777 3748 παρόν·ος
2827 3677 2858 3732 ἤ
2914 3675 3136 3747 ὁρῶντος
3186 3674 3355 3729 οὖτόν.
3411 3671 3639 3727 Δέδωκεν
3666 3675 3754 3727 οὖν
3811 3695 3888 3728 τε·

2274 3769 2493 3837 κμὴριον
2540 3762 2907 3838 ἀναντίῤῥητον
2937 3771 3029 3816 τοῦ
3085 3769 3359 3834 γινώσκειν
3406 3763 3580 3832 αὑτὸν,
3623 3769 3712 3817 καὶ
3760 3765 3886 3837 όρᾲν

2275 3856 2342 3906 τὰ
2380 3861 2488 3914 τοῖς
2544 3852 2829 3928 ἀνθρώποις
2857 3851 3071 3906 ἀθέατα.
3134 3856 3220 3905 Διὸ
3265 3858 3355 3906 καὶ
3407 3856 3495 3906 τὸν
3547 3857 3727 3928 καιρόν
3775 3855 3888 3907 εἷπε

2276 3948 2366 3995 καὶ
2401 3947 2484 3995 τόν
2514 3948 2669 3995 τόπον
2707 3946 2878 3995 καὶτὸ
2921 3938 3156 4017 δένδρον,
3191 3947 3282 3994 καὶ
3325 3942 3437 4015 οἶμα
3469 3940 3660 4005 ἔδειξεν
3687 3944 3766 3995 ὃτι
3796 3948 3889 3996 καὶ

2276 4037 2472 4092 ἤκουσε
2518 4033 2765 4093 πάντωςὸ
2806 4031 2962 4097 εἶπεν,
2993 4036 3072 4084 ὅτι
3121 4033 3208 4085 Ἐκ
3259 4032 3500 4104 Ναζαρὲτ
3556 4029 3780 4086 δύναταί
3835 4053 3889 4085 τι

2278 4123 2473 4194 ἀγαθὸν
2527 4119 2691 4175 εἶναι·
2753 4125 2842 4174 καὶ
2918 4122 2974 4173 ἐκ
3029 4125 3216 4174 τούτου
3289 4120 3478 4194 μᾶλλον
3534 4130 3754 4180 συνῆκεν
3805 4123 3888 4175 ὅτι

2279 4211 2434 4274 αὐτὸς
2463 4210 2604 4263 ἐστιν
2651 4213 2676 4263 ὁ
2708 4216 2958 4286 Χριστός.
2990 4210 3298 4282 Ἐλογίσατο
3330 4214 3430 4286 γὰρ
3463 4213 3563 4277 ὅτι,
3597 4210 3642 4264 εἱ
3687 4215 3759 4283 μὴ
3799 4208 3884 4277 ἦν,

2277 4301 2372 4354 οὐκ
2402 4300 2461 4353 ἂν
2485 4300 2725 4373 ἐπῄνεσεν
2752 4301 2929 4367 αὐτόν,
2960 4299 3067 4353 ἀλλ’
3094 4299 3345 4353 ἀπώσατο
3377 4302 3457 4356 ἄν.
3478 4303 3674 4354 Λοιπὸν
3705 4297 3799 4353 οὖκ
3831 4304 3888 4352 ἔκ

2276 4411 2330 4444 τε
2356 4398 2449 4453 τῆς
2484 4396 2802 4465 προφητείας
2845 4393 2900 4443 ἔκ
2931 4409 2984 4443 τε
3040 4397 3130 4443 τοῦ
3161 4388 3372 4442 ἐπαίνου
3423 4409 3766 4444 πεπίστευκεν
3805 4392 3888 4443 ὅτι

2199 4520 2246 4575 D
2278 4480 2430 4540 αὐτός
2461 4478 2594 4532 ἐστι.

2348 4569 2670 4645 [Προφητεὶα
2711 4569 2824 4640 (72)
2863 4566 2922 4622 δὲ
2969 4568 3160 4640 Ean-1,]
3193 4569 3289 4622 οὐκ
3345 4567 3429 4621 ἐπὶ
3465 4576 3566 4621 τῶν
3601 4567 3886 4640 μελλόντων

2277 4663 2451 4732 μόνον,
2488 4657 2618 4710 ἀλλὰ
2672 4663 2762 4710 καὶ
2804 4657 2886 4710 ἐπὶ
2945 4667 3042 4710 τῶν
3101 4657 3479 4732 παρελθόντων,
3543 4659 3668 4720 ὡςή
3720 4663 3884 4709 Maii)-

1732 4961 1958 5031 Variaa
1992 4963 2321 5032 lectiones
2356 4974 2421 5032 et
2461 4972 2665 5032 notae.

573 5160 687 5304 $68)
714 5160 1318 5217 Excideruntinclusa
1350 5165 1414 5216 Α.

599 5234 690 5297 69)
754 5237 853 5285 Καὶ
886 5236 1002 5285 τότε
1049 5241 1282 5285 τοιοῦτον
1320 5233 1378 5288 in

599 5231 690 5297 69)
754 5237 853 5285 Καὶ
886 5236 1002 5285 τότε
1049 5241 1282 5285 τοιοῦτον
1320 5233 1378 5288 in
1417 5232 1907 5304 interpretatione
1973 5231 2170 5301 negle-

499 5303 594 5359 xit
640 5305 977 5360 Hentenius.
1021 5307 1190 5360 Forte
1239 5308 1441 5359 autem
1473 5303 1894 5372 corrigendum
1945 5308 2050 5359 aut
2079 5308 2168 5356 καὶ

501 5379 560 5427 τὸ
616 5384 846 5428 τοιοῦτον
895 5379 1001 5430 aut
1065 5381 1155 5428 καὶ
1214 5382 1382 5427 ταῦτα
1445 5383 1698 5440 τοιοῦτον,
1761 5375 1987 5431 scilicet
2044 5373 2168 5446 ἀγα-

507 5448 614 5517 θὸν,
672 5446 776 5501 οἷον
808 5448 834 5499 ό
885 5451 1105 5509 Μεσίας.
1147 5449 1342 5520 Τρόποι
1380 5451 1583 5503 autem
1624 5463 1740 5502 non
1773 5451 1912 5502 sunt
1949 5448 2164 5518 ﬁgura,

573 5623 646 5696 (ι)
670 5622 986 5692 Benignam
1013 5655 1080 5696 έ
1110 5623 1556 5696 quodammodo.
1594 5625 1939 5681 Humaniter
1978 5641 2168 5680 remo-

503 5702 621 5774 vet,
661 5709 784 5774 non
810 5697 970 5766 quod
1012 5695 1291 5774 inventus
1325 5697 1418 5766 sit,
1452 5697 1555 5755 sed
1592 5697 1757 5773 quod
1804 5713 1838 5759 δ.
1883 5697 2165 5756 Nazareth

507 5764 597 5833 sit,
621 5769 679 5821 et
706 5764 884 5838 plane
910 5766 1386 5840 quodammodo.

2280 5161 2386 5218 sed
2413 5177 2614 5227 mores,
2644 5161 2965 5231 ingenium.

2373 5233 2462 5304 70)
2497 5233 2644 5304 lmo,
2686 5227 2794 5295 r'ot;
2835 5227 3585 5304 'Ioudaiocgntqﬂentenius
3611 5227 3774 5298 legit.

2372 5301 2465 5373 7i)
2493 5303 2580 5366 Ὠς
2605 5305 2774 5359 abest
2803 5304 2848 5358 A
2889 5322 2903 5372 ;
2962 5319 3100 5360 mox
3144 5301 3360 5374 legitur
3383 5302 3803 5374 πεισθησόμενος
3827 5302 3884 5355 Β.

2373 5377 2466 5448 72)
2497 5377 2628 5432 Tria
2657 5375 2786 5430 haec
2813 5374 3113 5431 vocabula
3135 5373 3353 5430 absunt
3384 5379 3449 5429 A.

2344 5625 2454 5694 (γη)
2489 5625 2865 5694 Figurarum.
2898 5626 3064 5680 Forte
3084 5623 3225 5693 legit
3254 5625 3450 5688 τύπων,
3484 5621 3615 5694 loco
3652 5624 3885 5694 τρόπων.

2277 5700 2483 5753 Sermo
2504 5693 2593 5753 est
2625 5696 2699 5752 de
2729 5696 3024 5752 constanti
3051 5711 3120 5753 ac
3167 5695 3346 5753 ﬁrmo
3374 5693 3761 5752 Nathanaelis
3796 5693 3889 5754 in-

2275 5770 2473 5842 genio,
2498 5769 2668 5843 quod
2688 5768 2810 5826 falli
2838 5783 2960 5827 non
2987 5767 3197 5842 potuit.
