4128 6404
268 326 404 384 1145

1339 320 1710 378 COMMENT.
1755 319 1821 376 ΙΝ
1858 317 2209 376 JOANNEM.
2256 351 2322 361 ——
2361 320 2519 378 CAP.
2563 322 2605 376 Ι.

3503 323 3645 379 1146

270 455 392 511 σέως
420 454 536 522 περὶ
576 456 673 511 τῆς
712 452 1096 520 κοσμογινείας·
1150 450 1238 500 καὶ
1288 445 1371 500 ἐπὶ
1423 455 1523 499 τῶν
1553 446 1855 511 ἐνεστώτων⁵

1982 460 2185 501 verum
2213 445 2391 502 etiam
2415 446 2489 502 de
2518 446 2829 520 praeteritis
2859 462 2872 512 ;
2911 444 3066 502 sicut
3093 445 3286 501 Moses
3319 445 3395 503 de
3428 448 3643 505 mundi

268 542 330 600 ὡς
359 542 476 593 ὅταν
524 540 549 591 6
589 542 823 613 Χριστός
850 538 971 611 λέγῃ
1013 539 1129 609 (73)
1160 540 1227 591 τὰ
1255 540 1305 590 ἐν
1344 544 1458 600 ταῖς
1485 533 1730 612 καρδίαις
1768 545 1866 589 τῶν

271 629 576 704 ἀνθρώπων.

336 718 618 792 Ἀπεκρίθη
678 749 747 757 —
800 717 1037 790 Ἰσραήλ.
1080 724 1275 789 Ἐγνως
1327 716 1513 789 ψυχὴν
1568 717 1668 770 ὑπὸ
1724 735 1867 791 περι-

265 812 483 882 χαρείας
567 815 889 882 σκιρτῶσαν,
970 813 1059 860 καὶ
1140 810 1627 881 περιπτυσσομένην
1708 806 1864 859 αὐτὸν

263 896 366 958 τοῖς
410 898 616 972 ῥήμασι
663 899 885 959 τούτοις·
920 900 985 950 Σὺ
1036 893 1100 967 εἶ,
1160 901 1339 968 φησὶν,
1409 896 1567 961 αὐτὸς
1608 896 1794 958 ἐκεῖνος
1837 897 1862 949 6

261 983 711 1060 προσδοκώμενος.

330 1163 467 1216 Α).λὰ
516 1168 651 1225 τίνος
713 1165 871 1218 ἕνεκεν
934 1166 959 1217 6
1023 1169 1217 1239 Πέτρος
1272 1167 1384 1237 μὲν,
1448 1167 1580 1238 μετὰ
1631 1173 1862 1217 τοσαῦτα

262 1254 501 1325 θαύματα
587 1258 675 1307 καὶ
764 1256 1025 1313 τοσαύτην
1103 1251 1457 1307 διδασκαλίαν
1537 1253 1862 1326 ὁμολογήσας

259 1342 411 1395 αὐτὸν
438 1344 557 1395 Υἱόν
612 1350 706 1396 τοῦ
765 1350 919 1409 Θεοῦ,
982 1343 1308 1418 ἐμακαρίσθη
1346 1360 1358 1373 ·
1406 1344 1742 1403 όΝαθαναὴλ
1779 1340 1856 1410 δὲ,

255 1436 343 1485 καὶ
372 1434 475 1505 πρὸ
504 1441 605 1485 τῶν
659 1435 940 1506 θαυμάτων
970 1439 1059 1486 καὶ
1106 1438 1206 1508 πρὸ
1258 1443 1350 1495 τῆς
1398 1430 1748 1494 διδασκαλίας
1803 1438 1859 1487 τό

254 1521 379 1574 αὐτὸ
429 1526 676 1592 ποιήσας,
725 1522 819 1575 οὐκ
859 1524 1184 1598 ἐμακαρίσθη
1220 1541 1233 1591 ;
1264 1531 1406 1576 Διοτι
1437 1523 1480 1576 εἰ
1509 1528 1595 1576 καὶ
1624 1526 1681 1576 τὸ
1732 1525 1858 1577 αὐτὸ

253 1612 583 1683 ἐφθέγξαντο,
647 1610 754 1665 ἀλλ’
807 1613 865 1665 οὐ
913 1617 1045 1685 μετά
1100 1622 1196 1675 τῆς
1248 1613 1408 1675 αὐτῆς
1486 1610 1737 1675 διανοίας.
1799 1614 1858 1666 Ὀ

254 1705 438 1775 Πέτρος
469 1704 559 1773 μὲν
597 1703 698 1776 γὰρ
749 1705 902 1774 φύσει
958 1705 1077 1755 Υἰὸν
1116 1711 1207 1755 τοῦ
1257 1710 1390 1757 Θεοῦ
1430 1710 1610 1756 τοῦτον
1659 1704 1859 1776 ὡμολό-

251 1808 427 1861 γησεν·
465 1791 490 1842 6
550 1790 831 1850 Ναθαναὴλ
886 1787 946 1844 δὲ
980 1794 1097 1845 Υὶόν
1140 1800 1229 1844 τοῦ
1284 1800 1417 1845 Θεοῦ
1477 1794 1612 1845 θέσει
1646 1809 1660 1822 ·
1712 1802 1800 1845 καὶ
1831 1794 1855 1845 6
1887 1811 1929 1865 Β

251 1883 336 1952 μὲν
372 1884 505 1934 Θεὸν
567 1886 781 1954 κυρίως,
817 1883 842 1934 6
875 1878 932 1935 δὲ
958 1885 1086 1935 Θεὸν
1138 1886 1275 1935 κατὰ
1324 1886 1507 1958 χάριν.
1557 1887 1657 1936 Καὶ
1706 1891 1856 1937 τοῦτο

254 1965 427 2037 δῆλον,
473 1968 575 2024 ἀπὸ
616 1978 709 2024 τοῦ
766 1970 1045 2044 ἐπαγαγεῖν
1096 1991 1108 2005 ·
1167 1976 1232 2024 Σὺ
1284 1969 1331 2025 εἶ
1386 1974 1410 2023 6
1466 1970 1712 2044 βασιλεὺς
1765 1982 1854 2026 τοῦ

254 2059 483 2131 Ἰσραήλ.
517 2060 575 2112 Ὀ
602 2061 715 2133 (74)
768 2063 869 2133 γὰρ
917 2064 1067 2130 φύσει
1100 2064 1221 2124 Υἱός
1258 2069 1349 2113 τοῦ
1418 2069 1550 2115 Θεοῦ
1594 2062 1653 2114 οὗ
1701 2068 1853 2135 μόνον

251 2156 345 2199 τῶν
377 2148 739 2221 Ἰσραηλιτῶν,
802 2148 928 2202 ἀλλὰ
978 2152 1179 2203 πάντων
1227 2149 1480 2223 βασιλεὺς
1532 2149 1691 2205 ἔστιν.
1744 2152 1855 2204 Οὐκ

252 2235 470 2291 ἐντεῦθεν
517 2235 576 2291 δὲ
623 2242 776 2311 μόνον
825 2247 978 2291 τοῦτο
1025 2237 1205 2303 δῆλον,
1266 2239 1393 2291 ἀλλά
1460 2246 1549 2293 καὶ
1600 2240 1685 2313 ἀφ’
1731 2242 1853 2293 ὧνό

252 2331 480 2401 Χριστὸς
541 2326 817 2402 ἀπεκρίθη,
862 2330 1101 2401 προάγων
1156 2337 1335 2381 τοῦτον
1398 2328 1482 2382 ἐπὶ
1547 2330 1853 2404 τελειοτέραν

249 2416 522 2488 ὁμολογίαν
560 2422 649 2470 καὶ
693 2414 969 2471 διδάσκων
1000 2424 1070 2491 μὴ
1126 2421 1191 2480 ὡς
1240 2417 1493 2492 ἀνθρώπῳ
1529 2420 1666 2492 ψιλῷ
1693 2441 1854 2496 προο-⁹

251 2510 385 2577 ἑχειν
408 2511 576 2577 αὐτῷ.

318 2596 602 2671 Ἀπεκρίθη
638 2628 705 2637 -
735 2597 870 2668 ὄψει.
922 2597 1032 2650 Ἰνα
1060 2602 1149 2650 καὶ
1192 2598 1370 2670 μεῖζον
1398 2602 1705 2672 πιστεύσῃς.
1738 2600 1852 2653 Ἐτι

248 2683 340 2756 γὰρ
361 2688 533 2759 μικρά
563 2686 808 2756 ἀκούσας,
849 2689 1016 2762 μικρά
1038 2686 1330 2740 ἐπίστευσε.

320 2780 417 2829 Καὶ
443 2775 585 2847 λέγει
642 2807 709 2818 --
768 2775 1060 2851 ἀνθρώπου.
1131 2774 1555 2849 [Ἀναϐαίνοντας
1745 2778 1850 2833 εἷπε

248 2872 466 2937 πρῶτον,
500 2862 672 2923 δηλῶν
701 2870 817 2927 τοὺς
845 2868 983 2940 ἄχρι
1012 2869 1193 2918 τούτου
1236 2869 1347 2936 (Ἱύ)
1369 2871 1733 2940 συμπαρόντας
1763 2874 1849 2922 καὶ

250 2949 611 3015 διακονοῦντας
640 2957 781 3025 αὐτῷ

312 3042 392 3103 Ὠς
418 3047 524 3116 γὰρ
581 3042 664 3096 ἐπὶ
725 3049 942 3115 γνήσιον
993 3048 1111 3097 Υιὸν
1157 3051 1250 3097 τοῦ
1280 3052 1435 3113 Θεοῦ,
1469 3043 1729 3100 ἀνέϐαινον
1760 3051 1850 3101 καὶ

246 3131 543 3185 κατέϐαινον
595 3135 644 3186 οἱ
716 3134 927 3206 ἄγγελοι
991 3142 1080 3187 τοῦ
1150 3142 1284 3188 Θεοῦ
1358 3133 1438 3188 ἐπ’
1494 3135 1667 3201 αὐτόν,
1733 3134 1848 3190 δια·
1885 3167 1926 3223 C

246 3230 504 3284 κονοῦντες
550 3238 563 3252 ⁸
593 3230 746 3276 τοῦτο
772 3226 861 3296 μὲν
913 3226 1057 3297 παρὰ
1117 3227 1204 3276 τὸν
1256 3228 1433 3298 καιρὸν
1485 3233 1576 3278 τοῦ
1623 3228 1843 3293 πάθους,

248 3319 391 3365 τοῦτο
422 3310 489 3366 δὲ
517 3314 662 3387 παρά
698 3316 785 3366 τὸν
820 3310 915 3376 τῆς
942 3313 1291 3378 ἀναστάσεως,
1324 3322 1478 3367 τοῦτο
1505 3311 1564 3368 δὲ
1592 3318 1734 3391 παρὰ
1761 3319 1847 3368 τὸν

248 3409 336 3464 τῆς
365 3401 691 3473 ἀναλήψεως·
782 3400 840 3455 δὲ
870 3403 1079 3475 ἄγγελοι
1110 3400 1420 3456 διακονοῦσι
1460 3400 1843 3480 δουλοπρεπῶς,

248 3492 387 3554 οὗτος
414 3493 515 3546 οὐκ
548 3495 688 3545 ἔστιν
756 3492 1020 3568 ἅνθρωπος
1059 3493 1253 3558 ἁπλῶς,
1288 3492 1416 3546 ἀλλὰ
1454 3499 1543 3547 καὶ
1583 3496 1695 3566 (77)
1730 3500 1849 3557 Θεὸς

246 3585 329 3633 καὶ
359 3584 628 3643 Δεσπότης
654 3580 842 3634 αὐτῶν.
872 3582 1057 3653 Ἀμην,
1095 3581 1233 3651 ἀμὴν
1273 3583 1404 3654 λέγω
1443 3586 1563 3656 ὑμῖν
1590 3592 1699 3645 τοῖς
1728 3605 1849 3638 πισ-

246 3676 365 3733 τοῖς,
400 3670 601 3743 ἀπάρτι
632 3670 842 3741 ὄψεσθε,
882 3674 1013 3743 μετά
1039 3676 1094 3724 τὸ
1125 3681 1410 3725 πιστεῦσαι
1438 3678 1687 3745 γνησίως,
1716 3682 1850 3728 Ταῦ-

246 3776 306 3808 τα
327 3756 386 3812 δέ
411 3759 521 3812 εἱσι
550 3763 612 3813 τὰ
636 3761 801 3832 μείζω
855 3767 972 3837 περὶ
1023 3762 1090 3813 ὧν
1139 3758 1273 3815 εἶπεν
1308 3764 1388 3815 ὅτι
1450 3763 1628 3825 Μείζω
1657 3767 1848 3817 τούτων

246 3847 375 3919 ὄψει.

310 3937 474 4011 Ὀψιν
493 3937 555 3993 δε
580 3943 769 3998 νόησον
800 3946 888 3993 καὶ
905 3946 999 3999 τὴν
1028 3950 1242 4012 γνῶσιν.
1272 3940 1538 4014 Ἕγνωσαν
1554 3946 1655 4018 γὰρ
1682 3952 1849 3996 ταῦτα

244 4030 418 4090 πάντες
483 4031 534 4081 οἱ
588 4031 845 4101 μαθηταὶ,
904 4032 1072 4101 οἱμὲν
1122 4026 1343 4099 ἰδόντες,
1372 4034 1419 4083 οἱ
1452 4029 1511 4084 δὲ
1538 4030 1847 4095 ἀκούσαντες

244 4121 378 4190 παρὰ
406 4127 507 4170 τῶν
538 4114 774 4172 ἰδόντων.

307 4204 466 4280 Ὀπερ
501 4204 562 4260 δε
615 4209 663 4260 ἓν
701 4208 891 4269 ἄλλοις,
940 4216 1093 4260 τοῦτο
1146 4213 1236 4260 καὶ
1262 4217 1350 4260 νῦν
1401 4217 1556 4263 ποιεῖ.
1618 4213 1714 4263 Δύο
1744 4214 1844 4284 γὰρ

245 4295 391 4348 εἰπὼν
474 4295 816 4373 προρῥησεις,
902 4304 996 4356 την
1076 4302 1166 4370 μὲν
1248 4298 1683 4372 ὁμολογουμένην,
1766 4304 1845 4353 ὅτι

246 4388 347 4458 Πρό
385 4394 478 4439 τοῦ
527 4390 585 4440 σε
639 4387 890 4440 Φίλιππον
961 4397 1221 4459 φωνῆσαι,
1272 4392 1394 4440 ὄντα
1449 4390 1548 4441 ὑπὸ
1596 4394 1690 4448 τὴν
1755 4410 1845 4442 συ-

243 4482 351 4540 κῆν,
382 4473 521 4529 εἶδον
556 4495 613 4528 σε
666 4498 679 4510 ι

244 4562 448 4635 οὐρανὸν
475 4564 738 4637 ἀνεῳγότα
789 4571 879 4619 καὶ
927 4568 993 4618 τὰ
1052 4566 1169 4628 ἑξῆς

243 4657 391 4721 μένης
448 4653 657 4727 βεϐαιοῖ
683 4660 776 4714 τὴν
817 4655 930 4726 (78)
987 4654 1289 4728 ἀμφίϐολον.
1337 4660 1422 4709 Διό
1476 4662 1564 4710 καὶ
1596 4663 1845 4730 σεσίγηκε

244 4743 329 4812 μὲν
381 4744 406 4795 6
431 4744 737 4811 Ναθαναὴλ,
768 4747 962 4803 ἔστησε
992 4742 1051 4797 δὲ
1080 4750 1170 4798 καὶ
1209 4748 1234 4798 6
1268 4750 1492 4819 Χριστὸς
1527 4750 1691 4821 μέχρι
1723 4751 1843 4801 τού-

242 4848 328 4883 του
357 4836 444 4886 τόν
482 4834 654 4907 λόγον,
692 4836 835 4907 ἀφεὶς
871 4834 1027 4887 αὐτόν
1082 4834 1196 4887 κατ’
1235 4832 1377 4888 ἰδίαν
1426 4834 1845 4909 ἀναλογίσασθαι

1204 4584 1220 4599 ⁶
1254 4566 1354 4619 ἀπὸ
1419 4577 1509 4628 τῆς
1557 4569 1845 4641 ὁμολογου-

1977 536 2412 601 constitutione,
2432 542 2489 592 et
2517 538 2591 591 de
2616 536 3035 607 praesentibus,
3072 540 3131 591 ut
3162 552 3300 592 cum
3321 536 3642 595 dixitChri-

1979 631 2105 680 stus
2133 641 2265 698 quae
2297 627 2414 682 sint
2450 627 2510 683 in
2550 626 2730 682 corde
2759 625 3101 682 hominum.

2048 717 2207 770 Vers.
2239 716 2330 771 50.
2362 716 2982 785 Respondit—Israel.
3019 714 3195 771 Vides
3224 716 3494 773 animam
3521 734 3639 789 prae

1974 803 2163 859 nimia
2189 803 2389 861 laetitia
2418 805 2837 870 exsultantem,
2852 805 3064 877 hisque
3082 804 3279 860 verbis
3298 806 3494 877 ipsum
3511 824 3639 862 am-

1973 893 2329 965 plectentem
2372 911 2384 951 :
2423 895 2530 962 Tu,
2573 895 2786 969 inquit,
2824 895 2919 951 ille
2971 895 3101 967 ipse
3141 911 3205 951 es
3272 895 3377 967 qui
3430 912 3638 970 exspe-

1972 983 2270 1042 ctabatur.

2045 1072 2153 1128 Sed
2176 1089 2361 1146 quare
2393 1074 2598 1130 Petrus
2631 1074 2731 1147 qui
2767 1079 2900 1146 post
2942 1079 3105 1131 tanta
3159 1074 3451 1131 miracula
3505 1081 3635 1132 tan-

1972 1168 2209 1234 tamque
2257 1163 2590 1219 doctrinam
2621 1164 2934 1219 confessus
2966 1170 3052 1219 est
3090 1163 3290 1236 ipsum
3341 1180 3474 1222 esse
3528 1167 3631 1222 Dei

1970 1251 2199 1319 Filium,
2226 1252 2439 1309 beatus
2472 1254 2665 1309 dictus
2712 1258 2802 1309 est
2834 1271 2846 1308 :
2895 1253 3223 1309 Nathanael
3261 1270 3399 1309 vero
3444 1256 3546 1327 qui
3577 1262 3634 1312 et

1970 1349 2107 1397 ante
2146 1342 2455 1409 miracula,
2485 1348 2539 1397 et
2569 1348 2705 1398 ante
2735 1344 3070 1398 doctrinam
3099 1342 3214 1397 hoc
3253 1343 3450 1415 ipsum
3474 1344 3629 1412 fecit,

1971 1447 2089 1487 non
2105 1438 2192 1487 est
2224 1432 2418 1487 dictus
2442 1432 2853 1499 beatus?Quia
2879 1431 3011 1487 licet
3037 1432 3365 1503 hocipsum
3398 1432 3632 1489 locutus

1969 1522 2889 1586 est,nontameneademmente.
2916 1524 3062 1577 Nam
3116 1523 3316 1577 Petrus
3352 1537 3491 1576 cum
3530 1538 3633 1578 na-

1968 1614 2102 1666 tura
2131 1610 2232 1666 Dei
2261 1611 2466 1666 Filium
2482 1626 2608 1666 esse
2624 1611 2937 1666 confessus
2962 1617 3080 1666 est:
3109 1610 3433 1666 Nathanael
3466 1627 3627 1678 vero,

1968 1699 2070 1755 Dei
2104 1700 2309 1755 Filium
2339 1700 2685 1772 adoptione;
2719 1700 2882 1755 etille
2897 1699 3142 1772 quidem
3161 1699 3393 1771 proprie
3418 1700 3629 1767 Deum,

1967 1789 2059 1845 hic
2091 1796 2289 1845 autem
2318 1806 2423 1862 per
2441 1790 2714 1859 gratiam,
2749 1789 2912 1861 quod
2935 1788 3315 1843 manifestum
3348 1794 3527 1845 estex
3558 1804 3630 1845 eo

1964 1881 2129 1952 quod
2160 1878 2466 1934 subditur:
2509 1880 2594 1933 Tu
2620 1895 2677 1935 es
2707 1894 2817 1934 rex
2840 1879 3042 1934 Israel.
3078 1877 3188 1943 Qui
3216 1877 3375 1932 enim
3413 1882 3630 1936 natura

1965 1970 2065 2025 Dei
2098 1969 2278 2024 Filius
2306 1973 2416 2034 est,
2450 1984 2571 2024 non
2607 1967 3008 2023 Israelitarnm
3044 1966 3257 2032 solum,
3288 1965 3392 2021 sed
3424 1971 3479 2021 et
3500 1982 3627 2023 om-

1963 2059 2133 2115 nium
2165 2074 2267 2114 rex
2298 2064 2401 2113 est.
2442 2061 2642 2130 Neque
2680 2058 2819 2112 hinc
2869 2057 3063 2111 solum
3097 2055 3479 2111 manifestum
3511 2060 3619 2122 est,

1964 2165 2168 2204 verum
2199 2147 2377 2203 etiam
2425 2146 2502 2202 ab
2556 2147 2644 2202 his
2677 2163 2813 2218 quae
2864 2145 3171 2218 respondit
3221 2144 3506 2212 Christus,
3544 2145 3620 2201 ad

1965 2238 2371 2312 perfectiorem
2435 2237 2867 2294 confessionem
2912 2238 3068 2292 hunc
3101 2236 3393 2291 inducens
3421 2250 3489 2291 ac
3520 2234 3626 2292 do-

1964 2344 2126 2397 cens,
2159 2344 2231 2384 ne
2261 2328 2374 2383 sibi
2403 2329 2577 2400 quasi
2608 2343 2760 2401 puro
2804 2326 3027 2383 homini
3062 2325 3444 2382 auscultaret.

2035 2505 2197 2561 Vers.
2248 2507 2336 2561 51.
2398 2506 2717 2576 Respondit
2777 2537 2841 2546 -—
2897 2506 3138 2562 videbis.
3178 2508 3247 2560 Ut
3308 2503 3627 2576 perfectius

1961 2596 2191 2653 credas.
2228 2599 2373 2653 Nam
2415 2612 2553 2652 cum
2610 2612 2792 2668 parva
2840 2596 3039 2653 adhuc
3086 2594 3369 2661 audisset,
3406 2611 3620 2665 parum

1961 2685 2268 2742 credebat.

2030 2776 2305 2830 Vers.5‘2.
2337 2776 2414 2830 Et
2438 2776 2591 2833 dixit
2639 2807 2704 2816 —
2755 2775 3022 2832 hominis.
3078 2778 3120 2845 σι-
3166 2775 3431 2831 Primum
3485 2774 3628 2831 dixit

1957 2864 2359 2930 Ascendenles,
2402 2865 2747 2935 signiﬁcans
2785 2866 2951 2937 quod
2979 2881 3165 2938 usque
3205 2871 3344 2921 tunc
3382 2880 3521 2920 cum
3553 2879 3623 2920 eo

1957 2958 2283 3027 praesentes
2309 2954 2543 3011 fuerant
2574 2954 2744 3027 eique
2774 2954 3261 3010 ministraverant.

2031 3044 2331 3117 Siquidem
2361 3050 2651 3117 tanquam
2685 3060 2863 3117 super
2900 3045 3228 3113 legitimum
3275 3041 3375 3098 Dei
3405 3042 3618 3100 Filium

1957 3133 2368 3190 ascendebant
2397 3140 2455 3190 et
2481 3134 2930 3191 descendebant
2966 3132 3163 3203 angeli
3218 3133 3316 3188 Dei
3344 3132 3421 3189 ad
3454 3149 3616 3201 eum,

1958 3224 2365 3280 ministrantes
2386 3223 2465 3279 illi
2496 3240 2509 3280 :
2536 3223 2650 3279 hoc
2681 3224 2926 3296 quidem
2954 3222 3361 3294 circatempus
3391 3223 3623 3294 passio-

1957 3313 2067 3382 nis,
2096 3313 2236 3369 illud
2290 3318 2490 3371 autem
2522 3318 2789 3385 tempore
2840 3312 3285 3369 resurrectionis
3316 3316 3373 3368 et
3401 3312 3494 3385 (η)
3524 3328 3621 3368 as-

1959 3404 2339 3476 sumptionis.
2369 3403 2473 3459 Cui
2507 3410 2707 3460 autem
2741 3404 2801 3459 in
2828 3405 3075 3459 modum
3107 3418 3412 3459 servorum
3448 3402 3622 3458 mini-

1959 3498 2146 3550 strant
2176 3493 2394 3563 angeli,
2431 3494 2525 3549 hic
2550 3510 2671 3550 non
2705 3494 3053 3566 simpliciter
3089 3493 3275 3549 homo
3302 3497 3411 3559 est,
3432 3492 3538 3549 sed
3563 3497 3619 3549 et

1964 3586 2116 3640 Deus
2131 3600 2201 3640 ac
2218 3585 2516 3639 Dominus.
2533 3588 2743 3649 Amen,
2761 3600 2950 3649 amen,
2978 3583 3104 3638 dico
3123 3582 3295 3639 vobis
3316 3582 3617 3651 ﬁdelibus,

1960 3675 2210 3746 posthac
2240 3675 2536 3738 videbitis,
2567 3675 3036 3748 postingenuam
3068 3690 3392 3745 veramque
3413 3672 3618 3728 ﬁdem.

1960 3767 2096 3821 Haec
2125 3770 2327 3821 autem
2349 3766 2736 3837 suntmajora
2764 3764 2863 3822 illa
2883 3765 2957 3821 de
2985 3763 3200 3837 quibus
3229 3763 3478 3829 dixerat,
3495 3762 3622 3819 Ma-

1948 3856 2095 3924 jora
2122 3854 2207 3910 his
2229 3854 2462 3912 videbis.

2020 3944 2323 4001 Visionem
2357 3961 2496 4000 vero
2528 3945 2789 4015 intellige
2815 3944 2993 4000 etiam
3025 3942 3447 4014 cognitionem.
3486 3943 3621 3999 Haec

1957 4032 2116 4088 enim
2148 4049 2356 4089 omnes
2395 4033 2672 4105 discipuli
2693 4038 3107 4104 cognoverunt
3140 4050 3152 4087 :
3178 4032 3239 4087 hi
3262 4031 3508 4103 quidem
3536 4031 3623 4087 vi-

1956 4122 2183 4187 dentes,
2213 4122 2291 4177 illi
2326 4128 2523 4178 antem
2552 4124 2632 4179 ab
2678 4123 2769 4178 his
2815 4123 2919 4195 qui
2953 4121 3224 4177 viderant
3276 4121 3614 4177 audientes.

2026 4211 2198 4279 Quod
2228 4228 2369 4282 ergo
2399 4212 2459 4267 in
2494 4212 2648 4281 aliis,
2681 4213 2792 4268 hoc
2819 4210 3001 4266 etiam
3028 4226 3189 4266 nunc
3216 4210 3368 4265 facit.
3423 4211 3620 4282 Siqui-

1955 4300 2095 4357 dem
2122 4302 2240 4357 duo
2272 4302 2555 4357 vaticinia
2585 4301 2828 4374 protulit
2860 4317 2871 4357 :
2906 4316 3092 4355 unum
3126 4305 3353 4355 certum
3389 4299 3619 4369 dicens,

1954 4390 2308 4463 Priusquam
2333 4391 2713 4461 tePliilippus
2741 4398 2996 4458 vocaret,
3030 4405 3160 4445 cum
3176 4403 3321 4445 esses
3351 4388 3453 4443 sub
3480 4390 3615 4458 ﬁcu,

731 4481 826 4535 τὴν
869 4476 928 4529 δὲ
977 4475 1258 4549 ἀμφίϐολον
1293 4495 1305 4507 ·
1341 4479 1421 4530 ὅτι
1468 4476 1727 4549 ’Ὄψονται
1758 4484 1844 4532 τόν

1975 4480 2224 4536 ridebam
2244 4488 2298 4537 te
2318 4500 2331 4547 ;
2348 4480 2505 4536 aliud
2526 4498 2664 4537 vero
2679 4480 3034 4552 ambiguum,
3083 4482 3224 4551 puta
3240 4479 3399 4550 quod
3436 4477 3619 4534 visuri

1954 4569 2350 4625 essentcmlos
2383 4576 2619 4641 apertos
2649 4576 2705 4626 et
2730 4575 2963 4635 csetera,
2983 4573 3040 4624 et
3064 4585 3099 4625 a
3118 4573 3277 4624 certo
3309 4567 3620 4625 confirmat

1955 4659 2327 4729 ambiguum.
2364 4660 2500 4715 Ideo
2537 4661 2704 4716 etiam
2738 4658 3067 4716 Nathanael
3104 4656 3302 4723 tacuit,
3355 4658 3620 4714 Christus

1955 4765 2092 4805 vero
2112 4748 2189 4821 (ο)
2220 4749 2482 4806 substitit
2504 4766 2574 4806 ac
2592 4749 2770 4816 siluit,
2799 4753 3148 4821 exspectans
3180 4748 3428 4802 verbum
3473 4747 3616 4819 ejus,

1955 4837 2159 4895 sinens
2191 4844 2255 4896 ut
2274 4839 2433 4896 dicta
2454 4842 2620 4912 apud
2634 4855 2697 4896 se
2716 4839 3062 4897 revolveret.
3087 4837 3195 4894 Ubi
3218 4837 3378 4894 enim
3411 4852 3613 4894 semen

1468 5042 1694 5112 Variae
1714 5044 2043 5113 lectiones
2079 5057 2147 5115 et
2185 5054 2388 5116 nota.

328 5234 417 5307 73)
448 5237 604 5307 Λέγει
632 5240 695 5289 Α.

330 5306 416 5376 74)
446 5306 537 5372 Et,
558 5322 663 5377 pro
689 5307 740 5377 ὁ,
778 5313 839 5361 Α.

340 5324 416 5376 ιο)
448 5324 529 5372 ut,
597 5324 663 5363 ro
689 5326 740 5377 ο,
778 5324 839 5361 Α.

331 5377 425 5449 75)
454 5324 688 5435 lncfusa
708 5380 768 5435 in
807 5380 1075 5451 margine
1108 5378 1336 5438 habent
1358 5382 1426 5451 A,
1453 5380 1518 5436 Β.

306 5233 325 5446 ἒ

308 5551 384 5632 in)
426 5555 548 5632 gae
572 5586 637 5596 —
662 5556 814 5632 iiiud
842 5589 910 5598 —
960 5564 1038 5617 et.
1091 5565 1256 5612 Τοῦτο
1399 5566 1648 5632 θέτοῦτο
1682 5557 1742 5613 δὲ
1771 5593 1840 5603 -

240 5621 384 5675 τοῦτο
415 5621 572 5701 d‘g,ex
602 5628 825 5701 quibus
849 5636 1225 5701 postremum
1242 5621 1363 5687 n'on
1395 5631 1625 5688 videtur
1653 5647 1840 5701 agno-

241 5707 396 5782 scere
433 5700 770 5782 ﬂentenius.
817 5699 1002 5761 Reddi
1022 5701 1353 5782 debebant,
1406 5705 1551 5761 Tum
1582 5699 1839 5782 temnere

240 5774 545 5840 passionis,
577 5778 700 5831 tum
730 5774 1209 5844 resurrectionis,
1243 5782 1370 5835 tum
1404 5776 1841 5849 assumptionis.

2170 5239 2483 5312 Ἄχρι-τότε
2513 5247 2576 5295 Α.

2175 5310 2292 5365 Κάῖ
2306 5310 2469 5367 abest
2494 5314 2563 5370 A.

2170 5387 2261 5452 Τὸ,
2291 5399 2400 5456 pro
2428 5389 2546 5448 τήν,
2575 5390 2637 5440 Α.

2026 5240 2045 5455 ἓ

2048 5240 2142 5457 Ἰϐἐ

2048 5313 2113 5366 77

2048 5384 2117 5438 78

2048 5313 2113 5366 77

2047 5384 2117 5438 78

2021 5563 2096 5634 (ο)
2130 5563 2402 5620 Christus
2431 5579 2584 5631 vero,
2612 5568 2722 5633 etc,
2779 5563 3042 5620 Christus
3099 5579 3239 5620 vero
3275 5564 3455 5620 etiam
3491 5579 3609 5619 ser-

1949 5651 2193 5690 monem
2231 5634 2327 5691 hic
2366 5635 2725 5713 terminavit,
2760 5636 3100 5713 relinquens
3147 5635 3229 5694 illi
3274 5651 3479 5693 secum
3518 5650 3606 5692 re-

1946 5712 2158 5781 putare
2183 5723 2319 5786 quae
2350 5707 2504 5767 dicta
2533 5713 2753 5770 essent.
