4128 6392
480 306 619 364 1147

478 435 539 491 in
593 440 813 491 terram
844 433 1071 490 bonam
1130 435 1507 501 seminasset,
1566 430 1807 503 reliquit

480 526 671 581 otium
699 524 1085 596 postmodum
1132 527 1497 579 nasceretur.

871 614 1020 669 CAP.
1050 615 1095 669 Ι.
1134 613 1216 669 De
1232 614 1456 680 nuptiis
1476 612 1538 666 in
1563 612 1747 666 Cana.

555 706 699 775 Cap.
730 704 794 758 ll.
819 704 983 758 Vers.
1008 708 1054 758 t.
1083 704 1161 758 Et
1185 702 1472 758 Galilww.
1503 700 1695 755 Tertio
1718 704 1854 771 post
1876 698 2144 755 Christia

481 794 710 849 deserto
728 794 1105 848 descensum.

554 882 714 937 Vers.
745 882 797 935 l.
828 883 906 937 Et
939 913 1005 923 —
1034 882 1134 937 ibi.
1172 884 1390 936 Vocata
1410 886 1701 952 tanquam
1733 877 2044 934 familiaris
2067 877 2145 933 ab

480 970 575 1026 his
605 970 709 1042 qui
740 972 978 1041 nuptias
1002 970 1405 1025 celebrabant.

552 1062 709 1114 Vers.
734 1060 792 1116 2.
835 1061 1080 1116 Vocatus
1116 1089 1177 1100 ——
1214 1059 1473 1129 nuptias.
1508 1060 1574 1113 Et
1624 1056 1729 1128 ipsi
1768 1056 1941 1129 quasi
1975 1056 2147 1112 fami-

479 1156 678 1212 liares.
702 1156 1171 1212 Accessitautem
1194 1156 1465 1213 Salvator
1484 1171 1605 1209 non
1628 1154 1836 1210 habito
1872 1157 2147 1224 respectu

481 1246 559 1301 ad
590 1262 763 1302 suam
792 1246 1166 1315 dignitatem,
1201 1247 1305 1300 sed
1334 1246 1410 1301 ad
1441 1245 1757 1300 hominum
1808 1243 2147 1297 utilitatem.

484 1335 789 1408 Siquidem
820 1334 923 1408 qui
957 1337 1200 1407 nuptias
1229 1335 1598 1397 condiderat,
1632 1334 1793 1388 venit
1833 1338 1895 1387 ut
1925 1348 2026 1387 eas
2048 1332 2152 1386 bo-

480 1430 741 1491 noraret,
786 1441 1018 1496 suaque
1073 1425 1388 1496 praesentia
1444 1423 1843 1478 sanctiticaret
1876 1442 1886 1489 ;
1924 1428 2149 1477 etcum

475 1514 626 1572 servi
662 1514 921 1570 formam
952 1514 1398 1585 assumpsisset,
1424 1530 1543 1567 non
1577 1513 1934 1580 dedignatur
1950 1527 2149 1567 servo-

480 1610 614 1661 rhm
646 1604 925 1658 interesse
954 1604 1191 1673 nuptiis,
1228 1602 1358 1657 licet
1404 1603 1503 1673 qui
1564 1618 1702 1656 eum
1762 1604 2144 1666 vocaverant,

482 1710 603 1750 non
634 1693 923 1747 haberent
946 1699 1368 1760 congruentem
1395 1692 1467 1744 de
1497 1709 1565 1745 eo
1598 1692 1961 1762 opinionem.
2004 1691 2151 1745 Sim-

481 1783 708 1854 pliciter
728 1782 887 1836 enim
908 1787 1197 1853 tanquam
1226 1786 1458 1849 notum,
1486 1797 1795 1852 unumque
1816 1796 1845 1835 e
1870 1779 2145 1852 pluribus

482 1872 648 1927 illum
676 1879 1060 1926 vocaverant.

550 1961 713 2016 Vers.
743 1964 793 2017 3.
836 1961 912 2015 Ει
946 1991 1010 2001 -
1057 1959 1285 2017 habent.
1330 1961 1479 2015 Cum
1527 1964 1795 2014 carerent
1835 1959 1995 2027 vino,
2033 1959 2148 2013 hoc

477 2055 587 2117 est,
622 2066 759 2107 cum
788 2067 935 2123 opus
961 2055 1115 2105 esset
1146 2050 1305 2116 vino,
1335 2050 1459 2104 sive
1487 2065 1623 2105 cum
1644 2049 1771 2121 jam
1806 2050 2012 2103 viuum
2045 2049 2148 2104 de-

480 2142 731 2198 fecisset.
785 2142 955 2211 (Nam
1005 2140 1186 2195 habet
1233 2140 1434 2194 Graeca
1492 2140 1689 2196 littera
1759 2143 2150 2213 ὑστερήσαντος

482 2230 667 2302 οἳνου.)
702 2232 901 2302 Neque
938 2230 1096 2284 enim
1148 2229 1225 2283 ad
1283 2229 1342 2283 id
1387 2244 1580 2301 usque
1624 2228 1903 2300 temporis
1960 2228 2148 2283 ullum

480 2322 697 2377 fecerat
736 2321 1118 2374 miraculum.
1154 2321 1301 2374 Cum
1342 2334 1483 2388 ergo
1538 2319 1918 2383 cognovisset
1960 2324 2149 2373 mater

480 2426 617 2482 quae
649 2408 803 2463 circa
832 2409 1029 2480 ipsum
1078 2413 1265 2474 erant,
1300 2408 1585 2480 quodque
1612 2409 1875 2462 Joannes
1908 2412 2149 2477 propter

480 2515 620 2555 eum
651 2504 911 2561 venerat,
960 2514 1031 2552 ac
1070 2497 1143 2551 de
1193 2496 1347 2551 illius
1397 2496 1709 2551 divinitate
1744 2497 2147 2551 testimonium

484 2588 716 2651 tulerat,
738 2592 794 2641 et
822 2584 986 2659 quod
1019 2585 1250 2640 coalitus
1297 2586 1370 2639 de
1402 2601 1472 2640 eo
1518 2584 1931 2639 testimonium
1983 2601 2150 2640 acce-

484 2682 673 2749 perat,
709 2675 883 2729 simul
923 2675 1100 2729 etiam
1149 2675 1374 2738 videns,
1429 2674 1591 2745 quod
1625 2674 1951 2744 discipulos
1979 2691 2149 2729 acce-

486 2770 673 2839 perat,
705 2764 986 2819 iutellexit
1034 2763 1197 2835 quod
1244 2763 1491 2818 revelari
1523 2779 1588 2818 ex
1632 2780 1700 2817 eo
1765 2771 2028 2834 tempore
2062 2763 2147 2818 in-

484 2856 725 2927 ciperet.
759 2856 1008 2925 Sumpto
1054 2854 1225 2921 igitur
1274 2854 1496 2909 fiducia
1544 2856 1857 2924 deprecata
1890 2860 1976 2909 est
2008 2871 2145 2909 eum

485 2960 593 3017 pro
618 2944 941 2999 deﬁcientis
974 2944 1092 2997 vini
1115 2943 1403 2997 miraculo
1438 2943 1641 2997 :ethis
1674 2944 2147 3014 quivocaverant

483 3033 733 3105 gratiam
769 3032 970 3087 volens
1010 3032 1355 3103 rependere,
1385 3037 1441 3087 et
1462 3048 1635 3087 suam
1664 3032 1912 3099 gloriam
1939 3033 2143 3087 volens

484 3122 1065 3196 perFiliipotentiam
1097 3122 1526 3176 demonstrare.
1568 3122 1822 3193 Ideoque
1850 3138 1981 3176 eam
2017 3138 2148 3176 cor-

483 3213 639 3285 ripit,
661 3228 780 3268 non
810 3211 983 3284 quasi
1004 3212 1396 3282 vilipendens,
1421 3212 1520 3265 sed
1541 3212 1841 3279 corrigens
1859 3218 2147 3284 tanquam

482 3303 895 3373 intempestive
910 3308 1267 3372 precantem.
1291 3303 1434 3355 Nam
1462 3301 1625 3371 quod
1662 3316 1795 3355 eam
1818 3300 2148 3371 plurimum

483 3392 822 3458 honoraret,
847 3398 902 3445 et
923 3406 995 3445 ex
1019 3390 1147 3445 aliis
1198 3389 1400 3445 multis
1437 3390 1815 3443 manifestum
1859 3396 1967 3453 est,
1993 3396 2048 3443 et
2076 3406 2148 3445 ex

481 3496 553 3537 eo
579 3480 740 3553 quod
762 3480 945 3551 ipsius
977 3478 1294 3549 complevit
1330 3479 1821 3533 exhortationem.
1858 3480 2150 3549 Corripuit

1806 300 2167 361 EU’I‘HYMII
2204 302 2535 360 ZIGABENI

3732 305 3873 362 1M8

1869 449 1881 490 :
1922 434 1982 484 ut
2034 446 2142 501 per
2173 436 2218 489 Α
2250 434 2316 484 τὰ
2343 431 2609 502 λεχθέντα.
2646 429 2962 485 Καταϐαλὼν
2988 433 3089 501 γὰρ
3123 429 3189 491 εἰς
3210 437 3311 501 γῆν
3340 429 3503 489 καλήν
3525 434 3609 484 τὸν
3645 436 3870 507 σπόρον,

2251 520 2516 575 κὰτελιπεν
2548 520 2629 574 ἐπὶ
2657 521 2856 593 σχολῆς
2897 520 3204 593 βλαστῆσαι
3232 519 3429 573 λοιπόν.

2540 617 2685 665 ΚΕΦ.
2721 612 2798 665 Δ’.
2834 616 2959 684 Περὶ
2996 618 3086 663 τοῦ
3118 612 3165 661 ἓν
3209 615 3351 661 Κανά
3379 612 3574 683 γάμου.

2327 707 2428 755 Καὶ
2452 733 2515 741 -
2548 701 2840 762 Γαλιλαίας.
2869 709 2942 774 Τῇ
2964 706 3113 776 τρίτῃ
3146 700 3278 771 μετὰ
3308 704 3402 758 τήν
3425 698 3525 753 ἀπὸ
3549 710 3646 763 τῆς
3668 701 3871 776 ἐρήμου

2254 788 2480 843 κάθοδον
2507 798 2598 843 τού
2632 799 2890 865 Χριστοῦ.

2328 885 2429 933 Καὶ
2464 913 2517 921 -
2552 880 2673 933 ἐκεῖ.
2708 880 2971 939 κληθεῖσα
3000 884 3144 956 παρὰ
3172 889 3272 934 τῶν
3293 880 3569 934 τελούντων
3593 884 3678 933 τὸν
3701 884 3873 954 γάμον

2256 970 2325 1029 ὡς
2354 975 2634 1044 γνώριμος.

2327 1060 2550 1118 Ἐκλήθη
2594 1062 2879 1132 -γάμον,
2949 1064 3049 1113 Καὶ
3111 1059 3260 1113 αὐτοὶ
3318 1062 3382 1120 ὡς
3437 1065 3710 1135 γνώριμοι.
3769 1066 3875 1114 Καὶ

2259 1148 2482 1207 ἀπῆλθεν
2509 1152 2533 1201 ὁ
2565 1154 2761 1225 Σωτήρ,
2807 1150 2865 1203 ού
2905 1154 3031 1223 πρὸς
3076 1155 3169 1209 τήν
3216 1150 3401 1203 ἑαυτοῦ
3435 1149 3636 1222 βλέπων
3691 1149 3868 1212 ἀξίαν,

2257 1238 2535 1312 ἀλλὰπρὸς
2560 1245 2648 1298 τήν
2686 1249 2786 1291 τῶν
2811 1239 3092 1313 ἀνθρώπων
3132 1240 3399 1313 ὠφέλειαν,
3444 1245 3543 1292 Καὶ
3575 1242 3599 1291 ὁ
3644 1243 3731 1291 τὸν
3777 1242 3873 1311 γά-

2258 1348 2351 1400 μον
2382 1332 2734 1400 νομοθετήσας
2763 1330 2886 1388 ἦλθε
2912 1335 3144 1402 τιμήσων
3176 1334 3264 1383 τὸν
3288 1333 3476 1401 γάμον,
3509 1335 3598 1381 καὶ
3629 1329 3869 1400 ἁγιάσων

2259 1421 2414 1469 αὐτὸν
2450 1426 2511 1476 τῆ
2542 1424 2809 1493 παρουσίᾳ
2849 1436 2860 1448 ·
2894 1424 2983 1471 καὶ
3015 1421 3039 1471 ὁ
3079 1424 3281 1492 μορφὴν
3319 1416 3508 1472 δούλου
3566 1418 3736 1471 λαϐὼν
3776 1419 3876 1472 ούκ

2261 1505 2556 1569 ἀπηξίωσεν
2590 1508 2659 1568 εἰς
2688 1510 2856 1580 γάμον
2887 1508 3004 1580 (ἷ9)
3040 1505 3237 1561 δούλων
3270 1511 3675 1583 παρα-γενέσθαι,
3709 1509 3753 1561 εἰ
3784 1514 3874 1561 καὶ

2261 1601 2352 1655 τὴν
2382 1603 2753 1670 προσήκουσαν
2798 1604 2911 1671 περί
2952 1598 3113 1649 αὑτοῦ
3160 1595 3319 1660 δοξαν
3352 1598 3444 1650 οὐκ
3472 1595 3615 1669 εἶχον
3647 1600 3696 1649 οἱ
3720 1597 3879 1651 καλί-

2264 1707 2462 1748 σαντες.
2490 1687 2573 1747 Ὡς
2619 1690 2719 1761 γὰρ
2752 1687 2927 1750 ἁπλῶς
2956 1694 3237 1761 γνώριμον,
3269 1693 3358 1741 καὶ
3392 1698 3490 1741 τῶν
3534 1688 3732 1741 πολλῶν
3760 1692 3872 1755 ἕνα,

2186 1796 2227 1849 Β
2260 1785 2440 1829 τοῦτον
2470 1776 2737 1829 ἐκάλεσαν.

2334 1962 2435 2009 Καὶ
2487 1988 2551 1997 —-
2609 1959 2847 2028 ἔχουσιν.
2928 1955 3353 2031 Ὺστερήσαντος,
3415 1960 3534 2016 ἤτοι
3591 1954 3875 2016 ἐνδεήσαν-

2260 2066 2366 2110 τος,
2429 2045 2773 2117 meum“.
2845 2050 3006 2098 Οὔπω
3054 2050 3144 2119 μὶν
3193 2042 3280 2099 οὖν
3333 2049 3427 2108 ἓως
3483 2050 3599 2100 τότε
3687 2048 3868 2120 θαῦμα

2259 2156 2557 2194 πεποιηκεν.
2587 2138 2728 2189 Ἐπεὶ
2777 2133 2837 2188 δὲ
2882 2138 3178 2207 μεμάθηκεν
3210 2139 3239 2194 ἡ
3297 2139 3483 2209 Μήτηρ
3542 2138 3607 2188 τὰ
3636 2138 3751 2189 κατ’
3785 2138 3880 2189 αύ-

2260 2230 2367 2291 τόν,
2398 2227 2477 2277 ὅτι
2520 2245 2572 2277 τε
2601 2223 2672 2277 δι’
2706 2225 2855 2277 αὐτὸν
2888 2224 3039 2284 ἦλθεν
3090 2228 3115 2277 ὁ
3173 2227 3415 2287 Ἰωάννης
3451 2231 3540 2278 καὶ
3571 2228 3650 2279 ὅτι
3675 2246 3878 2301 μεμαρ-

2260 2318 2452 2386 τύρηκε
2499 2320 2615 2387 περὶ
2668 2324 2763 2376 τῆς
2829 2317 3073 2377 θεότητος
3116 2315 3275 2367 αὑτοῦ
3328 2321 3419 2367 καὶ
3472 2318 3553 2367 ὃτι
3582 2320 3671 2367 καὶ
3713 2316 3879 2390 ούρα-

2260 2407 2401 2456 νοθεν
2459 2403 2808 2476 ἐμαρτυρήθη,
2858 2404 2968 2475 οἶμα
3022 2400 3079 2456 δὲ
3137 2410 3230 2457 καὶ
3297 2401 3431 2457 εἶδεν
3493 2407 3573 2457 ὅτι
3629 2408 3875 2477 μαθητὰς

2262 2494 2627 2565 προσελάϐετο,
2682 2502 2899 2552 συνῆκεν
2948 2496 3027 2545 ὃτι
3086 2494 3281 2567 ἤρξατο
3355 2494 3533 2547 λοιπὸν
3607 2494 3877 2547 ἀποκαλύ-

2259 2586 2500 2637 πτεσθαι.
2555 2586 2641 2635 Διὸ
2688 2590 2799 2646 καὶ,
2844 2583 3180 2658 θαρρήσασα,
3243 2585 3587 2659 παρεκάλεσεν
3620 2587 3775 2636 αὐτὸν
3804 2584 3879 2647 εἰς

2262 2676 2687 2746 θαυματουργίαν
2728 2677 2865 2725 οἴνου
2922 2673 3253 2737 ἐλλείποντος,
3298 2672 3585 2745 βουλομένη
3626 2678 3717 2725 καὶ
3764 2682 3876 2735 τοῖς

2258 2762 2514 2815 καλέσασι
2543 2765 2844 2815 καταθεῖναι
2902 2765 3083 2835 χάριν,
3134 2769 3222 2815 καὶ
3263 2763 3451 2822 ἑαυτὴν
3510 2764 3873 2837 λαμπροτέραν

2260 2852 2521 2923 ἀποφῆναι
2549 2849 2642 2904 διὰ
2672 2862 2760 2913 τῆς
2787 2861 2877 2904 τοῦ
2910 2855 3033 2904 Υἰὸύ
3071 2850 3360 2925 δυνάμεως.
3396 2856 3483 2905 Διὸ
3522 2858 3613 2905 καὶ
3656 2851 3877 2925 ἐπιτιμᾷ

2260 2942 2388 3013 αὐτῇ
2443 2942 2535 2993 ούκ
2595 2941 2882 3013 ἀτιμάζων,
2938 2941 3064 2993 ἀλλὰ
3124 2939 3489 3017 διορθούμενος
3528 2946 3597 3005 ὡς
3646 2941 3878 3016 ἀκαίρως

2258 3031 2719 3101 παρακαλέσασαν.
2749 3038 2866 3081 Ὅτι
2896 3034 2996 3104 γὰρ
3042 3028 3249 3105 σφόδρα
3275 3036 3470 3089 ταύτην
3510 3030 3682 3104 ἐτίμα,
3714 3029 3874 3090 δῆλον

2187 3155 2227 3210 C
2262 3120 2360 3173 ἀπὸ
2388 3141 2441 3173 τε
2479 3121 2675 3173 πολλῶν
2707 3121 2869 3172 ἄλλων
2897 3127 2985 3173 καὶ
3008 3120 3109 3173 ἀπὸ
3141 3130 3231 3173 τοῦ
3264 3121 3543 3196 πληρῶσαι
3570 3127 3664 3179 τὴν
3696 3126 3874 3174 τοιαύ-

2259 3230 2351 3267 την
2410 3210 2568 3273 αύτῆς
2622 3210 2952 3285 παράκλησιν
3010 3231 3021 3243 ·
3094 3210 3372 3283 ἕπετίμησε
3421 3216 3509 3283 μὲν
3560 3214 3661 3285 γὰρ
3713 3212 3871 3284 αὐτῇ,

2259 3298 2522 3352 παιδεύων
2548 3305 2735 3373 μηκέτι
2770 3308 2988 3353 τοιαῦτα
3015 3301 3211 3364 ζητεῖν,
3247 3300 3357 3352 ἀλλ’
3382 3300 3467 3372 ἐᾲν
3514 3303 3580 3352 τὰ
3626 3302 3874 3373 θαύματα

2259 3394 2395 3442 κατὰ
2434 3391 2583 3461 λόγον
2622 3392 2860 3461 γίνεσθαι
2894 3408 2907 3420 ⁸

2264 3485 2486 3553 μητέρα.

2962 3390 3223 3449 ἐπήκουσε
3274 3388 3333 3443 δὲ
3367 3394 3550 3454 αὐτῆς,
3610 3399 3773 3463 τιμῶν
3812 3394 3877 3452 ὡς

482 3569 685 3641 itaque
710 3584 845 3624 eam
878 3568 1122 3635 docens,
1156 3570 1424 3622 nondum
1449 3567 1591 3623 talia
1612 3582 1740 3623 esse
1770 3569 2121 3639 quaerenda,
2151 3586 2491 3641 quanquam
2534 3570 2826 3627 miracula
2856 3572 3034 3626 verbo
3067 3576 3265 3642 posset
3314 3570 3567 3642 operari.
3604 3568 3879 3627 Obedivit

482 3663 709 3727 autem,
744 3673 877 3712 eam
908 3662 1196 3728 tanquam
1233 3662 1479 3711 matrem
1515 3656 1841 3711 bonorans.

553 3747 715 3802 Vers.
748 3749 800 3800 4.
830 3746 983 3801 Dicit
1008 3777 1075 3785 —
1111 3746 1326 3802 mulier
1355 3746 1382 3800 ?
1405 3746 1556 3814 Quid
1585 3745 1661 3800 ad
1710 3762 1821 3800 nos
1864 3745 2151 3801 attinetid

482 3852 593 3908 pro
626 3852 747 3907 quo
774 3836 1110 3905 deprecaris
1139 3836 1165 3890 ?
1198 3835 1344 3906 quid
1386 3836 1464 3889 ita
1504 3851 1615 3889 nos
1687 3840 1855 3903 urget
1887 3835 1914 3890 ?
1961 3835 2154 3891 Potest

483 3929 770 3997 praeterea
799 3930 856 3978 et
884 3924 1003 3979 alio
1034 3924 1213 3979 modo
1246 3923 1492 3991 intelligi
1573 3924 1723 3988 Quid
1773 3923 1919 3978 mihi
1956 3929 2151 3979 tecum

485 4028 808 4071 commune
830 4017 921 4067 est
945 4012 1094 4082 “(ego
1118 4013 1413 4085 siquidem
1438 4019 1640 4083 utpote
1676 4012 1828 4066 Deus
1848 4013 1985 4067 novi
2019 4029 2150 4084 quae

487 4108 758 4174 tempora
784 4102 1033 4158 edendis
1082 4103 1383 4157 miraculis
1418 4104 1532 4157 sint
1558 4116 1828 4171 congrua
1864 4117 1875 4157 :
1917 4109 1975 4156 tu
2009 4118 2151 4157 vero

484 4193 586 4249 illa
616 4194 857 4263 ignoras
882 4193 1056 4265 quasi
1089 4192 1293 4247 homo.
1351 4196 1475 4247 Non
1516 4191 1665 4246 dixit
1692 4198 1915 4259 autem,
1952 4196 2147 4259 Mater,

486 4282 611 4348 sed,
641 4282 859 4350 Mulier,
894 4289 1183 4354 tanquam
1220 4285 1394 4336 Deus.

556 4372 717 4427 Vers.
747 4373 800 4425 4.
832 4372 1109 4427 Nondum
1130 4403 1195 4411 —
1216 4386 1366 4426 mea.
1410 4372 1685 4428 Nondum
1715 4372 1883 4428 adest
1915 4377 2150 4443 tempus
2182 4397 2224 4448 Ι)

486 4477 689 4517 meum
707 4461 785 4515 ad
812 4460 1113 4516 edendum
1134 4460 1298 4532 quod
1331 4460 1552 4532 quaeris
1591 4461 1943 4516 miraculum
1974 4468 2151 4517 :tuno

486 4556 684 4606 autem
720 4550 931 4613 aderit,
963 4566 1101 4605 cum
1134 4550 1192 4605 hi
1237 4550 1458 4621 quibus
1507 4565 1661 4621 opus
1716 4558 1808 4606 est
1839 4551 2146 4622 miraculo,

484 4639 879 4709 cognoverint
908 4640 1073 4709 quod
1106 4638 1244 4693 talia
1268 4638 1496 4710 possim
1529 4641 1781 4711 operari,
1827 4648 1879 4695 et
1911 4640 2024 4712 ipsi
2056 4655 2151 4696 me

483 4728 706 4785 fuerint
743 4728 1065 4799 deprecati.
1130 4731 1292 4783 Nunc
1333 4735 1532 4784 autem
1588 4734 1779 4794 matre
1809 4730 1894 4801 (ρ)
1935 4731 2153 4785 adhor-

484 4823 641 4874 tante
659 4834 780 4874 non
800 4817 992 4873 solum
1029 4817 1509 4888 intempestivum
1540 4827 1711 4884 esset,
1740 4836 1945 4875 verum
1971 4822 2151 4875 etiam

486 4913 847 4979 suspectum,
877 4912 931 4962 et
956 4905 1419 4979 querulosorum
1452 4907 1729 4964 facillime
1781 4915 2007 4981 pateret
2059 4925 2155 4965 ca-

491 4996 760 5053 lumniaa.

2336 3752 2489 3819 Λέγει
2517 3780 2585 3789 -—
2606 3753 2761 3820 γύναι
2792 3755 2889 3815 ;Τί
2914 3752 3039 3823 ἡμῖν
3095 3756 3398 3820 αναγκαῖον,
3458 3753 3577 3822 περὶ
3609 3748 3670 3800 οὗ
3700 3768 3877 3821 παρα-

2262 3836 2433 3898 καλεῖς
2468 3854 2480 3903 ;
2530 3843 2579 3889 τί
2606 3841 2662 3889 τὸ
2694 3847 2997 3908 κατεπεῖγον
3051 3842 3217 3900 οὕτως
3272 3841 3406 3909 ἡμᾶς
3444 3855 3456 3904 ;
3492 3836 3644 3890 Ἔστι
3685 3833 3745 3889 δὲ
3782 3844 3876 3890 καὶ

2262 3925 2444 3998 ἑτέρως
2490 3937 2678 3986 νοῆσαι
2721 3947 2733 3961 ⁸
2768 3932 2831 3980 Τί
2886 3933 3054 3980 κοινὸν
3098 3927 3211 4000 ἐμοὶ
3238 3933 3326 3980 καὶ
3368 3932 3488 3994 σοί;
3519 3926 3617 3997 ἐγὼ
3648 3930 3738 3998 μὲν
3769 3931 3873 4000 γὰρ

2263 4012 2385 4067 οἶδα
2409 4021 2528 4077 τοὺς
2558 4023 2915 4090 προσήκοντας
2944 4021 3158 4090 καιρούς
3180 4026 3278 4067 τῶν
3308 4017 3606 4087 θαυμάτων,
3636 4018 3703 4077 ὡς
3736 4022 3870 4079 Θεὸς

2266 4110 2329 4156 σὺ
2358 4103 2415 4158 δὲ
2443 4116 2643 4177 αγνοεῑς
2669 4108 2949 4173 «images;
2976 4110 3265 4182 ἄνθρωπος.
3299 4108 3409 4159 Οὐκ
3440 4102 3548 4158 εἶπε
3580 4101 3874 4177 δι,Μῆτερ,

2266 4193 2411 4261 ἀλλὰ,
2446 4200 2622 4259 Γύναι,
2656 4200 2719 4257 ὡς
2752 4201 2903 4258 Θεὸς.

2334 4371 2495 4425 Οὔπω
2543 4400 2610 4410 --
2664 4389 2783 4441 μου.
2856 4372 3015 4420 Οὔπω
3067 4370 3376 4442 πάρεστινὴ
3432 4370 3541 4443 ὥρα
3570 4373 3743 4441 μου,ή
3778 4379 3876 4423 τοῦ

2264 4462 2754 4532 θαυματουργῆσαι,
2809 4460 2833 4510 ὁ
2884 4463 3070 4522 ζητεῖς.
3122 4466 3248 4511 Τοτε
3300 4464 3398 4533 γάρ
3454 4460 3725 4531 πάρεστιν,
3780 4462 3869 4513 ὅτε

2261 4552 2309 4601 οἱ
2359 4546 2590 4621 δεόμενοι
2635 4557 2727 4601 του
2787 4551 3048 4620 θαύματος
3107 4547 3407 4619 ἐπιγνῶσιν,
3490 4550 3569 4600 ὃτι
3638 4545 3874 4621 δύναμαι

2261 4647 2480 4691 τοιαῦτα
2508 4646 2671 4691 ποιεῖν
2700 4639 2831 4707 (80),
2863 4642 2954 4689 καὶ
3000 4638 3149 4689 αύτοὶ
3178 4657 3241 4709 με
3280 4637 3709 4711 παρακαλέσουσι
3732 4640 3869 4709 (8|).

2262 4736 2368 4780 Νυν
2401 4725 2460 4780 δὲ
2506 4729 2535 4786 ἡ
2567 4736 2662 4787 τῆς
2691 4730 2886 4800 μητρὸς
2936 4726 3286 4800 παράκλησις,
3323 4726 3381 4778 ού
3430 4733 3585 4799 μόνον
3628 4729 3863 4801 ἄκαιρος,

2264 4816 2389 4869 ἀλλὰ
2455 4821 2544 4869 καὶ
2604 4818 2830 4876 ύποπτος
2892 4822 2981 4868 καὶ
3012 4822 3115 4875 τοῖς
3141 4814 3519 4890 μεμψιμοίροις
3551 4815 3865 4888 εύεπηρέασ·

2264 4927 2368 4967 τος.

1729 5186 1953 5255 Variae
1984 5186 2313 5255 lectiones
2345 5196 2409 5253 et
2440 5196 2642 5253 notae.

561 5395 679 5541 £79;
711 5393 907 5449 δούλου
942 5402 1003 5451 Α.

588 5472 656 5524 80
705 5476 933 5526 ποιῆσαι
965 5475 1003 5521 Α

588 5472 679 5526 80)
705 5488 772 5521 πο
782 5476 829 5526 ιῆ
842 5488 933 5520 σαι
965 5475 1026 5522 Α.

2342 5393 2458 5466 (81)
2500 5394 2700 5450 Malim
2731 5394 3158 5469 παρακαλέσωσι.

573 5673 660 5745 (7))
691 5675 1261 5749 ΜαινεηθίοηΜειτὶε
1290 5674 1623 5749 admonitio
1664 5691 1794 5749 non,
1824 5676 2022 5733 solum
2074 5675 2512 5749 intempestiva,
2575 5675 2679 5733 sed
2718 5679 2776 5733 et
2823 5678 3097 5749 suspecta
3156 5679 3335 5749 atque
3388 5672 3627 5730 illorum
3667 5674 3775 5748 qui
3820 5674 3886 5733 li-

506 5744 711 5803 benter
732 5746 1196 5822 reprehendunt,
1237 5747 1712 5808 cavillationibus
1742 5746 2021 5805 obnoxia.
