4128 6402
219 324 351 381 1149

285 452 354 502 T6
400 445 486 519 δὲ,
539 450 698 500 Οὔπω
748 451 862 506 ἣκει
892 451 921 507 ἡ
991 450 1102 523 ὥρα
1147 471 1247 523 μου
1281 451 1411 523 (82),
1453 457 1544 505 καὶ
1591 455 1669 517 1'6,
1715 451 1826 504 Οὐκ
1858 453 1905 507 Α

225 535 483 597 ἠδύναντο
548 538 703 590 αὐτόν
768 541 981 605 πιάσαι,
1058 540 1137 593 ὃτι
1201 543 1344 593 οὔπω
1425 544 1541 600 ἣκει
1610 544 1640 600 ἡ
1717 542 1827 616 ὥρα

226 627 401 690 αὐτοῦ,
456 631 544 680 καὶ
624 630 706 696 τό,
793 625 989 691 Οὐδεὶς
1059 628 1296 683 ἐπέϐαλεν
1364 629 1442 684 ἐπ’
1513 630 1668 683 αὐτόν
1733 634 1829 693 τὰς

226 725 430 791 χεῖρας,
483 719 562 769 ὃτι
627 720 771 770 οὔπω
837 717 1071 777 ἐληλύθει
1118 721 1147 778 ἡ
1202 722 1312 793 ὥρα
1365 720 1545 788 αὐτοῦ,
1604 726 1695 773 καὶ
1744 723 1825 787 τό,

227 808 414 881 Πάτερ,
467 804 704 865 ἐλήλυθεν
748 809 778 865 ἡ
827 809 957 881 ὥρα,
1002 814 1092 861 καὶ
1138 811 1204 861 τὰ
1231 818 1471 875 τοιαῦτα,
1518 810 1577 862 ού
1633 808 1828 868 δηλοῦ-

227 915 307 949 σιν
359 897 441 948 ὅτι
487 903 679 968 καιρῶν
741 894 994 967 ἀνάγκαις
1049 903 1139 950 καὶ
1200 900 1344 973 ὡρῶν
1400 905 1829 975 παρατηρήσεσιν

225 986 463 1038 ὑπέκειτο
489 999 504 1014 '
538 994 645 1046 πῶς
685 989 811 1058 γὰρ,
866 988 891 1037 ό
942 990 1139 1039 τούτων
1188 994 1446 1058 ποιητὴς,
1491 988 1619 1041 ἀλλὰ
1663 997 1831 1042 ταῦτα

225 1079 338 1148 περὶ
398 1083 499 1127 τῶν
546 1080 916 1148 προσηκόντων
968 1086 1162 1152 καιρῶν
1215 1081 1436 1151 εἴρηται,
1500 1078 1823 1152 ἐμφαίνοντα,

225 1165 303 1216 ὅτι
357 1165 526 1215 πάντα
582 1161 689 1216 ἔδει
740 1167 876 1217 κατὰ
949 1164 1099 1237 λόγον
1168 1172 1258 1219 καὶ
1342 1166 1488 1230 τάξιν
1567 1170 1825 1239 γίνεσθαι.

225 1253 391 1306 Εἰπὼν
451 1250 556 1319 οὖν,
591 1254 672 1306 ὅτι
721 1257 881 1307 Οὔπω
921 1257 1037 1314 ἣκει
1066 1257 1095 1313 ἡ
1144 1257 1254 1330 ὥρα
1291 1258 1405 1329 (83)
1460 1277 1584 1330 μου,
1617 1256 1829 1315 ἐποίησε

224 1347 280 1396 τό
341 1344 539 1415 θαῦμα,
599 1352 762 1416 τιμῶν
803 1358 876 1410 τε,
929 1348 998 1405 ὡς
1051 1348 1273 1420 εἴρηται,
1316 1351 1409 1405 τὴν
1467 1351 1688 1421 μητέρα,
1740 1352 1829 1398 καὶ

227 1430 472 1487 δεικνύων
528 1434 611 1487 ὅτι
685 1434 744 1487 ού
813 1430 1047 1488 δουλεύει
1117 1444 1339 1511 καιροῖς,
1422 1436 1547 1489 ἀλλὰ
1603 1440 1831 1511 κυριεύει

225 1542 417 1577 τουτων
431 1566 445 1579 ,

294 1616 450 1683 Λέγει
497 1643 569 1655 —
610 1618 892 1673 ποιήσατε.
944 1621 1162 1667 Συνεῖσα
1209 1618 1296 1667 τόν
1344 1624 1436 1668 τοῦ
1495 1615 1651 1687 λόγου
1706 1635 1832 1668 σκο-

223 1704 336 1767 πόν,
389 1707 481 1754 καὶ
538 1703 650 1773 (84)
713 1704 792 1756 ὅτι
877 1704 971 1755 ούκ
1046 1702 1337 1777 ἀδυναμίας
1405 1708 1434 1763 ἡ
1512 1712 1834 1781 παραίτησις

228 1791 383 1862 ἐστιν,
417 1791 528 1844 ἀλλ’
563 1794 645 1845 ἵνα
670 1798 740 1865 μὴ
790 1789 920 1866 δοκῇ
969 1800 1078 1855 τοῖς
1124 1797 1387 1867 θαύμασιν
1428 1792 1708 1866 ἐπιπηὸᾀν,
1743 1800 1832 1847 καὶ

228 1882 516 1955 θεατρίζειν
548 1881 750 1948 ἐαυτὸν,
796 1888 887 1935 καὶ
932 1884 1011 1935 ὅτι
1060 1884 1118 1936 ού
1158 1884 1452 1957 παρόψεται
1498 1891 1592 1943 τὴν
1636 1888 1833 1947 ταύτης

226 1970 578 2044 παράκλησιν,
641 1976 762 2034 τοὺς
823 1969 1101 2036 διακόνους
1133 1982 1226 2034 τῆς
1276 1974 1533 2048 τραπέζης
1577 1975 1834 2048 εὐτρεπεῖς

226 2060 361 2131 αὐτῷ
404 2067 663 2134 παριστᾷ,
708 2066 897 2137 τρόπον
926 2063 1092 2135 ἕτερον
1123 2069 1212 2116 καὶ
1255 2064 1443 2125 αύτούς
1480 2083 1832 2138 συμπαρακα-

225 2149 451 2210 λοῦντας.

292 2238 462 2292 Ἦσαν
512 2271 574 2281 -
628 2248 785 2315 τρεῖς.
816 2238 1026 2316 ’Υὸρίαι
1068 2244 1157 2313 μὲν
1189 2244 1253 2294 τα
1285 2245 1443 2300 σκεύη
1475 2250 1566 2294 τοῦ
1614 2240 1830 2306 ὕδατος,

228 2333 477 2404 μετρηταὶ
509 2326 569 2382 δι
597 2332 664 2383 τὰ
688 2333 871 2403 μίτρα.
899 2330 1125 2384 ’Ἐκειντο
1157 2328 1216 2385 δὲ
1236 2336 1369 2405 πρός
1396 2336 1483 2384 τόν
1504 2335 1832 2406 καθαρισμὸν

226 2427 320 2469 τῶν
352 2415 651 2486 Ἰουδαίων,
672 2421 1032 2495 ύπηρετοῦσαι
1053 2424 1259 2483 τούτοις
1280 2422 1346 2482 εἰς
1365 2426 1450 2473 τόν
1481 2425 1830 2495 καθαρισμὸν,

229 2508 325 2574 ἴνα,
357 2512 401 2561 εἰ
446 2529 577 2562 ποτε
607 2509 895 2582 ἀκάθαρτοι
934 2510 1183 2583 ἐγένοντο,
1234 2517 1304 2584 μὴ
1347 2512 1521 2587 πόρρω
1558 2510 1833 2585 βαδίζοιεν

228 2602 293 2660 εἰς
331 2602 505 2671 πηγάς
534 2603 623 2651 καὶ
654 2605 860 2673 κρήνας.

293 2687 315 2761 [
374 2690 507 2761 (Τοῦ
566 2693 721 2759 αγίου
779 2690 895 2762 (85)
948 2690 1251 2762 Μαξίμου.)
1315 2691 1410 2754 Ἓξ
1486 2689 1677 2767 ὑδρίας
1732 2697 1834 2746 νόει

230 2797 332 2848 μοι,
369 2783 499 2841 τοὺς
545 2778 597 2841 ἕξ
634 2784 861 2854 τρόπους
904 2788 995 2841 τῆς
1035 2780 1404 2853 ἐλεημοσύνης,
1458 2785 1544 2834 τὸν
1592 2790 1683 2834 τοῦ
1723 2788 1834 2858 τρέ-

231 2886 330 2938 φειν
380 2872 509 2930 τούς
558 2878 849 2936 πεινῶντας,
902 2873 988 2922 τόν
1046 2877 1137 2922 τοῦ
1195 2872 1426 2931 ποτὶζειν
1474 2876 1595 2933 τοὺς
1634 2870 1834 2943 διψῶν-

230 2976 337 3025 τας,
403 2962 499 3011 τόν
543 2966 635 3010 τοῦ
693 2962 933 3030 συνάγειν
985 2963 1106 3022 τοὺς
1159 2960 1345 3029 ξένους,
1405 2964 1489 3013 τόν
1554 2969 1645 3013 τοῦ
1696 2982 1838 3033 περι-

232 3045 419 3100 ϐάλλειν
496 3052 616 3110 τοὺς
671 3049 917 3121 γυμνούς,
968 3053 1054 3101 τόν
1111 3056 1203 3102 τόῦ
1254 3049 1660 3103 ἐπισκέπτεσθαι
1716 3056 1835 3113 τούς

233 3133 596 3206 ἀσθενοῦντας,
647 3140 735 3189 τὸν
785 3146 875 3190 τοῦ
943 3140 1198 3213 ἔρχεσθαι
1253 3143 1383 3213 πρός
1443 3141 1565 3202 τούς
1628 3140 1675 3192 ἐν
1744 3162 1835 3213 φυ-

230 3224 375 3299 λακῇ.
432 3230 643 3287 Ταύτας
721 3224 809 3279 οὖν
857 3231 946 3289 τας
1023 3225 1232 3300 ὑδρίας,

1874 3188 1916 3246 C

1314 3232 1458 3290 κενὰς
1524 3234 1682 3291 οὔσας
1738 3240 1837 3282 τῶν

232 3314 419 3368 οἰκείων
455 3314 748 3390 ἆνεργειῶν,
782 3313 876 3369 διὰ
905 3320 962 3370 τό
993 3317 1229 3390 ψυγῆναι
1257 3323 1350 3377 τὴν
1396 3318 1603 3390 ἀγάπην
1637 3319 1720 3391 ἀφ’
1752 3322 1836 3388 ἧς,

232 3406 296 3465 ὡς
348 3404 447 3459 ἀπὸ
516 3415 712 3477 πηγῆς,
768 3405 1101 3479 ἐπληροῦντο,
1154 3413 1566 3480 παραγενόμενος
1624 3412 1648 3460 ό
1707 3412 1838 3471 θεῖος

232 3492 369 3565 λόγος
434 3495 558 3567 (86)
626 3504 727 3547 τῶν
790 3496 1129 3568 εύαγγελικῶν
1190 3496 1420 3561 ἐντολῶν,
1481 3507 1683 3571 πρῶτον
1749 3503 1838 3570 μὲν

239 3581 526 3659 ἐπλήρωσεν
563 3582 775 3653 ὓδατος,
819 3585 951 3657 λέγω
996 3584 1064 3644 ὀὴ
1086 3595 1180 3647 τῆς
1206 3587 1318 3658 (87)
1364 3595 1667 3660 σωματικῆς
1702 3589 1835 3662 ἐνερ-

239 3678 478 3746 γουμένης
551 3675 801 3737 εὐποιίας,
875 3673 986 3728 εἶτα
1056 3676 1296 3749 μετέϐαλε
1359 3680 1554 3734 ταύτην
1613 3678 1681 3737 εἰς
1746 3681 1838 3734 τὴν

240 3771 595 3836 πνενματικῶς
668 3763 1078 3838 ἐπιτελουμένην,
1140 3769 1204 3827 ὡς
1277 3767 1344 3827 εἰς
1416 3764 1569 3833 οἶνον,
1631 3769 1840 3839 θερμαί-

240 3870 420 3905 νουσαν
462 3857 557 3926 μὲν
617 3858 711 3912 τὴν
754 3854 963 3926 ψυχὴν,
1014 3856 1389 3928 εύφραὶνουσαν
1443 3852 1502 3909 δε
1557 3860 1645 3908 τόν
1699 3864 1836 3921 νοῦν,

244 3939 522 4002 ἐξιστῶσαν
557 3939 616 3995 δὲ
659 3948 776 4003 τούς
806 3944 940 3996 οὕτω
972 3946 1408 4019 θεραπευομένους
1450 3955 1543 4007 τῆς
1588 3950 1840 4020 προτέρας

245 4025 540 4094 διαθέσεως.
589 4031 814 4090 Ἐκάστη
872 4030 931 4085 δὲ
984 4030 1147 4106 ὑδρία
1194 4039 1469 4107 χωρητική
1515 4033 1627 4085 ἐστι
1668 4031 1765 4086 δύο
1807 4038 1837 4092 ἦ

247 4128 389 4191 τριῶν
419 4130 712 4193 μετρητῶν,
761 4118 858 4174 δύο
903 4126 1014 4195 μὲν,
1049 4119 1144 4175 δια
1173 4143 1229 4175 το
1263 4120 1479 4175 διπλοῦν
1516 4126 1584 4182 ὡς
1616 4126 1839 4197 εἴρηται,

244 4215 330 4270 τῆς
381 4211 499 4265 καθ’
548 4211 767 4264 ἕκαστον
826 4216 1015 4285 τρόπον
1078 4212 1331 4278 εὐποιίας,
1388 4212 1446 4264 ού
1519 4217 1669 4282 μόνον
1723 4212 1843 4284 (88)

246 4309 568 4370 σωματικῆς,
637 4298 764 4353 ἀλλὰ
842 4305 933 4353 καὶ
1001 4310 1354 4374 πνευματικῆς
1426 4300 1836 4373 λαμϐανομένης·

1294 324 1652 385 COMMENT.
1697 324 1769 381 IN
1805 323 2153 382 JOANNEM.
2195 356 2263 367 —
2302 324 2458 383 CAP.
2502 326 2567 381 ΙΙ.

3471 323 3614 382 1150

2014 453 2145 506 Haec
2183 456 2383 508 autem
2420 467 2432 508 :
2481 453 2754 508 Nondum
2787 451 2941 509 venit
2973 451 3124 508 hora
3152 465 3284 507 mea
3321 466 3334 507 :
3362 452 3492 507 Non
3520 468 3613 521 po-

1941 546 2182 596 tuerunt
2212 556 2337 597 eum
2371 542 2832 613 apprehendere,
2881 544 3025 613 quia
3050 540 3317 596 nondum
3365 548 3606 597 venerat

1941 630 2092 687 hora
2115 646 2242 700 ejus
2268 649 2282 684 :
2306 632 2527 688 Nullus
2556 631 2762 701 injecit
2784 631 2849 687 in
2880 647 3009 687 eum
3040 646 3274 700 manus,
3305 632 3447 701 quia
3472 646 3613 685 non-

1939 720 2078 776 dum
2092 728 2334 777 venerat
2346 722 2497 777 hora
2514 722 2666 792 ejus:
2685 723 2893 787 Pater,
2913 723 3071 777 venit
3090 721 3261 787 hora,
3285 720 3519 793 aliaque
3533 720 3611 776 si-

1942 809 2123 875 milia,
2158 826 2280 865 non
2319 811 2642 867 ostendunt
2692 812 2856 883 quod
2884 809 3236 866 necessariis
3266 815 3607 881 temporum

1942 899 2345 971 horarumque
2375 900 2899 956 observationibus
2931 899 3248 970 subjaceat
3278 918 3290 958 :
3326 915 3462 954 nam
3490 915 3610 971 quo

1941 988 2000 1043 id
2028 994 2203 1060 pacto
2243 988 2424 1053 ﬁeret,
2466 1006 2603 1044 cum
2639 990 2858 1045 horum
2897 988 3142 1044 effector
3183 991 3259 1044 sit
3290 988 3319 1043 ‘I
3349 988 3455 1043 sed
3487 989 3611 1043 haec

1940 1078 2016 1135 de
2054 1079 2533 1149 contingentibus
2585 1079 3137 1152 opportunitatibus
3195 1078 3355 1134 dicta
3407 1082 3547 1135 sunt
3590 1092 3605 1132 :

1941 1168 2418 1225 demonstrantia
2446 1169 2611 1241 quod
2638 1170 2845 1224 omnia
2888 1168 3117 1224 ratione
3139 1182 3208 1224 ac
3239 1168 3448 1223 ordine
3475 1166 3601 1223 ﬁeri

1942 1263 2225 1328 oporteat.
2256 1256 2403 1313 Cum
2447 1274 2589 1327 ergo
2630 1259 2875 1313 dixisset
2916 1275 2929 1312 :
2962 1258 3245 1313 Nondum
3266 1259 3425 1313 venit
3454 1257 3608 1312 hora

1942 1361 2093 1411 mea,
2125 1347 2479 1403 miraculum
2511 1353 2708 1404 tamen
2734 1353 3020 1418 operatus
3052 1352 3169 1401 est:
3201 1352 3259 1401 et
3275 1351 3526 1401 matrem
3547 1349 3608 1401 ut

1943 1435 2165 1491 dictum
2182 1442 2269 1491 est
2292 1436 2617 1495 honoraris.
2636 1442 2691 1491 et
2708 1436 3029 1491 ostendens
3046 1435 3211 1507 quod
3231 1434 3607 1506 temporibus

1943 1540 2066 1581 non
2092 1524 2313 1580 serviat
2334 1531 2437 1580 aut
2469 1525 2798 1596 subjaceat,
2847 1525 2952 1581 sed
2982 1524 3069 1581 eis
3098 1524 3463 1580 dominetur.

2018 1616 2179 1669 Vers.
2212 1619 2264 1670 5.
2318 1614 2473 1670 Dicit
2499 1645 2569 1655 -—
2604 1616 2807 1685 facile.
2858 1617 3006 1671 Cum
3046 1613 3214 1669 verbi
3256 1629 3499 1683 scopum
3540 1628 3611 1668 ac

1946 1703 2240 1759 rationem
2292 1702 2642 1773 intelligeret
2683 1719 2694 1757 :
2746 1704 3029 1774 quodque
3078 1718 3201 1758 non
3243 1700 3610 1773 impotentiae

1945 1793 2249 1847 excusatio
2276 1798 2418 1855 erat,
2451 1792 2553 1846 sed
2584 1807 2656 1847 ue
2689 1792 2983 1847 videretur
3010 1807 3137 1845 sese
3180 1789 3489 1846 miraculis
3518 1788 3611 1844 in-

1947 1896 2170 1950 gerere,
2211 1888 2266 1936 et
2306 1882 2644 1953 spectaculo
2683 1897 2995 1953 exponere,
3040 1881 3234 1936 Matris
3280 1880 3363 1951 (q)
3406 1884 3609 1933 autem

1946 1970 2423 2027 exhortationem
2471 1986 2592 2026 non
2633 1970 2958 2041 despiceret
2991 1986 3004 2024 :
3052 1984 3273 2025 mensae
3306 1969 3610 2024 ministros

1946 2062 2229 2116 admonet
2254 2068 2315 2116 ut
2330 2060 2442 2115 sibi
2456 2061 2719 2115 adsintet
2744 2059 3114 2132 ipsiquoque
3132 2058 3244 2115 alio
3266 2057 3450 2114 modo
3469 2072 3611 2113 cum

1946 2168 2017 2207 ea
2041 2152 2449 2222 deprecentur.

2018 2242 2178 2295 Vers.
2240 2244 2290 2295 6.
2360 2242 2545 2296 Erant
2579 2271 2644 2279 —
2694 2245 2910 2295 ternas.
2964 2238 3199 2309 Hydriae
3265 2253 3414 2292 vasa
3472 2238 3613 2291 sunt

1948 2347 2119 2403 aquae
2147 2348 2159 2385 :
2186 2334 2445 2385 metretaz
2470 2330 2956 2399 veroimensuraa.
2977 2328 3160 2383 Erant
3182 2332 3380 2383 autem
3402 2328 3609 2396 positae

1948 2420 2285 2476 secundum
2301 2419 2774 2491 puriﬁcationem
2793 2418 3160 2481 Judaaorum,
3179 2417 3233 2472 id
3251 2422 3357 2483 est,
3382 2422 3608 2487 paratas

1946 2510 2025 2566 ad
2058 2526 2265 2565 eorum
2301 2508 2796 2581 puriﬁcationem,
2844 2514 2906 2561 ut
2936 2507 2982 2561 si
3012 2507 3116 2578 qui
3139 2507 3285 2562 forte
3311 2506 3610 2563 immundi

1945 2600 2353 2663 redderentur,
2390 2615 2508 2653 non
2570 2598 2748 2665 longe
2770 2596 3042 2652 eundum
3073 2601 3226 2652 esset
3284 2596 3363 2651 ad
3393 2596 3608 2651 fontes.

2018 2690 2105 2758 σὶ--ιο
2122 2688 2324 2744 Sancti
2350 2687 2613 2743 Maximi.
2641 2686 2756 2742 Sex
2787 2685 3033 2756 hydrias
3060 2684 3317 2755 intellige
3344 2684 3484 2740 mihi
3509 2700 3611 2739 sex

1950 2777 2305 2833 modosillos
2317 2776 2780 2847 eleemosynae,a
2794 2776 2910 2831 lere
2929 2775 3275 2840 esurientes,
3293 2774 3608 2847 potnmda-

1948 2883 2010 2922 re
2048 2867 2398 2932 sitientibus,
2419 2866 2669 2920 domum
2700 2866 2918 2921 ducere
2942 2864 3228 2936 hospites,
3258 2865 3473 2920 vestire
3500 2880 3614 2918 nu-

1947 2957 2082 3023 dos,
2100 2958 2285 3011 visere
2299 2961 2575 3024 aegrotas,
2594 2954 2795 3009 venire
2810 2954 2884 3009 ad
2902 2969 3004 3008 eos
3018 2953 3118 3025 qui
3138 2960 3276 3008 sunt
3294 2953 3351 3007 in
3366 2952 3615 3007 carceri-

1948 3046 2081 3101 bus.
2098 3046 2214 3101 Has
2228 3045 2472 3117 hydrias
2486 3060 2645 3112 ergo,
2657 3059 2876 3098 vacuas
2894 3042 3013 3097 suis
3032 3041 3512 3113 operibus,quod
3524 3057 3614 3096 re-

1951 3136 2208 3198 frixerat.
2230 3150 2400 3189 amor
2417 3151 2452 3189 a
2469 3149 2611 3205 quo,
2634 3139 2922 3205 tanquam
2940 3148 2976 3187 a
2992 3131 3153 3187 fonte
3176 3131 3255 3186 im
3268 3130 3608 3202 plebantur,

1948 3241 2142 3281 sermo
2164 3224 2402 3279 divinus
2432 3227 2863 3296 praeceptorum
2897 3221 3383 3290 evangelicorum
3415 3221 3475 3275 in
3507 3220 3613 3276 ad-

1948 3318 2129 3370 ventu
2158 3328 2270 3369 suo
2294 3313 2488 3385 primo
2510 3312 2753 3382 replevit
2781 3327 2963 3383 aqua,
2990 3310 3050 3365 id
3081 3314 3185 3375 est,
3216 3309 3611 3366 beneﬁcentia

1949 3403 2331 3474 corporaliter
2386 3407 2686 3473 Operante,
2753 3400 2857 3454 sed
2899 3398 3156 3455 mutavit
3197 3413 3329 3453 eam
3372 3400 3433 3453 in
3473 3414 3609 3455 eam

1948 3508 2084 3566 qua:
2118 3494 2181 3548 tit
2240 3491 2635 3563 spiritualiter,
2690 3494 2973 3561 tanquam
3010 3489 3070 3543 in
3112 3488 3341 3555 vinum,
3399 3487 3612 3543 calefa-

1949 3584 2201 3639 cientem
2232 3582 2475 3654 quidem
2503 3580 2795 3647 animum,
2829 3579 3087 3633 suaviter
3118 3584 3319 3633 autem
3347 3576 3613 3633 afﬁcien-

1951 3678 2068 3729 tem
2098 3671 2474 3739 intellectum,
2506 3669 2778 3742 atqueita
2809 3672 3046 3724 curatos
3063 3683 3136 3723 ex
3160 3668 3339 3738 priori
3364 3664 3615 3722 transfe-

1951 3770 2173 3818 rentem
2206 3760 2414 3817 habitu
2444 3765 2498 3815 et
2522 3759 2884 3815 conditione.
2920 3756 3210 3823 Quaelibet
3236 3772 3375 3812 vero
3398 3755 3615 3828 hydria

1951 3852 2390 3923 capitduasaut
2420 3856 2536 3905 tres
2569 3854 2868 3913 metretas,
2899 3847 3052 3903 duas
3077 3846 3346 3918 quidem.
3380 3850 3620 3917 propter

1952 3940 2267 4012 duplicem,
2304 3945 2365 3993 ut
2429 3938 2654 3993 dictum
2714 3943 2821 4002 est,
2883 3935 3263 4005 singulorum
3296 3934 3620 4012 modorum

1952 4011 2430 4092 beneﬁcentiam,
2459 4042 2595 4097 quae
2610 4042 2728 4081 non
2756 4024 3145 4097 corporaliter
3172 4028 3427 4093 tantum,
3451 4022 3552 4078 sed
3568 4011 3627 4077 et

1956 4119 2283 4176 secundum
2300 4122 2521 4173 sanctae
2539 4114 2833 4172 Trinitatis
2852 4112 3211 4181 theologiam
3226 4111 3624 4168 beneficentia

1957 4208 2336 4281 spiritualiter
2388 4206 2721 4277 accipitur;
2764 4210 2880 4259 tres
2936 4218 3097 4267 vero,
3144 4200 3286 4272 quia
3317 4200 3620 4256 interdum

1958 4298 2291 4357 exhibetur.
2336 4296 2627 4352 Hauriunt
2672 4298 2870 4349 autem
2904 4292 3126 4346 dictam
3193 4306 3411 4361 aquam
3442 4289 3619 4345 bona;

242 4397 384 4460 τριῶν
443 4387 524 4460 δὲ,
568 4386 663 4443 διὰ
704 4394 761 4443 τό
809 4394 945 4451 κατὰ
993 4396 1086 4450 τὴν
1126 4401 1217 4452 τῆς
1260 4391 1411 4463 ἁγίας
1454 4389 1680 4464 Τριάδος
1737 4394 1835 4445 θεο-

1959 4390 2362 4460 cogitatioues,
2396 4403 2530 4459 quae
2562 4383 2776 4442 rationi
2803 4382 3087 4439 serviunt.
3116 4379 3289 4446 Quod
3319 4379 3528 4435 vinum
3557 4385 3621 4436 ut

312 4598 357 4630 ³³
388 4598 553 4653 Joan-
579 4613 674 4663 vn,
704 4598 792 4653 20.
873 4599 919 4634 ³⁵
949 4599 1125 4656 Joan.
1162 4613 1264 4665 vn,
1303 4602 1390 4665 30,

1469 4599 1517 4633 ³⁵
1544 4600 1717 4655 Joan.
1761 4614 1902 4664 xvn,
1939 4603 1991 4654 ί.

1453 4803 1671 4871 Variae
1708 4802 2039 4870 lectiones
2086 4810 2149 4869 et
2186 4810 2388 4868 notae.

314 5025 425 5152 (82)
453 5028 553 5085 Hic
580 5032 695 5084 tres
724 5027 837 5083 loci
866 5026 1099 5108 repetiti
1126 5030 1263 5082 sunt
1288 5042 1355 5081 ex
1374 5025 1679 5098 Chrysost.
1698 5030 1844 5082 tom.

347 5102 383 5152 1.
414 5116 473 5152 n.
499 5100 623 5152 125.
649 5102 722 5152 Α.
750 5102 899 5152 Ergo
927 5104 1182 5152 varietas
1204 5114 1325 5152 non
1360 5098 1649 5152 urgenda.

248 5094 383 5163 VIII,
408 5094 473 5170 'p.
499 5100 623 5156 125.
648 5102 722 5157 Α.
750 5102 899 5169 Ergo
927 5094 1182 5155 rarietas
1204 5114 1325 5154 non
1360 5094 1649 5169 urgenda.

316 5169 426 5237 (83)
466 5178 580 5225 Μου
608 5171 778 5227 abest
810 5178 872 5224 Α.

316 5169 426 5310 (83)
466 5178 580 5225 Μου
608 5171 778 5227 abest
810 5178 872 5224 A.

340 5241 426 5313 84)
464 5248 565 5295 Καί
591 5242 807 5298 omittit
835 5244 902 5296 A.

316 5311 424 5384 (85)
455 5315 692 5369 Inclusa
722 5314 907 5369 codex
941 5318 1186 5384 uterque
1224 5311 1411 5367 habet
1447 5312 1503 5367 in
1550 5311 1841 5384 margine.

250 5379 437 5439 Codex
469 5388 513 5440 A
536 5386 949 5441 omittitetiam
976 5379 1257 5451 indicem,
1280 5392 1372 5435 τοῦ
1403 5384 1557 5455 οῖγίου
1579 5383 1843 5455 Μαξιμου.

256 5449 567 5513 Hentenius
587 5456 680 5512 his
703 5463 882 5513 caret.

317 5498 893 5597 i563"ni‘13iié°sifiifiﬁ
914 5526 1007 5583 his
1024 5526 1443 5597 aanigmatibus
1467 5526 1842 5598 conjecturas.

1957 5023 2151 5079 Possit
2174 5025 2388 5078 tamen
2436 5017 3002 5092 aliquisconjicere,
3035 5013 3337 5092 tollendas
3369 5026 3631 5092 essenvo-

1957 5111 2075 5163 ces,
2129 5102 2228 5145 τῶν
2264 5082 2609 5163 εύαγγελικῶν
2660 5082 2887 5163 ἐντολῶν,
2939 5095 3003 5144 ut
3050 5090 3151 5163 ita,
3193 5084 3449 5163 sicut
3501 5082 3623 5139 ﬁne

1958 5155 2185 5231 scholii,
2221 5165 2289 5220 de
2330 5155 2559 5219 Christo
2599 5160 3095 5233 accipiatur.‘Sed
3126 5160 3187 5213 in
3220 5155 3623 5233 scholio‘pro-

1956 5239 2119 5295 ximo
2159 5225 2219 5292 in
2251 5237 2369 5292 fine
2414 5251 2617 5289 rursus
2661 5225 2749 5289 est
2795 5231 3087 5295 similiter,
3130 5236 3220 5282 τοῦ
3265 5231 3413 5281 Θείου
3462 5225 3619 5298 λόγου

1956 5318 2049 5362 τοῦ
2072 5307 2407 5381 εύαγγελικοῦ
2436 5326 2501 5365 κη
2507 5308 2607 5381 ρύγ
2613 5324 2744 5376 ματο
2755 5325 2793 5365 ς.

2053 5382 2140 5451 87)
2183 5380 2378 5435 Malim
2412 5385 2763 5451 Δσωματικῶς.

2053 5384 2115 5435 87
2183 5382 2378 5435 Malim
2434 5385 2763 5451 σωματικῶς.

2028 5382 2141 5526 (88)
2175 5452 2365 5507 Etiam
2411 5449 2508 5505 hic
2547 5444 2985 5521 praeferendum
3014 5444 3253 5503 videtur
3280 5461 3618 5516 σωματικως.

1956 5530 2013 5581 et
2054 5529 2437 5596 πνευματικῶς.

317 5699 396 5777 (νᾳ)
424 5705 652 5769 Matris.
704 5709 815 5762 etc.
854 5704 1146 5777 Quodque
1194 5704 1665 5761 admonitionem
1701 5720 1875 5761 suam
1930 5719 2052 5758 non
2086 5706 2239 5759 esset
2265 5700 2669 5773 neglecturus,
2697 5712 2924 5755 mensa
2969 5694 3298 5753 ministros.
3339 5692 3497 5749 Loco
3522 5695 3617 5754 τήν

259 5776 462 5843 ταύτης,
494 5777 817 5849 legendum
849 5776 1078 5835 videtur
1104 5781 1207 5835 aut
1235 5781 1329 5837 τὴν
1361 5781 1519 5837 αὐτῆς
1550 5780 1653 5833 aut
1678 5780 1774 5837 τὴν
1800 5778 2068 5835 τοιαύτην.
