4128 6390
501 299 634 355 1151

496 514 666 571 dicit:
697 516 1013 586 Oportebat
1046 517 1258 574 bonum
1286 519 1391 574 hoc
1412 522 1607 575 vinum
1619 521 1808 590 primo
1834 518 1968 573 bibi.
2006 518 2154 573 Cor-

496 606 690 674 porali
717 607 875 661 enim
906 622 1064 662 cura;
1096 607 1481 664 anteferenda
1511 608 1857 681 spiritualis.
1879 608 2157 679 Sponsus

496 709 639 749 vero
670 694 761 749 hic
782 694 1109 751 intellectus
1141 696 1465 758 humanus.
1498 698 1600 770 qui
1636 703 1697 753 ut
1722 712 2018 768 sponsam
2046 695 2161 752 sibi

494 782 997 855 jungitvirtutem,
1032 801 1295 857 quacum
1322 787 1500 852 vivat,
1526 802 1787 859 quorum
1811 786 2160 857 conjugium

500 890 636 929 cum
677 873 739 928 in
777 873 1004 929 honore
1033 875 1252 929 habeat
1287 877 1440 931 Deus
1472 882 1527 930 et
1557 879 1767 945 Logos,
1800 877 1959 931 venit
1989 880 2047 930 et
2075 891 2163 930 ar-

502 964 653 1019 ctius
704 962 943 1034 copulat
972 979 1178 1018 eorum
1224 965 1730 1034 conjunctionem.

1822 297 2161 356 EUTHYMII
2198 296 2523 353 ZlGABENI

496 426 760 494 gustavit
786 427 1240 494 architriclinus,
1271 428 1331 484 id
1357 433 1443 485 est
1465 428 1837 494 ,discernens
1852 427 2154 500 cogitatio,
2194 427 2237 481 Α
2268 426 2447 497 λογίαν

3750 301 3893 355 1152

2541 427 2681 479 ἔστιν
2776 445 2858 477 οτε
2942 445 3036 483 την
3126 427 3424 498 εὐεργεσίαν
3511 427 3887 483 ἐπιτελεῖσθαι.

2272 515 2546 569 ’Δντλοῦσι
2592 513 2650 569 ὃε
2700 520 2757 567 τό
2810 512 3041 573 δηλωθεν
3096 512 3240 589 ῦὸῶρ
3288 518 3335 568 οἱ
3375 516 3567 589 αγαθοὶ
3613 518 3885 589 λογισμοὶ,

2271 614 2343 675 τῷ
2390 604 2527 676 λόγῳ
2579 602 2956 665 διακονοῦντες.
3016 607 3214 657 Τούτου
3270 602 3329 657 δὲ
3377 614 3468 658 τοῦ
3500 610 3638 658 οἴνου
3692 612 3887 679 γευσά-

2273 714 2420 766 μενος
2451 695 2475 745 ὁ
2503 694 2914 768 ἀρχιτρίκλινος,
2961 694 3121 765 ἦγουν
3168 696 3193 746 ό
3244 692 3574 767 διακριτικὸς
3607 696 3888 770 λογισμὸς,

2274 789 2432 856 φησιν
2500 786 2579 836 ὅτι
2628 782 2777 837 "Eos:
2834 788 2920 836 τὸν
2992 784 3144 836 καλόν
3228 793 3406 837 τοῦτον
3476 783 3608 838 οἶνον
3684 796 3891 861 πρῶτον

2273 876 2517 931 ποθῆναι.
2577 881 2684 934 Τῆς
2750 877 2851 947 γὰρ
2915 872 3223 946 σιμαμτικῆς
3292 875 3579 946 ἐπιμελείας
3636 896 3892 949 προτιμο-

2274 966 2397 1035 τέρα
2428 965 2457 1021 ἡ
2495 963 2605 1034 (89)
2652 963 2830 1035 ψυχή.
2883 968 3117 1036 Νυμφίος
3163 960 3223 1015 δὲ
3268 962 3507 1031 ἐνταῦθα,
3562 968 3587 1017 ό
3620 965 3891 1039 ἀνθρώπι-

502 1071 587 1114 νος
616 1059 753 1117 νοῦς,
786 1055 853 1113 ὡς
873 1054 1075 1125 νύμφην
1107 1054 1460 1125 ἁρμοζόμενος
1478 1053 1642 1124 ἑαυτῷ
1670 1058 1762 1111 τὴν
1791 1052 1975 1128 ἀρετὴν
1994 1055 2118 1125 πρός
2148 1051 2462 1124 συμϐίωσιν,
2488 1052 2555 1103 ὧν
2581 1056 2675 1111 τὴν
2710 1053 2969 1124 συζυγίαν
2994 1060 3158 1125 τιμῶν
3177 1055 3202 1103 ό
3227 1056 3356 1114 Θεὸς
3381 1058 3470 1106 καὶ
3506 1058 3686 1126 Λόγος,
3716 1076 3890 1129 παροι-

502 1145 702 1212 γίνεται
734 1138 1065 1213 διασφίγγων
1099 1142 1211 1211 (90)
1240 1145 1408 1195 αὐτῶν
1440 1148 1533 1201 τὴν
1552 1142 1793 1215 ἐνωσιν,]

571 1233 657 1301 Ἠ-
685 1231 841 1285 Licet
862 1247 1000 1286 vero
1030 1232 1198 1287 aliter
1228 1233 1405 1288 etiam
1437 1238 1688 1288 tractare
1715 1232 2060 1300 allegoriam
2088 1231 2163 1286 de

500 1337 603 1375 sex
642 1320 890 1392 hydriis.
926 1322 1055 1376 Sint
1084 1322 1243 1377 enim
1276 1322 1530 1378 fortasse
1578 1324 1698 1377 istae
1738 1322 1987 1393 bydrire,
2028 1320 2163 1376 etl'e-

498 1411 643 1465 ctrix
669 1409 1004 1465 ofﬁciorum
1043 1410 1297 1466 facultas
1345 1416 1565 1467 naturae
1631 1412 1933 1478 humanas,
1975 1426 2162 1481 quam

496 1515 754 1554 vacuam
782 1505 839 1554 et
862 1499 1565 1572 inefﬁcacemjacentem,
1603 1501 1867 1571 implevit
1894 1501 2160 1555 divinum

498 1588 779 1653 Verbum,
796 1591 989 1657 primo
1002 1591 1248 1662 quidem
1270 1592 1607 1660 cognitione
1625 1608 1782 1645 cura:
1806 1590 2159 1661 corporalis,

499 1677 710 1733 deinde
763 1679 1088 1749 spiritualis
1146 1686 1292 1745 ;aut
1343 1682 1535 1751 primo
1601 1680 1943 1749 cognitione
1997 1680 2157 1745 facti,

500 1766 716 1822 deinde
741 1768 978 1823 theoriaa
1014 1784 1027 1833 ;
1060 1773 1165 1824 aut
1216 1771 1393 1825 etiam
1445 1772 1637 1842 primo
1693 1770 2032 1841 cognitione
2089 1784 2161 1823 ea
2193 1804 2232 1857 Β

501 1872 632 1926 quae
659 1861 753 1910 est
802 1858 1135 1913 secundum
1188 1866 1486 1923 naturam,
1531 1858 1747 1913 deinde
1770 1874 1837 1913 ea
1892 1874 2029 1930 quas
2076 1862 2163 1913 est

502 1960 686 2016 supra
758 1950 1062 2002 naturam.
1148 1949 1406 2003 Duarum
1488 1954 1872 2003 metretarum
1958 1953 2161 2002 autem

503 2036 687 2091 altera
728 2035 994 2107 quidem,
1058 2038 1302 2093 scientia
1357 2038 1750 2104 sensibilium,
1788 2037 1969 2093 altera
2019 2052 2161 2092 vero

503 2124 982 2193 intelligibilium,
1034 2132 1087 2181 et
1139 2129 1307 2182 tertia
1358 2126 1714 2182 illuminatio
1786 2128 1860 2183 de
1917 2128 2165 2182 imcom-

501 2214 877 2285 prehensibili
932 2221 1142 2271 natura
1201 2216 1418 2271 divina.
1478 2220 1804 2272 Numerum
1859 2218 2161 2271 senarium

501 2308 697 2358 autem
721 2304 1063 2374 accepimus
1094 2305 1167 2360 de
1200 2305 1473 2361 effectrici
1505 2306 1840 2361 ofﬁciorum
1886 2305 2163 2361 facultate

497 2397 747 2457 naturae,
776 2393 886 2458 vel,
921 2394 1061 2465 quia
1089 2410 1191 2449 sex
1219 2395 1423 2450 diebus
1466 2397 1616 2450 Deus
1650 2395 1783 2449 fecit
1816 2395 2112 2450 mundum
2146 2410 2159 2449 :

496 2482 761 2537 mundus
783 2499 923 2538 vero
951 2483 1131 2539 etiam
1154 2484 1336 2539 homo
1366 2502 1378 2538 :
1405 2485 1677 2556 vel,quia
1708 2485 1973 2556 quinque
2004 2501 2163 2538 men-

494 2572 570 2627 tis
603 2572 987 2627 facultatibus
1019 2580 1277 2627 mentem
1298 2574 1489 2643 ipsam
1526 2590 1770 2645 quoque
1803 2574 2161 2629 adnumera-

496 2677 643 2723 mus,
705 2666 768 2715 ut
819 2661 1086 2733 quinque
1146 2663 1416 2717 sensibus
1460 2664 1725 2735 corporis
1758 2665 1949 2734 ipsum
1985 2663 2162 2718 etiam

497 2765 739 2820 corpus.
774 2751 1289 2815 Quemadmodum
1343 2768 1485 2807 vero
1529 2768 1682 2825 pura
1712 2757 1766 2808 et
1800 2769 1941 2808 vera
1984 2753 2161 2822 Virgo

500 2838 676 2894 Maria
708 2841 881 2893 Mater
907 2840 1117 2895 exstitit
1145 2841 1238 2895 Dei
1273 2841 1409 2913 Logi
1440 2861 1450 2899 :
1483 2841 1755 2896 itaetiam
1779 2857 1929 2912 pura
1950 2847 2007 2896 et
2027 2858 2165 2897 vera

500 2927 649 2982 fides
664 2929 1121 2985 matertitdivini
1136 2930 1319 3001 verbi,
1338 2930 1771 3002 praedicationis
1784 2930 2161 3003 evangelicae.

577 3019 733 3074 Vers.
781 3020 837 3076 7.
897 3019 1048 3075 Dicit
1088 3051 1157 3060 —-
1202 3036 1511 3076 summum.
1569 3021 1785 3076 Mensae
1834 3020 2159 3089 ministros,

504 3105 644 3162 facit
669 3109 847 3164 etiam
881 3109 1177 3165 ministros
1210 3109 1503 3179 miraculi,
1539 3115 1599 3164 ut
1626 3111 1734 3181 ipsi
1768 3116 1941 3165 testes
1970 3111 2049 3165 rei
2077 3127 2162 3166 es-

505 3202 653 3254 sent.
675 3201 799 3254 Non
820 3197 1205 3269 jussitautem
1231 3204 1292 3254 ut
1319 3215 1469 3255 vasa
1488 3199 1718 3254 vinaria
1749 3199 2156 3270 implerentur,

503 3288 608 3343 sed
626 3287 867 3360 aqualia
894 3288 1013 3343 sive
1030 3289 1280 3360 hydriae,
1296 3304 1369 3344 ne
1390 3288 1493 3361 qui
1513 3288 1976 3360 suspicarentur,
1994 3290 2162 3362 quod

500 3377 717 3434 relictis
748 3377 996 3433 faecibus
1037 3379 1233 3434 mistio
1264 3394 1439 3451 aquae
1479 3378 1637 3434 facta
1667 3386 1835 3433 esset.

568 3559 763 3624 Quare
790 3561 985 3612 autem
1025 3572 1145 3612 non
1177 3557 1427 3629 ipsemet
1472 3557 1599 3613 solo
1632 3557 1811 3612 verbo
1842 3558 2019 3614 etiam
2049 3559 2164 3631 hy-

495 3645 658 3701 drias
690 3644 975 3716 implevit,
1008 3646 1114 3701 sed
1154 3646 1435 3701 ministris
1490 3648 1603 3701 hoc
1642 3647 1956 3717 imperavit
2002 3648 2031 3702 Ἰ
2083 3652 2161 3705 Ne

496 3736 860 3808 phantasma
885 3751 1016 3791 esse
1034 3736 1332 3792 videretur
1366 3758 1377 3789 :
1413 3736 1518 3792 sed
1550 3737 1599 3791 si
1630 3738 1769 3808 quis
1805 3738 2160 3793 miraculum

498 3824 983 3891 calumniaretur,
1012 3831 1077 3881 ut
1104 3827 1208 3898 qui
1227 3842 1452 3898 aquam
1486 3826 1827 3891 hauserant,
1860 3826 2161 3884 silentium

498 3914 613 3969 illis
634 3914 1032 3986 imponerent.

570 4006 731 4060 Vers.
756 4008 807 4059 8.
839 4005 917 4061 Et
945 4004 1026 4061 ait
1054 4038 1120 4046 —
1152 4006 1319 4062 Vers.
1354 4010 1438 4063 10.
1460 4007 1646 4062 modo.
1672 4007 2161 4064 Architriclinum

498 4094 641 4151 dicit
670 4096 863 4151 convii
906 4096 1265 4167 praefectum,
1318 4098 1419 4168 qui
1470 4098 1806 4152 convivium
1856 4102 2157 4169 procurat.

497 4185 769 4241 Triclinia
799 4186 958 4241 enim
992 4186 1365 4242 vocabantur
1389 4186 1541 4241 aulte
1564 4188 1997 4242 conviviorum.
2032 4186 2161 4242 Non

497 4289 641 4344 ergo
698 4275 1046 4347 simpliciter
1097 4292 1318 4347 aquam
1353 4277 1643 4331 convertit
1673 4276 1731 4331 in
1796 4277 2021 4339 vinum,
2054 4276 2161 4331 sed

496 4363 555 4419 in
582 4364 812 4420 bonum
845 4365 1072 4429 vinum,
1102 4363 1254 4419 sicut
1292 4366 1727 4421 architriclinus
1766 4367 1887 4437 ipse
1910 4371 2158 4421 testatus

495 4458 602 4509 est.
636 4457 782 4509 Nam
796 4454 896 4524 buj
910 4453 1145 4509 usmodi
1160 4454 1525 4511 admiranda
1556 4456 1763 4510 Christi
1783 4472 1968 4527 opera
1983 4455 2159 4525 longe

496 4548 663 4597 erant
695 4542 1072 4598 naturalibus
1102 4544 1538 4613 praestantiora.
1584 4546 1752 4609 Quod
1792 4544 1970 4614 igitur
2001 4560 2161 4616 aqua

493 4647 666 4686 versa
696 4632 768 4686 sit
808 4631 870 4686 in
925 4633 1153 4698 vinum,
1192 4632 1440 4688 ministri
1470 4640 1645 4689 testes
1668 4634 1947 4689 fuerunt:
1994 4633 2160 4705 quod

498 4725 696 4775 autem
730 4720 786 4773 in
828 4720 1057 4775 bonum
1098 4721 1276 4775 etiam
1330 4721 1563 4788 vinum,
1623 4722 2061 4777 architriclinus
2091 4739 2160 4778 ac

498 4826 751 4881 sponsus
786 4826 797 4865 :
824 4815 887 4865 ut
915 4809 1201 4877 deinceps
1221 4811 1573 4866 miraculum
1594 4812 1773 4867 latere
1794 4828 1913 4867 non
1935 4818 2157 4884 posset,

496 4898 663 4971 quod
702 4898 1051 4954 testimoniis
1081 4899 1234 4955 adeo
1275 4900 1605 4956 manifestis
1645 4900 2013 4971 probaretur.

486 5012 497 5017 -
568 4989 893 5045 Verisimile
916 4994 1003 5044 est
1031 4994 1233 5046 autem
1265 4994 1321 5046 et
1350 5006 1642 5062 sponsum
1673 4990 1900 5046 dixisse
1933 5006 1944 5047 :
1983 4992 2161 5057 Quid-

2349 1230 2524 1303 [Ἔστι
2584 1232 2695 1303 (91)
2756 1229 2815 1284 δὲ
2868 1236 2959 1283 καὶ
3021 1231 3202 1304 ἑτέρως
3258 1232 3518 1285 ἐπιϐαλεῖν
3574 1242 3634 1306 τῇ
3700 1237 3892 1307 θεωρία

2273 1330 2371 1372 τῶν
2403 1321 2455 1383 ἐξ
2495 1318 2716 1395 υθριῶν,
2775 1318 2883 1374 Εἶεν
2927 1325 3025 1395 γαρ
3077 1320 3137 1373 ἂν
3194 1322 3350 1374 αὗται
3402 1324 3431 1380 ἡ
3478 1329 3725 1382 ποιητικὴ
3786 1334 3891 1376 τῶν

2272 1412 2602 1467 καθηκοντων
2691 1406 2911 1482 δύναμις
2965 1419 3058 1472 τῆς
3138 1410 3463 1483 ἀνθρωπίνης
3529 1416 3748 1484 φύσεως,
3827 1418 3893 1472 ἦν

2272 1504 2420 1557 κενὴν
2476 1505 2565 1551 καὶ
2626 1498 2958 1573 ἀνενέργητον
3016 1504 3251 1569 κειμένην
3309 1500 3603 1572 ἐπλήρωσεν
3668 1504 3693 1552 ὁ
3755 1504 3896 1564 θεῖος

2272 1588 2439 1660 λόγος,
2486 1598 2688 1661 πρῶτον
2760 1592 2850 1661 μὲν
2922 1598 3011 1649 τῆς
3055 1593 3191 1641 κατὰ
3241 1595 3544 1662 σωματικὴν
3598 1590 3894 1663 ἐπιμέλειαν

2271 1684 2528 1749 γνώσεως,
2567 1676 2673 1729 εἶτα
2718 1686 2805 1738 τῆς
2853 1681 2989 1729 κατὰ
3037 1678 3293 1750 ψυχικήν·
3352 1682 3383 1738 ἡ
3418 1689 3619 1752 πρῶτον
3658 1684 3747 1752 μεν
3794 1689 3896 1743 τῆς

2274 1768 2408 1817 κατὰ
2434 1768 2640 1841 πρᾶξιν,
2670 1764 2779 1819 εἶτα
2804 1777 2897 1829 τῆς
2930 1770 3064 1819 κατὰ
3104 1771 3317 1841 θεωρίαν
3349 1788 3359 1798 ·
3384 1773 3412 1827 ἦ
3448 1774 3537 1821 καὶ
3568 1778 3765 1842 πρῶτον
3798 1774 3893 1843 μὲν

2275 1862 2364 1913 τῆς
2393 1858 2526 1906 κατά
2582 1860 2755 1926 φύσιν,
2790 1854 2899 1909 εἶτα
2942 1865 3037 1919 τῆς
3066 1859 3190 1929 ὑπερ
3221 1861 3375 1928 φύσιν
3402 1876 3412 1886 ·
3442 1867 3539 1909 τῶν
3569 1856 3627 1910 δε
3658 1855 3757 1911 δύο
3803 1880 3894 1931 μεο

2274 1954 2495 2017 τρητῶν,
2534 1941 2599 2005 εἷς
2634 1949 2745 2017 μὲν,
2797 1948 2826 2003 ἡ
2877 1955 2975 1997 τῶν
3026 1946 3286 2003 αἰσθητῶν
3335 1956 3549 2019 γνῶσις,
3591 1949 3755 2020 ἕτερος
3806 1946 3887 2020 δὲ,

2275 2036 2301 2091 η
2353 2042 2451 2085 τῶν
2491 2043 2703 2095 νοητῶν,
2759 2040 2847 2087 καὶ
2897 2041 3067 2107 τρίτος
3120 2038 3149 2093 η
3208 2041 3324 2109 περὶ
3370 2046 3461 2096 τῆς
3516 2036 3890 2096 ἀκαταλήπτου

2278 2126 2518 2186 θεότητος
2574 2124 2846 2197 ἒλλαμθξιις.
2898 2126 2984 2185 Εἰς
3041 2121 3100 2177 δὲ
3142 2129 3225 2176 τόν
3279 2126 3331 2188 ἓξ
3378 2124 3596 2199 ἀριθμόν
3642 2126 3889 2200 ἐλάϐομεν

2274 2218 2364 2271 την
2408 2218 2689 2272 ποιητικὴν
2721 2224 2818 2265 τῶν
2864 2216 3197 2272 καθηκόντων
3240 2211 3462 2287 δύναμιν
3513 2225 3603 2276 τῆς
3660 2220 3888 2289 φύσεως,

2275 2307 2303 2361 ἧ
2358 2306 2437 2354 ὅτι
2491 2306 2539 2355 ἔν
2599 2304 2652 2365 ἓξ
2707 2306 2923 2378 ἡμέραις
2976 2303 3218 2362 ἐποίησεν
3268 2306 3292 2355 ὁ
3341 2308 3466 2365 Θεὸς
3524 2308 3608 2357 τὸν
3662 2310 3886 2377 κόσμον

2275 2398 2472 2463 κόσμος
2504 2388 2562 2444 δὲ
2610 2398 2699 2444 καὶ
2753 2395 2777 2444 ό
2817 2395 3087 2465 ἄνθρωπος
3117 2411 3129 2422 ·
3164 2394 3193 2452 ἡ
3238 2394 3317 2445 ὅτι
3365 2402 3480 2454 ταῖς
3539 2398 3681 2446 πέντε
3720 2394 3895 2465 ψυχι-

2274 2488 2387 2540 καίς
2432 2477 2690 2552 δυνάμεσι
2733 2485 3147 2556 συναριθμοῦμεν
3189 2487 3278 2534 καὶ
3326 2483 3487 2541 αὐτὴν
3530 2488 3622 2541 την
3678 2484 3891 2555 ψυχὴν,

2276 2573 2339 2629 ῶς
2388 2578 2496 2630 ταῖς
2542 2576 2686 2623 πέντε
2736 2580 2827 2623 τοῦ
2876 2578 3115 2643 σώματος
3168 2571 3458 2630 αἱσθησλσι
3516 2579 3605 2624 καὶ
3646 2573 3772 2624 αὑτό
3834 2576 3893 2623 τὸ

2278 2670 2449 2731 σῶμα.
2480 2659 2681 2734 Ὠσπερ
2726 2657 2783 2713 ὃε
2817 2663 2845 2718 ἡ
2879 2663 3085 2735 καθαρὰ
3124 2667 3213 2713 καὶ
3254 2661 3449 2723 ἀληθὴς
3484 2665 3742 2734 Παρθένος
3780 2669 3893 2715 Μα-

2275 2754 2364 2822 ρία
2394 2754 2569 2823 μήτηρ
2603 2748 2798 2820 ἐγένετο
2831 2758 2921 2802 τοῦ
2968 2759 3099 2803 Θεοῦ
3145 2755 3343 2822 Λόγου,
3394 2752 3552 2812 οὕτως
3600 2754 3629 2810 ἡ
3682 2754 3894 2826 καθαρὰ

2275 2844 2364 2891 καὶ
2392 2838 2585 2899 ἀληθὴς
2616 2844 2811 2905 πίστις,
2845 2846 3021 2914 μήτηρ
3060 2845 3261 2912 γίνεται
3292 2848 3383 2893 τοῦ
3417 2844 3558 2894 θείου
3588 2840 3765 2913 λόγου,
3798 2850 3891 2894 τοῦ

2276 2929 2610 3000 εὖαγγελικοῦ
2636 2929 3023 3003 κηρύγματος]

2346 3023 2500 3090 Λέγει
2562 3052 2631 3060 -
2716 3021 2840 3071 ἄνω.
2910 3024 3038 3080 Τοὺς
3107 3016 3385 3082 διακόνους
3449 3028 3539 3081 τῆς
3599 3023 3884 3095 τραπέζης,

2273 3118 2498 3163 ποιεῖται
2530 3109 2807 3172 διακόνους
2844 3118 2936 3163 τοῦ
2978 3112 3262 3182 θαυματος,
3314 3112 3397 3162 ἱνα
3439 3110 3587 3164 αὖτοὶ
3623 3115 3888 3186 μάρτυρες

2271 3202 2370 3253 ὦσι
2423 3209 2512 3253 τοῦ
2575 3202 2899 3274 πράγματος.
2961 3200 3036 3251 Οὐ
3095 3201 3382 3271 προσέταξε
3434 3198 3491 3254 δὲ
3546 3206 3765 3274 γεμίσαι
3824 3206 3890 3254 τὰ

2272 3288 2459 3361 ἀγγεῖα
2487 3298 2576 3342 τοῦ
2617 3294 2778 3355 οἴνου,
2830 3289 2957 3342 ἀλλὰ
2999 3292 3064 3341 τὰ
3096 3286 3288 3362 ὃοχεῖα
3337 3297 3427 3341 τοῦ
3480 3287 3672 3351 ὕδατος
3704 3293 3788 3343 ἱνα
3812 3297 3885 3363 μὴ

2270 3399 2402 3441 τινες
2434 3382 2852 3449 ὑποπτεύσωσιν,
2888 3382 2968 3431 ὅτι
2998 3383 3185 3453 τρυγὸς
3228 3380 3649 3453 ἐναποκειμένης,
3696 3388 3890 3456 κρᾶσις

2270 3477 2359 3522 τοῦ
2383 3466 2581 3530 ὕδατος
2609 3473 2808 3540 γέγονε.

2346 3563 2446 3611 Καὶ
2467 3554 2613 3610 διατι
2640 3558 2731 3610 οὐκ
2764 3558 2916 3619 αὐτὸς
2940 3558 3076 3629 λόγω
3094 3564 3232 3631 μόνῳ
3246 3555 3543 3633 ταςύδρίας
3566 3558 3886 3633 ἐπλήρωσεν,

2273 3648 2401 3699 ἀλλὰ
2426 3655 2533 3710 τοῖς
2562 3645 2825 3709 διακόνοις
2867 3648 3099 3710 ἐπέταξεν
3128 3665 3140 3713 ;
3172 3647 3283 3701 Ἰνα
3303 3653 3374 3721 μὴ
3410 3645 3537 3721 δοξη
3585 3651 3886 3721 φαντάζειν,

2273 3736 2379 3789 ἀλλ’
2415 3738 2496 3788 ἵνα
2527 3739 2576 3789 οἱ
2608 3736 2755 3794 ἀντλη
2769 3756 2947 3799 σαντες
2978 3741 3034 3789 τό
3063 3734 3228 3812 ὕδωρ,
3261 3737 3651 3810 ἐπιστομίσοιεν
3682 3741 3801 3799 τοὺς
3826 3742 3886 3791 τὸ

2275 3829 2450 3900 θαῦμα
2482 3834 2949 3899 συκοφαντοῦντας.

2347 4011 2447 4060 Καὶ
2494 4006 2629 4077 λέγει
2692 4036 2759 4047 -
2808 4007 2947 4079 ἄρτι.
3006 4005 3421 4080 Ἀρχιτρίκλινον
3497 4006 3740 4079 ὀνομάζει
3797 4012 3886 4059 τόν

2274 4101 2705 4171 συμποσίαρχον,
2750 4099 2836 4147 τόν
2888 4094 3196 4168 ἐπιμελητὴν
3245 4104 3335 4148 τοῦ
3392 4102 3709 4168 συμποσίου.
3759 4102 3889 4171 Τρί-

2270 4186 2434 4239 κλινοι
2479 4190 2580 4258 γὰρ
2636 4184 2906 4237 ἐκαλοῦντο
2946 4186 2996 4237 οὶ
3044 4187 3178 4237 οἴκοι
3229 4194 3328 4237 τῶν
3389 4192 3718 4248 συμποσίων.
3772 4191 3886 4242 Οῦκ

2272 4276 2445 4337 ἁπλῶς
2484 4273 2542 4328 δὲ
2600 4272 2731 4327 οἶνον
2765 4274 2978 4333 ἐποίησε
3022 4278 3081 4327 τὸ
3131 4271 3296 4348 ὕδωρ,
3357 4274 3484 4327 ἀλλὰ
3526 4275 3679 4328 καλὸν
3725 4276 3883 4345 οἶνον,

2272 4369 2340 4427 ὡς
2403 4368 2427 4417 ὀ
2485 4364 2874 4439 ἀρχιτρίκλινος
2936 4364 3286 4439 ἐμαρτύρησε.
3359 4372 3589 4418 Τοιαῦτα
3634 4370 3735 4441 γὰρ
3793 4378 3886 4422 τοῦ

2276 4462 2507 4526 Χριστοῦ
2548 4456 2611 4505 τὰ
2661 4455 2902 4524 θαύματα
2938 4452 3107 4523 πολλῶ
3145 4462 3242 4504 τῶν
3293 4462 3524 4525 φυσικῶν
3573 4456 3883 4531 ὡραιότερα.

2195 4530 2238 4582 D
2270 4551 2373 4596 Τοῦ
2404 4546 2493 4615 μὲν
2541 4544 2629 4595 οὖν
2658 4547 2716 4595 τό
2765 4540 2909 4617 ὕδωρ
2946 4539 3077 4594 οἶνον
3124 4545 3386 4613 γενέσθαι,
3439 4547 3554 4604 τοὺς
3605 4542 3886 4610 διακόνους

2272 4631 2384 4704 εἶχε
2424 4636 2713 4707 μάρτυρας
2759 4640 2849 4684 τοῦ
2883 4629 2941 4685 δὲ
2981 4638 3070 4684 καὶ
3100 4632 3254 4684 καλόν
3304 4630 3459 4701 οἶνον,
3502 4637 3588 4684 τόν
3635 4632 3881 4709 ἀρχιτρί-

2270 4722 2437 4775 κλινον
2503 4728 2593 4774 καὶ
2650 4725 2736 4773 τόν
2784 4726 3023 4793 νυμφίον.
3082 4726 3179 4774 Καὶ
3232 4720 3410 4773 λοιπόν
3459 4723 3553 4773 οῦκ
3605 4724 3773 4795 ἔμελλε
3821 4730 3879 4777 τὸ

2272 4814 2448 4885 θαῦμα
2525 4813 2718 4879 λαθεῖν,
2783 4812 2944 4872 οὕτως
3011 4810 3295 4883 ἀναγκαίας
3348 4814 3472 4883 ἕχον
3525 4815 3619 4874 τὰς
3671 4831 3874 4886 μαρτυ-

2267 4906 2405 4978 ρίας.

2340 4991 2488 5051 Εἰκὸς
2547 4987 2607 5043 δὲ
2660 4995 2749 5043 καὶ
2796 4994 2883 5043 τὸν
2924 4994 3144 5063 νυμφίον
3199 4989 3355 5043 εἰπεῖν
3404 5010 3454 5042 τι
3508 4995 3640 5064 πρὸς
3689 4997 3874 5043 ταῦτα·

1700 5224 1924 5291 Variae
1954 5224 2277 5292 lectiones
2306 5234 2369 5291 et
2405 5233 2607 5292 notm.

566 5469 685 5611 (89;
707 5470 904 5535 Forte,
920 5466 1156 5539 ψυχική.

570 5544 663 5610 (90
704 5540 861 5594 Idem
886 5542 1051 5611 quod
1081 5559 1156 5591 συι

570 5540 685 5611 (90)
704 5540 861 5594 ldem
886 5542 1051 5611 quod
1081 5542 1406 5610 συσφίγγων.

2342 5465 2457 5539 (91)
2491 5466 2680 5522 Etiam
2710 5466 2832 5523 haec
2881 5466 2941 5523 in
2984 5466 3293 5539 utriusque
3340 5464 3571 5523 Codicis
3608 5466 3888 5537 margine

2270 5538 2674 5609 reperiuntur.

571 5742 651 5813 (r)
676 5742 962 5809 Quidnam
995 5750 1072 5798 est
1116 5744 1222 5800 hoc
1247 5745 1273 5799 ?
1313 5743 1554 5817 Aliquid
1585 5743 1660 5801 ad
1687 5744 1832 5801 haec.
1870 5744 2192 5802 Hentenius
2234 5760 2355 5803 non
2386 5746 2615 5804 videtur
2642 5744 2930 5803 invenisse
2969 5748 3105 5822 τρὸς.
