4128 6400
226 412 365 468 1153

1263 405 1634 463 COMMENT.
1677 403 1746 472 1N
1785 399 2137 458 JOANNEM.
2186 433 2254 442 -——
2291 403 2446 459 CAP.
2492 405 2560 458 ll.

3463 406 3605 462 1154

223 537 358 595 πλὴν
403 543 606 609 παρῆκε
648 543 802 588 τοῦτο
835 537 893 586 τό
939 537 1090 608 μέρος
1139 535 1164 585 6
1206 533 1577 605 εὐαγγελιστὴς
1627 534 1690 591 ὡς
1738 529 1832 582 οὐκ

1968 544 2088 584 iam
2129 533 2218 584 est
2282 530 2394 585 hoc
2449 529 2525 602 (ν)
2568 531 2598 587 ?
2655 535 3071 587 verumtamen
3121 531 3180 587 id
3222 530 3608 604 praetermisit

226 625 510 697 ἀναγκαῖον
523 668 534 680 .

301 721 500 768 Γένοιτο
533 711 593 768 δε
621 713 774 787 κάμὲ,
808 717 894 766 τὸν
925 713 1157 787 ψυχρόν,
1195 718 1284 766 καὶ
1314 721 1531 785 χαῦνον,
1567 716 1655 763 καὶ
1684 707 1833 785 διαρ-

222 807 425 881 ῥέοντα,
487 809 576 856 καὶ
633 806 768 856 κατὰ
815 812 968 856 τοῦτο
1023 800 1189 875 μηδεν
1243 799 1434 864 ὕδατος
1499 799 1832 874 διαφέροντα,

224 894 620 968 μεταϐληθῆναι
667 898 796 966 πρὸς
860 895 1051 966 θέρμην
1111 897 1464 965 πνευματικὴν
1513 896 1603 943 καὶ
1642 889 1834 960 στύψιν

225 984 462 1057 ἐνάρετον
484 988 575 1036 καὶ
599 982 756 1044 πῆξιν
796 983 955 1047 ἠθῶν,
1013 984 1148 1035 ὥστε
1185 988 1274 1035 καὶ
1325 983 1523 1055 ἐτέρους
1550 981 1834 1052 εὐφραίνειν

228 1071 516 1127 δύνασθαι.

299 1166 504 1220 Ταύτην
569 1193 642 1203 -
716 1161 1012 1224 Γαλιλαίας.
1084 1161 1160 1214 Ού
1217 1165 1369 1233 μόνον
1444 1159 1698 1233 ἀνέγραψε
1776 1162 1834 1210 τό

227 1256 427 1327 θαῦμα,
468 1251 593 1304 ἀλλά
645 1256 735 1304 καὶ
788 1247 1030 1314 ἐδίδαξεν
1084 1253 1162 1303 ὃτι
1218 1259 1370 1303 τοῦτο
1429 1247 1490 1308 ἦν
1541 1249 1685 1322 ἀρχὴ
1737 1257 1836 1300 τῶν

229 1349 481 1416 σημείων.
537 1342 676 1394 Ἐπεί
731 1344 832 1415 γὰρ
884 1341 977 1393 οὐκ
1043 1343 1319 1414 ἄχρηστον
1387 1337 1446 1399 ἦν
1507 1336 1700 1392 εἰὸεναι
1751 1341 1838 1389 καί

220 1441 402 1494 τοῦτο,
451 1432 648 1497 λοιπον,
709 1434 778 1492 ὡς
821 1433 1231 1504 παρασιωπηθεν
1297 1439 1408 1492 τοῖς
1438 1429 1624 1497 ἄλλοις,
1691 1431 1838 1481 ἱστό-

220 1542 384 1597 ρησεν
446 1522 593 1586 αὐτὸ,
656 1530 986 1595 χρησιμεύον
1055 1521 1122 1582 εἰς
1178 1525 1232 1573 τό
1282 1525 1352 1593 μὴ
1404 1523 1666 1573 πιστεύειν
1729 1527 1835 1580 τοῖς

220 1612 515 1684 λεγομένοις
594 1612 705 1682 (9'2)
772 1607 1042 1673 παιδικοῖς
1103 1612 1337 1683 θαύμασι
1408 1618 1500 1662 τοῦ
1576 1616 1832 1684 Χριστοῦ.

221 1711 393 1756 Τοῦτο
457 1704 559 1775 γὰρ
620 1700 764 1777 ἀρχὴ
821 1709 921 1753 τῶν
978 1705 1243 1773 σημείων·
1293 1699 1460 1752 ἐκεῖνα
1500 1697 1559 1752 δὲ
1617 1699 1838 1770 πλάσμα

224 1792 371 1845 ἐστίν
421 1789 613 1866 ἀνδρὸς
648 1791 1025 1863 λυμαινομένου
1075 1799 1136 1863 τῇ
1190 1790 1424 1862 ἀληθεία.
1461 1790 1519 1842 Εἰ
1564 1791 1666 1864 γὰρ
1715 1795 1836 1848 παῖς

1945 618 2310 686 evangelista
2345 625 2546 691 utpote
2591 637 2709 675 non
2745 622 3170 676 necessarium.

2019 708 2107 763 Uti
2132 724 2272 763 nam
2300 713 2501 766 autem
2533 715 2590 764 et
2624 726 2736 779 ego
2761 711 2864 783 qui
2905 709 3150 781 frigidus
3177 727 3331 774 sum,
3355 709 3528 765 laxus
3547 713 3606 764 et

1944 797 2188 866 effusus,
2219 797 2360 853 nihil
2393 797 2449 854 in
2486 800 2597 854 hoc
2631 801 2712 855 ab
2743 816 2907 871 aqua
2937 799 3314 865 differens,in
3340 799 3603 854 calorem

1945 891 2311 943 converterer
2365 889 2758 960 spiritualem,
2812 889 3044 944 virtutis
3091 889 3602 952 constrictionem,

1945 992 2016 1032 ac
2060 993 2294 1034 morum
2349 977 2716 1045 ﬁrmitatem,
2766 981 2829 1033 ut
2877 982 2934 1032 et
2953 977 3097 1033 alios
3129 977 3433 1033 lastiﬁcare
3466 993 3608 1049 pos-

1945 1078 2092 1121 senL

2018 1157 2177 1211 Vers.
2209 1157 2297 1211 11.
2326 1158 2454 1213 Hoc
2505 1185 2573 1198 —-
2635 1156 2926 1213 Galilww.
2988 1159 3115 1212 Non
3146 1156 3339 1212 solum
3381 1155 3602 1226 scripto

1945 1246 2208 1318 prodidit
2240 1246 2617 1314 miraculum,
2651 1246 2756 1301 sed
2786 1245 2968 1301 etiam
3001 1245 3207 1302 docuit
3238 1245 3600 1318 principium

1946 1335 2060 1390 hoc
2089 1335 2274 1392 fuisse
2305 1339 2637 1408 signorum.
2696 1337 2846 1391 Nam
2889 1336 3033 1407 quia
3072 1335 3133 1391 id
3174 1335 3322 1390 scitu
3351 1335 3602 1404 dignum

1946 1431 2094 1497 erat,
2128 1427 2290 1482 etab
2336 1426 2466 1482 aliis
2519 1426 2908 1498 praeteritum,
2957 1424 3368 1496 scripsitillud,
3398 1427 3605 1496 utpote

1946 1515 2024 1570 ad
2053 1516 2169 1570 hoc
2192 1515 2352 1584 utile,
2374 1531 2448 1571 ne
2475 1515 2624 1570 ﬁdes
2656 1515 3016 1572 adhibeatur
3044 1513 3136 1569 his
3162 1529 3298 1585 quae
3327 1512 3609 1567 dicuntur

1946 1604 2110 1677 pueri
2137 1604 2350 1661 Christi
2382 1605 2705 1672 miracula;
2739 1606 2853 1662 hoc
2883 1604 3043 1660 enim
3095 1602 3461 1658 fuitinitium
3494 1601 3610 1670 sig-

1945 1711 2159 1751 norum
2209 1696 2355 1753 :illa
2407 1712 2544 1754 vero
2595 1700 2736 1752 sunt
2788 1711 2942 1767 opus
2997 1695 3108 1750 viri
3160 1694 3327 1766 quia
3357 1691 3610 1748 veritate

1946 1785 2265 1841 aberravit.
2299 1786 2448 1842 Nam
2473 1786 2520 1841 si
2560 1801 2708 1858 puer
2741 1783 3038 1840 mirabilia
3071 1786 3356 1854 operatus
3381 1781 3608 1845 fuisset,

225 1880 298 1932 ὢν
357 1879 788 1953 ἐθαυματούργει,
846 1887 1009 1932 πᾶσιν
1049 1878 1109 1931 ἂν
1164 1879 1357 1952 ἐγένετο
1416 1885 1675 1952 γνώριμος
1735 1877 1833 1929 αύ-

1968 1875 2000 1928 d
2053 1877 2254 1932 statim
2309 1876 2595 1933 omnibus
2649 1877 3026 1939 innotuisset,
3081 1887 3278 1945 neque
3338 1869 3609 1926 lsraelitis

224 1974 387 2022 τίκα’
443 1967 841 2043 παραδοξότερα
893 1971 994 2042 γὰρ
1057 1972 1123 2023 τὰ
1174 1972 1318 2042 παρὰ
1377 1974 1648 2044 μειρακίου
1706 1970 1834 2020 θαυ-

223 2062 689 2133 ματουργούμενα·
725 2064 815 2111 καὶ
867 2060 961 2110 οὐκ
1015 2058 1074 2110 ἂν
1129 2055 1422 2117 ἐδεήθησαν
1473 2061 1522 2111 οἰ
1577 2058 1834 2132 Ἰσραηλῖ-

224 2168 318 2202 ται
378 2156 470 2200 τοῡ
522 2149 760 2202 Ἰωάννου
819 2155 1200 2223 φανερώσαντος
1257 2152 1365 2220 (93)
1416 2149 1588 2201 αὐτόν.
1650 2152 1836 2222 Εἵρηκε

223 2241 331 2312 γὰρ
387 2239 540 2300 αὐτὸς
588 2241 614 2291 6
687 2240 924 2300 Ἰωάννης
971 2241 1049 2291 ὅτι
1095 2237 1206 2292 Ἱνα
1273 2240 1537 2312 φανερωθῇ
1605 2247 1676 2310 τῷ
1735 2244 1837 2292 Ἰσ-

223 2327 383 2402 ραὴλ,
442 2325 536 2381 διὰ
591 2335 744 2381 τοῦτο
801 2326 955 2387 ἦλθον
1013 2328 1110 2401 ἐγὼ
1182 2328 1230 2380 ἐν
1287 2337 1360 2400 τῷ
1435 2326 1596 2382 ὕδατι
1647 2327 1837 2402 βαπτί-

228 2419 355 2478 ζων.
413 2418 640 2480 Εἰκότως
695 2414 781 2470 οὖν
837 2417 1060 2492 ἀνέμεινε
1117 2424 1208 2477 τὴν
1258 2415 1484 2491 ἀνδράσι
1537 2423 1836 2494 πρέπουσαν

227 2507 462 2572 ἠλικίαν,
515 2508 597 2559 ἱνα
633 2513 706 2580 μη
753 2513 1014 2581 νομίσωσι
1067 2513 1353 2581 φαντασίαν
1403 2505 1528 2561 εἶναι
1582 2513 1648 2561 τὰ
1693 2514 1840 2580 γινό-

230 2616 381 2669 μενα.
437 2597 495 2650 Εἰ
546 2599 669 2671 γὰρ,
731 2596 778 2649 ἐν
832 2597 998 2670 τελείᾳ
1060 2599 1235 2672 ἡλικίᾳ
1295 2601 1836 2674 θαυματουργοῦντος,

231 2685 415 2739 πολλοὶ
461 2694 616 2739 τοῦτο
671 2688 992 2754 ὑπωπτευον,
1055 2687 1222 2758 πολλῷ
1299 2687 1488 2760 μᾶλλον
1545 2687 1595 2740 ἐν
1654 2687 1838 2743 ἀτελεῖ.

239 2781 342 2829 Καὶ
379 2778 564 2828 θᾶττον
597 2772 655 2829 δε
683 2781 769 2828 καὶ
799 2777 912 2848 (91)
958 2780 1059 2851 πρό
1103 2785 1194 2829 τοῦ
1246 2782 1600 2852 προσήκοντος
1655 2786 1841 2850 καιροῦ

236 2868 492 2938 ὥρμησαν
536 2865 596 2917 ἂν
637 2864 718 2918 ἐπὶ
748 2869 833 2918 τόν
889 2870 1136 2942 στανρόν,
1180 2875 1240 2939 τῇ
1295 2866 1564 2940 βασκανίᾳ
1616 2872 1841 2939 τηκόμε-

233 2974 338 3023 νοι,
390 2960 482 3009 καὶ
545 2954 725 3008 λοιπόν
791 2955 988 3029 ἔμελλεν
1055 2956 1113 3008 ού
1176 2963 1328 3029 μόνον
1392 2956 1751 3016 ἀπιστηθῆναι
1809 2959 1840 3015 ἡ

236 3045 509 3118 οἰκονομία
559 3053 656 3108 τῆς
712 3045 1161 3121 ἕνανθρωπὴσεως,
1198 3045 1326 3100 ἀλλὰ
1379 3052 1470 3100 καὶ
1520 3045 1846 3120 ἐμποδισθῆ-

236 3154 326 3187 ναι
355 3137 416 3186 τό
447 3135 780 3206 Εὐαγγέλιον.

1944 1965 2155 2025 fuisset
2184 1985 2330 2040 opus
2360 1969 2609 2038 Joanne,
2641 1970 2708 2021 ut
2750 1981 2888 2021 eum
2944 1961 3366 2019 manifestaret.
3425 1959 3616 2030 Siqui-

1944 2063 2084 2120 dem
2107 2063 2363 2117 Joannes
2389 2058 2514 2130 ipse
2536 2056 2679 2113 dixit
2713 2075 2724 2113 :
2756 2055 2830 2112 Ut
2848 2053 3343 2124 manifestaretur
3370 2049 3609 2117 Israeti,

1943 2159 2182 2225 propter
2223 2151 2325 2206 hoc
2359 2148 2488 2205 veni
2533 2163 2630 2219 ego
2674 2146 2739 2203 in
2775 2161 2928 2217 aqua
2979 2143 3288 2212 baptizans
3317 2142 3384 2195 ³⁸.
3411 2139 3611 2196 Merito

1946 2258 2088 2314 ergo
2109 2238 2474 2314 exspectavit
2499 2236 2813 2293 decenteni
2841 2235 3022 2299 viros,
3049 2236 3286 2288 aetatem
3319 2245 3393 2286 ne
3422 2229 3615 2302 phan-

1947 2334 2201 2389 tasmata
2226 2345 2359 2385 esse
2388 2331 2670 2400 putarent
2693 2341 2765 2382 ea
2801 2340 2938 2396 quin
2970 2322 3199 2378 ﬁerent.
3225 2323 3372 2376 Nam
3404 2320 3452 2373 si
3483 2317 3615 2390 plu-

1947 2422 2084 2479 rimi
2124 2421 2185 2476 id
2213 2418 2680 2490 suspicabantur
2704 2430 2842 2470 cum
2871 2414 2929 2468 in
2959 2411 3229 2481 legitima
3258 2425 3328 2464 ac
3350 2406 3618 2479 perfecta

1949 2516 2122 2568 aetate
2151 2509 2448 2566 mirabilia
2472 2509 2843 2580 operaretur,
2877 2502 3067 2558 multo
3096 2501 3288 2572 magis
3314 2499 3375 2553 in
3400 2498 3618 2569 imper-

1950 2603 2194 2666 fecta,et
2220 2600 2576 2672 priusquam
2611 2603 2850 2666 tempus
2872 2591 3231 2648 conveniens
3251 2586 3617 2652 advenisset,

1953 2707 2092 2748 cum
2122 2688 2351 2745 invidia
2382 2688 2773 2749 tabescerent,
2807 2684 2867 2738 in
2882 2675 3624 2739 Salvatoreminsurrexis-

1953 2785 2083 2836 sent
2111 2785 2167 2835 et
2210 2780 2291 2834 ita
2328 2793 2450 2833 non
2482 2776 2678 2831 solum
2710 2771 2999 2828 increduli
3036 2770 3284 2825 fuissent
3311 2766 3618 2839 dispensa-

1954 2870 2101 2926 tioni
2163 2865 2624 2930 Incarnationis,
2678 2862 2784 2918 sed
2838 2862 3012 2917 etiam
3067 2857 3454 2928 Evangelium
3512 2855 3622 2910 im-

1955 2959 2340 3033 pedivissent.

310 3228 553 3282 Ζήτησον
586 3221 645 3278 δὲ
679 3229 770 3277 καὶ
826 3223 874 3277 ἐν
929 3234 1000 3296 τῷ
1051 3231 1211 3300 τρίτῷ
1245 3225 1506 3299 κεφαλαίῳ
1562 3235 1653 3280 τοῦ
1711 3229 1845 3279 κατὰ

2031 3228 2240 3293 Quaere
2312 3223 2492 3278 etiam
2553 3219 2722 3276 tertio
2789 3218 2960 3289 juxta
3014 3216 3358 3272 Matthaeum
3402 3212 3618 3286 capite,

241 3315 530 3385 MurOuiov,
593 3310 741 3367 διατί
796 3318 926 3387 μετὰ
989 3321 1300 3386 τριακοστὸν
1353 3319 1465 3379 ἔτος
1517 3319 1542 3368 ό
1614 3321 1848 3390 Χριστός

242 3400 395 3462 ἦλθεν
435 3403 518 3456 ἐπὶ
547 3407 602 3456 τό
660 3403 962 3478 βάπτισμα,
997 3405 1118 3457 ἔνθὰ
1168 3412 1335 3458 κεῖται
1363 3410 1440 3476 τὸ,
1504 3405 1584 3459 Ἐν
1633 3404 1690 3459 δε
1731 3414 1850 3468 ταῖς

243 3495 464 3566 ἡμέραις
497 3492 712 3555 ἐκείναις
770 3499 1114 3567 παραγίνεται
1171 3496 1411 3557 Ἰωάννης
1449 3498 1475 3548 6
1529 3501 1847 3558 Βαπτιστής,

245 3585 533 3657 κηρύσσων
564 3583 613 3636 ἐν
659 3592 720 3657 τῇ
777 3587 946 3660 ἐρήμῳ
1002 3593 1098 3647 τῆς
1131 3583 1418 3655 Ἰουδαίας,
1476 3591 1563 3639 καὶ
1613 3588 1851 3662 εὑρήσεις

248 3673 424 3735 αἰτίας
446 3673 821 3746 εύλογωτάτας.

328 3768 428 3816 Καὶ
459 3794 523 3804 -
551 3764 732 3821 αὐτοῦ.
760 3769 864 3823 Τὴν
906 3762 1128 3839 δύναμιν
1158 3765 1338 3833 αὑτοῦ,
1372 3770 1429 3819 τό
1459 3766 1725 3840 μεγαλεῖον
1762 3775 1856 3827 τῆς

254 3855 495 3914 θεότητος
530 3854 712 3906 αὑτοῦ.

331 3949 446 4005 Πῶς
480 3949 570 3996 καὶ
609 3948 710 3996 τίνι
767 3946 880 4015 (95)
940 3949 1146 4017 τρόπῳ;
1183 3945 1348 4018 ὀλίγοι
1398 3949 1499 4022 γὰρ
1553 3950 1856 4020 προσέσχον

254 4038 332 4102 τῷ
381 4035 700 4104 γεγενημένῳ
746 4037 893 4105 μόνοι
926 4037 1028 4108 γὰρ
1084 4036 1131 4085 οὶ
1178 4036 1453 4110 ὑπηρέται,
1509 4037 1650 4088 καὶὸ
1699 4056 1856 4111 αρχι-

249 4121 529 4193 τρίκλινος,
559 4127 648 4174 καὶ
691 4123 716 4174 ὁ
746 4124 982 4196 νυμφίος,
1011 4129 1100 4176 καὶ
1159 4126 1207 4176 οἱ
1237 4127 1471 4196 μαθηταὶ
1502 4126 1663 4178 αὐτοῦ
1721 4126 1856 4197 (96).

252 4214 328 4263 T6
383 4230 443 4282 γε
497 4211 564 4272 εἰς
612 4210 766 4264 αὐτόν
823 4213 970 4278 ἧκον,
1041 4212 1352 4288 ἐφανέρωσεν
1409 4214 1572 4272 αὐτὴν
1627 4212 1721 4267 διὰ
1767 4223 1859 4268 τοῦ

253 4304 496 4353 τοιούτου
533 4303 815 4375 θαύματος.
861 4301 920 4355 Εἰ
947 4305 1049 4376 γὰρ
1075 4308 1164 4355 καὶ
1203 4307 1272 4376 μὴ
1298 4309 1414 4355 τότε
1459 4303 1637 4357 πολλοὶ
1689 4324 1861 4378 προσ-

255 4395 443 4462 έσχον,
496 4389 604 4443 ἀλλ’
641 4391 856 4467 ὕστερον
893 4389 1111 4450 διεδόθη
1165 4396 1223 4444 τὸ
1275 4395 1468 4466 θαῦμα,
1503 4399 1592 4446 καὶ
1644 4395 1864 4455 πολλοὺς

257 4479 514 4536 εἵλκυσεν.
537 4479 658 4533 Ὀτι
689 4477 748 4534 δε
777 4480 825 4534 ἐν
857 4481 1021 4555 ἐκείνη
1055 4489 1116 4554 τῇ
1150 4484 1320 4558 ἡμέρᾳ
1358 4480 1529 4545 οὐδεὶς
1567 4492 1666 4536 τῶν
1700 4485 1863 4537 ἄλλων

257 4575 555 4637 επίστευσε,
591 4566 750 4628 δῆλον
781 4569 882 4624 ἀπὸ
913 4580 1011 4624 τῶν
1035 4570 1174 4634 ἑξῆς.
1205 4573 1475 4645 Ἐπήγαγε
1497 4574 1620 4649 γάρ.

334 4754 438 4804 Καὶ
467 4781 537 4790 -
566 4750 746 4807 αὐτοῦ.
775 4753 840 4805 Oi
861 4756 950 4804 καὶ
976 4754 1075 4827 πρὸ
1095 4755 1282 4805 τούτου
1317 4753 1665 4825 θαυμάζοντες
1689 4753 1863 4808 αὐτόν.

252 4839 424 4914 Ὁρᾷς
443 4841 524 4893 ὅτι
549 4845 666 4894 τότε
690 4845 800 4916 χρὴ
825 4843 1059 4914 γίνεσθαι
1091 4844 1158 4894 τὰ
1188 4849 1399 4914 σημεῖα,
1429 4843 1550 4895 ὅταν
1580 4845 1629 4896 οἱ
1654 4845 1868 4919 ὁρωντες

259 4929 603 5006 εὐγνωμονεῖν
623 4935 714 4984 καὶ
737 4935 1020 5004 προσέχειν
1048 4932 1292 5005 μελλοιεν.

333 5174 386 5210 ³⁸
409 5174 581 5231 Joan.
618 5190 657 5240 ι,
689 5174 780 5232 31.
857 5176 906 5212 ³⁷
937 5175 1139 5234 Matth.
1193 5191 1275 5245 in,
1308 5176 1360 5236 1.

1957 3332 2146 3390 quam
2179 3313 2257 3370 ob
2285 3328 2534 3368 causam
2565 3315 2700 3383 post
2731 3309 3098 3365 tricesimum
3141 3322 3368 3362 annum
3396 3305 3626 3360 venerit

1960 3407 2226 3462 Christus
2265 3403 2342 3458 ad
2372 3402 2694 3474 baptisma,
2725 3399 2829 3455 ubi
2857 3399 3071 3453 dicitur
3101 3415 3115 3452 :
3151 3397 3222 3452 In
3275 3395 3473 3452 diebus
3501 3394 3624 3450 illis

1961 3496 2126 3554 venit
2138 3494 2312 3549 Joann
2321 3509 2374 3549 es
2387 3491 2657 3561 Baptista
2671 3489 3013 3559 praedicans
3025 3487 3089 3544 in
3101 3488 3327 3544 deserto
3340 3485 3622 3550 Iudam“,

1962 3591 2020 3642 et
2057 3599 2274 3641 causas
2329 3581 2595 3638 invenies
2625 3579 2969 3652 aptissimas
3019 3594 3089 3633 ac
3118 3575 3330 3633 rationi
3365 3574 3627 3631 maxime

1965 3691 2292 3732 consonas.

2036 3765 2200 3821 Vers.
2264 3764 2349 3818 11.
2397 3763 2473 3818 Et
2535 3792 2602 3802 --
2631 3775 2822 3816 suam.
2858 3759 3185 3815 Potentiam
3245 3760 3302 3812 et
3352 3756 3630 3811 virtutem

1966 3872 2164 3920 suam,
2188 3851 2666 3925 magnitudinem
2699 3848 3029 3905 divinitatis
3061 3864 3204 3902 suae.

2036 3945 2246 4000 Verum
2300 3943 2610 4015 quomodo
2667 3947 2768 3996 aut
2823 3955 2945 4012 quo
2989 3943 3165 4011 pacto
3204 3937 3320 3994 hoc
3339 3935 3471 4000 fuit,
3495 3951 3634 3990 cum

1968 4035 2149 4109 pauci
2183 4033 2261 4091 ad
2293 4033 2373 4098 id,
2403 4031 2806 4104 quodfactum
2858 4034 3002 4092 erat,
3053 4027 3468 4090 advertissent,
3522 4025 3637 4079 soli

1970 4124 2238 4180 videlicet
2268 4122 2523 4177 ministri
2550 4128 2606 4176 et
2632 4118 3069 4175 architriclinus
3095 4132 3166 4172 ac
3215 4131 3475 4187 sponsus
3498 4130 3637 4169 cum

1970 4213 2285 4286 discipulis
2308 4213 2437 4283 ejus
2464 4217 2488 4261 ?
2511 4210 2682 4276 Quod
2706 4210 2764 4264 in
2799 4225 2862 4264 se
2893 4213 3036 4272 erat,
3068 4205 3470 4262 manifestavit
3500 4219 3636 4258 eam

1971 4321 2078 4378 per
2106 4302 2456 4374 hujusmodi
2487 4299 2872 4364 miraculum;
2906 4312 3260 4370 quanquam
3286 4296 3444 4350 enim
3460 4293 3640 4365 pauci

1972 4401 2112 4452 tunc
2144 4393 2778 4462 advertebant,postea
2809 4396 3008 4445 tamen
3023 4387 3398 4456 divulgatum
3427 4388 3516 4440 est
3536 4383 3641 4438 mi-

1974 4485 2271 4551 raculum,
2307 4482 2649 4554 multosque
2679 4479 2932 4536 attraxit.
2969 4477 3140 4544 Quod
3180 4481 3379 4532 autem
3421 4473 3514 4530 die
3543 4473 3642 4528 illo

1975 4574 2176 4630 nullus
2201 4573 2456 4629 aliorum
2485 4569 2819 4635 crediderit,
2843 4584 2914 4624 ex
2943 4565 3332 4640 sequentibus
3354 4562 3645 4621 manifes-

1979 4669 2105 4721 tum
2135 4667 2224 4720 est
2257 4679 2271 4730 ;
2303 4677 2446 4718 nam
2475 4659 2785 4731 subjunxit
2815 4675 2830 4716 :

2051 4752 2209 4806 Vers.
2270 4750 2358 4805 11.
2404 4749 2483 4805 Et
2561 4781 2628 4788 —
2660 4750 2806 4818 ejus.
2862 4747 2972 4812 Qui
3014 4746 3194 4801 etiam
3240 4749 3418 4800 antea
3445 4742 3643 4814 ipsum

1980 4839 2460 4898 admirabantur.
2495 4838 2671 4893 Vides
2683 4835 2852 4909 quod
2875 4843 3012 4892 tunc
3025 4839 3298 4907 oporteat
3316 4831 3444 4888 ﬁeri
3471 4831 3648 4902 signa.

1980 4947 2121 4988 cum
2165 4929 2433 4986 futurum
2485 4935 2576 4984 est
2613 4933 2678 4982 ut
2724 4931 3088 5000 spectatores
3117 4920 3395 4980 benevoli
3424 4919 3543 4976 sint
3590 4928 3650 4976 et

1983 5021 2262 5080 animum
2296 5019 2629 5076 advertant.

1499 5303 1728 5374 Variae
1756 5303 2088 5374 lectiones
2114 5312 2181 5372 et
2211 5312 2413 5371 notae.

341 5500 457 5569 (92)
497 5497 677 5555 Aliter
733 5497 808 5555 de
846 5499 944 5574 his
988 5500 1217 5574 videtur
1272 5500 1533 5574 sensisse
1571 5502 1870 5574 Origenes,

265 5574 479 5647 contra
494 5585 698 5647 quem,
719 5575 789 5647 ut
817 5570 1095 5647 arbitror,
1115 5570 1702 5647 disputatChrysost'.
1726 5579 1873 5631 tom.

265 5645 409 5708 V’lll,
442 5657 504 5713 p.
551 5645 670 5716 121.
716 5644 799 5716 Dr;
856 5642 964 5698 sed
1003 5642 1273 5716 Origen'is
1323 5646 1401 5702 ad
1458 5642 1624 5704 hunc
1674 5646 1876 5703 locum

268 5713 742 5770 commentarius
777 5715 1104 5772 intercedit.

343 5786 458 5857 (93)
487 5785 694 5866 Nescio
737 5787 1285 5866 annon-interpres
1324 5788 1532 5862 legerit
1563 5795 1876 5866 φανερώσον-

269 5856 379 5925 τος,
418 5856 588 5930 quod
615 5871 727 5914 nec
755 5856 905 5914 mihi
930 5856 1305 5932 displicebat.

2059 5501 2171 5572 (94)
2204 5503 2306 5555 Καί
2358 5499 2527 5556 abest
2566 5505 2625 5554 A.

2065 5575 2180 5644 (95)
2284 5576 2412 5625 Τίνα
2516 5575 2708 5645 τρόπον
2819 5573 2886 5625 Α.

1987 5665 2150 5704 αυτην
2185 5661 2199 5709 ;

2059 5716 2171 5788 (96)
2206 5718 2319 5771 Aut
2348 5731 2420 5771 ex
2440 5712 2850 5788 superioribus
2906 5709 3291 5788 repetendum
3326 5710 3646 5788 προσέσχον,

1988 5778 2091 5845 aut
2121 5778 2282 5844 aliud
2338 5778 2588 5842 verbu’m
2639 5778 3069 5856 supplendum,
3115 5780 3293 5838 veluti
3347 5778 3648 5850 ἐγίνωσκον,

2980 5565 3260 5636 lntellige,

3337 5563 3650 5638 ἐφανερωσεν
