4156 6396
503 392 641 447 1155
1857 385 2144 441 ΕυΤΗΥΜ

2271 386 2574 444 llGABENl
3764 391 3827 447 11
3837 392 3912 448 56

575 519 736 572 Vers.
796 516 884 568 42.
930 513 1195 569 Posthaec
1226 542 1291 551 —
1338 511 1558 568 diebus.
1608 511 1924 567 Descendit
1963 511 2216 583 Caper-.

2358 516 2503 567 Μετά
2541 522 2693 568 τοῦτο
2751 545 2819 554 -—
2882 517 3099 589 ἡμέρας.
3154 516 3356 576 Κατέϐη
3399 517 3471 580 εἰς
3525 524 3898 593 Καπερναοὺμ,

506 621 716 668 naum,
751 609 811 658 ut
836 603 1146 674 quiescere
1181 601 1397 658 faceret
1423 601 1505 656 ibi
1539 603 1799 657 Matrem.
1828 601 2058 656 Fratres
2083 618 2147 656 su

2288 604 2370 654 ἵνα
2410 600 2746 678 διαναπαύσῃ
2786 609 2877 663 τὴν
2923 610 3155 678 Μητέρα.
3200 603 3439 680 Ἀδελφοὶ
3480 605 3538 660 δὲ
3569 608 3730 661 αύτοῦ
3755 611 3904 682 νομὼ

506 698 732 758 autem,
754 692 904 762 lege,
939 707 1059 747 non
1089 695 1324 758 natura,
1367 690 1470 745 lilii
1517 689 1792 746 videlicet
1819 689 2041 761 Joseph
2070 705 2147 761 qu

2285 697 2373 744 καὶ
2403 693 2459 744 ού
2509 696 2662 765 φύσει
2714 697 2764 747 οἱ
2794 697 2898 747 υἱοὶ
2948 695 3162 768 Ἰωσὴφ,
3222 704 3313 748 τοῦ
3344 701 3484 769 νόμῳ
3514 703 3604 750 καὶ
3652 701 3712 751 ού
3745 703 3909 772 φύσει

501 783 631 854 lege
661 788 718 838 et
747 796 868 837 non
899 786 1111 836 natura
1148 786 1318 851 pater
1347 778 1505 835 illius
1530 786 1674 835 erat.

1050 797 1111 835 re.
1148 786 1318 851 pater
1347 778 1505 835 illius
1530 786 1674 835 erat.
2284 787 2483 849 πατρὸς
2510 784 2691 841 αὐτοῦ.

917 872 1069 926 CAP.
1105 869 1180 924 ll.
1204 870 1281 926 De
1300 869 1499 938 ejectis
1538 884 1568 926 e
1597 870 1832 938 templo.
2431 880 2556 926 ΚΕΦ

2431 880 2576 927 ΚΕΦ.
2602 873 2668 929 Β’.
2705 880 2830 947 Περὶ
2865 882 2963 927 τῶν
2993 873 3340 934 ἐκϐληθέντων
3367 875 3422 928 ἐκ
3454 885 3546 930 τοῦ
3586 879 3745 952 ἱεροῦ.

578 971 740 1026 Vers.
775 970 862 1024 l3.
891 969 966 1023 Et
995 983 1181 1037 prope
1221 999 1289 1007 -—
1313 967 1476 1022 Vers.
1533 973 1616 1023 l5.
1650 968 1957 1024 subvertit.
2008 967 2174 1024 Simi-

2360 968 2459 1015 Καὶ
2548 962 2704 1035 ἐγγὺς
2787 995 2854 1005 -—-
2939 963 3240 1040 ἀνέστρεψε.
3335 967 3690 1042 Παραπλήσια
3781 968 3902 1039 (97)

505 1042 587 1117 lia
611 1075 854 1133 quoque
882 1060 1115 1131 scripsit
1145 1059 1451 1114 Matthasus
1482 1059 1541 1112 in
1573 1059 1690 1113 ﬁne
1721 1058 2146 1130 quadragesim

2284 1057 2373 1103 καὶ
2426 1055 2452 1104 ὁ
2501 1056 2769 1115 Ματθαῖος
2815 1057 3088 1129 ἱστόρησεν
3136 1053 3183 1106 ἐν
3241 1064 3313 1126 τῷ
3351 1055 3482 1108 τέλει
3543 1064 3636 1109 τοῦ
3699 1075 3901 1109 τεσσα-

502 1150 693 1223 quinti
715 1150 926 1220 capitis
943 1150 990 1184 ³⁸
1022 1153 1115 1215 ;et
1138 1149 1371 1203 illorum
1396 1147 1521 1217 lege
1548 1149 2009 1215 enarrationem,
2043 1147 2143 1220 plu

2282 1151 2547 1215 ρακοστοῦ
2594 1148 2827 1214 πέμπτου
2879 1144 3159 1216 κεφαλαίου
3215 1145 3398 1214 αὐτοῦ,
3483 1150 3574 1198 καὶ
3628 1145 3899 1218 ἀνάγνωθι

502 1241 727 1296 rimum
758 1239 838 1294 ad
868 1240 996 1295 haec
1023 1239 1450 1294 conferentem.

2283 1237 2375 1289 τὴν
2427 1232 2625 1284 ἐκείνων
2681 1231 2950 1304 ἐξήγησιν,
2983 1233 3184 1306 μεγάλα
3212 1239 3304 1287 καὶ
3353 1237 3484 1309 πρὸς
3542 1243 3711 1288 ταῦτα
3761 1254 3899 1307 συμ-

1502 1368 1505 1370 ,
2285 1319 2619 1394 ϐαλλομένην.

578 1421 939 1491 Κερματισταὶ
991 1421 1192 1471 autem
1222 1416 1462 1487 pr0prie
1501 1415 1781 1471 dicuntur
1813 1421 2178 1486 permutato-

2359 1416 2716 1484 Κερματισταὶ
2762 1408 2822 1464 δὲ
2873 1414 2921 1464 οἱ
2971 1411 3346 1478 καταλλάκται,
3402 1413 3494 1476 οῦς
3542 1415 3568 1466 ὁ
3621 1416 3903 1477 Ματθαῖος

503 1523 616 1572 res,
696 1522 851 1578 quos
907 1506 1211 1562 Matthzeus
1261 1504 1607 1565 κολλυϐιστὰς
1662 1507 2014 1575 nominavit,
2059 1507 2144 1562 hoi

2283 1499 2627 1562 κολλυϐιστὰς
2680 1501 2966 1572 ὠνόμασεν.
3019 1500 3220 1577 Ὠσπερ
3269 1499 3330 1555 δε
3383 1501 3652 1572 κολλυϐος,
3707 1505 3733 1557 ὁ
3779 1503 3903 1557 ὀϐο-

504 1600 592 1652 est
631 1594 1094 1651 nummularios.
1129 1595 1196 1649 Et
1227 1595 1377 1649 sicut
1402 1592 1647 1653 κόλλυϐος
1676 1594 1890 1649 obolus
1920 1599 2029 1660 est,
2069 1611 2145 1667 qu

2281 1588 2388 1654 λός,
2441 1590 2573 1642 οὕτω
2629 1595 2719 1642 καὶ
2775 1589 2960 1665 κέρμα,
2999 1591 3029 1649 ἡ
3084 1596 3277 1665 σωρεία
3321 1600 3423 1644 τῶν
3461 1611 3516 1646 τε
3564 1591 3755 1646 ὀϐολῶν
3803 1599 3901 1648 καὶ

502 1700 614 1756 pro
659 1683 1099 1755 permutatione
1129 1689 1378 1738 moneta;-
1409 1682 1584 1738 datur
1622 1684 1681 1737 id
1723 1688 1813 1738 est
1865 1685 1952 1754 (ut
1994 1684 2143 1754 vulgi

2282 1690 2381 1733 τῶν
2450 1679 2946 1752 καταλλασσομένων
3011 1679 3227 1735 λεπτῶν.
3281 1681 3589 1754 Φραγέλλιον
3649 1684 3762 1755 (98)
3838 1680 3905 1737 δέ

501 1774 738 1844 dicitur)
770 1772 1068 1830 cambt'um
1104 1788 1116 1825 :
1147 1773 1230 1828 sic
1257 1779 1314 1828 et
1360 1776 1528 1845 κέρμα
1567 1774 1873 1841 congeries
1903 1778 1988 1828 est
2025 1775 2140 1829 obo

2283 1765 2421 1819 ἐστιν
2465 1765 2604 1829 εἶδος
2639 1773 2919 1841 μάστιγος.
2956 1769 3179 1822 Πλεκτὸν
3213 1767 3272 1822 δὲ
3327 1767 3408 1842 ἧν,
3467 1772 3549 1824 ὅτι
3599 1774 3744 1831 καὶὴ
3802 1792 3895 1826 πο-

499 1863 716 1927 lorum,
752 1866 859 1918 aut
885 1861 1256 1916 minutorum
1274 1877 1666 1917 nummorum
1701 1861 1918 1933 quibus
1951 1861 2014 1916 ﬁt
2047 1879 2140 1933 per

2282 1857 2445 1910 λιτεία
2499 1866 2598 1909 τῶν
2669 1856 3086 1931 ἀπελαυνομένων
3149 1859 3472 1932 πεπλεγμένη
3531 1857 3592 1918 ἧν
3660 1859 3713 1923 ἐξ
3780 1860 3898 1914 ἀτο-

502 1953 774 2008 mutatio.
808 1952 1097 2007 Praeterea
1155 1949 1460 2024 φραγέλλιον
1515 1966 1700 2020 genus
1740 1958 1825 2005 est
1879 1950 2121 2019 ﬂagellii

2280 1967 2389 1999 πων
2438 1948 2600 2018 λόγων
2651 1953 2740 2001 καὶ
2800 1949 3054 2024 πράξεων,
3111 1955 3200 2002 καὶ
3257 1952 3286 2008 ἡ
3329 1951 3564 2003 πολιτεία
3608 1958 3700 2002 τοῦ
3766 1949 3892 2003 ἀπε-

503 2047 628 2098 erat
658 2047 858 2097 autem
917 2044 1262 2096 contextum
1297 2055 1308 2094 :
1345 2055 1487 2095 nam
1543 2045 1598 2095 et
1623 2056 1833 2095 eorum
1864 2040 1970 2111 qui
2001 2040 2144 2110 eject

2280 2036 2555 2098 λαύνοντος
2613 2037 2936 2110 πεπλεγμένη
3022 2039 3176 2091 πάλιν
3244 2039 3296 2102 ἐξ
3385 2041 3656 2113 ὑπερφυῶν
3726 2039 3895 2111 λόγων

503 2136 663 2197 sunt,
693 2131 1066 2186 conversatio
1093 2135 1369 2185 contexta
1395 2133 1520 2184 erat
1550 2129 1830 2184 absurdis
1880 2129 2075 2185 verbis
2103 2148 2144 2184 at

2282 2131 2371 2179 καὶ
2418 2127 2671 2200 πράξεων,
2705 2133 2794 2180 καὶ
2833 2126 2888 2180 ἐκ
2943 2129 3090 2180 θείων
3135 2133 3224 2180 καὶ
3253 2127 3609 2201 ἀνθρωπίνων.
3666 2135 3898 2202 Πρᾶγμα

504 2219 791 2291 operibus
823 2235 836 2273 :
868 2223 925 2274 et
981 2234 1223 2273 rursum
1280 2216 1566 2288 ejicientis
1619 2219 1998 2273 conversatio
2029 2234 2141 2274 con

2283 2213 2370 2266 οὖν
2433 2214 2647 2275 ἐποίησε
2702 2217 2895 2279 πολλῆς
2945 2216 3218 2279 αύθεντίας
3281 2222 3460 2290 γέμον.
3510 2215 3726 2276 Ἐπειδὴ
3787 2221 3892 2292 γάρ

503 2313 663 2364 texta
695 2314 819 2364 erat
842 2324 916 2364 ex
955 2306 1508 2378 supcrnaturalibus
1535 2306 1730 2362 verbis
1757 2323 1828 2363 ac
1866 2308 2144 2379 operibus

2283 2304 2480 2376 ἔμελλεν
2531 2305 2578 2357 ἐν
2635 2305 2882 2377 Σαϐϐάτῳ
2933 2309 3250 2380 θεραπεύειν,
3312 2313 3403 2360 καὶ
3455 2306 3621 2360 πολλὰ
3675 2316 3897 2362 τοιαῦτα

505 2400 629 2454 sive
665 2398 847 2454 rebus
877 2397 1097 2453 divinis
1149 2400 1208 2452 et
1254 2396 1557 2451 humanis.
1608 2397 1771 2468 Opus
1802 2397 2002 2469 itaque
2040 2414 2146 2469 ope

2283 2402 2467 2464 ποιεῖν,
2502 2395 2629 2470 οἷπερ
2684 2392 2856 2448 ἐδόκει
2891 2404 3000 2458 τοῖς
3033 2393 3318 2458 Ἰουδαίοις
3357 2400 3524 2469 νόμων
3566 2397 3890 2470 παράϐασις,

502 2494 668 2544 ratus
707 2494 796 2544 est
824 2487 1007 2542 multa
1037 2485 1276 2558 plenum
1306 2487 1673 2542 auctoritate.
1710 2488 2014 2558 Namquia
2033 2487 2143 2544 Sab

2287 2485 2369 2535 ἶνα
2413 2488 2484 2556 μὴ
2545 2481 2676 2557 δοκῇ
2738 2494 2905 2538 ταῦτα
2950 2487 3196 2558 πράττειν
3245 2488 3314 2548 ὡς
3369 2485 3614 2548 ἀντίθεος.
3666 2489 3893 2540 ἐντεῦθεν

502 2577 646 2632 bato
686 2583 1004 2632 curaturus
1061 2580 1205 2639 erat,
1263 2575 1568 2646 multaque
1628 2575 1846 2632 similia
1887 2575 2143 2631 facturus

2285 2581 2589 2648 προαναιρεῐ
2623 2579 2717 2633 τὴν
2777 2579 3020 2635 τοιαύτην
3083 2575 3363 2648 ὑπόληψιν.
3405 2575 3463 2629 Ὀ
3489 2579 3589 2652 γὰρ
3640 2585 3892 2630 τοσοῦτον

503 2682 641 2738 quas
679 2665 902 2721 Iudaeis
927 2664 1073 2737 legis
1116 2664 1476 2733 trangressio
1505 2663 1862 2720 videbantur
1896 2681 1909 2720 :
1943 2681 2017 2720 ne
2048 2665 2140 2721 hte

2289 2664 2440 2726 ζῆλον
2481 2661 2869 2738 ἐπιδειξάμενος
2915 2668 3041 2739 ὑπερ
3092 2674 3182 2719 τοῦ
3240 2669 3388 2720 οἴκου
3437 2674 3530 2719 τού
3590 2675 3744 2734 Θεοῦ,
3800 2674 3892 2720 καὶ

507 2760 797 2827 tanquam
857 2758 974 2810 Deo
1027 2755 1358 2810 contrarius
1419 2755 1610 2810 facere
1671 2754 1986 2820 videretur,
2036 2755 2148 2810 hinr

2286 2757 2516 2827 τοσαύτῃ
2552 2751 2875 2828 σφοδρότητι
2904 2763 2994 2808 καὶ
3041 2755 3398 2828 ἀγανακτήσει
3429 2753 3523 2809 διὰ
3549 2765 3729 2810 τοῦτον
3768 2758 3890 2829 (99)

506 2844 768 2916 primum
801 2843 1145 2916 hujusmodi
1193 2848 1382 2900 aufert
1409 2844 1835 2915 suspicionem.
1872 2843 1981 2911 Qui
2015 2846 2147 2900 enin

2284 2846 2640 2918 χρησάμενος,
2701 2851 2792 2897 καὶ
2867 2842 3094 2918 μηδενὸς
3159 2846 3282 2906 ὅλως
3364 2848 3686 2919 φεισάμενος,
3759 2845 3892 2900 ἀλλὰ

506 2939 736 2990 tantum
768 2934 961 2989 zelum
990 2950 1132 3004 erga
1157 2933 1408 2988 domum
1440 2933 1539 2988 Dei
1566 2933 2018 3003 demonstravit,
2050 2938 2147 2990 tan

2283 2939 2374 2985 καὶ
2423 2933 2489 2995 εἰς
2532 2931 2772 2988 κίνδυνον
2850 2934 3031 2988 ἑαυτὸν
3087 2941 3449 3000 καταστήσας,
3499 2942 3590 2989 καὶ
3657 2939 3778 2999 τούς
3837 2955 3893 2988 τε

507 3030 684 3097 taque
732 3025 1106 3080 vehementia
1161 3039 1232 3078 ac
1262 3023 1675 3093 indignatione
1724 3031 1966 3095 propter
2017 3024 2148 3079 han.

2283 3023 2551 3086 καπήλους
2604 3023 2844 3092 ίκείνους,
2904 3028 3023 3087 τούς
3065 3045 3118 3078 τε
3171 3033 3623 3100 παραχωροῦντας
3662 3026 3740 3097 (l)
3793 3025 3888 3076 αῦ-

504 3130 650 3170 usus
678 3119 786 3179 est,
817 3119 880 3169 ut
925 3113 1074 3169 nulli
1128 3113 1376 3168 omnino
1417 3117 1705 3185 parceret,
1747 3112 1852 3167 sed
1907 3113 2145 3185 seipsun

2283 3121 2392 3174 τοῖς
2449 3109 2744 3176 Ἰουδαίους
2790 3115 2904 3166 καθ’
2961 3114 3145 3167 ἑαυτοῦ
3200 3115 3508 3190 παροξύνας,
3574 3120 3665 3167 καὶ
3719 3117 3893 3168 πάντα

501 3203 564 3261 in
607 3203 937 3274 periculum
990 3202 1329 3274 conjiceret,
1377 3207 1435 3257 et
1493 3207 1620 3257 tum
1659 3217 1966 3274 caupones
2018 3202 2142 3258 illos

2249 3205 2463 3281 τπαθεῖν
2503 3205 2702 3275 ἕτοιμος
2730 3207 2798 3254 ὧν
2837 3205 2965 3278 ὑπὲρ
2994 3213 3089 3265 τῆς
3128 3204 3408 3277 εὐκοσμίας
3454 3211 3546 3259 τοῦ
3593 3207 3754 3278 ἱεροῦ,
3795 3205 3890 3257 οῦκ

502 3299 630 3349 tum
674 3292 913 3348 Judaaos
967 3292 1028 3347 id
1068 3291 1218 3364 ipsis
1258 3291 1668 3364 permittentes
1713 3291 1775 3345 in
1813 3307 1874 3346 se
1915 3292 2143 3348 exacuit

1740 3307 1775 3345 n
1813 3307 1874 3346 se
1915 3292 2169 3363 exacuit,
2282 3293 2342 3344 οἶν
2365 3292 2591 3355 ἐναντίος
2622 3295 2698 3351 εἵη
2727 3301 2799 3363 τῷ
2832 3297 3067 3367 Δεσπότῃ
3099 3301 3193 3347 τοῦ
3225 3296 3381 3368 ἱεροῦ.

500 3383 708 3440 omnia
730 3383 1020 3438 sustinere
1044 3387 1291 3454 paratus
1307 3397 1414 3454 pro
1439 3381 1666 3437 honore
1695 3380 1921 3452 templi,
1947 3398 2173 3454 nequa-

498 3488 680 3544 quam
713 3477 914 3543 posset
958 3471 1179 3543 templi.
1214 3471 1472 3526 Domino
1513 3486 1642 3525 esse
1675 3471 2034 3527 contrarius.

565 3561 731 3617 Vers.
769 3566 853 3617 l6.
889 3561 958 3614 Et
998 3592 1066 3601 —-
1097 3559 1537 3630 negotiationis.
1573 3560 1660 3630 -Η-
1698 3559 1952 3614 Domum
1986 3577 2168 3632 nego-

2352 3567 2454 3614 Καὶ
2509 3593 2574 3602 -
2615 3560 2888 3637 ἐμπορίου.
2957 3558 3142 3636 [Οἷκον
3218 3563 3297 3635 (2)
3351 3561 3602 3638 ἐμπορίου
3672 3571 3890 3616 ποιοῦσι

498 3649 760 3707 tiationis
795 3650 1023 3706 faciunt
1090 3650 1342 3705 domum
1393 3649 1513 3713 Dei,
1570 3655 1625 3704 et
1656 3649 1972 3706 columbas
2004 3651 2064 3706 in
2096 3668 2139 3706 et

2276 3655 2359 3704 τὸν
2419 3647 2556 3704 οἷκον
2596 3660 2687 3704 τοῦ
2746 3660 2900 3718 Θεοῦ,
2979 3657 3070 3705 καὶ
3117 3653 3212 3714 τὰς
3255 3655 3563 3727 περιστερὰς
3627 3651 3676 3704 ἂν
3743 3653 3887 3723 αύτῷ

495 3739 762 3795 vendunt
792 3741 973 3795 etiam
1005 3738 1042 3794 ii
1083 3738 1187 3809 qui
1237 3737 1569 3794 sacerdotia
1599 3742 1655 3792 et
1688 3754 1944 3794 munera
1985 3740 2136 3795 eccle

2276 3741 2558 3807 πωλοῦσιν,
2592 3747 2681 3793 καὶ
2738 3743 2786 3794 οἱ
2816 3744 2910 3804 τὰς
2955 3745 3286 3817 χειροτονίας
3340 3742 3422 3814 (3)
3476 3743 3883 3817 πιπράσκοντες.

497 3829 733 3885 siastica
785 3829 1022 3884 venalia
1071 3835 1377 3898 exponunt
1413 3831 1509 3893 (ac
1540 3827 1752 3899 quovis
1798 3828 2011 3898 pretio,
2041 3829 2138 3884 im:

2279 3837 2592 3905 Περιστερᾰς
2621 3833 2723 3904 γὰρ
2778 3833 2961 3896 τύπος,
3017 3833 3047 3890 ἡ
3082 3833 3245 3907 χάρις
3284 3839 3376 3884 τοῦ
3431 3831 3581 3904 ἁγίου
3637 3835 3883 3904 Πνεύμα-

499 3935 638 3975 vero
657 3918 956 3975 interdum
990 3917 1172 3973 etiam
1199 3917 1405 3973 addita
1434 3918 1506 3972 re'
1525 3917 1746 3972 nullius
1776 3920 1966 3988 pretii,
1987 3919 2140 3975 velut

2275 3941 2381 3989 τος,
2417 3929 2508 3972 τοῦ
2540 3920 2588 3972 ἐν
2628 3917 2758 3973 εῖδει
2802 3927 3108 3995 περιστερᾶς
3166 3921 3406 3994 ὀφθέντος
3589 3924 3656 3974 Οἱ
3714 3919 3763 3974 δ’
3796 3922 3883 3974 αῦ-

495 4008 714 4066 ancilla
778 4013 879 4064 aut
937 4013 1159 4072 scorto,
1215 4007 1609 4077 extrudunt);
1663 4005 1969 4063 Columbae
2003 4010 2136 4064 enin

2274 4014 2352 4062 τοι
2383 4015 2472 4063 καὶ
2531 4009 2608 4081 (ὅ)
2666 4010 2996 4080 θεοκοίπηλοι,
3053 4013 3121 4063 τὰ
3174 4019 3268 4064 τοῦ
3325 4019 3459 4065 Θεοῦ
3509 4011 3889 4074 καπηλεύοντες

497 4097 950 4154 similitudinem
1001 4095 1183 4153 habet
1221 4097 1408 4166 gratia
1488 4097 1737 4168 Spiritus
1804 4099 2015 4164 sancti,
2056 4115 2137 4171 qu

2276 4096 2348 4152 δι’
2406 4097 2870 4175 αἰσχροκέρδειαν.
2929 4103 2999 4153 Τὸ
3049 4097 3129 4168 δὲ,
3181 4099 3377 4173 ’Ἄρατε
3423 4109 3590 4154 ταῦτα
3637 4100 3883 4168 ἕντεῦθεν,

495 4187 694 4245 forma
721 4187 1020 4244 columbas
1051 4185 1347 4258 apparuit.
1379 4185 1565 4242 [idem
1590 4190 1728 4241 sunt
1747 4187 1923 4242 etiam
1946 4203 2136 4258 caupo

2273 4194 2368 4246 τὴν
2420 4191 2744 4261 μετάστασιν
2776 4195 2868 4244 καὶ
2916 4187 3178 4250 ἀποϐολὴν
3235 4197 3328 4251 τῆς
3377 4199 3596 4264 νομικῆς
3649 4190 3888 4264 λατρείας

498 4294 604 4334 nes
643 4294 843 4333 rerum
887 4276 1250 4342 divinarum,
1293 4281 1706 4348 cauponantes
1744 4292 1834 4342 ea,
1892 4294 2027 4349 quae
2064 4277 2163 4332 Dei
2275 4278 2534 4352 ᾐνίξατο]

500 4373 662 4432 sunt,
705 4365 892 4439 turpis
917 4366 1066 4422 lucri
1096 4382 1299 4422 causa.
1349 4369 1462 4422 ista
1493 4370 1690 4422 autem
1745 4382 1758 4422 :
1809 4367 2060 4437 Auferte
2089 4366 2206 4424 ista
2237 4369 2400 4434 hinc,
2432 4367 2888 4425 translationem
2929 4375 2986 4425 et
3015 4370 3404 4426 amissionem
3458 4369 3661 4442 legalis
3691 4370 3887 4427 cultus

501 4457 863 4528 signiﬁcant.

569 4547 699 4602 Non
737 4545 903 4603 factis
936 4545 1154 4615 solum,
1196 4545 1301 4604 sed
1339 4550 1396 4603 et
1422 4545 1616 4602 verbis
1644 4546 1909 4603 ostendit
1950 4549 2068 4604 Deo
2106 4547 2210 4604 sel

2351 4548 2427 4602 Ού
2458 4553 2611 4621 μόνον
2665 4546 2750 4622 ἀφ’
2782 4549 2851 4602 ὧν
2903 4549 3138 4624 ἔπραξεν,
3200 4547 3328 4602 ἀλλὰ
3369 4553 3460 4602 καὶ
3513 4548 3601 4622 ἀφ’
3653 4550 3722 4602 ὧν
3754 4547 3885 4621 εἶπε,

498 4653 630 4694 esse
667 4651 785 4692 non
825 4637 1215 4694 contrarium.
1244 4636 1362 4692 Sed
1398 4636 1522 4709 ipse
1551 4636 1799 4709 quidem
1838 4639 2024 4693 Deum
2063 4653 2139 4694 na

2279 4635 2545 4692 δείκνυσιν
2596 4639 2678 4691 ὅτι
2729 4638 2824 4691 οῦκ
2881 4641 3025 4692 ἔστιν
3081 4637 3329 4700 ἀντίθεος.
3392 4638 3528 4693 Ἀλλ’
3596 4639 3750 4700 αὐτὸς
3794 4642 3885 4712 μὲν

498 4732 632 4782 tura
683 4728 909 4781 Patrem
968 4743 1143 4782 suum
1202 4726 1479 4795 vocavit;
1542 4726 1732 4786 Judaei
1789 4731 1993 4782 autem
2025 4726 2139 4784 ado

2278 4731 2430 4802 φύσει
2457 4732 2666 4804 Πατέρα
2711 4732 2797 4781 τὸν
2838 4733 2966 4782 Θεὸν
2995 4728 3230 4781 ἐκάλεσεν
3254 4748 3266 4760 ·
3294 4729 3343 4781 οἱ
3383 4725 3442 4782 δε
3500 4725 3770 4795 Ἰουδαῖοι,
3808 4732 3880 4782 03'-

499 4815 701 4888 ptione
733 4815 961 4872 Patrem
980 4816 1178 4886 ipsum
1202 4817 1548 4872 nominasse
1581 4819 1861 4887 putantes
1887 4831 2008 4872 non
2028 4831 2140 4872 sun

2281 4839 2360 4872 σει
2408 4823 2616 4894 Πατέρα
2655 4826 2837 4871 τοῦτον
2887 4818 3145 4891 ὀνομάσαι
3209 4817 3487 4886 οἰηθέντες,
3548 4819 3641 4870 οῦκ
3695 4816 3881 4890 ἐταρά-

498 4905 615 4963 hoc
652 4905 839 4962 verbo
871 4905 1107 4962 turbati.
1143 4905 1258 4963 Sed
1284 4905 1586 4978 nequehis
1609 4905 1742 4962 duae
1762 4904 2139 4978 fecitexaspe

2276 4909 2492 4978 χθησαν
2535 4910 2621 4960 ἐπὶ
2677 4917 2750 4981 τῷ
2809 4912 3029 4983 τοιούτῳ
3085 4910 3304 4985 ῥήματι,
3368 4908 3474 4960 ἀλλ’
3516 4905 3630 4962 οὐδ’
3679 4907 3750 4981 ἐφ’
3803 4908 3882 4970 οἶς

576 5086 623 5120 ³³
649 5083 1012 5151 Matth.xx1v,
1049 5089 1152 5139 12..

1733 5208 1950 5275 Variae
1990 5207 2320 5276 lectiones
2353 5219 2418 5276 et
2453 5221 2656 5280 notae.

573 5407 684 5480 (97)
723 5406 800 5459 Τά
829 5405 1175 5482 παραπλήσια
1202 5407 1271 5470 Α,
1315 5409 1379 5460 ut
1417 5403 1580 5460 alibi.

2353 5406 3054 5482 (3)__Pungit_episcopos,
3083 5410 3184 5482 qui
3219 5411 3551 5468 sacerdotia
3576 5412 3887 5471 habebant

574 5477 687 5559 (98)
723 5477 1034 5559 Ὲοεγγελιον
1065 5479 1131 5532 Α·

2279 5477 2535 5559 venalia.
2560 5477 2818 5538 Pertinet
2846 5477 2990 5552 ergo
3019 5477 3135 5538 hoc
3161 5483 3239 5538 ad
3265 5483 3654 5556 antiquitates
3704 5486 3885 5542 eccle-

576 5551 691 5616 (99)
732 5557 896 5602 Τοῦτο
927 5551 992 5606 Α.

927 5551 992 5606 Α.
2281 5551 2567 5613 siasticas.

577 5618 957 5695 (l)l;lnt_elligit
993 5620 1286 5695 principes
1317 5618 1682 5684 Judmorum,
1707 5619 1805 5691 qui
1827 5618 1886 5674 id
1927 5619 1987 5675 in
2013 5623 2167 5676 tem-

1236 5635 1286 5674 3s
1317 5618 1682 5684 Judaaorum,
1707 5619 1805 5691 qui
1827 5618 1886 5674 id
1927 5619 1987 5675 in
2013 5623 2167 5676 tem-
2354 5624 2429 5693 (4)
2463 5621 2784 5695 Πεμφθέντος
2812 5628 2877 5680 Α.

511 5691 775 5773 plo‘tif'ri
817 5693 1230 5773 permiseram.
1405 5763 1414 5773 Ι
1529 5763 1542 5773 ‘
1615 5761 1622 5773 Ι
1692 5767 1700 5773 ι
1770 5765 1781 5773 _
1906 5763 1919 5773 _
1958 5764 2001 5773 ﬂ
2089 5769 2097 5773 _
2463 5691 2648 5752 Habet
2693 5695 2809 5752 hoc
2841 5698 3155 5768 Gregorius
3185 5698 3455 5770 Nazianz,
3490 5715 3548 5771 p.
3588 5703 3689 5756 106
3715 5705 3774 5757 et
3819 5717 3883 5773 p.

560 5760 665 5841 .(2)
694 5760 834 5816 Haec
863 5769 1110 5841 uterque
1135 5763 1194 5841 in
1227 5763 1496 5834 margine
1529 5761 1724 5819 habet.
1754 5763 1925 5834 Apud
1957 5764 2166 5821 Hente-
2278 5769 2406 5822 232.

513 5838 684 5888 nium
711 5846 833 5887 non
870 5838 1260 5904 reperiuntur.
