4156 6388
274 386 412 443 1157

270 512 512 571 ἕποίησεν
562 513 921 584 ἠγριώθησαν.
979 509 1209 582 ’Ἦλεγχε
1237 514 1339 584 γὰρ
1382 512 1572 573 αὐτοὺς
1601 514 1657 563 τὸ
1707 529 1881 562 συνει-
1916 511 1960 564 Α

272 600 362 662 ὃὸς
404 606 494 653 καὶ
534 606 891 673 κατῄσχυνεν,
922 604 990 661 ὡς
1020 600 1243 671 εὐλόγως
1272 600 1463 654 ἐκείνου
1492 607 1581 654 καὶ
1611 609 1885 661 ποιοῦντος

269 697 362 743 καὶ
409 692 665 762 λέγοντος.
715 687 872 743 Οἷκον
923 686 982 742 δε
1041 690 1315 764 ἐμπορίου,
1382 690 1489 743 ἀντὶ
1552 700 1665 756 του,
1728 687 1881 742 Οἶκον

270 780 579 839 καπηλείου.

344 870 426 924 Ἐν
487 866 548 922 δὲ
608 878 681 940 τῷ
736 868 1081 944 προρῥηθέντι
1130 869 1390 941 κεφαλαίῳ
1448 878 1539 922 του
1586 872 1881 934 Ματθαίου,

273 960 531 1019 σπήλαιον
606 958 813 1032 λῃστῶν
868 956 1023 1027 εἶπεν,
1086 959 1135 1011 ἐν
1292 965 1382 1011 καὶ
1447 964 1883 1033 παρεσημειωσά-

269 1052 406 1123 μεθα
450 1051 531 1101 ὅτι
580 1051 667 1100 τὸν
718 1048 870 1112 ζῆλον
920 1057 1103 1101 τουτον
1156 1055 1245 1101 καὶ
1295 1054 1387 1107 την
1443 1049 1741 1124 παρρησίαν
1800 1047 1883 1111 δὶς

270 1136 573 1201 ἐπεδείξατο
625 1141 762 1189 κατὰ
816 1147 911 1189 τῶν
977 1138 1025 1189 ἐν
1078 1146 1149 1209 τῷ
1203 1140 1320 1210 ἱερῲ
1378 1139 1785 1204 καπηλενόντων,
1837 1139 1884 1191 ἐν

271 1227 419 1301 ἀρχῇ
468 1245 523 1280 τε
567 1247 659 1279 του
706 1226 1023 1299 Εύαγγελιου
1063 1232 1316 1301 καὶπρὸς
1352 1237 1421 1298 τῷ
1472 1229 1620 1281 τέλει.
1674 1233 1772 1280 Καὶ
1821 1230 1885 1279 τὰ

271 1321 364 1391 μεν
398 1317 447 1370 ἐν
482 1316 624 1391 ἀρχῇ
659 1325 747 1368 νύν
788 1319 813 1369 ὀ
842 1319 1087 1377 Ἰωάννης
1130 1316 1407 1391 ἀνέγραψε,
1437 1318 1500 1369 τά
1557 1316 1616 1369 δε
1654 1321 1783 1392 πρὸς
1813 1327 1884 1387 τῷ

270 1407 406 1460 τέλει
427 1409 715 1467 Ματθαὼς.

350 1586 721 1658 Ἐμνήσθησαν
776 1616 844 1625 —
890 1605 970 1657 με.
1034 1590 1332 1657 Γέγραπται
1385 1588 1484 1659 γὰρ
1554 1585 1601 1637 ἐν
1666 1594 1728 1657 τῇ
1798 1584 1887 1657 βί-

274 1675 379 1748 ϐλῳ
424 1684 524 1727 τῶν
570 1675 815 1748 Ψαλμῶν.
870 1675 1033 1734 Ζῆλον
1085 1672 1144 1727 δὲ
1188 1674 1322 1747 λέγει
1377 1684 1465 1726 νύν
1521 1680 1612 1733 τὴν
1673 1672 1884 1727 δικαίαν

272 1768 655 1837 ἀγανάκτησιν·
716 1768 1085 1837 Καταφάγεται
1133 1762 1211 1830 δὲ,
1248 1764 1357 1817 ἀντὶ
1400 1774 1513 1834 τού,
1556 1761 1766 1840 Σφόδρα

272 1855 553 1931 περιλάϐῇ,
581 1855 909 1927 καταφλέξει.

348 1950 462 2020 Χρὴ
504 1942 564 1998 δι
610 1951 886 2017 γινώσκειν
938 1946 1018 1997 ὅτι
1071 1950 1298 2004 ποιήσας
1349 1946 1406 1996 τὸ
1461 1944 1760 2019 φραγέλλιον
1810 1943 1885 2015 t7)

276 2036 338 2088 ού
388 2038 509 2098 τούς
564 2033 866 2109 ἀνθρώπους
912 2033 1113 2105 ἔτυψεν,
1148 2032 1276 2085 ἀλλὰ
1309 2036 1523 2095 τούτους
1552 2037 1641 2106 μεν
1667 2032 1889 2105 ἐφόϐησε

1920 1876 1962 1930 Β

273 2130 366 2177 καὶ
396 2124 653 2191 ἀπήλασε,
692 2128 759 2177 τὰ
806 2122 867 2177 δε
914 2124 1153 2198 πρόϐατα
1194 2128 1283 2176 καὶ
1312 2128 1430 2185 τοὺς
1462 2123 1595 2196 βόας
1620 2122 1775 2194 ἔτυψε
1800 2128 1889 2175 καὶ

276 2214 526 2278 ὶξέϐαλεν.

349 2305 737 2380 Ἀπεκρίθησαν
779 2336 847 2345 -
891 2312 1090 2371 ποιείς;
1152 2310 1619 2376 Κατεγνωσμένονς
1676 2304 1889 2366 ἑαυτοὺς

276 2391 495 2461 εἰδότες,
526 2395 841 2467 ἐπιτιμῆσαι
884 2397 974 2466 μὲν
1004 2394 1097 2445 οὐκ
1115 2392 1405 2465 ἐτόλμησαν
1440 2392 1599 2460 εἶπον,
1636 2390 1694 2446 ὃε
1724 2394 1885 2463 αὐτῷ’

275 2482 491 2542 Ἐπειδὴ
523 2491 690 2536 ταῦτα
727 2491 908 2551 ποιεῖς,
943 2488 1104 2555 ἤγουν
1154 2481 1334 2542 ἐπειδὴ
1378 2485 1658 2553 αύθεντεῖς,
1702 2490 1749 2536 τί
1794 2504 1886 2542 ση-

274 2582 417 2648 μεῖον
445 2570 695 2635 δεικνύεις
728 2576 852 2646 ἡμῖν
888 2582 983 2636 τῆς
1014 2574 1279 2634 αύθεντίας
1306 2574 1382 2645 (8)
1411 2590 1424 2639 ;

347 2753 419 2806 Ὠ
466 2753 659 2816 πολλῆς
716 2752 937 2815 ἀνοίαςῐ
994 2750 1109 2805 δέον
1165 2756 1266 2827 γὰρ
1336 2752 1748 2825 εὐγνωμονῆσαι,
1800 2758 1890 2805 καὶ

276 2844 551 2897 ἐπαινέσαι
601 2843 778 2913 αὐτὸν,
821 2843 891 2905 ὠς
941 2842 1307 2905 ἀπαλλάξαντα
1345 2846 1430 2894 τόν
1471 2840 1609 2895 οἶκον
1636 2852 1726 2895 τοῦ
1755 2850 1888 2895 Θεοῦ

278 2936 547 2995 τοσαύτης
605 2933 890 3004 αἰσχύνηςο
948 2933 997 2984 οἱ
1046 2928 1105 2983 δε
1163 2940 1377 3003 σημεῖον
1438 2930 1749 2991 ἐπιζητοῦσι
1799 2940 1889 2992 τῆς

278 3022 538 3087 ἔξουσίας,
574 3025 740 3095 φθόνῳ
782 3026 1079 3094 τηκόμενοι,
1125 3026 1213 3073 καὶ
1243 3020 1543 3093 μελετῶντες
1594 3020 1889 3092 ἐπισκῆψαι

274 3121 350 3183 τῷ
370 3117 699 3185 γενησομένῳ
725 3117 946 3184 σημείῳ.
983 3115 1083 3164 Καὶ
1116 3113 1216 3183 γὰρ
1258 3115 1346 3163 καὶ
1374 3110 1552 3162 ὀᾶλοτε
1583 3110 1769 3181 ἔλεγον
1806 3111 1886 3163 Ἐν

273 3206 405 3254 ποία
435 3200 648 3274 ἐξουσίᾳ
677 3209 844 3254 ταῦτα
872 3209 1033 3262 ποιεῖς
1058 3217 1071 3268 ;
1917 3236 1958 3293 Ο

352 3291 635 3367 Ἀπεκρίθη
685 3322 754 3331 --
814 3291 991 3343 αὐτόν.
1052 3298 1268 3363 Σημεῖόν
1327 3299 1422 3353 τῆς
1488 3290 1761 3350 αύθεντίας
1808 3290 1886 3360 (9)

277 3378 509 3434 δίδωσιν
577 3382 756 3443 αὐτοῖς
830 3386 925 3439 τὴν
1000 3386 1272 3456 τριήμερόν
1335 3379 1624 3433 ἀνάστασιν
1704 3380 1883 3435 αὑτοῦ.

275 3474 418 3524 Ναὸν
446 3474 549 3545 γὰρ
612 3475 671 3524 τὸ
724 3471 909 3524 ἑαυτοῦ
957 3478 1111 3543 σῶμα
1157 3470 1311 3542 λέγει’
1371 3474 1489 3531 ναός
1526 3472 1627 3541 γὰρ
1681 3475 1770 3522 καὶ
1810 3468 1886 3521 οῖ-

274 3581 367 3623 κος
417 3565 573 3614 τοῦτό
632 3560 773 3614 ἔστιν
822 3562 881 3614 ού
939 3565 1092 3633 μόνον
1141 3568 1233 3622 τῆς
1268 3561 1476 3632 ψυχῆς,
1521 3558 1648 3611 ἀλλὰ
1677 3565 1766 3612 καὶ
1794 3568 1890 3621 τῆς

276 3654 543 3713 θεότητος.

354 3744 563 3793 Λύσατε
610 3737 671 3793 δι
741 3759 898 3808 ειπεν,
961 3739 1019 3792 οὗ
1074 3744 1371 3813 προτρέπων
1435 3740 1625 3800 αὐτοὺς
1682 3739 1749 3800 εἰς
1803 3744 1887 3793 τόν

273 3830 397 3883 καθ’
427 3831 610 3883 ἑαυτοῦ
652 3834 815 3902 φόνον,
867 3829 973 3881 ἀλλ’
1028 3833 1149 3903 ὅπερ
1210 3829 1503 3900 ἐγίνωσκεν,
1534 3833 1613 3881 ὅτι
1663 3826 1891 3903 δράσου-

280 3938 385 3981 σιν,
424 3921 557 3972 εἶπεν
588 3922 781 3980 ἠθικῶς
825 3920 872 3971 ἐν
909 3924 1127 3991 τοιούτῳ
1168 3926 1409 3991 σχήματι
1454 3920 1631 3990 λόγου.
1680 3923 1890 3972 Λύσατε

279 4006 364 4073 δὲ..
399 4012 516 4067 ἦτοι
542 4009 942 4083 καταστρέψατε
974 4009 1045 4071 εἰς
1069 4017 1189 4080 γῆν,
1226 4005 1531 4071 διαζςᾶξατε
1557 4017 1652 4071 τῆς
1679 4010 1833 4081 «pqu
1847 4030 1888 4071 ς,

276 4101 471 4151 λύσατε
500 4108 592 4152 τοῦ
628 4097 946 4173 συνδέσμου.

355 4186 510 4241 Εἶπον
566 4220 635 4229 -
697 4189 877 4242 αὐτοῦ.
944 4188 1000 4241 Ἠ
1056 4193 1285 4263 προτέρα
1356 4191 1447 4260 μὲν
1500 4185 1755 4260 οἰκοδομὴ
1816 4184 1887 4241 δι’

276 4278 407 4330 ἐτῶν
462 4281 627 4331 εἴκοσι
678 4280 1075 4335 κατεσκευάσθη
1142 4280 1286 4352 παρὰ
1352 4277 1696 4350 Σολομῶντος·
1751 4279 1783 4336 ἠ
1833 4281 1890 4328 ύ-

280 4372 442 4442 στέρα
486 4366 544 4421 δὲ
589 4366 683 4421 διὰ
729 4371 1123 4442 τεσσάρὰκοντα
1154 4372 1244 4419 καὶ
1295 4367 1345 4430 ἐξ
1391 4370 1534 4441 παρά
1576 4366 1886 4441 Ζοροϐάϐελ..

275 4465 383 4518 Τῆς
429 4463 679 4533 προτέρας
740 4461 841 4533 γὰρ
906 4458 1307 4529 καθαιρεθείσης
1366 4458 1465 4508 ὑπὸ
1534 4456 1886 4522 Βαϐυλωνίῶν,

278 4548 473 4621 ἤρξατο
535 4552 565 4607 ἧ
622 4550 817 4622 ὑστέρα
872 4550 1009 4599 κατὰ
1054 4551 1111 4599 τό
1164 4556 1365 4622 πρῶτον
1416 4548 1523 4607 ἔτος
1576 4555 1668 4607 τῆς
1731 4544 1890 4618 βασι-

276 4639 421 4700 λείας
465 4640 656 4713 Κύρου.
718 4635 839 4691 Εἶτα
882 4640 1047 4710 φθόνῳ
1075 4641 1163 4689 καὶ
1201 4634 1420 4709 διαϐολῇ
1462 4644 1562 4688 τῶν
1594 4640 1887 4710 προσοίκων
1922 4617 1965 4671 D

277 4736 612 4802 Σαμαρειτῶν
674 4727 1037 4800 ἐπισχεθεῖσα,
1110 4724 1359 4799 διέμεινεν
1421 4726 1587 4789 οὕτως
1614 4728 1700 4783 ἔτη
1773 4743 1889 4778 τεσ-

282 4820 604 4891 σαράκοντα.
658 4820 802 4872 Κατὰ
848 4815 907 4871 δὲ
960 4820 1018 4869 τό
1066 4813 1305 4891 δεύτερον
1351 4818 1461 4879 ἔτος
1490 4824 1584 4876 τῆς
1612 4813 1889 4889 βασιλείας

277 4914 497 4981 Δαρείου
544 4916 635 4961 τοῦ
690 4908 1011 4976 Ὑστάσπου,
1072 4905 1361 4980 Ζοροϐάϐελ
1420 4904 1735 4967 ἀποσταλεὶς
1788 4903 1887 4957 ἓτε-

275 4998 489 5051 λείωσεν
531 4998 693 5058 αὐτὴν
755 5000 803 5051 ἓν
835 5001 999 5051 ἔτεσιν
1025 4996 1098 5059 ἔξ.
1144 5001 1243 5050 Καὶ
1275 4997 1439 5059 οὓτως
1491 4994 1539 5049 ἐν
1580 4998 1719 5049 ἔτεσι
1764 5013 1887 5048 τεσ-

354 5234 401 5267 ³⁹
431 5231 636 5289 Matth.
672 5250 789 5299 xxi,
838 5234 917 5289 l3.
1034 5232 1081 5266 ‘0
1112 5230 1269 5289 Psal.
1295 5246 1490 5299 vaui,
1530 5234 1616 5288 10.

1312 381 1683 440 COMMENT.
1728 381 1795 437 IN
1838 379 2185 436 JOANNEM.
2229 412 2295 423 —-
2336 382 2495 440 CAP.
2540 384 2611 442 II.

3517 391 3658 447 1158

1994 510 2105 564 rati
2149 513 2287 565 sunt
2320 526 2333 565 :
2370 511 2663 582 siquidem
2703 512 2998 583 arguebat
3027 512 3155 570 illos
3193 516 3557 575 conscientia
3592 536 3663 576 ac

1997 599 2423 666 confundebat,
2456 602 2787 657 ostendens
2823 602 2988 674 quod
3016 603 3172 673 juste
3198 603 3327 660 haec
3355 611 3409 661 et
3435 606 3666 664 fecisset

1997 691 2052 741 et
2083 688 2351 745 dixisset.
2399 693 2652 746 Domum
2694 698 2895 747 autem
2934 694 3377 761 negotiationis,
3424 694 3537 752 hoc
3578 701 3667 752 est

1995 793 2329 850 cauponam
2362 786 2465 835 aut
2504 780 2838 837 tabernam.

2068 867 2350 923 Przedicto
2379 885 2519 924 vero
2551 870 2817 926 Matthaei
2845 868 3036 941 capite
3062 870 3211 927 dixit
3246 889 3259 928 :
3302 874 3663 944 Speluncam

1996 956 2299 1013 latronum
2346 960 2419 1016 ³⁹.
2472 962 2550 1014 Ex
2596 976 2719 1031 quo
2765 959 3055 1015 adnotare
3102 978 3447 1033 possumus,
3497 966 3661 1036 quod

1995 1046 2186 1101 zelum
2230 1063 2301 1101 ac
2332 1047 2664 1104 libertatem
2703 1049 2987 1117 arguendi
3029 1049 3122 1104 bis
3162 1050 3662 1110 demonstraverit

1997 1135 2278 1190 adversus
2316 1153 2417 1192 eos
2456 1138 2561 1209 qui
2597 1137 2655 1192 in
2689 1138 2909 1209 templo
2955 1141 3477 1210 cauponabantur,
3516 1144 3659 1199 etin

1997 1225 2285 1296 principio
2333 1227 2631 1295 Evangelii
2680 1232 2736 1282 et
2779 1227 2935 1283 circa
2978 1228 3176 1283 tinem.
3221 1230 3359 1294 Quae
3408 1246 3551 1300 ergo
3597 1231 3661 1288 in

1997 1314 2291 1386 principio
2377 1315 2681 1384 Evangelii
2745 1317 3142 1385 contigerunt,
3212 1320 3472 1375 Joannes
3544 1320 3661 1378 hoc

1995 1404 2128 1459 loco
2180 1405 2535 1476 conscripsit
2576 1420 2589 1460 :
2657 1422 2795 1477 quae
2846 1422 2987 1463 vero
3049 1408 3207 1463 circa
3257 1408 3462 1475 ﬁnem,
3520 1410 3662 1467 Mat-

1997 1494 2208 1550 thaeus.

2066 1583 2226 1637 Vers.
2276 1588 2357 1637 t7.
2400 1584 2721 1640 Recordali
2748 1615 2818 1625 —
2841 1602 2948 1641 me.
2985 1588 3130 1641 Nam
3163 1586 3223 1641 id
3247 1588 3535 1659 scriptum
3574 1593 3665 1644 est

1996 1672 2057 1727 in
2104 1672 2251 1728 libro
2294 1673 2672 1729 Psalmorum
2716 1676 2783 1729 ⁴⁰.
2837 1674 3037 1730 Zelum
3070 1682 3269 1731 autem
3312 1677 3453 1734 dicit
3501 1694 3664 1734 nunc

1992 1761 2217 1831 justam
2251 1761 2749 1833 indignationem.
2774 1765 3061 1834 Comedit,
3080 1765 3193 1821 hoc
3215 1770 3326 1831 est,
3345 1766 3517 1823 valde
3535 1784 3663 1824 am-

2000 1851 2272 1922 plectitur
2301 1860 2355 1906 et
2394 1851 2731 1907 inﬂammat
2771 1868 2884 1908 me.

2072 1941 2229 1996 Scire
2272 1946 2472 1996 autem
2518 1946 2770 2012 oportet,
2810 1942 2976 2013 quod
3024 1942 3304 1999 homines
3353 1944 3510 2001 facto
3556 1944 3663 2002 ﬂa-

1999 2028 2155 2100 gello
2205 2046 2328 2086 non
2383 2031 2729 2097 verberavit,
2791 2032 2895 2086 sed
2954 2031 3117 2103 ipsos
3175 2033 3421 2105 quidem
3480 2040 3663 2091 exter-

1997 2120 2113 2175 ruit.
2160 2137 2231 2176 ac
2257 2120 2479 2192 expulit
2506 2135 2519 2187 ;
2550 2136 2695 2177 oves
2741 2136 2884 2177 vero
2926 2138 2997 2177 ac
3028 2121 3208 2178 boves
3240 2124 3577 2181 verberavit
3606 2129 3662 2181 et

2000 2210 2189 2281 ejecit.

2072 2300 2235 2355 Vers.
2271 2302 2352 2355 18.
2390 2302 2842 2370 Responderunt
2881 2332 2950 2343 -—
2972 2302 3170 2371 facias
3191 2301 3219 2357 ’ἲ
3240 2301 3505 2359 Scientes
3536 2321 3663 2362 sese

2001 2390 2454 2454 condemnatos,
2471 2392 2670 2462 ipsum
2686 2392 2931 2462 quidem
2947 2392 3381 2463 reprehendere
3396 2394 3527 2450 ausi
3540 2411 3662 2451 non

2001 2486 2159 2545 sunt,
2194 2480 2299 2534 sed
2332 2480 2604 2535 dixerunt
2633 2480 2683 2535 ei
2724 2496 2737 2535 :
2771 2480 2919 2536 Cum
2966 2482 3096 2537 haec
3125 2480 3328 2547 facias,
3372 2482 3496 2538 sive
3522 2500 3662 2541 cum

2001 2568 2221 2624 domini
2233 2585 2331 2624 um
2350 2568 2457 2623 tibi
2479 2568 2761 2638 vindices,
2776 2569 2939 2641 quod
2955 2570 3194 2639 signum
3208 2570 3473 2626 ostendis
3485 2570 3662 2627 nobis

2004 2664 2115 2714 tuae
2159 2657 2531 2714 auctoritatis
2550 2659 2577 2712 ‘I

2072 2752 2116 2804 υ
2170 2748 2471 2816 ingentem
2525 2747 2924 2803 dementiam!
2976 2765 3114 2804 cum
3156 2748 3485 2805 benevolos
3538 2765 3667 2807 esse

2000 2841 2289 2908 oporteat,
2317 2836 2925 2908 ipsumquelaudare,
2962 2838 3064 2909 qui
3090 2836 3347 2894 domum
3374 2838 3471 2894 Dei
3504 2844 3669 2897 tanta

1999 2932 2278 2999 purgaret
2307 2926 2659 2995 ignominia,
2696 2926 3063 2983 auctoritatis
3094 2927 3335 2999 signum
3363 2934 3663 2999 quarunt,

1999 3016 2222 3072 invidia
2252 3016 2642 3081 tabescentes,
2677 3020 2736 3071 et
2784 3015 3027 3087 signum
3073 3033 3314 3088 carpere
3368 3018 3661 3075 volentes.

1997 3110 2142 3162 Nam
2174 3105 2313 3161 alibi
2354 3120 2597 3179 quoque
2622 3105 2900 3162 dixerunt
2929 3122 2940 3163 :
2976 3106 3045 3161 In
3067 3122 3187 3177 qua
3224 3113 3505 3177 potestate
3536 3107 3663 3163 hac

1994 3198 2145 3267 facis
2176 3198 2218 3233 ⁴¹
2236 3197 2264 3252 ?

2071 3286 2230 3341 Vers.
2262 3286 2347 3341 19.
2379 3284 2699 3354 Respondit
2745 3316 2811 3326 —
2835 3284 3042 3356 ipsum.
3086 3286 3367 3342 Potentius
3401 3302 3520 3342 sua;
3558 3302 3662 3345 au-

1995 3375 2281 3432 ctoritatis
2321 3375 2557 3444 signum
2595 3375 2700 3430 dat
2751 3374 2858 3444 eis,
2903 3380 3050 3447 puta
3106 3376 3258 3431 tertii
3307 3376 3423 3432 diei
3463 3392 3661 3432 resur-

1994 3466 2339 3522 rectionem.
2365 3468 2511 3521 Nam
2532 3464 2823 3536 templum
2841 3464 2980 3520 dicit
3005 3481 3226 3537 corpus
3246 3481 3443 3534 suum,
3463 3466 3653 3538 ipsum

1996 3556 2154 3611 enim
2176 3556 2395 3611 domus
2415 3559 2507 3611 est
2536 3560 2592 3610 et
2616 3554 2899 3626 templum
2924 3570 3045 3611 non
3066 3556 3281 3611 animas
3306 3555 3524 3622 solum,
3559 3571 3660 3613 ve-

1994 3662 2129 3702 rum
2171 3646 2347 3701 etiam
2376 3645 2725 3701 divinitatis.

2066 3735 2295 3792 Solvite
2323 3740 2524 3791 autem
2566 3734 2732 3801 dixit,
2766 3751 2888 3790 non
2935 3735 3265 3791 adhortans
3304 3752 3407 3792 eos
3446 3734 3524 3792 ad
3566 3736 3661 3791 sui

1996 3826 2486 3888 interfectionem,
2552 3825 2660 3880 sed
2715 3824 2861 3897 quia
2924 3826 3203 3894 cognovit
3246 3826 3411 3897 quod
3451 3825 3663 3882 facturi

1997 3921 2185 3980 erant,
2218 3916 2532 3984 ﬁgurativo
2558 3930 2833 3970 sermone
2878 3915 3177 3985 praedixit.
3236 3915 3449 3971 Solvite
3497 3931 3661 3985 ergo,

1996 4006 2138 4071 sive,
2169 4006 2230 4060 In
2272 4010 2491 4060 terram
2532 4004 2876 4069 subvertite,
2906 4003 2984 4059 ab
3025 4004 3233 4060 anima
3270 4009 3569 4076 separate,
3604 4010 3663 4061 et

1998 4095 2487 4165 conjunctionem
2521 4109 2658 4164 quae
2699 4109 2838 4149 cum
2870 4092 2968 4149 illa
3000 4098 3088 4150 est
3117 4093 3446 4149 dissolvite.

2069 4184 2237 4242 Vers.
2268 4188 2359 4239 20.
2399 4184 2702 4240 Dixerunt
2728 4213 2795 4225 -—
2837 4183 3003 4238 Vers.
3046 4184 3135 4238 21.
3186 4182 3304 4247 sui.
3345 4183 3506 4240 Prior
3533 4183 3665 4255 qui-

1998 4275 2137 4331 dem
2190 4278 2485 4329 structura
2532 4272 2740 4342 viginti
2787 4271 2962 4328 annis
3012 4273 3332 4328 Salomone
3387 4271 3664 4328 absoluta

1999 4370 2105 4430 est,
2136 4363 2323 4420 altera
2349 4378 2491 4419 vero
2514 4378 2614 4434 per
2636 4360 3039 4434 quadraginta
3062 4366 3118 4417 et
3133 4378 3236 4417 sex
3260 4361 3658 4419 aZorobabel.

2000 4454 2184 4511 Priori
2227 4468 2489 4524 namque
2520 4468 2556 4508 a
2584 4451 2924 4524 Babyloniis
2958 4450 3284 4518 destructa,
3329 4456 3527 4524 coepta
3574 4456 3665 4509 est

2000 4543 2294 4617 posterior
2323 4542 2481 4597 circa
2507 4558 2736 4598 annum
2768 4540 3026 4613 primum
3074 4542 3231 4612 regis
3253 4541 3411 4613 Cyri:
3444 4540 3663 4600 deinde

2000 4633 2228 4690 invidia
2253 4636 2309 4688 et
2327 4630 2632 4688 calumnia
2648 4632 3243 4687 cireummorantium
3261 4628 3665 4689 Samaritano-

2002 4739 2135 4779 rum
2176 4721 2483 4793 impedita,
2532 4720 2613 4776 ita
2655 4720 3055 4793 quadraginta
3098 4720 3271 4777 annis
3312 4721 3660 4793 permansit.

2003 4813 2167 4869 Circa
2191 4813 2521 4867 secundum
2539 4826 2676 4865 vero
2699 4825 2928 4866 annum
2951 4810 3109 4866 Darii
3125 4811 3431 4883 Hystaspis
3449 4811 3663 4868 missus

2000 4900 2334 4958 Zorobabel
2355 4900 2417 4955 in
2444 4916 2545 4956 sex
2568 4898 2743 4955 annis
2768 4900 2967 4971 ipsam
2993 4899 3271 4972 perfecit;
3298 4906 3354 4956 et
3380 4899 3459 4955 ita
3486 4901 3662 4955 annis

2000 4988 2405 5066 quadraginta
2421 4994 2592 5047 etsex
2617 4988 2979 5047 aediﬁcatum
2993 4994 3083 5047 est
3107 4988 3398 5062 templum
3425 4988 3523 5061 qui
3548 5006 3661 5045 nu-

1730 5230 1774 5266 “
1817 5228 2024 5285 Matth.
2059 5240 2180 5292 XXI,
2213 5230 2264 5281 2.

1502 5462 1730 5530 Varias
1766 5461 2095 5530 lectiones
2138 5470 2201 5527 ct
2228 5469 2432 5526 notae.

354 5706 432 5778 (6)
467 5698 1033 5778 Cor_r_ige_1rspt).a6:t.
1046 5698 1264 5778 Eodem
1292 5696 1451 5778 enim
1475 5697 1658 5778 utitur
1678 5696 1893 5778 Ευιξιγ-

280 5769 441 5835 ωἱύὲ
468 5776 546 5832 ad
572 5769 772 5830 Matth.
798 5769 953 5837 'xxn,
984 5774 1063 5838 t3,
1093 5774 1182 5827 32.
1214 5770 1424 5828 Nescio
1444 5785 1551 5827 cur
1564 5769 1892 5827 Hentenius

278 5848 602 5925 prasentia
630 5861 741 5918 pro
770 5844 980 5902 futuris
1002 5842 1248 5900 dederit.

2074 5694 2152 5782 (Ζ)
2191 5692 2498 5782 raw/9w”
2520 5692 2603 5782 ,Αο

2075 5766 2147 5838 (8)
2175 5766 2475 5825 Αύθεντείας
2503 5766 2570 5820 Α.

2072 5839 2151 5911 (9)
2192 5838 2495 5913 Αὐθεντείας
2523 5840 2589 5895 Δ.
