4156 6388
559 374 699 429 1159

1880 372 2231 429 EUTHYMII
2271 371 2607 430 ZIGABENI

3794 383 3925 439 “60

555 504 862 557 merentur
894 499 970 554 ad
997 499 1165 554 initio
1182 498 1597 555 eediﬁcationis
1624 516 1812 572 usque
1829 501 1904 556 ad
1933 516 2206 556 consum-

2328 502 2625 575 σαράκοντα
2649 502 2809 565 καίἓξ
2831 498 3151 575 ᾠκοδομήθη
3184 503 3209 554 ὁ
3239 506 3381 567 ναός,
3411 502 3925 579 ἁριθμουμένοιςὰπό

556 590 908 646 mationem.

628 680 791 734 Vers.
822 681 909 732 22.
960 679 1211 747 Quando
1237 711 1305 719 —
1333 682 1477 749 ejus.
1521 682 1665 736 Cum
1685 684 1887 735 autem
1917 679 2031 735 hoc
2063 680 2219 735 dice-

557 774 661 835 ret,
694 768 1072 833 haesitabant,
1115 770 1405 840 quidnam
1448 770 1685 833 diceret,
1727 785 1834 825 nec
1876 770 2214 825 credebant.

558 859 738 915 Multa
769 874 1006 931 quoque
1048 858 1186 913 talia
1214 858 1495 931 loquitur,
1548 860 1810 931 primum
1842 859 2087 932 quidem
2122 876 2215 915 au-

558 949 858 1004 dientibus
884 949 1128 1016 incerta,
1161 949 1546 1019 postmodum
1587 964 1721 1004 vero
1767 948 2102 1012 manifesta,
2156 952 2219 1003 ut

557 1039 909 1095 ostendatur
933 1037 1279 1109 praevidisse
1310 1053 1443 1110 quas
1470 1038 1728 1094 dicebat.

629 1126 697 1180 Et
734 1139 920 1196 quare
973 1124 1234 1193 aenigma
1285 1140 1402 1179 non
1463 1123 1733 1180 dissolvit
1797 1124 2000 1179 dicens
2052 1122 2218 1195 quod

558 1214 848 1285 templum
881 1213 1233 1282 intelligeret
1277 1229 1493 1285 corpus
1515 1230 1692 1269 suum
1724 1213 1918 1279 ‘tQuia
1975 1219 2116 1269 tunc
2165 1213 2216 1268 ei

556 1304 705 1359 ﬁdes
726 1303 1010 1360 habenda
1037 1318 1157 1359 non
1191 1308 1336 1359 erat.
1362 1302 1674 1375 Siquidem
1708 1304 1831 1359 duo
1861 1310 1999 1359 tunc
2019 1304 2217 1359 obsta-

555 1392 740 1449 bant:
810 1408 996 1447 unum
1046 1392 1287 1464 quidem
1338 1393 1787 1448 resurrectionis
1835 1409 2007 1464 opus,
2076 1393 2217 1449 alte-

555 1499 688 1539 rum
723 1499 861 1539 vero
891 1482 1055 1555 quod
1091 1485 1241 1538 Deus
1272 1488 1445 1551 esset,
1466 1482 1565 1554 qui
1594 1482 1706 1537 tale
1738 1483 2217 1555 templuminha-

554 1571 788 1629 bitaret.

630 1662 796 1717 Vers.
848 1666 935 1718 23.
976 1660 1117 1717 Cum
1147 1694 1208 1702 —
1238 1661 1508 1732 faciebat.
1556 1662 1941 1717 Crediderunt
1988 1662 2047 1717 in
2078 1678 2215 1719 eum

554 1766 679 1807 non
716 1758 914 1807 tamen
947 1750 1195 1806 firmiter
1227 1766 1239 1804 :
1290 1766 1431 1805 nam
1482 1750 1562 1806 illi
1607 1751 1840 1807 ﬁrmius
1872 1752 2215 1819 credebant,

2326 598 2415 651 τῆς
2442 590 2687 667 ἐνάρξεως
2714 596 2878 665 μέχρι
2910 601 3003 654 τῆς
3035 591 3359 653 τελειώσεως.

2394 679 2517 733 Ὀτε
2548 713 2610 722 ——
2643 682 2824 734 αὐτοῦ.
2857 680 2980 734 Ὀτε
3008 678 3066 733 δε
3093 690 3247 733 τοῦτο
3273 681 3461 753 ἔλεγεν,
3480 683 3714 759 ἠπόρουν
3736 691 3784 737 τί
3813 706 3927 740 ποτε

2324 770 2479 840 λέγει,
2503 774 2590 821 καὶ
2619 771 2711 823 οὐκ
2757 770 3041 827 ἐπίστευον.
3076 770 3247 824 Πολλά
3279 768 3337 823 δὲ
3372 780 3589 824 τοιαῦτα
3641 775 3923 846 φθέγγεται,

2324 865 2625 933 παραυτίκα
2650 864 2738 933 μὲν
2757 857 2933 919 οἰδηλα
2954 869 3057 921 τοῖς
3075 859 3347 928 ἀκούουσι,
3366 880 3498 933 μετα
3523 870 3674 915 τοῦτο
3696 860 3753 915 δε
3776 860 3923 931 δῆλα,

2328 952 2411 1000 ἵνα
2440 946 2633 1021 δειχθῇ
2679 947 2937 1023 προειδὼς
2966 949 3001 1001 ἂ
3024 950 3187 1022 ὒεγε.

2402 1133 2500 1181 Καὶ
2532 1125 2679 1180 διατί
2722 1128 2815 1181 οὐκ
2859 1127 3007 1180 ἑλυσε
3060 1131 3117 1180 τὸ
3151 1131 3387 1201 αἴνιγμα,
3422 1131 3501 1181 ὅτι
3558 1133 3677 1181 ναὸν
3710 1129 3842 1202 λέγει
3868 1134 3921 1183 τὸ

2328 1228 2482 1290 σῶμα
2538 1218 2731 1284 uiror};
2792 1223 2928 1270 Διότι
2982 1218 3076 1269 οὐκ
3148 1218 3319 1290 ἔμελλε
3396 1221 3765 1278 πιστευθῆναι.
3833 1223 3922 1272 Δύο

2324 1311 2426 1381 γὰρ
2493 1315 2627 1365 ἦσαν
2684 1310 2748 1359 τὰ
2798 1310 3065 1381 προσιστά
3122 1327 3208 1360 ενα
3277 1312 3422 1375 τέως,
3478 1308 3526 1361 ἓν
3576 1311 3666 1381 μὲν
3734 1313 3789 1361 τό
3840 1318 3922 1369 τῆς

2328 1397 2596 1470 ἐγέρσεως,
2649 1400 2817 1470 ἕτερον
2868 1394 2927 1450 δὲ
2983 1400 3039 1449 τὸ
3070 1400 3197 1451 Θεὸν
3244 1394 3373 1450 εἶναι
3411 1401 3498 1449 τόν
3542 1396 3833 1451 ἐνοικοῦντα
3856 1407 3921 1469 τῷ

2326 1491 2545 1559 τοιούτῳ
2584 1495 2709 1557 ναῷ.

2396 1663 2483 1726 Ὠς
2538 1696 2607 1706 -
2641 1663 2864 1719 ἐποίει...
2920 1669 3265 1719 Ἐπίστευσαν
3326 1665 3397 1728 εἰς
3465 1665 3645 1736 αὐτόν,
3708 1664 3809 1717 ἀλλ’
3870 1665 3921 1718 ού

2333 1754 2573 1818 Βεϐαίως.
2629 1760 2841 1808 Ἐκεῖνοι
2892 1759 2993 1830 γὰρ
3057 1754 3421 1828 ἀκριϐέστερον
3479 1756 3594 1827 (10)
3645 1753 3918 1822 ἐπίστευον,

553 1840 657 1913 qui
690 1857 803 1895 non
835 1846 1077 1912 propter
1103 1842 1274 1911 signa
1305 1847 1556 1907 tantum,
1611 1857 1816 1896 verum
1875 1842 2051 1897 etiam
2091 1858 2206 1913 pro-

2330 1849 2443 1897 ὅσοι
2471 1850 2542 1918 μὴ
2580 1841 2673 1897 διὰ
2710 1847 2772 1897 τὰ
2797 1853 2989 1917 σημεῖα
3018 1849 3191 1917 μόνον,
3222 1843 3348 1897 ἀλλά
3402 1851 3493 1897 καὶ
3534 1841 3629 1897 διὰ
3656 1849 3748 1903 τὴν
3779 1840 3916 1896 διδα-

552 1936 681 2001 pter
692 1930 1025 1985 doctrinam
1044 1930 1171 2001 ejus
1183 1929 1503 1986 credebant
1520 1951 1533 1987 :
1549 1947 1688 1986 nam
1706 1930 1876 2003 signa
1889 1932 2214 1988 crassiores

553 2019 951 2086 attrahebant,
998 2018 1271 2076 doctrina
1329 2036 1473 2076 vero
1532 2037 1601 2076 ac
1648 2021 1977 2094 prophetia;
2020 2028 2216 2079 mente

551 2109 908 2165 subtiliores.
950 2109 1086 2164 Ideo
1138 2125 1381 2182 quoque
1436 2110 1865 2166 constantiores
1918 2117 2059 2167 sunt
2130 2111 2213 2174 hi,

550 2197 772 2269 quibus
813 2198 989 2254 etiam
1032 2203 1271 2270 aptatur
1308 2198 1368 2253 id
1414 2200 1579 2270 quod
1616 2199 1874 2255 dicitur:
1911 2199 2072 2255 Beati
2112 2200 2217 2272 qui

550 2303 667 2343 non
698 2288 972 2343 viderunt
1000 2291 1054 2343 et
1081 2287 1460 2344 crediderunt
1499 2290 1569 2341 ⁴².

620 2377 782 2433 Vers.
841 2381 927 2432 24.
978 2377 1109 2447 Ipse
1154 2409 1223 2417 —
1266 2377 1362 2433 eis.
1417 2380 1618 2450 Neque
1662 2378 1962 2447 credebat,
2023 2393 2212 2451 neque

548 2472 840 2539 tanquam
888 2468 1167 2537 legitimis
1212 2468 1520 2540 discipulis
1551 2468 1929 2525 confidebat:
1978 2468 2210 2541 quare?

621 2556 783 2611 Vers.
816 2560 904 2613 24.
940 2559 1015 2612 Eo
1047 2558 1201 2629 quod
1234 2590 1295 2598 —
1328 2558 1550 2613 omnia.
1598 2559 1850 2614 Omnem
1900 2558 2209 2613 hominem

552 2645 671 2701 sive
698 2652 975 2702 constans
998 2652 1170 2714 esset,
1205 2647 1331 2702 sive
1364 2648 1737 2705 inconstans.

625 2736 722 2791 Vel
751 2736 955 2792 omnia
979 2752 1107 2808 quae
1143 2738 1199 2791 in
1232 2736 1514 2792 omnibus
1545 2743 1705 2793 sunt.

579 2886 587 2894 _
622 2825 787 2881 Vers.
828 2827 917 2879 25.
940 2826 1018 2881 Et
1042 2858 1110 2867 —
1139 2825 1472 2882 homine.Dc
1503 2826 1909 2900 qualicunque
1940 2826 2203 2883 homine.

620 2914 784 2971 Vers.
818 2917 905 2971 25.
942 2917 1067 2985 Ipse
1095 2947 1158 2956 —
1182 2917 1433 2973 homine.
1466 2920 1529 2971 ln
1547 2932 1913 2990 quocunque
1934 2916 2202 2981 homine,

545 3008 751 3077 utpote
780 3004 1054 3061 cordium
1083 3006 1355 3073 cognitor
1384 3006 1559 3061 Deus.

969 3096 1127 3152 CAP.
1176 3098 1265 3150 111.
1309 3097 1394 3152 De
1438 3095 1769 3153 Nicodemo.

613 3187 755 3277 Cap.
782 3185 873 3240 Ill.
982 3186 1196 3242 l.Erat
1219 3185 1461 3277 —Vers.
1481 3191 1532 3241 2.
1549 3190 1729 3242 nocte.
1754 3186 2025 3277 Timebat
2040 3188 2199 3243 enim
2237 3220 2278 3277 Ο

536 3274 739 3347 palam
754 3275 1037 3331 accedere
1050 3276 1327 3347 propterJ
1337 3275 1648 3331 udeeorum
1662 3275 2200 3349 suspicionem,qui

536 3364 809 3421 aversuri
838 3369 1009 3421 erant
1048 3364 1401 3420 accedentes
1432 3365 1509 3421 ad
1539 3381 1697 3421 eum.

608 3456 777 3512 Vers.
816 3460 868 3509 2.
900 3456 981 3510 Et
1042 3487 1110 3497 —
1167 3454 1455 3526 magister.
1516 3454 1769 3511 Putabat
1815 3456 1974 3511 enim
2038 3455 2199 3527 quod

536 3545 831 3617 propheta
862 3550 1016 3599 esset
1043 3544 1261 3600 missus
1289 3561 1325 3601 a
1356 3546 1474 3601 Deo
1505 3545 1580 3601 ad
1616 3545 1981 3601 docendum.

610 3634 836 3689 Vers.2.
872 3635 1055 3691 Nemo
1095 3665 1162 3673 —
1193 3649 1276 3691 eo.
1298 3634 1444 3689 Cum
1479 3635 1832 3707 prophetam
1857 3652 1996 3691 eum
2028 3639 2200 3707 puta-

539 3728 645 3789 ret,
678 3724 887 3779 merito
909 3724 1602 3780 arbitrabaturhaaceum
1649 3741 1768 3781 non
1819 3727 2064 3798 propria
2115 3725 2197 3781 fa-

540 3829 671 3869 cere
686 3815 1116 3886 potestate,sed
1150 3830 1278 3870 esse
1311 3831 1347 3870 a
1374 3816 1491 3870 Deo
1526 3816 1800 3886 precibus
1831 3815 2076 3871 obtenta
2101 3814 2193 3887 (ε).

611 3904 770 3958 Vers.
803 3907 858 3960 3.
894 3903 1209 3973 Respondit
1233 3936 1303 3943 —
1332 3904 1459 3959 Dei.
1517 3904 1910 3960 Existimabat
1952 3904 2195 3960 Nicode-

538 4008 676 4048 mus
708 4009 771 4048 se
802 4008 981 4049 nosse
1015 3996 1197 4049 Deum
1219 3994 1320 4065 (1),
1346 4009 1415 4049 ac
1445 3993 1519 4049 de
1546 4008 1616 4048 eo
1638 3999 1794 4048 recte
1824 3993 2060 4048 sentire.
2091 3996 2197 4050 0s-

536 4082 789 4138 tendens
820 4088 1015 4139 autem
1071 4082 1351 4148 Christus,
1405 4081 1568 4154 quod
1621 4082 1799 4151 longe
1864 4097 1901 4137 a
1954 4081 2197 4139 veritate

535 4170 855 4233 aberraret,
886 4173 999 4229 ait:
1052 4173 1174 4228 Nisi
1219 4172 1357 4244 quis
1414 4178 1793 4241 regeneratus
1858 4171 2037 4227 fuerit
2093 4188 2195 4245 per

533 4262 1047 4331 regenerationem
1063 4261 1251 4317 divini
1284 4260 1683 4332 baptismatis,
1704 4275 1825 4316 non
1849 4262 2197 4333 potestscire

532 4352 648 4405 sive
679 4367 1039 4419 cognoscere
1069 4352 1199 4422 ejus
1225 4351 1577 4420 dignitatem
1609 4365 1680 4406 ac
1698 4351 2193 4421 magnitudinem.

533 4444 699 4497 Nunc
716 4442 877 4496 enim
900 4442 1170 4514 seipsum
1206 4440 1349 4495 dicit
1375 4441 1584 4507 Deum,
1605 4440 1663 4495 id
1688 4445 1889 4497 tamen
1919 4441 2194 4510 obscure,

532 4546 655 4602 quo
686 4530 1070 4586 insolentiam
1101 4530 1341 4585 devitet.
1403 4530 1613 4586 Divina
1648 4530 1945 4604 siquidem
1984 4533 2193 4604 gratia,

533 4635 669 4691 quae
682 4636 789 4691 per
805 4636 1041 4676 sacrum
1061 4619 1239 4675 datur
1256 4619 1640 4691 baptisma,et
1653 4626 1911 4676 mentem
1931 4622 2196 4685 roborat,

533 4714 589 4765 et
615 4716 771 4765 recte
796 4709 994 4766 videre
1024 4710 1245 4777 tribuit,
1274 4709 1567 4782 dissipata
1596 4711 2016 4783 imbecillitate,
2059 4728 2197 4784 quae

534 4798 986 4856 obtenebrabat.

606 5015 651 5050 ⁴²
682 5014 850 5071 Joan.
881 5030 982 5087 xx,
1015 5015 1103 5072 29.

2330 1935 2547 1987 σκαλιαν
2590 1930 2751 1986 αὐτοῦ
2800 1932 3088 1988 ἐπίστευον.
3137 1939 3270 1996 Τοῦς
3312 1938 3402 2005 μὲν
3450 1936 3551 2008 γὰρ
3601 1936 3918 2005 παχυτέρους

2326 2028 2391 2076 τα
2423 2032 2617 2097 σημεῖα
2646 2022 2918 2096 ἐφείλκετο·
2952 2023 3074 2084 τούς
3105 2020 3163 2076 δε
3194 2023 3528 2098 λεπτοτέρους
3560 2024 3671 2091 (11)
3714 2022 3781 2083 εἰς
3810 2028 3916 2072 νοῦν

2324 2115 2353 2172 ἠ
2390 2110 2719 2166 διδασκαλία
2745 2118 2835 2165 καὶ
2867 2115 2921 2165 αἱ
2953 2120 3284 2186 προφητεῖαι.
3319 2117 3407 2166 Διό
3440 2118 3533 2165 καὶ
3562 2113 3705 2166 ούτοι
3737 2110 3915 2185 μᾶλλον

2324 2202 2524 2256 ἐκείνων
2575 2202 2928 2277 βεϐαιότεροι·
2988 2204 3059 2264 οἶς
3090 2204 3308 2277 ἁρμόζει
3346 2207 3436 2256 καί
3472 2207 3551 2273 τό,
3588 2202 3845 2274 Μακάριοι
3870 2200 3913 2250 οὶ

2321 2298 2392 2365 μὴ
2422 2290 2635 2361 ἰδόντες,
2666 2298 2756 2345 καὶ
2786 2295 3180 2353 πιστεύσαντες.

2393 2382 2556 2443 Λύτὸς
2598 2412 2665 2423 -
2724 2382 2923 2443 αὐτοῖς.
2954 2382 3028 2434 0-3
3068 2387 3453 2449 κατεπίστευεν,
3484 2382 3579 2435 οὐκ
3608 2378 3807 2455 ἐθάρῥει
3850 2380 3911 2440 ὡς

2318 2478 2558 2543 γνησίοις
2587 2474 2864 2545 μαθηταῖςο
2901 2469 3082 2539 διατί;

2391 2566 2485 2615 Διά
2512 2566 2571 2614 τό
2602 2594 2669 2602 —
2696 2566 2885 2627 πάντα,
2931 2564 3107 2615 Πάντα
3138 2562 3550 2635 (12)οὶ’νθρωπον,
3581 2562 3678 2614 εἱτε
3710 2557 3910 2632 βέϐαιός

2318 2652 2480 2723 ἐστιν,
2511 2655 2607 2705 εἴτε
2639 2650 2848 2704 ἁϐέϐαιο
2859 2673 2898 2714 ς.

2387 2740 2454 2793 Ἦ
2476 2744 2646 2793 πάντα
2674 2743 2741 2793 τὰ
2764 2743 2967 2793 πάντων
2982 2786 2993 2797 ,

2389 2836 2489 2883 Καὶ
2518 2862 2584 2872 -
2616 2830 2909 2904 ἀνθρώπου.
2944 2834 3071 2905 Περὶ
3090 2838 3181 2882 τοῦ
3213 2827 3528 2889 οἰουδήποτε
3555 2827 3838 2903 ἀνῦρώπου.

2386 2920 2552 2981 Αύτός
2598 2951 2668 2960 -
2718 2918 2991 2994 ἀνθρώπῳ.
3048 2920 3129 2972 Ἐν
3182 2927 3254 2990 τῷ
3307 2924 3466 2972 παντὶ
3523 2918 3791 2993 ἀνθρώπῳ,
3848 2918 3905 2974 ὡς

2312 3008 2742 3085 καρδιογνώστης
2777 3016 2877 3063 Θεό
2888 3031 2927 3072 ς.

2729 3106 2874 3154 ΚΕΦ.
2901 3100 2973 3154 Γ’.
3011 3106 3135 3174 Περὶ
3164 3096 3507 3171 Νικὸδήμου,

2380 3190 2476 3243 ⁷11ν
2526 3220 2592 3229 ——
2640 3194 2845 3251 νυκτός.
2904 3189 3146 3261 Εφοϐεῖτο
3199 3193 3301 3263 γὰρ
3357 3188 3517 3242 ἐλθεῖν
3567 3195 3785 3261 φανερῶς
3821 3180 3903 3235 δια

2311 3285 2403 3338 τὴν
2434 3278 2663 3350 ὑποψίαν
2690 3288 2788 3332 τῶν
2818 3276 3093 3332 Ἰουδαίων
3126 3278 3590 3354 ἀποστρεφομένων
3639 3280 3755 3336 τούς
3790 3290 3901 3347 προ-

2313 3374 2521 3430 σιόντας
2554 3368 2694 3439 αύτῷ
2705 3409 2715 3421 .

2382 3463 2483 3512 Καὶ
2513 3488 2581 3499 —-
2612 3454 2960 3520 διδάσκαλος.
2994 3456 3146 3529 "Qer
3188 3460 3289 3532 γὰρ
3340 3459 3419 3509 ὃτι
3452 3461 3721 3531 προφήτης
3750 3450 3897 3512 ἐστὶν,

2307 3546 2411 3601 ἀπὸ
2443 3553 2570 3601 Θεοῦ
2610 3548 2863 3619 πεμφθεὶς
2892 3547 2966 3608 εἰς
2994 3551 3050 3599 τὸ
3084 3542 3363 3599 διδάσκειν
3392 3547 3604 3609 αὐτοὺς.

2379 3634 2576 3699 Ούδεὶς
2616 3669 2678 3677 -
2713 3636 2891 3690 αὑτοῦ.
2927 3637 3067 3689 Ἐπεὶ
3104 3642 3376 3711 προφήτην
3408 3636 3567 3689 αὐτόν
3617 3639 3756 3705 ᾤετο,
3793 3627 3900 3680 ἁκο-

2306 3727 2504 3789 λούθως
2531 3725 2882 3799 ὑπελάμϐανεν
2921 3728 3001 3778 ὅτι
3026 3726 3119 3777 οὐκ
3151 3725 3202 3789 ἐξ
3233 3727 3423 3788 οἰκείας
3459 3723 3720 3797 δυνάμεως
3749 3726 3900 3773 ταῦτα

2306 3824 2463 3883 ποιεῖ,
2489 3816 2597 3868 ἀλλ’
2622 3819 2676 3868 ἐκ
2706 3825 2800 3877 τῆς
2829 3824 2918 3868 τοῦ
2954 3824 3109 3882 Θεοῦ,
3138 3812 3377 3888 δεόμενος
3409 3815 3540 3875 αὐτῆ
3555 3836 3594 3877 ς.

2379 3906 2662 3979 Ἀπεκρίθη
2719 3938 2787 3946 -
2836 3914 2989 3960 Θεοῦ.
3047 3906 3314 3978 Ἐνόμισεν
3373 3907 3398 3957 ὁ
3448 3900 3751 3974 Νικόδημος
3782 3903 3897 3969 Ἱνω·

2306 4016 2390 4048 ναι
2448 3995 2624 4063 αὐτόν,
2684 3999 2773 4048 καὶ
2832 3994 2960 4068 ὀρθὰ
3010 4002 3208 4070 φρονεῖν
3255 3999 3373 4067 περὶ
3421 4000 3605 4047 αυτοῦ.
3664 3988 3895 4043 Δεικνύων

2308 4083 2367 4139 δὲ
2419 4086 2445 4137 ὁ
2499 4088 2731 4160 Χριστός
2802 4085 2883 4137 ὅτι
2934 4083 3109 4159 πόρρω
3178 4083 3433 4136 πλανᾶται
3496 4092 3587 4145 τῆς
3651 4078 3892 4137 ἀληθείας,

2308 4174 2464 4247 φησὶν
2510 4176 2610 4241 ὅτι,
2664 4176 2782 4228 Ἐὰν
2834 4178 2906 4246 μή
2963 4194 3043 4235 τις
3083 4173 3399 4246 ἀναγεννηθῇ
3458 4171 3553 4226 διὰ
3593 4178 3682 4230 τῆς
3727 4164 3897 4231 παλιγ-

2305 4268 2538 4336 γενεσίας
2584 4272 2673 4316 τοῦ
2727 4266 2864 4316 θείου
2924 4262 3313 4336 βαπτίσματος,
3366 4263 3425 4315 ού
3486 4260 3703 4316 δυναται
3754 4250 3890 4314 ἰδεῖν,

2305 4357 2425 4411 ἤτοι
2502 4362 2693 4426 γνῶναι
2755 4358 2849 4412 τὴν
2904 4352 3052 4416 ἀξίαν
3111 4358 3201 4405 καὶ
3270 4352 3651 4425 μεγαλειότητα
3713 4347 3882 4397 αὑτοῦ.

2307 4446 2430 4497 Θεὸν
2468 4446 2570 4518 γὰρ
2603 4444 2783 4497 ἑαυτὸν
2830 4444 2964 4515 λέγει
3011 4451 3118 4495 νῦν·
3156 4446 3476 4516 ἀσυμφανῶς
3532 4438 3611 4506 δε,
3642 4441 3722 4490 ἱνα
3765 4434 3886 4505 φύγῃ

2306 4538 2394 4586 τόν
2445 4538 2665 4607 κόμπον.
2716 4537 2843 4586 Τότε
2891 4534 2993 4607 γὰρ
3026 4534 3056 4590 ἠ
3101 4528 3196 4584 διὰ
3227 4540 3317 4584 τοῦ
3356 4535 3493 4606 ἱεροῦ
3544 4529 3888 4604 βαπτίσματος

2308 4606 2562 4695 διδομένη
2625 4624 2736 4675 θεία
2781 4606 2973 4697 χάρις
3003 4621 3215 4696 ῥωννύει
3254 4626 3339 4673 τὸν
3378 4631 3496 4673 νοῦν
3537 4625 3625 4671 καὶ
3671 4617 3784 4687 ὸρᾲν
3814 4606 3887 4679 ὁρ·

2309 4714 2405 4773 θὼς
2451 4716 2695 4787 παρέχει,
2746 4720 2841 4773 τῆς
2893 4710 3276 4771 ἐπισκοτούσης
3341 4710 3604 4769 ἀσθενείας
3675 4708 3885 4755 ἀποσκε-

2307 4798 2572 4861 δασθείση
2583 4823 2623 4865 ς.

1789 5221 2008 5291 Variae
2045 5223 2375 5294 lectiones
2417 5233 2485 5293 et
2521 5232 2725 5294 notae.

598 5451 713 5521 (10)
753 5451 1100 5507 Ἐπίστευσαν
1126 5450 1193 5505 Α.

598 5452 688 5521 (10
753 5452 1100 5507 Ἐπίστευσαν
1126 5452 1193 5505 Α.

598 5452 713 5596 (ita
756 5524 1080 5597 ᾯξυτέρους,
1110 5519 1531 5597 ἀκριϐεστέρους.

595 5590 715 5666 (12)
757 5590 985 5651 Etenim
1037 5610 1147 5666 pro
1178 5590 1417 5655 ’πάντας
1472 5590 1612 5661 legit
1664 5590 1723 5645 in
1778 5594 1935 5648 textu
1990 5593 2179 5645 πάντα.

600 5771 672 5843 (s)
710 5771 825 5828 Sed
848 5787 959 5826 esse
980 5801 1047 5811 —
1068 5771 1321 5828 obtenta.
1345 5770 1453 5827 Sed
1485 5770 1706 5839 divina,
1741 5786 1919 5843 egens
1952 5787 2039 5827 ea.
2073 5776 2185 5824 Δεό-

528 5842 677 5912 μενος
705 5844 801 5899 hic
826 5858 945 5898 non
970 5846 1339 5913 estprecans,
1375 5842 1481 5899 sed
1512 5858 1695 5914 egens.

2299 5449 2466 5507 Unde
2487 5451 2730 5508 autem?
2755 5450 2839 5507 Ex
2869 5448 3183 5507 codicibus
3206 5452 3276 5505 N.
3315 5436 3671 5506 Testamenti
3690 5433 3717 5489 ?
3746 5432 3881 5491 Non:

2299 5523 2406 5578 sed
2432 5538 2504 5579 ex
2536 5524 2841 5596 Chrysost.
2882 5528 3026 5579 tom.
3056 5524 3193 5590 VIII,
3228 5537 3287 5594 p.
3321 5525 3418 5577 137
3453 5521 3511 5574 C.

2369 5774 2439 5846 (t)
2470 5774 2656 5833 Nosse
2678 5774 2887 5830 Deum.
2918 5774 3101 5829 Nosse
3132 5786 3293 5827 eum.
