4156 6394
230 369 356 426 1161

299 498 450 565 Λέγει
513 524 570 532 -
623 494 934 565 γεννηθῆναι
1024 508 1037 560 ;

228 583 398 637 Ῥαϐϐὶ
449 583 604 636 αὐτὸν
656 583 848 650 καλεῖς,
905 589 996 636 καὶ
1047 583 1149 635 ἀπὸ
1213 591 1346 636 Θεοῦ
1394 582 1692 641 ἐληλυθέναι
1751 581 1835 634 λέ-

229 693 349 746 γεις,
390 677 477 725 καὶ
517 673 574 726 ού
622 676 885 736 πιστεύεις
935 674 1011 735 οἶς
1051 672 1223 744 λέγεις
1259 671 1424 725 Βαϐαῖ
1467 681 1562 734 τῆς
1609 668 1835 724 Ἰουδαῖ-

231 772 323 825 κῆς
377 763 722 834 παχύτητοςὲ
757 762 1014 815 ’Ἤκουσεν
1069 761 1433 834 ἁναγέννησιν,
1493 761 1621 814 αλλὰ
1675 780 1833 814 πνευ-

231 859 485 926 ματικήν·
537 853 630 905 οὐκ
700 850 940 912 ἠδυνήθη
1027 855 1224 910 ταύτην
1291 860 1502 918 νοῆσαι,
1579 856 1670 904 καὶ
1733 857 1836 902 νοεῖ

235 945 522 1016 σαρκικὴνο
597 948 688 995 καὶ
769 942 980 1003 εἰκότως
1060 940 1261 1016 ἀπορεῖ,
1357 947 1446 994 καὶ
1535 941 1683 1002 ζητεί
1749 943 1836 993 τόν

232 1036 416 1106 τρόπον
431 1074 442 1085 .

301 1119 582 1194 Ἀπεκρίθη
642 1149 706 1161 —
771 1127 927 1173 Θεοῦ.
992 1120 1271 1192 Σαφηνίξει
1345 1122 1435 1192 μεν
1482 1122 1567 1171 τὸν
1623 1123 1834 1190 τρόπον,

229 1209 404 1281 lia/mw,
458 1211 538 1262 ὅτι
589 1207 642 1272 ἐξ
696 1205 892 1270 ὕδατος
948 1213 1038 1261 καὶ
1091 1211 1408 1282 Πνεύματος,
1469 1205 1682 1266 δηλαδή
1743 1215 1836 1259 τοῦ

232 1300 379 1370 ἁγίου
405 1319 416 1331 ·
453 1299 596 1352 οὔπω
647 1295 707 1352 δε
756 1298 943 1364 τέλεον,
988 1300 1072 1350 ἱνα
1119 1303 1594 1372 προσεκτικὼτερος
1646 1298 1672 1350 ὁ
1717 1295 1840 1370 ἐρω“

741 1387 1002 1451 Πολλάκις
1082 1390 1184 1460 γὰρ
1253 1391 1310 1440 1'6
1391 1385 1581 1460 ἀσαφὲς
1656 1386 1836 1461 ἐγείρει

231 1484 321 1537 τὴν
406 1481 663 1540 divisam,
745 1483 835 1530 καὶ
906 1482 1294 1552 περιεργότερον
1382 1482 1471 1530 καὶ
1549 1473 1838 1529 σπουδαῖον

231 1397 326 1441 τῶν
406 1393 620 1460 γένηται
633 1433 646 1446 .

233 1566 580 1643 ἀπεργάσεται
632 1571 722 1620 τὸν
777 1565 1060 1641 ἀκροατήν.
1130 1565 1190 1618 Ὀ
1239 1569 1329 1639 μὲν
1388 1562 1476 1618 οὖν
1538 1563 1840 1639 Νικόδημος

231 1654 484 1710 ἀδύνατον
532 1657 672 1728 ἔλεγε
723 1662 817 1717 την
873 1656 1244 1729 ἀναγέννησιν’
1293 1658 1318 1708 ό
1369 1652 1430 1708 δὲ
1477 1660 1703 1728 Χριστὸς
1749 1662 1840 1709 καὶ

235 1744 436 1822 σφόδρα
487 1744 737 1816 δυνατὴν,
771 1752 862 1799 καὶ
909 1745 968 1798 ού
1000 1754 1150 1798 τοῦτο
1195 1750 1366 1818 μόνον,
1402 1744 1529 1797 ἀλλὰ
1557 1751 1648 1797 καὶ
1679 1744 1840 1818 ἀναγ-

1231 364 1604 424 COMMENT.
1649 367 1715 422 ΙΝ
1745 361 2086 423 ΙΟΑΝΝΕΜ.
2131 397 2192 408 -—
2236 364 2392 424 CAP.
2436 369 2526 423 ΠΙ.

1125 497 1188 545 Τί
1268 500 1442 561 τοῦτο,
1517 490 1832 565 Νικόδημες

2017 492 2179 549 Vers.
2213 497 2263 548 4.
2312 493 2463 550 Dicit
2506 525 2575 536 —-
2618 495 2834 552 nasci?
2876 496 3024 560 Quid
3061 495 3197 561 hoc,
3235 495 3554 555 Nicodeme
3578 499 3605 554 ?

3456 373 3597 428 1162

1944 580 2135 636 Rabbi
2180 580 2379 654 ipsum
2426 599 2627 649 vocas,
2672 587 2730 639 et
2771 600 2807 640 a
2851 587 2970 640 Deo
3009 583 3244 640 venisse
3281 585 3448 654 dicis,
3495 603 3606 642 nec

1945 675 2142 726 tamen
2181 670 2376 726 credis
2417 687 2549 744 quae
2597 672 2781 729 dicit?
2821 675 2864 730 Ο
2903 673 3218 730 Iudaicam
3260 676 3607 732 crassitudi-

1945 759 2116 814 nem!
2160 760 2407 817 Audivit
2447 764 2977 832 regenerationem,
3025 764 3132 820 sed
3179 765 3550 836 spiritualem
3587 783 3601 833 ;

1945 865 2067 905 non
2129 851 2320 920 potuit
2372 850 2531 907 hanc
2588 853 2918 924 concipere,
2977 855 3076 910 sed
3151 854 3451 912 carnalem
3519 856 3607 910 in-

1946 937 2172 1010 telligit,
2246 945 2302 995 et
2361 941 2572 997 merito
2640 941 2890 1008 dubitat,
2959 943 3334 1016 modumque
3408 945 3604 1000 scisci-

1946 1033 2124 1087 tatur.

2017 1119 2180 1174 Vers.
2214 1123 2264 1174 ὅ.
2307 1121 2630 1190 Respondit
2682 1152 2751 1163 —
2784 1123 2908 1179 Dei.
2968 1126 3207 1180 Modum
3259 1124 3606 1182 manifestat

1947 1207 2177 1278 dicens,
2213 1208 2381 1281 quod
2412 1225 2482 1265 ex
2507 1226 2668 1282 aqua
2693 1217 2750 1266 et
2779 1211 3020 1283 Spiritu,
3061 1213 3330 1270 videlicet
3355 1219 3564 1271 sancto
3589 1232 3603 1282 ;

1949 1311 2072 1352 non
2114 1302 2310 1353 tamen
2337 1298 2493 1354 clare
2531 1299 2645 1355 hoc
2683 1299 2841 1364 dicit,
2869 1316 2995 1372 quo
3034 1301 3318 1358 attentius
3360 1302 3608 1361 interro-

1948 1393 2134 1457 garet.
2166 1387 2395 1460 Saepius
2421 1387 2583 1444 enim
2614 1388 2841 1445 occulte
2875 1390 2955 1462 (ιι)
2987 1396 3248 1448 mentem
3272 1393 3506 1458 excitat,
3542 1399 3608 1450 ut

1948 1477 2384 1547 diligentiorem
2426 1492 2498 1533 ac
2553 1477 2943 1535 curiosiorem
2994 1479 3204 1536 reddat
3246 1481 3602 1538 auditorem.

1949 1564 2310 1621 Nicodamus
2332 1565 2628 1638 siquidem
2649 1566 3086 1638 impossibilem
3103 1568 3342 1626 dicebat
3362 1586 3610 1642 regene-

1946 1654 2241 1710 rationem
2282 1671 2296 1710 :
2331 1655 2593 1711 Christus
2629 1671 2768 1712 vero
2793 1656 3039 1714 omnino
3079 1659 3428 1730 possibilem
3460 1679 3472 1714 :
3501 1677 3611 1718 nec

1948 1743 2008 1800 id
2036 1742 2232 1799 solum
2266 1743 2371 1799 sed
2408 1750 2464 1800 et
2492 1744 2935 1815 necessariam;
2977 1747 3130 1803 adeo
3160 1752 3224 1804 ut
3260 1749 3386 1806 sine
3424 1765 3495 1806 ea
3524 1767 3610 1806 re-

231 1842 396 1900 καίαν,
436 1839 508 1898 ὡς
542 1833 684 1910 μηδὲ
725 1833 988 1889 δύνασθαί
1027 1855 1144 1889 τινα
1185 1839 1354 1911 χωρὶς
1396 1833 1554 1894 αύτῆς
1598 1833 1834 1886 εἰσελθεῖν

1956 1848 2139 1903 gnum
2164 1833 2263 1889 Dei
2285 1833 2486 1889 nullus
2518 1832 2709 1906 possit
2731 1834 2970 1902 intrare,
3003 1835 3116 1892 hoc
3145 1841 3234 1894 cst
3256 1838 3386 1909 ejus
3417 1840 3611 1910 digni-

232 1926 296 1988 εἰς
319 1932 412 1986 τὴν
445 1925 723 2000 βασιλείαν
752 1934 846 1978 τοῦ
879 1933 1034 1979 Θεοῦ.
1089 1927 1180 1994 [Τό
1213 1924 1324 1996 (13)
1367 1921 1425 1976 δὲ
1469 1922 1725 1976 Εἰσελθεῖν
1770 1921 1839 1984 εἰς

229 2020 318 2074 τὴν
352 2015 630 2088 βασιλείαν
673 2023 766 2068 τοῦ
799 2015 980 2086 Θεοῦ,]
1021 2015 1050 2074 ἣ
1102 2018 1160 2066 τὸ
1203 2021 1398 2085 γνῶναι
1433 2017 1520 2071 τὴν
1561 2011 1708 2076 ἀξίαν
1753 2016 1841 2065 καὶ

231 2105 607 2178 μεγαλειότητα
635 2105 795 2158 αὐτοῦ
823 2101 980 2163 δηλοῖ
1005 2111 1094 2156 νῦν
1121 2107 1152 2162 ἤ
1186 2106 1244 2156 τὸ
1278 2110 1462 2176 τυχεῖν
1490 2110 1581 2164 τῆς
1611 2100 1843 2154 ἀπολαύ-

232 2215 356 2259 σεως
380 2203 443 2256 τῆ
456 2216 479 2257 ς
509 2197 668 2258 θείας.

296 2284 351 2338 Ὀ
379 2285 532 2358 λόγος
556 2282 614 2338 δὲ
645 2289 763 2359 περὶ
794 2293 894 2337 τῶν
920 2287 1047 2357 μετὰ
1077 2287 1135 2337 τὸ
1168 2282 1534 2356 βαπτισθῆναι
1558 2286 1645 2335 τόν
1678 2290 1842 2355 Χρισ-

229 2379 332 2434 τόν.
373 2382 589 2429 ’Έκτοτε
620 2377 722 2450 γὰρ
753 2376 782 2432 ἠ
819 2373 1156 2446 ἀναγέννησις
1177 2374 1390 2447 ἠρξατο.
1421 2376 1618 2426 Λοιπὸν
1639 2369 1726 2425 οὖν
1755 2376 1843 2423 καὶ

231 2467 276 2518 οἱ
339 2463 628 2519 ἀπόστολοι
700 2463 1128 2536 ἀνεγεννήθησαν,
1191 2460 1264 2515 δι’
1314 2459 1506 2524 ὕδατος
1553 2466 1644 2536 μὲν
1699 2465 1842 2536 παρὰ

231 2554 486 2626 Ἰωάννου,
516 2550 611 2607 διὰ
643 2556 938 2626 Πνεύματος
969 2550 1047 2618 δὲ,
1082 2554 1162 2606 ὅτε
1190 2551 1524 2625 ἐπεφοίτησεν
1573 2551 1752 2614 αὐτοῖς
1791 2551 1839 2603 ἐν

232 2643 306 2698 εἷο*
310 2665 352 2698 ει
383 2649 613 2718 πυρίνων
643 2644 917 2715 γλωσσῶν.

298 2738 570 2810 Γραφουσι
618 2730 678 2787 δέ
733 2753 864 2796 τινες
915 2733 1046 2805 (ili),
1122 2731 1410 2803 ἐγγίζοντες
1472 2740 1579 2792 τοῖς
1625 2737 1841 2805 χρόνοις

228 2833 322 2876 τῶν
370 2823 702 2894 ἀποστόλων,
773 2825 850 2876 ὃτι
922 2823 948 2874 ό
1009 2825 1099 2895 μεν
1156 2825 1387 2895 Χριστός
1447 2820 1696 2874 ἐϐάπτισε
1751 2825 1838 2873 τὸν

232 2918 411 2989 Πέτρον
456 2919 552 2967 καὶ
592 2918 688 2973 την
730 2917 1008 2978 Θεοτόκον,
1050 2913 1076 2964 ό
1117 2907 1176 2964 δὲ
1235 2916 1426 2984 Πέτρος
1476 2913 1676 2973 πάντας
1721 2914 1838 2972 τοὺς

231 3001 574 3066 ἀποστόλους.

293 3093 362 3147 Τό
395 3125 464 3134 —
513 3092 675 3146 ἔστιν.
713 3092 790 3146 Ού
832 3097 1056 3166 σαρκική
1091 3089 1233 3143 ἐστιν
1273 3092 1303 3149 ἡ
1353 3095 1611 3162 γέννησις,
1655 3095 1835 3162 φησὶν,

1954 1927 2135 1979 tatem
2167 1939 2236 1978 ac
2265 1923 2741 1995 magnitudinem
2778 1939 3160 1995 cognoscere,
3196 1933 3302 1984 aut
3341 1927 3611 1986 divinam

1953 2012 2242 2084 attingere
2286 2012 2646 2071 fruitionem.

2023 2281 2370 2354 Intelligitur
2391 2290 2592 2340 autem
2618 2282 2870 2341 verbum
2903 2284 2978 2341 de
3006 2285 3121 2357 his,
3153 2286 3258 2360 qui
3283 2292 3423 2360 post
3452 2289 3613 2346 Chri-

1952 2378 2110 2430 stum
2149 2372 2519 2445 baptizatum
2557 2372 2816 2430 fuerunt.
2857 2373 3171 2448 Reliquum
3198 2381 3290 2433 est
3316 2377 3513 2448 igitur,
3549 2383 3614 2434 ut

1951 2461 2276 2536 etapostoli
2306 2464 2636 2533 regenerati
2670 2462 2789 2519 sint
2810 2480 2919 2536 per
2938 2480 3164 2537 aquam
3190 2481 3334 2522 sane
3358 2484 3393 2522 a
3423 2469 3613 2524 Joan-

1951 2568 2040 2617 ne,
2066 2567 2168 2623 per
2195 2551 2482 2624 Spiritum
2513 2567 2674 2619 vero,
2707 2553 2850 2628 quia
2875 2552 2954 2608 ad
2971 2554 3147 2610 eosin
3177 2554 3373 2626 specie
3400 2555 3613 2625 ignita-

1949 2657 2086 2697 rum
2114 2640 2360 2697 advenit
2386 2640 2756 2711 linguarum.

2021 2730 2303 2787 Scribunt
2328 2735 2524 2786 autem
2535 2731 2786 2802 quidam
2809 2731 3222 2803 apostolorum
3242 2735 3613 2806 temporibus

1951 2819 2230 2893 proximi,
2261 2819 2430 2892 quod
2463 2818 2727 2875 Christus
2765 2819 2999 2876 Petrum
3039 2837 3110 2878 ac
3149 2822 3454 2893 Virginem
3491 2824 3614 2881 Ma-

1953 2915 2100 2967 trem
2123 2909 2543 2981 ’baptizaverit,
2595 2909 2812 2968 Petrus
2876 2926 3020 2967 vero
3073 2911 3338 2985 reliquos
3401 2929 3615 2971 omnes

1953 2998 2284 3072 apostolos.

2025 3090 2191 3146 Vers.
2222 3090 2276 3144 6.
2304 3088 2473 3156 Quod
2502 3119 2572 3128 —
2601 3093 2705 3146 est.
2743 3091 2870 3146 Non
2902 3089 3177 3155 carnalis,
3213 3091 3404 3165 inquit
3433 3108 3614 3163 gene-

229 3181 348 3236 ἆλλὰ
394 3187 749 3255 πνευματική.
791 3186 860 3235 T6
910 3185 1000 3254 μεν
1062 3183 1164 3256 γὰρ
1222 3184 1584 3253 γεγεννημένον
1637 3177 1692 3230 ἐκ
1747 3186 1834 3240 τῆς

1956 3179 2100 3236 ratio
2122 3185 2228 3244 est,
2262 3178 2366 3234 sed
2385 3177 2705 3250 spiritualis
2728 3195 2743 3246 ;
2765 3194 2906 3235 nam
2921 3181 3080 3251 quod
3102 3196 3176 3236 ex
3196 3196 3375 3238 carne
3399 3189 3610 3239 natum

222 3276 408 3348 σαρκός
474 3275 726 3346 σαρκικόν
772 3270 889 3324 ἐστι
946 3275 1209 3343 γέννημα·
1258 3275 1317 3322 τὸ
1368 3267 1426 3323 δὲ
1473 3273 1834 3342 γηεννημένον

219 3359 269 3413 ἐκ
312 3371 402 3416 τοῦ
467 3364 774 3433 ΙΙνεύματος
828 3364 1175 3433 πνευματικόν
1232 3358 1344 3413 ἐστι
1408 3362 1656 3432 γέννημα.
1714 3363 1834 3411 Λοι-

217 3454 305 3503 πὸν
342 3449 428 3505 οὖν
490 3452 521 3510 ἡ
570 3453 661 3523 μεν
709 3453 935 3523 σαρκικὴ
976 3453 1240 3521 γέννησις,
1293 3449 1520 3507 αἰσθητὴ
1577 3451 1740 3516 ἐστιν,
1800 3449 1828 3507 ἡ

222 3536 275 3593 δε
303 3544 633 3615 πνευματικὴ
665 3544 848 3598 νοητή.
891 3543 991 3592 Καὶ
1021 3539 1080 3591 ού
1122 3545 1232 3614 χρὴ
1279 3537 1544 3598 αἰσθητῶς
1578 3537 1832 3600 ἐξετάζειν

222 3633 276 3682 τὸ
317 3635 519 3696 νοητόν,
576 3625 699 3682 οὐδὲ
754 3627 1084 3701 ἀνθρωπίνως
1115 3633 1173 3681 τό
1226 3629 1358 3680 θεῖον
1401 3633 1642 3702 πρᾶγμα.
1691 3627 1832 3680 Ἐπεὶ

221 3722 316 3794 γὰρ
367 3723 396 3779 ἡ
456 3729 641 3796 πρώτη
701 3724 938 3791 γέννησις
993 3718 1285 3790 ἠχρείωθη,
1347 3715 1568 3789 δευτέρα
1615 3712 1832 3768 δέδοται

225 3809 576 3883 ἁναγίννησις,
633 3808 927 3884 ὑψηλοτέρα
964 3827 1019 3861 τε
1080 3813 1170 3860 καὶ
1216 3812 1518 3882 τιμιωτέρα.
1580 3814 1713 3860 Θεοῦ
1754 3809 1830 3881 ἕρ.

220 3920 304 3972 γον
336 3903 366 3960 ἡ
408 3919 618 3977 πρωτη’
653 3906 788 3952 Θεοῦ
847 3901 995 3973 ἔργον
1025 3903 1115 3950 καὶ
1140 3899 1170 3957 ἡ
1207 3894 1445 3972 δευτέρα·
1479 3899 1604 3958 Θεὸς
1640 3899 1741 3968 γαρ
1771 3899 1829 3948 1'6

226 3994 450 4064 Πνεῦμα.

286 4078 444 4133 Ὀταν
471 4075 565 4132 οὖν
599 4076 792 4151 ἀκούῃς
839 4079 920 4131 ὅτι
949 4081 1007 4130 τό
1041 4084 1250 4149 Πνεῦμα
1274 4075 1543 4148 ἁναγεννᾲ,
1575 4080 1646 4147 μὴ
1681 4076 1830 4136 ζήτει

220 4169 302 4220 τὸν
331 4174 542 4244 τρόπον.
573 4167 633 4222 Εἰ
661 4171 763 4243 γὰρ
795 4166 1158 4228 ἀκατάληπτος
1188 4168 1218 4224 ἠ
1273 4165 1322 4218 ἐν
1370 4173 1432 4237 τῇ
1479 4169 1653 4237 μήτρᾳ
1702 4161 1828 4216 διά-

219 4254 419 4319 πλασις,
467 4256 931 4331 ἀκαταληπτοτέρα
964 4257 1164 4318 πάντως
1193 4257 1223 4314 ἡ
1253 4253 1301 4307 ἐν
1331 4262 1401 4325 τῷ
1439 4250 1619 4309 ὕδατι.
1653 4258 1754 4307 Καὶ
1785 4254 1830 4306 εἰ

219 4351 330 4419 περὶ
360 4345 562 4410 ἐκείνης
605 4347 700 4399 ούκ
739 4345 1148 4420 ἀμφιϐάλλομεν,
1193 4353 1255 4418 τῇ
1308 4340 1692 4416 παντοδυναμῳ
1735 4352 1828 4396 τοῦ

220 4441 347 4488 Θεοῦ
379 4442 544 4511 σοφίᾳ
562 4439 912 4504 πιστεύοντες,
944 4435 1115 4507 πολλῷ
1137 4434 1328 4508 μᾶλλον
1355 4441 1507 4486 τοῦτο
1523 4438 1633 4509 χρὴ
1661 4441 1826 4486 ποιεῖν

219 4529 332 4598 περὶ
356 4529 576 4587 ταύτης.

283 4613 482 4688 Ὠσπερ
533 4611 591 4668 δὲ
636 4613 684 4668 ἐν
730 4613 874 4689 ἀρχῇ
926 4615 1162 4668 ὑπέκειτο
1211 4618 1474 4685 στοίχεῖον
1528 4613 1559 4670 ἡ
1618 4620 1710 4684 γῆ,
1765 4615 1823 4665 τό

218 4708 312 4753 πᾶν
359 4700 421 4757 δε
461 4712 558 4758 τοῦ
608 4700 1009 4764 ὃιαπλοίττοντος
1068 4700 1128 4762 ἧν
1160 4723 1171 4736 ·
1223 4704 1358 4755 ούτω
1409 4706 1500 4754 καὶ
1546 4709 1634 4753 νῦν
1693 4703 1822 4754 ὑπό-

217 4809 378 4845 κειται
417 4800 688 4866 στοιχεῖον
718 4796 777 4846 τὸ
825 4789 990 4868 ὕδωρ·
1033 4797 1093 4846 τό
1142 4799 1243 4846 πᾶν
1291 4789 1351 4845 δε
1387 4799 1478 4844 τοῦ
1526 4794 1821 4864 Πνεύματός

219 4877 354 4935 ἔστιν
367 4927 381 4941 .

285 5063 402 5118 Ἐὰν
441 5063 716 5140 ἐρωτήσῃς
762 5083 846 5139 με,
886 5068 1035 5118 Διατί
1071 5070 1160 5116 νῦν
1206 5066 1266 5116 τό
1313 5059 1482 5136 ὕδωρ,
1537 5062 1820 5137 ἁντεπερω-

219 5155 360 5211 τήσω
390 5172 471 5225 σε,
503 5158 652 5210 Διατί
680 5159 797 5210 τότε
825 5155 855 5214 ἡ
883 5162 951 5228 γῆ
975 5171 989 5223 ;
1026 5159 1130 5210 Καὶ
1154 5156 1257 5228 γὰρ
1286 5150 1518 5214 ἠδύνατο
1559 5158 1649 5206 καὶ
1680 5149 1820 5225 δίχα

1947 3273 2050 3333 est,
2078 3267 2332 3324 carnalis
2363 3273 2453 3322 est
2480 3267 2797 3338 progenies
2825 3287 2838 3327 :
2863 3267 3030 3340 quod
3053 3274 3254 3326 autem
3280 3275 3488 3327 natum
3520 3279 3610 3328 est

1944 3374 2018 3414 ex
2048 3358 2287 3429 Spiritu,
2311 3356 2630 3429 spiritualis
2653 3357 2957 3427 generatio
2979 3363 3084 3414 est.
3120 3358 3381 3415 Carnalis
3406 3360 3609 3433 itaque

1945 3447 2220 3504 nativitas
2245 3452 2334 3503 est
2363 3445 2664 3502 sensibilis
2703 3447 3026 3518 spiritualis
3055 3463 3215 3513 vero,
3245 3449 3608 3507 intellectua-

1942 3535 2032 3592 lis.
2063 3539 2178 3593 Nec
2204 3541 2456 3609 oportet,
2489 3536 2656 3608 quod
2684 3535 3079 3593 intellectuale
3109 3542 3217 3605 est,
3251 3539 3607 3595 sensibiliter

1942 3626 2259 3697 indagare:
2278 3641 2472 3698 neque
2490 3625 2750 3682 humano
2762 3625 2938 3682 modo
2951 3629 3309 3699 opus,quod
3323 3627 3597 3686 divinum

1942 3715 2376 3788 est;siquidem
2401 3731 2474 3771 ex
2491 3731 2612 3788 quo
2643 3717 2805 3788 prior
2837 3717 3139 3786 generatio
3167 3716 3325 3775 facta
3354 3723 3445 3774 est
3475 3719 3602 3775 inu-

1943 3805 2055 3862 tilis
2086 3805 2227 3862 data
2263 3810 2350 3862 est
2387 3805 2652 3862 secunda
2678 3805 3053 3878 regeneratio
3082 3807 3367 3864 excelsior
3403 3813 3460 3865 et
3496 3809 3604 3865 ho-

1942 3895 2287 3951 norabilior.
2323 3894 2421 3951 Dei
2447 3910 2602 3967 opus
2631 3899 2720 3950 est
2758 3895 2957 3966 prior;
2989 3895 3087 3952 Dei
3113 3911 3268 3968 opus
3292 3902 3381 3954 est
3412 3897 3594 3956 etiam

1941 3983 2269 4056 posterior;
2301 3984 2454 4040 Deus
2479 3983 2640 4038 enim
2673 3982 2924 4054 Spiritus
2955 3988 3065 4040 est.

2012 4073 2161 4129 Cum
2192 4074 2370 4146 igitur
2407 4073 2668 4129 audieris
2697 4071 2864 4144 quod
2894 4073 3138 4144 Spiritus
3163 4081 3494 4149 regenerat,
3527 4093 3603 4136 ne

1941 4163 2190 4220 modum
2215 4178 2478 4235 quaeras.
2521 4165 2668 4218 Nam
2695 4161 2742 4217 si
2766 4161 3387 4234 incomprehensibilis
3429 4170 3518 4222 est
3540 4167 3604 4223 in

1939 4258 2100 4310 utero
2123 4253 2422 4320 formatio,
2449 4251 2626 4324 longe
2654 4251 3318 4324 incomprehensibilior
3342 4260 3430 4312 est
3458 4273 3596 4329 quae

1939 4344 2001 4400 in
2033 4359 2192 4416 aqua
2221 4343 2322 4402 ﬁt:
2357 4342 2521 4415 quod
2551 4342 2599 4397 si
2628 4341 2702 4397 de
2723 4341 2821 4396 illa
2853 4358 2973 4398 non
3003 4343 3602 4416 ambigimus,omni-

1938 4433 2160 4505 potenti
2175 4431 2274 4488 Dei
2287 4431 2593 4505 sapientiae
2607 4431 2924 4493 credentes,
2955 4430 3030 4488 de
3057 4432 3166 4488 hac
3189 4434 3376 4491 multo
3405 4435 3602 4506 magis

1863 4565 1906 4618 Β
1939 4522 2178 4580 credere
2206 4527 2458 4594 oportet.

2011 4613 2172 4668 Sicut
2199 4615 2400 4668 autem
2433 4611 2490 4666 iu
2525 4611 2718 4682 prima
2761 4610 3022 4666 hominis
3065 4610 3426 4671 formatione
3468 4615 3604 4672 sub-

1939 4700 2176 4758 servivit
2212 4708 2376 4758 terrae
2415 4700 2797 4767 elementum,
2843 4716 2979 4757 cum
3032 4702 3310 4762 universa
3357 4705 3417 4760 in
3475 4722 3604 4763 ma-

1936 4808 2019 4848 nu
2053 4797 2252 4848 essent
2284 4791 2593 4854 Creatoris,
2639 4790 2722 4846 ita
2750 4795 2804 4846 et
2842 4805 3005 4847 nunc
3037 4793 3391 4851 subservivit
3421 4812 3598 4868 aqua:

1933 4881 2318 4947 elementum,
2348 4896 2484 4936 cum
2517 4881 2796 4936 universa
2826 4881 2940 4935 sint
2975 4880 3036 4938 in
3083 4882 3390 4940 voluntate
3424 4885 3603 4957 Spiri-

1939 4977 2055 5028 tus.

2000 5060 2173 5127 Quod
2212 5060 2263 5115 si
2289 5076 2385 5115 me
2419 5059 2761 5130 interroges,
2795 5058 2990 5128 Quare
3022 5077 3181 5116 nunc
3215 5078 3376 5136 aqua
3409 5081 3422 5120 :
3453 5078 3484 5118 e
3515 5063 3599 5119 di-

1926 5166 2104 5207 verso
2147 5155 2201 5206 te
2248 5149 2653 5221 interrogabo,
2697 5151 2892 5215 Quare
2931 5154 3075 5206 tunc
3120 5152 3323 5208 terra?
3364 5153 3600 5210 Poterat

1368 5330 1595 5400 Variae
1631 5327 1964 5398 lectiones
1999 5339 2066 5398 et
2102 5337 2307 5396 notae.

287 5476 403 5617 ἔω)
445 5476 686 5536 Inclusa
701 5477 924 5536 omittit
951 5477 1011 5535 B.

315 5549 412 5617 14)
447 5550 658 5617 Papias
685 5550 956 5616 fortasse,
987 5564 1011 5606 ε

315 5549 412 5620 14)
447 5550 658 5622 Papias
685 5550 956 5616 fortasse,
987 5551 1090 5606 aut
1120 5547 1430 5620 Origenes,
1464 5561 1534 5604 ex
1565 5546 1909 5605 narratione
1940 5549 2287 5603 sanctarum
2316 5543 2670 5600 vetularum.

285 5725 370 5799 (ιι)
415 5727 683 5788 Occulte.
723 5731 892 5788 Forte
922 5728 1150 5787 occulta
1182 5744 1288 5786 seu
1326 5729 1597 5788 obscura.
1632 5731 1699 5785 Et
1729 5742 1890 5793 mox,
1916 5724 2206 5783 excitant.

505 5827 728 5886 ΡΑ.τῆοι
763 5831 863 5886 Gn.
906 5827 1152 5888 CXXIX.
