4156 6396
528 350 664 409 1163

1857 346 2202 408 EUTHYMII
2244 347 2575 409 ZIGABENJ

3782 352 3921 412 1164

536 479 839 551 siquidem
873 479 1001 535 sine
1032 483 1188 536 terra
1216 480 1341 535 ﬁeri
1366 480 1570 537 homo.
1606 484 1753 537 Nam
1784 484 1840 535 et
1865 477 2031 551 quod
2062 476 2186 531 sine

2303 485 2404 547 γῆς
2434 486 2656 537 ποιῆσαι
2692 482 2778 531 τὸν
2818 481 3108 553 ἄνθρωπον.
3146 485 3247 533 Καὶ
3273 482 3352 533 ὅτι
3398 484 3487 553 μεν
3520 484 3545 535 6
3591 485 3720 545 Θεὸς
3764 480 3919 536 οὐδὲν

529 569 713 625 verbo
738 568 819 641 (υ)
846 569 989 624 nihil
1018 568 1196 625 faciat
1222 572 1374 625 Deus
1391 570 1679 626 conﬁteor
1708 586 1719 625 :
1751 574 1806 625 et
1834 568 1997 641 quod
2028 566 2191 621 solus

533 658 803 713 omnium
817 658 1003 715 verba
1017 658 1104 731 (ω)
1118 664 1318 716 exacte
1339 659 1520 725 novit,
1536 660 1736 716 etdico
1755 657 2190 715 etcredendum

533 748 783 805 suadeo.

603 837 775 902 Quod
806 841 1007 893 autem
1047 838 1102 893 in
1142 838 1369 895 carnali
1409 840 1793 909 generatione
1836 844 1925 894 est
1966 845 2187 907 uterus,

532 929 649 984 hoc
675 929 735 984 in
754 928 1046 1000 spirituali
1075 934 1161 985 est
1187 946 1375 1002 aqua;
1409 931 1513 986 sed
1538 931 1619 986 ibi
1641 931 1882 1004 quidem
1911 932 1987 987 ad
2010 948 2186 1001 gene-

534 1018 828 1073 rationem
874 1034 1027 1089 opus
1065 1026 1152 1073 est
1186 1024 1476 1092 tempore,
1520 1021 1615 1075 hic
1656 1026 1853 1075 autem
1895 1038 2027 1076 non,
2052 1023 2131 1077 ita
2172 1039 2185 1078 :

532 1106 672 1179 quia
693 1106 1040 1163 carnaliain
1075 1113 1360 1180 tempore,
1395 1109 1814 1180 perfectionem
1849 1117 2182 1177 assumunt,

528 1195 862 1267 spiritualia
882 1211 1020 1251 vero
1034 1198 1229 1252 statim
1250 1198 1513 1269 perfecta
1536 1204 1827 1256 creantur.
1860 1201 2185 1255 Perfectum

524 1285 724 1357 itaque
749 1285 997 1341 verbum
1027 1286 1101 1356 (ῃ)
1137 1302 1245 1358 per
1274 1303 1451 1359 aquae
1494 1288 1884 1343 ministerium
1935 1289 2043 1344 soli
2073 1291 2187 1346 Deo

525 1375 904 1431 manifestum
931 1380 1020 1431 est
1051 1392 1064 1431 :
1097 1378 1212 1433 hoc
1243 1383 1443 1433 autem
1472 1394 1509 1433 ιι
1545 1379 1766 1433 sanctis
1801 1380 2068 1435 Patribus
2101 1385 2184 1436 ut-

526 1479 765 1535 cunque
787 1465 1289 1535 comprehensum
1313 1471 1416 1531 est,
1445 1466 1589 1538 quia
1607 1467 1812 1521 divina
1837 1467 1896 1523 in
1919 1484 1989 1523 eo
2015 1470 2187 1538 signa

528 1552 951 1625 adimplentur,
983 1554 1291 1625 sepultura
1322 1556 1597 1611 videlicet
1623 1572 1693 1611 ac
1723 1559 2094 1612 resurrectio.
2128 1563 2188 1614 In

528 1658 598 1699 eo
630 1657 892 1714 namque
922 1645 1213 1715 tanquam
1248 1644 1306 1699 in
1347 1645 1612 1717 quodam
1665 1646 1953 1718 sepulcro,
1996 1647 2189 1719 capite

526 1733 870 1803 mergimur,
886 1737 1177 1805 vetusque
1200 1733 1384 1790 homo
1403 1734 1682 1806 sepelitur
1700 1751 1768 1791 ac
1786 1735 2186 1805 demergitur:

527 1821 744 1877 deinde
783 1836 920 1875 cum
954 1820 1284 1890 exsilimus,
1314 1838 1506 1878 novus
1536 1823 1792 1892 resurgit
1831 1830 1887 1880 et
1928 1825 2186 1880 ostendi-

2303 1818 2412 1873 εἶτα
2483 1821 2829 1874 ἀνανευόντων
2891 1823 3055 1895 ἡμῶν,

528 1916 642 1967 tur.
672 1908 1202 1975 Quemadmodum
1228 1912 1377 1968 enim
1409 1912 1585 1968 nobis
1610 1912 1781 1969 facile
1807 1919 1895 1969 est
1922 1915 2189 1985 demergi

526 2005 584 2057 et
613 2000 867 2061 exsilire,
899 1997 983 2054 ita
1036 2002 1157 2057 Deo
1216 2001 1387 2058 facile
1429 2006 1519 2058 est
1573 2008 1830 2059 veterem
1883 2004 2187 2061 hominem

528 2092 773 2163 sepelire
812 2108 1161 2165 novumque
1195 2092 1473 2147 excitare.
1519 2093 1650 2149 Hoc
1704 2098 1903 2149 autem
1953 2094 2189 2150 tertium

526 2181 612 2247 ﬁt,
655 2188 721 2238 ut
768 2185 924 2241 scias
971 2182 1295 2254 potentiam
1337 2182 1521 2238 Patris
1567 2188 1622 2238 et
1670 2183 1787 2239 Filii
1834 2199 1902 2238 ac
1944 2184 2192 2255 Spiritus

529 2273 721 2328 sancti
751 2274 958 2330 omnia
987 2272 1240 2329 efﬁcere.

600 2362 889 2420 Dubitant
940 2367 1130 2419 autem
1176 2361 1449 2433 quidam.
1499 2362 1647 2417 Nam
1690 2362 1929 2433 siquod
1982 2368 2189 2419 natum

527 2458 617 2508 est
639 2470 709 2509 ex
743 2453 985 2526 Spiritu,
1023 2453 1263 2524 spiritus
1304 2457 1412 2517 est,
1444 2451 1655 2508 Christi
1684 2458 1835 2507 certe
1862 2468 2001 2507 caro
2025 2453 2190 2525 spiriv

527 2547 623 2598 tus
655 2543 782 2599 erit.
806 2544 886 2599 De
908 2542 1151 2613 Virgine
1178 2541 1338 2596 enim
1369 2540 1511 2596 dicit
1538 2540 1782 2611 angelus
1807 2558 1819 2596 :
1852 2542 2017 2609 Quod
2038 2543 2099 2597 in
2123 2557 2192 2599 ea

528 2637 739 2687 natum
763 2639 866 2697 est,
895 2648 933 2687 α
961 2630 1191 2701 Spiritu
1212 2636 1419 2685 sancto
1444 2636 1526 2686 est
1559 2631 1628 2684 ⁴³.
1654 2630 1880 2694 Quibus
1909 2646 2025 2686 nos
2052 2631 2195 2686 dici-

531 2736 691 2784 mus,
709 2720 875 2792 quod
890 2721 1003 2776 hoc
1018 2718 1221 2775 dixerit
1251 2720 1473 2773 docens
1501 2718 1667 2790 quod
1692 2720 1867 2775 aviro
1882 2736 1999 2775 non
2019 2726 2190 2789 esset,

530 2824 654 2865 non
687 2809 831 2881 quia
870 2815 1025 2865 esset
1069 2825 1101 2866 a
1154 2808 1400 2863 muliere
1452 2808 1545 2880 (ε).
1610 2808 1754 2864 Dicit
1804 2810 1963 2865 enim
2011 2817 2190 2881 Apos-

529 2898 685 2954 tolus
714 2900 963 2956 Factum
991 2914 1065 2956 ea:
1094 2898 1580 2963 muliere“,caro
1599 2897 1869 2954 videlicet
1893 2900 1964 2955 de
1987 2916 2183 2955 carne.

528 2992 708 3045 Natus
747 2994 838 3046 est
876 3005 1018 3059 ergo
1059 3006 1094 3044 a
1137 3004 1314 3045 carne
1362 2988 1648 3057 virginea,
1693 3004 1766 3043 ne
1807 2988 1882 3044 ab
1922 2989 2191 3046 humana

528 3084 745 3135 natura
765 3082 919 3135 esset
948 3078 1201 3135 alienus.
1234 3080 1383 3133 Nam
1426 3078 1473 3131 si
1512 3082 1569 3132 et
1607 3077 1720 3133 hoc
1750 3077 1906 3134 facto
1940 3078 2187 3150 quidam

2302 575 2441 619 ποιεῖ
2463 573 2630 640 χωρὶς
2684 568 2841 641 λόγου
2892 570 3224 642 συνομολογῶ
3265 586 3276 596 ·
3317 571 3397 622 ὄτι
3451 568 3509 624 δὲ
3567 574 3689 635 τοὺς
3735 572 3921 645 λόγους

2301 658 2500 708 πάντων
2549 662 2704 729 μόνος
2754 655 2892 712 οἶδεν
2959 660 3114 721 αὐτὸς
3183 658 3427 733 ἀκριϐῶς,
3501 666 3591 714 καὶ
3639 661 3770 734 λέγω
3827 668 3920 717 καὶ

2302 749 2463 799 πείθω
2489 748 2625 819 (15).

2370 834 2531 909 Ὀπερ
2592 834 2652 890 δέ
2713 837 2794 890 ἐπὶ
2847 847 2939 899 τῆς
2985 848 3238 913 σαρκικῆς
3281 844 3565 911 γεννήσεως
3623 843 3653 899 ἡ
3715 848 3915 915 μήτρα,

2301 933 2452 977 τοῦτο
2528 929 2612 979 ἐπὶ
2660 936 2751 987 τῆς
2820 936 3171 1000 πνευματικῆς
3233 932 3290 980 τό
3364 926 3531 1002 ὕδωρ.
3597 930 3739 984 Ἀλλ’
3811 930 3921 984 ἐκεῖ

2300 1017 2389 1085 μὲν
2469 1019 2526 1067 τὸ
2606 1023 2920 1089 γεννώμενον
2990 1022 3187 1091 χρόνου
3267 1014 3455 1083 δεῖται,
3545 1018 3768 1072 ἐνταυθα
3856 1017 3919 1073 δε

2300 1105 2404 1177 οὐχ
2437 1106 2601 1166 οὕτως
2631 1126 2642 1138 ·
2682 1103 2819 1159 διότι
2871 1110 2937 1159 τὰ
2988 1110 3077 1178 μεν
3140 1110 3369 1181 σαρκικὰ
3414 1112 3593 1181 χρόνῳ
3642 1109 3915 1182 προσὶαμ-

2301 1194 2443 1247 ϐάνει
2487 1199 2543 1247 τὸ
2589 1195 2772 1248 τέλειον
2804 1214 2814 1225 ·
2852 1199 2916 1248 τὰ
2964 1193 3023 1249 δὲ
3062 1200 3387 1269 πνευματικά
3424 1197 3590 1250 τέλεια
3639 1197 3693 1260 ἐξ
3738 1197 3918 1271 ἀρχῆς

2302 1282 2697 1339 διαπλάττεται.
2744 1285 2803 1338 Ὁ
2857 1289 2946 1358 μὲν
2990 1283 3078 1338 οὖν
3122 1285 3347 1359 ἀκριϐὴς
3401 1287 3554 1357 λόγος
3591 1296 3686 1350 τῆς
3733 1294 3917 1361 χρείας

2301 1382 2392 1426 τοῦ
2431 1371 2639 1435 ὕδατος,
2683 1380 2820 1447 μόνῳ
2865 1384 2938 1446 τῷ
2988 1383 3101 1447 Θεῷ
3156 1372 3312 1437 δῆλος
3342 1394 3352 1406 ⁸
3398 1378 3422 1428 6
3481 1374 3538 1429 δὲ
3580 1378 3919 1441 καταληπτός

2300 1470 2405 1524 τοῖς
2459 1465 2609 1524 θείοις
2644 1467 2909 1539 Πατράσιν
2950 1465 3124 1525 οὗτος
3157 1467 3237 1517 ὅτι
3281 1468 3393 1517 θεῖα
3420 1466 3638 1518 τελεῖται
3677 1465 3724 1518 ἐν
3773 1468 3917 1539 αὐτῷ

2304 1551 2558 1623 συμοϐλα,
2608 1558 2741 1625 ταφή
2794 1558 2883 1605 καὶ
2930 1553 3240 1616 ἀνάστασις.
3287 1557 3530 1629 Καθάπερ
3574 1557 3673 1630 γὰρ
3724 1558 3772 1607 ἓν
3809 1576 3916 1609 τινι

2299 1643 2444 1714 τάφῳ
2494 1640 2885 1695 καταδυνόντων
2918 1644 3030 1715 (16)
3070 1646 3215 1715 ἡμῶν
3252 1646 3341 1704 τὰς
3382 1644 3605 1715 κεφαλὰς
3653 1644 3700 1696 ἐν
3748 1646 3917 1716 αὐτῷ,

2301 1732 2327 1782 ό
2372 1730 2593 1792 παλαιὸς
2642 1733 2913 1804 ἄνθρωπος
2965 1734 3216 1785 θάπτεται
3264 1738 3353 1785 καὶ
3400 1736 3839 1795 καταποντιζεται
3887 1749 3903 1765 ⁸

3136 1823 3161 1873 6
3214 1826 3393 1883 καινὸς
3477 1821 3755 1876 ἀνίσταται
3825 1828 3919 1876 καὶ

2302 1908 2686 1966 ἀναδείκνυται.
2714 1910 2913 1983 Ὠσπερ
2961 1915 3061 1985 γὰρ
3095 1910 3298 1963 εὔκολον
3329 1914 3454 1983 ἡμῖν
3484 1908 3779 1966 καταδυναι
3824 1920 3918 1967 καὶ

2302 1998 2580 2053 ἀνανεῦσαι
2605 2019 2617 2030 ·
2643 2002 2804 2062 οὕτως
2827 2001 3037 2075 εὐχερὲς
3067 2009 3139 2071 τῷ
3187 2008 3300 2070 Θεῷ
3335 2001 3501 2072 θάψαι
3530 2006 3618 2054 τὸν
3666 2003 3915 2070 παλαιὸν,

2300 2096 2389 2143 καὶ
2416 2090 2715 2151 ἀναστῆσαι
2743 2094 2830 2143 τὸν
2855 2094 2983 2144 νέον.
3030 2095 3219 2164 Τρίτον
3269 2086 3327 2142 δὲ
3358 2098 3511 2144 τοῦτο
3554 2096 3775 2163 γίνεται,
3831 2095 3919 2147 ἱνα

2301 2183 2474 2253 μάθῃς
2505 2182 2585 2233 ὅτι
2609 2176 2828 2252 δύναμις
2856 2183 3059 2254 Πατρός
3088 2185 3176 2232 καί
3203 2182 3328 2233 Tim)
3357 2187 3448 2233 καὶ
3487 2181 3639 2253 ἁγίου
3684 2186 3919 2256 Πνεύμα-

2299 2290 2380 2330 τος
2409 2272 2474 2322 τά
2496 2272 2666 2322 πάντα
2686 2276 2844 2322 ποιεῖ.

2374 2360 2663 2429 Ἀποροῦσι
2749 2356 2809 2411 δέ
2882 2378 3032 2429 τινες,
3103 2361 3183 2413 ὅτι
3280 2360 3323 2412 εἰ
3408 2364 3465 2413 τὸ
3549 2366 3916 2435 γεγεννημένον

2302 2450 2357 2501 ἐκ
2388 2456 2477 2501 τοῦ
2523 2450 2636 2520 (17)
2680 2451 2976 2520 Πνεύματος
3034 2451 3237 2521 πνεῦμὰ
3284 2450 3419 2519 ἐστι,
3473 2458 3674 2523 πνεῦμα
3719 2453 3825 2526 ἄρα
3880 2454 3912 2509 ἡ

2303 2546 2392 2590 τοῦ
2422 2544 2658 2613 Χριστοῦ
2702 2538 2853 2612 σάρξ.
2908 2542 3031 2612 Περὶ
3079 2541 3180 2612 γὰρ
3211 2547 3307 2600 τῆς
3359 2542 3619 2614 Παρθένου
3677 2540 3837 2612 λέγων
3886 2542 3914 2593 ό

2304 2626 2514 2699 ἀγγελος
2589 2630 2823 2702 εἴρηκενο
2898 2630 2976 2679 ὃτι
3050 2632 3118 2679 Τὸ
3191 2627 3238 2679 ἓν
3319 2629 3449 2701 αὐτῇ
3524 2632 3782 2701 γεννηθὲν,
3861 2629 3918 2682 ἐκ

2303 2721 2597 2789 Πνεύματός
2663 2717 2802 2769 ἐστιν
2843 2717 2956 2789 (l8)
3016 2716 3187 2789 ἁγίου.
3247 2721 3379 2793 Πρὸς
3447 2718 3536 2781 οὓς
3582 2718 3792 2792 λέγομεν
3835 2722 3918 2772 ὅτι

2304 2816 2454 2860 τοῦτο
2486 2803 2593 2859 εἶπε
2625 2803 2898 2858 διδάσκων
2936 2808 3015 2858 ὅτι
3051 2806 3145 2859 οὐκ
3193 2806 3246 2870 ἐξ
3286 2804 3473 2881 ἀνδρός
3517 2808 3680 2875 ἐστιν,
3722 2809 3779 2861 οὐ
3811 2812 3917 2882 μήν

2302 2898 2382 2949 ότι
2419 2893 2532 2949 οὐδ’
2579 2894 2633 2947 ἐκ
2663 2900 2928 2967 γυναικός.
2970 2902 3107 2954 Φησὶ
3136 2900 3233 2969 γὰρ
3284 2900 3309 2948 6
3360 2897 3582 2965 Παῦλος,
3645 2904 3917 2969 Γενόμενον

2301 2986 2415 3059 (19)
2447 2985 2501 3037 ἐκ
2538 2990 2795 3057 γυναικός.
2846 2986 2924 3037 Ἐἰ
2970 2982 3020 3039 δ’
3068 2984 3121 3037 ἐκ
3168 2991 3430 3057 γυναικὸς,
3474 2989 3576 3059 ἄρα
3627 2986 3682 3040 ἐκ
3724 2992 3917 3060 σαρκὸς

2304 3076 2460 3149 σάρξ,
2502 3076 2591 3128 Ἐκ
2631 3083 2727 3137 τῆς
2773 3078 2968 3149 σαρκὸς
3017 3071 3104 3127 οὖν
3145 3084 3234 3135 τῆς
3278 3078 3594 3151 παρθενικῆς
3644 3076 3913 3150 ἐγεννήθη,

532 3183 655 3223 non
681 3168 935 3224 credunt
963 3168 1361 3234 iucarnatum,
1390 3166 1700 3238 quomodo
1732 3167 1791 3221 in
1820 3166 2186 3238 impietatem

2303 3169 2385 3219 ἱνα
2466 3170 2536 3238 μὴ
2622 3163 2885 3238 ἀλλότριος
2967 3174 3056 3225 τῆς
3133 3164 3457 3239 ἀνθρωπίνης
3533 3170 3734 3239 φύσεως
3809 3171 3913 3227 εἴη.

528 3270 650 3313 non
683 3257 1055 3322 cecidissent,
1090 3259 1136 3311 si
1163 3258 1245 3313 ita
1266 3257 1489 3312 factum
1514 3272 1635 3311 non
1660 3255 1850 3311 esset?
1867 3258 1929 3311 In
1952 3256 2189 3325 Virgine

528 3362 670 3417 ergo
702 3352 879 3403 natus
911 3352 998 3402 est
1025 3364 1059 3401 a
1098 3346 1319 3419 Spiritu
1352 3351 1581 3407 sancto,
1617 3345 1739 3401 sive
1772 3354 2191 3417 supernatura—

526 3436 677 3501 liter,
700 3437 842 3510 quia
876 3453 993 3493 non
1042 3452 1077 3492 a
1120 3437 1269 3492 viro.
1308 3438 1448 3491 Nam
1496 3436 1609 3492 hoc
1660 3436 1975 3505 signiﬁcat,
2025 3437 2191 3508 quod

526 3526 761 3594 dicitur,
788 3528 837 3581 A
870 3526 1110 3595 Spiritu
1137 3531 1357 3583 sancto.

598 3796 769 3853 Vers.
809 3800 862 3851 ’7.
895 3796 1029 3853 Non
1060 3826 1128 3835 —-
1156 3810 1420 3866 superne.
1454 3796 1677 3852 Videns
1729 3811 1868 3851 eum
1914 3794 2187 3851 nondum

528 3904 565 3945 a
595 3886 991 3943 crassitudine
1023 3885 1223 3941 divelli
1276 3885 1384 3941 sed
1425 3885 1666 3952 turbari,
1718 3885 1975 3957 primum
2009 3885 2189 3955 repri-

528 3978 637 4034 mit
669 3993 682 4032 :
712 3976 929 4032 deinde
958 3975 1115 4032 facili
1136 3980 1353 4032 conatu
1372 3976 1533 4031 hunc
1551 3975 1629 4031 ad
1653 3975 1995 4046 exemplum
2027 3974 2188 4030 ducit

528 4065 825 4131 sensibile,
885 4070 1128 4137 propter
1182 4062 1341 4120 illius
1408 4063 1894 4131 imbecillitatem,
1955 4067 2012 4118 et
2066 4079 2186 4118 me-

525 4155 689 4211 dium
719 4155 869 4210 inter
908 4168 1264 4226 corpoream
1315 4152 1773 4210 crassitudinem
1810 4157 1866 4208 et
1913 4152 2184 4224 incorpo-

523 4260 689 4302 ream
722 4244 1112 4301 subtilitatem
1146 4259 1160 4300 :
1194 4247 1263 4300 ut
1283 4243 1418 4300 hinc
1457 4247 1722 4299 mentem
1760 4241 1891 4313 ejus
1919 4241 2183 4299 reducat.

522 4335 668 4391 Dicit
691 4350 833 4407 ergo
866 4349 879 4389 :

596 4426 758 4480 Vers.
786 4427 837 4479 8.
875 4424 1136 4494 Spiritus
1166 4454 1233 4464 —
1264 4422 1500 4491 spiritu.
1547 4422 1830 4494 Spiritum
1863 4420 2007 4477 dicit
2022 4437 2183 4476 nunc

522 4518 787 4572 ventum.
820 4516 919 4570 Est
949 4518 1149 4570 autem
1180 4513 1431 4569 intentio
1458 4511 1757 4584 ejusmodi
1785 4528 1798 4569 :
1839 4511 2001 4568 Sicut
2042 4526 2184 4568 ven-

593 4693 642 4729 “
671 4690 868 4747 Matth.
898 4706 934 4757 ι,
963 4693 1055 4749 20.
1166 4692 1217 4726 “
1244 4688 1437 4747 Galat.
1484 4706 1569 4758 ιν,
1593 4690 1648 4774 Δ4.

2300 3256 2360 3310 Εἰ
2414 3258 2536 3329 γὰρ,
2592 3259 2682 3306 καὶ
2754 3256 2939 3307 τούτου
2992 3259 3288 3328 γενομένου,
3341 3259 3473 3316 τινες
3536 3252 3917 3309 ὃιαπιστοῡσιν

2300 3349 2377 3398 ὅτι
2425 3347 2775 3419 σεσάρκωται,
2819 3352 2915 3397 ποῦ
2948 3346 3042 3396 οὐκ
3073 3344 3132 3395 ἀν
3164 3345 3399 3407 ἐξέπεσον
3440 3344 3700 3411 ἀσεϐείας,
3750 3346 3793 3398 εἰ
3838 3350 3911 3419 μὴ

2298 3444 2448 3488 τοῦτο
2527 3438 2774 3506 γέγονεν;
2858 3434 2939 3487 Ἐν
3023 3442 3085 3505 τῇ
3176 3436 3418 3508 Παρθένῳ
3512 3431 3571 3487 δὲ
3642 3433 3912 3505 ἐγεννήθη,

2300 3522 2354 3575 ἐκ
2429 3526 2727 3595 Πνεύματος
2808 3522 2983 3594 ἁγίου,
3062 3526 3225 3595 ἤγουν
3299 3525 3586 3595 ὑπερφυῶς,
3684 3521 3780 3577 διὰ
3853 3528 3914 3578 τὸ

2298 3617 2369 3685 μὴ
2431 3612 2483 3676 ἐξ
2535 3610 2741 3688 ἀνδρὸς.
2791 3619 2956 3665 Τοῦτο
3002 3615 3104 3688 γὰρ
3157 3609 3333 3682 δῆλοῖ,
3371 3616 3429 3667 τὸ
3482 3616 3574 3666 Ἐκ
3615 3617 3917 3687 Πνεύματος

2300 3704 2475 3775 ἁγίου.

2369 3797 2454 3850 Μὴ
2502 3823 2571 3832 -
2614 3793 2825 3844 ἄνωθεν.
2855 3788 3003 3845 Ἰδὼν
3054 3792 3208 3845 αὐτὸν
3259 3796 3403 3845 οὔπω
3459 3802 3552 3855 τῆς
3599 3796 3915 3866 παχύτητος

2752 3880 2859 3933 ἀλλ’

2607 3970 2720 4023 εἶτα
2794 3970 3107 4043 εὐμηχάνως
3193 3970 3273 4024 ἐπὶ
3354 3968 3697 4044 παράδειγμα
3773 3978 3916 4046 φέρει

3062 3526 3225 3595 ἤγουν
3299 3525 3586 3597 ὑπερφυῶς,

2299 3881 2665 3955 ἀφιστάμενον,
2752 3881 2859 3933 ἀλλ’
2939 3883 3014 3933 ἔτι
3107 3881 3501 3955 θορυϐούμενον,
3574 3884 3916 3938 καταστεὊιει

2296 3981 2499 4047 πρῶτον
2532 3992 2545 4005 ο

2295 4070 2477 4114 τοῦτον
2508 4079 2525 4094 ο
2550 4061 2803 4118 αἰσθητὸν
2826 4063 2937 4132 μὲν,
2968 4056 3062 4112 διὰ
3089 4064 3181 4118 τὴν
3214 4060 3481 4113 ἀσθένειαν
3513 4061 3674 4114 αὑτοῦ
3704 4080 3716 4091 ·
3750 4068 3912 4134 μέσον

2298 4148 2357 4206 δὴ
2409 4158 2717 4225 σωματικῆς
2774 4153 3082 4222 παχύτητος
3140 4154 3231 4203 καὶ
3260 4148 3542 4223 ἀσωμάτου
3574 4151 3912 4221 λεπτότητος,

2298 4242 2380 4293 ἵνα
2452 4239 2678 4293 ἐντεῦθεν
2750 4238 2985 4314 ἀναγάγῃ
3058 4243 3154 4298 τὴν
3207 4239 3368 4293 αὐτοῦ
3436 4236 3700 4299 διάνοιαν.
3770 4246 3914 4301 Φησὶ

2216 4375 2262 4430 D
2293 4332 2403 4430 γάρ
2418 4330 2555 4430 ςῖο).

2364 4422 2433 4472 Τὸ
2500 4425 2704 4490 πνεῦμα
2759 4448 2828 4458 -
2886 4419 3197 4489 πνεύματος.
3262 4424 3472 4492 Πνεῦμα
3517 4426 3606 4471 νῦν
3657 4421 3745 4472 τὸν
3792 4421 3912 4474 ἄνε-

2294 4529 2387 4583 μον
2430 4508 2589 4581 λέγει.
2622 4506 2783 4562 ’Ἐστι
2834 4504 2892 4561 δὲ
2937 4508 2962 4560 6
3018 4510 3213 4569 σκοπὸς
3266 4516 3516 4577 τοιοῦτος,
3572 4510 3652 4562 ὅτι
3705 4508 3911 4585 Ὠσπερ

1752 4864 2331 4936 Variaalectiones
2362 4874 2429 4934 et
2461 4874 2663 4933 notae.

591 5072 708 5141 (15)
750 5071 835 5127 Ita
882 5069 1061 5126 etiam
1116 5066 1458 5125 Hentenius.
1506 5066 1665 5123 Alias
1711 5066 1926 5138 conjici
1990 5065 2181 5137 possit

520 5146 804 5216 πείθομαι,
821 5142 1001 5216 credo

753 5214 844 5271 Sic
875 5213 1034 5277 dedi,
1082 5228 1189 5284 pro
1220 5207 1605 5284 καταδυόντων.
1646 5211 1832 5281 Atque
1891 5210 1971 5266 ita
2017 5224 2175 5265 mox.

588 5218 680 5281 (16
753 5218 844 5271 Sic
875 5218 1034 5277 dedi,
1082 5228 1189 5284 pro
1220 5218 1605 5264 xarmd‘udvrmv.
1646 5218 1832 5281 Atque
1891 5227 1894 5264 1

591 5222 704 5358 (l7;
744 5287 839 5341 Ἐκ
871 5288 1188 5358 Πνεύματος.
1217 5283 1283 5339 Α.
1319 5282 1410 5338 Ἐκ
1438 5289 1531 5335 τοῦ
1565 5286 1770 5355 Πατρός
1829 5285 1894 5338 Β.

618 5357 707 5415 18)
749 5359 929 5413 Ἐστίν
962 5357 1132 5413 abest
1156 5357 1229 5412 Α.

618 5363 681 5415 18
749 5362 929 5413 Ἐστίν
962 5362 1132 5413 abest
1156 5362 1229 5412 Α.

587 5362 607 5503 ἒ
618 5362 707 5502 1θῖ
742 5429 1040 5502 Perpetua
1064 5432 1153 5503 est
1181 5426 1454 5482 confusio
1481 5426 1557 5503 _in
1580 5423 2175 5503 codicibusvocabu-

514 5497 710 5560 lorum
749 5497 1057 5575 γεννωμεδος
1102 5502 1157 5556 et
1187 5500 1633 5571 γενόμενοςΕιῈο
1680 5497 1776 5553 hic
1824 5497 2007 5555 etiam
2053 5515 2175 5569 γεν-

610 5682 663 5748 υ)
704 5679 842 5734 Sine
873 5678 1210 5735 verbo.Sine
1241 5677 1490 5735 ratione.

584 5680 663 5889 ἑο)
704 5680 842 5734 Sine
873 5680 1210 5735 verbo.Sine
1241 5680 1490 5735 ratione.

607 5751 672 5819 ar)
724 5751 925 5805 Verba.
963 5754 1107 5816 lino,
1141 5750 1416 5814 rationes,
1446 5764 1669 5806 causas.

606 5821 664 5889 y)
706 5822 1046 5889 Perfectum
1076 5822 1335 5877 verbum.
1370 5823 1537 5878 Certa
1577 5822 1679 5878 rati

606 5821 664 5893 y)
706 5822 1046 5890 Perfectum
1076 5822 1335 5877 verbum.
1370 5823 1537 5878 Certa
1577 5822 1744 5878 ratio.

2287 5069 2508 5139 νώμενον
2547 5062 2875 5139 legendum
2916 5062 3165 5119 videtur.
3212 5059 3770 5139 Ιζςνόμενονηθτᾴἰιρηξ
3817 5061 3911 5139 est

2289 5129 2466 5193 etiam
2512 5129 2673 5209 apud
2709 5136 3011 5209 Chrysost.
3044 5140 3189 5191 tom.
3236 5129 3346 5209 Yt,‘
3380 5149 3435 5203 p.
3467 5136 3523 5187 5t
3547 5131 3624 5209 Β.
3661 5129 3904 5209 8θάῌὶὒὶ

2287 5224 2531 5281 quoque
2554 5200 2769 5281 .nexus
2810 5200 3046 5281 videtur
3080 5200 3738 5281 postulareyewospmv.
3780 5200 3911 5281 Cae-

2287 5276 2480 5335 ιέῐιιῶ
2510 5284 2666 5336 recte
2696 5280 2770 5336 de
2810 5279 3041 5335 Christo
3071 5276 3292 5334 dicitur
3327 5280 3641 5349 γεννώμενος
3679 5278 3737 5330 et
3764 5276 3911 5346 7mi-

2284 5370 2456 5424 μενος,
2484 5351 2586 5424 uti_
2601 5355 2866 5424 γέννησις,
2908 5354 3128 5423 γένεσις.

2356 5423 2470 5496 (20)
2511 5420 2638 5493 Οὖν,
2671 5439 2782 5496 pro
2806 5420 2926 5497 γὰρ’
2946 5424 3013 5491 Α,
3046 5425 3110 5478 ut
3132 5421 3443 5494 interpres.

2355 5676 2607 5749 (2)_Non
2650 5675 2791 5748 quia
2820 5681 2967 5749 esset
3011 5690 3049 5733 a
3096 5674 3361 5731 muliere.
3409 5675 3613 5744 Neque
3672 5674 3903 5742 tamen,

2285 5747 2453 5821 quod
2484 5762 2585 5805 nec
2613 5763 2687 5804 ex
2710 5747 2981 5804 muliere.
