4156 6394
245 392 390 448 1165

1342 391 1689 449 COMMENT
1729 389 1797 446 IN
1835 389 2184 448 JOANNEM.
2226 422 2295 433 —
2331 393 2489 448 CAP.
2535 382 2625 447 lli.

3485 393 3627 448 1166

247 521 274 570 6
310 520 421 589 (2t)
453 518 638 591 ἀνεμος
667 522 795 571 ὅπου
829 520 957 572 θέλει
988 527 1120 586 πνεῖ,
1162 522 1429 571 τουτέστιν
1461 520 1588 571 ὅπου
1614 520 1799 590 κινηθῇ
1837 536 1849 549 ο

1985 533 2084 583 .us,
2140 517 2239 573 ubi
2282 516 2424 583 vult,
2473 518 2671 589 spirat,
2716 517 2831 573 hoc
2870 520 2961 573 est
3011 516 3114 571 ubi
3158 520 3357 573 motus
3407 516 3619 586 fuerit;

250 608 463 669 θέλησις
514 611 615 682 γὰρ
666 607 873 681 ἀνέμου,
925 612 952 666 ἡ
1011 613 1216 669 κίνησις
1251 626 1262 637 ·
1295 613 1382 660 καὶ
1432 613 1524 666 τὴν
1571 611 1659 680 μὲν
1688 612 1855 680 φωνὴν

248 698 411 750 αὑτοῦ
445 697 670 767 ἀκούεις,
699 703 818 757 ἤτοι
870 703 956 751 τόν
1006 696 1141 771 ἦχον
1188 698 1299 772 [καὶ
1355 698 1469 769 (22)
1494 700 1726 770 πάταγον
1768 698 1857 749 a6-

246 794 341 838 τοῦ
394 786 416 859 ]
475 787 532 839 οῦ
583 788 999 860 καταλαμϐάνεις
1049 784 1107 841 δὲ
1150 791 1303 841 πόθεν
1356 791 1571 863 ἔρχεται
1619 793 1709 840 καὶ
1755 794 1856 840 ποῦ

247 876 440 947 ὑπάγει
469 897 481 909 ο
514 876 680 939 οὕτως
736 881 884 930 ἔσται
923 884 1013 930 καὶ
1057 886 1159 939 πᾶς
1215 880 1240 929 6
1292 882 1655 950 γεγεννημένος
1686 876 1739 928 ἐκ
1766 884 1856 929 τοῦ

252 969 571 1037 Πνεύματος,
606 966 967 1029 ἀκατάληπτος
995 964 1236 1026 δηλονότι
1286 969 1423 1019 κατὰ
1463 972 1557 1026 τὴν
1611 970 1855 1024 τοιαύτην

244 1057 510 1126 γέννησιν.

326 1145 387 1196 Εἰ
414 1148 515 1220 γὰρ
550 1153 642 1198 τοῦ
703 1147 959 1204 αἰσθητοῦ
1002 1149 1295 1219 πνεύματος
1331 1145 1388 1198 οῦ
1421 1142 1651 1198 δύνασαι
1692 1165 1856 1198 κατα-

248 1233 425 1287 λαϐεῖν
465 1240 557 1293 τὴν
580 1240 744 1307 ὁρμὴν
774 1242 863 1289 καὶ
892 1241 984 1295 τὴν
1022 1232 1163 1305 ὁδόν,
1199 1237 1259 1288 οὗ
1288 1241 1376 1294 τὴν
1409 1238 1659 1293 αἴσθησιν
1692 1232 1854 1307 δέχῃ,

248 1327 300 1376 ἓν
333 1343 386 1376 τε
414 1332 486 1395 τῷ
519 1323 722 1377 ἀκούειν
759 1329 844 1377 τόν
899 1322 1035 1396 ἦχον
1091 1326 1271 1390 αὐτοῦ,
1321 1331 1411 1377 καὶ
1454 1328 1855 1394 καταπνεῖσθαι,

247 1419 341 1465 καὶ
426 1413 721 1486 ψύχεσθαι,
813 1415 981 1485 πολλῷ
1067 1415 1255 1487 μᾶλλον
1317 1424 1407 1467 τοῦ
1479 1424 1663 1473 νοητοῦ
1718 1416 1853 1487 (23).

256 1508 358 1557 Καὶ
402 1503 445 1555 εἰ
497 1508 590 1562 τὴν
644 1502 895 1576 ἐνέργειαν
948 1503 1139 1557 ἐκείνου
1195 1512 1287 1557 τοῦ
1348 1513 1651 1577 σωματικοῦ
1704 1508 1855 1557 πνεύ-

249 1613 413 1666 ματος
461 1598 531 1667 μη
561 1594 992 1666 καταλαμϐάνων,
1049 1596 1182 1667 ὅμως
1206 1595 1299 1646 οῦκ
1336 1594 1593 1661 ἀπιστεῖς,
1624 1605 1731 1657 πῶς
1763 1600 1855 1653 τὴν

249 1686 441 1736 τούτου
497 1691 591 1735 τοῦ
650 1683 934 1758 ἀσωμάτου
1015 1705 1085 1757 μη
1140 1683 1575 1757 καταλαμϐάνων,
1639 1682 1859 1738 διαπισ-

247 1780 351 1834 τείς
385 1793 397 1842 ;

327 1862 613 1935 Ἀπεκρίθη
674 1895 742 1903 -
792 1866 1032 1935 γενέσθαι
1082 1882 1099 1935 ;
1157 1863 1273 1917 "En
1330 1865 1355 1915 6
1414 1860 1716 1937 Νικόδημος
1770 1864 1853 1917 ἐπὶ
1886 1876 1929 1930 Β

250 1961 351 2013 τῆς
380 1950 681 2016 Ἰουδαϊκῆς
727 1956 835 2022 (24)
891 1954 1138 2014 εὐτελείας
1168 1959 1323 2026 μένει,
1386 1951 1550 2026 μηδὲν
1603 1956 1729 2027 ὑπὲρ
1762 1959 1855 2013 τὴν

252 2044 506 2101 αἴσθησιν
560 2042 801 2102 ἐννοῆσαι
839 2040 1143 2117 δυνάμενος,
1199 2049 1373 2095 καίτοι
1430 2040 1860 2116 παραδείγματος

253 2132 391 2184 οὕτω
433 2140 625 2204 σαφοῦς
661 2132 932 2205 λεχθέντος
972 2134 1133 2203 αύτῷ.
1197 2137 1348 2205 Λέγει
1394 2130 1481 2185 οὖν
1510 2151 1523 2162 ·
1561 2140 1672 2192 Πῶς
1705 2128 1861 2183 δύνα-

253 2243 343 2275 ται
418 2231 584 2274 ταῦτα
655 2225 919 2293 γενέσθαι,
1002 2226 1069 2275 τὰ
1147 2233 1235 2284 τῆς
1308 2223 1581 2295 εἰρημένης
1652 2220 1859 2293 ἀναγεν-

254 2318 492 2379 νήοεως;
523 2313 627 2367 Καὶ
675 2312 855 2365 λοιπόν
901 2315 926 2365 6
958 2317 1187 2386 Χριστός
1238 2312 1653 2385 πληκτικὼτερον
1722 2311 1861 2383 αύτῷ

257 2398 294 2454 δ
299 2402 577 2474 ιαλέγεται.

329 2492 612 2567 Ἀπεκρίθη
678 2523 734 2531 -
794 2492 852 2544 οῦ
905 2497 1232 2563 γινώσκεις;
1296 2488 1551 2564 Οὐδαμοῦ
1610 2494 1862 2565 πονηρίαν

256 2582 415 2634 αὐτοῦ
441 2588 843 2653 καταγινώσκει,
899 2580 1005 2634 ἀλλ’
1048 2582 1281 2639 εὐήθειαν
1323 2586 1407 2633 καὶ
1471 2581 1698 2654 ἀμαθίαν
1725 2580 1860 2652 (’25).

252 2668 401 2725 Ἐδει
454 2674 554 2746 γὰρ
613 2671 765 2724 αὐτὸν
816 2676 939 2724 ὄντα
988 2669 1315 2724 διδάσκαλον
1368 2680 1535 2723 ταῦτα
1588 2676 1862 2742 γινώσκειν

257 2758 359 2812 ἀπό
414 2770 513 2812 τῶν
563 2767 795 2835 Γραφων.
871 2761 1109 2834 Σύμϐολα
1177 2764 1277 2835 γὰρ
1372 2770 1467 2823 τῆς
1510 2769 1863 2833 πνευματικῆς

255 2847 636 2920 ἀναγεννήσεως
690 2854 743 2903 αἱ
793 2860 892 2904 τῶν
934 2849 1203 2905 Ἰουδαίων
1260 2856 1572 2923 περιέχουσι
1633 2848 1808 2922 βίϐλοι
1844 2867 1858 2881 ⁸

255 2936 363 2990 οἷον
425 2942 491 2991 τὰ
550 2944 685 2993 κατά
749 2947 842 2999 τὴν
912 2943 1190 3017 Ἐρυθρὰν,
1253 2940 1300 2991 ἐν
1368 2941 1445 3002 οἶς
1504 2943 1663 2999 τύπος
1730 2937 1789 2997 ἦν
1830 2941 1859 2998 ἠ

255 3027 503 3081 θάλασσα
553 3034 642 3102 μὲν
686 3040 776 3083 τοῦ
817 3028 1028 3095 ὕδατος,
1084 3033 1113 3089 ἡ
1169 3030 1346 3103 νεφέλη
1409 3026 1467 3081 δὲ
1498 3038 1588 3081 τοῦ
1622 3031 1862 3101 Πνεῦμα-

250 3137 335 3178 τος
372 3138 384 3149 ·
425 3125 514 3172 καὶ
539 3124 605 3171 τά
632 3125 763 3172 κατά
811 3125 897 3173 τόν
940 3121 1123 3195 λεπρόν
1182 3122 1397 3193 Νεεμάν,
1446 3122 1527 3171 ὅτε
1570 3118 1785 3177 ἐλούσθη
1813 3118 1860 3170 ἐν

255 3206 462 3279 (25)τῴ
498 3206 759 3285 Ἰορδάνῃ,
813 3217 903 3264 καὶ
956 3209 1265 3285 ἐπέστρεψεν
1306 3212 1335 3269 ἡ
1401 3210 1530 3282 σὰρξ,
1564 3209 1723 3261 αὐτοῦ
1781 3208 1861 3261 ἐπ’

254 3297 433 3365 αὐτὸν,
469 3300 537 3362 ὡς
586 3297 876 3374 παιδαρίου
924 3308 1138 3376 μικροῦ,
1192 3304 1282 3353 καὶ
1331 3298 1462 3354 ἄλλα
1492 3298 1654 3351 πολλὰ
1682 3305 1860 3351 τοιαῦ-

254 3406 343 3441 τα.

328 3481 432 3529 Ναὶ
463 3482 567 3550 μὴν
622 3482 711 3531 καὶ
765 3483 1103 3555 προφητείας.
1162 3476 1286 3533 Eius
1323 3482 1421 3553 γὰρ
1476 3480 1503 3531 6
1546 3475 1730 3533 Δαυῖδ·
1763 3482 1865 3531 Καὶ

256 3566 607 3638 ἀναγγελοῦσι
646 3574 739 3627 τὴν
772 3567 1120 3628 δικαιοσύνην
1158 3570 1317 3622 αὑτοῦ
1347 3570 1454 3640 λαῷ
1504 3578 1576 3639 τῷ
1604 3571 1867 3641 τεχθησο-

252 3660 409 3728 μένῳ,
454 3658 507 3709 ὃν
552 3658 792 3717 ἐποίησεν
846 3662 870 3711 6
926 3664 1116 3722 Κύριος
1174 3678 1185 3690 °
1241 3664 1331 3711 καί
1394 3677 1405 3689 ⁸
1463 3662 1748 3735 Μακάριοι,
1799 3659 1866 3709 ὧν

253 3748 524 3818 αφεθησαν
594 3769 649 3801 αι
711 3770 917 3823 ανομιαι
1003 3771 1093 3802 και
1184 3770 1251 3800 ων
1319 3752 1747 3822 επικαλυγθησαν
1812 3768 1865 3801 αι

252 3835 513 3911 ἀμαρτίαι
585 3858 597 3871 ο
659 3844 747 3891 καί
801 3859 814 3871 ο
868 3841 1401 3897 Ἀνακαινισθὴσεται
1488 3840 1557 3900 ὡς
1624 3838 1774 3891 ἀετοῦ
1830 3839 1860 3895 ἡ

249 3931 431 3987 νεότης
490 3946 605 3981 σου.
667 3931 766 3990 Τὰς
812 3936 909 3981 τῶν
958 3928 1121 3981 ἀλλων
1165 3930 1266 4001 γὰρ
1322 3936 1411 3980 νῦν
1466 3927 1638 3981 ἐατέον
1684 3924 1777 3980 διὰ
1805 3930 1863 3979 τό

251 4017 472 4079 πλῆθος.

329 4110 495 4181 Ἀμὴν
527 4141 595 4150 -
634 4108 910 4178 λαλοῦμεν,
976 4108 1040 4162 Ἠ
1078 4113 1197 4183 περὶ
1252 4109 1439 4162 ἑαυτοῦ
1496 4114 1587 4162 καὶ
1623 4116 1715 4161 τοῦ
1760 4116 1861 4161 Πα-

249 4201 376 4274 τρός
406 4204 559 4251 τοῦτό
600 4219 779 4272 φησιν,
812 4200 840 4258 ἦ
874 4204 992 4273 περὶ
1023 4200 1208 4252 ἑαυτοῦ
1252 4203 1409 4272 μόνου
1443 4200 1522 4252 ὅτι
1554 4219 1567 4231 ·
1602 4198 1645 4251 εἰ
1673 4203 1763 4251 καὶ
1797 4201 1863 4251 σὺ

250 4287 514 4355 ἀπιστεῖς,
550 4287 655 4341 ἀλλ’
695 4288 901 4363 ἡμεῖςὸ
942 4291 1158 4362 οἴδαμεν
1212 4287 1440 4363 ἀκριϐῶς
1480 4296 1632 4341 τοῦτο
1675 4287 1864 4340 λαλοῦ-

250 4396 367 4452 ριεν.

329 4471 432 4521 Καὶ
485 4499 555 4508 -
609 4475 990 4543 μαρτυροῦμεν.
1035 4471 1105 4521 Τό
1162 4466 1289 4520 αὐτὸ
1352 4466 1488 4539 λέγει
1536 4466 1864 4540 βεϐαιώσεως

250 4559 438 4653 ἕνεκεν,
498 4559 578 4610 ὄτι
660 4562 761 4611 Καὶ
814 4558 839 4609 ὃ
890 4555 1107 4631 οἴδαμεν
1144 4564 1536 4653 μαρτυροῦμεν.
1617 4556 1693 4609 Οὐ
1758 4558 1860 4653 γαρ
1899 4597 1946 4653 D

250 4647 518 4706 αἰσθητὴν
568 4650 751 4722 ὅρασιν
794 4653 997 4709 νοήσεις
1030 4669 1042 4681 ·
1105 4649 1248 4700 οὔπω
1290 4650 1391 4721 γὰρ
1452 4643 1514 4705 ἧν
1579 4649 1860 4719 γεγενημέ-

247 4757 357 4790 νον.

330 4832 524 4881 Καὶ-
579 4826 880 4901 λαμϐάνετε.
940 4834 1104 4879 Τοῦτο
1158 4825 1311 4893 εἶπεν,
1361 4826 1418 4879 οῦ
1469 4823 1861 4900 δυσχεραίνων,

250 4917 365 4971 ἀλλ’
426 4919 649 4993 ἡμέρως
684 4922 740 4971 τό
806 4922 1071 4990 γινόμενον
1126 4916 1479 4990 ἀπαγγέλλων,
1550 4922 1639 4969 καὶ
1688 4918 1864 4988 πράως

247 5011 313 5062 τό
346 5006 747 5081 συμϐησόμενον
803 5014 1202 5081 προαναφωνῶν,
1267 5011 1359 5059 καὶ
1406 5008 1511 5060 οἷον
1561 5003 1862 5079 διαμαρτυ-

324 5188 375 5224 ⁴⁵
396 5203 455 5245 1v
485 5190 625 5259 Reg.
654 5204 734 5257 v1,
767 5192 857 5248 t4.
976 5188 1025 5224 ⁴⁶
1051 5185 1200 5244 Psal.
1228 5203 1389 5252 xxxn,
1415 5189 1505 5243 34.

1619 5183 1818 5240 "Psal
1848 5200 1990 5253 xxx,
2020 5188 2069 5237 t.

1971 606 2246 662 voluntas
2273 607 2429 662 enim
2453 608 2633 672 venti,
2662 607 2847 663 motio
2869 612 2972 672 est,
3009 611 3065 662 et
3096 623 3303 663 vocem
3346 607 3475 678 ejus
3522 622 3625 663 au-

1968 696 2080 761 dis,
2108 698 2231 751 sive
2250 712 2465 752 sonum
2486 702 2583 751 aut
2602 696 2922 760 stridorem,
2947 712 3067 753 non
3090 696 3400 766 cognoscis
3421 702 3623 752 autem

1969 787 2126 842 unde
2154 786 2314 842 venit
2345 795 2442 843 aut
2471 803 2592 859 quo
2625 787 2748 843 abit
2781 806 2795 841 :
2836 788 2918 843 sic
2961 791 3050 842 est
3091 787 3287 842 omnis
3312 786 3417 860 qui
3446 790 3626 842 natus

1966 883 2053 931 est
2100 893 2169 931 ex
2232 876 2494 947 Spiritu:
2560 876 3179 948 incomprehensibilis
3223 881 3307 932 est
3350 875 3625 932 videlicet

1965 966 2167 1037 quoad
2199 966 2540 1037 hujusmodi
2568 966 3043 1035 generationem.

2039 1144 2207 1210 Quod
2238 1146 2284 1200 si
2311 1144 2604 1200 sensibilis
2629 1145 2868 1217 spiritus
2898 1146 3191 1218 impetum
3218 1162 3287 1201 ac
3318 1145 3483 1202 viam
3498 1161 3621 1202 non

1966 1240 2136 1305 potes
2167 1234 2696 1306 comprehendere,
2739 1237 2909 1305 cujus
2941 1251 3185 1291 sensum
3216 1236 3452 1307 recipis,
3497 1241 3625 1291 tum

1968 1324 2110 1395 quia
2132 1340 2349 1379 sonum
2371 1324 2500 1394 ejus
2519 1324 2708 1389 audis,
2738 1330 2865 1379 tum
2895 1325 3059 1395 quod
3086 1330 3141 1380 te
3172 1325 3299 1380 cale
3318 1324 3495 1380 faciat
3524 1329 3626 1381 aut

1968 1413 2298 1482 frigefaciat
2324 1436 2334 1467 :
2355 1414 2538 1468 multo
2554 1415 2746 1486 magis
2766 1414 3167 1485 intelligibilis.
3186 1416 3240 1469 Si
3260 1430 3401 1484 ergo
3430 1414 3547 1469 vim
3566 1414 3628 1469 il-

1966 1503 2081 1558 lius
2107 1504 2377 1575 corporei
2408 1503 2649 1575 spiritus
2682 1503 2816 1559 licet
2836 1520 2955 1560 non
2973 1503 3475 1576 comprehendas,
3507 1520 3628 1559 cre-

1967 1592 2056 1648 dis
2076 1600 2273 1648 tamen
2302 1609 2313 1647 :
2351 1592 2659 1664 quomodo
2684 1592 2847 1648 hunc
2869 1594 3287 1665 incorporeum
3316 1599 3631 1666 propterea

1967 1697 2091 1737 non
2121 1681 2333 1749 credis,
2365 1680 2524 1753 quod
2556 1697 2676 1737 nou
2706 1682 3187 1754 comprehendas
3209 1683 3237 1738 ‘I

2040 1862 2211 1916 Vers.
2270 1864 2321 1915 9.
2354 1860 2680 1930 Respondit
2710 1892 2775 1902 -—
2812 1860 2989 1930 ﬁeri?
3028 1861 3238 1917 Adhuc
3269 1861 3630 1918 Nicodemus

1970 1951 2029 2006 in
2047 1950 2294 2006 Judaica
2326 1954 2529 2006 manet
2562 1949 3027 2021 imperfectione,
3050 1951 3197 2006 nihil
3220 1952 3424 2008 valens
3447 1968 3633 2024 supra

1972 2057 2220 2096 sensum
2276 2039 2625 2110 intelligere,
2675 2040 2855 2097 etiam
2908 2040 3224 2097 manifesto
3286 2040 3632 2111 hujusmodi

1971 2130 2248 2200 exemplo
2284 2130 2611 2201 proposito.
2646 2130 2789 2185 Dicit
2829 2146 2970 2200 ergo
3013 2146 3025 2185 :
3062 2130 3345 2197 Quomodo
3381 2136 3631 2200 possunt

1970 2223 2097 2277 haec
2124 2221 2277 2290 ﬁeri,
2312 2237 2447 2291 quae
2479 2220 2552 2275 de
2590 2220 2869 2292 praedicta
2903 2221 3352 2291 regeneratione
3381 2220 3631 2276 dixisti?

1972 2311 2141 2368 Unde
2166 2316 2222 2367 et
2273 2310 2537 2367 Christus
2576 2311 2706 2381 jam
2740 2310 3114 2382 objurgantis
3159 2327 3327 2367 more
3374 2327 3513 2367 cum
3559 2326 3631 2367 eo

1972 2401 2228 2457 disserit.

2044 2493 2207 2546 Vers.
2242 2492 2327 2546 10.
2364 2489 2684 2560 Respondit
2708 2522 2767 2532 --
2788 2490 3023 2559 ignoras
3044 2493 3069 2544 .’
3090 2492 3481 2562 Nequaquam
3506 2505 3632 2545 ma-

1973 2580 2108 2636 litias
2137 2581 2493 2635 condemnat
2523 2595 2660 2634 eum
2694 2578 2979 2645 Christus,
3014 2579 3118 2635 sed
3144 2578 3398 2651 ignavias
3429 2596 3500 2636 ac
3537 2596 3632 2635 ru-

1973 2670 2194 2727 ditatis.
2232 2670 2550 2742 Oportebat
2580 2669 2741 2725 enim
2793 2685 2931 2725 eum
2965 2670 3070 2741 qui
3107 2675 3437 2741 praeceptor
3484 2674 3629 2735 erat,

1972 2761 2099 2816 haec
2123 2776 2158 2815 a
2199 2759 2511 2830 Scripturis
2538 2775 2918 2829 cognoscere.
2947 2760 3127 2830 Signa
3156 2758 3455 2831 siquidem
3469 2773 3635 2828 rege-

1975 2850 2294 2906 nerationis
2340 2848 2660 2919 spiritualis
2714 2850 3015 2904 continent
3076 2848 3211 2904 libri
3263 2849 3629 2918 Iudaeorum,

1973 2946 2118 3012 puta
2130 2955 2265 3011 quas
2279 2939 2347 2993 de
2360 2937 2561 2993 Rubro
2576 2953 2739 2992 mare
2768 2937 3129 3001 scribuntur,
3146 2938 3204 2993 in
3226 2938 3444 3009 quibus
3456 2952 3634 3008 aqua:

1974 3036 2153 3101 typus
2185 3033 2311 3084 erat
2373 3043 2560 3090 mare,
2627 3026 2815 3081 nubes
2865 3042 3005 3081 vero
3060 3025 3348 3098 Spiritus;
3394 3032 3449 3082 et
3496 3043 3633 3098 quas

1974 3121 2047 3174 de
2074 3119 2308 3191 leproso
2338 3118 2631 3180 Naaman,
2666 3116 2911 3187 quando
2950 3117 3008 3170 in
3040 3116 3299 3171 Jordane
3333 3116 3488 3171 lotus
3523 3120 3630 3180 est,

1975 3214 2031 3265 et
2059 3224 2299 3264 reversa
2329 3211 2418 3261 est
2448 3221 2587 3261 caro
2618 3222 2726 3261 sua
2756 3205 2828 3260 ad
2858 3206 3077 3277 ipsum,
3112 3204 3263 3261 sicut
3292 3220 3435 3262 caro
3464 3204 3633 3277 pueri

1977 3297 2211 3371 parvuli
2242 3298 2310 3361 ‘5,
2345 3295 2582 3367 aliaque
2607 3294 2867 3367 plurima
2896 3294 3137 3352 similia.

2050 3474 2360 3530 Habebant
2378 3471 2622 3544 insuper
2637 3475 2693 3527 et
2705 3471 3065 3543 prophetias.
3084 3471 3405 3527 Dixitenim
3421 3472 3628 3531 David:

1976 3567 2051 3620 Et
2068 3562 2516 3621 annuntiabunt
2520 3561 2820 3631 justitiam
2834 3560 2954 3630 ejus
2970 3563 3315 3633 populo,qui
3330 3570 3632 3629 nascetur,

1978 3671 2147 3727 quem
2175 3655 2316 3722 fecit
2359 3654 2639 3708 Dominus
2671 3653 2751 3715 ‘5;
2785 3657 2858 3716 et,
2882 3652 3048 3707 Beati
3085 3668 3335 3723 quorum
3376 3656 3634 3710 remissas

1976 3751 2111 3802 sunt
2142 3744 2509 3814 iniquitates,
2538 3748 2590 3797 et
2617 3756 2869 3812 quorum
2905 3746 3054 3797 tecta
3083 3748 3217 3797 sunt
3259 3749 3503 3811 peccata
3527 3745 3571 3778 ⁸⁷
3611 3761 3634 3809 ;

1975 3840 2068 3890 et:
2104 3834 2505 3890 Renovabitur
2533 3831 2684 3887 sicut
2715 3832 2937 3900 aquila
2951 3833 3236 3899 juventus
3264 3836 3365 3886 tua
3391 3833 3459 3888 ⁸⁸.
3482 3832 3635 3889 Alio-

1974 3941 2109 3980 rum
2141 3922 2440 3995 siquidem
2473 3919 2797 3992 prophetiae
2827 3935 2949 3991 prae
2990 3919 3373 3976 multitudine
3406 3921 3468 3977 in
3508 3936 3634 3993 prin

1975 4013 2165 4070 sentia
2190 4012 2627 4083 relinquantur.

2045 4105 2210 4158 Vers.
2236 4107 2317 4156 tt.
2351 4103 2537 4155 Amen
2567 4129 2634 4139 —
2655 4098 2967 4168 loquimur.
2990 4099 3093 4153 Vel
3116 4098 3190 4155 de
3213 4100 3422 4171 seipso
3443 4105 3500 4157 et
3524 4101 3634 4157 Pa-

1973 4200 2059 4251 tre
2082 4194 2197 4249 hoc
2229 4190 2391 4256 dicit,
2415 4188 2507 4244 vel
2533 4188 2602 4243 de
2630 4188 2831 4259 seipso
2854 4186 3004 4243 solo.
3033 4190 3392 4261 Quanquam
3417 4195 3477 4245 tu
3508 4206 3633 4247 non

1974 4284 2325 4347 credas,nos
2340 4285 2562 4346 tamen,
2589 4277 2751 4350 quod
2773 4276 2959 4349 probe
2985 4278 3284 4345 novimus,
3310 4280 3425 4335 hoc
3442 4279 3637 4353 loqui-

1974 4390 2128 4431 mur.

2044 4465 2207 4519 Vers.
2246 4467 2331 4519 lt.
2370 4461 2445 4514 Et
2487 4489 2559 4501 -—
2598 4461 2903 4515 testamur.
2947 4456 3111 4513 Idem
3159 4457 3635 4516 conﬁrmationis

1975 4568 2157 4609 causa
2177 4551 2385 4623 repetit
2411 4564 2424 4604 :
2460 4547 2629 4616 Quod
2644 4546 2861 4603 scimus
2896 4552 3189 4604 testamur
3215 4565 3228 4603 :
3251 4563 3447 4621 neque
3472 4548 3636 4606 enim

1976 4640 2316 4698 sensibilem
2346 4641 2652 4710 aspectum
2684 4634 3001 4705 intelligas,
3036 4652 3173 4692 cum
3216 4636 3493 4694 nondum
3515 4637 3637 4695 fac-

1977 4736 2104 4787 tum
2135 4733 2311 4786 esset.

2046 4822 2207 4876 Vers.
2259 4823 2338 4873 tt.
2366 4818 2444 4873 Et
2474 4848 2542 4856 ——
2570 4813 2863 4883 accipitis.
2891 4816 3005 4870 Hoc
3030 4831 3152 4872 non
3174 4816 3417 4888 indigne
3444 4817 3636 4874 ferens

1975 4912 2142 4977 dixit,
2158 4907 2261 4964 sed
2282 4904 2688 4977 leniter,quod
2710 4903 2909 4967 fiebat,
2936 4919 3243 4973 enarrans,
3265 4911 3320 4962 et
3340 4907 3632 4975 modeste,

1976 5000 2140 5074 quod
2167 4998 2435 5054 futurum
2472 4998 2620 5064 erat,
2646 4992 3002 5066 praedicens,
3028 4998 3088 5051 et
3105 4995 3278 5067 quasi
3304 5000 3635 5067 protestan-

2180 5180 2220 5218 ιθ
2252 5179 2379 5235 Psal
2410 5195 2506 5245 cu,
2541 5184 2591 5233 5.

1467 5363 1689 5435 Variae
1727 5362 2058 5432 lectiones
2098 5369 2163 5428 et
2212 5368 2414 5427 notae.

349 5575 443 5632 2H
482 5573 541 5627 '0
571 5572 789 5631 omittit
808 5572 880 5632 B.

350 5641 442 5715 22)
471 5649 619 5702 Loco
651 5645 1097 5701 triumistorum
1127 5642 1565 5702 vocabulorum
1597 5641 1860 5715 spatium

248 5735 514 5775 vacuum
554 5720 646 5773 est
681 5717 743 5773 in
768 5717 902 5773 cod.
937 5722 1006 5773 A.

512 5788 797 5863 lntellige,
857 5789 916 5863 οὐ
981 5785 1187 5861 δυνήσῃ
1237 5787 1564 5863 καταλαϐεῖν.
1613 5786 1864 5863 Boterat

250 5858 446 5919 etiam
477 5877 587 5934 pro
625 5858 815 5934 μᾶλλον
841 5861 1034 5917 dicere
1054 5858 1216 5935 μεῖον.
1243 5862 1356 5917 Sed
1382 5860 1530 5917 intra
1556 5858 1635 5917 ad
1649 5858 1745 5925 VI,
1771 5859 1861 5914 41.

1971 5566 2182 5625 eodem
2214 5564 2395 5639 modo
2419 5561 2703 5639 loquitur.
2772 5633 2778 5639 _
2868 5632 2877 5639 _
3035 5630 3045 5639 η

2042 5640 2154 5711 (24)
2187 5636 2446 5711 Ἀτελείας
2490 5631 2724 5711 videtur
2770 5632 2982 5711 legisse
3032 5631 3342 5711 interpres.
3388 5631 3503 5711 Sed
3545 5632 3631 5689 ni-

1971 5704 2060 5767 hil‘
2083 5704 2270 5765 muto.
2310 5708 2570 5766 Εύτελείας
2610 5706 2791 5761 habet
2835 5704 3010 5758 etiam
3055 5704 3357 5773 tlhrysost.
3415 5709 3453 5759 t.
3502 5720 3624 5768 vm,

1970 5801 2033 5856 p.
2088 5787 2204 5847 151,
2235 5784 2301 5835 Α.

2044 5856 2156 5927 (25)
2195 5853 2495 5928 Ἀμάθειαν,
2530 5857 2591 5905 Α.
