4156 6390
518 375 658 433 1167
1870 374 2222 433 EUTHYMII
2260 374 2598 436 ZIGABENI
3763 375 3908 432 H68

516 518 590 559 ac
618 502 838 558 docens
874 515 1005 567 nos,
1034 516 1108 557 ne
1139 519 1274 558 cum
1307 518 1449 575 erga
1488 503 1724 576 aliquos
1765 503 2150 575 disputamus

2290 511 2503 578 ρόμενος
2530 509 2618 556 καὶ
2646 501 2908 557 παιδεύων
2940 506 3098 575 ἡμᾶς,
3138 505 3259 557 ὅταν
3312 508 3437 578 πρός
3467 523 3610 565 τινας
3660 500 3899 574 διαλεγό-

515 591 763 661 indigne
789 591 1070 658 feramus,
1101 592 1448 658 clamemus,
1476 597 1578 649 aut
1625 609 2073 666 exasperemur,
2128 611 2155 647 s

2291 613 2453 666 μενοι,
2504 599 2573 666 μὴ
2626 596 2898 666 πείθωμεν,
2945 599 3017 667 μὴ
3076 590 3468 668 δυσχεραίνειν,
3520 591 3657 666 μηδὲ
3690 598 3903 666 κράζειν

518 697 640 737 non
661 680 1129 753 persuadeamus
1149 697 1162 748 ;
1179 698 1322 738 nam
1347 681 1448 737 iraa
1469 683 1718 738 materia
1736 699 1805 738 ac
1823 682 2159 755 principiun

2291 690 2379 735 καὶ
2405 683 2688 758 ἀγριαίνειν
2725 703 2736 715 ·
2762 684 2854 742 ὕλη
2886 686 2986 758 γὰρ
3021 683 3182 756 ὀργῆς
3213 685 3242 741 ἡ
3277 688 3479 758 κραυγή
3520 702 3532 714 ο
3569 682 3674 734 ἀλλ’
3734 681 3900 745 ἀνεξι-

521 770 749 825 clamor
773 774 892 840 est;
921 769 1210 842 patienter
1245 786 1386 826 vero
1416 771 1795 843 respondere,
1849 777 1937 828 est
1977 787 2162 828 conar

2291 775 2463 834 κάκως
2494 772 2884 848 ἀποκρίνεσθαι,
2921 779 3010 825 καὶ
3039 775 3324 848 πειρᾶσθαι
3372 780 3534 828 ποιεῖν
3590 771 3901 835 ἀξιόπιστον

521 866 586 912 ut
612 857 885 913 credibile
915 857 1122 923 facias,
1153 859 1316 930 quod
1356 859 1596 915 dixeris.

1032 875 1122 923 as,
1153 859 1316 930 quod
1356 859 1596 915 dixeris.
2292 866 2348 914 τὸ
2380 861 2669 934 λεγόμενον.

592 949 753 1003 Vers.
780 952 859 1001 t2.
882 947 946 1003 Si
969 979 1036 987 —-
1056 949 1300 1005 credetis
1317 949 1344 1004 ?
1367 951 1724 1021 Frequenter
1743 965 1881 1006 cum
1898 949 2183 1006 verbafa—

2365 951 2423 1003 Εἰ
2448 955 2839 1004 -πιστεᾶσετε
2869 969 2882 1018 ;
2930 951 3181 1014 Πολλάκις
3221 951 3415 1023 μέλλων
3446 952 3707 1003 ἅπτεσθαι
3732 950 3901 1022 λόγων

520 1041 723 1093 cturus
738 1043 844 1107 est,
861 1053 995 1109 quae
1014 1039 1811 1110 Stimcongruantmajestati,
1826 1039 2161 1112 hisproptei

2292 1039 2446 1113 ἀξίῳν
2468 1052 2560 1102 τῆς
2588 1041 2961 1112 μεγαλωσύνης
2992 1041 3169 1106 αὐτοῦ,
3207 1043 3530 1115 παρατρέχει
3560 1042 3774 1099 τούτους
3805 1035 3903 1090 διὰ

520 1125 856 1181 auditorum
881 1127 1335 1182 crassitudinem
1362 1143 1431 1184 ac
1455 1127 1924 1184 imbecillitatem
1945 1128 2156 1184 relictis

2290 1135 2512 1187 τὴντῶν
2559 1129 2895 1204 ἀκροωμένων
2948 1134 3234 1202 παχύτητα
3294 1135 3384 1181 καὶ
3463 1129 3750 1192 ἀσθένειαν,
3808 1133 3902 1179 καὶ

518 1214 2184 1288 Ῐιυῐῐιὶιίοΐᾶάὶερθῐιεᾶῐοΐὶοωοάοοοηείθεοθηόθῐὶόορΐεθ-
2291 1226 2521 1292 προτιμᾷ
2562 1224 2677 1280 τούς
2725 1225 3136 1292 ταπεινοτέρους,
3189 1217 3658 1292 συγκαταϐατικώς
3713 1237 3767 1270 τε
3805 1222 3900 1268 καὶ

520 1303 631 1360 fert
663 1320 675 1359 :
705 1303 867 1376 quod
898 1320 1043 1360 sane
1073 1305 1253 1361 etiam
1287 1321 1446 1361 nunc
1479 1307 1632 1361 fecit.
1666 1307 1816 1362 Nam
1856 1322 1923 1361 ex
1955 1321 2078 1378 quo
2109 1306 2161 1360 dt

2292 1308 2654 1382 οἰκονομικῶς,
2701 1309 2725 1360 ὃ
2781 1306 2847 1368 δὴ
2908 1308 3176 1361 κάνταῦθα
3225 1313 3522 1366 πεποίηκεν.
3571 1308 3712 1360 Ἐπεὶ
3777 1306 3897 1377 (26‘:

519 1393 812 1466 spirituali
825 1395 1204 1464 generatione
1221 1395 1453 1450 locutus
1467 1400 1560 1450 est
1577 1397 1650 1451 de
1670 1413 1779 1453 sua
1797 1396 1986 1468 ipsius
2002 1397 2160 1451 etian

2290 1401 2390 1470 γὰρ
2508 1403 2624 1470 περὶ
2721 1406 2814 1460 τῆς
2915 1407 3268 1470 πνευματικῆς
3344 1401 3632 1470 γεννήσεως
3737 1393 3898 1464 εἶπεν,

521 1485 906 1553 generatione
931 1499 1068 1555 quae
1091 1483 1199 1539 fuit
1218 1490 1354 1540 ante
1381 1485 1619 1554 saecula,
1647 1501 1903 1558 quaeque
1937 1499 2162 1541 omnen

2292 1488 2522 1540 ἐϐούλετο
2553 1491 2641 1560 μεν
2671 1489 2846 1559 εἰπεῖν,
2904 1493 2994 1540 καὶ
3042 1493 3159 1562 περὶ
3212 1496 3308 1549 τῆς
3348 1487 3532 1540 ἑαυτοῦ
3589 1491 3897 1557 γεννήσεως,

521 1580 578 1628 et
592 1578 850 1628 mentem
875 1579 930 1628 et
948 1588 1288 1629 sermonem
1311 1573 1562 1639 excedit,
1587 1574 1780 1630 dicere
1809 1574 2067 1633 volebat.
2097 1574 2160 1630 Vi

2291 1587 2386 1639 τῆς
2463 1583 2773 1654 προαιωνίου
2845 1584 2936 1630 καὶ
3017 1581 3184 1631 πάντα
3259 1585 3377 1629 νοῦν
3421 1582 3511 1629 καὶ
3564 1577 3713 1648 λόγον
3745 1577 3901 1651 ὑπερ-

521 1663 670 1718 dens
687 1668 888 1718 autem
906 1662 1297 1719 Nicodamum
1313 1679 1501 1735 neque
1521 1664 1887 1735 spiritualem
1909 1681 2085 1738 posse
2099 1666 2162 1720 in

2293 1666 2570 1728 ϐαινούσης
2602 1664 2772 1719 ’ἰδὼν
2815 1665 2873 1720 δε
2929 1671 3014 1720 τὸν
3067 1663 3372 1740 Νικόδημον
3425 1663 3565 1740 μηδέ
3617 1670 3710 1724 τὴν
3743 1684 3903 1718 πνευ-

521 1751 801 1822 telligere,
834 1751 978 1806 nihil
1001 1753 1072 1807 de
1097 1751 1196 1807 illa
1217 1751 1380 1817 dicit,
1408 1753 1516 1808 sed
1544 1769 1792 1810 causam
1814 1753 1945 1810 talis
1965 1753 2158 1809 silenti

2291 1762 2516 1829 ματικὴν
2543 1753 2944 1830 παραδέξασθαι
2974 1754 3277 1830 δυνάμενον,
3305 1753 3456 1809 ούδεν
3487 1759 3576 1829 μεν
3605 1758 3744 1827 λέγει
3778 1759 3901 1828 περὶ

520 1841 714 1904 docet,
747 1841 911 1913 quod
943 1840 1015 1896 sit
1041 1841 1316 1898 videlicet
1351 1848 1594 1914 propter
1626 1843 1969 1899 auditorum
1996 1844 2161 1899 incre-

2256 1844 2502 1916 ;ézaivn;,
2532 1842 2782 1898 διδάσκει
2828 1843 2885 1898 δὲ
2925 1851 3018 1903 τὴν
3049 1846 3221 1898 αἰτίαν
3272 1853 3368 1908 τῆς
3409 1847 3652 1905 τοιαύτης
3715 1852 3897 1915 σιγῆς,

519 1930 849 1987 dulitatem.
865 1931 1087 1986 Horum
1101 1947 1243 2002 ergo
1257 1931 1650 1988 incredulitati
1672 1937 1773 1989 aut
1789 1933 2160 1989 imbecillitat;

2293 1938 2371 1988 ὅτι
2403 1932 2497 1987 διὰ
2546 1941 2636 1994 τὴν
2694 1934 2940 1988 ἀπιστίαν
2994 1944 3091 1987 τῶν
3146 1935 3501 2010 ἀκροωμένων.
3541 1942 3720 1998 Ὥστε,
3775 1937 3899 1986 ὅταν

519 2019 1028 2093 tribuendum_est,
1047 2021 1213 2093 quod
1233 2020 1794 2093 smpiusjmediocria
1811 2030 1912 2080 aut
1927 2023 2160 2079 humilia

2290 2029 2477 2099 μέτρια
2533 2027 2823 2097 φθέγγηται
2878 2031 2966 2078 καὶ
3019 2028 3238 2078 ταπεινά
3290 2030 3380 2078 καὶ
3433 2024 3620 2087 ἀνάξιοι
3649 2023 3900 2084 πολλάκις

517 2108 826 2182 loquatur.

2288 2122 2381 2175 τῆς
2404 2116 2520 2186 ('27)
2553 2115 2712 2166 αὑτοῦ
2743 2117 3000 2181 θεότητος,
3039 2123 3102 2188 τῇ
3140 2115 3364 2188 ἀπιστία
3391 2119 3482 2167 καὶ
3513 2111 3748 2185 ἀσθενείᾳ
3771 2113 3897 2164 τού-

2285 2223 2384 2256 των
2404 2202 2671 2274 λογιστέον
2695 2203 2847 2258 αύτά.

587 2291 837 2345 Terrena
860 2293 1061 2345 autem
1092 2289 1426 2360 intelligunt
1451 2289 1546 2346 hic
1598 2289 1843 2362 quidam
1885 2290 1960 2346 de
2002 2294 2179 2347 vento

2359 2293 2598 2363 Ἐπίγεια
2629 2289 2687 2345 δὲ
2711 2301 2797 2344 νύν
2839 2294 2951 2365 (28)
3006 2313 3134 2355 τινες
3188 2299 3437 2368 περὶτοῦ
3490 2291 3676 2365 ἀνέμου
3734 2295 3895 2363 φασὶν

517 2378 745 2436 dictum
776 2394 930 2442 esse,
963 2394 1034 2435 ac
1063 2379 1110 2434 si
1141 2379 1400 2435 diceret:
1437 2379 1493 2435 Si
1533 2383 1834 2436 terrenum
1889 2396 2158 2452 proposu

2287 2382 2532 2455 εἰρῆσθαι
2564 2399 2576 2411 ·
2621 2384 2720 2448 ὅτι,
2757 2382 2815 2434 Εἰ
2846 2381 3066 2454 ἐπίγειον
3116 2379 3459 2456 παράδειγμα
3499 2380 3660 2445 εἶπον,
3703 2384 3792 2432 καὶ
3835 2379 3895 2431 οὐ

515 2467 883 2541 exemplum,
907 2471 964 2524 et
985 2483 1107 2524 non
1128 2467 1715 2540 creditis,quomodo
1743 2469 1792 2524 si
1815 2469 2050 2525 coeleste
2075 2469 2149 2525 ali

2285 2473 2572 2536 πιστεύετε,
2607 2481 2736 2536 πῶς,
2770 2469 2853 2524 ἐάν
2900 2473 3023 2524 εἰπε..
3078 2472 3314 2548 ούράνιόν
3342 2492 3394 2525 τι
3424 2476 3513 2524 καὶ
3553 2470 3891 2545 ὑψηλότερον,

517 2557 665 2630 quid
695 2563 797 2613 aut
819 2557 1141 2614 sublimius
1167 2558 1390 2624 dixero,
1423 2558 1673 2614 credetis
1695 2558 1723 2612 7

1128 2575 1141 2612 ε
1167 2558 1390 2624 dixero,
1423 2558 1673 2614 credetis
1695 2558 1723 2612 7
2284 2564 2586 2614 πιστεύσετε
2619 2561 2732 2633 (‘29)
2757 2577 2769 2626 ;

589 2646 699 2702 Alii
739 2663 898 2712 vero,
927 2653 1188 2712 terrena,
1221 2647 1295 2703 de
1325 2648 1770 2718 regeneratione
1811 2649 2036 2704 dictum
2079 2667 2175 2706 as-

2354 2655 2496 2711 Τινὲς
2529 2648 2605 2715 δε,
2640 2651 2876 2722 Ἐπίγεια
2931 2657 3046 2726 περὶ
3078 2660 3167 2712 τῆς
3221 2651 3598 2721 ἀναγεννήσεως
3659 2651 3889 2724 ῥηθῆναι

515 2739 742 2801 truunt,
763 2737 1235 2807 interpretantes,
1268 2737 1431 2809 quod
1451 2741 1746 2792 terrenam
1764 2737 1919 2794 hanc
1940 2738 2152 2794 dixerit

2283 2740 2546 2812 λέγουσιν,
2575 2742 2929 2814 ἑρμηνεύοντες
2961 2743 3041 2793 ὅτι
3089 2739 3308 2812 ἐπίγειον
3352 2749 3506 2793 τοῦτο
3538 2736 3664 2804 εἶπε,
3715 2743 3891 2790 καίτοι

516 2826 621 2881 etsi
649 2825 905 2881 ccelestis
937 2826 1012 2881 sit
1043 2841 1111 2880 ac
1143 2825 1363 2890 divina,
1405 2829 1694 2898 tanquam
1745 2843 1925 2898 super
1958 2833 2157 2884 terran

2284 2830 2521 2902 οὐράνιον
2550 2834 2640 2882 καὶ
2676 2831 2805 2882 θεῖον
2845 2829 2918 2896 ὃν,
2953 2831 3021 2892 ὡς
3080 2829 3163 2882 ἐπὶ
3189 2838 3288 2902 γῆς
3335 2830 3629 2901 τελούμενον
3673 2848 3684 2860 ·
3719 2829 3750 2887 ἦ
3803 2832 3894 2880 καὶ

513 2913 780 2986 impleta,
806 2915 1292 2986 etcomparando
1319 2914 1397 2970 ad
1423 2915 1972 2972 suamineﬂ'abilem
2002 2933 2154 2987 gener

2283 2923 2409 2993 πρὸς
2434 2922 2711 2991 σύγκρισιν
2758 2927 2853 2982 τῆς
2892 2917 3328 2993 φρικωδεστάτης
3383 2919 3544 2971 αὐτοῦ
3590 2923 3892 2990 γεννήσεως.

512 3005 823 3061 rationem.
849 3007 996 3060 Nam
1023 3002 1100 3060 ad
1131 3003 1288 3060 illius
1329 3003 1742 3061 celsitudinem
1783 3005 1911 3062 haec
1942 3012 2153 3063 terrena

2286 3012 2422 3084 Πρὸς
2449 3011 2551 3083 γὰρ
2604 3011 2661 3061 τό
2692 3009 2823 3080 ύψος
2879 3011 3100 3076 ἐκείνης,
3163 3008 3389 3081 ἐπίγειος
3441 3009 3582 3062 ἐστιν
3640 3008 3772 3064 αὕτη
3804 3010 3895 3058 καὶ

515 3098 607 3150 est
635 3099 690 3150 et
717 3093 984 3152 humilis.

921 3094 984 3152 is.
2283 3098 2562 3171 χθαμαλή-

589 3184 763 3291 Vers.
798 3185 890 3240 13.
918 3184 992 3240 Ει
1012 3215 1078 3284 ῖ-
1101 3183 1544 3291 ᾳιιίάεεσρηιίίι.
1567 3184 1711 3250 Quia
1733 3186 2007 3284 superius
2029 3185 2178 3286 diril
2211 3237 2230 3291 (

2359 3192 2459 3240 Καὶ
2521 3218 2589 3228 —
2637 3187 2888 3250 καταϐάς.
2943 3189 3086 3241 Ἐπεὶ
3142 3187 3410 3264 προλαϐών
3479 3185 3613 3241 εἶπεν
3653 3188 3678 3238 ὁ
3730 3189 3893 3238 Νικό-

2252 3281 2253 3288 ι
2299 3274 2322 3291 Ἀ
2509 3279 2527 3290 ιν
2610 3275 2708 3291 ΑΠᾹ
2876 3280 2894 3291 η
3010 3277 3021 3286 ⁸
3085 3281 3094 3291 ι
3165 3287 3191 3291 _
3269 3286 3286 3291 ..
3358 3277 3369 3290 ς
3422 3277 3457 3291 ,ἢ
3484 3288 3488 3291 .
3514 3279 3534 3291 ι,
3641 3273 3663 3291 Ω
3703 3273 3725 3291 ἢ
3753 3278 3761 3287 ⁸

513 3273 872 3331 Nicodemus
909 3290 920 3328 :
945 3273 1176 3330 Scimus
1209 3275 1376 3346 quod
1403 3290 1440 3330 a
1462 3276 1579 3330 Deo
1603 3275 1832 3330 veneris
1859 3275 1916 3330 in
1961 3276 2152 3345 magis

2252 3281 2253 3288 “
2287 3274 2472 3349 δημος,
2503 3279 2582 3329 ὅτι
2605 3275 2837 3350 Οῖδαμεν
2869 3280 2949 3330 ὅτι
3001 3277 3102 3330 ἀπὸ
3155 3286 3288 3331 Θεοῦ
3351 3277 3598 3338 ἐλήλυθας
3629 3273 3893 3329 διδάσκα-

514 3367 673 3418 trum
709 3363 860 3431 ;hoc
889 3363 1088 3435 ipsum
1131 3379 1288 3418 nunc
1317 3364 1577 3434 corrigit,
1610 3379 1680 3419 ac
1728 3364 1776 3420 si
1819 3363 1978 3420 dicat
2015 3382 2027 3420 :
2062 3368 2155 3422 Nec

2283 3367 2390 3435 λος,
2424 3375 2577 3419 τουτο
2624 3367 2746 3419 αύτὸ
2796 3363 3102 3442 διορθοῦται
3160 3376 3270 3433 νυν,
3323 3370 3513 3419 ὡσανεὶ
3559 3367 3741 3438 λέγων,
3800 3369 3885 3422 Μὴ

513 3469 611 3508 me
646 3452 823 3508 talem
854 3452 1154 3508 existimes
1185 3458 1636 3524 praeceptorem,
1671 3454 1832 3524 quasi
1867 3471 2043 3510 unum
2072 3455 2154 3511 alii

2284 3461 2508 3529 νομίσῃς
2536 3476 2598 3530 με
2651 3464 2882 3509 τοιοῦτον
2933 3454 3262 3510 διδάσκαλον
3315 3460 3384 3519 ὡς
3440 3459 3527 3510 ἕνα
3563 3464 3663 3508 τῶν
3690 3473 3892 3528 προφη-

511 3558 693 3614 quem
722 3559 792 3597 ex
816 3541 1139 3614 prophetis.
1163 3541 1360 3597 Nullus
1383 3542 1682 3614 siquidem
1703 3543 1938 3600 illorum
1969 3561 2151 3600 ascen

2284 3554 2401 3598 τῶν.
2439 3550 2539 3598 Καὶ
2563 3549 2664 3619 γὰρ
2697 3543 2872 3608 οὐδεὶς
2933 3545 3135 3599 ἐκείνων
3193 3545 3505 3604 ἀναϐέϐηκεν
3555 3545 3623 3606 εἰς
3665 3547 3754 3596 τὸν
3807 3542 3892 3594 ού-

511 3631 600 3686 dit
631 3631 691 3686 in
723 3631 964 3696 cmlum,
999 3631 1123 3685 sive
1163 3631 1466 3700 ingressus
1493 3637 1580 3687 est
1619 3631 1858 3697 caelum,
1912 3635 2020 3689 nisi
2064 3650 2152 3705 ες(

2283 3638 2455 3708 ρανόν,
2476 3634 2661 3708 [ἤγουν
2693 3639 2808 3705 (30)
2846 3634 3001 3694 ἐπέϐη
3052 3644 3141 3688 τού
3172 3637 3413 3711 ούρανοῦ,
3459 3636 3477 3707 [
3517 3635 3560 3688 εἰ
3611 3639 3680 3707 μὴ
3728 3632 3830 3704 ἐγὼ
3863 3631 3889 3683 ό

513 3720 618 3793 qui
639 3736 671 3775 e
696 3719 848 3776 coelo
873 3720 1175 3786 descendi,
1196 3719 1448 3792 ideoque
1475 3720 1824 3777 sublimiora
1845 3722 2046 3779 defero
2073 3726 2150 3781 do

2284 3722 2338 3774 ἐκ
2391 3732 2483 3776 τού
2533 3724 2753 3798 ούρανοῦ
2809 3725 3056 3786 καταϐὰς.
3117 3730 3203 3777 Διό
3273 3731 3362 3779 καὶ
3416 3724 3592 3796 ὑψηλὰ
3645 3721 3891 3796 δόγματα

512 3815 739 3879 gmata.

2283 3816 2507 3876 κομίζω.

583 3898 705 3954 ΑΙἰο
738 3903 1023 3972 praeterea
1046 3900 1226 3955 modo
1239 3899 1412 3958 dixit:
1451 3901 1564 3968 Qui
1574 3901 1868 3958 descendit
1890 3903 1962 3958 de
1979 3905 2126 3960 caelo
2155 3919 2172 3960 :

2358 3907 2456 3954 Καὶ
2489 3903 2667 3976 ἑτέρως
2729 3900 2788 3956 δὲ
2832 3902 2990 3968 εἶπεν,
3037 3904 3203 3957 ὃτιὈ
3260 3905 3314 3956 ἐκ
3368 3912 3459 3956 τού
3529 3904 3748 3979 ούρανοῦ
3797 3923 3886 3955 κα-

510 3988 734 4061 quiain
761 3989 947 4044 Veteri
982 3992 1358 4045 Testamento
1419 3990 1844 4058 diversimode,
1897 3995 2151 4065 variaquu

2281 3990 2443 4053 ταϐάς
2507 4009 2516 4018 ·
2582 3989 2723 4044 διότι
2775 3997 2918 4069 ποιρά
2964 4002 3025 4066 τῇ
3104 3994 3308 4065 Παλαιᾷ
3347 4000 3519 4069 Γραφῇ
3589 3996 3725 4046 κατά
3773 3989 3891 4044 δια-

507 4079 947 4151 dispensatione
968 4079 1182 4134 dicitur
1194 4079 1348 4134 Deus
1362 4080 1681 4136 ascendere
1699 4097 1768 4137 ac
1785 4082 2147 4138 descendere

2282 4084 2465 4154 φόρους
2531 4081 2824 4154 οἰκονομίας
2879 4084 2903 4134 ό
2965 4086 3096 4145 Θεὸς
3143 4083 3434 4142 καταϐῆναι
3491 4087 3581 4135 καὶ
3634 4081 3886 4141 ἀναϐῆναι

507 4168 667 4225 velut
684 4175 772 4224 est
788 4167 959 4223 illud:
981 4169 1339 4224 Descendens
1359 4170 1588 4234 videbo,
1603 4170 1655 4224 si
1667 4171 1841 4239 iuxta
1856 4173 2148 4228 clamoren

2277 4167 2500 4239 λέγεται,
2531 4173 2594 4231 ὡς
2623 4177 2678 4222 τό
2713 4191 2724 4203 ·
2765 4171 3007 4234 Καταϐἀς
3037 4172 3254 4244 ἅψομαι,
3291 4173 3335 4225 εἰ
3361 4175 3495 4225 κατά
3523 4177 3617 4230 τὴν
3649 4177 3886 4246 κραυγὴν

507 4259 2166 4329 ίιιονιιγηορθναίίειιηι⁴⁹,θιΑεσεηάίίΠθα.ςαάΑὸναΙιαιη,
2279 4258 2443 4310 αὐτῶν
2481 4259 2843 4312 συντελούνται
2897 4279 2908 4290 ο
2965 4267 3052 4314 καὶ
3102 4268 3158 4314 τό
3218 4277 3234 4294 ο
3298 4262 3479 4320 Ἀνέϐη
3532 4264 3557 4313 ὁ
3607 4265 3732 4324 Θεὸς
3784 4260 3887 4312 ἀπὸ

508 4353 574 4402 ut
604 4349 846 4403 cessauit
880 4347 1040 4418 loqui
1059 4348 1135 4402 ad
1164 4363 1290 4403 eum
1329 4348 1398 4419 ⁵ο,
1433 4347 1739 4420 multaque
1769 4347 2004 4405 similia.

2275 4347 2537 4420 Ἀϐραὰμ,
2566 4351 2721 4407 ἡνίκα
2743 4348 3006 4402 ἐπαύσατο
3027 4351 3190 4403 λαλῶν
3210 4351 3370 4424 αύτῷ,
3403 4355 3494 4404 καὶ
3507 4351 3681 4421 ,πολλά
3704 4351 3886 4404 τοιαῦ-

2279 4456 2361 4489 τα.

576 4527 738 4582 Vers.
776 4530 859 4582 t3.
891 4526 1080 4581 Filius
1105 4526 1380 4584 hominis.
1405 4526 1865 4592 Quisecundum
1882 4528 2169 4585 humani-
2202 4599 2217 4606 _

2346 4527 2402 4579 Ὀ
2433 4531 2548 4588 Υἱός
2573 4536 2666 4580 τοῦ
2715 4527 3006 4604 ἀνθρώπου.
3063 4529 3122 4583 ’0
3170 4533 3304 4584 κατά
3349 4536 3442 4590 τὴν
3504 4529 3887 4606 ἀνθρωπότητα

505 4620 686 4672 tatem
724 4615 898 4670 Filius
928 4621 1012 4670 est
1043 4615 1327 4672 hominis.

2198 4599 2243 4653 Β
2321 4619 2436 4677 Υἱὸς
2462 4618 2576 4690 (31)
2607 4626 2699 4671 τοῦ
2722 4599 2835 4690 (32.)
2869 4625 3014 4674 Θεοῦ.

577 4703 736 4760 Scire
767 4710 964 4759 autem
996 4709 1247 4776 Oportet,
1280 4705 1446 4778 quod
1486 4722 1520 4762 a
1550 4705 1860 4775 divinitate
1893 4708 2162 4780 seipsum

2347 4712 2457 4779 Χρὴ
2522 4705 2580 4760 δε
2621 4713 2892 4778 γινώσκειν
2943 4711 3022 4761 ὃτι
3052 4709 3302 4772 πολλάκις
3352 4714 3442 4783 μὲν
3493 4709 3595 4764 ἀπὸ
3626 4717 3720 4772 τῆς
3762 4712 3881 4763 θεό-

499 4796 840 4867 frequenter
887 4795 1176 4861 nominat,
1226 4801 1281 4852 et
1318 4797 1500 4853 etiam
1553 4798 1770 4869 saepius
1819 4797 1898 4854 ab
1949 4798 2140 4855 huma

2272 4817 2423 4857 τητος
2458 4797 2740 4859 ’πολλάκις
2770 4795 2828 4851 δε
2860 4797 2960 4851 ἀπὸ
2988 4809 3082 4862 τῆς
3128 4801 3526 4873 ἀνθρωπότητος
3559 4799 3581 4873 ]
3635 4799 3880 4871 ὀνομάζει

499 4886 708 4944 nitate.

2275 4886 2475 4939 ἑαυτόν.

573 4977 730 5032 Vers.
776 4975 857 5030 t3.
895 4976 1006 5044 Qui
1031 5008 1096 5016 ——
1137 4978 1300 5034 ca’lo.
1343 4977 1447 5042 Qui
1480 4976 1651 5046 juxta
1689 4976 2057 5033 divinitatem
2097 4978 2156 5033 in

2340 4977 2484 5029 Ὀ-
2515 4977 2733 5049 όύρανῷ.
2768 4977 2824 5030 ’0
2873 4982 3008 5032 κατὰ
3061 4984 3155 5039 τὴν
3215 4982 3435 5038 θεότητα
3486 4982 3552 5032 ὠν
3584 4979 3631 5032 ἐν
3684 4987 3753 5050 τῷ
3792 4979 3881 5032 ού-

575 5183 620 5218 ⁴⁹
655 5180 798 5238 Gen.
830 5197 983 5253 xvm,
1009 5183 1095 5237 2t.
1214 5184 1260 5216 ⁵ο
1289 5182 1434 5238 Gen.
1459 5199 1595 5249 xvn,
1632 5188 1721 5240 22.

1743 5389 2317 5461 Variaelectiones
2340 5402 2620 5461 etnotae.

589 5621 678 5693 26)
719 5615 932 5678 Ἐπειδή
968 5621 1032 5675 Α.

2350 5618 2463 5693 (30)
2495 5617 2726 5693 I_ncl_usa
2754 5617 2978 5693 absunt
3008 5618 3077 5676 A.

587 5689 678 5758 27)
716 5699 823 5751 Τῆς
856 5693 1039 5743 ἑαυτοῦ
1073 5693 1136 5743 Α.

2350 5689 2464 5761 (3t)
2506 5689 2741 5744 Inclusa
2759 5689 2994 5761 absunt
3024 5695 3088 5746 A.

588 5765 678 5834 Q8)
719 5765 863 5821 Τινές
1084 5833 1092 5836 _

2351 5758 2460 5831 (32)
2491 5761 2722 5830 Corrige
2748 5758 3044 5836 ἀνθρώπου,
3077 5766 3140 5818 ut
3164 5761 3341 5818 habet
3361 5762 3707 5820 Hentenius.

560 5831 674 5906 (29)
719 5835 1041 5889 Ιιιστεύσητε
1066 5833 1132 5886 Α.
