4156 6402
315 347 455 404 1169

1350 342 1721 404 COMMENT.
1764 345 1834 402 IN
1867 345 2218 404 JOANNEM.
2259 378 2328 390 —
2367 348 2525 406 CAP.
2568 350 2660 406 III.

3558 343 3702 406 1170

315 482 482 548 ρανῷ,
551 475 718 527 εἶτουν
781 475 806 526 6
867 473 1126 549 οὐράνιος.
1197 471 1334 548 Ὅρα
1390 470 1449 526 6's
1519 481 1648 540 πῶς,
1720 473 1762 526 εἰ
1839 477 1927 526 καὶ

2041 473 2190 530 caelo
2219 478 2324 541 est,
2352 474 2478 531 sive
2510 474 2787 532 caelestis.
2813 474 2959 532 Vide
2983 474 3550 548 autem,quomodo,
3577 475 3688 532 etsi

316 564 513 637 ὑψηλοὶ
573 561 822 616 δοκοῦσιν
869 566 918 616 οἱ
963 562 1130 636 λόγοι,
1189 562 1316 615 ἀλλὰ
1368 567 1456 616 καὶ
1511 567 1674 625 οῦτως
1726 562 1930 626 ἀνάξιοι

316 655 422 708 εἶσι
446 663 540 717 τῆς
594 653 962 728 μεγαλωσύνης
1004 653 1182 708 αὐτοῦ.
1240 658 1341 706 Καὶ
1392 651 1441 704 έν
1489 661 1562 724 τῷ
1593 653 1794 726 οὐρανῷ
1827 656 1926 724 γὰρ

317 746 408 810 ὢν,
455 744 549 798 οὐκ
608 742 987 816 ἀπελιμποίνετο
1031 751 1128 804 τῆς
1169 751 1288 814 γῆς’
1341 748 1431 795 καὶ
1476 741 1532 794 ἐκ
1570 751 1661 796 τοῦ
1707 743 1928 815 ούρανοῦ

314 833 574 898 καταϐὰς,
621 833 716 884 ούκ
755 831 1013 905 ἀφίστατο
1051 840 1144 884 τοῦ
1184 832 1424 906 ούρανοῦ,
1469 832 1598 884 ἀλλὰ
1651 839 1929 905 πανταχοῦ

317 921 402 982 ἦν.
452 924 870 998 Ἀπερίογραπτος
926 925 1025 998 γὰρ
1075 924 1105 980 ἡ
1181 923 1372 982 θεότης.
1425 921 1602 994 Ὀμως
1652 926 1930 994 φθέγγεται

316 1021 559 1077 τοιαῦτα,
637 1008 934 1085 φειδόμενος
999 1020 1091 1072 τῆς
1150 1009 1416 1073 ἀσθενείας
1485 1021 1575 1064 τοῦ
1647 1011 1924 1088 ἀκροατοῦ,

313 1108 408 1156 καὶ
474 1104 612 1155 κατὰ
684 1105 872 1175 μικρὸν
938 1100 1145 1172 ἀνοίγειν
1213 1100 1524 1174 βουλόμενος
1596 1106 1685 1160 τὴν
1769 1102 1929 1154 αὐτοῦ

316 1188 352 1245 δ
358 1193 574 1246 ιάνοιαν.

390 1286 490 1334 Καὶ
539 1312 603 1322 -
659 1285 883 1333 αἰώνιον.
941 1285 1108 1334 Εἰπὼν
1161 1285 1256 1340 τὴν
1313 1285 1568 1353 μεγίστην
1609 1280 1678 1341 εἰς
1731 1279 1928 1355 ἀνθρώ-

312 1391 446 1432 πους
517 1370 836 1443 εὐεργεσίαν,
899 1374 993 1429 τὴν
1066 1366 1160 1422 διὰ
1226 1377 1318 1422 τοῦ
1377 1368 1774 1443 βαπτίσματος,
1851 1369 1927 1422 λέ-

309 1481 394 1533 γει
447 1461 558 1532 (33)
613 1465 700 1512 καὶ
771 1459 944 1535 ἑτέραν
1015 1460 1106 1512 οὐκ
1181 1458 1444 1526 ἐλάττονα,
1509 1464 1602 1519 τὴν
1665 1457 1760 1512 διὰ
1834 1467 1926 1512 τοῦ

316 1557 567 1622 σταυροῦ.
618 1552 725 1612 Τὰς
801 1546 899 1602 δύο
961 1552 1062 1624 γὰρ
1136 1555 1226 1602 καὶ
1289 1549 1493 1611 Παῦλος
1555 1551 1686 1621 ὁμοῦ
1736 1551 1928 1602 τέθεικε

310 1642 522 1714 ’γράφων
603 1641 914 1711 Κορινθίοίς·
982 1644 1068 1698 Μὴ
1152 1638 1351 1701 Παῦλος
1417 1638 1722 1711 ἐσταυρώθη
1799 1640 1924 1712 ύπέρ

311 1731 478 1801 ὑμῶν,
531 1729 560 1788 ἢ
625 1728 692 1789 εἰς
758 1732 816 1781 τὸ
886 1732 1048 1800 ὄνομα
1124 1727 1330 1780 Παύλου
1386 1727 1782 1800 seum-£0612“;
1852 1732 1929 1781 Τὰ

315 1815 414 1870 δύο
451 1819 553 1891 γὰρ
608 1825 776 1869 ταῦτα
822 1821 910 1875 τὴν
959 1819 1150 1890 ἄφατον
1206 1817 1366 1870 αὐτοῦ
1411 1814 1740 1870 δεικνύουσιν
1801 1817 1926 1889 ἀγάο
1957 1833 1995 1887 Β

313 1928 440 1974 πην,
498 1909 575 1960 ὅτι
624 1911 713 1959 καὶ
761 1905 1099 1978 ἀναγέννησιν
1146 1905 1456 1979 ἐχαρίσατο,
1517 1908 1601 1958 ἵνα
1659 1909 1922 1981 καθαρίσῃ

313 2000 458 2071 ἡμᾶς
498 1997 599 2050 ἀπὸ
653 2006 753 2050 τῶν
792 1997 1057 2070 ἁμαρτιῶν
1106 1999 1276 2070 ἡμῶν,
1319 2003 1408 2050 καὶ
1459 1997 1786 2072 ἐσταυρώθη,
1845 2000 1927 2050 ἵνα

315 2093 557 2160 ζήσωμεν
605 2087 844 2150 αἰωνίοις.
887 2094 1226 2162 Προεσήμανε
1266 2091 1356 2161 μὲν
1402 2085 1492 2140 οὖν
1551 2093 1642 2147 τὴν
1692 2108 1926 2162 σταυρω-

316 2197 400 2228 σιν
431 2177 613 2242 αὑτοῦ,
645 2174 852 2239 δεικνύς
877 2179 957 2230 ὅτι
987 2184 1335 2250 προγινώσκει
1364 2180 1579 2247 ταύτην,
1612 2182 1703 2230 καὶ
1746 2177 1924 2231 λοίπὸν

314 2266 568 2328 ἑκουσίως
599 2265 681 2318 ἐπὶ
734 2269 929 2324 ταύτην
975 2270 1191 2341 ἔρχεται
1232 2262 1324 2318 διὰ
1375 2271 1468 2326 τὴν
1525 2272 1789 2341 σωτηρίαν
1825 2276 1924 2320 τῶν

313 2355 619 2428 ἀνθρώπων.
650 2356 758 2408 Ούκ
811 2356 865 2419 ἐξ
910 2355 1110 2418 εὐθείας
1157 2353 1216 2408 6's
1260 2361 1378 2430 περὶ
1411 2357 1574 2418 αύτῆς
1612 2355 1768 2425 εἶπεν,
1799 2356 1926 2410 ἀλλὰ

312 2450 402 2499 τὸν
451 2448 594 2519 παρὰ
634 2449 896 2507 Μωυσέως
941 2445 1212 2516 ύψωθέντα
1244 2449 1354 2516 ὄφιν
1387 2444 1534 2499 ἔλαϐε
1561 2443 1921 2520 παραδειγμα,

314 2531 592 2588 διδάσκων
619 2537 700 2588 ὃτι
723 2544 941 2608 συγγενῆ
971 2537 1038 2588 τὰ
1061 2535 1262 2589 παλαιὰ
1281 2543 1392 2599 τοῖς
1415 2544 1626 2607 καινοῖς,
1660 2541 1750 2590 καὶ
1772 2539 1924 2591 τύποι

312 2628 511 2679 τούτων
536 2623 724 2682 ἐκεῖνα.

386 2713 544 2767 Ἐστι
575 2711 634 2767 δὲ
663 2716 693 2774 ἡ
726 2716 862 2767 κατὰ
889 2717 976 2766 τὸν
1002 2718 1115 2787 ὅφιν
1157 2716 1367 2788 ἱστορία
1389 2717 1605 2774 τοιαύτη
1629 2733 1728 2776 τιςο
1761 2716 1840 2769 Ἐν
1857 2724 1920 2790 τῇ

314 2803 490 2877 ἐρήμῳ
545 2804 710 2857 πάλαι
780 2800 1052 2865 δάκνοντες
1117 2806 1167 2856 οἱ
1218 2806 1358 2877 ὄφεις
1417 2808 1536 2867 τοὺς
1593 2804 1925 2878 Ἰσραηλίτας

315 2893 558 2970 ἀνῄρουν.
608 2893 902 2947 Ἐκέλευσεν
956 2891 1042 2946 οὖν
1101 2895 1126 2946 6
1186 2897 1316 2956 Θεὸς
1370 2903 1444 2965 τῷ
1493 2901 1707 2947 Μωῦσεί
1764 2915 1922 2948 κατα-

315 2986 576 3036 σκεύασαι
601 2982 834 3055 χαλκοῦν
856 2987 987 3055 ὅφιν,
1022 2987 1109 3036 καὶ
1145 2983 1359 3054 ὑψῶσαι
1386 2991 1566 3037 τοῦτον
1612 2983 1698 3036 ἐπὶ
1745 2983 1917 3051 ξύλου,

313 3077 406 3125 καὶ
444 3076 564 3134 τούς
618 3069 972 3146 δεδογμένους
1026 3071 1274 3133 ἀτενίζειν
1316 3073 1383 3134 εἰς
1414 3073 1588 3140 αὐτὸν,
1621 3078 1711 3126 καὶ
1758 3073 1924 3136 οὕτως

314 3163 366 3214 οἱ
393 3157 680 3234 δηχθέντες
726 3162 874 3222 ἕξων.
913 3166 1014 3214 Καὶ
1066 3159 1126 3220 ἧν
1179 3165 1338 3224 τύπος
1369 3165 1395 3214 6
1425 3163 1659 3236 χαλκοῦς
1689 3183 1801 3235 οφις
1830 3170 1921 3217 τοῦ
1955 3199 1993 3254 C

317 3251 536 3326 στερροῦ
593 3256 682 3303 καὶ
737 3248 1015 3305 ἀνηδὸτου
1083 3256 1209 3326 πρὸς
1253 3258 1439 3305 κακίαν
1518 3259 1762 3325 σώματος
1828 3261 1920 3306 τοῦ

314 3341 573 3416 Χριστοῦ·
613 3343 639 3392 6
674 3346 840 3415 χωρὶς
887 3341 987 3407 ἰοῦ,
1021 3349 1114 3394 τοῦ
1159 3347 1322 3416 χωρὶς
1369 3342 1448 3395 ἰοῦ
1498 3352 1589 3404 τῆς
1642 3343 1918 3418 ἁμαρτίας

313 3433 341 3483 6
375 3431 599 3502 ὑψωθεὶς
644 3429 729 3483 ἐπὶ
788 3431 962 3497 ξύλου,
1011 3438 1104 3484 τοῦ
1151 3431 1443 3503 ύψωθέντος
1491 3431 1575 3485 ἐπὶ
1629 3432 1781 3495 ξύλου
1830 3440 1922 3486 τοῦ

317 3528 568 3594 σταυροῦ·
614 3521 640 3572 6
684 3523 932 3592 παρέχων
970 3521 1110 3582 ζωὴν
1140 3529 1246 3582 τοίς
1289 3518 1634 3595 δεδηγμένοις
1673 3524 1774 3575 ύπὸ
1822 3531 1921 3576 τῶν

314 3616 473 3683 ὄφεων
504 3615 595 3663 καὶ
626 3608 952 3668 ἁτενίζουσιν
985 3610 1070 3682 εἰς,
1099 3611 1253 3664 αὐτὸν
1294 3620 1388 3664 τοῦ
1417 3617 1742 3686 παρέχοντος
1783 3613 1922 3674 ζωὴν

314 3700 522 3753 αἰώνιον
578 3707 689 3763 τοῖς
739 3696 1082 3772 δεδηγμένοις
1125 3702 1226 3754 ὑπὸ
1268 3710 1367 3755 τῶν
1396 3711 1590 3762 νοητῶν
1623 3707 1780 3776 ὄφεων
1830 3707 1922 3755 καὶ

315 3789 648 3852 ἆτενίζουσιν
689 3789 757 3851 εἰς
785 3790 942 3844 αὐτὸν
969 3789 1018 3842 έν
1046 3794 1245 3846 πίστει.

388 3881 484 3932 Διὰ
535 3886 688 3933 τοῦτο
739 3884 916 3932 τοίνυν
961 3881 1357 3954 ὀμοιωματικῶς
1421 3881 1556 3934 εἶπεν
1604 3883 1684 3934 ὅτι
1738 3884 1924 3946 Καθὼς

313 3969 760 4039 Μωῦσῆςύυιιωσε
808 3973 896 4023 τὸν
946 3973 1081 4042 ὄφιν,
1143 3975 1233 4024 καὶ
1287 3973 1352 4023 τὰ
1407 3971 1544 4034 ἑξῆς.
1595 3969 1722 4025 Εἶτα
1755 3991 1922 4048 προσ-

315 4060 470 4117 έθηκε
507 4064 598 4111 καὶ
623 4063 716 4117 τὴν
765 4059 936 4112 αἰτίαν
975 4069 1071 4121 τῆς
1118 4063 1366 4121 τοιαύτης
1409 4060 1681 4132 ύψώσεως·
1721 4060 1921 4135 Ὠσπερ

312 4150 417 4221 γὰρ
466 4145 656 4209 ἐκεῖνος
715 4149 896 4220 ύψωσε
950 4153 1037 4202 τὸν
1091 4153 1203 4221 ὅφιν
1255 4150 1337 4202 ἵνα
1380 4151 1429 4202 οἱ
1488 4149 1805 4214 ἀτενίζοντες
1857 4150 1925 4211 εἰς

315 4237 470 4290 αὑτὸν
510 4240 682 4310 ἔχωσι
711 4240 826 4311 (34)
874 4240 1035 4300 ζωὴ-ν’
1069 4241 1206 4292 ούτω
1243 4244 1333 4292 καὶ
1385 4239 1535 4301 οὗτος
1595 4239 1782 4312 ὑψώθη
1845 4239 1928 4293 ἶνα

313 4327 364 4380 οἰ
404 4325 724 4388 ἀτενίζοντες
752 4327 821 4388 εἰς
846 4327 1023 4392 αὐτὸν,
1070 4331 1230 4400 ἤγουν
1267 4331 1315 4381 οἱ
1355 4331 1703 4399 πιστεύοντες,
1755 4332 1927 4402 ἔχωσι

313 4417 457 4478 ζωὴν
510 4416 735 4469 αἰώνιον.
787 4416 924 4471 Ἀλλ’
993 4421 1107 4490 ὄφις
1153 4420 1244 4491 μὲν
1320 4417 1425 4470 ἐκεῖ
1494 4414 1589 4471 διὰ
1642 4422 1758 4480 τούς
1832 4415 1927 4472 δά-

311 4525 527 4568 κνοντας
611 4510 770 4578 ὄφεις,
837 4508 1110 4582 ἄνθρωπος
1209 4504 1270 4561 δέ
1346 4506 1570 4561 ἐνταῦθα
1640 4504 1734 4561 διά
1799 4510 1924 4570 τούς

314 4593 662 4667 δακνομένους
696 4597 1016 4668 ἀνθρώπους.
1055 4601 1154 4649 Καὶ
1205 4596 1312 4650 ἐκεῖ
1361 4600 1471 4669 μὲν,
1506 4596 1614 4650 ἐπεὶ
1661 4593 1733 4650 δι’
1770 4597 1925 4669 ὄφεως

311 4687 343 4744 ἡ
404 4683 600 4757 βλάϐη,
635 4681 708 4738 δι’
763 4688 923 4757 ὄφεως
952 4690 1041 4738 καὶ
1091 4688 1120 4744 ἡ
1171 4688 1434 4760 θεραπεία·
1470 4685 1692 4740 ἐνταῦθα
1719 4683 1778 4740 6':
1816 4685 1926 4739 ἐπεὶ

313 4771 390 4828 δι’
419 4774 694 4848 ἀνθρώπου
738 4775 764 4827 6
806 4776 1023 4836 θάνατος
1073 4774 1306 4834 εἰσῆλθεν
1361 4776 1433 4839 εἰς
1473 4780 1558 4829 τὸν
1597 4781 1815 4849 κόσμον,
1850 4775 1923 4828 δι’

313 4863 591 4938 ἀνθρώπου
613 4868 703 4916 καὶ
719 4865 749 4922 ἠ
777 4863 885 4925 ζωὴ
919 4868 1242 4939 παρεγένετο·
1275 4873 1457 4940 νεκροῦ
1481 4861 1560 4935 6's,
1585 4867 1668 4919 ἵνα
1695 4867 1922 4940 νεκρωθῇ

311 4956 374 5006 τὸ
395 4960 626 5026 νεκροῦν.

385 5042 558 5096 Εἰπὼν
627 5039 706 5108 6's,
775 5045 856 5098 ὅτι
905 5041 1018 5099 Ἵνα
1093 5051 1190 5106 πᾶς
1241 5046 1266 5097 6
1326 5048 1582 5099 πιστεύων
1643 5045 1711 5108 εἰς
1768 5045 1925 5100 αὐτὸν

1043 5136 1143 5209 ἔχη
1260 5134 1369 5206 (35)

482 5130 765 5203 ἀπόληται,
843 5131 950 5188 ἀλλ’
1043 5136 1143 5203 ἔχη
1260 5134 1369 5203 (35)
1470 5136 1608 5198 ζωὴν
1699 5136 1922 5190 αἰώνιον·

311 5137 386 5206 μὴ

388 5313 433 5348 ει
477 5311 500 5366 I
532 5313 720 5379 ϐοτη,
761 5316 844 5370 t3.
958 5315 1006 5350 ⁵³
1029 5316 1201 5371 Num.
1225 5330 1346 5371 xxx.
1377 5318 1430 5383 8,
1463 5319 1514 5372 9.

2041 563 2318 621 sublimia
2350 565 2660 621 videantur
2671 565 2872 634 verba,
2897 579 3020 621 non
3041 568 3235 621 tamen
3249 564 3548 636 majestati
3573 581 3698 621 suae

2038 653 2370 710 conformia
2383 659 2536 710 sunt.
2554 657 2703 710 Nam
2725 659 2932 710 etcum
2949 654 3011 710 in
3032 655 3183 711 caelo
3205 658 3310 719 est,
3330 657 3551 710 terram
3565 668 3691 709 non

2037 742 2349 816 relinquit;
2375 748 2430 800 et
2449 744 2523 800 de
2550 743 2700 800 caelo
2722 743 3116 813 descendens,
3140 759 3263 800 non
3281 743 3452 800 abest
3471 744 3696 806 acoelo,

2039 832 2144 887 sed
2191 832 2408 904 ubique
2451 837 2555 903 est,
2603 849 2743 890 cum
2793 833 3075 889 divinitas
3121 832 3533 889 circumscribi
3574 847 3700 890 non

2037 922 2247 995 possit.
2273 922 2436 978 Talia
2462 923 2960 994 tamenloquitur,
2993 937 3243 995 parcens
3260 921 3547 979 auditoris
3583 921 3698 978 im-

2037 1011 2423 1083 becillitati,et
2435 1011 2725 1085 paulatim
2742 1012 2928 1084 ipsius
2943 1018 3206 1070 mentem
3221 1011 3452 1070 elevare
3467 1011 3693 1070 volens.

2107 1282 2263 1337 Vers.
2297 1284 2386 1338 14.
2415 1283 2491 1337 Ει
2524 1313 2594 1323 -
2634 1280 2798 1336 Vers.
2838 1281 2926 1336 15.
2966 1287 3268 1339 ωερνηαηι.
3314 1284 3460 1338 Cum
3505 1281 3690 1340 maxi-

2037 1385 2206 1425 mum
2236 1370 2533 1427 retulisset
2561 1369 2942 1441 beneﬁcium,
2976 1371 3144 1443 quod
3180 1369 3550 1438 hominibus,
3587 1387 3696 1444 per

2035 1458 2404 1530 baptismum
2435 1459 2757 1524 confertur,
2789 1464 2995 1515 narrat
3014 1464 3070 1515 et
3115 1459 3278 1515 aliud
3317 1476 3438 1516 non
3473 1461 3695 1531 minus,

2035 1548 2201 1620 quod
2231 1564 2336 1620 per
2362 1565 2601 1605 crucem
2627 1549 2816 1605 datur.
2851 1549 3001 1619 Quae
3042 1549 3165 1606 duo
3196 1549 3417 1605 Paulus
3445 1565 3690 1622 quoque

2038 1637 2215 1692 simul
2234 1638 2430 1710 posuit
2457 1638 2726 1694 scribens
2748 1638 2828 1694 ad
2844 1638 3195 1695 Corinthios.
3222 1639 3385 1695 Num
3405 1654 3512 1708 pro
3534 1638 3693 1696 vobis

2036 1728 2359 1795 cruciﬁxus
2385 1733 2463 1784 est
2492 1729 2741 1792 Paulus,
2756 1734 2861 1784 aut
2879 1727 2943 1783 in
2957 1728 3182 1784 nomine
3205 1728 3390 1784 Pauli
3414 1729 3699 1798 baptizati

2037 1818 2167 1872 estis
2197 1815 2275 1870 51?
2302 1817 2450 1874 Nam
2476 1817 2606 1874 haec
2637 1817 2759 1874 duo
2789 1816 3157 1873 ineffabilem
3200 1817 3332 1888 ejus
3368 1817 3697 1874 ostendunt

2039 1905 2438 1974 dilectionem,
2467 1907 2629 1979 quod
2654 1911 2710 1962 et
2738 1907 3250 1979 regenerationem
3289 1906 3611 1963 contribuit
3631 1909 3698 1962 ut

2036 1995 2353 2051 mundaret
2377 2012 2487 2052 nos
2516 2012 2553 2052 a
2573 1997 2832 2068 peccatis
2854 1996 3095 2063 nostris,
3117 1995 3508 2052 etcruciﬁxus
3522 1999 3612 2052 est
3631 1998 3697 2052 ut

2033 2083 2089 2140 in
2129 2091 2422 2141 aeternum
2461 2085 2758 2142 vivamus.
2795 2083 3213 2157 lnnuibitaque
3245 2084 3694 2141 cruciﬁxionem

2034 2188 2226 2243 suam,
2258 2173 2581 2229 ostendens
2630 2172 2793 2245 quod
2836 2189 2971 2229 eam
3011 2173 3502 2246 praecognoverit,
3536 2177 3592 2229 et
3622 2189 3698 2229 ex

2034 2263 2420 2334 consequenti
2455 2262 2789 2319 voluntarie
2821 2261 2899 2318 ad
2937 2279 3074 2319 eam
3114 2267 3354 2335 propter
3385 2262 3696 2320 hominum

2033 2351 2288 2408 salutem
2316 2352 2580 2408 accedat.
2615 2355 2739 2408 Non
2769 2356 2970 2408 tamen
2987 2351 3061 2408 de
3100 2367 3172 2408 ea
3208 2351 3427 2407 directe
3460 2351 3697 2408 locutus

2033 2441 2257 2508 estsed,
2273 2441 2512 2498 exaltati
2535 2459 2569 2497 a
2585 2441 2743 2498 Mose
2757 2442 3047 2514 serpentis
3062 2441 3319 2514 sumpsit
3331 2441 3693 2513 exemplum,

2033 2530 2257 2588 docens
2285 2531 2452 2604 quod
2480 2535 2683 2588 vetera
2709 2530 2886 2587 novis
2909 2535 3166 2601 cognata
3195 2529 3330 2600 sint,
3364 2545 3696 2603 eorumque

2031 2622 2264 2692 ﬁgurae.
2798 2645 2801 2647 -

2105 2714 2201 2768 Est
2220 2713 2421 2768 autem
2446 2709 2522 2765 de
2551 2713 2827 2782 serpente
2875 2708 3128 2766 historia
3157 2709 3292 2767 talis
3338 2729 3352 2770 :
3387 2710 3453 2766 In
3494 2724 3696 2767 eremo

2032 2801 2173 2858 olim
2190 2803 2493 2873 serpentes
2507 2815 2714 2856 morsu
2725 2798 3028 2856 necabant
3046 2799 3542 2856 lsraelitas.Jussit
3554 2814 3696 2872 ergo

2034 2894 2188 2947 Deus
2216 2890 2445 2958 Mosi,ut
2495 2889 2720 2945 factum
2770 2894 3107 2961 serpentem
3138 2903 3375 2945 aeneum
3418 2889 3698 2946 exaltaret

2032 2981 2094 3037 in
2113 2981 2299 3050 ligno;
2326 2979 2398 3036 ad
2425 2995 2606 3052 quem
2627 2977 3026 3046 intenderent,
3061 2978 3166 3051 qui
3192 2977 3363 3035 morsi
3415 2983 3586 3034 erant
3623 2993 3696 3036 ac

2033 3073 2390 3126 sanarentur
2418 3069 2488 3136 ⁵³,
2527 3071 2757 3140 Eraque
2785 3083 3026 3140 serpens
3055 3083 3255 3124 aeneus
3285 3067 3474 3124 durus
3503 3067 3698 3138 ﬁgura

2033 3159 2300 3233 corporis
2317 3157 2547 3227 Christi,
2575 3157 2710 3214 duri
2755 3173 2828 3213 ac
2875 3158 3061 3214 severi
3107 3161 3317 3213 contra
3350 3160 3691 3230 peccatum:

2036 3250 2132 3307 ille
2161 3249 2656 3321 absqueveneno,
2679 3251 2736 3304 et
2764 3247 2857 3303 hic
2880 3247 3009 3303 sine
3038 3261 3274 3305 veneno
3301 3246 3532 3319 peccati
3565 3245 3695 3303 :ille

2034 3341 2095 3396 in
2118 3338 2279 3409 ligno
2305 3337 2592 3403 elevatus,
2627 3342 2684 3392 et
2713 3336 2809 3394 hic
2833 3337 2895 3393 in
2926 3336 3090 3406 ligno
3129 3335 3325 3392 crucis
3355 3335 3650 3393 exaltatus
3678 3351 3696 3402 ;

2034 3429 2131 3486 ille
2160 3427 2376 3485 morsis
2409 3444 2444 3484 a
2471 3433 2741 3499 serpente
2772 3432 2829 3484 et
2853 3427 2914 3483 in
2947 3442 3010 3482 se
3033 3425 3482 3482 intendentibus
3506 3424 3695 3482 vitam

2036 3519 2330 3592 praebens,
2345 3517 2441 3573 hic
2457 3516 3106 3589 morsisaserpentibus
3120 3515 3499 3588 spritualibus
3512 3515 3696 3572 vitam

2034 3609 2303 3666 tribuens
2329 3605 2781 3679 sempiternam,
2802 3605 2854 3662 si
2886 3605 3002 3662 ﬁde
3040 3606 3101 3662 in
3132 3605 3334 3678 ipsum
3365 3604 3694 3663 intendant.

2107 3879 2352 3949 Propter
2371 3877 2487 3934 hoc
2513 3891 2655 3947 ergo
2687 3892 2792 3948 per
2813 3874 3268 3932 similitudinem
3299 3874 3446 3932 dixit
3477 3892 3492 3934 ς
3523 3874 3699 3932 Sicut

2034 3968 2211 4026 Moses
2226 3967 2510 4025 exultavit
2527 3969 2872 4034 serpentem,
2888 3971 2944 4021 et
2955 3970 3190 4022 caetera.
3207 3965 3428 4021 Deinde
3442 3980 3696 4021 causam

2035 4057 2205 4113 addit
2254 4055 2384 4112 talis
2439 4054 2833 4111 exaltationis.
2883 4053 3043 4110 Sicut
3089 4053 3246 4109 enim
3303 4053 3554 4111 elevavit
3605 4052 3698 4110 ille

2037 4151 2372 4219 serpentem
2403 4146 2540 4201 utin
2568 4160 2708 4200 eum
2749 4143 3121 4200 intendentes
3160 4142 3345 4198 vitam
3382 4142 3696 4210 haberent,

2036 4236 2117 4292 ita
2147 4235 2318 4292 ethic
2349 4234 2642 4291 exaltatus
2681 4236 2768 4288 est
2806 4237 2869 4288 ut
2900 4232 2960 4288 in
2990 4248 3128 4289 eum
3159 4230 3532 4288 intendentes
3571 4230 3697 4287 sive

2037 4325 2364 4391 credentes,
2383 4325 2567 4380 vitam
2579 4321 3303 4393 habeantsempiternam.
3326 4319 3535 4377 Sedibi
3553 4335 3698 4377 sane

2039 4431 2286 4488 serpens
2334 4419 2566 4488 propter
2611 4416 2914 4486 serpentes
2955 4411 3314 4476 mordentes,
3356 4410 3453 4466 hic
3493 4412 3698 4466 autem

2035 4508 2220 4563 homo
2251 4509 2491 4577 propter
2518 4503 2796 4558 homines
2844 4517 3101 4558 morsos.
3139 4500 3222 4556 lbi
3268 4498 3412 4573 quia
3454 4503 3700 4572 propter

2034 4601 2339 4669 serpentes
2362 4595 3186 4668 proveneratnocumentum,
3218 4606 3326 4663 per
3357 4597 3699 4663 serpentem

2035 4692 2162 4742 erat
2200 4691 2256 4742 et
2310 4699 2454 4740 cura
2501 4701 2514 4739 :
2566 4683 2660 4738 hic
2703 4697 2864 4746 vero,
2908 4680 3194 4752 quoniam
3241 4694 3346 4753 per
3388 4679 3696 4736 hominem

2032 4776 2272 4833 intravit
2301 4791 2463 4830 mors
2492 4774 2553 4829 in
2580 4771 2901 4838 mundum,
2935 4770 3108 4827 datur
3127 4774 3185 4826 et
3211 4769 3336 4826 vita
3370 4785 3476 4842 per
3511 4770 3701 4826 homi-

2035 4883 2165 4923 nem
2199 4880 2494 4937 :eumque
2523 4868 2853 4928 mortuum,
2884 4864 2948 4916 ut
2971 4860 3022 4917 is
3050 4859 3154 4932 qui
3178 4863 3434 4916 mortem
3453 4859 3702 4916 induxe-
3749 4858 3752 4861 ’

2036 4961 2148 5021 rat,
2175 4958 2526 5010 moreretur.

2109 5045 2314 5101 Dicens
2339 5047 2539 5099 autem
2564 5061 2577 5100 :
2604 5040 2676 5098 Ut
2695 5040 2886 5097 omnis
2909 5038 3014 5111 qui
3033 5037 3218 5095 credit
3234 5037 3298 5092 in
3311 5052 3444 5093 eum
3470 5052 3590 5093 non
3602 5050 3700 5107 pe-

2033 5139 2184 5200 reat,
2215 5132 2318 5191 sed
2343 5131 2544 5188 habeat
2567 5129 2743 5188 vitam
2783 5133 3085 5198 aeternam,
3128 5124 3376 5182 omnino
3417 5140 3479 5182 se
3505 5123 3699 5182 Deum

1548 5521 1774 5591 Variae
1800 5521 2133 5590 lectiones
2161 5529 2228 5587 et
2258 5528 2460 5586 notae.

386 5715 502 5788 (33)
535 5714 610 5767 Ού
631 5719 729 5794 ’καὶ
768 5716 1010 5794 ἐλαττονα
1058 5717 1232 5794 ἑτέραν
1265 5718 1392 5794 (hic
1419 5724 1506 5794 est
1538 5719 1798 5793 spatium
1829 5735 1930 5776 va-

313 5787 501 5846 cuum
541 5787 812 5866 quinque
841 5787 1196 5866 litterarum)
1229 5787 1321 5858 τῆν
1362 5788 1454 5848 διά
1478 5797 1537 5850 Α.

2274 5715 2505 5788 Ἔχουσι
2544 5714 2611 5771 Α.

2118 5720 2211 5784 (34

2214 5717 2234 5864 ζ
2274 5717 2505 5788 Ἔχουσι

2277 5787 2430 5864 Ἔχει
2461 5794 2525 5850 Α.

2119 5791 2208 5865 (εδ
