4156 6390
502 336 633 395 1171
1819 324 2142 383 EUTHYMI

2243 321 2536 379 JIGABENI
3738 320 3884 376 H72

499 478 633 519 esse
662 461 941 523 ostendit,
973 459 1146 531 cujus
1174 475 1330 514 mors
1352 460 1594 530 praestat
1617 455 1746 512 aliis
1774 454 1961 510 vitam
1987 459 2140 508 aeter-

2268 448 2496 522 ἐνέφηνεν
2561 451 2641 501 ὃτι
2697 448 2758 501 οὗ
2820 450 2846 500 6
2908 450 3127 508 θάνατος
3175 447 3362 521 ἕτεροις
3432 451 3658 520 παρέχει
3737 451 3883 510 ζωὴν

497 568 665 609 nam.
682 550 926 607 Moritur
940 548 1235 622 siquidem
1250 553 1541 620 tanquam
1559 546 1764 614 homo,
1792 548 2034 617 prmstat
2051 558 2138 598 au-

2271 539 2496 604 αἰώνιον,
2551 543 2681 601 Θεός
2746 538 2859 591 ἐστι
2907 540 3132 599 πάντως’
3194 539 3358 590 θανὼν
3408 541 3497 609 μέν
3554 539 3624 599 ὡς
3676 538 3880 609 ἄνθρω-

499 645 620 698 tem
649 641 834 696 vitam
857 643 1440 709 aeternamtanquam
1465 639 1616 691 Deus
1645 653 1658 691 :
1689 640 1746 691 et
1771 633 1875 706 qui
1903 633 2140 688 aliorun

2268 649 2380 691 πος,
2417 635 2665 702 παρέχων
2699 627 2758 682 δὲ
2799 629 2937 689 ζωὴν
2979 630 3184 680 αἰώνιον
3235 631 3303 688 ὡς
3358 631 3506 690 Θεὸς·
3563 633 3652 680 καὶ
3702 628 3727 679 6
3773 647 3882 679 κω-

501 729 770 804 prohibet
783 727 1335 802 perditionem,ipse
1350 741 1726 798 nequaquam
1743 723 1926 796 perire
1943 725 2142 795 potest

2269 717 2402 770 λύων
2434 724 2521 776 τὴν
2547 719 2727 794 ἐτέρων
2759 717 3014 771 ἀπώλειαν
3036 718 3129 770 οὐκ
3161 718 3222 769 οἶν
3253 736 3380 770 ποτε
3411 717 3567 778 αὐτὸς
3607 716 3883 769 ἀπολεῖται

502 820 659 877 Crux
688 833 828 889 ergo
857 819 993 874 vita:
1024 822 1257 872 aeternae
1286 816 1418 870 fons
1450 821 1555 870 est.
1583 814 1767 879 Unde,
1795 813 1960 886 quod
1997 810 2143 880 cogi-

2267 807 2326 859 Ὀ
2395 812 2616 882 σταυρὸς
2688 805 2775 860 οὖν
2838 812 2983 880 πηγὴ
3048 811 3182 872 ζωὴς
3250 807 3484 874 αἰωνίου,
3545 808 3571 858 ὃ
3626 809 3883 879 λογισμὸς

500 909 642 966 tatio
658 923 778 964 non
795 907 964 964 facile
976 905 1204 978 recipit,
1223 906 1371 960 ﬁdes
1387 903 1610 975 recipit,
1632 919 1765 976 quas
1779 899 2141 973 cogitationis

2270 903 2360 970 μὶν
2389 895 2591 974 ῥᾳδίως
2629 899 2688 950 ού
2720 895 3099 974 παραδέχεται,
3148 902 3329 959 πίστις
3376 893 3436 949 δε
3485 893 3878 970 παραδέχεται.

499 997 887 1056 imbecillitati
915 1012 1134 1053 nervos
1166 995 1346 1052 addit.
1395 994 1555 1050 Patet
1583 1008 1725 1063 ergo
1754 992 1895 1048 ﬁdei
1917 990 2135 1046 utilitas

2269 997 2526 1062 νευροῦσα
2575 996 2668 1040 τοῦ
2719 987 2978 1061 λογισμοῦ
3033 991 3127 1046 τὴν
3159 985 3444 1042 ἀσθένειαν.
3497 991 3663 1062 Χρεία
3705 992 3880 1040 τοίνυν

2270 1099 2470 1132 πιστεω
2480 1100 2518 1140 ς.

570 1180 736 1234 Vers.
775 1182 859 1234 16.
893 1176 993 1234 Sic
1041 1206 1108 1217 —
1158 1181 1464 1232 aeternam.
1516 1205 1572 1215 —
1624 1173 1779 1228 Deus
1829 1171 1912 1228 sic
1961 1169 2162 1226 dilexit

2345 1173 2524 1231 Οὕτως
2581 1199 2648 1208 -—
2708 1172 2935 1222 αἰώνιον.
3007 1167 3189 1230 Ούτως
3218 1167 3492 1239 ἠγάπησεν
3545 1168 3570 1218 6
3609 1170 3736 1228 Θεὸς
3786 1168 3876 1219 τόν

498 1268 820 1331 mundum,
853 1267 978 1322 sive
1003 1266 1150 1321 adeo
1177 1263 1445 1319 homines
1464 1267 1644 1326 amat,
1670 1267 1731 1318 ut
1771 1277 1879 1334 pro
1909 1259 2139 1316 homini

2269 1263 2485 1330 κόσμον,
2537 1261 2696 1329 ἤγουν
2755 1261 3004 1309 τοσοῦτόν
3037 1254 3149 1308 ἐστι
3199 1255 3580 1328 φιλάνθρωπος,
3615 1258 3751 1309 ὥστε
3791 1258 3878 1308 τόν

497 1357 615 1414 bus
649 1357 857 1412 Filium
887 1372 1064 1410 suum
1096 1354 1452 1410 dilectumin
1488 1358 1737 1407 mortem
1752 1350 2076 1418 tradiderit,
2100 1366 2135 1402 u

2270 1351 2388 1401 Υἱόν
2420 1348 2579 1400 αύτού
2611 1351 2697 1398 τόν
2738 1345 3008 1418 ἀγαπητὸν
3070 1343 3312 1410 ἐξέδωκεν
3352 1348 3478 1420 ὑπερ
3524 1355 3624 1397 τῶν
3679 1345 3880 1419 ἀνθρώ-

500 1447 699 1504 omnis
716 1447 819 1519 qui
841 1445 1027 1501 credit
1043 1445 1099 1500 in
1128 1460 1287 1508 eum,
1308 1442 1468 1498 vivat
1486 1441 1822 1514 perenniter
1847 1441 1968 1496 vita
1985 1440 2141 1494 beat:

2271 1459 2378 1491 πων
2438 1438 2507 1500 εἰς
2563 1439 2798 1504 θάνατον,
2860 1438 2942 1488 ἱνα
2979 1443 3082 1498 πᾶς
3136 1437 3161 1487 6
3195 1438 3452 1488 πιστεύων
3504 1435 3573 1497 εἰς
3623 1434 3776 1486 αὐτὸν
3815 1438 3877 1507 ζῇ

501 1551 638 1609 quin
660 1534 881 1591 sanctis
903 1533 1194 1604 congruit.
1213 1531 1480 1588 Ostendit
1497 1545 1661 1600 ergo,
1689 1529 1853 1602 quod
1871 1529 1944 1584 de
1963 1532 2142 1584 ment:

2274 1528 2491 1589 αἰωνίως
2569 1531 2661 1585 τὴν
2709 1532 2975 1601 μακαρίαν
3044 1526 3204 1588 ζωὴν,
3276 1530 3369 1584 τὴν
3418 1530 3718 1599 πρέπουσαν
3774 1532 3885 1586 τοῖς

503 1641 615 1682 sua
646 1626 797 1680 sicut
826 1629 880 1680 et
905 1624 1088 1679 Patris
1116 1622 1286 1678 fuerit
1317 1621 1618 1676 cruciﬁxio
1653 1641 1666 1672 :
1702 1635 1827 1675 una
1865 1619 2144 1691 siquidem

2274 1618 2463 1690 ἁγίοις.
2498 1614 2701 1680 Ἐδειξε
2747 1623 2919 1669 τοίνυν
2952 1618 3032 1668 ὅτι
3073 1621 3158 1668 καὶ
3193 1625 3263 1687 τῷ
3309 1621 3476 1690 Πατρὶ
3505 1617 3640 1667 κατὰ
3669 1619 3883 1686 γνώμην

504 1714 842 1787 eademque
880 1713 1154 1769 voluntas
1181 1718 1267 1768 est
1297 1711 1496 1770 Patris
1529 1715 1585 1765 et
1633 1709 1759 1764 Filii
1791 1725 1861 1764 ac
1913 1709 2145 1780 Spiritu:

2274 1709 2303 1765 ἡ
2344 1710 2657 1779 σταύρωσις.
2690 1706 2776 1759 ’Ἐν
2820 1710 2921 1779 γὰρ
2948 1711 3038 1758 καὶ
3086 1709 3144 1758 τό
3190 1705 3315 1758 αὐτὸ
3351 1705 3550 1777 θέλημα
3584 1710 3750 1778 Πατρὶ
3793 1708 3887 1755 καὶ

505 1805 713 1860 sancti.
735 1806 990 1860 Rursum
1016 1801 1181 1874 quod
1212 1801 1444 1857 additur
1471 1817 1484 1855 :
1527 1799 1819 1864 Utomm’s,
1856 1798 2146 1870 quicredi.

2276 1797 2377 1867 Υὶῴ
2424 1802 2513 1848 καὶ
2565 1796 2698 1868 ἁγίῳ
2755 1799 3036 1868 Πνεύματι.
3095 1794 3254 1848 Πάλιν
3314 1793 3372 1847 δὲ
3417 1799 3494 1858 τὸ,
3550 1799 3658 1846 Ἵνα
3710 1799 3811 1855 πᾶς
3859 1794 3885 1844 6

502 1894 566 1949 in
587 1909 719 1950 eum
739 1909 858 1948 non
878 1898 1102 1962 pereat,
1125 1891 1226 1948 sed
1245 1891 1458 1947 habeat
1488 1891 1665 1946 vitam
1691 1896 1996 1952 aeternam,
2023 1903 2143 1943 cont

2275 1889 2530 1939 πιστεύων
2555 1886 2627 1947 εἰς
2655 1886 2810 1937 αύτὸν
2829 1890 2899 1957 μὴ
2928 1883 3206 1954 ἀπόληται,
3231 1883 3341 1936 ἀλλ’
3367 1887 3466 1957 ἔχη
3495 1884 3632 1944 ζωὴν
3655 1882 3882 1950 αἰώνιον,

501 1983 760 2039 ﬁrmatio
789 1982 955 2038 verbi
996 1987 1102 2036 est.

2276 1975 2349 2037 εἰς
2386 1975 2672 2048 βεϐαίωσιν
2702 1983 2794 2028 τοῦ
2831 1975 3007 2046 λόγου.

575 2072 688 2128 Sed
706 2088 891 2144 quam
909 2070 988 2126 ob
1002 2086 1251 2126 causam
1269 2069 1473 2125 dilexit
1501 2071 1653 2124 Deus
1669 2067 1964 2123 mundum
1985 2067 2012 2122 ?
2043 2066 2168 2138 pla-

2347 2065 2503 2118 Ἀλλὰ
2531 2071 2666 2127 τίνος
2695 2067 2853 2118 ἕνεκεν
2882 2067 2906 2117 6
2932 2068 3060 2127 Θεὸς
3091 2066 3337 2136 ἠγάπησε
3357 2067 3441 2116 τόν
3466 2069 3664 2136 κόσμον
3694 2081 3707 2130 ;
3746 2065 3888 2116 Πάν-

503 2177 582 2218 ne
612 2163 687 2218 ob
714 2161 875 2218 aliud
897 2160 1063 2224 nihil,
1082 2176 1268 2232 quam
1292 2166 1530 2232 propter
1548 2158 1910 2214 immensam
1932 2157 2143 2212 bonita

2119 2172 2168 2212 ι·
2275 2175 2376 2218 τως
2417 2153 2489 2208 δι’
2521 2153 2672 2209 ούδεν
2706 2158 2872 2228 ἕτερον
2911 2156 2940 2214 ἡ
2988 2152 3060 2207 δι’
3098 2154 3384 2230 ὑπερϐολὴν
3418 2152 3760 2226 ἀγαθότητος.

503 2255 626 2308 tem
655 2265 851 2306 suam.

577 2338 1019 2395 Erubescamus
1048 2337 1225 2408 igitur
1255 2338 1553 2394 intuentes
1584 2337 1710 2408 ejus
1738 2336 2120 2392 dilectionem
2150 2351 2164 2391 :

2349 2335 2728 2408 Αἰσχυνθὼμεν
2771 2330 2859 2386 οὖν
2911 2333 3071 2386 αὐτοῦ
3127 2337 3222 2392 τὴν
3273 2332 3500 2405 ἀγάπην.
3560 2333 3727 2395 Αὐτὸς
3793 2334 3886 2405 μὲν

504 2446 649 2487 nam
672 2430 686 2484 i
696 2446 797 2502 pse
815 2445 1005 2501 neque
1024 2428 1170 2484 Filio
1188 2444 1297 2484 suo
1321 2427 1629 2500 unigenito
1648 2427 1908 2500 pepercit
1926 2431 2145 2500 propte:

2275 2427 2376 2498 γὰρ
2411 2422 2532 2478 οὐδὲ
2578 2433 2662 2476 τοῦ
2695 2427 2818 2477 Υἰοῡ
2859 2433 2952 2476 τοῦ
2991 2431 3292 2496 μονογενοῦς
3341 2422 3579 2496 ἐφείσατο
3621 2419 3692 2476 δι’
3723 2425 3883 2495 ἡμᾶς·

504 2535 639 2586 nos,
673 2525 733 2575 at
761 2534 872 2573 nos
911 2519 1086 2573 etiam
1120 2516 1386 2589 pecuniis
1417 2517 1735 2588 parcimus,
1765 2532 1838 2571 ne
1885 2533 1990 2572 eas
2030 2532 2140 2587 pro

2278 2518 2422 2579 ἡμεῖς
2487 2513 2546 2566 δὲ
2611 2521 2702 2566 καὶ
2769 2517 3063 2589 χρημάτων
3127 2511 3411 2587 φειδόμεθα
3481 2510 3553 2566 δι’
3612 2513 3787 2576 αὐτόν,
3864 2514 3889 2565 ὃ

509 2615 640 2683 pter
666 2610 854 2680 ipsum
877 2607 1274 2679 expendamus
1309 2627 1320 2666 :
1365 2606 1529 2678 quod
1555 2613 1708 2662 certe
1733 2623 1965 2662 omnem
2001 2621 2142 2661 exce

2279 2612 2454 2657 πᾶσαν
2546 2603 2892 2678 ὑπερϐέϐηκεν
2961 2609 3117 2664 ὄντως
3194 2602 3544 2675 ἀχαριστίαν
3612 2605 3675 2663 ὡς
3759 2601 3890 2655 εἶναι

508 2701 596 2755 dit
621 2697 1127 2769 ingratitudinem,
1154 2703 1215 2752 ut
1237 2712 1390 2768 opus
1413 2697 1542 2767 ejus
1564 2696 1874 2752 immensae
1903 2702 1976 2751 snt
1998 2697 2149 2751 boni

2277 2699 2336 2746 :6
2395 2697 2586 2746 ἐκείνου
2652 2697 2742 2766 μεν
2826 2693 3112 2768 ὑπερϐολὴν
3200 2691 3544 2764 ἀγαθότητος,
3625 2695 3681 2744 τὸ
3764 2695 3890 2764 ἡμέ-

510 2788 663 2852 tatis,
698 2791 970 2842 nostrum
1004 2802 1142 2842 vero
1179 2785 1487 2841 immensae
1518 2785 1984 2854 ingratitudinis.
2018 2790 2151 2858 Erg:

2279 2803 2424 2858 τερον
2480 2781 2558 2850 δὲ,
2636 2783 2922 2858 ὑπερϐολὴν
2995 2783 3340 2856 ἀχαριστίας.
3408 2783 3561 2834 Ἀλλὰ
3611 2787 3700 2834 καὶ
3755 2784 3889 2856 πρός

510 2877 723 2933 Filium
777 2891 1014 2948 quoque
1067 2875 1240 2931 simili
1303 2877 1526 2930 utimur
1591 2877 1860 2948 perﬁdia.
1933 2876 2144 2932 Homin

2279 2878 2367 2925 τόν
2430 2877 2548 2926 Υίόν
2624 2878 2716 2932 τὴν
2787 2878 2906 2932 ἰσην
2985 2875 3360 2945 ἀγνωμοσύνην
3424 2880 3697 2946 τηροῦμεν.
3771 2872 3887 2924 Ἀν-

508 2982 760 3039 namque
781 2965 883 3038 qui
908 2981 967 3020 se
988 2982 1095 3038 pro
1118 2965 1292 3021 nobis
1308 2967 1582 3038 exposuit
1599 2965 1883 3038 periculo,
1902 2973 2149 3038 prompt:

2281 2965 2466 3037 θρώπῳ
2525 2967 2614 3035 μὲν
2692 2966 2792 3037 γὰρ
2877 2965 3003 3038 ὑπερ
3077 2965 3222 3034 ἡμῶν
3277 2959 3650 3026 κινδυνεύοντι,
3709 2968 3886 3012 πᾶσαν

509 3071 755 3112 omnem
793 3054 1086 3111 tradimus
1113 3055 1515 3111 substantiam
1551 3075 1563 3115 :
1599 3055 1830 3112 Christo
1876 3071 2016 3111 vero
2063 3073 2142 3129 qu

2279 3055 2554 3126 προθύμως
2607 3050 2932 3125 ἐπιδώσομεν
2983 3052 3042 3104 ἂν
3087 3057 3174 3110 τὴν
3227 3052 3432 3104 οὐσίαν⁸
3463 3060 3534 3122 τῷ
3577 3047 3634 3104 δὲ
3670 3057 3886 3124 Χριστῷ

508 3162 620 3220 pro
662 3146 840 3201 nobis
877 3149 1149 3200 mortuus
1180 3150 1286 3213 est,
1316 3160 1511 3218 neque
1551 3145 1708 3200 hanc
1732 3145 2149 3202 benevolentia

2281 3139 2353 3195 δι’
2409 3145 2549 3215 ἡμᾶς
2620 3141 2954 3212 ἀποθανόντι,
3025 3139 3149 3195 οὐδὲ
3233 3150 3384 3195 τοῦτο
3443 3145 3502 3194 τό
3556 3145 3737 3215 μέτρον
3791 3147 3885 3201 τῆς

508 3250 853 3292 mensuram
877 3234 1227 3289 exhibemus
1263 3254 1274 3291 :
1307 3235 1410 3290 sed
1454 3234 1660 3291 fratres
1711 3235 1839 3306 ejus
1887 3235 2149 3290 minimo:

2281 3232 2678 3305 εὐγνωμοσύνης
2762 3232 3100 3305 φυλάττομεν,
3185 3231 3312 3284 αλλὰ
3390 3240 3693 3306 παρορῶμεν
3763 3233 3883 3291 τοὺς

508 3324 875 3396 despicimus
897 3323 1247 3388 esurientes,
1271 3324 1501 3396 aliaque
1523 3324 1782 3396 plurima
1813 3326 2149 3380 sustinente:

2280 3318 2532 3394 ἀδελφούς
2608 3323 2788 3387 αὐτοῦ,
2838 3327 2956 3384 τοὺς
3033 3322 3366 3394 ἐλαχίστους,
3444 3329 3718 3382 πεινῶντας
3793 3327 3885 3372 καὶ

508 3414 703 3483 magis
724 3418 921 3469 autem
950 3413 1168 3484 ipsum,
1194 3414 1295 3485 qui
1317 3414 1480 3470 mala
1500 3413 1734 3469 illorum
1765 3429 1871 3485 per
1893 3430 2149 3486 compas

2281 3408 2589 3482 διψῶντας,
2713 3419 2802 3464 καὶ
2906 3412 3069 3464 τοῖλλα
3169 3415 3338 3464 πάντα
3431 3412 3879 3473 κακοπαθοῦντας,

509 3503 742 3560 sionem
773 3518 884 3575 pro
911 3503 1036 3557 suis
1077 3501 1255 3558 ducit.

2278 3501 2468 3574 μᾶλλον
2525 3497 2584 3554 δε
2637 3502 2791 3554 αὐτόν
2848 3500 3054 3572 ἐκεῖνον,
3111 3505 3197 3554 τόν
3238 3505 3303 3554 :6:
3352 3500 3551 3554 ἐκείνων
3594 3502 3884 3572 συμπαθῶς

2278 3591 2643 3664 οἰκειούμενον.

579 3680 742 3735 Vers.
777 3684 866 3737 l7.
911 3680 1043 3736 Non
1075 3708 1140 3718 —
1189 3695 1340 3736 eum.
1384 3679 1575 3736 Aliam
1619 3696 1860 3753 quoque
1914 3681 2016 3737 Dei
2070 3699 2171 3739 os-

2352 3681 2428 3735 Ού
2460 3713 2529 3721 -
2555 3681 2732 3735 αὐτοῦ.
2781 3685 3020 3733 Δείκνυσι
3059 3686 3149 3734 καὶ
3200 3681 3357 3738 ἄλλην
3409 3680 3501 3732 τοῦ
3549 3683 3676 3732 Θεοῦ
3707 3677 3889 3750 φιλαν-

510 3768 697 3825 tendit
726 3767 1163 3824 humanitatem
1185 3784 1253 3825 ac
1280 3769 1643 3825 ineffabilem
1671 3787 1850 3842 quam
1887 3787 2028 3843 erga
2054 3789 2151 3827 nos

2281 3771 2511 3844 θρωπίαν
2570 3775 2658 3822 καὶ
2718 3767 3033 3842 κηδεμονίαν
3081 3772 3295 3843 ἄφατον.
3331 3772 3405 3822 Ού
3459 3774 3615 3842 μόνον
3646 3771 3744 3840 γὰρ
3798 3773 3885 3820 τόν

511 3857 656 3927 gerit
683 3872 914 3912 curam.
939 3861 1138 3929 Neque
1163 3858 1321 3913 enim
1345 3859 1539 3914 solum
1567 3859 1732 3914 dedit
1760 3859 1963 3916 Filium
1991 3879 2152 3916 suun

2279 3862 2396 3912 Υὶόν
2439 3859 2599 3911 αὐτοῦ
2653 3864 2738 3912 τόν
2796 3869 3038 3932 μονογενῆ
3083 3857 3291 3925 ἔδωκεν,
3326 3858 3452 3911 ἀλλὰ
3497 3865 3587 3911 καὶ
3625 3863 3719 3917 τὴν
3770 3863 3886 3932 κρί-

508 3947 904 4015 unigenitum,
940 3948 1043 4002 sed
1084 3953 1140 4003 et
1173 3947 1466 4018 judicium
1505 3949 1725 4020 rejecit,
1769 3966 1839 4006 ac
1875 3950 1930 4006 in
1963 3967 2149 4006 secun'

2282 3969 2364 4001 σιν
2396 3949 2685 4016 ἀνεϐάλετο,
2718 3955 2806 4002 καὶ
2856 3947 2924 4012 εἷς
2956 3955 3048 4009 την
3083 3947 3329 4025 δευτέραν
3376 3954 3670 4022 παρουσίαν
3719 3948 3885 4006 αὐτὴν

509 4035 658 4091 dum
690 4037 818 4107 ejus
851 4037 1081 4092 distulit
1116 4037 1461 4094 adventum.

1000 4037 1081 4091 [lit
1116 4037 1461 4094 adventum.
2279 4037 2641 4111 ἐταμιεύσατο.

582 4127 709 4181 Duo
741 4125 1036 4198 siquidem
1066 4127 1274 4184 Christi
1302 4133 1440 4183 sunt
1467 4128 1776 4192 adventus,
1807 4130 1908 4201 qui
1931 4130 2060 4200 jam
2087 4130 2170 4186 fa-

2350 4133 2447 4182 Δύο
2494 4132 2594 4204 γὰρ
2629 4132 2682 4182 αἱ
2730 4138 2817 4182 τοῦ
2864 4137 3097 4204 Χριστοῦ
3154 4135 3462 4203 παρουσίαι,
3494 4131 3522 4186 ἡ
3582 4124 3688 4187 ἤδη
3731 4147 3885 4200 γεγε-

509 4219 638 4271 ctus
663 4221 754 4271 est
783 4222 838 4271 et
867 4217 968 4288 qui
1000 4217 1236 4272 futurus
1259 4223 1367 4273 est.
1398 4220 1522 4273 Non
1551 4222 1690 4273 sunt
1718 4224 1917 4274 autem
1951 4219 2012 4274 hi
2046 4220 2150 4275 du:

2277 4225 2466 4292 νημένη
2526 4230 2616 4272 καί
2675 4223 2703 4279 ἡ
2756 4220 3035 4292 μέλλουσα.
3070 4220 3180 4271 Ούκ
3212 4220 3294 4273 ἐπὶ
3336 4228 3440 4279 τοῖς
3491 4219 3663 4279 αὐτοῖς
3713 4215 3772 4271 δὲ
3833 4221 3887 4271 αἱ

509 4304 589 4360 ad
619 4304 857 4360 eosdem
887 4306 1033 4360 ﬁnes
1061 4321 1073 4371 ;
1097 4312 1183 4360 est
1209 4307 1368 4361 enim
1404 4307 1636 4377 primus
1669 4323 1790 4363 non
1820 4314 1882 4364 ut
1904 4309 2142 4381 iuquira

2279 4306 2395 4365 δύο.
2462 4309 2593 4362 Ἀλλ’
2636 4312 2665 4368 ἡ
2714 4316 2892 4383 πρώτη
2948 4313 3036 4382 μεν
3069 4310 3170 4380 οὐχ
3228 4311 3308 4361 ἱνα
3344 4308 3555 4382 ἐξετάσῃ
3593 4312 3657 4361 τὰ
3689 4328 3883 4382 πεπρα-

508 4395 615 4450 sed
636 4399 699 4450 ut
717 4395 976 4450 remittat
1001 4411 1137 4467 qua:
1159 4395 1237 4451 ab
1257 4396 1604 4452 hominibus
1626 4403 1964 4469 perpetrata
1987 4406 2122 4455 sunt

2275 4404 2440 4471 γμενα
2511 4406 2622 4460 τοῖς
2684 4398 2998 4473 ἀνθρώποις,
3084 4397 3190 4450 ἀλλ’
3284 4400 3366 4450 ἱνα
3442 4397 3567 4471 ἀφῇ.
3661 4395 3885 4470 δευτέρα

509 4485 810 4539 secundus
854 4501 992 4540 vero
1036 4499 1156 4539 non
1203 4491 1264 4539 ut
1307 4486 1580 4552 remittat,
1625 4487 1732 4543 sed
1763 4492 1826 4543 ut
1883 4487 2144 4560 inquirat

2280 4485 2339 4541 δὲ
2369 4489 2473 4560 οὐχ
2503 4490 2584 4541 ἱνα
2615 4487 2740 4561 ἀφῇ,
2775 4488 2882 4540 ἀλλ’
2908 4491 2988 4540 ἶνα
3019 4487 3257 4561 ἐξετάσῃ.
3283 4495 3389 4542 Νῦν
3422 4497 3516 4549 τῆς
3543 4495 3754 4562 πρώτης
3795 4484 3883 4540 οὖν

510 4572 614 4627 Hic
647 4587 787 4642 ergo
817 4573 891 4627 de
924 4573 1109 4644 primo
1142 4573 1424 4646 loquitur.

934 4573 1109 4644 primo
1142 4573 1424 4646 loquitur.
2199 4572 2237 4584 ”
2276 4582 2395 4653 πέρι
2426 4584 2575 4650 φησί.

579 4663 751 4732 Atqui
774 4662 952 4717 etiam
975 4663 1200 4732 primus
1219 4665 1736 4722 condemnationis
1750 4672 1894 4731 erat,
1925 4667 1971 4720 si
2001 4669 2164 4739 quod

2351 4673 2533 4720 Καίτοι
2562 4672 2650 4719 καὶ
2698 4669 2727 4726 ἡ
2763 4674 2938 4740 πρώτη
2993 4673 3210 4742 κρίσεως
3246 4664 3306 4725 ἦν
3360 4667 3419 4718 ἂν
3463 4670 3599 4719 κατα
3657 4671 3740 4719 τόν
3793 4675 3883 4719 τοῦ

507 4765 718 4805 verum
760 4756 846 4805 est
885 4751 1051 4806 fateri
1106 4752 1416 4819 volumus;
1465 4770 1607 4812 nam
1662 4761 1800 4810 ante
1859 4757 2019 4812 hunc
2073 4757 2148 4813 le)

2279 4754 2489 4810 δικαίου
2515 4757 2687 4830 λόγον,
2723 4754 2863 4809 διότι
2916 4762 3013 4831 πρὸ
3055 4761 3249 4819 ταύτης
3302 4763 3390 4808 καὶ
3421 4763 3571 4829 νόμος
3617 4755 3676 4815 ἧν
3724 4776 3873 4828 φυσι-

508 4839 801 4894 naluralis
817 4841 1137 4906 erat,etlex
1164 4843 1379 4914 scripta
1405 4861 1473 4899 ac
1507 4845 1834 4916 prophetae,
1878 4846 2149 4903 doctrina

2275 4851 2366 4909 κός
2405 4853 2494 4899 καὶ
2522 4853 2673 4920 νόμος
2701 4851 2936 4919 γραπτὰς
2966 4852 3054 4898 καὶ
3103 4855 3359 4919 προφῆται
3406 4853 3496 4898 καὶ
3531 4843 3875 4899 διδασκαλίαι

509 4934 566 4985 et
596 4929 904 5002 signorum
933 4931 1344 4996 exhibitiones,
1379 4932 1614 5005 aliaque
1645 4934 1834 4990 multa
1864 4951 1998 5008 quae
2033 4938 2150 4992 vita

2277 4942 2364 4989 καὶ
2397 4942 2623 5008 σημείων
2657 4932 2932 4998 ἐπιδείξεις
2979 4941 3067 4988 καὶ
3115 4936 3279 4988 πολλὰ
3321 4940 3386 4988 τα
3430 4933 3741 5009 διορθοῦντα
3786 4938 3880 4992 τήν

507 5019 779 5076 instituta
795 5020 1157 5092 corrigerent
1181 5043 1194 5076 ε
1209 5026 1267 5076 et
1280 5037 1658 5094 consequens
1673 5030 1798 5079 erat
1813 5029 1868 5078 ut
1893 5041 1989 5080 om
2001 5026 2148 5081 niun

2275 5026 2558 5092 πολιτείαν,
2613 5032 2702 5078 καὶ
2768 5025 3046 5078 ἀκόλουθον
3099 5022 3156 5084 ἦν
3208 5025 3420 5088 εὐθύνας
3469 5027 3674 5078 πάντων
3729 5021 3884 5075 ἆται-

508 5110 1013 5180 transgressiones
1054 5111 1423 5181 punirentur.
1479 5111 1589 5167 Sed
1631 5129 1772 5168 cum
1829 5115 2149 5170 admodum

2275 5119 2518 5174 τηθῆναι·
2576 5115 2684 5167 ἀλλ’
2733 5118 2800 5176 ως
2839 5117 2968 5186 ἄγαν
3033 5115 3410 5188 φιλάνθρωπος,
3468 5115 3562 5167 οὐκ
3617 5114 3769 5175 εὐθὺς
3830 5113 3881 5165 ἐν

507 5197 812 5252 humanus
879 5204 1052 5265 esset,
1107 5215 1230 5255 non
1297 5200 1493 5254 statim
1550 5200 1623 5255 de
1683 5201 1854 5256 malis
1911 5203 2148 5275 inquire

2276 5214 2337 5278 τῇ
2394 5211 2572 5278 πρώτη
2641 5205 2924 5262 ἐποιήσατο
2982 5204 3234 5274 ἐξέτασιν,
3306 5204 3432 5256 ἀλλὰ
3497 5209 3875 5276 συγχώρησιν,

507 5287 633 5351 bat,
668 5288 772 5343 sed
814 5288 1194 5357 ignoscebat;
1247 5305 1391 5344 nam
1442 5290 1488 5344 si
1533 5289 1900 5362 inquisisset,
1954 5309 2148 5347 omne:

2279 5295 2340 5347 Εἰ
2385 5300 2488 5367 γαρ
2533 5294 2774 5361 ἐξήτασε,
2833 5297 3014 5354 πάντες
3068 5293 3128 5346 ἆν
3200 5292 3387 5368 ἀθρόον
3438 5293 3883 5369 ἀνηρπάσθησαν.

511 5377 679 5431 simul
723 5376 950 5448 abrepti
993 5384 1207 5444 essent,
1264 5394 1474 5435 omnes
1533 5381 1829 5452 siquidem
1886 5397 2152 5453 peccave-

2279 5388 2474 5446 Πάντες
2500 5386 2601 5458 γὰρ
2637 5385 2885 5459 ἥμαρτον,
2931 5388 3082 5456 φησί.
3133 5391 3241 5436 Νῦν
3298 5387 3387 5456 μὲν
3429 5383 3516 5435 οὖν
3568 5379 3680 5449 ἧκε,
3759 5401 3890 5453 συγ-

509 5469 645 5521 rant
678 5467 746 5520 ⁵³.
779 5468 946 5522 Nunc
972 5481 1114 5536 ergo
1146 5467 1302 5524 venit
1341 5473 1402 5525 ut
1449 5470 1523 5526 de
1563 5469 1877 5542 praeteritis
1931 5472 2150 5528 venian

2279 5482 2471 5547 χωρῶν
2501 5477 2590 5548 μὲν
2643 5476 2709 5526 τὰ
2758 5477 3006 5550 πρότερα,
3045 5473 3459 5547 ἀσφαλιζόμενος
3515 5469 3574 5525 δὲ
3630 5473 3761 5546 πρὸς
3819 5473 3891 5524 τὰ

583 5669 631 5705 ⁸³
659 5673 837 5729 Rom.
870 5690 927 5739 η,
960 5678 1047 5730 23.
