4156 6394
267 361 412 420 1173

1291 360 1666 420 COMMENT.
1713 358 1783 414 IN
1822 354 2174 413 JOANNEM.
2219 390 2286 400 —
2326 359 2485 415 CAP.
2526 361 2621 417 III.

3538 356 3683 419 1174

266 489 554 562 μέλλοντα·
585 490 805 561 ὕστερον
852 485 911 542 δὲ
956 490 1068 552 ἣξει
1114 497 1306 562 κρῖναι,
1358 494 1447 541 καὶ
1484 492 1610 550 τοὺς
1654 492 1725 559 μὴ
1777 504 1883 537 πει-

2020 483 2238 550 ribuat,
2267 487 2415 542 etde
2447 486 2658 543 futuris
2692 502 2936 543 securos
2985 486 3211 544 reddat.
3257 488 3658 544 Postmodum

270 581 492 642 σθέντας
524 579 760 634 eseam.
796 578 855 633 Εἰ
883 583 955 651 μὴ
995 576 1167 642 ἦλθον,
1198 582 1318 652 γὰρ,
1350 583 1500 651 φησὶ,
1529 582 1620 629 καὶ
1655 576 1886 633 ἐλάλησα

267 675 471 733 αῦτοῖς,
510 666 772 740 ἁμαρτίαν
821 666 915 719 οὐκ
973 666 1156 739 εἷχον”
1209 675 1297 719 νῦν
1361 664 1419 719 δε
1478 670 1739 739 πρόφασιν
1791 664 1885 716 ούκ

269 760 466 830 ἔχουσι
487 762 606 833 περὶ
638 765 736 819 τῆς
766 756 1022 831 ἁμαρτίας
1052 756 1241 809 αύτῶν.

342 846 403 898 Ὀ
439 877 501 886 -
533 850 784 918 κρίνεται.
833 844 891 897 Ὀ
922 847 1180 898 πιστεύων
1209 849 1459 917 γνησίως,
1516 848 1678 915 ἤγουν
1727 844 1753 895 6
1796 846 1887 894 καὶ

274 934 545 1009 φυλάττῶν
576 938 666 997 τὰς
694 934 902 997 ἐντολὰς
932 934 1111 987 αὐτοῦ.
1145 939 1267 1009 Περὶ
1296 938 1398 1008 γὰρ
1426 942 1524 987 τῶν
1542 938 1613 1005 μὴ
1637 935 1884 985 τοιούτων

277 1029 441 1097 φησὶν
472 1026 497 1076 6
539 1024 757 1091 Παῦλος,
791 1026 871 1077 ὅτι
901 1028 1029 1078 Θεὸν
1060 1023 1403 1097 ὁμολογοῦσιν
1434 1020 1646 1093 εἰδέναι,
1679 1030 1785 1083 τοῖς
1827 1018 1887 1074 δὲ

276 1117 452 1188 ἔργοις
483 1112 780 1189 ἀρνοῦνται.

343 1293 405 1345 Ὀ
437 1325 504 1334 -
544 1300 696 1348 Θεοῦ.
758 1292 958 1366 Ὠσπερ
988 1295 1090 1365 γάρ
1140 1294 1326 1345 ἐκεῖνον
1358 1294 1387 1349 ἡ
1434 1296 1612 1353 πίστις
1670 1290 1885 1353 ἐξείλετο

269 1390 365 1443 τῆς
426 1387 644 1456 κρίσεως
701 1386 803 1458 πρό
858 1392 944 1442 τῆς
996 1387 1237 1455 κρίσεως,
1299 1382 1431 1434 οὕτω
1481 1386 1571 1434 καὶ
1622 1388 1804 1433 τοῦτον
1852 1383 1881 1440 ἡ

1693 1475 1791 1523 Καὶ
1860 1472 1886 1522 6

275 1566 454 1634 φονεύς
482 1564 603 1634 γὰρ,
654 1567 745 1615 καὶ
775 1566 874 1623 πᾶς
900 1561 1303 1634 πλημμελήσας,
1331 1569 1392 1635 τῇ
1452 1564 1602 1634 φύσει
1652 1562 1741 1633 μεν
1792 1567 1886 1611 τοῦ

273 1471 501 1525 ἀπιστία
563 1476 832 1546 κατέκρινε
900 1476 1001 1545 πρὸ
1071 1479 1163 1531 τῆς
1234 1476 1612 1547 κατακρίσεως.

275 1652 655 1725 ἁμαρτήματος
694 1652 884 1704 αύτικα
920 1647 1375 1704 καταδεδίκασται
1402 1668 1413 1679 ·
1447 1659 1508 1724 τῇ
1540 1649 1797 1722 ἀποφάσει
1829 1645 1888 1701 δὲ

271 1749 371 1795 τοῦ
403 1742 682 1816 ἄρχοντος,
719 1741 956 1813 ὕστερον.

1998 578 2187 629 autem
2216 574 2411 631 veniet
2452 581 2511 631 ut
2537 576 2914 640 condemnet.
2945 582 3001 632 et
3031 577 3105 633 de
3131 576 3224 633 his
3255 576 3360 650 qui
3392 593 3513 633 non
3545 591 3669 633 cre-

1996 662 2279 719 diderunt
2309 663 2593 721 ultionem
2621 670 2838 721 sumat.
2870 665 2935 722 Si
2959 682 3077 722 non
3103 667 3406 731 venissem,
3440 666 3655 739 inquit,

1996 758 2051 809 et
2082 754 2405 810 locutuseis
2428 754 2692 823 fuissem,
2710 760 3017 823 peccatum
3043 772 3163 812 non
3178 756 3649 812 haberentmunc

1996 847 2191 899 autem
2221 844 2652 900 excusationem
2683 860 2803 899 non
2832 844 3053 901 habent
3088 845 3160 901 de
3180 851 3425 914 peccato
3450 860 3556 901 suo
3583 846 3655 899 ".

2069 930 2234 987 Vers.
2286 932 2373 987 18.
2438 933 2549 1000 Qui
2606 964 2673 973 —
2726 934 3172 991 condemnatur.
3236 935 3345 999 Qui
3400 934 3653 1005 legitime

1996 1020 2204 1088 credit,
2260 1021 2342 1077 vel
2384 1024 2485 1094 qui
2532 1028 2728 1079 servat
2762 1024 2942 1079 etiam
2983 1024 3108 1095 ejus
3148 1028 3452 1095 praecepta.
3511 1025 3665 1078 Nam

1996 1109 2071 1164 de
2097 1110 2188 1165 his
2217 1110 2321 1183 qui
2346 1111 2491 1167 tales
2530 1127 2651 1167 non
2692 1116 2853 1183 sunt,
2906 1113 2988 1168 ait
3041 1112 3362 1185 Apostolus
3405 1132 3417 1171 :
3463 1112 3661 1179 Conﬁ-

1998 1202 2197 1255 tentur
2237 1214 2297 1256 se
2351 1200 2498 1256 scire
2542 1203 2744 1264 Deum,
2800 1201 2982 1269 factis
3048 1207 3243 1258 autem
3310 1209 3532 1270 negant
3592 1201 3665 1253 “.

2069 1291 2227 1343 Vers.
2283 1290 2369 1344 18.
2430 1290 2543 1357 Qui
2594 1322 2662 1330 —
2718 1291 2841 1346 Dei.
2894 1294 3042 1347 Nam
3100 1292 3251 1346 sicut
3301 1290 3469 1346 illum
3515 1290 3665 1346 ﬁdes

1997 1378 2217 1433 exemit
2241 1380 2751 1449 condemnationi,
2782 1381 2865 1436 ita
2893 1380 3053 1435 hunc
3095 1379 3485 1435 incredulitas
3530 1384 3668 1437 ante

1992 1467 2289 1537 judicium
2319 1468 2743 1525 condemnavit
2771 1485 2783 1524 :
2812 1468 3120 1525 homicida
3134 1472 3295 1525 enim
3322 1473 3378 1525 et
3412 1470 3673 1541 quicun-

1996 1572 2113 1629 que
2152 1556 2461 1629 delinquit,
2496 1573 2563 1613 ex
2596 1563 2809 1614 natura
2840 1559 3069 1630 peccati
3132 1558 3330 1614 statim
3373 1558 3670 1613 condem-

1998 1650 2179 1702 natus
2234 1651 2342 1712 est,
2397 1646 2501 1701 sed
2541 1648 2935 1718 postmodum
2990 1648 3287 1704 sententia
3354 1646 3667 1720 principis.

350 1836 452 1884 Καὶ
515 1831 632 1882 καθ’
705 1830 873 1903 ἕτερον
959 1826 1018 1882 δὲ
1099 1834 1310 1905 τρόπον.
1388 1830 1624 1902 Ἐπείπερ
1690 1827 1887 1900 ἔμελλεν

2074 1826 2203 1882 ΑΙίο
2225 1842 2467 1899 quoque
2490 1826 2672 1881 modo
2700 1843 2713 1881 :
2743 1826 2889 1892 Quia
2914 1826 3211 1898 judicium
3237 1840 3361 1882 non
3375 1828 3506 1882 erat
3518 1840 3669 1899 prae-

273 1922 305 1979 ἡ
370 1924 568 1994 κρίσις,
623 1924 715 1972 καὶ
778 1920 836 1972 ού
868 1927 1039 1992 παρῆν
1085 1918 1236 1991 ἐγγὺς
1270 1923 1434 1990 ἤγαγε
1480 1921 1566 1970 τόν
1598 1917 1751 1991 φόϐον
1796 1926 1892 1979 τῆς

280 2007 552 2067 καταδίκη
564 2031 604 2071 ς.

348 2098 437 2159 Εἰς
467 2101 525 2149 τό
558 2102 717 2169 ὄνομα
749 2092 829 2163 δὲ,
859 2096 969 2150 ἀντὶ
995 2104 1106 2163 τοῦ,
1134 2098 1219 2159 Εἰς
1240 2097 1412 2150 αύτόν.
1433 2093 1657 2169 ’ἰδίωμα
1680 2097 1782 2169 γὰρ
1804 2100 1894 2147 καὶ

273 2195 429 2241 τοῦτο
460 2196 556 2250 τῆς
599 2184 876 2260 Ἐϐραῖδος
927 2195 1153 2262 γραφῆς,
1194 2185 1277 2239 ἐπὶ
1317 2194 1408 2239 τοῦ
1459 2195 1593 2238 Θεοῦ
1644 2190 1702 2238 τό
1735 2187 1895 2257 ὄνομα

275 2278 440 2331 αὐτοῦ
468 2276 767 2350 λαμϐάνειν,
802 2276 908 2329 ἀντ’
940 2277 1120 2341 αὑτοῦ,
1159 2273 1228 2329 δι’
1266 2276 1553 2329 εὐλάϐειαν.

352 2367 494 2424 Αὕτη
537 2398 604 2406 -
642 2374 767 2438 φῶς.
806 2366 945 2424 Αὕτη
1005 2365 1149 2418 ἐστὶν
1196 2369 1225 2425 ἡ
1284 2368 1618 2439 κατάκρισις,
1676 2374 1777 2418 τῶν
1821 2368 1891 2437 μή

275 2460 651 2527 πιστευόντων,
709 2452 802 2508 διὰ
844 2464 998 2510 τοῦτο
1042 2461 1470 2530 κατακρίνονται,
1531 2458 1613 2508 ὅτι
1665 2455 1899 2516 ἐλθόντος

276 2555 371 2600 τοῦ
404 2549 571 2618 φωτὸς
602 2555 699 2608 τῆς
733 2552 994 2618 γνώσεως,
1032 2551 1121 2598 καὶ
1151 2556 1241 2607 τῆς
1289 2545 1535 2608 ἀληθείας
1583 2545 1653 2608 εὶς
1686 2545 1895 2607 αύτούςο

275 2636 413 2707 λέγει
479 2633 538 2688 δε
595 2643 748 2689 τοῦτο
806 2641 924 2711 περὶ
992 2636 1178 2688 ἑαυτοῦ
1210 2653 1222 2665 ·
1266 2636 1553 2708 ἠγάπησαν
1606 2635 1795 2708 μᾶλλον
1838 2636 1897 2685 τὸ

283 2732 476 2787 σκότος
514 2734 607 2788 τῆς
654 2725 868 2797 ἀγνοίας
914 2730 1004 2777 καὶ
1050 2732 1143 2778 τοῦ
1192 2723 1424 2795 ψεύδους
1475 2726 1586 2797 (36)
1646 2727 1790 2797 παρά
1839 2726 1897 2774 τὸ

285 2824 414 2887 φῶς.
454 2814 513 2867 Ὀ
561 2818 650 2886 μεν
709 2817 831 2887 γὰρ,
890 2813 1104 2875 ἀπόντος
1141 2822 1231 2866 τοῦ
1282 2817 1463 2886 φωτός,
1514 2818 1673 2885 μένων
1724 2812 1771 2863 ἐν
1825 2819 1897 2881 τῷ

287 2908 484 2971 σκότει,
562 2904 712 2975 λόγον
768 2908 899 2966 ἴσως
954 2904 1053 2966 ἔξει
1126 2907 1261 2967 τινὰ,
1335 2909 1425 2956 καὶ
1484 2904 1596 2974 (37)
1652 2904 1751 2976 γὰρ
1809 2906 1897 2953 καὶ

282 3002 468 3047 τοῦτον
522 2990 630 3046 ἔδει
675 2998 746 3066 μὴ
813 2995 971 3055 οὕτως
1020 2997 1183 3066 ἔχειν,
1235 2993 1363 3046 ἀλλά
1420 2994 1592 3054 ζητεῖν
1649 2995 1707 3044 τό
1770 3000 1893 3063 φῶς·

562 2904 712 2975 λόγον
768 2908 899 2966 ἴσως
954 2904 1053 2966 ἔξει
1126 2907 1261 2967 τινὰ,

286 3086 313 3136 6
349 3080 425 3150 δε,
462 3092 555 3136 τού
587 3088 750 3156 φωτός
799 3083 1027 3145 ἐλθόντος
1084 3084 1155 3145 εἰς
1186 3084 1363 3151 αύτόν,
1406 3086 1479 3136 ἔτι
1537 3079 1896 3155 προσεδρεύων

283 3181 360 3243 τῷ
418 3177 609 3238 σκότει,
669 3175 848 3233 πάσης
904 3171 1186 3244 ἀπολογίας
1234 3172 1527 3247 ἐστέρηται.
1574 3178 1758 3242 Ψυχῆς
1794 3172 1895 3244 γὰρ
1934 3201 1976 3258 C

288 3259 727 3335 διεστραμμένης,
784 3265 930 3334 μύειν
982 3266 1109 3334 πρὸς
1164 3266 1222 3314 τὸ
1282 3271 1382 3333 φῶς
1446 3267 1534 3314 καὶ
1592 3261 1897 3322 ἐθελουσίως

288 3352 655 3419 σκοτίζεσθαι,
719 3356 809 3403 καὶ
859 3356 930 3423 μὴ
987 3355 1138 3424 μόνον
1198 3357 1267 3424 μὴ
1344 3352 1500 3404 αύτόν
1555 3351 1714 3403 ἐλθεῖν
1772 3352 1897 3423 πρός

283 3446 344 3495 τό
378 3450 500 3513 φῶς,
544 3440 670 3492 ἀλλὰ
701 3447 789 3493 καὶ
819 3444 1134 3507 τούναντίον,
1189 3449 1279 3493 τοῦ
1329 3445 1498 3513 φωτὸς
1542 3440 1730 3512 μᾶλλον
1772 3443 1897 3512 πρὸς

285 3532 445 3584 αὐτόν
485 3530 737 3595 ἐλθόντος,
779 3534 979 3602 φεύγειν
1004 3536 1095 3583 καὶ
1124 3530 1544 3603 ἀποστρέφεσθαι
1574 3535 1668 3588 τὴν
1712 3525 1897 3581 ἑαυτοῦ

288 3625 575 3696 σωτηρίαν.
612 3618 738 3675 Εἶτα
762 3622 947 3679 τίθησι
974 3625 1064 3673 καὶ
1089 3626 1181 3680 τὴν
1222 3621 1392 3674 αἰτίαν
1424 3617 1499 3673 δι’
1530 3624 1590 3680 ἣν
1615 3621 1899 3691 ἠγάπησαν

285 3714 348 3763 τό
392 3715 594 3772 σκότος.

361 3800 457 3852 Ἦν
534 3832 601 3841 --
683 3804 829 3875 ἔργα.
913 3802 1007 3852 Διά
1056 3808 1211 3853 τοῦτο
1265 3797 1352 3852 οὖν
1404 3801 1591 3872 ἔφυγον
1650 3803 1707 3851 τὸ
1776 3807 1898 3871 φῶς,

289 3892 375 3944 ἶνα
418 3894 487 3963 μὴ
551 3896 819 3963 φανερώση
880 3891 1030 3943 αύτά.
1086 3895 1271 3943 Καίτοι
1327 3890 1421 3942 οὐκ
1487 3886 1636 3947 ἦλθεν
1690 3890 1771 3941 ἶνα
1818 3887 1899 3950 ἐξ·

288 3982 473 4053 ετάσῃ,
499 3979 605 4031 ἀλλ’
639 3982 720 4031 ἶνα
750 3999 815 4031 συ
827 3984 1108 4052 χχωρήσῇ.
1141 3983 1227 4031 Διό
1253 3984 1343 4031 καὶ
1375 3979 1562 4049 μᾶλλον
1587 3976 1695 4031 ἔδει
1732 3997 1901 4053 προσ-

291 4067 537 4144 δραμεῖν,

365 4166 473 4220 Πᾶς
502 4168 716 4231 -φώς,
750 4158 881 4219 Ἕως
924 4157 983 4210 ἂν
1030 4158 1200 4225 φαῦλα
1244 4160 1496 4230 πράσσοι,
1550 4160 1643 4219 ἕως
1693 4160 1901 4218 τούτοις

290 4250 655 4321 ἔγκαταμένοι.

366 4343 465 4392 Καὶ
496 4371 566 4378 —
594 4338 772 4390 αὐτοῦ.
807 4336 1143 4409 Φοϐούμενος,
1179 4334 1443 4394 δηλονότι.

362 4428 423 4481 Ὀ
479 4459 544 4469 -
617 4437 736 4500 φῶς.
793 4427 852 4479 ¢O
910 4430 1151 4502 πράττων
1208 4430 1267 4479 τό
1332 4427 1491 4493 εύθὶς,
1554 4428 1580 4479 6
1635 4426 1905 4479 πολιτευό-

290 4538 413 4593 μενο
424 4539 444 4580 ς
517 4518 697 4592 ὀρθῶς,

293 4617 420 4682 φῶς.

363 4695 476 4749 Ἵνα
502 4728 567 4736 —
589 4699 734 4771 ἔργα.
766 4695 889 4749 ’Υπό
917 4696 1029 4767 (38)
1056 4702 1147 4747 τοῦ
1183 4698 1367 4768 φωτός·
1399 4695 1492 4748 ούκ
1525 4693 1905 4767 ἐπαισχύνεται

781 4519 995 4591 ἔρχεται
1083 4520 1210 4591 πρὸς
1292 4519 1350 4568 τό
1406 4524 1533 4589 φῶς,
1598 4515 1781 4588 ἀγαπᾴ
1844 4519 1904 4569 τὸ

290 4790 397 4861 γὰρ
425 4787 577 4840 αύτά.

365 4883 485 4928 ⁶Οτι
517 4908 583 4916 -
606 4876 937 4951 εἰργασμένα.
968 4874 1086 4927 Ὀτι
1116 4877 1249 4928 κατὰ
1272 4880 1399 4929 Θεόν
1421 4874 1571 4940 εἰσιν,
1602 4876 1678 4927 ὅτι
1708 4873 1904 4951 ἀρεστά

291 4975 368 5039 τῷ
399 4974 535 5037 Θεῷ.

371 5147 419 5182 ⁸³
443 5150 461 5168 ⁶
482 5147 648 5202 Joan.
675 5161 770 5201 xv.
796 5150 886 5200 22.
929 5145 979 5181 ⁸⁸
1000 5144 1109 5201 Tit.
1153 5162 1169 5199 ι
1202 5148 1288 5201 16.

1936 4562 1983 4618 D

2003 1931 2142 1971 sens
2163 1916 2267 1970 sed
2297 1914 2585 1985 futurum,
2604 1914 3131 1971 condemnationis
3162 1915 3441 1971 timorem
3471 1930 3662 1988 prope

2002 2006 2275 2062 adduxit.
3676 1999 3683 2005 ’

2071 2097 2141 2150 1n
2171 2111 2378 2151 nomen
2402 2098 2622 2161 autem,
2652 2095 2767 2151 hoc
2797 2098 2900 2161 est,
2929 2095 2989 2151 in
3020 2094 3257 2167 ipsum:
3288 2110 3437 2151 nam
3463 2098 3521 2152 et
3548 2095 3666 2152 hoc

2000 2186 2227 2241 idioma
2247 2191 2333 2241 est
2358 2186 2666 2257 scripturae
2696 2185 3129 2253 Hebraicae,ubi
3160 2185 3235 2241 de
3265 2189 3383 2241 Deo
3406 2185 3669 2258 loquun-

2002 2280 2112 2341 tur,
2149 2291 2360 2347 capere
2388 2291 2609 2331 nomen
2637 2276 2766 2346 ejus
2792 2291 2903 2348 pro
2932 2276 3084 2347 ipso,
3119 2274 3423 2345 religionis
3456 2277 3673 2345 gratia.

2076 2368 2240 2420 Vers.
2288 2366 2375 2419 19.
2433 2367 2581 2422 Haec
2637 2396 2707 2405 —
2749 2365 2958 2422 lucem.
3007 2368 3139 2421 Htec
3193 2370 3285 2421 est
3334 2365 3669 2421 inﬁdelium

2004 2452 2429 2509 condemnatio
2485 2472 2498 2510 :
2560 2458 2806 2525 propter
2834 2454 2950 2509 hoc
2994 2454 3495 2519 condemnentur,
3524 2454 3668 2526 quia

2005 2543 2276 2599 veniente
2306 2543 2383 2599 ad
2423 2558 2525 2599 eos
2574 2543 2701 2600 luce
2751 2544 3010 2599 scientia:
3067 2560 3134 2599 ac
3181 2542 3447 2599 veritatis
3502 2542 3670 2615 (dicit

2005 2639 2206 2688 autem
2243 2633 2353 2688 hoc
2402 2634 2475 2688 de
2506 2634 2730 2705 seipso)
2781 2633 3111 2689 dilexerunt
3157 2633 3349 2703 magis
3396 2631 3668 2689 tenebras

2005 2722 2361 2791 ignorantiae
2419 2739 2487 2777 ac
2540 2723 2834 2779 mendacii
2883 2738 3066 2795 quam
3114 2723 3332 2779 lucem.
3376 2725 3526 2778 Nam
3567 2722 3671 2794 qui

2009 2812 2255 2867 absente
2304 2812 2433 2867 luce
2493 2817 2697 2867 manet
2752 2812 2813 2866 in
2871 2812 3148 2881 tenebris,
3217 2812 3667 2868 excusationem

2008 2900 2277 2958 fortassis
2325 2901 2587 2973 aliquam
2636 2900 2878 2957 habebit
2932 2918 2945 2956 :
3002 2918 3358 2974 quanquam
3399 2906 3455 2957 et
3504 2902 3667 2956 hunc

2008 2990 2275 3062 oportuit
2300 3007 2420 3046 non
2455 2991 2535 3047 ita
2576 3007 2638 3045 se
2674 2990 2914 3055 habere,
2968 2991 3073 3045 sed
3112 2990 3308 3045 lucem
3349 3005 3617 3061 quaerere
3649 3006 3665 3045 :

2009 3080 2111 3151 qui
2142 3096 2283 3135 vero
2315 3080 2582 3135 veniente
2631 3080 2709 3135 ad
2759 3096 2823 3135 se
2865 3079 2996 3135 luce
3055 3080 3245 3135 adhuc
3303 3080 3363 3134 in
3412 3078 3668 3134 tenebris

2008 3169 2245 3235 residet,
2278 3169 2440 3225 omni
2472 3169 3134 3241 privaturexcusatione
3162 3187 3175 3225 :
3209 3184 3487 3225 aversum
3508 3168 3670 3224 enim

2008 3259 2281 3315 animum
2303 3259 2379 3313 ad
2410 3259 2604 3315 lucem
2650 3259 2894 3325 claudit,
2936 3263 2991 3314 et
3036 3257 3368 3315 voluntarie
3414 3257 3671 3313 tenebris

2007 3348 2332 3405 oﬂunditur
2372 3364 2526 3405 :nec
2567 3348 2755 3404 solum
2800 3348 2879 3404 ad
2926 3348 3122 3404 lucem
3168 3363 3291 3403 non
3332 3348 3512 3412 venit,
3564 3347 3672 3403 sed

2007 3454 2039 3493 e
2064 3438 2299 3493 diverso
2313 3454 2447 3493 cum
2466 3438 2771 3507 magislux
2786 3438 2861 3493 ad
2879 3454 2941 3493 se
2978 3436 3199 3502 veniat,
3224 3436 3390 3507 fugit,
3421 3441 3476 3492 et
3492 3451 3527 3492 a
3556 3450 3671 3491 sua

2009 3528 2290 3585 avertitur
2318 3528 2506 3583 salute
2542 3528 2687 3600 (aa).
2732 3526 2953 3583 Deinde
3002 3527 3182 3583 etiam
3218 3542 3467 3583 causam
3498 3524 3672 3599 ponit

2008 3623 2251 3691 propter
2276 3634 2460 3688 quam
2491 3617 2825 3673 dilexerunt
2853 3616 3154 3673 tenebras.

2079 3799 2249 3857 Vers.
2282 3800 2369 3854 19.
2409 3800 2609 3855 Erant
2651 3829 2717 3839 —
2757 3812 2958 3866 opera.
3009 3795 3144 3852 Ideo
3184 3810 3324 3865 ergo
3356 3794 3553 3851 lucem
3586 3793 3676 3849 fu-

2010 3892 2245 3961 gerunt,
2288 3905 2362 3944 ne
2433 3905 2503 3945 ea
2547 3887 2979 3943 manifestaret.
3020 3885 3197 3957 Atqui
3238 3900 3360 3940 non
3390 3884 3552 3940 venit
3607 3890 3673 3939 ut

2012 3980 2290 4051 inquirat,
2336 3978 2443 4035 sed
2479 3977 3064 4049 potiusutiguoscat;
3107 3979 3166 4031 et
3193 3974 3331 4031 ideo
3356 3988 3668 4031 accurrere

2014 4069 2209 4138 magis
2236 4068 2576 4141 oportebat.

2086 4158 2249 4214 Vers.
2274 4162 2361 4213 20.
2397 4158 2599 4213 Omnis
2628 4186 2692 4196 —
2734 4156 2943 4211 lucem.
2977 4152 3252 4219 Quandiu
3279 4152 3443 4209 mala
3464 4167 3675 4224 opera-

2012 4255 2107 4304 tus
2133 4247 2323 4314 fuerit,
2346 4246 2622 4320 quandiu
2651 4247 2706 4300 in
2736 4244 2831 4300 his
2864 4241 3286 4315 permanserit.

2084 4339 2246 4393 Vers.
2282 4337 2375 4393 20.
2425 4338 2505 4391 Et
2534 4367 2601 4378 —
2631 4337 2779 4406 eius.
2822 4334 3059 4389 Timens
3097 4331 3385 4387 videlicet.

2086 4429 2243 4482 Vers.
2286 4430 2374 4484 21.
2419 4426 2532 4493 Οιιί
2583 4456 2650 4466 -—
2705 4425 2916 4481 lucem.
2978 4422 3088 4488 Qui
3146 4424 3446 4493 operatur,
3508 4421 3674 4492 quod

2013 4521 2241 4572 rectum
2263 4520 2372 4582 est,
2406 4516 2509 4589 qui
2537 4518 2694 4572 recte
2723 4517 3129 4578 conversatur,
3165 4512 3328 4568 venit
3348 4511 3427 4567 ad
3452 4510 3675 4581 lucem,

2016 4611 2180 4663 amat
2209 4606 2427 4661 lucem.

2088 4699 2247 4751 Vers.
2281 4695 2368 4750 21.
2412 4696 2483 4752 Ut
2541 4726 2609 4734 —
2664 4710 2851 4762 Opera.
2907 4692 2954 4747 A
3000 4690 3128 4748 luce
3185 4708 3199 4759 ;
3256 4706 3455 4763 neque
3514 4690 3679 4749 enim

2018 4784 2316 4841 erubescit
2338 4789 2435 4840 aut
2463 4788 2695 4839 veretur
2719 4797 2811 4837 ea.

2086 4876 2248 4929 Vers.
2284 4878 2370 4929 2t.
2406 4873 2574 4941 Quod
2598 4903 2667 4912 —
2692 4872 2886 4941 facta.
2922 4870 3095 4937 Quod
3125 4870 3458 4927 secundum
3493 4870 3685 4927 Deum

2021 4964 2158 5033 sint,
2191 4964 2353 5037 quod
2388 4967 2504 5019 Deo
2526 4962 2843 5035 placentia.

1482 5242 1711 5314 Varia
1759 5241 2091 5313 lectiones
2129 5251 2197 5311 et
2226 5250 2432 5311 notae.

373 5442 493 5588 $36;
521 5444 671 5519 Παρὰ
699 5447 777 5499 τό.

399 5519 465 5573 37
531 5515 737 5573 Malim
768 5516 777 5567 ὲ

399 5513 491 5587 37)
531 5513 737 5573 Malim
768 5513 829 5567 ἃν
848 5513 971 5587 γάρ.

376 5696 503 5767 (aa)
535 5695 905 5767 Aversumr—
948 5696 1160 5752 salute.
1203 5694 1398 5752 Animi
1430 5694 1589 5767 enim
1627 5695 1912 5767 perversi,

302 5765 496 5826 oculis
513 5766 791 5823 claudere
819 5766 936 5822 luci
958 5767 1354 5823 etvoluntarie
1375 5765 1644 5824 tenebris
1664 5765 1915 5833 oﬂ‘undi,

302 5856 379 5898 ac
407 5855 531 5896 non
563 5839 760 5896 solum
803 5837 1004 5912 ipsum
1034 5854 1156 5896 non
1194 5840 1396 5896 venire
1436 5839 1510 5897 ad
1549 5838 1765 5903 lucem,
1814 5838 1918 5895 sed

2091 5440 2207 5515 (38)
2242 5439 2334 5497 Sic
2363 5438 2613 5509 correxi,
2646 5452 2761 5513 pro
2790 5435 2947 5515 ὑπέρ.

2026 5695 2232 5751 contra
2259 5692 2458 5762 etiam,
2476 5692 2608 5748 luce
2635 5689 2827 5764 magis
2859 5690 2937 5747 ad
2967 5705 3109 5747 eum
3138 5687 3685 5764 appropinquante,

2026 5766 2231 5837 fugere
2252 5770 2306 5821 et
2337 5764 2599 5821 aversari
2629 5763 2883 5819 salutem
2905 5778 3102 5820 suam.
