4156 6394
478 334 636 392 ’1176
1827 333 2119 391 EUTHYM

2264 333 2554 390 [GABENI
3763 334 3902 390 1176

571 461 742 528 Quod
776 466 975 519 autem
1007 461 1227 520 dictum
1260 468 1365 533 est,
1414 466 1486 523 Ut
1533 466 2005 536 mani/‘estenlur,
2039 479 2160 519 non
2198 481 2212 516 λ

2344 468 2415 517 Τὸ
2484 460 2544 516 δὲ
2600 462 2710 516 Ἰνα
2772 462 3061 534 φανερωθῇ,
3134 464 3357 534 εἴρηται,
3419 460 3523 532 οὐχ
3582 463 3650 523 ὡς
3699 463 3896 513 ἐκείνου

498 556 587 607 est
635 551 1085 622 intelligendum
1140 555 1311 625 quasi
1366 556 1480 611 hoc
1537 554 1597 610 in
1644 555 1797 611 facto
1854 569 1961 609 suo
2004 569 2138 626 qua:

2273 562 2426 606 τοῦτο
2474 554 2774 616 ζητοῦντος,
2821 551 2929 603 ἀλλ’
2982 554 3052 613 ὡς
3102 560 3194 612 τῆς
3252 551 3563 613 ἀκολουθίας
3614 559 3704 603 τοῦ
3762 552 3899 625 πρά-

499 646 602 705 Γειὶ,
652 640 756 695 sed
806 644 1092 713 tanquam
1152 644 1234 698 rei
1288 645 1721 716 consequentia
1777 644 1887 699 hoc
1946 643 2134 698 facien

2272 663 2473 716 γματος
2502 651 2655 695 τοῦτο
2680 644 2962 701 ποιούσης.
3004 642 3161 693 Εῖωθε
3194 642 3296 714 γὰρ
3324 643 3382 692 τὸ
3416 649 3519 713 φῶς
3548 648 3796 715 φανεροῦν
3828 642 3897 693 τά

503 734 557 785 te
592 745 607 795 ;
642 729 790 785 solet
824 745 1083 803 namque
1130 731 1227 787 lux
1279 733 1659 789 manifestare
1718 748 1830 805 que
1886 732 2144 805 proxim:

933 746 1083 803 nque
1130 731 1227 787 lux
1279 733 1659 789 manifestare
1718 748 1830 805 que
1886 732 2163 805 proxima
2274 732 2574 804 ἐγγίζοντα.

504 824 661 875 sunt.
2345 824 2490 875 Μετά
2571 828 2738 873 ταῦτα
2807 852 2876 860 -
2958 819 3259 882 ἐϐάπτιζον.
3338 818 3503 873 Αὐτοὶ
3584 818 3892 885 ἐϐάπτιζον,

575 910 844 965 νοτε.22.
894 910 1153 967 Posthac
1193 942 1263 953 -—
1310 912 1701 984 baptizabant.
1748 911 1867 984 ipsi
1901 910 2162 982 baptiza-

2272 911 2366 963 οὐκ
2434 910 2642 972 ἐκεῖνος.
2704 914 2840 968 Φησὶ
2890 913 2991 981 γὰρ
3064 914 3258 982 προῖὼν
3312 910 3338 961 6
3392 908 3765 980 εῦαγγελιστὴς
3813 912 3899 961 ὁτι

502 999 671 1065 bant,
705 1015 825 1055 non
853 999 966 1055 ille.
1004 1000 1151 1057 Dicit
1208 1003 1366 1058 enim
1419 1003 1479 1058 in
1537 1002 1930 1075 sequentibus
1980 1016 2143 1056 evan-

2276 1002 2481 1063 Ἰησοῦς
2512 1000 2668 1062 αὐτὸς
2698 999 2791 1053 οὐκ
2831 998 3125 1065 ἐϐάπτιζεν,
3177 997 3281 1050 ἀλλ’
3333 1000 3382 1051 οἱ
3428 1000 3664 1070 μαθηταὶ
3707 998 3893 1053 αὐτοῦ.

500 1088 731 1157 gelista,
798 1088 963 1161 quod
1026 1090 1155 1161 ipse
1213 1093 1383 1147 Jesus
1438 1107 1560 1147 non
1619 1090 1985 1162 baptizabat,
2057 1106 2141 1143 sec

2270 1089 2380 1143 Ἵνα
2407 1094 2506 1163 γὰρ
2550 1095 2617 1161 μη
2649 1092 3064 1163 περιτρέχοντες,
3106 1088 3240 1140 οὕτω
3292 1089 3563 1159 συνάγωσι
3610 1092 3728 1148 τοὺς
3758 1089 3898 1159 ὀφεί³

493 1178 776 1251 discipuli
820 1180 971 1251 ejus.
1027 1181 1334 1253 Siquidem
1384 1181 1502 1251 (ὁὸ)
1535 1182 1603 1246 ⁵⁵,
1648 1186 1709 1236 ut
1762 1196 1863 1235 eos
1910 1180 2012 1251 qui
2039 1195 2134 1234 ore

2270 1180 2447 1240 λοντας
2497 1182 2775 1243 πιστεύειν,
2835 1181 2956 1252 ὅπερ
3009 1176 3093 1230 ἰπὶ
3142 1185 3231 1229 τοῦ
3277 1182 3499 1250 Σίμωνος
3561 1178 3587 1229 6
3647 1174 3896 1250 Ἀνδρέας

498 1270 678 1325 dituri
708 1274 877 1324 erant
906 1285 1017 1324 nec
1056 1270 1506 1336 concurrebant,
1542 1271 1653 1325 hoc
1686 1270 1869 1325 modo
1911 1284 2130 1337 congre

2273 1269 2507 1333 ἐποίησε,
2551 1274 2640 1321 καὶ
2671 1268 2755 1320 ἐπὶ
2794 1276 2886 1320 τοῦ
2916 1267 3193 1325 Ναθαναὴλ
3234 1270 3259 1319 6
3290 1266 3558 1328 Φίλιππος·
3594 1270 3651 1319 τὸ
3699 1266 3896 1339 βαπτί-

500 1364 712 1428 gerent
766 1359 949 1430 (quod
1016 1359 1074 1414 in
1136 1360 1376 1415 Simone
1442 1359 1577 1415 fecit
1635 1358 1903 1413 Andreas
1978 1362 2035 1413 et
2098 1357 2137 1411 ἱι

2275 1360 2380 1419 ζειν
2420 1358 2781 1425 ἐνεστήσαντο,
2810 1353 3093 1430 δυνάμενον
3123 1356 3338 1417 πολλοὺς
3368 1357 3478 1429 ἅμα
3524 1358 3780 1427 συνάγειν,
3816 1352 3896 1417 οἷς

499 1446 830 1504 Nathanael
864 1447 1191 1521 Philippus)
1226 1449 1523 1518 baptizare
1546 1449 1703 1520 jussi
1731 1454 1892 1511 sunt,
1927 1452 1989 1501 ut
2013 1446 2134 1502 mul

2274 1450 2403 1519 ὁμοῦ
2436 1450 2499 1499 τά
2532 1452 2646 1520 περὶ
2675 1456 2765 1499 τοῦ
2793 1454 3024 1520 Χριστοῦ
3052 1443 3419 1512 διδάσκοντες,
3455 1450 3769 1520 προσέρερον
3802 1446 3897 1498 αὖ·

498 1541 588 1593 tos
615 1536 794 1592 simul
822 1537 1163 1593 coaduuare
1186 1543 1425 1608 possent
1459 1554 1472 1603 ;
1507 1554 1662 1609 quos
1691 1538 1869 1593 etiam
1910 1553 1981 1591 ea
2023 1552 2139 1607 qua

1459 1554 1472 1603 ;
1507 1554 1662 1609 quos
1691 1538 1869 1593 etiam
1910 1553 1981 1591 ea
2023 1552 2159 1607 quae
2272 1541 2396 1599 τοὺς
2429 1537 2584 1610 ἐγγὺς
2606 1541 2711 1589 ὄντι
2746 1546 2816 1608 τῷ
2843 1545 3066 1610 Σωτῆρι.

501 1626 576 1682 de
612 1626 840 1681 Christo
870 1632 1037 1682 erant
1079 1626 1419 1698 edocentes,
1473 1626 1786 1698 Salvatori,
1834 1627 1935 1698 qui
1976 1640 2162 1697 prope

502 1714 726 1779 aderat,
756 1714 1104 1771 offerebant.

574 1805 862 1870 Quaedam
900 1809 1102 1861 autem
1136 1806 1499 1877 exemplaria
1549 1805 1792 1861 habent.
1842 1805 1917 1860 Et
1976 1804 2163 1873 bapti-
2199 1818 2215 1873 ι

2344 1806 2472 1857 Τινά
2493 1805 2605 1875 (39)
2632 1801 2692 1857 δὲ
2721 1813 2819 1856 τῶν
2861 1802 3209 1875 ἀντιγράφων.
3247 1808 3344 1856 Καὶ
3388 1802 3635 1864 ἓϐάπτιξε
3662 1804 3896 1875 γράφου-

498 1895 694 1962 zabat,
743 1894 909 1967 quod
943 1896 1125 1951 etiam
1163 1895 1366 1967 ipsum
1406 1895 1772 1965 intelligitur,
1826 1893 1993 1967 quod
2040 1909 2139 1947 nox

2277 1914 2377 1963 σιν,
2412 1895 2437 1946 6
2466 1900 2554 1946 καὶ
2581 1894 2707 1947 αῦτό
2737 1901 2948 1958 νοεῖται,
2979 1896 3059 1946 ὃτι
3084 1894 3142 1946 οῦ
3173 1891 3245 1946 δι’
3280 1892 3487 1958 ἑαυτοῦ,
3512 1892 3639 1945 ἀλλὰ
3670 1890 3763 1945 διὰ
3790 1902 3893 1945 τῶν

500 2002 601 2057 per
656 1984 945 2057 seipsum,
1012 1985 1118 2039 sed
1168 2001 1275 2056 per
1332 1984 1656 2057 discipulos
1715 2001 1856 2039 suos
1908 1984 2022 2039 hoc
2077 1982 2141 2038 fa

1083 1985 1118 2039 d
1168 2001 1275 2056 per
1332 1984 1656 2057 discipulos
1715 2001 1856 2039 suos
1908 1984 2022 2039 hoc
2077 1982 2163 2038 fa-
2274 1986 2522 2057 μαθητῶν
2545 1984 2724 2037 αὐτοῦ.

499 2083 675 2132 ceret.

572 2167 735 2222 Vers.
766 2168 854 2220 23.
916 2165 1065 2221 Erat
1125 2200 1187 2210 -
1236 2166 1377 2221 Vers
1428 2168 1517 2220 24.
1560 2164 1835 2221 Joannes.
1881 2165 2071 2218 )Euon
2110 2166 2168 2217 et

2345 2170 2441 2215 Ἦν
2469 2194 2534 2202 --
2560 2163 2771 2220 Ἰωάννη
2783 2184 2827 2224 ς.
2864 2167 2963 2215 Καὶ
2986 2164 3009 2214 6
3041 2162 3201 2214 Αἰνὼν
3225 2167 3315 2215 καὶ
3336 2164 3362 2214 6
3386 2161 3562 2235 Σαλήμ
3585 2165 3736 2215 τόποι
3756 2166 3893 2224 τινες

503 2255 705 2322 Salim,
738 2254 867 2310 loca
886 2253 1169 2326 quaedam
1210 2259 1374 2311 erant
1416 2255 1498 2311 ita
1530 2256 1861 2310 nominata.

1284 2259 1374 2311 ant
1416 2255 1498 2311 ita
1530 2256 1861 2310 nominata.
2275 2251 2409 2312 ἦσαν
2440 2254 2570 2305 οὕτω
2601 2252 2925 2324 καλούμενοι.

573 2348 857 2400 Praeterea
885 2345 1145 2399 Joannes
1181 2344 1527 2416 baptizabat
1552 2345 1745 2400 donec
1776 2343 1834 2398 in
1864 2358 2162 2398 carcerem

2347 2342 2461 2395 Ἔτι
2516 2339 2573 2394 δὲ
2613 2342 2638 2393 6
2681 2341 2925 2404 Ἰωάννης
2973 2341 3244 2402 ἐϐάπτιζεν
3293 2343 3428 2414 οῖχρι
3480 2349 3572 2393 τοῦ
3628 2340 3892 2413 βληθῆναι

501 2434 912 2506 conjiceretur,
957 2438 1023 2488 ut
1066 2435 1344 2489 continue
1394 2439 1596 2505 posset
1632 2434 1843 2488 docere
1888 2432 1961 2487 de
2001 2431 2142 2487 Chri-

2275 2433 2345 2494 εἰς
2398 2436 2492 2490 την
2534 2430 2779 2503 φυλακὴν,
2831 2434 2913 2483 ἵνα
2958 2429 3212 2493 διηνεκῶς
3270 2434 3390 2503 ἔχοι
3440 2428 3717 2483 διδάσκειν
3770 2436 3893 2503 περὶ

500 2528 612 2591 sto,
658 2528 715 2579 et
777 2524 1110 2595 baptizatos
1159 2524 1235 2579 ad
1294 2539 1433 2578 eum
1492 2523 1927 2587 transmittere;
1980 2527 2036 2577 et
2090 2537 2141 2575 ni

2273 2530 2364 2574 τοῦ
2448 2528 2702 2591 Χριστοῦ,
2783 2525 2873 2573 καὶ
2942 2524 3056 2581 τοῦς
3126 2520 3541 2592 βαπτιζομένους
3608 2524 3889 2594 παραπέμ-

501 2614 625 2670 zelo
655 2618 757 2669 aut
782 2614 870 2669 ira
901 2629 1174 2669 cessasse
1236 2612 1558 2681 videretur,
1590 2613 1693 2667 sed
1741 2613 1929 2683 potius
1971 2611 2047 2666 de
2093 2626 2142 2666 et

2272 2631 2383 2663 πειν
2424 2616 2534 2681 (40)
2568 2610 2633 2671 εἰς
2674 2610 2828 2662 αὐτόν
2858 2630 2869 2641 ·
2911 2614 3000 2662 καὶ
3032 2612 3114 2661 ἱνα
3161 2614 3230 2681 μη
3287 2606 3415 2683 δόξῃ
3471 2609 3611 2680 ζήλῳ
3664 2613 3693 2668 ἧ
3756 2608 3886 2684 ὀργῇ

501 2702 860 2769 crederetur,
918 2702 1079 2773 quod
1140 2702 1347 2757 Christi
1401 2702 1709 2773 discipulis
1747 2705 2142 2773 cooperaretui

2273 2702 2603 2764 παύσασθαι,
2689 2698 2795 2751 ἀλλ’
2869 2702 2951 2751 ἱνα
3040 2698 3236 2769 μᾶλλον
3310 2700 3667 2756 ῦποπτεύηται
3758 2718 3892 2770 συμ-

501 2791 956 2864 baptizatosque
1005 2791 1083 2848 ad
1137 2809 1274 2847 eum
1342 2792 1681 2847 adduceret.
1738 2791 1804 2846 Et
1853 2791 2046 2855 tertio,
2089 2806 2142 2845 ni

2273 2793 2516 2864 πράττειν
2562 2797 2669 2849 τοῖς
2714 2791 2977 2860 μαθηταῖς
3026 2798 3118 2841 τοῦ
3160 2795 3415 2859 Χριστοῦ,
3463 2794 3555 2840 καὶ
3604 2792 3888 2861 προσάγειν

501 2880 831 2952 discipulos
859 2896 1001 2936 suos
1026 2882 1100 2937 ad
1120 2880 1406 2953 majorem
1421 2880 1862 2937 aemulationem
1879 2880 2139 2935 acccnde

2272 2884 2389 2939 τοὺς
2430 2878 2848 2951 βαπτιζομένους
2884 2895 2895 2907 ·
2943 2883 3032 2930 καὶ
3066 2882 3257 2950 τρίτον,
3300 2878 3385 2929 ἶνα
3426 2882 3497 2950 μὴ
3548 2882 3671 2939 τοὺς
3700 2877 3887 2930 ἑαυτοῦ

498 2976 606 3027 ret.
638 2972 787 3025 Nam
820 2969 868 3024 si
916 2969 1129 3025 millies
1183 2970 1475 3035 clamans,
1532 2986 1892 3042 semperque
1934 2969 2139 3041 prima:

2274 2970 2509 3039 μαθητὰς
2588 2968 2659 3029 εἰς
2733 2967 2942 3020 πλείονα
3019 2966 3339 3027 ζηλοτυπίαν
3415 2965 3605 3039 ὶξάψῃ.
3676 2967 3735 3019 Εἰ
3785 2970 3886 3042 γὰρ

499 3058 1103 3129 Christoconcedens,
1135 3063 1191 3114 et
1233 3063 1469 3115 tantum
1522 3075 1650 3115 sese
1700 3058 2005 3129 dejiciens,
2043 3074 2140 3113 non

2272 3060 2520 3131 μυριάκις
2576 3056 2737 3127 βοῶν,
2799 3062 2888 3108 καὶ
2934 3055 3011 3109 ἀεὶ
3061 3065 3159 3108 τῶν
3212 3060 3476 3128 πρωτείων
3530 3065 3602 3127 τῷ
3673 3062 3890 3130 Χριστῷ

498 3149 797 3223 persuasit
861 3149 946 3205 eis
1012 3148 1177 3222 quod
1237 3149 1394 3205 illius
1467 3165 1801 3222 prmcursor
1855 3156 2026 3218 esset,
2110 3166 2137 3204 s

2273 3155 2625 3219 παραχωρῶν,
2662 3150 2750 3197 καὶ
2790 3154 3070 3198 τοσοοῦτον
3114 3144 3291 3198 ἑαυτὲν
3337 3143 3576 3207 ἐλαττῶν,
3621 3145 3715 3198 οὐκ
3758 3147 3892 3198 ἒπει-

499 3239 784 3312 deinceps
820 3239 1123 3311 baptizare
1159 3245 1469 3306 cessasset,
1512 3238 1721 3311 procul
1765 3239 1951 3295 dubio
1996 3254 2139 3295 omn

2275 3255 2359 3289 σεν
2408 3236 2593 3295 αὐτοὺς
2660 3240 2834 3306 ἐκείνῳ
2890 3232 3250 3309 προσδραμεῖν
3285 3255 3297 3267 ·
3345 3235 3388 3287 εἰ
3454 3234 3632 3287 λοιπὸν
3686 3233 3886 3292 ἀπέστη

499 3329 827 3401 postposito
853 3330 1076 3401 pudore
1103 3329 1217 3384 sub
1248 3334 1535 3400 praetextu
1570 3328 1910 3385 honorandi
1941 3328 2139 3399 magis

2272 3330 2362 3377 καὶ
2400 3333 2492 3376 τοῦ
2541 3324 2840 3397 βαπτίζειν,
2884 3325 3321 3397 ηναισχύντησαν
3363 3324 3447 3393 ἂν,
3494 3328 3580 3376 καὶ
3633 3327 3893 3398 προφάσει

498 3419 620 3483 stri,
658 3434 919 3491 eumque
949 3418 1363 3490 prsaponendi,
1389 3423 1595 3475 contra
1621 3418 1921 3474 Christum
1944 3424 2002 3474 et
2021 3434 2138 3489 apo

2347 3422 2364 3465 5
2405 3416 2691 3487 ῦπερτιμᾷν
2716 3417 2803 3466 τὸν
2836 3410 3185 3479 διδάσκαλον,
3222 3412 3509 3471 ἑλύττησαν
3541 3413 3602 3465 ἀν
3628 3416 3763 3466 κατά
3792 3422 3891 3465 τῶν
3982 3443 3988 3451 -

501 3506 686 3563 stolos
711 3506 899 3563 multa
924 3506 1399 3563 deblaterassent
1416 3510 1546 3575 (cc).
1576 3507 1747 3573 Quod
1766 3508 1949 3563 etiam
1972 3507 2142 3562 scien:

2274 3503 2574 3556 ἀποστόλων
2634 3509 2723 3556 καὶ
2770 3511 2861 3555 τοῦ
2911 3510 3168 3577 Χριστοῦ.
3219 3511 3385 3556 Τοῦτο
3443 3508 3532 3555 καὶ
3580 3504 3606 3555 6
3658 3507 3893 3577 Χριστὸς

501 3596 760 3653 Christus
832 3601 971 3652 tunc
1029 3596 1324 3668 praecipue
1383 3598 1559 3667 cmpit
1609 3596 1958 3669 prmdicare,
2022 3612 2142 3651 cun

2274 3591 2444 3659 εἰδὼς,
2471 3598 2584 3646 τότε
2613 3592 2805 3665 μᾶλλον
2832 3592 3027 3665 ἤρξατο
3054 3596 3363 3668 κηρύσσειν,
3402 3594 3485 3645 ὅτε
3511 3594 3537 3645 6
3566 3591 3805 3653 Ἰωάννης
3837 3591 3892 3645 ἐκ

497 3688 759 3741 Joannes
796 3700 828 3741 e
850 3684 1049 3741 medio
1080 3684 1354 3740 sublatus
1393 3691 1502 3741 est.

1016 3700 1049 3741 0
1080 3684 1354 3740 sublatus
1393 3691 1502 3741 est.
2274 3692 2436 3755 μέσου
2460 3687 2657 3753 γέγονε.

572 3774 738 3830 Unde
821 3779 877 3829 et
933 3774 1399 3847 Chrysostomus
1478 3792 1491 3831 :
1563 3776 1911 3847 Propterea,
1946 3774 2161 3846 inquit,

2348 3777 2484 3830 Φησὶ
2519 3769 2577 3824 δὲ
2621 3774 2646 3824 6
2698 3775 3076 3845 Χρυσὸστομος
3116 3774 3196 3823 ὅτι
3232 3770 3397 3844 Οἶμαι
3442 3772 3561 3843 (lii)
3603 3768 3697 3824 διὰ
3739 3781 3892 3825 τοῦτο

501 3865 717 3935 opinor
744 3879 1193 3935 praeproperam
1212 3863 1287 3918 illi
1312 3880 1662 3921 concessam
1707 3880 1836 3920 esse
1886 3870 2137 3919 mortem

2277 3863 2697 3936 συγχωρηθῆναι
2726 3866 2993 3932 ταχίστην
3027 3861 3167 3931 αὐτῷ
3198 3862 3441 3933 γενέσθαι
3493 3866 3584 3920 τὴν
3630 3861 3888 3930 τελευτὴν¹

499 3960 564 4011 ut
593 3952 786 4009 omnis
823 3953 1069 4009 allectus
1112 3953 1506 4009 multitudinis
1538 3955 1596 4009 in
1649 3953 1933 4010 Christum
1978 3959 2140 4009 trans

2276 3954 2359 4003 ἴνα
2404 3956 2553 4003 πᾶσα
2597 3958 2688 4003 τοῦ
2748 3950 2984 4011 πλήθους
3038 3952 3067 4009 ἡ
3114 3947 3350 4011 διάθεσις
3398 3949 3481 4003 ἐπὶ
3519 3954 3605 4003 τὸν
3652 3955 3891 4024 Χριστὸν

502 4045 851 4099 funderetur
913 4060 926 4098 :
995 4058 1106 4099 nec
1172 4044 1455 4116 deinceps
1515 4043 1917 4101 dividerentur
1985 4044 2143 4099 varii:

2275 4040 2513 4113 μετέλθῃ,
2558 4044 2648 4091 καὶ
2692 4043 2879 4112 μηκέτι
2927 4043 3225 4112 σχίζωνται
3273 4047 3389 4102 ταῖς
3428 4045 3545 4115 περὶ
3592 4038 3892 4114 ἀμφοτέρων

499 4133 576 4190 de
607 4139 855 4204 utroque
882 4133 1205 4189 sententiis.

882 4133 1205 4189 sententiis.
2273 4136 2455 4203 γνώμα
2464 4150 2523 4190 ις.

574 4223 740 4289 Quod
785 4222 831 4277 si
884 4223 1022 4295 quis
1075 4224 1333 4294 requirat
1387 4223 1535 4295 quid
1592 4223 1851 4295 amplius
1903 4223 2166 4279 habebat

2351 4220 2406 4272 1·Σί
2438 4216 2496 4272 δέ
2525 4239 2602 4282 τις
2648 4219 2877 4283 ἐξετάζοι
2921 4224 2972 4271 τί
3022 4218 3170 4271 πλέον
3217 4215 3329 4290 εἶχε
3382 4221 3439 4270 τὸ
3485 4226 3585 4270 τῶν
3643 4222 3891 4290 μαθητῶν

500 4313 837 4384 baptismus
854 4312 1287 4383 discipulorum
1306 4328 1487 4384 supra
1499 4312 1869 4384 baptismum
1887 4312 2141 4367 Joannis'

2278 4308 2560 4382 βάπτισμα
2588 4312 2732 4381 παρά
2753 4313 2809 4361 τὸ
2841 4318 2932 4361 τοῦ
2963 4310 3223 4375 Ἰωάννου,
3260 4311 3421 4380 φαμὲν
3449 4311 3527 4361 ὅτι
3556 4305 3728 4360 οὐδέν·
3774 4308 3893 4360 ἐκά-

499 4402 942 4473 respondemus
962 4402 1127 4473 quod
1166 4402 1310 4457 nihil
1346 4418 1359 4468 ;
1406 4406 1655 4473 uterque
1690 4402 1850 4457 enim
1897 4400 2134 4456 similite

2275 4419 2399 4473 τερα
2426 4402 2526 4474 γὰρ
2551 4401 2742 4471 ὁμοίως
2767 4408 2863 4461 τῆς
2883 4407 2974 4451 τοῦ
3005 4401 3301 4471 Πνεῦματος
3323 4400 3549 4472 χάριτος
3579 4399 3775 4470 ἄμοιρα
3803 4395 3886 4465 ἧν,

501 4490 708 4561 gratiae
764 4490 1016 4562 Spiritus
1082 4506 1286 4562 expers
1353 4496 1498 4559 erat,
1578 4496 1635 4547 et
1710 4490 1975 4562 utrisque
2044 4506 2142 4545 uni

2276 4493 2364 4540 καὶ
2389 4486 2690 4563 ἀμφοτέροις
2716 4488 2861 4541 αἰτία
2894 4493 3007 4562 μία,
3032 4492 3090 4540 τὸ
3120 4489 3404 4561 προσάγειν
3428 4496 3498 4559 τῷ
3530 4494 3743 4563 Χριστῴ
3765 4491 3890 4550 τοὺς

503 4584 631 4637 erat
671 4595 879 4644 causa,
942 4584 1007 4636 ut
1056 4579 1331 4637 videlicet
1391 4579 1727 4653 baptizatos
1781 4581 2011 4637 Christo
2064 4578 2144 4636 ad

1071 4579 1331 4637 videlicet
1391 4579 1727 4653 baptizatos
1781 4581 2011 4637 Christo
2064 4578 2168 4636 ad-
2200 4576 2245 4597 ν
2279 4576 2712 4651 βαπτιζομένους-

504 4670 807 4725 ducerent.

576 4820 627 4857 "
652 4820 823 4877 Joau.
856 4835 934 4892 ιν,
958 4825 1007 4877 2.

1739 4920 1966 4988 Variae
1998 4917 2332 4987 lectiones
2368 4925 2435 4986 et
2468 4927 2669 4985 notae.

579 5116 693 5189 (39)
732 5116 959 5172 Scilicet
1008 5116 1395 5189 Euthymius,
1429 5133 1539 5187 pro
1575 5116 1803 5185 vulgari
1864 5116 2161 5182 ἐϐάπτιζεν,
2274 5114 2444 5189 phyl.
2476 5114 2687 5186 p.600,
2710 5113 2853 5189 C.Aln
2877 5116 3038 5189 textu
3060 5113 3189 5170 haec
3205 5128 3454 5189 prorsus
3481 5110 3889 5189 desuntapud

503 5182 603 5245 hic
655 5182 713 5243 in
769 5194 1043 5244 contextu
1110 5182 1290 5244 habet
1343 5182 1641 5251 ἐϐάπτιζον.
1682 5182 1863 5258 Ἐι-ςο
1920 5188 2164 5243 alteram
2276 5182 2577 5258 Cyrillum,
2629 5182 2732 5241 sed
2774 5187 2832 5241 in
2877 5182 3365 5258 interpretatione
3400 5190 3493 5258 ita
3524 5182 3891 5239 refertiBa-

508 5263 687 5315 etiam
720 5260 1031 5315 lectionem
1090 5267 1398 5315 memorat.
1450 5254 2020 5315 Lectionem'autem
2052 5258 2149 5311 ἐϐά

2272 5254 2446 5321 πτίζει
2476 5259 2799 5331 τοιγαροῦνό
2842 5254 3072 5330 Χριστος
3102 5254 3196 5310 διὰ
3235 5265 3335 5309 τῶν
3388 5256 3573 5309 ἑαυτοῦ
3617 5258 3886 5327 μαθητῶν.

507 5332 692 5393 πτιξον
756 5332 1015 5403 sumpsit
1064 5332 1419 5403 exfChryst.
1484 5337 1624 5386 tom.
1688 5349 1797 5395 Vlll,
1830 5349 1886 5402 p.
1940 5334 2059 5397 164,
2098 5332 2162 5384 D.
2273 5332 2433 5385 Tom.
2475 5330 2565 5393 IV,
2605 5346 2659 5399 p.
2703 5332 2819 5393 156,
2857 5331 2914 5384 E.

508 5420 686 5475 quam
720 5402 1275 5475 quilibetiintelligit
1306 5418 1433 5458 esse
1466 5404 1729 5475 spuriam
1765 5420 1834 5475 ac
1864 5419 1974 5474 pro
2023 5410 2138 5457 tem

1194 5404 1275 5472 git
1306 5418 1433 5458 esse
1466 5404 1729 5475 spuriam
1765 5420 1834 5475 ac
1864 5419 1974 5474 pro
2023 5410 2167 5457 tem-
2347 5402 2459 5471 (40)
2490 5405 2827 5475 [tigrim-ina.

509 5472 654 5548 pore
694 5472 914 5531 ﬁctam.
973 5474 1295 5545 Vulgatum
1348 5472 1541 5530 servat
1580 5480 1636 5530 et
1685 5472 1938 5546 explicat
1978 5475 2162 5529 Theo-
2343 5475 2459 5545 (41)
2496 5472 2667 5529 TOm.
2720 5472 2867 5537 Vill,
2892 5487 2952 5543 p.
2987 5472 3087 5527 165
3116 5473 3180 5527 Β.

582 5650 702 5718 (bb)
738 5651 1054 5722 Siquidem,
1115 5657 1225 5708 etc.
1284 5652 1362 5708 Ne
1406 5652 1566 5707 enim
1606 5651 2162 5717 circumcurrentes,
2274 5666 2637 5721 congregare
2667 5656 2890 5722 posset,
2922 5665 3094 5721 quos.

512 5720 1055 5796 ita‘congregarent
1092 5738 1217 5789 eos,
1255 5724 1359 5796 qui
1414 5724 1690 5779 credituri
1739 5729 1957 5796 essent,
2000 5722 2167 5796 quod
2347 5720 2466 5796 (cc),
2507 5720 2706 5779 Multa
2745 5720 3229 5796 deblaterassent.
3264 5720 3618 5779 Debacchati
3668 5724 3891 5790 essent,

514 5790 863 5870 Philippus,
895 5790 1293 5872 baptismum'
1325 5795 1723 5865 instituerunt,
1790 5794 1890 5873 qui
1945 5790 2163 5854 multos
2274 5790 2643 5855 cum't'urore
2664 5794 2947 5868 egissent.
