4156 6390
317 334 456 391 1177

596 465 742 513 ΚΕΦ.
777 458 851 515 Δ¹.
882 462 1111 519 Ζὴτὸσις
1145 461 1260 531 περὶ
1284 458 1641 531 καθαρισμοῦ.

383 552 617 621 Ἐγένετο
687 580 750 588 -
826 551 1183 621 καθαρισμοῦ.
1254 547 1479 618 Ἐγένετο
1557 542 1787 609 διάλεξις
1863 547 1921 599 ἐκ

312 649 413 692 τῶν
458 640 705 711 μαθητῶν
758 638 996 692 Ἰωάννου
1032 641 1161 711 πρὸς
1218 633 1477 691 Ἰουδαῖον
1518 656 1652 700 τινα,
1695 642 1918 689 Βαπτισ-

314 732 467 783 θέντκ
495 731 640 798 παρὰ
664 736 763 781 τῶν
795 729 1043 801 μαθητῶν
1073 735 1164 780 τοῦ
1198 735 1452 801 Χριστοῦ.
1492 725 1551 778 Ἠ
1593 722 1652 778 δε
1693 726 1921 787 ζήτησις

314 816 377 877 ἦν
423 822 542 893 περὶ
590 819 949 891 καθαρισμοῦ,
981 820 1101 875 ἤτοι
1133 816 1521 889 βαπτίσματος,
1554 818 1619 876 ὡς
1666 823 1758 868 τοῦ
1798 818 1918 888 παρ’

311 908 492 969 αὐτοῖς
519 906 669 960 πλέον
694 927 745 959 τι
775 914 867 959 τοῦ
898 915 998 959 τῶν
1027 908 1274 979 μαθητῶν
1300 905 1413 978 (42)
1442 908 1671 978 ἔχοντος.
1695 904 1921 963 Ζηλοτυ-

310 1006 526 1061 ποῦντες
552 1000 657 1070 γὰρ
696 999 998 1070 ἐπεχείρουν
1025 997 1238 1050 πείθειν.

387 1270 583 1319 Καὶ-
631 1264 902 1339 βαπτίζει.
934 1266 1018 1323 Μὴ
1068 1260 1375 1326 δυνηθέντες
1414 1272 1596 1317 πεῖσαι
1644 1266 1732 1316 τὸν
1793 1263 1919 1315 Ἰου-

310 1353 482 1419 δαῖον,
526 1352 680 1414 ἧλθον
726 1360 853 1429 πρὸς
888 1358 974 1408 τὸν
1025 1350 1352 1407 διδάσκαλον
1399 1354 1611 1418 ἑαυτῶν,
1644 1357 1735 1405 καὶ
1777 1350 1915 1405 εἶπον
1952 1412 1955 1413 ν

306 1447 389 1498 ὅτι
427 1445 497 1518 ’ῼ
527 1448 591 1498 σύ
624 1448 1031 1519 μεμαρτύρηκας
1058 1452 1291 1497 τοσαῦτα
1315 1448 1405 1496 καὶ
1430 1450 1672 1512 τοιαῦτα,
1704 1443 1758 1495 ὃν
1822 1439 1917 1495 διὰ

308 1543 408 1598 σῆς
463 1540 751 1609 μαρτυρίας
805 1532 1083 1604 έδόξασας,
1118 1534 1269 1596 οὗτος
1320 1533 1653 1609 ἁντιπράττει
1693 1552 1797 1597 σοι,
1825 1536 1914 1584 καὶ

306 1625 605 1700 ὑφαρπάςει
634 1628 728 1683 τὴν
770 1621 927 1687 δόξαν
969 1643 1085 1678 σου.
1119 1623 1233 1677 Ἔτι
1274 1619 1335 1675 δὲ
1381 1623 1719 1699 παρακνίζειν
1759 1622 1913 1674 αὑτὸν

305 1714 579 1783 ἐθέλοντες,
618 1716 985 1790 προστιθέασι·

380 1808 481 1857 Καὶ
512 1836 580 1844 -
611 1804 785 1858 αὐτόν.
822 1806 880 1856 Σὶ
908 1803 1403 1876 καταλιμπάνοντες.

378 1895 660 1969 Ἀπεκρίθη
742 1925 814 1935 -
886 1893 1128 1967 ούρανοῦ.
1206 1893 1280 1945 Ou’
1353 1889 1573 1945 δύναται
1643 1894 1913 1967 ἄνθρωπος

305 1983 390 2057 ἀφ’
447 1984 632 2036 ἑαυτοῦ
694 1982 971 2057 λαμϐάνειν
1025 1979 1175 2036 οῦὸεν
1226 1989 1458 2035 τοιοῦτον
1512 1978 1617 2034 οἷον
1674 1982 1911 2057 οὐράνιον

300 2078 389 2126 καὶ
442 2075 599 2129 θεῖον.
665 2078 826 2131 Γὴῐνα
862 2075 964 2147 γὰρ
1019 2076 1109 2124 καὶ
1158 2070 1456 2147 ἀνθρώπινα
1484 2070 1663 2124 πολλοὶ
1722 2071 1909 2125 πολλά-

299 2184 386 2227 κις
458 2168 550 2216 καὶ
620 2161 703 2235 ἀφ’
773 2162 965 2215 ἑαυτῶν
1004 2160 1352 2234 λαμϐάνουσι.
1386 2168 1546 2214 Τοῦτο
1619 2157 1677 2213 δὲ
1733 2161 1906 2226 εἰπὼν,

300 2258 696 2329 μυστικώτερον
750 2256 840 2325 μεν
900 2254 1150 2325 ὑπέφηνεν
1207 2253 1288 2303 ὅτι
1364 2251 1458 2303 οὐκ
1512 2254 1652 2304 ἔστιν
1714 2252 1909 2324 ἀνθρω-

297 2363 396 2406 πος
447 2342 638 2410 ἁπλῶς,
673 2340 804 2394 ἀλλὰ
858 2347 948 2394 καὶ
1000 2345 1147 2403 Θεὸς
1206 2347 1547 2415 φανερώτερον
1598 2337 1657 2392 δὲ
1714 2337 1909 2398 ἐδήλω-

303 2454 388 2486 σεν
446 2436 525 2485 ὅτι
571 2432 627 2484 ἐκ
693 2440 826 2485 Θεοῦ
882 2430 1026 2484 ἔλαϐε
1082 2434 1139 2483 τὸ
1192 2427 1513 2494 δοξάζεσθαι
1564 2435 1654 2482 καὶ
1719 2432 1908 2491 πάντας

300 2522 622 2596 ἐφέλκεσθαι.

374 2699 516 2767 Εἶτα,
549 2700 656 2753 ἐπεὶ
696 2705 790 2759 τὴν
840 2700 999 2753 αὐτοῦ
1051 2704 1349 2773 μαρτμρίαν
1394 2698 1738 2771 προεϐάλοντο
1777 2702 1908 2772 πρὸς

300 2789 669 2862 ὑποϐιϐασμὸν
722 2798 813 2843 τοῦ
878 2797 1134 2865 Χριστοῦ,
1197 2793 1492 2862 περιτρέπει
1544 2792 1740 2846 ταύτην
1790 2788 1906 2840 κατ’

298 2880 491 2943 αὐτῶν,
521 2885 609 2931 καὶ
641 2879 728 2931 ἀπ’
766 2880 925 2941 αὐτῆς
977 2878 1165 2951 μᾶλλον
1217 2874 1483 2931 δείκνυσιν
1533 2876 1718 2931 ἐκεῖνον
1759 2880 1909 2952 ὑπερ.

294 2974 547 3041 κείμενον.
590 2974 741 3040 Λέγει
766 2972 887 3043 γὰρ·

374 3059 532 3111 Αύτοὶ
601 3091 666 3099 -
744 3057 958 3113 ἐκείνου.

298 3149 417 3201 σθεν
480 3146 692 3212 ἐκείνου,
751 3152 868 3207 ἦτοι
932 3144 1175 3209 διάκονος
1221 3152 1310 3199 καὶ
1341 3148 1600 3219 ὑπηρέτης
1630 3146 1811 3201 αὐτοῦ.
1847 3150 1905 3199 Et
1938 3172 1980 3230 ο

300 3237 390 3290 οὖν
420 3242 514 3295 τήν
558 3236 685 3310 ἐμὴν
738 3238 849 3309 (43)
894 3236 1247 3312 προϐάλλεσθε
1291 3241 1605 3311 μαρτυρίαν,
1633 3240 1764 3294 αῦτη
1795 3241 1905 3309 μεί-

301 3327 428 3387 ζονα
458 3324 644 3379 ἐκεῖνον
670 3324 1047 3401 ἐμαρτύρησεν.

371 3417 430 3469 Ὀ
474 3448 540 3457 -
611 3417 772 3469 ἐστίν.
835 3416 1020 3483 Αὐτὸς,
1085 3417 1196 3489 (lsi)
1256 3418 1281 3469 ὁ
1331 3419 1469 3489 ἔχων
1528 3420 1621 3475 τὴν
1677 3418 1901 3488 νύμφην,

298 3507 459 3568 αὐτὸς
493 3508 609 3559 ἐστι
657 3511 893 3579 νυμφίος,
957 3511 1119 3578 ἤγουν
1168 3509 1367 3579 κύριος.
1422 3508 1614 3578 Νύμφη
1678 3509 1767 3573 μὲν
1816 3502 1903 3558 οὖν

1042 3057 1446 3130 Ἀπεσταλμένος
1532 3058 1637 3129 εὶμὶ
1719 3059 1906 3131 ἔμπρο-

297 3599 324 3649 ὀ
376 3597 496 3657 λαός
544 3606 641 3650 τῶν
714 3606 934 3664 πιστῶν,
987 3598 1017 3656 ἠ
1080 3597 1366 3656 Ἐκκλησία
1446 3604 1707 3669 μυστικῶς
1780 3616 1907 3649 συν-

298 3692 560 3759 απτομένη
597 3684 690 3740 διὰ
721 3692 960 3747 πίστεως
993 3693 1206 3760 νυμφίος
1239 3683 1297 3741 δε
1326 3689 1351 3739 ὁ
1384 3690 1633 3762 Χριστὸς,
1667 3685 1905 3761 ἀρρήτως

301 3779 575 3828 συνάπτων
658 3777 823 3848 ἐαυτῷ
888 3782 971 3829 καὶ
1043 3778 1244 3830 οἱκειῶν
1299 3780 1493 3835 ταύτην
1562 3775 1900 3848 ἔπελεγείσαν·

298 3866 441 3918 Ἐπεὶ
487 3870 578 3920 καὶ
631 3865 866 3939 ἀλλαχοῦ
920 3869 1124 3939 γάμους
1170 3868 1284 3939 (45)
1325 3871 1384 3919 τὸ
1416 3868 1683 3941 πρᾶγμαό
1724 3866 1901 3941 Σωτῆρ

298 3954 585 4028 ὠνόμασεν.

366 4046 425 4099 Ὀ
478 4043 537 4100 δε
613 4046 755 4119 φίλος
814 4079 881 4088 -
946 4052 1192 4120 νυμφίου.
1251 4047 1514 4124 Ἀνωτέρω
1571 4051 1660 4117 μεν
1721 4045 1904 4101 διάκο-

290 4156 377 4188 νον
440 4142 529 4189 καὶ
574 4139 858 4210 ὑπηρέτην,
908 4136 1130 4190 ἐνταῦθα
1188 4134 1247 4190 δε
1304 4138 1445 4209 φίλον
1492 4137 1670 4190 ἑαυτὸν
1710 4137 1901 4190 ἐκείνου

292 4224 445 4277 καλεί
490 4225 585 4277 οῦκ
625 4225 849 4298 ἐπαίρων
898 4226 1096 4291 ἑαυτὸν,
1126 4222 1251 4279 οὐδὲ
1302 4228 1608 4298 κομπάζων,
1640 4226 1766 4279 ἀλλὰ
1809 4232 1901 4286 την

293 4314 382 4367 έπὶ
433 4322 505 4385 τῷ
557 4315 670 4385 (46)
721 4318 994 4388 πράγματι
1024 4318 1201 4389 χαρὰν
1255 4312 1634 4388 ἐνδεικνύμενος
1682 4313 1774 4369 διὰ
1812 4325 1903 4378 τῆς

292 4412 388 4457 τοῦ
446 4404 589 4476 φίλου
643 4409 1023 4480 προσηγορίας.
1106 4406 1227 4477 Οὐχ
1293 4409 1427 4457 οὕτω
1495 4409 1595 4480 γὰρ
1656 4408 1703 4457 οἱ
1769 4407 1904 4463 ὑπη-

292 4498 440 4566 ρέται
496 4498 781 4567 χαίρουσιν
830 4498 877 4546 ἓν
926 4502 1037 4555 τοῖς
1086 4496 1279 4567 γάμοις
1331 4502 1429 4546 τῶν
1479 4500 1691 4569 κυρίων,
1726 4498 1795 4556 ὡς
1851 4498 1900 4548 οὶ
1932 4532 1979 4589 D

293 4583 457 4657 φίλοι.

364 4672 431 4725 ”Ο
490 4668 550 4725 δε
605 4672 742 4744 λέγει
798 4677 1033 4725 τοιοῦτον
1066 4672 1227 4742 ἐστιν,
1260 4674 1340 4726 ὃτι
1378 4673 1597 4734 Ἐκεῖνος
1655 4678 1745 4747 μέν
1790 4671 1900 4727 ἐστι

290 4767 509 4835 νυμφίος
556 4767 645 4815 καὶ
698 4765 908 4835 Κύριος·
970 4761 1066 4834 ἐγὼ
1123 4760 1183 4816 δέ
1234 4763 1379 4835 φίλος
1407 4767 1497 4816 καὶ
1525 4766 1895 4836 νυμφαγωγὸς,

292 4852 347 4914 ὃς
429 4851 665 4915 έστηκὼς
716 4848 824 4912 ἤδη
908 4855 978 4915 ὡς
1051 4852 1249 4914 ἀνύσας
1322 4856 1414 4911 τὴν
1499 4858 1896 4926 νυμφαγωγίαν,

289 4947 384 4995 καὶ
431 4944 501 5004 ὼς
556 4940 843 5017 πληρώσας
905 4946 961 4995 τὸ
996 4941 1347 5015 ἐντεταλμένον
1404 4963 1517 5015 μοι,
1575 4947 1666 4996 καὶ
1717 4941 1896 4996 λοιπὸν

290 5032 492 5084 ἁκούων
520 5031 681 5084 αὑτοῦ
708 5030 1076 5105 διαλεγομένου
1123 5035 1250 5107 πρὸς
1278 5036 1373 5092 τὴν
1410 5035 1612 5107 νύμφην
1660 5036 1751 5085 καὶ
1806 5032 1895 5107 ῥυ-

1288 329 1657 387 COMMENT.
1701 329 1768 385 IN
1807 328 2159 387 JOANNEM.
2200 363 2267 372 —-
2307 332 2466 388 CAP.
2510 333 2599 389 Ill.

1950 454 2001 511 A

3552 334 3693 390 M78

2391 460 2542 515 CAP.
2622 461 2707 516 IV.
2745 462 2829 518 De
2861 460 3307 531 puriﬁcatione.

2104 548 2268 604 Vers.
2302 553 2386 605 25.
2430 550 2619 606 Facta
2653 556 2737 606 est
2790 582 2855 591 —
2894 551 3337 619 puriﬁcatione.
3386 554 3562 609 Facta
3596 557 3687 609 est

2030 637 2354 709 disputatio
2397 654 2469 694 ex
2512 639 2818 712 discipulis
2867 641 3116 697 Joannis
3159 642 3445 698 adversus
3489 658 3693 713 quem-

2030 727 2170 783 dam
2193 727 2467 783 .Iudasum
2496 744 2533 784 a
2552 728 2763 785 Christi
2786 730 3096 803 discipulis
3114 731 3502 803 baptizatum.
3523 733 3693 797 Qum~

2031 816 2145 871 stio
2172 821 2372 873 autem
2405 822 2531 874 erat
2556 818 2628 874 de
2662 818 3093 891 puriﬁcatione,
3139 821 3262 877 sive
3302 821 3687 892 baptismate,

2030 911 2314 979 tanquam
2343 908 2643 980 baptisma
2659 925 2865 965 eorum
2890 910 3151 982 amplius
3181 911 3479 984 quiddam
3500 911 3692 969 habe-

2032 1004 2115 1051 ret
2139 1013 2320 1069 super
2376 997 2683 1070 baptisma
2729 998 3170 1072 discipulorum
3220 1001 3457 1068 Christi,
3502 1018 3692 1057 aemu-

2027 1086 2250 1142 latione
2309 1087 2609 1159 siquidem
2687 1090 2921 1145 accensi
3001 1089 3064 1145 id
3139 1090 3501 1163 persuadere
3561 1091 3693 1163 (dd)

2028 1175 2423 1232 conabantur.

2098 1266 2261 1322 Vers.
2320 1270 2409 1322 26.
2468 1268 2548 1323 Et
2608 1299 2673 1311 —~
2737 1269 3020 1338 baptizat.
3076 1272 3223 1325 Cum
3245 1270 3525 1327 Judaeum
3567 1270 3693 1327 vin-

2028 1371 2159 1412 cere
2203 1372 2321 1411 non
2352 1362 2616 1427 possent,
2659 1364 2951 1414 venerunt
2988 1358 3066 1415 ad
3108 1359 3466 1430 magistrum
3515 1376 3692 1417 suum

2025 1460 2096 1501 ac
2146 1446 2424 1501 dixerunt
2480 1464 2493 1501 :
2542 1447 2660 1515 Ille,
2720 1447 2795 1504 de
2849 1464 2973 1520 quo
3027 1454 3192 1505 tanta
3235 1466 3304 1505 ac
3346 1449 3488 1506 talia
3531 1450 3689 1506 testi-

2022 1536 2237 1591 ﬁcatus
2274 1552 2358 1603 es,
2405 1552 2590 1609 quem
2638 1541 2744 1593 tuo
2795 1538 3138 1595 testimonio
3184 1538 3546 1610 gloriﬁcasti,
3593 1539 3691 1594 hic

2025 1631 2193 1682 tuum
2248 1642 2471 1681 munus
2527 1632 2735 1683 contra
2789 1632 2843 1683 te
2886 1634 3137 1694 exercet,
3194 1633 3482 1702 tuamque
3536 1629 3693 1700 rapit

2024 1715 2291 1785 gloriam.
2345 1719 2410 1771 Et
2454 1715 2698 1789 insuper
2750 1734 3105 1790 exasperare
3146 1718 3312 1775 illum
3369 1720 3689 1791 cupientes,

1949 1811 1993 1868 Β
2024 1805 2384 1862 addiderunt
2419 1824 2433 1861 :

2093 1896 2255 1953 Vers.
2283 1900 2372 1952 26.
2405 1897 2481 1951 Et
2514 1928 2578 1937 -—
2610 1913 2762 1953 eum.
2802 1900 2877 1953 Te
2920 1898 3141 1954 relicto.

2095 1987 2236 2042 Vers
2260 1991 2348 2041 27.
2393 1987 2707 2056 Respondit
2756 2019 2821 2028 -—
2877 1990 3037 2044 caelo.
3095 1991 3222 2045 Non
3268 1994 3465 2061 potest
3498 1989 3686 2045 homo

2022 2092 2059 2132 a
2100 2074 2301 2147 seipso
2346 2079 2464 2132 tale
2505 2076 2823 2148 quippiam
2872 2077 3163 2149 accipere,
3202 2082 3404 2149 utpote
3449 2076 3687 2134 cceleste

2020 2181 2090 2221 ac
2128 2164 2399 2221 divinum
2434 2182 2448 2221 :
2478 2182 2619 2222 nam
2663 2172 2961 2222 terrenum
2984 2183 3054 2223 ac
3084 2166 3419 2224 humanum
3462 2166 3686 2238 saepius

2020 2254 2201 2311 etiam
2260 2271 2296 2311 a
2362 2254 2575 2327 seipsis
2627 2255 2947 2328 accipiunt.
3019 2259 3136 2314 Hoc
3188 2261 3391 2314 autem
3457 2257 3687 2321 dicens,

2020 2344 2246 2401 occulte
2302 2344 2541 2417 quidem
2597 2346 2872 2413 ostendit,
2927 2347 3224 2403 Christum
3285 2362 3407 2402 non
3464 2345 3689 2419 simpli-

2020 2435 2162 2490 citer
2198 2434 2507 2490 hominem
2553 2450 2703 2501 esse,
2762 2435 2867 2491 sed
2929 2437 3107 2492 etiam
3164 2438 3349 2492 Deum
3420 2451 3435 2491 :
3498 2436 3686 2491 mani-

2019 2524 2163 2580 feste
2230 2541 2366 2580 vero
2419 2524 2870 2591 demonstravit,
2924 2526 3087 2598 quod
3131 2541 3166 2583 a
3200 2528 3318 2581 Deo
3376 2528 3686 2598 acceperat

2019 2620 2083 2670 ut
2120 2613 2551 2683 gloriﬁcaretur
2615 2631 2948 2688 omnesque
3003 2615 3343 2672 attraheret.

2092 2702 2312 2758 Deinde
2342 2705 2480 2775 quia
2509 2705 2759 2760 Joannis
2791 2705 3200 2762 testimonium
3231 2704 3311 2762 ad
3334 2704 3548 2762 Christi
3578 2705 3685 2761 im-

2018 2793 2412 2849 minutionem
2427 2801 2900 2865 assumpserunt,
2927 2799 3232 2865 retorquet
3258 2795 3453 2866 ipsum
3476 2800 3683 2851 contra

2017 2898 2140 2947 eos,
2174 2888 2229 2938 et
2258 2882 2336 2939 ab
2362 2899 2430 2939 eo
2464 2884 2657 2953 magis
2675 2884 3113 2940 ostenditillum
3131 2883 3242 2940 sibi
3265 2884 3678 2956 praepositum.

2016 2972 2108 3028 Ait
2135 2972 2295 3028 enim
2322 2992 2335 3032 :

2091 3064 2343 3119 νει-828.
2379 3062 2503 3131 Ipsi
2532 3093 2601 3103 -
2631 3064 2830 3119 illum.
2860 3063 3078 3119 Missus
3121 3078 3256 3118 sum
3299 3066 3437 3118 ante
3487 3062 3678 3131 illum,

2015 3152 2137 3207 sive
2171 3152 2438 3207 minister
2470 3169 2539 3208 ac
2571 3169 2783 3208 servus
2803 3154 2953 3225 ejus.
2987 3153 3044 3209 Si
3073 3168 3217 3223 ergo
3241 3169 3445 3209 meum
3463 3153 3678 3225 produ-

2014 3242 2144 3298 citis
2178 3240 2601 3308 testimonium,
2626 3241 2770 3298 illud
2807 3242 3100 3313 majorem
3128 3243 3290 3298 hunc
3315 3258 3451 3298 esse
3480 3242 3679 3298 testiﬁ-

2014 3336 2216 3388 calum
2240 3337 2347 3387 est.

2084 3424 2245 3477 Vers.
2278 3424 2366 3478 29.
2402 3422 2516 3489 Qui
2544 3453 2612 3463 -—
2641 3428 2741 3478 est.
2792 3424 2940 3494 Ipse,
2982 3421 3086 3494 qui
3137 3437 3429 3493 sponsam
3474 3421 3677 3487 habet,

2014 3528 2273 3585 sponsus
2303 3516 2391 3568 est
2419 3512 2513 3568 vel
2537 3512 2841 3568 dominus.
2869 3514 3102 3583 Sponsa
3115 3511 3400 3582 siquidem
3417 3510 3679 3583 populus

2014 3606 2102 3658 est
2124 3602 2400 3669 ﬁdelium,
2430 3602 2553 3658 sive
2590 3602 2848 3658 Ecclesia
2876 3601 3113 3673 mystice
3142 3617 3246 3672 per
3260 3600 3440 3657 ﬁdem
3456 3600 3677 3657 coadu-

2012 3698 2173 3756 nata;
2199 3708 2459 3763 sponsus
2488 3708 2631 3749 vero
2658 3692 3121 3755 Christus,hanc
3148 3690 3526 3747 ineﬂ‘abiliter
3560 3690 3677 3747 sibi

2012 3780 2387 3845 coadunans,
2419 3781 2888 3854 etapproprians
2914 3796 2984 3836 ac
3018 3780 3268 3851 eligens.
3301 3780 3532 3837 Undeet
3559 3778 3681 3836 Sal-

2012 3875 2182 3927 vator
2212 3887 2337 3926 rem
2368 3872 2526 3927 hanc
2556 3871 2799 3943 nuptias
2831 3869 2974 3927 alibi
3012 3869 3361 3942 appellavit.

2085 4048 2243 4103 Vers.
2270 4052 2359 4105 29.
2393 4048 2636 4104 Amicus
2666 4052 2864 4105 autem
2891 4078 2941 4088 —
2976 4047 3197 4114 sponsi.
3245 4047 3525 4119 Superius
3549 4048 3682 4120 qui-

2012 4137 2149 4193 dem
2179 4138 2445 4210 seipsum
2472 4153 2710 4193 servum
2731 4153 2800 4193 ac
2825 4136 3294 4201 ministrum,hic
3309 4140 3510 4192 autem
3526 4138 3674 4193 ami-

2010 4227 2315 4282 cumillius
2346 4231 2548 4282 vocat:
2566 4242 2683 4282 non
2699 4227 2964 4297 seipsum
2990 4224 3276 4281 extollens
3299 4225 3677 4297 autjactans,

2011 4315 2116 4372 sed
2147 4316 2204 4371 in
2224 4317 2337 4372 hoc
2365 4314 2604 4385 negotio
2629 4314 2921 4387 gaudium
2946 4314 3371 4369 demonstrans
3400 4330 3504 4385 per
3526 4314 3677 4369 ami-

2011 4405 2065 4460 ci
2094 4405 2581 4478 appellationem.
2618 4409 2812 4477 Ncque
2842 4405 3000 4459 enim
3032 4404 3111 4460 ita
3152 4404 3417 4474 gaudent
3443 4404 3588 4460 servi
3615 4404 3676 4461 in

2012 4496 2233 4568 nuptiis
2260 4496 2641 4552 dominorum
2674 4495 2825 4551 sicut
2854 4494 3056 4552 amici.

2082 4675 2253 4741 Quod
2283 4690 2425 4745 ergo
2449 4674 2614 4740 dicit,
2651 4674 3029 4731 tantumdem
3069 4679 3179 4745 est,
3228 4690 3298 4731 ac
3347 4674 3397 4730 si
3432 4674 3675 4732 diceret.

2008 4764 2105 4820 Ille
2135 4764 2380 4837 quidem
2407 4780 2669 4837 sponsus
2690 4768 2778 4821 est
2807 4780 2877 4820 ac
2905 4764 3340 4834 Dominus;ego
3363 4780 3505 4821 vero
3532 4764 3682 4822 ami-

2008 4869 2111 4909 cus
2137 4869 2207 4911 ac
2238 4869 2476 4927 sponsas
2506 4853 2736 4920 ductor,
2766 4854 2869 4926 qui
2903 4859 3069 4910 stans
3093 4854 3218 4925 jam
3249 4858 3305 4910 et
3334 4853 3560 4925 nuptiis
3589 4852 3677 4910 in-

2007 4942 2260 4999 tendens
2305 4942 2705 5015 perﬁciendis,
2763 4943 3051 5017 quodque
3092 4942 3239 4999 mihi
3291 4942 3533 5013 jussum
3587 4947 3683 5000 est

2006 5031 2348 5105 adimplens
2380 5037 2437 5088 et
2478 5032 2689 5088 exinde
2734 5032 2984 5089 audiens
3022 5032 3223 5105 ipsum
3264 5046 3404 5087 cum
3443 5045 3672 5103 sponsa

1523 5211 1743 5281 Variae
1780 5211 2112 5281 lectiones
2160 5218 2228 5287 et
2267 5221 2470 5279 notae.

362 5410 476 5486 (42)
507 5418 763 5486 ,Χριστοῦ
810 5411 1251 5486 perspicuitatis
1291 5426 1478 5486 causa
1522 5410 1895 5486 addendum,

283 5482 951 5609 qggtlir'Chrysostomus
981 5483 1163 5539 etiam
1211 5482 1410 5548 habet,
1452 5486 1610 5539 tome
1659 5483 1800 5547 VIII,
1836 5497 1894 5554 p.

362 5625 478 5697 (43)
517 5624 850 5701 Προϐάλεσθε
884 5632 945 5680 Α.

360 5800 489 5877 (ίίᾱ)
514 5800 584 5859 Id
603 5801 985 5875 persuadere,
1030 5802 1100 5865 Id
1128 5817 1249 5863 non
1286 5807 1376 5863 est
1406 5801 1466 5865 in
1497 5802 1721 5863 Gateco.

2110 5411 2198 5483 44)
2225 5409 2287 5465 Ὀ
2318 5409 2534 5483 omittit
2564 5409 2623 5483 Β,

2110 5414 2198 5483 44)
2225 5414 2287 5465 'O
2318 5414 2534 5465 omittit
2564 5414 2623 5463 B.

2084 5414 2201 5548 (45)
2233 5481 2417 5536 Veluti
2455 5481 2656 5536 Matth.
2689 5493 2829 5543 χχιι,
2872 5483 2926 5543 2,
2969 5477 3102 5536 coll.
3146 5484 3197 5546 9,
3240 5482 3321 5541 15.

2082 5552 2194 5625 (46)
2234 5554 2353 5607 Ἐπὶ
2390 5560 2488 5604 τῶν
2516 5552 2833 5626 πραγμάτων
2864 5551 2929 5619 Α,
3026 5556 3029 5563 ’
