4156 6394
492 324 632 383 1179

1808 321 2153 379 EUTHYMII
2203 320 2559 378 ZAGABENI

3742 322 3891 380 1180

489 454 947 525 colloquentem,
981 450 1265 523 illamque
1296 453 1764 522 componentem
1779 465 1848 503 ac
1862 449 2158 503 instruen-

2276 449 2539 520 θμίζοντος
2569 449 2731 507 αὐτὴν
2752 454 2841 502 καὶ
2861 445 3220 518 παιδεύοντος,
3251 453 3428 524 χαίρω
3460 445 3555 501 διὰ
3584 455 3672 507 τὴν
3705 455 3884 522 φωνὴν

490 547 633 612 tem,
666 542 906 613 gaudeo
936 545 1177 613 propter
1214 540 1371 595 hanc
1398 540 1525 609 ejus
1564 554 1799 603 vocem,
1828 553 1964 610 quae
2005 536 2157 593 adeo

493 631 684 689 dulcis
715 636 818 697 est,
856 631 1009 688 adeo
1040 628 1269 697 efﬁcax,
1317 630 1469 685 adeo
1520 628 1820 685 salutaris.

567 814 729 866 Vers.
748 815 834 866 29.
878 811 1008 865 Hoc
1029 840 1090 849 ——
1110 809 1417 879 impletum
1444 814 1548 865 est.
1577 808 1722 863 Cum
1754 807 1835 863 illi
1864 821 2157 878 sponsam

497 901 863 967 tradiderim,
888 916 958 955 ac
974 900 1368 955 commissum
1386 898 1532 953 mihi
1554 898 1975 962 ministerium,
2000 894 2160 951 utdi-

496 994 779 1052 ctumest,
799 988 1189 1061 impleverim.
1212 988 1295 1043 Illi
1329 1003 1471 1059 ergo
1498 988 1794 1060 putabant
1822 990 2157 1058 praecepto-

493 1095 621 1136 rem
673 1096 852 1136 suum
906 1078 1413 1150 exasperandum,
1465 1084 1522 1133 et
1559 1078 1635 1132 ad
1710 1075 2157 1132 aemulationem

496 1168 853 1225 irritandum
888 1171 1057 1241 :ipse
1090 1183 1246 1232 vero,
1282 1184 1418 1222 cum
1451 1167 1733 1237 praedicta
1781 1165 2022 1229 diceret,
2067 1180 2158 1219 os-

490 1258 697 1330 tendit,
733 1260 899 1331 quod
932 1274 1052 1313 non
1086 1258 1279 1312 solum
1306 1273 1426 1311 non
1459 1257 1842 1311 aemularetur
1873 1271 2009 1309 eum
2053 1253 2158 1325 qui

492 1345 681 1418 gloria
708 1354 1036 1419 superaret,
1076 1348 1179 1402 sed
1216 1347 1502 1419 gauderet
1564 1350 1763 1418 potius
1813 1351 1874 1400 ut
1904 1345 2009 1417 qui
2040 1344 2157 1399 hoc

492 1446 892 1511 procurasset.
930 1438 1149 1494 Deinde
1173 1439 1350 1493 etiam
1392 1437 1465 1492 de
1494 1437 1691 1493 futuro
1710 1437 2048 1508 prOphetat.

569 1620 844 1673 Vers.30.
876 1617 1057 1672 Illum
1082 1648 1138 1656 —
1165 1615 1377 1671 minui.
1403 1616 1573 1671 Minui
1599 1633 1612 1671 :
1642 1614 2159 1687 quemadmodum

497 1705 711 1762 lucifer
744 1708 873 1761 orto
914 1706 1059 1761 sole.

566 1796 743 1851 Vides
771 1811 891 1868 quo
908 1800 1082 1867 pacto
1100 1795 1390 1868 paulatim
1408 1794 1796 1863 acingeniose
1828 1794 2162 1849 illorumin-
2196 1807 2239 1862 Β

494 1886 723 1941 vidiam
741 1884 1837 1956 cohibeat,acimpossibiliatentanles
1862 1885 2164 1939 ostendat?

492 1975 633 2031 Ideo
663 1977 821 2031 enim
854 1976 1050 2030 adhuc
1082 1991 1152 2030 eo
1182 1976 1418 2029 vivente
1450 1980 1505 2029 et
1534 1974 1873 2045 baptizante
1904 1974 2164 2045 disposi-

494 2069 623 2121 tum
650 2069 759 2129 est,
791 2070 853 2120 ut
877 2066 956 2120 ita
979 2064 1161 2131 ﬁeret,
1188 2080 1303 2136 quo
1335 2064 1534 2135 ipsum
1566 2064 1928 2119 excellentiae
1950 2064 2161 2119 Christi

494 2160 707 2210 testem
748 2155 1038 2209 haberent
1066 2155 1183 2209 ﬁde
1215 2154 1467 2226 dignum
1500 2153 1635 2208 etin
1665 2154 1830 2208 nullo
1868 2153 2166 2209 contradi-

497 2260 629 2300 cere
659 2250 903 2315 possent
937 2260 950 2299 :
983 2246 1136 2300 unde
1164 2258 1273 2299 nec
1295 2260 1331 2299 a
1357 2243 1554 2315 seipso
1568 2243 1695 2299 hinc
1721 2243 1885 2312 dixit,
1916 2244 2019 2299 sed
2048 2243 2161 2299 illis

482 2332 971 2406 impellentibus.

570 2514 733 2569 Vers.
776 2517 867 2569 3t.
920 2513 1029 2581 Qui
1072 2544 1141 2554 —
1189 2521 1293 2569 est.
1356 2513 1464 2579 Qui
1518 2512 1773 2569 caelestis
1827 2517 1932 2577 est,
1974 2513 2167 2584 major

500 2603 785 2659 omnibus
820 2608 928 2671 est,
981 2607 1038 2657 et
1094 2603 1231 2658 ideo
1284 2618 1397 2671 ego
1450 2618 1696 2675 quoque
1752 2603 1948 2658 minor
2004 2620 2163 2658 sum.

574 2693 668 2748 Vel
702 2693 871 2747 aliter
902 2692 1041 2758 :Qui
1062 2693 1313 2748 ccelestis
1338 2699 1444 2758 est,
1475 2692 1638 2747 nullo
1678 2698 1828 2764 eget,
1881 2693 2031 2749 etita
2061 2708 2166 2748 nec

501 2798 638 2838 meo
669 2789 802 2853 eget
831 2782 1179 2838 testimonio
1211 2783 1336 2854 ipse
1371 2782 1484 2837 sibi
1516 2782 1839 2838 sufﬁciens.

570 2960 714 3016 Vers
745 2965 833 3017 31.
875 2961 988 3029 Qui
1016 2992 1084 2999 —
1112 2969 1214 3017 est.
1252 2960 1419 3019 Sicut
1449 2960 1597 3016 illud
1627 2961 1701 3015 de
1742 2961 1861 3027 illo,
1894 2961 1978 3017 ita
2011 2967 2067 3018 et
2092 2961 2167 3017 is-

498 3050 606 3106 tud
635 3050 741 3122 (ee)
774 3051 981 3107 deisto
1007 3050 1180 3117 dicit;
1211 3067 1350 3106 nam
1371 3050 1472 3122 qui
1503 3067 1534 3105 e
1570 3055 1723 3106 terra
1740 3050 2042 3122 profectus
2057 3058 2161 3116 est,

2267 537 2446 603 αὐτοῦ,
2479 542 2572 597 τὴν
2616 542 2752 591 οὕτω
2793 538 3056 611 γλυκεῖαν,
3096 543 3193 598 τὴν
3236 540 3399 602 οὕτως
3436 536 3741 612 ἐπέραστον,
3773 540 3871 596 τὴν

2266 628 2401 680 οὕτω
2439 633 2720 704 σωτήριον.

2338 804 2480 862 Αὕτη
2547 835 2617 846 --
2683 804 3039 878 πεπλήρωται.
3138 800 3469 878 Παραδόντος
3544 802 3716 875 ἐκείνῳ
3774 807 3879 862 τὴν

2266 896 2491 967 νύμφην,
2549 900 2638 947 καὶ
2698 894 3112 968 πεπληρωκότος,
3172 898 3235 955 ὡς
3289 898 3510 970 εἴρηται,
3568 898 3658 953 τὴν
3704 892 3885 965 ἐγχει-

2267 981 2540 1060 ρισθεῖσαν
2590 1004 2680 1057 μοι
2732 981 3024 1042 διακονίαν,
3089 986 3305 1039 Ἐκεῖνοι
3382 986 3473 1057 μεν
3549 981 3636 1036 οὖν
3712 988 3878 1055 ᾤοντο

2267 1075 2604 1149 παρακνίζειν
2654 1077 2741 1127 τὸν
2811 1071 3134 1127 διδάσκαλον
3184 1074 3397 1139 ἑαυτῶν,
3457 1078 3547 1126 καὶ
3596 1073 3665 1135 εἰς
3721 1072 3883 1133 ζηλο-

2267 1169 2453 1216 τυπίαν
2501 1163 2767 1237 ἐρεθίζειν*
2804 1162 2954 1226 αὐτὸς
3010 1160 3088 1231 δὲ,
3130 1165 3195 1216 τὰ
3246 1164 3471 1239 ῥηθέντα
3515 1162 3688 1231 εἰπὼν,
3745 1158 3884 1215 ἔδει·

2271 1253 2347 1315 ξεν
2398 1255 2478 1305 ὅτι
2525 1253 2582 1305 οὗ
2632 1258 2786 1325 μόνον
2845 1253 2903 1305 οὐ
2955 1252 3241 1315 ζηλοτυποῖ
3304 1248 3877 1326 παρευδοκιμούμενος,

2271 1342 2376 1395 ἀλλ’
2424 1345 2504 1395 ὅτι
2543 1348 2633 1395 καὶ
2680 1342 2866 1405 μᾶλλον
2918 1347 3121 1416 χαίρει,
3172 1347 3261 1395 καὶ
3292 1344 3373 1395 ὅτι
3412 1347 3503 1395 καὶ
3534 1341 3685 1402 αὐτὸς
3718 1349 3881 1394 τοῦτο

2270 1431 2617 1495 ἐσπούδαζεν.
2691 1430 2817 1487 Εἶτα
2872 1436 3186 1506 προφητεύει
3245 1438 3335 1486 καὶ
3408 1437 3528 1506 περὶ
3593 1438 3685 1484 τοῦ
3759 1431 3883 1504 με’λ-

2270 1524 2463 1587 λοντος.

2340 1616 2564 1667 Ἐκεῖνον
2612 1644 2680 1655 -
2740 1613 3101 1667 ἐλαττοῦσθαι.
3155 1612 3532 1669 Ἐλαττοῦσθαι
3587 1613 3673 1679 ὡς,
3730 1610 3885 1671 ἡλίου

2273 1702 2644 1772 ἀνατείλαντος,
2674 1703 2956 1776 ἑωσφόρον.

2344 1791 2494 1856 Εἶδες
2548 1802 2656 1856 πῶς
2715 1794 2886 1868 ἠρέμα
2928 1798 3018 1846 καὶ
3063 1793 3375 1866 εὐμηχάνως
3432 1796 3524 1850 τήν
3585 1791 3885 1865 βασκανίαν

2274 1884 2442 1936 αὐτῶν
2520 1883 2853 1956 ἐσωφρόνισε,
2954 1888 3043 1936 καὶ
3124 1880 3406 1945 ἀδυνάτοις
3485 1880 3888 1957 ἐπιχειροῦντας

2275 1972 2438 2038 ἔδειξε
2471 1993 2483 2041 ;
2518 1978 2612 2027 Διὰ
2673 1982 2824 2027 τοῦτο
2863 1977 2963 2050 γὰρ
3027 1978 3111 2026 καὶ
3156 1974 3488 2046 ᾠκονομήθη,
3549 1977 3625 2026 ἐτι
3683 1973 3883 2033 ζῶντος

2277 2066 2438 2118 αὐτοῦ
2485 2070 2575 2117 καὶ
2623 2064 2994 2136 βαπτίζοντος,
3042 2071 3211 2116 ταῦτα
3257 2064 3521 2135 γενέσθαι,
3583 2064 3666 2115 ἱνα
3722 2063 3882 2114 αὐτὸν

2278 2156 2580 2218 άξιόπιστον
2634 2158 2876 2229 μάρτυρα
2916 2163 3014 2216 τῆς
3065 2156 3335 2226 ὑπεροχῆς
3388 2155 3577 2224 ἔχωσι,
3632 2157 3722 2205 καὶ
3770 2171 3886 2223 μη-

2280 2242 2438 2317 δεμία
2508 2247 2708 2305 τούτοις
2777 2243 3044 2315 ἀντιλογία
3104 2243 3483 2317 περιλειφθείη,
3565 2237 3705 2294 Οὐδέ
3776 2243 3882 2313 γὰρ

2279 2333 2362 2407 ἀφ’
2449 2334 2633 2386 ἑαυτοῦ
2704 2342 2873 2387 ταῦτα
2933 2330 3089 2397 εἶπεν,
3160 2331 3267 2384 ἀλλ’
3341 2330 3541 2385 ἐκείνων
3610 2349 3889 2407 παρορμη-

2281 2426 2476 2477 σάντων
2486 2467 2497 2479 ,

2348 2514 2406 2566 Ὀ
2439 2544 2503 2557 υ
2532 2512 2689 2565 ἐστιν,
2725 2513 2785 2565 Ὀ
2817 2512 3114 2587 ἐπουράνιος
3138 2512 3330 2585 μείζων
3377 2513 3581 2564 πάντων
3624 2510 3759 2579 ἐστὶ,
3790 2505 3889 2563 διὰ

2277 2613 2429 2658 τοῦτο
2456 2606 2602 2675 κάγω
2630 2602 2851 2655 ἐλάττων
2880 2603 3061 2659 αὑτοῦ.

2346 2694 2415 2747 ’Ἡ
2472 2699 2561 2746 καὶ
2610 2693 2811 2767 ἑτέρως⁸
2844 2694 2902 2746 Ὀ
2942 2692 3248 2765 ἐπουράνιος
3304 2689 3611 2763 ἀπροσδεὴς
3671 2691 3884 2743 πάντων

2279 2785 2410 2851 ἐστὶ,
2454 2780 2545 2836 διὰ
2598 2791 2749 2836 τοῦτο
2797 2781 2921 2836 οὐδε
2966 2790 3055 2843 τῆς
3086 2778 3544 2857 ἐμῆςπροσδεῖται
3568 2783 3881 2855 μαρτυρίας,

2278 2874 2436 2935 αὐτὸς
2458 2873 2622 2944 ἑαυτῷ
2654 2872 2843 2947 ἀρκῶν.

2345 2962 2403 3015 Ὀ
2482 2996 2547 3002 —
2616 2964 2775 3015 ἐστίν.
2840 2962 3040 3035 Ὠσπερ
3092 2961 3250 3013 ἐκεῖνο
3307 2964 3424 3035 περὶ
3479 2958 3693 3029 ἐκείνου,
3748 2959 3885 3011 οὕτω

2276 3058 2366 3105 καὶ
2416 3061 2568 3105 τοῦτο
2602 3057 2721 3127 περὶ
2762 3052 2873 3124 (47)
2936 3052 3122 3104 ἑαυτοῦ
3186 3049 3342 3123 λέγει,
3393 3052 3473 3103 ὅτι
3518 3051 3543 3101 ὀ
3575 3048 3642 3100 ὧν
3696 3047 3750 3100 ἐκ
3788 3054 3885 3109 τῆς

500 3145 769 3197 terrenus
796 3147 905 3208 est,
939 3140 1059 3195 sive
1090 3140 1333 3195 inferior
1363 3140 1788 3212 illozsiquidem
1821 3140 2037 3195 malum
2073 3158 2166 3196 su-

2276 3152 2377 3215 γῆς
2422 3142 2476 3195 ἐκ
2520 3152 2613 3204 τῆς
2664 3151 2765 3215 γῆς
2814 3142 2977 3211 ἐστιν,
3029 3146 3191 3213 ἤγουν
3240 3142 3484 3193 ὑποκάτω
3536 3137 3749 3191 ἐκείνου.
3782 3142 3886 3190 Καὶ

498 3247 753 3303 pernum
785 3236 871 3286 est
902 3236 956 3285 et
986 3231 1311 3295 excelsum,
1346 3238 1500 3286 terra
1527 3246 1668 3286 vero
1699 3230 1930 3286 inferna
1972 3236 2026 3286 et
2059 3231 2168 3287 hu-

498 3319 677 3375 milis.

571 3411 838 3465 Vers.3t.
869 3410 943 3463 Et
959 3410 1208 3465 deterra
1236 3410 1522 3480 loquitur.
1554 3408 2170 3481 Atquidivinaloque-

496 3499 693 3556 batur.
738 3499 853 3554 Sed
886 3499 1401 3571 quemadmodum
1434 3499 1697 3553 Christus
1737 3499 1795 3553 in
1828 3499 2172 3570 praeceden-

496 3589 660 3644 tibus
692 3588 873 3643 dixit:
904 3588 973 3643 Si
997 3593 1235 3643 terrena
1272 3588 1403 3643 dixi
1433 3588 1595 3644 vobis
1623 3595 1675 3643 et
1706 3604 1824 3643 non
1858 3588 2167 3654 creditis“,

495 3682 803 3733 terrenum
817 3692 1036 3733 vocans
1050 3677 1316 3733 divinam
1332 3678 1989 3747 regenerationemznon
2006 3679 2171 3750 quod

502 3772 738 3823 terrena
762 3771 937 3831 esset,
974 3766 1075 3821 sed
1108 3767 1163 3822 in
1181 3766 1629 3838 comparatione
1659 3772 1891 3823 aeternaa
1922 3784 2171 3832 genera-

500 3856 676 3913 tionis
698 3873 839 3919 suae,
858 3871 993 3929 quas
1008 3872 1247 3911 omnem
1274 3872 1518 3911 sensum
1560 3873 1925 3929 omnemque
1945 3859 2173 3913 excedit

500 3944 867 4001 intellectum
894 3964 907 3999 :
932 3946 1004 4000 ita
1030 3951 1084 4001 et
1102 3961 1261 4000 nunc
1274 3946 1537 4001 Joannes
1558 3946 1629 4000 de
1657 3952 1809 4001 terra
1828 3946 2063 4019 seloqui
2086 3947 2173 4002 di-

501 4034 599 4104 cit,
618 4036 675 4090 in
693 4035 1143 4107 comparatione
1166 4035 1706 4106 supernaturalium
1725 4036 1938 4092 Christi
1955 4052 2173 4092 sermo-

499 4140 649 4181 num
683 4141 697 4180 :
731 4126 1050 4181 ostendens
1081 4141 1191 4179 sua
1218 4141 1346 4180 esse
1386 4141 1575 4196 parva
1615 4142 1685 4181 ac
1715 4126 1877 4189 vilia,
1920 4126 1970 4181 si
2002 4128 2073 4181 ad
2101 4141 2175 4181 ea

500 4230 637 4286 qua:
665 4214 821 4269 illius
851 4218 1039 4279 erant,
1087 4214 1487 4269 conferantur.
1545 4218 1691 4269 Nam
1735 4216 1886 4270 sicut
1916 4230 2021 4286 per
2051 4231 2174 4270 cce-

498 4303 627 4360 lum
654 4303 952 4374 signiﬁcat
983 4304 1308 4372 excelsum,
1345 4303 1423 4359 ita
1449 4319 1554 4375 per
1582 4310 1797 4360 terram
1822 4304 2171 4376 depressum

500 4409 572 4450 ac
611 4394 848 4449 humile.

573 4482 737 4548 Vers,
779 4484 867 4537 3t.
896 4482 1006 4548 Qui
1035 4513 1104 4522 ——
1141 4488 1235 4537 est.
1278 4482 1442 4537 idem
1472 4498 1714 4538 rursum
1745 4484 1903 4549 dicit,
1948 4500 2169 4540 sermo-

502 4585 645 4625 nem
685 4571 1077 4627 conﬁrmans.

573 4662 734 4717 Vers.
766 4661 951 4715 32.Et
984 4692 1051 4700 —
1107 4664 1433 4716 attestatur.
1477 4662 1909 4732 Metaphoricus
1970 4678 2167 4719 sermo

501 4753 594 4804 est
623 4748 700 4803 ab
726 4749 841 4809 his.
870 4750 973 4820 qui
1005 4764 1073 4803 ea
1112 4765 1247 4820 quae
1278 4749 1684 4815 testiﬁcantur,
1716 4751 1844 4806 visu
1876 4757 1932 4807 et
1962 4752 2165 4808 auditu

498 4843 869 4910 acceperunt.
908 4838 1107 4910 Neque
1130 4839 1288 4893 enim
1312 4838 1418 4908 ipsi
1457 4855 1609 4909 Opus
1641 4846 1764 4895 erat
1807 4842 2163 4909 cognitione,

497 4943 634 5000 quae
666 4944 700 4983 a
732 4928 861 4983 visu
900 4926 989 4983 vel
1020 4928 1229 4984 auditu
1259 4928 1621 4998 procederet,
1659 4946 1797 4985 cum
1818 4936 2033 4987 natura
2056 4932 2168 4988 sci-

497 5022 589 5073 ret
616 5017 841 5085 omnia,
867 5022 1071 5089 utpote
1100 5016 1396 5089 perfectus
1439 5018 1614 5083 Deus,
1652 5019 1770 5091 .qui
1809 5020 1977 5075 nullo
2015 5020 2169 5077 indi-

501 5111 597 5176 get
627 5108 732 5162 sed
760 5106 902 5180 quia
932 5106 1195 5178 perfecta
1224 5106 1284 5162 in
1306 5106 1484 5162 nobis
1511 5108 1771 5177 cognitio
1802 5108 1880 5165 ab
1912 5110 2005 5166 his
2034 5127 2168 5183 pro-

499 5195 757 5262 ducitur,
782 5201 961 5269 atque
983 5196 1151 5252 illum
1162 5198 1184 5271 j
1198 5196 1513 5252 udicamus
1531 5196 1648 5252 ﬁde
1661 5197 1935 5268 dignum,
1951 5201 2054 5273 qui
2072 5218 2161 5269 ea,

500 5283 575 5339 de
612 5285 834 5356 quibus
874 5284 1240 5356 testiﬁcatur,
1263 5285 1396 5341 visu
1427 5286 1658 5359 accepit
1687 5287 1779 5343 vel
1807 5289 2018 5345 auditu
2047 5307 2060 5346 :
2092 5291 2167 5347 ab

575 5486 625 5525 "
648 5490 815 5547 Joan.
857 5508 915 5559 x,
958 5494 1013 5559 8,
1048 5494 1136 5551 t2.

2278 3236 2377 3307 γὰρ
2436 3236 2522 3285 xui
2574 3235 2598 3284 ὁ
2654 3234 2869 3308 οὐρανὸς
2908 3234 2997 3304 μὲν
3053 3231 3221 3284 ἐπάνω
3262 3235 3353 3283 καὶ
3400 3229 3618 3301 ὑψηλὸς,
3652 3229 3680 3287 ἡ
3721 3235 3789 3299 γῆ
3827 3224 3887 3279 δὲ

2279 3324 2523 3375 ὑποκάτω
2553 3326 2643 3373 καὶ
2670 3328 2901 3381 ταπεινή.

2355 3417 2455 3465 Καὶ
2507 3410 2561 3463 ἐκ
2610 3420 2702 3474 τῆς
2732 3420 2828 3483 γῆς
2872 3411 3029 3465 λαλεῖ.
3086 3414 3186 3464 Καὶ
3235 3413 3337 3482 μὴν
3381 3411 3495 3462 θεῖα
3536 3407 3719 3461 ἐλάλευ
3778 3406 3888 3459 ἀλλ’

2282 3503 2456 3574 ὥσπερ
2517 3504 2541 3552 ὁ
2594 3505 2829 3574 Χριστὸς
2906 3499 3178 3576 προλαϐὼν
3229 3502 3447 3574 εἴρηκεν*
3513 3498 3574 3551 Εἰ
3643 3498 3710 3549 τὰ
3771 3494 3891 3548 ἐπί-

2280 3610 2401 3663 γεια
2484 3587 2623 3643 εἶπον
2684 3593 2825 3663 ὑμῖν,
2897 3596 2985 3643 καὶ
3048 3589 3105 3642 οὐ
3172 3591 3461 3642 πιστεύει-ε’
3514 3586 3739 3658 ἐπίγειον
3802 3585 3890 3638 λέ-

2282 3702 2386 3752 γων
2456 3685 2549 3738 τὴν
2617 3682 2755 3733 θείαν
2828 3680 3182 3752 ἀναγέννησιν·
3261 3678 3355 3731 οὐκ
3412 3673 3591 3735 ἐπειδὴ
3667 3674 3894 3746 ἐπίγειος

2285 3766 2368 3834 ἦν,
2424 3769 2552 3821 ἀλλὰ
2590 3773 2721 3844 πρὸς
2776 3772 3055 3844 σύγκρισιν
3114 3777 3205 3829 τῆς
3257 3771 3570 3842 προαιωνίου
3607 3770 3697 3817 καὶ
3759 3767 3888 3837 ὑπερ

2282 3867 2399 3910 νοῦν
2451 3863 2541 3910 xui
2594 3859 2742 3930 λογον
2794 3864 3081 3931 γεννήσεως
3150 3858 3331 3910 αὐτου·
3386 3858 3521 3910 οὕτω
3578 3860 3668 3907 καὶ
3723 3861 3811 3905 νῦν
3866 3855 3893 3905 ὁ

2290 3948 2534 4010 Ἰωάννης
2584 3947 2635 3999 ἐκ
2691 3957 2784 4011 τῆς
2814 3956 2911 4020 γῆς
2961 3948 3128 4001 λαλεῖν
3187 3947 3365 4000 ἑαυτὸν
3408 3946 3544 4017 λέγει
3586 3948 3719 4019 πρὸς
3763 3963 3895 4014 συγ-

2283 4058 2459 4113 κρισιν
2488 4047 2587 4091 τῶν
2610 4041 2880 4114 ὑπερφυῶν
2923 4039 3089 4110 λόγων
3129 4046 3221 4090 τοῦ
3252 4044 3507 4113 Χριστοῦ,
3531 4032 3778 4088 δεικνύων
3811 4037 3895 4086 ὅτι

2284 4131 2349 4180 τὰ
2380 4129 2565 4181 ἑαυτοῦ
2584 4131 2749 4201 μικρὰ
2773 4134 2860 4181 xui
2888 4128 3060 4186 εὐτελῆ
3085 4135 3195 4188 τοῖς
3220 4126 3412 4179 ἐκείνου
3434 4124 3888 4201 παραϐαλλόμενα.

2288 4220 2530 4291 Καθάπερ
2582 4221 2683 4294 γάρ
2741 4215 2834 4271 διὰ
2872 4226 2962 4270 τοῦ
3016 4218 3234 4291 οὐρανοῦ
3284 4220 3342 4269 τὸ
3393 4215 3592 4286 ὑψηλὸν
3634 4213 3890 4288 ἐμφαίνει,

2285 4308 2420 4360 οὕτω
2450 4312 2539 4361 καὶ
2569 4305 2663 4361 διὰ
2685 4317 2777 4369 τῆς
2806 4316 2908 4381 γῆς
2939 4312 2995 4362 τὸ
3017 4312 3279 4363 ταπεινόν.

2354 4486 2413 4539 Ὀ
2460 4518 2529 4527 —-
2593 4486 2726 4539 ἐστί.
2786 4490 2855 4539 Τὸ
2912 4486 3038 4538 αὐτὸ
3097 4485 3233 4558 λέγει
3280 4485 3457 4549 πάλιν,
3506 4482 3732 4557 βεϐαιῶν
3803 4484 3894 4535 τόν

2281 4576 2455 4647 λόγον.

2355 4670 2453 4719 Καὶ
2516 4694 2569 4706 -·
2633 4671 2904 4739 μαρτυρεῖ.
2960 4666 3315 4739 Μεταφορικὸς
3361 4665 3385 4715 ὁ
3430 4663 3585 4735 λόγος
3646 4660 3748 4714 ἀπὸ
3795 4670 3895 4714 τῶν

2279 4755 2394 4827 ἅψει
2449 4759 2539 4807 xui
2618 4754 2745 4827 ἀκοῇ
2822 4753 3244 4827 παραλαϐόντων,
3297 4752 3332 4805 ἃ
3374 4759 3752 4828 μαρτυροῦσιν.
3807 4750 3884 4802 Οὐ

2278 4850 2375 4917 γὰρ
2428 4845 2579 4905 αὐτὸς
2638 4841 2802 4897 ἐδεῖτο
2854 4850 3115 4915 γνώσεως,
3164 4852 3260 4905 τῆς
3304 4842 3357 4906 ἐξ
3382 4844 3617 4917 ὁράσεως
3653 4843 3681 4900 ἦ
3720 4838 3888 4901 ἀκοῆς

2278 4934 2622 5007 ἐγγινομένης,
2687 4937 2839 5007 φύσει
2904 4936 3077 4986 πάντα
3134 4930 3307 4999 εἰδώς,
3367 4934 3433 4993 ὡς
3494 4929 3739 4991 ἀνενδεὴς
3797 4933 3890 4981 καὶ

2277 5024 2464 5087 τέλειος
2539 5027 2687 5085 Θεὸς
2766 5021 2873 5075 ἀλλ’
2969 5018 3250 5096 ἐπειδήπερ
3331 5023 3457 5094 ἡμῖν
3547 5023 3578 5081 ἡ
3668 5018 3891 5093 ἀκριϐὴς

2275 5123 2465 5186 γνῶσις
2524 5113 2580 5166 ἐκ
2637 5116 2829 5165 τούτων
2875 5112 3150 5185 ἐγγίνεται,
3210 5117 3300 5165 καὶ
3362 5110 3667 5175 ἀξιόπιστον
3722 5114 3895 5185 κρίνο-

2277 5224 2366 5277 μεν
2406 5207 2491 5255 τὸν
2544 5204 2575 5263 ἣ
2618 5203 2733 5274 ὄψει
2769 5203 2798 5263 ᾖ
2847 5201 2975 5276 ἀκοῇ
3022 5201 3415 5276 παραλαϐόντα,
3465 5205 3584 5275 περὶ
3614 5200 3682 5251 ὧν
3722 5198 3898 5271 ἀπαγ-

2275 5293 2462 5365 γέλλει,
2520 5291 2621 5345 ἀπὸ
2676 5300 2774 5346 τῶν
2829 5294 2949 5367 παρ’
3029 5294 3155 5366 ἡμῖν
3227 5296 3317 5346 καὶ
3376 5292 3443 5345 τὰ
3510 5294 3629 5364 περὶ
3698 5288 3899 5344 ἐκείνου

1731 5621 1955 5693 Variae
1990 5622 2324 5695 lectiones
2364 5636 2430 5695 et
2467 5634 2672 5695 notae.

577 5770 692 5843 (47)
734 5774 860 5847 Περὶ
891 5770 1053 5825 αὐτοῦ
1092 5774 1164 5829 Α.
