4156 6388
267 343 403 398 1181

265 475 566 522 πιστοῦται.
626 467 794 520 Εὶπων
848 463 955 533 οὖν,
981 467 1006 518 ὃ
1060 466 1249 539 ἑώρακε
1275 470 1364 517 καὶ
1403 466 1427 516 6
1460 468 1675 534 ἤκουσε,
1718 472 1871 517 τοῦτο
1907 466 1953 520 Α

264 564 524 633 μαρτυρεῖ
551 572 565 587 ⁸
595 564 846 618 ταπεινῶς
902 559 991 629 μὲν
1046 551 1154 608 εἶπε
1213 551 1306 607 διὰ
1335 559 1425 613 τὴν
1472 553 1739 607 ἀσθένειαν
1772 564 1870 605 τῶν

266 648 604 721 ἀκροωμένων
647 664 659 676 ⁸
694 642 844 698 οὐδὲν
891 642 949 698 δὲ
978 647 1144 721 ἕτερον
1194 652 1327 697 εἶπεν
1368 646 1396 704 ᾖ
1434 646 1513 696 ὅτι
1542 643 1707 702 ἀληθῆ
1742 663 1872 718 μαρ-

265 744 432 812 τυρεί.
470 740 568 790 Καὶ
598 738 696 811 γὰρ
733 740 822 787 καὶ
854 735 969 805 (48)
1002 736 1172 807 ἡμεῖς,
1232 736 1352 787 ὅταν
1392 734 1503 805 (49)
1534 733 1752 805 θέλωμεν
1786 732 1872 805 βε-

267 825 496 878 ϐαιῶσαι
525 830 641 900 περί
666 845 800 885 τινος
832 826 910 877 ὅτι
934 824 1099 883 ἀληθῆ
1133 824 1287 896 λέγει,
1322 828 1482 897 φαμεν
1515 825 1592 876 ὅτι
1626 823 1651 875 6
1679 823 1871 895 ἑώρακε

263 922 357 970 καὶ
387 916 501 989 (50)
529 916 743 982 ἢκουσε,
767 921 918 968 τοῦτο
939 922 1212 991 μαρτυρεῖ.

341 1096 536 1147 Λοιπὸν
584 1088 693 1159 οὖν,
777 1094 898 1145 ὅταν
955 1090 1148 1166 ἀκούῃς
1200 1097 1289 1145 καὶ
1354 1092 1515 1145 αὑτοῦ
1579 1091 1813 1163 λέγοντος
1855 1108 1869 1123 ⁸

266 1185 455 1246 Καθὼς
485 1182 675 1253 ἀκούω,
709 1186 867 1255 κρίνω
896 1200 908 1213 ⁸
936 1187 1019 1235 καὶ
1061 1182 1212 1235 πάλιν
1241 1200 1253 1213 ⁸
1286 1182 1345 1236 Ἠ
1394 1181 1486 1255 ἐμὴ
1531 1178 1742 1253 διδαχὴ
1777 1181 1871 1233 οῦκ

264 1275 407 1325 ἔστιν
438 1271 556 1344 ἐμὴ,
610 1271 740 1323 ἀλλὰ
787 1279 879 1324 τοῦ
923 1271 1220 1344 πέμψαντός
1273 1292 1335 1343 με
1380 1288 1391 1301 ⁸
1449 1276 1540 1323 καὶ
1587 1269 1738 1331 αὖθις
1771 1277 1868 1324 "A

264 1367 473 1421 ἤκουσα
497 1364 623 1434 παρ’
648 1362 828 1427 αὑτοῦ,
886 1370 1052 1414 ταῦτα
1089 1362 1219 1433 λέγω
1252 1361 1321 1423 εἰς
1362 1365 1447 1413 τόν
1504 1365 1720 1434 κόσμον,
1781 1364 1872 1413 καὶ

266 1455 368 1505 ὃσα
434 1459 652 1504 τοιαῦτα
687 1469 699 1481 ⁸
750 1456 975 1523 γίνωσκε
1029 1453 1109 1503 ὅτι
1161 1452 1495 1524 οἰκονομικῶς
1542 1454 1606 1503 τὰ
1654 1452 1873 1503 τοιαῦτα

266 1561 449 1615 φησιν,
485 1542 567 1592 ἶνα
596 1544 747 1613 μόνον
771 1537 899 1613 δόξῃ
938 1538 1103 1599 ἀληθῆ
1138 1540 1324 1611 λέγειν,
1367 1537 1461 1592 διὰ
1486 1543 1544 1592 τὸ
1591 1544 1747 1612 μήπω
1778 1544 1871 1598 τὴν

263 1635 642 1705 προσήκουσαν
692 1634 811 1704 περὶ
866 1629 1021 1682 αὐτοῦ
1080 1626 1238 1692 δόξαν
1292 1633 1432 1702 ἔχειν
1492 1633 1610 1692 τοὺς
1685 1628 1871 1702 ἀκροαο

263 1724 379 1783 τάς.

341 1816 441 1864 Kal.
483 1841 551 1849 —-
598 1807 868 1881 λαμϐάνει.
920 1806 1114 1872 Οὐδεὶς
1164 1817 1261 1861 τῶν
1311 1808 1688 1864 ἀπιστούντων.
1712 1817 1873 1862 Τοῦτο
1912 1832 1952 1886 Β

268 1897 327 1952 δὲ
359 1904 475 1973 περὶ
497 1907 596 1950 τῶν
625 1897 954 1957 ἀναισθήτων
982 1896 1253 1951 Ἰουδαίων
1304 1903 1499 1974 εἴρηκεν
1532 1901 1556 1951 ό
1591 1900 1827 1961 Ἰωάννης
1857 1915 1869 1927 ⁸

266 1988 541 2064 ἐξαιρέτως
564 1984 622 2041 δὲ
647 1993 764 2063 περὶ
803 1998 901 2041 τῶν
935 1989 1120 2041 ἑαυτοῦ
1150 1991 1419 2061 μαθητῶν,
1461 1999 1559 2043 τῶν
1606 1992 1704 2041 ύπὸ
1732 1990 1871 2061 φιλο-

266 2076 450 2141 δοξίας
489 2082 579 2130 καὶ
621 2076 920 2151 βασκανίας
968 2080 1306 2154 παρακνίζειν
1358 2080 1513 2131 αὐτόν
1548 2077 1873 2153 ἐπιχειρούν-

262 2188 386 2221 των.

334 2264 392 2310 '0
422 2256 592 2310 λαϐὼν
623 2288 691 2297 -
722 2255 854 2312 ἐστί.
891 2257 1259 2331 Ἐσφροίγίσεν,
1312 2261 1479 2329 ἤγουν
1544 2256 1870 2329 ἐϐεϐαίωσεν,

264 2344 455 2411 ἔδειξεν
477 2348 557 2400 ὅτι
578 2348 603 2399 ό
636 2351 811 2421 Πατὴρ
851 2346 1039 2409 ἀληθής
1070 2350 1232 2403 ἐστιν.
1306 2347 1435 2401 Εἶτα
1488 2349 1871 2409 κατασκευάζει

263 2441 322 2490 τὸ
360 2438 536 2512 ῥηθέν.

336 2526 430 2579 “Ov
451 2530 549 2601 γὰρ
580 2558 645 2568 -
687 2526 852 2584 λαλεῖ,
916 2528 1059 2580 Ἐπεὶ
1102 2529 1225 2602 γὰρ,
1270 2527 1651 2601 ἀπεσταλμένος
1691 2534 1779 2599 ὧν,
1808 2534 1874 2583 τὰ

261 2617 479 2691 ῥήματα
502 2623 592 2668 τοῦ
625 2623 758 2669 Θεοῦ
784 2616 945 2681 λαλεῖ,
986 2617 1164 2669 λοιπόν
1197 2619 1221 2669 6
1262 2621 1351 2690 μὲν
1376 2618 1543 2670 λαϐὼν
1590 2619 1746 2671 αὐτοῦ
1777 2626 1871 2679 τὴν

265 2710 563 2780 μαρτυρίαν
592 2710 682 2757 καὶ
712 2710 974 2758 πιστεύων
1017 2706 1157 2778 αύτῷ
1206 2706 1532 2771 ἐϐεϐαίωσεν,
1574 2704 1763 2770 ἔδειξεν
1796 2712 1872 2761 ὅτι

264 2797 290 2847 ό
322 2798 455 2857 Θεὸς
503 2792 699 2855 ἀληθής
726 2795 881 2866 ἐστιν,
918 2798 942 2847 ό
971 2795 1278 2857 ἀποστείλας
1321 2797 1494 2861 αὐτόν,
1521 2793 1719 2859 οὗτινός
1771 2798 1872 2851 εἰσι

263 2888 333 2936 τὰ
360 2884 579 2958 ῥήματα
608 2882 643 2935 ἂ
670 2884 814 2937 λαλεῖ
841 2902 853 2915 ⁸
891 2886 915 2935 ό
953 2882 1011 2937 δε
1060 2889 1132 2957 μὴ
1178 2885 1347 2937 λαϐὼν
1378 2886 1555 2951 αὐτὴν,
1584 2892 1673 2939 καὶ
1706 2886 1869 2939 ἀπισ-

259 2982 363 3027 τῶν
392 2973 555 3044 αὐτῷ,
582 2974 878 3027 τούναντίον
904 2982 1060 3041 ποιεῖ,
1094 2979 1182 3027 καὶ
1208 2972 1359 3027 οῦδὲν
1393 2976 1559 3048 ἕτερον
1600 2976 1628 3035 ἦ
1663 2974 1873 3050 προδή-

260 3065 364 3125 λως
399 3066 676 3135 Θεόμαχεί.

348 3242 486 3317 Ὀρα
526 3251 635 3306 πῶς
689 3243 880 3306 αὐτοὺς
934 3243 1158 3297 ἐντεῦθεν
1214 3243 1434 3317 ἐφόϐησε
1458 3250 1547 3297 καὶ
1569 3246 1874 3312 κατέπληξε,
1908 3195 1948 3252 C

275 3335 540 3409 μαθόντας
605 3334 687 3386 ὅτι
734 3335 759 3386 ὁ
813 3337 1121 3409 παρακούων
1201 3336 1361 3387 αὑτοῦ
1440 3339 1723 3408 παρακούει
1786 3346 1878 3389 τοῦ

276 3430 413 3476 Θεοῦ
443 3428 535 3475 τόῦ
587 3423 888 3495 πέμψαντος
946 3424 1119 3476 αὐτόν.
1172 3424 1349 3487 Δείξας
1397 3430 1563 3477 τοίνυν
1632 3431 1723 3485 τὴν
1801 3425 1882 3479 δι-

277 3510 573 3566 δασκαλίαν
634 3513 788 3566 αὐτοῦ
863 3512 1167 3577 ἀξιόπιστον
1218 3512 1316 3566 ἀπὸ
1374 3522 1464 3567 τοῦ
1518 3520 1739 3589 Πατρός,
1776 3514 1880 3569 δεί-

274 3622 460 3655 κνυσιν
492 3602 654 3662 αὐτὴν
717 3601 1019 3666 ἀξιόπιστον
1068 3608 1157 3656 καὶ
1210 3604 1311 3656 ἀπὸ
1341 3612 1431 3656 τοῦ
1463 3603 1618 3677 ἁγίου
1652 3609 1883 3680 Πνεύμα-

272 3712 334 3745 το
344 3712 382 3753 ς.

349 3781 425 3834 Ού
464 3813 530 3822 —
563 3788 791 3855 Πνεῦμα.
850 3782 926 3834 Ού
983 3786 1370 3857 μεμετρημένην
1426 3780 1648 3836 δίδωσιν
1694 3786 1881 3856 αύτῷὸ

278 3874 461 3945 Πατὴρ
494 3876 587 3929 τὴν
616 3879 708 3923 τοῦ
733 3874 1027 3944 Πνεύματος
1051 3871 1319 3945 ἐνέργειαν,
1355 3875 1528 3948 ὥσπερ
1556 3882 1663 3935 τοῖς
1710 3876 1882 3937 ἄλλοις

275 3958 585 4031 ἁγίοις,ὰλλ’
609 3959 893 4035 ἀμέτρητον
924 3964 1037 4034 ἔχει
1060 3964 1254 4019 ταύτην
1284 3968 1372 4014 καὶ
1404 3964 1544 4029 ὅλην,
1569 3967 1633 4025 ὡς
1655 3967 1877 4038 όμοφυῆ.

275 4056 487 4123 Πνεῦμα
505 4052 607 4124 γὰρ
636 4058 723 4101 νῦν
750 4050 884 4122 λέγει
912 4056 1003 4109 τὴν
1038 4059 1131 4103 τοῦ
1166 4055 1457 4124 πνεύματος
1506 4052 1781 4128 ἐνέργειαν.
1810 4059 1879 4107 Τό

280 4146 489 4212 Πνεῦμα
518 4142 607 4212 μεν
646 4142 746 4213 γὰρ
804 4140 1084 4213 ἀμέτρητον
1114 4180 1125 4192 .
1161 4143 1191 4199 ἡ
1226 4140 1451 4214 ἐνέργεια
1508 4139 1566 4194 δὲ
1602 4143 1762 4195 αὑτοῦ
1791 4163 1879 4215 μεθ

274 4237 477 4304 τρεῖται
506 4235 597 4282 καὶ
632 4226 931 4303 διανέμεται
987 4230 1102 4285 κατ’
1154 4230 1301 4294 ἀξίαν
1367 4241 1467 4283 τῶν
1518 4231 1877 4305 λαμϐανόντων

274 4320 460 4377 αύτήν.

345 4491 554 4558 Ἐδειξε
607 4492 667 4548 δὲ
740 4498 835 4554 τὴν
919 4492 1277 4549 διδασκαλίαν
1340 4495 1500 4550 αὐτοῦ
1576 4496 1879 4560 ἀξιόπιστον

276 4584 380 4638 ἀπὸ
438 4592 529 4637 τοῦ
566 4587 766 4659 Πατρός
804 4590 1024 4638 καὶτοῦ
1081 4587 1233 4658 ἁγίου
1297 4590 1611 4659 Πνεύματος,
1664 4588 1768 4659 ούχ
1815 4590 1878 4649 ὡς

276 4670 522 4746 δεομένου
573 4683 669 4736 τῆς
719 4674 905 4728 ἐκεῖθεν
970 4675 1299 4739 ἀξιοπιστίας
1331 4694 1341 4706 ⁸
1377 4677 1522 4749 ἀρκεῖ
1567 4681 1669 4751 γὰρ
1723 4677 1879 4740 αὐτὸς
1910 4667 1951 4721 D

276 4764 462 4836 ἐαυτῷ,
489 4774 583 4826 τῆς
612 4765 771 4826 αὐτῆς
815 4765 993 4826 αὐτοῖς
1045 4767 1113 4817 ὧν
1156 4769 1356 4839 φύσεως
1408 4773 1497 4820 καὶ
1540 4767 1686 4830 ἀξίας
1720 4787 1732 4799 ·
1770 4766 1878 4818 ἀλλ’

275 4850 458 4913 ἐπειδὴ
510 4858 597 4907 τόν
635 4858 725 4928 μεν
784 4860 989 4931 Πατέρα
1040 4855 1340 4927 ἐγίνωσκον,
1393 4862 1484 4909 καὶ
1528 4860 1605 4909 ὅτι
1668 4860 1877 4929 Πνεῦμα

274 4944 418 4997 ἐστιν
467 4946 775 5016 ἠπίσταντο,
824 4949 911 4998 τόν
968 4948 1084 4999 Υἰόν
1144 4942 1202 4999 δὲ
1260 4947 1500 5019 ἠγνόουν,
1536 4945 1624 4999 ἀπ’
1674 4946 1875 4999 ἐκείνων

349 5126 393 5160 ⁸⁷
426 5126 601 5181 Joan.
642 5142 698 5192 v,
742 5129 809 5182 30
898 5126 944 5161 ⁵⁸
974 5126 1146 5182 Joan.
1190 5142 1288 5192 vn,
1324 5126 1410 5181 t6.

1320 336 1685 394 COMMENT.
1728 338 1799 394 IN
1836 336 2180 393 JOANNEM.
2219 369 2288 378 —
2318 337 2473 393 CAP.
2516 337 2617 391 III.

3518 334 3662 391 1182

1984 464 2073 519 bis
2100 480 2234 535 quae
2264 464 2419 536 apud
2451 480 2561 519 nos
2592 470 2752 528 sunt,
2777 464 3131 535 comprobat
3151 462 3329 518 etiam
3351 477 3488 534 quas
3514 464 3657 516 sunt

1981 553 2156 608 illius.
2192 554 2400 608 Dicens
2438 570 2599 624 ergo,
2661 553 2833 619 Quod
2886 552 3053 619 vidit,
3082 552 3370 625 quodque
3398 550 3651 615 audivit,

1982 643 2096 697 hoc
2123 646 2431 698 attestatur
2450 660 2462 698 :
2481 643 2690 698 humili
2716 643 2897 698 modo
2914 647 3156 715 propter
3178 641 3520 698 auditorum
3546 639 3657 694 im-

1984 731 2356 788 becillitatem
2388 733 2617 790 locutus
2646 738 2756 800 est,
2790 749 2997 787 verum
3060 731 3206 787 nihil
3258 730 3421 787 aliud
3462 728 3655 785 innuit

1980 838 2167 894 quam
2190 823 2237 876 si
2255 822 2497 877 dixisset
2530 840 2542 877 :
2574 824 2723 878 Vera
2744 820 3431 894 testiﬁcatur.Siquidem
3452 818 3653 875 volen-

1983 918 2067 967 tes
2091 912 2165 968 de
2196 912 2397 984 aliquo
2419 912 2731 977 afﬁrmare,
2758 912 2921 984 quod
2943 929 3081 969 vera
3099 913 3277 979 dicat,
3296 910 3652 977 asserimus,

1982 1018 2121 1057 eum
2154 1002 2213 1057 id
2244 1001 2559 1072 testiﬁcari,
2589 1002 2755 1075 quod
2786 1002 2933 1058 vidit
2957 1008 3014 1057 et
3051 1002 3296 1057 audivit.

2052 1091 2305 1153 Quando
2336 1092 2511 1160 igitur
2542 1092 2739 1163 ipsum
2785 1091 3047 1147 audieris
3095 1090 3394 1146 dicentem
3427 1106 3441 1145 :
3483 1090 3651 1145 Sicut

1982 1182 2162 1238 audio
2176 1182 2388 1251 Judico
2408 1182 2537 1248 ‘7;et
2554 1182 2959 1237 rursuszea
2971 1180 3248 1236 doctrina
3268 1196 3385 1235 non
3401 1185 3484 1236 est
3501 1193 3651 1244 mea,

1981 1272 2082 1328 sed
2110 1273 2237 1340 ejus
2259 1272 2363 1343 qui
2392 1270 2548 1326 misit
2580 1286 2671 1326 me
2691 1272 2738 1305 ⁵⁸
2774 1287 2787 1335 ;
2817 1277 2872 1325 et
2902 1272 3115 1325 iterum
3143 1270 3314 1334 :Quz
3344 1269 3552 1325 audivi
3576 1268 3653 1324 ab

1982 1376 2045 1417 eo
2077 1361 2204 1417 hac
2228 1362 2438 1431 loquor
2465 1360 2527 1416 in
2555 1360 2847 1416 mundum
2890 1362 2962 1426 5°,
3005 1365 3062 1414 et
3104 1374 3483 1430 quaecunque
3516 1360 3657 1413 sunt

1984 1450 2222 1520 similia,
2258 1450 2405 1504 scito
2448 1449 2586 1505 talia
2616 1449 3050 1520 dispensatorie
3083 1448 3326 1511 dixisse,
3364 1446 3558 1501 solum
3592 1450 3657 1500 ut

1986 1539 2258 1595 videatur
2288 1555 2423 1595 vera
2439 1539 2742 1604 dicere,eo
2775 1538 2942 1609 quod
2972 1553 3302 1607 congruam
3329 1536 3404 1592 de
3430 1550 3500 1591 eo
3528 1534 3655 1607 opi-

1984 1630 2220 1684 nionem
2254 1630 2529 1685 nondum
2558 1628 2853 1684 haberent
2883 1628 3202 1684 auditores.

2055 1809 2218 1865 Vers.
2240 1813 2326 1865 32.
2351 1810 2424 1864 Et
2452 1840 2520 1850 -
2542 1809 2781 1877 accipit.
2814 1808 3015 1864 Nullus
3037 1806 3404 1863 inﬁdelium.
3431 1806 3548 1861 Hoc
3580 1820 3659 1861 au

1986 1905 2101 1954 tem
2123 1900 2197 1955 de
2227 1899 2541 1954 insensatis
2566 1898 2789 1954 Judeeis
2832 1897 2981 1953 dixit
3007 1900 3292 1961 Joannes,
3332 1895 3655 1967 praesertim

1986 1995 2185 2044 autem
2210 1989 2283 2043 de
2305 1988 2608 2060 discipulis
2628 1989 2772 2053 suis,
2798 1988 2897 2058 qui
2935 2004 3073 2042 eum
3103 1987 3160 2041 in
3189 1985 3571 2042 ambitionem
3599 1990 3656 2040 et

1986 2072 2277 2133 invidiam
2305 2076 2609 2149 impellere
2640 2077 3039 2133 conabantur.

2056 2258 2222 2313 Vers.
2252 2258 2339 2313 33.
2394 2259 2505 2324 Qui
2553 2259 2780 2327 accepit
2818 2289 2899 2307 .-
2941 2259 3039 2312 sit.
3089 2254 3458 2324 Obsignavit,
3528 2253 3654 2309 sive

1984 2348 2383 2412 conﬁrmavit,
2428 2347 2883 2413 demonstravit,
2935 2346 3101 2418 quod
3142 2348 3309 2400 Pater
3343 2360 3509 2400 verax
3549 2343 3650 2400 sit.

1986 2437 2206 2493 Deinde
2239 2437 2395 2508 quod
2419 2436 2644 2492 dictum
2674 2442 2778 2502 est,
2816 2436 3048 2508 probat.

2054 2527 2218 2582 Vers.
2250 2530 2337 2582 3i.
2372 2527 2429 2581 Is
2454 2528 2604 2581 enim
2634 2543 2804 2597 quem
2827 2557 2894 2566 —
2922 2525 3207 2596 loquitur.
3234 2521 3655 2596 Siquidem(ee)

1983 2633 2051 2671 ex
2084 2633 2201 2689 quo
2241 2618 2290 2671 is
2336 2619 2435 2689 qui
2470 2616 2687 2671 missus
2715 2622 2823 2680 est,
2850 2616 3031 2671 verba
3068 2616 3166 2669 Dei
3198 2614 3478 2686 loquitur,
3511 2628 3649 2667 con-

1983 2722 2240 2778 sequens
2272 2713 2359 2761 est
2416 2713 2475 2761 ut
2527 2707 2627 2778 qui
2691 2706 3093 2761 testimonium
3150 2706 3279 2775 ejus
3328 2702 3651 2774 sumpserit

1982 2795 2154 2867 eique
2195 2796 2522 2859 crediderit,
2569 2795 2881 2851 conﬁrmet
2929 2812 2999 2850 ac
3048 2795 3441 2860 demonstret,
3484 2790 3651 2864 quod

1985 2886 2138 2940 Deus
2166 2902 2345 2941 verax
2378 2885 2469 2953 sit,
2498 2886 2601 2957 qui
2633 2886 2833 2955 ipsum
2885 2885 3044 2939 misit
3087 2889 3144 2939 et
3200 2884 3371 2955 cujus
3404 2888 3544 2937 sunt
3582 2897 3654 2937 ea

1982 2991 2119 3047 quae
2139 2975 2403 3047 loquitur
2435 2975 2634 3030 verba.
2658 2974 2765 3040 Qui
2794 2978 2997 3030 autem
3044 2990 3166 3029 non
3210 2972 3458 3045 suscipit
3488 2987 3649 3047 eum,

1984 3080 2091 3120 nec
2118 3064 2301 3120 credit
2322 3065 2393 3129 ei,
2419 3064 2785 3120 contrarium
2804 3063 2944 3120 facit
2966 3080 2978 3117 :
3002 3079 3111 3119 nec
3128 3063 3289 3119 aliud
3317 3064 3439 3133 agit
3462 3077 3651 3134 quam

1990 3154 2298 3210 manifeste
2338 3159 2546 3209 contra
2579 3156 2764 3209 Deum
2796 3159 3041 3226 pugnat.

2064 3244 2203 3299 Vide
2242 3243 2552 3315 quomodo
2604 3242 2742 3298 hinc
2769 3258 2873 3298 eos
2920 3246 3149 3307 terreat,
3203 3257 3343 3298 cum
3393 3241 3647 3308 discant,

1989 3335 2151 3407 quod
2183 3334 2285 3405 qui
2311 3333 2388 3388 illi
2422 3332 2773 3387 inobediens
2803 3338 2910 3398 est,
2934 3334 3051 3387 Deo
3074 3331 3428 3387 inobediens
3443 3336 3530 3387 est
3548 3332 3651 3403 qui

1992 3425 2151 3479 misit
2208 3426 2426 3495 ipsum.
2474 3425 2795 3495 Postquam
2836 3439 2978 3493 ergo
3036 3420 3474 3477 demonstravit
3523 3422 3651 3493 ejus

1990 3515 2325 3570 doctrinam
2357 3529 2487 3568 esse
2510 3512 2627 3567 ﬁde
2648 3512 3112 3583 dignam,idque
3134 3528 3170 3568 a
3190 3512 3377 3577 Patre,
3404 3510 3653 3567 demon-

1991 3609 2313 3660 stratnunc
2342 3603 2503 3659 idem
2543 3608 2599 3658 et
2625 3618 2660 3658 a
2688 3602 2898 3673 Spiritu
2928 3606 3159 3659 sancto.

2060 3783 2223 3837 Vers.
2259 3784 2345 3837 34.
2379 3781 2515 3835 Νοη
2544 3811 2608 3820 -
2629 3779 2936 3847 Spiritum.
2966 3782 3093 3837 Non
3107 3784 3518 3836 mensuratam
3549 3778 3656 3836 dat

1990 3872 2105 3943 ipsi
2136 3874 2295 3927 Pater
2332 3870 2584 3941 Spiritus
2608 3869 2910 3934 virtutem,
2932 3869 3082 3926 sicut
3102 3870 3234 3926 aliis
3252 3869 3472 3925 sanctis
3502 3885 3515 3924 :
3550 3868 3654 3924 sed

1988 3962 2144 4017 hanc
2170 3961 2296 4016 sine
2326 3975 2603 4014 mensura
2641 3958 2817 4013 habet
2847 3975 2918 4014 ac
2952 3964 3157 4023 totam,
3185 3964 3468 4030 tanquam
3502 3958 3656 4028 ejus-

1989 4052 2129 4106 dem
2156 4055 2383 4105 naturae.
2416 4050 2527 4119 (ff).
2560 4048 2840 4119 Spiritum
2854 4048 3015 4103 enim
3034 4063 3193 4104 nunc
3224 4047 3654 4118 dicit,Spiritus

1989 4139 2317 4196 efﬁcaciam
2350 4154 2419 4193 ac
2454 4138 2750 4192 virtutem.
2812 4136 3120 4209 Siquidem
3168 4135 3499 4193 mensurari
3529 4151 3653 4191 non

1989 4236 2184 4302 potest
2210 4228 2457 4301 Spiritus
2486 4244 2497 4281 :
2536 4227 2717 4281 virtus
2745 4231 2944 4282 autem
2969 4226 3157 4298 ipsius
3190 4230 3653 4281 mensuraturac

1986 4320 2287 4385 dividitur,
2318 4319 2489 4390 juxta
2511 4319 2859 4390 eorum,qui
2880 4316 3043 4373 illam
3060 4316 3436 4388 participant,
3460 4314 3653 4385 digni-

1987 4414 2189 4465 tatem.

2056 4496 2499 4554 Demonstravit
2552 4512 2694 4568 ergo
2748 4495 3088 4552 doctrinam
3146 4494 3302 4551 illius
3349 4510 3478 4551 esse
3529 4493 3649 4550 ﬁde

1986 4589 2227 4658 dignam
2263 4604 2299 4643 a
2327 4588 2495 4642 Patre
2526 4591 2580 4642 et
2606 4587 2820 4659 Spiritu
2852 4590 3058 4642 sancto
3090 4602 3104 4652 ;
3132 4601 3253 4642 non
3284 4586 3458 4658 quasi
3490 4584 3651 4641 illinc

1987 4685 2158 4747 egeat
2187 4678 2421 4733 testium
2443 4675 2891 4748 approbatione,
2933 4676 3037 4747 qui
3058 4676 3169 4731 soli
3200 4675 3314 4731 sibi
3342 4674 3651 4731 sufﬁciens

1988 4773 2097 4833 est,
2130 4768 2399 4839 ejusdem
2430 4783 2568 4821 cum
2587 4766 2669 4821 eis
2691 4765 2996 4836 dignitatis
3016 4771 3073 4822 et
3100 4772 3348 4831 naturae,
3376 4765 3481 4820 sed
3506 4765 3651 4836 quia

1990 4862 2213 4913 I’atrem
2240 4855 2704 4926 cognoscebant,
2738 4860 2795 4910 et
2822 4855 2985 4926 quod
3004 4856 3250 4927 Spiritus
3272 4860 3426 4910 esset
3455 4853 3654 4909 crede-

1988 4947 2154 5011 bant,
2178 4946 2389 5002 Filium
2402 4950 2601 5002 autem
2622 4944 2991 5016 ignorabant,
3007 4944 3352 5017 opinionem
3378 4959 3564 5015 quam
3577 4941 3652 4996 de

1489 5127 1535 5161 ‘9
1575 5127 1747 5182 Joan.
1789 5143 1909 5195 Vlll,
1941 5130 2031 5182 26.

1500 5278 1721 5347 Variae
1763 5278 2085 5347 lectiones
2120 5288 2186 5345 et
2233 5287 2435 5347 notae.

349 5474 459 5619 ἓ48)
494 5474 618 5540 Καί,
651 5476 791 5544 post
819 5474 940 5551 γάρ,
985 5474 1162 5533 abest
1189 5481 1247 5529 Β.

372 5546 466 5617 49)
499 5545 721 5619 Θελομεν
748 5553 811 5602 Α.

372 5546 466 5617 49)
499 5545 721 5619 Θελομεν
748 5553 811 5602 Α.

348 5727 454 5801 (ee)
483 5727 575 5801 lia
602 5734 655 5784 et
684 5728 860 5794 istud,
884 5732 1003 5785 etc.
1042 5730 1126 5801 [ta
1153 5732 1211 5785 et
1229 5728 1345 5789 hoc
1374 5728 1450 5785 de
1471 5728 1875 5801 se.Siquidem,

269 5803 386 5867 etc,
418 5799 568 5866 Quia
592 5800 775 5869 enim,
816 5816 954 5857 cum
984 5799 1209 5857 missus
1239 5801 1332 5872 sit,
1351 5800 1533 5860 verba
1572 5799 1698 5859 Dei.

2059 5473 2173 5548 (50)
2207 5477 2309 5528 Καὶ
2340 5475 2365 5527 ὅ
2390 5476 2605 5533 ἤκουσε.
2641 5477 2705 5529 Α.

2062 5726 2153 5799 (π)
2171 5726 2459 5796 Ejusdem
2487 5732 2748 5784 natura.
2781 5727 2963 5790 Forte,
2990 5722 3173 5782 simul
3199 5728 3432 5782 natam.
