4156 6390
520 317 658 375 1183

1884 320 2235 380 EUTHYMII
2275 320 2580 377 ZlGABEN
2588 323 2610 381 Ι

3772 323 3916 381 1184

517 445 634 502 hoc
664 461 791 502 esse
820 445 1158 519 oportebat,
1185 447 1262 503 ab
1293 447 1404 503 illis
1427 448 1762 511 conﬁrmat,
1787 448 1928 504 talia
1949 448 2180 520 dispen-

2300 452 2391 506 τὴν
2427 453 2544 522 περὶ
2575 449 2694 520 (51)
2720 451 2906 501 τούτου
2935 444 3093 512 δόξαν
3125 453 3457 514 συνίστησιν,
3487 449 3824 517 οἰκονομικῶς
3850 454 3916 503 τὰ

519 536 737 591 satorie
775 535 1054 608 loquens,
1092 543 1146 592 et
1178 536 1470 609 paulatim
1501 554 1605 594 eos
1647 538 1864 594 ducere
1932 543 2185 595 tentans.

592 714 834 786 Oportet
863 731 1026 786 ergo,
1056 732 1192 787 qum
1223 717 1283 771 in
1316 716 1631 790 Scripturis
1663 717 1860 790 posita
1887 722 2044 784 sunt,
2072 733 2188 773 non

524 803 874 877 simpliciter
907 821 1269 877 percurrere,
1304 806 1402 862 sed
1427 812 1482 862 et
1513 807 1766 862 dicentis
1796 807 2187 862 intentionem

521 894 817 966 inquirere
869 901 925 950 et
983 895 1326 950 auditorum
1359 895 1846 952 imbecillitatem.
1880 896 2188 968 Siquidem

518 999 713 1056 neque
762 990 1152 1056 praeceptores
1191 985 1397 1040 omnia
1451 986 1673 1055 dicunt,
1707 991 1769 1040 ut
1821 985 2029 1042 volunt
2083 987 2188 1041 sed

519 1073 800 1146 pleraque
832 1075 984 1130 sicut
1015 1074 1194 1145 exigit
1224 1074 1550 1131 intellectus
1573 1075 1983 1131 institutorum
2010 1095 2023 1134 :
2053 1076 2187 1132 Non

511 1169 702 1232 potui,
722 1164 934 1238 inquit,
960 1167 1121 1236 loqui
1141 1165 1302 1222 vobis
1321 1173 1606 1238 tanquam
1633 1167 2068 1236 spiritualibus,
2083 1166 2188 1224 sed

519 1259 805 1325 tanquam
821 1255 1187 1318 carnalibus,
1203 1256 1295 1311 lac
1316 1256 1477 1311 vobis
1525 1262 1727 1325 potum
1748 1257 1903 1322 dedi,
1924 1273 2038 1312 non
2053 1257 2190 1312 soli-

514 1344 655 1400 dum
687 1345 880 1401 cibum
913 1347 982 1398 ⁸ο.
1012 1345 1140 1400 Non
1193 1346 1384 1416 potuit
1415 1350 1636 1411 autem,
1671 1351 1912 1418 propter
1950 1346 2185 1402 illorum

513 1429 954 1506 impotentiam.

588 1525 751 1580 Vers.
769 1529 854 1581 35.
878 1525 1268 1594 Paterdiligit
1294 1526 1535 1582 Filium.
1558 1526 1704 1592 Quia
1728 1527 1886 1598 prius
1905 1526 2140 1582 dixerat
2167 1545 2179 1584 :

519 1616 694 1680 Quem
731 1615 877 1670 Deus
905 1615 1082 1678 misit,
1104 1631 1176 1669 ne
1216 1631 1289 1670 ex
1317 1614 1432 1670 hoc
1463 1622 1742 1688 putarent
1781 1616 2024 1672 alterius
2053 1633 2181 1672 eum

515 1719 648 1758 esse
705 1711 934 1759 naturae
991 1705 1410 1760 subservientis
1443 1721 1511 1760 ac
1553 1705 1860 1776 subjectae,
1916 1710 2088 1761 curat
2118 1705 2177 1760 id

2299 545 2518 590 τοιαῦτα
2552 540 2894 611 φθεγγόμενος
2922 544 3012 590 καὶ
3050 542 3186 591 κατὰ
3239 539 3423 612 μικρὸν
3483 540 3670 600 αὐτοὺς
3702 539 3914 612 ἀνάγειν

2298 634 2638 700 πειρώμενος.

2374 722 2482 791 Χρὴ
2516 723 2686 770 τοίνυν
2713 721 2784 790 μὴ
2965 717 3140 780 ἁπλῶς
3181 721 3248 770 τὰ
3296 717 3345 770 ἐν
3373 726 3490 779 ταῖς
3547 725 3774 792 Γραφαῖς
3802 725 3918 772 κεί-

2297 827 2423 879 μενα
2455 812 2826 880 παρατρέχειν,
2858 806 2988 860 ἀλλὰ
3044 813 3134 860 xui
3187 811 3274 860 τὸν
3326 812 3520 860 σκοπὸν
3553 817 3642 860 τοῦ
3671 809 3913 881 λέγοντος

2299 896 2570 959 ἐξετάζειν,
2606 902 2695 948 καὶ
2729 901 2820 956 τὴν
2851 895 3116 950 ἀσθένειαν
3157 907 3255 950 τὼν
3289 895 3599 950 ἀκουόντων.
3635 898 3710 950 Ού
3738 900 3916 950 πάντα

2296 989 2394 1058 γὰρ
2431 987 2478 1038 οἱ
2533 983 2876 1052 διδάσκαλοι,
2928 988 2995 1048 ὡς
3037 985 3336 1059 βούλονται,
3373 992 3632 1060 λέγουσιν,
3677 985 3807 1039 ἀλλὰ
3846 991 3914 1040 τὰ

2296 1074 2474 1138 πολλὰ,
2512 1078 2581 1138 ὡς
2613 1078 2639 1134 ἦ
2674 1075 2773 1138 ἕξις
2807 1074 3018 1128 ἀπαιτεῖ
3049 1084 3148 1128 τῶν
3186 1072 3604 1148 διδασκομένων.
3639 1082 3776 1134 Φησὶ
3806 1079 3909 1151 γὰρ

2296 1169 2386 1217 καὶ
2412 1164 2613 1225 Παῦλος
2638 1184 2649 1196 ·
2686 1164 2797 1216 Ούκ
2839 1161 3110 1223 ἠδυνήθην
3141 1167 3261 1237 ὑμῖν
3296 1165 3525 1224 λαλῆσαι
3565 1168 3635 1228 ὡς
3676 1186 3913 1239 πνευμα-

2296 1261 2477 1319 τικοῖς,
2535 1253 2641 1305 ἀλλ’
2692 1257 2762 1316 ὡς
2816 1261 3103 1328 σαρκικοῖς.
3175 1254 3319 1306 Γάλα
3367 1257 3504 1327 ὑμᾶς
3555 1254 3794 1322 ἐπότισα,
3848 1256 3910 1308 ού

2299 1341 2507 1415 βρῶμα.
2543 1343 2654 1395 Οὐκ
2701 1341 2941 1402 ἠδυνήθη
3005 1341 3064 1396 δὲ
3125 1347 3270 1418 παρὰ
3331 1349 3420 1402 τὴν
3459 1348 3660 1397 ἐκείνων
3711 1342 3906 1397 ἀδυναο

2296 1437 2440 1504 μίαν.

2365 1521 2423 1574 Ὀ
2507 1527 2683 1596 Πατὴρ
2777 1521 2954 1594 ἁγαπᾱ
3031 1527 3118 1575 τόν
3179 1526 3318 1578 Υίόν.
3399 1525 3540 1576 Ἐπεὶ
3638 1523 3911 1596 προλαϐὼν

2297 1609 2428 1664 εἶπεν
2494 1614 2574 1664 ὅτι
2637 1611 2729 1664 Ὃν
2789 1611 3082 1665 ἀπέστειλεν
3145 1615 3170 1665 6
3239 1617 3378 1685 Θεὸς,
3444 1615 3528 1664 ἶνα
3593 1618 3664 1685 μὴ
3739 1612 3912 1666 ἐντεύ-

2298 1703 2377 1754 θεν
2432 1706 2720 1773 νομίσωσιν
2797 1702 2967 1774 ἐτέρας
3037 1702 3193 1754 αὑτὸν
3256 1701 3387 1755 εἶναι
3467 1705 3684 1774 φύσεως.
3767 1705 3909 1756 ύπο-

515 1793 678 1864 quod
707 1793 932 1848 dictum
952 1798 1058 1858 est,
1085 1800 1138 1849 et
1160 1794 1322 1849 hunc
1336 1795 1623 1866 praedicat
1645 1794 1853 1850 Filium
1868 1796 1998 1866 ejus
2028 1810 2176 1860 esse,

2296 1787 2565 1864 ὃεεστέρας
2607 1793 2722 1863 (53)
2769 1797 2856 1844 καὶ
2917 1789 3241 1855 διακονικῆς,
3297 1794 3564 1866 θεραπεύει
3620 1796 3677 1844 τό
3725 1793 3905 1867 ῥηθὲν,

515 1881 611 1953 qui
645 1882 802 1938 misit
831 1899 965 1938 eum
1005 1882 1209 1954 :quod
1245 1883 1292 1937 si
1343 1883 1539 1949 Filius,
1597 1889 1752 1940 certe
1801 1891 1857 1939 et
1905 1883 2180 1956 ejusdem

517 1970 913 2028 substantiae:
964 1978 1016 2028 et
1071 1972 1119 2027 si
1174 1972 1445 2037 dilectus,
1488 1974 1692 2045 utique
1740 1974 1936 2029 omnis
1983 1975 2087 2046 qui
2127 1974 2181 2030 ei

512 2060 752 2126 resistit,
795 2062 947 2117 Patri
975 2063 1096 2134 ejus
1121 2063 1358 2119 resistit.

588 2242 744 2296 Vers.
802 2243 889 2297 35.
947 2242 1022 2296 Et
1086 2273 1150 2284 --
1201 2244 1352 2311 ejus.
1407 2241 1714 2314 Tanquam
1771 2243 1926 2298 Deus
1975 2243 2182 2298 omnia

514 2329 775 2386 habebat
806 2329 1048 2386 :Omnia
1081 2330 1378 2404 siquidem
1400 2347 1510 2398 per
1535 2332 1722 2403 ipsum
1740 2332 1908 2402 facta
1935 2337 2068 2387 sunt
2088 2334 2130 2368 ⁶¹
2165 2347 2178 2387 :

514 2419 643 2474 haec
673 2425 871 2475 tamen
895 2419 1072 2475 etiam
1095 2420 1256 2476 dedit
1285 2421 1335 2476 ei
1357 2427 1642 2493 tanquam
1671 2421 1922 2476 homini.
1960 2423 2182 2476 Conve-

517 2508 701 2564 nienti
742 2517 943 2564 autem
977 2510 1154 2564 modo
1194 2510 1422 2565 dictum
1475 2515 1579 2575 est,
1633 2511 1863 2580 Diligit,
1899 2516 1955 2566 et
1983 2511 2177 2576 Dedit,

519 2599 670 2653 sicut
704 2599 853 2654 inter
876 2598 1153 2654 homines
1182 2599 1416 2654 dicitur.
1449 2600 1646 2655 Solent
1688 2616 1954 2673 namque
1987 2605 2182 2672 patres

520 2686 766 2756 diligere
805 2687 981 2757 ﬁlios,
1017 2689 1224 2760 eisque
1256 2689 1488 2744 tradere
1523 2706 1656 2762 qum
1689 2706 1798 2746 sua
1840 2694 1999 2745 sunt.

592 2777 756 2833 Vers.
785 2780 870 2833 36.
902 2779 1015 2846 Qui
1061 2809 1128 2818 —
1167 2784 1454 2834 aeternam.
1501 2779 1807 2835 Credeudo
1861 2779 1918 2834 in
1969 2780 2178 2836 doctri-

521 2883 664 2923 nam
696 2867 836 2932 Filii,
871 2868 1044 2940 eique
1069 2868 1431 2923 obediendo.

593 2959 746 3012 Vers.
772 2962 859 3014 36.
896 2957 1010 3025 Qui
1039 2990 1106 2998 -—
1135 2958 1337 3014 vitam.
1376 2958 1636 3014 Diximus
1664 2959 1966 3032 superius,
2021 2959 2182 3030 quod

518 3046 639 3103 vita
668 3053 891 3104 aeterna
937 3048 1011 3104 sit
1037 3053 1094 3104 et
1124 3047 1356 3103 dicatur
1407 3050 1526 3104 vita
1556 3049 1751 3116 beata,
1785 3065 1920 3122 quas
1963 3050 2182 3105 sanctis

519 3138 820 3193 convenit.

593 3229 754 3283 Vers.
789 3229 882 3285 36.
921 3229 1039 3286 Sed
1069 3260 1134 3269 —
1169 3245 1321 3285 eum.
1357 3233 1480 3285 Non
1513 3229 1660 3286 dixit
1691 3231 1777 3286 ira
1810 3229 1954 3301 Filii,
1994 3245 2183 3302 quan-

521 3333 706 3389 quam
730 3317 908 3373 Filius
922 3318 1380 3389 sitjudicaturus
1407 3335 1420 3374 :
1437 3319 1539 3374 sed
1566 3319 1750 3374 Patris
1770 3319 1922 3376 iram
1937 3320 2184 3376 commi-

521 3415 718 3479 natur,
751 3408 942 3479 magis
968 3425 1072 3465 eos
1098 3409 1305 3465 timere
1330 3409 1555 3465 volens.
1578 3410 1744 3476 Quod
1764 3416 1962 3466 autem
1996 3410 2184 3466 addit,

520 3498 722 3555 Manet
752 3513 935 3568 super
985 3515 1138 3567 eum,
1178 3499 1558 3556 tantumdem
1591 3505 1697 3565 est,
1734 3516 1804 3556 ac
1835 3500 1883 3555 si
1915 3500 2138 3556 diceret
2171 3516 2182 3554 :

518 3587 912 3659 Nequaquam
944 3589 1145 3660 ipsum
1173 3587 1434 3659 effugiet,
1463 3605 1698 3660 semper
1724 3605 1858 3644 eum
1886 3589 2112 3660 puniet.

589 3678 839 3733 CAP.IV.
881 3677 1045 3733 Vers.
1081 3680 1132 3734 -l.
1182 3679 1254 3735 Ut
1279 3710 1344 3719 —
1385 3681 1543 3734 Vers.
1572 3683 1623 3735 3.
1661 3680 1988 3735 Galilaeam.
2032 3677 2187 3734 Reli-

518 3767 648 3840 quit
679 3767 977 3836 Judteam,
1009 3773 1329 3839 amputans
1367 3768 1637 3840 ipsorum
1691 3767 2004 3824 invidiam.

592 3857 754 3912 Vers.
785 3860 839 3912 4.
883 3857 1199 3926 Oportebat
1227 3889 1296 3898 —
1325 3861 1683 3915 Samariam.
1727 3857 2187 3914 Ostendilevan-

521 3945 750 4014 gelista,
777 3946 976 4003 fecisse
1005 3964 1142 4004 eum
1190 3964 1316 4003 rem
1348 3948 1702 4020 quamdam,
1755 3963 1873 4002 non
1909 3946 2084 4018 quasi
2114 3963 2185 4002 ex

519 4035 842 4108 proposito,
874 4037 977 4092 sed
1002 4043 1293 4110 tanquam
1311 4038 1628 4092 occasione
1658 4037 1767 4092 vite
1792 4054 1804 4092 :
1831 4038 1888 4092 in
1917 4036 2009 4092 his
2027 4037 2187 4091 vide.

516 4124 672 4190 licet,
713 4141 850 4198 quas
915 4143 1052 4182 cum
1113 4126 1472 4183 Samaritide
1535 4131 1667 4182 acta
1725 4132 1878 4192 sunt,
1943 4130 2187 4198 propter

517 4215 860 4271 Iudaeorum
888 4216 1178 4272 adversus
1213 4216 1622 4272 Samaritanos
1652 4221 2082 4288 contemptum.

592 4307 724 4360 Erat
745 4311 944 4361 autem
966 4305 1231 4361 Samaria
1251 4304 1415 4374 regio
1432 4305 1712 4377 quaedam
1737 4306 1932 4361 varias
1958 4306 2184 4361 habens

516 4393 780 4449 civitates
835 4401 889 4450 et
947 4409 1158 4466 pagos.
1227 4395 1292 4449 In
1335 4396 1446 4450 hac
1485 4402 1684 4452 autem
1719 4395 1861 4450 olim
1903 4395 2184 4450 Israelita:

516 4482 872 4539 habitabant
901 4499 913 4538 :
949 4483 1164 4539 deinde
1188 4490 1321 4554 post
1344 4483 1582 4540 diversa
1606 4484 1762 4540 bella
1793 4501 1891 4541 rex
1913 4485 2177 4556 Assyrio-

516 4589 652 4628 rum
683 4588 818 4629 eam
840 4574 1193 4638 devastavit,
1227 4579 1282 4630 et
1309 4578 1517 4645 captos
1537 4575 1705 4630 duxit
1730 4575 1788 4630 in
1808 4575 2183 4647 Babylonem

518 4677 588 4718 ac
610 4677 641 4717 e
667 4661 1028 4734 Babyloniis,
1059 4661 1243 4718 Medis
1269 4668 1326 4718 et
1347 4663 1585 4720 Chaldis
1613 4665 1802 4720 mistaa
1821 4681 1886 4719 os
1907 4664 2184 4720 homines

590 4838 638 4874 ⁸ο
679 4839 858 4893 lCor.
883 4853 962 4904 ιιι,
1010 4843 1059 4904 1,
1093 4843 1150 4894 2.
1225 4841 1269 4876 ⁸1
1303 4840 1476 4896 Joan.
1514 4841 1568 4910 1,
1611 4842 1664 4896 3.

2293 1886 2381 1934 καὶ
2421 1880 2766 1954 ἁνακηρύττει
2829 1890 3006 1934 τοῦτον
3066 1885 3187 1934 Υίόν
3245 1891 3335 1934 τού
3378 1881 3797 1942 ἀποστείλαντος.
3845 1881 3911 1936 Εἰ

2292 1973 2388 2043 γὰρ
2449 1974 2587 2035 Υἱός,
2659 1972 2762 2043 οἶρα
2831 1976 2919 2022 καὶ
2977 1973 3250 2043 ὁμοούσιος
3312 1991 3324 2004 ο
3378 1975 3468 2023 καὶ
3520 1971 3562 2022 εἰ
3614 1970 3906 2042 ἀγαπητὸς,

2293 2063 2396 2132 οἷρα
2451 2067 2554 2121 πᾶς
2613 2063 2951 2135 προσκρούων
2993 2060 3152 2124 αὑτῶ,
3207 2068 3279 2130 τῷ
3333 2065 3500 2133 Πατρὶ
3544 2060 3698 2112 αὐτοῦ
3731 2081 3906 2135 προς·-

2291 2153 2466 2224 κρούει
2477 2193 2488 2205 .

2368 2244 2465 2293 Καὶ
2502 2271 2566 2280 -
2597 2239 2776 2292 αὑτοῦ.
2813 2243 2990 2292 Πάντα
3020 2238 3159 2310 εἶχεν
3192 2241 3261 2302 ὡς
3293 2244 3421 2301 Θεὸς
3453 2259 3463 2271 ·
3499 2241 3675 2292 Πάντα
3703 2243 3802 2313 γαρ
3831 2237 3909 2292 δι’

2293 2330 2452 2382 αὐτού
2479 2329 2671 2400 ἐγένετο
2698 2347 2708 2358 ⁸
2740 2326 2940 2382 ὃέὸωκε
2966 2326 3025 2381 δε
3056 2329 3193 2400 αύτῷ
3223 2338 3389 2381 ταυτα
3410 2334 3500 2381 xui
3523 2333 3587 2389 ὡς
3617 2328 3900 2401 ἀνθρώπῳ,

2291 2423 2360 2472 Τό
2389 2417 2447 2472 δε
2479 2421 2687 2491 Ἀγαπᾲ
2717 2423 2882 2471 καὶτὸ
2917 2415 3144 2470 ,δέδωκεν
3185 2418 3638 2492 ἀνθρωποπρεπιός
3668 2422 3896 2493 εἶρηται”

2294 2508 2508 2561 εἰώθασι
2537 2511 2638 2581 γὰρ
2663 2510 2710 2560 οὶ
2742 2512 2953 2580 πατέρες
2994 2504 3201 2578 ἀγαπᾷν
3229 2511 3348 2570 τούς
3377 2509 3537 2572 υἱούς,
3589 2512 3678 2560 καὶ
3733 2527 3907 2583 παρα-

2293 2605 2484 2670 χωρεῖν
2509 2597 2686 2658 αύτοῖς
2717 2605 2815 2648 τῶν
2846 2593 3017 2650 ἰδίων.

2362 2779 2420 2829 Ὀ
2446 2810 2509 2817 -
2541 2777 2766 2832 αἰώνιον.
2798 2777 2854 2829 Ὀ
2882 2779 3142 2829 πιστεύων
3173 2776 3244 2840 εἰς
3288 2779 3383 2835 τὴν
3417 2771 3771 2829 διδασκαλίαν
3811 2785 3906 2829 τού

2294 2871 2436 2933 Υὶού,
2466 2870 2490 2919 6
2516 2870 2819 2940 πειθόμενος
2848 2866 3013 2937 αύτῷ.

2361 2958 2420 3009 Ὀ
2444 2989 2508 2997 -
2533 2958 2691 3019 ζωήν.
2730 2961 3118 3031 Προειρήκαμεν
3144 2957 3222 3008 ὅτι
3263 2955 3371 3017 ζωὴ
3413 2955 3622 3018 αἰώνιός
3661 2954 3774 3008 ἐστι
3815 2960 3908 3009 xui

2291 3049 2492 3120 λέγεται
2526 3049 2552 3105 ὃ
2586 3051 2690 3110 ζωὴ
2726 3049 2754 3106 ἡ
2789 3051 3042 3121 μακαρία,
3074 3048 3104 3104 ἡ
3137 3044 3480 3120 ἁγιοπρεπὴς.

2366 3227 2498 3278 Ἀλλ’
2525 3257 2594 3268 --
2627 3226 2799 3281 αὐτόν,
2851 3225 2960 3278 Ούκ
3009 3221 3143 3278 εἶπεν
3172 3226 3202 3284 ἡ
3256 3224 3383 3298 ὀργὴ
3414 3232 3504 3278 τοῦ
3552 3227 3696 3291 Υἰοῡ,
3729 3229 3907 3278 καίτοι

2295 3325 2384 3370 τοῦ
2416 3319 2539 3369 Υὶοῠ
2560 3325 2733 3390 κρῖναι
2763 3315 3050 3388 μέλλοντος,
3089 3312 3217 3367 ἀλλὰ
3247 3319 3340 3373 τὴν
3377 3313 3537 3390 ὀργὴν
3585 3321 3676 3367 τοῦ
3699 3318 3908 3389 Πατρός

2299 3407 2477 3469 αύτοῖς
2504 3405 2840 3480 ἐπεκρέμασε,
2871 3404 3060 3478 μᾶλλον
3093 3403 3324 3478 φοϐῆσαι
3373 3403 3708 3477 βουλόμενος.
3747 3408 3818 3457 Τὸ
3847 3401 3910 3458 δι

2299 3504 2448 3549 Μενεῖ
2475 3497 2554 3548 ἐπ’
2585 3496 2763 3565 αὐτόν,
2798 3493 2913 3548 ἀντὶ
2943 3502 3055 3560 τοῦ,
3089 3490 3358 3547 Οὐδέποτε
3407 3492 3767 3554 ἀποστήσεται
3817 3493 3911 3547 αύ-

2298 3594 2410 3653 τού,
2454 3582 2702 3646 διηνεκῶς
2730 3584 2944 3638 κολάσει
2965 3584 3142 3639 αὐτόν.

2367 3675 2454 3737 Ὠς
2483 3707 2538 3714 -
2578 3674 2875 3728 Γαλιλαίαν.
2909 3674 3105 3747 Ἀφῆκε
3133 3677 3227 3733 τὴν
3268 3670 3554 3746 Ἰουδαίαν,
3580 3678 3911 3750 περικόπτων

2298 3770 2391 3824 τὴν
2425 3769 2717 3818 Βασκανίαν
2750 3763 2940 3817 αὐτῶν.

2369 3851 2516 3907 Ἐὸει
2549 3887 2614 3895 -
2647 3862 2958 3927 Σαμαρειας.
2984 3858 3252 3907 Δείχνυσιν
3284 3854 3438 3907 αὐτόν
3467 3855 3492 3906 6
3527 3853 3911 3927 εύαγγελιστής

2298 3945 2356 3997 ού
2383 3946 2768 4019 προηγούμενον
2821 3946 2990 4016 ἔργον,
3048 3942 3153 3996 ἀλλ’
3186 3939 3314 3996 ὀδοῦ
3347 3945 3622 4020 πάρεργον,
3665 3946 3732 3996 τὰ
3768 3947 3910 3997 κατὰ

2297 4041 2389 4094 τὴν
2421 4030 2779 4108 Σαμαρείτιδα
2832 4037 3136 4106 ποιούμενον
3186 4031 3280 4087 διὰ
3333 4039 3427 4094 τὴν
3489 4043 3587 4088 τῶν
3629 4031 3907 4088 Ἰουδαίων

2297 4127 2421 4198 πρός
2447 4129 2566 4186 τούς
2596 4128 2922 4200 Σαμαρείτας
2939 4123 3192 4195 ὑποψίαν.

2365 4303 2422 4356 Ἠ
2486 4305 2749 4377 Σαμάρεια
2804 4300 2862 4356 δὲ
2915 4309 3074 4379 χώρα
3152 4323 3228 4365 τις
3300 4300 3361 4363 ἧν
3442 4305 3559 4377 (54)
3617 4301 3911 4378 διαφόρους

2298 4396 2502 4464 ἔλουσα
2531 4393 2706 4456 πόλεις
2735 4398 2824 4446 xui
2871 4399 3066 4465 κώμας.
3126 4397 3207 4447 Ἐν
3260 4396 3419 4467 ταύτῃ
3478 4390 3537 4446 δὲ
3593 4392 3754 4446 παλαι
3813 4398 3907 4466 μεν

2301 4484 2624 4557 Ἰσραηλῖται
2677 4488 2943 4555 κατῴκουν
2977 4501 2989 4513 ·
3039 4484 3252 4556 ὕστερον
3308 4480 3385 4550 δὲ,
3444 4485 3575 4556 μετά
3623 4479 3910 4557 διαφόρους

2298 4577 2552 4644 πολέμους
2607 4570 2884 4645 ἐρημώσας
2947 4573 3108 4631 αὐτὴν
3167 4575 3192 4625 6
3249 4571 3496 4645 βασιλεὺς
3584 4573 3904 4646 Ἀσσυρίων,

2301 4666 2416 4724 τοὺς
2471 4661 2868 4734 ὑπολειφθέντας
2942 4666 3032 4736 μεν
3092 4662 3158 4724 εἰς
3247 4661 3525 4716 Βαϐυλῶνα
3581 4665 3904 4732 κατήγαγεν,

1732 5019 1954 5088 Variae
2009 5021 2339 5088 lectiones
2386 5029 2451 5087 et
2489 5028 2693 5087 notas.

737 5220 862 5289 Περὶ
888 5217 1080 5289 τούτων
1107 5223 1175 5289 VA.

586 5287 702 5357 (52)
750 5287 1036 5362 Praeclare
1103 5288 1172 5362 in,
1209 5289 1364 5344 hanc
1408 5305 1531 5344 rem
1601 5289 2078 5362 TbeOphylactus
2121 5292 2178 5346 in

520 5358 907 5426 Evangelium
964 5361 1212 5430 Joannis
1269 5378 1329 5430 p.
1400 5365 1502 5430 ’79Ξῆ
1561 5365 1634 5417 Α.
1671 5358 1855 5414 Ταῦτα
1899 5366 2069 5414 πάντα
2118 5367 2182 5416 τὰ

518 5433 735 5482 ταπεινὰ
783 5436 868 5482 xui
912 5430 1095 5493 ἀνάξια
1140 5429 1397 5484 δοκοῦντα
1451 5429 1542 5494 τῆς
1583 5441 1672 5485 τού
1700 5435 1822 5486 Tim)
1871 5431 2050 5503 δόξης,
2089 5431 2183 5488 διὰ

516 5505 632 5560 τούς
692 5501 949 5575 ἀκροατὰς
1005 5507 1229 5576 εἴρῃ-αι,
1287 5503 1393 5576 ούχ
1443 5507 1526 5556 ῖνα
1578 5505 1724 5576 ἡμεῖς
1793 5509 1924 5580 πρὸς
1972 5501 2044 5558 τάν
2087 5504 2184 5559 δὸ-

520 5592 661 5650 ματα
724 5577 926 5634 τούτοις
1005 5575 1281 5648 χρώμεθα.
1348 5575 1841 5650 Ἑλέχθησανῗγὰρ
1901 5585 2010 5638 τοῖς
2057 5577 2181 5631 απο-

521 5643 724 5721 στόλοις
802 5649 932 5721 πρὸς
1005 5643 1355 5721 puppe/optumo.
1424 5643 1953 5721 A'dde__Cb'ry'sost.
2033 5655 2177 5706 tom.

522 5715 666 5787 Vill.
703 5731 762 5787 p.
824 5715 930 5772 468
995 5715 1357 5774 ACUtiham
1399 5718 1671 5775 nonnulli
1739 5715 1922 5776 nostri
1980 5721 2179 5777 saeculi

518 5786 792 5844 homines
814 5789 936 5846 haec
969 5805 1164 5845 secum
1198 5797 1561 5866 reputarent,
1595 5808 1707 5850 nec
1739 5793 1943 5850 totices
1982 5795 2180 5869 explo-

2292 5236 2391 5276 sas
2419 5219 2731 5292 opiniones
2759 5234 2946 5275 vanas
2996 5234 3080 5292 ac,
3125 5219 3495 5282 temerarias,
3556 5233 3626 5292 ac
3672 5218 3718 5292 si
3746 5233 3907 5274 nova

2293 5290 2983 5363 proferrent,repeterent
3011 5291 3090 5363 ad
3119 5305 3408 5363 nauseam
3424 5290 3902 5363 prudentiorum.

2295 5361 2621 5419 Imitandus
2644 5361 2800 5419 esset
2842 5361 3207 5428 Eustathius,
3242 5362 3344 5434 qui
3375 5361 3455 5418 ita
3481 5361 3701 5434 alicubi
3732 5361 3808 5416 de
3841 5377 3907 5417 se

2292 5436 2434 5490 dicit
2464 5453 2480 5490 :
2510 5435 2686 5506 Ἡμεῖς
2711 5437 2812 5510 γὰρ
2845 5434 2903 5486 ού
2958 5441 3111 5506 μυῖαι
3149 5431 3477 5494 τοῖς-ἕλκεσιν
3509 5431 3852 5510 ἐφιζάνουσαι
3888 5453 3902 5466 ·

2293 5507 2543 5578 μέλισσαι
2573 5503 2632 5559 δὲ
2673 5503 2905 5559 τοῦ’τῶν
2944 5503 3156 5579 μουσῶν
3204 5505 3449 5578 λειμῶνος
3509 5503 3565 5557 τό
3623 5503 3907 5557 κάλλιστον

2295 5579 2704 5640 ἀπανθίζουσαι.

2370 5652 2486 5722 (53)
2520 5654 2582 5703 Ai
2606 5648 2930 5720 interponit
2956 5655 3017 5705 A.
3054 5652 3221 5706 Forte
3251 5668 3305 5702 τε
3328 5647 3540 5722 voluit.

2365 5719 2478 5799 (54)
2513 5719 2795 5804 Διαφόρουίς
2823 5724 3030 5797 ἔχουσα
3053 5727 3230 5802 κώμας
3256 5726 3345 5778 καὶ
3382 5719 3556 5786 πόλεις
3586 5725 3647 5778 Α.
