4156 6410
285 393 421 448 1185

1363 389 1730 447 COMMENT.
1772 388 1846 443 IN
1885 388 2234 445 JOANNEM.
2276 421 2341 431 —-
2383 390 2542 446 CAP.
2579 391 2668 445 lV.

3527 396 3668 451 1186

277 520 336 572 ἐκ
378 515 709 569 Βαϐολῶνίων
737 512 795 568 δὲ
838 521 927 568 καὶ
958 513 1155 575 Μήδων
1201 522 1290 570 καὶ
1329 515 1613 570 Χαλδαίων
1657 511 1887 588 μιγάδας

2005 529 2374 587 congregans
2432 515 2491 570 in
2566 531 2637 572 ea
2679 515 2947 574 habitare
2995 517 3148 573 fecit.
3187 517 3399 573 Volens
3459 524 3664 577 autem

278 610 582 681 ἀνθρώπους
653 610 963 676 συναγαγὼν
1033 606 1136 658 ἐκεῖ
1368 612 1656 678 κατῴκισε.
1721 603 1892 666 Δεῖξαι

281 695 342 750 δε
383 695 696 770 βουλόμενος
743 696 768 746 ό
824 699 954 757 Θεὸς
997 698 1076 748 ὅτι
1137 693 1210 748 δι’
1269 696 1528 768 αμαρτιαν
1574 691 1892 757 ἐξεδόθησαν

281 794 394 848 τοῖς
467 787 781 858 Ἀσσυρίοις
836 789 885 836 oi
926 785 1038 856 (56)

283 871 571 940 ἀσθένειαν,

283 961 591 1037 βαρϐάροις,

281 1057 473 1124 πέμπει
533 1054 667 1126 ἱερέα
731 1060 833 1104 τῶν
899 1052 1258 1125 Ἰσραηλιτῶν,

1143 785 1489 859 Ἰσραηλῖται,
1567 789 1657 836 καὶ
1707 783 1765 834 ού
1817 773 1893 833 δι’

659 872 858 934 λέοντας
948 872 1178 944 ἐπαφῆκε
1257 882 1362 936 τοῖς
1447 873 1892 946 ἐγκατοικισθεῖσι

690 964 810 1033 ὅπερ
888 964 1065 1034 μαθὼν
1133 965 1157 1015 ό
1221 962 1468 1036 βασιλεὺς
1547 967 1638 1014 καὶ
1703 966 1886 1029 συνεὶς,

1344 1049 1732 1128 παραδωσοντα
1799 1048 1890 1101 κά-

279 1147 468 1204 κείνοις
507 1144 594 1193 τὸν
640 1149 730 1194 τοῦ
784 1149 916 1195 Θεοῦ
960 1147 1134 1216 νόμον,
1201 1145 1282 1195 ἳνα
1327 1152 1417 1203 τῆς
1472 1141 1570 1194 ἀπὸ
1614 1150 1710 1194 τῶν
1757 1139 1890 1192 λεόν-

278 1244 382 1284 των
429 1231 593 1304 λύμης
638 1230 1027 1302 ἀπαλλαγῶσιν.
1081 1233 1165 1295 Ἐξ
1222 1234 1465 1304 ἡμισείας
1514 1229 1572 1284 δῖε
1622 1235 1738 1282 τότε
1795 1237 1891 1288 τῆς

281 1315 523 1377 ἀσεϐείας
607 1314 943 1385 ἀποστάντες,
1021 1318 1236 1392 ὕστερον
1305 1317 1540 1377 όλοτελώς
1617 1311 1890 1373 ἀπεπήδη-

282 1425 380 1458 σαν
441 1414 539 1458 τῶν
600 1402 837 1458 εἰδώλον³
894 1406 1026 1465 πλὴν
1090 1407 1147 1459 ού
1199 1409 1389 1481 μικρὰν
1449 1405 1593 1478 εἶχον
1643 1408 1716 1458 ἔτι
1766 1407 1892 1479 πρὸς

279 1497 404 1556 τους
443 1491 736 1557 Ἰουδαίους
775 1493 1050 1570 διαφοράν.
1090 1501 1260 1557 Μόνας
1297 1499 1398 1570 γαρ
1453 1499 1548 1559 τὰς
1605 1497 1892 1555 Μωσαῑκὰς

281 1581 493 1656 βίϐλους
562 1582 863 1657 δεχόμενοι,
923 1595 1019 1638 τῶν
1063 1586 1227 1638 ἄλλων
1276 1586 1334 1638 οὗ
1376 1585 1568 1644 πολλὴν
1625 1584 1891 1638 ἐποιοῦντο

278 1672 450 1744 λόγον.

353 1765 466 1834 ἰ’-ζ·
526 1759 698 1827 Ἀξιον
746 1765 858 1837 (57)
918 1766 1076 1818 εἰπεῖν
1137 1767 1288 1818 ⁴ιτόθεν
1338 1768 1388 1816 οῖ
1431 1772 1745 1840 Σαμαρεῖται
1798 1768 1890 1822 τὴν

281 1858 644 1929 προσηγορίαν
697 1857 892 1912 ταύτην
950 1853 1148 1909 ἔλαϐον,

281 1947 373 1994 καὶ
443 1941 662 2005 Ἠσαίας
727 1948 906 2016 φησὶν,
970 1943 1026 1996 Ἠ
1100 1944 1290 2016 κεφαλὴ
1349 1950 1585 2018 Σομόρων
1645 1945 1884 2019 Ἐφραίμ.

279 2032 420 2086 Ἀλλ’
488 2035 538 2084 οἱ
584 2041 957 2097 κατοικοῦντες,
1005 2033 1065 2085 ού
1119 2041 1454 2108 Σαμαρεῖται,
1516 2032 1623 2085 ἀλλ’
1682 2035 1891 2106 Ἰσραη-

278 2121 420 2174 λῖται
469 2121 718 2194 ἕλέγοντο.
777 2129 978 2196 Χρόνου
1046 2120 1105 2176 δὲ
1170 2129 1438 2193 προίόντος
1495 2127 1889 2200 προσέκρουσαν

278 2220 352 2283 τῷ
410 2217 542 2282 Οεῷ,
605 2216 694 2264 καὶ
754 2210 1120 2285 βασιλεύοντος
1182 2216 1342 2267 Φακεε
1409 2212 1625 2266 ἀνελθὼν
1685 2212 1888 2285 Θεγλαθ

279 2300 528 2374 Φαλασαρ
594 2300 767 2364 πόλεις
842 2321 896 2354 τε
962 2298 1060 2354 εἷλε
1133 2301 1326 2365 πολλὰς
1391 2306 1482 2354 καὶ
1547 2301 1752 2355 ἐπέθετο
1817 2311 1889 2373 τῷ

277 2388 434 2461 Ἠλᾷ,
474 2395 560 2443 καὶ
613 2389 798 2444 ἀνελὼν
855 2391 1030 2456 αὐτὸν,
1085 2393 1247 2450 Ὠσηὲ
1294 2396 1386 2450 τὴν
1437 2389 1704 2464 βασιλείαν
1764 2389 1891 2445 ἔδω-

278 2499 383 2534 κεν.
445 2481 561 2533 Ἐπὶ
604 2488 784 2532 τοῦτον
841 2480 997 2534 ἐλθὼν
1055 2483 1081 2533 ό
1140 2481 1503 2557 Σαλμανασαρ,
1578 2482 1677 2534 εἷλε
1725 2481 1892 2542 πόλεις

279 2569 451 2643 ἐτέρας
500 2574 590 2622 καὶ
646 2571 936 2645 ὑποφόρους
988 2570 1226 2630 ἐποίησεν
1262 2589 1274 2600 ·
1305 2571 1462 2632 αὐτὸς
1518 2568 1576 2624 δὲ
1623 2575 1752 2645 πρὸς
1797 2577 1891 2630 τὴν

278 2667 379 2711 τῶν
437 2659 696 2712 Αἰθιόπων
785 2665 1040 2732 κατέφυγε
1105 2665 1439 2733 συμμαχίαν.
1517 2667 1683 2732 Ἔγνω
1739 2669 1890 2714 τοῦτο

279 2749 306 2799 ό
351 2748 659 2822 Ἀσσύριος,
703 2753 793 2801 καὶ
837 2747 1271 2824 ἐπιστρατεύσας,
1327 2755 1416 2802 καὶ
1473 2748 1656 2801 ἀνελὼν
1715 2750 1886 2817 αὐτόν,

278 2837 454 2890 ούκέτι
510 2841 566 2890 τό
611 2840 748 2898 ἔθνος
806 2836 909 2890 ἐκεῖ
975 2843 1139 2911 μένειν
1195 2837 1412 2911 ἀφίησιν
1447 2856 1459 2868 ·
1503 2837 1628 2891 ἀλλα
1675 2842 1891 2903 τούτους

275 2930 370 3000 μὲν
415 2927 481 2987 εἰς
514 2925 790 2979 Βαϐυλῶνα
829 2931 1044 3000 ἤγαγεν,
1097 2929 1285 2981 ἐκεῖθεν
1327 2925 1386 2981 δὲ
1430 2930 1546 2986 ἔθνη
1588 2928 1642 2980 ἐκ
1698 2926 1887 3002 διαφό-

274 3036 381 3092 ρων
446 3020 616 3070 τόπων
693 3015 923 3088 ἀγαγὼν,
1006 3037 1295 3088 κατῳκισεν
1359 3017 1407 3069 ἐν
1474 3026 1535 3091 τῇ
1605 3024 1886 3092 Σαμαρείᾳ,

275 3107 414 3157 ὥστε
461 3104 638 3157 λοιπὸν
684 3103 887 3178 ἀσφαλῆ
941 3106 1080 3178 αύτῷ
1132 3112 1224 3165 τὴν
1284 3106 1459 3180 ἀρχὴν
1510 3105 1660 3174 εἶναι,
1710 3117 1808 3160 τῶν
1840 3109 1888 3161 οἱ

1997 604 2150 659 Deus
2167 605 2500 671 ostendere,
2521 606 2684 679 quod
2710 622 2829 661 non
2853 607 3540 679 propterimpotentiam,
3558 609 3666 664 sed

1998 695 2254 765 peccatis
2267 695 2640 764 exigentibus
2658 695 2852 750 traditi
2867 703 3062 751 essent
3084 695 3441 768 Babyloniis,
3464 699 3665 754 leones

1999 782 2275 839 barbaris
2313 799 2449 840 eam
2489 783 2962 841 inhabitantibus
3003 786 3250 842 immisit
3283 804 3296 841 :
3358 787 3515 858 quod
3562 804 3665 843 rex

1997 871 2249 928 audiens
2306 877 2364 928 et
2400 872 2753 944 intelligens,
2790 873 2962 928 mittit
3013 873 3091 928 ad
3143 891 3242 929 eos
3298 876 3664 932 sacerdotem

1998 960 2423 1026 Israelitarum,
2451 962 2552 1035 qui
2587 962 2840 1018 traderet
2869 964 3045 1018 etiam
3079 963 3194 1017 illis
3231 966 3329 1020 Dei
3363 964 3578 1034 legem,
3605 971 3668 1022 ut

1997 1066 2032 1106 a
2057 1057 2219 1122 peste
2249 1050 2494 1107 leonum
2540 1051 2953 1108 liberarentur.
2991 1052 3071 1108 Ex
3097 1069 3169 1108 eo
3226 1069 3369 1124 ergo
3401 1061 3663 1127 tempore

1995 1141 2214 1212 partim
2237 1140 2314 1195 ab
2341 1140 2645 1213 impietate
2672 1147 3039 1196 recesserunt
3067 1159 3079 1197 :
3109 1144 3495 1214 postmodum
3523 1160 3664 1200 vero

1996 1230 2253 1301 perfecte
2286 1228 2448 1284 idola
2468 1229 2850 1301 reliquerunt.
2869 1230 3297 1287 Verumtamen
3324 1233 3665 1306 aliquantu-

1995 1317 2119 1373 lum
2155 1319 2350 1374 adhuc
2372 1325 2496 1374 erat
2517 1319 2993 1391 ipsisdiscrimen
3014 1336 3049 1375 a
3067 1321 3304 1376 Judaeis.
3339 1324 3492 1378 Nam
3524 1322 3665 1378 solis

1998 1407 2177 1462 Mosis
2231 1407 2400 1464 libris
2463 1409 2776 1480 susceptis,
2839 1413 3184 1465 cmterorum
3220 1427 3342 1466 non
3375 1428 3662 1482 magnam

1996 1494 2305 1553 habebant
2341 1497 2660 1554 rationem.

2068 1678 2110 1745 -ι-
2134 1675 2462 1732 Dicendum
2487 1681 2596 1740 est.
2632 1676 2792 1733 unde
2819 1679 3179 1734 Samaritani
3213 1680 3331 1734 sint
3357 1680 3663 1752 appellati.

1997 1765 2268 1820 Samaria
2299 1781 2476 1821 mons
2515 1771 2658 1830 erat,
2675 1766 2826 1822 sicut
2854 1766 3033 1822 etiam
3069 1767 3215 1823 dixit
3242 1769 3446 1826 Isaias.
3487 1769 3668 1841 Caput

1227 1858 1392 1929 Σομόρ
1453 1859 1565 1929 ᾇοος
1623 1851 1702 1918 ἦν,
1753 1856 1887 1906 καθὰ

2005 1852 2291 1922 ΕρΙιναίηι
2330 1853 2602 1911 Samaria
2629 1856 2822 1921 ".Qui
2855 1861 3055 1912 autem
3079 1857 3512 1924 inhabitabant,
3546 1875 3664 1914 non

2000 1942 2375 2010 Samaritani,
2425 1944 2530 1999 sed
2582 1945 2858 2001 lsraelitaa
2918 1945 3288 2002 dicebantur.
3358 1949 3665 2018 Temporis

1997 2038 2199 2088 autem
2233 2047 2578 2104 progressu,
2605 2050 2743 2090 cum
2771 2034 3097 2090 irritassent
3125 2035 3468 2104 Dominum,
3492 2041 3551 2092 et
3577 2053 3667 2093 re-

1999 2126 2208 2191 gnaret
2236 2122 2475 2192 Phacee,
2500 2123 2835 2180 ascendens
2855 2123 3422 2197 Theglat-Phalasar
3445 2127 3666 2182 multas

1999 2210 2128 2266 tulit
2149 2211 2438 2277 civitates,
2480 2217 2536 2267 et
2567 2213 2626 2268 in
2661 2213 2820 2268 Elam
2860 2213 3026 2268 irruit
3056 2214 3305 2286 ipsoque
3334 2214 3664 2281 interfecto,

2000 2303 2145 2358 Osee
2171 2318 2423 2373 regnum
2457 2302 2714 2359 tradidit.
2750 2304 3137 2360 Postmodum
3164 2320 3300 2361 vero
3331 2307 3664 2363 ascendens

2003 2389 2382 2447 Salmanasar
2411 2391 2666 2463 reliquas
2694 2392 2828 2447 tulit
2868 2392 3154 2461 civitates,
3195 2393 3448 2464 fecitque
3485 2392 3660 2448 tribu-

2001 2482 2208 2547 tarias;
2235 2480 2331 2536 hic
2353 2485 2555 2537 autem
2574 2481 2650 2536 ad
2679 2480 3029 2552 Atthiopum
3049 2481 3314 2550 confugit
3340 2481 3660 2538 auxilium:

2000 2569 2428 2640 quodaudiens
2446 2570 2728 2642 Assyrius
2761 2575 2966 2642 parato
2984 2571 3240 2627 exercitu
3271 2571 3468 2643 ipsum
3491 2571 3668 2627 inter-

2001 2659 2162 2726 emit,
2204 2675 2400 2731 neque
2453 2665 2688 2729 gentem
2719 2656 2938 2714 diutius
2969 2660 3050 2714 ibi
3093 2676 3331 2715 manere
3371 2661 3662 2732 permisit,

1999 2745 2104 2801 sed
2127 2746 2236 2802 hos
2249 2746 2490 2802 duxitin
2505 2747 2917 2819 Babyloniam,
2951 2754 3006 2803 et
3032 2748 3169 2804 inde
3195 2749 3369 2803 variis
3387 2749 3664 2818 gentibus

1999 2834 2228 2890 eductis
2255 2835 2313 2890 in
2337 2836 2607 2892 Samaria
2627 2835 2897 2891 habitare
2921 2835 3074 2902 fecit,
3102 2837 3429 2910 utpropriis
3457 2837 3668 2894 subdi-

1998 2925 2070 2978 tis
2097 2923 2300 2979 locum
2330 2923 2799 2996 possidentibus,
2844 2925 3087 2980 ﬁrmum
3140 2926 3253 2982 sibi
3305 2925 3668 2998 relinqueret

1998 3013 2426 3086 principatum.
2449 3013 2660 3069 Volens
2697 3019 2898 3070 autem
2946 3015 3099 3070 Deus
3156 3031 3320 3072 suam
3353 3015 3666 3071 ostendere

1997 3103 2347 3176 potentiam,
2372 3102 2648 3176 quodque
2665 3119 2784 3158 non
2800 3104 3463 3176 propterimpotentiam
3489 3105 3668 3160 tradi-

273 3199 425 3246 κείων
465 3193 693 3266 ἐχόντων
729 3199 814 3247 τὸν
860 3199 1041 3253 τόπον.
1091 3196 1397 3268 Βουλόμενος
1442 3193 1502 3250 δὲ
1547 3198 1572 3248 ό
1615 3200 1734 3258 Θεὸς
1780 3194 1887 3250 δεῖ-

2005 3193 2146 3248 derit
2173 3193 2429 3256 Judaeos,
2467 3192 2571 3248 sed
2598 3199 2836 3265 propter
2865 3208 3074 3248 eorum
3103 3199 3363 3266 peccata.
3391 3191 3665 3248 Barbaris

274 3285 365 3346 ξαι
395 3288 486 3342 τὴν
512 3284 673 3336 αύτού
696 3281 940 3356 δύναμιν,
959 3290 1050 3337 καὶ
1075 3288 1144 3347 ὡς
1169 3285 1227 3337 ού
1248 3282 1320 3338 δι’
1353 3285 1618 3339 ἀσθένειαν
1645 3283 1888 3349 ἐξέδωκεν

271 3369 592 3436 Ἰουδαίους,
626 3372 752 3426 ἀλλὰ
781 3370 856 3426 δι’
886 3373 1148 3450 ἁμαρτίας
1177 3375 1366 3444 αὐτῶν,
1400 3374 1651 3448 ἐπαφίησι
1682 3375 1888 3439 λέοντας

270 3471 384 3524 τοῖς
419 3461 711 3536 βαρϐάροις
745 3482 757 3494 ·
801 3469 998 3537 χρόνου
1053 3459 1113 3516 δὲ
1160 3469 1449 3538 προίόντος,
1510 3473 1610 3517 τῶν
1662 3462 1886 3518 εἰδωλων

270 3556 365 3604 καὶ
391 3560 486 3614 τῆς
514 3548 829 3614 δυσσεϐείας
859 3551 1188 3612 ἀπέστησαν,

600 3648 750 3696 ΚΕΦ.
792 3642 870 3696 Ε’.
901 3646 1025 3716 Περὶ
1052 3651 1146 3704 τῆς
1173 3640 1570 3718 Σαμαρείτιδος.

350 3729 606 3802 Ἔρχεται
648 3761 714 3771 —-
750 3732 930 3786 αὐτοῦ.
989 3733 1183 3785 Ἐκεῖνο
1226 3737 1282 3786 τό
1322 3739 1518 3808 χωρίον
1551 3730 1611 3793 ἦν
1674 3738 1732 3786 τό
1771 3734 1883 3787 κατ’

271 3819 533 3894 ἐξαίρετον
567 3817 716 3874 δοθὶν
747 3829 819 3892 τῷ
847 3823 1062 3894 Ἰωσὴφ,
1095 3821 1362 3895 λεγόμενον
1402 3828 1609 3897 Σίκιμα.

343 3909 441 3962 Ἤν
468 3941 538 3950 -—
581 3910 782 3964 Ἰακώϐ.
828 3916 1010 3982 Πηγήν
1057 3911 1192 3984 λέγει
1222 3916 1280 3965 τὸ
1320 3918 1498 3987 φρέαρ,
1539 3916 1604 3974 ὡς
1646 3917 1882 3986 πηγάζον

268 4001 519 4056 κάτωθεν.
577 4000 838 4054 Ἐκαλεῖτο
897 3998 956 4054 δὲ
1017 4009 1111 4053 του
1169 4000 1378 4072 Ἰακὼϐ,
1436 4006 1506 4063 ὡς
1551 4005 1675 4079 παρ’
1723 4004 1882 4056 αὐτοῦ

270 4087 478 4162 ὀρυγέν.

340 4178 400 4230 Ὀ
457 4175 544 4231 οὖν
603 4184 811 4240 Ἰησοῦς
865 4211 931 4219 —
981 4181 1123 4238 ἕκτη.
1188 4186 1521 4244 Κεκοπιακὼς
1577 4184 1713 4234 κατὰ
1785 4187 1880 4241 τὴν

269 4264 518 4326 ἰδιότητα
587 4277 679 4330 τῆς
762 4267 1176 4344 ἁνθρωπότητος.
1244 4271 1381 4343 Πεξῇ
1467 4273 1568 4345 γὰρ
1638 4267 1879 4344 βαδίζων

266 4358 407 4410 οὕτω
467 4360 706 4411 σύντονον
755 4356 978 4412 ἐποιεῖτο
1023 4364 1116 4418 τὴν
1173 4355 1478 4435 ὁδοιπορίαν
1530 4363 1594 4421 ὡς
1647 4365 1738 4413 καὶ
1784 4380 1878 4413 κο-

266 4450 484 4501 πιάσαι.

341 4540 406 4589 Τί
474 4533 534 4590 δέ
592 4535 706 4590 ἐστι
779 4541 836 4590 τὸ
893 4538 1198 4599 Ἐκαθέζετο
1274 4539 1473 4608 ούτως;
1540 4537 1761 4608 Ἀπλὼς,
1809 4542 1880 4602 ὡς

1997 3282 2199 3337 leones
2236 3281 2484 3336 immisit
2516 3297 2529 3336 :
2575 3283 2855 3353 temporis
2905 3287 3105 3337 autem
3148 3298 3467 3355 progressu
3501 3281 3664 3338 idola

1997 3387 2136 3427 cum
2178 3371 2304 3426 suis
2330 3371 2737 3443 impietatibus
2773 3370 3143 3443 abjecerunt.

2449 3551 2598 3605 CAP.
2635 3551 2696 3604 V.
2725 3552 2812 3606 De
2851 3549 3258 3606 Samaritana.

2067 3641 2232 3696 Vers.
2354 3641 2520 3697 Venit
2569 3671 2634 3680 —
2665 3656 2785 3696 suo.
2823 3640 3113 3695 Prandium
3154 3641 3299 3696 illud
3331 3644 3477 3707 erat,
3504 3639 3662 3712 quod

1994 3737 2159 3787 extra
2217 3736 2438 3786 sortem
2486 3730 2645 3786 dedit
2711 3731 2893 3786 Jacob
2929 3729 3163 3802 Joseph,
3233 3735 3289 3785 et
3355 3729 3660 3786 dicebatur

1996 3819 2242 3876 Sikima.

2065 3911 2222 3965 Vers.
2255 3911 2309 3964 6.
2342 3909 2498 3964 Erat
2528 3939 2598 3950 —
2627 3909 2822 3965 Iacob.
2879 3911 3127 3965 Puteum
3163 3913 3354 3974 vocat,
3406 3909 3657 3975 fontem,

1991 3999 2135 4072 quia
2163 4015 2195 4054 e
2227 3997 2616 4054 subterraneo
2632 3997 2764 4053 loco
2783 3996 3060 4053 manabat
3086 4013 3096 4051 :
3121 3996 3434 4053 dicebatur
3452 4005 3658 4054 autem

1987 4087 2180 4160 ipsius
2219 4087 2420 4152 Jacob,
2454 4102 2526 4142 eo
2550 4087 2716 4160 quod
2745 4086 2946 4158 ipsum
2975 4085 3242 4143 fodisset.

2060 4179 2220 4235 Vers.
2272 4179 2328 4232 6.
2382 4179 2539 4232 Jesus
2587 4191 2720 4247 ergo
2762 4206 2826 4215 ——
2881 4183 3070 4232 sexta.
3135 4176 3434 4248 Fatigatus
3487 4177 3661 4246 juxta

1987 4266 2378 4323 humanitatis
2439 4265 2883 4338 proprietatem.
2939 4268 3087 4322 Cum
3126 4263 3288 4320 enim
3345 4265 3527 4336 pedes
3566 4265 3655 4321 in-

1987 4359 2239 4422 cederet,
2285 4357 2439 4414 adeo
2501 4356 2883 4411 vehementer
2947 4351 3312 4417 ambulabat,
3363 4359 3426 4410 ut
3474 4353 3654 4411 etiam

1987 4446 2360 4518 fatigaretur.

2059 4536 2213 4603 Quid
2269 4540 2358 4592 est
2409 4540 2631 4600 autem,
2685 4534 2853 4607 quod
2919 4533 3176 4600 additur,
3228 4533 3467 4590 Sedebat
3507 4533 3588 4590 sic
3625 4539 3652 4589 ?

266 4628 454 4698 ἔτυχεν
510 4624 587 4678 ἐπ’
649 4622 891 4699 ἐδάφους.
939 4630 1008 4681 Τὸ
1048 4596 1240 4701 ἄτυφον
1292 4596 1473 4702 γὰρ-ό,
1503 4627 1654 4701 λόγος
1685 4596 1879 4682 διδοίσζ

2005 4596 2340 4700 Simpliciter
2390 4596 2678 4690 videlicet.
2705 4596 2889 4698 prout
2937 4640 3064 4680 sese
3105 4596 3275 4680 locus
3319 4622 3654 4680 offerebat:

266 4734 369 4770 κει.

342 4893 648 4954 Ἐκαθέζετο
680 4889 740 4947 δὲ
766 4897 826 4946 τὸ
876 4902 1029 4967 σῶμα
1077 4892 1435 4966 διαναπαύων,
1479 4917 1569 4949 και
1611 4902 1730 4973 περὶ
1781 4902 1876 4957 τὴν

266 4988 448 5057 πηγὴν
478 4982 785 5056 ἀναψύχων.
841 4984 977 5037 Αύτὸ
1020 4988 1121 5060 γὰρ
1166 4995 1258 5047 τῆς
1309 4988 1507 5060 ἡμέρας
1555 4984 1616 5046 ἧν
1663 4990 1722 5039 τὸ
1788 5006 1876 5059 με·

268 5078 540 5144 σαίτατον,
587 5073 671 5126 ὅτε
725 5072 903 5126 λοιπὸν
948 5075 974 5127 ό
1023 5075 1167 5138 ἣλιος
1207 5073 1554 5151 σφοδρότερον
1605 5078 1872 5131 καθικνεῖ-

349 5312 398 5348 ⁶³
429 5312 544 5370 lsa.
575 5326 676 5383 vn,
707 5311 764 5366 9.

1984 4716 2098 4784 vel,
2140 4716 2330 4772 humi.
2353 4717 2730 4771 Demonstrat
2758 4713 3041 4786 siquidem
3073 4729 3273 4768 sermo
3295 4713 3453 4785 quod
3479 4715 3654 4770 omni

1984 4805 2143 4863 fastu
2169 4811 2415 4862 careret.

2057 4895 2545 4961 Sedebatautem,
2568 4912 2784 4968 corpus
2803 4893 3221 4959 refocillans,et
3233 4893 3403 4964 juxta
3421 4891 3651 4949 fontem

1983 5001 2280 5051 recreans,
2343 4991 2465 5041 erat
2520 4987 2679 5041 enim
2727 4984 3026 5048 meridies,
3073 4982 3316 5055 quando
3346 4980 3437 5038 sol
3480 4982 3656 5038 vehe-

1981 5076 2242 5133 mentius
2290 5075 2560 5133 humana
2614 5075 2847 5146 attingit
2899 5088 3170 5145 corpora.
3219 5068 3413 5126 Simul
3469 5070 3651 5127 etiam

1499 5459 1722 5531 Variae
1765 5459 2096 5530 lectiones
2137 5468 2202 5529 et
2231 5468 2418 5528 notae

366 5687 458 5759 55)
500 5692 809 5759 Κατῴκῃσεν
839 5687 904 5757 Α,
935 5685 1113 5742 male.

369 5758 460 5827 56)
486 5761 552 5811 Οἱ
582 5758 801 5815 omittit
828 5759 894 5814 Β.

365 5831 456 5907 57)
511 5831 644 5888 Haec
675 5835 884 5887 neuter
911 5845 1185 5888 meorum
1231 5830 1536 5903 agnoscit.
1597 5831 1886 5905 Excerpta

1994 5689 2194 5742 autem
2227 5688 2368 5740 sunt
2389 5683 2725 5756 partim_ex
2769 5680 3144 5756 Chrysosttt.
3173 5680 3313 5749 VIII,
3346 5695 3405 5751 p.
3438 5680 3555 5746 177,
3591 5682 3655 5738 C’

1993 5758 2212 5830 partim
2243 5772 2314 5811 ex
2342 5752 2798 5826 Theophylacto,
2828 5767 2888 5824 p.
2919 5753 3024 5808 606
3058 5753 3123 5807 Β.
