4156 6386
510 359 648 414 1187

1867 353 2217 413 EUTHYMII
2267 355 2606 415 ZIGABENI

3761 361 3907 418 “88

505 484 832 555 discipulos
863 487 1264 558 exspectabat,
1307 486 1408 559 qui
1442 485 1712 542 abierant
1741 487 1799 538 ut
1820 483 1985 539 cibos
2017 498 2168 539 eme-

2289 502 2374 534 ται
2433 492 2530 534 τῶν
2586 482 2917 555 ἀνθρωπίνων
2979 485 3270 557 σωμάτων·
3303 484 3416 558 ἅμα
3480 483 3539 538 δὲ
3604 492 3693 538 καὶ
3781 491 3908 549 τοὺς

503 581 651 631 rent.
687 575 830 630 Vide
874 581 1074 632 autem
1114 577 1499 646 evangelista
1532 574 1899 645 diligentiam
1942 587 2177 644 :neque

505 667 667 720 enim
713 666 860 721 dixit
921 682 933 721 :
979 667 1133 721 Hora
1182 671 1307 722 erat
1355 671 1535 730 sexta,
1598 664 1700 718 sed
1743 665 1929 736 ferme
1980 669 2174 726 sexta,

507 754 762 809 istruens
778 771 903 820 nos,
927 771 999 810 ne
1037 756 1215 811 etiam
1241 754 1493 810 minima
1516 753 2050 826 parvipendamus,
2071 751 2178 807 sed

505 845 566 899 in
590 844 684 900 his
705 861 832 916 quae
858 861 984 900 sese
1017 845 1270 900 offerunt
1306 846 1608 900 veritatem
1640 849 1958 899 sectemur.
1987 841 2176 914 Siqui-

505 933 644 988 dem
677 951 751 988 ne
778 933 1140 990 afﬁrmando
1172 939 1413 1002 erraret,
1461 933 1771 989 dictionem
1809 938 2087 997 correxit,
2118 933 2176 985 et

505 1023 984 1094 coniecturaliter
1013 1024 1245 1079 loculus
1277 1027 1382 1078 est.

576 1204 731 1257 Vers.
763 1209 816 1257 7.
871 1203 1035 1259 Venit
1066 1234 1132 1242 —
1179 1218 1404 1274 aquam.
1446 1201 1586 1256 Inde
1629 1201 1787 1256 enim
1819 1200 2172 1254 hauriebant

501 1308 726 1365 aquam
748 1309 814 1348 ac
841 1293 1148 1359 bibebant,
1173 1293 1276 1364 qui
1305 1292 1526 1347 dictam
1552 1292 1848 1346 civitatem
1873 1289 2168 1345 inhabita-

500 1380 666 1446 bant,
709 1397 777 1436 eo
818 1381 982 1454 quod
1016 1382 1191 1454 pauci
1217 1383 1387 1450 juxta
1419 1382 1616 1436 locum
1648 1385 1842 1435 essent
1877 1380 2054 1448 putei.

572 1473 799 1526 Vers.7.
824 1471 1056 1526 Dicit—
1088 1470 1376 1526 utbibam.
1403 1469 1919 1535 Quemadmodum
1950 1469 2005 1523 in
2029 1469 2166 1535 ﬁcu,

500 1576 627 1630 qua:
641 1561 871 1615 exaruit
889 1564 955 1624 ⁸³,
975 1560 1119 1615 ficus
1135 1561 1472 1632 requirebat
1491 1576 1607 1614 non
1625 1566 1861 1630 propter
1887 1561 2166 1624 esuriem,

501 1648 606 1704 sed
647 1649 1082 1719 dispensatorie
1124 1665 1326 1718 agens.
1387 1655 1447 1703 ut.
1475 1656 1720 1720 accepta
1745 1647 2067 1704 occasione
2093 1647 2168 1703 ad

502 1739 854 1795 miraculum
885 1740 1206 1809 perveniret
1237 1755 1247 1793 :
1282 1739 1361 1794 ita
1381 1744 1436 1794 et
1458 1754 1618 1792 nunc
1651 1737 1724 1792 de
1755 1737 1926 1792 fonte
1946 1753 2167 1810 aquam

3406 573 3600 649 ἀγορὰν
3676 587 3901 650 τροφῶν.

3686 666 3744 718 ού
3796 670 3903 740 γὰρ

2287 742 2440 819 εἶπεν,
2469 751 2606 826 Ὠρα
2635 749 2695 810 ἦν
2722 753 2866 817 ἕκτη,
2917 752 3025 804 αλλ’
3079 756 3206 807 ὡσεὶ
3257 755 3379 814 ἕκτη
3408 775 3420 787 ·
3455 752 3718 809 παιδεύων
3759 759 3905 828 ἡμᾶς

2287 575 2523 643 μαθητὰς
2577 571 2806 645 ἀνέμενεν
2855 571 3168 636 ἀπελθόντας
3250 575 3316 636 εἰς

2285 661 2422 735 "Ope:
2488 659 2546 714 δε
2599 669 2688 714 τοῦ
2754 663 3120 734 εὐαγγελιστοῦ
3179 669 3273 723 τὴν
3328 663 3594 738 ἀκρίϐειαν
3629 683 3642 696 ⁸

2284 840 2415 913 μηδ’
2449 840 2531 894 ἐπὶ
2572 849 2684 903 τοῖς
2714 841 3022 914 ἐλαχίστοις
3059 839 3386 918 ἁδιαφορεῐν,
3424 843 3549 896 αλλά
3581 850 3668 897 καὶ
3706 845 3754 897 ἐν
3787 854 3903 908 τοίς

2283 939 2540 1002 τυχοῦσιν
2566 929 2893 990 ἐπιτηδεύειν
2925 931 3187 992 ἀλήθειαν.
3220 933 3332 987 Ἵνα
3375 938 3474 1008 γὰρ
3509 940 3580 1008 μὴ
3619 934 3904 1008 ἀποφάινά-

2282 1039 2425 1091 μενος
2454 1024 2580 1082 ῗσως
2603 1019 2875 1095 ἀποτύχῃ,
2910 1021 3122 1076 ἐκόλασε
3160 1028 3253 1082 τὴν
3282 1023 3436 1092 λέξιν,
3477 1029 3567 1076 καὶ
3603 1045 3898 1096 στοχαστι·

2281 1118 2380 1169 κῶς
2406 1110 2584 1172 ὓιεξεν.

2353 1199 2608 1272 Ἔρχεται
2638 1233 2706 1241 -
2749 1197 2916 1274 ὕδωρ.
2973 1203 3196 1255 Ἐκεῖθεν
3234 1206 3336 1279 γὰρ
3371 1205 3418 1256 οἱ
3469 1211 3562 1266 τῆς
3620 1203 3898 1279 εἰρημένης

2281 1290 2474 1351 πόλεως
2504 1286 2804 1364 ὑδρεύοντο,
2861 1287 2955 1343 διὰ
3002 1295 3061 1344 τὸ
3110 1297 3181 1364 μὴ
3217 1295 3394 1364 συχνὰ
3425 1298 3619 1366 φρέατα
3661 1299 3776 1367 περὶ
3807 1298 3898 1346 τὸν

2327 1384 2332 1388 -
2496 1376 2516 1393 τ

2279 1398 2436 1430 τοπον
2471 1399 2617 1434 ειναι.

2353 1473 2505 1540 Λέγει
2557 1501 2620 1509 —
2666 1477 2819 1522 πιεῖν.
2864 1469 3068 1545 ³Ὠσπερ
3117 1470 3203 1524 ἐπὶ
3253 1480 3346 1533 τῆς
3401 1471 3744 1545 ξηρανθείσης
3804 1491 3898 1524 συν

2279 1568 2378 1620 κῆς
2437 1559 2496 1610 ού
2558 1567 2742 1611 πεινῶν
2803 1559 2978 1620 ἐζήτει
3039 1569 3196 1629 σῦκα,
3267 1560 3374 1613 ἀλλ’
3442 1562 3743 1634 οἰκονομῶν,
3814 1563 3902 1614 ἶνα

2280 1649 2582 1723 εύαφόρμως
2629 1647 2710 1700 ἐπὶ
2763 1653 2856 1708 τήν
2915 1651 3336 1726 θαυματουργίαν
3391 1651 3507 1725 ὓιθη
3546 1671 3560 1684 ⁸
3615 1651 3751 1704 οὕτω
3806 1657 3903 1705 καὶ

2278 1759 2365 1789 νυν
2397 1737 2478 1790 ἐπὶ
2522 1747 2614 1800 τῆς
2643 1747 2819 1810 πηγῆς
2852 1738 2909 1790 ού
2963 1735 3134 1810 διψῶν
3180 1739 3348 1801 ἐζήτει
3397 1738 3563 1815 ὕδωρ,
3611 1740 3719 1793 ἀλλ’
3758 1741 3900 1793 οἰκο-

499 1829 778 1902 postulat,
823 1843 941 1883 non
974 1828 1098 1883 sitis
1139 1845 1344 1897 causa,
1380 1828 1485 1882 sed
1543 1827 1998 1898 dispensatorie,
2042 1843 2163 1900 quo

2279 1836 2464 1899 νομῶν,
2509 1828 2590 1878 ἵνα
2629 1827 2932 1901 εύαφορμως
2967 1837 3026 1901 τῇ
3079 1835 3292 1900 γυναικὶ
3339 1827 3620 1903 διαλεχθῇ.
3677 1835 3899 1904 Προεγί-

498 1925 708 1974 nactus
773 1918 1152 1973 occasionem
1205 1933 1341 1973 cum
1386 1917 1629 1972 muliere
1687 1917 2165 1989 colloqueretur;

498 2006 1032 2080 praesciebatenim
1067 2007 1255 2077 ipsam
1311 2005 1674 2061 credituram
1722 2005 2170 2078 multorumque

498 2097 633 2151 ﬁdei
665 2112 912 2152 causam
942 2094 1200 2151 futuram
1236 2116 1247 2148 :
1284 2095 1534 2168 ideoque
1553 2102 1757 2150 exorta
1772 2094 2168 2152 collocutione

500 2202 726 2259 aquam
756 2185 1024 2257 reliquit.

569 2278 735 2331 Vers.
769 2276 822 2328 8.
858 2274 1144 2344 Discipuli
1166 2305 1232 2315 —
1265 2277 1326 2328 ut
1354 2281 1622 2331 emerent.
1657 2272 1962 2345 Siquidem
1993 2274 2169 2330 viati-

498 2381 635 2421 cum
685 2379 806 2420 non
863 2363 1252 2430 contulerant,
1303 2362 1490 2419 edocti
1531 2369 1800 2418 ventrem
1833 2363 2163 2433 despicere,

496 2471 607 2511 nec
674 2455 888 2510 anxius
940 2454 1122 2525 ipsius
1175 2468 1377 2522 gerere
1431 2452 1810 2524 obsequium,
1855 2453 1958 2506 sed
2029 2457 2172 2507 tunc

501 2545 697 2601 solum
737 2546 924 2615 ipsius
964 2543 1186 2599 habere
1216 2559 1444 2610 curam,
1491 2559 1629 2598 cum
1689 2542 1765 2598 ad
1797 2541 1913 2597 hoc
1957 2547 2171 2599 natura

506 2638 764 2704 cogeret.

583 2726 696 2779 Cur
709 2727 910 2777 autem
941 2727 1079 2776 tunc
1095 2722 1451 2776 miraculum
1475 2727 1744 2792 operatus
1765 2737 1884 2775 non
1909 2726 1994 2776 est
2017 2721 2174 2777 circa

509 2813 673 2868 cibos
705 2811 1133 2883 discipulorum
1155 2811 1182 2864 ‘3
1214 2811 1381 2877 Quia,
1409 2811 1452 2865 si
1483 2810 1686 2866 omnia
1714 2817 1999 2883 tanquam
2017 2812 2173 2865 Deus

509 2901 857 2959 mirabiliter
877 2907 1159 2972 operatus
1185 2900 1408 2964 fuisset,
1432 2916 1818 2972 nequaquam
1835 2901 2019 2955 homo
2043 2917 2171 2955 esse

507 2993 763 3049 creditus
782 2992 980 3047 fuisset
1003 3005 1015 3054 ;
1036 2991 1552 3062 quemadmodum
1574 3006 1602 3044 e
1621 2990 1872 3053 diverso,
1894 2989 1940 3044 si
1962 2990 2170 3046 omnia

507 3089 784 3155 tanquam
815 3081 997 3136 homo
1030 3078 1279 3143 fecisset,
1309 3083 1490 3135 Deum
1511 3096 1637 3135 esse
1662 3079 1824 3134 nullo
1855 3079 2035 3134 modo
2051 3094 2171 3133 cre-

507 3173 812 3229 didissent.
875 3171 1030 3262 Ideoy
1078 3170 1446 3242 quandoque
1515 3175 1574 3225 ut
1628 3170 1810 3225 homo
1863 3175 2166 3241 operatur,
2203 3205 2244 3262 Ο

507 3263 848 3328 ostendens,
872 3260 1037 3334 quod
1083 3261 1262 3316 homo
1317 3260 1390 3315 sit
1439 3276 1451 3325 ;
1485 3259 1779 3314 interdum
1803 3275 1961 3329 vero,
1994 3260 2168 3332 quasi

508 3356 660 3410 Deus
692 3351 988 3408 mirabilia
1027 3355 1327 3423 operatur.

579 3443 750 3500 Solus
784 3446 981 3497 autem
1017 3440 1262 3495 sedebat
1290 3439 1450 3495 circa
1490 3439 1824 3502 fontem,ex
1854 3439 1967 3494 hoc
1989 3439 2167 3494 etiam

505 3533 850 3597 ostendens,
881 3531 1045 3604 quod
1085 3535 1240 3584 esset
1271 3545 1306 3584 a
1336 3529 1492 3584 fastu
1523 3528 1773 3583 alienus.

579 3625 737 3677 Vers.
771 3623 824 3676 9.
862 3620 1005 3675 Dicit
1039 3649 1098 3659 -
1128 3618 1534 3675 Samaritanis.
1579 3621 1704 3673 Non
1738 3619 2168 3675 commercium

504 3710 748 3775 habent,
770 3710 892 3764 sive
923 3725 1042 3764 non
1056 3709 1530 3772 communicant,
1547 3709 1710 3779 ipsos
1724 3707 2163 3775 abominantes,

505 3806 793 3872 tanquam
837 3799 1032 3855 solum
1075 3799 1133 3854 in
1167 3803 1330 3870 parte
1355 3797 1758 3870 judaizantcs.

579 3889 690 3945 Sed
723 3888 1170 3944 undeludaeum
1193 3904 1323 3943 esse
1356 3888 1635 3958 cognovit
1664 3888 1692 3944 ?
1719 3887 1804 3943 Ab
1828 3888 2033 3943 habitu
2065 3892 2168 3944 aut

503 3979 685 4036 etiam
740 3995 775 4034 a
820 3977 1073 4050 loquela.
1117 3981 1263 4034 Nam
1296 3976 1560 4033 Christus
1600 3976 1849 4049 quidem
1878 3984 2166 4050 tanquam

502 4086 624 4126 non
650 4069 965 4139 vulgariter
989 4067 1251 4132 Judaeus,
1289 4066 1584 4122 sedetiam
1616 4069 1790 4131 Deus,
1822 4073 2168 4138 contempta

503 4157 853 4232 hujusmodi
886 4158 1284 4221 observantia,
1315 4157 1590 4228 captabat
1626 4172 1742 4211 non
1769 4157 2168 4212 Samaritano-

501 4267 636 4307 rum
671 4253 898 4306 tantum
941 4245 1548 4316 familiaritatem,sed
1575 4252 1629 4302 et
1660 4253 2010 4302 cunctarum
2042 4245 2167 4300 ubi-

501 4355 617 4414 que
647 4339 936 4412 gentium.
1003 4336 1378 4395 Samaritana
1426 4352 1569 4391 vero
1631 4335 1978 4392 existimans
2027 4351 2166 4391 eum

504 4445 771 4503 peccare,
804 4427 1178 4499 corripientis
1231 4442 1396 4482 more
1428 4425 1506 4482 ad
1538 4425 1892 4481 memoriam
1936 4424 2168 4480 reducit

499 4519 997 4576 observationem.

517 4595 520 4598 ί
571 4608 732 4664 Vers.
773 4611 853 4663 to.
891 4605 1197 4678 Respondit
1231 4637 1295 4646 -
1329 4607 1544 4662 vivam.
1567 4605 1723 4663 Hinc
1756 4605 1934 4677 plane
1977 4603 2168 4660 mani-

502 4697 715 4753 festum
749 4701 831 4751 est
858 4694 1021 4768 quod
1053 4695 1207 4750 sitim
1251 4694 1638 4765 simulaverit,
1676 4698 1740 4749 ut
1767 4697 1844 4748 ad
1874 4709 1938 4750 se
1965 4709 2166 4749 erran-

501 4795 618 4845 tem
674 4788 1013 4852 attraheret,
1072 4803 1139 4841 ac
1178 4786 1495 4841 locutionis
1532 4784 1641 4840 reti
1710 4789 2048 4840 venaretur.
2086 4785 2168 4841 Si-

501 4879 683 4935 tiebat
739 4881 915 4942 certe,
960 4876 1068 4932 sed
1099 4877 1422 4932 errantium
1470 4875 1940 4940 conversionem,
1983 4890 2165 4946 quam

499 4967 677 5024 etiam
720 4969 775 5024 in
838 4983 1124 5040 processu
1190 4982 1368 5020 suum
1423 4970 1599 5020 vocat
1638 4963 1863 5030 cibum,
1906 4965 2159 5020 dicens:

498 5059 664 5115 Meus
683 5058 833 5113 cibus
861 5068 963 5121 est,
990 5063 1049 5110 ut
1074 5055 1301 5124 faciam
1326 5055 1689 5109 voluntatem
1714 5055 1860 5122 ejus,
1885 5055 1990 5124 qui
2005 5053 2163 5109 misit

497 5166 584 5204 me
611 5150 659 5183 6⁸
693 5167 706 5216 ;
741 5163 902 5202 nunc
943 5162 1082 5201 vero
1123 5144 1205 5200 ait
1234 5160 1244 5197 :
1288 5143 1348 5196 Si
1372 5143 1550 5199 scires
1582 5143 1799 5197 donum
1830 5143 1953 5208 Dei,
1989 5143 2037 5198 si
2067 5159 2162 5198 co-

496 5233 1144 5309 gnosceres,quidnam
1175 5233 1265 5300 sit,
1299 5231 1464 5304 quod
1498 5231 1683 5288 donat
1705 5233 1879 5287 Deus.
1918 5231 2160 5288 Dicebat

569 5417 615 5452 ⁸³
643 5415 844 5474 Matth.
874 5431 992 5482 xxi,
1033 5413 1101 5470 18
1135 5429 1149 5484 ;
1182 5413 1435 5480 Maron,
1467 5412 1554 5466 12.
1631 5411 1680 5447 οι
1708 5412 1880 5469 Joan.
1922 5426 1999 5477 ιν,
2032 5413 2120 5477 34,

2278 1936 2443 1969 νωσκε
2468 1919 2568 1990 γὰρ
2603 1917 2764 1975 αὐτὴν
2787 1920 3178 1970 πιστεύσουσαν
3209 1925 3298 1972 καὶ
3335 1920 3543 1981 πολλοῖς
3572 1920 3744 1972 αἰτίαν
3774 1924 3902 1972 πίσ-

2279 2024 2408 2067 τεως
2445 2011 2794 2078 γενησομένην
2829 2025 2841 2038 ο
2879 2005 2964 2060 διὸ
2996 2012 3106 2075 καὶ,
3154 2017 3249 2071 τῆς
3290 2006 3566 2073 διαλέξεως
3609 2009 3893 2081 ἁψάμενος,

2280 2097 2446 2166 ἀφῆκε
2485 2099 2542 2147 τὸ
2579 2097 2688 2168 (58)
2719 2093 2884 2170 ὕδωρ.

2353 2277 2418 2327 Οἱ
2443 2278 2543 2348 γὰρ
2575 2277 2810 2348 μαθηταὶ
2839 2308 2906 2316 -
2933 2275 3286 2351 ἀγοράσωσιν.
3317 2278 3430 2331 Ούκ
3450 2278 3746 2352 ἐπεφέροντο
3770 2278 3895 2350 (59)

2278 2367 2379 2439 γὰρ
2415 2361 2618 2436 ἐφόδια,
2654 2362 3017 2429 παιδευθέντες
3048 2376 3384 2440 καταφρονεῖν
3414 2373 3663 2442 γαστρὸς,
3698 2373 3788 2421 καὶ
3817 2371 3892 2440 μή

2281 2451 2742 2526 περισπούδαστον
2769 2457 3016 2527 ἡγεῖσθαι
3062 2462 3148 2516 τὴν
3180 2457 3506 2531 λειτούργίαν
3539 2458 3722 2524 αὐτῆς,
3765 2457 3900 2509 ἀλλὰ

2283 2549 2396 2596 τότε
2425 2549 2577 2616 μόνον
2619 2543 3020 2620 ἐπιστρέφεσθαι
3050 2551 3265 2614 ταύτης,
3296 2549 3381 2601 ὅτε
3425 2547 3605 2600 λοιπὸν
3652 2550 3682 2606 ἡ
3736 2551 3898 2620 φύσις

2283 2633 2497 2706 ἐπείγοι.

2356 2731 2471 2786 Πῶς
2543 2722 2630 2776 οὖν
2707 2725 2800 2777 ούκ
2883 2726 3352 2800 ἐθαυματούργησε
3421 2732 3510 2780 καὶ
3589 2733 3701 2781 τότε
3776 2733 3900 2804 περὶ

2283 2815 2370 2873 τὰς
2412 2816 2599 2886 τροφὰς
2651 2823 2751 2866 τῶν
2791 2817 3077 2887 μαθητῶν;
3113 2823 3254 2870 Διὸτι
3298 2817 3382 2869 ἐὰν
3436 2819 3608 2870 πάντα
3653 2821 3717 2878 ως
3765 2821 3901 2880 Θεὸς

2283 2901 2660 2977 ἐτερατούργει,
2743 2905 3014 2964 ἠπιστήθη
3094 2905 3153 2958 ἂν
3230 2909 3309 2960 ὃτι
3390 2908 3655 2980 ἄνθρωπὸς
3731 2906 3897 2977 ἐστιν,

2282 2994 2454 3064 ὥσπερ
2528 2993 2679 3045 πάλιν
2746 2993 2830 3046 ἐὰν
2903 2998 3072 3048 πάντα
3158 2998 3225 3057 ὡς
3291 2999 3563 3072 ἄνθρωπος
3629 2999 3893 3069 ἔπραττεν,

2281 3082 2589 3140 ἠπιστήσθη
2619 3080 2677 3133 ἂν
2711 3084 2788 3135 ὅτι
2825 3089 2950 3146 Θεὸς
2993 3083 3128 3138 ἐστι.
3175 3087 3270 3138 Διὰ
3316 3095 3468 3140 τοῦτο
3523 3090 3647 3140 ποτε
3691 3089 3779 3159 μὲν
3829 3089 3898 3147 ὡς

2943 3173 3166 3247 βεϐαιῶν
3258 3179 3338 3229 ὃτι
3413 3178 3679 3251 ἄνθρωπός
3754 3175 3891 3228 ἔστι·

2283 3265 2400 3313 ποτε
2449 3258 2507 3314 δι
2546 3267 2609 3322 ὡς
2658 3266 2788 3325 Θεὸς
2839 3273 3190 3338 τερατουργεῖ,
3242 3269 3581 3339 πιστούμενος
3634 3268 3713 3319 ὅτι
3764 3271 3895 3328 Θεὸς

2281 3173 2548 3243 ἄνθρωπος
2626 3177 2863 3245 πράττει,

2281 3370 2409 3403 εστι.

2351 3445 2512 3502 Μόνος
2545 3439 2603 3494 δε
2633 3441 2899 3503 ἐκαθέζετο
2929 3446 3074 3519 παρὰ
3113 3453 3174 3518 τῇ
3219 3453 3364 3517 πηγῇ
3408 3441 3673 3498 παιδεύων
3709 3448 3798 3497 καὶ
3837 3443 3893 3497 ἐκ

2280 3532 2465 3582 τούτου
2492 3535 2549 3583 τὸ
2581 3533 2792 3604 ἄτυφον.

2357 3623 2504 3691 Λέγει
2551 3652 2618 3660 —
2664 3627 3022 3696 Σαμαρείταις.
3073 3623 3148 3675 Ou’
3202 3633 3568 3699 συγχρῶνται,
3620 3627 3781 3697 ἤγουν
3832 3625 3892 3677 οὐ

2279 3717 2605 3779 κοινωνοῦσι,
2679 3708 3078 3784 βδελυττόμενοι
3140 3716 3354 3776 τούτους
3407 3717 3472 3774 ὡς
3535 3713 3588 3776 ἐξ
3643 3716 3896 3787 ἡμισείας

2283 3795 2674 3862 ἰουδαίζοντας.

2351 3888 2504 3940 Ἀλλὰ
2587 3891 2738 3942 πόθεν
2823 3894 2950 3963 ἕγνδ
3039 3893 3120 3944 ὅτι
3195 3889 3456 3955 Ἰουδαῖός
3542 3891 3892 3960 ἔστιν;Ἀπὸ

2277 3985 2367 4030 τοῦ
2431 3984 2732 4051 σχήματος,
2787 3983 2817 4039 ἧ
2897 3985 2986 4034 καὶ
3035 3980 3134 4033 ἀπὸ
3185 3991 3275 4043 τῆς
3343 3979 3635 4044 διαλέξεως.
3690 3981 3748 4033 Ὀ

2280 4065 2366 4119 οὖν
2404 4073 2650 4140 Χριστὸς,
2680 4070 2762 4121 οἶα
2790 4074 2860 4142 μή
2914 4070 3084 4132 οἷπλώς
3127 4068 3402 4138 Ἰουδαῖος,
3447 4070 3574 4123 ἀλλὰ
3602 4078 3691 4123 καὶ
3735 4075 3890 4138 Θεὸς,

2279 4155 2496 4233 παρεῖδε
2512 4163 2606 4218 τὴν
2626 4163 2870 4218 τοιαύτην
2889 4166 3281 4236 παρατήρησιν,
3305 4165 3774 4237 προοιμιαζόμενος
3799 4167 3892 4221 τὴν

2279 4249 2555 4314 οἰκείωσιν,
2609 4249 2668 4302 ού
2715 4254 2868 4323 μόνον
2923 4260 3023 4304 τῶν
3073 4259 3422 4327 Σαμαρειτῶν,
3477 4250 3605 4304 ἆ)λὰ
3657 4257 3747 4304 καὶ
3787 4261 3890 4304 τῶν

2280 4337 2590 4410 ἁπανταχοῦ
2614 4347 2716 4411 γῆς
2741 4338 2912 4395 ἐθνῶν.
2945 4340 3003 4393 Ἠ
3042 4337 3076 4393 δ
3080 4345 3101 4394 ι
3131 4349 3460 4414 Σαμαρεῖτις,
3482 4341 3686 4415 οἰομένη
3707 4349 3893 4395 τοῦτον

2279 4427 2611 4501 ἁμαρτάνειν,
2656 4425 2964 4504 διορθοῦται
3021 4426 3178 4490 δῆθεν
3231 4432 3712 4504 ὑπομιμνήσκουσα
3768 4436 3892 4506 περὶ

2276 4525 2336 4577 τῆ
2350 4537 2372 4580 ς
2399 4523 2676 4592 παρατηρή
2688 4538 2836 4581 σεως.

2349 4607 2631 4682 Ἀπεκρίθη
2707 4641 2778 4650 —-
2849 4609 2977 4670 ζῶν.

2277 4699 2340 4758 ὡς
2383 4698 2636 4773 ύπεκρίθη
2682 4704 2797 4751 τότε
2835 4703 2929 4756 τήν
2989 4696 3172 4770 δίψαν,
3217 4702 3299 4752 ἱνα
3351 4699 3502 4773 ἐγγύς
3562 4699 3731 4772 ἀγάγῃ
3790 4706 3886 4759 τήν

3059 4611 3318 4663 Ἐντεῦθεν
3375 4611 3607 4684 μάλιστα
3673 4616 3888 4684 φανερὸν

2274 4785 2625 4859 πλανωμένην,
2659 4793 2748 4840 καὶ
2799 4790 3025 4862 θηρεύση
3073 4797 3144 4859 τῷ
3178 4786 3377 4862 δικτύῳ
3438 4798 3534 4850 τῆς
3587 4787 3876 4851 διαλέξεως.

2275 4872 2472 4948 Ἐδίψα
2554 4879 2642 4949 μὲν
2728 4879 2850 4951 γὰρ,
2922 4877 3050 4930 ἀλλὰ
3141 4883 3228 4937 τήν
3308 4887 3409 4930 τῶν
3485 4879 3878 4949 πεπλανημένων

2273 4963 2590 5039 ἐπιστροφήν
2623 4985 2636 4999 ³
2686 4966 2794 5020 ἐπεὶ
2844 4972 2935 5020 καὶ
2981 4972 3197 5041 προῖὼν,
3248 4964 3388 5020 ἴδιον
3437 4967 3631 5041 βρῶμα
3684 4970 3882 5027 ταύτην

2272 5054 2438 5124 καλεῖ,
2493 5054 2654 5128 λέγων
2693 5074 2706 5090 ·
2760 5057 2914 5130 Ἐμὸν
2974 5055 3167 5130 βρῶμά
3244 5056 3404 5125 ἐστιν,
3475 5059 3559 5111 ἱνα
3625 5066 3759 5110 ποιῶ
3823 5061 3884 5111 τὸ

2276 5141 2473 5215 θέλημα
2544 5151 2636 5196 τοῦ
2688 5143 2986 5217 πέμψαντός
3069 5164 3150 5217 με.
3244 5152 3353 5199 Νῦν
3438 5141 3499 5198 δέ
3564 5160 3748 5218 φησιν’
3824 5146 3886 5200 Εἰ

2272 5228 2422 5306 ᾔδεις
2495 5236 2590 5294 τὴν
2657 5230 2856 5309 δωρεὰν
2907 5241 3001 5289 τοῦ
3055 5242 3208 5289 Θεοῦ·
3283 5235 3328 5288 εἰ
3390 5234 3663 5308 ἐγίνωσκες
3726 5237 3889 5293 ὁποῖα

1706 5619 1931 5688 Variae
1981 5619 2318 5688 lectiones
2363 5627 2429 5686 et
2469 5629 2672 5700 notae.

569 5815 684 5888 (58)
723 5821 965 5869 Τοιοῦτον
996 5816 1317 5889 interponit
1346 5822 1410 5873 A.

2343 5817 2459 5894 (59)
2495 5817 2796 5894 Ἐπεφέρετο
2820 5817 2888 5874 Α.
