4156 6388
256 379 401 440 1189

256 507 506 585 δωρεῖται
584 511 609 560 ὁ
679 512 821 570 Θεός.

255 603 392 653 κατὰ
455 602 641 674 μικρὸν
709 598 888 651 ἑαυτὸν
956 595 1334 649 ἀποκαλύπτων
1391 598 1547 668 αὐτῇ,
1617 599 1680 655 ὡς
1745 595 1864 667 ἀξία

254 692 508 751 τοιαύτης
585 684 957 754 διδασκαλίας,
1032 683 1126 738 διὰ
1209 688 1263 738 τὸ
1339 688 1467 758 πρὸς
1545 684 1863 759 ἐπιστροφὴν

257 774 556 837 ἐπιτήδειον
588 777 719 836 αὐτῆ
731 798 770 840 ς.

327 865 503 941 ’Ύδωρ
536 865 595 920 δε
632 868 734 928 ζῶν
791 867 1029 938 ὠνόμασε
1076 869 1134 916 τό
1186 870 1326 936 νᾶμα
1375 874 1470 926 τῆς
1510 860 1864 924 διδασκαλίας

261 957 457 1009 αὐτοῦ·
505 953 649 1029 ὕδωρ
707 959 818 1028 μεν,
874 958 954 1008 ὅτι
1011 951 1167 1012 δίκην
1237 950 1428 1014 ὕδατος
1479 955 1721 1025 καθαίρει
1777 955 1864 1004 τόν

259 1047 424 1121 ῥύπον
477 1054 572 1108 τῆς
626 1045 905 1120 ἁμαρτίας,
980 1049 1070 1096 καὶ
1118 1042 1347 1095 σϐεννύει
1397 1048 1492 1100 τὴν
1549 1042 1713 1114 φλόγα
1765 1051 1863 1094 τῶν

259 1137 461 1201 παθῶν,
493 1141 582 1188 καὶ
615 1137 879 1208 θεραπεύει
913 1138 1006 1192 τὴν
1055 1142 1152 1195 τῆς
1192 1132 1436 1192 ἀπιστίας
1469 1131 1731 1206 ξηρότητα
1774 1137 1862 1184 καὶ

260 1225 523 1299 ἀκαρπίαν
548 1240 561 1254 ⁸
595 1229 695 1287 ζῶν
726 1221 804 1290 δὲ,
831 1226 895 1284 ὡς
928 1223 1130 1276 αένναον
1156 1227 1243 1274 καὶ
1275 1221 1583 1279 ἀεικίνητον.
1617 1226 1730 1279 Ζωὴ
1761 1224 1860 1294 γὰρ

258 1313 454 1377 ὕδατος
484 1318 540 1367 τό
569 1315 706 1366 νάειν
744 1318 834 1365 καὶ
867 1313 1146 1364 κινεῖσθαι.

331 1409 468 1462 Φησὶ
513 1400 628 1456 δεὸ
687 1404 800 1474 (60)
836 1407 1214 1476 Χρυσόστομος
1272 1397 1415 1473 ὕδωρ
1474 1405 1572 1464 ζών
1630 1402 1863 1452 νοεῖσθαι

256 1499 352 1552 τὴν
392 1495 552 1566 χάριν
595 1499 685 1545 τοῦ
731 1493 871 1544 θείου
907 1493 1218 1563 Πνεύματος.
1267 1497 1431 1542 Τοῦτο
1465 1493 1566 1564 γὰρ
1606 1486 1862 1563 διαφόρως

257 1583 628 1656 ὀνομάζεσθαι,
679 1585 808 1656 πρὸς
873 1583 962 1641 τὰς
1021 1577 1303 1655 διαφόρους
1367 1583 1620 1652 ἐνεργείας
1679 1579 1860 1642 αὑτοῦ,

255 1682 345 1726 νῦν
385 1668 667 1746 μὲνῦδωρ,
718 1671 898 1722 ἄλλοτε
934 1667 993 1722 δὲ
1045 1678 1180 1743 πῦρ·
1231 1666 1508 1742 ἀλλ’ὖδωρ
1563 1672 1673 1741 μὲν,
1725 1665 1863 1720 διότι

257 1765 492 1836 καθάπερ
553 1765 612 1813 τό
669 1757 814 1835 ὕδωρ
869 1759 922 1822 ἐξ
974 1759 1195 1834 οὐρανοῦ
1250 1762 1427 1810 κατιόν
1479 1757 1722 1818 ζωοποιεῖ
1774 1761 1864 1807 καὶ

1292 377 1672 437 COMMENT.
1719 379 1789 434 IN
1827 377 2179 435 JOANNEM.
2223 408 2283 419 —
2330 377 2492 435 CAP.
2541 379 2637 437 1V.

902 507 1051 577 Ελεγε
1103 503 1162 558 δε
1232 513 1380 558 τοῦτο
1455 511 1573 580 περὶ
1654 505 1859 573 ἑαυτοῦ,

1987 509 2176 560 autem
2202 505 2316 560 hoc
2347 507 2417 559 de
2453 504 2672 576 seipso,
2707 504 3001 576 paulatim
3031 520 3093 561 se
3118 504 3197 560 illi
3226 505 3637 573 manifestans,

3503 381 3646 437 H90

1976 599 2039 649 ut
2077 611 2211 666 quae
2240 595 2338 650 tali
2365 594 2637 652 doctrina
2675 594 2861 666 digna
2891 600 3068 663 esset,
3103 611 3173 652 eo
3203 596 3372 669 quod
3401 597 3476 654 ad
3501 613 3641 654 con-

1977 683 2310 741 versionem
2354 689 2499 755 apta
2536 689 2710 740 esset.

2046 869 2279 934 Aquam
2338 863 2536 918 vivam
2581 868 2802 930 autem,
2859 864 3182 936 appellavit
3211 865 3492 924 doctrinae
3517 883 3640 923 suas

1973 949 2200 1007 ﬂuenta
2233 967 2246 1017 ;
2280 968 2499 1024 aquam
2521 953 2787 1025 quidem,
2815 953 3027 1024 quiain
3047 953 3297 1010 modum
3323 971 3498 1028 aquae
3513 972 3642 1012 sor-

1975 1041 2081 1095 des
2132 1040 2330 1107 abluit,
2363 1043 2762 1116 ﬂammasque
2788 1043 3170 1100 affectionum
3201 1045 3549 1116 exstinguit,
3583 1050 3640 1103 et

1974 1131 2404 1186 incredulitatis
2420 1132 2741 1189 siccitatem
2771 1149 2839 1188 ac
2871 1133 3408 1192 infructuositatem
3447 1142 3635 1194 curat.

1976 1219 2182 1276 Vivam
2210 1237 2368 1276 vero.
2402 1223 2575 1293 quasi
2620 1238 2946 1292 perennem
2991 1239 3351 1297 semperque
3387 1231 3634 1284 motam.

1972 1308 2157 1379 Aquae
2183 1310 2342 1366 enim
2387 1311 2507 1366 vita
2542 1310 2725 1366 fluere
2757 1318 2843 1365 est
2869 1328 2938 1366 ac
2974 1315 3218 1368 moveri.

2047 1399 2192 1454 Dicit
2239 1405 2441 1455 autem
2473 1400 2935 1472 Chrysostomus
2970 1417 3195 1473 aquam
3229 1402 3422 1459 vivam
3460 1404 3640 1460 divini

1975 1489 2225 1559 Spiritus
2289 1490 2543 1558 gratiam
2609 1512 2622 1542 τ
2669 1489 2965 1561 siquidem
3005 1491 3183 1546 variis
3237 1492 3434 1547 modis
3478 1493 3640 1550 hunc

1973 1577 2057 1632 ait
2085 1577 2394 1649 appellari,
2409 1578 2579 1648 juxta
2593 1578 2858 1633 diversas
2875 1578 3061 1650 ipsius
3075 1581 3641 1650 operationes,nunc

1973 1681 2218 1737 aquam,
2254 1681 2412 1720 nunc
2442 1667 2644 1735 ignem
2689 1684 2701 1732 ;
2746 1683 2968 1738 aquam
3000 1667 3270 1738 quidem,
3303 1669 3448 1741 quia
3488 1670 3641 1726 sicut

1974 1770 2132 1826 aqua
2153 1754 2225 1808 de
2257 1754 2406 1810 coelo
2433 1755 2802 1811 descendens
2825 1756 3006 1810 nutrit
3052 1772 3122 1812 ac
3156 1757 3426 1823 viviﬁcat,
3477 1774 3640 1814 cum-

256 1857 447 1926 τρὲφει,
495 1855 586 1903 καὶ
652 1846 916 1923 μονοειδὲς
985 1851 1037 1900 ὃν
1105 1848 1291 1924 ἐνεργεῖ
1344 1847 1700 1919 πολυτρόπως,
1753 1845 1863 1897 λευ-

1987 1859 2089 1915 que
2125 1842 2298 1898 unius
2337 1844 2408 1897 sit
2448 1843 2686 1914 speciei,
2722 1844 2883 1900 vario
2918 1845 3098 1900 modo
3137 1851 3420 1918 operatur
3448 1845 3638 1903 :deal-

258 1950 435 1994 καῖνον
474 1943 562 2013 μεν
606 1938 654 1992 ἐν
703 1944 880 2013 κρίνῳ,
933 1937 1166 2010 μελαῖνον
1224 1935 1282 1990 δὲ
1345 1936 1392 1989 ἐν
1443 1936 1555 2008 (61)
1607 1940 1858 2009 ναρκίσῳ,

259 2030 560 2105 ἕρυθραῖνον
615 2026 673 2082 δὲ
731 2027 778 2081 ἐν
829 2024 992 2103 ῥόδῳ,
1051 2027 1374 2101 πορφυρίζόν
1424 2022 1482 2078 δὲ
1537 2024 1584 2077 ἐν
1639 2028 1719 2096 ίῳ,
1774 2030 1864 2075 καὶ

257 2120 535 2194 γλυκαῖνον
583 2122 672 2192 μὲν
727 2116 811 2170 ἐπὶ
863 2125 958 2179 τῆς
1009 2125 1190 2182 συκῆς,
1223 2123 1492 2189 πικραῖνον
1525 2112 1583 2168 δὲ
1639 2113 1723 2167 ἐπὶ
1773 2123 1864 2176 τῆς

262 2210 525 2282 ἁψίνθου’
587 2209 722 2261 οὕτω
776 2211 866 2260 καὶ
922 2210 980 2259 τὸ
1059 2209 1190 2259 θεῖον
1256 2213 1482 2278 Πνεῦμα,
1546 2203 1598 2267 ἐξ
1645 2204 1863 2277 οὐρανοῦ

258 2302 440 2353 κατιὸν
474 2299 720 2360 ζωοποιεῖ
765 2301 856 2349 καὶ
883 2300 1054 2370 τρέφει
1081 2299 1176 2354 τὴν
1219 2295 1426 2367 ψυχὴν,
1455 2299 1545 2347 καὶ
1589 2293 1637 2345 ἓν
1685 2292 1758 2357 ὃν,
1793 2293 1864 2355 εἰς

260 2387 549 2464 διαφόρους
593 2387 842 2459 ἐνεργείας
875 2382 1071 2460 διαιρεῖ
1128 2389 1222 2443 τὴν
1253 2387 1414 2456 χάριν
1470 2389 1560 2435 καὶ
1589 2379 1811 2454 δύναμιν
1846 2397 1858 2411 ⁸

257 2488 363 2554 πῦρ
399 2475 457 2532 δί
485 2475 645 2548 διότι,
687 2478 921 2548 καθάπερ
969 2479 1026 2528 τὸ
1053 2482 1154 2548 πῦρ
1187 2471 1447 2546 μονοειδὲς
1502 2473 1555 2525 όν
1599 2469 1863 2547 διαφόρως

257 2568 467 2640 ἐνεργεῖ,
502 2569 792 2641 θερμαῖνον,
814 2566 1016 2638 φλέγον,
1041 2565 1286 2637 φωτίζον,
1310 2566 1559 2637 καθαῖρον
1585 2579 1597 2591 ·
1628 2563 1764 2614 οὕτω
1791 2559 1859 2620 δὴ

253 2663 347 2712 καὶ
378 2661 437 2710 τὸ
470 2659 601 2711 θεῖον
635 2663 862 2729 Πνεῦμα.

332 2753 488 2820 Λέγει
543 2778 606 2788 --
656 2747 794 2811 ζῶν;
849 2749 932 2803 Μὴ
990 2741 1278 2802 δυνηθεῖσα
1333 2751 1524 2801 νοῆσαι
1571 2745 1629 2794 τό
1686 2741 1860 2815 ῥηθὲν,

255 2841 594 2892 ὑπώπτευσεν
643 2838 725 2888 ὃτι
756 2831 901 2908 ὕδωρ
955 2835 1056 2894 ζῶν
1081 2833 1213 2905 λέγει
1248 2835 1306 2884 τό
1370 2831 1470 2884 ἀπὸ
1497 2838 1589 2884 τοῦ
1648 2834 1861 2904 φρέατος

257 2927 474 2999 ἐκείνου,
525 2930 594 2988 ὡς
645 2924 931 2986 ἁναϐλύςον
985 2929 1074 2976 καὶ
1123 2923 1414 2995 ἁλλόμενον,
1469 2926 1558 2972 καὶ
1611 2921 1864 2976 ὑπενόησε

257 3019 488 3095 ῥηθῆναι
551 3019 638 3070 τὸν
689 3015 862 3087 λόγον,
919 3017 990 3076 ὡς
1063 3012 1251 3066 ἐκείνου
1325 3009 1611 3084 δυναμένου
1679 3027 1866 3060 συντο-

261 3114 491 3183 μώτερον
540 3105 906 3178 ἀνιμήσασθαι
971 3100 1043 3156 δι’
1114 3098 1353 3175 ἀνδρείαν
1413 3102 1529 3170 (62)
1599 3103 1689 3150 καὶ
1752 3097 1864 3149 ἐπι-

261 3195 603 3257 τηδειότητα.

336 3290 474 3347 Τέως
527 3282 587 3338 δὲ
635 3287 812 3357 κύριον
887 3283 1042 3336 αὐτόν
1108 3285 1524 3357 προσηγόρευσε,

261 3379 426 3448 μέγαν
472 3373 601 3427 εἶναί
643 3394 779 3430 τινα.
828 3377 923 3427 Καὶ
973 3375 1075 3446 γὰρ
1125 3375 1368 3440 ἤκουσεν,
1431 3370 1540 3442 (63)
1610 3367 1669 3421 Εἰ
1722 3364 1868 3440 ᾕδεις

260 3467 336 3524 τίς
366 3461 562 3516 ἔστινό
615 3462 773 3535 λέγων
807 3467 911 3528 σοὶ,
973 3467 1061 3522 Δός
1118 3480 1208 3533 μοι
1269 3467 1419 3524 πιεῖν,
1480 3463 1568 3510 καὶ
1621 3460 1685 3510 τὰ
1715 3457 1863 3519 ἑξῆςο

259 3558 353 3606 καὶ
409 3553 600 3606 αὐτίκα
628 3558 900 3626 τετίμηκεν
948 3551 1101 3604 αὐτόν
1133 3558 1194 3623 τῇ
1234 3552 1450 3622 τοιαύτη
1510 3553 1868 3623 προσηγορίᾳ,

261 3647 356 3696 καὶ
394 3645 521 3716 μετὰ
547 3645 726 3706 πάσης
764 3641 1039 3703 ἐπιεικείας
1094 3644 1184 3692 καὶ
1241 3642 1306 3692 τὰ
1333 3638 1491 3692 λοιπά
1549 3635 1582 3690 δ
1590 3637 1864 3710 ιαλίγεται.

1601 3284 1869 3350 νομίσασα

260 3732 538 3807 Ἀντλημα
577 3729 636 3786 δε
667 3752 799 3806 φησι
829 3736 887 3784 τό
929 3730 1154 3803 ἀγγεῖον.

336 3828 422 3882 Μὴ
469 3854 538 3863 -
595 3823 794 3884 αὐτοῦς
850 3826 949 3874 Καὶ
1001 3820 1051 3872 οἰ
1107 3826 1438 3892 Σαμαρεῖται,
1489 3813 1724 3892 πατρίδα
1775 3820 1868 3875 τὴν

263 3915 557 3985 Σαμάρειαν
622 3909 729 3970 ἤδη
785 3913 1108 3982 κεκτημένόι,
1168 3913 1365 3981 πατέρα
1438 3909 1614 3960 λοιπον
1672 3907 1870 3966 ἑαυτοῖς

264 4003 614 4077 ἐπεγράφοντο
654 3999 979 4065 τόνἸακὼϐ,
1032 4001 1101 4059 ως
1148 4003 1482 4073 πρόκας-οχον
1535 4003 1623 4048 καὶ
1671 4000 1872 4069 πατέρα

262 4101 360 4155 τῆς
417 4095 660 4152 τοιαύτης
723 4090 891 4143 αὐτῶν
941 4085 1215 4163 πατρίδος,
1284 4086 1554 4140 κάντεῦθεν
1621 4087 1869 4139 εἰσώθουν

264 4182 482 4245 ἑαυτοὺς
504 4181 574 4244 εἰς
605 4185 698 4240 τὴν
731 4176 1028 4238 Ἰουδαῖκὴν
1059 4177 1334 4249 εὐγένειαν.

339 4365 475 4414 Φασὶ
521 4355 581 4411 δέ
634 4378 786 4423 τινες,
847 4360 926 4410 ὅτι
969 4359 998 4416 ἡ
1059 4363 1366 4430 Σαμαρεῖτις
1422 4355 1553 4411 αὕτη
1586 4357 1736 4425 γυνὴ,
1779 4355 1868 4404 καὶ

263 4450 423 4504 ἀλλοκ
501 4447 678 4501 πολλοὶ
754 4457 852 4500 τῶν
931 4451 1024 4505 τὴν
1095 4448 1384 4518 Σαμάρειαν
1441 4445 1737 4509 οἰκούντων,
1819 4441 1871 4503 ἐξ

264 4537 455 4594 Ἰακὼϐ
480 4542 568 4612 μὲν
595 4537 761 4590 εἷλκον
785 4540 841 4590 τὸ
879 4541 1045 4608 γένος,
1067 4534 1595 4608 αἰχμαλωτισθέντων
1630 4527 1664 4584 δ
1668 4535 1689 4584 ξ
1711 4530 1869 4583 πάλαι

259 4638 364 4683 τῶν
392 4632 656 4702 προγόνων
687 4627 876 4692 αὐτῶν,
907 4630 998 4678 καὶ
1029 4623 1063 4677 δ
1067 4624 1420 4678 ουλευσάντων
1459 4625 1604 4696 παρὰ
1628 4619 1868 4674 Βαϐυλω-

261 4723 410 4788 νίοις,
466 4713 692 4791 μιγάδες
751 4715 895 4769 οὗτοι
943 4722 1178 4774 συνῆσαν
1229 4720 1335 4774 τοῖς
1383 4716 1746 4786 Σαμαρείταις,
1797 4717 1870 4782 τῷ

262 4815 450 4882 μακρῷ
476 4811 654 4881 χρόνῳ
683 4810 774 4860 καὶ
801 4812 920 4866 ταῖς
946 4803 1291 4881 πολυτρόποις
1321 4807 1613 4878 συμφεραῖς
1639 4802 1770 4876 πρὸς
1803 4803 1872 4853 τὰ

262 4897 468 4952 ἐκείνων
494 4901 524 4957 ἥ
535 4899 597 4957 θη
621 4897 992 4970 μεταστάντες.

336 4987 405 5041 Ἦ
435 4991 636 5062 πατέρα
663 4985 1006 5059 ἐπεγράφοντο
1037 4986 1124 5036 τόν
1152 4980 1356 5048 Ἰακὼϐ,
1397 4982 1468 5044 ὡς
1508 4979 1564 5034 ἐκ
1595 4976 1868 5036 Χαλδαίων

261 5083 354 5132 καὶ
381 5077 538 5130 αὐτὸν
568 5076 777 5131 ἕλκοντα
804 5079 862 5128 τὸ
899 5079 1064 5147 γένος.
1767 5143 1772 5149 Ι

337 5172 492 5240 Λέγει
543 5163 604 5220 δέ
654 5175 741 5218 νῦν
799 5167 828 5224 ἡ
891 5171 1195 5238 Σαμαρεῖτις
1246 5163 1327 5214 ὅτι
1355 5161 1416 5214 Εἰ
1471 5163 1542 5233 μὴ
1597 5163 1715 5234 περὶ
1745 5158 1867 5209 τού-

259 5277 355 5312 του
379 5257 543 5330 λέγεις
579 5263 670 5310 τοῦ
701 5252 917 5321 ὕδατος,
979 5259 1050 5328 μὴ
1096 5256 1162 5306 σὺ
1201 5255 1393 5326 μείζων
1433 5247 1480 5304 εἶ
1530 5256 1623 5302 τοῦ
1670 5249 1865 5324 πατρὸς

1973 1931 2126 1987 bans
2157 1932 2216 1986 in
2256 1931 2395 1996 lilio,
2455 1933 2779 2004 denigrans
2808 1933 2867 1988 in
2902 1935 3186 1998 narcisso,
3221 1935 3536 1990 rubricans
3574 1935 3639 1992 in

1974 2035 2132 2085 rosa,
2167 2019 2593 2092 purpurissans
2651 2023 2710 2076 in
2762 2021 2939 2086 viola,
2983 2022 3296 2079 dulcerans
3339 2023 3399 2078 in
3433 2023 3638 2090 ficu,a-

1975 2110 2270 2166 maricans
2308 2111 2367 2165 in
2412 2110 2712 2166 absinthio
2747 2133 2758 2165 :
2811 2112 2891 2167 ita
2919 2111 3158 2168 divinus
3185 2129 3428 2186 quoque
3454 2113 3638 2184 Spiri-

1976 2203 2068 2255 tus
2102 2198 2175 2254 de
2197 2199 2344 2255 caelo
2358 2199 2752 2264 descendens,
2776 2202 2958 2256 nutrit
2974 2217 3043 2256 ac
3060 2201 3316 2257 viviﬁcat
3342 2202 3637 2268 animam,

1974 2304 2235 2361 qumque
2267 2303 2424 2344 unus
2467 2288 2540 2344 sit
2575 2290 2752 2344 variis
2792 2290 3232 2361 operationibus
3263 2292 3517 2361 gratiam
3547 2292 3642 2348 di-

1973 2378 2123 2434 vidit
2148 2394 2217 2433 ac
2262 2377 2561 2434 virtutem.
2609 2379 2763 2448 Ignis
2793 2395 3034 2452 quoque
3062 2380 3275 2436 dicitur
3315 2382 3460 2453 quia
3487 2384 3641 2439 sicut

1972 2467 2146 2539 ignis,
2183 2483 2317 2534 cum
2352 2468 2526 2523 unius
2549 2468 2622 2523 sit
2660 2469 2899 2540 speciei,
2933 2469 3128 2524 varios
3160 2469 3341 2524 habet
3369 2470 3635 2538 eﬂectus,

1974 2557 2352 2626 calefaciens,
2385 2556 2794 2628 inﬂammans,
2825 2557 3173 2615 illuminans
3205 2565 3262 2615 et
3288 2559 3634 2632 puriﬁcans,

1972 2647 2050 2702 ita
2089 2662 2227 2702 sane
2267 2652 2322 2702 et
2348 2646 2588 2702 divinus
2628 2647 2906 2718 Spiritus.

2044 2737 2206 2790 Vers.
2223 2737 2282 2790 tl
2299 2778 2310 2789 .
2329 2736 2737 2792 Dicit—vivam
2758 2737 2786 2792 ?
2800 2738 2942 2793 Cum
2960 2738 3036 2802 id,
3055 2737 3220 2810 quod
3245 2737 3470 2794 dictum
3487 2744 3634 2808 erat,

1975 2841 2093 2881 non
2109 2830 2304 2896 posset
2323 2825 2377 2880 in
2391 2823 3117 2896 telligere,suspicabatur,
3134 2827 3297 2898 quod
3313 2844 3538 2901 aquam
3555 2829 3640 2885 vi-

1974 2931 2111 2970 vam
2144 2914 2379 2979 diceret,
2403 2914 2681 2969 haustam
2717 2914 2795 2968 ab
2823 2915 3036 2969 eodem
3066 2918 3385 2988 puteo,qui
3411 2933 3636 2990 aquam

1974 3002 2273 3058 emittebat
2325 3018 2396 3058 ac
2453 3003 2734 3058 scaturire
2794 3002 3045 3059 faciebat
3106 3023 3118 3056 :
3170 3010 3227 3059 et
3254 3005 3634 3076 opinabatur,

1975 3092 2197 3148 dictum
2237 3107 2372 3147 esse
2403 3096 2650 3147 verbum
2677 3090 2842 3158 illud,
2875 3093 3045 3163 quasi
3074 3099 3278 3165 posset
3305 3093 3433 3166 ipse
3463 3096 3638 3150 citius

1907 3216 1948 3274 C
1977 3181 2235 3246 haurire,
2260 3197 2330 3236 eo
2349 3181 2514 3253 quod
2545 3180 2746 3236 fortior
2771 3186 2928 3237 esset
2947 3183 3257 3254 magisque
3287 3183 3561 3240 idoneus.

2047 3270 2283 3327 Interim
2351 3275 2538 3326 autem
2578 3270 2898 3326 Dominum
2954 3278 3126 3327 vocat
3183 3287 3342 3337 eum,
3391 3279 3636 3344 putans,

1979 3377 2266 3432 magnum
2284 3360 2398 3432 aliq
2411 3376 2543 3416 uem
2567 3376 2714 3416 esse.
2731 3359 3010 3416 Audierat
3029 3377 3290 3434 namque
3303 3361 3635 3420 dicentem:

1976 3451 2042 3506 Si
2068 3451 2253 3519 scires,
2284 3452 2382 3522 qui
2418 3451 2492 3505 sit
2517 3450 2622 3522 qui
2649 3450 2939 3516 dicittibi,
2964 3452 3050 3505 Da
3068 3450 3217 3506 mihi
3244 3457 3304 3505 ut
3335 3451 3551 3519 bibam,
3584 3458 3643 3510 et

1977 3545 2193 3596 caetera
2227 3555 2238 3596 :
2272 3540 2406 3595 ideo
2438 3539 2637 3594 statim
2700 3539 2800 3594 tali
2835 3539 3029 3610 ipsum
3071 3540 3326 3596 honorat
3377 3541 3642 3613 appella-

1978 3630 2157 3699 tione,
2198 3633 2418 3686 etcum
2452 3628 2618 3684 omni
2655 3630 3119 3686 mansuetudine
3159 3629 3392 3702 reliqua
3435 3631 3640 3703 prolo-

1979 3720 2196 3792 quitur.

2050 3811 2209 3865 Vers.
2244 3813 2326 3864 l2.
2360 3810 2516 3866 Num
2553 3841 2612 3850 —
2653 3812 2774 3880 eius
2806 3811 2835 3865 ἵ
2874 3809 3231 3867 Samaritani
3261 3811 3465 3880 etiam,
3503 3827 3645 3868 cum

1973 3899 2101 3969 jam
2135 3898 2466 3956 Samariam
2503 3901 2759 3970 patriam
2776 3900 3168 3971 possiderent,
3193 3901 3381 3957 Jacob
3405 3917 3647 3974 quoque

1979 3994 2210 4061 patrem
2229 4005 2405 4043 suum
2437 3987 2842 4060 appellabant,
2878 3993 3164 4060 tanquam
3187 3988 3316 4060 jam
3342 3989 3487 4045 olim
3510 4005 3648 4062 pos-

1981 4093 2278 4133 sessorem
2296 4093 2366 4133 ac
2388 4083 2619 4148 patrem
2642 4077 2821 4148 hujus
2850 4077 3119 4148 ipsorum
3147 4077 3349 4147 patrias
3381 4096 3395 4131 :
3420 4084 3476 4134 et
3505 4079 3645 4135 hinc

1980 4183 2108 4223 sese
2145 4166 2532 4222 intrudebant
2561 4165 2621 4222 in
2648 4181 2999 4236 generosam
3029 4168 3356 4222 Judaaorum
3395 4183 3645 4238 genera-

1979 4256 2229 4313 tionem.

2052 4346 2308 4413 Quidam
2337 4350 2539 4402 autem
2561 4345 2787 4416 dicunt,
2816 4346 2969 4402 hanc
3000 4345 3332 4412 mulierem,
3367 4346 3642 4420 aliosque

1979 4435 2272 4508 plurimos
2306 4436 2637 4492 Samariam
2668 4435 3052 4493 incolentium
3113 4451 3148 4492 a
3176 4435 3361 4492 Jacob
3391 4437 3644 4492 descen-

1983 4525 2144 4580 disse
2176 4541 2188 4580 :
2218 4523 2361 4580 olim
2382 4530 2582 4581 autem
2611 4524 3093 4597 progenitoribus
3114 4525 3326 4597 captis,
3357 4542 3428 4582 ac
3455 4525 3648 4598 Baby-

1979 4614 2204 4670 loniam
2241 4614 2300 4670 in
2329 4614 2668 4671 servitutem
2690 4613 2909 4682 ductis,
2938 4614 3049 4670 hos
3070 4614 3459 4671 Samaritanis
3482 4631 3644 4672 com-

1983 4704 2210 4769 mistos,
2242 4709 2298 4760 et
2335 4719 2474 4760 cum
2491 4703 2576 4760 eis
2618 4709 2906 4769 versatos,
2934 4703 3117 4775 longo
3141 4709 3411 4777 tempore
3441 4704 3648 4762 variis-

1978 4809 2098 4866 que
2122 4792 2559 4850 calamitatibus
2588 4792 2663 4849 ad
2697 4808 2908 4850 eorum
2940 4809 3135 4850 mores
3185 4799 3644 4854 transmutatos.

2050 4977 2162 5030 Aut
2213 4972 2514 5030 vocabant
2549 4976 2778 5044 patrem
2831 4972 3040 5039 Jacob,
3074 4989 3143 5030 eo
3175 4973 3335 5046 quod
3373 4979 3428 5028 et
3480 4974 3574 5030 hic
3607 4990 3645 5031 a

1977 5064 2268 5122 Chaldaeis
2307 5079 2499 5134 genus
2532 5068 2808 5120 traxerat.

2052 5155 2194 5210 Dicit
2245 5169 2388 5224 ergo
2437 5169 2596 5209 nunc
2656 5153 3079 5209 Samaritana:
3134 5152 3302 5213 Quod
3345 5152 3393 5208 si
3426 5152 3498 5208 de
3531 5151 3642 5209 hac

1975 5260 2097 5301 non
2125 5243 2388 5316 loqueris
2411 5258 2603 5316 aqua:
2634 5259 2778 5299 num
2818 5246 2878 5299 tu
2918 5244 3116 5312 major
3141 5257 3199 5300 es
3225 5246 3398 5312 patre
3442 5246 3642 5298 nostro

1501 5415 1728 5497 Varias
1751 5412 2082 5494 lectiones
2123 5431 2191 5491 et
2211 5429 2416 5492 nota.

333 5600 1148 5710 (60)Tom._Vlll,_p._l83D.
1264 5699 1368 5710 Μ
1459 5702 1470 5710 _
1559 5695 1572 5709 ,
1723 5695 1756 5710 η

357 5699 448 5780 6t)
493 5707 776 5764 Scribitur
817 5699 1057 5759 duobus
1090 5721 1180 5770 σσ,
1216 5699 1300 5758 uti
1327 5699 1650 5756 Hentenius
1683 5699 1864 5753 etiam

252 5783 462 5840 habeL
1134 5806 1137 5808 -

2044 5621 2162 5694 (92)
2189 5616 2532 5695 ξΔνδρίανᾲᾼ.

2047 5691 2158 5765 (93)
2186 5691 2511 5749 'Ou'addit
2548 5695 2617 5749 A.
