4156 6388
512 367 646 421 1191

1839 358 2190 419 ΕυΤΗΥΜΙΙ
2241 361 2566 419 ZlGABENI

3761 365 3904 421 i192

508 491 701 557 Iacob,
719 492 824 563 qui
840 490 1175 547 deditnobis
1186 496 1427 560 puteum
1441 488 1601 545 hunc
1622 492 1746 545 tam
1762 489 2077 553 celebrem,
2114 493 2164 543 ul

2288 492 2431 562 ἡμῶν
2481 489 2689 557 Ἰακὼϐ,
2738 490 2792 551 ὃς
2850 485 3040 542 ἔδωκεν
3098 491 3222 562 ἡμῖν
3279 492 3337 542 τό
3399 494 3555 565 φρέαρ
3625 496 3771 543 τουτὶ
3836 494 3899 543 τὸ

511 582 817 637 meliorem
842 580 1039 653 possis
1058 581 1200 636 dare
1217 595 1438 651 aquam
1457 579 1484 633 ‘I
1498 579 1667 644 Quod
1684 584 1885 635 autem
1910 578 2173 635 additur.

511 672 584 726 Et
612 672 726 743 ipse
750 686 823 728 ea:
849 686 911 728 eo
938 672 1098 735 bibit,
1142 677 1195 727 et
1233 671 1345 738 ﬁlii
1373 672 1500 739 ejus
1548 676 1599 725 et
1654 685 1869 739 pecora
1897 672 2043 739 eius,
2097 670 2174 724 ad

510 761 697 832 ipsius
724 762 882 833 putei
912 760 1153 817 laudem
1186 760 1408 815 dictum
1442 767 1553 817 est.
1595 763 1741 816 Nam
1777 761 1825 814 si
1865 758 2173 814 meliorem

510 850 692 906 alium
726 850 1050 914 habuisset,
1086 866 1463 921 nequaquam
1493 866 1629 904 cum
1679 855 1803 904 tota
1830 848 2059 904 familia
2103 864 2175 903 ex

509 939 625 994 hoc
654 939 910 995 bibisset.
939 940 1250 1013 Reliquum
1275 943 1366 995 est
1396 939 1591 1009 igitur,
1625 944 1705 1003 ut,
1733 941 1776 994 si
1812 938 2004 1011 possis
2031 938 2174 993 dare

509 1029 837 1095 meliorem,
872 1030 1066 1100 major
1099 1029 1183 1083 sis
1212 1028 1422 1084 Jacob.

583 1119 729 1176 Haec
757 1118 959 1192 itaque
987 1120 1366 1176 Samaritana
1406 1118 1479 1173 de
1519 1118 1707 1174 Jacob
1738 1135 1877 1173 cum
1909 1133 1979 1173 eo
2009 1116 2175 1188 loqui

510 1214 849 1279 perseverat
880 1208 1023 1280 (gg),
1077 1214 1313 1279 optans,
1355 1208 1520 1280 quod
1560 1208 1792 1279 quaerit,
1844 1206 2105 1262 invenire
2158 1223 2171 1258 :

505 1296 691 1352 Judaai
731 1314 870 1353 vero
928 1298 1105 1354 etiam
1146 1296 1417 1369 lapidare
1448 1312 1585 1352 eum
1640 1296 1970 1366 tentabant,
2024 1295 2172 1349 dum

506 1386 813 1443 Abraham
854 1386 1072 1443 faceret
1132 1388 1519 1442 mentionem.
1569 1386 1886 1452 Quomodo
1932 1401 2075 1455 ergo
2105 1402 2175 1439 a2-

507 1492 698 1549 quum
763 1483 933 1543 esset,
991 1483 1053 1531 ut
1108 1477 1457 1548 hujusmodi
1510 1478 1811 1549 repelleret
1863 1476 2174 1531 mulierem

508 1566 862 1631 studiosam,
894 1565 1163 1622 discendi
1197 1566 1452 1635 avidam,
1486 1582 1555 1622 ac
1579 1567 1775 1637 juvari
1810 1567 2171 1637 cupientem.

582 1745 745 1801 Vers.
778 1747 862 1802 l3.
893 1746 1202 1815 ReSpondit
1234 1777 1303 1786 —
1330 1749 1560 1802 iterum.
1597 1746 1697 1802 Siti
1724 1762 1919 1819 aqum.

580 1834 746 1893 Vers.
780 1836 866 1891 14.
904 1835 1178 1907 Quisquis
1210 1867 1276 1875 —
1302 1844 1601 1892 aeternum.
1644 1839 1985 1908 Nenaquam
2019 1834 2176 1890 sitiet
2212 1855 2256 1908 Β

508 1939 780 1997 unquam
812 1925 1241 1981 incredulitatis
1274 1926 1384 1980 siti.

579 2015 744 2071 Vers.
792 2016 879 2070 14.
914 2014 1025 2072 Sed
1054 2046 1122 2055 —
1152 2031 1340 2087 aqua.
1402 2018 1506 2071 Per
1535 2015 1760 2071 fontem
1818 2014 2177 2086 signiﬁcavit

506 2105 965 2176 perpetuitatem
994 2119 1063 2160 ac
1093 2103 1491 2174 integritatem
1518 2104 1872 2176 hujusmodi
1904 2120 2099 2177 aquas.

580 2193 744 2249 Vers.
776 2194 863 2250 44.
897 2195 1181 2251 Salientis
1214 2226 1279 2234 —
1319 2198 1618 2251 aeternam.
1674 2193 2058 2251 Scaturientis
2096 2193 2173 2250 ad

506 2281 693 2338 vitam
732 2288 1039 2349 aeternam,
1073 2299 1144 2338 eo
1170 2283 1332 2355 quod
1366 2285 1547 2339 vitam
1575 2283 1835 2357 praabeat
1864 2289 2171 2340 aeternam.

504 2371 647 2427 Vide
674 2379 898 2441 autem,
944 2374 1123 2444 quod,
1161 2389 1293 2427 cum
1338 2372 1551 2428 mulier
1608 2372 1875 2439 dixisset,
1923 2374 2078 2429 Num
2112 2379 2173 2427 tu

504 2463 788 2531 majores
838 2466 1005 2532 patre
1058 2466 1257 2517 nostro
1296 2462 1491 2529 Iacob,
1553 2478 1673 2518 non
1715 2462 1863 2519 dixit
1915 2461 2173 2534 :Utique

503 2549 701 2621 major
732 2567 867 2605 sum
899 2568 912 2617 ;
944 2550 1241 2606 videretur
1269 2552 1428 2606 enim
1482 2551 1749 2623 seipsum
1786 2552 2032 2622 jactare,
2067 2549 2173 2605 sed

505 2638 583 2693 ab
633 2638 719 2693 his
778 2656 909 2711 quae
953 2638 1119 2704 dixit,
1181 2638 1296 2695 hoc
1350 2639 1563 2695 intulit.
1636 2643 1782 2695 Nam
1836 2639 2174 2696 differentia

506 2742 797 2799 aquarum
815 2727 1210 2783 differentiam
1236 2728 1407 2784 infert
1422 2729 1817 2800 praabentium
1850 2729 2003 2793 illas,
2032 2744 2171 2784 cum

504 2817 847 2873 naturaliter
877 2833 1039 2885 aqua
1077 2817 1175 2873 illa
1206 2822 1613 2884 consumatur,
1642 2819 1769 2874 huic
1808 2826 2007 2873 autem
2040 2833 2172 2890 per-

501 2911 683 2978 petuo
711 2912 969 2962 maneat.

572 2996 733 3051 Vers.
769 2997 859 3053 15.
896 2996 1051 3052 Dicit
1084 3029 1149 3037 —
1199 2999 1280 3054 ad
1311 2998 1733 3055 hauriendum.
1764 2998 2058 3055 Paulatim
2092 2999 2171 3055 ad

498 3085 855 3155 dogmatum
884 3086 1296 3143 celsitudinem
1316 3089 1771 3160 provehitur.Ab
1802 3090 2166 3161 aquaeenim,

496 3191 685 3247 quam
756 3176 978 3243 tribunt,
1038 3178 1406 3249 prmstantia,
1452 3177 1613 3234 hunc
1663 3194 1794 3234 esse
1883 3179 2164 3249 majorem

495 3264 683 3319 Jacob
704 3264 905 3332 credit,
925 3266 1212 3337 quodque
1231 3265 1661 3322 excellentioris
1684 3274 1913 3323 natura:
1940 3283 2163 3339 aquam

493 3353 731 3416 tribuat,
758 3353 1067 3424 intelligit:
1095 3356 1365 3410 nondum
1392 3362 1593 3411 autem
1617 3355 1876 3427 perfecte
1910 3371 2162 3427 cognos-

493 3442 589 3508 cit,
623 3449 725 3498 aut
754 3443 889 3514 quis
919 3442 1012 3507 sit,
1045 3443 1149 3515 qui
1176 3443 1333 3500 hanc
1362 3443 1563 3515 donet,
1597 3451 1701 3501 aut
1747 3446 1893 3517 quid
1935 3446 2035 3502 illa
2090 3448 2164 3502 sit

490 3547 669 3604 aqua,
702 3532 1359 3604 percipit;suspicatur
1390 3538 1590 3589 tamen
1642 3534 1701 3589 id
1750 3535 1913 3607 quod
1960 3535 2158 3603 datur,

487 3621 604 3678 tale
644 3621 961 3693 quippiam
1021 3638 1172 3686 esse,
1226 3623 1392 3695 quod
1424 3623 1581 3679 sitim
1614 3624 1771 3679 hanc
1816 3624 2159 3681 sensibilem

486 3710 766 3782 perimat.
825 3713 951 3765 Non
1008 3717 1095 3766 est
1148 3727 1288 3782 ergo
1338 3711 1480 3767 levis
1515 3712 1645 3768 haec
1689 3713 1920 3779 mulier,
1965 3730 2159 3787 neque

485 3800 646 3855 enim
708 3805 1010 3872 utcunque
1042 3800 1305 3873 suscepit
1355 3817 1427 3858 ea
1455 3819 1591 3875 quae
1648 3803 2022 3870 dicebantur,
2058 3805 2159 3860 sed

483 3894 622 3961 post
642 3888 887 3958 longam
906 3889 1462 3961 interrogationem;
1492 3908 1687 3965 neque
1710 3910 1949 3950 rursum
1973 3895 2161 3950 incre-

481 3977 629 4034 dula
650 3994 720 4034 ac
752 3980 1143 4036 contentiosa.
1164 3983 1308 4036 Nam
1341 3997 1479 4037 cum
1512 3983 1803 4054 majorem
1826 3999 1963 4039 eum
1996 3984 2160 4041 inve-

482 4067 689 4134 nisset,
731 4083 923 4139 quam
949 4069 1134 4125 Jacob
1168 4086 1311 4135 ,non
1344 4074 1676 4142 permansit
1706 4072 1766 4127 in
1796 4080 2159 4146 praesumpta

482 4156 787 4227 Opinione.
837 4158 1013 4229 Atqui
1041 4159 1261 4214 Judaeis
1306 4160 1457 4215 dixit
1498 4162 1757 4217 Christus
1799 4177 1811 4216 :
1852 4162 1962 4227 Qui
2003 4164 2157 4219 venit

480 4246 552 4302 ad
590 4263 700 4318 me,
734 4264 851 4303 non
876 4252 1087 4304 esuriet
1118 4256 1197 4305 :et
1224 4251 1327 4321 qui
1350 4251 1541 4307 credit
1561 4252 1618 4306 in
1638 4267 1747 4317 me,
1774 4268 1891 4308 non
1907 4252 2061 4310 sitiet
2091 4253 2156 4309 in

484 4342 769 4393 zternum
792 4338 839 4372 ⁵⁵
866 4354 878 4403 ;
913 4336 994 4392 illi
1024 4343 1223 4394 autem
1254 4355 1373 4395 non
1392 4340 1587 4396 solum
1607 4356 1729 4397 non
1752 4340 2154 4407 crediderunt,

484 4425 593 4481 sed
622 4430 679 4481 et
715 4424 1149 4482 offendiculum
1174 4444 1244 4483 ex
1275 4440 1346 4484 eo
1377 4430 1544 4498 passi
1572 4435 1728 4486 sunt.

553 4515 724 4571 Vers.
770 4518 855 4569 16.
900 4514 1066 4572 Dixit
1099 4547 1167 4557 —
1197 4517 1335 4573 huc.
1394 4520 1539 4575 Cum
1570 4519 1815 4576 instaret
1864 4525 1920 4577 et
1945 4536 2150 4593 appre-

481 4604 746 4660 hendere
773 4604 962 4672 vellet,
994 4606 1073 4662 ait
1106 4624 1120 4662 :
1150 4607 1285 4677 Abi,
1324 4624 1464 4665 voca
1492 4609 1689 4665 virum
1724 4618 1885 4667 tuum
1926 4617 1977 4667 et
2019 4612 2155 4667 veni

484 4694 615 4761 huc,
646 4693 964 4761 simulans,
988 4696 1149 4768 quod
1170 4697 1351 4753 etiam
1369 4698 1535 4754 illum
1560 4716 1695 4755 cum
1718 4716 1787 4754 ea
1815 4702 2151 4756 communi-

483 4798 618 4839 care
646 4788 947 4855 oporteret
975 4785 1031 4839 in
1074 4785 1255 4841 dono.
1307 4788 1481 4860 Atqui
1515 4796 1762 4844 noverat
1792 4806 1925 4845 eam
1961 4791 2151 4848 virum

481 4871 813 4944 legitimum
830 4890 949 4929 non
964 4874 1418 4949 haberc,utpote
1434 4879 1639 4934 omnia
1652 4879 1933 4943 sciens;id
1950 4886 2146 4937 tamen

483 4961 723 5018 volebat
767 4964 964 5035 ipsam
1024 4964 1238 5029 dicere,
1275 4971 1338 5023 ut
1376 4967 1753 5039 apprehensa
1805 4969 2146 5033 occasione.

483 5066 619 5123 qua:
649 5052 806 5109 circa
830 5068 966 5109 eam
997 5053 1361 5125 acciderant,
1392 5056 1795 5128 prophetaret,
1830 5057 2150 5133 ipsamque

558 5232 608 5268 ⁸⁸
648 5234 819 5290 Joan.
860 5248 940 5300 v1,
965 5235 1055 5290 35.

2286 579 2612 654 περιϐόητον,
2666 581 2748 631 ἶνα
2796 585 2886 631 καὶ
2926 576 3055 653 δύνῃ
3106 576 3289 632 δοῦναι
3335 587 3568 654 κρεῖττον
3604 576 3749 654 ὕδωρ
3778 597 3791 647 ;
3824 584 3898 633 Τὸ

2290 666 2368 737 δὲ,
2405 675 2502 722 Καὶ
2536 670 2685 730 αὐτὸς
2719 669 2773 732 ἐξ
2802 669 2962 721 αὐτοῦ
2993 672 3121 735 ἔπιε,
3150 674 3239 721 καὶ
3270 671 3319 721 οἱ
3349 671 3455 721 υἱοὶ
3487 670 3669 737 αὑτοῦ,
3715 675 3807 722 καὶ
3834 673 3901 722 τα

2288 761 2558 833 θρέμματα
2608 759 2788 825 αὐτοῦ,
2822 763 2952 833 πρὸς
2996 762 3199 811 ἔπαινον
3251 767 3342 811 τοῦ
3390 761 3628 811 τοιούτου
3676 764 3900 834 φρέατος

2286 851 2506 923 εἴρηται9
2533 852 2612 901 ὃτι
2644 849 2729 901 ἐὰν
2756 846 2895 921 εἶχεν
2918 850 3084 921 ἕτερον
3110 856 3365 922 κρεῖττον,
3395 850 3487 900 οὐκ
3529 851 3591 901 οἶν
3622 848 3677 900 ἐκ
3703 853 3896 901 τούτου

2286 941 2392 989 ἔπιε
2422 944 2649 991 πανοικί.
2682 942 2879 991 Λοιπὸν
2907 935 3015 1005 οὖν,
3043 938 3087 991 εἰ
3110 943 3173 991 σύ
3206 934 3390 990 δύναιο
3423 935 3607 990 δοῦναι
3636 947 3894 1014 κρεῖττον,

2284 1028 2477 1100 μείζων
2516 1026 2563 1081 εἰ
2597 1035 2688 1081 τού
2717 1027 2923 1083 Ἰακώϐ.

2354 1118 2410 1170 ἰἰ
2445 1122 2533 1191 μεν
2587 1115 2673 1171 οὖν
2725 1126 3028 1192 Σαμαρεῖτις
3078 1119 3209 1176 αὕτη
3250 1126 3527 1193 προσηνῶς
3584 1118 3724 1190 αύτῷ
3776 1124 3901 1194 περὶ

2283 1216 2375 1261 τοῦ
2450 1207 2635 1260 Ἰακὼϐ
2715 1205 3033 1280 διαλέγεται,
3117 1212 3207 1260 καὶ
3278 1212 3581 1280 παραμένει,
3654 1210 3900 1261 ποθοῦσα

2286 1300 2447 1372 εὑρεῖν
2482 1302 2540 1349 τὸ
2582 1300 2928 1370 ζητούμενον·
2985 1300 3035 1350 οἰ
3090 1295 3149 1350 δὲ
3204 1295 3455 1350 Ἰουδαῖοι
3511 1302 3602 1350 καὶ
3661 1298 3898 1358 λιθάζειν

2286 1388 2439 1439 αὐτὸν
2489 1387 2859 1463 ἐπεχείρησαν,
2917 1390 2998 1441 ὅτε
3064 1396 3155 1440 τού
3227 1387 3466 1462 Ἀϐραὰμ
3523 1387 3893 1461 ἐμνημόνευσε.

2288 1486 2404 1540 Πῶς
2448 1476 2535 1530 οὖν
2590 1479 2720 1538 εἰκὸς
2770 1476 2833 1536 ἦν
2889 1477 3293 1551 ἀποστραφῆναι
3353 1481 3598 1536 τοιαύτην
3669 1485 3903 1550 γυναῖκα

2288 1565 2584 1621 σπουδαίαν
2672 1574 2764 1621 καὶ
2843 1568 3099 1640 φιλομαθῆ
3189 1573 3278 1620 καὶ
3368 1567 3690 1641 γλιχομένην
3771 1568 3901 1640 ὠφε-

2283 1658 2346 1715 λη
2356 1660 2531 1717 θῆναι.

2358 1749 2641 1821 Ἀπεκρίθη
2676 1780 2746 1789 —
2777 1747 2948 1802 πάλιν.
2985 1747 3149 1819 Δίψαν
3176 1744 3389 1809 ύδατος.

2356 1838 2446 1899 ’⁷ος
2478 1870 2544 1878 -
2576 1838 2756 1892 αἰῶνα.
2791 1838 2867 1890 Ού
2895 1843 2966 1911 μὴ
3002 1834 3210 1910 διψήσῃ
3245 1839 3384 1903 ποτε,
3433 1842 3527 1896 τὴν
3562 1836 3614 1899 ἐξ
3646 1836 3901 1897 ἀπιστίας

2288 1925 2473 1999 δίψαν.

2359 2017 2513 2070 Ἀλλά
2563 2014 2873 2080 -ύδατος,
2909 2019 3003 2070 Διά
3040 2026 3135 2078 τῆς
3202 2025 3379 2088 πηγῆς
3431 2019 3487 2069 τὸ
3551 2014 3754 2069 ἀενναον
3805 2022 3900 2069 καὶ

2288 2106 2542 2167 ἀνελλιπὲς
2568 2114 2659 2160 τοῦ
2689 2109 2928 2160 τοιούτου
2960 2102 3155 2169 ὕδατος
3188 2104 3435 2178 ἐνέφηνεν.

2358 2196 2661 2270 Ἀλλομένου
2732 2228 2799 2240 —
2868 2195 3096 2251 αἰώνιον.
3159 2194 3560 2257 Ἀναϐλύζοντος
3620 2195 3734 2265 (64)
3801 2191 3900 2247 διὰ

2288 2286 2421 2345 ζωὴν
2490 2285 2713 2350 αἰώνιον,
2762 2284 2833 2346 εἰς
2882 2288 2941 2335 τὸ
2982 2288 3235 2357 παρέχειν
3289 2283 3428 2344 ζωὴν
3477 2283 3703 2337 αἰώνιον.
3757 2282 3900 2358 Ὀρα

2287 2372 2346 2427 δὲ
2389 2383 2494 2435 πῶς
2554 2375 2818 2447 εἰρηκυίας
2862 2383 2954 2433 τῆς
3007 2376 3271 2445 γυναικὸς,
3332 2377 3415 2431 Μὴ
3463 2376 3528 2425 σὺ
3600 2372 3791 2445 μείζων
3852 2370 3900 2425 εἰ

2286 2473 2377 2517 του
2453 2470 2649 2539 πατρὸς
2713 2466 2858 2536 ἡμῶν
2915 2462 3125 2529 Ἰακὼϐ,
3205 2462 3299 2515 οὐκ
3358 2459 3466 2514 εἶπε
3525 2467 3625 2515 Καὶ
3699 2463 3897 2535 μείζων

2287 2553 2430 2625 εἰμί’
2479 2550 2624 2615 ἔδοξε
2683 2555 2784 2627 γάρ
2838 2554 2899 2604 οἶν
2948 2556 3272 2625 κομπάζειν’
3323 2551 3407 2623 ἀφ’
3467 2551 3534 2601 ὧν
3583 2547 3645 2603 δὲ
3697 2554 3891 2622 εἴρηκε,

2285 2652 2437 2695 τουτο
2492 2646 2889 2696 κατεσκεύασεν.
2954 2641 3010 2693 ’11
3084 2638 3313 2715 διαφορά
3358 2643 3459 2715 γὰρ
3524 2648 3625 2691 τῶν
3680 2636 3893 2692 ὑδάτων

2285 2736 2378 2789 τὴν
2410 2728 2443 2783 δ
2450 2735 2664 2807 ιαφοράν
2708 2740 2808 2784 τῶν
2839 2735 3176 2806 παρεχόντων
3225 2730 3361 2783 αύτὰ
3399 2734 3674 2804 κηρύττει·
3711 2731 3889 2800 εκείνῳ

2284 2824 2374 2894 μεν
2394 2824 2495 2896 γὰρ
2527 2830 2599 2892 τῷ
2638 2818 2799 2874 ὕδατι
2827 2824 2983 2893 φύσις
3014 2817 3372 2887 δαπανᾶσθαι,
3405 2822 3571 2891 τούτῳ
3626 2816 3685 2872 δε
3714 2821 3890 2890 πηγά-

2286 2912 2390 2972 ζειν
2416 2909 2516 2967 ἀεί,

2360 3005 2511 3071 Λέγει
2580 3032 2645 3041 —
2713 2999 2927 3054 ἀντλεῖν.
2994 3003 3139 3053 Κατά
3201 3004 3387 3074 μικρὸν
3450 2998 3696 3070 ἀνάγεται
3764 3002 3893 3071 πρὸς

2285 3095 2341 3143 τὸ
2372 3100 2470 3143 τῶν
2516 3086 2794 3163 δογμάτων
2842 3090 2995 3161 ὕψος.
3031 3090 3159 3141 Ἀπὸ
3220 3098 3314 3150 τῆς
3363 3089 3632 3163 ὑπεροχῆς
3687 3090 3787 3161 γὰρ
3831 3088 3892 3139 οὗ

2207 3218 2248 3274 C
2284 3177 2509 3233 δίδωσιν
2572 3177 2785 3247 ὕδατος,
2847 3180 3060 3251 μείζονα
3116 3187 3295 3231 τοῦτον
3347 3186 3438 3230 τού
3519 3176 3703 3231 Ἰακὼϐ
3759 3174 3893 3229 εἶναι

2280 3274 2611 3341 πεπίστευκε,
2650 3275 2740 3322 καὶ
2784 3272 2863 3321 ὅτι
2917 3274 3006 3341 μεν
3058 3269 3235 3342 ἐτέρας
3279 3272 3474 3341 φύσεως
3519 3264 3662 3341 ὕδωρ
3721 3263 3884 3319 δίδω-

2279 3378 2359 3412 σιν
2404 3358 2722 3433 ὑψηλοτέρας
2772 3358 3014 3417 ἐνόησεν
3065 3361 3208 3410 ούπω
3264 3354 3323 3410 δε
3369 3361 3426 3410 τὸ
3478 3357 3662 3409 τελείου
3713 3359 3882 3427 ἔγνω*

2274 3452 2391 3501 οὔτε
2431 3452 2532 3523 γὰρ
2582 3454 2659 3509 τίς
2710 3447 2851 3501 ἐστιν
2908 3450 2932 3499 ὁ
2966 3456 3119 3500 τούτο
3175 3443 3385 3513 διδοὺς,
3442 3450 3581 3511 οὔτε,
3633 3451 3684 3497 τί
3740 3445 3888 3497 ἐστιν

2271 3546 2445 3605 τοῦτο,
2500 3537 2793 3591 κατέλαϐεν.
2842 3536 3084 3590 ’Υπέλαϐε
3139 3532 3197 3589 δε
3236 3540 3292 3589 τὸ
3347 3532 3623 3608 διδόμενον
3683 3533 3888 3607 ἀναιρε-

2272 3632 2415 3679 τικὸν
2461 3630 2746 3699 τυγχάνειν
2805 3630 2995 3686 ταύτης
3052 3634 3147 3687 τῆς
3222 3622 3385 3697 δίψης
3438 3633 3529 3685 τῆς
3603 3625 3884 3683 αἰσθητῆς.

2272 3720 2405 3769 Οὔτε
2435 3713 2521 3768 οὖν
2563 3715 2767 3778 εὔκολος
2826 3718 2855 3774 η
2890 3720 3019 3786 γυνὴ
3075 3716 3242 3772 αὕτη·
3300 3715 3358 3767 ού
3414 3717 3513 3787 γάρ
3572 3713 3741 3774 ἀπλῶς
3773 3709 3886 3765 ἰδί-

2272 3805 2394 3868 ξατο
2440 3808 2506 3857 τὰ
2552 3805 2820 3878 λεγόμενα,
2883 3803 3010 3856 ἀλλά
3067 3808 3199 3877 μετά
3246 3803 3440 3865 πολλῆς
3493 3808 3838 3866 συζητησεως
3866 3822 3880 3835 ·

2270 3898 2383 3948 οὔτε
2450 3895 2670 3956 ἀπειθὴς
2734 3899 2824 3947 καὶ
2891 3894 3207 3966 φιλόνεικος-
3304 3895 3533 3966 εὑροῦσα
3605 3895 3707 3964 γάο
3793 3896 3885 3944 τὸν

2268 3988 2484 4058 μείζονα
2534 3993 2626 4037 του
2687 3982 2892 4047 Ἰακὼϐ,
2969 3984 3062 4035 ούκ
3112 3982 3403 4055 ὶναπέμεινε
3477 3990 3539 4055 τῇ
3603 3981 3879 4056 προλήψει.

2273 4080 2457 4127 Καίτοι
2486 4079 2576 4127 καὶ
2607 4070 2886 4134 Ἰουδαίοις
2928 4070 3087 4138 εἶπεν,
3120 4074 3202 4125 ὃτι
3246 4073 3305 4125 Ὀ
3331 4072 3611 4146 ἐρχόμενος
3662 4075 3792 4143 πρὸς
3818 4091 3884 4143 με

2269 4164 2327 4216 ού
2360 4168 2429 4236 μὴ
2464 4166 2685 4237 πεινάσῃ
2716 4182 2727 4193 ·
2762 4167 2852 4215 καὶ
2882 4165 2907 4214 ὀ
2948 4165 3207 4215 πιστεύων
3235 4163 3304 4224 εὶς
3327 4160 3413 4234 ἔμε
3438 4161 3498 4213 ού
3543 4166 3615 4233 μῆ
3670 4158 3878 4233 διψήσῃ

2267 4261 2474 4307 πώποτε
2503 4270 2517 4285 ’
2574 4252 2683 4305 ἀλλ’
2731 4253 2790 4306 ού
2844 4257 2997 4325 μόνον
3051 4251 3147 4304 ούκ
3211 4250 3544 4317 ὶπιστευσαν,
3612 4250 3740 4302 ἀλλά
3788 4255 3881 4302 καὶ

2268 4339 2790 4401 ἐσκανδαλίσθησαν.

2344 4525 2499 4593 Λέγει
2562 4551 2631 4560 -
2692 4515 2897 4574 ἐνθάδε.
2955 4520 3284 4591 Ἑγκειμένης
3337 4524 3424 4570 καὶ
3470 4520 3732 4579 ζητούσης
3787 4517 3875 4569 λα’

2267 4610 2393 4676 ϐεἰν,
2457 4611 2611 4681 λέγεῖ·
2669 4609 2884 4682 Ὕπαγε,
2959 4608 3174 4661 κάλεσον
3225 4613 3311 4661 τὸν
3364 4605 3534 4681 ἄνδρα
3602 4628 3718 4675 σου,
3784 4614 3876 4659 καὶ

2267 4699 2379 4753 ἔλθε
2410 4698 2615 4771 ἐνθάδε,
2671 4703 3119 4775 προσποιούμενος
3148 4701 3228 4751 ὃτι
3249 4703 3358 4773 χρὴ
3417 4696 3647 4750 κάκεῖνον
3699 4716 3879 4748 κοινωο

2263 4798 2427 4849 νῆσαι
2451 4793 2616 4864 ταύτῃ
2661 4797 2753 4843 τοῦ
2786 4786 2980 4863 δώρου.
3029 4794 3129 4843 Καὶ
3159 4790 3239 4841 ὅτι
3277 4791 3367 4861 μεν
3413 4787 3507 4840 ούκ
3558 4790 3670 4860 ἔχει
3700 4782 3873 4857 ἄνδρα

2263 4886 2482 4954 νόμιμον
2572 4879 2872 4953 ἐγίνωσκεν,
2983 4881 3049 4941 ὡς
3149 4881 3322 4932 πάντα
3407 4875 3559 4938 εἰδώς
3635 4873 3868 4928 ἐϐούλετο

2264 4967 2323 5023 δὲ
2378 4974 2575 5031 ταύτην
2634 4970 2791 5023 εἰπεῖν
2844 4971 2926 5022 ὃτι
2973 4968 3068 5022 ούκ
3124 4970 3239 5041 ἔχει
3292 4964 3483 5040 ἄνδρα,
3540 4968 3622 5019 ἵνα
3668 4964 3870 5028 λοιπὸν,

2261 5062 2575 5136 προφάσεως
2632 5056 2975 5135 δραξάμενος,
3026 5060 3363 5133 προφητεύση
3413 5059 3482 5110 τὰ
3539 5054 3658 5109 κατ’
3710 5053 3876 5113 αὐτὴν

1718 5361 1949 5433 Variae
1976 5363 2299 5435 lectiones
2340 5372 2405 5433 et
2444 5373 2651 5435 notae.

557 5552 672 5621 (64)
712 5552 1153 5623 Przepositiones
1192 5556 1265 5618 εἰς
1317 5562 1375 5613 et
1428 5554 1523 5611 διὰ
1575 5559 1697 5615 suis
1752 5559 1898 5618 locis
1954 5568 2150 5620 motas

489 5623 761 5679 arbitror.
797 5625 892 5675 Διά
944 5632 1100 5681 certe
1153 5627 1246 5683 his
1276 5628 1479 5685 locum
1521 5630 1619 5687 vix
1657 5631 1875 5689 habere
1937 5640 2148 5707 potest,

2263 5564 2433 5619 Forte
2485 5562 2806 5620 Hentenius
2853 5562 3123 5622 invenit:
3175 5560 3563 5622 Αναϐλύζοντος
3601 5558 3673 5619 εἰς
3732 5557 3877 5619 ζωὴν

2262 5633 2469 5687 αἰώνιον
2501 5632 2595 5687 διὰ
2618 5640 2676 5688 τὸ
2702 5638 2976 5711 παρέχειν.

562 5798 680 5870 (gg)
706 5798 905 5869 Loqui
917 5808 1277 5871 perseverat.
1307 5804 1663 5865 humaniter
1711 5809 2075 5883 colloquitur
2092 5816 2149 5869 et
2179 5816 2490 5885 permanet
