4156 6378
246 360 376 419 ll93

1267 352 1641 415 COMMENT.
1692 354 1763 413 IN
1800 354 2153 413 JOANNEM.
2182 387 2249 399 -—
2279 358 2431 415 CAP.
2466 356 2554 415 ιν.

3468 360 3607 420 1194

238 490 323 541 καὶ
354 481 713 559 διορθὼσηται
765 486 980 543 ταύτην.
1016 482 1163 537 Θελει
1220 482 1319 556 γὰρ
1359 492 1459 535 τῶν
1498 482 1834 559 προρρήσεων

1959 484 2279 555 :orrigeret.
2298 483 2433 539 Vult
2455 484 2615 540 enim
2641 483 3058 541 vaticiniorum
3087 499 3158 541 ac
3180 484 3605 544 miraculorum

239 581 323 630 καὶ
356 584 454 628 τῶν
488 576 763 648 θαυμάτων
807 576 901 637 τὰς
926 575 1162 647 ἀφορμὰς
1186 573 1308 645 παρ’
1348 573 1515 625 αὐτῶν
1557 572 1834 645 λαμϐάνειν

238 675 330 720 τῶν
360 668 698 739 προσιόντων,
727 666 861 717 ὥστε
886 668 975 716 καὶ
1018 668 1113 721 τὴν
1152 670 1245 715 τοῦ
1274 660 1560 726 κενοδοξεῖν
1591 665 1835 715 ὑπόνοιαν

241 752 552 828 διαφεύγειν,
575 758 666 807 καὶ
698 755 1021 806 οἰκειοῦσθαι
1052 752 1241 825 μᾶλλον
1273 751 1482 813 αύτούς.
1520 755 1588 805 Τὸ
1615 756 1704 825 μὲν
1733 755 1831 827 γὰρ

240 845 389 898 εἰπεῖν
432 847 838 917 προηγουμένως
886 844 965 895 ὅτι
1010 841 1320 913 Πολύγαμος
1339 846 1573 912 γέγονας,
1619 847 1709 894 καὶ
1747 850 1833 893 νῦν

239 936 377 1005 ἔχεις
409 929 580 1008 ἄνδρα
632 934 950 1008 παράνομον,
983 933 1198 1005 ἄκαιρον
1230 928 1404 984 ἐδόκει
1455 936 1543 983 καὶ
1571 936 1828 1004 περιττόνο

237 1028 293 1076 τὸ
325 1020 383 1075 δὲ
410 1024 533 1097 παρ’
561 1021 720 1083 αὐτῆς
748 1021 975 1075 λαϐόντα
1001 1026 1093 1079 την
1135 1021 1305 1073 αἰτίαν
1362 1017 1570 1094 σφόδρα
1599 1022 1833 1096 εὔκαιρον

238 1116 325 1165 καὶ
356 1110 655 1167 ἀκόλουθον.

306 1202 585 1277 Ἀπεκρίθη
620 1233 685 1243 -
718 1198 908 1276 ἄνδρα.
944 1199 1165 1273 Οἰομένη
1196 1203 1321 1275 πρὸς
1360 1200 1628 1272 ἄνθρωπον
1660 1198 1833 1262 ἀπλως

238 1288 594 1363 διαλέγεσθαι,
621 1290 931 1365 ἐπεχείρησε
955 1290 1149 1357 λαθεῖν,
1181 1293 1492 1363 κρύπτουσα
1525 1293 1581 1341 τὸ
1605 1289 1833 1364 αἰσχρόν

235 1388 323 1435 τοῦ
350 1383 667 1456 πράγματος.

306 1474 458 1543 Λέγει
516 1502 586 1511 -
640 1469 871 1544 εἴρηκας.
926 1468 1215 1542 Ἀψάμενος
1276 1471 1535 1543 ἀφορμῆς,
1591 1471 1658 1531 ὡς
1699 1471 1834 1541 εἴρη-

233 1579 338 1625 ται,
373 1562 687 1634 προφητεύει
730 1564 819 1612 καὶ
851 1556 1115 1632 διελέγχει
1160 1559 1377 1628 ταύτην,
1420 1557 1648 1629 ἀκριϐῶς
1702 1559 1835 1628 ἄγαν

234 1653 351 1711 τούς
431 1668 486 1701 τε
562 1653 807 1722 φανερούς
883 1653 974 1700 καὶ
1070 1652 1325 1721 νόμίμους
1401 1645 1595 1721 ἄνδρας
1672 1647 1837 1709 αὐτῆς

234 1740 490 1811 ἀριθμῶν,
540 1742 748 1791 καὶτὸν
806 1746 893 1789 νῦν
922 1738 1167 1813 λαθραῖον
1219 1742 1309 1789 καὶ
1363 1741 1659 1811 παράνομον
1712 1736 1835 1790 ἀπο-

1945 572 2290 629 occasiones
2321 573 2399 629 ab
2428 574 2522 629 his
2552 590 2688 646 quae
2722 574 3095 648 contingunt,
3130 576 3419 647 accipere,
3458 582 3521 633 ut
3551 584 3608 634 et

1944 678 2117 718 vanae
2144 663 2345 732 gloriae
2372 663 2773 735 suspicionem
2806 666 3036 730 devitet,
3070 671 3125 720 et
3151 682 3253 721 eos
3295 665 3408 723 sibi
3439 666 3609 723 fami-

1942 749 2212 807 liariores
2241 752 2471 807 reddat.
2511 752 2813 825 Siquidem
2849 753 2964 809 alio
2997 754 3180 810 modo
3220 754 3442 811 dicere:
3478 757 3609 813 Fre-

1944 847 2191 911 quenter
2220 846 2407 912 nupta
2438 841 2618 909 fuisti,
2648 849 2703 897 et
2742 857 2902 898 nunc
2933 843 3061 898 viro
3087 843 3298 914 juncta
3332 860 3394 901 es
3426 845 3609 917 illegi-

1945 930 2111 999 timo,
2136 931 2623 1002 intempestivum
2648 931 2970 988 videbatur
2987 937 3166 1005 atque
3190 932 3565 1006 superﬂuum
3591 958 3605 990 :

1943 1024 2189 1091 accepta
2219 1036 2361 1076 vero
2388 1020 2465 1076 ab
2499 1036 2567 1076 ea
2590 1037 2795 1087 causa,
2825 1024 3245 1094 tempestivum
3273 1030 3399 1081 erat
3426 1030 3607 1097 atque

1943 1125 2340 1181 consequens.

2015 1199 2176 1255 Vers.
2205 1204 2285 1254 l7.
2320 1200 2638 1268 Respondit
2666 1231 2731 1240 —
2757 1200 2973 1257 virum.
3009 1203 3227 1258 Putans
3254 1201 3605 1276 simpliciter

1945 1304 2083 1343 cum
2104 1287 2347 1343 homine
2370 1287 2554 1360 loqui,
2582 1288 2867 1346 occultata
2889 1291 2971 1346 rei
2994 1290 3382 1363 turpitudine,
3402 1292 3605 1351 fallere

1945 1392 2081 1433 eum
2124 1377 2480 1432 conabatur.

2017 1467 2173 1519 Vers.
2214 1470 2293 1518 l7.
2329 1465 2917 1534 Respondit—Ven.
2956 1470 3036 1522 l8.
3070 1466 3293 1524 dixisti.
3326 1471 3602 1541 Accepta,

1950 1555 2251 1609 utdictum
2281 1560 2386 1619 est,
2412 1554 2726 1611 occasione
2747 1555 3079 1627 prOphetat,
3102 1573 3359 1629 eamque
3385 1560 3603 1628 arguit,

1949 1644 2324 1699 adamussim
2360 1644 2609 1699 omnino
2650 1644 2996 1701 manifestos
3037 1662 3106 1701 ac
3144 1645 3442 1716 legitimos
3474 1648 3605 1719 ejus

1946 1732 2104 1787 viros
2135 1748 2518 1798 enumerans,
2561 1738 2616 1787 et
2645 1750 2804 1798 eum,
2838 1735 2940 1805 qui
2984 1750 3145 1789 nunc
3183 1736 3451 1791 occultus
3483 1743 3609 1793 erat

232 1828 527 1882 καλύπτων.
595 1832 748 1881 Πέντε
815 1831 904 1899 μὲν
981 1830 1082 1899 γὰρ
1158 1823 1356 1901 ἄνδρας
1429 1829 1558 1898 ἔσχε
1616 1836 1836 1902 φανερῶς

1959 1838 2016 1877 ac
2049 1822 2311 1891 illegitim
2325 1838 2390 1875 us
2422 1821 2832 1877 manifestans.
2868 1826 3014 1879 Nam
3036 1824 3304 1897 quinque
3331 1825 3484 1880 viros
3503 1841 3606 1898 pa-

232 1919 363 1969 κατά
400 1913 670 1988 διαδοχήν
696 1935 708 1947 ·
742 1924 893 1969 τοῦτο
916 1919 1016 1989 γὰρ
1050 1914 1307 1967 ἀκώλυτον
1347 1911 1407 1972 ἦν
1450 1934 1462 1947 ⁸
1485 1922 1575 1967 τοῦ
1601 1920 1836 1987 πέμπτου

233 2004 290 2059 δε
342 2006 771 2071 τελευτήσαντος,
824 2006 918 2059 οὐκ
972 2006 1048 2057 ἔτι
1098 2005 1274 2057 λοιπόν
1323 2000 1497 2064 οὐδεὶς
1559 2005 1715 2062 αὐτὴν
1747 2025 1839 2077 φα-

228 2104 389 2169 νερῶς
432 2096 501 2158 εἰς
531 2103 757 2167 γυναῖκα
810 2093 985 2147 λαϐεῖν
1034 2093 1300 2153 ἠθελησεν.
1351 2093 1492 2151 Αῦτη
1548 2089 1606 2145 δὲ
1649 2098 1719 2165 μὴ
1756 2098 1836 2165 φέ-

229 2204 402 2260 ρουσα
448 2190 543 2243 τὴν
583 2184 881 2257 ἐπιθυμίαν,
935 2183 1180 2256 λαθραῖον
1208 2180 1321 2255 εἶχε
1350 2185 1433 2234 τὸν
1474 2181 1602 2254 αὐτῇ
1653 2201 1838 2252 συγγι-

230 2279 459 2347 νόμενον.
488 2276 555 2327 Οἱ
601 2277 750 2326 πέντε
778 2276 869 2347 μὲν
918 2270 1005 2325 οὖν
1036 2269 1219 2347 ἄνδρες
1265 2268 1423 2333 αύτῆς
1466 2268 1620 2337 ἦσαν,
1656 2268 1750 2323 διά
1778 2274 1836 2323 τὸ

232 2368 445 2439 φανερόν
481 2382 493 2394 ·
519 2364 544 2415 ὁ
578 2360 637 2417 δε
663 2368 777 2417 τότε
806 2366 1118 2436 μιγνύμενος
1156 2362 1249 2414 ούκ
1276 2358 1335 2419 ἧν
1368 2360 1495 2435 ἀνὴρ
1529 2364 1656 2420 αὐτῆ
1670 2380 1711 2430 ς,
1745 2356 1839 2412 διὰ

232 2456 287 2505 τό
316 2452 589 2527 λαθραῖον.

303 2543 428 2614 [Τοῦ
491 2541 605 2615 (65)
669 2540 821 2613 ἁγίου
871 2540 1116 2612 Μαξίμου
1151 2559 1163 2571 ·

230 2632 316 2684 λου
368 2637 470 2691 τὴν
524 2630 849 2706 ἀνθρωπίνην
906 2633 1060 2703 φύσιν
1112 2627 1377 2681 λαϐοῦσαν
1424 2633 1572 2680 πέντε
1629 2632 1835 2701 νόμους,

1196 2538 1254 2592 Ὀ
1290 2546 1597 2612 Σαμαρεῖτις
1635 2535 1836 2597 ὑπεδὸ-

232 2723 295 2783 ὡς
351 2718 575 2794 ἄνδρας,
635 2724 720 2773 τόν
773 2740 827 2773 τε
883 2718 931 2771 ἐν
987 2727 1059 2790 τῷ
1114 2714 1423 2789 παραδείσῳ
1500 2714 1718 2769 δοθέντα
1765 2726 1837 2787 τῷ

233 2808 430 2883 Ἀδὰμ,
460 2814 550 2863 καὶ
577 2813 661 2863 τὸν
690 2809 833 2872 ἐκτός
880 2817 970 2861 τοῦ
1028 2804 1353 2881 παραδείσου
1406 2814 1479 2877 τῷ
1516 2806 1655 2877 αύτῷ
1684 2805 1837 2858 πάλιν

234 2898 478 2970 δοθέντα,
528 2905 617 2953 καὶ
700 2902 787 2952 τὸν
864 2906 956 2951 τοῦ
1009 2897 1120 2969 (66)
1171 2903 1284 2949 Νῶε
1343 2899 1479 2947 κατά
1534 2899 1621 2947 τὸν
1673 2916 1837 2947 κατα-

231 2990 491 3064 κλυσμὸν,
536 2994 625 3042 καὶ
680 2992 766 3041 τὸν
817 2995 889 3059 τῷ
930 2986 1170 3059 Ἀϐραὰμ
1214 2989 1332 3058 περὶ
1389 2992 1479 3045 τῆς
1536 2994 1836 3060 περιτομῆς,

230 3084 318 3132 καὶ
369 3084 464 3133 τὸν
518 3087 589 3149 τῷ
638 3078 777 3149 αὐτῷ
802 3077 955 3131 πάλιν
1007 3080 1123 3149 περὶ
1181 3083 1272 3135 τῆς
1326 3077 1462 3126 κατά
1515 3078 1599 3127 τὸν
1658 3075 1839 3129 Ἰσαὰκ

233 3169 421 3230 θυσίας
455 3185 465 3198 ’
498 3167 608 3220 ἀλλ’
672 3167 817 3219 οὗτοι
873 3168 962 3239 μὲν
1017 3168 1065 3217 οἱ
1116 3168 1265 3217 πέντε
1300 3164 1565 3235 παρῆλθον
1594 3169 1683 3217 καὶ
1734 3165 1839 3216 οἷον

232 3258 341 3330 (67)
401 3257 825 3315 ἀποτεθνήκεσαν
886 3273 897 3285 ·
950 3252 1063 3326 εἶχε
1122 3250 1181 3307 δε
1242 3257 1357 3305 τότε
1412 3256 1498 3305 τόν
1538 3259 1837 3306 Μωσαῐκόνο

232 3347 343 3399 Ούκ
370 3344 436 3405 ἧν
481 3342 540 3399 δὲ
562 3346 706 3406 οὗτος
737 3345 851 3417 (68)
894 3342 1021 3418 ἀνὴρ
1055 3344 1232 3414 αὐτῆς,
1286 3344 1314 3401 ἦ
1352 3344 1430 3394 ὅτι
1470 3342 1526 3395 ού
1579 3343 1696 3395 καθ’
1728 3342 1845 3394 ὁλό-

230 3434 422 3509 κληρον
492 3434 763 3509 ἐστέργετό
812 3452 865 3485 τε
903 3437 993 3484 καὶ
1052 3430 1392 3503 ἐφυλάσσετο,
1440 3432 1468 3489 ἡ
1531 3433 1610 3483 ὅτι
1663 3431 1720 3483 ού
1751 3428 1843 3484 διά

229 3529 449 3590 παντὸς,
506 3524 635 3576 ἀλλὰ
696 3527 861 3598 μέχρι
914 3530 1005 3582 τῆς
1068 3528 1161 3573 τοῦ
1232 3527 1470 3593 Σωτῆρος
1536 3517 1838 3591 ἐπιδημίας,

230 3611 389 3673 ἐδόθη
446 3621 508 3687 τῇ
570 3615 706 3665 κατά
759 3615 877 3672 τοὺς
906 3607 1197 3670 Ἰουδαίους
1223 3613 1374 3682 φύσει
1411 3618 1507 3662 τῶν
1536 3609 1839 3685 ἀνθρώπων,

227 3703 453 3757 Ἐκτοτε
503 3701 561 3756 δε
619 3703 713 3755 οὐκ
758 3699 817 3760 ἦν
873 3699 1000 3773 ἀνὴρ
1055 3700 1229 3764 αὐτῆς,
1265 3700 1417 3752 ἄλλου
1462 3704 1655 3758 ταύτην
1684 3700 1841 3773 ἀρμο-

230 3793 457 3866 ξομένου
509 3792 695 3863 ἑαυτῷ,
749 3791 881 3863 λέγω
935 3787 1028 3855 δη,
1092 3798 1182 3841 τοῦ
1264 3789 1597 3861 εύαγγελικοῡ
1658 3798 1837 3861 νόμον.

228 3888 394 3959 Φρέαρ
431 3886 525 3955 μὲν
579 3878 665 3934 οὖν
711 3889 803 3933 τοῦ
860 3878 1045 3933 Ἰακὼϐ
1083 3881 1111 3937 ἡ
1144 3881 1259 3931 θεία
1284 3878 1396 3931 ἐστὶ
1433 3886 1605 3951 Γραφὴ
1650 3897 1661 3908 ·
1696 3877 1839 3953 ὕδωρ

233 3969 291 4025 6‘:
316 3977 511 4026 τούτου
543 3973 573 4030 ἡ
620 3974 811 4030 ταύτης
840 3978 1035 4040 γνῶσις
1066 3986 1078 3997 ·
1121 3967 1282 4040 βάθος
1329 3965 1387 4020 δὲ
1446 3972 1502 4019 τὸ
1558 3968 1719 4041 βάθος
1744 3978 1842 4021 τῶν

229 4064 512 4135 νοημάτων
553 4076 564 4088 ⁸
604 4059 842 4132 ἄντλημα
874 4056 932 4111 δε
964 4060 990 4116 ὁ
1027 4054 1119 4110 διά
1172 4066 1269 4108 τῶν
1325 4059 1645 4131 γραμμάτων
1676 4059 1844 4129 μάθηο

234 4171 314 4213 σις
369 4160 466 4205 τοῦ
522 4153 659 4204 θείου
707 4149 861 4220 λόγου
919 4148 980 4207 ἦν
1043 4147 1135 4199 ούκ
1163 4145 1302 4219 εἶχεν
1330 4148 1355 4198 ὀ
1390 4150 1597 4221 Κύριος,
1628 4150 1695 4207 ὡς
1718 4146 1844 4197 αύτό

225 4250 384 4294 τοῦτο
408 4244 579 4311 Λόγος
627 4244 717 4291 καὶ
751 4238 1060 4309 αύτοσοφία,
1112 4242 1200 4287 καὶ
1248 4236 1306 4287 ού
1354 4240 1440 4293 τὴν
1474 4232 1566 4287 δ’ιά
1603 4236 1847 4309 γραμμά-

229 4351 330 4382 των
385 4331 623 4403 μάθησιν
680 4324 869 4388 διδούς
902 4334 1012 4387 τοῖς
1067 4327 1330 4398 μαθηταῖς
1385 4324 1565 4389 αὐτοῦ,
1603 4323 1729 4376 ἀλλά
1753 4328 1847 4382 την

229 4416 326 4472 διὰ
346 4425 710 4492 πνευματικῆς
736 4418 980 4491 χάριτος.
1008 4414 1031 4489 ]

306 4514 469 4581 Λέγει
500 4539 569 4549 —-
603 4506 807 4561 σύ.ούκ
831 4502 1183 4579 ἐδυσχέρανεν
1206 4502 1516 4575 ἐλεγχθεῖσα
1546 4498 1842 4577 προδηλως,

229 4595 359 4652 οῦδὲ
395 4596 551 4672 ὕϐριν
578 4598 821 4668 ἡγήσατο
869 4597 956 4647 τὸν
988 4594 1222 4665 ἔλεγχον,
1258 4592 1385 4645 ἀλλά
1411 4592 1728 4664 ἐκπλαγεῖσα
1754 4596 1846 4651 τὴν

229 4687 625 4764 ἀκριϐεστάτην
664 4689 960 4760 πρόγνωσιν
988 4684 1166 4745 αὐτοῦ,
1196 4688 1505 4741 κατενόησεν
1562 4684 1639 4735 ὅτι
1691 4688 1847 4745 ὅντως

228 4781 517 4853 προφήτης
550 4776 717 4832 ἐστίν.
750 4780 934 4849 Θεωρὼ
962 4776 1087 4847 γάρ,
1122 4776 1299 4845 φησὶ),
1330 4776 1448 4830 ἤτοι
1470 4776 1702 4845 Συνίημι,
1724 4768 1847 4825 Εἶτα

232 4863 393 4920 οὐδὲν
430 4865 682 4940 βιωτικόν
705 4865 861 4917 αὐτόν
892 4863 1076 4940 ἐρωτᾷ,
1104 4862 1231 4915 ἀλλά
1244 4858 1654 4937 περὶδογμάτων
1678 4862 1844 4923 εύθύς.

229 4960 372 5016 Φησὶ
411 4958 519 5029 γάρ
549 4971 565 4987 °

303 5136 375 5190 Οί
466 5136 684 5211 πατέρες
761 5162 831 5176 -
905 5138 1236 5211 προσκυνεῖν.
1289 5132 1524 5207 Πατέρας
1598 5125 1706 5184 εἶπε
1762 5132 1847 5183 τὸν

1945 1911 2067 1967 lam
2100 1918 2153 1967 et
2175 1912 2505 1966 successive
2537 1911 2851 1976 habuerat,
2883 1912 3175 1984 siquidem
3210 1913 3324 1969 hoc
3355 1915 3607 1985 permis-

1948 2017 2081 2055 sum
2105 2005 2265 2055 erat:
2291 2000 2503 2072 quinto
2525 2005 2724 2055 autem
2750 2006 3008 2067 mortuo,
3039 2001 3239 2057 nullus
3259 2018 3393 2058 eam
3419 2004 3608 2060 mani-

1947 2088 2090 2145 feste
2142 2091 2201 2145 in
2253 2106 2501 2144 uxorem
2546 2089 2813 2161 accipere
2854 2090 3040 2146 voluit
3083 2112 3094 2146 :
3137 2092 3271 2163 ipsa
3302 2108 3442 2147 vero
3482 2108 3605 2148 non

1949 2179 2144 2234 ferens
2177 2179 2744 2250 concupiscentiam,
2790 2179 2904 2234 sibi
2942 2180 3174 2235 occulte
3215 2181 3605 2251 conjunctum

1946 2268 2227 2324 habebat.
2276 2268 2549 2340 Quinque
2592 2284 2733 2339 ergo
2779 2268 2889 2323 viri
2929 2268 3163 2325 fuerant
3204 2271 3415 2342 ipsius,
3462 2271 3607 2343 quia

1947 2356 2259 2412 manifeste
2292 2358 2590 2428 conjuncti
2625 2380 2636 2411 :
2672 2359 2720 2412 is
2751 2362 2975 2425 autem,
3003 2360 3096 2413 cui
3126 2374 3287 2414 nunc
3323 2361 3608 2416 commis-

1946 2447 2210 2511 cabatur,
2253 2464 2397 2501 suus
2438 2462 2559 2501 non
2609 2452 2756 2512 erat,
2804 2462 2874 2502 eo
2918 2447 3079 2519 quod
3118 2448 3386 2504 occultus
3430 2454 3603 2505 esset.

2016 2538 2058 2606 1-
2087 2538 2129 2606 -ι-
2162 2536 2357 2592 Sancti
2392 2535 2627 2591 Maximi
2667 2552 2679 2590 :
2723 2534 2922 2591 Mulier
2962 2537 3339 2592 Samaritana
3384 2538 3605 2607 signiﬁ-

1946 2624 2123 2681 cabat
2140 2629 2416 2681 naturam
2440 2624 2795 2689 humanam,
2818 2641 2953 2697 quae
2979 2625 3244 2697 quinque
3267 2626 3426 2698 leges
3444 2643 3609 2683 acce-

1946 2720 2130 2786 perat,
2152 2722 2443 2785 tanquam
2462 2715 2639 2781 viros,
2656 2714 2937 2769 nimirum
2953 2713 3146 2784 legem
3161 2715 3389 2771 Adamo
3402 2716 3607 2773 datam

1946 2802 2005 2857 in
2024 2802 2306 2874 paradiso
2321 2807 2375 2857 et
2390 2806 2549 2857 extra
2571 2802 2925 2873 paradisum
2940 2802 3133 2858 eidem
3151 2820 3361 2859 rursus
3374 2804 3607 2874 datam,

1947 2893 2149 2948 datam
2175 2893 2293 2945 Noe
2316 2896 2578 2961 tempore
2599 2890 2823 2957 diluvii,
2848 2890 3190 2947 Abrahamo
3212 2893 3287 2948 de
3300 2894 3610 2949 circumci-

1948 2981 2113 3036 sione
2132 2984 2187 3035 et
2206 2995 2408 3034 rursus
2425 2981 2617 3035 eidem
2638 2980 2841 3035 datam
2859 2980 3151 3036 delsaaco
3170 2981 3569 3040 sacriﬁcando
3592 2999 3606 3038 :

1950 3070 2055 3125 sed
2074 3070 2166 3125 ha;
2188 3070 2455 3141 quinque
2470 3070 2941 3141 praeterierantet
2957 3070 3129 3141 quasi
3146 3075 3390 3126 mortuae
3401 3077 3571 3128 erant
3591 3090 3604 3128 ε

1949 3159 2209 3216 habebat
2240 3164 2440 3215 autem
2483 3165 2621 3215 tunc
2654 3158 2992 3214 Mosaicam.
3036 3160 3147 3215 Sed
3187 3159 3315 3215 haec
3351 3159 3447 3216 lex
3485 3176 3608 3218 non

1878 3217 1918 3272 Ε
1948 3255 2071 3307 erat
2094 3250 2338 3306 maritus
2369 3250 2523 3321 ejus,
2560 3249 2646 3304 vel
2673 3250 2838 3321 quod
2866 3265 2985 3305 non
3017 3254 3139 3305 tota
3168 3249 3529 3320 diligebatur
3553 3217 3611 3308 et

1950 3340 2323 3404 servabatur,
2364 3338 2471 3405 vel,
2508 3340 2671 3409 quod
2704 3354 2823 3393 non
2859 3338 2937 3394 ad
2980 3353 3159 3393 omne
3194 3343 3452 3411 tempus,
3500 3338 3608 3396 sed

1951 3433 2183 3484 tantum
2222 3444 2412 3499 usque
2444 3428 2520 3482 ad
2558 3427 2881 3483 adventum
2936 3427 3258 3483 Servatoris
3298 3428 3439 3484 data
3484 3432 3611 3484 erat

1950 3516 2215 3573 Iudaicae
2235 3522 2457 3573 naturae
2482 3518 2781 3571 humanae.
2813 3516 3035 3572 Exinde
3057 3532 3193 3572 vero
3224 3533 3345 3572 non
3368 3522 3493 3573 erat
3521 3516 3612 3573 vir

1953 3607 2102 3678 ejus,
2139 3624 2274 3661 cum
2325 3606 2443 3661 alia
2482 3621 2617 3660 eam
2667 3605 2778 3661 sibi
2825 3605 3146 3676 junxisset,
3184 3605 3276 3661 lex
3322 3604 3610 3661 nimirum

1952 3697 2316 3766 evangelica.
2361 3696 2579 3750 Puteus
2613 3696 2790 3765 igitur
2829 3695 3052 3763 Jacobi,
3095 3700 3187 3750 est
3230 3712 3401 3751 sacra
3460 3696 3614 3751 Scri-

1953 3792 2128 3858 ptura
2156 3802 2167 3839 :
2199 3802 2355 3858 aqua
2378 3801 2514 3839 vero
2541 3785 2684 3856 ejus,
2710 3785 2890 3855 hujus
2913 3785 3210 3854 cognitio:
3240 3784 3612 3857 profunditas

1954 3880 2179 3940 autem,
2202 3874 2581 3947 profunditas
2610 3876 3075 3929 sententiarum:
3105 3875 3415 3929 haustrum
3448 3890 3608 3939 vero,

1953 3964 2206 4019 eruditio
2254 3964 2416 4018 verbi
2457 3963 2638 4017 divini
2686 3979 2823 4035 quae
2876 3964 2940 4018 fit
2984 3979 3090 4035 per
3130 3963 3372 4029 litteras,
3425 3980 3611 4035 quam

1956 4054 2246 4108 Dominus
2279 4069 2397 4108 non
2422 4053 2647 4117 habuit,
2677 4068 2814 4107 cum
2840 4051 2967 4125 ipse
2990 4053 3245 4107 Verbum
3275 4053 3346 4107 sit
3376 4069 3446 4108 ac
3471 4068 3612 4109 vera

1955 4143 2277 4214 Sapientia,
2316 4159 2575 4214 cumque
2606 4142 2913 4213 discipulis
2945 4142 3068 4196 suis
3101 4158 3219 4196 non
3254 4157 3361 4213 per
3389 4141 3613 4197 litteras

1953 4233 2180 4289 dederit
2206 4232 2623 4301 eruditionem,
2662 4231 2762 4287 sed
2792 4246 2898 4303 per
2928 4232 3178 4303 gratiam
3214 4229 3607 4303 spiritualem.

2026 4507 2185 4561 Vers.
2231 4503 2312 4559 19.
2344 4502 2493 4558 Dicit
2530 4533 2599 4543 —
2649 4508 2734 4557 tu.
2786 4503 2911 4557 Non
2954 4499 3196 4573 indigne
3240 4497 3391 4567 tulit,
3447 4498 3613 4574 quod

1880 4569 2268 4650 Dmanifeste
2330 4596 2698 4661 argueretur,
2759 4606 2954 4663 neque
3007 4606 3116 4663 pro
3172 4592 3392 4661 injuria
3444 4590 3617 4646 duxit

1954 4683 2445 4755 increpationem,
2468 4680 2570 4735 sed
2590 4680 2886 4736 admirata
2910 4679 3230 4751 perfectam
3257 4681 3386 4751 ejus
3409 4680 3616 4750 cogni-

1956 4772 2197 4837 tionem,
2234 4786 2369 4826 vere
2409 4770 2766 4841 prophetam
2822 4784 2961 4823 eum
3022 4784 3153 4823 esse
3198 4769 3610 4841 deprehendit.

1964 4861 2154 4928 Video,
2188 4859 2379 4933 inquit
2410 4859 2555 4925 sive,
2598 4857 2883 4927 Intelligo.
2918 4859 2984 4912 Et
3011 4857 3225 4913 exinde
3256 4857 3405 4913 nihil
3444 4873 3616 4913 mun-

1956 4951 2182 5007 danum
2216 4955 2318 5007 aut
2357 4947 2687 5020 temporale
2719 4964 2857 5003 eum
2888 4947 3233 5017 interrogat,
3268 4946 3373 5003 sed
3414 4948 3613 5003 statim

1956 5041 2030 5096 de
2057 5039 2461 5109 dogmatibus.
2487 5036 2579 5093 Ait
2608 5037 2769 5093 enim
2809 5052 2823 5092 :

2030 5130 2187 5186 Vers.
2227 5128 2316 5183 νο.
2348 5128 2563 5184 Patres
2594 5156 2661 5167 -—
2705 5125 2976 5183 adorare.
3026 5124 3227 5181 Patres
3256 5122 3403 5180 dixit
3430 5121 3615 5181 Abra-

1454 5333 1678 5406 Varite
1726 5334 2055 5407 lectiones
2098 5346 2163 5407 et
2202 5345 2405 5406 notas.

303 5561 431 5635 (65)
466 5563 599 5642 Haec
653 5564 902 5634 uterque
934 5559 1124 5617 codex
1162 5556 1403 5642 exhibet
1447 5561 1503 5617 in
1560 5558 1848 5631 margine.

233 5640 570 5691 Hentenius
602 5650 845 5705 prorsus
876 5640 1317 5705 nonagnoscit.

306 5706 429 5779 (66)
460 5704 648 5761 Etiam
674 5704 771 5761 hic
796 5713 868 5776 τῷ
908 5704 1315 5760 scribendum.

530 5801 764 5859 Parnm.
797 5800 903 5859 Gn.
946 5798 1193 5858 CXXIX.

2035 5562 2146 5632 (67)
2187 5563 2296 5616 Pro
2328 5551 2782 5620 ἀπιτιθνὴκεισαν.

2036 5624 2148 5702 (68)
2188 5634 2251 5687 In
2284 5635 2486 5689 Latino
2517 5634 2644 5690 haec
2677 5633 2850 5690 valde
2881 5624 3240 5698 claudicant,
3264 5644 3403 5688 cum
3424 5629 3521 5690 (ex
3544 5630 3621 5691 sit

1962 5703 2342 5761 femininum.

3299 5802 3373 5859 38
