  <div class='ocr_page' id='page_1' title='image "/cluster/home/n/w/nwhite01/storage/ocr_20150623/129/coo.31924054870344/607.png"; bbox 0 0 4156 6380; ppageno 0'>
   <div class='ocr_carea' id='block_1_1' title="bbox 596 320 738 378">
    <p class='ocr_par' dir='ltr' id='par_1_1' title="bbox 596 320 738 378">
     <span class='ocr_line' id='line_1_1' title="bbox 596 320 738 378; baseline -0.014 0"><span class='ocrx_word' id='word_1_1' title='bbox 596 320 738 378; x_wconf 67' lang='grc'>1198</span> 
     </span>
    </p>
   </div>
   <div class='ocr_carea' id='block_1_2' title="bbox 594 446 2253 519">
    <p class='ocr_par' dir='ltr' id='par_1_2' title="bbox 594 446 2253 519">
     <span class='ocr_line' id='line_1_2' title="bbox 594 446 2253 519; baseline -0.001 -13"><span class='ocrx_word' id='word_1_2' title='bbox 594 449 738 506; x_wconf 88' lang='lat' dir='ltr'>ham</span> <span class='ocrx_word' id='word_1_3' title='bbox 800 452 857 503; x_wconf 85' lang='lat' dir='ltr'>et</span> <span class='ocrx_word' id='word_1_4' title='bbox 909 451 1103 505; x_wconf 87' lang='lat' dir='ltr'>Isaac.</span> <span class='ocrx_word' id='word_1_5' title='bbox 1184 448 1361 505; x_wconf 88' lang='lat' dir='ltr'>Vetus</span> <span class='ocrx_word' id='word_1_6' title='bbox 1415 446 1713 519; x_wconf 86' lang='lat' dir='ltr'>siquidem</span> <span class='ocrx_word' id='word_1_7' title='bbox 1772 448 2021 504; x_wconf 83' lang='lat' dir='ltr'>historia</span> <span class='ocrx_word' id='word_1_8' title='bbox 2080 449 2253 505; x_wconf 84' lang='lat' dir='ltr'>tradit</span> 
     </span>
    </p>
   </div>
   <div class='ocr_carea' id='block_1_3' title="bbox 595 537 2252 594">
    <p class='ocr_par' dir='ltr' id='par_1_3' title="bbox 595 537 2252 594">
     <span class='ocr_line' id='line_1_3' title="bbox 595 537 2252 594; baseline 0 -1"><span class='ocrx_word' id='word_1_9' title='bbox 595 539 899 594; x_wconf 81' lang='lat' dir='ltr'>Abraham</span> <span class='ocrx_word' id='word_1_10' title='bbox 930 538 986 593; x_wconf 91' lang='lat' dir='ltr'>in</span> <span class='ocrx_word' id='word_1_11' title='bbox 1014 538 1112 593; x_wconf 92' lang='lat' dir='ltr'>illo</span> <span class='ocrx_word' id='word_1_12' title='bbox 1142 544 1342 594; x_wconf 90' lang='lat' dir='ltr'>monte</span> <span class='ocrx_word' id='word_1_13' title='bbox 1360 537 1644 592; x_wconf 72' lang='lat' dir='ltr'>obtulisse</span> <span class='ocrx_word' id='word_1_14' title='bbox 1671 541 1831 593; x_wconf 86' lang='lat' dir='ltr'>Isaac</span> <span class='ocrx_word' id='word_1_15' title='bbox 1856 538 1971 592; x_wconf 89' lang='lat' dir='ltr'>Deo</span> <span class='ocrx_word' id='word_1_16' title='bbox 2002 537 2064 592; x_wconf 88' lang='lat' dir='ltr'>in</span> <span class='ocrx_word' id='word_1_17' title='bbox 2092 538 2252 594; x_wconf 84' lang='lat' dir='ltr'>holo-</span> 
     </span>
    </p>
   </div>
   <div class='ocr_carea' id='block_1_4' title="bbox 596 625 2250 699">
    <p class='ocr_par' dir='ltr' id='par_1_4' title="bbox 596 625 2250 699">
     <span class='ocr_line' id='line_1_4' title="bbox 596 625 2250 699; baseline -0.001 -16"><span class='ocrx_word' id='word_1_18' title='bbox 596 635 891 683; x_wconf 90' lang='lat' dir='ltr'>caustum.</span> <span class='ocrx_word' id='word_1_19' title='bbox 926 630 1039 681; x_wconf 85' lang='lat' dir='ltr'>Aut</span> <span class='ocrx_word' id='word_1_20' title='bbox 1072 639 1265 699; x_wconf 88' lang='lat' dir='ltr'>patres</span> <span class='ocrx_word' id='word_1_21' title='bbox 1300 627 1446 681; x_wconf 77' lang='lat' dir='ltr'>dixit</span> <span class='ocrx_word' id='word_1_22' title='bbox 1473 625 1657 680; x_wconf 83' lang='lat' dir='ltr'>Jacob</span> <span class='ocrx_word' id='word_1_23' title='bbox 1688 633 1744 681; x_wconf 90' lang='lat' dir='ltr'>et</span> <span class='ocrx_word' id='word_1_24' title='bbox 1777 626 1926 679; x_wconf 83' lang='lat' dir='ltr'>ﬁlios</span> <span class='ocrx_word' id='word_1_25' title='bbox 1944 626 2093 697; x_wconf 84' lang='lat' dir='ltr'>ejus.</span> <span class='ocrx_word' id='word_1_26' title='bbox 2118 626 2250 681; x_wconf 88' lang='lat' dir='ltr'>Jam</span> 
     </span>
    </p>
   </div>
   <div class='ocr_carea' id='block_1_5' title="bbox 594 714 2253 774">
    <p class='ocr_par' dir='ltr' id='par_1_5' title="bbox 594 714 2253 774">
     <span class='ocr_line' id='line_1_5' title="bbox 594 714 2253 774; baseline -0.002 0"><span class='ocrx_word' id='word_1_27' title='bbox 594 719 772 774; x_wconf 85' lang='lat' dir='ltr'>Jacob</span> <span class='ocrx_word' id='word_1_28' title='bbox 803 717 882 770; x_wconf 88' lang='lat' dir='ltr'>ibi</span> <span class='ocrx_word' id='word_1_29' title='bbox 913 717 1211 771; x_wconf 77' lang='lat' dir='ltr'>constituit</span> <span class='ocrx_word' id='word_1_30' title='bbox 1233 716 1414 771; x_wconf 90' lang='lat' dir='ltr'>altare</span> <span class='ocrx_word' id='word_1_31' title='bbox 1433 721 1487 769; x_wconf 93' lang='lat' dir='ltr'>et</span> <span class='ocrx_word' id='word_1_32' title='bbox 1519 715 1793 770; x_wconf 81' lang='lat' dir='ltr'>adoravit</span> <span class='ocrx_word' id='word_1_33' title='bbox 1823 715 2027 769; x_wconf 82' lang='lat' dir='ltr'>Deum.</span> <span class='ocrx_word' id='word_1_34' title='bbox 2056 714 2253 770; x_wconf 83' lang='lat' dir='ltr'>Mulier</span> 
     </span>
    </p>
   </div>
   <div class='ocr_carea' id='block_1_6' title="bbox 593 804 2250 879">
    <p class='ocr_par' dir='ltr' id='par_1_6' title="bbox 593 804 2250 879">
     <span class='ocr_line' id='line_1_6' title="bbox 593 804 2250 879; baseline -0.003 -14"><span class='ocrx_word' id='word_1_35' title='bbox 593 809 793 879; x_wconf 85' lang='lat' dir='ltr'>itaque</span> <span class='ocrx_word' id='word_1_36' title='bbox 830 808 1223 878; x_wconf 78' lang='lat' dir='ltr'>quaestionem</span> <span class='ocrx_word' id='word_1_37' title='bbox 1275 805 1604 876; x_wconf 82' lang='lat' dir='ltr'>proposuit,</span> <span class='ocrx_word' id='word_1_38' title='bbox 1656 810 1877 875; x_wconf 85' lang='lat' dir='ltr'>putans</span> <span class='ocrx_word' id='word_1_39' title='bbox 1934 804 2250 860; x_wconf 84' lang='lat' dir='ltr'>Samarita-</span> 
     </span>
    </p>
   </div>
   <div class='ocr_carea' id='block_1_7' title="bbox 591 893 2252 966">
    <p class='ocr_par' dir='ltr' id='par_1_7' title="bbox 591 893 2252 966">
     <span class='ocr_line' id='line_1_7' title="bbox 591 893 2252 966; baseline -0.002 -14"><span class='ocrx_word' id='word_1_40' title='bbox 591 913 810 953; x_wconf 86' lang='lat' dir='ltr'>norum</span> <span class='ocrx_word' id='word_1_41' title='bbox 855 897 1076 966; x_wconf 81' lang='lat' dir='ltr'>dogma</span> <span class='ocrx_word' id='word_1_42' title='bbox 1115 894 1327 949; x_wconf 89' lang='lat' dir='ltr'>melius</span> <span class='ocrx_word' id='word_1_43' title='bbox 1366 910 1494 948; x_wconf 91' lang='lat' dir='ltr'>esse</span> <span class='ocrx_word' id='word_1_44' title='bbox 1541 910 1723 965; x_wconf 89' lang='lat' dir='ltr'>quam</span> <span class='ocrx_word' id='word_1_45' title='bbox 1776 893 2142 956; x_wconf 68' lang='lat' dir='ltr'>Iudaeorum,</span> <span class='ocrx_word' id='word_1_46' title='bbox 2195 898 2252 948; x_wconf 88' lang='lat' dir='ltr'>et</span> 
     </span>
    </p>
   </div>
   <div class='ocr_carea' id='block_1_8' title="bbox 591 982 2251 1054">
    <p class='ocr_par' dir='ltr' id='par_1_8' title="bbox 591 982 2251 1054">
     <span class='ocr_line' id='line_1_8' title="bbox 591 982 2251 1054; baseline -0.004 -12"><span class='ocrx_word' id='word_1_47' title='bbox 591 986 1033 1043; x_wconf 80' lang='lat' dir='ltr'>honoratiorem</span> <span class='ocrx_word' id='word_1_48' title='bbox 1075 984 1271 1039; x_wconf 91' lang='lat' dir='ltr'>locum</span> <span class='ocrx_word' id='word_1_49' title='bbox 1306 1000 1434 1038; x_wconf 91' lang='lat' dir='ltr'>esse</span> <span class='ocrx_word' id='word_1_50' title='bbox 1468 984 1683 1037; x_wconf 88' lang='lat' dir='ltr'>montis</span> <span class='ocrx_word' id='word_1_51' title='bbox 1716 982 1891 1047; x_wconf 89' lang='lat' dir='ltr'>illius,</span> <span class='ocrx_word' id='word_1_52' title='bbox 1917 999 2100 1054; x_wconf 89' lang='lat' dir='ltr'>quam</span> <span class='ocrx_word' id='word_1_53' title='bbox 2125 983 2251 1036; x_wconf 85' lang='lat' dir='ltr'>Hie-</span> 
     </span>
    </p>
   </div>
   <div class='ocr_carea' id='block_1_9' title="bbox 591 1072 2250 1147">
    <p class='ocr_par' dir='ltr' id='par_1_9' title="bbox 591 1072 2250 1147">
     <span class='ocr_line' id='line_1_9' title="bbox 591 1072 2250 1147; baseline -0.003 -15"><span class='ocrx_word' id='word_1_54' title='bbox 591 1076 914 1147; x_wconf 86' lang='lat' dir='ltr'>rosolyma.</span> <span class='ocrx_word' id='word_1_55' title='bbox 950 1075 1211 1131; x_wconf 74' lang='lat' dir='ltr'>Christus</span> <span class='ocrx_word' id='word_1_56' title='bbox 1247 1089 1384 1128; x_wconf 87' lang='lat' dir='ltr'>vero</span> <span class='ocrx_word' id='word_1_57' title='bbox 1419 1073 1681 1143; x_wconf 90' lang='lat' dir='ltr'>primum</span> <span class='ocrx_word' id='word_1_58' title='bbox 1718 1072 1906 1127; x_wconf 88' lang='lat' dir='ltr'>elevat</span> <span class='ocrx_word' id='word_1_59' title='bbox 1938 1072 2250 1143; x_wconf 90' lang='lat' dir='ltr'>utriusque</span> 
     </span>
    </p>
   </div>
   <div class='ocr_carea' id='block_1_10' title="bbox 590 1160 2250 1234">
    <p class='ocr_par' dir='ltr' id='par_1_10' title="bbox 590 1160 2250 1234">
     <span class='ocr_line' id='line_1_10' title="bbox 590 1160 2250 1234; baseline -0.002 -15"><span class='ocrx_word' id='word_1_60' title='bbox 590 1164 705 1221; x_wconf 91' lang='lat' dir='ltr'>loci</span> <span class='ocrx_word' id='word_1_61' title='bbox 744 1164 1118 1234; x_wconf 87' lang='lat' dir='ltr'>dignitatem,</span> <span class='ocrx_word' id='word_1_62' title='bbox 1166 1178 1237 1217; x_wconf 92' lang='lat' dir='ltr'>eo</span> <span class='ocrx_word' id='word_1_63' title='bbox 1276 1162 1440 1233; x_wconf 91' lang='lat' dir='ltr'>quod</span> <span class='ocrx_word' id='word_1_64' title='bbox 1474 1161 1633 1216; x_wconf 91' lang='lat' dir='ltr'>brevi</span> <span class='ocrx_word' id='word_1_65' title='bbox 1667 1160 1931 1216; x_wconf 87' lang='lat' dir='ltr'>futurum</span> <span class='ocrx_word' id='word_1_66' title='bbox 1972 1166 2151 1223; x_wconf 82' lang='lat' dir='ltr'>esset,</span> <span class='ocrx_word' id='word_1_67' title='bbox 2190 1164 2250 1215; x_wconf 85' lang='lat' dir='ltr'>ut</span> 
     </span>
    </p>
   </div>
   <div class='ocr_carea' id='block_1_11' title="bbox 589 1250 2249 1323">
    <p class='ocr_par' dir='ltr' id='par_1_11' title="bbox 589 1250 2249 1323">
     <span class='ocr_line' id='line_1_11' title="bbox 589 1250 2249 1323; baseline -0.005 -12"><span class='ocrx_word' id='word_1_68' title='bbox 589 1255 783 1311; x_wconf 89' lang='lat' dir='ltr'>cultus</span> <span class='ocrx_word' id='word_1_69' title='bbox 813 1254 1048 1309; x_wconf 91' lang='lat' dir='ltr'>divinus</span> <span class='ocrx_word' id='word_1_70' title='bbox 1078 1254 1135 1306; x_wconf 91' lang='lat' dir='ltr'>in</span> <span class='ocrx_word' id='word_1_71' title='bbox 1172 1255 1423 1323; x_wconf 88' lang='lat' dir='ltr'>utroque</span> <span class='ocrx_word' id='word_1_72' title='bbox 1450 1256 1744 1314; x_wconf 84' lang='lat' dir='ltr'>cessaret;</span> <span class='ocrx_word' id='word_1_73' title='bbox 1773 1250 1987 1305; x_wconf 89' lang='lat' dir='ltr'>deinde</span> <span class='ocrx_word' id='word_1_74' title='bbox 2006 1250 2249 1305; x_wconf 65' lang='lat' dir='ltr'>Judaaos</span> 
     </span>
    </p>
   </div>
   <div class='ocr_carea' id='block_1_12' title="bbox 589 1340 2249 1416">
    <p class='ocr_par' dir='ltr' id='par_1_12' title="bbox 589 1340 2249 1416">
     <span class='ocr_line' id='line_1_12' title="bbox 589 1340 2249 1416; baseline -0.002 -17"><span class='ocrx_word' id='word_1_75' title='bbox 589 1343 903 1416; x_wconf 67' lang='lat' dir='ltr'>praeponit,</span> <span class='ocrx_word' id='word_1_76' title='bbox 937 1348 992 1398; x_wconf 90' lang='lat' dir='ltr'>et</span> <span class='ocrx_word' id='word_1_77' title='bbox 1024 1341 1412 1413; x_wconf 84' lang='lat' dir='ltr'>postmodum</span> <span class='ocrx_word' id='word_1_78' title='bbox 1445 1340 1626 1395; x_wconf 89' lang='lat' dir='ltr'>divini</span> <span class='ocrx_word' id='word_1_79' title='bbox 1657 1341 1849 1395; x_wconf 89' lang='lat' dir='ltr'>cultus</span> <span class='ocrx_word' id='word_1_80' title='bbox 1880 1340 2098 1409; x_wconf 86' lang='lat' dir='ltr'>dogma</span> <span class='ocrx_word' id='word_1_81' title='bbox 2122 1356 2249 1395; x_wconf 90' lang='lat' dir='ltr'>ma-</span> 
     </span>
    </p>
   </div>
   <div class='ocr_carea' id='block_1_13' title="bbox 590 1433 848 1489">
    <p class='ocr_par' dir='ltr' id='par_1_13' title="bbox 590 1433 848 1489">
     <span class='ocr_line' id='line_1_13' title="bbox 590 1433 848 1489; baseline -0.008 0"><span class='ocrx_word' id='word_1_82' title='bbox 590 1433 848 1489; x_wconf 85' lang='lat' dir='ltr'>nifestat.</span> 
     </span>
    </p>
   </div>
   <div class='ocr_carea' id='block_1_14' title="bbox 660 1697 2245 1769">
    <p class='ocr_par' dir='ltr' id='par_1_14' title="bbox 660 1697 2245 1769">
     <span class='ocr_line' id='line_1_14' title="bbox 660 1697 2245 1769; baseline -0.001 -12"><span class='ocrx_word' id='word_1_83' title='bbox 660 1702 821 1757; x_wconf 89' lang='lat' dir='ltr'>Vers.</span> <span class='ocrx_word' id='word_1_84' title='bbox 881 1703 968 1755; x_wconf 88' lang='lat' dir='ltr'>2t.</span> <span class='ocrx_word' id='word_1_85' title='bbox 1027 1699 1127 1754; x_wconf 78' lang='lat' dir='ltr'>Ait</span> <span class='ocrx_word' id='word_1_86' title='bbox 1182 1729 1248 1739; x_wconf 90' lang='lat'><strong><em>—</em></strong></span> <span class='ocrx_word' id='word_1_87' title='bbox 1302 1704 1542 1767; x_wconf 83' lang='lat' dir='ltr'>patrem.</span> <span class='ocrx_word' id='word_1_88' title='bbox 1584 1699 1625 1767; x_wconf 68' lang='grc' dir='ltr'>-ι-</span> <span class='ocrx_word' id='word_1_89' title='bbox 1673 1698 1713 1766; x_wconf 76' lang='grc' dir='ltr'>-ι-</span> <span class='ocrx_word' id='word_1_90' title='bbox 1754 1697 2117 1769; x_wconf 68' lang='lat' dir='ltr'>Sophoniaa;</span> <span class='ocrx_word' id='word_1_91' title='bbox 2174 1700 2245 1755; x_wconf 80' lang='lat' dir='ltr'>Et</span> 
     </span>
    </p>
   </div>
   <div class='ocr_carea' id='block_1_15' title="bbox 585 1786 1812 1859">
    <p class='ocr_par' dir='ltr' id='par_1_15' title="bbox 585 1786 1812 1859">
     <span class='ocr_line' id='line_1_15' title="bbox 585 1786 1812 1859; baseline -0.009 -10"><span class='ocrx_word' id='word_1_92' title='bbox 585 1792 912 1849; x_wconf 85' lang='lat' dir='ltr'>adorabunt</span> <span class='ocrx_word' id='word_1_93' title='bbox 943 1805 1067 1845; x_wconf 79' lang='lat' dir='ltr'>eum</span> <span class='ocrx_word' id='word_1_94' title='bbox 1099 1786 1339 1859; x_wconf 79' lang='lat' dir='ltr'>quilibet</span> <span class='ocrx_word' id='word_1_95' title='bbox 1366 1802 1439 1843; x_wconf 76' lang='lat' dir='ltr'>ea:</span> <span class='ocrx_word' id='word_1_96' title='bbox 1470 1788 1595 1842; x_wconf 82' lang='lat' dir='ltr'>loco</span> <span class='ocrx_word' id='word_1_97' title='bbox 1617 1803 1717 1841; x_wconf 87' lang='lat' dir='ltr'>suo</span> <span class='ocrx_word' id='word_1_98' title='bbox 1745 1789 1812 1838; x_wconf 75' lang='grc'>⁸⁸.</span> 
     </span>
    </p>
   </div>
   <div class='ocr_carea' id='block_1_16' title="bbox 656 1874 2242 1949">
    <p class='ocr_par' dir='ltr' id='par_1_16' title="bbox 656 1874 2242 1949">
     <span class='ocr_line' id='line_1_16' title="bbox 656 1874 2242 1949; baseline -0.001 -14"><span class='ocrx_word' id='word_1_99' title='bbox 656 1880 735 1935; x_wconf 81' lang='lat' dir='ltr'>Ex</span> <span class='ocrx_word' id='word_1_100' title='bbox 761 1879 875 1934; x_wconf 91' lang='lat' dir='ltr'>hoc</span> <span class='ocrx_word' id='word_1_101' title='bbox 903 1876 1171 1949; x_wconf 67' lang='lat' dir='ltr'>prmdicit</span> <span class='ocrx_word' id='word_1_102' title='bbox 1195 1875 1646 1930; x_wconf 83' lang='lat' dir='ltr'>dissolutionem</span> <span class='ocrx_word' id='word_1_103' title='bbox 1688 1874 2019 1931; x_wconf 86' lang='lat' dir='ltr'>Samaritici</span> <span class='ocrx_word' id='word_1_104' title='bbox 2064 1877 2242 1933; x_wconf 89' lang='lat' dir='ltr'>simul</span> 
     </span>
    </p>
   </div>
   <div class='ocr_carea' id='block_1_17' title="bbox 582 1963 2240 2036">
    <p class='ocr_par' dir='ltr' id='par_1_17' title="bbox 582 1963 2240 2036">
     <span class='ocr_line' id='line_1_17' title="bbox 582 1963 2240 2036; baseline -0.002 -10"><span class='ocrx_word' id='word_1_105' title='bbox 582 1976 640 2027; x_wconf 89' lang='lat' dir='ltr'>et</span> <span class='ocrx_word' id='word_1_106' title='bbox 684 1968 916 2024; x_wconf 72' lang='lat' dir='ltr'>Iudaici</span> <span class='ocrx_word' id='word_1_107' title='bbox 954 1967 1164 2028; x_wconf 90' lang='lat' dir='ltr'>cultus,</span> <span class='ocrx_word' id='word_1_108' title='bbox 1212 1981 1397 2036; x_wconf 89' lang='lat' dir='ltr'>quam</span> <span class='ocrx_word' id='word_1_109' title='bbox 1447 1963 1613 2035; x_wconf 88' lang='lat' dir='ltr'>passi</span> <span class='ocrx_word' id='word_1_110' title='bbox 1672 1973 1827 2027; x_wconf 88' lang='lat' dir='ltr'>sunt,</span> <span class='ocrx_word' id='word_1_111' title='bbox 1867 1966 2240 2022; x_wconf 81' lang='lat' dir='ltr'>exterminati</span> 
     </span>
    </p>
   </div>
   <div class='ocr_carea' id='block_1_18' title="bbox 583 2053 2241 2131">
    <p class='ocr_par' dir='ltr' id='par_1_18' title="bbox 583 2053 2241 2131">
     <span class='ocr_line' id='line_1_18' title="bbox 583 2053 2241 2131; baseline -0.002 -17"><span class='ocrx_word' id='word_1_112' title='bbox 583 2064 722 2131; x_wconf 86' lang='lat' dir='ltr'>post</span> <span class='ocrx_word' id='word_1_113' title='bbox 747 2056 957 2113; x_wconf 85' lang='lat' dir='ltr'>Christi</span> <span class='ocrx_word' id='word_1_114' title='bbox 982 2055 1323 2127; x_wconf 65' lang='lat' dir='ltr'>passionem</span> <span class='ocrx_word' id='word_1_115' title='bbox 1354 2069 1389 2108; x_wconf 86' lang='lat' dir='ltr'>a</span> <span class='ocrx_word' id='word_1_116' title='bbox 1412 2053 1715 2108; x_wconf 84' lang='lat' dir='ltr'>Romanis.</span> <span class='ocrx_word' id='word_1_117' title='bbox 1740 2056 1842 2109; x_wconf 87' lang='lat' dir='ltr'>Per</span> <span class='ocrx_word' id='word_1_118' title='bbox 1868 2054 2079 2110; x_wconf 88' lang='lat' dir='ltr'>horam</span> <span class='ocrx_word' id='word_1_119' title='bbox 2105 2072 2241 2111; x_wconf 86' lang='lat' dir='ltr'>vero</span> 
     </span>
    </p>
   </div>
   <div class='ocr_carea' id='block_1_19' title="bbox 582 2148 1135 2217">
    <p class='ocr_par' dir='ltr' id='par_1_19' title="bbox 582 2148 1135 2217">
     <span class='ocr_line' id='line_1_19' title="bbox 582 2148 1135 2217; baseline -0.013 -13"><span class='ocrx_word' id='word_1_120' title='bbox 582 2148 840 2217; x_wconf 89' lang='lat' dir='ltr'>intellige</span> <span class='ocrx_word' id='word_1_121' title='bbox 873 2150 1135 2216; x_wconf 90' lang='lat' dir='ltr'>tempus.</span> 
     </span>
    </p>
   </div>
   <div class='ocr_carea' id='block_1_20' title="bbox 656 2230 2242 2303">
    <p class='ocr_par' dir='ltr' id='par_1_20' title="bbox 656 2230 2242 2303">
     <span class='ocr_line' id='line_1_20' title="bbox 656 2230 2242 2303; baseline -0.004 -13"><span class='ocrx_word' id='word_1_122' title='bbox 656 2238 813 2292; x_wconf 88' lang='lat' dir='ltr'>Vers.</span> <span class='ocrx_word' id='word_1_123' title='bbox 845 2240 935 2292; x_wconf 80' lang='lat'>22.</span> <span class='ocrx_word' id='word_1_124' title='bbox 991 2236 1091 2289; x_wconf 87' lang='lat' dir='ltr'>Vos</span> <span class='ocrx_word' id='word_1_125' title='bbox 1121 2265 1180 2273; x_wconf 94' lang='lat'>—</span> <span class='ocrx_word' id='word_1_126' title='bbox 1211 2232 1445 2288; x_wconf 73' lang='lat' dir='ltr'>scimus.</span> <span class='ocrx_word' id='word_1_127' title='bbox 1475 2230 1833 2303; x_wconf 89' lang='lat' dir='ltr'>Quanquam</span> <span class='ocrx_word' id='word_1_128' title='bbox 1885 2232 2045 2287; x_wconf 89' lang='lat' dir='ltr'>enim</span> <span class='ocrx_word' id='word_1_129' title='bbox 2078 2249 2242 2288; x_wconf 74' lang='lat' dir='ltr'>eun:-</span> 
     </span>
    </p>
   </div>
   <div class='ocr_carea' id='block_1_21' title="bbox 580 2320 2239 2385">
    <p class='ocr_par' dir='ltr' id='par_1_21' title="bbox 580 2320 2239 2385">
     <span class='ocr_line' id='line_1_21' title="bbox 580 2320 2239 2385; baseline -0.003 -3"><span class='ocrx_word' id='word_1_130' title='bbox 580 2326 719 2382; x_wconf 88' lang='lat' dir='ltr'>dem</span> <span class='ocrx_word' id='word_1_131' title='bbox 755 2326 937 2380; x_wconf 91' lang='lat' dir='ltr'>Deum</span> <span class='ocrx_word' id='word_1_132' title='bbox 970 2322 1253 2379; x_wconf 81' lang='lat' dir='ltr'>colebant</span> <span class='ocrx_word' id='word_1_133' title='bbox 1294 2321 1650 2378; x_wconf 89' lang='lat' dir='ltr'>Samaritani</span> <span class='ocrx_word' id='word_1_134' title='bbox 1699 2326 1755 2375; x_wconf 79' lang='lat' dir='ltr'>et</span> <span class='ocrx_word' id='word_1_135' title='bbox 1794 2320 2005 2385; x_wconf 68' lang='lat' dir='ltr'>Judaei,</span> <span class='ocrx_word' id='word_1_136' title='bbox 2040 2327 2239 2377; x_wconf 90' lang='lat' dir='ltr'>tamen</span> 
     </span>
    </p>
   </div>
   <div class='ocr_carea' id='block_1_22' title="bbox 581 2409 2241 2482">
    <p class='ocr_par' dir='ltr' id='par_1_22' title="bbox 581 2409 2241 2482">
     <span class='ocr_line' id='line_1_22' title="bbox 581 2409 2241 2482; baseline -0.005 -10"><span class='ocrx_word' id='word_1_137' title='bbox 581 2415 933 2473; x_wconf 88' lang='lat' dir='ltr'>Samaritani</span> <span class='ocrx_word' id='word_1_138' title='bbox 956 2412 1332 2481; x_wconf 85' lang='lat' dir='ltr'>ignorabant,</span> <span class='ocrx_word' id='word_1_139' title='bbox 1365 2410 1529 2482; x_wconf 90' lang='lat' dir='ltr'>quod</span> <span class='ocrx_word' id='word_1_140' title='bbox 1561 2409 1834 2465; x_wconf 88' lang='lat' dir='ltr'>omnium</span> <span class='ocrx_word' id='word_1_141' title='bbox 1860 2411 2121 2480; x_wconf 87' lang='lat' dir='ltr'>gentium</span> <span class='ocrx_word' id='word_1_142' title='bbox 2152 2429 2241 2467; x_wconf 84' lang='lat' dir='ltr'>es-</span> 
     </span>
    </p>
   </div>
   <div class='ocr_carea' id='block_1_23' title="bbox 579 2498 2238 2572">
    <p class='ocr_par' dir='ltr' id='par_1_23' title="bbox 579 2498 2238 2572">
     <span class='ocr_line' id='line_1_23' title="bbox 579 2498 2238 2572; baseline -0.002 -13"><span class='ocrx_word' id='word_1_143' title='bbox 579 2511 665 2559; x_wconf 88' lang='lat' dir='ltr'>set</span> <span class='ocrx_word' id='word_1_144' title='bbox 694 2504 983 2559; x_wconf 90' lang='lat' dir='ltr'>Dominus</span> <span class='ocrx_word' id='word_1_145' title='bbox 1027 2502 1473 2572; x_wconf 84' lang='lat' dir='ltr'>:Opinabantur</span> <span class='ocrx_word' id='word_1_146' title='bbox 1512 2498 1831 2570; x_wconf 87' lang='lat' dir='ltr'>siquidem,</span> <span class='ocrx_word' id='word_1_147' title='bbox 1888 2500 2051 2571; x_wconf 89' lang='lat' dir='ltr'>quod</span> <span class='ocrx_word' id='word_1_148' title='bbox 2096 2500 2238 2555; x_wconf 91' lang='lat' dir='ltr'>solis</span> 
     </span>
    </p>
   </div>
   <div class='ocr_carea' id='block_1_24' title="bbox 578 2587 2238 2661">
    <p class='ocr_par' dir='ltr' id='par_1_24' title="bbox 578 2587 2238 2661">
     <span class='ocr_line' id='line_1_24' title="bbox 578 2587 2238 2661; baseline -0.004 -11"><span class='ocrx_word' id='word_1_149' title='bbox 578 2590 972 2650; x_wconf 88' lang='lat' dir='ltr'>Samaritanis</span> <span class='ocrx_word' id='word_1_150' title='bbox 992 2597 1170 2661; x_wconf 91' lang='lat' dir='ltr'>atque</span> <span class='ocrx_word' id='word_1_151' title='bbox 1196 2587 1416 2645; x_wconf 73' lang='lat' dir='ltr'>Judaeis</span> <span class='ocrx_word' id='word_1_152' title='bbox 1441 2587 1871 2642; x_wconf 89' lang='lat' dir='ltr'>dominaretur.</span> <span class='ocrx_word' id='word_1_153' title='bbox 1892 2588 2077 2643; x_wconf 77' lang='lat' dir='ltr'>Judaei</span> <span class='ocrx_word' id='word_1_154' title='bbox 2109 2606 2238 2644; x_wconf 81' lang='lat' dir='ltr'>vero</span> 
     </span>
    </p>
   </div>
   <div class='ocr_carea' id='block_1_25' title="bbox 576 2677 2236 2752">
    <p class='ocr_par' dir='ltr' id='par_1_25' title="bbox 576 2677 2236 2752">
     <span class='ocr_line' id='line_1_25' title="bbox 576 2677 2236 2752; baseline -0.002 -14"><span class='ocrx_word' id='word_1_155' title='bbox 576 2681 1042 2752; x_wconf 80' lang='lat' dir='ltr'>cognoscebant,</span> <span class='ocrx_word' id='word_1_156' title='bbox 1077 2678 1240 2750; x_wconf 90' lang='lat' dir='ltr'>quod</span> <span class='ocrx_word' id='word_1_157' title='bbox 1267 2678 1536 2732; x_wconf 90' lang='lat' dir='ltr'>omnium</span> <span class='ocrx_word' id='word_1_158' title='bbox 1573 2677 1838 2747; x_wconf 89' lang='lat' dir='ltr'>gentium</span> <span class='ocrx_word' id='word_1_159' title='bbox 1870 2685 2022 2733; x_wconf 84' lang='lat' dir='ltr'>esset</span> <span class='ocrx_word' id='word_1_160' title='bbox 2046 2678 2236 2734; x_wconf 87' lang='lat' dir='ltr'>Domi-</span> 
     </span>
    </p>
   </div>
   <div class='ocr_carea' id='block_1_26' title="bbox 574 2766 2236 2842">
    <p class='ocr_par' dir='ltr' id='par_1_26' title="bbox 574 2766 2236 2842">
     <span class='ocr_line' id='line_1_26' title="bbox 574 2766 2236 2842; baseline -0.002 -15"><span class='ocrx_word' id='word_1_161' title='bbox 574 2788 688 2827; x_wconf 89' lang='lat' dir='ltr'>nus</span> <span class='ocrx_word' id='word_1_162' title='bbox 714 2771 1104 2842; x_wconf 87' lang='lat' dir='ltr'>omnipotens.</span> <span class='ocrx_word' id='word_1_163' title='bbox 1139 2768 1273 2823; x_wconf 91' lang='lat' dir='ltr'>Ideo</span> <span class='ocrx_word' id='word_1_164' title='bbox 1302 2766 1446 2821; x_wconf 87' lang='lat' dir='ltr'>dixit</span> <span class='ocrx_word' id='word_1_165' title='bbox 1480 2767 1555 2821; x_wconf 90' lang='lat' dir='ltr'>ad</span> <span class='ocrx_word' id='word_1_166' title='bbox 1589 2766 1789 2821; x_wconf 90' lang='lat' dir='ltr'>illam:</span> <span class='ocrx_word' id='word_1_167' title='bbox 1835 2768 1939 2823; x_wconf 84' lang='lat' dir='ltr'>Vos</span> <span class='ocrx_word' id='word_1_168' title='bbox 1965 2769 2236 2824; x_wconf 81' lang='lat' dir='ltr'>adoratis</span> 
     </span>
    </p>
   </div>
   <div class='ocr_carea' id='block_1_27' title="bbox 576 2856 2237 2933">
    <p class='ocr_par' dir='ltr' id='par_1_27' title="bbox 576 2856 2237 2933">
     <span class='ocr_line' id='line_1_27' title="bbox 576 2856 2237 2933; baseline -0.001 -18"><span class='ocrx_word' id='word_1_169' title='bbox 576 2861 723 2933; x_wconf 83' lang='lat' dir='ltr'>quod</span> <span class='ocrx_word' id='word_1_170' title='bbox 743 2859 996 2925; x_wconf 80' lang='lat' dir='ltr'>nescitis,</span> <span class='ocrx_word' id='word_1_171' title='bbox 1020 2859 1135 2913; x_wconf 90' lang='lat' dir='ltr'>hoc</span> <span class='ocrx_word' id='word_1_172' title='bbox 1162 2862 1269 2920; x_wconf 88' lang='lat' dir='ltr'>est,</span> <span class='ocrx_word' id='word_1_173' title='bbox 1299 2856 1468 2926; x_wconf 82' lang='lat' dir='ltr'>cujus</span> <span class='ocrx_word' id='word_1_174' title='bbox 1498 2861 1848 2926; x_wconf 85' lang='lat' dir='ltr'>potestatem</span> <span class='ocrx_word' id='word_1_175' title='bbox 1875 2873 1993 2913; x_wconf 89' lang='lat' dir='ltr'>non</span> <span class='ocrx_word' id='word_1_176' title='bbox 2016 2873 2237 2928; x_wconf 88' lang='lat' dir='ltr'>cogno-</span> 
     </span>
    </p>
   </div>
   <div class='ocr_carea' id='block_1_28' title="bbox 576 2944 2231 3020">
    <p class='ocr_par' dir='ltr' id='par_1_28' title="bbox 576 2944 2231 3020">
     <span class='ocr_line' id='line_1_28' title="bbox 576 2944 2231 3020; baseline -0.002 -14"><span class='ocrx_word' id='word_1_177' title='bbox 576 2952 776 3015; x_wconf 84' lang='lat' dir='ltr'>scitis;</span> <span class='ocrx_word' id='word_1_178' title='bbox 810 2956 865 3005; x_wconf 86' lang='lat' dir='ltr'>et</span> <span class='ocrx_word' id='word_1_179' title='bbox 898 2950 1166 3020; x_wconf 91' lang='lat' dir='ltr'>seipsum</span> <span class='ocrx_word' id='word_1_180' title='bbox 1205 2944 1421 3001; x_wconf 74' lang='lat' dir='ltr'>Judaeis</span> <span class='ocrx_word' id='word_1_181' title='bbox 1475 2946 1951 3013; x_wconf 87' lang='lat' dir='ltr'>connumeravit,</span> <span class='ocrx_word' id='word_1_182' title='bbox 1987 2946 2231 3002; x_wconf 88' lang='lat' dir='ltr'>dicens:</span> 
     </span>
    </p>
   </div>
   <div class='ocr_carea' id='block_1_29' title="bbox 573 3034 2232 3107">
    <p class='ocr_par' dir='ltr' id='par_1_29' title="bbox 573 3034 2232 3107">
     <span class='ocr_line' id='line_1_29' title="bbox 573 3034 2232 3107; baseline -0.002 -11"><span class='ocrx_word' id='word_1_183' title='bbox 573 3042 689 3096; x_wconf 87' lang='lat' dir='ltr'>Nos</span> <span class='ocrx_word' id='word_1_184' title='bbox 742 3039 1059 3095; x_wconf 81' lang='lat' dir='ltr'>adoramus</span> <span class='ocrx_word' id='word_1_185' title='bbox 1114 3035 1269 3107; x_wconf 86' lang='lat' dir='ltr'>quod</span> <span class='ocrx_word' id='word_1_186' title='bbox 1322 3034 1559 3099; x_wconf 81' lang='lat' dir='ltr'>scimus,</span> <span class='ocrx_word' id='word_1_187' title='bbox 1611 3034 1754 3105; x_wconf 90' lang='lat' dir='ltr'>quia</span> <span class='ocrx_word' id='word_1_188' title='bbox 1803 3041 1855 3090; x_wconf 87' lang='lat' dir='ltr'>et</span> <span class='ocrx_word' id='word_1_189' title='bbox 1906 3052 1976 3090; x_wconf 84' lang='lat' dir='ltr'>ex</span> <span class='ocrx_word' id='word_1_190' title='bbox 2016 3036 2232 3092; x_wconf 67' lang='lat' dir='ltr'>Judaeis</span> 
     </span>
    </p>
   </div>
   <div class='ocr_carea' id='block_1_30' title="bbox 1928 316 2651 378">
    <p class='ocr_par' dir='ltr' id='par_1_30' title="bbox 1928 316 2651 378">
     <span class='ocr_line' id='line_1_30' title="bbox 1928 316 2651 378; baseline 0.003 -2"><span class='ocrx_word' id='word_1_191' title='bbox 1928 317 2275 377; x_wconf 81' lang='lat' dir='ltr'>EUTHYMII</span> <span class='ocrx_word' id='word_1_192' title='bbox 2317 316 2651 378; x_wconf 85' lang='lat' dir='ltr'>ZlGABENl</span> 
     </span>
    </p>
   </div>
   <div class='ocr_carea' id='block_1_31' title="bbox 2290 448 3946 529">
    <p class='ocr_par' dir='ltr' id='par_1_31' title="bbox 2290 448 3946 529">
     <span class='ocr_line' id='line_1_31' title="bbox 2290 448 3946 529; baseline 0.003 -25"><span class='ocrx_word' id='word_1_193' title='bbox 2290 450 2332 504; x_wconf 84' lang='lat' dir='ltr'><strong>A</strong></span> <span class='ocrx_word' id='word_1_194' title='bbox 2366 448 2607 522; x_wconf 78' lang='grc' dir='ltr'><em>Ἀϐραὰμ</em></span> <span class='ocrx_word' id='word_1_195' title='bbox 2658 455 2747 503; x_wconf 84' lang='grc' dir='ltr'><em>καὶ</em></span> <span class='ocrx_word' id='word_1_196' title='bbox 2786 454 2871 503; x_wconf 89' lang='grc' dir='ltr'>τόν</span> <span class='ocrx_word' id='word_1_197' title='bbox 2904 450 3105 504; x_wconf 71' lang='grc' dir='ltr'><em>Ἰσαάκ.</em></span> <span class='ocrx_word' id='word_1_198' title='bbox 3152 456 3252 505; x_wconf 78' lang='grc' dir='ltr'>Καὶ</span> <span class='ocrx_word' id='word_1_199' title='bbox 3307 452 3405 525; x_wconf 80' lang='grc' dir='ltr'><em>γὰρ</em></span> <span class='ocrx_word' id='word_1_200' title='bbox 3448 452 3498 503; x_wconf 83' lang='grc' dir='ltr'>ἐν</span> <span class='ocrx_word' id='word_1_201' title='bbox 3537 450 3706 525; x_wconf 79' lang='grc' dir='ltr'><em>ἐκείνῳ</em></span> <span class='ocrx_word' id='word_1_202' title='bbox 3757 462 3824 525; x_wconf 85' lang='grc' dir='ltr'><em>τῷ</em></span> <span class='ocrx_word' id='word_1_203' title='bbox 3853 460 3946 529; x_wconf 63' lang='grc' dir='ltr'><em>ιῇοει</em></span> 
     </span>
    </p>
   </div>
   <div class='ocr_carea' id='block_1_32' title="bbox 2362 536 3945 615">
    <p class='ocr_par' dir='ltr' id='par_1_32' title="bbox 2362 536 3945 615">
     <span class='ocr_line' id='line_1_32' title="bbox 2362 536 3945 615; baseline 0.011 -27"><span class='ocrx_word' id='word_1_204' title='bbox 2362 538 2509 608; x_wconf 86' lang='grc' dir='ltr'><em>λόγος</em></span> <span class='ocrx_word' id='word_1_205' title='bbox 2539 536 2763 611; x_wconf 77' lang='grc' dir='ltr'><em>ἀρχαῖος</em></span> <span class='ocrx_word' id='word_1_206' title='bbox 2819 542 3015 615; x_wconf 80' lang='grc' dir='ltr'><em>ἱστορεί</em></span> <span class='ocrx_word' id='word_1_207' title='bbox 3063 544 3149 593; x_wconf 81' lang='grc' dir='ltr'><em>τὸν</em></span> <span class='ocrx_word' id='word_1_208' title='bbox 3196 540 3436 614; x_wconf 77' lang='grc' dir='ltr'><em>Ἀϐρααμ</em></span> <span class='ocrx_word' id='word_1_209' title='bbox 3481 539 3831 614; x_wconf 78' lang='grc' dir='ltr'><em>ἀνενηνοχέναι</em></span> <span class='ocrx_word' id='word_1_210' title='bbox 3869 548 3945 597; x_wconf 80' lang='grc' dir='ltr'>τόν</span> 
     </span>
    </p>
   </div>
   <div class='ocr_carea' id='block_1_33' title="bbox 2364 627 3945 704">
    <p class='ocr_par' dir='ltr' id='par_1_33' title="bbox 2364 627 3945 704">
     <span class='ocr_line' id='line_1_33' title="bbox 2364 627 3945 704; baseline 0.003 -24"><span class='ocrx_word' id='word_1_211' title='bbox 2364 627 2544 680; x_wconf 80' lang='grc' dir='ltr'><em>Ἰσαὰκ</em></span> <span class='ocrx_word' id='word_1_212' title='bbox 2593 628 2663 690; x_wconf 82' lang='grc' dir='ltr'><em>εἰς</em></span> <span class='ocrx_word' id='word_1_213' title='bbox 2738 632 2924 681; x_wconf 78' lang='grc' dir='ltr'>θυσίαν</span> <span class='ocrx_word' id='word_1_214' title='bbox 2975 638 3046 700; x_wconf 85' lang='grc' dir='ltr'><em>τῷ</em></span> <span class='ocrx_word' id='word_1_215' title='bbox 3114 638 3247 700; x_wconf 73' lang='grc' dir='ltr'>Θεῷ.</span> <span class='ocrx_word' id='word_1_216' title='bbox 3305 629 3374 683; x_wconf 71' lang='grc' dir='ltr'>Ἠ</span> <span class='ocrx_word' id='word_1_217' title='bbox 3432 633 3659 704; x_wconf 81' lang='grc' dir='ltr'>πατέρας</span> <span class='ocrx_word' id='word_1_218' title='bbox 3710 628 3812 685; x_wconf 82' lang='grc' dir='ltr'><em>εἶπε</em></span> <span class='ocrx_word' id='word_1_219' title='bbox 3871 638 3945 685; x_wconf 86' lang='grc' dir='ltr'><em>τὸν</em></span> 
     </span>
    </p>
   </div>
   <div class='ocr_carea' id='block_1_34' title="bbox 2361 716 3946 791">
    <p class='ocr_par' dir='ltr' id='par_1_34' title="bbox 2361 716 3946 791">
     <span class='ocr_line' id='line_1_34' title="bbox 2361 716 3946 791; baseline 0.002 -21"><span class='ocrx_word' id='word_1_220' title='bbox 2361 716 2549 770; x_wconf 80' lang='grc' dir='ltr'><em>Ἰακὼϐ</em></span> <span class='ocrx_word' id='word_1_221' title='bbox 2572 722 2661 769; x_wconf 81' lang='grc' dir='ltr'><em>καὶ</em></span> <span class='ocrx_word' id='word_1_222' title='bbox 2687 722 2808 779; x_wconf 84' lang='grc' dir='ltr'><em>τούς</em></span> <span class='ocrx_word' id='word_1_223' title='bbox 2847 720 2988 779; x_wconf 74' lang='grc' dir='ltr'><em>υἱούς</em></span> <span class='ocrx_word' id='word_1_224' title='bbox 3018 718 3199 771; x_wconf 70' lang='grc' dir='ltr'><em>αὐτοῦ.</em></span> <span class='ocrx_word' id='word_1_225' title='bbox 3237 723 3336 772; x_wconf 82' lang='grc' dir='ltr'>Καὶ</span> <span class='ocrx_word' id='word_1_226' title='bbox 3367 721 3469 791; x_wconf 83' lang='grc' dir='ltr'><em>γὰρ</em></span> <span class='ocrx_word' id='word_1_227' title='bbox 3521 720 3546 770; x_wconf 89' lang='grc' dir='ltr'><strong><em>ὁ</em></strong></span> <span class='ocrx_word' id='word_1_228' title='bbox 3597 719 3780 772; x_wconf 81' lang='grc' dir='ltr'><em>Ἰακὼϐ</em></span> <span class='ocrx_word' id='word_1_229' title='bbox 3807 724 3946 779; x_wconf 77' lang='grc' dir='ltr'><em>ἔστη-</em></span> 
     </span>
    </p>
   </div>
   <div class='ocr_carea' id='block_1_35' title="bbox 2362 805 3943 881">
    <p class='ocr_par' dir='ltr' id='par_1_35' title="bbox 2362 805 3943 881">
     <span class='ocr_line' id='line_1_35' title="bbox 2362 805 3943 881; baseline 0.003 -24"><span class='ocrx_word' id='word_1_230' title='bbox 2362 826 2445 858; x_wconf 85' lang='grc' dir='ltr'>σεν</span> <span class='ocrx_word' id='word_1_231' title='bbox 2503 805 2605 858; x_wconf 85' lang='grc' dir='ltr'><em>ἐκεῖ</em></span> <span class='ocrx_word' id='word_1_232' title='bbox 2651 809 3026 880; x_wconf 75' lang='grc' dir='ltr'>θυσιαστήριον</span> <span class='ocrx_word' id='word_1_233' title='bbox 3075 813 3165 861; x_wconf 81' lang='grc' dir='ltr'><em>καὶ</em></span> <span class='ocrx_word' id='word_1_234' title='bbox 3228 811 3585 881; x_wconf 67' lang='grc' dir='ltr'>προσεκύνησε</span> <span class='ocrx_word' id='word_1_235' title='bbox 3644 812 3725 860; x_wconf 86' lang='grc' dir='ltr'><em>τὸν</em></span> <span class='ocrx_word' id='word_1_236' title='bbox 3809 816 3943 863; x_wconf 89' lang='grc' dir='ltr'><em>Θεόν.</em></span> 
     </span>
    </p>
   </div>
   <div class='ocr_carea' id='block_1_36' title="bbox 2357 892 3943 972">
    <p class='ocr_par' dir='ltr' id='par_1_36' title="bbox 2357 892 3943 972">
     <span class='ocr_line' id='line_1_36' title="bbox 2357 892 3943 972; baseline 0.002 -24"><span class='ocrx_word' id='word_1_237' title='bbox 2357 896 2415 948; x_wconf 79' lang='grc' dir='ltr'><strong>Ἦ</strong></span> <span class='ocrx_word' id='word_1_238' title='bbox 2476 899 2564 967; x_wconf 75' lang='grc' dir='ltr'><em>μὲν</em></span> <span class='ocrx_word' id='word_1_239' title='bbox 2598 892 2685 947; x_wconf 79' lang='grc' dir='ltr'><em>οὖν</em></span> <span class='ocrx_word' id='word_1_240' title='bbox 2720 901 2850 967; x_wconf 82' lang='grc' dir='ltr'><em>γυνὴ</em></span> <span class='ocrx_word' id='word_1_241' title='bbox 2909 902 3218 972; x_wconf 74' lang='grc' dir='ltr'><em>προσήγαγε</em></span> <span class='ocrx_word' id='word_1_242' title='bbox 3269 902 3363 955; x_wconf 81' lang='grc' dir='ltr'>τὴν</span> <span class='ocrx_word' id='word_1_243' title='bbox 3415 896 3692 969; x_wconf 78' lang='grc' dir='ltr'>ἐρώτησιν,</span> <span class='ocrx_word' id='word_1_244' title='bbox 3756 898 3943 970; x_wconf 80' lang='grc' dir='ltr'><em>οἰομένη</em></span> 
     </span>
    </p>
   </div>
   <div class='ocr_carea' id='block_1_37' title="bbox 2358 981 3943 1061">
    <p class='ocr_par' dir='ltr' id='par_1_37' title="bbox 2358 981 3943 1061">
     <span class='ocr_line' id='line_1_37' title="bbox 2358 981 3943 1061; baseline 0.003 -26"><span class='ocrx_word' id='word_1_245' title='bbox 2358 992 2587 1055; x_wconf 89' lang='grc' dir='ltr'><em>κρεῖττον</em></span> <span class='ocrx_word' id='word_1_246' title='bbox 2638 981 2765 1037; x_wconf 84' lang='grc' dir='ltr'><em>εἶναι</em></span> <span class='ocrx_word' id='word_1_247' title='bbox 2792 989 2849 1037; x_wconf 89' lang='grc' dir='ltr'><em>τὸ</em></span> <span class='ocrx_word' id='word_1_248' title='bbox 2891 982 3067 1058; x_wconf 84' lang='grc' dir='ltr'><em>δόγμα</em></span> <span class='ocrx_word' id='word_1_249' title='bbox 3096 996 3195 1039; x_wconf 85' lang='grc' dir='ltr'>τῶν</span> <span class='ocrx_word' id='word_1_250' title='bbox 3227 994 3553 1061; x_wconf 80' lang='grc' dir='ltr'>Σαμαρειτῶν</span> <span class='ocrx_word' id='word_1_251' title='bbox 3584 989 3724 1061; x_wconf 79' lang='grc' dir='ltr'><em>παρὰ</em></span> <span class='ocrx_word' id='word_1_252' title='bbox 3751 990 3833 1039; x_wconf 86' lang='grc' dir='ltr'>τόν</span> <span class='ocrx_word' id='word_1_253' title='bbox 3859 998 3943 1039; x_wconf 78' lang='grc' dir='ltr'><em>τῶν</em></span> 
     </span>
    </p>
   </div>
   <div class='ocr_carea' id='block_1_38' title="bbox 2360 1069 3942 1151">
    <p class='ocr_par' dir='ltr' id='par_1_38' title="bbox 2360 1069 3942 1151">
     <span class='ocr_line' id='line_1_38' title="bbox 2360 1069 3942 1151; baseline 0.003 -27"><span class='ocrx_word' id='word_1_254' title='bbox 2360 1069 2651 1139; x_wconf 86' lang='grc' dir='ltr'><em>Ἰουδαίων,</em></span> <span class='ocrx_word' id='word_1_255' title='bbox 2682 1080 2771 1127; x_wconf 88' lang='grc' dir='ltr'><em>καὶ</em></span> <span class='ocrx_word' id='word_1_256' title='bbox 2803 1079 2889 1127; x_wconf 82' lang='grc' dir='ltr'>τόν</span> <span class='ocrx_word' id='word_1_257' title='bbox 2920 1080 3075 1128; x_wconf 89' lang='grc' dir='ltr'><em>τόπον</em></span> <span class='ocrx_word' id='word_1_258' title='bbox 3121 1095 3427 1151; x_wconf 88' lang='grc' dir='ltr'><em>τιμιωτερον</em></span> <span class='ocrx_word' id='word_1_259' title='bbox 3456 1083 3545 1127; x_wconf 81' lang='grc' dir='ltr'><em>τοῦ</em></span> <span class='ocrx_word' id='word_1_260' title='bbox 3598 1079 3746 1147; x_wconf 85' lang='grc' dir='ltr'><em>ὄρους</em></span> <span class='ocrx_word' id='word_1_261' title='bbox 3770 1076 3942 1129; x_wconf 82' lang='grc' dir='ltr'><em>ἐκείνου</em></span> 
     </span>
    </p>
   </div>
   <div class='ocr_carea' id='block_1_39' title="bbox 2358 1163 3941 1239">
    <p class='ocr_par' dir='ltr' id='par_1_39' title="bbox 2358 1163 3941 1239">
     <span class='ocr_line' id='line_1_39' title="bbox 2358 1163 3941 1239; baseline 0.003 -26"><span class='ocrx_word' id='word_1_262' title='bbox 2358 1165 2501 1234; x_wconf 86' lang='grc' dir='ltr'><em>παρὰ</em></span> <span class='ocrx_word' id='word_1_263' title='bbox 2555 1166 2638 1214; x_wconf 85' lang='grc' dir='ltr'>τόν</span> <span class='ocrx_word' id='word_1_264' title='bbox 2691 1172 2787 1215; x_wconf 84' lang='grc' dir='ltr'>τῶν</span> <span class='ocrx_word' id='word_1_265' title='bbox 2843 1164 3210 1239; x_wconf 82' lang='grc' dir='ltr'><em>Ἰεροσολύμων</em></span> <span class='ocrx_word' id='word_1_266' title='bbox 3246 1183 3256 1193; x_wconf 93' lang='grc'><strong>·</strong></span> <span class='ocrx_word' id='word_1_267' title='bbox 3304 1167 3328 1216; x_wconf 88' lang='grc' dir='ltr'><strong><em>ὁ</em></strong></span> <span class='ocrx_word' id='word_1_268' title='bbox 3383 1163 3443 1217; x_wconf 73' lang='grc' dir='ltr'>δε</span> <span class='ocrx_word' id='word_1_269' title='bbox 3490 1169 3715 1239; x_wconf 85' lang='grc' dir='ltr'><em>Χριστὸς</em></span> <span class='ocrx_word' id='word_1_270' title='bbox 3759 1174 3941 1237; x_wconf 81' lang='grc' dir='ltr'><em>πρῶτον</em></span> 
     </span>
    </p>
   </div>
   <div class='ocr_carea' id='block_1_40' title="bbox 2357 1251 3936 1329">
    <p class='ocr_par' dir='ltr' id='par_1_40' title="bbox 2357 1251 3936 1329">
     <span class='ocr_line' id='line_1_40' title="bbox 2357 1251 3936 1329; baseline 0.002 -26"><span class='ocrx_word' id='word_1_271' title='bbox 2357 1255 2448 1323; x_wconf 76' lang='grc' dir='ltr'><em>μὲν</em></span> <span class='ocrx_word' id='word_1_272' title='bbox 2491 1257 2580 1304; x_wconf 86' lang='grc' dir='ltr'><em>καὶ</em></span> <span class='ocrx_word' id='word_1_273' title='bbox 2634 1251 2933 1329; x_wconf 80' lang='grc' dir='ltr'><em>ἁμφοτερων</em></span> <span class='ocrx_word' id='word_1_274' title='bbox 2966 1264 3065 1306; x_wconf 82' lang='grc' dir='ltr'><em>τῶν</em></span> <span class='ocrx_word' id='word_1_275' title='bbox 3118 1259 3287 1307; x_wconf 83' lang='grc' dir='ltr'><em>τόπων</em></span> <span class='ocrx_word' id='word_1_276' title='bbox 3351 1253 3553 1328; x_wconf 80' lang='grc' dir='ltr'><em>ἀναιρεῖ</em></span> <span class='ocrx_word' id='word_1_277' title='bbox 3581 1256 3644 1306; x_wconf 76' lang='grc' dir='ltr'>τα</span> <span class='ocrx_word' id='word_1_278' title='bbox 3688 1255 3936 1327; x_wconf 76' lang='grc' dir='ltr'><em>πρεσϐεῖα,</em></span> 
     </span>
    </p>
   </div>
   <div class='ocr_carea' id='block_1_41' title="bbox 2360 1337 3942 1413">
    <p class='ocr_par' dir='ltr' id='par_1_41' title="bbox 2360 1337 3942 1413">
     <span class='ocr_line' id='line_1_41' title="bbox 2360 1337 3942 1413; baseline 0.001 -21"><span class='ocrx_word' id='word_1_279' title='bbox 2360 1337 2456 1393; x_wconf 82' lang='grc' dir='ltr'><em>διὰ</em></span> <span class='ocrx_word' id='word_1_280' title='bbox 2481 1346 2537 1392; x_wconf 89' lang='grc' dir='ltr'>τό</span> <span class='ocrx_word' id='word_1_281' title='bbox 2594 1341 2790 1413; x_wconf 76' lang='grc' dir='ltr'><em>μέλλειν</em></span> <span class='ocrx_word' id='word_1_282' title='bbox 2841 1346 2961 1395; x_wconf 83' lang='grc' dir='ltr'><em>ὅσον</em></span> <span class='ocrx_word' id='word_1_283' title='bbox 3011 1347 3154 1396; x_wconf 69' lang='grc' dir='ltr'><em>οὔπω</em></span> <span class='ocrx_word' id='word_1_284' title='bbox 3221 1346 3488 1402; x_wconf 72' lang='grc' dir='ltr'><em>παυθῆναι</em></span> <span class='ocrx_word' id='word_1_285' title='bbox 3539 1346 3632 1405; x_wconf 80' lang='grc' dir='ltr'><em>τὰς</em></span> <span class='ocrx_word' id='word_1_286' title='bbox 3670 1343 3716 1394; x_wconf 84' lang='grc' dir='ltr'>ἐν</span> <span class='ocrx_word' id='word_1_287' title='bbox 3755 1344 3942 1403; x_wconf 79' lang='grc' dir='ltr'><em>ἐκείνοις</em></span> 
     </span>
    </p>
   </div>
   <div class='ocr_carea' id='block_1_42' title="bbox 3479 1429 3940 1504">
    <p class='ocr_par' dir='ltr' id='par_1_42' title="bbox 3479 1429 3940 1504">
     <span class='ocr_line' id='line_1_42' title="bbox 3479 1429 3940 1504; baseline 0.004 -18"><span class='ocrx_word' id='word_1_288' title='bbox 3479 1429 3767 1495; x_wconf 75' lang='grc' dir='ltr'>Ἰουδαίους</span> <span class='ocrx_word' id='word_1_289' title='bbox 3837 1432 3940 1504; x_wconf 83' lang='grc'>(69)</span> 
     </span>
    </p>
   </div>
   <div class='ocr_carea' id='block_1_43' title="bbox 2358 1518 3941 1596">
    <p class='ocr_par' dir='ltr' id='par_1_43' title="bbox 2358 1518 3941 1596">
     <span class='ocr_line' id='line_1_43' title="bbox 2358 1518 3941 1596; baseline 0.001 -25"><span class='ocrx_word' id='word_1_290' title='bbox 2358 1524 2733 1595; x_wconf 81' lang='grc' dir='ltr'>συνετωτέρους</span> <span class='ocrx_word' id='word_1_291' title='bbox 2764 1536 2777 1551; x_wconf 85' lang='grc'><em>’</em></span> <span class='ocrx_word' id='word_1_292' title='bbox 2810 1524 2986 1575; x_wconf 81' lang='grc' dir='ltr'><em>ἔπειτα</em></span> <span class='ocrx_word' id='word_1_293' title='bbox 3029 1528 3328 1596; x_wconf 88' lang='grc' dir='ltr'><em>παρανοίγει</em></span> <span class='ocrx_word' id='word_1_294' title='bbox 3382 1525 3439 1575; x_wconf 83' lang='grc' dir='ltr'><em>τὸ</em></span> <span class='ocrx_word' id='word_1_295' title='bbox 3491 1518 3667 1594; x_wconf 91' lang='grc' dir='ltr'><em>δόγμα</em></span> <span class='ocrx_word' id='word_1_296' title='bbox 3697 1531 3782 1582; x_wconf 84' lang='grc' dir='ltr'>τῆς</span> <span class='ocrx_word' id='word_1_297' title='bbox 3811 1521 3941 1574; x_wconf 84' lang='grc' dir='ltr'><em>εύσε-</em></span> 
     </span>
    </p>
   </div>
   <div class='ocr_carea' id='block_1_44' title="bbox 2356 1607 2515 1671">
    <p class='ocr_par' dir='ltr' id='par_1_44' title="bbox 2356 1607 2515 1671">
     <span class='ocr_line' id='line_1_44' title="bbox 2356 1607 2515 1671; baseline -0.006 -10"><span class='ocrx_word' id='word_1_298' title='bbox 2356 1607 2515 1671; x_wconf 78' lang='grc' dir='ltr'><em>ϐείας.</em></span> 
     </span>
    </p>
   </div>
   <div class='ocr_carea' id='block_1_45' title="bbox 2425 1700 3938 1775">
    <p class='ocr_par' dir='ltr' id='par_1_45' title="bbox 2425 1700 3938 1775">
     <span class='ocr_line' id='line_1_45' title="bbox 2425 1700 3938 1775; baseline 0 -24"><span class='ocrx_word' id='word_1_299' title='bbox 2425 1702 2579 1769; x_wconf 90' lang='grc' dir='ltr'><em>Λέγει</em></span> <span class='ocrx_word' id='word_1_300' title='bbox 2617 1732 2671 1740; x_wconf 89' lang='lat'>——</span> <span class='ocrx_word' id='word_1_301' title='bbox 2696 1706 2875 1775; x_wconf 83' lang='grc' dir='ltr'><em>πατρί.</em></span> <span class='ocrx_word' id='word_1_302' title='bbox 2898 1700 3168 1774; x_wconf 72' lang='grc' dir='ltr'><em>[Σοφονίου</em></span> <span class='ocrx_word' id='word_1_303' title='bbox 3198 1702 3330 1773; x_wconf 81' lang='grc'>(70).</span> <span class='ocrx_word' id='word_1_304' title='bbox 3360 1707 3461 1755; x_wconf 82' lang='grc' dir='ltr'>Καὶ</span> <span class='ocrx_word' id='word_1_305' title='bbox 3500 1706 3938 1774; x_wconf 81' lang='grc' dir='ltr'><em>προσκυνήσουσιν</em></span> 
     </span>
    </p>
   </div>
   <div class='ocr_carea' id='block_1_46' title="bbox 2282 1787 3400 1862">
    <p class='ocr_par' dir='ltr' id='par_1_46' title="bbox 2282 1787 3400 1862">
     <span class='ocr_line' id='line_1_46' title="bbox 2282 1787 3400 1862; baseline 0.004 -23"><span class='ocrx_word' id='word_1_306' title='bbox 2282 1798 2321 1851; x_wconf 79' lang='grc' dir='ltr'>Β</span> <span class='ocrx_word' id='word_1_307' title='bbox 2354 1787 2494 1858; x_wconf 73' lang='grc' dir='ltr'><em>αὐτῷ</em></span> <span class='ocrx_word' id='word_1_308' title='bbox 2521 1790 2740 1852; x_wconf 78' lang='grc' dir='ltr'><em>ἕκαστος</em></span> <span class='ocrx_word' id='word_1_309' title='bbox 2772 1789 2826 1841; x_wconf 90' lang='grc' dir='ltr'>ἐκ</span> <span class='ocrx_word' id='word_1_310' title='bbox 2847 1799 2939 1843; x_wconf 77' lang='grc' dir='ltr'><em>τοῦ</em></span> <span class='ocrx_word' id='word_1_311' title='bbox 2968 1798 3127 1843; x_wconf 84' lang='grc' dir='ltr'><em>τόπου</em></span> <span class='ocrx_word' id='word_1_312' title='bbox 3161 1792 3341 1844; x_wconf 87' lang='grc' dir='ltr'><em>αύτοῦ.</em></span> <span class='ocrx_word' id='word_1_313' title='bbox 3382 1792 3400 1862; x_wconf 97' lang='grc'><strong>]</strong></span> 
     </span>
    </p>
   </div>
   <div class='ocr_carea' id='block_1_47' title="bbox 2356 1428 3381 1505">
    <p class='ocr_par' dir='ltr' id='par_1_47' title="bbox 2356 1428 3381 1505">
     <span class='ocr_line' id='line_1_47' title="bbox 2356 1428 3381 1505; baseline 0.005 -24"><span class='ocrx_word' id='word_1_314' title='bbox 2356 1428 2594 1505; x_wconf 82' lang='grc' dir='ltr'><em>λατρείας</em></span> <span class='ocrx_word' id='word_1_315' title='bbox 2665 1448 2677 1461; x_wconf 78' lang='grc'><strong><em>⁸</em></strong></span> <span class='ocrx_word' id='word_1_316' title='bbox 2732 1429 2844 1484; x_wconf 82' lang='grc' dir='ltr'><em>εἶτα</em></span> <span class='ocrx_word' id='word_1_317' title='bbox 2919 1432 3192 1505; x_wconf 76' lang='grc' dir='ltr'><em>ἀποφαίνει</em></span> <span class='ocrx_word' id='word_1_318' title='bbox 3258 1437 3381 1495; x_wconf 82' lang='grc' dir='ltr'><em>τοὺς</em></span> 
     </span>
    </p>
   </div>
   <div class='ocr_carea' id='block_1_48' title="bbox 2425 1879 3937 1953">
    <p class='ocr_par' dir='ltr' id='par_1_48' title="bbox 2425 1879 3937 1953">
     <span class='ocr_line' id='line_1_48' title="bbox 2425 1879 3937 1953; baseline 0.001 -24"><span class='ocrx_word' id='word_1_319' title='bbox 2425 1879 2683 1930; x_wconf 70' lang='grc' dir='ltr'><em>Ἐντεῦθεν</em></span> <span class='ocrx_word' id='word_1_320' title='bbox 2722 1889 3079 1952; x_wconf 75' lang='grc' dir='ltr'><em>προαναφωνεῖ</em></span> <span class='ocrx_word' id='word_1_321' title='bbox 3117 1886 3207 1939; x_wconf 80' lang='grc' dir='ltr'>τὴν</span> <span class='ocrx_word' id='word_1_322' title='bbox 3250 1880 3539 1933; x_wconf 79' lang='grc' dir='ltr'><em>κατάλυσιν</em></span> <span class='ocrx_word' id='word_1_323' title='bbox 3589 1890 3683 1943; x_wconf 83' lang='grc' dir='ltr'>τῆς</span> <span class='ocrx_word' id='word_1_324' title='bbox 3709 1888 3937 1953; x_wconf 85' lang='grc' dir='ltr'><em>Σαμαρει-</em></span> 
     </span>
    </p>
   </div>
   <div class='ocr_carea' id='block_1_49' title="bbox 2351 1967 3936 2043">
    <p class='ocr_par' dir='ltr' id='par_1_49' title="bbox 2351 1967 3936 2043">
     <span class='ocr_line' id='line_1_49' title="bbox 2351 1967 3936 2043; baseline -0.001 -24"><span class='ocrx_word' id='word_1_325' title='bbox 2351 1976 2501 2029; x_wconf 86' lang='grc' dir='ltr'><em>τικῆς</em></span> <span class='ocrx_word' id='word_1_326' title='bbox 2533 1970 2662 2039; x_wconf 80' lang='grc' dir='ltr'><em>όμού</em></span> <span class='ocrx_word' id='word_1_327' title='bbox 2689 1974 2777 2021; x_wconf 84' lang='grc' dir='ltr'><em>καὶ</em></span> <span class='ocrx_word' id='word_1_328' title='bbox 2807 1967 3108 2031; x_wconf 74' lang='grc' dir='ltr'><em>Ἰουδαϊκῆς</em></span> <span class='ocrx_word' id='word_1_329' title='bbox 3128 1970 3383 2043; x_wconf 79' lang='grc' dir='ltr'><em>λατρείας,</em></span> <span class='ocrx_word' id='word_1_330' title='bbox 3414 1971 3474 2029; x_wconf 78' lang='grc' dir='ltr'><em>ἢν</em></span> <span class='ocrx_word' id='word_1_331' title='bbox 3510 1972 3818 2023; x_wconf 83' lang='grc' dir='ltr'><em>πεπόνθασιν</em></span> <span class='ocrx_word' id='word_1_332' title='bbox 3846 1967 3936 2030; x_wconf 80' lang='grc' dir='ltr'>ἐξο-</span> 
     </span>
    </p>
   </div>
   <div class='ocr_carea' id='block_1_50' title="bbox 2351 2056 3931 2135">
    <p class='ocr_par' dir='ltr' id='par_1_50' title="bbox 2351 2056 3931 2135">
     <span class='ocr_line' id='line_1_50' title="bbox 2351 2056 3931 2135; baseline 0 -26"><span class='ocrx_word' id='word_1_333' title='bbox 2351 2056 2701 2130; x_wconf 78' lang='grc' dir='ltr'><em>λοθρευθέντες</em></span> <span class='ocrx_word' id='word_1_334' title='bbox 2732 2060 2831 2111; x_wconf 81' lang='grc' dir='ltr'>ὑπὸ</span> <span class='ocrx_word' id='word_1_335' title='bbox 2886 2059 3154 2131; x_wconf 87' lang='grc' dir='ltr'><em>Ῥωμαίων</em></span> <span class='ocrx_word' id='word_1_336' title='bbox 3212 2062 3343 2133; x_wconf 83' lang='grc' dir='ltr'><em>μετὰ</em></span> <span class='ocrx_word' id='word_1_337' title='bbox 3401 2065 3497 2119; x_wconf 79' lang='grc' dir='ltr'><em>τὴν</em></span> <span class='ocrx_word' id='word_1_338' title='bbox 3528 2062 3931 2135; x_wconf 84' lang='grc' dir='ltr'><em>χριστοκτονίαν.</em></span> 
     </span>
    </p>
   </div>
   <div class='ocr_carea' id='block_1_51' title="bbox 2350 2143 3082 2221">
    <p class='ocr_par' dir='ltr' id='par_1_51' title="bbox 2350 2143 3082 2221">
     <span class='ocr_line' id='line_1_51' title="bbox 2350 2143 3082 2221; baseline 0.007 -25"><span class='ocrx_word' id='word_1_339' title='bbox 2350 2144 2513 2219; x_wconf 85' lang='grc' dir='ltr'><em>Ὠραν</em></span> <span class='ocrx_word' id='word_1_340' title='bbox 2549 2143 2607 2198; x_wconf 78' lang='grc' dir='ltr'><em>δὲ</em></span> <span class='ocrx_word' id='word_1_341' title='bbox 2629 2152 2730 2199; x_wconf 84' lang='grc' dir='ltr'><em>νόει</em></span> <span class='ocrx_word' id='word_1_342' title='bbox 2756 2151 2844 2199; x_wconf 87' lang='grc' dir='ltr'><em>τὸν</em></span> <span class='ocrx_word' id='word_1_343' title='bbox 2882 2154 3082 2221; x_wconf 88' lang='grc' dir='ltr'><em>καιρόν.</em></span> 
     </span>
    </p>
   </div>
   <div class='ocr_carea' id='block_1_52' title="bbox 2421 2233 3932 2313">
    <p class='ocr_par' dir='ltr' id='par_1_52' title="bbox 2421 2233 3932 2313">
     <span class='ocr_line' id='line_1_52' title="bbox 2421 2233 3932 2313; baseline -0.001 -27"><span class='ocrx_word' id='word_1_344' title='bbox 2421 2234 2588 2304; x_wconf 75' lang='grc' dir='ltr'><em>Ὑμεῖς</em></span> <span class='ocrx_word' id='word_1_345' title='bbox 2650 2267 2719 2275; x_wconf 88' lang='grc'><strong><em>-</em></strong></span> <span class='ocrx_word' id='word_1_346' title='bbox 2776 2233 3012 2309; x_wconf 86' lang='grc' dir='ltr'><em>οῖδαμεν.</em></span> <span class='ocrx_word' id='word_1_347' title='bbox 3069 2238 3129 2291; x_wconf 88' lang='grc' dir='ltr'>Εἰ</span> <span class='ocrx_word' id='word_1_348' title='bbox 3184 2240 3282 2313; x_wconf 83' lang='grc' dir='ltr'><em>γὰρ</em></span> <span class='ocrx_word' id='word_1_349' title='bbox 3342 2243 3434 2291; x_wconf 86' lang='grc' dir='ltr'><em>καὶ</em></span> <span class='ocrx_word' id='word_1_350' title='bbox 3497 2242 3583 2291; x_wconf 82' lang='grc' dir='ltr'><em>τὸν</em></span> <span class='ocrx_word' id='word_1_351' title='bbox 3624 2237 3773 2290; x_wconf 74' lang='grc' dir='ltr'><em>αὐτὸν</em></span> <span class='ocrx_word' id='word_1_352' title='bbox 3820 2237 3932 2288; x_wconf 85' lang='grc' dir='ltr'>Θεὸν</span> 
     </span>
    </p>
   </div>
   <div class='ocr_carea' id='block_1_53' title="bbox 3581 2327 3933 2397">
    <p class='ocr_par' dir='ltr' id='par_1_53' title="bbox 3581 2327 3933 2397">
     <span class='ocr_line' id='line_1_53' title="bbox 3581 2327 3933 2397; baseline -0.017 -17"><span class='ocrx_word' id='word_1_353' title='bbox 3581 2327 3707 2380; x_wconf 81' lang='grc' dir='ltr'><em>ἀλλὰ</em></span> <span class='ocrx_word' id='word_1_354' title='bbox 3785 2332 3933 2397; x_wconf 74' lang='grc' dir='ltr'><em>Σαμαο</em></span> 
     </span>
    </p>
   </div>
   <div class='ocr_carea' id='block_1_54' title="bbox 2347 2416 3932 2488">
    <p class='ocr_par' dir='ltr' id='par_1_54' title="bbox 2347 2416 3932 2488">
     <span class='ocr_line' id='line_1_54' title="bbox 2347 2416 3932 2488; baseline -0.001 -23"><span class='ocrx_word' id='word_1_355' title='bbox 2347 2421 2513 2488; x_wconf 89' lang='grc' dir='ltr'><em>ρεῖται</em></span> <span class='ocrx_word' id='word_1_356' title='bbox 2563 2417 2652 2486; x_wconf 70' lang='grc' dir='ltr'><em>μὲν</em></span> <span class='ocrx_word' id='word_1_357' title='bbox 2724 2416 2940 2487; x_wconf 78' lang='grc' dir='ltr'><em>ἠγνόουν</em></span> <span class='ocrx_word' id='word_1_358' title='bbox 3028 2419 3105 2469; x_wconf 87' lang='grc' dir='ltr'><em>ὄτι</em></span> <span class='ocrx_word' id='word_1_359' title='bbox 3183 2420 3388 2470; x_wconf 77' lang='grc' dir='ltr'><em>πάντων</em></span> <span class='ocrx_word' id='word_1_360' title='bbox 3466 2426 3565 2471; x_wconf 85' lang='grc' dir='ltr'>τῶν</span> <span class='ocrx_word' id='word_1_361' title='bbox 3633 2416 3781 2470; x_wconf 83' lang='grc' dir='ltr'><em>ἐθνῶν</em></span> <span class='ocrx_word' id='word_1_362' title='bbox 3841 2416 3932 2466; x_wconf 77' lang='grc' dir='ltr'>Κύ-</span> 
     </span>
    </p>
   </div>
   <div class='ocr_carea' id='block_1_55' title="bbox 2350 2322 3495 2399">
    <p class='ocr_par' dir='ltr' id='par_1_55' title="bbox 2350 2322 3495 2399">
     <span class='ocr_line' id='line_1_55' title="bbox 2350 2322 3495 2399; baseline 0.005 -24"><span class='ocrx_word' id='word_1_363' title='bbox 2350 2322 2585 2377; x_wconf 79' lang='grc' dir='ltr'><em>ἐσέϐοντο</em></span> <span class='ocrx_word' id='word_1_364' title='bbox 2642 2333 2959 2399; x_wconf 78' lang='grc' dir='ltr'><em>Σαμαρεῖται</em></span> <span class='ocrx_word' id='word_1_365' title='bbox 3021 2333 3112 2379; x_wconf 85' lang='grc' dir='ltr'><em>καὶ</em></span> <span class='ocrx_word' id='word_1_366' title='bbox 3154 2325 3411 2381; x_wconf 90' lang='grc' dir='ltr'><em>Ἰουδαῖοι</em></span> <span class='ocrx_word' id='word_1_367' title='bbox 3482 2346 3495 2359; x_wconf 70' lang='grc'><strong><em>⁸</em></strong></span> 
     </span>
    </p>
   </div>
   <div class='ocr_carea' id='block_1_56' title="bbox 2760 2501 3931 2582">
    <p class='ocr_par' dir='ltr' id='par_1_56' title="bbox 2760 2501 3931 2582">
     <span class='ocr_line' id='line_1_56' title="bbox 2760 2501 3931 2582; baseline -0.002 -26"><span class='ocrx_word' id='word_1_368' title='bbox 2760 2511 2927 2577; x_wconf 88' lang='grc' dir='ltr'><em>μόνων</em></span> <span class='ocrx_word' id='word_1_369' title='bbox 2983 2510 3084 2579; x_wconf 81' lang='grc' dir='ltr'>γαρ</span> <span class='ocrx_word' id='word_1_370' title='bbox 3140 2515 3468 2582; x_wconf 79' lang='grc' dir='ltr'><em>Σαμαρειτῶν</em></span> <span class='ocrx_word' id='word_1_371' title='bbox 3538 2512 3627 2559; x_wconf 79' lang='grc' dir='ltr'><em>καὶ</em></span> <span class='ocrx_word' id='word_1_372' title='bbox 3681 2501 3931 2559; x_wconf 74' lang='grc' dir='ltr'><em>Ἰουδαίων</em></span> 
     </span>
    </p>
   </div>
   <div class='ocr_carea' id='block_1_57' title="bbox 3352 2592 3932 2665">
    <p class='ocr_par' dir='ltr' id='par_1_57' title="bbox 3352 2592 3932 2665">
     <span class='ocr_line' id='line_1_57' title="bbox 3352 2592 3932 2665; baseline -0.012 -15"><span class='ocrx_word' id='word_1_373' title='bbox 3352 2593 3609 2651; x_wconf 86' lang='grc' dir='ltr'><em>Ἰουδαῖοι</em></span> <span class='ocrx_word' id='word_1_374' title='bbox 3667 2592 3723 2648; x_wconf 73' lang='grc' dir='ltr'><em>δὲ</em></span> <span class='ocrx_word' id='word_1_375' title='bbox 3773 2593 3932 2665; x_wconf 74' lang='grc' dir='ltr'><em>ἐγίνω-</em></span> 
     </span>
    </p>
   </div>
   <div class='ocr_carea' id='block_1_58' title="bbox 2349 2682 3930 2759">
    <p class='ocr_par' dir='ltr' id='par_1_58' title="bbox 2349 2682 3930 2759">
     <span class='ocr_line' id='line_1_58' title="bbox 2349 2682 3930 2759; baseline 0.004 -26"><span class='ocrx_word' id='word_1_376' title='bbox 2349 2701 2470 2733; x_wconf 69' lang='grc' dir='ltr'><em>σκον</em></span> <span class='ocrx_word' id='word_1_377' title='bbox 2520 2684 2599 2733; x_wconf 85' lang='grc' dir='ltr'><em>ὅτι</em></span> <span class='ocrx_word' id='word_1_378' title='bbox 2638 2685 3010 2759; x_wconf 77' lang='grc' dir='ltr'><em>παντοκράτωρ</em></span> <span class='ocrx_word' id='word_1_379' title='bbox 3057 2688 3194 2740; x_wconf 86' lang='grc' dir='ltr'><em>ἐστί.</em></span> <span class='ocrx_word' id='word_1_380' title='bbox 3256 2688 3349 2739; x_wconf 85' lang='grc' dir='ltr'>Διά</span> <span class='ocrx_word' id='word_1_381' title='bbox 3403 2694 3558 2739; x_wconf 82' lang='grc' dir='ltr'><em>τοῦτο</em></span> <span class='ocrx_word' id='word_1_382' title='bbox 3612 2687 3739 2759; x_wconf 85' lang='grc' dir='ltr'><em>πρὸς</em></span> <span class='ocrx_word' id='word_1_383' title='bbox 3790 2682 3930 2739; x_wconf 71' lang='grc' dir='ltr'><em>αὐτὴν</em></span> 
     </span>
    </p>
   </div>
   <div class='ocr_carea' id='block_1_59' title="bbox 2347 2502 2698 2575">
    <p class='ocr_par' dir='ltr' id='par_1_59' title="bbox 2347 2502 2698 2575">
     <span class='ocr_line' id='line_1_59' title="bbox 2347 2502 2698 2575; baseline 0.009 -21"><span class='ocrx_word' id='word_1_384' title='bbox 2347 2508 2458 2575; x_wconf 89' lang='grc' dir='ltr'><em>ριός</em></span> <span class='ocrx_word' id='word_1_385' title='bbox 2520 2502 2630 2556; x_wconf 76' lang='grc' dir='ltr'><em>ἐστι</em></span> <span class='ocrx_word' id='word_1_386' title='bbox 2688 2524 2698 2535; x_wconf 94' lang='grc'><strong>·</strong></span> 
     </span>
    </p>
   </div>
   <div class='ocr_carea' id='block_1_60' title="bbox 2349 2589 3298 2668">
    <p class='ocr_par' dir='ltr' id='par_1_60' title="bbox 2349 2589 3298 2668">
     <span class='ocr_line' id='line_1_60' title="bbox 2349 2589 3298 2668; baseline 0.003 -24"><span class='ocrx_word' id='word_1_387' title='bbox 2349 2589 2626 2653; x_wconf 76' lang='grc' dir='ltr'><em>δεσπόζειν</em></span> <span class='ocrx_word' id='word_1_388' title='bbox 2676 2593 2831 2646; x_wconf 84' lang='grc' dir='ltr'><em>αύτὸν</em></span> <span class='ocrx_word' id='word_1_389' title='bbox 2876 2595 3232 2668; x_wconf 77' lang='grc' dir='ltr'><em>ὑπελάμϐανον</em></span> <span class='ocrx_word' id='word_1_390' title='bbox 3286 2617 3298 2628; x_wconf 77' lang='grc' dir='ltr'>ο</span> 
     </span>
    </p>
   </div>
   <div class='ocr_carea' id='block_1_61' title="bbox 2346 2767 3930 2847">
    <p class='ocr_par' dir='ltr' id='par_1_61' title="bbox 2346 2767 3930 2847">
     <span class='ocr_line' id='line_1_61' title="bbox 2346 2767 3930 2847; baseline -0.001 -24"><span class='ocrx_word' id='word_1_391' title='bbox 2346 2767 2481 2823; x_wconf 82' lang='grc' dir='ltr'><em>εἶπεν</em></span> <span class='ocrx_word' id='word_1_392' title='bbox 2536 2774 2614 2824; x_wconf 82' lang='grc' dir='ltr'><em>ὅτι</em></span> <span class='ocrx_word' id='word_1_393' title='bbox 2680 2772 2851 2844; x_wconf 82' lang='grc' dir='ltr'><em>Ὑμεῖς</em></span> <span class='ocrx_word' id='word_1_394' title='bbox 2910 2778 3249 2847; x_wconf 82' lang='grc' dir='ltr'><em>προσκύνεῖτε</em></span> <span class='ocrx_word' id='word_1_395' title='bbox 3280 2775 3305 2827; x_wconf 87' lang='grc' dir='ltr'><strong><em>ὃ</em></strong></span> <span class='ocrx_word' id='word_1_396' title='bbox 3372 2775 3469 2828; x_wconf 70' lang='grc' dir='ltr'><em>οὐκ</em></span> <span class='ocrx_word' id='word_1_397' title='bbox 3532 2771 3727 2840; x_wconf 83' lang='grc' dir='ltr'><em>οἴδατε,</em></span> <span class='ocrx_word' id='word_1_398' title='bbox 3799 2789 3930 2824; x_wconf 88' lang='grc' dir='ltr'><em>τουτ-</em></span> 
     </span>
    </p>
   </div>
   <div class='ocr_carea' id='block_1_62' title="bbox 2345 2858 3928 2927">
    <p class='ocr_par' dir='ltr' id='par_1_62' title="bbox 2345 2858 3928 2927">
     <span class='ocr_line' id='line_1_62' title="bbox 2345 2858 3928 2927; baseline -0.002 -16"><span class='ocrx_word' id='word_1_399' title='bbox 2345 2858 2505 2927; x_wconf 75' lang='grc' dir='ltr'><em>έστιν,</em></span> <span class='ocrx_word' id='word_1_400' title='bbox 2552 2862 2612 2913; x_wconf 79' lang='grc' dir='ltr'><em>οὗ</em></span> <span class='ocrx_word' id='word_1_401' title='bbox 2691 2867 2784 2920; x_wconf 80' lang='grc' dir='ltr'>τὴν</span> <span class='ocrx_word' id='word_1_402' title='bbox 2843 2862 3083 2925; x_wconf 84' lang='grc' dir='ltr'><em>ἐξουσίαν</em></span> <span class='ocrx_word' id='word_1_403' title='bbox 3144 2864 3238 2916; x_wconf 82' lang='grc' dir='ltr'>ούκ</span> <span class='ocrx_word' id='word_1_404' title='bbox 3326 2862 3529 2919; x_wconf 79' lang='grc' dir='ltr'><em>οἴδατε.</em></span> <span class='ocrx_word' id='word_1_405' title='bbox 3605 2867 3701 2917; x_wconf 78' lang='grc' dir='ltr'>Καὶ</span> <span class='ocrx_word' id='word_1_406' title='bbox 3768 2864 3928 2913; x_wconf 84' lang='grc' dir='ltr'><em>ἔαυτον</em></span> 
     </span>
    </p>
   </div>
   <div class='ocr_carea' id='block_1_63' title="bbox 2346 2947 3927 3030">
    <p class='ocr_par' dir='ltr' id='par_1_63' title="bbox 2346 2947 3927 3030">
     <span class='ocr_line' id='line_1_63' title="bbox 2346 2947 3927 3030; baseline 0.001 -29"><span class='ocrx_word' id='word_1_407' title='bbox 2346 2947 2405 3002; x_wconf 80' lang='grc' dir='ltr'><em>δὲ</em></span> <span class='ocrx_word' id='word_1_408' title='bbox 2437 2951 2679 3013; x_wconf 84' lang='grc' dir='ltr'><em>συνέταξε</em></span> <span class='ocrx_word' id='word_1_409' title='bbox 2709 2960 2818 3011; x_wconf 85' lang='grc' dir='ltr'><em>τοῖς</em></span> <span class='ocrx_word' id='word_1_410' title='bbox 2848 2950 3148 3015; x_wconf 83' lang='grc' dir='ltr'><em>Ἰουδαίοις.</em></span> <span class='ocrx_word' id='word_1_411' title='bbox 3207 2954 3380 3025; x_wconf 73' lang='grc' dir='ltr'><em>Ἡμεῖς</em></span> <span class='ocrx_word' id='word_1_412' title='bbox 3407 2958 3535 3030; x_wconf 76' lang='grc' dir='ltr'><em>γὰρ,</em></span> <span class='ocrx_word' id='word_1_413' title='bbox 3578 2957 3727 3026; x_wconf 78' lang='grc' dir='ltr'><em>φησὶ,</em></span> <span class='ocrx_word' id='word_1_414' title='bbox 3780 2967 3927 3024; x_wconf 88' lang='grc' dir='ltr'><em>προσ-</em></span> 
     </span>
    </p>
   </div>
   <div class='ocr_carea' id='block_1_64' title="bbox 2345 3038 3923 3113">
    <p class='ocr_par' dir='ltr' id='par_1_64' title="bbox 2345 3038 3923 3113">
     <span class='ocr_line' id='line_1_64' title="bbox 2345 3038 3923 3113; baseline 0.003 -23"><span class='ocrx_word' id='word_1_415' title='bbox 2345 3048 2594 3112; x_wconf 78' lang='grc' dir='ltr'><em>κυνοῦμεν</em></span> <span class='ocrx_word' id='word_1_416' title='bbox 2627 3040 2651 3091; x_wconf 88' lang='grc' dir='ltr'><strong>ὃ</strong></span> <span class='ocrx_word' id='word_1_417' title='bbox 2684 3038 2901 3113; x_wconf 82' lang='grc' dir='ltr'><em>οἴδαμεν</em></span> <span class='ocrx_word' id='word_1_418' title='bbox 2942 3060 2952 3071; x_wconf 92' lang='grc'><strong>·</strong></span> <span class='ocrx_word' id='word_1_419' title='bbox 2980 3039 3121 3095; x_wconf 86' lang='grc' dir='ltr'><em>διότι</em></span> <span class='ocrx_word' id='word_1_420' title='bbox 3148 3048 3237 3095; x_wconf 88' lang='grc' dir='ltr'><em>καὶ</em></span> <span class='ocrx_word' id='word_1_421' title='bbox 3263 3040 3607 3107; x_wconf 85' lang='grc' dir='ltr'><em>ἐξἸουδαίων</em></span> <span class='ocrx_word' id='word_1_422' title='bbox 3639 3041 3923 3106; x_wconf 76' lang='grc' dir='ltr'><em>ἐϐλάστησε,</em></span> 
     </span>
    </p>
   </div>
   <div class='ocr_carea' id='block_1_65' title="bbox 575 3125 2238 3206">
    <p class='ocr_par' dir='ltr' id='par_1_65' title="bbox 575 3125 2230 3203">
     <span class='ocr_line' id='line_1_65' title="bbox 575 3125 2230 3203; baseline -0.002 -17"><span class='ocrx_word' id='word_1_423' title='bbox 575 3130 1086 3203; x_wconf 87' lang='lat' dir='ltr'>eratprogenitus,</span> <span class='ocrx_word' id='word_1_424' title='bbox 1119 3132 1175 3181; x_wconf 92' lang='lat' dir='ltr'>et</span> <span class='ocrx_word' id='word_1_425' title='bbox 1197 3126 1587 3182; x_wconf 52' lang='lat' dir='ltr'>Samaritana).</span> <span class='ocrx_word' id='word_1_426' title='bbox 1610 3125 1853 3181; x_wconf 67' lang='lat' dir='ltr'>Iudaeus</span> <span class='ocrx_word' id='word_1_427' title='bbox 1900 3127 2230 3183; x_wconf 83' lang='lat' dir='ltr'>videbatur.</span> 
     </span>
    </p>
   </div>
   <div class='ocr_carea' id='block_1_66' title="bbox 2348 3125 3927 3206">
    <p class='ocr_par' dir='ltr' id='par_1_66' title="bbox 2348 3126 3927 3206">
     <span class='ocr_line' id='line_1_66' title="bbox 2348 3126 3927 3206; baseline 0.001 -27"><span class='ocrx_word' id='word_1_428' title='bbox 2348 3134 2430 3181; x_wconf 83' lang='grc' dir='ltr'><em>καὶ</em></span> <span class='ocrx_word' id='word_1_429' title='bbox 2461 3126 2721 3193; x_wconf 82' lang='grc' dir='ltr'><em>Ἰουδαῖος</em></span> <span class='ocrx_word' id='word_1_430' title='bbox 2754 3140 2815 3203; x_wconf 75' lang='grc' dir='ltr'><em>τῇ</em></span> <span class='ocrx_word' id='word_1_431' title='bbox 2857 3130 3196 3206; x_wconf 84' lang='grc' dir='ltr'><em>Σαμαρείτιδι</em></span> <span class='ocrx_word' id='word_1_432' title='bbox 3228 3129 3419 3196; x_wconf 82' lang='grc' dir='ltr'><em>ἔδοξεν.</em></span> <span class='ocrx_word' id='word_1_433' title='bbox 3461 3130 3585 3188; x_wconf 82' lang='grc' dir='ltr'><em>Εἶτα</em></span> <span class='ocrx_word' id='word_1_434' title='bbox 3634 3131 3804 3201; x_wconf 82' lang='grc' dir='ltr'><em>ἐπάγει</em></span> <span class='ocrx_word' id='word_1_435' title='bbox 3850 3130 3927 3178; x_wconf 77' lang='grc' dir='ltr'><em>καὶ</em></span> 
     </span>
    </p>
   </div>
   <div class='ocr_carea' id='block_1_67' title="bbox 576 3214 1873 3286">
    <p class='ocr_par' dir='ltr' id='par_1_67' title="bbox 576 3214 1873 3286">
     <span class='ocr_line' id='line_1_67' title="bbox 576 3214 1873 3286; baseline -0.003 -11"><span class='ocrx_word' id='word_1_436' title='bbox 576 3220 800 3275; x_wconf 86' lang='lat' dir='ltr'>Deinde</span> <span class='ocrx_word' id='word_1_437' title='bbox 830 3220 1006 3273; x_wconf 88' lang='lat' dir='ltr'>etiam</span> <span class='ocrx_word' id='word_1_438' title='bbox 1033 3216 1279 3279; x_wconf 88' lang='lat' dir='ltr'>inducit,</span> <span class='ocrx_word' id='word_1_439' title='bbox 1315 3215 1481 3286; x_wconf 91' lang='lat' dir='ltr'>quod</span> <span class='ocrx_word' id='word_1_440' title='bbox 1521 3214 1718 3285; x_wconf 89' lang='lat' dir='ltr'>majus</span> <span class='ocrx_word' id='word_1_441' title='bbox 1750 3221 1873 3271; x_wconf 87' lang='lat' dir='ltr'>est:</span> 
     </span>
    </p>
   </div>
   <div class='ocr_carea' id='block_1_68' title="bbox 644 3304 2233 3374">
    <p class='ocr_par' dir='ltr' id='par_1_68' title="bbox 644 3304 2233 3374">
     <span class='ocr_line' id='line_1_68' title="bbox 644 3304 2233 3374; baseline 0 -11"><span class='ocrx_word' id='word_1_442' title='bbox 644 3309 807 3365; x_wconf 90' lang='lat' dir='ltr'>Vers.</span> <span class='ocrx_word' id='word_1_443' title='bbox 840 3313 927 3363; x_wconf 80' lang='grc'>22.</span> <span class='ocrx_word' id='word_1_444' title='bbox 961 3306 1105 3374; x_wconf 81' lang='lat' dir='ltr'>Quia</span> <span class='ocrx_word' id='word_1_445' title='bbox 1155 3336 1215 3345; x_wconf 93' lang='lat'><strong>—</strong></span> <span class='ocrx_word' id='word_1_446' title='bbox 1251 3309 1349 3359; x_wconf 84' lang='lat' dir='ltr'>est.</span> <span class='ocrx_word' id='word_1_447' title='bbox 1414 3304 1926 3359; x_wconf 85' lang='lat' dir='ltr'>Samaritanorum</span> <span class='ocrx_word' id='word_1_448' title='bbox 1966 3306 2122 3361; x_wconf 89' lang='lat' dir='ltr'>salus</span> <span class='ocrx_word' id='word_1_449' title='bbox 2162 3324 2233 3363; x_wconf 83' lang='lat' dir='ltr'>ex</span> 
     </span>
    </p>
   </div>
   <div class='ocr_carea' id='block_1_69' title="bbox 569 3393 2234 3466">
    <p class='ocr_par' dir='ltr' id='par_1_69' title="bbox 569 3393 2234 3466">
     <span class='ocr_line' id='line_1_69' title="bbox 569 3393 2234 3466; baseline -0.003 -11"><span class='ocrx_word' id='word_1_450' title='bbox 569 3399 793 3457; x_wconf 72' lang='lat' dir='ltr'>Judaais</span> <span class='ocrx_word' id='word_1_451' title='bbox 816 3404 903 3453; x_wconf 90' lang='lat' dir='ltr'>est</span> <span class='ocrx_word' id='word_1_452' title='bbox 932 3414 945 3463; x_wconf 89' lang='lat'>;</span> <span class='ocrx_word' id='word_1_453' title='bbox 970 3412 1111 3451; x_wconf 88' lang='lat' dir='ltr'>nam</span> <span class='ocrx_word' id='word_1_454' title='bbox 1153 3394 1230 3450; x_wconf 90' lang='lat' dir='ltr'>ab</span> <span class='ocrx_word' id='word_1_455' title='bbox 1269 3393 1379 3449; x_wconf 90' lang='lat' dir='ltr'>illis</span> <span class='ocrx_word' id='word_1_456' title='bbox 1417 3393 1753 3449; x_wconf 90' lang='lat' dir='ltr'>didicerunt</span> <span class='ocrx_word' id='word_1_457' title='bbox 1794 3394 1976 3449; x_wconf 91' lang='lat' dir='ltr'>Deum</span> <span class='ocrx_word' id='word_1_458' title='bbox 2017 3412 2234 3466; x_wconf 88' lang='lat' dir='ltr'>cogno-</span> 
     </span>
    </p>
   </div>
   <div class='ocr_carea' id='block_1_70' title="bbox 573 3482 2231 3555">
    <p class='ocr_par' dir='ltr' id='par_1_70' title="bbox 573 3482 2231 3555">
     <span class='ocr_line' id='line_1_70' title="bbox 573 3482 2231 3555; baseline -0.003 -9"><span class='ocrx_word' id='word_1_459' title='bbox 573 3504 756 3554; x_wconf 84' lang='lat' dir='ltr'>scere,</span> <span class='ocrx_word' id='word_1_460' title='bbox 800 3493 857 3543; x_wconf 90' lang='lat' dir='ltr'>et</span> <span class='ocrx_word' id='word_1_461' title='bbox 899 3485 1060 3541; x_wconf 91' lang='lat' dir='ltr'>idola</span> <span class='ocrx_word' id='word_1_462' title='bbox 1103 3499 1399 3555; x_wconf 89' lang='lat' dir='ltr'>respuere.</span> <span class='ocrx_word' id='word_1_463' title='bbox 1448 3484 1561 3537; x_wconf 79' lang='lat' dir='ltr'>Aut</span> <span class='ocrx_word' id='word_1_464' title='bbox 1613 3482 1729 3538; x_wconf 90' lang='lat' dir='ltr'>alio</span> <span class='ocrx_word' id='word_1_465' title='bbox 1782 3484 2009 3539; x_wconf 83' lang='lat' dir='ltr'>modo:</span> <span class='ocrx_word' id='word_1_466' title='bbox 2060 3486 2231 3542; x_wconf 87' lang='lat' dir='ltr'>Salus</span> 
     </span>
    </p>
   </div>
   <div class='ocr_carea' id='block_1_71' title="bbox 575 3570 2230 3639">
    <p class='ocr_par' dir='ltr' id='par_1_71' title="bbox 575 3570 2230 3639">
     <span class='ocr_line' id='line_1_71' title="bbox 575 3570 2230 3639; baseline -0.003 -5"><span class='ocrx_word' id='word_1_467' title='bbox 575 3576 784 3634; x_wconf 88' lang='lat' dir='ltr'>mundi</span> <span class='ocrx_word' id='word_1_468' title='bbox 815 3592 883 3631; x_wconf 83' lang='lat' dir='ltr'>ex</span> <span class='ocrx_word' id='word_1_469' title='bbox 919 3574 1144 3629; x_wconf 74' lang='lat' dir='ltr'>Judasis</span> <span class='ocrx_word' id='word_1_470' title='bbox 1183 3576 1290 3639; x_wconf 91' lang='lat' dir='ltr'>est,</span> <span class='ocrx_word' id='word_1_471' title='bbox 1338 3587 1476 3626; x_wconf 90' lang='lat' dir='ltr'>cum</span> <span class='ocrx_word' id='word_1_472' title='bbox 1508 3570 1585 3626; x_wconf 86' lang='lat' dir='ltr'>ab</span> <span class='ocrx_word' id='word_1_473' title='bbox 1615 3572 1698 3626; x_wconf 90' lang='lat' dir='ltr'>eis</span> <span class='ocrx_word' id='word_1_474' title='bbox 1730 3571 1993 3628; x_wconf 88' lang='lat' dir='ltr'>Christus</span> <span class='ocrx_word' id='word_1_475' title='bbox 2045 3574 2117 3628; x_wconf 91' lang='lat' dir='ltr'>sit</span> <span class='ocrx_word' id='word_1_476' title='bbox 2146 3575 2230 3630; x_wconf 91' lang='lat' dir='ltr'>in-</span> 
     </span>
    </p>
   </div>
   <div class='ocr_carea' id='block_1_72' title="bbox 571 3670 878 3724">
    <p class='ocr_par' dir='ltr' id='par_1_72' title="bbox 571 3670 878 3724">
     <span class='ocr_line' id='line_1_72' title="bbox 571 3670 878 3724; baseline -0.016 0"><span class='ocrx_word' id='word_1_477' title='bbox 571 3670 878 3724; x_wconf 88' lang='lat' dir='ltr'>carnatus.</span> 
     </span>
    </p>
   </div>
   <div class='ocr_carea' id='block_1_73' title="bbox 644 3749 2232 3811">
    <p class='ocr_par' dir='ltr' id='par_1_73' title="bbox 644 3749 2232 3811">
     <span class='ocr_line' id='line_1_73' title="bbox 644 3749 2232 3811; baseline -0.002 0"><span class='ocrx_word' id='word_1_478' title='bbox 644 3758 802 3811; x_wconf 88' lang='lat' dir='ltr'>Vers.</span> <span class='ocrx_word' id='word_1_479' title='bbox 834 3757 925 3810; x_wconf 76' lang='lat'>&#39;23.</span> <span class='ocrx_word' id='word_1_480' title='bbox 974 3751 1087 3808; x_wconf 84' lang='lat' dir='ltr'>Sed</span> <span class='ocrx_word' id='word_1_481' title='bbox 1131 3782 1194 3791; x_wconf 94' lang='lat'><strong>—</strong></span> <span class='ocrx_word' id='word_1_482' title='bbox 1241 3750 1498 3806; x_wconf 76' lang='lat' dir='ltr'>veritate.</span> <span class='ocrx_word' id='word_1_483' title='bbox 1546 3750 1652 3806; x_wconf 90' lang='lat' dir='ltr'>Ubi</span> <span class='ocrx_word' id='word_1_484' title='bbox 1701 3749 1940 3807; x_wconf 69' lang='lat' dir='ltr'>Judmos</span> <span class='ocrx_word' id='word_1_485' title='bbox 1974 3753 2232 3809; x_wconf 88' lang='lat' dir='ltr'>Samari-</span> 
     </span>
    </p>
   </div>
   <div class='ocr_carea' id='block_1_74' title="bbox 571 3840 2232 3915">
    <p class='ocr_par' dir='ltr' id='par_1_74' title="bbox 571 3840 2232 3915">
     <span class='ocr_line' id='line_1_74' title="bbox 571 3840 2232 3915; baseline -0.003 -13"><span class='ocrx_word' id='word_1_486' title='bbox 571 3846 727 3903; x_wconf 87' lang='lat' dir='ltr'>tanis</span> <span class='ocrx_word' id='word_1_487' title='bbox 757 3841 1198 3915; x_wconf 70' lang='lat' dir='ltr'>praeposuisset,</span> <span class='ocrx_word' id='word_1_488' title='bbox 1227 3856 1464 3894; x_wconf 88' lang='lat' dir='ltr'>rursum</span> <span class='ocrx_word' id='word_1_489' title='bbox 1497 3855 1657 3893; x_wconf 91' lang='lat' dir='ltr'>nunc</span> <span class='ocrx_word' id='word_1_490' title='bbox 1685 3840 1903 3895; x_wconf 64' lang='lat' dir='ltr'>Judmis</span> <span class='ocrx_word' id='word_1_491' title='bbox 1936 3842 2232 3913; x_wconf 73' lang='lat' dir='ltr'>praeponit</span> 
     </span>
    </p>
   </div>
   <div class='ocr_carea' id='block_1_75' title="bbox 571 3928 2228 4002">
    <p class='ocr_par' dir='ltr' id='par_1_75' title="bbox 571 3928 2228 4002">
     <span class='ocr_line' id='line_1_75' title="bbox 571 3928 2228 4002; baseline -0.002 -12"><span class='ocrx_word' id='word_1_492' title='bbox 571 3933 960 3999; x_wconf 88' lang='lat' dir='ltr'>Christianos,</span> <span class='ocrx_word' id='word_1_493' title='bbox 994 3936 1056 3985; x_wconf 91' lang='lat' dir='ltr'>ut</span> <span class='ocrx_word' id='word_1_494' title='bbox 1086 3928 1426 4002; x_wconf 87' lang='lat' dir='ltr'>suspicione</span> <span class='ocrx_word' id='word_1_495' title='bbox 1466 3933 1665 3984; x_wconf 88' lang='lat' dir='ltr'>careat</span> <span class='ocrx_word' id='word_1_496' title='bbox 1689 3929 1969 4000; x_wconf 71' lang='lat' dir='ltr'>praelatio,</span> <span class='ocrx_word' id='word_1_497' title='bbox 2013 3938 2069 3986; x_wconf 89' lang='lat' dir='ltr'>et</span> <span class='ocrx_word' id='word_1_498' title='bbox 2111 3948 2228 3986; x_wconf 92' lang='lat' dir='ltr'>non</span> 
     </span>
    </p>
   </div>
   <div class='ocr_carea' id='block_1_76' title="bbox 572 4018 2229 4095">
    <p class='ocr_par' dir='ltr' id='par_1_76' title="bbox 572 4018 2229 4095">
     <span class='ocr_line' id='line_1_76' title="bbox 572 4018 2229 4095; baseline -0.003 -14"><span class='ocrx_word' id='word_1_499' title='bbox 572 4026 855 4095; x_wconf 87' lang='lat' dir='ltr'>appareat</span> <span class='ocrx_word' id='word_1_500' title='bbox 881 4019 1102 4077; x_wconf 71' lang='lat' dir='ltr'>Judaais</span> <span class='ocrx_word' id='word_1_501' title='bbox 1146 4018 1467 4087; x_wconf 80' lang='lat' dir='ltr'>gratificari</span> <span class='ocrx_word' id='word_1_502' title='bbox 1509 4025 1797 4091; x_wconf 90' lang='lat' dir='ltr'>tanquam</span> <span class='ocrx_word' id='word_1_503' title='bbox 1830 4020 2086 4075; x_wconf 66' lang='lat' dir='ltr'>Judaeus.</span> <span class='ocrx_word' id='word_1_504' title='bbox 2124 4020 2229 4076; x_wconf 87' lang='lat' dir='ltr'>Ubi</span> 
     </span>
    </p>
   </div>
   <div class='ocr_carea' id='block_1_77' title="bbox 571 4108 2233 4180">
    <p class='ocr_par' dir='ltr' id='par_1_77' title="bbox 571 4108 2233 4180">
     <span class='ocr_line' id='line_1_77' title="bbox 571 4108 2233 4180; baseline -0.004 -10"><span class='ocrx_word' id='word_1_505' title='bbox 571 4119 772 4170; x_wconf 86' lang='lat' dir='ltr'>autem</span> <span class='ocrx_word' id='word_1_506' title='bbox 794 4112 933 4167; x_wconf 85' lang='lat' dir='ltr'>dixit</span> <span class='ocrx_word' id='word_1_507' title='bbox 966 4126 977 4165; x_wconf 87' lang='lat'><strong>:</strong></span> <span class='ocrx_word' id='word_1_508' title='bbox 1024 4109 1182 4166; x_wconf 83' lang='lat' dir='ltr'>Venit</span> <span class='ocrx_word' id='word_1_509' title='bbox 1216 4116 1464 4177; x_wconf 79' lang='lat' dir='ltr'>tempus,</span> <span class='ocrx_word' id='word_1_510' title='bbox 1493 4123 1567 4162; x_wconf 88' lang='lat' dir='ltr'>ne</span> <span class='ocrx_word' id='word_1_511' title='bbox 1611 4114 1865 4180; x_wconf 88' lang='lat' dir='ltr'>putaret,</span> <span class='ocrx_word' id='word_1_512' title='bbox 1894 4109 2033 4163; x_wconf 91' lang='lat' dir='ltr'>illud</span> <span class='ocrx_word' id='word_1_513' title='bbox 2062 4108 2233 4165; x_wconf 80' lang='lat' dir='ltr'>diiI‘e-</span> 
     </span>
    </p>
   </div>
   <div class='ocr_carea' id='block_1_78' title="bbox 570 4197 2230 4271">
    <p class='ocr_par' dir='ltr' id='par_1_78' title="bbox 570 4197 2230 4271">
     <span class='ocr_line' id='line_1_78' title="bbox 570 4197 2230 4271; baseline -0.003 -12"><span class='ocrx_word' id='word_1_514' title='bbox 570 4199 1174 4271; x_wconf 79' lang='lat' dir='ltr'>rendun1,subjunxit</span> <span class='ocrx_word' id='word_1_515' title='bbox 1199 4215 1210 4253; x_wconf 91' lang='lat'>:</span> <span class='ocrx_word' id='word_1_516' title='bbox 1232 4198 1305 4253; x_wconf 77' lang='lat' dir='ltr'>Et</span> <span class='ocrx_word' id='word_1_517' title='bbox 1330 4213 1490 4252; x_wconf 85' lang='lat' dir='ltr'>nunc</span> <span class='ocrx_word' id='word_1_518' title='bbox 1509 4204 1611 4262; x_wconf 80' lang='lat' dir='ltr'>est,</span> <span class='ocrx_word' id='word_1_519' title='bbox 1637 4197 1759 4252; x_wconf 90' lang='lat' dir='ltr'>sive</span> <span class='ocrx_word' id='word_1_520' title='bbox 1777 4197 1905 4268; x_wconf 92' lang='lat' dir='ltr'>jam</span> <span class='ocrx_word' id='word_1_521' title='bbox 1936 4199 2230 4264; x_wconf 90' lang='lat' dir='ltr'>imminet,</span> 
     </span>
    </p>
   </div>
   <div class='ocr_carea' id='block_1_79' title="bbox 570 4291 767 4346">
    <p class='ocr_par' dir='ltr' id='par_1_79' title="bbox 570 4291 767 4346">
     <span class='ocr_line' id='line_1_79' title="bbox 570 4291 767 4346; baseline -0.01 0"><span class='ocrx_word' id='word_1_522' title='bbox 570 4291 767 4346; x_wconf 83' lang='lat' dir='ltr'>instat.</span> 
     </span>
    </p>
   </div>
   <div class='ocr_carea' id='block_1_80' title="bbox 646 4374 2229 4447">
    <p class='ocr_par' dir='ltr' id='par_1_80' title="bbox 646 4374 2229 4447">
     <span class='ocr_line' id='line_1_80' title="bbox 646 4374 2229 4447; baseline -0.002 -13"><span class='ocrx_word' id='word_1_523' title='bbox 646 4382 822 4434; x_wconf 90' lang='lat' dir='ltr'>Veros</span> <span class='ocrx_word' id='word_1_524' title='bbox 866 4377 1009 4432; x_wconf 91' lang='lat' dir='ltr'>item</span> <span class='ocrx_word' id='word_1_525' title='bbox 1059 4374 1407 4432; x_wconf 89' lang='lat' dir='ltr'>adoratores</span> <span class='ocrx_word' id='word_1_526' title='bbox 1439 4374 1581 4430; x_wconf 90' lang='lat' dir='ltr'>dicit</span> <span class='ocrx_word' id='word_1_527' title='bbox 1612 4392 1714 4431; x_wconf 92' lang='lat' dir='ltr'>eos</span> <span class='ocrx_word' id='word_1_528' title='bbox 1745 4376 1847 4447; x_wconf 89' lang='lat' dir='ltr'>qui</span> <span class='ocrx_word' id='word_1_529' title='bbox 1894 4376 1955 4432; x_wconf 91' lang='lat' dir='ltr'>in</span> <span class='ocrx_word' id='word_1_530' title='bbox 2010 4394 2069 4433; x_wconf 91' lang='lat' dir='ltr'>se</span> <span class='ocrx_word' id='word_1_531' title='bbox 2112 4393 2229 4432; x_wconf 90' lang='lat' dir='ltr'>cre-</span> 
     </span>
    </p>
   </div>
   <div class='ocr_carea' id='block_1_81' title="bbox 2344 3219 2619 3290">
    <p class='ocr_par' dir='ltr' id='par_1_81' title="bbox 2344 3219 2619 3290">
     <span class='ocr_line' id='line_1_81' title="bbox 2344 3219 2619 3290; baseline 0.004 -20"><span class='ocrx_word' id='word_1_532' title='bbox 2344 3221 2401 3270; x_wconf 87' lang='grc' dir='ltr'><em>τὸ</em></span> <span class='ocrx_word' id='word_1_533' title='bbox 2422 3219 2619 3290; x_wconf 79' lang='grc' dir='ltr'><em>μεῖζον.</em></span> 
     </span>
    </p>
   </div>
   <div class='ocr_carea' id='block_1_82' title="bbox 2413 3304 3923 3386">
    <p class='ocr_par' dir='ltr' id='par_1_82' title="bbox 2413 3304 3923 3386">
     <span class='ocr_line' id='line_1_82' title="bbox 2413 3304 3923 3386; baseline -0.004 -27"><span class='ocrx_word' id='word_1_534' title='bbox 2413 3307 2534 3359; x_wconf 81' lang='grc' dir='ltr'><em>Ὀτι</em></span> <span class='ocrx_word' id='word_1_535' title='bbox 2558 3339 2626 3349; x_wconf 91' lang='lat'><strong>—</strong></span> <span class='ocrx_word' id='word_1_536' title='bbox 2658 3306 2818 3361; x_wconf 85' lang='grc' dir='ltr'><em>ἐστίν.</em></span> <span class='ocrx_word' id='word_1_537' title='bbox 2865 3310 2921 3363; x_wconf 79' lang='grc' dir='ltr'><strong>Ἠ</strong></span> <span class='ocrx_word' id='word_1_538' title='bbox 2977 3315 3213 3385; x_wconf 70' lang='grc' dir='ltr'><em>σωτηρία</em></span> <span class='ocrx_word' id='word_1_539' title='bbox 3258 3321 3356 3365; x_wconf 86' lang='grc' dir='ltr'><em>τῶν</em></span> <span class='ocrx_word' id='word_1_540' title='bbox 3412 3317 3737 3386; x_wconf 85' lang='grc' dir='ltr'><em>Σαμαρειτῶν</em></span> <span class='ocrx_word' id='word_1_541' title='bbox 3764 3304 3815 3358; x_wconf 81' lang='grc' dir='ltr'>ἐκ</span> <span class='ocrx_word' id='word_1_542' title='bbox 3838 3311 3923 3355; x_wconf 86' lang='grc' dir='ltr'>τῶν</span> 
     </span>
    </p>
   </div>
   <div class='ocr_carea' id='block_1_83' title="bbox 2345 3393 3927 3475">
    <p class='ocr_par' dir='ltr' id='par_1_83' title="bbox 2345 3393 3927 3475">
     <span class='ocr_line' id='line_1_83' title="bbox 2345 3393 3927 3475; baseline -0.003 -25"><span class='ocrx_word' id='word_1_543' title='bbox 2345 3393 2615 3450; x_wconf 86' lang='grc' dir='ltr'><em>Ἰουδαίων</em></span> <span class='ocrx_word' id='word_1_544' title='bbox 2664 3397 2803 3450; x_wconf 81' lang='grc' dir='ltr'><em>ἐστίν</em></span> <span class='ocrx_word' id='word_1_545' title='bbox 2853 3415 2864 3427; x_wconf 91' lang='grc'>·</span> <span class='ocrx_word' id='word_1_546' title='bbox 2915 3398 2968 3462; x_wconf 79' lang='grc' dir='ltr'><em>ἐξ</em></span> <span class='ocrx_word' id='word_1_547' title='bbox 3026 3400 3194 3453; x_wconf 71' lang='grc' dir='ltr'><em>αὐτῶν</em></span> <span class='ocrx_word' id='word_1_548' title='bbox 3245 3404 3347 3473; x_wconf 82' lang='grc' dir='ltr'>γαρ</span> <span class='ocrx_word' id='word_1_549' title='bbox 3405 3404 3596 3475; x_wconf 84' lang='grc' dir='ltr'><em>ἔμαθον</em></span> <span class='ocrx_word' id='word_1_550' title='bbox 3637 3394 3822 3451; x_wconf 85' lang='grc' dir='ltr'><em>εἰδέναι</em></span> <span class='ocrx_word' id='word_1_551' title='bbox 3852 3393 3927 3443; x_wconf 81' lang='grc' dir='ltr'><em>τὸν</em></span> 
     </span>
    </p>
   </div>
   <div class='ocr_carea' id='block_1_84' title="bbox 2343 3484 3925 3558">
    <p class='ocr_par' dir='ltr' id='par_1_84' title="bbox 2343 3484 3925 3558">
     <span class='ocr_line' id='line_1_84' title="bbox 2343 3484 3925 3558; baseline -0.001 -20"><span class='ocrx_word' id='word_1_552' title='bbox 2343 3489 2492 3549; x_wconf 85' lang='grc' dir='ltr'><em>Θεὸν,</em></span> <span class='ocrx_word' id='word_1_553' title='bbox 2524 3492 2612 3539; x_wconf 84' lang='grc' dir='ltr'><em>καὶ</em></span> <span class='ocrx_word' id='word_1_554' title='bbox 2642 3494 3054 3558; x_wconf 74' lang='grc' dir='ltr'><em>καταγινώσκειν</em></span> <span class='ocrx_word' id='word_1_555' title='bbox 3082 3498 3181 3541; x_wconf 85' lang='grc' dir='ltr'>τῶν</span> <span class='ocrx_word' id='word_1_556' title='bbox 3209 3486 3453 3546; x_wconf 81' lang='grc' dir='ltr'><em>εἰδώλων.</em></span> <span class='ocrx_word' id='word_1_557' title='bbox 3502 3497 3570 3543; x_wconf 85' lang='grc' dir='ltr'>’Ἠ</span> <span class='ocrx_word' id='word_1_558' title='bbox 3603 3492 3691 3540; x_wconf 84' lang='grc' dir='ltr'><em>καὶ</em></span> <span class='ocrx_word' id='word_1_559' title='bbox 3721 3484 3890 3554; x_wconf 83' lang='grc' dir='ltr'><em>ἑτέρως</em></span> <span class='ocrx_word' id='word_1_560' title='bbox 3914 3518 3925 3531; x_wconf 77' lang='grc' dir='ltr'>ι</span> 
     </span>
    </p>
   </div>
   <div class='ocr_carea' id='block_1_85' title="bbox 2339 3570 3927 3650">
    <p class='ocr_par' dir='ltr' id='par_1_85' title="bbox 2339 3570 3927 3650">
     <span class='ocr_line' id='line_1_85' title="bbox 2339 3570 3927 3650; baseline 0.009 -25"><span class='ocrx_word' id='word_1_561' title='bbox 2339 3576 2395 3627; x_wconf 79' lang='grc' dir='ltr'><strong>Ἦ</strong></span> <span class='ocrx_word' id='word_1_562' title='bbox 2431 3580 2668 3650; x_wconf 85' lang='grc' dir='ltr'><em>σωτηρία</em></span> <span class='ocrx_word' id='word_1_563' title='bbox 2694 3584 2783 3627; x_wconf 78' lang='grc' dir='ltr'><em>τοῦ</em></span> <span class='ocrx_word' id='word_1_564' title='bbox 2815 3582 3018 3649; x_wconf 87' lang='grc' dir='ltr'><em>κόσμου</em></span> <span class='ocrx_word' id='word_1_565' title='bbox 3044 3576 3099 3629; x_wconf 81' lang='grc' dir='ltr'>ἐκ</span> <span class='ocrx_word' id='word_1_566' title='bbox 3128 3586 3229 3630; x_wconf 87' lang='grc' dir='ltr'><em>τῶν</em></span> <span class='ocrx_word' id='word_1_567' title='bbox 3256 3576 3551 3647; x_wconf 83' lang='grc' dir='ltr'><em>Ἰουδαὶων,</em></span> <span class='ocrx_word' id='word_1_568' title='bbox 3578 3578 3629 3641; x_wconf 80' lang='grc' dir='ltr'><em>ἐξ</em></span> <span class='ocrx_word' id='word_1_569' title='bbox 3651 3575 3811 3629; x_wconf 76' lang='grc' dir='ltr'><em>αὐτῶν</em></span> <span class='ocrx_word' id='word_1_570' title='bbox 3837 3570 3927 3640; x_wconf 75' lang='grc' dir='ltr'>γάρ</span> 
     </span>
    </p>
   </div>
   <div class='ocr_carea' id='block_1_86' title="bbox 2341 3663 3075 3739">
    <p class='ocr_par' dir='ltr' id='par_1_86' title="bbox 2341 3663 3075 3739">
     <span class='ocr_line' id='line_1_86' title="bbox 2341 3663 3075 3739; baseline 0.003 -22"><span class='ocrx_word' id='word_1_571' title='bbox 2341 3665 2365 3717; x_wconf 86' lang='grc' dir='ltr'><strong><em>ὁ</em></strong></span> <span class='ocrx_word' id='word_1_572' title='bbox 2397 3668 2626 3736; x_wconf 86' lang='grc' dir='ltr'><em>Χριστὸς</em></span> <span class='ocrx_word' id='word_1_573' title='bbox 2666 3663 3075 3739; x_wconf 79' lang='grc' dir='ltr'><em>ἐνηνθρωπησεν.</em></span> 
     </span>
    </p>
   </div>
   <div class='ocr_carea' id='block_1_87' title="bbox 2413 3746 3928 3829">
    <p class='ocr_par' dir='ltr' id='par_1_87' title="bbox 2413 3746 3928 3829">
     <span class='ocr_line' id='line_1_87' title="bbox 2413 3746 3928 3829; baseline -0.001 -24"><span class='ocrx_word' id='word_1_574' title='bbox 2413 3752 2553 3805; x_wconf 83' lang='grc' dir='ltr'><em>’Λλλ’</em></span> <span class='ocrx_word' id='word_1_575' title='bbox 2586 3785 2647 3792; x_wconf 91' lang='lat'>-—</span> <span class='ocrx_word' id='word_1_576' title='bbox 2685 3752 2918 3811; x_wconf 77' lang='grc' dir='ltr'><em>ἀλήθεια.</em></span> <span class='ocrx_word' id='word_1_577' title='bbox 2956 3760 3294 3829; x_wconf 84' lang='grc' dir='ltr'><em>Προτιμήσας</em></span> <span class='ocrx_word' id='word_1_578' title='bbox 3341 3766 3439 3810; x_wconf 88' lang='grc' dir='ltr'>τῶν</span> <span class='ocrx_word' id='word_1_579' title='bbox 3474 3760 3792 3829; x_wconf 85' lang='grc' dir='ltr'><em>Σαμαρειτῶν</em></span> <span class='ocrx_word' id='word_1_580' title='bbox 3822 3746 3928 3803; x_wconf 82' lang='grc' dir='ltr'><em>τοὺς</em></span> 
     </span>
    </p>
   </div>
   <div class='ocr_carea' id='block_1_88' title="bbox 2338 3837 3929 3918">
    <p class='ocr_par' dir='ltr' id='par_1_88' title="bbox 2338 3837 3929 3918">
     <span class='ocr_line' id='line_1_88' title="bbox 2338 3837 3929 3918; baseline -0.006 -25"><span class='ocrx_word' id='word_1_581' title='bbox 2338 3838 2652 3907; x_wconf 84' lang='grc' dir='ltr'><em>Ἰουδαίους,</em></span> <span class='ocrx_word' id='word_1_582' title='bbox 2713 3850 2800 3893; x_wconf 87' lang='grc' dir='ltr'>νῦν</span> <span class='ocrx_word' id='word_1_583' title='bbox 2850 3851 3083 3918; x_wconf 79' lang='grc' dir='ltr'><em>προτιμᾷ</em></span> <span class='ocrx_word' id='word_1_584' title='bbox 3139 3846 3294 3899; x_wconf 76' lang='grc' dir='ltr'><em>πάλιν</em></span> <span class='ocrx_word' id='word_1_585' title='bbox 3349 3856 3449 3899; x_wconf 77' lang='grc' dir='ltr'><em>τῶν</em></span> <span class='ocrx_word' id='word_1_586' title='bbox 3508 3841 3773 3900; x_wconf 88' lang='grc' dir='ltr'><em>Ἰουδαίων</em></span> <span class='ocrx_word' id='word_1_587' title='bbox 3822 3837 3929 3892; x_wconf 78' lang='grc' dir='ltr'><em>τοὺς</em></span> 
     </span>
    </p>
   </div>
   <div class='ocr_carea' id='block_1_89' title="bbox 2342 3924 3928 4009">
    <p class='ocr_par' dir='ltr' id='par_1_89' title="bbox 2342 3924 3928 4009">
     <span class='ocr_line' id='line_1_89' title="bbox 2342 3924 3928 4009; baseline 0.003 -25"><span class='ocrx_word' id='word_1_588' title='bbox 2342 3935 2707 4004; x_wconf 79' lang='grc' dir='ltr'><em>Χριστιανούς,</em></span> <span class='ocrx_word' id='word_1_589' title='bbox 2746 3934 2828 3983; x_wconf 81' lang='grc' dir='ltr'><em>ἵνα</em></span> <span class='ocrx_word' id='word_1_590' title='bbox 2858 3932 3147 3995; x_wconf 79' lang='grc' dir='ltr'><em>ἀνύποπτος</em></span> <span class='ocrx_word' id='word_1_591' title='bbox 3178 3938 3206 3994; x_wconf 79' lang='grc' dir='ltr'><em>ἡ</em></span> <span class='ocrx_word' id='word_1_592' title='bbox 3240 3940 3565 4009; x_wconf 85' lang='grc' dir='ltr'><em>προτίμησις</em></span> <span class='ocrx_word' id='word_1_593' title='bbox 3618 3936 3823 4005; x_wconf 76' lang='grc' dir='ltr'><em>γένηται</em></span> <span class='ocrx_word' id='word_1_594' title='bbox 3850 3924 3928 3974; x_wconf 66' lang='grc' dir='ltr'>καὶ</span> 
     </span>
    </p>
   </div>
   <div class='ocr_carea' id='block_1_90' title="bbox 2340 4012 3924 4094">
    <p class='ocr_par' dir='ltr' id='par_1_90' title="bbox 2340 4012 3924 4094">
     <span class='ocr_line' id='line_1_90' title="bbox 2340 4012 3924 4094; baseline -0.004 -16"><span class='ocrx_word' id='word_1_595' title='bbox 2340 4024 2411 4093; x_wconf 76' lang='grc' dir='ltr'><em>μὴ</em></span> <span class='ocrx_word' id='word_1_596' title='bbox 2448 4017 2575 4094; x_wconf 74' lang='grc' dir='ltr'><em>δοξῃ</em></span> <span class='ocrx_word' id='word_1_597' title='bbox 2607 4024 3067 4094; x_wconf 76' lang='grc' dir='ltr'><em>καταχαρίζεσθαι</em></span> <span class='ocrx_word' id='word_1_598' title='bbox 3093 4032 3199 4086; x_wconf 86' lang='grc' dir='ltr'><em>τοῖς</em></span> <span class='ocrx_word' id='word_1_599' title='bbox 3242 4022 3546 4089; x_wconf 84' lang='grc' dir='ltr'><em>Ἰουδαίοις,</em></span> <span class='ocrx_word' id='word_1_600' title='bbox 3574 4026 3637 4083; x_wconf 82' lang='grc' dir='ltr'><em>ὡς</em></span> <span class='ocrx_word' id='word_1_601' title='bbox 3668 4012 3924 4073; x_wconf 75' lang='grc' dir='ltr'><em>Ἰουδαῖος·</em></span> 
     </span>
    </p>
   </div>
   <div class='ocr_carea' id='block_1_91' title="bbox 2342 4101 3927 4187">
    <p class='ocr_par' dir='ltr' id='par_1_91' title="bbox 2342 4101 3927 4187">
     <span class='ocr_line' id='line_1_91' title="bbox 2342 4101 3927 4187; baseline -0.008 -25"><span class='ocrx_word' id='word_1_602' title='bbox 2342 4108 2508 4162; x_wconf 84' lang='grc' dir='ltr'><em>Εἰπὼν</em></span> <span class='ocrx_word' id='word_1_603' title='bbox 2539 4106 2597 4162; x_wconf 76' lang='grc' dir='ltr'><em>δὲ</em></span> <span class='ocrx_word' id='word_1_604' title='bbox 2627 4112 2705 4162; x_wconf 80' lang='grc' dir='ltr'><em>ὅτι</em></span> <span class='ocrx_word' id='word_1_605' title='bbox 2732 4110 2988 4184; x_wconf 79' lang='grc' dir='ltr'><em>Ἔρχεται</em></span> <span class='ocrx_word' id='word_1_606' title='bbox 3027 4114 3154 4187; x_wconf 76' lang='grc' dir='ltr'><em>ὥρα,</em></span> <span class='ocrx_word' id='word_1_607' title='bbox 3186 4116 3269 4166; x_wconf 78' lang='grc' dir='ltr'><em>ἵνα</em></span> <span class='ocrx_word' id='word_1_608' title='bbox 3324 4119 3397 4186; x_wconf 82' lang='grc' dir='ltr'>μὴ</span> <span class='ocrx_word' id='word_1_609' title='bbox 3430 4119 3619 4187; x_wconf 74' lang='grc' dir='ltr'><em>νομίσῃ</em></span> <span class='ocrx_word' id='word_1_610' title='bbox 3668 4101 3927 4181; x_wconf 84' lang='grc' dir='ltr'><em>βραδύνειν</em></span> 
     </span>
    </p>
   </div>
   <div class='ocr_carea' id='block_1_92' title="bbox 2341 4196 3927 4277">
    <p class='ocr_par' dir='ltr' id='par_1_92' title="bbox 2341 4196 3927 4277">
     <span class='ocr_line' id='line_1_92' title="bbox 2341 4196 3927 4277; baseline -0.001 -28"><span class='ocrx_word' id='word_1_611' title='bbox 2341 4198 2525 4265; x_wconf 68' lang='grc' dir='ltr'><em>αὐτὴν,</em></span> <span class='ocrx_word' id='word_1_612' title='bbox 2557 4202 2878 4272; x_wconf 78' lang='grc' dir='ltr'><em>προσέθηκεν</em></span> <span class='ocrx_word' id='word_1_613' title='bbox 2905 4203 2984 4254; x_wconf 79' lang='grc' dir='ltr'><em>ὅτι</em></span> <span class='ocrx_word' id='word_1_614' title='bbox 3014 4207 3114 4255; x_wconf 79' lang='grc' dir='ltr'>Καὶ</span> <span class='ocrx_word' id='word_1_615' title='bbox 3157 4211 3245 4255; x_wconf 83' lang='grc' dir='ltr'><em>νῦν</em></span> <span class='ocrx_word' id='word_1_616' title='bbox 3276 4203 3438 4271; x_wconf 82' lang='grc' dir='ltr'><em>ἐστιν,</em></span> <span class='ocrx_word' id='word_1_617' title='bbox 3495 4208 3651 4277; x_wconf 76' lang='grc' dir='ltr'><em>ἤγουν</em></span> <span class='ocrx_word' id='word_1_618' title='bbox 3682 4196 3927 4250; x_wconf 75' lang='grc' dir='ltr'><em>ἐνέστηκεν</em></span> 
     </span>
    </p>
   </div>
   <div class='ocr_carea' id='block_1_93' title="bbox 2343 4285 2477 4346">
    <p class='ocr_par' dir='ltr' id='par_1_93' title="bbox 2343 4285 2477 4346">
     <span class='ocr_line' id='line_1_93' title="bbox 2343 4285 2477 4346; baseline -0.007 0"><span class='ocrx_word' id='word_1_619' title='bbox 2343 4285 2477 4346; x_wconf 79' lang='grc' dir='ltr'>ἤδη.</span> 
     </span>
    </p>
   </div>
   <div class='ocr_carea' id='block_1_94' title="bbox 2416 4370 3926 4455">
    <p class='ocr_par' dir='ltr' id='par_1_94' title="bbox 2416 4370 3926 4455">
     <span class='ocr_line' id='line_1_94' title="bbox 2416 4370 3926 4455; baseline -0.013 -19"><span class='ocrx_word' id='word_1_620' title='bbox 2416 4377 2720 4441; x_wconf 70' lang='grc' dir='ltr'><em>Ἀληθινούς</em></span> <span class='ocrx_word' id='word_1_621' title='bbox 2775 4375 2833 4431; x_wconf 73' lang='grc' dir='ltr'>δε</span> <span class='ocrx_word' id='word_1_622' title='bbox 2885 4384 3254 4454; x_wconf 63' lang='grc' dir='ltr'><em>προπυνητὰς</em></span> <span class='ocrx_word' id='word_1_623' title='bbox 3311 4382 3446 4455; x_wconf 84' lang='grc' dir='ltr'><em>λέγει</em></span> <span class='ocrx_word' id='word_1_624' title='bbox 3500 4383 3617 4441; x_wconf 84' lang='grc' dir='ltr'><em>τοὺς</em></span> <span class='ocrx_word' id='word_1_625' title='bbox 3669 4370 3926 4455; x_wconf 60' lang='grc' dir='ltr'><em>πιστεύονέ</em></span> 
     </span>
    </p>
   </div>
   <div class='ocr_carea' id='block_1_95' title="bbox 573 4454 2238 4550">
    <p class='ocr_par' dir='ltr' id='par_1_95' title="bbox 573 4465 2232 4539">
     <span class='ocr_line' id='line_1_95' title="bbox 573 4465 2232 4539; baseline -0.002 -14"><span class='ocrx_word' id='word_1_626' title='bbox 573 4470 742 4535; x_wconf 88' lang='lat' dir='ltr'>dunt,</span> <span class='ocrx_word' id='word_1_627' title='bbox 771 4466 877 4539; x_wconf 88' lang='lat' dir='ltr'>qui</span> <span class='ocrx_word' id='word_1_628' title='bbox 898 4467 972 4521; x_wconf 91' lang='lat' dir='ltr'>de</span> <span class='ocrx_word' id='word_1_629' title='bbox 1004 4465 1261 4520; x_wconf 84' lang='lat' dir='ltr'>Ecclesia</span> <span class='ocrx_word' id='word_1_630' title='bbox 1299 4470 1457 4531; x_wconf 90' lang='lat' dir='ltr'>sunt,</span> <span class='ocrx_word' id='word_1_631' title='bbox 1487 4469 1777 4537; x_wconf 87' lang='lat' dir='ltr'>tanquam</span> <span class='ocrx_word' id='word_1_632' title='bbox 1805 4483 1944 4521; x_wconf 82' lang='lat' dir='ltr'>vere</span> <span class='ocrx_word' id='word_1_633' title='bbox 1971 4467 2232 4523; x_wconf 89' lang='lat' dir='ltr'>colentes</span> 
     </span>
    </p>
   </div>
   <div class='ocr_carea' id='block_1_96' title="bbox 2348 4454 3924 4550">
    <p class='ocr_par' dir='ltr' id='par_1_96' title="bbox 2348 4454 3924 4550">
     <span class='ocr_line' id='line_1_96' title="bbox 2348 4454 3924 4550; baseline -0.003 -32"><span class='ocrx_word' id='word_1_634' title='bbox 2348 4468 2435 4528; x_wconf 78' lang='grc' dir='ltr'>τας</span> <span class='ocrx_word' id='word_1_635' title='bbox 2467 4467 2539 4529; x_wconf 88' lang='grc' dir='ltr'><em>εἰς</em></span> <span class='ocrx_word' id='word_1_636' title='bbox 2595 4467 2771 4533; x_wconf 76' lang='grc' dir='ltr'><em>αὐτόν,</em></span> <span class='ocrx_word' id='word_1_637' title='bbox 2838 4472 2955 4531; x_wconf 80' lang='grc' dir='ltr'><em>τοὺς</em></span> <span class='ocrx_word' id='word_1_638' title='bbox 3014 4478 3105 4531; x_wconf 85' lang='grc' dir='ltr'>τῆς</span> <span class='ocrx_word' id='word_1_639' title='bbox 3165 4454 3475 4535; x_wconf 66' lang='grc' dir='ltr'><em>Ἐκκλησίας</em></span> <span class='ocrx_word' id='word_1_640' title='bbox 3515 4473 3584 4533; x_wconf 84' lang='grc' dir='ltr'><em>ὡς</em></span> <span class='ocrx_word' id='word_1_641' title='bbox 3631 4463 3827 4550; x_wconf 62' lang='grc' dir='ltr'><em>ἀληθῶξ</em></span> <span class='ocrx_word' id='word_1_642' title='bbox 3856 4454 3924 4505; x_wconf 75' lang='grc' dir='ltr'>σέ·</span> 
     </span>
    </p>
   </div>
   <div class='ocr_carea' id='block_1_97' title="bbox 573 4552 2232 4623">
    <p class='ocr_par' dir='ltr' id='par_1_97' title="bbox 573 4552 2232 4623">
     <span class='ocr_line' id='line_1_97' title="bbox 573 4552 2232 4623; baseline -0.001 -9"><span class='ocrx_word' id='word_1_643' title='bbox 573 4563 629 4614; x_wconf 91' lang='lat' dir='ltr'>et</span> <span class='ocrx_word' id='word_1_644' title='bbox 660 4573 780 4613; x_wconf 89' lang='lat' dir='ltr'>non</span> <span class='ocrx_word' id='word_1_645' title='bbox 819 4557 880 4611; x_wconf 91' lang='lat' dir='ltr'>in</span> <span class='ocrx_word' id='word_1_646' title='bbox 908 4555 1136 4610; x_wconf 90' lang='lat' dir='ltr'>umbris</span> <span class='ocrx_word' id='word_1_647' title='bbox 1168 4552 1509 4623; x_wconf 88' lang='lat' dir='ltr'>servientes,</span> <span class='ocrx_word' id='word_1_648' title='bbox 1546 4555 1695 4609; x_wconf 91' lang='lat' dir='ltr'>sicut</span> <span class='ocrx_word' id='word_1_649' title='bbox 1719 4556 1909 4611; x_wconf 76' lang='lat' dir='ltr'>Judaei</span> <span class='ocrx_word' id='word_1_650' title='bbox 1953 4564 2006 4611; x_wconf 91' lang='lat' dir='ltr'>et</span> <span class='ocrx_word' id='word_1_651' title='bbox 2030 4558 2232 4613; x_wconf 88' lang='lat' dir='ltr'>Sama-</span> 
     </span>
    </p>
   </div>
   <div class='ocr_carea' id='block_1_98' title="bbox 572 4642 2236 4713">
    <p class='ocr_par' dir='ltr' id='par_1_98' title="bbox 572 4642 2236 4713">
     <span class='ocr_line' id='line_1_98' title="bbox 572 4642 2236 4713; baseline 0 -11"><span class='ocrx_word' id='word_1_652' title='bbox 572 4646 789 4713; x_wconf 88' lang='lat' dir='ltr'>ritani;</span> <span class='ocrx_word' id='word_1_653' title='bbox 835 4661 980 4701; x_wconf 91' lang='lat' dir='ltr'>nam</span> <span class='ocrx_word' id='word_1_654' title='bbox 1034 4643 1223 4699; x_wconf 89' lang='lat' dir='ltr'>omnis</span> <span class='ocrx_word' id='word_1_655' title='bbox 1266 4642 1484 4698; x_wconf 89' lang='lat' dir='ltr'>horum</span> <span class='ocrx_word' id='word_1_656' title='bbox 1535 4646 1787 4699; x_wconf 90' lang='lat' dir='ltr'>servitus</span> <span class='ocrx_word' id='word_1_657' title='bbox 1842 4646 2060 4702; x_wconf 88' lang='lat' dir='ltr'>umbra</span> <span class='ocrx_word' id='word_1_658' title='bbox 2111 4652 2236 4702; x_wconf 85' lang='lat' dir='ltr'>erat</span> 
     </span>
    </p>
   </div>
   <div class='ocr_carea' id='block_1_99' title="bbox 574 4733 2234 4808">
    <p class='ocr_par' dir='ltr' id='par_1_99' title="bbox 574 4733 2234 4808">
     <span class='ocr_line' id='line_1_99' title="bbox 574 4733 2234 4808; baseline -0.001 -16"><span class='ocrx_word' id='word_1_659' title='bbox 574 4741 631 4792; x_wconf 86' lang='lat' dir='ltr'>et</span> <span class='ocrx_word' id='word_1_660' title='bbox 674 4735 870 4808; x_wconf 86' lang='lat' dir='ltr'>ﬁgura</span> <span class='ocrx_word' id='word_1_661' title='bbox 926 4733 1200 4789; x_wconf 89' lang='lat' dir='ltr'>veritatis.</span> <span class='ocrx_word' id='word_1_662' title='bbox 1257 4733 1383 4787; x_wconf 90' lang='lat' dir='ltr'>Veri</span> <span class='ocrx_word' id='word_1_663' title='bbox 1432 4749 1573 4804; x_wconf 88' lang='lat' dir='ltr'>ergo</span> <span class='ocrx_word' id='word_1_664' title='bbox 1614 4734 1959 4790; x_wconf 86' lang='lat' dir='ltr'>adoratores</span> <span class='ocrx_word' id='word_1_665' title='bbox 2018 4736 2234 4792; x_wconf 88' lang='lat' dir='ltr'>adora-</span> 
     </span>
    </p>
   </div>
   <div class='ocr_carea' id='block_1_100' title="bbox 571 4822 2232 4896">
    <p class='ocr_par' dir='ltr' id='par_1_100' title="bbox 571 4822 2232 4896">
     <span class='ocr_line' id='line_1_100' title="bbox 571 4822 2232 4896; baseline -0.001 -14"><span class='ocrx_word' id='word_1_666' title='bbox 571 4826 725 4882; x_wconf 90' lang='lat' dir='ltr'>bunt</span> <span class='ocrx_word' id='word_1_667' title='bbox 757 4826 991 4881; x_wconf 82' lang='lat' dir='ltr'>Patrem</span> <span class='ocrx_word' id='word_1_668' title='bbox 1037 4822 1248 4879; x_wconf 92' lang='lat' dir='ltr'>nonin</span> <span class='ocrx_word' id='word_1_669' title='bbox 1279 4836 1548 4893; x_wconf 87' lang='lat' dir='ltr'>corpore,</span> <span class='ocrx_word' id='word_1_670' title='bbox 1597 4823 1701 4878; x_wconf 90' lang='lat' dir='ltr'>sed</span> <span class='ocrx_word' id='word_1_671' title='bbox 1728 4824 1787 4878; x_wconf 90' lang='lat' dir='ltr'>in</span> <span class='ocrx_word' id='word_1_672' title='bbox 1835 4825 2061 4896; x_wconf 88' lang='lat' dir='ltr'>spiritu,</span> <span class='ocrx_word' id='word_1_673' title='bbox 2118 4826 2232 4881; x_wconf 86' lang='lat' dir='ltr'>hoc</span> 
     </span>
    </p>
   </div>
   <div class='ocr_carea' id='block_1_101' title="bbox 574 4910 2229 4988">
    <p class='ocr_par' dir='ltr' id='par_1_101' title="bbox 574 4910 2229 4988">
     <span class='ocr_line' id='line_1_101' title="bbox 574 4910 2229 4988; baseline -0.001 -16"><span class='ocrx_word' id='word_1_674' title='bbox 574 4921 684 4982; x_wconf 85' lang='lat' dir='ltr'>est,</span> <span class='ocrx_word' id='word_1_675' title='bbox 714 4930 834 4971; x_wconf 90' lang='lat' dir='ltr'>non</span> <span class='ocrx_word' id='word_1_676' title='bbox 866 4930 972 4988; x_wconf 91' lang='lat' dir='ltr'>per</span> <span class='ocrx_word' id='word_1_677' title='bbox 1000 4910 1338 4985; x_wconf 85' lang='lat' dir='ltr'>corporales</span> <span class='ocrx_word' id='word_1_678' title='bbox 1367 4911 1657 4977; x_wconf 89' lang='lat' dir='ltr'>victimas,</span> <span class='ocrx_word' id='word_1_679' title='bbox 1692 4912 1799 4968; x_wconf 91' lang='lat' dir='ltr'>sed</span> <span class='ocrx_word' id='word_1_680' title='bbox 1829 4929 1936 4985; x_wconf 89' lang='lat' dir='ltr'>per</span> <span class='ocrx_word' id='word_1_681' title='bbox 1958 4913 2229 4987; x_wconf 89' lang='lat' dir='ltr'>spiritua-</span> 
     </span>
    </p>
   </div>
   <div class='ocr_carea' id='block_1_102' title="bbox 644 5093 1205 5165">
    <p class='ocr_par' dir='ltr' id='par_1_102' title="bbox 644 5093 1205 5165">
     <span class='ocr_line' id='line_1_102' title="bbox 644 5093 1205 5165; baseline -0.012 -13"><span class='ocrx_word' id='word_1_682' title='bbox 644 5096 692 5130; x_wconf 79' lang='lat'><strong>“</strong></span> <span class='ocrx_word' id='word_1_683' title='bbox 729 5093 985 5165; x_wconf 82' lang='lat' dir='ltr'>Sophon.</span> <span class='ocrx_word' id='word_1_684' title='bbox 1017 5107 1078 5157; x_wconf 88' lang='lat' dir='ltr'>ll,</span> <span class='ocrx_word' id='word_1_685' title='bbox 1124 5094 1205 5146; x_wconf 82' lang='lat' dir='ltr'>tt.</span> 
     </span>
    </p>
   </div>
   <div class='ocr_carea' id='block_1_103' title="bbox 2344 4542 3925 4639">
    <p class='ocr_par' dir='ltr' id='par_1_103' title="bbox 2344 4542 3925 4639">
     <span class='ocr_line' id='line_1_103' title="bbox 2344 4542 3925 4639; baseline -0.004 -32"><span class='ocrx_word' id='word_1_686' title='bbox 2344 4555 2550 4621; x_wconf 82' lang='grc' dir='ltr'><em>ϐοντας,</em></span> <span class='ocrx_word' id='word_1_687' title='bbox 2586 4561 2675 4609; x_wconf 81' lang='grc' dir='ltr'><em>καὶ</em></span> <span class='ocrx_word' id='word_1_688' title='bbox 2719 4558 2813 4609; x_wconf 83' lang='grc' dir='ltr'>ούκ</span> <span class='ocrx_word' id='word_1_689' title='bbox 2845 4556 2893 4609; x_wconf 77' lang='grc' dir='ltr'>ἓν</span> <span class='ocrx_word' id='word_1_690' title='bbox 2959 4566 3130 4620; x_wconf 88' lang='grc' dir='ltr'><em>σκιαῖς</em></span> <span class='ocrx_word' id='word_1_691' title='bbox 3190 4559 3530 4634; x_wconf 87' lang='grc' dir='ltr'><em>λατρεύοντας</em></span> <span class='ocrx_word' id='word_1_692' title='bbox 3578 4561 3643 4619; x_wconf 87' lang='grc' dir='ltr'><em>ὡς</em></span> <span class='ocrx_word' id='word_1_693' title='bbox 3694 4542 3925 4639; x_wconf 33' lang='grc' dir='ltr'>Ἰονὸἰιιῖο.ι</span> 
     </span>
    </p>
   </div>
   <div class='ocr_carea' id='block_1_104' title="bbox 2343 4644 3925 4729">
    <p class='ocr_par' dir='ltr' id='par_1_104' title="bbox 2343 4644 3925 4729">
     <span class='ocr_line' id='line_1_104' title="bbox 2343 4644 3925 4729; baseline -0.012 -32"><span class='ocrx_word' id='word_1_694' title='bbox 2343 4650 2433 4698; x_wconf 82' lang='grc' dir='ltr'><em>καὶ</em></span> <span class='ocrx_word' id='word_1_695' title='bbox 2486 4654 2824 4719; x_wconf 85' lang='grc' dir='ltr'><em>Σαμαρεῖται.</em></span> <span class='ocrx_word' id='word_1_696' title='bbox 2890 4654 3047 4701; x_wconf 88' lang='grc' dir='ltr'><em>Πᾶσα</em></span> <span class='ocrx_word' id='word_1_697' title='bbox 3094 4652 3195 4724; x_wconf 84' lang='grc' dir='ltr'><em>γὰρ</em></span> <span class='ocrx_word' id='word_1_698' title='bbox 3243 4652 3273 4709; x_wconf 84' lang='grc' dir='ltr'><strong>ἠ</strong></span> <span class='ocrx_word' id='word_1_699' title='bbox 3335 4650 3545 4725; x_wconf 84' lang='grc' dir='ltr'><em>λατρεία</em></span> <span class='ocrx_word' id='word_1_700' title='bbox 3591 4646 3778 4699; x_wconf 82' lang='grc' dir='ltr'><em>τούτων</em></span> <span class='ocrx_word' id='word_1_701' title='bbox 3815 4644 3925 4729; x_wconf 71' lang='grc' dir='ltr'><em>σκια</em></span> 
     </span>
    </p>
   </div>
   <div class='ocr_carea' id='block_1_105' title="bbox 2346 4730 3923 4808">
    <p class='ocr_par' dir='ltr' id='par_1_105' title="bbox 2346 4730 3923 4808">
     <span class='ocr_line' id='line_1_105' title="bbox 2346 4730 3923 4808; baseline -0.009 -22"><span class='ocrx_word' id='word_1_702' title='bbox 2346 4732 2407 4794; x_wconf 81' lang='grc' dir='ltr'>ἦν</span> <span class='ocrx_word' id='word_1_703' title='bbox 2466 4740 2558 4787; x_wconf 84' lang='grc' dir='ltr'><em>καὶ</em></span> <span class='ocrx_word' id='word_1_704' title='bbox 2615 4738 2956 4808; x_wconf 89' lang='grc' dir='ltr'><em>προτύπωσις</em></span> <span class='ocrx_word' id='word_1_705' title='bbox 3023 4747 3120 4800; x_wconf 81' lang='grc' dir='ltr'>τῆς</span> <span class='ocrx_word' id='word_1_706' title='bbox 3167 4738 3431 4803; x_wconf 64' lang='grc' dir='ltr'><em>ἀληθείας,</em></span> <span class='ocrx_word' id='word_1_707' title='bbox 3502 4738 3659 4792; x_wconf 74' lang='grc' dir='ltr'><em>οὗτοι</em></span> <span class='ocrx_word' id='word_1_708' title='bbox 3723 4730 3836 4799; x_wconf 82' lang='grc' dir='ltr'><em>γοῦν</em></span> <span class='ocrx_word' id='word_1_709' title='bbox 3880 4732 3923 4808; x_wconf 58' lang='grc' dir='ltr'>οξ</span> 
     </span>
    </p>
   </div>
   <div class='ocr_carea' id='block_1_106' title="bbox 2346 4804 3919 4904">
    <p class='ocr_par' dir='ltr' id='par_1_106' title="bbox 2346 4804 3919 4904">
     <span class='ocr_line' id='line_1_106' title="bbox 2346 4804 3919 4904; baseline 0.004 -28"><span class='ocrx_word' id='word_1_710' title='bbox 2346 4822 2580 4883; x_wconf 81' lang='grc' dir='ltr'><em>ἀληθινοὶ</em></span> <span class='ocrx_word' id='word_1_711' title='bbox 2636 4804 2999 4899; x_wconf 83' lang='grc' dir='ltr'><em>προσκυνηταὶ</em></span> <span class='ocrx_word' id='word_1_712' title='bbox 3068 4827 3382 4903; x_wconf 78' lang='grc' dir='ltr'><em>λατρεύονσι</em></span> <span class='ocrx_word' id='word_1_713' title='bbox 3457 4828 3572 4904; x_wconf 89' lang='grc'>(71)</span> <span class='ocrx_word' id='word_1_714' title='bbox 3636 4827 3704 4891; x_wconf 74' lang='grc' dir='ltr'>τῷ</span> <span class='ocrx_word' id='word_1_715' title='bbox 3768 4804 3919 4904; x_wconf 40' lang='lat' dir='ltr'>gain”?</span> 
     </span>
    </p>
   </div>
   <div class='ocr_carea' id='block_1_107' title="bbox 2344 4890 3921 4992">
    <p class='ocr_par' dir='ltr' id='par_1_107' title="bbox 2344 4890 3921 4992">
     <span class='ocr_line' id='line_1_107' title="bbox 2344 4890 3921 4992; baseline -0.006 -25"><span class='ocrx_word' id='word_1_716' title='bbox 2344 4914 2437 4967; x_wconf 83' lang='grc' dir='ltr'>ούκ</span> <span class='ocrx_word' id='word_1_717' title='bbox 2486 4915 2536 4968; x_wconf 77' lang='grc' dir='ltr'><em>ἐν</em></span> <span class='ocrx_word' id='word_1_718' title='bbox 2590 4921 2796 4989; x_wconf 87' lang='grc' dir='ltr'><em>σώματι</em></span> <span class='ocrx_word' id='word_1_719' title='bbox 2855 4914 2963 4969; x_wconf 82' lang='grc' dir='ltr'><em>ἀλλ’</em></span> <span class='ocrx_word' id='word_1_720' title='bbox 3013 4916 3061 4970; x_wconf 75' lang='grc' dir='ltr'><em>ἓν</em></span> <span class='ocrx_word' id='word_1_721' title='bbox 3110 4921 3385 4992; x_wconf 86' lang='grc' dir='ltr'><em>πνεύματι,</em></span> <span class='ocrx_word' id='word_1_722' title='bbox 3448 4919 3707 4974; x_wconf 79' lang='grc' dir='ltr'><em>τουτέστιν</em></span> <span class='ocrx_word' id='word_1_723' title='bbox 3754 4897 3807 4954; x_wconf 75' lang='grc' dir='ltr'>οὗ</span> <span class='ocrx_word' id='word_1_724' title='bbox 3836 4890 3921 4947; x_wconf 73' lang='grc' dir='ltr'><em>δια</em></span> 
     </span>
    </p>
   </div>
   <div class='ocr_carea' id='block_1_108' title="bbox 1776 5217 2711 5291">
    <p class='ocr_par' dir='ltr' id='par_1_108' title="bbox 1776 5217 2711 5291">
     <span class='ocr_line' id='line_1_108' title="bbox 1776 5217 2711 5291; baseline 0.004 -6"><span class='ocrx_word' id='word_1_725' title='bbox 1776 5218 2001 5287; x_wconf 68' lang='lat' dir='ltr'>Variae</span> <span class='ocrx_word' id='word_1_726' title='bbox 2038 5217 2372 5288; x_wconf 85' lang='lat' dir='ltr'>lectiones</span> <span class='ocrx_word' id='word_1_727' title='bbox 2413 5233 2477 5289; x_wconf 89' lang='lat' dir='ltr'>et</span> <span class='ocrx_word' id='word_1_728' title='bbox 2510 5232 2711 5291; x_wconf 68' lang='lat' dir='ltr'>uotae.</span> 
     </span>
    </p>
   </div>
   <div class='ocr_carea' id='block_1_109' title="bbox 647 5414 2233 5489">
    <p class='ocr_par' dir='ltr' id='par_1_109' title="bbox 647 5414 2233 5489">
     <span class='ocr_line' id='line_1_109' title="bbox 647 5414 2233 5489; baseline 0.001 -19"><span class='ocrx_word' id='word_1_729' title='bbox 647 5417 761 5489; x_wconf 82' lang='lat'>(69)</span> <span class='ocrx_word' id='word_1_730' title='bbox 814 5420 1186 5488; x_wconf 86' lang='grc' dir='ltr'><em>Συνετωτέρους</em></span> <span class='ocrx_word' id='word_1_731' title='bbox 1234 5414 1406 5489; x_wconf 79' lang='lat' dir='ltr'>abest</span> <span class='ocrx_word' id='word_1_732' title='bbox 1443 5418 1508 5471; x_wconf 84' lang='lat' dir='ltr'>A.</span> <span class='ocrx_word' id='word_1_733' title='bbox 1563 5414 1685 5471; x_wconf 91' lang='lat' dir='ltr'>Hoc</span> <span class='ocrx_word' id='word_1_734' title='bbox 1732 5415 2025 5472; x_wconf 84' lang='lat' dir='ltr'>vocabulo</span> <span class='ocrx_word' id='word_1_735' title='bbox 2079 5417 2233 5489; x_wconf 82' lang='lat' dir='ltr'>vide-</span> 
     </span>
    </p>
   </div>
   <div class='ocr_carea' id='block_1_110' title="bbox 577 5487 2234 5558">
    <p class='ocr_par' dir='ltr' id='par_1_110' title="bbox 577 5487 2234 5558">
     <span class='ocr_line' id='line_1_110' title="bbox 577 5487 2234 5558; baseline -0.001 -13"><span class='ocrx_word' id='word_1_736' title='bbox 577 5492 671 5545; x_wconf 80' lang='lat' dir='ltr'>tur</span> <span class='ocrx_word' id='word_1_737' title='bbox 703 5487 967 5544; x_wconf 36' lang='lat' dir='ltr'>H&#39;vutenii</span> <span class='ocrx_word' id='word_1_738' title='bbox 997 5487 1177 5544; x_wconf 87' lang='lat' dir='ltr'>etiam</span> <span class='ocrx_word' id='word_1_739' title='bbox 1216 5487 1401 5541; x_wconf 83' lang='lat' dir='ltr'>codex</span> <span class='ocrx_word' id='word_1_740' title='bbox 1457 5490 1738 5543; x_wconf 87' lang='lat' dir='ltr'>caruisse.</span> <span class='ocrx_word' id='word_1_741' title='bbox 1784 5491 1933 5558; x_wconf 86' lang='lat' dir='ltr'>Ergo</span> <span class='ocrx_word' id='word_1_742' title='bbox 1981 5488 2234 5545; x_wconf 89' lang='lat' dir='ltr'>reddidit</span> 
     </span>
    </p>
   </div>
   <div class='ocr_carea' id='block_1_111' title="bbox 572 5560 2235 5630">
    <p class='ocr_par' dir='ltr' id='par_1_111' title="bbox 572 5560 2235 5630">
     <span class='ocr_line' id='line_1_111' title="bbox 572 5560 2235 5630; baseline -0.001 -14"><span class='ocrx_word' id='word_1_743' title='bbox 572 5562 843 5629; x_wconf 71' lang='lat' dir='ltr'>praefert,</span> <span class='ocrx_word' id='word_1_744' title='bbox 870 5562 1127 5616; x_wconf 89' lang='lat' dir='ltr'>Sensum</span> <span class='ocrx_word' id='word_1_745' title='bbox 1167 5576 1307 5629; x_wconf 77' lang='lat' dir='ltr'>ergo</span> <span class='ocrx_word' id='word_1_746' title='bbox 1359 5560 1666 5630; x_wconf 83' lang='lat' dir='ltr'>expressit,</span> <span class='ocrx_word' id='word_1_747' title='bbox 1722 5576 1840 5614; x_wconf 86' lang='lat' dir='ltr'>non</span> <span class='ocrx_word' id='word_1_748' title='bbox 1876 5560 2235 5615; x_wconf 87' lang='lat' dir='ltr'>vocabulum</span> 
     </span>
    </p>
   </div>
   <div class='ocr_carea' id='block_1_112' title="bbox 578 5631 2238 5705">
    <p class='ocr_par' dir='ltr' id='par_1_112' title="bbox 578 5631 2238 5705">
     <span class='ocr_line' id='line_1_112' title="bbox 578 5631 2238 5705; baseline 0.001 -21"><span class='ocrx_word' id='word_1_749' title='bbox 578 5637 867 5703; x_wconf 68' lang='grc' dir='ltr'><em>αποφαίνει.</em></span> <span class='ocrx_word' id='word_1_750' title='bbox 952 5636 1209 5705; x_wconf 16' lang='grc' dir='ltr'><em>Προτῗιμᾷ,</em></span> <span class='ocrx_word' id='word_1_751' title='bbox 1270 5636 1536 5705; x_wconf 80' lang='grc' dir='ltr'><em>προκρίνει</em></span> <span class='ocrx_word' id='word_1_752' title='bbox 1608 5631 1779 5685; x_wconf 78' lang='lat' dir='ltr'>nimis</span> <span class='ocrx_word' id='word_1_753' title='bbox 1855 5633 2143 5686; x_wconf 89' lang='lat' dir='ltr'>recedunt</span> <span class='ocrx_word' id='word_1_754' title='bbox 2202 5649 2238 5687; x_wconf 87' lang='lat' dir='ltr'>a</span> 
     </span>
    </p>
   </div>
   <div class='ocr_carea' id='block_1_113' title="bbox 578 5704 1352 5759">
    <p class='ocr_par' dir='ltr' id='par_1_113' title="bbox 578 5704 1352 5759">
     <span class='ocr_line' id='line_1_113' title="bbox 578 5704 1352 5759; baseline -0.004 -1"><span class='ocrx_word' id='word_1_755' title='bbox 578 5720 848 5759; x_wconf 88' lang='lat' dir='ltr'>meorum</span> <span class='ocrx_word' id='word_1_756' title='bbox 880 5704 1056 5756; x_wconf 84' lang='lat' dir='ltr'>codd.</span> <span class='ocrx_word' id='word_1_757' title='bbox 1084 5704 1352 5757; x_wconf 85' lang='lat' dir='ltr'>lectione.</span> 
     </span>
    </p>
   </div>
   <div class='ocr_carea' id='block_1_114' title="bbox 651 5772 2232 5857">
    <p class='ocr_par' dir='ltr' id='par_1_114' title="bbox 651 5772 2232 5857">
     <span class='ocr_line' id='line_1_114' title="bbox 651 5772 2232 5857; baseline -0.003 -28"><span class='ocrx_word' id='word_1_758' title='bbox 651 5773 764 5857; x_wconf 67' lang='grc'>(70)</span> <span class='ocrx_word' id='word_1_759' title='bbox 796 5773 929 5831; x_wconf 65' lang='lat' dir='ltr'>Haec</span> <span class='ocrx_word' id='word_1_760' title='bbox 958 5778 1203 5851; x_wconf 89' lang='lat' dir='ltr'>uterque</span> <span class='ocrx_word' id='word_1_761' title='bbox 1230 5774 1291 5828; x_wconf 90' lang='lat' dir='ltr'>in</span> <span class='ocrx_word' id='word_1_762' title='bbox 1321 5772 1611 5851; x_wconf 83' lang='lat' dir='ltr'>margine.</span> <span class='ocrx_word' id='word_1_763' title='bbox 1642 5773 1865 5839; x_wconf 88' lang='lat' dir='ltr'>Eadem</span> <span class='ocrx_word' id='word_1_764' title='bbox 1891 5775 2073 5833; x_wconf 84' lang='lat' dir='ltr'>etiam</span> <span class='ocrx_word' id='word_1_765' title='bbox 2097 5774 2232 5831; x_wconf 90' lang='lat' dir='ltr'>cod.</span> 
     </span>
    </p>
   </div>
   <div class='ocr_carea' id='block_1_115' title="bbox 2348 5391 3921 5496">
    <p class='ocr_par' dir='ltr' id='par_1_115' title="bbox 2348 5391 3921 5496">
     <span class='ocr_line' id='line_1_115' title="bbox 2348 5391 3921 5496; baseline 0.006 -24"><span class='ocrx_word' id='word_1_766' title='bbox 2348 5420 2391 5496; x_wconf 57' lang='lat' dir='ltr'><strong>é</strong></span> <span class='ocrx_word' id='word_1_767' title='bbox 2429 5418 2606 5496; x_wconf 74' lang='lat' dir='ltr'>habet</span> <span class='ocrx_word' id='word_1_768' title='bbox 2634 5420 2690 5474; x_wconf 92' lang='lat' dir='ltr'>in</span> <span class='ocrx_word' id='word_1_769' title='bbox 2706 5424 3019 5496; x_wconf 62' lang='lat' dir='ltr'>contextu,</span> <span class='ocrx_word' id='word_1_770' title='bbox 3039 5425 3500 5496; x_wconf 57' lang='lat' dir='ltr'>_pOSi_1rpomtuwi</span> <span class='ocrx_word' id='word_1_771' title='bbox 3512 5431 3627 5496; x_wconf 69' lang='grc' dir='ltr'><em>σετε</em></span> <span class='ocrx_word' id='word_1_772' title='bbox 3638 5391 3921 5496; x_wconf 19' lang='grc' dir='ltr'>,τῷᾐξῖξητξέξ</span> 
     </span>
    </p>
   </div>
   <div class='ocr_carea' id='block_1_116' title="bbox 2352 5475 3923 5565">
    <p class='ocr_par' dir='ltr' id='par_1_116' title="bbox 2352 5475 3923 5565">
     <span class='ocr_line' id='line_1_116' title="bbox 2352 5475 3923 5565; baseline -0.004 -22"><span class='ocrx_word' id='word_1_773' title='bbox 2352 5492 2416 5545; x_wconf 90' lang='lat' dir='ltr'>Et</span> <span class='ocrx_word' id='word_1_774' title='bbox 2440 5491 2684 5561; x_wconf 85' lang='lat' dir='ltr'>quidem</span> <span class='ocrx_word' id='word_1_775' title='bbox 2706 5475 2912 5565; x_wconf 84' lang='lat' dir='ltr'>litteris</span> <span class='ocrx_word' id='word_1_776' title='bbox 2932 5475 3923 5565; x_wconf 47' lang='lat' dir='ltr'>méjtis‘duuégnibiisreiiq’uggggff</span> 
     </span>
    </p>
   </div>
   <div class='ocr_carea' id='block_1_117' title="bbox 2350 5545 3925 5633">
    <p class='ocr_par' dir='ltr' id='par_1_117' title="bbox 2350 5545 3925 5633">
     <span class='ocr_line' id='line_1_117' title="bbox 2350 5545 3925 5633; baseline -0.008 -18"><span class='ocrx_word' id='word_1_777' title='bbox 2350 5545 2655 5633; x_wconf 50' lang='lat' dir='ltr'>conirxtus</span> <span class='ocrx_word' id='word_1_778' title='bbox 2682 5545 2893 5632; x_wconf 74' lang='lat' dir='ltr'>scripta</span> <span class='ocrx_word' id='word_1_779' title='bbox 2933 5545 3093 5618; x_wconf 70' lang='lat' dir='ltr'>sunt.</span> <span class='ocrx_word' id='word_1_780' title='bbox 3562 5545 3925 5633; x_wconf 49' lang='lat' dir='ltr'>manifefilfﬂl</span> 
     </span>
    </p>
   </div>
   <div class='ocr_carea' id='block_1_118' title="bbox 2350 5611 3922 5727">
    <p class='ocr_par' dir='ltr' id='par_1_118' title="bbox 2350 5611 3922 5727">
     <span class='ocr_line' id='line_1_118' title="bbox 2350 5611 3922 5727; baseline -0.006 -40"><span class='ocrx_word' id='word_1_781' title='bbox 2350 5632 2629 5727; x_wconf 44' lang='lat' dir='ltr'>iudiciuin</span> <span class='ocrx_word' id='word_1_782' title='bbox 2661 5611 2964 5727; x_wconf 57' lang='lat' dir='ltr'>particula:</span> <span class='ocrx_word' id='word_1_783' title='bbox 2995 5651 3064 5689; x_wconf 88' lang='lat' dir='ltr'>ex</span> <span class='ocrx_word' id='word_1_784' title='bbox 3098 5611 3356 5727; x_wconf 49' lang='lat' dir='ltr'>margin</span> <span class='ocrx_word' id='word_1_785' title='bbox 3381 5611 3922 5727; x_wconf 36' lang='grc' dir='ltr'>εθξιὲιῑξ-ξιέξὶῐξῇθίῗί</span> 
     </span>
    </p>
   </div>
   <div class='ocr_carea' id='block_1_119' title="bbox 2423 5685 3924 5778">
    <p class='ocr_par' dir='ltr' id='par_1_119' title="bbox 2423 5685 3924 5778">
     <span class='ocr_line' id='line_1_119' title="bbox 2423 5685 3924 5778; baseline -0.014 -7"><span class='ocrx_word' id='word_1_786' title='bbox 2423 5685 3836 5778; x_wconf 41' lang='grc' dir='ltr'>(ει)“’πέδξιε-λάεβδσδιῑσέῇῑῑ’ξι-εςετεεηιεηίυε.</span> <span class='ocrx_word' id='word_1_787' title='bbox 3866 5685 3924 5727; x_wconf 82' lang='grc' dir='ltr'>ω</span> 
     </span>
    </p>
   </div>
   <div class='ocr_carea' id='block_1_120' title="bbox 2350 5776 3409 5861">
    <p class='ocr_par' dir='ltr' id='par_1_120' title="bbox 2350 5776 3409 5861">
     <span class='ocr_line' id='line_1_120' title="bbox 2350 5776 3409 5861; baseline 0.004 -30"><span class='ocrx_word' id='word_1_788' title='bbox 2350 5778 2575 5834; x_wconf 81' lang='lat' dir='ltr'>textum</span> <span class='ocrx_word' id='word_1_789' title='bbox 2603 5776 2783 5834; x_wconf 87' lang='lat' dir='ltr'>etiam</span> <span class='ocrx_word' id='word_1_790' title='bbox 2812 5776 2899 5835; x_wconf 81' lang='lat' dir='ltr'>est</span> <span class='ocrx_word' id='word_1_791' title='bbox 2928 5784 3409 5861; x_wconf 85' lang='grc' dir='ltr'><em>προσκυνήσουσιν.</em></span> 
     </span>
    </p>
   </div>
  </div>
