4156 6436
237 401 367 463 1197

1294 388 1665 463 COMMENT.
1708 404 1778 461 IN
1812 404 2166 463 JOANNEM.
2208 439 2275 449 —
2315 408 2471 465 CAP.
2504 408 2591 465 1v.

3469 413 3605 468 1198

234 540 545 604 σωματικῶν
604 534 793 586 θυσιῶν
850 532 979 586 ἀλλὰ
1027 531 1122 586 διὰ
1172 540 1551 605 πνευματικῶν,
1601 536 1693 584 καὶ
1745 531 1838 583 οὐκ

1982 545 2035 586 es
2062 549 2074 600 ;
2105 547 2213 587 nec
2245 548 2305 588 in
2338 534 2566 590 umbris
2599 539 2654 590 et
2680 533 2909 607 ﬁguris,
2948 533 3054 591 sed
3084 550 3141 590 in
3184 535 3455 604 veritate;
3498 553 3605 594 nec

233 618 282 673 ἕν
315 628 491 683 σκιαῖς
518 627 608 675 καὶ
634 625 819 686 τύποις
849 622 957 675 ἀλλ’
1002 622 1049 675 ἐν
1082 622 1319 695 ἀληθείᾳ,
1350 626 1439 674 καὶ
1478 621 1536 674 ού
1566 626 1708 693 τόπῳ
1746 626 1838 679 τὴν

233 708 467 784 λατρείαν
505 715 909 787 περιγράφοντες
961 716 1030 775 ὡς
1075 709 1329 766 Ἰουδαῖοι
1365 716 1455 763 καὶ
1505 718 1836 785 Σαμαρεῖται,

236 798 340 851 ἀλλ’
385 799 435 852 ἐν
479 806 637 854 παντὶ
676 807 817 875 τόπῳ
848 812 942 866 τῆς
983 799 1297 863 δεσποτείας
1332 801 1492 854 αὑτοῦ
1524 800 1841 873 εὐλογοῦντες

235 892 323 942 τὸν
356 893 558 965 Κύριον.

309 984 435 1053 Περὶ
489 988 580 1032 τοῦ
620 985 819 1056 Πατρός
869 979 927 1035 δὲ
980 985 1139 1055 μόνου
1169 988 1256 1033 νῦν
1302 988 1528 1034 ποιεῖται
1577 983 1663 1032 τόν
1692 979 1840 1050 λόγον

237 1064 332 1120 διὰ
353 1073 444 1127 τὴν
498 1068 764 1124 ἀσθένειαν
792 1080 881 1132 τῆς
909 1077 1175 1142 γυναικός
1222 1070 1315 1123 ούκ
1361 1066 1467 1124 ἔδει
1511 1073 1615 1145 γὰρ
1656 1067 1841 1144 ἁθρόον

236 1157 369 1230 αὐτῇ
407 1163 464 1210 τὸ
506 1155 685 1233 δόγμα
712 1170 1085 1236 προσαγαγεῖν.

315 1250 414 1300 Καὶ
469 1250 569 1322 γὰρ
625 1278 690 1293 —
739 1251 919 1306 αὐτόν.
981 1250 1198 1322 Ἦγουν,
1269 1250 1325 1302 ού
1402 1252 1653 1311 τυπικούς
1736 1247 1840 1299 ἀλλ’

241 1334 533 1403 ἀληθινούς,
608 1339 666 1392 ού
748 1349 1051 1412 σωματικῶς
1121 1342 1335 1401 θύοντας
1417 1339 1544 1391 ἀλλὰ
1616 1358 1845 1410 πνευμα-

239 1436 417 1489 τικῶς.
476 1428 646 1481 Εἰπὼν
713 1426 772 1483 δε
828 1430 908 1482 ὃτι
962 1436 1138 1499 Ζητεί,
1217 1428 1446 1502 ἐνέφηνεν
1510 1428 1591 1481 ὃτί
1655 1426 1844 1501 ἀπαρέ-

245 1534 426 1569 σκεται
480 1526 543 1590 τῇ
598 1527 782 1591 νομικῇ
842 1519 1074 1594 λατρεία,
1122 1524 1213 1571 καὶ
1264 1517 1441 1571 λοιπὸν
1502 1515 1844 1589 συγκαταϐα-

241 1614 398 1668 τικῶς
454 1606 618 1665 αὐτὴν
675 1606 1012 1680 ἐνομοθέτησε
1076 1607 1239 1660 πάλαι
1310 1612 1399 1659 καὶ
1477 1611 1846 1679 συνεχώρησεν

242 1693 378 1769 ἄχρι
403 1700 517 1749 τότε
549 1694 642 1749 διὰ
671 1702 763 1756 τὴν
794 1706 893 1750 τῶν
930 1697 1182 1772 Ἐϐραίων
1213 1700 1505 1770 παχύτητα
1553 1701 1645 1748 καὶ
1696 1694 1848 1747 ἀσθέ-

243 1804 402 1838 νειαν.

319 1881 529 1948 Πνεῦμα
600 1908 665 1917 -
747 1883 1057 1950 προσκυνεῖν
1071 1921 1082 1933 ,
1221 1883 1449 1948 Πνεῦμα,

245 1963 543 2037 ἀσώματος·
598 1962 684 2018 διό
739 1971 830 2018 καὶ
896 1970 1017 2028 τούς
1091 1965 1434 2038 λατρεύοντας
1500 1965 1641 2035 αὐτῷ
1701 1982 1851 2016 πνευ-

247 2062 480 2125 ματικῶς
549 2060 658 2128 χρή
727 2054 1009 2129 λατρεύειν,
1066 2058 1155 2106 καὶ
1202 2053 1294 2105 ούκ
1359 2053 1406 2105 ἓν
1465 2060 1591 2123 σκιᾷ
1646 2052 1751 2104 ἀλλ’
1805 2051 1852 2103 ἐν

249 2141 485 2215 ἀληθείᾳ·
553 2150 706 2195 τοῦτο
757 2146 859 2217 γὰρ
921 2146 1210 2219 θεοπρεπὴς
1270 2148 1359 2195 καὶ
1411 2141 1729 2201 κατάλληλος
1767 2141 1854 2193 λα-

244 2236 411 2304 τρεία.
445 2237 770 2305 Πνευματικὴ
807 2230 865 2285 δὲ
892 2232 1109 2307 λατρεία
1135 2232 1278 2284 ἐστὶν
1320 2234 1348 2290 ἡ
1384 2234 1851 2306 ταπεινοφροσύνη-

249 2324 422 2375 Θυσία
469 2324 590 2395 γὰρ,
653 2327 804 2394 φησὶ,
860 2332 930 2393 τῷ
985 2328 1099 2392 Θεῷ
1151 2329 1354 2393 πνεῦμα
1401 2325 1851 2394 συντετριμμένον·

251 2414 342 2462 καὶ
393 2411 424 2469 ἡ
477 2416 779 2487 προσευχλῆ⁸
837 2419 1013 2464 Θῦσον
1051 2413 1175 2485 γὰρ,
1207 2414 1359 2483 φησι,
1406 2417 1478 2481 τῷ
1514 2418 1628 2481 Θεῷ
1670 2412 1855 2462 θῦσίαν

252 2502 514 2562 αἰνέσεως·
576 2506 665 2553 καὶ
696 2500 866 2561 ἁπλῶς
918 2507 1068 2553 πᾶσα
1120 2504 1441 2572 πνευματική
1493 2498 1668 2573 ἀρετή·
1731 2500 1858 2554 Τότε

250 2591 379 2665 γὰρ,
466 2595 646 2663 φησὶν,
712 2587 1014 2651 εὐδοκήσας
1092 2591 1280 2642 θυσίαν
1354 2585 1712 2650 δικαιοσύνης·
1786 2588 1858 2641 ὲν-

250 2681 423 2733 ταῦθα
511 2678 859 2742 δικαιοσύνης
943 2683 1220 2751 νοουμένης
1313 2678 1597 2739 καθολικῶς
1679 2680 1859 2741 πάσης

254 2767 446 2842 ἀρετῆς
473 2765 544 2821 δι’
574 2766 631 2831 ἧς
662 2771 688 2822 ό
715 2770 983 2843 ἄνθρωπος
1014 2765 1339 2822 δικαιοῦται.

329 2863 483 2929 Λέγει
531 2889 597 2900 -
648 2862 836 2912 πάντα.
918 2859 1203 2930 ’ἰλιγγίασε
1272 2858 1388 2929 (7‘2)
1449 2861 1579 2931 πρὸς
1644 2862 1702 2911 τὸ
1762 2866 1861 2910 τῶν

252 2949 513 3023 ῥηθέντων
597 2948 748 3020 ὕψος,
816 2953 907 3001 καὶ
952 2948 1129 3001 λοιπὸν
1188 2946 1494 3023 ἀπαγορεύει
1581 2952 1675 3006 τὴν
1742 2954 1861 3023 περὶ

256 3046 359 3089 τῶν
416 3040 660 3090 τοιούτων
714 3036 990 3111 ἀκρόασιν,
1065 3036 1222 3090 Ἀλλά
1302 3039 1454 3089 πόθεν
1518 3042 1865 3112 Σαμαρείταις

257 3123 562 3201 προσδοκία
611 3135 703 3188 τῆς
761 3135 852 3179 τοῦ
918 3134 1155 3198 Χριστοῦ
1213 3123 1524 3199 ὶπιδημίαςς
1581 3126 1710 3179 Ἀπὸ
1767 3135 1867 3178 τῶν

258 3223 558 3270 Μωσαῐκῶν
626 3222 858 3292 Γραφῶν.
917 3214 1154 3288 Ἔγραψε
1225 3218 1328 3291 γὰρ
1395 3222 1657 3278 Μωυσῆς·
1733 3222 1867 3288 Προσ

264 3310 433 3378 φήτην
507 3307 628 3379 ύμῖν
702 3305 987 3365 ἀναστήσει
1064 3308 1252 3380 Κύριος
1334 3307 1359 3357 ό
1428 3310 1558 3366 Θεὸς
1636 3304 1691 3357 ἐκ
1771 3313 1870 3356 τῶν

264 3391 501 3468 ἀδελφῶν
534 3397 697 3469 ὑμῶν,
728 3398 797 3458 ὡς
828 3394 932 3468 ἐμέε
961 3396 1119 3448 αὐτοῦ
1155 3394 1462 3450 ἀκούσεσθε.

338 3489 493 3557 Λέγει
540 3516 608 3525 -—
660 3505 762 3540 σοι.
827 3490 949 3546 Τόίς
1013 3488 1102 3558 μεν
1180 3482 1460 3547 Ἰουδαίοις
1539 3485 1874 3559 ἐπικειμένοις

265 3580 358 3627 καὶ
458 3575 719 3647 λέγουσιν·
832 3573 963 3636 Ἒως
1057 3579 1183 3627 πότε
1273 3581 1365 3633 τὴν
1459 3575 1646 3647 ψυχὴν
1725 3577 1872 3647 ἡμῶν

267 3668 468 3737 αἴρεὶςς
548 3664 655 3717 εἰπέ
726 3666 870 3736 ἡμῖν,
968 3664 1009 3715 εἰ
1092 3668 1157 3715 σὺ
1233 3661 1283 3717 εἷ
1351 3666 1376 3715 ό
1453 3669 1704 3738 Χριστός-
1782 3665 1875 3716 οὐκ

268 3752 582 3828 ἀπεκρίνατο
628 3761 778 3805 τοῦτο
841 3760 1037 3825 σαφῶς.
1101 3755 1277 3826 Ταύτῃ
1335 3749 1394 3805 δὲ
1444 3752 1634 3805 αὐτίκα
1695 3753 1876 3806 ἑαυτὸν

268 3842 602 3915 ἐφανέρωσεν·
656 3842 1102 3917 εύγνωμονεστέρα
1176 3845 1278 3916 γὰρ
1352 3842 1516 3894 αὐτῶν
1578 3840 1660 3901 ἦν,
1714 3843 1878 3897 Έκεί-

266 3951 350 3984 νοι
397 3935 486 4002 μὲν
527 3934 652 4004 γὰρ,
699 3931 804 4002 οὐχ
858 3932 939 3983 ἶνα
987 3934 1345 3983 πιστεύσωσιν
1394 3930 1611 3992 ἐζήτουν
1673 3934 1873 4004 μαθεῖν,

270 4019 377 4073 ἆλλῖ
406 4022 532 4094 ὑπὲρ
585 4028 678 4073 τοῦ
725 4017 1058 4093 κωμῳδῆσαι
1109 4020 1284 4073 αὐτόν·
1332 4020 1464 4079 αὓτη
1522 4018 1580 4075 δὲ
1633 4024 1881 4093 μαθοῦσα

269 4114 486 4164 ὶπίστευ
496 4129 571 4164 σε.

347 4204 450 4253 Καὶ
505 4230 576 4241 -
650 4198 811 4253 αὐτοῦ
826 4244 837 4256 .

270 4289 557 4362 λεγομένων
566 4331 579 4344 .

912 4198 1027 4255 Ἐπὶ
1083 4202 1270 4272 τούτῳ,
1332 4199 1441 4252 ἀντὶ
1494 4207 1606 4266 τοῦ,
1674 4204 1879 4255 Τούτων

349 4382 451 4431 Καὶ
489 4409 557 4419 -
595 4377 782 4437 ἐλάλει,
836 4377 960 4431 ’Ὁτι
1012 4378 1321 4441 τηλικοῦτος
1358 4384 1426 4431 ὤν
1474 4382 1603 4453 μετὰ
1640 4384 1884 4453 γυναικὸς

274 4467 508 4529 εὐτελοῦς
538 4464 574 4521 δ
580 4468 816 4540 ιελέγετο.

347 4552 537 4618 Οὐδεὶς
596 4588 663 4599 -
738 4557 939 4623 αὐτῆς
1012 4558 1318 4631 Ἐσίγησαν,
1394 4568 1645 4633 τιμῶντες
1704 4561 1880 4614 αύτόν.

273 4644 685 4720 Πεπαιδευμένοι
735 4651 836 4723 γὰρ
891 4651 949 4700 16
1007 4654 1076 4721 μὴ
1133 4650 1305 4702 πάντα
1352 4651 1418 4702 τὰ
1470 4658 1559 4702 τοῦ
1618 4647 1885 4703 διδασκά-

272 4736 368 4790 λου
427 4737 887 4811 περιεργάζεσθαι.
961 4735 1106 4809 Ἅμα
1159 4734 1218 4791 δε
1288 4742 1378 4790 καὶ
1449 4736 1728 4811 ἐγίνωσκον
1805 4739 1885 4792 ὃτι

274 4833 383 4887 τοῖς
462 4827 710 4899 ψυχικοῖς
783 4828 1081 4901 τραύμασιν
1148 4827 1315 4889 αὐτῆς
1381 4829 1655 4903 φάρμακον
1724 4827 1887 4882 ἐπιτί-

280 4918 343 4975 θη
353 4935 457 4969 σιν.

352 5053 397 5087 "
433 5051 586 5109 Psal.
624 5068 670 5117 L,
709 5056 793 5108 t9.
870 5051 917 5089 ⁸⁸
961 5051 1116 5109 Psal.
1169 5068 1325 5122 XLIX,
1371 5053 1452 5108 14.

1533 5054 1581 5089 θ’
1613 5053 1770 5110 Psal.
1798 5071 1849 5124 ιι,
1893 5058 1981 5110 2t.

1947 626 2173 683 cultum
2235 623 2368 680 loco
2430 624 3006 689 circumscribentes,
3076 624 3257 680 veluti
3302 626 3487 682 Judaei
3551 632 3607 683 et

1951 714 2329 779 Samaritani,
2361 714 2466 769 sed
2510 714 2568 768 in
2610 713 2775 769 omni
2819 714 2952 771 loco
2996 713 3424 771 dominationis
3472 717 3605 787 ejus

1942 803 2367 885 ,benedicentes
2414 803 2757 858 Dominum.

2023 984 2103 1039 De
2157 982 2284 1038 solo
2328 987 2528 1038 autem
2577 982 2747 1037 Patre
2812 982 2949 1038 facit
3010 999 3169 1039 nunc
3214 985 3601 1051 mentionem,

1951 1078 2193 1146 propter
2232 1072 2494 1127 mulieris
2540 1071 3003 1128 imbecillitatem
3041 1090 3053 1129 :
3094 1089 3287 1146 neque
3326 1073 3487 1129 enim
3524 1090 3610 1131 re-

1951 1162 2265 1235 pentinum
2298 1162 2415 1232 (hh)
2447 1160 2672 1233 dogma
2706 1178 3041 1234 proponere
3082 1163 3133 1220 ei
3164 1163 3495 1236 oportebat.

2022 1253 2184 1308 Vers.
2229 1252 2316 1307 23.
2366 1251 2521 1306 Nam
2554 1257 2611 1306 et
2642 1283 2709 1290 —-
2750 1252 2964 1319 ipsum.
3004 1254 3146 1308 Puta
3192 1268 3313 1308 non
3345 1253 3610 1323 ﬁgurati-

1955 1358 2081 1407 vos,
2118 1340 2223 1396 sed
2251 1356 2452 1408 veros;
2497 1356 2616 1396 non
2649 1340 3053 1412 corporaliter,
3090 1342 3194 1397 sed
3229 1342 3611 1415 spiritualiter

1953 1430 2362 1489 immolantes.
2392 1430 2594 1485 Dicens
2616 1436 2817 1486 autem
2848 1447 2859 1485 :
2887 1430 3124 1498 Quaerit,
3146 1432 3423 1498 ostendit,
3444 1432 3612 1504 quod

1953 1520 2103 1592 legis
2144 1519 2475 1574 immolatio
2520 1519 2881 1591 displiceret,
2929 1525 2985 1575 et
3023 1536 3165 1576 sane
3208 1520 3351 1577 olim
3398 1522 3613 1577 conde-

1956 1610 2299 1666 scendendo
2331 1614 2619 1664 statuerat
2648 1608 2831 1675 illam,
2864 1614 2919 1665 et
2948 1626 3136 1681 usque
3162 1609 3240 1665 ad
3271 1611 3331 1666 id
3374 1615 3613 1683 tempus

1958 1700 2337 1764 sustinuerat,
2380 1705 2620 1771 propter
2648 1698 3025 1755 Hebraeorum
3058 1698 3529 1756 imbecillitatem
3556 1705 3614 1757 et

1958 1788 2439 1847 crassitudinem.

1581 1878 1849 1927 τουτέστιν
1883 1891 1926 1946 Β
2028 1881 2191 1934 Vers.
2228 1878 2316 1933 21.
2357 1878 2707 1946 Spiritus—
2735 1879 3007 1935 adorare.
3049 1879 3322 1951 Spiritus,
3358 1880 3472 1936 hoc
3502 1885 3612 1947 est,

1961 1969 2346 2041 incorporeus
2379 1967 2548 2023 :ideo
2570 1968 2749 2023 etiam
2780 1968 3037 2023 colentes
3059 1984 3196 2024 eum
3230 1969 3617 2040 spiritualiter

1964 2060 2153 2115 colere
2198 2061 2451 2129 oportet,
2501 2073 2622 2113 non
2670 2056 2733 2112 in
2793 2057 3032 2124 umbra,
3084 2058 3187 2114 sed
3223 2058 3283 2113 in
3326 2058 3611 2125 veritate;

1963 2148 2086 2203 haec
2117 2146 2275 2201 enim
2306 2148 2669 2201 conveniens
2709 2151 2814 2211 est,
2864 2162 2933 2201 ac
2976 2146 3162 2202 Deum
3202 2146 3389 2202 decet.
3440 2147 3616 2219 Spiri-

1964 2237 2141 2293 tualis
2186 2241 2386 2291 autem
2426 2235 2641 2301 cultus,
2684 2235 2804 2290 sive
2834 2234 3029 2291 latria.
3065 2240 3153 2291 est
3178 2235 3365 2291 animi
3416 2237 3617 2292 mode-

1966 2326 2079 2382 stia
2112 2342 2123 2378 :
2157 2325 2552 2393 Sacriﬁcium,
2579 2324 2791 2396 inquit,
2820 2326 2938 2380 Deo
2958 2324 3198 2394 spiritus
3227 2325 3506 2381 contritus
3538 2327 3618 2396 ‘7;

1965 2422 2021 2473 et
2075 2415 2258 2471 oratis
2322 2436 2332 2469 :
2386 2414 2696 2483 Sacri/ica,
2758 2415 2856 2479 ait,
2908 2415 3026 2470 Deo
3076 2414 3439 2483 sacriﬁcium
3502 2415 3623 2471 lau-

1965 2506 2056 2561 dis
2088 2505 2133 2540 ⁸⁸
2161 2522 2174 2570 ;
2218 2510 2293 2570 et,
2329 2507 2391 2559 ut
2418 2519 2537 2558 uno
2570 2505 2749 2559 verbo
2782 2503 3003 2573 dicam,
3044 2504 3242 2560 omnis
3276 2505 3462 2560 virtus
3503 2504 3616 2577 spi-

1965 2593 2193 2651 ritualis
2226 2615 2237 2649 :
2276 2593 2434 2647 Tunc
2454 2592 2801 2663 acceptabis,
2831 2592 3041 2665 inquit,
3071 2593 3427 2663 sacriﬁcium
3446 2593 3626 2664 justi-

1968 2685 2067 2738 tice
2096 2685 2165 2751 ‘9,
2198 2681 2301 2737 ubi
2352 2681 2532 2737 dictio
2569 2681 2841 2752 Iustitiae,
2884 2698 2991 2755 pro
3025 2683 3191 2738 omni
3220 2682 3430 2741 virtute
3471 2684 3629 2741 acci-

1968 2773 2148 2846 pitur,
2181 2787 2286 2844 per
2314 2787 2501 2843 quam
2544 2770 2731 2826 homo
2757 2772 2953 2842 justus
2997 2771 3269 2829 efficitur.

2043 2862 2205 2917 Vers.
2248 2866 2336 2917 25.
2370 2863 2456 2915 .tit
2487 2893 2553 2901 —
2585 2860 2805 2917 omnia.
2838 2860 3110 2918 Inhiabat
3134 2863 3210 2918 ad
3243 2879 3454 2919 eorum
3494 2879 3626 2936 qum

1972 2952 2133 3009 dicta
2163 2957 2320 3019 sunt,
2344 2951 2793 3015 sublimitatem,
2827 2950 2933 3006 sed
2958 2950 3138 3008 modo
3155 2952 3454 3025 desperat,
3492 2969 3634 3025 pos-

1924 3099 1936 3116 ,
1977 3041 2249 3096 sedeillis
2264 3041 2490 3096 audire.
2524 3040 2636 3096 Sed
2657 3041 2812 3095 unde
2837 3042 3227 3097 Samaritanis
3260 3042 3634 3113 exspectatio

1979 3132 2272 3188 adventus
2313 3129 2570 3186 Christi?
2608 3131 2653 3184 A
2695 3130 2966 3185 Mosaicis
3019 3130 3343 3203 scripturis.
3388 3132 3636 3204 Scripsit

1980 3222 2140 3277 enim
2187 3223 2375 3276 Moses
2410 3238 2423 3275 :
2463 3220 2803 3289 Prophetam
2841 3219 3142 3275 suscitabit
3183 3220 3335 3277 vobis
3376 3221 3528 3276 Deus
3564 3220 3638 3277 de

1979 3310 2280 3383 fratribus
2311 3309 2515 3367 vestris
2544 3326 2554 3362 :
2592 3313 2872 3381 tanquam
2901 3325 2991 3365 me
3020 3309 3191 3366 illum
3210 3310 3462 3367 audietis
3491 3311 3562 3366 7°.

2055 3489 2216 3543 Vers.
2260 3490 2350 3543 26.
2402 3486 2556 3543 Dicit
2612 3516 2680 3525 —
2724 3490 2936 3541 tecum.
2988 3485 3213 3542 Judmis
3278 3485 3642 3545 instantibus

1984 3595 2052 3634 ac
2091 3577 2469 3633 dicentibus:
2504 3575 2886 3647 Quoadusque
2933 3575 3187 3631 animam
3233 3583 3502 3633 nostram
3547 3594 3643 3632 su-

1983 3682 2244 3737 spensam
2288 3673 2443 3721 tenes
2477 3667 2503 3721 ?
2543 3665 2639 3720 dic
2684 3665 2862 3729 nobis,
2915 3681 2995 3720 an
3043 3671 3103 3720 tu
3143 3665 3218 3721 sis
3262 3666 3532 3722 Christus
3573 3668 3643 3722 7‘.

1987 3761 2113 3813 Non
2142 3754 2452 3828 respondit
2483 3756 2596 3810 hoc
2642 3755 2954 3810 manifeste
2988 3774 3001 3825 ;
3046 3755 3185 3811 huic
3237 3764 3434 3812 autem
3468 3758 3647 3828 proti~

1986 3864 2102 3903 nus
2144 3862 2205 3900 se
2237 3847 2435 3916 ipsum
2480 3843 2921 3910 manifestavit;
2964 3862 3100 3899 nam
3128 3845 3250 3901 hzec
3281 3846 3509 3919 aequior
3534 3846 3648 3901 illis

1987 3941 2129 3992 erat.
2160 3935 2466 4008 Siquidem
2498 3934 2614 4005 ipsi
2647 3950 2765 3988 non
2801 3934 3205 3999 utcrederent,
3230 3935 3454 3991 discere
3484 3952 3651 4009 quae-

1988 4026 2219 4090 rebant,
2254 4024 2357 4079 sed
2401 4028 2462 4079 ut
2498 4022 2999 4095 reprehenderent
3032 4040 3045 4076 :
3080 4024 3212 4095 ipsa
3262 4041 3403 4081 vero
3446 4024 3649 4081 statim

1990 4121 2311 4189 postquam
2358 4112 2584 4177 didicit,
2628 4112 2895 4168 credidit.

2063 4206 2221 4259 Vers.
2264 4202 2351 4257 27.
2375 4202 2451 4256 Et
2490 4232 2558 4243 —
2588 4202 2732 4271 ejus.
2768 4201 2832 4258 In
2865 4202 2998 4272 hoc,
3032 4201 3091 4259 id
3119 4206 3228 4272 est,
3260 4202 3353 4259 his
3384 4204 3577 4261 dictis.

2065 4382 2227 4437 Vers.
2260 4380 2451 4437 27.Ac
2482 4412 2545 4421 —
2582 4382 2915 4451 loqueretur
2941 4379 3110 4446 Quod
3147 4396 3285 4436 cum
3315 4380 3444 4437 talis
3470 4387 3653 4450 esset,

1995 4487 2133 4527 cum
2162 4469 2258 4526 vili
2293 4470 2542 4526 muliere
2582 4470 2938 4542 disputaret.

2068 4559 2232 4616 Vers.
2275 4561 2361 4615 37.
2413 4559 2595 4616 Nemo
2644 4590 2703 4600 -
2755 4558 2864 4615 illa
2896 4560 2923 4614 ?
2962 4555 3317 4629 Tacuerunt,
3366 4561 3653 4619 honorem

1995 4651 2107 4723 ipsi
2146 4649 2523 4716 deterentes;
2565 4648 2865 4722 siquidem
2908 4648 3178 4705 instructi
3226 4656 3415 4718 erant,
3461 4651 3549 4724 (ii)
3584 4667 3658 4708 ne

1994 4739 2201 4797 omnia
2240 4738 2508 4808 magistri
2546 4738 2704 4795 facta
2739 4741 2974 4794 curiose
3012 4739 3379 4811 inquirerent
3420 4758 3432 4796 :
3480 4741 3658 4797 simul

1995 4829 2171 4886 etiam
2198 4828 2464 4884 sciebant
2489 4827 2655 4901 quod
2687 4826 3091 4901 spiritualibus
3122 4828 3277 4884 illius
3311 4829 3656 4886 vulneribus

1997 4918 2395 4991 pharmacum
2434 4921 2791 4989 apponeret.

2058 5054 2108 5090 ⁷ο
2138 5053 2305 5108 Deut.
2333 5067 2487 5117 xvm,
2529 5057 2611 5109 15.
2685 5052 2731 5087 ⁷¹
2760 5053 2930 5109 Joan.
2964 5070 3019 5118 χ,
3054 5051 3147 5107 24.

1510 5232 1728 5301 Variae
1760 5232 2085 5301 lectiones
2116 5242 2175 5300 et
2212 5241 2414 5301 notae.

354 5384 472 5455 (72)
493 5382 617 5441 Non
632 5380 785 5456 cepit
809 5385 921 5440 hoc
946 5381 1285 5439 Hentenius.
1308 5386 1407 5439 Est
1424 5383 1582 5456 enim
1610 5384 1889 5454 vertigine

279 5457 518 5528 corripi,
540 5455 716 5529 quod
733 5456 881 5529 solet
900 5456 1169 5529 accidere
1200 5456 1270 5511 iis
1288 5458 1391 5527 qui
1409 5455 1642 5529 excelsa
1660 5456 1890 5511 intuen-

279 5535 397 5601 tur,
430 5535 533 5585 aut
559 5528 631 5583 ex
656 5528 785 5585 loco
816 5528 973 5584 edito
1000 5528 1273 5584 deorsum
1300 5533 1583 5600 spectant.
1616 5528 1892 5585 Reddidit

358 5723 490 5852 (blih)
518 5724 928 5793 Repentinum.
965 5726 1241 5796 Repente.
1276 5725 1368 5780 Est
1395 5723 1555 5780 enim
1578 5722 1765 5798 ἀθροὸν
1788 5723 1890 5779 ad-

358 5813 362 5828 ι
413 5811 568 5851 ium.

286 5811 568 5855 armum.

359 5868 451 5944 (ii)
481 5864 780 5939 Siquidem
798 5864 1077 5925 instructi
1093 5872 1282 5934 erant,
1311 5872 1421 5926 etc.
1450 5868 1600 5925 Bene
1618 5867 1779 5925 enim
1802 5866 1887 5927 in-

2000 5386 2098 5458 ita,
2134 5401 2204 5441 ac
2235 5381 2283 5439 si
2314 5384 2598 5457 repererit
2628 5386 2839 5457 κέχηνι,
2875 5383 3039 5457 quod
3068 5387 3270 5458 ipsum
3294 5402 3414 5444 non
3442 5385 3662 5444 absur-

1999 5456 2145 5545 dum
2170 5462 2277 5545 est,
2315 5456 2437 5541 quo
2458 5474 2649 5545 sensu
2686 5456 3004 5529 Gregorius
3031 5456 3167 5515 Naz.
3221 5477 3279 5533 p.
3328 5460 3448 5524 159,
3480 5460 3652 5517 dixit:

2000 5536 2139 5603 Πρὸς
2184 5536 2300 5590 τοὺς
2341 5536 2582 5605 ἀστέρας.

1999 5723 2181 5780 stituti
2221 5728 2327 5790 est,
2378 5739 2499 5781 non
2562 5724 2767 5782 omnia
2834 5723 3096 5793 doctoris
3154 5723 3393 5793 curiose
3467 5726 3657 5805 inqui-

1998 5811 2126 5852 rere
2137 5838 2147 5850 .
3076 5830 3079 5837 ι
3231 5829 3234 5833 ’

3609 5874 3625 5897 ν
