4156 6388
527 357 668 415 1199

600 485 759 539 Vers.
795 484 881 539 28.
919 482 1167 554 Reliquit
1200 478 1544 536 —Vers.29.
1583 482 1851 537 Christus
1880 482 1907 535 ?
1934 482 2185 536 Venerat
2216 483 2262 533 A

530 572 608 629 ad
649 573 989 629 sensibilem
1040 573 1281 636 fontem,
1330 576 1385 625 et
1417 570 1640 625 invenit
1680 570 2135 626 intellectualem
2170 593 2181 623 :

528 666 708 734 atque
727 678 980 718 accensa
1006 669 1092 717 est
1109 663 1243 733 igne
1264 659 1663 732 spiritualium
1685 659 2008 724 undarum,
2034 659 2185 715 adeo

528 757 592 807 ut
629 758 685 806 et
713 751 990 823 hydriam
1024 751 1378 822 relinqueret
1402 754 1457 803 et
1504 751 1916 803 necessitatem
1948 756 2188 821 propter

527 856 714 912 quam
743 845 1083 904 accesserat,
1119 844 1493 909 curreretque
1534 839 1594 891 in
1625 837 1946 902 civitatem,
1983 855 2051 893 ac
2082 853 2189 909 po-

528 930 737 999 pulum
770 945 1013 984 omnem
1054 928 1130 983 ad
1159 930 1359 983 Jesum
1403 928 1723 983 attraheret
1757 943 1768 981 :
1806 927 2027 983 docens
2051 943 2182 991 nos,

528 1036 666 1075 cum
698 1018 1029 1090 spiritualia
1061 1018 1219 1073 nacti
1247 1017 1555 1081 fuerimus,
1591 1017 1939 1089 temporalia
1970 1021 2187 1073 cuncta

526 1108 850 1179 despicere.

596 1203 657 1252 Et
699 1198 885 1252 videte
933 1196 1197 1252 mulieris
1251 1196 1632 1267 sapientiam.
1688 1199 1813 1251 Non
1857 1195 2047 1251 dixit:
2086 1196 2187 1250 Ve-

526 1287 665 1350 nite,
709 1286 897 1342 videte
940 1286 1263 1352 Christum,
1315 1302 1442 1341 cum
1483 1290 1683 1340 tamen
1741 1286 2003 1341 crederet
2056 1301 2185 1341 esse

526 1376 843 1441 Christum,
897 1391 969 1430 ne
1009 1375 1081 1429 de
1124 1374 1468 1445 hujusmodi
1512 1391 1570 1428 re
1603 1391 1636 1430 a
1679 1375 1874 1446 seipsa
1912 1375 2185 1445 judicare

528 1462 825 1519 videretur
859 1481 869 1518 :
907 1463 1241 1519 maximum
1286 1462 1446 1518 enim
1483 1462 1794 1518 videbatur
1825 1478 2185 1534 cognoscere

526 1568 660 1607 eum
698 1553 798 1625 qui
836 1552 1317 1623 exspectabatur,
1373 1552 1475 1606 sed
1522 1551 1670 1607 alios
1722 1559 1895 1607 vocat
1934 1552 2180 1623 iudices.

531 1643 715 1713 thue
739 1642 867 1696 illos
898 1643 1089 1710 magis
1130 1641 1407 1707 attrahat,
1434 1640 1604 1695 offert
1635 1642 1718 1696 eis
1760 1642 1940 1696 veluti
1970 1658 2183 1713 quam-

526 1729 667 1785 dam
687 1747 907 1797 escam,
936 1746 1177 1784 suorum
1199 1729 1471 1785 videlicet
1498 1736 1874 1802 peccatorum
1906 1730 2184 1785 delectio-

523 1835 683 1873 nem.
721 1819 948 1875 Sciebat
978 1819 1339 1890 enim,quod
1377 1820 1423 1872 si
1450 1819 1928 1874 sermonesillius
1964 1819 2052 1874 vel
2084 1835 2182 1874 so-

522 1907 646 1963 lum
678 1914 1003 1977 gustarent,
1042 1910 1316 1978 protinus
1356 1913 1413 1963 et
1451 1908 1563 1980 ipsi
1607 1908 1990 1964 irretirentur.
2022 1910 2183 1964 Num

525 1997 620 2053 hic
649 2004 723 2053 est
770 1997 1035 2053 Christus
1067 1995 1094 2050 ‘P
1121 1998 1233 2053 hoc
1273 2007 1375 2063 est,
1412 2000 1560 2053 Num
1593 1997 1861 2053 fortassis
1896 1998 1992 2053 hic
2036 2005 2127 2053 est
2157 1999 2184 2055 ?

522 2089 675 2142 Nam
714 2087 1048 2143 hresitando
1074 2087 1355 2159 loquitur,
1386 2093 1675 2159 tanquam
1708 2088 2098 2154 addubitans,
2123 2093 2185 2144 ut

524 2173 597 2229 ab
626 2172 740 2227 illis
771 2172 943 2227 detur
976 2172 1288 2235 sententia.

586 2350 743 2406 Vers.
772 2354 859 2407 30.
898 2349 1215 2410 Exierunt.
1263 2382 1331 2391 —
1363 2351 1521 2405 Vers.
1565 2350 1652 2405 31.
1690 2350 1941 2409 Comede.
1974 2352 2182 2408 Viden-

521 2445 605 2493 tes
659 2455 792 2494 eum
843 2440 917 2495 ab
960 2439 1167 2494 itinere
1218 2438 1537 2506 defessum,
1594 2444 1651 2494 et
1703 2440 1777 2495 ab
1832 2441 2180 2496 imminente

519 2529 697 2584 solari
747 2529 982 2594 ardore,
1023 2528 1319 2598 rogabant
1367 2544 1525 2583 eum.
1574 2532 1723 2585 Nam
1773 2530 1886 2586 hoc
1944 2531 2002 2585 in
2048 2531 2179 2587 loco

517 2617 730 2689 ἠρώτων
764 2618 925 2673 idem
972 2618 1293 2686 signiﬁcat,
1349 2619 1513 2689 quod
1560 2619 2064 2687 deprecabantur;
2116 2620 2175 2676 id

516 2713 719 2762 autem
755 2707 1124 2762 vehementis
1153 2712 1237 2762 est
1280 2707 1523 2775 amoris,
1570 2724 1690 2762 non
1730 2710 2100 2765 temeritatis.

588 2797 755 2851 Vers.
787 2798 873 2851 32.
906 2797 990 2850 At
1018 2796 1124 2851 ille
1152 2827 1221 2836 —
1260 2796 1425 2851 Vers.
1448 2801 1535 2852 33.
1571 2798 1736 2864 Quod
1755 2798 1948 2855 ederet
1980 2800 2006 2853 ?
2043 2805 2173 2871 Ipse

513 2886 759 2958 quidem
775 2886 973 2941 cibum
994 2885 1248 2955 dicebat,
1266 2886 1579 2941 hominum
1599 2889 1880 2959 salutem;
1900 2888 2173 2961 discipuli

516 2991 652 3031 vero
679 2975 752 3029 de
783 2974 918 3029 cibo
951 2973 1208 3028 sensibili
1253 2973 1668 3044 intelligentes,
1706 2975 1987 3032 haesitant
2023 2978 2174 3033 inter

1878 352 2215 411 EUTHYMII
2250 342 2583 411 ZIGABENI

3773 337 3925 411 i200

2364 477 2581 551 Ἀφῆκεν
2635 510 2702 519 --
2755 481 3017 553 Χριστός;
3090 476 3274 530 Ἦλθεν
3332 476 3416 530 ἐπὶ
3491 481 3583 536 τὴν
3637 477 3915 538 αἰσθητὴν

2293 573 2489 641 πηγὴν,
2542 570 2765 640 εὖροῦσα
2837 564 2895 619 δὲ
2950 570 3044 625 τὴν
3096 571 3287 625 νοητὴν
3349 566 3514 627 οὓτως
3563 566 3767 640 ἀνήφθη
3833 577 3914 639 τῷ

2294 662 2422 732 πυρὶ
2474 665 2573 708 τῶν
2636 664 2997 729 πνευματικῶν
3064 659 3306 728 ναμάτων
3370 660 3433 718 ὡς
3480 662 3570 709 καὶ
3625 660 3683 709 τὸ
3747 660 3920 730 ἄγγος

2298 746 2517 819 ἀφεῖναι,
2587 751 2677 799 καὶ
2750 751 2845 805 την
2919 750 3105 819 χρείαν
3162 742 3235 798 δι’
3289 749 3350 804 ἥν
3421 750 3747 821 παρεγένετο,
3818 753 3921 799 καὶ

2298 833 2514 909 δραμεῖν
2548 836 2617 896 εἰς
2664 840 2755 893 τὴν
2810 835 2972 900 πόλιν,
3033 840 3122 886 καὶ
3178 836 3349 887 πάντα
3405 839 3491 887 τὸν
3538 832 3707 907 δῆμον
3755 835 3915 888 ἑλκύ-

2299 945 2390 977 σαι
2441 928 2566 1000 πρὸς
2619 928 2705 977 τὸν
2743 927 2973 991 Ἰησοῦν,
3017 922 3349 986 παιδεύουσα
3393 926 3553 996 ἡμᾶς,
3604 924 3724 977 ὃταν
3765 926 3920 977 ἐντύ-

2296 1034 2473 1087 χωμεν
2547 1020 2937 1087 πνευματικοῖς,
3011 1016 3265 1089 ύπερορᾷν
3340 1015 3544 1067 πάντων
3598 1022 3698 1067 τῶν
3774 1012 3916 1087 βιω-

2296 1111 2481 1156 τικῶν.

2370 1198 2470 1246 Καὶ
2531 1192 2627 1268 ὃρα
2681 1198 2863 1266 σοφίαν
2900 1197 3165 1264 γύναικός.
3221 1193 3330 1247 Ούκ
3379 1189 3509 1259 εἶπε,
3540 1199 3711 1257 Δεῦτε,
3768 1189 3916 1246 ίδετε

2295 1284 2380 1333 τὸν
2452 1286 2700 1355 Χριστὸν,
2757 1287 2930 1335 καίτοι
3004 1285 3332 1335 πιστεύουσα
3408 1282 3489 1335 ὃτι
3568 1284 3592 1334 6
3666 1286 3909 1355 Χριστός

2297 1370 2460 1437 ἐστιν,
2522 1373 2602 1423 ἵνα
2654 1377 2725 1444 μή
2784 1369 2913 1445 δόξῃ
2965 1377 3155 1445 κρίνειν
3209 1372 3292 1445 ἀφ’
3342 1376 3530 1435 ἒαυτῆς
3581 1377 3698 1444 περὶ
3758 1372 3916 1430 τηλι-

2294 1464 2481 1513 κούτου
2547 1464 2873 1535 πράγματος·
2954 1466 3201 1534 μέγιστον
3260 1465 3361 1535 γὰρ
3426 1458 3598 1515 ἐδόκει
3673 1465 3730 1514 τὸ
3799 1461 3918 1514 ἐπιο

2293 1559 2486 1621 γνῶναι
2538 1555 2623 1603 τὸν
2676 1548 3129 1624 προσδοκώμενον·
3190 1550 3296 1603 ἀλλ’
3353 1550 3556 1625 ἐτέρους
3604 1551 3749 1603 καλεῖ
3796 1571 3919 1623 κρι-

2295 1643 2404 1704 τὰς,
2454 1640 2537 1691 ἱνα
2585 1646 2674 1693 καὶ
2711 1641 2899 1712 μᾶλλον
2953 1641 3141 1703 αύτούς
3195 1640 3579 1699 ἐπισπάσηται.
3642 1646 3915 1712 Προτείνει

2298 1726 2355 1781 δὲ
2416 1732 2635 1793 τούτοις,
2696 1732 2928 1803 καθάπερ
2982 1750 3032 1782 τι
3108 1727 3309 1804 δέλεαρ,
3403 1736 3497 1789 τὴν
3576 1730 3914 1801 ἀποκάλυψιν

2294 1826 2395 1869 τῶν
2469 1815 2612 1871 ἰδίων
2671 1821 2961 1894 ἄμαρτιῶν.
3029 1819 3307 1890 Ἐγίνωσκε
3364 1823 3463 1894 γὰρ
3537 1823 3605 1881 ὡς
3661 1820 3704 1873 εί
3752 1825 3912 1893 μόνον

2294 1910 2585 1977 γεύσωνται
2659 1918 2758 1960 τῶν
2805 1909 2969 1981 λόγων
3022 1909 3204 1978 αὐτοῦ,
3267 1912 3749 1981 σαγηνευθὴσονται
3815 1914 3913 1963 καὶ

2296 1996 2442 2048 αὐτοὶ
2508 2004 2824 2072 παραυτίκα.
2905 2002 2974 2051 T6
3056 1997 3133 2063 δὲ,
3214 2003 3359 2057 Μήτι
3442 2000 3587 2061 οὗτος
3656 2000 3797 2051 ἐστιν
3883 2001 3912 2051 ό

2294 2090 2562 2159 Χριστός;
2624 2086 2737 2140 ἀντὶ
2810 2096 2924 2151 τοῦ,
2988 2094 3201 2147 Μήποτε
3288 2088 3439 2151 οὗτος
3504 2087 3690 2151 ἑστινς
3758 2088 3912 2141 Ὑπο-

2293 2179 2521 2249 κρίνεται
2576 2179 2698 2251 γὰρ,
2756 2179 2860 2229 οἷον
2935 2174 3315 2249 ἐπιδιστάζων,
3369 2177 3503 2231 ὣστε
3550 2177 3671 2251 παρ’
3734 2178 3910 2231 αὐτῶν

2291 2267 2532 2334 γενέσθαι
2564 2270 2657 2324 τὴν
2688 2270 2882 2340 κρίσιν.

2363 2352 2604 2416 Ἐξῆλθον
2679 2386 2748 2396 -
2822 2357 2971 2427 φάγε.
3034 2355 3285 2430 Ὁρώντες
3361 2356 3517 2409 αύτὸν
3574 2361 3905 2428 κεκμηκότα,

2292 2444 2392 2495 ὑπὸ
2436 2462 2489 2495 τε
2536 2451 2625 2503 τῆς
2653 2440 2959 2518 ὁδοιπορίας
3016 2451 3105 2498 καὶ
3163 2455 3257 2507 τῆς
3308 2445 3630 2519 ἐπικειμένης
3683 2446 3907 2507 ἡλιακῆς

2292 2532 2498 2604 φλογὸς,
2533 2534 2746 2607 ἠρώτων
2780 2534 2957 2600 αὐτὸν,
2993 2535 3107 2592 ἢτοι
3138 2535 3462 2609 παρεκάλουν
3491 2544 3689 2608 φαγεῖν·
3742 2544 3904 2590 τοῦτο

2292 2617 2350 2674 δὲ
2381 2622 2748 2695 φιλοστοργίας
2776 2621 2854 2690 ἦν,
2890 2624 2948 2675 ού
2976 2629 3302 2697 προπετείας.

2358 2710 2415 2763 Ὀ
2466 2708 2525 2764 δὲ
2575 2742 2637 2752 -—
2698 2720 2908 2784 φαγεῖν;
2962 2713 3129 2776 Αὐτὸς
3181 2718 3272 2787 μεν
3347 2713 3547 2788 βρῶσιν
3604 2714 3737 2786 ἔλεγε
3799 2720 3898 2774 τὴν

2290 2806 2552 2874 σωτηρίαν
2609 2810 2709 2853 τῶν
2768 2801 3068 2876 ἀνθρώπων·
3122 2806 3169 2856 οὶ
3207 2806 3443 2876 μαθηταὶ
3494 2801 3553 2857 δὲ
3590 2810 3710 2877 περί
3749 2803 3893 2878 βρώ-

2290 2908 2418 2952 σεως
2473 2891 2733 2953 αἰσθητῆς
2794 2900 3023 2953 νοοῦντες
3087 2891 3345 2966 ἀποροῦσι
3415 2898 3545 2969 πρὸς
3605 2893 3886 2957 ἀλλήλους’

2285 2979 2604 3037 ηύ).αϐοῦντο
2630 2984 2731 3056 γὰρ
2764 2980 2948 3034 ἐκεῖνον
2981 2981 3139 3055 ἐρωτῆ
3152 3002 3260 3038 σαι.
3298 2987 3492 3037 Λοιπὸν
3515 2980 3603 3036 οὖν
3626 2983 3895 3057 ἑρμηνεύει

515 3081 579 3119 se
617 3080 628 3120 :
664 3080 807 3119 nam
833 3064 999 3118 illum
1030 3063 1397 3133 interrogare
1426 3065 1800 3121 verebantur.
1837 3069 1999 3122 Tunc
2029 3083 2171 3137 ergo
2213 3059 2253 3115 C
2283 3073 2373 3121 τὸν
2398 3068 2569 3141 λόγον.

513 3155 765 3209 verbum
804 3156 1240 3224 interpretatur.

583 3242 746 3297 Vers.
790 3244 876 3298 34.
934 3242 1087 3295 Dicit
1131 3273 1198 3281 —
1233 3257 1398 3310 opus.
1450 3242 1736 3298 Voluntas
1796 3244 2005 3311 Patris,
2065 3247 2169 3319 qui

512 3332 716 3403 ipsum
752 3332 1011 3395 miserat,
1054 3338 1109 3385 et
1146 3347 1298 3401 opus
1340 3331 1495 3385 illius
1528 3332 1757 3388 Christo
1807 3334 2166 3404 injunctum,

514 3421 675 3475 salus
737 3425 824 3475 est
871 3420 1186 3477 hominum
1231 3437 1242 3473 :
1288 3420 1444 3475 hanc
1493 3427 1693 3476 autem
1744 3428 1913 3478 vocat
1965 3425 2165 3480 cibum

514 3528 713 3581 suum,
761 3513 1087 3565 ostendens
1118 3526 1220 3581 per
1278 3510 1435 3565 hanc
1491 3527 1702 3567 vocem
1773 3512 2162 3582 desiderium,

510 3600 676 3672 quod
707 3600 780 3655 de
820 3600 1135 3655 hominum
1171 3598 1423 3655 habebat
1461 3600 1669 3655 salute.
1707 3604 1852 3656 Nam
1887 3604 2033 3659 sicut
2063 3606 2166 3677 qui

510 3688 651 3755 edit,
686 3687 887 3743 cibum
918 3686 1285 3759 concupiscit
1327 3704 1339 3741 :
1374 3687 1455 3742 ita
1485 3693 1541 3743 et
1566 3689 1691 3760 ipse
1724 3690 2037 3747 hominum
2073 3711 2166 3750 sa-

508 3778 716 3833 lutem.
748 3776 895 3831 Dicit
938 3781 1140 3831 autem
1187 3793 1250 3830 se
1300 3792 1336 3832 a
1377 3778 1543 3832 Patre
1587 3780 1845 3846 missum,
1902 3782 1991 3837 vel
2042 3789 2165 3839 tan-

508 3881 693 3938 quam
713 3864 915 3930 homo,
944 3865 1033 3920 vel
1055 3864 1209 3920 sicut
1224 3865 1479 3921 Verbum
1495 3868 1655 3938 quod
1674 3884 1708 3923 a
1724 3871 1886 3926 Patre
1910 3887 2163 3941 genera-

508 3961 623 4018 tur,
656 3954 743 4010 vel
774 3954 930 4010 Patri
958 3955 1250 4010 honorem
1281 3955 1626 4011 deferendo.

577 4044 739 4099 Vers.
791 4045 881 4099 35.
946 4044 1149 4101 Nonne
1214 4075 1283 4085 ——
1341 4046 1488 4114 jam.
1571 4047 1851 4120 Discipuli
1913 4051 2161 4123 quidem

505 4133 581 4189 de
632 4132 891 4189 sensibili
926 4150 1122 4189 messe
1171 4133 1468 4200 dicebant,
1520 4134 1645 4207 ipse
1678 4153 1817 4193 vero
1856 4139 1929 4194 de
2001 4142 2163 4198 intel-

503 4223 741 4279 lectuali
789 4238 949 4278 nunc
996 4222 1279 4295 loquitur,
1330 4230 1385 4278 et
1423 4224 1579 4279 hanc
1612 4227 1871 4283 ostendit
1919 4228 2157 4286 instare.

504 4312 799 4381 Regiones
845 4311 1157 4384 appellans
1197 4312 1637 4369 multitudinem
1679 4316 2042 4375 venientium
2082 4321 2162 4376 ad

503 4416 566 4455 se
617 4400 1175 4468 Samaritanorum;
1210 4400 1379 4456 albas
1430 4409 1629 4457 autem
1671 4405 1809 4461 dicit
1861 4422 1982 4477 eas,
2030 4416 2158 4465 tan-
2196 4420 2241 4475 D

502 4505 691 4561 quam
723 4489 797 4544 ad
824 4488 1009 4543 ﬁdem
1052 4496 1297 4561 paratos
1328 4491 1481 4548 illos.
1534 4494 1685 4549 Nam
1721 4500 1775 4550 et
1805 4495 1957 4552 ﬁdes
2006 4516 2161 4556 mes-

506 4578 589 4633 sis
645 4582 754 4640 est,
804 4594 940 4649 quas
989 4579 1063 4633 ab
1106 4579 1449 4635 inﬁdelitate
1500 4583 1734 4638 metitur
1786 4587 1872 4640 vel
1922 4604 2161 4659 separa-

504 4672 618 4733 tur,
669 4671 728 4720 et
775 4665 1078 4722 confertur
1127 4667 1203 4723 ad
1254 4668 1578 4725 Christum.
1630 4675 2159 4738 Quemadmodum

501 4755 661 4811 enim
704 4754 855 4811 albae
895 4760 1125 4825 segetes
1169 4764 1391 4830 paratae
1436 4764 1576 4815 sunt
1616 4761 1690 4816 ad
1753 4780 2027 4827 messem,
2078 4769 2159 4824 ita

502 4848 558 4900 et
599 4843 678 4898 illi
728 4843 807 4899 ad
849 4844 1051 4899 ﬁdem.

570 4932 739 4990 Vers.
802 4933 890 4989 36.
947 4934 1020 4988 Et
1066 4966 1135 4975 —
1203 4936 1437 5005 accipit.
1498 4941 1561 4993 Et
1617 4940 1718 5011 qui
1775 4942 1918 4997 tales
1992 4948 2158 5004 metit

497 5022 791 5093 regiones,
828 5023 1274 5080 retributionem
1330 5043 1366 5080 a
1427 5029 1541 5082 Deo
1574 5030 1800 5089 sumit:
1850 5034 2153 5093 universa-

496 5112 608 5167 lius
648 5128 908 5184 namque
962 5113 1225 5184 loquitur
1255 5114 1347 5169 hic
1381 5117 1454 5171 de
1511 5119 1796 5174 omnibus
1831 5123 2153 5184 Samarita-

496 5199 590 5257 nis
620 5216 691 5257 ac
720 5201 961 5266 Iudaeis,
988 5201 1087 5273 qui
1122 5209 1289 5258 erant
1317 5205 1617 5261 credituri.

574 5291 729 5346 Vers.
785 5290 872 5345 36.
905 5292 972 5345 Et
1020 5321 1089 5332 —
1126 5299 1433 5350 aeternam.
1485 5296 1593 5360 Qui
1642 5299 1985 5359 sensibilem
2039 5321 2158 5361 me-

496 5378 565 5466 tit
605 5392 837 5448 agrum,
871 5387 1197 5452 congregat
1242 5381 1501 5439 fructum
1542 5384 1621 5440 ad
1654 5386 1834 5445 vitam
1886 5396 2153 5466 tenpora‘

496 5464 635 5532 lem,
665 5466 762 5521 hic
788 5475 986 5526 autem
1016 5469 1094 5527 ad
1122 5472 1308 5528 vitam
1350 5477 1659 5535 aaternam.

2353 3164 2507 3230 Λέγει
2565 3190 2633 3201 -
2689 3163 2856 3235 ἔργον.
2935 3161 3150 3234 Θέλημα
3204 3158 3296 3214 τού
3362 3162 3655 3234 πέμψαντος
3732 3162 3892 3215 αὐτόν

2283 3252 2507 3324 Πατρός,
2552 3255 2639 3303 καὶ
2691 3254 2835 3323 ἔργον
2883 3250 3044 3302 αύτοῦ
3093 3250 3325 3323 ἐπιταγεν
3370 3252 3529 3322 αὐτῷ,
3575 3254 3604 3311 ἡ
3648 3256 3890 3326 σωτηρία

2278 3348 2374 3390 τῶν
2432 3337 2733 3411 ἀνθρώπων.
2810 3343 3018 3397 Ταύτην
3077 3337 3135 3394 δὲ
3211 3340 3412 3416 βρῶσιν
3465 3342 3649 3394 ἑαυτοῦ
3711 3342 3884 3408 καλεῖ,

2281 3424 2374 3480 διὰ
2429 3436 2524 3488 τῆς
2575 3427 2754 3491 λέξεως
2830 3433 3024 3491 ταύτης
3100 3428 3356 3502 ἐμφαίνων
3412 3436 3529 3493 ⁵τὴν
3602 3429 3885 3503 ἐπιθυμίαν

2277 3525 2371 3579 τῆς
2425 3523 2688 3589 σωτηρίας
2738 3527 2837 3569 τῶν
2887 3518 3188 3591 ἀνθρώπων.
3221 3518 3420 3593 ⁶Ωσπερ
3463 3523 3565 3593 γὰρ
3614 3521 3640 3571 ό
3670 3526 3887 3595 τρώγων

2278 3606 2519 3678 ἐπιθυμεῖ
2563 3614 2653 3668 τῆς
2712 3605 2979 3681 βρώσεως,
3032 3608 3167 3660 ούτω
3224 3613 3313 3661 καὶ
3362 3609 3514 3670 αὐτὸς
3566 3618 3657 3670 τῆς
3710 3628 3882 3667 σωτη-

2275 3699 2394 3768 ρίας
2447 3697 2613 3767 ἡμῶν.
2667 3698 2971 3768 Πεμφθῆναι
3015 3694 3074 3750 δὲ
3134 3701 3276 3773 παρὰ
3330 3706 3423 3750 τοῦ
3457 3702 3653 3771 Πατρός
3699 3718 3883 3770 φησιν,

2276 3784 2342 3844 ὡς
2372 3784 2662 3859 ἄνθρωπος,
2706 3789 2735 3842 ἤ
2778 3791 2863 3837 καὶ
2897 3788 2961 3847 ὡς
2992 3792 3159 3859 Λόγος
3192 3786 3245 3839 ἐκ
3274 3795 3364 3840 τοῦ
3394 3793 3730 3859 γεννήσαντος
3768 3795 3884 3856 νοῦ,

2276 3875 2304 3929 ἦ
2330 3878 2420 3925 καὶ
2460 3876 2528 3935 ὡς
2550 3884 2712 3946 τιμῶν
2745 3880 2831 3927 τὸν
2860 3876 3091 3949 Πατέρα.

2346 3963 2469 4034 Ούχ
2521 3994 2585 4005 -
2615 3960 2745 4023 ἤδη.
2801 3968 2866 4018 Oi
2917 3967 3152 4037 μαθηταὶ
3195 3968 3285 4038 μὲν
3334 3972 3451 4038 περὶ
3494 3973 3582 4019 τοῦ
3622 3966 3886 4025 αἰσθητοῦ

2275 4054 2524 4125 θερισμοῦ
2596 4052 2786 4125 ἔλεγον·
2862 4054 3017 4116 αὐτὸς
3088 4051 3147 4107 δὲ
3218 4061 3306 4107 νῦν
3379 4060 3497 4130 περὶ
3552 4064 3643 4108 τοῦ
3697 4064 3886 4114 νοητοῦ

2274 4161 2423 4213 φησι,
2499 4147 2589 4194 καὶ
2669 4140 2908 4196 δείκνυσι
2964 4152 3145 4198 τοῦτον
3216 4144 3488 4197 ἐνεστῶτα·
3541 4150 3723 4220 χώρας
3789 4149 3883 4219 μὲν

2273 4230 2537 4302 ὀνομάζων
2591 4234 2656 4284 τὰ
2707 4230 2944 4286 δείκνυσι
2996 4242 3176 4286 τοῦτον
3230 4236 3501 4286 ἐνεστῶτα·
3561 4236 3739 4307 χάρας
3790 4240 3885 4307 μέν

2272 4320 2538 4393 ὀνομάζων
2574 4325 2640 4375 τὰ
2692 4323 2866 4381 πλήθη
2912 4333 3010 4375 τῶν
3054 4322 3346 4397 ἐρχομένων
3398 4320 3505 4382 ἤδη
3559 4328 3691 4399 πρὸς
3722 4324 3883 4377 αὐτὸν

2274 4418 2621 4485 Σαμαρειτῶν·
2684 4412 2864 4473 λευκὰς
2922 4409 2981 4465 δὲ
3046 4413 3210 4474 αὐτὰς
3264 4412 3452 4479 καλῶν,
3514 4415 3580 4474 ὡς
3639 4413 3884 4486 ἑτοίμους

2271 4504 2396 4575 πρὸς
2446 4506 2642 4555 πίστιν.
2701 4505 2965 4577 Θερισμός
3002 4503 3103 4577 γὰρ
3149 4508 3239 4554 καὶ
3282 4504 3320 4560 ἡ
3356 4507 3555 4569 πίστις,
3591 4503 3883 4575 θερίζουσα

2271 4589 2371 4642 ἀπὸ
2403 4598 2495 4652 τῆς
2543 4591 2654 4662 (73)
2706 4590 2975 4659 ἀπιστίας,
3032 4598 3121 4644 καὶ
3166 4592 3572 4664 συγκομίζουσα
3605 4595 3736 4665 πρὸς
3788 4596 3879 4644 τὸν

2270 4684 2513 4754 Χριστὸν.
2573 4680 2772 4754 Ἱὶσπερ
2820 4684 2921 4756 γαρ
2974 4682 3041 4734 τὰ
3092 4681 3248 4734 λευκὰ
3292 4677 3464 4752 γήδια
3510 4681 3691 4754 ἕτοιμα
3745 4685 3877 4755 πρὸς

2273 4770 2515 4843 θερισμόν
2548 4769 2698 4841 εἰσιν,
2722 4770 2856 4823 οὓτω
2886 4769 3114 4823 κάκεῖνοι
3146 4774 3273 4846 πρὸς
3298 4774 3499 4825 πίστιν.

2342 4951 2443 5000 Καὶ
2484 4978 2552 4989 -
2608 4947 2877 5020 λαμϐάνει.
2930 4953 3029 5002 Καὶ
3078 4950 3103 5001 6
3160 4948 3373 5022 θερίζων
3413 4950 3657 5009 τοιαύτας
3684 4950 3871 5020 χώρας

2269 5036 2491 5109 ἀμοιϐὴν
2522 5040 2577 5089 ἔκ
2609 5046 2741 5091 Θεοῦ
2770 5037 3037 5111 λαμϐάνει.
3072 5038 3490 5109 Καθολικώτερον
3516 5039 3617 5112 γὰρ
3651 5036 3875 5089 ἐνταῦθα

2267 5132 2383 5200 περὶ
2414 5129 2617 5179 πάντων
2647 5132 2779 5200 λέγει
2809 5136 2908 5181 τῶν
2939 5128 3219 5201 μελλόντων
3250 5130 3514 5181 πιστεύειν
3542 5134 3875 5201 Σαμαρειτῶν

2269 5222 2357 5269 καὶ
2377 5214 2665 5273 Ἰουδαίων.

2343 5313 2444 5359 Καὶ
2491 5339 2560 5349 -
2605 5307 2831 5365 αἰώνιον,
2861 5306 2921 5361 '0
2969 5309 3059 5381 μὲν
3120 5309 3335 5383 θερίζων
3380 5307 3633 5367 αἰσθητὸν
3657 5302 3874 5379 γήδιον,

2272 5399 2482 5469 συνάγει
2522 5399 2722 5472 καρπὸν
2771 5399 2842 5461 εἰς
2890 5398 3030 5461 ζωὴν
3082 5402 3425 5475 πρόσκαιρον·
3485 5396 3639 5460 οὗτος
3692 5393 3751 5451 δὲ
3802 5396 3879 5460 εἰς

2271 5485 2409 5546 ζωὴν
2438 5486 2662 5542 αἰώνιον.

1698 5666 1925 5739 .Variaa
1962 5669 2291 5742 lectiones
2342 5683 2407 5743 et
2460 5685 2659 5745 notae.

567 5796 682 5882 (73)
714 5808 817 5868 Τῆς
855 5807 1067 5868 omittit
1097 5802 1155 5868 Β.
