4156 6404
285 380 415 442 HO!

348 510 461 565 Ἵνα
542 542 611 551 -
683 511 920 584 θερίζων.

278 605 515 655 τοιούτου
542 608 766 673 καρποῦ,
796 605 885 653 καὶ
912 601 936 652 ό
971 605 1187 673 σπείρας
1213 601 1342 673 ὁμοῦ
1369 604 1535 672 χαίρῃ
1565 604 1653 651 καὶ
1692 600 1717 650 ό
1747 600 1883 670 θερί-

281 712 395 760 σας,
438 690 715 765 βλέποντες
752 690 904 743 αὐτόν
937 692 1267 762 συναχθέντα
1308 689 1430 755 ἐκεῖ,
1468 694 1558 741 καὶ
1588 692 1707 751 τοὺς
1757 690 1883 761 ὑπὲρ

278 782 441 834 αὐτοῦ
483 783 707 853 μισθοὺς
737 782 866 853 ὁμοῦ
898 780 1252 853 κομιζόμενοι,
1280 780 1305 831 ό
1335 782 1424 852 μὲν
1469 782 1537 840 ὡς
1574 783 1809 852 σπείρας,
1859 779 1884 830 ὁ

282 869 344 926 δε
374 874 444 933 ὡς
476 873 708 946 θερίσας.

354 1055 645 1125 Σπείροντες
696 1052 785 1121 μὲν
852 1045 941 1101 οὖν
992 1048 1122 1102 εἰσιν
1178 1051 1227 1102 οἱ
1302 1056 1583 1123 προφῆται,
1652 1056 1885 1111 Μωυσῆς

276 1144 366 1192 καὶ
413 1142 461 1192 οἱ
509 1141 618 1212 μετ’
676 1138 881 1205 ἐκεῖνον,
946 1136 1029 1191 οἶα
1089 1144 1387 1209 σπείραντες
1436 1142 1529 1201 τὰς
1582 1144 1702 1214 περὶ
1758 1146 1886 1211 Χρι-

280 1237 410 1282 στοῦ
464 1227 790 1303 προρρήσεις,
855 1229 1137 1303 θερίζοντες
1191 1225 1249 1281 δὲ
1304 1231 1353 1281 οἱ
1408 1227 1710 1281 ἀπόστολοι⁶
1747 1230 1885 1300 θερί-

279 1337 461 1379 σαντες
545 1323 661 1379 τοὺς
727 1317 1031 1393 ἀνθρώπους
1104 1317 1202 1370 ἀπὸ
1273 1326 1369 1380 τῆς
1448 1317 1712 1381 ἀπιστίας,
1798 1322 1888 1369 καὶ

282 1413 695 1479 συγκομίσαντες
780 1407 852 1470 εἰς
933 1410 1025 1471 τὰς
1119 1406 1390 1470 ἀποθήκας
1472 1416 1571 1459 τῶν
1666 1407 1887 1459 αἰωνίων

276 1504 506 1555 σκηνῶν.

350 1587 433 1640 Ἐν
482 1616 550 1626 -
598 1588 833 1659 θερίζων.
883 1593 941 1638 Ὀ
988 1585 1137 1658 λόγος
1175 1587 1201 1638 ό
1262 1585 1503 1649 ἀληθινὸς
1555 1595 1646 1647 τῆς
1702 1605 1890 1659 παροι-

274 1680 426 1748 μίας.

350 1765 485 1837 Ἐγὼ
541 1796 611 1805 —
674 1766 1037 1819 κεκοπιάκατε.
1126 1766 1213 1826 Εἰς
1263 1765 1289 1818 ὂ
1352 1765 1457 1838 οὐχ
1533 1767 1679 1839 ὑμεῖς
1740 1784 1886 1817 κεκο-

273 1855 525 1911 πιάκατε.

350 1943 530 1997 Ἀλλοι
608 1976 677 1984 ——
742 1943 1119 2002 εἰσεληλύθατε.
1178 1951 1357 1997 Ταῦτα
1437 1943 1571 2015 λέγει
1640 1941 1885 1996 δεικνύων

274 2035 360 2086 ὅτι
413 2037 472 2086 τὸ
530 2032 860 2108 ἐγχειρισθὲν
914 2036 1117 2093 τούτοις
1168 2036 1336 2106 ἔργον,
1393 2031 1578 2107 ῥᾴδιόν
1632 2032 1745 2085 ἐστι
1796 2037 1885 2084 καὶ

272 2122 502 2188 εὔκολον,
578 2128 667 2175 καὶ⁹
721 2125 909 2196 θάρσος
966 2122 1142 2184 αὐτοῖς
1201 2123 1425 2175 ἐντεῦθεν
1480 2121 1763 2190 ἐμϐάλλων,
1823 2125 1887 2182 ὡς

274 2220 370 2265 τοῦ
437 2212 814 2285 ἐπιπονωτέρου
880 2215 1312 2283 προανυσθέντος.
1371 2215 1439 2267 Τὸ
1506 2217 1732 2284 σπείρειν
1794 2216 1884 2283 μεν

272 2304 377 2375 γὰρ
433 2304 563 2373 μετὰ
616 2306 774 2354 πόνου
830 2306 920 2354 καὶ
979 2298 1221 2375 βραδέως
1272 2306 1491 2372 γίνεται,
1545 2305 1603 2352 τό
1665 2301 1884 2375 θερίζειν

275 2389 338 2444 δὲ
367 2393 494 2463 μετά
535 2389 753 2453 ἀνέσεως
781 2395 870 2443 καὶ
905 2395 1129 2462 ταχέως
1173 2395 1262 2441 καὶ
1293 2398 1382 2442 τοῦ
1424 2394 1620 2463 σπόρου
1652 2392 1799 2462 ἔργον
1825 2392 1882 2442 τό

276 2482 394 2554 θέρο
405 2501 448 2542 ς.

346 2576 630 2643 Τροπικαῖς
689 2566 749 2623 δὲ
802 2575 891 2622 καὶ
944 2576 1318 2643 μεταφορικαῖς
1383 2572 1645 2640 κέχρηται
1714 2568 1880 2632 λέξεσι

272 2659 545 2731 πολλαχοῦ
596 2666 688 2711 τοῦ
754 2658 1095 2730 Εύαγγελίου,
1157 2667 1316 2711 ποιῶν
1376 2663 1468 2716 τὴν
1524 2654 1880 2710 διδασκαλίαν

272 2748 743 2823 ἐμφαντικωτέραν,
784 2754 873 2801 καὶ
920 2753 1013 2807 τὴν
1054 2754 1262 2820 μνήμην
1310 2757 1410 2799 τῶν
1461 2747 1741 2818 λεγομένων
1791 2766 1881 2819 μο-

266 2841 576 2911 νιμωτέραν,
637 2835 727 2890 διὰ
783 2846 882 2890 τῶν
946 2842 1215 2912 γνωρίμων
1283 2837 1488 2889 εἰκόνων
1568 2842 1657 2888 καὶ
1714 2856 1879 2911 παρα-

268 2924 567 2999 δειγμάτων
620 2934 716 2987 τῆς
765 2926 879 2999 (74)
936 2931 1025 2999 μεν
1070 2923 1325 2999 ἠδύτερον
1372 2922 1713 2997 εἰσδυομένης
1762 2934 1878 2986 ταῖς

266 3016 473 3085 ἀκοαῖς,
542 3023 654 3076 τῆς·
718 3016 833 3088 (75)
889 3012 946 3068 δὲ
1024 3014 1311 3090 βαθύτερον
1370 3014 1739 3087 ἐντυπουμένης
1812 3024 1872 3088 τῇ

264 3103 487 3180 καρδίᾳ.
518 3110 619 3159 Καὶ
646 3105 877 3163 αἰσθητά
907 3108 996 3178 μὲν
1025 3109 1090 3158 τά
1113 3107 1343 3180 ῥήματα,
1379 3107 1704 3177 πνευματικά
1735 3101 1792 3157 δὲ
1812 3108 1877 3157 τὰ

266 3200 355 3253 νοή
365 3216 524 3267 ματα.

342 3285 428 3339 Ἐκ
458 3317 519 3325 -
551 3283 795 3343 ἐποίησα.
832 3286 1009 3337 Πάντα
1037 3288 1225 3342 νόησον
1256 3286 1321 3336 τὰ
1350 3289 1466 3356 περὶ
1496 3286 1616 3344 τοὺς
1654 3281 1871 3357 ἄνδρας,

265 3380 357 3427 καὶ
386 3378 474 3426 τόν
505 3374 599 3427 ούκ
630 3370 819 3447 ἄνδρα.
856 3372 922 3426 Ἦ
954 3378 1043 3426 καὶ
1068 3373 1197 3427 illo}
1220 3376 1351 3436 ἴσως
1377 3372 1509 3426 εἶπεν
1537 3373 1666 3446 αὐτῇ
1716 3372 1875 3425 πολλά

264 3466 612 3540 κεκρυμμένα.

335 3641 420 3703 Ὠς
454 3673 517 3682 -
542 3642 664 3717 παρ’
696 3642 873 3705 αὐτοῖς
899 3641 1036 3714 (76).
1073 3640 1400 3717 Παρεκάλουν
1428 3642 1603 3699 αὐτόν,

340 3915 442 3964 Καὶ
474 3940 538 3951 ——
572 3910 754 3964 αὐτοῦ.
784 3913 882 3963 Τὸν
908 3918 1003 3972 τῆς
1033 3906 1406 3972 διδασκαλίας.

335 4097 411 4162 Τῇ
448 4121 512 4130 —
560 4093 811 4161 Χριστός.
860 4089 945 4152 Ἐξ
988 4089 1055 4139 ὧν
1104 4092 1338 4147 ἤκουσαν
1376 4088 1536 4141 αὐτοῦ
1581 4085 1870 4140 διδάσκον-

265 4200 374 4246 τος,
435 4182 664 4251 ἔγνωσαν
722 4180 800 4231 ὃτι
848 4179 995 4238 οὗτός
1048 4177 1189 4230 ἐστιν
1244 4176 1447 4239 ἀληθῶς
1500 4180 1525 4229 ό
1561 4183 1736 4249 Σωτὴρ
1780 4185 1872 4229 τοῦ

264 4274 489 4341 κόσμου,
522 4271 548 4321 ό
596 4272 845 4340 Χριστός,
878 4270 978 4336 ὅτι,
1028 4276 1119 4327 τῆς
1171 4268 1475 4339 οἰκουμένης
1526 4266 1869 4331 ἀπολωλυίας,

265 4357 416 4418 ἦλθεν
502 4358 649 4418 οὗτος
725 4366 898 4409 σῶσαι
975 4356 1159 4415 αὐτὴν.
1255 4356 1733 4431 Εὐγνωμονέστεροι
1815 4354 1873 4408 δὲ

265 4448 437 4501 πολλῶ
463 4456 563 4501 τῶν
618 4443 889 4501 Ἰουδαίων
948 4450 999 4498 οἵ
1052 4453 1387 4521 Σαμαρεῖται.
1435 4447 1596 4498 Οὗτοι
1640 4451 1728 4518 μὲν
1783 4451 1873 4498 καὶ

725 4366 898 4409 σῶσαι
975 4356 1159 4415 αὐτὴν.

264 4538 477 4601 ἐξῆλθον
542 4540 669 4610 πρὸς
738 4536 912 4599 αύτὸν,
977 4540 1062 4588 καὶ
1113 4536 1436 4609 παρεκάλουν
1488 4536 1642 4587 αὐτὸν
1703 4543 1874 4607 μεῖναι

261 4630 389 4701 παρ’
438 4627 635 4690 αὐτοῖς,
685 4630 776 4677 καὶ
814 4623 981 4699 μηδὲν
1041 4634 1254 4698 σημεῖον
1306 4623 1502 4688 ἰδόντες
1560 4624 1873 4678 ἐπίστευσαν

264 4717 338 4777 εἰς
378 4716 551 4769 αύτόν·
604 4715 784 4767 ἐκεῖνοι
843 4712 903 4767 δὲ
949 4714 1229 4788 ἐρχόμενον
1277 4714 1466 4786 μᾶλλον
1514 4719 1644 4789 πρὸς
1686 4715 1876 4777 αὐτοὺς

262 4802 503 4871 ἐδίωκον,
554 4810 642 4857 καὶ
688 4803 895 4857 θέλοντα
936 4808 1102 4875 μένειν
1150 4802 1273 4876 παρ’
1324 4803 1497 4863 αὐτοῖς
1548 4803 1871 4875 ἐϐαρύνοντο,

260 4900 349 4947 καὶ
396 4894 561 4947 πολλά
607 4901 799 4967 σημεῖα
845 4891 1120 4965 βλέποντες
1176 4894 1454 4951 ἠπίστουν.
1500 4901 1618 4954 lla);
1655 4890 1741 4945 οὖν
1802 4895 1874 4945 εἰ-

260 4989 352 5047 κός
442 4986 654 5044 τούτους
735 4978 1122 5058 παραδραμεῖν,
1202 4986 1231 5041 ἦ
1302 4987 1457 5044 ποίας
1515 4979 1870 5047 δικαιοσύνης,

261 5081 373 5137 τοῖς
429 5076 519 5145 μὲν
574 5080 797 5145 μισοῦσι
839 5069 1231 5147 προσεδρεύειν,
1290 5080 1387 5124 τῶν
1447 5068 1506 5126 δὲ
1560 5071 1874 5144 ἀγαπώντων

263 5163 442 5221 ἀποπη
452 5158 485 5215 δ
488 5168 548 5233 ᾷν
578 5178 591 5229 ;

1336 366 1710 441 COMMENT.
1752 384 1822 438 IN
1862 372 2223 442 JOANNEM.
2262 412 2330 424 —
2362 382 2526 443 CAP.
2566 383 2655 440 1v.

998 508 1129 579 Ἵνα,
1209 511 1561 582 συναχθέντος
1626 508 1732 562 ἐκεῖ
1793 516 1878 561 τοῦ

2074 510 2234 565 Vers.
2276 509 2369 566 36.
2434 509 2505 567 Ut
2547 541 2602 552 —
2672 509 2782 581 qui
2837 510 3018 567 metit.
3049 510 3119 567 Ut
3179 513 3544 581 congregato
3574 510 3659 567 ibi

3522 366 3660 442 1202

2000 599 2099 655 tali
2150 599 2362 663 fructu,
2433 603 2492 655 et
2533 599 2629 672 qui
2685 599 3004 656 seminavit
3062 600 3237 656 simul
3290 601 3566 671 gaudeat,
3603 604 3659 657 et

1995 689 2099 762 qui
2135 690 2384 746 messuit
2442 706 2454 745 :
2513 689 2776 745 videntes
2818 691 3057 757 scilicet,
3112 706 3249 747 eum
3291 690 3370 746 ibi
3413 705 3660 760 congre-

1995 784 2216 849 gatum,
2278 794 2348 835 ac
2418 779 2756 835 mercedem
2836 796 2908 835 ex
2965 796 3036 836 eo
3116 780 3436 836 referentes
3509 780 3657 835 :ille

1993 869 2238 942 quidem
2291 874 2579 941 tanquam
2631 870 2735 942 qui
2794 870 3131 936 seminavit,
3176 871 3285 927 iste
3327 885 3470 927 vero
3511 870 3659 926 sicut

1992 959 2097 1032 qui
2127 959 2390 1014 messuit.

2067 1048 2662 1119 Seminantesitaque
2700 1051 2839 1103 sunt
2876 1048 3205 1121 prophetae,
3248 1052 3432 1105 Moses
3471 1052 3525 1103 et
3553 1048 3657 1121 qui

1994 1143 2133 1210 post
2170 1137 2337 1193 illum
2386 1138 2646 1202 fuerunt,
2721 1143 2785 1193 ut
2836 1138 2939 1210 qui
3003 1138 3275 1193 vaticinia
3317 1139 3392 1193 de
3426 1137 3656 1194 Christo

1996 1227 2443 1282 seminaverunt
2470 1245 2482 1282 :
2528 1232 2813 1282 metentes
2840 1231 3037 1282 autem
3070 1227 3346 1299 apostoli,
3375 1228 3477 1300 qui
3506 1243 3659 1283 mes-

1997 1320 2244 1371 suerunt
2290 1317 2564 1371 homines
2598 1316 2676 1372 ab
2710 1315 3077 1383 inﬁdelitate,
3115 1332 3183 1372 ac
3233 1316 3551 1373 retulerunt
3577 1315 3655 1372 ad

1997 1405 2211 1462 horrea
2259 1411 2619 1461 aeternorum
2660 1404 3209 1462 tabernaculorum.

2071 1588 2228 1641 Vers.
2269 1589 2355 1642 3‘7.
2398 1586 2466 1641 In
2497 1616 2563 1625 —
2589 1584 2695 1658 qui
2732 1587 2914 1643 metit.
2943 1587 3127 1642 Verus
3156 1591 3243 1641 est
3272 1600 3471 1641 sermo
3513 1600 3653 1657 pro-

1998 1675 2207 1731 verbii.

2068 1767 2230 1820 Vers.
2265 1764 2352 1821 38.
2384 1765 2509 1835 Ego
2574 1795 2643 1806 —-
2674 1763 3004 1822 laborastis.
3034 1763 3100 1821 Id
3156 1768 3268 1831 est,
3333 1764 3412 1822 ad
3494 1764 3653 1836 quod

1924 1870 1964 1925 Β
1998 1871 2106 1910 vos
2135 1871 2253 1910 non
2283 1853 2620 1911 laborastis.

2068 1945 2227 1999 Vers.
2277 1948 2363 2000 38.
2420 1944 2542 1999 Alii
2605 1976 2674 1984 —
2723 1943 3022 2001 introistis.
3080 1946 3210 1999 Haec
3264 1943 3424 2007 dicit,
3459 1948 3654 2000 osten-

1996 2033 2169 2101 dens,
2224 2033 2389 2106 quod
2448 2050 2604 2105 opus
2662 2032 2776 2088 illis
2835 2033 3228 2089 commissum
3272 2033 3442 2089 facile
3498 2034 3651 2090 etin

1997 2128 2279 2195 promptu
2311 2128 2415 2191 est,
2456 2139 2525 2178 ac
2564 2121 2985 2178 conﬁdentiam
3019 2121 3104 2177 eis
3144 2121 3277 2177 inde
3308 2121 3650 2190 immittens,

1998 2216 2196 2283 utpote
2246 2211 2504 2283 perfecto
2556 2228 2649 2277 eo,
2689 2212 2853 2284 quod
2919 2210 3274 2266 laboriosius
3317 2218 3421 2266 est.
3468 2211 3655 2268 Semi-

1993 2318 2132 2357 nare
2163 2318 2426 2374 namque
2466 2318 2603 2357 cum
2654 2301 2860 2356 labore
2912 2301 2977 2356 ﬁt
3016 2305 3073 2356 et
3102 2300 3397 2367 tarditate,
3433 2308 3652 2357 metere

1993 2407 2134 2446 vero
2174 2407 2311 2446 cum
2343 2390 2549 2462 requie
2588 2396 2644 2447 et
2702 2390 3012 2447 velocitate
3047 2408 3059 2445 :
3122 2395 3177 2447 et
3217 2391 3497 2447 sementis
3535 2391 3651 2446 fru-

1992 2484 2121 2536 ctus
2146 2484 2236 2534 est
2260 2479 2492 2536 messis.

2064 2571 2424 2643 Frequenter
2473 2573 2671 2624 autem
2726 2584 2870 2624 usus
2902 2573 2990 2624 est
3040 2569 3097 2623 in
3157 2568 3473 2639 Evangelio
3499 2568 3651 2638 ﬁgu-

1990 2659 2192 2714 rativis
2250 2676 2318 2714 ac
2358 2650 2779 2729 metaphoricis
2813 2658 3194 2724 dictionibus,
3256 2657 3652 2715 efﬁcaciorem

1988 2748 2244 2807 reddens
2277 2747 2633 2815 doctrinam,
2685 2752 2738 2803 et
2772 2748 3126 2803 memoriam
3154 2763 3360 2803 eorum
3388 2763 3523 2820 quas
3563 2747 3651 2801 di-

1989 2844 2203 2893 cuntur
2291 2836 2683 2902 stabiliorem,
2749 2852 2852 2908 per
2898 2841 3073 2891 notas
3123 2836 3545 2892 similitudines
3599 2843 3654 2891 et

1987 2927 2262 2998 exempla
2298 2942 2308 2979 :
2339 2929 2466 2982 tum
2495 2927 2658 2999 quod
2686 2925 3016 2997 jucundius
3067 2926 3124 2980 id
3159 2926 3217 2981 in
3250 2942 3424 2981 aures
3450 2926 3651 2994 ingre—

1985 3017 2163 3082 ditur,
2218 3023 2341 3072 tum
2396 3016 2560 3088 quod
2616 3016 2974 3087 profundius
3024 3014 3187 3069 cordi
3241 3014 3648 3087 imprimitur;

1986 3111 2043 3162 et
2082 3122 2390 3161 sermones
2445 3105 2692 3178 quidem
2746 3109 2889 3160 sunt
2934 3103 3268 3169 sensibiles,
3320 3104 3650 3160 intellectus

1906 3228 1945 3284 α
1989 3212 2124 3251 vero
2156 3195 2508 3267 spirituales.

2058 3286 2219 3341 Vers.
2278 3286 2364 3342 39.
2412 3286 2511 3342 Ex
2562 3284 2792 3354 —feci.
2856 3284 3254 3355 Quaecunque,
3286 3281 3545 3352 intellige
3576 3284 3650 3338 dc

1990 3376 2146 3442 viris,
2204 3380 2261 3431 et
2314 3374 2389 3430 de
2471 3389 2543 3429 eo
2614 3373 2714 3446 qui
2778 3388 2900 3428 non
2977 3376 3102 3428 erat
3174 3372 3265 3427 vir
3303 3372 3457 3443 ejus.
3538 3377 3652 3427 Aut

1986 3465 2161 3521 etiam
2214 3463 2331 3519 alia
2382 3462 2650 3519 fortassis
2694 3461 2884 3519 multa
2953 3461 3102 3518 dixit
3178 3462 3252 3532 ei,
3306 3477 3442 3534 quas
3484 3467 3649 3517 erant

1985 3554 2245 3611 occulta.

2062 3644 2221 3700 Vers.
2275 3646 2363 3699 40.
2406 3642 2545 3698 Cum
2606 3672 2674 3681 -——
2730 3641 2889 3711 apud
2963 3656 3022 3698 se
3084 3640 3289 3711 ipsius.
3352 3640 3452 3695 Hic
3508 3655 3631 3695 rur-

1985 3750 2118 3789 sum
2179 3734 2412 3807 ἠρώτων,
2505 3731 2664 3788 idem
2748 3730 3060 3801 signiﬁcat,
3126 3730 3290 3803 quod
3393 3729 3649 3787 obsecra-

1986 3825 2218 3968 Mais.
2288 3914 2373 3969 40.
2445 3911 2528 3967 Et
2611 3940 2680 3950 —
2748 3910 2915 3966 Vers.
2988 3909 3076 3965 41.
3136 3909 3352 3979 Ipsius.
3420 3910 3651 3963 Sermo-

1984 4019 2123 4058 nem
2152 4006 2351 4058 autem
2383 4000 2597 4072 ipsius,
2630 3999 2745 4055 hoc
2776 4005 2881 4064 est,
2915 3998 3251 4054 doctrinam
3287 3997 3466 4052 illius.

2056 4094 2215 4145 Vers.
2281 4093 2367 4145 42·
2427 4091 2504 4145 Et
2543 4119 2612 4130 —
2681 4087 2973 4143 Christus.
3045 4089 3124 4141 Ex
3187 4086 3281 4141 his
3339 4102 3469 4158 quae
3509 4101 3648 4140 eum

1983 4180 2297 4235 docentem
2394 4177 2767 4242 audiverant,
2833 4179 3241 4248 cognoverunt
3307 4175 3474 4247 quod
3551 4173 3645 4229 hic

1984 4286 2119 4325 vere
2167 4272 2327 4324 esset
2368 4268 2637 4324 Salvator
2680 4266 2886 4321 mundi
2941 4265 3225 4332 Christus,
3286 4262 3452 4335 quod
3504 4261 3647 4318 orbe

1986 4358 2214 4428 perdito
2264 4357 2527 4413 venisset
2580 4356 2678 4412 hic
2726 4362 2785 4410 ut
2840 4355 3039 4427 ipsum
3073 4354 3350 4409 salvaret.
3390 4344 3648 4408 Fuerunt

1984 4455 2186 4503 autem
2243 4446 2601 4502 Samaritani
2658 4445 2838 4500 multo
2891 4442 3184 4515 aequiores
3238 4441 3506 4507 Judaeis;
3560 4439 3648 4497 illi

1983 4538 2144 4592 enim
2222 4536 2532 4591 exiverunt
2589 4534 2665 4590 ad
2719 4551 2855 4589 eum
2908 4539 2966 4590 et
3028 4533 3283 4588 orabant
3357 4530 3526 4587 illum
3584 4534 3652 4585 ut

1986 4626 2211 4681 veniret
2235 4624 2313 4681 ad
2344 4641 2427 4689 se,
2470 4639 2730 4697 cumque
2786 4621 3017 4678 nullum
3060 4620 3343 4677 vidissent
3383 4620 3645 4689 signum,

1983 4714 2367 4771 crediderunt
2424 4713 2481 4768 in
2533 4728 2725 4779 eum;
2781 4711 2971 4767 Judaei
3028 4726 3169 4767 vero
3207 4709 3286 4765 ad
3334 4725 3395 4766 se
3455 4709 3649 4777 magis

1986 4804 2323 4860 venientem
2372 4802 2886 4875 persequebantur
2954 4806 3010 4857 et
3068 4801 3229 4871 apud
3285 4814 3347 4854 se
3406 4814 3648 4854 manere

1988 4894 2308 4963 volentem,
2348 4893 2605 4962 graviter
2634 4890 2921 4957 ferebant,
2958 4906 3215 4961 cumque
3250 4887 3435 4943 multa
3468 4887 3648 4941 vidis-

1989 4986 2121 5037 sent
2146 4982 2339 5051 signa,
2364 4995 2483 5035 non
2508 4979 2846 5035 credebant.
2881 4978 3199 5045 Quomodo
3226 4992 3369 5047 ergo
3401 4991 3647 5047 mquum

1989 5075 2115 5127 erat
2154 5074 2217 5124 ut
2246 5069 2357 5125 hos
2412 5068 2785 5141 praeteriret?
2815 5073 2917 5124 aut
2953 5084 3071 5140 qua
3131 5065 3357 5138 justitia
3383 5064 3507 5119 ﬁeri
3544 5078 3645 5135 po-

1990 5165 2138 5216 terat
2165 5164 2224 5213 ut
2273 5157 2385 5213 illis
2433 5158 2537 5230 qui
2573 5175 2637 5214 se
2689 5157 2828 5213 odio
2898 5156 3222 5217 habebant,
3252 5152 3646 5219 odesset,hos

1987 5253 2210 5317 autem,
2243 5247 2347 5321 qui
2386 5248 2692 5314 amabant,
2726 5247 3023 5303 desereret
3052 5244 3079 5300 Ῥ

1497 5517 1718 5585 Variae
1761 5517 2089 5585 lectiones
2117 5527 2183 5585 et
2214 5527 2393 5585 notae

330 5770 449 5838 (74)
488 5776 561 5828 Τῆ
574 5789 595 5830 ς
624 5765 1000 5831 διδασκαλίας.

332 5784 425 5838 (⁷14
488 5784 595 5830 Τῆς
624 5784 858 5822 ο“ιο“ασκα

332 5784 449 5915 (Ἰός
490 5848 592 5903 Τῆς
622 5845 858 5915 μνήμης.

2050 5768 2162 5839 (76)
2197 5770 2314 5823 Hoc
2335 5772 2390 5823 et
2420 5766 2755 5840 proximum
2784 5764 3080 5822 scholium
3109 5763 3273 5836 apud
3290 5757 3639 5817 Hentenium

1976 5842 2357 5911 conjunctum
2399 5843 2508 5895 est.
