4156 6426
514 371 655 432 1203

514 607 665 657 eum,
700 594 906 662 utpote
938 591 1201 647 amicum
1257 590 1623 658 Iudaeorum,
1667 590 1765 662 qui
1797 589 2086 645 adversus
2111 604 2174 645 se

513 679 857 735 inimicitias
874 682 1249 735 exercebant.
1284 684 1429 737 Nam
1462 682 1575 735 hoc
1607 679 1838 751 scripsit
1866 681 2052 734 Lucas
2079 678 2173 733 tri-

513 768 740 824 cesimo
789 767 1053 822 secundo
1108 767 1301 838 capite
1358 770 1429 822 τ’.
1490 767 1600 823 Sed
1643 766 1728 823 illi
1780 771 1948 822 erant
1979 765 2175 820 aliiab

515 856 665 912 istis.
707 856 788 911 Illi
840 856 1139 930 siquidem
1194 858 1391 913 vicum
1418 857 1740 929 quemdam
1777 855 2061 911 Samarite
2092 855 2177 909 in-

514 946 888 1009 habitabant,
933 945 1181 1001 istivero
1222 947 1542 1002 civitatem.

586 1035 751 1090 Vers.
808 1038 892 1091 43.
950 1036 1081 1090 Post
1132 1036 1395 1092 —Vers.
1449 1037 1536 1091 44.
1574 1036 1855 1091 Haberet.
1911 1037 2024 1089 Cur
2052 1049 2174 1088 non

515 1124 724 1180 abierit
770 1128 910 1180 tunc
962 1130 1119 1179 recta
1164 1126 1554 1196 Capernaum,
1607 1141 1739 1196 quae
1773 1122 2176 1195 patriaipsius

510 1213 868 1279 habebatur,
901 1229 1149 1269 causam
1183 1213 1414 1269 reddit:
1470 1215 1613 1285 quia
1644 1214 1918 1269 videlicet
1971 1213 2031 1268 hi
2071 1210 2175 1283 qui

510 1301 566 1355 in
597 1317 668 1356 ea
698 1303 1112 1368 morabantur,
1157 1303 1428 1359 animum
1463 1319 1582 1359 non
1616 1302 2024 1375 applicabant,
2066 1316 2175 1356 nec

511 1391 1012 1464 obtemperabant
1067 1392 1147 1447 illi
1189 1396 1392 1465 utpote
1431 1393 1752 1449 familiares
1813 1409 1825 1447 :
1878 1390 2175 1462 siquidem

510 1479 884 1536 familiaritas
915 1480 1084 1537 facile
1124 1489 1332 1537 causat
1368 1482 1742 1554 despectum.

584 1570 899 1636 Quomodo
929 1576 1128 1627 autem
1186 1575 1439 1627 testatus
1469 1572 1543 1628 sit
1585 1573 1775 1637 Jesus,
1823 1570 1988 1643 quod
2047 1586 2176 1642 pro-

510 1659 692 1731 pheta
718 1660 776 1715 in
808 1660 994 1730 patria
1013 1677 1122 1716 sua
1150 1661 1443 1716 honorem
1471 1677 1590 1716 non
1619 1661 1858 1727 habeat,
1892 1676 2093 1731 quiue
2122 1661 2173 1714 in

512 1749 629 1805 ﬁne
668 1749 936 1805 vicesimi
979 1750 1171 1821 quarti
1222 1751 1432 1822 capitis
1482 1750 1787 1818 Evangelii
1828 1751 1999 1822 juxta
2040 1752 2178 1805 Mat-

1853 370 2198 428 EUTHYMII
2246 369 2571 429 ZlGABENl

584 499 711 557 Alio
763 506 963 557 autem
992 503 1263 573 tempore
1291 498 1648 556 Samaritani
1676 514 1791 556 non
1811 502 2173 572 exceperunt
2202 497 2248 551 A

3798 371 3825 428 1
3835 368 3942 430 204

2352 496 2439 552 Ἐν
2492 496 2644 572 ἑτέρῳ
2690 491 2751 548 δὲ
2802 502 2968 569 καιρῷ
3023 495 3074 547 οί
3126 502 3460 570 Σαμαρεῖται
3528 493 3631 548 οὐκ
3694 491 3940 560 ἐδέξαντο

2282 587 2437 639 αὐτὸν
2486 590 2549 647 ὡς
2594 585 2735 657 φίλον
2785 581 3057 638 Ἰουδαίων
3110 594 3209 637 τῶν
3254 584 3672 659 ἐχθραινόντων
3733 586 3935 649 αὐτοῖς.

2281 684 2444 730 Τοῦτο
2469 678 2570 750 γὰρ
2602 677 2625 726 ό
2661 681 2862 735 Λουκᾶς
2905 678 3182 747 ἱστόρησεν
3226 675 3274 728 έν
3318 684 3398 746 τῷ
3444 684 3770 750 τριακοστῷ
3818 673 3942 730 δευ-

2282 770 2411 840 τέρῷ
2449 765 2726 836 κεφαλαίῳ.
2781 764 2918 816 Ἀλλ’
2966 763 3147 817 ἐκεῖνοι
3188 768 3354 841 ἕτεροι
3410 762 3560 823 ἦσαν
3618 769 3771 839 παρὰ
3820 770 3940 820 τού-

2283 875 2422 915 τους.
2458 854 2673 907 Ἐκεῖνοι
2697 857 2784 926 μὲν
2810 856 2911 929 γὰρ
2942 860 3121 926 κώμην
3148 857 3265 907 τινὰ
3288 864 3385 915 τῆς
3410 860 3723 928 Σαμαρείας
3746 860 3933 927 ᾤκουν,

2284 945 2427 997 οὗτοι
2461 941 2518 996 δὲ
2550 944 2716 997 πόλιν.

2353 1037 2499 1087 Μετὰ
2553 1065 2612 1073 -
2645 1033 2770 1087 ἐκεῖ.
2822 1038 2963 1085 Διότι
3007 1036 3121 1086 τότε
3151 1033 3245 1086 οὐκ
3272 1032 3517 1092 ἀπῆλθεν
3584 1030 3791 1105 ἰδιχῶς
3820 1037 3933 1108 (⁸77)

2283 1123 2349 1182 εἰς
2400 1126 2743 1196 Καπερναοῦμ
2791 1128 2882 1181 τὴν
2925 1120 3185 1175 δοκοῦσαν
3234 1120 3487 1198 πατρίδα
3537 1123 3735 1188 αὐτοῦ,
3788 1127 3934 1184 τίθη-

2285 1231 2366 1264 σιν
2397 1213 2567 1265 αἰτίαν
2613 1214 2690 1265 ὅτι
2720 1213 2778 1264 οὐ
2824 1221 3111 1285 προσεῖχον
3152 1213 3292 1284 αὐτῷ
3336 1215 3389 1265 οἱ
3441 1212 3495 1265 ἄν
3554 1213 3721 1285 αὐτῇ,
3770 1234 3935 1267 κατα-

2283 1310 2584 1376 φρονοῦντες
2640 1305 2704 1363 ὡς
2763 1305 3037 1363 συνήθους⁸
3104 1306 3173 1355 Τὸ
3234 1303 3463 1363 σύνηθες
3538 1306 3650 1377 γὰρ
3715 1302 3933 1358 εὐκαταο

2284 1396 2555 1465 φρόνητον.

2357 1577 2463 1623 Ποῦ
2514 1566 2572 1622 δὲ
2623 1571 2649 1621 ό
2694 1570 2901 1633 Ἰησοῦς
2963 1569 3318 1646 ἐμαρτύρησεν
3387 1572 3479 1624 ὅτι
3526 1575 3822 1647 προφήτης
3884 1571 3930 1624 ἐν

2284 1662 2345 1733 τῇ
2400 1656 2514 1731 ἰδίᾳ
2552 1657 2772 1733 πατρίδι
2814 1665 2970 1732 τιμὴν
3024 1661 3117 1713 οῦκ
3174 1664 3324 1732 ἔχει;
3357 1662 3476 1734 (78)
3536 1667 3648 1715 Καὶ
3692 1662 3928 1723 ζήτησον

2286 1747 2333 1800 ἐν
2399 1757 2470 1819 τῷ
2538 1748 2667 1801 τέλει
2724 1757 2814 1801 τοῦ
2874 1750 3111 1803 εἰκοστοῦ
3169 1752 3423 1824 τετάρτου
3478 1751 3783 1824 κεφαλαίου
3840 1760 3929 1804 τοῦ

511 1840 733 1895 thteum
765 1844 820 1895 et
868 1839 1209 1898 invenies".
1244 1842 1529 1897 Nazareth
1561 1842 1800 1913 quidem
1832 1841 2027 1911 patria
2047 1840 2175 1910 ejus

2297 1841 2419 1890 ιατὰ
2450 1841 2735 1905 Ματθαῖον,
2782 1843 2871 1891 καὶ
2901 1840 3158 1911 εὑρήσεις.
3210 1845 3309 1893 Καὶ
3362 1843 3473 1914 γὰρ
3519 1843 3552 1899 ἡ
3608 1844 3706 1913 μεν
3752 1842 3931 1902 Ναζα-

511 1934 655 1993 erat,
697 1929 888 2000 patria
944 1929 1216 1986 videlicet
1282 1930 1491 1987 matris
1549 1930 1757 2003 ipsius,
1812 1935 1869 1985 et
1907 1931 2039 2002 ejus
2071 1929 2176 2001 qui

509 2019 831 2089 putabatur
892 2021 1100 2087 patris,
1132 2020 1189 2075 in
1246 2036 1368 2093 qua
1426 2024 1604 2076 etiam
1671 2020 1929 2075 nutritus
1965 2022 2173 2074 fuerat.

510 2111 884 2179 Capernaum
909 2124 1045 2164 vero
1058 2109 1390 2166 habebatur
1411 2111 1603 2181 patria
1626 2110 1801 2174 illius,
1833 2108 1997 2181 quod
2030 2109 2088 2163 in
2107 2123 2177 2163 ea

510 2197 828 2253 habitaret.
890 2199 975 2253 Ait
1011 2199 1167 2253 enim
1204 2200 1533 2265 Mattheeus,
1567 2199 1728 2271 quod
1762 2199 1964 2254 relicta
1995 2199 2177 2253 Naza-

510 2287 661 2353 reth,
697 2288 941 2344 veniens
972 2288 1267 2344 habitavit
1295 2288 1672 2361 Capernaum
1712 2290 1780 2343 ⁷⁸.

582 2466 746 2523 Vers.
780 2470 867 2522 45.
915 2467 1056 2523 Cum
1090 2499 1155 2507 —
1191 2468 1367 2534 festo.
1421 2467 1725 2523 Galilaeam
1764 2466 2021 2535 intellige
2048 2464 2177 2520 reli-

510 2571 665 2628 quas
717 2556 969 2612 Galilaeaa
1002 2557 1266 2612 civitates
1299 2574 1368 2612 ac
1401 2557 1577 2628 vicos,
1630 2562 1845 2627 praeter
1875 2572 2007 2611 eam
2039 2571 2176 2625 quae

512 2646 752 2718 proprie
809 2646 1017 2701 civitas
1066 2647 1193 2719 ejus
1228 2647 1559 2702 dicebatur.
1616 2646 1851 2700 Festum
1890 2660 2027 2699 vero
2077 2644 2179 2699 Pa-

514 2735 677 2798 scha,
722 2735 893 2791 veluti
917 2736 1177 2791 secundo
1202 2737 1396 2808 capite
1429 2736 1825 2805 signiﬁcatum
1856 2739 1959 2790 est.

585 2826 745 2880 Vers.
799 2825 889 2880 45.
951 2826 1102 2880 Nam
1143 2831 1193 2879 ει
1225 2826 1340 2894 ipsi
1370 2857 1436 2865 —
1472 2825 1709 2892 festum.
1763 2827 1909 2879 Nam
1968 2837 2180 2877 omnes

514 2912 694 2969 simul
727 2913 911 2969 Judaei
946 2914 1422 2987 Hierosolymam
1458 2914 1723 2987 undique
1758 2918 2178 2969 concurrentes

513 3002 731 3060 festum
764 3003 1169 3060 celebrabant.

1101 3094 1255 3150 CAP.
1289 3096 1374 3149 Vl.
1419 3096 1489 3149 De
1508 3097 1681 3166 regio.

586 3184 743 3239 Vers.
777 3188 863 3240 46.
907 3184 1069 3239 Venit
1109 3215 1177 3224 —
1209 3185 1433 3241 vinum.
1493 3188 1554 3239 In
1588 3184 1899 3239 Galilaeam
1931 3184 2178 3257 quidem
2217 3193 2257 3246 C

516 3273 673 3329 venit
736 3278 978 3345 propter
1020 3289 1227 3329 eorum
1281 3273 1589 3340 invidiam,
1637 3274 1735 3345 qui
1788 3274 2055 3330 Iudaeam
2097 3274 2182 3329 in-

521 3361 875 3417 habitabant
925 3363 1025 3417 :in
1072 3363 1316 3433 patriam
1358 3368 1556 3418 autem
1619 3378 1790 3417 suam
1841 3378 1962 3418 non
2014 3363 2178 3427 abiit,

520 3451 660 3523 quia
684 3450 736 3505 ei
770 3466 888 3507 non
916 3451 1355 3517 auscultabunt,
1388 3456 1445 3506 et
1476 3467 1550 3507 ne
1581 3451 1773 3521 major
1830 3452 1913 3507 eis
1944 3452 2184 3508 accede-

520 3544 609 3595 ret
638 3540 1081 3595 condemnatio.
1128 3542 1187 3595 ln
1242 3540 1404 3595 Cana
1435 3541 1615 3605 venit,
1655 3540 1910 3612 primum
1941 3542 2179 3612 quidem

520 3630 795 3685 invitatus
843 3630 918 3685 ad
964 3629 1200 3701 nuptias
1254 3646 1265 3694 ;
1324 3644 1483 3684 nunc
1521 3645 1677 3695 vero,
1737 3635 1795 3685 ut
1837 3630 2017 3685 ﬁdem
2047 3646 2180 3703 quae

522 3734 595 3775 ex
643 3717 793 3774 facto
845 3718 1005 3788 prius
1076 3718 1365 3773 miraculo
1444 3724 1789 3784 accesserat,
1872 3734 1983 3775 sua
2039 3736 2181 3789 prm-

524 3806 716 3861 sentia
782 3806 1217 3862 conﬁrmaret:
1269 3807 1390 3862 imo
1458 3807 1656 3879 potius
1706 3824 1808 3863 eos
1868 3809 2185 3865 attraheret

520 3895 759 3951 veniens
810 3912 932 3952 non
986 3901 1251 3963 vocatus,
1308 3912 1379 3952 ac
1435 3897 1643 3969 patriae
1675 3914 1799 3953 suae
1828 3914 1929 3954 eos
1954 3914 2180 3971 praepo-

525 3999 693 4040 nens.

596 4075 758 4130 Vers.
804 4077 891 4131 46.
917 4076 994 4130 Et
1059 4107 1128 4117 —
1169 4076 1558 4147 Capernaum.
1616 4077 1833 4147 Regius
1876 4078 2185 4134 dicebatur

522 4163 612 4220 vel
642 4164 803 4235 quod
833 4165 995 4234 regio
1026 4171 1181 4221 esset
1231 4182 1466 4235 genere,
1510 4166 1602 4221 vel
1628 4167 1787 4238 quod
1832 4167 2184 4236 dignitatem

525 4259 733 4309 nactus
782 4259 927 4319 erat,
983 4269 1019 4309 a
1049 4271 1168 4325 qua
1214 4256 1431 4325 Regius
1489 4256 2051 4325 cognominabatur,
2095 4257 2187 4312 vel

522 4342 688 4414 quod
731 4343 999 4399 minister
1024 4348 1181 4399 esset
1197 4346 1419 4413 regius.
1460 4345 1716 4410 Quidam
1746 4345 1939 4415 itaque
1959 4345 2185 4413 dicunt,

524 4431 678 4487 hunc
710 4432 890 4488 fuisse
921 4432 1354 4497 centurionem,
1389 4434 1462 4488 de
1495 4450 1617 4505 quo
1649 4434 1808 4504 apud
1849 4434 2184 4489 Matthaeum

2285 1930 2372 2003 ρετ
2403 1925 2463 1986 ἧν
2494 1932 2677 2001 πατρὶς
2712 1928 2896 1994 αὐτοῦ,
2945 1931 3014 1990 ὡς
3071 1935 3260 2001 πατρὶς
3319 1938 3419 1991 τῆς
3486 1934 3696 2004 μητρὸς
3743 1932 3922 1998 αὐτοῦ,

2287 2023 2375 2070 καὶ
2436 2026 2526 2069 τοῦ
2580 2014 2859 2080 δοκοῦντος
2908 2022 3107 2092 πατρὸς
3155 2019 3336 2085 αὐτοῦ,
3400 2025 3499 2072 καὶ
3556 2023 3630 2081 ὡς
3692 2019 3741 2071 ἐν
3794 2020 3921 2092 αὐτῇ

2286 2109 2680 2179 τεθραμμένου·
2726 2109 2756 2165 η
2811 2104 2868 2159 δὲ
2929 2112 3272 2181 Καπερναοὺμ
3331 2104 3516 2161 ἐδόκει
3583 2115 3785 2184 πατρίς
3838 2109 3925 2161 αῦ-

2286 2204 2399 2263 τοῦ,
2444 2200 2511 2258 ὡς
2536 2203 2894 2257 κατοικοῦντος
2924 2197 2994 2258 εἰς
3020 2196 3204 2254 αὐτὴν.
3251 2203 3390 2255 Φησὶ
3414 2201 3523 2273 γὰρ
3579 2199 3606 2250 ὁ
3650 2201 3923 2258 Ματαθῖος

2286 2287 2365 2337 ὅτι
2394 2285 2686 2338 καταλιπὼν
2726 2290 2819 2344 τὴν
2839 2287 3081 2361 Ναζαρὲτ
3112 2285 3265 2338 ἐλθὼν
3280 2292 3601 2358 κατῴκησεν
3632 2287 3915 2362 εἱςΚαπερ-

2284 2377 2451 2447 ναούμ
2464 2421 2475 2432 .

2357 2464 2481 2518 Ὀτε
2524 2496 2585 2503 -
2618 2464 2787 2538 ἑορτῇ.
2824 2464 3099 2518 Γαλιλαίαν
3128 2470 3233 2518 νόει
3279 2468 3374 2528 τὰς
3404 2466 3577 2529 ἄλλας
3618 2466 3797 2528 πόλεις
3833 2470 3919 2518 καὶ

2286 2559 2465 2623 κώμας
2522 2561 2611 2613 τῆς
2661 2553 2933 2614 Γαλιλαίας
2987 2556 3130 2628 παρὰ
3194 2559 3287 2612 την
3346 2551 3694 2611 ὃηλωθεῖσαν
3742 2551 3920 2615 ἰδικῶς

2288 2639 2525 2716 πατρίδα
2566 2643 2745 2695 αὑτοῦ·
2781 2644 2961 2717 ἑορτὴν
3004 2640 3063 2695 δὲ
3107 2647 3200 2702 τὴν
3232 2651 3323 2695 τοῦ
3357 2645 3593 2715 Πάσχα,
3638 2647 3709 2707 ὡς
3760 2643 3808 2696 ἐν
3855 2652 3921 2713 τῷ

2293 2729 2517 2805 δευτέρῳ
2542 2732 2801 2804 κεφαλαίῳ
2831 2729 3145 2791 κεδήλωται.

2364 2826 2463 2875 Καὶ
2493 2822 2642 2874 αὐτοὶ
2670 2824 2771 2894 γὰρ
2806 2822 2920 2893 (79)
2951 2852 3020 2863 —
3060 2822 3261 2895 ἑορτήν.
3293 2822 3461 2895 Ὁμοῦ
3490 2826 3599 2897 γὰρ
3634 2822 3685 2875 ἐν
3710 2822 3920 2897 Ἰεροσο-

2288 2910 2472 2983 λύμοις
2498 2910 2730 2984 Ἑϐραῖοι
2774 2913 2955 2973 πάντες
2986 2912 3310 2983 πανταχόθεν
3357 2912 3479 2984 (80)
3538 2916 3917 2985 συνερχόμενοι

2291 3000 2575 3076 ἑώρταζον.

2662 3097 2810 3147 ΚΕΦ.
2840 3089 2910 3154 ς’.
2938 3095 3062 3165 Περὶ
3088 3098 3179 3143 τοῦ
3216 3089 3525 3162 βασιλικοῦ.

2361 3180 2545 3234 Ἦλθεν
2606 3212 2673 3222 -
2735 3179 2886 3234 οἶνον.
2963 3180 3051 3242 Εἰς
3098 3185 3191 3239 τὴν
3272 3179 3558 3233 Γαλιλαίαν
3620 3183 3714 3252 μὶν
3798 3175 3913 3237 ἦλθε

2293 3269 2385 3324 διὰ
2456 3274 2542 3322 τόν
2597 3272 2778 3342 φθόνον
2845 3278 2943 3322 τῶν
3010 3272 3383 3321 κατοικούντων
3462 3274 3561 3328 τὴν
3625 3263 3908 3322 Ἰουδαίαν·

2293 3359 2359 3420 εἰς
2407 3364 2501 3418 τὴν
2529 3360 2778 3434 ῥηθεῖσαν
2828 3357 2886 3412 δὲ
2924 3355 3160 3431 πατρίδα
3203 3358 3364 3411 αὐτοῦ
3423 3358 3523 3411 οῦκ
3573 3357 3823 3420 ἀπῆλθεν,
3853 3357 3913 3414 ὡς

2293 3454 2363 3521 μὴ
2396 3453 2769 3523 προσέχουσαν
2797 3448 2959 3518 αὐτῷ,
2992 3453 3081 3500 καὶ
3112 3450 3194 3500 ἶνα
3220 3452 3291 3521 μὴ
3320 3448 3504 3518 μεῖζον
3534 3447 3669 3520 αὐτῇ
3702 3450 3911 3518 γένηται

2294 3542 2351 3589 τό
2381 3545 2563 3611 κρῖμα.
2596 3538 2678 3597 Εἰς
2708 3542 2801 3594 τὴν
2836 3540 2978 3589 Κανὰ
3006 3534 3064 3589 δε
3096 3534 3217 3595 ἦλθε
3244 3544 3448 3609 πρῶτον
3479 3540 3573 3610 μὶν
3605 3536 3817 3595 κληθεὶς
3844 3531 3913 3593 εἰς

2293 3631 2379 3679 τὸν
2413 3629 2581 3699 γάμον
2612 3643 2624 3655 ⁸
2655 3634 2740 3677 νῦν
2769 3622 2827 3678 δὲ
2858 3631 2949 3683 τὴν
2983 3625 3083 3678 ἀπὸ
3122 3633 3213 3678 τοῦ
3238 3631 3618 3700 προγεγονότος
3652 3626 3911 3695 θαύματος

2294 3715 2626 3787 ἐγγενομένην
2672 3720 2851 3767 πίστιν
2880 3714 3103 3786 βεϐαιῶν
3134 3724 3195 3788 τῇ
3245 3721 3536 3789 παρουσίᾳ,
3585 3718 3678 3766 καὶ
3725 3710 3909 3785 μᾶλλον

2295 3806 2479 3865 αὐτοὺς
2501 3803 2842 3876 ἐφελκόμενος,
2863 3807 2929 3867 ὡς
2952 3804 3103 3857 ἐλθὼν
3127 3804 3443 3866 αὐτόκλητος
3463 3809 3556 3857 καὶ
3580 3805 3908 3879 προτιμήσας

2295 3895 2383 3948 αὐτ
2397 3898 2481 3954 οῦς
2510 3902 2600 3954 τῆς
2631 3890 2909 3968 πατρίδος.

2370 4077 2471 4126 Καὶ
2517 4103 2587 4113 -
2643 4074 3006 4145 Καπερναούμ.
3060 4070 3337 4134 Βασιλικός
3390 4070 3590 4143 ἐλέγετο
3649 4074 3679 4130 ἣ
3737 4071 3805 4128 ὡς
3855 4063 3905 4116 ἔκ

2295 4166 2475 4234 γένους
2529 4161 2832 4234 βασιλικοῦ,
2893 4162 2922 4220 ἡ
2985 4163 3053 4222 ὡς
3102 4159 3306 4233 ἀξίωμά
3363 4180 3415 4213 τι
3464 4163 3772 4232 κεκτημένος
3822 4150 3904 4225 ἀφ’

2298 4252 2453 4327 οὗπερ
2500 4251 2725 4304 ἐκαλεῖτο
2774 4250 3051 4311 Βασιλικός
3096 4250 3124 4307 ἢ
3183 4252 3246 4310 ὡς
3300 4252 3568 4323 ὑπηρέτης
3609 4246 3898 4322 βασιλικός.

2297 4345 2441 4401 Τινὲς
2485 4345 2574 4413 μεν
2601 4342 2687 4393 οὖν
2720 4360 2875 4412 φασιν
2920 4342 3000 4392 ὅτι
3045 4339 3196 4401 οὗτός
3236 4338 3374 4392 ἐστιν
3401 4342 3427 4392 ό
3457 4342 3604 4415 παρά
3654 4346 3724 4405 τῷ
3769 4340 3902 4387 Ματ-

2303 4432 2430 4501 θαίῷ
2479 4436 2567 4483 καὶ
2623 4440 2694 4501 τῷ
2750 4436 2932 4499 Λουκᾷ
3007 4434 3449 4501 μνημονευόμενος
3504 4429 3894 4499 ἑκατονταρχῶν

524 4526 580 4575 et
614 4523 827 4577 Lucam
878 4522 1033 4577 facta
1071 4528 1161 4576 est
1192 4524 1411 4578 mentio
1460 4525 1533 4579 ⁷⁵.
1574 4523 1701 4578 Νοη
1735 4528 1824 4578 est
1853 4531 2050 4578 autem
2088 4525 2182 4579 ita.

2302 4522 2392 4574 οὐκ
2424 4524 2536 4573 ἔστι
2581 4516 2658 4574 δέ.
2704 4523 2803 4573 Καὶ
2840 4522 2965 4593 γὰρ,
3018 4520 3100 4570 ἱνα
3156 4522 3249 4581 τὰς
3296 4518 3453 4581 ἄλλας
3506 4517 3736 4587 ἐάσωμεν
3781 4508 3897 4564 δια-

525 4608 851 4681 Siquidem,
902 4615 965 4665 ut
995 4610 1145 4665 alias
1194 4628 1399 4667 eorum
1430 4611 1799 4667 differentias
1828 4612 2185 4680 omittamus,

524 4697 623 4753 ille
658 4699 925 4755 centurio
951 4703 1096 4765 erat,
1131 4700 1226 4755 hic
1284 4701 1519 4769 regius;
1554 4701 1708 4755 illius
1749 4718 1958 4757 servus
2000 4720 2191 4769 {egro-

524 4787 713 4852 tabat,
744 4787 927 4859 hujus
986 4788 1140 4843 ﬁlius
1168 4806 1180 4853 ;
1228 4794 1284 4843 et
1315 4789 1388 4844 ibi
1423 4789 1669 4845 morbus
1723 4796 1846 4845 erat
1878 4792 2187 4863 paralysis,

524 4876 627 4934 hic
658 4883 856 4933 autem
888 4877 1093 4934 febris.

598 4965 765 5023 Vers.
825 4971 913 5023 47.
974 4968 1089 5024 Hic
1144 4999 1211 5008 —
1261 4967 1605 5025 moriturus.
1669 4969 1926 5025 Rursum
1986 4970 2182 5044 ἠρώτα,

524 5055 817 5128 signiﬁcat
853 5056 1292 5127 deprecabatur.

594 5238 642 5273 ⁷⁸
666 5238 802 5294 Luc.
832 5251 913 5303 ιι,
953 5238 1141 5296 52-53.
1218 5238 1266 5273 ⁷³
1288 5236 1491 5293 Matth.
1516 5252 1642 5296 xui.
1675 5243 1763 5294 57.

1842 5239 1889 5273 η
1932 5237 2141 5293 Matth.
2182 5252 2256 5307 ιν,
2294 5237 2381 5292 13.

2303 4614 2462 4683 φορὰς
2519 4609 2706 4673 αὐτῶν,
2769 4609 2951 4668 ἐκεῖνος
3006 4611 3094 4680 μὲν
3157 4608 3559 4682 ἑκατόνταρχος,
3634 4604 3779 4663 οὗτος
3841 4594 3894 4649 δὲ

2304 4699 2598 4772 βασιλικός,
2655 4697 2893 4750 κάκείνου
2951 4701 3039 4769 μὲν
3099 4694 3284 4756 δοῦλος
3340 4698 3565 4756 ἠσθένειο
3609 4695 3788 4745 τούτου
3839 4681 3893 4772 di

2300 4792 2431 4851 υἱός·
2479 4794 2567 4840 και
2617 4787 2719 4839 ἐκεῖ
2765 4790 2856 4860 μὲν
2909 4789 2938 4844 ἡ
2994 4792 3147 4848 νόσος
3202 4785 3520 4859 παράλυσις,
3574 4779 3786 4836 ἐνταῦθα
3833 4767 3886 4822 ci"

2300 4884 2540 4952 πυρετός.

2369 4964 2536 5028 Οὗτος
2620 4998 2686 5005 -
2775 4964 3140 5022 ἀποθνήσκειν.
3232 4968 3454 5038 ’Πρώτα,
3542 4967 3656 5021 ἤτοι
3734 4958 3876 5022 Παρε-

2296 5057 2459 5112 κάλει.

2460 5238 2507 5272 7⁵
2547 5235 2749 5293 Matth.
2785 5239 2907 5304 vui,
2951 5239 2981 5292 5
3015 5250 3027 5301 ;
3074 5236 3208 5290 Luc.
3244 5236 3402 5303 vu,2.

1756 5442 1980 5511 Varias
2009 5442 2334 5512 lectiones
2351 5454 2417 5512 et
2448 5452 2650 5511 notae.

591 5614 709 5742 £77)
766 5612 1008 5670 Καθϐλου
1057 5618 1146 5687 μὶν
1200 5614 1424 5673 ἀπῆλθεν
1486 5614 1558 5676 εἰς
1610 5617 1696 5671 τὴν
1757 5613 2052 5670 Γαλιλαίαν.
2123 5615 2181 5674 ἧς

640 5690 937 5742 απιοναούμ
991 5706 1002 5717 ·
1038 5688 1132 5740 οὐκ
1178 5684 1365 5742 ίὸικῶς
1413 5684 1493 5742 δὲ.
1547 5688 1666 5742 ἤτοι
1712 5684 1996 5742 ἐξαιρέτως.
2033 5682 2181 5742 ἦλθεν

524 5686 563 5761 ἡΔ
591 5682 937 5761 Καπερναούμ
991 5706 1002 5717 ·
1038 5682 1132 5740 οὐκ
1178 5684 1365 5750 ἰδικῶς
1413 5684 1493 5755 δὲ,
1547 5688 1666 5744 ἤτοι
1712 5684 1996 5761 ἐξαιρέτως,
2033 5682 2181 5744 ἦλθεν

524 5757 589 5819 εἰς
623 5756 927 5830 Καπιρναοῦ
932 5781 989 5830 μ.

595 5829 711 5900 (78)
772 5829 879 5881 Καί
934 5829 1125 5886 abest
1187 5836 1247 5893 Α,
1330 5844 1439 5884 nec
1521 5830 1790 5899 agnoscit
1861 5829 2183 5885 Hentenius

2294 5615 2447 5669 Idem
2472 5612 2652 5684 paulo
2676 5616 2831 5676 ante,
2860 5611 2992 5684 loco
3020 5619 3143 5676 ποῦ,
3177 5610 3411 5665 videtur
3434 5603 3787 5684 legisse.

2366 5670 2487 5753 (79;
2516 5688 2616 5757 Γάρ
2652 5670 3005 5757 ετςοξᾳυοᾲ
3038 5670 3193 5757 unus
3226 5670 3758 5737 meorum'omittit,
3789 5672 3877 5715 CO-

2295 5761 2404 5814 dex
2438 5754 2697 5812 Hentenii
2730 5756 2960 5809 videtur
2979 5754 3291 5811 habuisse.

2367 5831 2479 5900 (80)
2509 5827 2814 5903 Ἐρχόμενοι
2840 5832 2898 5880 Α.
