4156 6426
291 407 429 468 1205

1296 411 1667 470 COMMENT.
1712 412 1781 469 ΙΝ
1818 410 2173 469 JOANNEM.
2213 442 2284 459 --
2321 416 2476 474 CAP.
2518 415 2587 473 V.

3526 410 3669 473 4206

358 534 506 592 Εἶπεν
573 568 640 578 -
700 539 1036 597 πιστεύσητε.
1109 540 1183 592 Ού
1259 539 1372 592 κατ’
1441 540 1697 615 ἐρώτησιν
1769 537 1860 590 ἀνα

2073 541 2241 596 Vers.
2299 540 2386 597 48.
2467 542 2567 598 Ait
2614 572 2681 585 —
2736 542 2991 600 credetis.
3068 542 3506 609 Interrogative,
3557 542 3665 598 sed

276 630 558 699 γνωστέον,
613 626 741 679 ἀλλά
786 630 923 681 κατὰ
970 628 1254 702 ἀπόφασιν.
1308 626 1428 683 Εἷπε
1453 632 1552 702 γὰρ
1598 636 1748 680 τοῦτο
1776 648 1889 680 κοιο

277 726 375 778 νῶς
424 721 535 789 μὲν,
584 726 685 769 τῶν
734 726 1058 791 Σαμαρειτῶν
1107 717 1441 779 ὑποϐιϐάζων
1486 723 1607 780 τούς
1653 715 1887 770 Ἰουδαί-

279 827 385 871 ους,
428 809 491 867 ὡς
540 805 741 858 ἐκείνων
772 809 1163 859 πιστευσάντων
1214 806 1353 880 δίχα
1401 813 1629 881 σημείων
1674 814 1764 860 καὶ
1806 827 1885 859 τε·

278 898 490 971 ράτων·
545 892 827 970 ἰδιαίτερόν
866 893 943 963 δὲ,
988 905 1077 949 τοῦ
1128 897 1405 950 Βασιλικοῦ
1455 901 1882 970 καθαπτόμενος·

280 985 326 1038 εἰ
372 988 474 1060 γὰρ
518 990 607 1038 καὶ
651 990 878 1047 πίστεως
929 983 989 1045 ἦν
1040 990 1096 1039 τό
1154 986 1386 1039 ἀπελθεῖν
1426 992 1515 1039 καὶ
1568 986 1885 1061 παρακαλεῖν

962 1082 1051 1129 καὶ
1107 1080 1208 1149 γὰρ
1267 1082 1357 1128 καὶ
1419 1078 1444 1128 6
1509 1076 1885 1148 εύαγγελιστής

1272 1169 1522 1237 Πορεύου,
1560 1168 1585 1217 ὀ
1635 1168 1745 1226 υἱός
1789 1185 1883 1217 σου

278 1080 373 1127 καὶ
425 1074 642 1147 ἐπείγειν
696 1076 847 1128 αὐτόν
872 1094 886 1109 θ

280 1184 444 1236 φησιν
483 1166 563 1216 ὅτι
589 1165 819 1227 εἰπόντος
858 1173 948 1217 τοῦ
998 1166 1173 1223 Ἰησοῦ
1204 1183 1214 1194 ·

285 1257 349 1325 ζῇ
378 1271 391 1283 '
426 1253 702 1307 ἐπίστευσε
752 1262 822 1325 τῷ
874 1254 1008 1326 λόγῳ
1058 1255 1218 1307 αὐτοῦ
1243 1274 1255 1287 ·
1308 1254 1413 1307 ἀλλ’
1446 1252 1533 1307 οὖν
1560 1256 1665 1327 οὐχ
1722 1257 1884 1325 ὑγιῶς

278 1341 575 1395 ἐπίστευσε.
635 1349 735 1397 Kal.
798 1352 951 1397 τοῦτο
1010 1341 1167 1403 δῆλον
1226 1344 1327 1396 ἀπό
1386 1352 1477 1396 τοῦ
1531 1346 1883 1397 πυνθάνεσθαι

276 1436 402 1484 πότε
445 1431 610 1504 ἀφῆκε
665 1436 751 1485 τόν
796 1442 1049 1486 νοσοῦντα
1099 1436 1124 1485 ό
1168 1438 1403 1509 πυρετός.
1451 1433 1717 1487 Ἐϐούλετο
1778 1437 1879 1507 γὰρ

270 1523 456 1593 μαθεῖν
487 1524 586 1574 εἴτε
616 1522 919 1595 αὐτομάτως
951 1527 1049 1576 εἴτε
1091 1524 1207 1576 κατ’
1237 1523 1491 1595 ἐπιταγὴν
1522 1531 1613 1576 τοῦ
1646 1531 1879 1597 Χριστοῦ

269 1617 427 1663 τοῦτο
464 1615 660 1683 γέγονε.

345 1794 497 1861 Λέγει
527 1821 587 1829 -
620 1790 908 1864 ἐπορεύετο.
947 1789 1237 1855 Κατάϐηθι,
1272 1796 1423 1863 φησὶ,
1453 1797 1575 1867 πρὶν
1603 1792 1876 1844 ἀποθανεῖν

2000 628 2352 687 afﬁrmative
2408 632 2746 701 legendum.
2785 637 2929 689 Nam
2979 633 3088 687 hoc
3144 632 3288 687 dixit
3317 631 3665 701 generaliter

1997 718 2243 790 quidem
2309 721 2700 791 deprimendo
2784 722 3014 777 Iudaeos
3064 738 3200 777 cum
3275 721 3663 777 Samaritanis

1997 808 2268 873 collatos,
2300 812 2464 882 quod
2496 812 2571 866 illi
2600 812 2827 883 absque
2860 811 3043 877 signis
3073 816 3126 866 et
3156 810 3447 882 prodigiis
3480 811 3663 865 credi-

1996 896 2239 963 dissent,
2267 901 2679 970 particularius
2704 907 2905 957 autem
2938 900 3188 969 Regium
3239 900 3619 970 objurgando
3644 917 3657 954 :

1995 986 2105 1041 etsi
2151 989 2308 1043 enim
2343 989 2475 1045 fidei
2519 996 2662 1054 erat,
2715 990 2881 1062 quod
2935 990 3181 1045 abiisset
3212 991 3271 1047 et
3301 988 3658 1060 deprecatus

1995 1083 2166 1143 esset,
2187 1094 2255 1132 ac
2278 1086 2511 1147 urgeret
2528 1097 2686 1134 eum.
2712 1080 3013 1152 Siquidem
3032 1078 3399 1146 evangelista
3422 1094 3659 1151 quoque

1993 1164 2090 1230 ait,
2129 1167 2289 1237 quod
2344 1185 2481 1223 cum
2524 1169 2771 1225 dixisset
2822 1170 2994 1224 Jesus
3038 1184 3051 1223 :
3110 1169 3283 1232 Vade,
3329 1168 3486 1235 ﬁlius
3526 1175 3660 1223 tuus

1992 1255 2138 1310 vivit
2160 1257 2231 1321 ⁷⁸,
2261 1257 2507 1313 credidit
2532 1259 2712 1313 homo
2765 1257 3047 1322 sermoni,
3099 1273 3279 1329 quem
3311 1258 3537 1312 dixerat
3562 1257 3610 1311 ei
3642 1275 3654 1322 ;

1993 1345 2261 1399 nondum
2298 1352 2492 1401 tamen
2521 1353 2675 1402 recte
2701 1347 2981 1403 credebat
3009 1365 3023 1414 ;
3052 1352 3107 1402 et
3132 1349 3245 1402 hoc
3278 1346 3657 1402 manifestum

1992 1438 2096 1503 est,
2167 1451 2238 1490 eo
2313 1437 2478 1508 quod
2548 1438 2997 1507 interrogaverit
3042 1436 3290 1509 quando
3363 1442 3657 1505 aegrotan-

1990 1527 2111 1577 tem
2170 1524 2505 1597 reliquisset
2566 1526 2749 1581 febris
2820 1545 2833 1591 ;
2923 1525 3158 1582 volebat
3228 1541 3493 1598 namque
3569 1526 3653 1580 di-

1990 1629 2171 1678 scere,
2206 1620 2407 1670 utrum
2456 1631 2602 1671 casu
2656 1632 2733 1672 an
2791 1615 3000 1671 Christi
3032 1616 3204 1686 jussu
3253 1615 3367 1671 hoc
3428 1614 3652 1670 factum

1988 1708 2163 1758 esset.

2065 1793 2222 1849 Vers.
2262 1794 2353 1848 49.
2400 1796 2557 1850 Dicit
2589 1825 2656 1836 —
2708 1796 2866 1849 Vers.
2921 1797 3007 1849 50.
3059 1793 3212 1849 Ibat.
3241 1793 3647 1859 —Descende,

262 1881 325 1931 τό
352 1876 566 1931 παιδίον
597 1900 718 1952 μου.
765 1877 1072 1954 Προσεδόκα
1101 1884 1201 1955 γὰρ
1234 1884 1313 1933 ὅτι
1344 1885 1475 1953 μετὰ
1506 1887 1561 1934 τό
1603 1881 1860 1934 ἁποθανείῖ

1993 1880 2199 1952 inquit,
2213 1884 2553 1953 priusquam
2571 1884 2887 1949 moriatur;
2905 1881 3649 1955 existimabatenim,quod

267 1969 329 2021 ού
358 1965 579 2022 δύναται
607 1968 905 2028 ἀναστῆσαι
937 1970 1085 2024 αύτό.

340 2055 484 2117 Ἤδη
507 2090 576 2098 —
596 2062 743 2131 ἔσχε.
772 2060 1101 2134 Κομψὸς-ερον
1129 2063 1349 2113 ἐνταῦθα
1373 2061 1507 2133 λέγει
1527 2065 1582 2113 τό
1605 2063 1871 2137 ῥᾳότερον,

262 2150 327 2199 τό
356 2153 683 2223 κουφότερον,
718 2152 774 2201 τὸ
800 2149 915 2222 (81)
944 2148 1377 2223 ἐλευθεριώτερον.

340 2419 435 2468 Καὶ
490 2434 824 2488 -πυρετος,
886 2415 1067 2489 Πόρῥω
1099 2416 1201 2490 γὰρ
1255 2424 1351 2475 τῆς
1410 2418 1553 2470 Κανὰ
1600 2418 1629 2475 ἡ
1673 2423 1872 2489 Καπερ-

258 2508 430 2576 ναούμ
462 2501 543 2569 ἧν,
583 2506 714 2556 ὥστε
734 2509 805 2577 μὴ
833 2500 1124 2563 δυνηθῆναι
1149 2505 1340 2566 αύτούς
1371 2504 1418 2557 ἐν
1451 2506 1576 2577 αὐτῇ
1607 2514 1668 2578 τῇ
1704 2508 1873 2579 ἡμέρα

256 2598 484 2665 κομίσαι
509 2596 575 2645 τὰ
613 2592 890 2664 εὐαγγέλια
917 2602 1012 2654 τῆς
1039 2594 1174 2654 ζωῆς
1200 2602 1291 2646 τοῦ
1322 2592 1565 2648 παιδίου.

330 2681 503 2754 "Eva
536 2714 600 2723 —
628 2683 715 2754 ζῇ.
746 2681 867 2735 Ὀτι
897 2682 944 2735 ἐν
984 2681 1142 2755 ἐκείνῃ
1174 2691 1235 2755 τῇ
1266 2686 1374 2758 ὥρᾳ
1406 2680 1645 2743 δηλονότι
1677 2682 1868 2756 ἀφῆκεν

260 2771 419 2823 αὐτόν
452 2773 477 2823 6
506 2776 743 2844 πυρετός.

330 2866 528 2914 Καὶ-
577 2861 689 2919 ὅλη.
722 2867 829 2913 Νῦν
861 2862 1163 2913 ἐπίστευσεν
1200 2863 1377 2933 ύγιώς,
1425 2864 1553 2933 μετὰ
1610 2866 1668 2914 τό
1716 2864 1866 2933 ὑγιᾶ-

257 2970 344 3002 ναι
388 2953 474 3002 τόν
524 2953 637 3002 υἱόν
696 2950 877 3002 αὐτοῦ.
942 2950 1120 3011 Καλῶς
1166 2947 1253 3002 οὖν
1305 2950 1582 3021 καθήψατο
1632 2952 1788 3003 αύτοῦ
1840 2953 1864 3002 6

256 3044 345 3099 τήν
416 3036 642 3113 καρδίαν
702 3040 863 3092 αύτοῦ
934 3046 1203 3111 γινώσκων
1266 3045 1509 3112 Χριστός,
1572 3041 1723 3093 εἱπων
1785 3045 1865 3092 ὅτι

258 3128 377 3182 Ἐὰν
415 3134 486 3201 μὴ
539 3136 734 3201 σημεῖα
790 3134 879 3181 καὶ
929 3134 1120 3205 τέρατα
1176 3126 1348 3194 ἴδητε,
1405 3130 1462 3181 ού
1518 3134 1588 3201 μὴ
1648 3133 1861 3182 πιστεύ-

259 3236 404 3275 σητε.

331 3311 534 3380 κυρίως
590 3304 677 3359 οὖν
738 3315 933 3380 σημεῖα
988 3312 1077 3380 μέν
1131 3308 1235 3360 εἰσι
1266 3311 1330 3361 τὰ
1380 3312 1513 3361 κατά
1568 3312 1744 3381 φύσιν,
1796 3312 1861 3369 ως

250 3398 308 3448 τό
339 3397 574 3468 ὑγιάζειν
602 3404 885 3459 νοσοῦντας
908 3415 920 3427 °
968 3403 1160 3470 τέρατα
1209 3395 1267 3450 δὲ
1298 3401 1363 3450 τὰ
1394 3400 1520 3473 ὑπὲρ
1573 3402 1747 3471 φύσιν,
1795 3402 1859 3459 ὡς

252 3488 311 3538 τό
341 3486 607 3546 ζωοποιεῖν
660 3490 865 3558 νεκρούς
911 3492 1001 3539 καὶ
1059 3487 1320 3559 όμματοῦν
1380 3488 1619 3560 τυφλούς.
1690 3494 1857 3540 Κατα-

248 3584 563 3647 χρηστικῶς
594 3571 653 3627 δε
681 3574 914 3646 λέγονται
953 3581 1042 3627 καὶ
1072 3576 1385 3629 τούναντίον.

320 3671 483 3716 Τοῦτο
549 3693 615 3705 -
682 3665 976 3719 Γαλιλαίαν.
1074 3672 1173 3719 Καὶ
1234 3671 1481 3741 πρότερον

244 3753 401 3805 Ἦλθε
461 3754 614 3806 πάλιν
680 3755 705 3805 6
775 3754 977 3815 Ἰησοῦς
1044 3755 1111 3815 εἰς
1184 3760 1278 3813 τὴν
1348 3758 1489 3809 Κανὰ
1555 3765 1643 3817 τῆς
1706 3757 1852 3808 Γαλι-

1558 3667 1709 3719 εἰπὼν
1777 3670 1853 3719 ὅτι

244 3842 420 3906 λαίας,
458 3844 587 3895 ὅπου
642 3841 856 3901 ἐποίησε
908 3848 965 3896 τό
1019 3841 1162 3919 ὕδωρ
1194 3841 1367 3896 οἶνον·
1430 3845 1488 3897 ού
1545 3849 1713 3917 μτὲτην
1769 3846 1851 3897 ἀν-

244 3936 436 4004 έμνησε
470 3941 562 3984 τοῦ
604 3934 888 4005 θαύματος,
935 3932 1041 3985 ἀλλ’
1093 3933 1348 4006 ἐμφαίνων
1378 3937 1476 3999 ὅτι,
1528 3940 1615 3986 καὶ
1663 3939 1848 3988 τούτου

242 4026 536 4092 γεγονότος,
594 4021 836 4082 ἐλάττους
876 4022 990 4094 (82)
1032 4032 1129 4074 τῶν
1183 4030 1509 4095 Σαμαρειτῶν
1555 4025 1626 4086 εἰς
1670 4029 1848 4077 πίστιν

244 4108 525 4179 ἐφάνησαν.
575 4116 676 4163 Καὶ
716 4119 803 4162 νῦν
853 4107 911 4163 δὲ
972 4111 1129 4183 λέγων
1170 4114 1250 4164 ὅτι
1303 4120 1466 4164 Τοῦτο
1520 4113 1673 4164 πάλιν
1728 4110 1846 4164 δεύ-

243 4217 387 4271 τερον
457 4207 669 4271 σημεῖον
737 4200 977 4257 ἐποίησεν
1058 4202 1082 4251 ό
1143 4200 1380 4261 Ἰησοῦς·
1469 4202 1658 4272 ὁμοίως
1722 4204 1846 4253 καθ.

243 4290 463 4341 άπτεται
492 4288 680 4353 αὐτῶν,
733 4292 810 4342 ὅτι
840 4294 929 4341 καὶ
962 4286 1200 4363 δεύτερον
1252 4296 1464 4361 σημεῖον
1507 4287 1703 4352 ἰδόντες
1751 4291 1845 4342 οὐκ

242 4374 588 4436 ἠδυνήθησαν
615 4376 884 4450 ἐφικέσθαι
909 4379 1023 4451 (83)
1053 4387 1146 4431 τοῦ
1171 4384 1358 4454 μέτρου
1384 4388 1474 4440 τῆς
1498 4385 1722 4443 πίστεως
1744 4389 1843 4432 τῶν

239 4464 391 4519 οὐδὲν
423 4467 721 4543 ἑωρακότων
744 4476 1092 4543 Σαμαρειτῶν.

310 4560 550 4631 Δεύτερον
598 4560 698 4631 γὰρ
753 4565 905 4609 τοῦτο
964 4555 1096 4611 εἶπεν
1154 4558 1259 4630 ούχ
1314 4562 1377 4619 ὡς
1424 4562 1553 4631 μετὰ
1607 4562 1664 4611 τό
1700 4568 1843 4634 πρῶ-

1988 1976 2124 2041 post
2155 1976 2406 2027 mortem
2431 1989 2568 2028 eum
2599 1973 2945 2029 resuscitare
2980 1988 3097 2028 non
3122 1977 3345 2043 posset.

2058 2061 2212 2114 Vers.
2246 2061 2336 2115 51.
2364 2062 2499 2117 Jam
2533 2093 2595 2101 —
2624 2062 2786 2116 Vers.
2822 2063 2905 2116 52.
2932 2061 3264 2116 Habuisset.
3292 2061 3648 2132 Quanquam

1983 2147 2187 2221 κομψὸς
2217 2149 2453 2204 dicatur
2485 2158 2682 2214 saltus,
2731 2150 3055 2205 industrius
3112 2155 3214 2204 aut
3242 2148 3526 2220 eloquens,
3557 2149 3649 2204 hic

1984 2243 2183 2291 tamen
2209 2240 2687 2310 comparativum
2717 2238 3039 2313 κομψότερον
3063 2237 3360 2307 signiﬁcat
3379 2237 3645 2307 facilius,

1986 2327 2195 2393 levius,
2224 2328 2602 2383 tolerabilius.

2058 2419 2216 2472 Vers.
2247 2419 2338 2472 5'2.
2390 2418 2465 2473 Et
2505 2449 2571 2458 —
2612 2418 2819 2486 febris.
2850 2421 2997 2473 Nam
3024 2416 3233 2489 procul
3261 2432 3297 2471 a
3327 2415 3491 2471 Cana
3520 2422 3647 2471 erat

1984 2505 2362 2577 Capernaum
2432 2524 2444 2562 :
2503 2508 2701 2581 itaque
2758 2524 2880 2563 non
2940 2512 3258 2579 potuerunt
3310 2505 3524 2561 eodem
3550 2505 3644 2561 die

1983 2596 2241 2666 perferre
2274 2598 2544 2652 nuntium
2578 2598 2651 2651 de
2683 2597 2872 2673 salute
2898 2596 2999 2653 tilii
3022 2597 3171 2667 ejus.

2054 2685 2216 2741 Vers.
2250 2687 2337 2743 53.
2381 2688 2655 2758 Cognovit
2704 2717 2768 2727 —
2804 2688 2964 2743 vivit.
3024 2685 3195 2752 Quod
3248 2685 3304 2740 in
3338 2684 3439 2741 illa
3470 2685 3638 2751 hora,

1980 2780 2146 2845 puta,
2181 2773 2501 2847 reliquerat
2526 2792 2659 2830 eum
2690 2774 2886 2830 febris.

2053 2864 2212 2919 Vers.
2246 2867 2334 2920 53.
2412 2866 2589 2920 Et—
2635 2868 2775 2920 tota.
2837 2867 3001 2920 Nunc
3061 2863 3315 2934 perfecte
3368 2863 3636 2929 credidit,

1978 2952 2082 3006 ubi
2113 2959 2359 3008 sanatus
2390 2959 2476 3009 est
2500 2953 2654 3007 ﬁlius
2682 2954 2886 3024 ipsius.
2924 2953 3120 3008 Merito
3179 2967 3321 3019 ergo
3353 2951 3637 3021 objurga-

1978 3042 2050 3095 vit
2077 3058 2212 3096 eum
2247 3041 2533 3108 Christus,
2562 3043 2665 3113 qui
2720 3057 2822 3097 cor
2875 3041 3033 3096 illius
3068 3044 3331 3106 noverat,
3389 3040 3634 3096 dicens:

1972 3132 2110 3185 Nisi
2158 3132 2331 3202 signa
2359 3139 2412 3188 et
2435 3131 2700 3202 prodigia
2736 3130 3017 3199 videritis,
3051 3145 3415 3201 nequaquam
3444 3129 3633 3185 crede-

1893 3254 1932 3309 ρ
1972 3223 2129 3277 tis”.

2045 3311 2224 3380 Signa
2252 3310 2495 3383 quidem
2528 3311 2765 3382 proprie
2788 3314 3083 3380 suntquae
3113 3308 3443 3364 secundum
3468 3313 3635 3364 natu-

1970 3415 2088 3454 ram
2108 3407 2263 3464 sunt,
2286 3408 2348 3455 ut
2380 3416 2594 3456 sanare
2625 3404 2914 3467 ingratum
2943 3417 2960 3470 ;
2995 3397 3273 3470 prodigia
3306 3413 3465 3463 vero,
3496 3413 3632 3469 quae

1968 3506 2151 3559 supra
2170 3497 2432 3545 naturam
2451 3495 2513 3545 ut
2530 3489 2828 3544 viviﬁcare
2848 3489 3332 3553 mortuos,visum
3353 3494 3630 3558 praestare

1964 3577 2159 3643 caecis,
2177 3595 2553 3651 quamquam
2576 3578 2824 3633 abusive
2840 3577 3022 3632 etiam
3041 3576 3357 3631 dicanture
3373 3574 3625 3630 diverso.

2041 3665 2202 3721 Vers.
2232 3668 2454 3721 54.Hoc
2476 3697 2541 3707 —
2560 3667 2896 3722 Galilaeam.
2930 3668 2993 3719 Et
3014 3664 3178 3735 prius
3205 3680 3342 3719 cum
3383 3663 3630 3718 dixisset

1978 3755 2138 3810 Venit
2161 3772 2395 3811 rursum
2424 3755 2587 3810 Iesus
2613 3758 2670 3809 in
2713 3754 2873 3811 Cana
2917 3755 3235 3820 Galzlwam,
3280 3753 3379 3808 ubi
3403 3754 3627 3821 fecerat

1962 3860 2036 3900 εχ·
2066 3860 2223 3916 aqua
2238 3846 2434 3900 vinum
2454 3847 2523 3908 ⁷⁸,
2550 3860 2668 3899 non
2694 3845 2913 3898 frustra
2934 3841 3203 3898 miraculi
3223 3842 3355 3897 fecit
3380 3842 3627 3897 mentio-

1964 3949 2121 4001 nem,
2151 3933 2255 3987 sed
2302 3941 2361 3988 ut
2390 3933 2727 3989 ostenderet
2778 3932 2944 4005 quod
2992 3931 3176 3987 etiam
3225 3931 3381 3985 facto
3422 3931 3519 3985 illo
3552 3931 3624 3984 si-

1960 4040 2079 4089 gno
2103 4023 2493 4079 Samaritanis
2521 4022 2828 4077 inferiores
2860 4022 2918 4076 in
2948 4020 3065 4075 fide
3114 4019 3336 4075 inventi
3366 4026 3520 4074 sunt.
3560 4022 3624 4074 Et

1960 4128 2113 4166 nunc
2148 4128 2386 4182 quoque
2417 4112 2619 4166 dicens
2641 4128 2651 4166 :
2671 4113 2783 4166 Hoc
2808 4112 3015 4166 iterum
3041 4110 3354 4165 secundum
3385 4109 3617 4177 signum

1958 4202 2141 4255 edidit
2170 4202 2352 4266 Jesus,
2385 4200 2653 4255 similiter
2679 4199 2866 4270 carpit
2882 4197 3182 4269 illos,quia
3206 4197 3384 4251 etiam
3410 4212 3621 4251 secun-

1957 4291 2034 4344 do
2059 4292 2231 4357 signo
2260 4291 2410 4356 viso,
2435 4294 2886 4360 uonpotuerunt
2916 4288 2989 4343 ad
3037 4303 3385 4342 mensuram
3415 4302 3616 4359 perve-

1957 4380 2080 4435 nire
2116 4379 2250 4435 ﬁdei
2285 4380 2816 4442 Samaritanorum,
2849 4377 2952 4449 qui
2987 4376 3214 4431 nullum
3251 4375 3538 4431 viderant.

2026 4559 2138 4615 Hoc
2172 4563 2366 4614 autem
2401 4558 2548 4613 dixit
2596 4556 2951 4621 secundum,
2985 4571 3103 4611 non
3137 4553 3299 4625 quod
3342 4558 3475 4626 post
3499 4553 3612 4626 pri-

237 4665 320 4698 τον
553 4644 781 4719 μηδενὸς
836 4647 1009 4720 ἐτέρου
1068 4650 1211 4721 παρὰ
1264 4656 1417 4699 τοῦτο
1464 4653 1729 4719 γεγονότος
1790 4648 1838 4701 ἐν

1993 4666 2105 4702 ιιιη]
2136 4647 2364 4702 nullum
2393 4646 2556 4702 aliud
2587 4645 2836 4700 ediderit
2873 4646 2932 4699 in
2986 4649 3108 4700 tota
3153 4643 3477 4707 Palaestina,
3509 4643 3614 4699 sed

236 4735 323 4807 ὅλῃ
353 4744 414 4807 τῇ
462 4735 803 4806 Παλαιστίνῃ,
836 4734 940 4787 ἀλλ’
969 4738 1049 4789 ὅτι
1092 4739 1222 4808 μετὰ
1250 4741 1308 4789 τὸ
1353 4746 1554 4810 πρῶτον
1602 4734 1839 4812 δεύτερον

232 4832 383 4877 τοῦτο
411 4824 458 4876 ἐν
489 4827 629 4878 Κανὰ
649 4829 845 4896 γέγονε.

303 4916 449 4967 Μετὰ
481 4945 543 4955 -
572 4911 866 4969 Ἰουδαίων.
893 4914 955 4968 Ἠ
983 4919 1332 4974 πεντηκοστὴ.

305 5007 407 5055 Καὶ
480 5033 547 5043 -
613 5002 966 5076 Ἱεροσόλυμα.
1032 5011 1267 5075 Συνεχώς
1334 5004 1384 5056 ἐν
1458 5013 1574 5067 ταῖς
1630 5006 1833 5079 ἑορταῖς

230 5091 579 5166 ἐπιχωριάζει
626 5100 687 5165 τῇ
720 5092 865 5144 πόλει
894 5095 1083 5166 ταύτῃ,
1132 5100 1283 5145 τοῦτο
1328 5097 1418 5164 μὲν
1472 5096 1831 5169 συνεορτάζων

1300 5272 1348 5308 ’³⁸
1379 5271 1523 5327 ibid.
1558 5271 1644 5327 46.

298 5272 347 5306 ⁷⁸
376 5271 547 5327 Joan.
584 5288 662 5337 iv,
709 5276 793 5327 ΞΟ.
872 5272 916 5307 ⁷⁷
960 5269 1104 5327 ibid.
1133 5273 1221 5326 48.

1948 4738 2112 4810 quod
2142 4737 2536 4809 postpriuium
2549 4736 2681 4800 ,hoc
2696 4735 3017 4790 secundum
3033 4734 3089 4788 in
3109 4734 3267 4788 Cana
3282 4733 3503 4788 factum
3518 4735 3609 4788 sit.

2020 4914 2175 4971 CAP.
2206 4915 2270 4969 V.
2304 4931 2449 4970 vers.
2487 4920 2534 4969 t.
2560 4914 2697 4970 Post
2745 4946 2814 4954 —
2842 4914 3208 4969 Judworum.
3245 4912 3607 4976 Pentecoste,

2018 5008 2178 5061 Vers.
2220 5009 2266 5060 t.
2303 5006 2366 5059 Et
2398 5036 2466 5043 —
2496 5003 2917 5074 Hierosolyma.
2944 5001 3231 5058 Continue
3252 5001 3312 5056 in
3336 5001 3494 5055 festis
3531 5001 3609 5056 ad

1943 5096 2100 5150 hanc
2123 5094 2419 5150 civitatem
2450 5092 2774 5149 ventitabat
2803 5109 2815 5148 :
2850 5092 3062 5164 partim
3088 5089 3353 5163 quidem,
3374 5096 3434 5145 ut
3467 5105 3604 5145 cum

1436 5451 1655 5520 Varia
1693 5452 2027 5520 lectiones
2087 5458 2156 5519 et
2194 5460 2395 5518 notae.

293 5642 409 5716 (81)
438 5645 566 5716 Non
586 5648 676 5716 est
694 5644 1138 5702 sollicitandum
1164 5646 1277 5703 hoc
1299 5645 1687 5713 vocabulum,
1714 5646 1822 5703 etsi

222 5714 545 5793 ﬂentenius
581 5715 926 5793 reddiderit,
954 5718 1346 5793 tolerabilius.
1367 5721 1513 5793 Nam
1541 5716 1823 5793 ἐλευθέριος

221 5787 579 5861 recentiores
614 5788 792 5861 etiam
821 5794 1113 5861 usurpant
1140 5789 1216 5847 de
1238 5787 1820 5847 convalescentibus.

290 5858 405 5932 (82)
434 5860 500 5912 Οἱ
524 5857 574 5912 ἐν
602 5866 665 5920 τῆ
700 5857 969 5934 Γαλιλαίᾳέ

2005 5647 2120 5719 (83)
2156 5647 2464 5720 Ἀφικέσθαι
2517 5647 2561 5702 Α
2612 5646 2787 5704 male.
2845 5648 3014 5703 Forte
3086 5648 3285 5702 tamen
3326 5645 3406 5701 ita
3436 5660 3601 5717 repe-

1935 5722 2071 5775 rerit
2102 5722 2410 5775 interpres.

2007 5790 2119 5863 (84)
2147 5790 2323 5849 Μηδέν
2358 5792 2417 5845 Β.
