4156 6416
498 356 631 431 1207
1796 351 2139 421 EUIHYMIl

2247 351 2520 410 lGABENI
3736 350 3888 410 4208

493 481 719 541 caeteris
740 482 955 540 festum
979 480 1302 539 celebraret
1323 479 1657 537 secundum
1680 479 1874 549 legem
1897 496 1909 536 :
1931 477 2134 553 partin

2267 473 2361 534 διὰ
2415 482 2501 531 τὸν
2555 482 2708 552 νόμον
2767 485 2919 531 τοῦτο
2979 474 3037 533 δὲ
3094 481 3159 533 τὰ
3215 478 3388 539 πλήθη
3440 487 3540 534 τῶν
3598 476 3880 554 ἆπονήρων

493 591 655 638 vero,
692 572 1128 645 utsimplicium
1165 571 1606 627 multitudinem
1628 570 1966 627 attraheret.
2005 573 2134 625 Nan

2267 568 2643 641 ἐπισπώμενος.
2698 567 2777 621 Ἐν
2836 575 2948 630 ταῖς
3023 569 3225 643 ἑορταῖς
3298 572 3399 644 γὰρ
3455 570 3557 624 ἐκεῖ
3605 566 3881 643 πανδημεὶ

495 664 557 719 in
589 663 747 719 festis
769 680 834 717 ex
866 663 1029 717 omni
1058 662 1227 733 plebe
1254 661 1660 716 conﬂuebant.

918 663 1029 717 mni
1058 662 1227 733 plebe
1254 661 1660 716 conﬂuebant.
2271 657 2559 733 συνέρρεον.

568 752 729 808 Vers.
754 756 804 806 2.
829 753 932 807 Est
952 782 1017 791 —
1042 751 1358 807 Bethesda.
1377 754 1470 805 Est
1488 749 1915 822 Hierosolymis
1934 750 2159 820 piscina

2338 746 2491 800 Ἐστι
2553 778 2621 787 --
2679 743 2940 805 Βηθεσὸά.
3009 754 3186 802 Ἔστιν
3246 751 3296 801 ἐν
3351 747 3730 823 Ἰεροσολύμοις
3789 768 3881 800 κο-

496 841 553 897 in
587 842 699 897 loci
727 842 861 907 situ,
890 841 989 914 qui
1023 840 1236 895 dicitur
1270 841 1566 895 Probatea
1619 856 1635 894 :
1682 846 1784 894 aut
1813 839 2137 910 simplicite:

2267 835 2545 908 λυμϐἠθρα
2601 836 2684 889 ἐπὶ
2730 846 2789 909 τῇ
2846 840 3130 910 τοποθεσίᾳ
3186 846 3247 910 τῇ
3315 838 3603 912 καλουμένῃ
3668 837 3880 911 Προϐα-

499 931 581 987 ita
601 932 756 987 dicto
782 934 945 1001 juxta
973 936 1237 985 veterum
1260 930 1665 995 traditionem,
1698 934 1797 984 aut
1826 934 1888 984 ut
1908 928 2140 1000 quidam

2271 945 2410 983 τικη.
2443 927 2593 977 Οὕτω
2643 923 2701 978 δὲ
2743 930 2935 984 ταύτην
2993 928 3258 1000 ὠνόμαζον
3308 927 3483 989 ἁπλῶς
3524 930 3661 980 κατὰ
3704 930 3883 1001 παρά-

497 1021 716 1091 dicunt,
752 1020 915 1094 quod
933 1035 1077 1075 oves
1102 1021 1256 1091 (qum
1272 1019 1488 1074 Graecis
1506 1018 1746 1090 πρόϐατα
1764 1017 2135 1090 appellantur

2273 1011 2423 1067 δοσιν
2457 1013 2708 1087 ἀρχαίαν,
2748 1016 2802 1083 ἦ,
2834 1018 2904 1078 ὡς
2928 1036 3056 1077 τινες
3085 1016 3320 1088 λέγουσι,
3364 1013 3457 1069 διὰ
3502 1020 3560 1068 τό
3593 1015 3758 1070 ἐκεῖσε
3813 1020 3885 1068 τὰ

497 1110 640 1166 olim
668 1109 802 1165 illuc
829 1114 1352 1180 congregarentur,
1384 1126 1516 1180 quas
1556 1109 1615 1163 in
1657 1108 1817 1163 festis
1849 1112 2018 1162 erant
2054 1107 2134 1160 im

2271 1103 2509 1177 πρόϐατα
2541 1107 2859 1175 συνάγεσθαι
2884 1105 3063 1170 πάλαι,
3098 1108 3162 1157 τὰ
3191 1106 3437 1177 μελλοντα
3463 1105 3511 1158 ἐν
3533 1114 3647 1167 ταῖς
3674 1106 3882 1178 ἑορταῖς

497 1200 815 1266 molandaa,
854 1206 909 1255 et
936 1200 1154 1256 harum
1185 1198 1468 1255 intestina
1496 1199 1556 1254 in
1612 1214 1769 1270 aqua
1807 1198 1906 1253 illa
1946 1211 2138 1268 purga!

2276 1194 2645 1258 θυσιάζεσθαι,
2701 1200 2790 1245 καὶ
2838 1197 2904 1246 τὰ
2946 1198 3139 1247 τούτων
3190 1197 3382 1267 ἔγκατα
3424 1194 3476 1258 ἐξ
3539 1194 3729 1248 ἐκείνου
3786 1201 3878 1245 τοῦ

498 1294 718 1345 rentur.

2274 1278 2469 1342 ὕδατος
2501 1281 2906 1337 ἀποπλύνεσθαι.

572 1379 733 1435 Vers.
766 1382 819 1433 2.
880 1377 1142 1450 Quinque
1186 1378 1432 1449 porticus
1482 1376 1719 1433 habens.
1756 1376 2029 1432 Fornices
2062 1377 2166 1430 aut

2348 1376 2501 1424 Πέντε
2547 1392 2699 1434 στοας
2739 1376 2961 1444 ἔχουσα.
3014 1375 3144 1425 Στοά
3188 1372 3328 1426 ἐστιν
3382 1376 3411 1432 ἡ
3460 1374 3581 1448 παρ’
3634 1376 3758 1446 ἡμῖν
3803 1373 3882 1426 λε-

500 1470 830 1526 testudines
854 1486 866 1524 :
887 1469 997 1525 has
1021 1472 1222 1525 autem
1240 1468 1297 1522 in
1323 1467 1570 1522 circuitu
1592 1466 1873 1521 habebat.
1899 1466 2059 1521 Sicut
2080 1481 2141 1519 er

2273 1464 2465 1533 γομένη
2500 1464 2733 1534 καμάρα,
2771 1464 2799 1522 ἢ
2856 1467 2947 1514 καὶ
2978 1462 3145 1535 (85)ὁ
3207 1462 3355 1525 θόλος
3378 1480 3390 1491 ·
3446 1462 3614 1535 κύκλῳ
3645 1459 3705 1516 δὲ
3756 1465 3883 1515 ταύ-

504 1575 580 1631 go
606 1558 810 1615 divina
832 1558 1224 1631 providentia,
1258 1574 1393 1630 quae
1415 1556 1497 1612 ibi
1528 1558 1904 1629 Operabatur,
1936 1554 2145 1628 piscina

2278 1567 2367 1611 τας
2424 1548 2583 1622 εἶχεν.
2612 1550 2700 1612 Ὠς
2752 1548 2840 1604 οὖν
2896 1554 3031 1612 θείας
3081 1549 3349 1624 δυνάμεως
3397 1552 3709 1625 ἐνεργούσης
3757 1551 3881 1619 ἐκεῖ,

504 1649 789 1705 fabricata
828 1653 970 1718 erat,
1008 1648 1086 1703 ita
1118 1652 1175 1704 et
1206 1646 1468 1720 porticus
1500 1652 1742 1719 propter
1790 1651 2136 1717 aegrotantes

2276 1638 2618 1713 κολυμϐήθρα
2664 1644 3075 1711 κατεσκεύαστο,
3134 1647 3223 1693 καὶ
3284 1647 3435 1695 στοαί
3488 1638 3582 1695 διὰ
3638 1646 3759 1704 τοὺς
3804 1662 3885 1694 νο-

2281 1747 2519 1791 σουντας.

577 1827 739 1882 Vers.
773 1828 824 1883 3.
857 1826 1000 1882 In—
1056 1842 1206 1882 vers.
1261 1828 1314 1880 4.
1364 1825 1583 1881 Morbo.
1634 1825 1742 1879 Per
1782 1828 2164 1901 enumeratos
2201 1846 2218 1901 ι

2243 1878 2245 1890 Ι
2353 1818 2432 1871 Ἐν
2492 1850 2559 1860 -
2629 1826 2911 1892 νοσήματι.
2975 1823 3070 1874 Διὰ
3125 1824 3216 1893 μὲν
3273 1830 3372 1874 τῶν
3442 1818 3884 1895 ἀπηριθμημένων

507 1916 752 1971 morbos
778 1916 875 1972 alii
906 1932 1148 1989 quoque
1176 1915 1496 1985 signiﬁcati
1520 1920 1675 1970 sunt.
1705 1915 1911 1970 Dicens
1928 1921 2125 1969 autem

2280 1911 2370 1959 καὶ
2415 1910 2480 1960 τὰ
2510 1908 2637 1960 ἄλλα
2672 1914 2947 1981 νοσήματα
2974 1906 3293 1968 δεδήλωται.
3339 1911 3506 1963 Εἰπὼν
3535 1908 3613 1974 δὲ,
3664 1913 3742 1963 ὅτι
3784 1918 3888 1964 Κα-

504 2006 730 2061 Statuto
780 2010 1031 2075 tempore
1100 2005 1484 2074 descendebat,
1579 2004 1795 2070 docuit,
1829 2004 1994 2076 quod
2047 2018 2145 2058 nor

2280 2000 2346 2048 τὰ
2407 2002 2585 2073 καιρὸν
2638 1998 2956 2068 κατέϐαινεν,
3017 1996 3258 2062 ἐδίδαξεν
3322 2002 3399 2053 ὅτι
3455 2001 3512 2053 οὐ
3564 2003 3780 2054 πάντοτε
3826 2005 3884 2053 τὸ

505 2112 743 2167 semper
774 2096 955 2151 tiebat
984 2095 1358 2164 miraculum,
1409 2095 1512 2149 sed
1547 2095 1719 2150 certis
1758 2092 2120 2163 temporibus

2283 2089 2460 2157 θαυμα
2484 2087 2696 2159 ἐγίνετο,
2750 2088 2875 2140 ἀλλὰ
2921 2092 3056 2142 κατὰ
3107 2093 3288 2162 καιρὸν
3328 2092 3417 2162 μὲν
3461 2091 3727 2162 οἶγνωστον
3777 2098 3886 2152 τοῖς

503 2184 855 2242 hominibus
903 2184 1146 2257 quidem
1191 2183 1527 2254 incognitis,
1572 2200 1776 2240 verum
1810 2182 2144 2254 frequenter

2284 2174 2591 2248 ἀνθρώποις,
2651 2177 2893 2238 πολλάκις
2962 2175 3020 2230 δὲ
3089 2176 3234 2249 οἶμαι
3299 2187 3391 2230 του
3468 2178 3724 2233 ἐνιαυτοῦ.
3793 2182 3888 2232 Διὰ

506 2280 570 2329 ut
599 2278 825 2345 opinor,
860 2274 916 2328 in
938 2291 1098 2329 anno
1129 2290 1140 2328 ε
1168 2280 1407 2346 pr0pter
1439 2274 1552 2329 hoc
1575 2273 1869 2345 siquidem
1902 2274 1958 2327 in
1994 2271 2147 2342 porti

2283 2272 2435 2317 τοῦτο
2460 2268 2560 2337 γαρ
2584 2272 2673 2318 καὶ
2704 2265 2751 2318 ἐν
2784 2274 2898 2329 ταῖς
2925 2274 3100 2329 στοαῖς
3126 2272 3389 2321 κατέκειτο
3414 2270 3544 2322 πολὺ
3575 2269 3767 2330 πλῆθος
3788 2278 3885 2321 τῶν

507 2363 673 2419 cibus
700 2364 1097 2420 decumbebat
1133 2363 1449 2418 multitudo
1482 2378 1705 2431 magna
1736 2360 2145 2430 languentium

1965 2360 2145 2416 otium
2158 2402 2169 2414 ,
2287 2352 2655 2410 ἀσθενούντων,

580 2452 795 2508 Verum
828 2454 1019 2509 caeteri
1051 2470 1196 2508 sane
1247 2458 1451 2524 utpote
1488 2452 1685 2507 claudi
1718 2458 1771 2505 et
1803 2450 1975 2515 aridi,
2009 2455 2176 2520 pote-

2359 2443 2490 2496 Ἀλλ’
2539 2446 2700 2516 οἱμὲν
2732 2445 2899 2517 χωλοὶ
2941 2451 3030 2499 καὶ
3071 2446 3221 2519 ξηροὶ
3261 2442 3520 2506 ὴδυναντο
3569 2455 3889 2523 παρατηρεῖν

506 2546 641 2597 rant
659 2548 893 2614 tempus
906 2544 1383 2607 observaremam
1401 2540 1677 2596 videbant
1693 2540 1914 2595 turbari
1934 2555 2147 2611 aquam

2287 2535 2372 2584 τόν
2429 2537 2629 2607 καιρὸν,
2687 2534 2852 2608 ἐώρων
2904 2537 3002 2607 γὰρ
3052 2541 3443 2609 ταρασσόμενον
3491 2540 3551 2589 τὸ
3607 2533 3789 2611 ὕδωρ·
3841 2539 3892 2588 οἱ

508 2632 650 2687 caeci
681 2640 880 2687 autem
898 2631 995 2703 (jj)
1019 2631 1327 2703 quomodo
1341 2630 1556 2685 factam
1576 2646 1746 2701 aquae
1777 2629 2149 2684 turbationen

2289 2619 2348 2676 δὲ
2399 2628 2579 2694 τυφλοὶ
2632 2632 2773 2691 πῶς;
2828 2623 2929 2677 ἀπὸ
2975 2633 3066 2677 τοῦ
3119 2630 3386 2697 γινομένου
3457 2625 3678 2700 θορύϐου
3739 2633 3891 2678 τοῦτο

509 2719 999 2791 cognoscebant?
1015 2720 1325 2776 Habebant
1342 2726 1497 2775 certe
1516 2718 1836 2787 ministros,
1870 2717 2049 2792 quiid
2074 2718 2150 2773 ob

2288 2711 2589 2783 ἐμάνθανον.
2642 2709 2803 2785 Εἶχον
2827 2711 2887 2765 δὲ
2926 2719 3015 2766 καὶ
3059 2715 3317 2787 ὑπηρέτας
3361 2714 3477 2787 (86)
3530 2723 3892 2789 παρατηροῦν-

513 2815 835 2867 servarent.

756 2815 835 2865 nt.
2286 2820 2397 2863 τας.

582 2890 687 2946 Illa
713 2906 852 2945 vero
884 2889 1113 2962 piscina
1143 2889 1338 2959 ﬁgura
1368 2894 1494 2944 erat
1526 2888 1769 2960 piscinae
1803 2889 1957 2945 sacri
1986 2888 2173 2960 bapti-

2357 2892 2553 2949 Ἐκείνη
2607 2886 2664 2943 δὲ
2696 2893 2726 2950 ἡ
2762 2890 3101 2965 κολυμϐήθρα
3149 2896 3305 2954 τύπος
3364 2891 3424 2952 ἦν
3481 2902 3572 2955 τῆς
3627 2894 3894 2967 κολυμϐή-

512 2980 626 3036 smi
654 2996 667 3035 :
701 2979 1025 3035 sicutenim
1052 2980 1148 3034 illa
1176 2979 1416 3033 morbos
1433 2979 1802 3042 s'anabat,ita
1817 2983 1873 3033 et
1900 2979 2035 3035 ista.
2058 2979 2153 3034 Sec

2287 2981 2412 3053 θρας
2442 2979 2534 3030 τοῦ
2563 2979 2715 3051 ἁγίου
2750 2979 3120 3053 βαπτίσματος
3141 3000 3153 3011 ·
3179 2985 3352 3059 ὧσπερ
3380 2986 3480 3059 γὰρ
3513 2983 3677 3044 ἐκείνη
3710 2989 3894 3046 νόσους

511 3069 613 3125 illa
641 3068 890 3140 quidem
922 3066 1283 3140 corporales,
1329 3068 1456 3123 haec
1484 3083 1625 3122 vero
1656 3067 1989 3138 spirituales
2021 3085 2034 3124 :
2070 3066 2152 3125 illa

2289 3069 2423 3138 ἰᾶτο,
2477 3070 2611 3121 οὕτω
2663 3075 2752 3122 καὶ
2812 3071 2965 3128 αὕτη.
3022 3071 3157 3124 Ἀλλ’
3215 3071 3379 3132 ἐκείνη
3422 3077 3511 3145 μὲν
3571 3077 3892 3146 σωματικὰς,

513 3163 733 3213 statuto
761 3164 1048 3229 tempore,
1082 3157 1209 3212 haec
1242 3160 1439 3211 autem
1469 3172 1706 3227 semper
1739 3172 1752 3220 ;
1797 3156 1896 3211 illa
1930 3158 2147 3212 descen

2249 3224 2250 3227 η
2287 3159 2419 3215 αὕτη
2456 3156 2514 3210 δὲ
2544 3158 2802 3230 ψυχικάς.
2837 3166 2936 3212 Καὶ
2981 3159 3143 3219 ἐκείνη
3208 3165 3297 3234 μὲν
3346 3166 3479 3215 κατὰ
3525 3183 3642 3216 τινα
3690 3168 3890 3238 καιρὸν,

513 3247 689 3303 dente
720 3246 1102 3316 angelo,h£ec
1129 3244 1483 3301 adveniente
1516 3245 1733 3317 Spiritu
1756 3251 1995 3301 sancto:
2031 3261 2154 3301 nan

2249 3224 2250 3227 η
2406 3211 2416 3215 ’
2555 3211 2565 3229 Ι
2623 3211 2664 3230 Iv
2769 3211 2800 3220 ’⁷
2839 3211 2874 3212 77
2991 3211 2994 3212 ν
3048 3211 3079 3212 77
3133 3211 3142 3219 '
3208 3211 3287 3234 rr'r
3348 3211 3479 3215 ‘_»"—'
3533 3211 3641 3216 ’⁷”⁷
3690 3211 3890 3238 ’“⁷““Γ“⁷,

2249 3245 2252 3262 ¹
2287 3248 2419 3305 αὕτη
2464 3244 2523 3301 δὲ
2554 3246 2650 3301 ἀεί.
2692 3247 2905 3307 Κάκείνη
2940 3253 3028 3322 μὲν
3050 3250 3451 3314 καταϐαίνοντος
3485 3251 3723 3324 ἀγγέλου,
3758 3255 3890 3312 αὕτη

517 3336 753 3409 majora
780 3344 920 3392 sunt
958 3351 1118 3392 nova
1149 3334 1469 3391 veteribus.

2291 3334 2349 3389 δὲ
2377 3336 2737 3409 ἐπιφοιτῶντος
2756 3345 2847 3389 τοῦ
2875 3337 3027 3411 ἁγίου
3055 3343 3372 3412 Πνεύματος.
3406 3342 3635 3403 Μείζονα
3658 3344 3757 3416 γὰρ
3794 3351 3893 3394 τῶν

2292 3436 2523 3479 παλαιῶν
2551 3429 2617 3478 τὰ
2660 3429 2833 3480 καινά.

591 3515 740 3573 CAP.
788 3515 898 3569 VII.
930 3515 1006 3571 De
1035 3530 1114 3579 co,
1142 3513 1245 3586 qui
1263 3512 1517 3583 triginta
1547 3519 1599 3570 et
1627 3521 1753 3571 octo
1778 3529 1963 3570 annos
1994 3513 2184 3569 morbo

2298 3522 2443 3571 ΚΕΦ.
2492 3516 2564 3570 Ζ’.
2621 3520 2739 3589 Περὶ
2794 3526 2885 3570 τοῦ
2936 3521 3211 3593 τριάκοντα
3269 3519 3403 3573 ὀκτὼ
3456 3523 3542 3579 ἔτη
3599 3522 3810 3593 ἔχοντος
3851 3520 3903 3574 ἓν

1162 3603 1491 3659 tenebatur.

2919 3616 2978 3680 τῇ
3016 3608 3275 3682 ἀσθενείᾳ.

591 3694 755 3749 Vers.
778 3698 827 3747 5.
857 3693 1009 3748 Erat
1054 3721 1117 3732 —
1147 3692 1364 3747 morbo.
1400 3691 1633 3747 Morbus
1693 3708 1832 3749 vero
1864 3700 1988 3749 erat
2018 3710 2191 3765 para-

2372 3695 2468 3748 Ἦν
2504 3726 2572 3735 -—
2603 3694 2859 3769 ἀσθενείᾳ.
2892 3700 3116 3770 Πάρεσις
3160 3696 3221 3757 ἧν
3250 3702 3279 3759 ἠ
3317 3698 3576 3754 ἁσθτνεια.
3607 3699 3813 3774 ’Έτερος
3846 3699 3910 3755 δέ

519 3782 689 3855 lysis.
710 3782 869 3836 Alius
886 3787 1083 3836 tamen
1105 3786 1225 3835 erat
1245 3780 1340 3835 hic
1367 3797 1401 3835 a
1422 3781 1771 3853 paralytico,
1799 3783 1872 3837 de
1894 3800 2012 3855 quo
2034 3802 2160 3857 aput

2305 3783 2444 3836 ἐστιν
2494 3784 2639 3845 οὗτος
2692 3789 2835 3858 παρά
2878 3790 2964 3839 τὸν
3028 3789 3127 3839 ὑπὸ
3178 3791 3447 3842 Ματθαίου
3496 3792 3914 3863 μνημονωθέντα

520 3872 855 3928 Matthaaum
873 3871 936 3925 tit
950 3870 1187 3935 mentio,
1207 3870 1359 3924 sicut
1376 3871 1433 3923 in
1448 3871 1790 3926 narratione
1806 3871 2023 3927 decimi
2043 3874 2161 3928 terti

2306 3873 2679 3949 παραλυτικὸν,
2736 3878 2799 3936 ὡς
2825 3877 2873 3926 ἐν
2921 3884 2983 3949 τῇ
3036 3877 3285 3949 ἐξηγήσει
3333 3885 3423 3930 τοῦ
3471 3876 3913 3951 τρισκαιδεκάτου

524 3961 736 4034 capitis
750 3961 907 4016 illius
931 3960 1225 4029 Evangelii
1246 3959 1607 4031 apertissime
1624 3960 2017 4031 significatum
2034 3965 2165 4019 est"

1827 3970 2017 4017 catum
2034 3965 2194 4019 est".
2309 3962 2585 4035 κεφαλαίου
2618 3963 2779 4016 αὐτοῦ
2811 3970 3111 4037 σαφέστατα
3151 3963 3468 4025 δεδήλωται.

599 4052 763 4105 Vers.
790 4054 840 4104 6.
864 4049 1010 4105 Cum
1032 4050 1193 4105 hunc
1216 4050 1450 4105 vidisset
1468 4051 1721 4119 —ﬁer2‘?
1736 4053 1892 4117 Eum,
1909 4052 2009 4124 qui
2050 4053 2200 4107 mul-

2382 4060 2574 4105 Τοῦτον
2623 4050 2748 4105 ἰδὼν
2797 4084 2865 4094 -
2896 4057 3168 4125 γενέσθαι;
3219 4062 3316 4108 Τὸν
3364 4057 3697 4130 πολυχρονίῳ
3754 4079 3919 4132 προσ-

526 4144 585 4194 to
613 4144 881 4209 tempore
904 4137 1187 4193 assiduus
1216 4138 1404 4192 fuerat
1441 4154 1510 4193 ac
1542 4138 2059 4205 tolerantissimus,
2092 4158 2167 4195 cae

2312 4138 2465 4215 εὸρίᾳ
2493 4149 2763 4217 χρώμενον
2794 4144 2907 4215 (87)
2939 4150 3028 4197 καὶ
3067 4152 3509 4219 καρτερικώτατον
3539 4155 3773 4221 προτιμᾷ
3815 4158 3915 4201 τῶν

530 4228 664 4283 teris
694 4227 1011 4299 praeponit:
1034 4232 1159 4281 tum
1183 4226 1347 4298 quod
1376 4227 1760 4282 miseratione
1785 4228 2024 4297 dignior
2046 4247 2171 4285 esse

2312 4232 2497 4301 ἄλλων,
2524 4241 2677 4285 τοῦτο
2697 4237 2786 4304 μὲν
2814 4236 2881 4293 ὡς
2903 4233 3247 4307 ἐλεεινότερον,
3267 4244 3421 4289 τοῦτο
3442 4233 3499 4289 δὲ
3523 4242 3613 4289 καὶ
3636 4234 3912 4291 διδάσκων

528 4322 654 4373 tum
678 4317 853 4372 etiam
883 4316 1111 4371 docens
1126 4316 1291 4387 quod
1320 4316 1585 4371 intereos
1603 4317 1703 4387 qui
1735 4333 1996 4388 superno
2028 4335 2169 4387 egen

2312 4322 2393 4374 ὅτι
2418 4330 2516 4373 τῶν
2548 4318 2799 4393 δεομένων
2822 4330 2915 4384 τῆς
2942 4325 3131 4377 ἄνωθεν
3157 4325 3383 4398 ἰατρείας
3405 4327 3453 4377 οἰ
3473 4339 3917 4400 καρτερικώτατοι

531 4405 953 4469 medicamine,
988 4404 1171 4459 Deum
1215 4403 1403 4472 magis
1455 4403 1719 4468 ﬂectunt,
1753 4406 1855 4476 qui
1889 4412 2029 4461 sunt
2058 4424 2170 4463 con

2313 4410 2501 4483 μᾶλλον
2541 4410 2930 4483 ἐπικάμπτουσι
2979 4416 3065 4465 τόν
3116 4419 3263 4468 Θεὸν.
3307 4414 3418 4467 Οὐκ
3464 4412 3571 4467 εἶπε
3603 4414 3680 4487 δὲ,
3741 4419 3916 4482 Θέλεις

534 4493 913 4550 stantissimi.
955 4492 1242 4548 Nondixit
1269 4500 1505 4548 autem:
1553 4493 1647 4546 Vis
1671 4500 1796 4549 utte
1816 4497 2175 4569 curem,qui:

2275 4502 2615 4577 ιθεραπεύσω
2671 4520 2747 4565 σε,
2816 4497 2908 4552 διὰ
2961 4506 3017 4553 τὸ
3077 4500 3415 4577 ἁκόμπαστον
3484 4510 3575 4557 καὶ
3630 4501 3772 4558 διότι
3823 4508 3916 4559 οὐκ

538 4587 667 4637 erat
696 4584 769 4637 ab
800 4582 1146 4651 arrogantia
1170 4582 1420 4647 alienus,
1479 4588 1533 4638 et
1580 4583 1723 4654 quia
1773 4584 1819 4639 is
1851 4587 1954 4656 qui
1993 4562 2179 4641 morbi

2275 4570 2281 4608 ’
2316 4588 2559 4663 ἐγνώριζε
2590 4597 2768 4641 τοῦτον
2800 4590 2927 4652 ὅλως
2976 4593 3000 4643 ό
3031 4590 3279 4648 ἀσθενῶν.
3326 4595 3421 4645 Διὰ
3451 4602 3603 4647 τοῦτο
3653 4598 3753 4671 γὰρ
3795 4594 3916 4649 οὐδὲ

540 4671 855 4728 tenebatur
900 4672 1097 4743 ipsum
1139 4687 1528 4743 nequaquam
1585 4673 1991 4742 cognoscebat
2029 4718 2041 4742 ,
2071 4676 2181 4731 idet

1354 4688 1528 4743 quam
1585 4673 1991 4742 cognoscebat
2029 4718 2041 4742 ,
2071 4676 2205 4731 ideo
2316 4683 2495 4730 πίστιν
2524 4678 2679 4729 αὐτὸν
2712 4677 2995 4751 ἀπῄτησεν.

541 4762 720 4817 etiam
742 4776 853 4816 nec
889 4760 1072 4816 ﬁdem
1102 4762 1179 4816 ab
1212 4776 1284 4816 eo
1311 4761 1639 4832 requisivit.

614 4853 1174 4920 Interrogatautem,
1196 4866 1311 4906 non
1329 4856 1389 4906 ut
1406 4850 1673 4916 disceret,
1694 4868 2203 4923 supervacaneum

2390 4858 2588 4928 Ἐρωτᾴ
2620 4856 2678 4910 δὲ
2721 4858 2826 4930 οὐχ
2869 4860 2950 4911 ἵνα
2978 4861 3117 4932 μάθῃ
3144 4880 3154 4893 ·
3208 4865 3450 4937 περιττὸν
3484 4866 3586 4939 γὰρ
3632 4869 3745 4938 περὶ
3786 4883 3914 4938 προ-

544 4941 704 4995 enim
730 4944 857 4996 erat
885 4938 959 4994 de
990 4956 1051 4995 re
1082 4938 1401 4995 manifesta
1427 4940 1655 4995 discere
1708 4960 1719 4998 :
1757 4942 1859 4996 sed
1894 4949 1955 4997 ut
1984 4961 2088 5014 per
2131 4961 2185 4999 re

2321 4944 2483 5004 δῆλον
2528 4950 2835 5021 πράγματος
2876 4951 3180 5017 μανθάνειν·
3232 4949 3337 5003 ἀλλ’
3389 4955 3471 5005 ἱνα
3509 4950 3601 5006 διὰ
3644 4962 3737 5015 τῆς
3790 4951 3918 5006 ἀπο-

548 5029 929 5102 sponsionem
943 5028 1211 5085 omnibus
1223 5028 1566 5085 ostendatur
1578 5028 1627 5099 ej
1641 5046 1705 5083 us
1718 5032 2059 5088 constantia.
2073 5034 2189 5088 Vidi

2319 5041 2540 5108 κρίσεως
2570 5045 2698 5110 φανῇ
2732 5044 2893 5091 πᾶσιν
2944 5042 2970 5097 ἡ
3020 5045 3269 5114 καρτερία
3326 5041 3506 5098 αὐτοῦ.
3558 5042 3694 5118 ’Ὀρα
3721 5044 3825 5117 γὰρ
3872 5049 3922 5095 τί

549 5120 729 5185 enim,
758 5118 905 5191 quid
934 5117 1310 5191 respondeat.

1033 5117 1310 5191 pondeat.
2318 5123 2668 5201 ἀποκρίνεται.

625 5297 673 5332 τ’
700 5295 903 5354 Matth.
936 5311 1016 5353 ιχ.
1049 5300 1101 5351 2.

1764 5430 1985 5500 Variae
2020 5432 2348 5505 lectiones
2401 5446 2466 5505 et
2508 5448 2707 5507 notae.

633 5599 904 5683 (85)“Im'o
936 5601 990 5658 ἠ.
1032 5598 1172 5656 Vide
1202 5598 1468 5655 Eustath.
1522 5598 1597 5655 ad
1659 5599 1833 5657 Hom.
1889 5617 1948 5674 p.
1972 5605 2131 5672 1390,
2166 5621 2217 5660 γ.

1395 5598 1468 5654 th.
1522 5598 1597 5655 ad
1659 5599 1833 5657 Hom.
1889 5617 1948 5674 p.
1972 5605 2131 5672 1390,
2166 5621 2217 5660 v.
2406 5605 2519 5683 (ξιξ)
2548 5608 2830 5683 ’Υπηριτοῦ
2860 5628 2956 5673 τας
2982 5617 3036 5663 Β.

557 5674 645 5728 54.
674 5673 813 5727 edit.
850 5673 1019 5728 Rom.
1893 5673 1896 5674 '

1893 5673 1896 5674 ν
2404 5673 2522 5751 (87)
2565 5673 2939 5753 Κατακείμενον
2971 5698 3081 5755 pro
3110 5688 3371 5759 χρώρενον
3402 5690 3460 5738 Α,

631 5799 728 5870 (jj)
760 5796 910 5855 Caci
932 5801 1119 5853 autem
1150 5799 1258 5853 etc.
1291 5796 1436 5853 Caeci
1469 5800 1690 5864 autem,
1720 5798 2030 5871 quomodo
2060 5802 2087 5857 Ἰ
2118 5804 2160 5857 Α
2192 5803 2459 5876 strepitu,
2486 5805 2589 5879 qui
2616 5804 2814 5875 ﬁebat,
2843 5806 2959 5865 hoc
2988 5807 3321 5868 discebant.
