4156 6388
293 392 435 452 1209

1325 392 1695 450 COMMENT.
1736 391 1807 449 IN
1844 391 2194 449 JOANNEM.
2241 424 2306 434 —
2345 393 2501 450 CAP.
2545 393 2610 449 V.

3524 388 3666 446 1210

367 520 647 589 Ἀπεκρίθη
710 549 777 563 -
828 516 1147 573 καταϐαίνει.
1204 517 1558 575 ’Υπὼπτευσεν
1627 519 1709 571 ὅτι
1798 514 1895 570 διὰ

2077 518 2242 574 Vers.
2305 525 2358 576 '7.
2407 519 2717 591 Respondit
2760 549 2830 561 -
2878 517 3181 576 descendit.
3243 516 3671 589 Suspicabatur

292 618 447 664 τοῦτο
504 610 659 662 αὐτόν
704 610 945 683 ἠρώτησε
997 618 1168 675 τοῦτο,
1217 611 1299 663 ἶνα
1349 609 1525 682 ὶλέγξη
1586 606 1681 662 διὰ
1734 608 1894 682 ῥᾳθυ-

294 705 417 774 μίαν
448 704 747 774 προϊέμενον
778 704 872 757 τήν
928 703 1091 764 ἴασιν,
1126 701 1155 759 ἡ
1204 702 1285 753 ὅτι
1334 698 1648 772 βουλόμενος
1686 717 1889 773 χρησι-

295 798 487 864 μεύσαι
518 794 645 863 πρὸς
665 793 723 841 τὸ
756 788 931 862 βαλεῖν
972 790 1124 842 αὐτὸν
1162 789 1233 851 εἰς
1261 795 1352 849 τήν
1382 788 1772 861 κολυμϐήθραν.
1805 789 1892 839 Διὸ

295 884 386 933 καὶ
416 878 748 949 ἀπολογεῖται
801 881 880 931 ὅτι
932 882 1075 952 παρά
1112 882 1169 931 τὸ
1195 883 1267 951 μὴ
1301 882 1440 951 ἔχειν
1471 881 1741 953 ἄνθρωπον
1771 874 1894 929 ἀπο-

296 972 575 1040 τυγχάνει.

374 1059 541 1111 Εἰπὼν
597 1055 675 1123 δὲ,
736 1059 816 1110 ὅτι
869 1057 951 1111 Ἐν
1104 1060 1333 1133 ἔρχομαι
1390 1057 1507 1130 ἐγὼ,
1564 1057 1714 1119 illo;
1796 1058 1897 1129 πρὸ

299 1148 424 1221 ἐμοῦ
493 1147 792 1201 καταϐαίνει
862 1164 875 1177 ·
959 1145 1121 1210 ἔδειξε
1193 1153 1284 1206 τὴν
1351 1153 1624 1222 καρτερίαν
1714 1148 1896 1211 αὐτοῦ,

298 1246 410 1298 πῶς
475 1236 524 1289 έν
572 1240 845 1299 τοσούτοις
901 1239 1067 1290 ἔτεσιν
1113 1236 1494 1310 ἀποτυγχάνων
1544 1240 1619 1289 ἔτι
1650 1241 1900 1311 παρέμενε

299 1333 390 1380 καὶ
418 1327 512 1379 οὐκ
558 1326 836 1399 ἀφίστατο,
882 1331 971 1378 καὶ
1009 1334 1175 1379 ταῦτα
1236 1327 1293 1379 ού
1323 1328 1570 1401 ῥᾳθυμῶν
1612 1325 1738 1378 ἀλλὰ
1768 1346 1900 1399 παρ-

302 1420 710 1489 αγκωνιζόμενος
757 1436 811 1470 τε
867 1422 957 1469 καὶ
1005 1415 1413 1489 ἐπηρεαςόμενος
1469 1421 1559 1468 καὶ
1614 1416 1739 1469 οὐδε
1767 1416 1903 1468 οὕτω

299 1516 519 1581 ναρκών.

372 1592 543 1669 Ἡμεῖς
574 1593 652 1662 δὲ,
706 1594 920 1669 βραχύν
968 1615 1085 1648 τινα
1136 1598 1316 1669 καιρὸν
1369 1592 1807 1671 προσεδρεύοντες
1830 1601 1903 1663 τῷ

302 1691 410 1757 Θεῷ
443 1681 768 1748 σπουδαίως,
810 1684 892 1738 ἐὰν
921 1690 992 1757 μὴ
1024 1688 1287 1757 τύχωμεν,
1339 1685 1581 1757 όκνοῡμεν
1610 1685 1787 1737 λοιπὸν
1815 1688 1902 1737 καὶ

303 1774 677 1849 ἀποφοιτῶμεν,
723 1780 811 1828 καὶ
844 1773 1215 1847 ἀναπίπτομεν.
1266 1775 1399 1829 Ἀλλ’
1434 1775 1690 1838 ἐπίπονον,
1722 1779 1901 1847 φησὶν,

2004 608 2168 679 quod
2193 608 2307 664 hoc
2338 616 2651 681 propterea
2685 608 2883 680 ipsum
2912 607 3338 678 interrogabat,
3377 612 3437 661 ut
3460 619 3671 677 argue-

2004 703 2091 751 ret
2107 699 2269 769 quod
2293 715 2413 770 prae
2427 700 2671 768 segnitie
2692 699 3334 755 frustraretursanitate
3359 713 3370 751 :
3390 694 3671 766 autquod

2009 804 2063 841 In
2090 787 2205 843 hoc
2222 790 2501 860 prodesse
2530 788 2637 843 sibi
2670 788 2863 857 vellet,
2892 793 2955 844 ut
2983 804 3122 843 eum
3159 789 3217 842 in
3248 786 3533 858 piscinam
3562 785 3672 840 im-

2008 880 2261 934 mitteret
2284 895 2296 932 :
2318 878 2445 934 ideo
2464 879 2642 934 etiam
2671 878 3007 949 respondet,
3027 876 3194 950 quod
3216 877 3295 932 ob
3318 876 3377 931 id
3411 876 3667 933 salutem

2008 982 2130 1022 non
2161 973 2642 1038 consequeretur,
2671 967 2815 1039 quia
2846 967 3151 1022 hominem
3182 981 3303 1021 non
3328 964 3595 1020 haberet.

2084 1056 2291 1111 Dioens
2321 1062 2523 1113 autem
2555 1078 2567 1112 :
2593 1057 2742 1112 Dum
2782 1057 2942 1113 venio
2986 1071 3105 1127 ego,
3128 1056 3281 1111 alius
3302 1062 3436 1110 ante
3463 1068 3551 1109 me
3576 1052 3670 1108 de-

2011 1146 2252 1211 scendit,
2274 1162 2445 1201 suam
2462 1146 2717 1201 ostendit
2737 1144 3235 1217 perseverantiam
3262 1160 3382 1216 qua
3399 1147 3479 1199 tot
3497 1141 3671 1198 annis

2013 1233 2351 1300 frustratus,
2371 1235 2571 1291 adhuc
2590 1241 2787 1290 tamen
2814 1236 3222 1307 perseverabat
3238 1238 3292 1289 et
3311 1248 3430 1289 non
3461 1232 3670 1304 despe-

2014 1325 2208 1392 rabat,
2235 1324 2416 1397 idque
2444 1340 2565 1380 non
2592 1326 2814 1395 segnis,
2848 1325 2947 1379 sed
2974 1324 3251 1380 detrusus
3283 1328 3336 1380 et
3384 1321 3665 1386 offensus,

2015 1430 2125 1471 nec
2156 1415 2239 1471 sic
2270 1415 2662 1485 negligentior
2686 1414 3072 1472 efﬁciebatur.

2088 1599 2204 1651 Nos
2237 1601 2435 1650 autem
2468 1594 2633 1650 brevi
2666 1594 2866 1667 aliquo
2898 1598 3167 1665 tempore
3202 1592 3516 1665 diligenter
3552 1592 3673 1645 Deo

2016 1690 2298 1750 astantes,
2331 1685 2515 1740 sinon
2545 1684 2931 1756 assequimur
2953 1683 3117 1755 quod
3148 1686 3446 1754 Optamus,
3478 1679 3676 1735 statim

2016 1775 2345 1832 omittimus
2359 1791 2429 1831 ac
2450 1776 2808 1839 recedimus,
2823 1774 3236 1847 pigrioresque
3257 1770 3585 1828 reddimur.
3604 1772 3675 1823 At

302 1868 332 1925 ή
366 1862 611 1927 διηνεκὴς
641 1870 916 1937 προσευχὴ
949 1886 961 1897 ·
990 1870 1080 1918 καὶ
1120 1869 1244 1917 ποία
1272 1863 1421 1939 ἀρετή
1476 1865 1570 1917 οὐκ
1618 1863 1853 1925 ἐπίπονος
1886 1880 1899 1929 ;

2041 1864 2387 1920 aboriosum
2432 1870 2537 1934 est,
2592 1864 2844 1936 inquies,
2890 1862 3171 1918 continue
3210 1876 3400 1916 orare.
3446 1859 3511 1913 Et
3540 1871 3676 1930 quas

303 1960 446 2009 Διότι
478 1952 536 2008 δὲ
569 1953 825 2025 ἐπίπονος,
858 1952 952 2007 διὰ
981 1962 1133 2007 τοῦτο
1164 1959 1254 2007 καὶ
1282 1951 1579 2029 ἐπικερδής.

377 2138 530 2205 Λέγει
579 2164 645 2174 -
680 2134 966 2207 περιπάτει.
1018 2133 1093 2186 Οὖ
1124 2138 1277 2205 μόνον
1308 2132 1604 2201 ἀνίστησιν,
1659 2131 1788 2185 ἀλλὰ
1816 2136 1906 2184 καὶ

303 2227 392 2277 τὸν
418 2222 711 2296 κράϐϐατον
742 2218 866 2295 ἆραι
900 2222 1109 2288 κελεύει,
1146 2224 1228 2274 ἶνα
1253 2225 1490 2295 πιστωθῇ
1524 2226 1582 2275 τό
1612 2225 1789 2295 θαῦμα
1816 2226 1905 2274 καὶ

304 2317 377 2385 μή
413 2308 541 2385 δόξῃ
575 2317 836 2383 φαντασία
880 2332 979 2373 τις.
1036 2312 1095 2365 Εἰ
1123 2316 1223 2385 γὰρ
1256 2317 1327 2383 μή
1369 2315 1631 2383 συνεπάγη
1688 2315 1753 2363 τὰ
1778 2312 1903 2384 μέλη

306 2400 553 2475 βεϐαίως,
587 2401 685 2453 οὐκ
714 2400 772 2453 ἂν
810 2406 894 2454 τόν
925 2400 1216 2477 κράϐϐατον
1250 2398 1478 2459 ἠδύνατο
1512 2405 1697 2475 φέρειν.

377 2584 538 2630 Τοῦτο
596 2573 655 2630 δὲ
712 2576 981 2648 πολλαχοῦ
1046 2582 1341 2643 πεποίηκεν,
1395 2577 1747 2650 ἐπιστομίζων
1791 2581 1909 2637 τοὺς

307 2664 677 2737 ἀναισχυντεῖν
712 2664 1078 2738 βουλομένους.
1110 2672 1209 2720 Καὶ
1238 2670 1337 2742 γὰρ
1386 2672 1476 2719 καὶ
1514 2666 1598 2719 ἐπὶ
1644 2675 1736 2720 τοῦ
1767 2670 1910 2741 παρά

306 2766 380 2827 τῷ
407 2758 657 2827 Ματθαίῳ
706 2756 1007 2831 παραλύτου
1062 2758 1252 2829 ὁμοίως
1299 2762 1571 2815 πεποιήκει
1628 2774 1639 2786 ·
1668 2762 1758 2809 καὶ
1827 2756 1911 2810 ἐπὶ

310 2855 411 2897 τῶν
463 2847 632 2919 οἰρτων
701 2842 795 2898 διὰ
846 2854 999 2898 τοῦτο
1037 2846 1256 2916 λείψανα
1310 2846 1474 2898 πολλὰ
1525 2848 1912 2919 παρεσκεύασεν

309 2934 684 3007 ὑπολειφθῆναι
709 2954 720 2966 ·
760 2954 847 3003 καῖ
892 2942 962 3005 τῷ
993 2937 1368 3008 καθαρισθέντι
1414 2936 1582 3009 λεπρῷ
1626 2934 1913 3009 προσέταξε

310 3021 485 3087 δεῖξαι
513 3024 693 3077 ἑαυτὸν
737 3032 808 3095 τῷ
858 3027 980 3098 ἱερεῖ
1014 3043 1026 3055 ·
1060 3029 1232 3078 καὶτὸ
1295 3022 1439 3098 ὕδωρ
1495 3023 1627 3079 οἶνον
1662 3030 1910 3089 ποιήσας,

310 3112 444 3168 εἶπεν
471 3113 726 3173 ἀντλῆσαι
756 3119 845 3167 καὶ
897 3113 1114 3185 ἐνεγκεῖν
1154 3124 1225 3185 τῷ
1258 3115 1637 3190 ἀρχιτρικλίνῳ
1682 3132 1692 3143 ·
1719 3119 1807 3166 καὶ
1838 3132 1914 3165 νε-

2011 1953 2197 2009 virtus
2213 1969 2330 2008 non
2345 1960 2426 2009 est
2444 1953 2746 2009 laboriosa
2760 1953 2788 2007 ?
2802 1954 3015 2007 Verum
3031 1949 3458 2007 sicutlaborem
3474 1947 3673 2017 habet,

2013 2048 2093 2099 ita
2118 2049 2174 2098 et
2203 2044 2435 2099 lucrum
2488 2042 2676 2098 affert.

2088 2134 2247 2188 Vers.
2276 2133 2330 2185 8.
2362 2133 2465 2187 Ait
2496 2163 2563 2172 -—
2587 2131 2849 2188 ambula.
2878 2131 3005 2185 Non
3038 2127 3233 2183 solum
3261 2127 3452 2196 erigit,
3486 2125 3591 2181 sed
3622 2128 3677 2179 et

2015 2222 2372 2292 grabbatum
2394 2222 2594 2277 tollere
2611 2222 2798 2292 jubet,
2833 2226 2896 2276 ut
2926 2218 3285 2275 miraculum
3316 2232 3448 2272 esse
3475 2214 3678 2271 creda-

2017 2319 2127 2379 tur,
2162 2318 2217 2368 et
2257 2328 2375 2367 non
2418 2317 2705 2383 appareat
2736 2310 3054 2383 phantasia
3081 2308 3305 2379 aliqua.
3350 2306 3466 2362 Nisi
3513 2306 3670 2360 enim

2017 2402 2292 2458 membra
2342 2402 2586 2457 ﬁrmiter
2641 2404 2959 2470 compacta
3027 2397 3237 2463 forent,
3294 2409 3675 2467 nequaquam

2017 2492 2375 2563 grabbatum
2396 2491 2546 2547 ferre
2560 2497 2819 2562 possent.

2090 2586 2208 2639 llos
2236 2587 2434 2638 autem
2468 2581 2690 2653 pluries
2729 2580 2882 2643 fecit,
2916 2593 3122 2633 eorum
3164 2576 3268 2649 qui
3300 2574 3680 2647 impudentes

2017 2688 2150 2728 esse
2180 2672 2405 2737 vellent,
2436 2687 2541 2727 ora
2571 2671 2905 2726 obstruens.
2952 2669 3105 2723 Nam
3136 2673 3192 2722 et
3242 2667 3300 2722 in
3332 2664 3677 2737 paralytico,

2019 2766 2094 2818 de
2120 2778 2242 2835 quo
2258 2762 2417 2833 apud
2444 2761 2781 2816 Matthzeum
2804 2760 2872 2824 ⁸ο,
2893 2757 3152 2813 similiter
3169 2756 3307 2813 fecit
3326 2772 3339 2821 ;
3359 2758 3416 2810 et
3436 2756 3491 2810 in
3516 2754 3679 2826 pani-

2025 2854 2131 2907 bus
2153 2852 2364 2907 eadem
2384 2852 2459 2907 de
2476 2856 2750 2913 causa,ut
2766 2850 3025 2921 plurima
3044 2847 3374 2916 fragmenta
3393 2844 3681 2915 relinque-

2024 2941 2564 3009 rentur,ordinavit
2588 2942 2630 2977 ⁸1
2656 2956 2668 3003 ;
2690 2945 2745 2994 et
2776 2940 2825 2993 ei
2849 2937 2951 3010 qui
2976 2954 3009 2992 a
3028 2938 3193 3008 lepra
3222 2934 3549 2991 mundatus
3570 2938 3677 2998 est,

2020 3032 2214 3103 jussit,
2233 3036 2291 3086 ut
2314 3049 2374 3085 se
2406 3028 2696 3085 sacerdoti
2725 3026 3157 3096 ostenderet“;
3184 3029 3396 3080 etcum
3426 3039 3497 3078 ex
3516 3038 3678 3094 aqua

2026 3122 2228 3176 vinum
2262 3121 2511 3187 fecisset,
2545 3116 2828 3190 prmcepit
2869 3122 2928 3170 ut
2976 3114 3304 3173 haurirent,
3336 3111 3677 3177 ferrentque

308 3208 432 3278 κρόν
465 3202 785 3268 ἀναστήσας,
827 3202 1102 3256 ἐνετείλατο
1156 3202 1340 3258 δοῦναι
1397 3205 1537 3276 αὐτῷ
1580 3211 1757 3277 φαγεῖν
1784 3221 1794 3233 ·
1823 3201 1909 3256 διὰ

2034 3208 2425 3265 architriclino
2437 3209 2484 3243 ⁸³
2502 3224 2515 3273 ;
2534 3213 2588 3262 et
2607 3222 2741 3262 cum
2763 3212 3060 3260 mortuam
3084 3200 3676 3272 suscitasset,prrece-

309 3302 410 3345 τῶν
440 3295 686 3345 τοιούτων
717 3294 921 3345 πάντων
947 3295 1136 3345 πείθων
1164 3298 1279 3355 τοὺς
1324 3293 1573 3354 ἀνοήτους
1603 3296 1683 3346 ὅτι
1714 3294 1807 3345 οὐκ
1834 3296 1915 3346 ἕσ-

308 3402 388 3436 τιν
415 3381 670 3449 ἀπατεὼν,
705 3381 832 3435 ἀλλά
849 3388 1024 3456 Σωτήρ
1051 3381 1246 3447 ἀληθής
1275 3393 1370 3447 τῆς
1397 3392 1567 3445 κοινῆς
1590 3393 1688 3436 τῶν
1715 3382 1913 3456 ἀνθρὼ-

308 3492 418 3526 πων
447 3474 666 3545 φύσεως.

386 3566 487 3615 Καὶ
518 3592 587 3602 -
646 3563 964 3634 περιεπάτει.
996 3561 1138 3635 ’Δμα
1190 3583 1244 3617 τε
1293 3568 1508 3633 ἤκουσε,
1540 3573 1629 3620 καὶ
1668 3567 1779 3639 ἅμα
1825 3576 1916 3627 τῆς

310 3652 490 3723 ύγείας
520 3650 826 3723 αἰσθόμενος
865 3652 1084 3726 ἠγέρθη,
1127 3658 1217 3706 καὶ
1246 3654 1425 3707 λοιπὸν
1463 3653 1629 3728 μηδὲν
1675 3656 1917 3727 ὑπολογι-

314 3744 533 3811 σάμενος
565 3736 657 3814 ήρε
682 3742 768 3792 τὸν
790 3739 1082 3814 κράϐϐατον
1113 3743 1273 3795 αὐτοῦ
1299 3750 1388 3797 καὶ
1417 3746 1734 3817 περιεπάτει.

380 3828 478 3881 Ἦν
525 3860 594 3869 -
619 3831 911 3903 περιπάτει.
953 3836 1088 3903 Ὅρα
1137 3832 1436 3906 παρρησίαν
1470 3852 1482 3864 ⁸
1527 3836 1585 3887 ού
1618 3841 1770 3908 μόνον
1814 3840 1914 3910 γὰρ

312 3917 407 3970 οὐκ
440 3917 651 3976 ἐπείσθη
674 3921 893 3981 τούτοις,
928 3917 1054 3971 ἀλλά
1083 3926 1170 3973 καὶ
1204 3926 1289 3973 τὸν
1308 3922 1575 3994 εὐεργέτην
1616 3925 1913 3998 ἀνεκήρυξε,

312 4013 403 4060 καὶ
434 4012 804 4081 προτιμότερον
836 4011 1041 4062 πάντων
1072 4009 1313 4082 ἀπέφηνε,
1339 4011 1495 4083 λέγων
1526 4032 1537 4042 ·
1567 4015 1790 4075 Ἐκεῖνός
1828 4035 1914 4087 μοι

314 4096 472 4161 εἶπεν,
536 4096 707 4168 ἐκείνῳ
768 4099 1037 4169 πείθομαι.
1106 4105 1206 4152 Καὶ
1264 4104 1366 4174 γὰρ
1433 4100 1619 4165 ἐκεῖνός
1672 4125 1734 4177 με
1765 4105 1917 4158 ἰασά-

313 4205 485 4259 μενος,
536 4186 722 4239 ἐκεῖνον
774 4188 990 4259 μείζονα
1039 4189 1242 4241 πάντων
1308 4192 1539 4263 νομίζειν
1594 4198 1916 4267 παρεσκεύα-

318 4296 426 4329 σεν.

390 4366 699 4441 Ἠρωτησαν
764 4398 831 4407 -
881 4371 1048 4438 τόπῳ.
1106 4367 1249 4441 Ἀμα
1332 4378 1403 4440 τῷ
1465 4373 1782 4444 θεραπεῦσαι
1830 4378 1918 4428 τὸν

2028 3301 2108 3373 pit
2130 3304 2193 3355 ut
2212 3300 2423 3355 darent
2453 3298 2528 3353 illi
2557 3297 2717 3370 quod
2742 3296 2943 3351 ederet
2964 3295 3010 3330 ⁸⁴
3036 3310 3048 3348 ;
3076 3292 3392 3347 insensatis
3416 3289 3678 3345 suadens

2024 3406 2131 3462 per
2146 3389 2350 3444 omnia
2370 3385 2809 3458 hujusmodi,se
2834 3399 2953 3439 non
2981 3398 3113 3438 esse
3132 3383 3545 3452 impostorem,
3569 3378 3674 3434 sed

2024 3496 2232 3536 verum
2277 3478 2645 3535 Salvatorem
2696 3474 3037 3531 communis
3074 3471 3388 3527 hominum
3424 3473 3673 3525 naturai.

2098 3570 2257 3624 Vers.
2300 3572 2350 3624 9.
2399 3570 2474 3623 Et
2502 3597 2571 3607 —-
2609 3564 2967 3622 ambulabat.
3022 3561 3194 3619 Simul
3231 3566 3288 3616 et
3329 3558 3579 3625 audivit,
3632 3561 3689 3614 et

2026 3659 2338 3715 sanitatem
2372 3658 2631 3712 sentiens
2657 3660 2883 3711 erectus
2910 3657 3036 3707 est:
3071 3653 3269 3723 itaque
3318 3648 3534 3704 nullius
3577 3647 3688 3703 ha-

2026 3750 2149 3804 bita
2190 3750 2437 3811 ratione,
2467 3746 2597 3801 tulit
2625 3744 2845 3800 lectum
2876 3758 3051 3797 suum
3090 3747 3145 3796 et
3170 3738 3539 3796 ambulabat.

2096 3838 2257 3892 Vers.
2287 3841 2338 3891 9.
2375 3838 2525 3891 Erat
2561 3866 2621 3875 -—
2656 3834 2816 3891 Vers.
2861 3837 2937 3887 10.
2982 3832 3247 3887 ambula.
3279 3828 3420 3884 Vide
3454 3827 3687 3883 liberta-

2026 3931 2144 3981 tem
2182 3944 2193 3982 :
2221 3942 2414 3998 neque
2461 3926 2622 3980 enim
2664 3924 2857 3979 solum
2890 3937 3009 3977 non
3041 3918 3307 3976 obedivit
3334 3918 3465 3981 illis,
3499 3917 3602 3972 sed
3633 3921 3690 3973 et

2027 4017 2299 4071 beneﬁcii
2352 4020 2655 4070 auctorem
2708 4010 3054 4083 praedicavit
3100 4025 3170 4065 ac
3227 4007 3510 4063 omnibus
3538 4020 3689 4076 prae-

2029 4108 2374 4161 stantiorem
2409 4101 2849 4161 demonstravit
2898 4099 3120 4155 dicens-
3174 4100 3301 4167 Ipse
3354 4095 3500 4151 mihi
3539 4093 3690 4151 dixit

2028 4196 2141 4268 ipsi
2183 4195 2419 4251 obedivi
2454 4210 2465 4248 :
2509 4193 2804 4265 siquidem
2854 4206 2986 4245 eum
3017 4188 3117 4261 qui
3160 4203 3254 4242 me
3299 4201 3515 4242 sanum
3556 4184 3692 4240 fecit
3735 4250 3753 4262 θ

2028 4287 2319 4356 majorem
2365 4284 2592 4338 cunctis
2618 4282 2835 4336 ducere
2862 4278 3116 4335 decrevi.

2105 4378 2261 4431 Vers.
2294 4376 2377 4428 1'2.
2408 4368 3203 4441 Interrogaverunt—Vers.
3236 4362 3610 4420 Loco.Simul
3628 4367 3691 4418 ut

316 4457 610 4529 ἄνθρωπον,
653 4454 878 4519 ἐξένευσε
923 4453 1016 4509 διὰ
1066 4462 1151 4510 τόν
1206 4458 1385 4530 ὄχλον,
1422 4469 1575 4513 τοῦτο
1601 4466 1691 4534 μὲν
1722 4466 1909 4537 φεύγωι

2034 4465 2331 4521 hominem
2349 4478 2454 4517 san
2464 4468 2688 4527 averat,
2707 4459 3065 4514 subduxerat
3078 4474 3139 4511 se
3154 4462 3393 4528 propter
3414 4453 3686 4509 turbam:

316 4548 406 4597 τὸν
435 4547 580 4619 παρά
608 4554 707 4598 τῶν
761 4546 1239 4621 εύγνωμονεστέρων
1271 4551 1495 4616 ἔπαινόν,
1546 4561 1699 4604 τουτο
1749 4550 1807 4606 δὲ
1836 4574 1921 4608 πε-

316 4639 579 4708 ρικόπτων
606 4638 692 4686 τὸν
716 4639 856 4708 παρά
885 4644 981 4687 τῶν
1013 4635 1472 4711 ἀγνωμονεστέρων
1503 4642 1703 4712 φθόνον.
1763 4646 1922 4699 Εἶωθε

317 4726 421 4797 γὰρ
443 4723 686 4785 πολλάκις
711 4724 827 4795 ὄψις
848 4730 1001 4797 μόνον
1042 4733 1133 4779 τοῦ
1150 4729 1494 4800 φθονουμένου
1523 4729 1711 4789 πολλὴν
1740 4729 1923 4784 ένιέναι

319 4814 506 4886 φλόγα.

397 4902 543 4955 Μετά
608 4909 772 4954 ταῦτα
818 4932 887 4942 -
933 4907 1163 4974 γένηται.
1218 4907 1664 4979 Παρακμάσοίντος
1694 4905 1801 4967 ἤδη
1835 4915 1923 4962 καὶ

320 5000 415 5045 τοῦ
446 4993 709 5053 θαύματος
767 4996 855 5044 καὶ
912 5001 1004 5044 τοῦ
1056 4995 1222 5066 θυμοῦ
1261 5003 1362 5046 τῶν
1405 4993 1696 5067 Ἰουδαίων,
1749 4997 1924 5071 ἐντυγ-

320 5084 478 5155 χάνει
518 5080 695 5134 λοιπὸν
753 5088 824 5151 τῷ
876 5083 1258 5156 θεραπευθέντι,
1293 5083 1447 5137 θέλων
1500 5084 1783 5158 βελτιὼσαι
1834 5095 1922 5142 καὶ

323 5177 418 5230 τὴν
448 5170 635 5242 ψυχὴν
691 5170 805 5242 (88)
867 5171 1047 5227 αὐτοῦ.
1104 5173 1354 5247 Εὐρίσκει
1411 5171 1471 5227 δε
1520 5175 1674 5228 αὐτὸν
1724 5176 1816 5229 οὐκ
1874 5177 1922 5231 ἄν

323 5263 491 5314 όνέσει
522 5265 612 5313 καὶ
657 5261 913 5335 ῥᾳθυμίᾳ,
973 5260 1081 5313 ἀλλ’
1107 5261 1155 5314 ἐν
1186 5271 1257 5333 τῷ
1311 5265 1427 5338 ἱερῷ
1476 5271 1921 5339 προσευχόμενον,

398 5440 447 5475 ⁸ο
471 5438 664 5496 \latth.
692 5454 771 5507 ιι,
805 5444 855 5496 6.

935 5441 979 5477 ⁸¹
1010 5440 1202 5497 Matth.
1230 5457 1350 5509 xw,
1399 5443 1487 5497 20.
1522 5484 1525 5485 ν
1565 5442 1612 5479 ⁸³
1640 5444 1838 5501 Matth.
1869 5461 1983 5512 vm,
2012 5446 2066 5501 4.

2031 4556 2241 4628 partim
2273 4552 2518 4625 quidem
2551 4550 2811 4619 fugitans
2843 4547 3077 4602 laudem
3109 4560 3415 4617 aequorum
3452 4542 3691 4615 .partim

2033 4661 2169 4700 vero
2208 4642 2493 4699 invidiam
2542 4645 2865 4711 amputans
2911 4637 3278 4708 iniquorum,
3333 4632 3487 4691 Solet
3531 4632 3691 4688 enim

2032 4735 2371 4806 frequenter
2393 4731 2553 4785 solus
2579 4730 2709 4799 ejus
2735 4731 3108 4798 conspectus,
3164 4723 3259 4779 cui
3296 4723 3419 4795 quis
3446 4721 3691 4786 invidet,

2034 4823 2283 4879 multam
2311 4819 2622 4876 infundere
2650 4816 2963 4873 ﬂammam
2992 4816 3112 4869 iraa.

2106 4912 2273 4967 Vers.
2316 4914 2394 4964 14.
2424 4908 2684 4964 Posthac
2712 4938 2779 4946 —
2808 4905 3137 4973 contingat.
3174 4904 3317 4958 Cum
3346 4900 3473 4972 jam
3502 4904 3557 4956 et
3588 4899 3695 4954 mi-

2033 5001 2218 5057 raculi
2248 5015 2453 5054 rumor
2490 4996 2800 5052 defecisset
2849 5000 2906 5049 et
2949 4998 3149 5050 tumor
3202 4990 3565 5055 Judaeorum,
3598 5004 3695 5044 oc-

2035 5090 2214 5145 currit
2251 5088 2302 5146 ei
2329 5088 2431 5160 qui
2459 5092 2705 5142 sanatus
2748 5085 2956 5151 fuerat,
3001 5080 3205 5137 volens
3243 5079 3505 5135 animam
3540 5091 3697 5150 quo-

2034 5196 2153 5252 que
2192 5178 2323 5234 illus
2357 5176 2657 5231 meliorem
2700 5173 2962 5240 reddere,
3013 5170 3229 5242 reperit
3282 5183 3420 5223 eum
3463 5180 3585 5223 non
3634 5165 3695 5221 in

2034 5270 2154 5327 otio
2192 5273 2247 5324 et
2279 5267 2541 5337 segnitie,
2593 5265 2696 5320 sed
2759 5266 2817 5320 in
2872 5258 3097 5331 templo
3146 5264 3417 5315 orantem
3479 5262 3543 5312 ut
3570 5255 3695 5329 opi-

2144 5448 2191 5482 ³³
2217 5446 2389 5500 Joan.
2421 5462 2477 5509 ιι,
2506 5441 2563 5498 8.
2650 5441 2697 5478 ⁸⁴
2723 5441 2861 5496 Luc.
2888 5456 3005 5505 vui,
3036 5440 3121 5494 55.

1563 5649 1780 5720 Varia
1810 5650 2137 5722 lectiones
2171 5661 2236 5719 et
2268 5658 2468 5719 notas.

403 5843 519 5915 (88)
545 5843 757 5899 Ἑαυτοῦ
778 5853 841 5904 Β.
