4156 6424
450 390 579 449 1211
1766 396 2091 455 EUTHYMI

2202 397 2491 455 lGABENl
3694 392 3836 455 ηις

448 536 657 589 nor,ac
676 522 795 578 Deo
825 522 1049 593 gratias
1067 527 1343 593 agentem
1376 540 1386 579 :
1421 526 1478 580 et
1501 524 1782 581 admonet
1809 525 1999 592 illum,
2032 541 2089 580 ni

2221 522 2391 598 οἶμαι,
2444 531 2530 578 xui
2592 524 2982 599 εὐχαριστήρια
3036 532 3106 596 τῷ
3156 532 3271 597 Θεῷ
3323 520 3671 579 ἀποδιδόντα.
3729 528 3833 579 Καὶ

447 611 726 683 deinceps
758 617 982 683 peccet,
1014 614 1352 680 ostendens,
1404 614 1565 687 quod
1596 619 1836 687 propter
1864 620 2088 685 peccat:

2220 622 2463 690 παραινεῖ
2516 620 2605 678 μὲν
2686 621 2873 689 μηκέτι
2949 616 3283 691 ἁμαρτάνειν,
3338 611 3587 669 δεικνύων
3641 617 3722 668 ὅτι
3780 615 3833 679 ἕξ

449 702 798 771 aegrotabat.
851 704 1100 758 Minatur
1133 708 1331 759 autem
1369 706 1609 773 gravius
1637 705 2033 775 puniendum,
2064 722 2088 758 s

2221 705 2488 778 ἁμαρτιῶν
2539 706 2705 759 ἐνόσει
2743 726 2755 738 ·
2827 704 3025 758 ἀπειλεῖ
3074 703 3153 770 δι,
3222 706 3266 757 εἰ
3324 704 3477 757 πάλιν
3534 704 3831 779 ἁμαρτήσει

448 794 801 865 peccaverit,
861 793 1080 849 docens
1110 810 1213 850 eos
1266 797 1369 866 qui
1409 800 1545 868 post
1602 812 1849 868 pmnam
1882 802 2085 867 peccat

2220 800 2439 867 χείρονα
2465 794 2699 861 κόλασιν,
2764 792 3038 848 διδάσκων
3071 798 3139 856 ὡς
3170 796 3219 846 οἱ
3248 797 3377 867 μετὰ
3422 798 3515 853 τήν
3557 792 3610 857 ἐξ
3664 795 3832 867 ἁμαρ-

448 898 655 937 rursus
687 881 1060 956 delinquunt,
1091 884 1364 939 attrocius
1406 885 1764 957 puniendos,
1819 890 2089 957 tanquan

2220 889 2335 944 τίσις
2414 890 2667 957 τιμωρίαν
2743 884 2897 937 πάλιν
2976 883 3377 957 ἁμαρτάνοντες,
3466 883 3830 957 χαλεπώτερον

448 970 784 1028 insensatos
828 989 897 1029 ac
926 978 1385 1045 contemptores,
1426 975 1548 1030 sive
1581 976 1638 1030 in
1665 975 1941 1048 praesenti
1967 974 2086 1030 vita

2220 975 2681 1047 τιμωρηθήσονται
2738 976 2806 1034 ὡς
2859 973 3171 1032 ἀναίσθητοι
3251 980 3343 1026 καὶ
3415 979 3829 1047 καταφρονηταὶ,

450 1060 577 1117 sive
615 1062 676 1117 in
706 1062 925 1128 futura,
961 1063 1086 1119 sive
1115 1063 1177 1118 in
1211 1069 1474 1137 utraque.

2220 1065 2319 1114 εἴτε
2350 1062 2396 1114 ἐν
2424 1072 2484 1136 τῇ
2518 1066 2757 1137 παρούσῃ
2792 1064 2899 1136 ζωῇ
2931 1066 3028 1117 εἴτε
3054 1062 3101 1116 ἐν
3122 1064 3205 1135 {tri
3240 1062 3498 1136 μελλούσῃ
3532 1065 3631 1116 εἴτε
3655 1068 3744 1115 καὶ
3779 1062 3829 1115 ἐν

2222 1150 2559 1227 ἀμφοτέραις.

521 1238 689 1304 Quod
720 1238 769 1293 si
801 1244 1182 1312 peccatorum
1220 1239 1583 1312 supplicium
1631 1240 1864 1297 duravit
1893 1241 1987 1297 hic
2018 1241 2114 1297 tri-

2295 1241 2352 1294 Ei
2410 1239 2469 1295 δι
2530 1241 2751 1295 ἐνταῦθα
2815 1242 3025 1303 κόλασις
3081 1241 3347 1315 ἁμαρτιῶν
3424 1242 3691 1314 παρετάθη
3756 1241 3830 1304 εἰς

444 1327 611 1397 ginta
636 1333 691 1385 et
720 1334 852 1385 acto
885 1345 1099 1393 annos.
1134 1329 1427 1401 quidnam
1446 1330 1662 1403 poterit
1690 1330 1994 1404 quispiam
2024 1331 2085 1386 di

2222 1338 2637 1404 τριακονταοκτὼ
2690 1335 2801 1397 ἔτη,
2853 1336 2904 1384 τί
2959 1333 3021 1383 ἄν
3071 1351 3147 1393 τις
3200 1334 3336 1383 εἴποι
3383 1337 3502 1405 περὶ
3554 1340 3649 1392 τῆς
3726 1329 3834 1383 ἐκεῖ

448 1418 1226 1490 ceredet‘uturosupplicio?
1256 1419 1483 1491 Utique,
1502 1420 1665 1492 quod
1693 1426 1978 1476 internum
2008 1420 2089 1476 eri

2222 1421 2477 1482 κολάσεως
2512 1439 2524 1488 ;
2560 1421 2761 1483 Ὄντως
2806 1423 2908 1496 γὰρ
2958 1420 3294 1483 ἀτελεύτητός
3324 1419 3439 1474 ἕστι
3469 1424 3553 1472 καὶ
3598 1419 3826 1483 αἰώνιος.

447 1522 517 1563 ac
545 1505 666 1562 ﬁne
696 1522 927 1562 carens.
963 1510 1164 1579 Neque
1195 1514 1392 1564 tamen
1427 1524 1638 1563 omnes
1686 1508 1879 1564 morbi
1919 1525 1955 1565 a
1981 1525 2088 1581 pec

2224 1514 2357 1565 Οὔτε
2389 1511 2447 1566 δὲ
2474 1519 2645 1565 πᾶσαι
2695 1515 2748 1565 αἱ
2789 1517 2934 1565 νόσοι
2966 1511 3018 1575 ἐξ
3064 1513 3331 1585 ἁμαρτιῶν
3371 1516 3654 1576 τίκτόνται,
3710 1516 3830 1564 οὔτε

447 1597 589 1652 catis
620 1596 913 1667 oriuntur,
953 1609 1148 1669 neque
1189 1613 1400 1653 omnes
1429 1602 1772 1670 peccatores
1798 1604 2087 1669 aegrotant

2222 1606 2407 1665 πάντες
2458 1604 2505 1654 οἱ
2550 1601 2927 1675 ἁμαρτάνοντες
2978 1609 3195 1653 νοσουσι
3229 1621 3242 1634 ·
3281 1605 3379 1654 Καὶ
3433 1602 3458 1652 6
3505 1606 3824 1673 μνημονευόο

447 1685 809 1758 Paralyticus
847 1702 1109 1759 quoque,
1155 1687 1229 1742 de
1260 1704 1378 1759 quo
1437 1688 1599 1759 apud
1655 1688 1990 1745 Matthasum
2047 1688 2085 1744 ﬁ

2220 1712 2371 1765 μενος
2402 1688 2460 1744 δε
2490 1693 2589 1743 ὑπὸ
2616 1693 2885 1745 Ματθαίου
2904 1689 3259 1765 παραλυτικὸς
3279 1688 3331 1753 ἐξ
3359 1688 3625 1764 ἁμαρτιῶν
3638 1692 3825 1756 ἐνόσει,

448 1776 689 1842 mentio,
722 1781 959 1847 propter
989 1781 1303 1848 peccatum
1329 1780 1679 1847 mgrotabat,
1707 1783 1767 1832 ut
1793 1777 1870 1832 ibi
1903 1778 2085 1834 distin

2221 1784 2393 1842 καθὼς,
2422 1780 2523 1833 ἐκεῖ
2549 1778 2852 1838 διεῧηπται
2887 1798 2898 1810 ·
2948 1777 2983 1833 δ
2988 1784 3034 1832 ιό
3086 1784 3173 1832 καὶ
3204 1782 3328 1852 πρὸς
3358 1778 3544 1832 ἓκεῖνον
3575 1783 3778 1854 εἴρηκεν
3815 1799 3826 1810 ·

448 1866 647 1936 guitur
678 1886 689 1924 :
724 1865 860 1921 ideo
884 1866 1066 1923 etiam
1092 1866 1243 1923 dixit
1264 1867 1344 1924 illi
1377 1884 1387 1922 :
1420 1869 1667 1924 Remissa
1689 1874 1822 1924 sunt
1847 1868 1954 1923 tibi
1980 1882 2087 1935 pec

2222 1869 2504 1942 Ἀφέωνταί
2568 1890 2651 1922 σοι
2683 1872 2736 1922 αἱ
2768 1870 3021 1943 ἁμαρτίαι
3054 1888 3167 1921 σου.
3209 1871 3305 1921 Διὰ
3351 1877 3451 1920 τῶν
3481 1871 3727 1921 τοιούτων
3768 1866 3829 1923 δε

447 1961 580 2011 cata
610 1962 705 2011 tua
744 1958 813 2011 ⁸⁵.
841 1957 952 2012 Per
979 1956 1127 2012 tales
1177 1963 1371 2012 autem
1424 1959 1701 2014 admovet
1745 1974 1976 2022 omnes,
2007 1973 2088 2012 eo:

2219 1958 2561 2033 παραγγέλλει
2616 1966 2768 2025 πᾶσι,
2816 1966 2924 2020 τοῖς
2953 1962 3041 2030 μὲν
3082 1962 3235 2029 μήπω
3257 1961 3523 2014 νοσήσασι
3554 1956 3828 2030 φοϐεῖσθαι

446 2045 711 2118 quidem,
738 2046 842 2118 qui
874 2046 1145 2102 nondum
1177 2052 1628 2116 tegrotaverunt.
1666 2052 1729 2102 ut
1762 2048 2010 2103 timeant
2036 2064 2087 2101 ne

2220 2054 2290 2120 μὴ
2315 2054 2607 2111 νοσὴσῶσι,
2638 2055 2722 2100 καὶ
2759 2045 3105 2123 διορθοῦσθαι
3140 2063 3152 2075 ⁸
3180 2054 3286 2108 τοῖς
3321 2041 3379 2099 δί
3409 2043 3517 2105 ἤδη
3559 2053 3827 2105 νοσήσασι

450 2135 663 2190 morbo
708 2134 1121 2206 corripiantur,
1152 2140 1208 2192 et
1263 2136 1344 2192 ita
1370 2137 1744 2206 corrigantur
1776 2158 1788 2201 ς
1832 2152 1935 2191 eos
1969 2152 2091 2191 verc

2221 2136 2493 2209 φοϐεῖσθαι
2524 2144 2595 2211 μὴ
2624 2144 2898 2196 νοσήσωσι
2947 2144 3127 2210 χεῖρον
3166 2140 3256 2188 καὶ
3287 2134 3673 2209 ἀσφαλίζεσθαι
3698 2156 3828 2211 προς

442 2223 546 2295 qui
563 2224 690 2294 jam
718 2224 927 2280 morbo
966 2226 1416 2295 subiacuerunt,
1474 2230 1534 2281 ut
1564 2226 1811 2282 timeant
1849 2241 1922 2281 ne
1953 2225 2110 2281 dete-
2220 2230 2277 2278 τό
2308 2226 2505 2299 μέλλον.

440 2312 565 2369 rius
596 2318 904 2382 aegrotent,
942 2319 999 2370 et
1023 2314 1300 2387 deinceps
1332 2315 1565 2372 cautius
1596 2315 1819 2371 vivant.

514 2403 778 2475 Quisque
808 2419 952 2473 ergo
983 2410 1273 2469 nostrum,
1311 2404 1362 2460 si
1415 2406 1541 2475 jam
1589 2404 1918 2472 mgrotavit,
1949 2404 2109 2460 dicat

2294 2410 2393 2457 Καὶ
2450 2407 2595 2477 ἡμῶν
2636 2402 2723 2457 οὖν
2768 2406 3005 2467 ἕκαστος,
3054 2404 3097 2457 εἰ
3144 2408 3234 2477 μὶν
3283 2401 3391 2463 ἤδη
3444 2406 3706 2469 νενόσηκε,
3747 2401 3827 2455 )1-

442 2491 605 2563 apud
634 2509 763 2549 sese
796 2512 808 2548 :
846 2494 995 2550 Ecce
1023 2510 1204 2549 sanus
1228 2496 1433 2563 factus
1475 2509 1548 2558 es,
1583 2510 1697 2549 non
1727 2509 1921 2563 pecces
1944 2494 2083 2549 dein

2217 2498 2349 2565 γέτω
2429 2499 2556 2568 πρὸς
2633 2495 2811 2547 εαυτόν
2874 2512 2885 2524 ⁸
2942 2491 3054 2548 Ἴδε
3114 2496 3265 2565 ὑγιὴς
3319 2498 3558 2566 γέγονας,
3638 2496 3828 2565 μηκέτι

441 2597 589 2653 ceps,
619 2598 693 2637 ne
714 2583 859 2654 quid
887 2584 1139 2640 deterius
1170 2584 1276 2639 tibi
1295 2586 1616 2653 contingat.
1651 2584 1822 2650 Quod
1873 2583 1920 2638 si
1964 2600 2081 2639 non

2218 2583 2500 2657 ἁμάρτανε,
2572 2588 2657 2636 ἵνα
2731 2588 2801 2656 μή
2854 2591 3036 2658 χεῖρόν
3110 2589 3159 2635 τί
3215 2603 3300 2636 σοι
3351 2588 3586 2655 γένηται,
3630 2581 3673 2635 εἰ
3767 2578 3826 2633 δὲ

441 2670 585 2727 dum
616 2671 823 2727 morbo
864 2672 1140 2729 detentus
1195 2679 1300 2737 est,
1344 2673 1741 2745 apostolicum
1793 2672 2082 2729 oraculun

2218 2676 2361 2725 οὔπω
2418 2679 2706 2737 νενόσηκεν,
2759 2670 2993 2746 ἐπᾳδέτω
3046 2672 3209 2744 ἑαυτῷ
3270 2675 3328 2724 τὸ
3376 2671 3719 2725 ἁποστολικόν
3742 2670 3825 2723 λό-

442 2760 605 2831 apud
630 2777 690 2815 se
716 2762 993 2817 decantet
1037 2779 1049 2817 :
1081 2764 1317 2818 Bonitas
1362 2764 1468 2820 Dei
1504 2764 1586 2819 ad
1629 2764 2026 2834 paenitentiam
2055 2770 2083 2817 ες

2217 2782 2350 2833 γιον,
2406 2765 2485 2815 ὅτι
2536 2767 2607 2815 Τό
2661 2766 2902 2835 χρηστόν
2958 2782 3048 2815 του
3116 2769 3249 2815 Θεοῦ
3305 2762 3376 2823 εἰς
3433 2762 3707 2833 μετάνοιάν
3768 2779 3826 2813 σε

440 2849 672 2916 invitat,
698 2852 802 2907 sed
812 2853 998 2921 juxta
1018 2853 1301 2909 duritiem
1328 2861 1490 2909 tuam
1519 2860 1573 2909 et
1595 2869 1699 2909 cor
1726 2853 2081 2923 impaenitens

2219 2853 2354 2922 ἄγει.
2413 2855 2549 2904 κατὰ
2598 2849 2657 2905 δὲ
2704 2857 2795 2910 τὴν
2853 2851 3181 2925 σκληρότητά
3245 2870 3339 2903 σου
3407 2856 3498 2903 καὶ
3581 2853 3829 2923 ἀμετανό-

441 2938 589 2994 iram
620 2940 729 2995 tibi
750 2940 1011 2997 recondis
1059 2942 1127 2993 ⁸⁸.
1176 2944 1300 2997 Non
1348 2941 1544 2997 solum
1586 2946 1781 2997 autem
1838 2941 2075 3013 corpori

2221 2960 2341 2999 ητον
2368 2938 2594 3013 καρδίαν
2629 2941 2965 3016 θησαυρίζεις
2998 2949 3200 3010 σεαυτῴ
3232 2939 3413 3013 ὀργήν,
3466 2939 3542 2992 Ού
3585 2943 3738 3011 μόνον
3770 2936 3828 2991 δὲ

444 3030 713 3085 membra
740 3030 1076 3099 astringens
1100 3047 1271 3086 suam
1300 3031 1555 3087 ostendit
1578 3030 1975 3095 divinitatem,
2003 3047 2085 3085 εει

2220 3040 2291 3101 τῷ
2357 3031 2573 3103 σφίγξαι
2631 3035 2687 3083 τό
2743 3040 2895 3103 σῶμα
2948 3035 3214 3105 παρέσχεν
3284 3029 3424 3101 αὐτῷ
3480 3038 3577 3091 τῆς
3633 3028 3829 3091 οἰκείας

442 3119 615 3176 etiam
644 3119 850 3176 dicens
884 3136 897 3176 :
931 3122 1067 3178 Non
1092 3138 1283 3192 pecces
1322 3121 1582 3191 deinceps
1617 3138 1630 3188 ;
1665 3120 1955 3194 siquidem
1987 3136 2083 3177 om

2224 3122 2464 3182 θεότητος
2494 3118 2783 3185 ἀπόδειξιν,
2814 3119 2941 3172 ἀλλὰ
2969 3126 3058 3171 καὶ
3088 3128 3160 3189 τῷ
3213 3119 3389 3171 εἰπεῖν·
3426 3122 3628 3176 Μηκέτι
3659 3116 3826 3191 ἀμάρ-

441 3208 542 3264 nia
567 3224 629 3265 se
686 3226 867 3267 nosse
917 3211 1294 3282 signiﬁcavit,
1347 3212 1736 3284 quantumvis
1790 3211 1970 3267 etiam
2022 3226 2082 3266 ar

2220 3229 2355 3264 τανε.
2404 3217 2500 3263 Καὶ
2529 3214 2630 3283 γὰρ
2654 3207 2912 3268 ἐδήλωσεν
2944 3212 3023 3262 ὅτι
3052 3211 3219 3261 πάντα
3239 3204 3370 3274 οἶδε,
3391 3210 3559 3261 καὶτὰ
3590 3206 3829 3282 ἀπόρρη-

449 3315 623 3355 cana.
2153 3315 2187 3323 "
2219 3320 2303 3353 τα.

512 3388 676 3445 Vers.
713 3390 796 3445 l5.
832 3390 1072 3446 Abiit—
1099 3407 1334 3447 sanum.
1365 3390 1517 3446 Abiit
1540 3394 1596 3446 et
1625 3390 1921 3446 nuntiavit
1947 3408 1960 3456 ;
1990 3405 2110 3445 non

2293 3388 2545 3449 Ἀπῆλθεν
2601 3421 2665 3431 -
2715 3390 2862 3461 ύγιῆ.
2921 3387 3151 3447 Ἀπῆλθε
3207 3392 3295 3439 καὶ
3341 3386 3659 3458 ἀνήγγειλεν,
3720 3385 3829 3457 οὐχ

439 3479 1001 3552 tauquaminiquus,
1023 3486 1084 3536 ut
1112 3481 1409 3554 proderet,
1446 3480 1545 3535 sed
1581 3485 1868 3553 tanquam
1905 3485 2077 3551 gratu

2222 3482 2288 3541 ὡς
2348 3478 2593 3549 ἀγνώμων
2646 3480 2726 3530 ἶνα
2776 3474 3063 3551 προδώσει,
3126 3475 3235 3527 ἀλλ’
3281 3479 3350 3538 ὡς
3422 3475 3693 3547 εύγνωμων
3744 3475 3828 3526 ἱνα

440 3573 505 3624 ut
533 3568 975 3625 benefactorem
1031 3569 1388 3639 divulgaret.
1450 3573 1598 3625 Nam
1650 3569 2009 3625 beneﬁcium
2042 3585 2075 3623 a

2218 3568 2520 3642 ἀνακηρύξη
2592 3571 2676 3619 τόν
2734 3567 3019 3640 εὐεργέτην.
3078 3566 3248 3624 Ἰκανὴ
3306 3568 3405 3638 γὰρ
3458 3570 3548 3617 καὶ
3596 3566 3626 3620 ἡ
3689 3564 3828 3636 εὐερ-

442 3658 621 3713 ωὶηω
653 3657 1051 3724 sufﬁciebant,
1081 3670 1143 3715 ut
1164 3675 1302 3714 eum
1356 3658 1415 3714 in
1438 3657 1635 3713 ofﬁcio
1692 3660 2065 3714 continerent

2217 3663 2374 3727 γεσίοι
2437 3662 2526 3708 καὶ
2583 3658 2612 3714 ἡ
2673 3655 2853 3713 (insilia
2902 3655 3143 3727 ἐπισχεῖν
3201 3655 3375 3706 αύτόν.
3431 3658 3531 3707 Καὶ
3572 3652 3631 3705 ού
3670 3658 3826 3725 μόνον

438 3761 551 3801 nec
580 3746 672 3801 his
699 3752 931 3803 tantum
964 3746 1241 3817 alligatus
1272 3753 1416 3813 erat,
1474 3763 1674 3802 verum
1735 3748 1912 3803 etiam
1949 3749 2079 3803 time

2220 3742 2421 3817 ᾐδέσθη
2451 3744 2530 3810 ὄιν,
2566 3744 2693 3796 ἀλλὰ
2721 3749 2809 3797 καὶ
2856 3744 3081 3817 ἐφοϐήθη
3117 3749 3185 3816 μή
3237 3763 3288 3795 τι
3327 3751 3507 3815 χεῖρον
3538 3744 3703 3814 πάθῃ,
3732 3762 3824 3814 με·

439 3833 546 3891 bat
583 3850 659 3890 ne
682 3834 827 3907 quid
859 3835 1115 3892 deterius
1147 3842 1467 3908 pateretur.
1502 3836 1827 3892 Praesertim
1863 3837 2023 3908 quod
2060 3854 2080 3889 ε

2216 3839 2407 3905 γίστην
2431 3833 2596 3886 λαϐὼν
2630 3831 2896 3896 ἀπόδειξιν
2950 3843 3040 3895 τῆς
3088 3841 3178 3885 τοῦ
3211 3832 3474 3905 εὐεργέτου
3522 3829 3815 3903 δυνάμεως,

437 3938 574 3979 eum
590 3926 838 3996 prodere
851 3925 1153 3991 voluisset,
1169 3942 1554 3999 nequaquam
1575 3925 1821 3981 dixisset
1836 3924 1999 3997 quod
2020 3926 2078 3981 Je

2218 3923 2414 3984 ’Ἄλλως
2460 3944 2514 3977 τε
2552 3929 2638 3975 καὶ
2669 3924 2712 3975 εἰ
2742 3920 3031 3995 προδοῦναι
3071 3931 3251 3975 τοῦτον
3307 3921 3559 3990 ἐϐούλετο,
3615 3922 3709 3973 οὐκ
3762 3921 3824 3972 ἂν

440 4014 921 4086 susesset,quise
947 4022 1238 4081 sanasset,
1274 4016 1378 4071 sed
1407 4016 1569 4089 quod
1594 4015 1621 4070 J
1630 4032 1767 4071 esus
1800 4020 1976 4082 esset,
2002 4031 2081 4086 qu

2217 4010 2349 4065 εἶπεν
2398 4014 2479 4065 ὅτι
2522 4013 2725 4073 Ἰησοῦς
2764 4012 2904 4063 ἐστιν
2937 4014 2962 4063 6
2997 4016 3223 4071 ποιήσας
3266 4030 3329 4084 με
3364 4012 3485 4080 ὑγιῆ
3522 4030 3534 4042 ο
3580 4009 3687 4061 ἀλλ’
3742 4013 3824 4062 ὅτι

439 4101 704 4169 dixisset,
737 4104 790 4159 ei
832 4120 845 4161 :
883 4105 1039 4161 Tolle
1067 4106 1405 4175 grabbatum
1434 4113 1599 4162 tuum
1643 4113 1693 4161 et
1719 4105 1977 4161 ambula.
2007 4106 2075 4158 Ju

2214 4100 2417 4163 Ἰησοῦς
2444 4102 2584 4154 ἐστιν
2616 4104 2640 4154 6
2669 4103 2820 4154 εἰπών
2848 4121 2960 4173 μοι,
2993 4100 3149 4172 Ἀρον
3181 4104 3267 4153 τὸν
3299 4098 3595 4175 προίϐϐατόν
3616 4118 3710 4151 σου
3734 4105 3823 4151 καὶ

436 4191 545 4247 diei
575 4192 732 4249 enim
757 4194 1109 4266 qumrebant
1135 4195 1358 4252 discere
1390 4211 1509 4249 non
1534 4195 1666 4267 quis
1697 4194 1932 4249 fecisset
1964 4210 2077 4248 eun

2211 4195 2501 4265 περιπάτει.
2528 4195 2593 4244 Oi
2614 4195 2713 4267 γὰρ
2751 4187 3001 4244 Ἰουδαῖοι
3027 4192 3207 4262 μαθεῖν
3226 4188 3442 4250 ἐζήτουν
3466 4188 3522 4239 οὗ
3546 4191 3625 4248 τίς
3647 4187 3820 4245 ἐποίηο

439 4296 676 4350 sanum,
713 4281 819 4337 sed
846 4282 981 4355 quis
996 4283 1234 4339 dixisset
1264 4283 1341 4338 illi
1368 4300 1380 4338 :
1415 4283 1568 4339 Tolle
1590 4283 1910 4353 groblalum
1937 4289 2080 4337 tuun

2213 4302 2295 4334 σεν
2327 4282 2479 4334 αὐτόν
2510 4284 2656 4353 ὑγιῆ,
2702 4281 2827 4333 ἀλλὰ
2857 4285 2934 4342 τίς
2966 4282 2990 4331 6
3012 4281 3162 4332 εἰπὼν
3202 4278 3526 4352 mirgaprer
3546 4283 3630 4329 τόν
3657 4279 3820 4344 κράϐ-

436 4378 489 4426 et
518 4372 778 4428 ambula.
808 4373 938 4444 Ipse
968 4388 1132 4442 ergo,
1156 4373 1299 4444 quia
1327 4374 1550 4428 crimen
1582 4372 1880 4427 incurrere
1905 4388 1967 4427 se
1999 4388 2075 4441 pu

2209 4370 2362 4423 ϐατόν
2406 4391 2499 4422 σου
2531 4371 2622 4422 καὶ
2652 4372 2945 4444 περιπάτει.
2976 4369 3141 4430 Οὗτος
3188 4366 3247 4421 δι
3284 4372 3342 4420 τό
3411 4363 3597 4420 δοκοῦν
3629 4367 3816 4439 ἔγκλη-

435 4457 619 4527 tabat,
644 4460 691 4515 si
735 4461 1027 4526 tacuisset,
1056 4462 1413 4517 beneﬁcium
1464 4461 1826 4532 prmdicavit.
1887 4463 2076 4516 Gratu:

2206 4480 2282 4533 μα
2310 4466 2539 4531 σιγήσας
2577 4464 2668 4519 τὴν
2728 4460 3026 4532 εὐεργεσίαν
3087 4455 3492 4531 ἐδημοσίωσεν.
3528 4456 3816 4527 Εύγνώμων

435 4546 636 4620 itaque
659 4565 728 4605 ac
765 4548 947 4605 libere
973 4549 1229 4621 loquens
1259 4550 1599 4605 censendus
1643 4555 1736 4606 est
1770 4550 1864 4606 hic
1888 4549 2075 4604 homo

2208 4546 2295 4602 οὖν
2324 4555 2411 4601 καὶ
2440 4548 2962 4624 πεπαῤῥησιασμένος
3017 4549 3042 4599 6
3073 4549 3343 4622 ἄνθρωπος
3375 4546 3522 4608 οὗτος
3551 4550 3640 4597 καὶ
3686 4549 3815 4615 μέμ-

438 4636 725 4709 omnique
755 4654 965 4693 carens
1016 4639 1419 4695 accusatione.

1148 4639 1419 4695 isatione.
2132 4636 2168 4645 ”
2206 4638 2346 4711 ψεως
2376 4639 2589 4698 ἁπάσης
2620 4638 2789 4701 ἐκτός,

508 4726 669 4782 Vers.
720 4732 799 4783 t6.
831 4728 918 4782 Ac
944 4758 1012 4769 —
1049 4728 1322 4784 Sabbato.
1378 4730 1679 4800 Quantum
1720 4727 1797 4782 ad
1850 4727 1907 4782 id
1934 4726 2099 4799 quod

2281 4729 2385 4782 Καὶ
2413 4758 2478 4769 -
2505 4727 2769 4798 Σαϐϐάτῳ.
2803 4734 2886 4797 Τῷ
2916 4731 3202 4799 φαινομένω
3237 4729 3328 4799 μεν
3360 4722 3454 4778 διὰ
3484 4730 3634 4777 τοῦτο
3683 4736 3698 4752 ⁸
3739 4729 3808 4790 τῷ

434 4814 785 4886 apparebat,
810 4820 1050 4887 propter
1068 4815 1183 4872 hoc
1209 4833 1222 4882 ;
1256 4822 1552 4888 quantum
1573 4833 1707 4871 vero
1738 4816 1815 4870 ad
1848 4816 1905 4871 id
1933 4832 2075 4888 quor

1466 4833 1552 4871 1m
1573 4833 1707 4871 vero
1738 4816 1815 4870 ad
1848 4816 1905 4871 id
1933 4815 2098 4888 quod
2208 4820 2542 4890 κεκρυμμένῳ
2571 4813 2628 4869 δὲ
2660 4813 2751 4868 διὰ
2789 4819 2874 4867 τὸν
2900 4817 3107 4887 φθόνον.

434 4902 737 4960 occultum
764 4909 905 4969 erat,
936 4910 1178 4976 propter
1216 4905 1523 4960 invidiam.

2148 3266 2187 3323 C

507 4993 667 5050 Vers.
719 4999 798 5049 l7.
828 4995 991 5050 Jesus
1027 5001 1219 5051 autem
1267 5026 1337 5034 —
1366 5010 1589 5063 operor.
1623 4994 1904 5066 Utrinque
1949 4996 2101 5065 seip-

2280 5000 2338 5045 Ὁ
2370 4989 2428 5045 δὲ
2459 4994 2663 5052 Ἰησους
2708 5023 2773 5033 -
2807 4991 3118 5067 ἔγροίζομαι.
3180 4986 3413 5053 Ἐδειξεν
3475 4988 3584 5061 (89)
3633 4985 3810 5041 ἑαυτὸν

434 5100 569 5140 sum
602 5085 719 5140 Deo
748 5083 1043 5157 aequalem
1074 5100 1201 5139 esse
1229 5084 1487 5140 ostendit
1521 5100 1533 5148 ;
1567 5092 1621 5139 et
1664 5084 1869 5139 dicens
1912 5087 2075 5139 Deuu

2214 5081 2323 5135 ἶσον
2356 5091 2426 5153 τῷ
2452 5089 2559 5152 Θεῷ
2582 5081 3021 5156 ἑκατέρωθεν,ἅπό
3050 5100 3103 5133 τε
3134 5100 3225 5133 του
3259 5076 3417 5133 εἰπεῖν
3440 5081 3651 5153 Πατέρα
3676 5071 3815 5128 ἴδιον

432 5176 665 5245 patrem
699 5189 897 5243 suum,
933 5178 989 5229 et
1024 5173 1248 5239 dicens,
1296 5190 1358 5229 se
1409 5173 1647 5245 operari
1686 5172 1838 5230 sicut
1876 5172 2044 5228 illum

2206 5174 2293 5224 τὸν
2317 5176 2439 5224 Θεὸν
2482 5175 2572 5223 καὶ
2607 5169 2706 5222 ἀπὸ
2747 5179 2837 5223 τοῦ
2869 5170 3049 5231 εἰπεῖν,
3084 5169 3402 5243 ἐργάζεσθαι
3430 5169 3600 5227 καθὼς
3630 5164 3820 5227 ἐκεῖνος

434 5277 509 5318 ne
564 5262 847 5335 deinceps
884 5269 1174 5334 tanquam
1222 5279 1372 5335 puro
1416 5262 1643 5318 homini
1696 5261 2070 5318 auscultarent

2208 5262 2293 5313 ἳνα
2333 5264 2521 5333 μηκέτι
2549 5262 2619 5322 ὡς
2657 5258 2909 5333 ἀνθρώπῳ
2946 5259 3077 5331 ψιλῷ
3107 5262 3271 5331 τούτῳ
3301 5260 3664 5334 προσέχωσιν,
3689 5252 3820 5305 ἀλλὰ

430 5350 502 5417 ei,
534 5350 639 5407 sed
670 5358 958 5424 tanquam
976 5354 1093 5407 Deo
1123 5355 1371 5423 .ltaque,
1403 5351 1568 5424 quod
1593 5351 1835 5407 dicitur:
1869 5351 1964 5406 Ad
1990 5351 2071 5407 ho.

2205 5354 2295 5403 καὶ
2326 5353 2395 5411 ὡς
2434 5358 2568 5421 Θεῷ.
2618 5352 2687 5403 Τὸ
2728 5352 2818 5423 μὶν
2849 5344 2936 5402 οὖν
2971 5349 3061 5409 ἓως
3111 5349 3254 5423 ἄρτι,
3301 5350 3361 5399 τὸ
3427 5342 3663 5404 διηνεκές
3719 5348 3819 5402 τῆς

431 5442 901 5513 usquetemporis,
931 5439 1377 5497 continuitatem
1399 5440 1762 5511 operationis
1776 5440 2072 5511 signiﬁcat

1015 5439 1377 5497 ntinuitatem
1399 5440 1762 5511 operationis
1776 5440 2091 5511 signiﬁcat.
2205 5439 2295 5514 ἕργ
2308 5443 2461 5501 ασίας
2483 5435 2656 5497 δηλοῖ.

506 5565 553 5600 ⁸⁵
580 5564 772 5621 Matth.
811 5579 889 5633 ix,
920 5570 975 5621 ‘2.
1053 5567 1100 5601 ⁸⁸
1132 5568 1300 5623 Rom.
1345 5583 1402 5621 ιι.
1436 5568 1489 5632 4,
1511 5566 1565 5621 5.

1690 5690 1910 5759 Varia:
1955 5690 2283 5760 lectiones
2333 5700 2398 5759 et
2439 5703 2644 5757 notae.

506 5826 621 5897 (89)
665 5827 837 5880 Αὐτὸν
866 5827 934 5880 Α.
