4156 6396
312 368 452 426 1213

382 502 565 557 Διττῆς
613 490 672 549 δε
722 498 1000 569 νοουμένης
1051 494 1138 550 ἐπὶ
1196 503 1329 551 Θεοῦ
1389 503 1484 558 τῆς
1531 493 1813 570 ἐργασίας’
1874 496 1904 553 ἠ
1938 494 1984 549 Λ

309 589 398 659 μεν
437 588 540 661 γὰρ
597 589 841 657 σημαίνει
897 589 990 645 τὴν
1038 589 1150 639 κατ’
1198 585 1370 660 ἀρχὰς
1418 584 1770 661 δημιουργίαν
1809 594 1908 637 τῶν

310 678 530 748 φύσεων,
570 678 600 733 η
664 673 722 728 δε
763 680 857 734 τὴν
906 675 1013 740 μετ’
1069 676 1265 735 ἐκείνην
1313 677 1607 747 οἰκονομίαν
1649 680 1739 728 καὶ
1780 679 1912 747 πρό-

308 784 447 817 νοιαν
514 770 603 817 καὶ
664 769 985 839 συντήρησιν
1045 766 1249 817 αὐτῶν·
1283 770 1419 819 κατὰ
1460 768 1550 838 μὲν
1602 768 1661 817 τό
1706 774 1908 837 πρῶτον

311 858 687 926 σημαινόμενον
734 859 1057 907 κατέπαυσεν
1123 854 1170 907 ἐν
1229 863 1291 928 τῇ
1363 858 1533 929 ἡμέρᾳ
1583 864 1644 913 τῆ
1707 851 1905 927 ἑϐδόμῃ

308 942 410 996 ἀπὸ
469 944 582 1016 (90)
632 952 731 995 τῶν
783 946 943 1016 ἔργων
1001 944 1201 997 αὑτοῦ·
1262 948 1397 997 κατὰ
1450 942 1509 998 δὲ
1557 948 1611 996 τό
1670 941 1908 1017 δεύτερον

308 1030 387 1086 ἀεὶ
453 1032 748 1105 ἐργάζεται,
802 1033 1083 1105 οἰκονομῶν
1148 1039 1235 1092 τὴν
1294 1040 1468 1087 κτίσιν
1524 1039 1613 1086 καὶ
1664 1037 1910 1106 προνοού-

305 1141 455 1194 μενος
480 1128 569 1175 καὶ
602 1125 837 1193 συνέχων
865 1123 1048 1189 αὐτὴν,
1078 1127 1167 1174 καὶ
1204 1130 1355 1196 νόμος
1385 1120 1560 1186 οὐδεὶς
1587 1124 1769 1176 κωλύει
1820 1127 1907 1176 τὸν

302 1213 582 1283 νομοθέτην
614 1211 930 1286 ἐργάζεσθαι
958 1214 1173 1265 πάντοτε
1202 1218 1295 1271 τὴν
1342 1217 1603 1285 σωτηρίαν
1633 1222 1733 1265 τῶν
1758 1232 1907 1266 κτισ-

301 1303 478 1373 μάτων
516 1302 691 1355 αὐτοῦ.

376 1396 759 1465 Παρατηρησον
809 1388 867 1445 δὲ
916 1392 996 1444 ὅτι
1038 1389 1304 1466 διαφόρως
1348 1398 1467 1467 περὶ
1505 1400 1597 1455 τῆς
1646 1400 1737 1446 τού
1777 1392 1902 1445 Σαϐ-

301 1479 462 1532 ϐάτου
536 1480 733 1542 λύσεως
797 1480 1189 1554 ἐγκαλούμενος,
1271 1486 1395 1535 ποτε
1458 1486 1547 1554 μὲν
1619 1485 1904 1554 θεοπρεπῶς

302 1567 654 1641 ἀπολογεῖται,
684 1572 916 1645 καθάπερ
945 1576 1034 1623 καὶ
1055 1580 1162 1638 νῦν,
1196 1576 1317 1624 ποτε
1345 1569 1404 1625 δε
1432 1571 1899 1647 ἁνθρωποπρεπώς.

300 1658 570 1712 Ἐϐούλετο
599 1663 699 1733 γὰρ
742 1658 1009 1734 ἀμφότερα
1037 1664 1401 1729 πιστεύεσθαι,
1434 1668 1523 1715 καὶ
1553 1666 1639 1720 τὴν
1682 1663 1903 1718 θεότητα

299 1748 459 1801 αὐτοῦ
480 1754 569 1801 καὶ
599 1754 687 1807 τὴν
708 1749 1114 1823 ἐνανθρώπησιν.

369 1836 497 1910 [Τοῦ
541 1838 696 1909 ἁγίου
728 1840 840 1911 (91)
882 1840 1163 1912 Μαξίμου·
1214 1845 1341 1902 Τούς
1385 1845 1473 1913 μεν
1515 1846 1752 1915 πρώτους
1801 1850 1900 1893 τῶν
1936 1854 1972 1906 υ

294 1932 579 1999 γεγονότων
609 1928 795 1999 λόγους
841 1931 866 1980 ό
897 1932 1040 1994 Θεὸς,
1093 1935 1183 1983 καὶ
1228 1933 1320 1993 τὰς
1350 1934 1570 1983 καθόλου
1602 1940 1698 1982 τῶν
1747 1934 1901 1982 ὅντων

295 2018 503 2083 οὐσίας,
544 2017 703 2083 ἅπαξ,
759 2020 824 2079 ὡς
867 2015 998 2083 οἶδε,
1058 2020 1467 2095 συμπληρώσας,
1496 2023 1570 2072 ἔτι
1625 2018 1896 2091 ἐργάζεται

295 2106 355 2158 ού
398 2111 551 2179 μόνον
578 2112 669 2165 τὴν
701 2110 893 2160 τούτων
952 2108 1119 2161 αύτών
1162 2114 1294 2183 πρός
1342 2114 1400 2162 τὸ
1454 2108 1584 2162 εἶναι
1633 2114 1901 2183 συντήρη-

297 2215 400 2265 σιν,
449 2195 574 2249 ἀλλὰ
630 2202 720 2250 καὶ
768 2202 861 2256 τὴν
920 2197 1030 2251 κατ’
1086 2197 1337 2273 ἐνέργειαν
1396 2197 1745 2273 δημιουργίαν
1799 2208 1898 2250 τῶν

295 2284 343 2337 ἐν
388 2286 562 2347 αὐτοῖς
592 2284 813 2359 δυνάμει
869 2297 1056 2361 μερῶν.
1115 2288 1195 2342 Ἐν
1234 2292 1335 2363 γὰρ
1391 2297 1453 2348 τῆ
1512 2290 1607 2362 ὕλῃ
1658 2292 1899 2341 τουτέστι

293 2384 355 2448 τῇ
392 2376 615 2429 καθόλου
655 2385 753 2429 τῶν
786 2381 941 2429 ὄντων
990 2377 1161 2449 οὐσίᾳ,
1211 2375 1431 2451 δυνάμει
1479 2380 1789 2451 ὑπάρχουσι
1832 2380 1898 2429 τὰ

292 2468 427 2517 κατὰ
470 2469 624 2540 μέρος
682 2468 737 2518 ἐκ
801 2476 893 2528 τῆς
941 2466 1068 2528 ὕλης
1116 2468 1229 2533 (92)
1279 2473 1525 2540 γινόμενα
1573 2470 1765 2541 μερικὰ
1828 2468 1895 2518 ὧν

291 2559 385 2612 τήν
438 2560 637 2627 γένεσιν
694 2554 771 2608 ἀεὶ
825 2558 851 2608 ό
901 2560 1030 2617 Θεὸς
1088 2556 1380 2630 ἐργάζεται.
1431 2557 1544 2611 Ἔτι
1597 2563 1699 2629 μὴν
1738 2558 1895 2629 ἐργά-

293 2643 441 2704 ζεται
493 2648 583 2696 καὶ
613 2649 706 2702 τὴν
764 2648 896 2716 πρὸς
958 2648 1022 2698 τὰ
1088 2646 1311 2699 καθόλου
1365 2656 1463 2698 τῶν
1516 2654 1739 2721 μερικῶν
1792 2646 1895 2707 ἐξο-

291 2737 534 2804 μοίωσιν,
580 2733 713 2805 λέγω
754 2732 821 2794 δὴ
854 2739 949 2794 τὴν
996 2736 1201 2787 πάντων
1255 2735 1535 2811 ἀνθρώπων
1583 2739 1716 2788 κατὰ
1770 2741 1893 2808 μίαν

290 2830 385 2884 τῆς
437 2830 652 2896 γνώμης
708 2824 789 2877 ἐπὶ
836 2828 899 2878 τὰ
956 2824 1089 2877 καλά
1143 2830 1367 2893 κίνησιν,
1420 2830 1550 2901 πρὸς
1607 2829 1692 2877 τόν
1742 2825 1894 2896 λόγον

289 2919 386 2974 τῆς
462 2915 661 2984 φύσεως
738 2914 919 2968 ἕνωσιν
1001 2916 1083 2967 ἵνα
1161 2920 1374 2986 γένηται
1456 2918 1656 2967 πάντων
1719 2917 1891 2987 ὥσπερ

286 3005 387 3073 μία
413 3006 502 3054 καὶ
542 3004 572 3061 ἠ
606 3003 737 3062 αὐτὴ
772 3006 947 3075 φύσις,
981 3003 1117 3056 οὕτω
1157 3010 1244 3057 καὶ
1294 3011 1473 3077 γνώμη
1521 3009 1639 3075 μία,
1684 3007 1895 3077 σύμφω-

286 3094 373 3152 νός
400 3110 454 3143 τε
502 3097 592 3143 καὶ
625 3098 1003 3159 ταυτοκίνητος,
1054 3102 1167 3164 Θεῷ
1209 3113 1262 3145 τε
1292 3098 1380 3146 καὶ
1433 3092 1667 3154 ἀλλήλοις
1694 3113 1895 3165 συναχο

291 3182 473 3233 θέντων
505 3177 597 3233 διὰ
624 3189 715 3242 τῆς
739 3188 984 3255 προνοίας
1018 3183 1222 3253 αὐτοῦ]

360 3272 455 3322 Διὰ
483 3277 637 3323 τεῦτο
666 3302 735 3312 —-
782 3278 916 3342 Θεῷ.
966 3275 1143 3344 Λέγων
1172 3274 1274 3344 γὰρ
1306 3273 1387 3324 ὅτι
1439 3276 1621 3347 Πατήρ
1676 3291 1797 3344 μου,
1832 3276 1889 3324 τὸ

285 3364 498 3430 γνήσιον
536 3358 819 3432 ἐνέφαινεν·
851 3362 877 3412 ό
920 3357 979 3413 δὲ
1003 3367 1216 3432 γνήσιος
1246 3363 1383 3426 υἱὸς,
1434 3364 1551 3424 ἶσος
1601 3370 1673 3432 τῷ
1725 3366 1886 3435 πατρὶ

1928 3208 1969 3265 C

285 3448 398 3501 κατ’
426 3448 609 3501 ούσίαν
640 3454 729 3502 καὶ
760 3453 935 3522 φύσιν.

358 3626 694 3703 Ἀπεκρίνατο
790 3660 858 3669 -
946 3637 1216 3683 ποιοῦντα.
1305 3628 1620 3707 Ἐπειδηπερ
1710 3632 1887 3702 ὑψηλὰ

284 3722 403 3791 περὶ
448 3717 632 3770 ἑαυτοῦ
674 3717 851 3789 λέγων,
892 3716 1154 3790 ἐδιώκετο,
1218 3725 1290 3793 μὴ
1343 3718 1640 3794 δυναμένων
1687 3722 1886 3775 ἐκείνων

283 3805 554 3879 ἐφικέσθαι
592 3815 686 3860 τοῦ
719 3808 881 3878 ὕψους
916 3817 1016 3861 τῶν
1044 3809 1346 3882 λεγομένων,
1399 3810 1505 3863 ἀλλ’
1539 3815 1605 3873 ὡς
1655 3810 1887 3865 ἀντίθεον

284 3895 440 3947 αὐτὸν
514 3892 829 3964 διωκόντων,
912 3898 1319 3968 συγκαταϐαίνει
1378 3907 1441 3971 τῇ
1500 3898 1740 3972 ἀσθενείᾳ
1798 3911 1887 3961 τῆς

283 3982 523 4049 διανοίας
567 3987 754 4055 αὐτῶν,
802 3993 888 4040 καὶ
950 3992 1167 4041 ταπεινὰ
1219 3992 1490 4062 φθέγγεται
1532 3993 1647 4043 κατ’
1695 3994 1889 4044 οἰκονο-

279 4080 404 4149 μίαν
466 4078 546 4128 ἰνα
603 4074 992 4151 εύπαράδεκτος
1043 4079 1220 4140 αὐτοῖς
1275 4084 1509 4150 γένηται.
1566 4077 1690 4132 Εἶτα
1736 4081 1887 4133 πάλιν

280 4163 365 4217 ἐπὶ
399 4168 467 4217 τὰ
496 4164 675 4236 ὑψηλὰ
706 4170 791 4219 τόν
816 4166 969 4238 λόγον
1001 4165 1178 4239 ἀνάγει
1206 4173 1295 4220 καὶ
1322 4166 1469 4229 αὖθις
1497 4168 1581 4221 ἐπὶ
1611 4172 1675 4221 τὰ
1701 4189 1885 4223 ταπει-

277 4256 344 4306 νὰ
400 4263 583 4307 τουτον
636 4258 883 4327 κατάγει·
944 4262 1033 4308 καὶ
1095 4256 1247 4308 πάλιν
1316 4256 1399 4309 ἐπὶ
1447 4261 1505 4309 τό
1568 4258 1885 4333 ὑψηλότερον

276 4348 369 4395 καὶ
425 4340 574 4405 αὖθις
617 4343 701 4397 ἐπὶ
756 4349 811 4397 τό
867 4350 1253 4419 ταπεινότερον’
1315 4350 1402 4398 καὶ
1452 4347 1586 4400 οὕτω
1650 4344 1702 4400 δ’
1750 4348 1887 4419 044n-

274 4433 375 4486 λῶν
412 4435 540 4506 όμοῦ
591 4439 681 4487 καὶ
720 4444 969 4487 ταπεινῶν
1025 4437 1294 4510 ῥημάτων,
1355 4446 1455 4488 τῶν
1516 4440 1607 4509 μὲν
1666 4437 1885 4496 ἰσότητα
1918 4482 1963 4535 D

275 4523 662 4595 ἐπιφαινόντων,
703 4532 802 4577 τῶν
852 4520 911 4577 δε
942 4522 1221 4577 ἐλάττωσιν
1269 4524 1523 4597 ἐμφαίνειν
1569 4522 1880 4592 δοκούντων,

274 4613 476 4684 ύφαίνει
520 4616 608 4665 τόν
646 4612 797 4683 λόγον
822 4613 997 4665 αὐτοῦ
1028 4618 1118 4666 καὶ
1169 4614 1428 4686 οἰκονομεῖ
1456 4622 1637 4667 τοῦτον
1669 4614 1716 4667 ἐν
1764 4616 1884 4687 (93)

271 4707 468 4775 κρίσει,
518 4704 654 4755 ὥστε
707 4706 824 4763 τοὺς
876 4706 966 4774 μὲν
1024 4702 1298 4777 ὀξυτέρους
1354 4708 1448 4762 τὴν
1513 4701 1750 4757 διάνοιαν
1794 4711 1887 4775 καξ

272 4791 617 4864 εὐγνώμονας,
662 4790 762 4844 ἀπὸ
794 4800 893 4843 τῶν
924 4791 1174 4862 όψηλῶν,
1229 4797 1318 4844 καὶ
1376 4798 1494 4865 περὶ
1551 4802 1653 4845 τῶν
1710 4814 1884 4847 ταπειο

268 4889 368 4932 νῶν
425 4886 520 4939 τὴν
582 4887 956 4953 προσήκουσαν
1028 4884 1223 4933 ἔννοιαν
1279 4881 1589 4953 λαμϐάνειν
1648 4887 1767 4945 τούς
1823 4881 1883 4937 δε

266 4968 620 5044 ἀμϐλυτέρους
657 4975 746 5023 καὶ
805 4969 1103 5042 ἀγνώμονας
1155 4969 1257 5022 ἀπὸ
1322 4980 1420 5022 τῶν
1473 4980 1721 5024 ταπεινῶν
1774 4993 1878 5025 πα-

266 5061 643 5133 ραμυθεῖσθαι,
689 5064 777 5113 καὶ
809 5063 876 5122 ὡς
925 5065 1043 5131 περὶ
1095 5059 1367 5135 ἀνθρώπου
1417 5069 1580 5113 ταῦτα
1633 5070 1877 5126 νοοῦντας

266 5152 343 5221 μὴ
377 5151 747 5222 ταράττεσθαι.

1380 366 1736 425 COMMENT.
1780 366 1849 422 IN
1888 364 2242 424 JOANNEM.
2283 399 2351 410 —
2382 369 2535 425 CAP.
2571 368 2638 428 V.

3538 367 3678 426 1214

2092 495 2241 552 Cum
2272 502 2473 554 autem
2499 498 2724 570 duplex
2780 497 3143 569 intelligatur
3197 497 3298 554 Dei
3354 498 3673 571 operatio:

2018 602 2140 643 una
2168 587 2466 659 siquidem
2484 588 2780 657 signiﬁcat
2801 594 3149 645 naturarum
3166 588 3243 644 ab
3259 588 3504 644 exordio
3518 603 3679 643 crea-

2018 676 2261 740 tionem,
2291 678 2475 733 altera
2496 685 2696 734 autem
2729 687 2861 750 post
2884 678 3067 745 illam,
3089 678 3584 747 gubernationem
3607 692 3677 731 ac

2019 767 2480 837 providentiam,
2514 784 2844 841 earumque
2888 769 3425 824 conservationem.
3476 767 3675 821 Primo

2017 856 2264 928 quidem
2296 856 2642 927 signiﬁcato,
2670 858 2921 914 cessavit
2957 859 3051 913 die
3079 859 3333 931 septimo
3377 856 3456 912 ab
3482 858 3673 912 omni-

2017 945 2132 1000 bus
2161 947 2446 1017 operibus
2481 948 2638 1013 suis;
2660 949 2925 1004 secundo
2951 964 3089 1002 vero
3106 963 3343 1019 semper
3367 949 3671 1019 operatur,

2017 1042 2345 1092 creaturam
2410 1036 2777 1106 gubernans,
2824 1037 3145 1110 providens
3197 1053 3265 1092 ac
3307 1049 3675 1092 conservans

2016 1124 2175 1179 illam
2228 1126 2339 1181 Nec
2370 1131 2529 1182 vetat
2566 1127 2689 1183 ulla
2717 1127 2811 1183 lex
2839 1127 3238 1195 legislatorem
3271 1140 3509 1198 semper
3533 1140 3673 1198 ope-

2016 1215 2133 1269 rari
2152 1220 2561 1272 creaturarum
2586 1232 2834 1273 suarum
2857 1217 3131 1273 salutem.

2084 1391 2352 1453 Observa
2382 1400 2603 1462 autem,
2624 1396 2788 1469 quod
2810 1396 2884 1452 de
2912 1395 3144 1452 sabbati
3176 1395 3473 1451 solutione
3493 1395 3671 1450 variis

2011 1482 2159 1538 locis
2212 1490 2530 1541 accusatus
2562 1487 2858 1543 interdum
2902 1486 3148 1560 quidem
3192 1491 3483 1558 tanquam
3515 1486 3669 1541 Deus

2011 1574 2350 1643 respondet,
2374 1581 2549 1646 prout
2570 1592 2728 1632 nunc
2753 1594 2765 1632 :
2789 1576 3157 1649 quandoque
3183 1591 3347 1640 vero,
3382 1580 3668 1646 tanquam

2010 1661 2195 1718 homo
2224 1681 2237 1720 :
2266 1664 2506 1721 volebat
2552 1682 2816 1739 namque
2848 1670 2911 1722 ut
2955 1666 3292 1723 crederetur
3324 1670 3668 1737 utrumque,

2010 1758 2153 1825 puta
2182 1761 2238 1810 et
2269 1770 2375 1809 sua
2401 1755 2677 1811 divinitas
2709 1761 2765 1812 et
2804 1757 3157 1812 incarnatio.

2082 1843 2171 1909 'I'f
2205 1844 2402 1900 Sancti
2456 1846 2725 1901 Maximi:
2779 1850 2931 1902 Deus
2980 1862 3118 1901 cum
3173 1844 3378 1910 semel,
3415 1845 3495 1899 uti
3536 1844 3666 1915 ipse

2012 1934 2194 1999 novit,
2256 1950 2446 1989 rerum
2524 1935 2900 1991 conditarum
2982 1935 3245 1991 rationes
3302 1940 3359 1989 et
3415 1939 3664 1989 naturas

2012 2038 2208 2077 rerum
2237 2024 2293 2078 in
2325 2025 2666 2080 universum
2696 2025 3117 2089 constituisset,
3147 2024 3340 2080 adhuc
3361 2027 3662 2096 operatur,

2010 2126 2127 2165 non
2154 2118 2381 2167 tantum
2419 2114 2668 2170 istarum
2699 2131 2897 2169 rerum
2949 2114 3430 2186 perdurationem
3481 2112 3585 2167 sed
3610 2115 3671 2167 et

2009 2200 2311 2257 efﬁcacem
2347 2204 2707 2259 creationem
2740 2210 2795 2259 et
2827 2204 3327 2275 propagationem
3380 2202 3664 2275 partium,

2008 2306 2143 2360 quae
2175 2292 2284 2346 ista
2316 2292 2563 2364 praedita
2594 2298 2733 2348 sunt
2776 2293 3070 2349 facultate.
3106 2296 3165 2349 In
3199 2292 3447 2348 materia
3483 2292 3664 2356 enim,

2004 2378 2121 2434 hoc
2150 2384 2235 2435 est
2270 2381 2324 2435 in
2357 2382 2639 2438 universa
2664 2398 2860 2438 rerum
2890 2382 3162 2447 essentia,
3191 2381 3533 2437 facultatem
3564 2379 3670 2435 ha-

2006 2467 2148 2523 bent
2174 2476 2374 2541 partes
2411 2487 2513 2542 per
2545 2477 2740 2543 partes
2771 2488 2841 2528 ex
2875 2473 2989 2527 ista
3017 2472 3264 2528 materia
3294 2470 3485 2535 factae,
3518 2485 3668 2542 qua-

2004 2573 2136 2612 rum
2163 2561 2607 2628 generationem
2627 2565 2775 2617 Deus
2800 2577 3039 2632 semper
3058 2565 3359 2633 operatur.
3379 2560 3667 2615 Praeterea

2005 2647 2179 2703 etiam
2205 2654 2487 2718 operatur
2503 2653 2764 2721 partium
2790 2652 2864 2706 ad
2888 2657 3075 2707 totum
3100 2649 3662 2715 conformationem,

2003 2736 2119 2793 hoc
2147 2743 2253 2803 est,
2283 2740 2769 2810 conjunctionem
2796 2741 3067 2797 omnium
3104 2741 3435 2801 hominum.
3456 2754 3666 2794 secun-

2004 2826 2150 2882 dum
2193 2843 2377 2884 unam
2397 2831 2613 2885 mentis
2628 2831 2702 2884 ad
2733 2830 2957 2886 bonum
2976 2828 3413 2897 motionem,ad
3440 2833 3665 2885 natura:

2002 2916 2320 2987 rationem,
2352 2924 2415 2973 ut
2444 2919 2565 2982 ﬁat,
2606 2920 2753 2974 sicut
2787 2936 2905 2976 una
2945 2924 3003 2975 et
3058 2919 3269 2975 eadem
3321 2924 3554 2986 natura,
3583 2918 3664 2973 ita

2003 3010 2058 3059 et
2087 3022 2205 3061 una
2236 3008 2548 3075 sententia,
2611 3010 2980 3064 consentiens
3033 3013 3089 3064 et
3139 3006 3353 3063 eodem
3410 3006 3658 3073 directa,

2002 3096 2285 3151 omnibus
2314 3103 2370 3152 et
2398 3100 2513 3152 Deo
2561 3104 2616 3153 et
2656 3098 2765 3153 sibi
2816 3098 3070 3153 invicem
3107 3097 3349 3169 junctis,
3382 3112 3489 3169 per
3513 3096 3662 3152 divi-

2002 3201 2136 3239 nam
2183 3186 2635 3257 providentiam.

2069 3276 2230 3329 Vers.
2258 3279 2342 3333 t8.
2373 3277 2619 3345 Propter
2649 3277 2826 3333 hoc—
2853 3277 2989 3332 Deo.
3026 3276 3233 3332 Dicens
3259 3274 3418 3331 enim
3448 3274 3661 3332 :Pater

2002 3381 2179 3429 meus,
2205 3364 2536 3433 legitimum
2571 3382 2633 3421 se
2673 3365 3026 3421 ostendebat
3072 3382 3085 3419 :
3118 3364 3423 3433 legitimus
3455 3369 3657 3420 autem

1997 3452 2153 3508 ﬁlius
2185 3454 2431 3527 aequalis
2463 3459 2547 3510 est
2580 3456 2751 3527 patri,
2795 3454 2997 3528 quoad
3037 3453 3437 3509 substantiam
3474 3458 3530 3509 et
3550 3469 3657 3511 na-

1994 3546 2212 3599 turam.

2068 3634 2232 3688 Vers.
2260 3635 2350 3689 19.
2391 3635 2702 3701 Respondit
2735 3666 2799 3675 —
2833 3635 3158 3704 facientem.
3192 3633 3342 3699 Quia
3374 3631 3656 3690 sublimia

1997 3722 2065 3778 de
2097 3724 2293 3794 seipso
2316 3724 2524 3779 dicens
2572 3724 3048 3795 persecutionem
3099 3722 3449 3790 sustinebat,
3495 3722 3656 3794 quod

1998 3812 2075 3867 illi
2094 3812 2160 3867 ad
2182 3830 2377 3868 eorum
2398 3830 2534 3885 quae
2553 3813 2915 3879 dicebantur,
2932 3813 3332 3869 celsitudinem
3348 3812 3657 3885 pervenire

1997 3918 2115 3957 non
2145 3907 2410 3974 possent,
2442 3902 2547 3958 sed
2582 3908 2871 3975 tanquam
2935 3906 3050 3958 Deo
3111 3903 3466 3957 contrarium
3516 3918 3657 3960 eum

1998 3996 2510 4065 persequerentur,
2555 3992 2977 4047 condescendit
3022 3991 3407 4048 imbecillitati
3439 3993 3654 4047 mentis

1999 4080 2257 4147 illorum,
2290 4089 2345 4135 et
2386 4080 2635 4136 humilia
2684 4081 3088 4152 dispensative
3157 4081 3229 4135 de
3277 4096 3338 4136 se
3372 4080 3652 4153 loquitur,

2000 4178 2059 4226 ut
2086 4186 2191 4241 per
2215 4171 2344 4227 haec
2367 4171 2535 4226 facile
2575 4171 3019 4242 susciperentur
3054 4188 3066 4222 :
3097 4169 3312 4224 deinde
3344 4185 3549 4225 rursus
3577 4169 3656 4225 ad

1996 4259 2279 4314 sublimia
2332 4274 2671 4314 sermonem
2722 4259 2966 4322 reducit,
3009 4263 3065 4312 et
3121 4258 3333 4313 iterum
3387 4256 3550 4313 hunc
3580 4257 3655 4313 ad

1996 4348 2243 4404 humilia
2260 4347 2512 4404 demittit
2548 4365 2559 4403 :
2585 4364 2945 4420 rursumque
2966 4347 3041 4403 ad
3076 4347 3135 4403 id
3158 4347 3317 4419 quod
3341 4346 3655 4403 sublimius

1995 4442 2100 4504 est,
2130 4439 2329 4493 denuo
2351 4438 2425 4494 ad
2459 4439 2517 4492 id
2548 4437 2708 4510 quod
2739 4437 3029 4492 humilius
3068 4443 3160 4491 :et
3188 4436 3268 4492 ita
3318 4451 3422 4508 per
3466 4436 3655 4491 subli-

1997 4529 2117 4583 mia
2157 4528 2333 4583 simul
2397 4534 2454 4583 et
2513 4527 2763 4583 humilia
2813 4527 3013 4592 verba,
3072 4532 3195 4581 tum
3251 4524 3653 4598 aequalitatem

1994 4616 2484 4681 demonstrantia,
2519 4623 2641 4672 tum
2679 4616 3077 4672 minoritatem
3108 4616 3522 4671 demonstrare
3552 4631 3657 4687 ap-

1995 4707 2285 4778 parentia,
2317 4723 2490 4761 suum
2528 4706 2668 4761 texit
2730 4721 3093 4771 sermonem,
3152 4709 3333 4778 atque
3364 4704 3525 4761 hunc
3559 4704 3655 4775 ju-

1993 4796 2148 4851 dicio
2178 4796 2505 4867 dispensat,
2536 4800 2594 4849 ut
2624 4800 2681 4850 et
2709 4795 2810 4865 qui
2856 4800 3049 4850 mente
3082 4799 3221 4849 sunt
3260 4796 3553 4850 acutiores
3582 4809 3654 4850 ac

1991 4884 2255 4955 benigni,
2273 4891 2501 4940 sumant
2520 4900 2553 4938 a
2572 4882 2917 4938 sublimibus
2941 4883 3285 4939 intellectum
3304 4882 3653 4937 convenien-

1994 4979 2107 5029 tem
2139 4975 2316 5029 etiam
2348 4974 2422 5029 de
2458 4973 2785 5028 humilibus
2811 4977 2865 5027 et
2894 4972 2995 5043 qui
3015 4972 3350 5028 obtusiores
3380 4975 3518 5026 sunt
3547 4976 3652 5028 aut

1992 5063 2220 5127 insulsi,
2246 5066 2324 5118 ab
2364 5062 2723 5119 humilibus:
2754 5060 3225 5117 consolationem
3253 5058 3568 5131 accipiant,
3593 5064 3651 5116 et

1984 5156 2156 5227 quasi
2186 5154 2259 5207 de
2282 5152 2524 5209 homine
2547 5152 2677 5209 haec
2708 5151 3118 5222 intelligentes.
3154 5165 3275 5206 non
3311 5148 3642 5206 turbentur.

1501 5373 1726 5442 Variae
1760 5374 2086 5443 lectiones
2115 5388 2181 5443 et
2211 5387 2415 5444 notae.

359 5597 450 5653 90l
488 5600 695 5651 Πάντων
723 5596 889 5653 addit
916 5599 981 5652 Α.

359 5597 429 5653 90
488 5600 695 5651 Πάντων
723 5597 889 5653 addit
916 5599 981 5652 Α.

336 5597 450 5741 ίθιξ
475 5672 607 5725 Haec
638 5676 881 5741 uterque
908 5669 1098 5726 codex
1120 5668 1175 5724 in
1203 5668 1470 5741 margine
1490 5668 1691 5726 habet.
1723 5671 1872 5727 Hen-

262 5742 460 5814 tenius
489 5741 929 5814 nonagnoscit.
966 5741 1201 5797 Videtur
1232 5747 1430 5814 autem
1458 5743 1633 5814 plura
1664 5742 1869 5814 hujus-

264 5812 430 5869 modi
454 5811 680 5871 scholia
705 5813 938 5871 Maximi
970 5818 1216 5891 propter
1244 5811 1660 5874 difﬁcultatem
1683 5811 1866 5871 et'ob-

1985 5600 2324 5673 scuritatem
2356 5599 2415 5655 in
2445 5598 2931 5673 interpretatione
2965 5596 3442 5671 praetermisisse.

2077 5673 2170 5739 9'2)
2200 5676 2453 5739 Γενόμενα
2477 5673 2543 5726 Α.

2077 5673 2170 5739 9'2)
2200 5676 2453 5724 Γενόιιενα
2477 5673 2543 5726 Α.

2051 5672 2165 5815 ἕ93)
2199 5745 2240 5798 Ι.
2260 5727 2566 5815 θ.ἐύλόγως.
