4156 6388
497 369 635 428 1215
1558 406 1565 411 ι
1811 374 2108 434 EUTHYM
2117 375 2164 432 ΙΙ

2205 374 2539 434 ZIGABENI
3738 368 3882 429 1216

571 503 997 560 Verumtamen
1026 518 1372 577 quanquam
1401 504 1580 560 verbo
1612 503 1729 560 sint
1752 504 2025 573 humilia,
2045 505 2151 561 hoc

2342 503 2502 569 Πλὴν,
2545 505 2588 558 εἰ
2618 509 2706 558 καὶ
2748 506 2962 559 ταπεινὰ
2985 507 3051 558 τὰ
3103 503 3336 580 ῥήματα,
3398 499 3526 555 ἀλλὰ
3572 502 3664 554 καὶ
3711 499 3879 562 οὕτως

504 591 683 647 etiam
706 595 881 649 modo
913 593 1025 649 sub
1042 594 1391 649 bisexcclsas
1414 594 1790 649 occultantur
1811 596 2115 650 sententiae
2142 611 2154 649 :

498 685 554 737 et
577 683 775 737 verbis
808 683 1049 754 quidem
1077 699 1326 738 causam
1360 683 1588 738 tradere
1621 684 1849 739 videtur
1880 685 2160 740 adversa-

497 770 598 825 riis
645 771 787 841 (hic),
836 772 1115 827 sensibus
1157 788 1298 827 vero
1351 789 1754 845 nequaquam.
1805 774 1955 839 Quid
2015 789 2159 842 ergo

496 874 660 916 nunc
685 862 825 916 dicit
852 861 881 916 ?
909 864 1032 917 Non
1051 868 1237 931 potest
1253 863 1412 931 ﬁlius
1439 878 1474 917 α
1500 878 1560 919 se
1581 863 1785 931 facere
1816 864 2154 935 quidquam,

497 949 616 1005 nisi
639 951 781 1022 quid
810 952 1015 1009 viderit
1072 959 1299 1021 patrem
1335 953 1641 1021 facientem
1685 972 1696 1011 :
1760 953 1851 1007 his
1884 953 2154 1024 quidem,

493 1039 595 1110 qui
628 1046 765 1095 sunt
794 1040 1090 1097 intellectu
1117 1042 1453 1105 crassiores,
1494 1042 1773 1113 potentiae
1816 1042 2159 1096 minoratio-

495 1142 633 1183 nem
668 1144 786 1201 prae
836 1146 901 1184 se
924 1129 1031 1185 fert
1088 1132 1183 1185 hic
1242 1146 1461 1195 sermo,
1517 1136 1760 1202 propter
1791 1131 2007 1185 dictam
2042 1131 2157 1184 dis-

496 1220 906 1289 pensationem
938 1220 1285 1276 :subtilibus
1307 1228 1505 1275 autem
1536 1220 1935 1291 aequalitatem
1963 1220 2157 1291 potius

495 1311 553 1361 et
606 1306 998 1375 identitatem,
1059 1314 1301 1381 propter
1368 1310 1697 1365 veritatem.
1778 1312 1903 1364 Non
1966 1312 2158 1380 potest

495 1395 677 1463 enim,
703 1412 824 1453 non
857 1397 936 1454 ob
965 1399 1245 1469 potentiae
1267 1397 1582 1466 defectum,
1611 1398 1711 1453 sed
1741 1403 1977 1469 propter
2003 1398 2157 1452 inse-

493 1485 934 1558 parabilitatem
962 1504 976 1554 ;
1020 1504 1162 1544 nam
1195 1488 1565 1559 impossibile
1604 1494 1712 1556 est,
1744 1489 1951 1544 Filium
1984 1486 2157 1560 quid-

492 1589 672 1647 quam
704 1575 910 1641 facere,
966 1577 1133 1649 quod
1164 1593 1286 1633 non
1324 1578 1463 1633 facit
1495 1581 1662 1633 Pater
1695 1595 1708 1633 :
1741 1579 1883 1650 quia
1916 1592 2036 1633 non
2067 1581 2156 1633 est

494 1664 612 1721 alia
645 1665 784 1721 Filio
806 1667 1065 1738 potentia
1078 1667 1239 1723 abea
1269 1684 1403 1735 quae
1438 1668 1617 1723 Patris
1643 1674 1753 1724 est.
1778 1668 1881 1723 sed
1898 1667 2110 1723 eadem
2139 1680 2151 1720 :

494 1754 655 1827 quod
686 1755 732 1810 si
758 1756 969 1812 eadem
998 1762 1103 1823 est,
1157 1757 1406 1828 aequalis
1460 1761 1613 1813 certe
1638 1757 1821 1812 Filius
1860 1762 1947 1811 est
1975 1756 2151 1811 Patri.

2269 593 2447 665 ὑψηλὰ
2476 597 2542 647 τὰ
2587 596 3018 669 ὑποκεκρυμμένα
3050 595 3164 666 (94)
3217 596 3419 655 τούτοις
3464 597 3736 663 νοήματαο
3788 608 3881 642 και

2268 692 2385 746 ταῖς
2413 687 2501 755 μὲν
2543 684 2710 747 λέξεσι
2740 688 3054 757 καθυφίησι,
3087 692 3192 744 τοῖς
3224 681 3283 736 δὲ
3312 687 3570 755 νοήμασιν
3601 677 3876 752 οὐδαμῶς.

2268 778 2330 827 Τί
2383 771 2468 825 οὖν
2528 794 2657 846 φησι
2713 782 2839 841 vim;
2901 775 2976 827 Οὐ
3033 772 3251 827 δύναται
3307 774 3332 824 6
3381 775 3505 833 Υἱός
3565 778 3727 824 ποιεῖν
3786 768 3877 842 ἀφ’

2269 863 2452 915 ἑαυτοῦ
2522 861 2692 929 οὐδὲν,
2752 862 2834 915 ἐὰν
2892 869 3021 935 μήτι
3080 862 3245 936 βλέπῃ
3322 865 3410 913 τὸν
3481 865 3687 932 Πατέρα
3755 879 3880 912 ποι-

2268 959 2437 1007 οῦντα.
2494 959 2611 1014 Τοῖς
2663 956 2753 1025 μὲν
2806 955 3104 1027 παχύτερον
3151 959 3358 1003 νοοῦσιν
3428 950 3712 1002 ἐλάττωσιν
3783 946 3881 1002 δυ-

2266 1043 2464 1112 νάμεως
2513 1044 2537 1094 6
2578 1042 2724 1113 λόγος
2775 1047 3046 1117 προφαίνει
3106 1039 3199 1093 διὰ
3223 1045 3315 1099 τὴν
3372 1041 3623 1116 ῥηθεῖσαν
3672 1038 3878 1090 οἰκονο-

2266 1135 2409 1204 μίαν,
2450 1140 2560 1195 τοῖς
2612 1130 3014 1204 δὲλεπτότερον
3073 1131 3296 1189 ἰσότητα
3352 1129 3540 1202 μᾶλλον
3594 1133 3681 1181 καὶ
3738 1146 3876 1180 ταυ-

2265 1226 2457 1277 τότητα
2501 1218 2592 1273 διὰ
2630 1226 2725 1280 τὴν
2766 1220 3031 1279 ἀλήθειαν.
3084 1221 3159 1273 Οὐ
3205 1216 3430 1272 δύναται
3475 1220 3599 1291 γὰρ,
3651 1217 3711 1270 οὐ
3758 1216 3877 1268 κατ’

2263 1310 2485 1381 ἔλλειψιν
2539 1307 2808 1383 δυνάμεως
2854 1309 2980 1362 αλλὰ
3009 1312 3145 1362 κατὰ
3191 1313 3249 1361 τὸ
3284 1309 3395 1379 (95)
3460 1308 3835 1380 ἀνιγχὼρητον
3863 1324 3875 1337 ·

2264 1396 2561 1453 ἀνένδεκτόν
2592 1404 2693 1473 γὰρ
2742 1406 2905 1453 ποιεῖν
2930 1419 2982 1451 τι
3020 1404 3105 1451 τόν
3132 1402 3251 1451 Υἱὸν
3310 1398 3377 1448 ὧν
3410 1397 3469 1450 οὐ
3514 1404 3651 1450 ποιεῖ
3692 1398 3719 1447 6
3768 1402 3878 1448 Ilu-

2263 1494 2382 1563 τὴρ,
2434 1490 2575 1542 ὸιότι
2615 1490 2709 1542 οὐκ
2743 1492 2858 1542 ἔστι
2894 1497 2965 1559 τῷ
3014 1491 3119 1559 Υἱῷ
3171 1484 3394 1559 δύναμις
3443 1485 3557 1540 ἰὸία
3588 1487 3733 1561 παρὰ
3777 1488 3877 1543 τὴν

2262 1587 2355 1631 τοῦ
2406 1582 2627 1651 Πατρός,
2670 1578 2776 1631 ἀλλ’
2804 1580 2834 1637 ἠ
2880 1578 3009 1636 αὖτό
3039 1598 3050 1610 ·
3085 1578 3128 1630 εἰ
3177 1574 3236 1630 δὲ
3267 1579 3295 1635 ἠ
3350 1576 3501 1642 αὐτὴ,
3556 1574 3670 1638 ἶσος
3699 1576 3804 1649 ἄρα
3849 1575 3877 1626 6

2264 1671 2377 1730 Υἱὸς
2407 1676 2479 1739 τῷ
2502 1673 2689 1743 Πατρί.

564 1846 868 1902 Aitautem
894 1845 1211 1918 Gregorius
1234 1846 1591 1917 Theologus,
1611 1847 1771 1919 quod
1795 1845 2150 1901 earumdem

2335 1853 2471 1905 Φησὶ
2514 1846 2574 1901 δὲ
2604 1848 2629 1900 6
2662 1847 2908 1919 Θεολόγος
2963 1847 3076 1919 (96)
3112 1849 3400 1921 Γρηγόριος
3448 1846 3529 1897 ὅτι
3557 1851 3657 1896 τῶν
3705 1841 3877 1896 αὐτῶν

489 1950 689 1991 rerum
723 1935 1355 2005 formasintelligentes
1380 1937 1604 2008 praebet
1626 1938 1730 2006 (ee)
1759 1937 1948 2001 Pater,
1971 1934 2151 1990 Filius

493 2040 626 2081 vero
658 2025 907 2097 perﬁcit,
945 2042 1059 2080 non
1099 2031 1388 2097 tanquam
1424 2042 1626 2081 servus
1685 2030 1786 2080 aut
1843 2025 2152 2096 insipiens,

495 2115 601 2170 sed
619 2121 907 2187 tanquam
928 2115 1211 2171 dominus
1236 2131 1306 2171 ac
1331 2117 1617 2187 prudens,
1655 2120 1711 2170 et
1728 2120 1787 2170 ut
1809 2115 1997 2184 magis
2023 2130 2154 2185 pro-

492 2205 620 2277 prie
659 2204 911 2269 dicatur,
987 2205 1168 2260 modo
1225 2204 1532 2276 spirituali,
1591 2205 1715 2259 sive
1759 2204 1929 2275 juxta
1971 2204 2154 2260 Patris

492 2292 831 2348 dominium
856 2310 924 2348 ac
952 2293 1281 2349 scientiam.

565 2382 811 2454 Propter
856 2383 1139 2454 praedicta
1173 2399 1309 2453 ergo
1358 2382 1581 2439 dictum
1630 2387 1718 2438 est
1752 2398 1762 2437 :
1792 2383 1924 2438 Non
1975 2388 2153 2449 potest

492 2471 688 2528 Filius
715 2488 750 2528 α
780 2487 837 2527 se
872 2474 1068 2543 facere
1096 2472 1434 2544 quidquam,
1476 2472 1588 2527 nisi
1618 2471 1759 2543 quid
1799 2471 2013 2527 viderit
2042 2473 2155 2527 Pa-

495 2564 640 2617 trem
674 2561 1009 2632 facientem.
1070 2562 1238 2627 Quod
1276 2562 1321 2616 si
1373 2577 1493 2616 non
1534 2566 1777 2633 propter
1817 2561 1959 2625 haec,
2008 2575 2154 2631 quo-

492 2650 678 2705 modo
709 2650 972 2721 potentia
1002 2666 1119 2706 non
1154 2655 1340 2722 potest
1386 2651 1414 2706 ?
1444 2656 1546 2705 aut
1575 2650 1882 2722 quomodo
1915 2650 2153 2721 sapien-

493 2740 587 2796 tiae
619 2747 707 2795 est
736 2756 889 2811 opus
903 2747 1265 2811 praeceptore
1293 2741 1321 2794 ?
1341 2740 1652 2812 quomodo
1691 2742 1869 2795 etiam
1903 2759 1914 2796 :
1950 2740 2152 2796 Omnia

490 2846 595 2901 per
621 2830 808 2900 ipsum
839 2832 1005 2890 facta
1030 2836 1168 2885 sunt
1199 2835 1223 2884 .’
1248 2830 1365 2886 sive
1397 2846 1519 2902 quo
1538 2834 1714 2903 pacto
1735 2830 1915 2886 etiam
1950 2830 2150 2885 homi-

490 2919 673 2975 nibus
726 2936 847 2975 non
888 2920 995 2975 erit
1051 2920 1417 2987 imbecillior,
1458 2921 1562 2992 qui
1605 2920 1788 2975 multa
1846 2936 1883 2975 a
1937 2920 2148 2991 seipsis

490 3009 717 3066 faciunt
754 3009 783 3064 ?
814 3012 963 3066 Nam
997 3016 1052 3065 et
1091 3010 1363 3066 virtutem
1413 3026 1449 3066 a
1499 3009 1671 3065 nobis
1702 3010 1848 3081 ipsis
1874 3009 2151 3078 eligimus

490 3104 545 3155 et
594 3100 819 3155 vitium.
883 3099 1066 3155 Multa
1131 3114 1374 3172 quoque
1406 3099 1581 3155 variis
1623 3114 1695 3155 ex
1744 3097 1891 3154 locis
1943 3113 2151 3153 conse-

489 3195 749 3260 quentur
784 3188 1069 3244 absurda.

562 3279 642 3334 De
672 3278 958 3350 praedicto
989 3292 1133 3333 sane
1164 3278 1345 3334 verbo
1372 3277 1646 3333 subtilius
1668 3277 1992 3349 disputavit
2014 3278 2145 3333 Gre-

490 3368 690 3438 gorius
712 3366 1048 3438 Theologus
1078 3372 1242 3423 sexto
1267 3367 1517 3423 secundi
1552 3366 1685 3423 libri
1716 3368 1931 3439 capite.

563 3545 722 3601 Vers.
760 3547 843 3599 t9.
881 3544 1260 3615 Quaecunque
1282 3575 1343 3584 —
1373 3544 1541 3613 facit.
1562 3545 1818 3600 Rursum
1852 3544 1928 3600 ab
1956 3544 2149 3600 humi-

490 3632 652 3688 libus
683 3632 897 3689 transit
924 3633 1000 3688 ad
1030 3632 1330 3698 sublimia,
1366 3637 1430 3688 ut
1459 3632 1808 3704 praedictum
1841 3641 1929 3689 est
1962 3650 1975 3701 ;
2006 3650 2147 3689 nam

490 3719 538 3776 si
590 3737 969 3793 quaecunque
1034 3720 1127 3776 ille
1182 3721 1401 3789 fecerit,
1462 3723 1587 3778 haec
1643 3722 1820 3778 Filius
1877 3722 2149 3778 similiter

488 3809 647 3877 facit,
690 3809 893 3882 utique
923 3810 1017 3865 hic
1032 3809 1283 3883 aequalis
1314 3817 1401 3866 est
1428 3810 1525 3866 illi.
1556 3813 1920 3884 Prmponitur
1947 3819 2147 3868 autem

489 3914 613 3955 non
630 3899 861 3969 vulgari
894 3899 1561 3967 mododictiosimiliter,
1591 3902 1695 3957 sed
1730 3908 1791 3957 ut
1818 3902 2146 3965 discamus,

486 3989 653 4060 quod
683 4005 820 4044 cum
846 3988 1056 4061 aequali
1084 3989 1331 4046 scientia
1360 3995 1414 4045 et
1436 3990 1700 4046 dominio
1732 3991 1887 4057 facit,
1919 3997 1978 4047 ut
2003 4008 2150 4064 pras-

488 4076 709 4133 dictum
740 4083 846 4133 est.

560 4168 719 4222 Vers.
752 4171 841 4221 20.
892 4168 1070 4223 Pater
1124 4197 1193 4208 —
1232 4168 1405 4235 facit.
1458 4169 1670 4223 Iterum
1726 4186 1759 4224 a
1789 4169 2148 4225 sublimibus

490 4255 569 4313 ad
599 4255 851 4312 humilia
897 4255 1217 4311 descendit.
1286 4255 1479 4327 Diligit
1531 4263 1728 4313 autem
1766 4258 1996 4325 Filium,
2028 4275 2147 4314 non

492 4345 685 4401 solum
716 4350 1005 4417 tanquam
1039 4344 1434 4415 unigenitum,
1470 4346 1574 4401 sed
1633 4347 1814 4403 etiam
1857 4354 2147 4420 tanquam

492 4435 704 4491 eadem
735 4435 1070 4500 facientem,
1105 4441 1159 4489 et
1188 4433 1355 4504 nihil,
1386 4435 1551 4509 quod
1606 4435 1777 4492 Pater
1808 4437 1972 4501 nolit,
2010 4454 2146 4509 ope-

486 4528 743 4579 rantem.
800 4524 1001 4595 Neque
1052 4539 1194 4579 vero
1242 4508 1854 4594 superius‘dictionem
1906 4508 2145 4592 Viderit,

489 4613 565 4669 de
598 4612 778 4682 Filio;
833 4630 1026 4686 neque
1078 4614 1193 4668 hoc
1242 4617 1299 4668 in
1349 4614 1481 4669 loco
1547 4615 1869 4673 dictionem
1910 4619 2148 4674 Demon-

488 4708 659 4768 strat,
694 4702 768 4758 de
792 4705 975 4772 Patre,
1009 4702 1279 4758 humano
1310 4703 1489 4759 modo
1544 4705 1863 4775 intelligere
1895 4714 2145 4779 oportet,

2265 1940 2582 2012 πραγμάτων
2626 1941 2747 1998 τοὺς
2813 1941 3004 1997 τύπους
3051 1936 3419 2007 ἐνσημαίνεται
3458 1937 3548 2006 μὲν
3594 1934 3619 1985 6
3666 1937 3873 2006 Πατὴρ,

2264 2026 2479 2078 ἐπιτελεῖ
2528 2024 2640 2079 δεό
2687 2030 2826 2092 Υἱὸς,
2887 2027 2945 2078 οὐ
3006 2023 3261 2088 δουλικῶς
3316 2022 3439 2078 οὐδὲ
3479 2023 3713 2096 ἀμαθῶς,
3767 2020 3880 2073 ἀλλ’

2264 2115 2675 2188 ἐπιστημονικῶς
2733 2136 2787 2168 τε
2843 2122 2931 2168 καὶ
3000 2113 3348 2179 δεσποτικῶς,
3414 2118 3504 2166 καὶ
3564 2112 3876 2185 οἰκειότερον

2265 2206 2420 2259 εἰπεῖν
2460 2215 2836 2278 πνευματικῶς,
2880 2210 2998 2264 ἤτοι
3048 2208 3184 2257 κατὰ
3236 2214 3330 2264 τῆν
3377 2210 3467 2256 τοῦ
3508 2205 3712 2277 Πατρός
3760 2204 3878 2255 ἐπι-

2267 2300 2361 2352 στή
2371 2315 2473 2365 μην
2506 2300 2594 2347 καὶ
2626 2292 2954 2349 δεσποτείαν.

2336 2388 2428 2437 Διά
2485 2387 2551 2436 τὰ
2600 2385 2824 2457 ῥηθέντα
2894 2381 2982 2435 οὖν
3037 2387 3241 2455 εἴρηται
3294 2387 3352 2435 τὸ
3403 2381 3478 2435 Οὐ
3566 2378 3789 2434 δύναται
3848 2382 3875 2432 6

2264 2477 2379 2534 Υἱός
2426 2480 2589 2526 ποιεῖν
2636 2474 2720 2546 ἀφ’
2779 2473 2964 2526 ἑαυτοῦ
3007 2470 3179 2540 οὐδὲν,
3235 2472 3319 2525 ἐὰν
3379 2477 3509 2545 μήτι
3566 2470 3731 2544 βλέπῃ
3785 2473 3875 2523 τὸν

2267 2568 2470 2636 Πατέρα
2507 2571 2777 2615 ποιοῦντα.
2822 2563 2882 2616 Εἰ
2907 2565 3009 2637 γὰρ
3058 2567 3124 2633 μὴ
3178 2559 3272 2614 διὰ
3314 2569 3500 2627 ταῦτα,
3538 2569 3645 2621 πῶς
3693 2562 3725 2618 ἡ
3779 2556 3877 2613 δύ-

2262 2673 2409 2723 ναμις
2440 2653 2497 2705 οὐ
2545 2650 2785 2717 δύναται,
2830 2656 2859 2711 ἤ
2894 2660 3003 2714 πῶς
3034 2654 3062 2710 ἡ
3099 2656 3256 2724 σοφία
3300 2647 3468 2704 δεῖται
3512 2646 3870 2709 διδασκάλου,

2263 2744 2290 2802 ἦ
2328 2763 2434 2804 πως
2476 2745 2652 2795 Πάντα
2695 2739 2769 2795 δι’
2822 2742 2982 2793 αὑτοῦ
3025 2741 3239 2812 ἐγένετο,
3283 2742 3313 2799 ἦ
3360 2749 3470 2802 πῶς
3521 2739 3580 2792 οὐ
3633 2743 3723 2791 καὶ
3768 2747 3873 2789 τῶν

2262 2831 2541 2905 ἀνθρώπων
2597 2830 2958 2902 ἀσθενέστερος
3023 2834 3187 2895 ἔσται,
3267 2838 3366 2882 τῶν
3423 2828 3585 2882 πολλὰ
3658 2829 3872 2880 ποιούν-

2260 2941 2359 2972 των
2404 2920 2491 2991 ἀφ¹
2541 2920 2772 2988 ἑαυτῶν;
2834 2926 2934 2973 Καὶ
2990 2923 3090 2993 γὰρ
3140 2925 3230 2972 καὶ
3290 2917 3474 2994 ἀρετὴν
3533 2916 3618 2990 ἀφ’
3675 2916 3871 2969 ἑαυτῶν

2259 3012 2546 3083 αἱρούμεθα
2570 3015 2660 3062 καὶ
2706 3015 2893 3062 κακίαν
2919 3027 2930 3038 ·
2992 3015 3082 3061 καὶ
3121 3008 3284 3061 πολλὰ
3332 3008 3657 3080 πολλαχόθεν
3701 3007 3873 3059 ἄτοπα

2260 3099 2513 3153 ἑπακολου
2522 3101 2582 3157 θή
2594 3118 2689 3153 σει.

2190 3234 2229 3289 C
2334 3284 2457 3352 Περὶ
2487 3282 2659 3350 μέντοι
2686 3286 2774 3329 τοὺ
2820 3273 3139 3339 δηλωθέντος
3185 3279 3348 3352 ῥητοῦ
3405 3274 3870 3347 λεπτομερέστερον

2262 3366 2494 3421 διέλαϐεν
2525 3369 2550 3419 6
2574 3367 2823 3437 Θεολόγος
2844 3371 3128 3441 Γρηγόριος
3160 3370 3207 3419 ὲν
3233 3373 3304 3436 τῷ
3336 3366 3465 3437 ἕκτῳ
3492 3362 3751 3436 κεφαλαίῳ
3774 3368 3870 3414 τοῦ

2259 3462 2376 3529 περὶ
2407 3460 2531 3510 Υὶοῡ
2563 3452 2807 3529 δευτέρου
2838 3456 3014 3527 λόγου.

2327 3545 2390 3597 Ἀ
2446 3576 2512 3586 --
2565 3552 2720 3597 ποιεῖ.
2783 3547 2912 3598 Ἀπὸ
2969 3554 3066 3597 τῶν
3125 3552 3376 3598 ταπεινῶν
3429 3541 3512 3595 ἐπὶ
3570 3544 3635 3593 τὰ
3688 3540 3870 3612 ὑψηλὰ

2258 3634 2445 3707 μετέϐη
2493 3634 2664 3698 πάλιν,
2696 3636 2762 3693 ως
2794 3630 3213 3705 προδεδήλωται.
3251 3634 3308 3686 Εἰ
3355 3634 3454 3707 γὰρ
3504 3630 3538 3683 ἃ
3577 3630 3637 3683 ἆν
3676 3630 3868 3692 ἐκεῖνος

2257 3733 2404 3797 ποιῇ,
2438 3732 2605 3776 ταῦτα
2631 3728 2723 3775 καὶ
2754 3724 2779 3775 6
2808 3726 2927 3785 Υἱὸς
2966 3726 3153 3793 ὁμοίως
3198 3730 3354 3787 ποιεῖ,
3413 3718 3525 3783 ἶσος
3573 3722 3679 3795 ἄρα
3716 3720 3868 3781 οὗτος

2258 3815 2453 3885 ἐκείνῳ.
2498 3817 2566 3865 Τό
2601 3810 2658 3864 δὲ
2690 3813 2877 3884 ὁμοίως
2916 3820 3227 3885 πρόσκειται
3275 3811 3380 3883 οὐχ
3426 3810 3601 3873 ἁπλῶς
3644 3808 3751 3861 ἀλλ’
3786 3811 3871 3861 ἱνα

2258 3905 2500 3977 μάθωμεν
2531 3904 2609 3955 ὅτι
2640 3905 2768 3974 μετὰ
2797 3910 2887 3964 τῆς
2920 3905 3042 3964 ἴσης
3073 3901 3369 3973 ἐπιστήμης
3400 3904 3489 3952 καὶ
3530 3896 3865 3966 δεσποτείας,

2259 3996 2323 4053 ὡς
2363 3997 2685 4065 προείρηται.

2328 4171 2387 4223 Ὀ
2435 4174 2536 4245 γὰρ
2587 4175 2767 4244 Πατὴρ
2813 4202 2880 4210 -
2911 4178 3064 4223 ποιεῖ.
3130 4169 3288 4223 Πάλιν
3346 4167 3446 4221 ἀπὸ
3497 4175 3595 4219 τῶν
3651 4166 3867 4237 ὑψηλῶν

2260 4260 2343 4313 ἐπὶ
2391 4264 2457 4312 τὰ
2496 4262 2712 4313 ταπεινὰ
2769 4266 3123 4332 μετεχώρησε.
3181 4260 3322 4312 Φιλεῖ
3374 4255 3433 4310 δε
3490 4260 3576 4309 τόν
3633 4259 3752 4308 Υίὸν
3808 4256 3866 4307 οὐ

2259 4354 2411 4421 μόνον
2443 4352 2509 4410 ὡς
2558 4358 2824 4421 μονογενῆ,
2877 4348 3004 4400 ἀλλὰ
3051 4355 3139 4400 καὶ
3206 4352 3274 4409 ὡς
3326 4349 3393 4399 τὰ
3438 4346 3573 4398 αὐτὰ
3620 4353 3869 4398 ποιοῦντα

2259 4445 2348 4491 καὶ
2387 4435 2552 4511 μηδὲν
2601 4437 2846 4496 ἀθέλητον
2878 4448 2949 4509 τῷ
3010 4445 3173 4513 Πατρι
3231 4436 3592 4510 ἐργαζόμενον.
3622 4438 3753 4487 Οὔτε
3807 4431 3867 4487 δὲ

2260 4530 2363 4580 ἄνω
2408 4527 2490 4580 ἐπὶ
2536 4536 2626 4580 τοῦ
2675 4531 2799 4580 Υὶοῡ
2839 4532 2896 4580 τό
2957 4526 3146 4600 βλέπῃ,
3201 4528 3317 4579 οὔτε
3375 4524 3595 4577 ἐνταῦθα
3634 4523 3716 4577 ἐπὶ
3773 4531 3866 4575 τοῦ

2264 4622 2467 4689 Πατρός
2532 4637 2589 4670 το
2644 4615 2911 4671 δείκνυσιν
2973 4617 3301 4689 ἀνθρωπίνως
3348 4620 3457 4687 χρὴ
3517 4621 3668 4683 νοεῖν²
3738 4611 3867 4664 ἀλλὰ

2262 4711 2555 4779 θεοπρεπῶς
2619 4712 2708 4759 καὶ
2767 4709 3051 4780 ὑπερφυῶς.
3107 4706 3240 4757 Οὔτε
3283 4707 3386 4778 γὰρ
3443 4706 3468 4755 6
3510 4705 3624 4763 Υἱός
3683 4700 3865 4773 βλέπει

1728 4886 1947 4955 Varia:
1976 4887 2301 4955 lectiones
2327 4899 2387 4954 ct
2410 4898 2609 4955 notas.

587 5076 676 5150 94)
701 5076 1163 5150 ’ᾼποκεκρυμμένα
1190 5085 1243 5132 Β.

586 5148 685 5224 ῼό)
736 5148 1134 5222 ’Λνεγχείρητον
1216 5157 1271 5204 Β.
1348 5151 1675 5224 Utrumque
1754 5152 1870 5208 dici
1938 5158 2149 5224 potest.

499 5219 1039 5301 Sed‘o‘ngu’pnfov
1093 5225 1201 5287 est,
1264 5223 1430 5294 quod
1474 5219 1609 5301 quis
1661 5239 1793 5301 n_on_
1846 5219 2151 5301 suscipiat,

496 5290 663 5364 quod
693 5290 892 5364 aliqua
936 5292 1010 5347 de
1035 5308 1219 5348 causa
1248 5290 1367 5347 non
1392 5290 1660 5350 eventum
1698 5295 1919 5351 habeat
1943 5290 2046 5352 au't
2074 5297 2151 5351 fa-

495 5362 589 5417 c'tu
632 5362 950 5440 indignum
996 5364 1069 5419 sit
1116 5380 1135 5440 ξ
1182 5366 1570 5440 άνεγχῴρητον,
1618 5367 1797 5440 ,ψιοᾴ
1849 5368 1970 5422 ﬁeri
2031 5384 2150 5424 non

495 5434 703 5504 possit.
744 5435 913 5490 Redit
937 5449 1079 5504 ergo
1109 5433 1227 5511 fere
1258 5433 1491 5492 eodem.
1522 5433 1865 5511 S_ed"probo
1921 5441 2154 5511 άνεσγχὼ-

530 5523 674 5586 ῃτογ,
728 5512 996 5586 propter»
1026 5506 1362 5586 proximum
1415 5504 1734 5586 οξιένὸξεκτιῑνἶ
1786 5513 1867 5566 tta
1905 5504 2154 5586 quoque

549 5576 819 5633 entenius
845 5576 1079 5634 videtur
1108 5578 1425 5651 reperisse.
1456 5579 1573 5636 Sed
1618 5581 1773 5637 male
1820 5576 2016 5638 reddit
2055 5576 2149 5639 in-

525 5751 698 5832 μελε)
727 5752 981 5832 οᾳωαιῃ
1009 5755 1235 5832 tradere
1255 5756 1480 5832 videtur
1502 5758 1881 5832 adversariis.
1909 5759 2154 5832 Submit-

498 5822 585 5891 tit,
614 5822 675 5880 id
705 5828 811 5893 est,
841 5824 1029 5882 verba
1051 5827 1299 5899 quidem
1330 5829 1656 5898 submissa,
1692 5831 1984 5889 sententia
2012 5848 2154 5889 vero

2262 5082 2788 5151 separabilitatem.
2826 5080 3012 5137 Minus
3044 5082 3203 5137 enim
3230 5080 3545 5152 probabile
3566 5088 3673 5144 est,
3697 5078 3861 5135 illum

2262 5154 2477 5223 legisse
2510 5153 2833 5228 ἀχώριστον.
2878 5154 2989 5206 Οὐκ
3017 5153 3268 5228 ἐγχωρεῖῖ
3289 5154 3423 5228 ﬁeri
3462 5154 3685 5228 nequit,
3720 5152 3865 5228 satis

2263 5234 2471 5280 notum
2492 5235 2596 5298 est.
2633 5225 3007 5298 Ᾱνεγχὼρητος
3037 5225 3238 5298 autem
3257 5225 3440 5298 habet
3461 5227 3699 5298 Gregor.
3728 5226 3862 5298 Naz.

2264 5244 2471 5280 notum
2492 5244 2596 5279 ρει.
2633 5244 2849 5298 Ανεγχω
2888 5245 3007 5285 ητος
3037 5244 3238 5280 autem
3257 5244 3440 5280 nanei
3461 5244 3699 5295 uregor.
3728 5244 3862 5279 naz.

2264 5313 2320 5367 p.
2356 5301 2477 5371 2_l5.
2513 5296 2616 5371 tiu.
2641 5314 2817 5371 quem
2843 5244 3055 5371 focum;
3073 5297 3325 5371 fortasse
3346 5296 3408 5351 in
3431 5295 3869 5371 mentebabuit

2267 5364 2774 5439 Euthymilisflbi
2806 5370 2888 5424 sic
2922 5385 2933 5424 ε
2982 5369 3163 5430 Οὕτως
3194 5364 3449 5421 ἀδύνατον
3491 5373 3581 5421 καὶ
3631 5366 3866 5439 ἁνεγχώ·

2261 5459 2418 5515 ρηᾼτον
2444 5446 2606 5492 ποιεῖν
2646 5459 2698 5492 τι
2729 5443 2814 5492 τὸν
2839 5442 2977 5515 Υἱὸν,
3008 5440 3033 5492 ὃ
3064 5440 3121 5492 οὐ
3148 5446 3288 5492 ποιεῖ
3331 5440 3357 5491 6
3411 5444 3614 5515 Πατήρ.
3670 5440 3868 5511 Supra

2263 5509 2353 5585 ad
2377 5514 2510 5566 Luc.
2545 5528 2660 5578 XVI,
2696 5516 2785 5575 26,
2818 5516 2910 5567 est
2940 5509 3361 5585 ἀνεπιχείρητος.

2337 5583 2443 5653 (96)
2477 5585 2717 5653 Gregor.
2745 5586 2879 5639 Naz.
2914 5600 2972 5655 p.
3000 5587 3124 5638 2l6.
3154 5583 3284 5641 init.

2264 5762 2637 5834 neutiquam.

2337 5828 2866 5904 (ll)'tntetligentes
2890 5832 3134 5905 prabet.
3166 5835 3411 5892 Formas
3448 5828 3755 5907 imprimit.
