4156 6388
292 366 431 434 1217

1406 357 1777 429 COMMENT.
1820 362 1886 427 1N
1926 363 2285 429 JOANNEM.
2313 400 2381 410 —
2407 364 2564 426 CAP.
2595 363 2660 425 v.

3542 365 3679 425 1218

291 502 363 563 ὡς
390 500 648 573 μαθητὴς,
681 500 798 552 οὔτε
844 498 870 549 6
904 501 1079 573 Πατὴρ
1131 494 1397 550 δείκνυσιν
1446 500 1510 557 ὡς
1549 493 1894 558 διδάσκαλος·

2025 496 2113 551 ted
2165 494 2370 550 divino
2430 498 2486 550 et
2541 491 3001 566 supernaturali.
3049 495 3250 565 Neque
3288 491 3449 548 enim
3495 492 3675 548 Filius

293 588 400 642 ἀλλ’
428 590 453 642 6
649 584 914 641 δείκνυσιν
959 589 1023 648 ὡς
1052 595 1170 648 νοῦς
1213 596 1314 639 τῶν
1365 587 1532 639 αὐτῶν
1579 588 1899 659 πραγμάτων

292 682 408 739 τοὺς
457 681 659 740 τύπους
709 676 1160 749 ἐνσημαινόμενος·
1204 678 1229 728 ό
1274 672 1333 728 δὲ
1384 674 1563 748 βλέπει
1612 678 1681 739 ὡς
1727 675 1899 747 λόγος,

295 768 531 823 ἐπιτελῶν
555 770 619 820 τὰ
649 768 1053 839 ὼσημανθέντα,
1072 770 1162 819 καὶ
1180 773 1314 818 οῦτω
1336 767 1485 817 κοινά
1510 768 1713 828 τούτοις
1735 768 1903 817 πάντα

293 860 357 912 τὰ
381 860 633 933 θεοπρεπῆ
663 859 973 932 πράγματα.

370 1128 472 1178 Καί
521 1153 587 1164 —
652 1124 978 1197 θαυμάζητε.
1032 1120 1246 1182 Ἐπειδὴ
1312 1123 1606 1199 παράλυτον
1672 1122 1899 1195 εσφιγξε,

294 1218 386 1267 καὶ
417 1211 478 1272 ἦν
506 1218 641 1287 μέγα
690 1216 748 1267 τὸ
774 1219 1008 1286 γεγονός,
1054 1213 1225 1287 ἔμελλε
1257 1210 1316 1266 δε
1346 1220 1435 1265 καὶ
1464 1217 1639 1287 νεκρόν
1670 1212 1900 1286 ἐγείρειν,

297 1299 392 1357 διὰ
438 1310 594 1356 τοῦτο
633 1299 768 1357 εἶπεν
817 1302 898 1355 ὃτι
942 1308 1033 1356 καὶ
1081 1304 1297 1375 μείζονα
1335 1306 1532 1355 τούτων
1574 1299 1734 1365 δείξει
1764 1301 1903 1371 αὐτῷ

295 1395 439 1466 ἔργα,
477 1394 562 1445 ἵνα
589 1394 737 1465 ὑμεῖς
769 1393 1075 1466 θαυμάζητε
1104 1397 1301 1466 μεῖζον,
1338 1397 1424 1444 καὶ
1460 1393 1618 1454 οὕτως
1646 1391 1905 1463 έναχθῆτε

293 1482 411 1554 (97)
441 1485 565 1559 πρὸς
597 1486 655 1535 τὸ
688 1485 973 1536 πιστεύειν.

370 1660 570 1734 ’Ὠσπερ
626 1692 695 1701 —
754 1664 1012 1723 ζωοποιεῖ.

297 1752 380 1804 θεν
431 1747 585 1811 αὖθις
633 1748 717 1803 ἐπὶ
768 1752 831 1802 τὰ
903 1748 1099 1820 ὑψηλά.
1156 1750 1215 1801 Εἰ
1262 1753 1386 1822 γὰρ,
1449 1750 1621 1822 ὥσπερ
1690 1746 1896 1812 ἐκεῖνος,

1089 1659 1216 1713 Ἀπὸ
1265 1668 1364 1711 τῶν
1420 1666 1671 1711 ταπεινῶν
1724 1657 1907 1731 μετῆλ-

2009 585 2165 643 videt
2214 586 2364 640 sicut
2412 583 2765 655 discipulus.
2823 598 3018 655 neque
3076 585 3246 639 Pater
3303 582 3676 639 demonstrat

2016 676 2167 731 sicut
2201 678 2549 747 praeceptor,
2574 673 2678 729 sed
2703 672 2800 728 hic
2830 672 3065 744 quidem
3094 671 3485 737 demonstrat,
3522 671 3679 728 sicut

2012 780 2203 829 mens,
2236 779 2371 836 quae
2395 763 2620 818 formas
2651 762 2994 818 earumdem
3018 777 3218 817 rerum
3250 760 3674 831 intelligendas

2010 855 2238 926 praebet
2267 869 2277 906 :
2312 853 2406 908 ille
2446 858 2644 907 autem
2672 852 2847 919 videt,
2875 851 3025 906 sicut
3055 865 3274 916 sermo,
3308 849 3413 923 qui
3442 866 3514 906 ea
3539 866 3671 924 qua

2012 943 2091 1000 ad
2106 942 2558 1013 intelligendum
2573 941 2714 998 data
2737 946 2896 1005 sunt,
2931 940 3159 1012 perﬁcit
3194 956 3206 993 :
3235 944 3292 995 et
3313 939 3394 996 ita
3418 941 3500 997 eis
3517 956 3669 997 com-

2015 1048 2229 1089 munes
2262 1036 2400 1087 sunt
2448 1045 2659 1086 omnes
2689 1030 2905 1085 divinae
2942 1045 3039 1085 res
3082 1034 3138 1085 et
3168 1045 3387 1086 causae.

2083 1122 2246 1177 Vers.
2279 1124 2367 1177 20.
2396 1120 2475 1175 Et
2502 1150 2571 1162 —
2613 1118 3020 1176 admiremini.
3066 1122 3212 1175 Nam
3253 1118 3399 1190 quia
3431 1118 3679 1192 paraly-

2014 1210 2110 1268 tici
2145 1210 2416 1267 membra
2441 1208 2919 1275 conﬁrmaverat,
2950 1222 3238 1278 magnum
3270 1207 3517 1279 quidem
3551 1213 3680 1265 erat

2013 1300 2179 1374 quod
2206 1299 2431 1355 factum
2459 1304 2612 1362 erat,
2649 1297 2756 1354 sed
2777 1297 2959 1359 etiam
2993 1302 3295 1353 mortuum
3309 1298 3675 1354 excitaturus

2014 1395 2158 1454 erat,
2189 1395 2246 1445 et
2266 1388 2404 1444 ideo
2430 1388 2511 1443 ait
2540 1388 2705 1459 quod
2728 1387 2911 1443 etiam
2936 1387 3171 1457 majora
3190 1386 3284 1442 his
3298 1388 3676 1443 demonstra-

2016 1479 2096 1535 bit
2115 1479 2168 1535 ei
2198 1494 2403 1551 opera,
2440 1483 2501 1533 ut
2520 1493 2623 1534 vos
2652 1475 3332 1549 ampliusadmiremini,
3365 1482 3421 1533 et
3446 1477 3524 1533 ad
3556 1493 3683 1533 cre-

2014 1568 2283 1624 dendum
2333 1566 2739 1623 adducamini.

2085 1659 2244 1712 Vers.
2278 1659 2363 1712 2t.
2395 1657 2560 1712 Sicut
2592 1686 2653 1697 —
2684 1655 2964 1724 viviﬁcat.
2997 1656 3079 1710 Ab
3104 1655 3438 1712 humilibus
3464 1672 3674 1713 rursus

2017 1746 2289 1802 ascendit
2334 1746 2411 1801 ad
2462 1744 2763 1800 sublimia.
2822 1748 2972 1800 Nam
3012 1745 3160 1799 sicut
3200 1744 3317 1811 ille,
3372 1746 3452 1800 ita
3485 1750 3542 1800 et
3582 1745 3679 1802 hic

295 1838 433 1893 οὕτω
481 1845 572 1891 καὶ
627 1838 779 1901 οὗτος
842 1839 927 1900 οὖς
961 1838 1089 1891 θέλει
1138 1839 1397 1900 ζωοποιεῖ,
1444 1835 1762 1909 ἰσοὸύναμος
1804 1838 1907 1911 ἄρα

2025 1851 2170 1908 quos
2204 1835 2330 1890 vult
2357 1834 2635 1898 vivificat,
2674 1833 2919 1906 aequalis
2954 1834 3157 1906 utique
3192 1834 3473 1907 potentiae
3499 1834 3678 1890 Filius

298 1930 324 1980 6
355 1931 472 1989 Υἱὸς
524 1936 597 2000 τῷ
651 1932 837 2001 Πατρί.
889 1932 958 1980 Τὸ
1002 1931 1091 2000 μὲν
1143 1924 1228 1979 οὖν
1261 1930 1435 2002 ὥσπερ
1477 1929 1501 1979 ό
1551 1932 1731 2000 Πατὴρ
1781 1926 1910 1986 ζωο-

293 2006 461 2073 ποιεῖν
505 2026 603 2079 τῆς
656 2014 926 2090 δυνάμεως
972 2013 1223 2069 διδάσκει
1274 2022 1367 2075 τὴν
1420 2017 1658 2075 ἰσότητα·
1712 2019 1771 2067 τὸ
1825 2012 1905 2093 δὲ,

297 2108 403 2168 Οὗς
475 2106 606 2159 θέλει
657 2114 753 2168 τῆς
829 2105 1069 2169 ἐξουσίας
1144 2111 1240 2164 τὴν
1290 2105 1700 2177 ἀπαραλλαξίαν.
1766 2105 1908 2161 Ἐπεὶ

296 2195 358 2251 δὲ
405 2202 495 2250 καὶ
543 2193 765 2249 δύναται
813 2201 904 2248 καὶ
933 2196 1172 2258 ἐξουσίαν
1223 2198 1358 2267 ἔχει,
1398 2203 1509 2257 πῶς
1534 2196 1591 2247 οῦ
1631 2192 1852 2248 δύναται
1882 2196 1908 2247 6

294 2290 418 2350 Υἱός
447 2293 612 2339 ποιεῖν
663 2283 746 2358 ἀφ’
781 2285 966 2337 ἑαυτοῦ
997 2281 1187 2352 ou’d‘év;
1222 2284 1297 2337 Οὔ
1350 2280 1572 2337 δύναται
1611 2280 1698 2336 οὖν
1742 2288 1909 2357 χωρὶς

295 2384 387 2431 τοῦ
416 2378 634 2450 Πατρός,
670 2372 812 2427 διότι
842 2379 940 2447 μία
982 2379 1071 2426 καὶ
1120 2376 1150 2433 ἡ
1207 2374 1334 2431 αὐτὴ
1368 2378 1571 2435 τούτοις
1602 2370 1827 2446 δύναμίς
1857 2392 1910 2426 τε

296 2471 389 2519 καὶ
422 2463 699 2539 βούλησις.

373 2551 514 2608 Οῦδε
581 2584 649 2597 —-
720 2558 942 2629 Πατέρα.
1012 2555 1144 2607 Ἀπὸ
1217 2562 1317 2604 τῶν
1394 2553 1607 2624 ὑψηλῶν
1682 2557 1905 2625 μετέστη

296 2645 455 2699 πάλιν
509 2642 593 2696 ἐπὶ
644 2645 711 2695 τὰ
761 2645 997 2697 ταπεινά.
1054 2642 1331 2696 Κάνταῦθα
1383 2648 1553 2695 τοίνυν
1611 2646 1669 2694 τό
1709 2639 1910 2695 Δέδωκε

300 2737 593 2807 θεοπρεπῶς
640 2736 867 2791 νοητέον.
929 2731 1015 2786 Τὰ
1082 2740 1302 2784 τοιαῦτα
1364 2735 1486 2807 γὰρ,
1548 2733 1717 2793 καθὼς
1772 2732 1910 2806 εἰρή-

296 2843 482 2897 καμεν,
552 2822 887 2895 οἰκονομικῶς
940 2820 1093 2893 λέγει,
1184 2821 1243 2873 οὐ
1311 2826 1463 2893 μόνον
1538 2820 1764 2873 ἐντεῦθεν
1833 2822 1909 2872 θε-

296 2916 539 2988 ραπεύων
616 2916 710 2970 τὴν
799 2909 1066 2963 ἀσθένειαν
1118 2918 1220 2962 τῶν
1284 2908 1576 2975 Ἰουδαίων,
1646 2908 1774 2961 ἀλλὰ
1820 2914 1909 2961 καὶ

300 3003 387 3056 ἵνα
434 3005 521 3054 τόν
563 3004 728 3054 αἰτιον
781 2998 998 3072 εἰδῶμεν
1044 3004 1129 3052 καὶ
1181 3003 1252 3072 μὴ
1317 2998 1591 3071 ἀγέννητον
1649 2997 1779 3051 εἶναι
1822 3002 1909 3051 τόν

298 3094 420 3147 Υἰὸν
451 3089 808 3162 ὑπολάϐωμεν,
840 3086 971 3162 μηδ’
998 3089 1069 3151 εἰς
1098 3094 1190 3148 τὴν
1215 3088 1486 3141 Σαϐελλίου
1508 3095 1659 3140 νόσον
1687 3092 1911 3141 καταπέ-

2014 1930 2102 1981 est
2161 1940 2299 1979 cum
2354 1927 2539 1980 Patre.
2605 1924 2918 1978 Viviticare
2996 1922 3198 1995 itaque
3270 1923 3421 1979 sicut
3482 1925 3675 1989 Pater,

2017 2016 2297 2087 potentiae
2328 2012 2913 2084 docetaaqualitatem
2944 2028 2955 2067 :
2991 2012 3158 2084 quod
3180 2019 3380 2068 autem
3409 2014 3675 2070 additur:

2017 2104 2160 2170 Quos
2192 2103 2338 2171 vult,
2389 2101 2723 2158 autoritatis
2767 2102 3332 2157 immutabilitatem.
3376 2104 3596 2159 Verum
3629 2103 3678 2159 si

2015 2198 2071 2249 et
2101 2198 2311 2265 potest,
2345 2196 2402 2247 et
2429 2192 2839 2247 auctoritatem
2859 2190 3057 2257 habet,
3087 2194 3398 2262 quomodo
3430 2207 3551 2247 non
3571 2207 3674 2263 po-

2015 2284 2126 2339 test
2156 2280 2335 2337 Filius
2374 2297 2411 2336 a
2430 2297 2492 2337 se
2525 2280 2715 2336 facere
2745 2280 3079 2352 quidquam
3110 2278 3137 2334 εἰ
3173 2295 3292 2335 non
3321 2285 3514 2352 potest
3537 2296 3679 2352 ergo

2017 2372 2142 2428 sine
2162 2372 2348 2438 Patre,
2377 2371 2522 2443 quia
2550 2386 2670 2427 una
2709 2375 2763 2425 et
2802 2369 3013 2427 eadem
3041 2374 3129 2426 est
3161 2368 3304 2441 ipsis
3336 2371 3600 2442 potentia
3622 2375 3679 2428 et

2017 2461 2317 2518 voluntas.

2088 2553 2244 2607 Vers.
2292 2550 2380 2605 ‘22.
2426 2550 2625 2621 Neque
2663 2580 2731 2591 —
2772 2550 2941 2605 Vers.
2984 2553 3074 2604 23.
3109 2549 3363 2606 Patrem.
3398 2550 3446 2603 A
3493 2550 3676 2606 subli-

2018 2640 2219 2697 mibus
2267 2642 2479 2696 iterum
2511 2640 2823 2696 descendit
2871 2638 2949 2695 ad
2984 2638 3257 2696 humilia.
3301 2643 3364 2697 Et
3408 2640 3505 2695 hic
3536 2656 3679 2711 ergo

2018 2730 2270 2785 verbum
2286 2729 2476 2795 Dedit,
2500 2727 2958 2798 intelligendum
2972 2735 3247 2800 estprout
3277 2732 3460 2785 Deum
3477 2733 3677 2786 decet:

2018 2818 2162 2875 talia
2203 2819 2385 2882 enim,
2432 2822 2495 2873 ut
2542 2818 2826 2883 diximus,
2876 2818 3278 2890 dispensative
3323 2819 3507 2888 dicit;
3558 2836 3681 2876 non

2018 2909 2211 2963 solum
2236 2924 2454 2964 curans
2467 2923 2536 2963 ex
2560 2908 2669 2963 hoc
2686 2907 3154 2963 imbecillitatem
3180 2908 3549 2975 Judaeorum,
3584 2925 3683 2965 ve-

2018 3015 2151 3054 rum
2174 2998 2352 3054 etiam
2379 3003 2439 3052 ut
2464 3013 2712 3053 causam
2744 2996 3075 3061 videamus,
3092 3008 3147 3051 et
3178 3012 3252 3052 ne
3275 3013 3395 3053 non
3413 2998 3680 3067 genitum

2019 3104 2147 3143 esse
2188 3086 2400 3141 Filium
2456 3085 2853 3156 suspicemur,
2895 3101 3090 3158 neque
3125 3085 3188 3140 in
3237 3086 3473 3142 Sabellii
3524 3103 3679 3143 mor-

302 3201 493 3255 σωμεν,
535 3184 621 3234 τόν
654 3180 808 3232 αὐτὸν
849 3184 1051 3253 Πατέρα
1094 3183 1180 3230 καὶ
1215 3181 1333 3231 Υἰὸν
1384 3184 1471 3231 καὶ
1500 3178 1649 3249 οἷγιον
1704 3185 1907 3250 Πνεῦμα

2025 3177 2158 3232 bum
2194 3176 2568 3240 decidamus,
2615 3174 2720 3246 qui
2746 3176 3028 3230 eumdem
3074 3190 3202 3230 esse
3242 3175 3474 3232 Patrem
3503 3182 3559 3233 et
3600 3177 3682 3233 Fi-

298 3278 537 3333 νοοῦντος
574 3274 663 3322 καὶ
707 3269 755 3321 ἓν
794 3273 1073 3342 πρόσωπον
1101 3272 1194 3327 τὴν
1222 3267 1375 3340 ἁγίαν
1410 3264 1618 3341 Τριάδα
1648 3264 1911 3340 δογματί-

302 3361 484 3423 ζοντος
515 3358 745 3419 ἀνοήτως
758 3404 771 3416 .

375 3455 506 3503 Πότε
540 3446 599 3502 δὲ
626 3453 721 3507 τὴν
749 3452 923 3523 κρίσιν
958 3443 1157 3501 δέδωκε
1190 3456 1261 3518 τῷ
1309 3449 1414 3518 Υῐῷ
1439 3463 1453 3512 ;
1481 3446 1631 3519 ’Υπερ
1677 3450 1734 3499 τὸ
1782 3451 1911 3499 Πότε

301 3543 332 3599 ἠ
381 3539 682 3613 ἀπόκρισις.
727 3538 786 3590 Εἰ
840 3534 900 3590 δὲ
937 3542 1047 3611 χρή
1092 3557 1142 3589 τι
1189 3542 1278 3589 καὶ
1326 3536 1590 3609 τολμηρῶς
1627 3535 1911 3611 ἀποκριθῆ-

298 3649 405 3694 ναι,
465 3629 575 3701 ἅμα
643 3635 715 3698 τῷ
780 3632 961 3678 τοῦτον
1032 3628 1390 3698 γεγεννῆσθαι.
1454 3630 1582 3677 Πότε
1657 3621 1715 3677 δὲ
1762 3625 1913 3685 οὗτος

298 3722 622 3792 γεγέννηται,
656 3718 739 3768 ὅτε
772 3717 796 3766 6
838 3719 1019 3788 Πατὴρ
1064 3715 1122 3768 οὐ
1155 3718 1490 3787 γεγέννηται;
1520 3715 1631 3767 Οὐκ
1674 3716 1783 3766 ἔστι
1811 3717 1909 3786 γὰρ

300 3808 395 3860 οὐκ
425 3809 567 3860 ἔστιν
599 3807 760 3878 εὑρεῖν
805 3806 997 3857 ἔννοιάν
1024 3824 1142 3857 τινα
1167 3810 1364 3877 χρόνου
1406 3805 1435 3863 ἣ
1468 3804 1653 3865 αἰῶνος
1682 3804 1800 3855 καθ’
1851 3802 1910 3862 ἣν

299 3895 570 3969 ἕφικέσθαι
598 3898 732 3957 τινός
762 3896 926 3969 ἄκρου
959 3891 1326 3967 δυνηθείημεν,
1362 3895 1408 3946 εἰ
1450 3898 1541 3946 καὶ
1571 3896 1650 3947 ὃτι
1680 3893 1913 3967 μάλιστα

301 3984 645 4058 βιαζοίμεθα.

372 4257 477 4313 Τὴν
524 4256 701 4327 κρίσιν
761 4250 821 4307 δέ
869 4258 1044 4307 πᾶσαν
1095 4248 1294 4305 δέδωκε
1358 4258 1431 4322 τῷ
1487 4253 1613 4321 Υἱῷ,
1679 4250 1762 4303 ἱνα
1817 4246 1911 4303 διὰ

296 4351 455 4397 τοῦτο
510 4342 816 4416 φοϐούμενοι
860 4351 1083 4415 τιμῶσιν
1142 4342 1318 4407 αὐτὸν,
1369 4343 1540 4402 καθὼς
1584 4348 1780 4413 τιμῶσι
1821 4342 1909 4392 τόν

300 4438 528 4509 Πατέρα.
564 4440 746 4486 Πᾶσαν
793 4429 852 4485 δε
896 4433 1068 4498 εἰπὼν,
1116 4428 1375 4490 ἐδήλωσεν
1425 4431 1536 4503 ἅμα
1590 4434 1683 4488 τὴν
1731 4449 1784 4482 τε
1818 4437 1908 4481 τοῦ

2019 3267 2167 3322 lium
2193 3281 2262 3321 ac
2276 3265 2560 3335 Spiritum
2584 3269 2859 3319 sanctum
2881 3262 3174 3335 intelligit,
3202 3268 3257 3319 et
3278 3264 3517 3322 unicam
3544 3282 3679 3322 esse

2024 3362 2245 3411 sanctte
2282 3352 2578 3408 Trinitatis
2618 3368 2931 3423 personam
2986 3352 3196 3408 insane
3227 3354 3534 3424 praedicat.

2093 3443 2348 3517 Quando
2404 3458 2544 3498 vero
2592 3442 2757 3497 dedit
2803 3441 3093 3512 judicium
3165 3442 3305 3498 Filio
3339 3441 3368 3497 ‘t‘
3419 3444 3496 3499 De
3545 3443 3679 3510 hoc,

2021 3534 2271 3608 quando
2317 3532 2380 3588 id
2411 3531 2601 3597 fuerit,
2649 3547 2743 3586 res
2785 3537 2875 3586 est
2921 3531 3257 3588 admodum
3304 3533 3583 3589 occulta:
3624 3538 3683 3589 et

2021 3639 2370 3696 quanquam
2430 3621 2580 3692 (mm)
2621 3622 2910 3676 audenter
2973 3619 3335 3693 respondere
3383 3626 3679 3694 oporteat,

2022 3713 2185 3786 quod
2219 3710 2399 3767 simul
2421 3716 2481 3766 ut
2506 3710 2603 3765 hic
2625 3709 2856 3780 genitus
2875 3713 3001 3765 est:
3032 3714 3292 3767 attamen
3312 3711 3560 3784 quando
3586 3712 3682 3768 hic

2022 3803 2255 3873 genitus
2291 3807 2397 3867 est,
2441 3800 2690 3872 quando
2744 3802 2909 3855 Pater
2964 3800 3198 3867 genitus
3239 3816 3358 3856 non
3395 3807 3483 3857 est
3509 3799 3682 3857 ?Non

2021 3895 2218 3964 potest
2269 3890 2588 3963 siquidem,
2643 3904 2766 3945 non
2819 3894 3038 3961 potest,
3087 3890 3360 3962 inquam,
3427 3891 3682 3947 inveniri

2021 3982 2328 4053 temporis,
2380 3983 2485 4036 aut
2543 3978 2742 4034 saeculi
2789 3977 3041 4049 alicujus
3088 3977 3499 4049 intelligentia,
3558 3996 3683 4052 qua

2021 4070 2100 4127 ad
2129 4075 2465 4126 extremum
2480 4067 2728 4140 aliquod
2753 4066 3056 4139 pervenire
3079 4069 3405 4139 possimus,
3435 4068 3681 4126 etiamsi

2021 4160 2283 4215 maxime
2316 4172 2561 4227 urgeam
2576 4173 2663 4211 us.

2089 4248 2387 4304 Iudicium
2435 4252 2636 4302 autem
2686 4260 2865 4301 omne
2904 4244 3069 4300 dedit
3100 4244 3263 4311 Filio,
3298 4250 3363 4302 ut
3404 4245 3683 4304 timentes

2019 4342 2265 4409 pr0pter
2282 4337 2411 4399 hoc,
2444 4336 2741 4391 honorent
2761 4350 2920 4401 eum,
2942 4335 3093 4391 sicut
3108 4335 3405 4391 honorant
3422 4341 3683 4408 patrem.

2022 4430 2086 4483 Et
2107 4444 2244 4483 cum
2266 4426 2449 4483 Omne
2464 4424 2633 4493 dixit,
2649 4424 3003 4494 signiﬁcavit
3021 4432 3076 4479 et
3083 4424 3374 4497 judicium
3398 4425 3685 4498 puniendi

297 4523 539 4586 κολάζειν
581 4527 669 4575 καὶ⁵
732 4526 825 4581 τὴν
868 4528 960 4575 τοῦ
1012 4526 1169 4594 τιμᾷν
1218 4519 1309 4582 οὒς
1358 4519 1418 4571 ἂν
1467 4518 1632 4593 ἐθέλῃ.
1681 4519 1756 4571 Οὐ
1804 4523 1907 4592 μὴν

2025 4522 2073 4573 et
2097 4516 2390 4588 judicium
2425 4513 2784 4578 honorandi,
2827 4530 2983 4586 quos
3032 4513 3303 4571 voluerit.
3333 4517 3449 4571 Nec
3479 4519 3684 4571 tamen

298 4612 503 4676 ἐξέϐαλε
544 4616 631 4665 τόν
688 4616 893 4686 Πατέρα
943 4619 1040 4673 τῆς
1097 4610 1337 4673 ἐξουσίας
1412 4618 1502 4662 τοῦ
1560 4613 1769 4681 κρίνειν.
1850 4608 1910 4660 Εἰ

295 4706 403 4775 γὰρ
448 4706 618 4754 πάντα
660 4704 761 4755 ὅσα
816 4705 931 4773 ἔχει
985 4702 1009 4752 6
1053 4704 1233 4773 Πατὴρ
1290 4706 1382 4751 τοῦ
1414 4701 1537 4752 Υἰοῦ
1586 4697 1719 4761 ἔστι,
1778 4697 1910 4755 πλὴν

299 4790 613 4864 ἆγεννησίας
672 4791 804 4863 (98),
858 4786 1121 4866 πρόδηλον
1179 4790 1259 4842 ὅτι
1301 4792 1387 4841 καὶ
1434 4789 1605 4841 πάντα
1643 4789 1743 4839 ὅσα
1798 4790 1912 4859 ἔχει

299 4883 327 4934 6
356 4883 473 4942 Υἱὸς
503 4889 593 4934 τοῦ
627 4886 828 4956 Πατρός
857 4879 986 4946 ἐστι,
1037 4880 1168 4938 πλὴν
1213 4878 1328 4951 (99)
1379 4883 1680 4950 γεννήσεως.
1740 4883 1913 4951 Κρινεῖ

297 4975 473 5024 τοίνυν
492 4973 517 5023 6
540 4973 629 5024 Υἰὸ
640 4990 679 5035 ς,
708 4967 1046 5031 εὐδοκοῦντος
1066 4972 1156 5042 μεν
1185 4978 1273 5022 τοῦ
1296 4970 1518 5042 Πατρός,
1542 4973 1911 5039 συνεργοῦντος

300 5057 362 5113 δὲ
404 5068 497 5113 τοῦ
528 5059 681 5132 ἁγίον
712 5062 1027 5132 Πνεῦματος,
1078 5061 1252 5133 ὥσπερ
1283 5060 1387 5132 ἄρα
1432 5064 1645 5129 νοοῦμεν
1692 5060 1784 5109 καὶ
1825 5054 1909 5109 ἐπὶ

298 5152 505 5205 πάντων
545 5149 708 5204 αὐτοῦ
736 5157 836 5202 τῶν
868 5151 1051 5223 ἔργων.

2020 4607 2254 4663 Patrem
2265 4605 2285 4676 j
2299 4603 2577 4659 udicandi
2592 4603 2939 4658 auctoritate
2958 4603 3239 4675 privavit.
3256 4607 3403 4660 Nam
3421 4606 3467 4659 si
3480 4605 3687 4662 omnia

2018 4712 2154 4769 quae
2176 4694 2357 4750 habet
2381 4695 2552 4749 Pater
2564 4692 2691 4747 Filii
2712 4698 2850 4749 sunt
2864 4699 3263 4765 praeterquam
3279 4696 3544 4763 genitum
3562 4710 3685 4751 non

2019 4801 2150 4841 esse
2179 4783 2564 4840 manifestum
2604 4788 2690 4838 est
2719 4782 2885 4855 quod
2905 4782 3084 4839 etiam
3112 4799 3248 4855 qum
3288 4784 3469 4840 habet
3506 4783 3685 4839 Filius

2020 4873 2214 4931 Patris
2233 4879 2388 4937 sunt,
2408 4877 2806 4945 praeterquam
2837 4888 2966 4928 esse
2989 4873 3276 4943 genitum.
3292 4872 3686 4943 Judicatergo

2020 4963 2215 5028 Filius,
2285 4961 2658 5034 approbante
2730 4961 2973 5033 quidem
3052 4961 3243 5026 Patre,
3319 4965 3685 5033 cooperante

2019 5058 2219 5111 autem
2245 5056 2303 5108 et
2326 5050 2548 5123 Spiritu
2571 5055 2800 5116 sancto,
2824 5048 3006 5107 veluti
3028 5065 3174 5107 sane
3203 5048 3588 5122 intelligimus
3623 5050 3686 5108 in

2020 5142 2305 5199 omnibus
2336 5141 2467 5213 ejus
2496 5140 2802 5213 operibus.

1545 5377 1767 5449 Variae
1790 5377 2117 5447 lectiones
2149 5384 2214 5445 et
2242 5384 2446 5445 notae.

373 5578 491 5653 (97)
524 5580 821 5653 Ἀναχθῆτε
851 5583 934 5653 A._
956 5579 1283 5652 Utrumque
1314 5576 1587 5651 probum.
1641 5579 1721 5633 Ex
1755 5573 1912 5633 Hen-

301 5649 796 5709 tenio'nihil'licet
827 5649 1121 5722 colligere.

2092 5574 2207 5720 (98)
2232 5574 2507 5646 Ἀγένητος
2534 5574 2636 5649 γὰρ
2669 5570 2694 5625 ό
2728 5574 2929 5648 Πατήρ.

2116 5649 2206 5717 99)
2234 5649 2482 5709 Γεννητὸς
2508 5648 2609 5720 γὰρ
2638 5647 2663 5696 6
2694 5647 2832 5706 Υἱός.

2116 5649 2206 5717 99)
2234 5649 2482 5709 Γεννητὸς
2508 5647 2615 5720 γὰρ
2638 5647 2663 5696 6
2694 5647 2832 5706 Υἱός.

374 5831 541 5910 (mm)
565 5831 643 5890 Et
671 5845 1034 5908 quanquam,
1066 5832 1176 5891 etc.
1219 5830 1278 5889 Si
1302 5833 1501 5888 autem
1532 5843 1769 5887 necesse
1798 5831 1905 5896 est,
1948 5825 2129 5886 etiam
2158 5826 2446 5885 audacter
2471 5823 2701 5900 aliquid
2733 5821 3125 5900 respondero.
