4156 6386
534 349 674 421 ίείθ

612 496 820 550 Verum
855 491 1003 547 scire
1033 492 1282 561 oportet,
1316 485 1477 558 quod
1508 485 1799 541 dictiones
1826 485 1931 552 sic,
1955 485 2108 541 sicut
2132 490 2188 540 et
2222 484 2269 537 Α

533 584 776 648 similes,
810 582 868 637 in
900 581 1165 635 increata
1195 576 1439 648 quidem
1470 574 1747 629 Trinitate
1784 574 2184 646 mqualitatem

531 672 892 743 signiﬁcant,
921 669 980 724 in
1009 667 1220 723 creatis
1241 681 1378 720 vero
1405 664 1625 735 saepius
1645 663 1822 718 etiam
1854 663 2186 718 similitudi-

534 778 696 825 nem,
748 776 817 815 ac
869 756 1180 831 partialem
1234 768 1613 826 quamquam
1671 751 2184 806 assimilationem.

533 851 727 916 Quare
745 854 942 904 autem
975 844 1135 900 dedit
1154 842 1446 913 judicium
1475 842 1615 896 Filio
1644 841 1671 895 ?
1694 841 1844 905 Quia
1875 840 1969 895 hic
1996 841 2185 896 homi-

528 956 667 996 nem
681 936 974 1000 formavit,
992 934 1408 1008 perdilumque
1422 930 1798 995 reformavit;
1816 946 1885 985 ac
1900 930 2183 986 salutaria

527 1030 987 1101 deditpraecepta
1015 1039 1025 1077 :
1058 1030 1115 1080 et
1143 1031 1203 1079 ut
1227 1023 1329 1094 qui
1360 1022 1541 1077 homo
1570 1020 1759 1076 factus
1773 1026 1878 1083 est,
1908 1020 2181 1075 homines

522 1120 819 1190 judicaret
851 1138 864 1172 :
902 1130 1021 1171 non
1072 1113 1268 1168 solum
1300 1119 1585 1182 tanquam
1639 1112 1811 1171 Deus,
1848 1110 1951 1180 qui
1982 1108 2180 1164 homi-

529 1224 674 1264 num
708 1207 872 1262 novit
902 1210 1198 1271 naturam,
1251 1216 1457 1257 verum
1486 1199 1664 1254 etiam
1693 1197 1969 1263 uthomo,
2002 1198 2178 1270 quiin

531 1314 603 1353 ea
637 1298 827 1352 forma
872 1299 1129 1351 tentatus
1180 1298 1288 1346 est.
1330 1290 1392 1344 Et
1434 1304 1623 1360 quare
1675 1287 1851 1342 Filius
1909 1288 2182 1344 formavit

527 1387 833 1444 hominem
854 1385 883 1441 ?
912 1384 1058 1445 Quia
1078 1382 1205 1453 ipse
1238 1387 1325 1435 est
1355 1377 1675 1449 Sapientia,
1714 1376 1970 1431 Verbum
1994 1384 2050 1433 et
2076 1376 2178 1433 Po-

525 1478 710 1533 tentia
742 1475 926 1530 Patris
953 1474 1020 1526 ".
1057 1474 1121 1526 Et
1145 1485 1327 1543 quare
1368 1467 1549 1522 Filius
1579 1472 1632 1523 et
1683 1483 1802 1521 non
1837 1466 2025 1531 Pater,
2071 1482 2179 1522 nec

523 1566 773 1639 Spiritus
816 1567 1048 1619 sanctus
1091 1559 1524 1615 humanitatem
1570 1556 1896 1626 assumpsit
1943 1556 1971 1609 ‘I
2029 1556 2179 1621 Quia

524 1654 838 1727 oportebat
872 1658 931 1707 ut
959 1650 1061 1724 qui
1099 1650 1158 1703 in
1192 1646 1472 1720 supernis
1504 1644 1677 1699 Filius
1725 1651 1867 1709 erat,
1914 1650 2178 1700 maneret

524 1744 703 1801 etiam
756 1745 813 1797 in
862 1740 1108 1797 infernis
1148 1738 1346 1801 Filius,
1394 1752 1467 1791 ne
1507 1736 1628 1789 duo
1685 1741 1881 1790 essent
1914 1735 2078 1789 Filii:
2121 1740 2177 1789 et

1910 333 2253 415 EUTHYMtl
2292 346 2625 423 ZIGABENI

3780 358 3800 417 l
3810 356 3919 416 220

2379 490 2487 560 Χρὴ
2540 484 2597 539 δε
2644 491 2920 557 γινώσκειν
2974 489 3054 540 ὅτι
3117 491 3174 540 τὸ
3228 490 3423 563 ὥσπερ,
3476 492 3565 540 καὶ
3622 489 3682 539 τὸ
3748 490 3921 545 καθὼς

2302 580 2391 627 καὶ
2439 578 2504 627 τὰ
2551 584 2770 628 τοιαῦτα
2812 576 2895 629 ἐπὶ
2940 580 3031 650 μὲν
3088 586 3179 639 τῆς
3237 576 3490 630 ἀκτίστοῦ
3546 573 3778 651 Τριάδος
3821 582 3919 635 τὴν

2306 665 2523 723 ἰσότητα
2567 662 2841 731 δηλοῦσιν,
2896 668 2979 719 ἐπὶ
3020 663 3079 719 δε
3120 676 3219 719 τῶν
3262 676 3489 719 κτιστῶν
3537 666 3783 728 πολλάκις
3827 672 3920 720 καὶ

2303 755 2536 807 εἰκασίαν
2578 760 2668 807 καὶ
2715 757 3002 827 ὁμοιότητά
3050 776 3167 809 τινα
3222 761 3460 831 μερικὴν.
3512 761 3660 810 Διατί
3718 752 3777 809 δὲ
3835 756 3916 828 (Ι)

2302 849 2389 902 τὴν
2430 850 2603 918 κρίσιν
2658 841 2856 897 δέδωκε
2898 854 2971 915 τῷ
3021 848 3124 916 Υἱῷ
3155 863 3167 912 ;
3197 850 3339 898 Διότι
3392 846 3543 908 οὖτος
3579 849 3665 898 τόν
3717 847 3919 920 ἄνθρω-

2301 952 2395 985 πον
2443 934 2650 994 ἔπλασε,
2698 940 2787 986 καὶ
2837 936 3093 1008 φθαρέντα
3145 935 3416 1003 ἀνέπλασε,
3475 940 3563 987 καὶ
3601 938 3691 997 τὰς
3739 954 3913 991 σωτη-

2298 1027 2446 1094 ρίους
2478 1022 2679 1085 ἐντολὰς
2728 1020 2909 1092 ἔδωκε,
2960 1028 3045 1077 καὶ
3098 1026 3180 1076 ἶνα
3232 1026 3257 1076 ό
3307 1023 3705 1095 ἐνανθρωπήσοις
3756 1028 3907 1095 κρίνῃ

2300 1116 2420 1174 τοὺς
2453 1111 2753 1187 ἀνθρώπους
2800 1118 2871 1185 μὴ
2918 1117 3071 1185 μόνον
3110 1117 3177 1176 ὡς
3222 1118 3371 1184 Θεὸς,
3424 1110 3571 1174 εἰδὼς
3614 1118 3707 1172 τὴν
3751 1115 3912 1185 φύσιν

2298 1210 2398 1252 τῶν
2441 1202 2742 1274 ἀνθρώπων,
2793 1200 2923 1254 ἀλλὰ
2970 1208 3059 1255 καὶ
3117 1205 3188 1265 ὡς
3239 1205 3531 1278 ἄνθρωπος,
3596 1205 3911 1274 πεπειραμέ-

2297 1310 2383 1350 νος
2409 1290 2595 1352 αῦτῆς.
2649 1296 2749 1344 Καὶ
2781 1288 2928 1344 διατί
2967 1290 3183 1345 ἔπλασεν
3232 1294 3259 1345 ό
3310 1295 3428 1354 Υἱός
3480 1296 3566 1345 τόν
3593 1294 3906 1366 ἄνθρωπον;

2300 1386 2440 1431 Διοτι
2483 1379 2634 1441 οὗτός
2682 1380 2794 1432 ἐστι
2835 1384 2994 1452 Σοφία
3040 1387 3131 1433 καὶ
3175 1385 3345 1454 Λόγος
3396 1387 3483 1435 καὶ
3538 1384 3761 1454 Δύναμις
3812 1390 3910 1434 τοῦ

2300 1474 2518 1543 Πατρός.
2571 1474 2672 1522 Καὶ
2719 1466 2921 1522 ὃιατίό
2954 1472 3075 1533 Υἱός
3128 1470 3234 1522 ἀλλ’
3274 1471 3380 1543 οὐχ
3432 1473 3459 1524 ὁ
3521 1476 3701 1545 Πατὴρ
3755 1476 3783 1529 ἣ
3849 1477 3909 1523 τό

2298 1566 2505 1631 Πνεῦμα
2561 1563 2618 1611 τό
2670 1560 2815 1630 ἇγιον
2872 1558 3270 1635 ἐνηνθρώπησε;
3303 1566 3445 1614 Διότι
3493 1558 3597 1615 ἔδει
3653 1564 3738 1613 τόν
3801 1563 3911 1613 οἷνω

2295 1650 2413 1699 Υἰόν
2444 1654 2609 1719 μένειν
2637 1654 2727 1700 καὶ
2758 1651 2900 1701 κάτω
2930 1652 3069 1715 Υἰόν,
3107 1651 3189 1701 ἶνα
3227 1655 3300 1723 μὴ
3348 1647 3445 1703 δύο
3490 1647 3584 1703 εἶεν
3632 1652 3763 1719 Υἱοὶ,
3819 1655 3913 1703 καὶ

2295 1733 2435 1788 διότι
2474 1732 2580 1788 ἔδει
2624 1740 2710 1788 τόν
2766 1742 3097 1810 Δημιουργόν
3146 1737 3477 1791 ἀνακαινίσαι
3519 1742 3577 1791 τό
3637 1738 3911 1811 συντριϐεν

521 1834 666 1907 quia
696 1831 1009 1905 oportebat
1033 1830 1208 1884 etiam
1252 1825 1589 1881 Creatorem
1621 1840 1909 1879 renovare
1944 1824 2177 1879 confra-

2292 1825 2453 1877 αὐτοῦ
2497 1822 2899 1900 δημιούργημα,
2945 1832 3035 1879 καὶ
3077 1824 3216 1880 διότι
3268 1824 3375 1880 ἔδει
3422 1832 3508 1880 τόν
3555 1828 3762 1899 λογικόν
3812 1824 3913 1881 διὰ

523 1929 683 1979 ctam
712 1936 884 1977 suam
914 1924 1279 1980 creaturam;
1306 1921 1361 1970 et
1390 1913 1534 1985 quia
1558 1930 1712 1983 opus
1747 1921 1870 1969 erat
1902 1919 1963 1967 ut
1996 1913 2175 1968 ratio-

523 2011 658 2069 nale
686 2028 788 2084 per
812 2009 1101 2066 rationem
1144 2006 1262 2061 sive
1297 2006 1558 2061 Verbum
1590 2002 1941 2058 liberaretur
1978 2002 2057 2058 ab
2103 2004 2178 2057 ir-

524 2098 945 2157 rationalitatis
991 2095 1403 2152 affectionibus
1439 2113 1451 2161 ;
1495 2100 1547 2147 et
1590 2094 1733 2165 quia
1782 2091 2028 2147 decebat
2074 2108 2180 2164 per

524 2190 949 2246 immutabilem
983 2186 1165 2241 Patris
1206 2182 1557 2253 imaginem,
1613 2198 1753 2236 eum
1793 2181 1897 2253 qui
1946 2180 2024 2236 ad
2082 2181 2178 2236 Dei

522 2279 850 2349 imaginem
885 2277 1075 2332 factus
1119 2273 1329 2337 fuerat,
1386 2286 1640 2341 eamque
1693 2273 2046 2335 mutaverat,
2100 2270 2176 2324 ad

522 2369 833 2442 pristinam
885 2364 1143 2437 reparari
1173 2363 1546 2434 dignitatem,
1583 2365 1647 2414 ut
1687 2359 1766 2414 ita
1809 2360 2175 2415 convenienti

520 2458 705 2513 modo
734 2456 941 2512 omnia
983 2453 1206 2507 fierent.

595 2546 810 2601 Verum
824 2546 871 2599 si
884 2560 1017 2598 eum
1032 2538 1549 2605 honoraverimus,
1565 2536 2018 2593 sicuthonoram
2030 2555 2095 2593 us
2124 2543 2179 2593 et

520 2635 755 2691 Patrem
786 2634 1026 2689 omnino
1052 2632 1221 2687 etiam
1245 2629 1477 2684 Patrem
1508 2628 1668 2682 hunc
1685 2627 2124 2699 appellabimus
2150 2628 2177 2682 ‘I

520 2727 934 2797 Nequaquam,
968 2719 1070 2776 sed
1097 2718 1302 2774 Filium
1332 2734 1464 2773 eum
1495 2717 1763 2782 scientes,
1801 2716 2022 2772 Patrem
2057 2733 2175 2772 non

519 2812 977 2886 appellabimus,
995 2826 1067 2865 ne
1091 2808 1478 2881 proprietates
1492 2805 1860 2861 confundam
1873 2823 1940 2860 us
1963 2807 2179 2872 ;hono-

518 2901 1024 2968 rabimustamen,
1049 2898 1197 2953 sicut
1212 2897 1460 2952 Patrem:
1488 2911 1632 2950 nam
1646 2895 1718 2950 de
1736 2894 1964 2950 honore
1979 2911 2175 2950 sermo

518 2998 626 3058 est,
660 3006 782 3047 non
812 2991 885 3046 de
916 2988 1331 3062 appellatione.
1356 2986 1613 3040 Abusive
1645 3001 1784 3040 vero
1810 2990 1863 3039 et
1889 2984 2051 3039 hunc
2083 2988 2178 3041 Pa-

515 3087 665 3136 trem
678 3095 986 3142 vocamus,
1006 3085 1291 3149 tanquam
1309 3080 1636 3131 creatorem
1655 3081 1711 3129 et
1729 3080 2176 3146 procuratorem

517 3185 587 3227 ac
619 3170 971 3239 magistrum
994 3173 1290 3223 nostrum.

590 3259 782 3315 Vidisti
806 3255 1313 3331 sapientissimam
1331 3259 1388 3310 et
1418 3252 1839 3310 admirabilem
1874 3257 2178 3308 contextu-
2212 3296 2252 3351 Ο

514 3366 647 3407 ram
681 3347 1024 3403 sublimium
1048 3344 1486 3415 humiliumque
1523 3342 1835 3398 verborum
1866 3358 1880 3408 ;
1918 3346 1978 3396 ut
2016 3347 2071 3397 et
2100 3343 2174 3398 de

2289 1923 2381 1967 τοῦ
2424 1920 2597 1985 Λόγου
2650 1914 3053 1990 ἐλευθερωθῆναι
3082 1924 3170 1976 τῆς
3199 1916 3409 1989 ἀλογίας
3438 1925 3537 1969 τῶν
3568 1919 3763 1983 παθῶν,
3815 1922 3910 1969 καὶ

2290 2000 2430 2056 διότι
2460 2008 2651 2077 πρέπον
2680 2002 2740 2063 ἦν
2768 2001 2861 2057 διὰ
2893 2013 2989 2066 τῆς
3014 2005 3413 2080 ἀπαραλλάκτου
3436 2006 3629 2069 εἰκόνος
3650 2014 3741 2059 τοῦ
3767 2013 3909 2059 Πατ-

2286 2098 2373 2169 ρός
2395 2097 2480 2145 τόν
2511 2094 2626 2146 κατ’
2651 2094 2823 2147 εἰκόνα
2849 2103 2983 2148 Θεοῦ
3011 2100 3353 2167 πεποιημένον
3381 2101 3469 2148 καὶ
3500 2094 3906 2169 παραλλάξαντα

2287 2183 2449 2241 αὐτὴν
2478 2184 2551 2245 εἰς
2590 2187 2647 2236 τό
2678 2190 2925 2259 πρότερον
2957 2182 3322 2257 ἐπαναχθῆναι
3360 2184 3583 2258 ἀξίωμα,
3635 2190 3723 2238 καὶ
3762 2185 3903 2239 οὕτω

2286 2271 2614 2333 καταλλήλως
2646 2274 2816 2325 πάντα
2844 2275 3103 2345 γενέσθαι.

2361 2542 2417 2595 Εἰ
2456 2538 2542 2594 οὖν
2594 2547 2896 2617 τιμήσωμεν
2950 2547 3027 2613 (2)
3073 2544 3252 2614 αὐτὸν,
3305 2546 3478 2606 καθὼς
3536 2552 3763 2617 τιμῶμεν
3810 2547 3900 2597 τόν

2288 2636 2511 2706 Πατέρα,
2569 2636 2772 2693 πάντως
2832 2638 2921 2685 καὶ
2977 2638 3181 2707 Πατέρα
3236 2641 3415 2686 τοῦτον
3474 2636 3905 2709 προσαγορεύσο-

2285 2741 2374 2794 μεν
2421 2720 2543 2791 (3);
2583 2719 2848 2794 Οὐδαμῶς
2886 2740 2897 2751 ·
2938 2720 3044 2773 ἀλλ’
3076 2726 3196 2775 Υὶόν
3243 2723 3400 2776 αὐτόν
3450 2720 3640 2785 εἰδότες
3691 2728 3901 2798 Πατέρα

2286 2814 2374 2883 μὲν
2401 2810 2494 2861 οὐκ
2525 2810 2869 2883 ὀνομάσομεν,
2899 2812 2982 2862 ἶνα
3012 2816 3084 2882 μὴ
3121 2816 3431 2885 συγχέωμεν
3460 2816 3553 2874 τὰς
3586 2809 3861 2875 ἰδιότητας
3886 2833 3899 2844 ·

2288 2902 2357 2960 ὡς
2386 2903 2472 2951 τόν
2518 2905 2725 2973 Πατέρα
2769 2896 2827 2952 δὲ
2873 2906 3161 2974 τιμήσομεν
3361 2906 3479 2975 περὶ
3522 2905 3623 2975 γὰρ
3672 2908 3834 2974 τιμῆς
3877 2903 3904 2953 ό

2286 2989 2456 3060 λόγος,
2489 2988 2548 3040 οῦ
2596 2995 2713 3062 περὶ
2762 2995 3140 3064 προσηγορίας.
3199 2997 3653 3065 Καταχρηστικῶς
3701 2987 3760 3043 δε
3812 2996 3905 3043 καὶ

2290 3081 2496 3151 Πατέρα
2526 3085 2705 3129 τοῦτον
2732 3078 3004 3150 καλοῦμεν,
3040 3081 3109 3141 ὡς
3134 3084 3352 3137 ποιητὴν
3391 3085 3479 3133 καὶ
3506 3076 3773 3152 κηδεμόνα
3809 3084 3904 3132 καὶ

2289 3161 2615 3218 διδάσκαλον
2638 3169 2805 3238 ἡμῶν.

2358 3252 2508 3317 Εἶδες
2546 3260 2639 3314 τὴν
2702 3259 3008 3328 σοφωτάτην
3056 3263 3146 3310 καὶ
3196 3259 3495 3330 θαυμασίαν
3546 3257 3743 3317 πλοκὴν
3798 3266 3900 3310 τῶν

2286 3342 2497 3415 ὑψηλῶν
2543 3345 2653 3417 ἅμα
2699 3350 2789 3398 καὶ
2834 3354 3085 3397 ταπεινῶν
3133 3346 3382 3419 ῥημάτων
3416 3364 3427 3376 ·
3468 3349 3603 3400 ὥστε
3648 3353 3736 3400 καὶ
3790 3356 3904 3411 τοῖς

2285 3438 2398 3486 τότε
2441 3436 2678 3505 γίνεσθαι
2717 3438 2804 3487 τὸν
2842 3434 2993 3506 λόγον
3035 3433 3444 3510 εὐπαράὸεκτον,
3477 3442 3565 3489 καὶ
3604 3440 3727 3497 τοὺς
3763 3440 3902 3509 μετά

513 3440 609 3497 his
641 3454 775 3512 quae
807 3444 946 3494 tunc
987 3437 1141 3491 facta
1170 3440 1326 3500 sunt,
1354 3448 1552 3488 sermo
1582 3431 1753 3488 facile
1793 3430 2172 3502 suscipiatur,

515 3534 573 3585 et
601 3528 693 3584 his
720 3527 878 3583 nullo
909 3526 1026 3581 sint
1055 3524 1485 3595 impedimento
1516 3537 1588 3577 ea
1616 3537 1751 3593 quae
1782 3520 2172 3592 postmodum

512 3618 678 3674 ﬁent.
711 3616 827 3671 Nisi
883 3615 1042 3669 enim
1096 3628 1226 3668 sese
1257 3612 1570 3667 demittens
1617 3610 1869 3665 humilia
1907 3610 2170 3675 dixisset,

512 3722 702 3779 quare
732 3706 907 3761 etiam
940 3702 1220 3758 sublimia
1267 3700 1631 3757 attexuisset.
1666 3702 1811 3755 Nam
1844 3698 1948 3770 qui
1989 3699 2062 3754 de
2110 3716 2171 3755 se

516 3811 739 3866 magna
763 3795 958 3850 dicere
979 3792 1173 3856 debet,
1210 3807 1345 3846 cum
1373 3805 1556 3862 parva
1585 3789 1819 3844 locutus
1844 3789 2036 3857 fuerit,
2066 3805 2171 3860 pro

514 3885 897 3942 excusatione
975 3882 1158 3938 habet
1208 3880 1717 3953 dispensationem
1795 3895 1807 3933 :
1873 3878 2169 3951 siquidem

510 3972 941 4047 dispensatorie
972 3972 1083 4026 hoc
1122 3969 1272 4026 facit.
1336 3971 1522 4035 Quem
1548 3984 1692 4024 vero
1747 3984 1935 4039 parva
1975 3968 2171 4023 dicere

511 4063 812 4128 convenit,
837 4078 1023 4136 quam
1050 4061 1129 4116 ob
1168 4076 1413 4115 causam
1442 4075 1666 4127 magna
1708 4058 1973 4131 loquitur
2001 4056 2030 4112 7
2054 4074 2169 4113 non

511 4154 670 4212 enim
711 4149 1169 4224 dispensationis
1219 4150 1332 4205 hoc
1378 4154 1483 4211 est,
1522 4148 1625 4203 sed
1684 4155 1962 4203 extremm
2010 4164 2170 4202 arro-

513 4242 754 4316 gantia.
773 4241 945 4309 Quod
963 4241 1009 4296 si
1024 4240 1201 4296 etiam
1220 4240 1414 4294 minor
1434 4242 1559 4293 erat
1576 4238 1778 4301 Filius,
1800 4238 1952 4292 sicut
1970 4237 2169 4292 Ariani

510 4332 916 4404 nugabantur,
946 4346 1132 4403 quare
1154 4328 1447 4400 aequalem
1482 4327 1645 4385 Patri
1678 4327 1969 4381 honorem
1995 4342 2171 4397 expe-

512 4423 675 4481 tebat
702 4421 731 4477 ?
758 4424 871 4477 Nec
901 4427 1132 4476 tantum
1163 4416 1497 4489 expetebat,
1532 4432 1737 4473 verum
1771 4415 1953 4472 etiam
1993 4421 2168 4473 terro-

510 4528 639 4570 rem
668 4510 1012 4573 incutiebat,
1044 4508 1250 4564 dicens
1283 4523 1295 4563 :

585 4601 749 4657 Vers.
790 4603 878 4655 23.
910 4598 1022 4664 Qui
1046 4628 1114 4637 —
1139 4597 1338 4654 illum.
1367 4596 1474 4662 Qui
1515 4612 1636 4652 non
1676 4595 1951 4661 honorat,
1989 4596 2169 4653 modo

2349 4594 2407 4647 '0
2447 4626 2512 4635 —
2562 4595 2736 4651 αὐτόν.
2794 4595 2853 4650 Ὀ
2902 4603 2973 4671 μή
3028 4606 3212 4671 τιμῶν,
3267 4600 3337 4660 ὡς
3392 4597 3559 4671 ἔλεγεν
3625 4597 3885 4676 ἀνωτέρω,

512 4707 631 4765 quo
670 4657 947 4762 superius
969 4686 1135 4753 dixit,
1167 4686 1282 4741 hoc
1313 4657 1419 4753 est,
1452 4686 1603 4761 sicut
1632 4686 1882 4740 Patrem.
1929 4657 2172 4742 Addidit

2902 4657 2912 4671 .
3083 4657 3092 4671 .
3198 4657 3208 4663 -
3322 4657 3334 4660 -
3480 4657 3493 4671 σ
3787 4657 3797 4676 .
3871 4657 3885 4668 ι

2288 4689 2459 4756 ἤγουν,
2514 4687 2688 4747 καθὼς
2729 4689 2815 4739 τόν
2866 4692 3090 4761 Πατέρα.
3142 4690 3239 4741 Τόν
3297 4687 3578 4760 πέμψαντα
3639 4686 3699 4743 δὲ
3752 4689 3892 4743 εἶπεν

512 4785 713 4838 autem
748 4797 760 4835 :
804 4778 914 4845 Qui
936 4776 1089 4833 misit
1119 4777 1317 4841 illum,
1342 4791 1464 4831 non
1496 4775 1585 4830 sui
1616 4773 2078 4830 minorationem
2095 4775 2169 4831 si-

2288 4775 2370 4827 οὐκ
2428 4773 2710 4827 ἐλάττωσιν
2767 4776 2950 4829 ἑαυτοῦ
3009 4776 3319 4850 ἕμφφαίνων,
3366 4776 3493 4831 ἀλλὰ
3548 4782 3614 4831 τὰ
3655 4784 3891 4852 στόματα

510 4869 824 4941 gniﬁcans,
880 4868 984 4924 sed
1033 4883 1141 4923 ora
1191 4866 1528 4921 Judaeorum
1561 4864 1863 4919 obturans.
1927 4866 2168 4936 Propter

509 4959 626 5018 hoc
646 4957 824 5015 etiam
852 4957 1132 5014 continue
1172 4956 1247 5011 ad
1276 4955 1505 5011 Patrem
1533 4953 1766 5021 refugit,
1816 4969 2043 5023 ponens
2070 4954 2165 5009 in-

510 5050 680 5106 terim
702 5054 758 5105 et
786 5064 909 5103 suae
928 5053 1154 5103 naturae
1177 5043 1569 5100 nobilitatem.
1605 5044 1738 5097 Sive
1766 5042 1923 5097 enim
1957 5043 2165 5099 omnia

511 5139 842 5196 secundum
894 5138 981 5192 sui
1011 5134 1363 5206 dignitatem
1396 5132 1626 5188 loeutus
1660 5131 1886 5196 fuisset,
1946 5148 2163 5205 nequa-

510 5244 687 5302 quam
701 5226 1121 5300 suscepissent,
1145 5224 1556 5281 existimantes
1576 5237 1713 5277 eum
1734 5220 1854 5277 Deo
1872 5237 2003 5276 esse
2029 5237 2166 5277 con-

2283 3531 2436 3575 τοῦτο
2467 3528 2537 3595 μὴ
2586 3522 2936 3596 βλάπτεσθαι.
2982 3524 3039 3577 Εἰ
3085 3528 3186 3599 γὰρ
3236 3529 3307 3597 μὴ
3344 3522 3438 3578 διὰ
3498 3525 3901 3597 συγκατάϐασιν

2283 3616 2348 3665 τὰ
2378 3616 2595 3665 ταπεινὰ
2638 3613 2796 3682 ἔλεγε,
2840 3610 2987 3665 διατί
3035 3620 3125 3666 καὶ
3173 3618 3240 3666 τὰ
3289 3614 3467 3686 ὑψηλὰ
3512 3615 3898 3690 προσέπλεκεν;

2281 3700 2339 3754 Ὀ
2396 3704 2486 3774 μεν
2537 3704 2639 3776 γὰρ
2701 3701 2912 3773 ὀφείλων
2987 3702 3190 3775 μεγαλα
3264 3709 3383 3776 περὶ
3456 3704 3641 3757 ἑαυτοῦ
3712 3704 3898 3777 λέγειν,

2282 3792 2403 3842 ὅταν
2433 3794 2597 3864 μικρὰ
2630 3793 2937 3863 φθέγγηται,
2978 3798 3238 3865 πρόφασιν
3287 3796 3400 3865 ἔχει
3443 3799 3535 3852 τὴν
3576 3796 3898 3866 οἰκονομία-ν’

2282 3880 2590 3953 οἰκονομικώ
2647 3883 2747 3953 γὰρ
2779 3889 2932 3933 τοῦτο
2964 3890 3099 3934 ποιεῖ
3126 3900 3139 3912 ⁸
3172 3884 3197 3934 ό
3225 3879 3283 3935 δὲ
3299 3886 3465 3958 μικρὰ
3491 3882 3654 3956 λέγειν
3686 3883 3901 3955 όφεῦιων

2280 3974 2419 4031 τίνος
2454 3970 2613 4022 ἕνεκεν
2671 3970 2871 4042 μεγάλα
2928 3973 3243 4042 φθέγγεται;
3276 3968 3440 4024 Τοῦτο
3469 3972 3571 4045 γὰρ
3621 3972 3715 4024 οὐκ
3754 3975 3901 4025 ἔστιν

2281 4059 2601 4131 οἰκονομίας,
2637 4057 2742 4111 ἀλλ’
2776 4058 3012 4131 ἐσχάτης
3034 4059 3360 4122 ἀλαζονείας.
3395 4060 3451 4114 Εἰ
3474 4058 3531 4113 δι
3556 4066 3645 4112 καὶ
3671 4061 3899 4114 ἐλάττων

2282 4145 2343 4206 ἦν
2374 4150 2399 4199 ό
2438 4150 2571 4217 Υἱός,
2606 4150 2676 4210 ὡς
2719 4150 2767 4201 οἱ
2797 4154 2914 4223 περὶ
2954 4152 3039 4201 τόν
3070 4148 3275 4224 Ἀρειον
3335 4148 3569 4223 ἐλήρουν,
3605 4146 3752 4204 διατί
3798 4156 3897 4210 τὴν

2278 4240 2401 4295 ἴσην
2427 4246 2498 4308 τῷ
2534 4242 2700 4310 Πατρὶ
2739 4242 2894 4309 τιμὴν
2946 4237 3172 4312 ἀπῄτει;
3204 4244 3303 4292 Καὶ
3353 4238 3447 4292 οὐκ
3487 4238 3675 4313 ἀπῄτει
3714 4245 3893 4314 μόνον,

2281 4326 2410 4380 ἄλλα
2441 4332 2529 4379 καὶ
2551 4325 2739 4400 ἐφόϐει,
2765 4326 2944 4399 λέγων’

2277 4875 2376 4917 τῶν
2428 4861 2697 4919 Ἰουδαίων
2742 4865 3033 4939 ἐμφάττων.
3092 4870 3185 4920 Διὰ
3230 4874 3384 4921 τοῦτο
3438 4871 3541 4941 γὰρ
3598 4873 3686 4919 καὶ
3739 4887 3884 4921 συνεο

2276 4964 2391 5027 χώς
2426 4953 2507 5007 ἐπὶ
2553 4958 2637 5007 τόν
2687 4961 2895 5032 Πατέρα
2940 4960 3273 5030 καταφεύγει,
3333 4960 3497 5020 τιθεὶς
3543 4957 3733 5032 μεταξὺ
3785 4963 3883 5017 τὴν

2274 5045 2466 5097 οἰκείαν
2524 5044 2794 5116 εὐγένειαν.
2856 5050 2973 5101 Εἴτε
3036 5049 3137 5121 γὰρ
3200 5049 3373 5100 πάντα
3432 5052 3564 5122 πρὸς
3621 5053 3717 5108 τὴν
3768 5049 3889 5103 ἔαυ-

2273 5140 2366 5186 τοῦ
2421 5132 2569 5195 ἀξίαν
2629 5133 2813 5206 ἐλάλει,
2881 5136 2976 5189 οὐκ
3045 5135 3104 5188 ἃν
3177 5134 3527 5210 παρεδέξαντο
3593 5140 3890 5212 νομίζοντες

2277 5221 2525 5289 ἀντίθεον,
2556 5225 2683 5277 ὅπου
2714 5226 2796 5297 (5)
2842 5244 2901 5297 γε
2930 5230 3020 5279 καὶ
3051 5224 3152 5279 ἀπὸ
3202 5224 3449 5302 βραχέων
3492 5231 3741 5282 τοιούτων
3791 5231 3887 5306 ῥη-

583 5407 627 5444 ⁸⁷
662 5410 680 5462 l
713 5408 841 5462 Cor.
888 5422 1037 5473 xxrv,
1086 5405 1154 5460 30
1188 5419 1202 5470 ;
1240 5401 1410 5458 llebr.
1449 5416 1486 5467 ι,
1531 5406 1583 5457 3.

1742 5506 2315 5576 νᾶΓῘὲΒῙΟΟῘῘΟῐὶΘΒ
2359 5520 2421 5576 et
2462 5519 2661 5578 notas.

584 5660 666 5795 (ιζ
697 5662 799 5712 Καί
828 5655 1151 5728 interponit
1174 5655 1246 5710 A.

586 5736 643 5795 (2
697 5734 997 5795 Τιμὴσομεν
1030 5730 1091 5781 Β.

2345 5652 2431 5795 ξιξ)
2462 5653 2549 5707 Al.
2575 5657 2911 5726 Τιμήσωμεν.

2370 5726 2423 5795 5)
2466 5730 2526 5778 Γι
2547 5724 2718 5781 abest
2745 5726 2803 5779 Β.

586 5724 666 5801 (2)
697 5734 834 5801 Τιμὴ
844 5724 1000 5799 σομεν
1030 5730 1091 5781 Β.

2346 5724 2423 5795 (ὅ)
2466 5730 2526 5778 Γε
2547 5724 2718 5781 abest
2745 5726 2803 5779 Β.

587 5800 665 5887 (3)
698 5800 1209 5881 Προσαγορεύσωμεν
1240 5803 1285 5853 Α
