4156 6436
265 498 443 570 μάτων
522 492 743 559 ἄδίωξαν
796 494 953 547 αὐτὸν
1016 498 1107 546 καὶ
1155 492 1400 546 ἐλίθασοιν
1455 508 1468 522 ·

270 583 737 658 συγκαταϐατικῶς
825 582 1119 656 ἐφθέγγετο,

266 675 446 729 πολλοὶ
511 674 572 726 ἃν
634 674 955 732 ἐϐλάϐησαν.
1020 678 1226 746 Διόπερ,
1264 676 1334 732 ὡς
1392 673 1690 746 εἰρήκαμεν,
1751 671 1872 723 ἀνα-

1225 584 1551 657 ύφορώμενος
1656 582 1816 635 αὐτού
1826 602 1865 647 ς,

269 770 489 838 μίγνυσι
526 769 617 817 καὶ
674 769 825 836 κιρνᾷ
876 768 969 821 τὴν
1025 759 1407 819 διδασκαλίαν,
1476 766 1612 835 Πρὸς
1664 763 1767 836 γὰρ
1812 764 1869 813 τὸ

271 850 655 929 εύπαράδεκτον
730 854 976 924 γενέσθαι
1062 852 1245 916 αὐτὴν,

271 943 449 1016 ὑψηλὰ
505 945 626 996 ὅσον
680 945 749 995 τὰ
805 944 1023 994 ταπεινὰ
1089 940 1441 995 συνεϐάλλετο.
1499 944 1694 994 Λοιπὸν
1761 936 1867 1007 οὖν,

1337 852 1395 903 ού
1480 858 1727 903 τοσοῦτον
1806 852 1872 901 τὰ

273 1035 395 1087 ὅταν
444 1032 763 1107 εὑρίσκωμεν
819 1033 1066 1092 ταπεινὰς
1136 1033 1323 1103 φωνὰς,
1380 1031 1718 1102 οἰκονομικῶς
1784 1028 1873 1080 αὐ-

271 1127 363 1185 τὰς
404 1122 754 1195 )ογιζὼμεθα,
784 1121 812 1179 ἦ
863 1125 955 1172 καὶ
1009 1128 1071 1193 τῇ
1117 1119 1481 1194 ἁνθρωπὸτητι
1534 1120 1694 1171 αὐτοῦ
1752 1124 1873 1171 ταύ⁶

267 1232 357 1275 τας
401 1214 799 1286 προσάπτωμεν,
864 1213 1037 1282 ὥσπερ
1092 1215 1183 1261 καὶ
1234 1212 1324 1269 τὰς
1381 1208 1588 1280 ὑψηλὰς
1644 1217 1707 1280 τῇ
1768 1210 1874 1260 θεό-

270 1325 411 1365 τητι.

344 1396 507 1468 Ἀμην
538 1424 605 1434 -
647 1392 873 1447 αἰώνιον.
935 1391 1112 1446 ’Πάλιν
1157 1390 1498 1462 οἰκονομικῶς
1529 1394 1704 1462 φησίν.
1762 1390 1873 1441 Οὔκ

269 1481 377 1538 εἶπε
432 1486 557 1556 γὰρ,
614 1487 713 1536 Καὶ
764 1485 1025 1534 πιστεύων
1073 1480 1211 1553 ἐμοὶ,
1269 1481 1351 1531 ἶνα
1396 1484 1467 1550 μὴ
1512 1476 1639 1552 δόξῃ
1673 1481 1873 1551 κομπά-

270 1574 377 1635 ζειν
406 1572 485 1645 (6)
513 1570 685 1646 (ἀλλὰ,
720 1572 800 1643 (7)
825 1568 897 1643 τῷ
918 1569 1183 1643 πέμψαντί
1208 1588 1288 1642 με9
1321 1570 1403 1620 ἱνα
1425 1564 1554 1641 δόξῃ
1579 1573 1648 1642 μὴ
1682 1568 1766 1640 ἀφ’
1794 1569 1872 1640 (8)

271 1661 456 1715 ἑαυτοῦ
489 1662 675 1733 λέγειν,
704 1659 812 1713 ἀλλ’
844 1663 947 1713 ἀπὸ
977 1667 1070 1711 τοῦ
1086 1659 1383 1731 πέμψαντος
1415 1658 1591 1725 αὐτὸν,
1623 1662 1714 1709 καὶ
1739 1659 1874 1709 οὕτω

268 1753 600 1804 πιστεύσωσι
628 1758 700 1822 τῷ
724 1750 862 1822 λόγῳ
909 1749 1093 1814 αὐτοῦ,
1126 1752 1195 1810 ὡς
1216 1745 1249 1800 δ’
1257 1747 1289 1799 ι’
1321 1747 1480 1800 αὐτοῦ
1512 1755 1583 1818 τῷ
1613 1747 1875 1820 πέμψαντι

1353 352 1718 423 COMMENT.
1761 365 1831 422 IN
1870 362 2217 423 JOANNEM.
2257 399 2328 412 —
2367 367 2528 427 CAP.
2568 369 2634 428 ν.

3498 366 3638 431 {222

1530 494 1629 545 εἴτε
1698 494 1869 545 πάντα

1999 493 2245 558 ,rarium,
2282 510 2417 551 cum
2444 494 2620 551 etiam
2652 494 2727 551 ob
2758 510 2955 567 pauca
2986 490 3333 567 hujusmodi
3364 499 3546 557 verba
3574 501 3638 557 il-

1978 582 2102 638 lum
2155 590 2675 657 persequerentur,
2732 585 3063 659 vellentque
3118 586 3387 660 lapidare
3443 606 3457 645 :
3513 590 3637 646 sive

1978 674 2185 728 omnia
2214 689 2341 728 sese
2371 674 2739 730 demittendo
2769 674 3001 732 locutus
3033 676 3262 744 fuisset,
3286 678 3492 735 habito
3520 679 3641 736 illo-

1980 778 2113 817 rum
2142 767 2437 835 respectu,
2469 764 2633 819 multi
2667 780 2809 820 sane
2836 764 3257 823 detrimentum
3281 769 3418 824 inde
3445 786 3642 826 susce-

1940 876 1945 883 -
1980 853 2227 923 pissent.
2260 852 2421 921 Ideo,
2456 860 2513 908 ut
2542 853 2823 921 diximus,
2860 855 3067 911 miscet
3095 872 3166 911 ac
3210 863 3503 931 temperat
3531 859 3642 917 do-

1981 942 2254 996 ctrinam.
2291 943 2355 997 Ut
2393 942 2552 998 enim
2598 942 2768 999 facile
2812 945 3187 1016 reciperetur,
3241 963 3360 1003 non
3406 954 3636 1005 tantum

1981 1030 2213 1086 excelsa
2234 1030 2610 1103 loquebatur,
2643 1039 2938 1105 quantum
2967 1035 3292 1092 humilibus
3323 1039 3642 1110 permisce-

1980 1120 2103 1176 bat.
2131 1121 2332 1192 Itaque
2363 1137 2501 1176 cum
2534 1138 2707 1178 voces
2738 1123 2994 1180 humiles
3026 1127 3368 1197 reperimus,
3403 1128 3641 1202 dispen-

1983 1210 2239 1265 satorias
2260 1225 2363 1265 eas
2377 1210 2807 1278 existimemus,
2828 1212 2915 1268 vel
2938 1214 3116 1270 etiam
3133 1216 3261 1286 ejus
3278 1217 3639 1276 humanitati

1982 1299 2355 1370 adaptemus,
2385 1298 2535 1355 sicut
2567 1304 2622 1355 et
2647 1301 2912 1357 excelsas
2945 1302 3261 1361 divinitati.

2054 1390 2213 1443 Vers.
2237 1389 2325 1444 24.
2363 1388 2549 1445 Amen
2588 1421 2656 1431 —
2694 1398 2996 1451 aeternum.
3037 1396 3292 1451 Rursum
3325 1395 3637 1470 dispensa-

1983 1476 2127 1534 torie
2153 1477 2415 1551 loquitur
2446 1494 2459 1533 :
2488 1494 2683 1552 neque
2727 1480 2888 1536 enim
2919 1482 3067 1538 dixit
3100 1498 3111 1539 :
3151 1486 3214 1540 Et
3257 1486 3440 1542 credit
3472 1488 3639 1559 mihi,

1983 1583 2057 1623 ne
2087 1567 2327 1637 gloriari
2367 1567 2686 1627 videretur.
2755 1570 2864 1642 (Η-
2898 1571 3013 1627 Sed
3059 1575 3166 1645 qui
3205 1590 3295 1633 me
3329 1577 3510 1643 misit,
3567 1594 3643 1635 ne

1983 1657 2253 1713 videatur
2273 1673 2309 1712 a
2336 1674 2397 1713 se
2414 1658 2544 1730 ipso
2563 1658 2747 1731 loqui,
2782 1660 2887 1715 sed
2914 1662 2988 1717 ab
3010 1678 3100 1729 eo,
3117 1663 3223 1733 qui
3242 1665 3439 1737 ipsum
3464 1668 3639 1732 misit,

1985 1752 2045 1801 ut
2078 1747 2154 1802 ita
2183 1747 2432 1802 credant
2455 1749 2706 1804 sermoni
2738 1749 2886 1820 ejus,
2937 1752 3244 1809 credentes
3270 1772 3375 1828 per
3426 1772 3564 1813 eum
3589 1757 3641 1813 ei

272 1840 428 1893 αὐτὸν
458 1843 804 1900 πιστεύοντας.
845 1838 1004 1911 Ὁρᾷς
1030 1847 1142 1899 πῶς
1169 1842 1229 1890 τὸ
1259 1840 1474 1890 ταπεινὰ
1504 1838 1581 1909 (9)
1608 1837 1767 1909 λέγειν
1789 1837 1875 1889 λυ-

1999 1836 2086 1908 {ui
2119 1835 2319 1908 ipsum
2353 1837 2529 1892 misit.
2567 1838 2761 1907 Vides,
2794 1855 2980 1911 quam
3012 1841 3152 1897 utile
3177 1842 3251 1899 sit
3281 1844 3641 1901 sublimibus

275 1930 467 1984 σιτελεί
493 1937 598 1991 τοῖς
635 1928 875 2001 ὑψηλοῖς.

350 2026 447 2073 Καὶ
485 2050 547 2060 -
572 2022 807 2092 ἔρχεται.
864 2018 950 2080 Εἰς
979 2019 1098 2089 (l0)
1144 2020 1456 2092 κατάκρισιν
1507 2015 1785 2077 κολάσεως.
1815 2015 1875 2068 Ὀ

270 2111 370 2181 γὰρ
403 2112 663 2162 πιστεύων
686 2116 757 2180 τῷ
794 2108 933 2180 λόγῳ
986 2107 1145 2159 αὐτοῦ
1175 2110 1380 2167 πάντως
1405 2111 1489 2158 καὶ
1522 2114 1666 2179 τῆρεῑ
1696 2105 1870 2157 αὐτὸν·

270 2197 448 2251 λοιπὸν
506 2194 613 2263 οὖν,
672 2198 698 2248 ὁ
746 2201 818 2270 μὴ
874 2204 1045 2271 τηρῶν
1097 2196 1250 2248 αὐτὸν
1294 2195 1353 2247 ού
1418 2198 1653 2248 πιστεύει
1710 2194 1874 2265 αύτῷ.

272 2288 535 2365 Φρίξωμεν
565 2289 614 2341 οἰ
669 2292 742 2360 μὴ
797 2287 1149 2359 φυλάσσοντες
1202 2289 1294 2347 τὰς
1347 2285 1547 2345 ἐντολὰς
1589 2293 1681 2338 τοῦ
1724 2290 1871 2339 Θεου.

272 2381 420 2434 Μετὰ
457 2386 557 2430 τῶν
588 2382 824 2430 ἀπίστων
853 2379 953 2452 γὰρ
987 2378 1301 2449 τετάγμεθα.
1353 2382 1590 2434 Ζήτησον
1631 2372 1691 2428 δὲ
1718 2381 1806 2427 καὶ
1829 2374 1877 2426 ἐν

270 2476 348 2540 τῷ
374 2472 531 2541 τρίτῳ
557 2466 816 2539 κεφαλαίῳ
845 2469 924 2534 τὸ,
956 2466 1014 2517 Ὀ
1044 2468 1303 2518 πιστεύων
1334 2464 1406 2527 εἰς
1426 2464 1600 2531 αὐτὸν,
1636 2464 1693 2517 οὐ
1714 2469 1879 2539 κρίνει

272 2577 360 2611 ται
374 2603 385 2615 .

346 2736 504 2789 Ἀλλὰ
532 2769 601 2776 —
632 2736 792 2797 ζωήν.
818 2736 1073 2800 Θάνατον,
1106 2752 1165 2786 ου
1196 2736 1283 2786 τὸν
1314 2733 1430 2805 (ll)
1451 2735 1667 2786 ενταύθά
1696 2752 1877 2805 φησιν,

276 2826 406 2880 ἀλλὰ
427 2831 514 2879 τὸν
534 2825 656 2893 ἐκεῖ,
684 2829 926 2878 τουτέστι
971 2829 1067 2882 τὴν
1105 2823 1323 2875 κόλασιν
1350 2841 1361 2852 ·
1388 2825 1561 2881 ὥσπερ
1595 2828 1685 2875 καὶ
1718 2823 1875 2891 ζωὴν,

272 2922 367 2977 τὴν
405 2916 695 2969 ἀπόλαυσιν
724 2920 814 2974 τὴν
866 2913 985 2968 ἐκεῖ.
1020 2912 1258 2974 Μεταϐὰς
1294 2916 1395 2985 ’γὰρ
1451 2912 1553 2966 ἀπὸ
1592 2920 1686 2973 τῆς
1725 2915 1881 2965 ἀπισ-

276 3011 397 3069 τίας
428 3005 502 3067 εἰς
548 3010 642 3063 τὴν
672 3010 851 3058 πίστιν
906 3002 1224 3076 μεταϐέϐηκε
1273 3002 1450 3055 λοιπὸν
1507 3008 1597 3055 καὶ
1651 3001 1752 3054 ἀπὸ
1787 3010 1881 3063 τῆς

278 3094 538 3156 κολάσεως
567 3102 668 3147 τῶν
699 3092 933 3147 ἀπίστων
991 3096 1076 3146 ἐπὶ
1116 3097 1210 3151 τὴν
1268 3091 1559 3145 ἀπόλαυσιν
1615 3101 1714 3144 τῶν
1761 3111 1882 3145 πισ-

276 3193 397 3238 τῶν.

350 3274 519 3346 Ἀμην
550 3304 618 3313 -
672 3272 945 3334 ζήσονταυ
979 3272 1148 3325 Εἰπὼν
1195 3271 1450 3346 ἀνωτέρω,
1502 3272 1578 3323 ὅτι
1614 3269 1815 3343 Ὠσπερ
1857 3270 1882 3321 ὁ

277 3367 461 3438 Πατήρ
494 3364 679 3437 ἐγείρει
726 3364 845 3422 τούς
889 3365 1097 3434 νεκροὺς
1150 3367 1239 3414 καὶ
1262 3360 1523 3430 ζωοποιεῖ,
1576 3360 1711 3413 οὕτω
1741 3358 1882 3412 καὶὸ

282 3455 406 3515 Υἱὸς
434 3452 524 3514 οὓς
548 3452 679 3504 θέλει
713 3455 956 3513 ζωοποιεῖ
988 3469 1000 3480 ·
1036 3452 1119 3503 ἵνα
1161 3455 1232 3523 μὴ
1269 3449 1396 3523 δόξῃ
1431 3450 1718 3523 κομπάζειν
1746 3450 1879 3521 (12),

279 3540 649 3614 ἕπαγγέλλεται
680 3549 769 3592 νῦν
793 3540 890 3593 οὐκ
931 3540 1002 3603 εἰς
1056 3560 1261 3614 μακράν
1315 3540 1644 3601 ζωοποιῆσαι
1674 3542 1882 3611 νεκρούς

278 3633 477 3684 καὶτὸν
497 3630 646 3702 λόγον
686 3632 816 3704 ἔργῳ
846 3632 1239 3684 πιστώσασθαι.
1275 3635 1376 3683 Καὶ
1407 3627 1491 3682 ἐπὶ
1510 3638 1602 3689 τῆς
1630 3633 1883 3703 Σαμαρεί-

277 3716 426 3782 τιδος
445 3716 504 3773 δι
534 3722 725 3792 ὁμοίως
750 3720 991 3793 εἰρηκὼς,
1013 3720 1090 3772 ὅτι
1119 3717 1373 3793 Ἔρχεται
1412 3720 1541 3793 ὧροι,
1565 3720 1883 3791 προσέθηκεν

279 3810 362 3862 ὅτι
419 3813 521 3863 Καὶ
566 3816 654 3861 νῦν
700 3811 831 3864 ἐστι.
886 3813 987 3861 Καὶ
1045 3809 1158 3881 (l3)
1223 3808 1498 3881 εἰρήκαμεν
1530 3805 1631 3860 ἇκεῖ
1671 3810 1765 3865 τὴν
1805 3806 1883 3859 αἰ-

277 3903 416 3954 τίαν.

356 4078 422 4129 Οἱ
450 4094 619 4149 νεκροι
685 4071 744 4128 δὲ
797 4076 1115 4128 ακούσονται
1161 4083 1258 4136 τῆς
1287 4083 1459 4145 φωνῆς
1497 4073 1678 4140 αὐτοῦ,
1731 4080 1882 4141 πῶς;

281 4165 428 4237 Ἀμα
487 4174 559 4236 τῷ
600 4163 816 4223 θελῆσαι
872 4164 1048 4229 αὐτὸν,
1107 4174 1203 4226 τῆς
1258 4165 1482 4216 ἓκάστου
1529 4162 1717 4235 ψυχῆς
1774 4161 1884 4215 ἔπι-

282 4259 609 4327 στραφείσης
658 4253 727 4316 εἰς
782 4257 839 4307 τὸ
878 4250 1017 4307 ἴδιον
1078 4261 1249 4325 σῶμα.

278 4349 453 4420 νεκροὶ
524 4343 778 4404 ζήσονται
847 4343 1002 4395 πάλιν
1076 4348 1170 4401 τὴν
1242 4340 1290 4394 ἓν
1370 4350 1443 4413 τῷ
1499 4347 1683 4415 κόσμῳ
1730 4342 1885 4402 ζωήν.

276 4433 483 4505 Τψηλά
511 4429 600 4485 οὖν
648 4432 866 4506 εἰρηκὼς
911 4432 1152 4501 ἐνταῦθα,
1183 4441 1253 4503 τῷ
1290 4432 1510 4485 καλέσαι
1562 4431 1740 4484 ἕαῦτὸν
1771 4434 1889 4485 Υἰὸν

1333 4258 1422 4305 καὶ
1474 4254 1523 4305 οἱ
1572 4251 1889 4313 ἀκούσαντες

1983 1925 2180 1980 dicere
2201 1924 2544 1997 humiliter).

2056 2017 2215 2069 Vers.
2247 2018 2335 2069 24.
2374 2016 2453 2069 Ει
2486 2047 2547 2057 -
2591 2018 2777 2073 veniet
2829 2018 2942 2090 (Η-
2977 2022 3036 2075 ln
3067 2021 3637 2080 condemnationem

1986 2120 2191 2175 poenae.
2213 2105 2321 2169 Qui
2346 2104 2505 2159 enim
2529 2105 2714 2162 credit
2744 2110 3005 2164 sermoni
3037 2110 3187 2181 ejus,
3218 2112 3478 2183 profecto
3504 2131 3641 2170 eum

1986 2195 2163 2249 etiam
2197 2193 2562 2251 observabit.
2612 2194 2985 2269 Relinquitur
3036 2216 3200 2271 ergo,
3245 2206 3307 2257 ut
3366 2204 3468 2275 qui
3509 2219 3643 2260 eum

1987 2298 2107 2338 non
2140 2283 2434 2347 observet,
2468 2283 2520 2338 ei
2554 2299 2660 2339 nec
2700 2286 2922 2342 credat.
2952 2287 3479 2348 Perhorrescamus
3502 2309 3644 2363 ergo

1987 2388 2121 2439 nos,
2151 2373 2251 2445 qui
2284 2378 2587 2445 praecepta
2618 2374 2717 2429 Dei
2744 2390 2865 2431 non
2909 2393 3241 2436 servamus.
3268 2380 3415 2438 Cum
3439 2383 3644 2440 inﬁde-

1986 2462 2144 2518 libus
2183 2463 2341 2517 enim
2382 2462 2819 2520 collocabimur.
2864 2468 3070 2533 Quaere
3102 2486 3235 2525 vero
3268 2472 3445 2529 etiam
3477 2480 3646 2530 tertio

1989 2553 2181 2624 capite
2232 2551 2392 2607 istud
2462 2568 2474 2608 :
2533 2553 2644 2618 Qui
2709 2556 2772 2637 iu
2832 2571 2961 2613 eum
3034 2559 3243 2626 credit,
3310 2578 3429 2618 non
3480 2563 3646 2633 judi-

1986 2648 2166 2698 catur
2190 2641 2260 2698 ⁸³.

2062 2733 2220 2785 Vers.
2262 2730 2352 2784 2-4.
2402 2731 2518 2787 Sed
2558 2763 2626 2774 —
2653 2733 2857 2791 vitam.
2907 2735 3015 2808 (-H
3048 2740 3287 2795 Mortem
3332 2740 3475 2797 dicit
3526 2758 3647 2798 non

1990 2836 2125 2876 eam
2156 2835 2291 2892 quin
2327 2819 2423 2875 hic
2464 2826 2567 2887 est,
2626 2824 2728 2877 sed
2783 2840 2920 2896 quae
2967 2827 3072 2894 ibi,
3120 2828 3180 2884 id
3221 2835 3327 2895 est,
3378 2847 3643 2902 poenam.

1993 2910 2154 2966 Sicut
2176 2909 2345 2965 etiam
2379 2910 2580 2975 vitam,
2608 2912 2955 2981 fruitionem,
2985 2932 3122 2987 quas
3176 2918 3257 2974 ibi
3308 2925 3413 2976 est.
3442 2923 3649 2976 Trans-

1992 3014 2230 3069 gressus
2262 2999 2419 3053 enim
2453 2998 2531 3053 ab
2577 2999 2981 3059 incredulitate
3035 3005 3112 3061 ad
3167 3006 3369 3074 ﬁdem,
3423 3010 3652 3065 transiit

1992 3087 2287 3159 reliquum
2322 3087 2499 3143 etiam
2530 3088 2605 3144 ab
2635 3105 2813 3161 poena
2844 3090 3287 3151 incredulorum
3316 3096 3394 3152 ad
3425 3096 3651 3155 fruitio-

1915 3201 1957 3260 ρ
1992 3192 2129 3233 nem
2158 3176 2471 3248 ﬁdelium.)

2066 3266 2226 3321 Vers.
2270 3265 2362 3319 25.
2406 3268 2594 3323 Amen
2653 3299 2720 3309 —
2754 3270 2966 3325 vivent.
3010 3271 3117 3344 (Η-
3169 3272 3311 3329 Cum
3372 3275 3648 3347 superius

1993 3354 2237 3411 dixisset
2268 3374 2281 3414 :
2317 3354 2806 3420 Quemadmodum
2856 3359 3035 3416 Pater
3062 3364 3298 3419 suscitat
3318 3372 3584 3421 mortuos
3601 3371 3651 3422 et

1994 3445 2269 3515 viviﬁeat,
2320 3445 2404 3499 ita
2423 3451 2476 3501 et
2488 3446 2668 3518 ﬁlius,
2693 3463 2837 3519 quos
2886 3450 3035 3516 vult,
3063 3451 3323 3522 viviﬁcat
3344 3455 3413 3519 ",
3467 3470 3539 3509 ne
3572 3456 3653 3511 vi-

1993 3536 2232 3592 deretur
2262 3533 2545 3606 gloriari,)
2580 3537 2869 3607 promittit
2899 3554 3079 3604 nunc,
3128 3541 3290 3613 quod
3322 3558 3443 3599 non
3470 3543 3652 3616 longo

1992 3629 2128 3698 post
2157 3626 2421 3695 tempore
2448 3624 2848 3681 viviﬁcaturus
2872 3628 2944 3683 sit
2970 3634 3255 3697 mortuos,
3289 3648 3654 3691 sermonem-

1992 3727 2111 3786 que
2141 3729 2321 3784 opere
2359 3713 2882 3785 comprobaturus.
2921 3717 3009 3772 Ad
3051 3719 3477 3778 Samaritanam
3511 3739 3655 3795 quo-

1992 3819 2111 3876 que
2137 3802 2341 3858 dicens
2373 3802 2644 3859 similiter
2672 3823 2684 3863 :
2726 3805 2890 3863 Venit
2931 3813 3144 3876 tempus
3175 3809 3298 3865 sive
3325 3812 3496 3879 liora,
3526 3813 3654 3886 pari

1994 3893 2179 3950 modo
2209 3892 2439 3949 addidit
2473 3916 2484 3948 :
2514 3895 2762 3951 Etnunc
2778 3902 2862 3952 est
2883 3898 2950 3965 νο,
2977 3898 3324 3969 signiﬁcans
3345 3900 3558 3959 futurae
3573 3904 3654 3961 rei

1993 3983 2522 4057 propinquitatem.

2068 4072 2282 4128 Mortui
2329 4078 2530 4129 autem
2562 4073 2823 4131 audituri
2863 4081 3003 4132 sunt
3042 4094 3247 4135 vocem
3279 4081 3406 4152 ejus
3453 4099 3466 4137 :
3508 4098 3656 4156 quo-

2000 4162 2182 4219 modo
2209 4162 2237 4218 ?
2279 4161 2465 4218 Simul
2487 4179 2555 4217 ac
2578 4162 2707 4235 ipse
2741 4164 3005 4232 voluerit,
3041 4183 3332 4226 conversa
3362 4172 3655 4245 cujusque

1998 4251 2203 4309 anima
2228 4252 2304 4309 ad
2335 4252 2646 4324 proprium
2693 4268 2933 4325 corpus,
2964 4257 3182 4313 mortui
3212 4258 3316 4331 qui
3337 4260 3652 4328 audierint,

1999 4343 2183 4399 vitam
2210 4357 2420 4398 rursus
2453 4343 2511 4397 in
2534 4343 2764 4399 mundo
2802 4344 3027 4403 vivent.
3056 4348 3157 4403 Hic
3182 4364 3342 4419 ergo,
3377 4349 3476 4407 ubi
3507 4350 3658 4410 dixit

2000 4433 2257 4498 excelsa,
2279 4431 2536 4503 seipsum
2579 4432 2677 4487 Dei
2708 4432 2917 4490 Filium
2940 4437 3236 4507 vocando,
3266 4454 3509 4498 rursum
3540 4456 3659 4498 ser-

279 4519 374 4579 τοῦ
397 4529 535 4576 Θεοῦ
558 4521 713 4575 πάλιν
742 4520 1041 4583 ἐπισκιάζει
1088 4525 1174 4574 τὸν
1223 4521 1374 4593 λόγον
1426 4520 1767 4596 προσπλέκων
1804 4540 1879 4574 τα⁴

2003 4536 2245 4580 nionem
2276 4520 2580 4587 obscurat,
2611 4526 2876 4579 attexens
2898 4524 3163 4583 humilia.

279 4616 455 4668 πεινά.

361 4797 410 4831 ⁸⁸
439 4795 611 4853 Joan.
640 4808 724 4860 ιιι,
766 4797 845 4850 18.
960 4794 1008 4829 ⁸⁹
1045 4792 1215 4850 Joan.
1242 4806 1296 4858 v,
1334 4792 1423 4848 2t.

1536 4792 1586 4828 ⁹⁰
1624 4791 1795 4848 Joan.
1829 4807 1907 4857 IV,
1931 4794 2020 4849 23.

1492 4972 1716 5041 Variae
1772 4971 2104 5041 lectiones
2171 4980 2465 5041 etnotae.

363 5118 445 5189 (6)
475 5117 586 5176 Hic
619 5121 675 5173 et
704 5118 774 5189 in,
814 5115 1097 5189 proximis
1129 5115 1369 5189 scholiis
1402 5115 1634 5189 defectu
1657 5114 1891 5189 laborat

286 5185 701 5261 interpretatio
734 5185 1021 5261 Hentenii.
1046 5188 1209 5244 Hunc
1226 5188 1517 5243 defectum
1534 5185 1630 5243 hic
1655 5188 1714 5243 in
1735 5192 1892 5244 textu

291 5257 494 5319 Graeco
517 5260 818 5346 his,signis
848 5257 902 5384 [li
934 5261 1154 5315 notavi.

365 5333 446 5384 (7i
482 5333 569 5384 Ab
601 5330 728 5384 αλλα
756 5331 832 5384 ad
909 5346 1044 5384 nem
1077 5332 1154 5384 scl

365 5333 446 5405 (7)
482 5333 569 5387 Ab
601 5330 728 5384 ἀλλὰ
756 5331 832 5386 ad
849 5328 1282 5405 ‘ﬁnemscholii
1315 5328 1718 5405 desuntapud
1752 5332 1898 5405 Hen-

292 5401 549 5461 tenium.
599 5406 810 5458 Eorum
861 5418 1000 5457 vero
1056 5401 1189 5458 loco
1229 5401 1654 5470 legitur:Non
1704 5402 1897 5457 solum

296 5483 499 5555 autem
526 5474 640 5539 hic,
672 5475 774 5531 sed
800 5473 863 5529 in
895 5474 1263 5555 sequentibus
1292 5488 1525 5555 quoque
1550 5473 1901 5555 frequenter

296 5547 661 5603 inveniemus
683 5562 798 5617 quo
830 5544 999 5610 pacto
1036 5552 1087 5601 et
1121 5544 1315 5609 metu,
1333 5550 1387 5600 et
1407 5544 1812 5613 promissione,
1835 5550 1899 5599 ut

293 5619 408 5674 sibi
422 5618 724 5681 credatur,
765 5618 1096 5673 admoneat.

373 5690 451 5759 (8)
487 5693 570 5747 Μὴ
606 5685 733 5761 δόξῃ
778 5687 862 5760 ἀφ’
898 5694 959 5741 A.

376 5762 457 5832 (9)
487 5767 735 5813 Ταπεινον
752 5761 816 5814 Β.

380 5828 475 5913 10)
508 5834 626 5889 Hoc
658 5837 778 5889 toto
805 5829 1029 5888 scholio
1049 5834 1210 5888 caret
1228 5829 1574 5889 Hentenius.
1606 5828 1747 5904 Ejus
1768 5828 1903 5888 loco

1998 5118 2196 5191 autem
2222 5114 2620 5191 subjiciuntur
2639 5113 2763 5191 haec
2784 5134 2797 5170 :
2822 5114 2955 5173 Non
2974 5116 3455 5175 condemnabitur
3479 5120 3544 5176 in
3560 5121 3663 5191 ju-

1997 5186 2173 5263 dicio,
2207 5203 2305 5263 nec
2323 5187 2615 5263 punietur,
2638 5189 2773 5263 Non
2800 5195 2975 5263 negat,
3001 5194 3191 5263 autem
3208 5191 3354 5263 quin
3384 5186 3668 5249 morituri

2000 5262 2130 5335 sint.
2142 5259 2460 5335 credentes,
2498 5259 2599 5315 sed
2627 5259 2695 5314 de
2723 5259 2913 5318 morte
2954 5259 3233 5332 toquitur‘
3250 5270 3558 5335 perpetua,
3590 5264 3666 5321 si-

2005 5327 2221 5385 militer
2245 5338 2297 5386 et
2318 5330 2385 5387 de
2403 5330 2526 5386 vita
2548 5336 2800 5388 aeterna.

2077 5401 2127 5469 (t
2149 5404 2195 5466 t)
2235 5402 2420 5457 Etiam
2449 5402 2563 5457 hoc
2594 5401 2823 5458 scholio
2845 5408 3006 5459 caret
3034 5404 3378 5462 Hentenius.

2080 5473 2194 5543 (t2)
2258 5473 2358 5527 Hic
2424 5489 2629 5545 rursus
2666 5474 2878 5545 incipit
2938 5478 3251 5533 convenire
3307 5476 3657 5539 Hentenius.

2008 5544 2209 5620 Scriba
2234 5544 2548 5620 ergo_ejus_
2594 5544 2809 5600 saltum
2854 5546 3065 5602 fecerat
3112 5548 3190 5603 ab
3248 5551 3535 5620 κομπάζειν
3588 5551 3669 5607 ad

2010 5616 2590 5697 uapndCstvh-deinde
2641 5632 3007 5674 veroerrore
3052 5616 3494 5690 animadverso,
3551 5622 3671 5679 alia

2013 5689 2384 5756 interposuit.

2014 5757 2364 5886 ,θέέξέξτα
2395 5760 2474 5815 Εἰ
2515 5760 2780 5817 diximus
2807 5758 2890 5817 ibi
2918 5776 3179 5830 causam,
3226 5761 3343 5821 alia
3376 5764 3562 5823 habet
3584 5764 3672 5827 in.

2036 5843 2261 5910 Bl‘pl'bl.
