4156 6388
551 334 690 393 i223

622 462 794 518 Vers.
848 461 937 517 26.
985 462 1155 519 Sicut
1206 490 1272 502 —
1329 461 1647 532 semetipso.
1705 460 1972 517 Verbum
2020 460 2203 525 dedit,

549 550 775 607 humile
804 560 890 607 est
928 556 984 606 et
1013 552 1534 622 dispensatorium.
1572 550 1763 606 Habet
1792 556 1990 604 autem
2026 550 2205 606 vitam

553 640 617 696 in
644 641 968 710 semetipso,
999 640 1113 696 hoc
1136 646 1241 708 est,
1272 640 1354 694 Ad
1401 640 1650 696 modum
1700 640 1873 695 fontis
1918 640 2207 695 scaturire

553 728 693 785 facit
723 730 923 785 vitam.

623 820 782 873 Vers.
832 822 921 873 27.
968 818 1045 872 Et
1074 849 1141 859 -—
1184 817 1467 887 faciendi.
1496 817 1795 873 Iudicium
1821 832 2030 873 eorum
2073 832 2207 889 quae

553 907 632 964 ab
687 923 1050 979 unoquoque
1089 908 1146 962 in
1192 907 1311 963 vita
1358 913 1600 978 peracta
1647 912 1802 962 sunt.
1853 909 2209 978 Frequenter

552 1002 750 1053 autem
784 998 988 1068 repetit
1024 995 1338 1066 judicium,
1376 997 1569 1068 magis
1628 1011 1732 1051 eos
1791 1003 2111 1062 exterrens,
2145 999 2209 1051 ut

552 1085 839 1158 paulatim
876 1085 1139 1154 judicem
1187 1086 1347 1141 hunc
1381 1100 1513 1139 esse
1560 1085 1886 1150 credentes,
1942 1085 2020 1139 ad
2071 1099 2207 1139 eum

552 1181 889 1243 accurrant,
952 1181 1322 1231 mansuetum
1397 1174 1511 1230 sibi
1572 1174 1831 1247 judicem
1888 1174 2026 1229 inde
2110 1189 2211 1245 pa-

551 1268 770 1319 rantes.

629 1352 789 1410 Vers.
816 1357 906 1408 27.
942 1352 1089 1418 Quia
1141 1383 1209 1393 —
1266 1355 1425 1409 Vers.
1483 1352 1570 1407 ‘28.
1634 1354 1779 1409 Hoc.
1835 1352 1984 1419 Quia
2027 1352 2209 1409 homo

553 1446 660 1509 est,
700 1442 802 1514 qui
833 1441 1128 1512 judicium
1164 1442 1423 1514 sumpsit
1463 1442 1793 1507 hominum,
1834 1446 1891 1497 et
1927 1440 2210 1513 praedicta

554 1531 630 1587 de
659 1548 719 1587 se
750 1534 880 1603 ipso
897 1532 1117 1597 docuit,
1146 1548 1277 1603 quae
1302 1546 1521 1601 magna
1546 1537 1738 1587 etnon
1773 1536 2002 1587 tantum
2032 1547 2211 1599 supra

552 1620 863 1677 hominem
889 1626 1043 1686 sunt,
1079 1621 1182 1676 sed
1210 1638 1391 1693 supra
1408 1621 1638 1689 angelos
1666 1637 1909 1692 quoque
1930 1624 1988 1675 et;
2009 1621 2084 1675 ad
2118 1637 2208 1675 so-

552 1710 679 1767 lum
710 1712 893 1765 Deum
920 1711 1234 1782 pertinent,
1266 1710 1444 1767 nolite
1478 1709 1679 1765 mirari
1707 1710 2095 1781 ;prmdictum
2120 1718 2210 1765 est

553 1800 711 1855 enim
731 1799 1085 1872 quodetiam
1105 1799 1282 1854 Filius
1301 1800 1631 1855 Deisit.Non
1648 1814 1789 1867 ergo
1803 1798 2024 1854 offendi
2039 1816 2206 1870 opor-

555 1896 650 1956 tet;
672 1906 811 1945 nam
836 1906 966 1961 quae
991 1891 1205 1945 odiosa
1230 1895 1523 1962 apparent
1544 1894 1782 1961 propter
1802 1890 2083 1945 humanae
2105 1906 2209 1945 na-

554 1984 699 2036 turas
724 1979 1138 2042 humilitatem,
1160 1995 1229 2034 ea
1250 1985 1579 2050 appareant
1606 1978 1934 2034 tolerabilia
1965 1984 2209 2050 propter

551 2067 767 2124 divinas
800 2074 1026 2123 naturae
1048 2068 1482 2125 celsitudinem.
1511 2068 1733 2124 Deinde
1756 2068 1936 2123 aliam
1969 2084 2207 2141 quoque

548 2158 623 2214 de
654 2158 850 2231 seipso
882 2158 1161 2231 proponit
1191 2158 1565 2214 tremendam
1618 2165 1672 2213 et
1715 2174 2001 2213 arcanam
2045 2165 2209 2229 pote-

550 2252 786 2304 statem.

620 2338 776 2391 Vers.
806 2338 893 2391 28.
930 2336 1082 2403 Quia
1109 2368 1175 2376 -—
1207 2336 1367 2391 Vers.
1409 2338 1497 2389 29.
1541 2336 2068 2392 Condemnationis.
2096 2338 2210 2391 Ho-

547 2441 676 2482 ram
733 2430 968 2498 tempus
999 2426 1140 2480 dicit
1183 2425 1712 2480 consummationis
1749 2424 1948 2479 saeculi
1994 2430 2049 2479 et
2080 2426 2206 2480 uni-

548 2512 1011 2584 versalisjudicii
1034 2530 1047 2569 :
1071 2530 1170 2569 eos
1192 2519 1393 2569 autem
1423 2513 1517 2584 qui
1543 2514 1751 2568 suntin
1780 2515 2202 2579 monumentis,

547 2602 687 2657 dicit
709 2608 999 2669 mortuos,
1022 2619 1173 2675 quos
1202 2602 1383 2657 simul
1407 2618 1620 2657 omnes
1636 2608 1874 2674 repente
1894 2618 1963 2663 ac
1992 2602 2206 2658 virtute

547 2708 770 2749 arcana
799 2693 1121 2764 coaptabit,
1160 2692 1454 2748 animabit
1486 2709 1555 2747 ac
1605 2692 1883 2748 excitabit
1910 2708 2053 2748 voce
2095 2708 2205 2748 sua

548 2782 887 2853 sinejussu,
919 2797 1042 2855 quo
1089 2790 1229 2837 tunc
1274 2798 1378 2853 per
1408 2781 1837 2850 archangelum
1880 2781 2200 2837 clamabit:

547 2872 607 2926 In
641 2872 842 2943 jussu,
893 2872 1102 2945 inquit,
1162 2873 1220 2927 in
1290 2886 1420 2928 voce
1471 2871 1842 2942 archangeli,
1870 2877 1923 2927 et
1961 2871 2023 2926 in
2069 2871 2203 2926 tuba

548 2960 657 3017 Dei
681 2962 749 3013 9'.

620 3140 794 3211 Atqui
831 3155 952 3195 non
996 3155 1206 3194 omnes
1249 3143 1383 3194 sunt
1416 3139 1471 3193 in
1504 3136 1933 3202 monumentis,
1972 3137 2075 3192 sed
2124 3137 2202 3193 ab

543 3229 638 3286 his
667 3230 768 3302 qui
813 3234 950 3285 sunt
990 3230 1052 3285 in
1086 3229 1511 3296 monumentis,
1556 3228 1732 3282 etiam
1774 3244 1878 3282 eos
1906 3227 2203 3299 signiﬁca-

543 3320 648 3385 vit,
680 3318 781 3391 qui
812 3334 933 3374 non
966 3324 1100 3373 sunt
1129 3319 1185 3372 in
1221 3316 1649 3383 monumentis,
1670 3316 1747 3371 ab
1780 3316 1871 3371 his
1910 3316 2197 3384 videlicet,

544 3408 646 3481 qui
664 3408 1016 3466 naturaliter
1048 3407 1263 3480 sepulti
1287 3411 1448 3470 sunt,
1490 3422 1591 3462 eos
1643 3406 1819 3461 etiam
1852 3406 2203 3477 quinatura—

542 3497 669 3567 liter
698 3496 909 3570 sepulti
943 3512 1063 3552 non
1095 3503 1255 3551 sunt.
1289 3499 1365 3551 Ex
1394 3496 1802 3551 monumentis
1833 3499 2032 3550 autem
2065 3512 2202 3567 pro-

540 3587 777 3651 dibunt,
807 3586 866 3642 hi
899 3585 1146 3657 quidem
1178 3585 1234 3640 in
1262 3584 1753 3640 resurrectionem
1788 3585 1921 3639 vitae
1939 3588 2195 3650 aeternae,

543 3677 625 3732 illi
692 3692 830 3730 vera
910 3676 969 3729 in
1043 3674 1538 3730 resurrectionem
1620 3674 2199 3741 condemnationis;

543 3764 639 3820 isti
692 3765 769 3820 ad
830 3762 1172 3819 fruitionem
1230 3764 1700 3835 sempiternam;
1770 3762 1851 3817 illi
1929 3763 2007 3818 ad
2064 3779 2204 3834 sup-

544 3852 791 3925 plicium
833 3856 1217 3925 perpetuum.
1270 3852 1418 3907 Alibi
1473 3856 1674 3907 autem
1720 3851 1909 3906 dixit:
1955 3851 2033 3906 Et
2085 3851 2203 3906 abi-

548 3942 687 3997 bunt
717 3943 785 3999 hi
806 3942 867 3997 in
893 3942 1245 4013 supplicium
1276 3948 1581 4007 aiternum,
1596 3942 1746 4011 justi
1769 3957 1901 3998 vero
1926 3941 1987 3996 in
2020 3940 2201 3997 vitam

544 4038 809 4089 aeternam
831 4033 898 4086 9’.

616 4123 777 4179 Vers.
805 4122 894 4177 30.
929 4122 1059 4177 Non
1087 4137 1308 4192 possum
1343 4152 1406 4160 —
1425 4121 1641 4191 judico.
1677 4118 2202 4188 Quemadmodum

543 4220 819 4292 superius
845 4220 920 4276 de
950 4221 1260 4292 operando
1293 4220 1527 4274 dicebat
1560 4236 1572 4274 :
1598 4219 1724 4275 Non
1751 4226 1927 4289 potest
1962 4219 2147 4273 Filius
2166 4234 2203 4275 a

541 4327 599 4366 se
618 4311 807 4381 facere
838 4310 1170 4382 quidquam,
1194 4309 1309 4365 nisi
1335 4308 1468 4379 quid
1494 4309 1699 4364 viderit
1732 4310 1960 4363 Patrem
1987 4308 2200 4379 facieno

542 4407 656 4456 tem
685 4401 771 4453 9’z
804 4399 885 4455 ita
910 4405 965 4455 et
988 4412 1146 4453 nunc
1173 4398 1249 4453 de
1290 4398 1622 4468 judicando
1655 4399 1768 4453 ait:
1802 4398 1930 4453 Non
1974 4414 2202 4467 possum

543 4505 641 4561 ego
672 4505 709 4545 a
751 4489 962 4561 meipso
996 4492 1185 4552 facere
1216 4487 1541 4560 quidquam,
1577 4490 1723 4544 sicut
1765 4487 1932 4543 audio
1968 4488 2199 4557 judico,

542 4579 658 4635 hoc
689 4584 795 4644 est,
845 4594 961 4633 non
1000 4578 1267 4648 judicoa
1311 4578 1562 4649 meipso,
1601 4577 1704 4632 sed
1752 4580 1899 4633 sicut
1948 4577 2127 4632 audio
2166 4593 2201 4632 a

543 4670 732 4734 Patre,
756 4666 848 4723 vel
867 4671 1017 4723 sicut
1051 4670 1243 4722 Pater:
1273 4667 1434 4738 quod
1469 4668 1646 4722 etiam
1674 4667 2070 4738 aequalitatem
2122 4669 2199 4721 ad

543 4757 772 4812 Patrem
825 4773 892 4811 ac
944 4755 1399 4811 indifferentiam
1463 4756 1673 4811 innuit.
1734 4757 1889 4810 Sicut
1935 4754 2095 4810 enim
2139 4755 2199 4811 in

544 4846 951 4920 superioribus
1006 4846 1216 4910 Videre,
1256 4845 1339 4902 ita
1370 4850 1424 4901 et
1462 4846 1556 4901 hic
1593 4844 1830 4909 Audire,
1872 4843 2196 4915 intelligen-

616 5044 665 5081 °°
698 5043 720 5098 Ι
756 5042 958 5100 Thess.
993 5058 1073 5113 ιν,
1108 5044 1191 5098 16.
1306 5044 1354 5077 ⁰²
1386 5041 1591 5098 Matth.
1619 5057 1756 5111 xxv,
1791 5040 1877 5097 46.

1887 324 2233 389 summa
2274 313 2596 390 ZiGABENl

2386 460 2586 534 Ὠσπερ
2639 492 2705 501 -
2738 459 2924 530 ἐαυτῷ.
2956 462 3026 512 Τὸ
3055 456 3279 527 Ἔδωκε,
3328 460 3561 513 ταπεινὸν
3600 465 3687 512 καὶ
3725 461 3901 515 οἰκονο-

2316 556 2485 623 μικόν.
2536 549 2689 622 Ἔχει
2743 546 2801 601 δι
2857 552 2993 613 ζωὴν
3038 548 3086 601 ἐν
3166 549 3351 617 ἑαυτῷ,
3408 548 3522 602 ἀντὶ
3595 558 3683 602 τοῦ
3731 555 3900 623 Πηγά-

2320 639 2418 699 ζει.

2241 461 2284 515 Α

2394 822 2494 871 Καὶ
2520 849 2588 858 —
2616 824 2799 871 ποιεῖν.
2853 822 3039 891 Κρίσιν
3068 822 3162 877 τὴν
3212 826 3311 870 τῶν
3344 816 3667 892 βεϐιωμένων
3691 818 3897 891 ἑκάστῳ.

2320 915 2557 979 Συνεχῶς
2588 903 2647 959 δὲ
2675 911 2880 981 στρέφει
2910 911 3003 965 τὴν
3034 912 3209 980 κρίσιν
3264 906 3347 960 ἐπὶ
3396 908 3543 961 πλέον
3573 907 3789 980 ἐκφοϐῶν
3818 909 3898 960 αύ-

2318 1000 2459 1061 τούς,
2496 999 2578 1049 ἵνα
2605 1000 2743 1049 κατά
2770 1000 2955 1070 μικρὸν
3005 999 3297 1070 πειθόμενοι
3344 1004 3523 1050 τοῦτον
3576 995 3703 1051 εἶναι
3734 1003 3900 1073 κριτὴν

2318 1083 2736 1159 προσδράμωσιν
2768 1084 2907 1156 αύτῷ
2946 1087 3427 1150 κατασκευάζοντες
3475 1085 3696 1139 ἐντεῦθεν
3726 1089 3900 1162 ἥμερον

2320 1174 2521 1237 ἑαυτοῖς
2550 1177 2635 1227 τὸν
2660 1171 2942 1232 δικαστήν·

2390 1353 2511 1406 Ὀτί
2559 1385 2627 1393 -
2677 1361 2846 1408 τοῦτο.
2905 1358 3045 1407 Διότι
3100 1354 3211 1426 (14)
3270 1350 3327 1407 δὲ
3377 1355 3642 1427 ἄνθρωπὸς
3692 1353 3825 1406 ἐστιν
3880 1355 3901 1405 ὁ

3577 1446 3641 1495 τὰ
3695 1443 3902 1517 προρρηο

2322 1535 2473 1585 θέντα
2561 1529 2787 1595 διδάξας
2862 1537 2981 1605 περὶ
3027 1531 3238 1597 ἑαυτοῦ,
3306 1536 3371 1585 τὰ
3454 1532 3672 1605 μεγάλα,
3707 1536 3899 1603 καὶμὴ

2317 1446 2410 1501 τὴν
2454 1448 2627 1516 κρίσιν
2680 1452 2779 1495 τῶν
2852 1442 3133 1515 ἀνθρώπων
3190 1442 3358 1496 λαϐὼν
3412 1450 3501 1495 καὶ

2318 1627 2472 1695 μόνον
2516 1624 2643 1694 ὑπὲρ
2698 1623 2988 1696 ἄνθρωπον,
3045 1620 3172 1673 ἀλλά
3231 1627 3320 1674 καὶ
3371 1623 3498 1697 ὑπὲρ
3568 1622 3780 1695 ἄγγελον
3825 1627 3904 1674 καὶ

2320 1716 2477 1784 μόνου
2536 1716 2659 1763 ὅντα
2710 1718 2863 1777 Θεοῦ,
2915 1715 2984 1778 μὴ
3043 1712 3334 1783 θαυμάζετε
3390 1721 3566 1767 τοῦτο.
3612 1717 3905 1787 Προείρηται

2245 1813 2288 1868 Β
2318 1804 2419 1874 γὰρ
2475 1803 2555 1853 ὅτι
2597 1806 2687 1853 καὶ
2765 1803 2881 1861 Υἱὸς
2953 1808 3087 1854 Θεοῦ
3132 1800 3264 1866 ἐστι,
3320 1806 3412 1853 καὶ
3456 1802 3633 1854 λοιπὸν
3681 1801 3737 1853 ού
3803 1806 3901 1876 χρὴ

2325 1888 2790 1951 σκανδαλίζεσθαι.
2871 1889 2929 1942 Ἃ
3013 1892 3114 1963 γὰρ
3165 1892 3387 1965 φορτικά
3439 1896 3671 1963 φαίνεται
3722 1886 3811 1943 διὰ
3854 1893 3903 1942 τὸ

2322 1984 2560 2032 ταπεινὸν
2608 1988 2702 2041 τῆς
2776 1978 3099 2051 ἀνθρωπείας
3176 1983 3393 2051 φύσεως,
3480 1988 3647 2032 ταῦτα
3724 1982 3906 2052 φορητά

2322 2071 2581 2142 φαινέσθω
2658 2066 2752 2121 δ’ιὰ
2806 2073 2862 2121 τὸ
2902 2068 3033 2139 ὕφος
3085 2078 3175 2128 τῆς
3209 2071 3364 2130 θείας.
3430 2066 3557 2122 Εἶτα
3600 2072 3905 2145 προστίθησι

2319 2163 2437 2232 περὶ
2486 2158 2671 2211 ἑαυτοῦ
2710 2162 2800 2209 καὶ
2850 2157 3023 2231 ἑτέραν
3077 2157 3295 2233 φοϐερὰν
3346 2163 3437 2211 καὶ
3486 2158 3706 2234 ἄρρητον
3764 2154 3885 2211 δύνα

2318 2269 2427 2321 μιν.

2387 2336 2507 2390 Ὀτι
2574 2368 2641 2377 -
2737 2341 2977 2410 κρίσεως.
3058 2335 3219 2410 Ὠραν
3271 2340 3360 2409 μὲν
3402 2338 3540 2409 λέγει
3608 2340 3694 2389 τὸν
3738 2338 3903 2407 καιρὸν

2318 2435 2408 2487 τῆς
2461 2426 2749 2487 συντελείας
2814 2434 2905 2479 τοῦ
2970 2432 3172 2499 κόσμου
3247 2430 3335 2478 τὸν
3425 2436 3519 2489 τῆς
3587 2428 3903 2497 παγκοσμίου

2737 2341 2977 2410 κρίσεως.

2317 2521 2557 2591 κρίσεως.
2613 2517 2691 2569 Ἐν
2746 2523 2849 2576 τοῖς
2901 2520 3175 2589 μνημείοις
3231 2511 3290 2568 δέ
3348 2536 3479 2588 φησι
3539 2520 3655 2576 τούς
3717 2516 3904 2585 νεκροὺς

2318 2605 2406 2665 ούς
2450 2608 2579 2678 ὁμοῦ
2628 2607 2827 2667 πάντας
2893 2604 3076 2677 ἀθρόον
3119 2610 3208 2657 καὶ
3532 2602 3749 2677 δυνάμει
3788 2623 3905 2674 συμ-

2724 2699 2973 2766 ψυχὼσει
3068 2698 3157 2746 καὶ
3255 2694 3603 2757 ἐξαναστήσει
3681 2695 3711 2751 ἠ
3779 2695 3899 2764 φωνὴ

2316 2785 2496 2851 αὑτοῦ,
2557 2788 2672 2843 ἤτοι
2730 2788 2787 2836 τὸ
2866 2784 3124 2857 κέλευσμά
3200 2787 3259 2836 τὸ
3317 2781 3411 2836 διὰ
3451 2792 3546 2837 τοῦ
3590 2781 3903 2858 ἀρχαγγέλου

2316 2695 2470 2757 πήξει
2550 2700 2640 2746 καὶ
2724 2699 2973 2757 ψυχὼσει
3068 2698 3157 2746 καὶ

2314 2882 2604 2931 τηνικαῦτα
2682 2877 3020 2947 φωνούμενον.
3078 2874 3160 2927 Ἐν
3248 2872 3587 2945 κελεύσματι,
3657 2874 3757 2945 γάρ
3821 2890 3905 2942 φη-

2508 2982 2555 3015 εν

2318 2983 2420 3029 σιν,
2508 2961 2555 3015 ἐν
2660 2972 2796 3037 φωνῇ
2888 2962 3245 3039 ἀρχαγγέλου,
3343 2968 3433 3015 καὶ
3539 2961 3587 3014 ἐν
3669 2961 3905 3031 σάλπιγγι

2316 3060 2470 3107 Θεοῦ.

2240 3174 2279 3229 C
2388 3148 2488 3196 Καὶ
2576 3147 2678 3215 μὴν
2770 3142 2827 3195 ού
2896 3144 3078 3203 πάντες
3137 3140 3187 3193 ἐν
3255 3149 3365 3203 τοῖς
3428 3146 3702 3215 μνημείοις
3766 3139 3902 3203 εἰσὶν,

2316 3233 2421 3285 ἀλλ’
2449 3231 2551 3285 ἀπὸ
2610 3240 2706 3284 τῶν
2760 3231 2807 3284 ἐν
2859 3238 2962 3292 τοῖς
3014 3236 3285 3304 μνημείοις
3347 3228 3609 3301 [ἐδήλωσε
3662 3230 3774 3302 (liii
3822 3232 3903 3279 καὶ

2313 3327 2431 3383 τοὺς
2491 3322 2584 3375 οῦκ
2666 3321 2847 3382 ἐντοῖς
2896 3320 3365 3394 μνημείοις,]ἀπὸ
3428 3330 3532 3373 τῶν
3586 3323 3720 3373 κατὰ
3762 3321 3905 3391 φύσιν

2314 3416 2569 3483 ταφέντων
2622 3415 2713 3463 καὶ
2764 3415 2885 3472 τοὺς
2959 3416 3031 3482 μὴ
3096 3413 3233 3463 κατά
3290 3413 3445 3480 φύσιν
3503 3415 3770 3482 ταφέντας.
3824 3406 3905 3457 Ἐκ

2313 3510 2411 3554 τῶν
2470 3505 2730 3573 μνημείων
2782 3497 2839 3553 δὲ
2878 3503 3239 3575 πορεύσονται,
3293 3502 3341 3551 οἱ
3384 3502 3473 3572 μιν
3524 3500 3590 3560 εἰς
3632 3498 3905 3550 ἀνάστασιν

2317 3595 2454 3653 ζωῆς
2514 3591 2747 3655 αἰωνίου,
2791 3592 2841 3642 οἱ
2890 3587 2947 3642 δὲ
2989 3590 3054 3650 εἰς
3108 3590 3397 3641 ἀνάστασιν
3441 3593 3829 3663 κατακρίσεως·
3862 3585 3906 3635 οἱ

2314 3680 2403 3752 μέν
2455 3680 2525 3741 εἰς
2574 3684 2631 3732 τὸ
2681 3678 2957 3732 ἀπολαύειν
3002 3679 3100 3744 ἀεὶ,
3155 3678 3228 3752 [οἱ
3283 3675 3342 3731 δὲ
3390 3678 3461 3738 εἰς
3512 3683 3569 3731 τὸ
3606 3675 3905 3736 κολάζεσθαι

2315 3769 2393 3821 ἀεί
2447 3770 2583 3841 (16).
2642 3768 2964 3841 ]Ἀλλα·χοῦ
3015 3765 3075 3821 δὲ
3136 3768 3273 3839 ἔλεγε
3324 3788 3335 3799 ·
3387 3772 3488 3821 Καὶ
3551 3766 3906 3820 ἀπελεύσονται

2314 3860 2455 3912 οὗτοι
2505 3859 2576 3921 εἰς
2627 3858 2841 3911 κόλασιν
2897 3861 3122 3924 αἰώνιον,
3170 3861 3219 3910 οἱ
3279 3854 3337 3911 δὲ
3392 3854 3594 3911 δίκαιοι
3657 3856 3725 3920 εἰς
3778 3858 3904 3917 ζωὴν

2316 3950 2440 4002 αἰών
2449 3969 2522 4002 ιον
2536 3994 2547 4005 .

2388 4130 2463 4182 Ού
2524 4125 2754 4201 δύναμαι
2820 4158 2889 4169 -—
2950 4132 3125 4199 κρίνω.
3209 4126 3412 4201 Ὠσπερ
3477 4126 3712 4202 ἀνωτέρω
3795 4141 3902 4195 περι

2314 4228 2406 4272 τοῦ
2455 4219 2771 4291 ἐργάζεσθαι
2829 4218 2994 4289 ἔλεγεν
3052 4235 3065 4247 ·
3101 4218 3175 4270 Οὐ
3232 4214 3454 4269 δύναται
3510 4219 3536 4270 ὀ
3590 4222 3706 4279 Υἱὸς
3752 4219 3902 4267 ποιεῖν

2316 4308 2400 4381 ἀφ’
2458 4308 2642 4361 ἑαυτοῦ
2701 4304 2872 4376 οὐδὲν,
2925 4306 3008 4359 ἐὰν
3068 4311 3138 4379 μὴ
3194 4326 3246 4358 τι
3302 4305 3468 4379 βλέπῃ
3548 4310 3635 4359 τὸν
3711 4308 3903 4375 Πατέρα

2313 4404 2560 4449 ποιοῦντα
2608 4416 2621 4430 ·
2688 4397 2822 4449 ούτω
2882 4400 2971 4448 καὶ
3036 4404 3123 4447 νῦν
3190 4401 3308 4471 περὶ
3347 4403 3438 4448 τοῦ
3491 4400 3684 4471 κρίνειν
3730 4396 3897 4467 φησιν,

2239 4481 2389 4539 ΠΟύ
2475 4484 2707 4558 δύναμαι
2801 4485 2901 4558 ἐγὼ
2984 4493 3146 4538 ποιεῖν
3242 4484 3331 4539 ἀπ’
3416 4484 3665 4557 ἐμαυτοῦ,
3760 4476 3898 4534 οὐδέν

2311 4576 2486 4636 καθὼς
2576 4577 2767 4644 ἀκούω,

3242 4484 3331 4539 ἀπ’
3416 4484 3665 4557 ἐμαυτοῦ,

2864 4580 3042 4649 κρίνω,
3116 4578 3385 4627 τουτέστιν
3453 4573 3529 4626 Ού
3593 4578 3744 4649 κρίνω
3816 4565 3895 4621 ἀπ’

2801 4485 2901 4558 ἐγὼ
2984 4493 3146 4538 ποιεῖν

2311 4664 2553 4737 ἐμαυτοῦ,
2622 4664 2749 4715 ἀλλὰ
2816 4667 2989 4726 καθὼς
3069 4662 3240 4715 ἀκούω
3305 4667 3451 4737 παρά
3521 4672 3612 4716 τοῦ
3687 4661 3892 4731 Πατρός,

2311 4758 2471 4825 ἤγουν
2519 4757 2587 4816 ὡς
2640 4756 2664 4805 ὁ
2716 4759 2895 4827 Πατὴρ
2928 4772 2939 4783 ·
2976 4756 3096 4828 ὅπερ
3149 4750 3408 4807 ὑποδηλοί
3436 4757 3493 4806 τό
3540 4756 3667 4829 πρὸς
3689 4753 3767 4802 τὸν
3799 4753 3889 4797 Πα-

2310 4848 2434 4918 τέρα
2488 4845 2601 4896 ἰσον
2651 4848 2740 4896 καὶ
2816 4842 3229 4918 ἀπαράλλακτον.
3296 4841 3496 4918 Ὠσπερ
3566 4845 3660 4918 γὰρ
3683 4841 3779 4890 ἄνω
3835 4835 3888 4885 τὸ

1993 5042 2038 5076 θ’
2064 5042 2235 5099 Joan.
2277 5058 2329 5107 γ,
2367 5041 2451 5097 19.

1778 5237 1999 5307 Variae
2046 5237 2368 5306 lectiones
2402 5246 2466 5304 et
2497 5245 2697 5305 notas.

629 5436 743 5507 (14)
812 5434 1165 5509 Euthymius
1233 5450 1374 5505 ergo
1446 5432 1713 5509 sequitur
1760 5432 2203 5509 distinctionem

559 5507 985 5579 Chrysostomi,
1038 5510 1140 5579 qui
1190 5516 1397 5563 contra
1448 5507 1701 5561 Paulum
1747 5508 2204 5579 samosatenum

560 5578 1379 5660 disput_at.JVideChrysost.
1427 5582 1470 5636 t.
1519 5579 1650 5660 Ylll.
1690 5595 1749 5648 p.
1778 5578 2205 5660 .f23tt.wA.‘Iiuc

551 5649 779 5723 spectat
817 5652 995 5723 etiam
1030 5649 1347 5723 scholium,
1380 5649 1542 5723 quod
1575 5666 1644 5723 e‘x
1678 5650 1891 5723 codice,
1913 5649 2205 5723 Viudobo-

555 5718 726 5777 densi
760 5722 946 5777 edidit
989 5722 1063 5775 ad
1098 5721 1159 5776 h.
1190 5722 1227 5778 l.
1264 5718 1547 5777 Birchius.
1583 5718 1792 5775 Confer
1822 5722 2000 5775 etiam
2023 5718 2203 5774 Theo—

559 5791 827 5877 phyiact.
862 5808 924 5866 p.
948 5794 1052 5849 632
1080 5797 1146 5849 Α.
1167 5792 1372 5859 Credo,
1400 5792 1567 5849 illum
1598 5792 1743 5849 data
1772 5807 1955 5865 opera
1970 5790 2206 5847 fumum

2318 5432 2547 5511 fecisse.
2583 5431 2867 5511 Origenis,
2900 5432 3073 5503 cujus
3101 5430 3367 5511 adhunc
3397 5430 3903 5511 locumninAterpreo

2318 5506 2460 5560 tatio
2491 5501 2807 5575 intercidit,
2843 5501 3033 5559 tamen
3096 5510 3131 5558 t.
3167 5502 3258 5568 IV,
3296 5520 3359 5575 p.
3392 5507 3494 5560 359
3524 5509 3580 5558 et
3605 5501 3710 5556 360
3752 5501 3906 5575 ;”Οτι

2316 5579 2430 5637 Υίός
2462 5575 2733 5649 ἀνθρώπου
2762 5566 2900 5649 ἐστιν
2945 5576 3021 5631 ad
3054 5566 3363 5646 superiora
3400 5576 3594 5637 refert,
3626 5586 3762 5645 qua;
3788 5566 3906 5623 vul-

2314 5649 2473 5717 garis
2507 5647 2595 5702 est
2621 5647 2938 5703 distinctio.

2526 5718 2761 5773 Inclusa
2791 5719 3137 5773 exciderunt
3164 5718 3232 5772 Α.

2417 5724 2475 5773 15
2526 5719 2761 5773 Inclusa
2791 5719 3137 5773 exciderunt
3164 5719 3232 5772 Α.

2386 5719 2499 5866 216;
2529 5789 2762 5846 Inclusa
2791 5790 3141 5847 exciderunt
3176 5792 3245 5846 Α.
