4156 6406
373 246 509 310 1225
1352 246 1499 309 CUM
1510 244 1722 313 MENT.
1768 255 1833 311 IN
1872 253 2014 311 JOAJ

2104 246 2226 312 ΕΜ.
2264 287 2331 295 -
2371 254 2530 313 CAP.
2572 250 2638 310 ν.
3604 254 3742 315 1226

368 380 575 455 βλέπειν
600 400 612 414 ο
647 380 781 434 οὕτω
805 382 1075 435 κάνταῦθα
1102 382 1160 434 τό
1192 378 1395 433 ἀκούειν
1425 384 1630 439 νοητέον
1656 400 1669 413 ’
1703 381 1969 454 οἰκονομι-
2001 418 2009 435 ε

2098 379 2225 437 lum
2250 385 2340 437 est
2363 382 2814 454 dispensatorie,
2842 387 2899 439 et
2927 386 2988 440 ut
3023 384 3144 440 Deo
3176 383 3511 441 conveniat.
3547 385 3739 459 Siqui-

365 480 469 533 κῶς
496 474 609 544 μὲν,
654 473 942 547 θεοπρεπῶς
991 468 1068 525 δέ.
1105 471 1181 525 Ou’
1224 474 1325 544 γὰρ
1377 468 1551 524 δεῖται
1579 479 1668 524 τοῦ
1724 470 1967 524 ἀκούειν·

2101 470 2216 526 lem
2257 486 2452 543 neque
2483 470 2681 527 videre
2717 472 2768 528 ei
2794 488 2950 544 opus
2980 479 3090 539 est,
3124 489 3320 548 neque
3349 474 3576 539 audire,
3603 490 3742 531 cum

368 558 611 623 ἀνενδεὴς
633 564 735 633 γὰρ
763 562 789 613 ὁ
820 565 971 624 Θεὸς.

2079 558 2234 614 Deus
2273 559 2435 615 nulla
2460 576 2521 615 re
2554 560 2836 632 indigeat.

441 655 542 703 Καὶ
609 680 679 690 -ο
736 654 955 723 Πατρός.
1009 654 1177 724 Κρίνω
1233 646 1439 715 δίκαια,
1496 654 1649 722 φησὶ,
1719 646 1859 702 διότι
1912 648 1970 701 ού

2150 649 2312 705 Vers.
2354 653 2447 708 30.
2504 651 2579 704 Et
2618 680 2686 692 —
2734 652 2949 708 Patris.
3004 652 3465 726 Juste,ginquit,
3492 651 3740 724 judicio,

366 744 527 811 κρίνω
562 742 698 792 κατά
731 743 789 792 τὸ
831 740 1027 813 θελημα
1074 740 1187 810 (17)
1234 744 1292 792 τὸ
1342 738 1459 811 ἐμόν
1486 755 1498 770 ·
1549 737 1673 792 οὐδὲ
1719 743 1820 814 ’γὰρ
1863 738 1971 810 ἐχω

2104 736 2220 810 [uia
2250 753 2370 793 non
2380 738 2585 808 judico
2607 740 2944 796 secundum
2968 741 3356 814 voluntatem,
3403 758 3622 810 meam,
3646 759 3745 799 ne-

369 829 568 902 θέλημα
609 825 747 882 ἴδιον
773 846 785 858 ·
840 827 966 881 ἀλλά
1008 832 1143 881 κατὰ
1172 832 1230 882 τὸ
1266 837 1356 881 τοῦ
1390 833 1611 902 Πατρός.
1664 836 1826 882 Τοῦτο
1869 831 1969 900 γὰρ

2103 843 2195 898 [ue
2224 842 2334 896 ego
2356 830 2663 900 propriam
2687 830 2878 886 habeo
2899 831 3267 889 voluntatem
3281 833 3386 888 sed
3408 832 3744 889 secundum

367 923 457 972 καὶ
498 917 657 991 ἐμόν’
702 918 751 971 ἓν
799 922 901 993 ’γὰρ
954 924 1046 971 καὶ
1097 921 1156 970 τό
1211 918 1338 970 αύτὸ
1394 918 1592 990 θελημα
1636 921 1840 993 Πατρός
1881 922 1971 969 καὶ

2105 918 2267 971 ’atris
2284 917 2818 985 voluntatem;nam
2834 920 2934 976 illa
2952 921 3134 978 etiam
3155 937 3290 979 mea
3309 927 3545 989 est;una
3565 923 3746 996 siqui-

365 1010 509 1064 Υὶοῦ.
566 1014 668 1062 Καὶ
708 1008 904 1074 λοιπὸν,
948 1008 991 1061 εἰ
1021 1010 1047 1060 ό
1093 1012 1272 1081 Πατὴρ
1323 1012 1508 1079 κριτὴς
1558 1004 1779 1079 δίκαιος,
1828 1012 1918 1059 καὶ
1945 1008 1970 1059 ὁ

2103 1005 2215 1061 lem
2234 1007 2511 1062 eteadem
2533 1016 2619 1063 cst
2643 1010 2829 1065 Patris
2855 1016 2911 1066 et
2938 1010 3065 1067 Filii
3087 1012 3385 1069 voluntas.
3415 1014 3469 1070 Si
3488 1028 3624 1084 ergo
3647 1028 3744 1085 pa-

366 1098 486 1160 Υἰὸς
515 1099 619 1172 ἄρα
647 1102 832 1173 κριτὴς
860 1094 1085 1159 δίκαιος.

2103 1095 2696 1168 erjustusestjudex,
2724 1104 2778 1155 et
2802 1099 2982 1156 Filius
3003 1101 3207 1174 utique
3222 1103 3419 1174 justus
3431 1111 3518 1159 est
3534 1104 3741 1175 judex.

440 1192 550 1261 Χρὴ
598 1192 771 1240 τοίνυν
809 1186 892 1240 ἐπὶ
936 1196 1034 1239 τῶν
1074 1190 1319 1240 τοιούτων
1384 1184 1853 1258 συγκαταϐατικῶν
1919 1204 1972 1237 τε

2151 1186 2393 1257 Oportet
2421 1187 2623 1259 itaque
2651 1188 2709 1243 in
2742 1187 3089 1259 hujusmodi
3121 1192 3332 1257 verbis,
3365 1208 3496 1265 quae
3527 1192 3746 1249 demis-

364 1282 455 1331 καὶ
525 1278 861 1351 οἰκονομικῶν
931 1278 1178 1352 ῥημάτων
1244 1280 1316 1349 μὴ
1384 1280 1511 1348 πρός
1567 1276 1701 1328 αύτά
1767 1273 1970 1346 βλέπειν

2110 1273 2306 1329 ionem
2332 1291 2402 1332 ac
2431 1274 2945 1348 dispensationem
2975 1279 3335 1349 significant,
3365 1297 3484 1338 non
3510 1282 3587 1338 ad
3610 1281 3748 1354 ipsa

364 1372 538 1440 μόνον,
574 1366 702 1419 ἀλλά
753 1371 840 1419 καὶ
871 1369 1001 1440 πρὸς
1030 1370 1121 1425 τὴν
1176 1366 1347 1418 αἰτίαν
1407 1362 1485 1418 δι’
1541 1364 1601 1423 ἢν
1650 1362 1968 1438 ἐρρήθησαν.

2103 1370 2313 1421 antum
2345 1366 2657 1437 respicere,
2690 1367 2795 1422 sed
2830 1368 3010 1424 etiam
3049 1369 3128 1424 ad
3158 1386 3405 1426 causam
3437 1370 3701 1442 ipsorum
3728 1386 3740 1437 ;

369 1458 522 1512 Αίτία
569 1460 672 1533 γὰρ
705 1456 789 1511 ἐπὶ
834 1460 1025 1509 τούτων
1072 1458 1103 1514 η
1164 1454 1404 1508 ἀσθένεια
1454 1462 1550 1516 τῆς
1590 1451 1828 1515 διανοίας
1872 1460 1972 1504 τῶν

2104 1469 2141 1508 n
2167 1454 2260 1509 his
2290 1454 2448 1511 enim
2478 1471 2661 1512 causa
2692 1460 2783 1512 est
2840 1456 3213 1515 imbecillitas
3244 1458 3459 1515 mentis
3503 1459 3745 1516 audien-

364 1546 673 1618 ἀκουόντων,
716 1548 895 1599 καὶτὸ
941 1550 1013 1618 μή
1049 1542 1221 1598 δοκεῖν
1264 1545 1420 1597 αὐτὸν
1466 1543 1717 1607 ἀντίθεον,
1758 1544 1827 1603 ὡς
1858 1537 1974 1593 δια-

2104 1542 2250 1609 ium,
2289 1548 2343 1598 et
2384 1559 2458 1599 ne
2503 1544 2623 1599 Deo
2655 1546 2990 1602 contrarius
3024 1546 3339 1613 videretur,
3374 1548 3527 1605 sicut
3564 1547 3745 1605 variis

365 1641 530 1712 φόρως
569 1637 863 1712 εἰρήκαμεν.

2080 1632 2139 1686 in
2167 1632 2312 1688 locis
2343 1633 2623 1688 diximus.

436 1726 554 1780 Ἐἀν
628 1757 698 1767 -
750 1724 961 1786 ἀληθής.
1040 1730 1156 1800 Χρὴ
1222 1727 1342 1785 τοὺς
1405 1726 1493 1783 τὰς
1567 1724 1704 1793 ἱερὰς
1763 1722 1971 1795 Γραφάς
2009 1740 2049 1793 Β

2156 1721 2314 1777 Vers.
2366 1722 2461 1780 3t.
2499 1722 2558 1778 Si
2609 1755 2679 1764 —
2710 1739 2934 1781 verum.
2965 1724 3202 1797 Oportet
3252 1742 3356 1783 eos
3413 1727 3517 1800 qui
3547 1743 3746 1784 sacras

367 1813 815 1887 ἀναγινώσκοντας
856 1820 942 1867 τὸν
974 1834 1027 1867 τε
1068 1817 1259 1867 σκοπόν
1313 1821 1405 1865 τοῦ
1451 1812 1677 1883 λέγοντος
1733 1815 1822 1863 καὶ
1875 1814 1967 1867 τὴν

2106 1816 2285 1879 egunt
2319 1810 2670 1882 Scripturas,
2700 1813 3089 1871 intentionem
3121 1815 3415 1887 loquentis
3446 1817 3747 1873 habitum-

363 1904 466 1967 ἕξιν
496 1912 590 1957 τοῦ
632 1903 909 1966 ἀκούοντος
947 1903 1223 1969 ἐξετάζειν,
1268 1907 1357 1954 καὶ
1406 1909 1609 1976 καιροῖς
1657 1904 1745 1951 καὶ
1794 1903 1967 1958 τόποις

2104 1915 2195 1970 [ue
2235 1900 2525 1955 audientis
2554 1903 2883 1974 exquirere,
2937 1909 3209 1975 tempora
3254 1922 3493 1978 quoque
3522 1922 3591 1963 ac
3615 1906 3745 1963 loca

364 1996 503 2047 ἔστιν
562 1996 644 2046 ὅτε
698 1998 1002 2066 προσέχειν,
1051 1998 1141 2045 καὶ
1187 1994 1253 2045 τά
1304 1988 1571 2063 ἰδιώματα
1622 1994 1964 2061 παρατηρεῖν,

2105 1989 2406 2055 ιάνθτιθνθ,
2456 1990 2697 2063 insuper
2748 1992 3042 2049 idiomata
3072 1994 3435 2051 observare:
3479 2012 3587 2051 nec
3607 1996 3746 2052 sim-

361 2088 452 2136 καὶ
496 2088 567 2156 μὴ
617 2082 790 2145 ἁπλῶς
846 2087 935 2135 καὶ
982 2082 1101 2135 καθ’
1152 2082 1238 2134 ἕνα
1282 2085 1469 2155 τρόπον
1528 2078 1722 2131 ἐπιέναι
1773 2078 1962 2146 πάντα,

2105 2078 2303 2134 pliciter
2341 2084 2397 2135 et
2446 2095 2565 2135 uno
2605 2081 2789 2137 modo
2836 2088 3052 2139 cuncta
3084 2084 3349 2153 aggredi,
3381 2085 3427 2140 si
3450 2085 3746 2155 legitimos

362 2174 407 2226 εἰ
454 2172 724 2247 βούλοιντο
772 2175 840 2225 τὰ
880 2176 1077 2243 γνήσια
1118 2175 1357 2243 νοήματα
1399 2167 1831 2240 καταλαμϐανειν,
1875 2171 1964 2218 καὶ

2108 2183 2282 2223 ensus
2330 2169 2507 2225 velint
2549 2170 3018 2243 deprehendere,
3041 2178 3097 2229 et
3143 2189 3265 2229 non
3318 2175 3379 2230 in
3420 2177 3597 2230 nudis
3624 2192 3747 2232 ma-

360 2268 433 2335 μὴ
491 2262 663 2333 ψιλοῖς
706 2269 817 2323 τοῖς
861 2262 1094 2336 ῥήμασιν
1139 2260 1482 2332 ἐναπομένειν,
1534 2263 1624 2310 καὶ
1667 2256 1965 2309 πλανᾶσθαι

2106 2272 2215 2312 iere
2256 2259 2450 2313 verbis
2471 2274 2541 2314 ac
2579 2260 2723 2327 falli,
2757 2260 2908 2316 sicut
2941 2261 3217 2318 haeretici.
3260 2263 3567 2336 Siquidem
3615 2281 3747 2337 pro-

360 2353 498 2404 κατά
554 2355 672 2411 τοὺς
723 2353 1031 2427 αἱρετικούς.
1104 2349 1298 2403 Αὐτίκα
1347 2351 1450 2421 γὰρ
1520 2350 1579 2399 τὸ
1632 2351 1963 2419 προκείμενον

2107 2347 2305 2403 »οεὶίυε
2338 2348 2537 2404 statim
2551 2364 2796 2422 campus
2819 2350 2947 2421 (nn)
2967 2352 3307 2408 thesaurum
3333 2353 3517 2409 habet
3546 2354 3748 2426 copio-

359 2445 559 2515 χωρίον
612 2443 727 2513 ἔχει
778 2444 868 2512 μὲν
939 2438 1098 2492 πολύν
1156 2441 1440 2511 θησαυρὸν,
1503 2440 1618 2508 ἔχει
1673 2432 1733 2487 δὲ
1784 2442 1962 2488 τοῦτον

2109 2453 2207 2491 um
2240 2454 2252 2491 :
2288 2437 2467 2493 habet
2506 2443 2704 2493 autem
2732 2438 2894 2494 hunc
2928 2439 3116 2496 multa
3163 2440 3446 2497 obrutum
3477 2441 3747 2498 obscuri-

357 2529 517 2602 πολλῇ
587 2533 1058 2601 κατακεχωσμένον
1114 2526 1358 2601 ἀσαφείᾳ.
1436 2531 1529 2588 Τίς
1578 2528 1679 2598 ’γὰρ
1742 2524 1836 2576 ούκ
1902 2523 1962 2576 ἂν

2106 2533 2208 2581 ate.
2244 2525 2386 2593 Quis
2412 2526 2572 2582 enim
2602 2532 2844 2599 repente
2871 2528 3095 2585 turbari
3119 2544 3240 2585 non
3261 2535 3464 2601 posset
3494 2531 3747 2589 audiens

359 2619 547 2680 εὐθέως
601 2617 915 2692 θορυϐηθείη
973 2617 1171 2670 ἀκούων
1241 2624 1333 2670 τοῦ
1389 2621 1626 2689 Χριστοῦ
1683 2613 1958 2685 λέγοντος·

2107 2615 2370 2670 :hristum
2423 2616 2766 2672 dicentem:
2809 2616 2867 2672 Si
2913 2633 3007 2688 ego
3061 2620 3442 2675 testimonium
3479 2620 3748 2691 perhibeo

356 2709 478 2761 Ἐὰν
569 2706 668 2780 ἐγὼ
731 2716 980 2782 μαρτυρῶ
1036 2711 1155 2782 περὶ
1247 2705 1497 2779 ἐμαυτοῦ,
1588 2706 1617 2763 ἡ
1698 2708 1964 2777 μαρτυρία

2103 2704 2147 2760 le
2174 2720 2258 2760 me
2284 2707 2433 2774 ipso,
2487 2707 2875 2763 testimonium
2925 2723 3108 2763 meum
3165 2724 3279 2764 non
3320 2716 3403 2765 est
3437 2724 3630 2765 verum
3652 2712 3744 2761 9‘?

359 2817 459 2868 μου
503 2797 598 2850 οὐκ
628 2800 768 2850 ἔστιν
812 2796 1049 2864 auem;
1104 2801 1203 2849 Καὶ
1240 2799 1341 2871 γὰρ
1387 2795 1540 2857 αὐτὸς
1586 2793 1786 2865 ἔλεγεν*
1832 2793 1962 2864 Ἐγώ

2105 2792 2379 2864 ιὶᾳυὶἀθω
2434 2795 2561 2866 ipse
2604 2795 2753 2851 dixit
2804 2811 2815 2849 :
2872 2796 2987 2867 Ego
3037 2814 3154 2853 sum
3212 2798 3471 2867 veritas;
3508 2799 3746 2870 quodsi

360 2888 468 2960 εἰμι
498 2890 528 2946 ἡ
563 2886 797 2945 ἀληθεια,
838 2892 936 2940 Καὶ
989 2886 1073 2938 ἐὰν
1102 2888 1133 2944 ἠ
1161 2884 1375 2944 ἀλήθεια
1419 2884 1512 2937 οὐκ
1566 2883 1787 2956 ἀληθεύῃ
1825 2882 1961 2953 (18),

2106 2884 2290 2939 'eritas
2313 2899 2521 2938 verum
2558 2899 2681 2939 non
2710 2884 2994 2957 loquitur,
3018 2887 3296 2958 quisnam
3327 2887 3434 2943 erit
3463 2888 3571 2959 qui
3604 2904 3747 2945 vera

358 2982 441 3040 τίς
505 2976 821 3043 ἀληθεύσει;
882 2976 1000 3030 Ἑάν
1053 2976 1087 3027 ἃ
1136 2979 1250 3047 περὶ
1312 2974 1500 3027 ἑαυτοῦ
1569 2975 1963 3047 μεμαρτύρηκεν

2104 2978 2354 3045 oquatur
2385 2973 2411 3027 ?
2441 2974 2497 3028 Si
2529 2989 2665 3045 qua:
2704 2974 2778 3029 de
2813 2974 3013 3046 seipso
3075 2975 3424 3032 testiﬁcatus
3459 2981 3562 3042 est,
3608 2992 3745 3033 vera

359 3070 456 3119 οὔκ
501 3066 631 3119 εἰσιν
662 3065 851 3137 ἀληθῆ,
893 3069 1101 3127 πάντως
1143 3068 1351 3137 οἵχεται
1403 3065 1527 3136 ἡμῖν
1584 3067 1643 3115 τό
1691 3062 2000 3153 κεφαλαιονΙ

2098 3078 2197 3117 ion
2220 3068 2377 3130 sunt,
2408 3062 2580 3118 nobis
2598 3062 2832 3119 omnino
2857 3064 3460 3137 peritpraadicationis
3476 3082 3739 3123 summa.

353 3163 447 3208 τοῦ
504 3158 859 3230 κηρύγματος.
926 3153 1037 3208 Ἵνα
1109 3156 1210 3227 γὰρ
1280 3153 1511 3226 ἐάσωμεν
1585 3152 1745 3204 τοῖλλα
1801 3156 1965 3224 μυρία

2101 3156 2315 3221 iam,ut
2332 3159 2544 3208 caetera
2562 3153 2993 3225 sinamus,quae
3008 3159 3144 3208 sunt
3162 3154 3479 3211 innumera
3491 3155 3742 3211 ettidem

352 3248 478 3298 ὅντα
526 3250 616 3298 καὶ
668 3246 948 3297 συνεκτικά
999 3252 1095 3305 τῆς
1164 3248 1413 3307 πίστεως,
1492 3249 1593 3294 ποῦ
1650 3243 1876 3313 θήσομεν
1930 3238 1965 3291 ἂ

2101 3242 2474 3313 ιοῐιῐίηεθηῐὶει
2507 3257 2519 3296 :
2551 3241 2798 3298 ubinam
2821 3258 3119 3315 ponemus
3146 3259 3218 3299 ea
3235 3260 3371 3316 quae
3388 3244 3571 3316 paulo
3603 3250 3742 3301 ante

350 3338 453 3407 πρὸ
497 3333 733 3410 βραχέος
761 3333 1090 3410 ἐμαρτύρησε
1140 3337 1259 3408 περὶ
1285 3332 1491 3398 ἑαυτοῦ,
1540 3333 1621 3383 ὅτι
1677 3334 1792 3391 Υἱός
1845 3331 1961 3383 ἐστι

2101 3331 2145 3385 le
2168 3332 2370 3403 seipso
2402 3330 2745 3386 testificatus
2768 3336 2873 3401 est,
2907 3332 3074 3404 quod
3104 3332 3285 3388 Filius
3317 3333 3389 3389 sit
3416 3333 3538 3401 Dei,
3574 3334 3742 3407 quod

350 3432 443 3478 τοῦ
477 3432 631 3490 Θεοῦ,
667 3427 744 3477 ὅτι
773 3428 892 3486 ἶσος
931 3423 1070 3495 αύτῷ
1100 3425 1412 3494 κατὰφύσιν
1460 3425 1551 3473 καὶ
1604 3417 1826 3492 δύναμιν
1868 3424 1959 3471 καὶ

2096 3422 2318 3492 equalis
2348 3420 2429 3475 illi
2476 3426 2709 3483 natura,
2764 3422 3028 3492 potentia
3059 3427 3115 3477 et
3154 3422 3460 3479 voluntate
3519 3440 3533 3489 ;
3570 3424 3737 3496 quod

354 3514 585 3579 θέλησιν,
617 3515 697 3568 ὅτι
729 3511 1077 3590 δημιουργὸς,
1113 3514 1194 3567 ὃτι
1234 3513 1503 3583 ζωοποιὸς,
1539 3511 1618 3562 ὅτι
1657 3514 1836 3583 κριτὴς
1868 3512 1958 3561 καὶ

2098 3516 2320 3573 :reator,
2352 3509 2517 3583 quod
2548 3510 2889 3577 viviﬁcator,
2917 3511 3079 3584 quod
3106 3511 3294 3583 judex
3324 3512 3560 3586 aliaque
3583 3513 3739 3569 simi'

349 3606 453 3658 ὅσα
478 3612 697 3657 τοιαῦτα
719 3621 732 3671 ;
2067 3599 2147 3655 lia
2178 3600 2205 3655 ?

420 3699 485 3747 Τί
532 3690 619 3747 οὖν
675 3696 816 3747 ἔστιν
870 3693 1066 3759 simia;
1122 3690 1262 3756 Ὅτι,
1329 3686 1512 3749 ἐπειδὴ
1565 3697 1785 3743 τοιαῦτα
1836 3694 1955 3763 περὶ

2139 3689 2289 3754 Quid
2323 3706 2462 3761 ergo
2515 3688 2839 3745 dicendum
2890 3689 3031 3746 est?
3062 3690 3232 3756 Quod
3288 3691 3432 3765 quia
3475 3692 3614 3748 talia
3664 3691 3738 3750 de

348 3783 536 3837 ἑαυτοῦ
584 3789 929 3857 μαρτυρήσας
989 3785 1118 3854 ἔγνω
1183 3786 1303 3843 τοὺς
1352 3778 1642 3841 Ἰουδαίους
1710 3778 1953 3852 ἐνθυμου-

2101 3781 2267 3850 eipso
2343 3779 2690 3835 testiﬁcatus
2744 3780 2954 3846 fuerat,
3011 3780 3294 3849 cognovit
3347 3781 3587 3838 Judaaos
3634 3781 3738 3839 ha-

347 3878 531 3947 μένους
580 3872 861 3926 ἀντιθεῖναι
898 3877 988 3926 καὶ
1020 3873 1197 3938 εἰπεῖν,
1231 3874 1312 3924 ὃτι
1366 3872 1474 3943 (19)
1526 3874 1644 3922 Ἐἀν
1706 3874 1770 3922 σὺ
1823 3889 1955 3942 μαρ-

2093 3887 2203 3925 iere
2229 3869 2282 3923 in
2307 3869 2509 3925 animo
2555 3885 2854 3940 opponere
2885 3886 2947 3924 se
2995 3871 3045 3924 ei
3088 3886 3156 3926 ac
3186 3870 3380 3926 dicere
3416 3888 3427 3925 :
3476 3871 3531 3927 Si
3562 3877 3621 3927 tu
3654 3878 3734 3929 te-

345 3972 510 4038 τυρῇς
532 3967 648 4039 περὶ
708 3970 929 4016 σεαυτοῦ
959 3962 1104 4036 ('20),
1145 3964 1174 4019 ἡ
1210 3965 1478 4034 μαρτυρία
1524 3980 1618 4013 σου
1664 3960 1759 4012 οὐκ
1811 3963 1953 4011 ἔστιν

2101 3959 2411 4015 timonium
2442 3958 2716 4030 perhibes
2756 3959 2831 4014 de
2863 3959 3071 4031 teipso,
3129 3959 3533 4016 testimonium
3567 3966 3736 4018 tuum

347 4052 563 4113 ἀληθής.
606 4049 795 4113 Οὐδεὶς
849 4055 950 4128 γὰρ
1001 4052 1167 4122 ἑαυτῴ
1223 4059 1500 4126 μαρτυρῶν
1551 4048 1852 4111 ἀξιόπιστος
1906 4048 1953 4100 ἐν

2096 4066 2185 4103 ιοῐι
2210 4052 2297 4102 est
2324 4064 2554 4103 verum.
2588 4048 2776 4101 Nemo
2809 4047 3130 4119 siquidem,
3163 4049 3264 4120 qui
3296 4049 3370 4103 de
3402 4051 3601 4122 seipso
3631 4050 3737 4107 fert

348 4142 643 4217 ἀνθρώποις
694 4139 765 4195 δι’
816 4141 1047 4212 ὑποψίαν
1104 4141 1411 4211 φιλαυτίας·
1464 4138 1712 4213 προελαϐε
1768 4144 1858 4191 καὶ
1885 4136 1953 4191 εἶ-

2092 4138 2493 4203 estimonium,
2521 4135 2866 4205 ﬁdedignus
2885 4142 2971 4191 est
2989 4136 3150 4207 apud
3174 4138 3468 4208 homines,
3500 4146 3733 4210 propter

344 4251 438 4286 παν
506 4232 532 4284 ὃ
608 4231 811 4305 ἔμελλον
878 4232 1037 4284 εἰπεῖν
1121 4230 1322 4300 ἐκεῖνοι,
1405 4229 1566 4301 λέγων
1596 4246 1608 4258 ·
1676 4228 1792 4281 Ἐἀν
1856 4228 1954 4300 ἐγὼ

2091 4228 2473 4299 ,υερίοὶοῐιθω
2506 4227 2579 4281 de
2612 4225 2798 4281 nimio
2821 4226 2909 4280 sui
2945 4224 3133 4297 ipsius
3155 4242 3380 4292 amore,
3414 4226 3548 4282 ideo
3582 4244 3732 4299 prae-

348 4330 598 4396 μαρτυρῶ
663 4326 783 4394 περὶ
869 4322 1116 4394 ἐμαυτοῦ,
1209 4321 1239 4378 ἠ
1328 4324 1594 4395 μαρτυρία
1658 4338 1758 4390 μου
1862 4318 1956 4371 ούκ

2086 4317 2228 4372 venit
2284 4333 2350 4372 ac
2402 4316 2567 4381 dixit,
2618 4315 2775 4387 quod
2838 4314 2920 4369 illi
2970 4314 3181 4370 dicturi
3230 4321 3415 4379 erant,
3457 4316 3662 4371 dicens
3715 4332 3727 4369 :

349 4415 490 4465 ἔστιν
549 4410 764 4475 ἀληθὴς,
820 4411 885 4471 ὡς
941 4410 1063 4482 ύμῖν
1119 4406 1297 4461 δοκεῖ’
1354 4414 1445 4462 καὶ
1498 4408 1675 4461 λοιπὸν
1731 4409 1957 4480 παράγει

2093 4407 2124 4460 :z'
2144 4421 2247 4475 ego
2274 4405 2661 4463 testimonium
2681 4403 3041 4473 per/iibeode
3067 4419 3151 4460 me
3181 4405 3734 4474 ipso,testimonium

351 4503 641 4577 μάρτυρας,
730 4498 1163 4572 συγκαταϐαίνων
1238 4497 1507 4551 κάνταῦθα
1580 4505 1640 4570 τῇ
1718 4497 1958 4569 ἀσθενείᾳ

2093 4471 2247 4552 neum
2288 4511 2408 4551 non
2448 4500 2527 4550 est
2558 4471 2781 4557 veram,
2824 4501 2884 4548 ut
2919 4492 3077 4548 vobis
3109 4498 3381 4565 apparet.
3424 4495 3627 4567 Itaque
3656 4502 3734 4549 te-

352 4590 419 4644 αύ
432 4599 545 4659 τῶν,
576 4594 668 4643 καὶ
689 4588 744 4642 ἐκ
769 4593 1075 4666 περιουσίας
1105 4587 1452 4662 ἐπιστομίζων
1474 4587 1685 4650 αύτούς.

2090 4588 2187 4640 ιίθε
2214 4584 2472 4649 adducit,
2500 4584 2681 4639 etiam
2710 4585 2769 4638 in
2794 4583 2907 4639 hoc
2931 4599 2994 4639 se
3017 4582 3336 4639 demittens
3366 4584 3444 4639 ad
3466 4583 3731 4641 imbecil-

2066 4675 2292 4731 litatem
2332 4673 2592 4738 illorum,
2634 4677 2687 4728 et
2718 4688 2790 4728 ex
2830 4671 3163 4729 abundanti
3195 4673 3472 4729 cautione
3530 4672 3638 4746 (oo)
3663 4674 3735 4730 si-

2065 4764 2318 4822 lentium
2350 4762 2461 4818 illis
2491 4762 2836 4835 imponens.

423 4900 472 4936 ’⁸
502 4900 670 4958 Joan.
702 4912 823 4968 xw,
859 4900 911 4953 6.

1551 4982 1777 5052 Variae
1814 4982 2146 5052 lectiones
2187 4988 2252 5050 et
2282 4989 2488 5048 notae.

426 5159 539 5232 (t7)
566 5155 866 5232 Hicaddit
890 5160 942 5232 A_
968 5172 982 5214 :
1008 5158 1079 5232 Τὸ
1110 5152 1228 5231 ίμόν
1253 5172 1267 5190 ο
1297 5149 1420 5208 ούδὶ
1447 5153 1549 5230 γὰρ
1582 5153 1690 5226 ἔχω
1736 5153 1953 5229 Θελημα.

1842 5174 1953 5229 πμα.
2138 5151 2253 5232 (is)
2286 5152 2350 5232 ξι
2369 5147 2429 5232 id
2459 5163 2604 5232 sane
2629 5144 2785 5232 infra
2811 5161 2933 5215 Vill,
2968 5148 3053 5214 13,
3082 5144 3135 5203 ei
3156 5149 3483 5220 opponunt.

351 5222 450 5288 Bis
469 5222 612 5302 ergo
640 5230 803 5303 idem
834 5228 1091 5303 scripsit.
1133 5222 1144 5231 ’
1456 5222 1465 5227 ’
1520 5222 1530 5230 ’
1603 5222 1643 5226 ’θ
1859 5222 1869 5229 ’

1063 5243 1091 5285 ἰ.
1133 5222 1144 5231 ’
1456 5222 1465 5227 ’
1520 5222 1530 5230 ’
1603 5222 1643 5226 ﬂ
1859 5222 1869 5229 ’
2146 5222 2258 5298 (20)
2293 5228 2416 5299 Περὶ
2447 5222 2606 5275 αὐτοῦ
2637 5226 2704 5275 Α.

426 5304 539 5376 (18)
576 5302 845 5360 ’Δληθεύει
872 5308 936 5355 Α.

427 5481 555 5553 (nn)
599 5480 878 5550 Campus.
925 5480 1134 5536 Locus.
1168 5480 1371 5551 Χωρίον
1422 5474 1656 5553 dicitur,
1690 5474 1959 5553 ut__l_.ati-
2082 5548 2108 5553 _
2140 5441 2252 5547 (oo)
2275 5468 2726 5553 Egr_abundanti
2749 5473 3035 5553 cautione.
3069 5450 3373 5553 ζίαιιίίοςιθ,
3405 5474 3525 5553 non
3553 5473 3640 5528 est
3666 5468 3727 5527 in

354 5540 502 5609 num
536 5540 722 5621 locus,
746 5540 831 5608 'eo
873 5566 1089 5621 sensu,
1126 5556 1189 5605 ut
1226 5540 1389 5607 notet
1437 5540 1651 5606 locum
1685 5551 1744 5606 in
1784 5549 1955 5606 libro.
2072 5540 2293 5604 Griec'o.
2332 5546 2429 5602 Ἐκ
2475 5548 2779 5619 περιουσίας
2808 5544 2952 5599 satis
2984 5547 3125 5601 nota
3156 5549 3241 5599 est
3270 5540 3548 5599 formula.

356 5624 583 5681 Eodem
609 5620 792 5681 medo
816 5620 975 5699 ῥῆσις
1002 5620 1340 5678 adhibetur.

650 5722 870 5780 ΡΑτῆοι
905 5722 1005 5777 Ga.
1049 5718 1266 5776 CXXIX
1279 5763 1294 5781 .
3372 5710 3442 5768 39
