4156 6402
511 258 646 324 i227

508 499 665 548 rum,
690 497 812 537 non
845 482 1016 553 quasi
1046 480 1407 537 afﬁrmando
1427 481 1588 544 dixit,
1617 481 1718 536 sed
1760 483 1910 552 quod
1942 482 2019 537 illi
2058 484 2171 538 hoc

510 572 707 627 dicere
737 578 1038 643 pararent.
1070 572 1240 636 Quod
1272 576 1467 627 autem
1510 572 1634 626 haec
1659 572 1741 626 ita
1782 589 1845 628 se
1884 572 2169 636 habeant,

508 661 646 716 inde
699 660 1083 715 manifestum
1148 664 1257 713 est.
1293 661 1439 715 Cum
1472 660 1629 713 enim
1670 661 1726 714 in
1781 661 2172 732 sequentibus

494 750 745 805 'locutus
770 748 976 805 fuisset
1003 748 1207 804 dicens
1258 765 1268 803 :
1304 749 1428 819 Ego
1460 765 1589 804 sum
1623 751 1733 805 tua:
1757 750 1967 805 mundi
1998 752 2066 815 9⁵,
2096 749 2177 803 di-

512 838 786 892 centibus
813 836 1124 892 Pharisteis
1160 853 1172 891 :
1197 837 1357 891 Tuda
1385 838 1969 905 tez'psotest-imonium
1984 838 2179 907 perhi-

516 928 629 993 bes,
665 927 1053 982 testimonium
1086 932 1249 982 tuum
1282 942 1399 982 non
1431 934 1513 981 est
1530 943 1733 983 verum
1758 927 2179 983 “contradixit

513 1018 719 1073 dicens
748 1033 759 1070 :
790 1017 919 1071 Etsi
947 1032 1039 1086 ego
1067 1016 1462 1072 testimonium
1520 1017 1796 1085 perhibeo
1841 1016 1908 1072 de
1945 1018 2175 1087 meipso.

515 1106 900 1162 testimonium
944 1122 1127 1160 meum
1162 1121 1367 1161 verum
1402 1112 1486 1160 est
1516 1108 1591 1160 97.
1632 1106 2002 1161 Manifestum
2035 1121 2177 1173 ergo

515 1200 624 1265 est,
683 1194 849 1267 quod
900 1193 1047 1248 illud
1113 1193 1503 1265 appositionis
1564 1194 1804 1251 illorum
1868 1201 2011 1256 erat,
2064 1194 2176 1248 hoc

518 1289 720 1339 autem
772 1283 1107 1339 intellectus
1178 1283 1327 1352 ejus.
1375 1283 1685 1355 Siquidem
1736 1283 1815 1337 illi
1865 1283 2172 1354 putabant,

517 1391 657 1430 eum
703 1389 822 1429 non
854 1389 983 1428 esse
1032 1372 1150 1427 ﬁde
1182 1372 1457 1442 dignum,
1488 1375 1589 1444 qui
1616 1376 1689 1428 de
1727 1390 1787 1427 se
1828 1374 1957 1445 ipso
2003 1373 2176 1428 ferret

515 1463 947 1529 testimonium,
973 1469 1172 1534 utpote
1204 1463 1509 1517 hominem
1536 1464 1695 1534 ;ipse
1722 1479 1862 1517 vero
1889 1480 1919 1517 e
1941 1463 2174 1517 diverso

518 1570 649 1610 sese
677 1554 791 1608 ﬁde
821 1553 1071 1622 dignum
1101 1553 1267 1612 dixit.
1326 1558 1612 1623 tanquam
1667 1556 1870 1607 Deum.
1906 1552 2172 1607 Primum

515 1642 989 1715 itaquedissolvit
1019 1642 1687 1713 excogitatamipsorum
1709 1642 2172 1713 oppositionem,

1842 254 2185 319 EUTHYMII
2229 252 2561 320 ZlGABENl

582 392 751 458 Quod
778 406 921 461 ergo
952 391 1026 447 ait
1069 407 1079 444 :
1121 388 1529 449 Testimonium
1586 406 1778 448 meum
1812 409 1926 449 non
1965 400 2046 449 est
2080 408 2170 449 ve-
2203 395 2249 448 A

3750 262 3872 320 l228

2357 392 2519 445 Ὥστε
2559 395 2636 457 τό,
2678 390 2733 443 Ἠ
2768 393 3034 463 μαρτυρία
3069 408 3169 462 μου
3201 388 3295 441 ούκ
3341 389 3477 441 ἔστιν
3526 386 3733 458 ἀληθὴς,
3775 390 3873 461 οὐχ

2278 485 2349 543 ὡς
2394 482 2801 553 ἀποφαινόμενος
2829 476 2983 544 εἶπεν,
3039 477 3144 530 ἀλλ’
3194 480 3260 539 ὡς
3300 477 3495 530 ἐκείνων
3541 485 3689 531 τοῦτο
3728 480 3872 531 εἰπεῖν

2284 571 2692 643 ἐνθυμουμένων.
2740 569 2860 621 ’Ότι
2919 565 2978 620 δι
3046 568 3210 626 ἀληθῆ
3273 576 3461 632 ταῦτα,
3521 564 3677 627 δῆλον
3724 567 3875 621 ἐντεῦ-

2288 665 2387 715 θεν.
2479 661 2618 712 Ἐπεὶ
2692 661 2793 731 γὰρ
2889 662 3082 730 προῖὼν
3168 659 3386 715 ἐλάλησε
3472 659 3664 728 λέγων’
3749 659 3874 729 Ἐγὼ

2287 752 2392 823 εἰμι
2445 753 2501 802 τὸ
2557 758 2662 820 φῶς
2712 756 2805 799 τοῦ
2861 753 3084 819 κόσμου,
3142 752 3232 799 καὶ
3300 749 3367 799 τὰ
3416 746 3570 809 ἐξῆςο
3646 747 3874 800 εἰπόντων

2889 662 3082 730 προῖὼν
3168 656 3386 715 ἐλάλησε
3472 657 3628 728 λέγων
3652 675 3664 687 ’

2286 848 2386 891 τῶν
2467 842 2786 912 Φαρισαίων,
2887 841 2953 889 Σὺ
3055 841 3174 908 περὶ
3265 844 3485 889 σεαυτοῦ
3574 843 3871 910 μαρτυρεῖς·

2287 932 2317 987 ἡ
2373 932 2639 1003 μαρτυρία
2687 946 2781 979 σου
2841 926 2936 978 οῦκ
3011 929 3153 977 ἔστιν
3207 925 3433 985 ἀληθής·
3500 925 3723 989 ἀντεῖπε,
3777 924 3873 978 Κάν

3363 1014 3557 1075 ἀληθής
3648 1013 3783 1067 ἇστιν
3843 1017 3870 1073 ἡ

2288 1112 2552 1180 μαρτυρία
2608 1125 2729 1177 μου.
2794 1101 3066 1179 Πρόδηλον
3133 1102 3219 1156 οὖν
3286 1106 3367 1157 ὃτι
3429 1104 3585 1157 ἐκεῖνο
3650 1106 3737 1175 μὲν
3786 1112 3876 1167 τῆς

2288 1017 2387 1088 ἐγὼ
2467 1025 2716 1089 μαρτυρῶ
2813 1021 2930 1088 περὶ
3018 1014 3266 1087 ἐμαυτοῦ,

2287 1194 2486 1247 ἐκείνων
2520 1194 2825 1256 ἀντιθέσεως
2852 1192 2913 1253 ἧν
2940 1211 2951 1224 ·
2999 1201 3153 1247 τοῦτο
3182 1190 3240 1246 δε
3281 1201 3373 1254 τῆς
3421 1196 3605 1247 τούτου
3658 1199 3872 1266 γνώμης.

2287 1289 2500 1337 Ἐκεῖνοι
2557 1288 2645 1356 μὲν
2702 1286 2803 1357 γὰρ
2858 1289 3016 1355 ᾤοντο
3073 1288 3145 1356 μὴ
3206 1282 3509 1346 ἀξιόπιστον
3549 1283 3702 1335 αὐτὸν
3755 1280 3876 1335 εἶναι

2284 1379 2403 1445 περὶ
2466 1374 2647 1426 ἑαυτοῦ
2703 1381 3067 1447 μαρτυροῦντα
3138 1376 3201 1434 ὡς
3257 1375 3561 1448 ἄνθρωπον·
3624 1372 3765 1433 οὗτος
3823 1369 3877 1425 δε

2285 1463 2577 1515 τούναντίον
2634 1463 2797 1535 ἔλεγεν
2856 1462 3161 1525 ἀξιόπιστον
3207 1464 3389 1515 ἑαυτὸν
3437 1466 3501 1523 ὡς
3554 1467 3692 1516 Θεόν.
3736 1469 3878 1536 Πρῶ-

2284 1572 2370 1604 τον
2436 1555 2525 1624 μὲν
2593 1549 2679 1604 οὖν
2750 1552 3000 1605 κατέλυσε
3053 1558 3146 1611 τὴν
3208 1552 3558 1625 μελετωμένην
3631 1551 3876 1604 ἀντίθεσιν

2286 1642 2474 1708 αὐτῶν,
2536 1641 2690 1694 εἰπὼν
2743 1643 2863 1713 ὅπερ
2922 1641 3079 1693 εἰπεῖν
3147 1640 3501 1714 ἐνεθυμοῦντο,
3553 1645 3643 1693 καὶ
3712 1637 3877 1703 δείξας

516 1733 724 1789 dicens
748 1733 806 1787 id
831 1731 996 1804 quod
1022 1731 1133 1803 ipsi
1177 1732 1371 1785 dicere
1417 1732 1733 1802 parabant,
1769 1738 1822 1786 et
1853 1732 2173 1787 ostendens

2286 1732 2366 1782 ὅτι
2394 1737 2642 1802 γινώσκει
2672 1732 2768 1792 τὰς
2798 1727 3037 1791 διανοίας
3090 1731 3277 1782 αὐτῶν·
3327 1728 3439 1783 εἶτα
3486 1736 3577 1784 καὶ
3620 1732 3879 1804 μάρτυρας

514 1823 680 1895 quod
694 1822 1079 1891 cogitationes
1100 1836 1305 1876 eorum
1328 1827 1731 1890 cognosceret.
1760 1821 1982 1875 Deinde
1996 1823 2171 1876 etiam

513 1917 691 1968 testes
723 1911 967 1967 adducit
988 1910 1351 1974 manifestos,
1387 1916 1442 1965 et
1470 1911 1692 1981 quibus
1719 1911 2043 1965 contradici
2075 1927 2173 1965 ne-

513 2006 694 2074 queat
717 2002 1061 2063 :Joannem,
1078 2015 1261 2071 opera
1284 2000 1621 2070 propria,ac
1638 1999 1894 2054 Patrem.
1910 2000 2173 2055 Primum

514 2097 714 2147 autem
746 2091 915 2161 ponit
961 2089 1212 2144 debilius
1266 2090 1666 2143 testimonium
1711 2096 1853 2160 puta
1893 2090 2163 2145 Joannis.

583 2181 749 2235 Vers.
800 2182 886 2235 3'2.
921 2178 1075 2232 Atius
1102 2209 1170 2217 —
1208 2194 1316 2233 me.
1349 2178 1480 2232 Scio
1536 2179 1718 2241 hunc,
1753 2179 1963 2249 inquit,
2015 2179 2175 2249 quod

514 2270 678 2342 apud
704 2284 916 2324 omnes
949 2268 1023 2323 sit
1047 2267 1165 2323 ﬁde
1195 2267 1439 2336 dignus,
1470 2283 1687 2340 nempe
1729 2268 2019 2339 propheta
2053 2268 2173 2336 Dei,

511 2366 568 2415 et
597 2359 770 2415 aDeo
813 2358 1129 2428 accipiens,
1165 2374 1302 2429 quae
1338 2357 1617 2428 loquitur.
1656 2357 1899 2422 Deinde,
1933 2373 2006 2412 ne
2039 2358 2172 2429 quis

511 2454 781 2521 opponat
808 2448 1014 2503 dicens
1048 2462 1059 2501 :
1107 2446 1260 2512 Quid
1290 2446 1332 2500 si
1368 2447 1445 2502 ad
1476 2447 1728 2515 gratiam
1762 2447 2173 2503 testimonium

508 2537 811 2611 perhibuit
839 2535 867 2589 ?
896 2536 1052 2591 hanc
1078 2537 1256 2591 etiam
1289 2535 1434 2590 tollit
1462 2536 1858 2606 objectionem
1914 2536 2121 2591 dicens
2156 2551 2168 2591 :

580 2629 739 2682 Vers.
769 2626 854 2681 33.
896 2626 997 2680 Vos
1026 2657 1095 2664 —
1125 2626 1389 2681 veritati.
1442 2625 1505 2679 In
1541 2625 1877 2696 primordiis
1913 2625 2173 2698 Evange-

507 2715 568 2771 lii
596 2716 686 2771 sui
716 2721 854 2788 post
880 2730 1217 2770 sermonem
1252 2714 1325 2770 de
1354 2715 1473 2770 Deo
1500 2716 1796 2781 habitum,
1830 2716 1971 2770 dixit
1995 2732 2172 2771 evan-

508 2805 716 2875 gelista
744 2822 755 2858 :
799 2804 1299 2861 Miseruntludtei
1325 2805 1400 2860 ab
1412 2805 2171 2875 Hierosolymissacerdotes

506 2904 555 2951 et
591 2896 797 2951 levitas
821 2902 884 2950 ut
915 2896 1341 2966 interrogarent
1373 2911 1504 2950 eum
1536 2912 1547 2950 :
1583 2897 1666 2949 Tu
1699 2896 1825 2967 quis
1855 2912 1908 2951 es
1939 2899 1967 2950 ?
1990 2901 2046 2950 et
2072 2912 2174 2954 cae-

504 2992 629 3041 tera
660 2986 727 3039 93.
762 2987 922 3039 Tunc
950 2999 1092 3055 ergo
1133 2984 1321 3039 multa
1346 2991 1402 3040 et
1437 3000 1661 3054 magna
1700 2985 2054 3040 testiﬁcatus
2082 2991 2173 3039 est

2283 1822 2506 1895 παράγει
2539 1827 2718 1891 σαφεῖς
2744 1823 2832 1870 καὶ
2866 1817 3273 1894 ἀναντιῤῥήτους
3315 1828 3475 1893 τρεῖς,
3514 1824 3595 1873 τὸν
3628 1820 3875 1878 Ἰωάννην,

2283 1912 2349 1961 τὰ
2384 1910 2549 1961 οἰκεῖα
2580 1911 2724 1983 ἔργα,
2759 1913 2848 1961 καὶ
2877 1913 2963 1961 τὸν
2989 1913 3213 1983 Πατέρα·
3248 1916 3467 1984 Πρωτην
3498 1907 3558 1962 δε
3582 1911 3764 1967 τίθησι
3791 1913 3879 1967 τὴν

2285 1997 2471 2051 ἐλάττω
2500 2003 2812 2072 μαρτυρίαν,
2847 2003 2940 2057 τὴν
2968 1999 3224 2053 Ἰωάννου.

2356 2177 2536 2238 ’Ἄλλος
2583 2209 2652 2217 -
2708 2176 2852 2249 ἐμοῦ.
2914 2174 3054 2230 Οἶδα
3110 2186 3285 2244 τοῦτο,
3343 2184 3495 2251 φησὶ,
3556 2175 3696 2231 διότι
3744 2180 3881 2252 παρά

2283 2268 2486 2317 πάντων
2530 2269 2645 2337 ἔχει
2689 2269 2745 2319 τό
2796 2265 3118 2335 ἀξιόπιστον,
3176 2271 3244 2329 ὡς
3290 2274 3563 2342 προφήτης
3620 2275 3751 2321 Θεοῦ
3795 2272 3879 2319 καὶ

2285 2355 2385 2406 ὑπὸ
2443 2360 2569 2407 Θεοῦ
2623 2355 2972 2429 ἐνηχούμενος
3027 2356 3063 2408 ἃ
3118 2359 3416 2428 φθέγγεται.
3478 2354 3604 2411 Εἶτα
3677 2358 3758 2409 ἱνα
3810 2360 3876 2429 μὴ

2286 2442 2551 2503 ἀντιθήσει
2594 2464 2705 2506 τις⁹
2739 2450 2801 2497 Τί
2849 2442 2957 2511 οὖν,
3008 2446 3053 2497 εἰ
3099 2450 3225 2520 πρὸς
3268 2449 3431 2520 χάριν
3480 2449 3878 2522 μεμαρτύρηκε;

2283 2541 2589 2608 προαναιρεῖ
2611 2540 2696 2587 καὶ
2730 2538 2923 2592 ταύτην
2956 2540 3048 2593 τὴν
3080 2534 3359 2602 ἀντίθεσιν,
3390 2535 3569 2608 λέγων.

2353 2624 2517 2695 Ὑμεῖς
2594 2654 2661 2665 -
2726 2622 2962 2697 ἀληθείᾳ.
3049 2626 3127 2678 Ἐν
3216 2631 3529 2698 προοιμίοις,
3598 2629 3729 2699 μετὰ
3792 2630 3879 2684 τὴν

2286 2713 2549 2785 θεολογίαν
2605 2720 2762 2784 φησὶν
2806 2716 2831 2766 ό
2875 2713 3268 2786 εύαγγελιστής,
3320 2717 3403 2767 ὅτε
3451 2716 3567 2787 (21)
3620 2716 3879 2768 Ἀπέστει-

2282 2800 2372 2853 λαν
2439 2804 2487 2854 οἱ
2552 2800 2806 2856 Ἰουδαῖοι
2860 2803 2912 2867 ἐξ
2967 2804 3336 2879 Ἱεροσολύμων
3402 2807 3557 2880 ἱερεῖς
3615 2810 3704 2858 καὶ
3761 2812 3880 2858 Λευ-

2284 2893 2398 2953 ίτας
2461 2893 2542 2944 ἶνα
2606 2891 2937 2966 ἐρωτήσωσιν
2996 2894 3173 2962 αὐτὸν,
3237 2898 3303 2946 Σὺ
3377 2900 3456 2957 τίς
3522 2893 3601 2961 εἶ;
3667 2899 3756 2947 καὶ
3823 2898 3883 2946 τὰ

2284 2981 2439 3043 ἑξῆς·
2481 2986 2596 3034 τότε
2638 2978 2726 3033 οὖν
2777 2981 3106 3056 ἐμαρτύρησε
3152 2988 3271 3059 περὶ
3317 2990 3409 3036 τοῦ
3454 2992 3691 3059 Χριστοῦ
3727 2983 3882 3036 πολλὰ

504 3073 575 3129 de
597 3075 843 3131 Christo.
879 3075 1013 3129 Ideo
1048 3090 1207 3129 nunc
1255 3075 1443 3130 dicit:
1496 3074 1612 3130 Vos
1654 3074 1899 3129 misistis
1944 3075 2022 3129 ad
2069 3076 2170 3129 Jo-

2282 3075 2372 3121 καὶ
2420 3070 2641 3141 μεγάλα.
2699 3074 2795 3123 Διά
2853 3080 3007 3124 τοῦτο
3055 3071 3191 3143 λέγει
3239 3080 3347 3141 νῦν,
3401 3072 3569 3145 ’Υμεῐς
3627 3072 3881 3126 ἀπεστάλ-

504 3180 746 3230 annem,
776 3164 1207 3234 interrogantes
1238 3180 1375 3219 eum
1408 3181 1425 3222 :
1457 3180 1577 3219 non
1607 3169 1807 3220 autem
1842 3165 2168 3231 misissetis,

503 3252 622 3309 nisi
646 3270 781 3308 eum
823 3253 940 3307 fide
963 3253 1215 3322 dignum
1245 3252 1680 3322 cognovissetis
1715 3270 1728 3319 ;
1765 3253 2170 3309 testimonium

502 3358 646 3414 ergo
677 3342 805 3413 ejus
826 3342 1087 3398 refellere
1105 3358 1227 3399 non
1259 3343 1532 3415 potestis.

573 3522 737 3578 Vers.
766 3524 853 3578 34.
907 3523 1023 3593 Ego
1053 3552 1118 3562 —
1150 3521 1393 3592 accipio.
1456 3522 1577 3577 Hoc
1639 3525 1744 3585 est,
1791 3522 2052 3578 humano
2091 3527 2170 3577 te-

500 3611 782 3668 stimonio
809 3627 931 3667 non
956 3611 1223 3680 indigeo,
1251 3627 1389 3666 cum
1417 3612 1527 3665 sim
1562 3612 1734 3666 Deus.
1774 3614 1834 3666 Et
1858 3612 2169 3684 quomodo

502 3700 563 3755 in
595 3700 1000 3756 testimonium
1032 3699 1282 3755 adduxit
1309 3702 1622 3765 Joannem,
1652 3700 1750 3772 qui
1776 3702 1960 3756 homo
1988 3701 2166 3756 erat?

500 3790 772 3845 Primum
803 3790 1064 3861 quidem,
1117 3789 1263 3861 quia
1294 3790 1703 3846 testimonium
1734 3791 1863 3861 ejus
1888 3806 2009 3845 non
2042 3795 2167 3845 erat

502 3880 712 3952 ipsius,
747 3879 847 3933 sed
880 3878 1000 3933 Dei.
1032 3880 1122 3934 Ait
1149 3880 1309 3933 enim
1343 3897 1355 3934 :
1394 3880 1503 3945 Qui
1540 3882 1688 3936 misit
1732 3896 1823 3935 me
1854 3880 1934 3936 ad
1980 3881 2167 3948 bapti-

502 3970 751 4025 zandum
776 3969 837 4023 in
864 3984 1036 4039 aqua,
1066 3969 1338 4036 ipsemihi
1361 3970 1520 4026 dixit
1547 3971 1617 4024 99.
1641 3969 1861 4026 Deinde
1889 3974 1943 4026 et
1982 3970 2165 4026 aliam

503 4060 673 4131 ponit
701 4074 968 4114 causam.
1002 4058 1146 4113 Vide
1186 4058 1366 4113 enim.

577 4148 738 4204 Vers.
770 4152 857 4203 34.
888 4148 1005 4205 Sed
1035 4179 1099 4188 —
1139 4148 1289 4204 salvi
1319 4149 1467 4203 sitis.
1519 4151 1642 4204 Non
1677 4150 1837 4221 quod
1868 4149 2160 4214 humano,

504 4238 717 4311 inquit,
751 4255 959 4310 egeam
988 4239 1346 4304 testimonio,
1377 4238 1481 4293 sed
1526 4238 1600 4293 de
1629 4239 1869 4293 Joannis
1901 4240 2165 4294 testimo-

502 4326 604 4384 nio
629 4327 1065 4399 dispensatorie
1096 4327 1309 4397 loquor
1357 4344 1370 4382 :
1406 4332 1469 4381 ut
1508 4327 1557 4381 ei
1598 4327 1922 4393 credentes,
1968 4329 2068 4400 qui
2110 4334 2165 4384 et

502 4422 609 4480 est,
639 4422 695 4472 et
720 4416 887 4471 vobis
918 4423 1167 4487 apparet
1192 4416 1309 4471 fide
1340 4416 1573 4486 dignus,
1605 4416 1751 4471 salvi
1782 4417 1924 4472 sitis.

575 4505 734 4561 Vers.
768 4506 857 4559 35.
884 4486 1073 4561 ιιιρὲ
1093 4506 1312 4561 lucens.
1339 4505 1607 4560 Lucerna
1632 4521 1936 4562 accensaa
1962 4504 2163 4562 divino
2199 4486 2242 4541 ί)

504 4594 744 4666 Spiritu,
777 4600 833 4649 et
861 4594 1064 4649 lucens
1091 4594 1182 4649 his
1204 4595 1304 4665 qui
1341 4595 1397 4649 in
1427 4594 1686 4650 tenebris
1717 4600 1885 4650 erant
1915 4596 2162 4667 peccati.

507 4686 832 4739 Lucernam
849 4689 1047 4738 autem
1062 4701 1197 4739 eum
1222 4685 1753 4756 vocavittanquam
1781 4685 2162 4740 obscuratum

503 4772 811 4829 excellenti
839 4772 1064 4828 lumine
1096 4773 1245 4829 Solis
1289 4773 1553 4844 justitiae.
1587 4765 1715 4845 Ipse
1757 4774 2050 4846 siquidem
2088 4774 2161 4829 de

504 4862 730 4918 Christo
756 4862 1030 4918 dicebat:
1066 4863 1247 4919 Illum
1277 4869 1497 4933 oportet
1535 4878 1804 4928 crescere,
1838 4878 1926 4919 me
1963 4871 2161 4921 autem

502 4968 703 5009 mmuz.

577 5130 771 5187 Aliam
801 5147 1039 5205 quoque
1064 5130 1140 5188 ob
1170 5147 1419 5188 causam
1451 5130 1771 5203 appellavit
1799 5146 1938 5186 eum
1972 5130 2158 5187 lucer-

506 5234 674 5288 nam,
697 5221 841 5294 quia
865 5221 1139 5278 videlicet
1181 5238 1303 5279 non
1336 5238 1407 5277 ex
1441 5238 1501 5277 se
1531 5220 1816 5277 doctrinae
1836 5214 2167 5277 lucem‘ha-

572 5387 625 5461 ,³³
655 5387 823 5451 Joan.
849 5408 967 5466 vui,
1001 5395 1086 5449 t2.
1163 5393 1211 5428 9°
1244 5390 1391 5448 Ibid.
1428 5392 1515 5447 l3.
1627 5391 1671 5426 ’7
1702 5389 1966 5447 Ibid-14.

2046 5391 2093 5427 ⁸⁸
2124 5392 2293 5449 Joan.
2323 5395 2365 5462 Ι,
2390 5391 2478 5449 19.

3370 3162 3464 3215 ούκ
3543 3162 3604 3214 ἃν
3668 3159 3727 3215 δὲ
3790 3161 3881 3213 ἀπ·

2282 3249 2559 3319 εστείλατε,
2610 3255 2653 3302 εὶ
2709 3255 2781 3322 μὴ
2824 3249 3130 3314 ἀξιόπιστον
3162 3252 3319 3304 αὐτὸν
3376 3250 3702 3324 ἕγινώσκετε.
3758 3258 3881 3305 Λοι-

2279 3343 2376 3391 πὸν
2420 3337 2508 3392 οὖν
2555 3340 2614 3392 ού
2670 3337 2900 3394 δύνασθε
2942 3341 3401 3416 παραγράψασθαι
3445 3346 3543 3401 τὴν
3595 3346 3878 3415 μαρτυρίαν

2281 3448 2463 3481 αυτοῦ.

2280 3178 2406 3211 κατε
2465 3163 2591 3232 πρὸς
2660 3160 2898 3219 Ἰωάννην
2966 3161 3282 3224 ἐρωτῶντες⁸

2348 3519 2484 3590 Ἐγὼ
2558 3551 2623 3559 -—
2683 3519 2948 3592 λαμϐάνω.
3023 3524 3320 3587 Τουτίστιν,
3386 3521 3481 3574 οὐκ
3565 3520 3881 3597 ἀνθρωπίνης

2276 3614 2565 3683 μαρτυρίας
2615 3606 2802 3681 δέομαι
2844 3614 2972 3672 Θεὸς
3034 3614 3121 3664 ὢν.
3180 3615 3281 3663 Καὶ
3335 3619 3443 3673 πῶς
3496 3615 3586 3664 τόν
3648 3612 3878 3667 Ἰωάννην

2277 3701 2521 3771 μάρτυρα
2593 3700 2867 3773 παράγεις,
2952 3701 3222 3773 ἄνθρωπον
3293 3703 3454 3767 dum;
3533 3707 3718 3774 Πρώτα
3772 3703 3877 3771 μὲν,

2278 3784 2421 3838 διότι
2450 3790 2479 3845 ἡ
2509 3792 2776 3862 μαρτυρία
2806 3788 2965 3841 αὐτοῦ
2996 3788 3089 3841 ούκ
3120 3786 3181 3846 ἦν
3214 3788 3396 3856 αὐτοῦ,
3428 3788 3561 3843 ἀλλά
3589 3799 3681 3843 τοῦ
3728 3796 3877 3843 Θεοῦ.

2276 3873 2401 3928 Εἶπε
2459 3880 2579 3950 γὰρ,
2635 3878 2716 3929 ὃτι
2781 3876 2838 3929 Ὀ
2888 3877 3097 3950 πέμψας
3153 3897 3216 3950 με
3266 3877 3548 3950 βαπτίζειν
3602 3878 3649 3932 ἐν
3703 3876 3877 3944 ὕδατι,

2275 3965 2464 4028 ἐκεῖνός
2490 3986 2581 4038 μοι
2611 3963 2767 4021 εἶπεν.
2808 3962 3020 4021 Ἐπιιτα
3052 3965 3110 4020 δὲ
3141 3970 3324 4025 τίθησι
3366 3973 3455 4021 καὶ
3497 3968 3658 4028 ἄλλην
3691 3968 3876 4022 αἰτίαν.

2270 4063 2410 4130 Ὀρα
2433 4059 2555 4131 γὰρ.

2346 4145 2502 4198 Ἀλλά
2527 4176 2593 4188 -
2620 4147 2839 4204 σωθῆτε.
2866 4146 2976 4198 Οὐκ
3003 4145 3328 4220 ἀνθρωπίνης
3349 4153 3647 4222 μαρτυρίας
3677 4143 3873 4220 δέομαι,

2276 4239 2456 4307 φησιν,
2490 4233 2618 4286 ἀλλά
2650 4238 2717 4287 τὰ
2746 4240 2864 4308 περὶ
2904 4245 3001 4297 τῆς
3028 4240 3318 4311 μαρτυρίας
3348 4244 3439 4288 τοῦ
3475 4236 3712 4290 Ἰωάννου
3751 4236 3875 4306 λέγω

2276 4324 2628 4395 οἰκονομικῶς,
2683 4326 2765 4376 ἵνα
2794 4332 2866 4395 τῷ
2897 4329 2987 4377 καὶ
3033 4329 3138 4377 ὄντι
3169 4331 3259 4377 καὶ
3302 4323 3549 4378 δοκοῦντι
3591 4328 3710 4399 ύμῖν
3746 4323 3875 4385 ἀξιο-

2275 4432 2449 4484 πιστῳ
2471 4416 2766 4487 πειθόμενοι
2799 4416 3021 4473 σωθῆτε.

2348 4504 2565 4563 Ἐκεῖνος
2630 4534 2699 4544 -
2760 4508 2971 4575 φαίνων,
3033 4502 3092 4556 Ὀ
3175 4505 3387 4577 λύχνος,
3463 4507 3490 4557 ό
3578 4504 3869 4574 ἀνακαιόμε-

2275 4612 2355 4654 νος
2392 4600 2463 4662 τῷ
2515 4598 2643 4666 πυρὶ
2699 4600 2793 4645 τοῦ
2848 4595 2988 4645 θείου
3042 4596 3338 4666 Πνεύματος
3389 4598 3479 4647 καὶ
3538 4600 3726 4668 φαίνων
3770 4598 3871 4651 τοῖς

2277 4681 2325 4733 ἐν
2356 4690 2427 4752 τῷ
2457 4687 2631 4734 σκότει
2670 4691 2763 4743 τῆς
2815 4682 3077 4756 ἁμαρτίας
3102 4700 3113 4711 ’
3155 4686 3360 4755 Λύχνεν
3392 4681 3450 4736 δὲ
3504 4684 3660 4736 αὐτὸν
3707 4680 3865 4733 ἐκάλε-

2280 4790 2384 4837 σεν,
2450 4774 2517 4833 ὡς
2585 4769 2959 4844 ἀμαυρωθέντα
3017 4780 3090 4843 τῷ
3160 4771 3530 4845 ὑπερϐάλλοντι
3589 4775 3712 4845 φωτὶ
3777 4773 3863 4819 τοῦ

2272 4860 2445 4914 Ἠλίου
2494 4868 2588 4923 τῆς
2639 4856 3004 4924 δικαιοσύνης.
3059 4867 3191 4934 Ἔφη
3236 4864 3336 4935 γὰρ
3392 4861 3551 4925 αὐτὸς
3607 4863 3717 4932 περὶ
3774 4861 3860 4908 τοῦ

2274 4958 2527 5025 Χριστοῦ,
2586 4951 2667 5003 ὅτι
2715 4950 2933 5005 Ἐκεῖνον
2998 4947 3083 5004 δεῖ
3136 4950 3391 5023 αὐξάνειν,
3459 4952 3548 5025 ἐμὲ
3612 4944 3668 5003 δι
3717 4945 3862 5000 ἐλατ-

2269 5043 2509 5095 τοῦσθαι.

2350 5135 2450 5183 Καὶ
2501 5130 2686 5203 ἑτέρως
2732 5125 2790 5183 δὲ
2850 5129 3042 5203 λύχνον
3107 5130 3260 5184 αὐτόν
3327 5129 3610 5203 ὠνόμασεν,
3670 5129 3739 5189 ὡς
3800 5127 3868 5199 μή

2277 5220 2475 5273 οἴκοθεν
2507 5222 2699 5292 ἔχοντα
2726 5223 2783 5273 τὸ
2829 5228 2931 5293 φῶς
2977 5229 3073 5284 τῆς
3107 5216 3483 5287 διδασκαλίας,
3539 5218 3647 5273 ἀλλ’
3700 5216 3755 5272 ἔκ
3781 5224 3875 5280 τῆς

2557 5393 2603 5427 θ’
2633 5390 2779 5464 Ibid,
2811 5394 2906 5450 33.
2990 5392 3010 5431 ¹
3041 5393 3208 5450 Joan.
3237 5407 3316 5461 ω,
3361 5394 3448 5450 30.

1726 5571 1945 5645 Variae
1976 5571 2305 5644 lectiones
2336 5582 2403 5643 et
2438 5582 2638 5642 notae.

569 5712 686 5808 ('21)
716 5726 835 5791 Ὀτι
