4156 6396
392 252 528 314 »1229

382 384 600 458 χάριτος
652 391 741 436 τοῦ
790 382 942 457 ἁγίου
993 386 1306 457 Πνεῦματος.
1342 383 1506 456 Οἶμαι
1539 380 1617 452 δὲ,
1664 389 1776 460 περὶ
1806 404 1991 439 τουτου
2026 388 2071 440 Α

382 480 595 545 προεῖπε
626 469 720 526 διὰ
759 481 846 526 τοῦ
888 470 1056 527 Δαυὶδ
1090 476 1114 526 6
1156 478 1299 534 Θεός·
1346 474 1641 546 Ἠτοίμασα
1682 473 1873 546 λύχνον
1918 483 1991 546 τῷ

384 568 600 635 Χριστῷ
631 583 750 636 μου.

1915 659 1986 725 μὴ

383 744 548 813 μέχρι
590 740 764 803 τέλους
806 743 1147 814 τηρησάντων
1188 741 1328 811 αύτῷ
1368 745 1462 800 τὴν
1512 738 1773 800 σπουδήν.
1836 743 1988 795 Ἤθε-

382 828 578 888 λήσατε
618 833 740 906 γὰρ,
777 836 952 903 φησιν,
1002 828 1417 902 ἁγαλλιασθῆναι
1464 835 1594 904 πρὸς
1646 836 1824 905 καιρόν
1876 852 1990 885 τινα

452 650 620 723 Ὑμεῖς
703 684 757 693 -
844 652 1023 705 αὐτοῦ.
1100 653 1430 705 Καθάπτεται
1493 654 1704 715 τούτων,
1782 656 1846 713 ὡς

384 918 432 971 ἐν
463 928 534 990 τῷ
580 924 708 992 φωτὶ
738 929 834 982 τῆς
883 917 1239 981 διδασκαλίας
1294 920 1471 984 αὐτοῦ,
1525 921 1604 973 ὅτε
1661 922 1989 991 πανταχόθεν

383 1010 566 1069 πάντες
608 1013 735 1082 πρὸς
788 1010 942 1062 αὐτόν
993 1013 1328 1084 συνετρέχετε
1361 1029 1373 1041 ·
1432 1008 1542 1061 εἶτα
1597 1008 1984 1083 ἐψυχράνθητε,

386 1097 429 1150 εἰ
470 1103 561 1150 καὶ
599 1103 761 1171 μέχρι
800 1106 885 1150 νῦν
920 1099 1209 1171 θαυμάζετε
1242 1106 1443 1153 τοῦτον.
1493 1098 1553 1151 Εἰ
1602 1100 1704 1173 γὰρ
1744 1103 1812 1170 μὴ
1862 1097 1991 1168 ἐψυ-

383 1189 671 1262 χράνθητε,
752 1190 957 1250 πάντως
1037 1186 1096 1240 ἂν
1178 1187 1520 1241 ἐπιστεύσατε
1589 1196 1650 1260 τῇ
1727 1192 1991 1262 μαρτυρία

386 1277 545 1329 αὑτοῦ
580 1295 591 1307 ·
650 1276 927 1350 ἐλέγχεσθε
979 1274 1067 1330 οὖν
1141 1282 1226 1330 τόν
1308 1278 1464 1330 αὐτὸν
1532 1284 1621 1329 καὶ
1688 1275 1988 1340 ἀξιόπιστον

385 1366 752 1439 ὁμολογοῦντες

385 1456 566 1511 αὐτοῦ.

831 1372 920 1419 καὶ
1008 1371 1077 1440 μη
1164 1370 1491 1428 πιστεύοντες
1589 1375 1648 1439 τῇ
1730 1371 1992 1441 μαρτυρίᾳ

456 1545 588 1617 Ἐγὼ
645 1578 713 1586 -
775 1544 1084 1601 ἀπέσταλκε.
1148 1550 1253 1604 Τὴν
1307 1549 1397 1619 μὲν
1449 1548 1550 1620 γὰρ
1607 1553 1698 1598 τοῦ
1752 1545 1989 1599 Ἰωάννου

385 1639 677 1710 μαρτυρίαν
735 1631 967 1693 ἠδύνατο
1040 1654 1120 1697 τις
1192 1631 1457 1688 διαϐαλεῖν
1512 1637 1580 1696 ὡς
1656 1638 1779 1706 πρὸς
1828 1634 1990 1707 χάριν

383 1726 747 1797 γεγενημένην,
779 1729 953 1777 καὶτοι
983 1720 1107 1776 οὐδὲ
1147 1732 1295 1777 τοῦτο
1352 1725 1471 1787 ἐξῆν
1526 1722 1681 1775 εἰπεῖν
1732 1723 1847 1775 κατ’
1906 1722 1989 1773 ἀν·
2027 1741 2070 1797 B

388 1810 513 1887 δρὸς
587 1816 719 1886 μετὰ
794 1815 971 1877 πάσης
1049 1813 1316 1887 ἀκριϐείας
1408 1814 1826 1886 φιλοσοφοῦντος,
1903 1816 1992 1863 καὶ

390 1898 597 1976 σφόδρα
630 1904 1013 1975 θαυμασθέντος
1050 1903 1245 1964 αὐτοῖς·
1292 1906 1358 1955 τὰ
1389 1900 1446 1955 δὲ
1494 1906 1622 1976 ἔργα
1671 1904 1845 1961 πάσης
1898 1902 1992 1952 υπ-

386 1991 539 2062 οψίας
606 1991 976 2065 ἀπηλλαγμένα
1032 1999 1130 2045 πᾶν
1176 1994 1449 2066 ἐμφράττει
1478 1997 1651 2064 στόμα
1689 1990 1991 2063 φιλόνεικον,

387 2082 545 2152 ἤγουν
609 2081 717 2153 (2'2)
777 2083 805 2139 ἡ
882 2090 974 2134 τοῦ
1055 2081 1354 2153 παραλύτου
1418 2080 1717 2153 σύσφιγξις,
1786 2084 1874 2131 καὶ
1929 2081 1995 2130 τὰ

386 2168 542 2222 λοιπὰ
602 2172 891 2242 θαύματα·
940 2171 1062 2244 παρ’
1119 2171 1298 2232 αὐτοῖς
1357 2174 1512 2221 ὄντων
1568 2166 1635 2227 δὴ
1694 2177 1792 2220 τῶν
1851 2170 1994 2240 θερα-

389 2261 673 2312 πευθέντων
704 2265 792 2311 καὶ
817 2259 1277 2333 πληροφορούντων
1311 2259 1523 2320 αύτούς.
1563 2259 1725 2324 Atii-ci,
1755 2262 1907 2330 φησὶ,
1930 2260 1996 2310 τὰ

388 2350 534 2422 ἔργα,
565 2347 600 2400 ἃ
630 2347 728 2421 ἐγὼ
748 2358 900 2418 ποιῶ,
940 2357 1214 2425 μαρτυρεῖ,
1246 2353 1364 2425 περὶ
1391 2351 1536 2421 ἐμοῦ,
1570 2350 1650 2400 ὅτι
1672 2349 1697 2400 6
1721 2351 1901 2421 Πατήρ
1934 2366 1996 2418 με

389 2435 707 2490 ἀπέσταλκεν
717 2478 728 2491 .

458 2527 570 2579 Οῦκ
627 2525 735 2581 εἶπε
793 2525 873 2594 δὲ,
929 2529 1198 2603 Μαρτυρεί
1244 2529 1324 2580 ὅτι
1363 2531 1480 2588 ἶσος
1525 2527 1630 2599 εἰμὶ
1675 2534 1745 2597 τῷ
1805 2529 1993 2600 Πατρὶ,

391 2614 520 2684 ἀλλ’,
564 2618 645 2669 ὅτι
684 2616 742 2669 Ὀ
794 2620 973 2690 Πατήρ
1013 2636 1077 2688 με
1130 2615 1436 2669 ἀπέσταλκε·
1492 2621 1665 2668 καίτοι
1706 2620 1796 2667 καὶ
1844 2622 1996 2667 τοῦτο

389 2704 593 2759 κάκεῖνο
636 2705 957 2780 ἐπαρτύρουν
997 2708 1151 2777 ὅμως,
1203 2706 1244 2757 εἰ
1298 2706 1409 2776 (23)
1456 2709 1545 2757 καὶ
1595 2707 1770 2777 μεῖζον
1818 2701 1878 2762 ἧν
1936 2707 1994 2756 τὸ

390 2796 732 2855 πιστευθῆναι
795 2797 876 2847 ὅτι
928 2798 1043 2856 ἶσος
1101 2793 1212 2847 ἐστὶ
1266 2804 1339 2865 τῷ
1398 2799 1583 2868 Πατρὶ,
1646 2792 1774 2844 ἀλλά
1825 2813 1883 2865 γε
1936 2796 1994 2845 τὸ

389 2885 540 2943 ἧττον
576 2886 794 2938 τέθεικεν
837 2887 903 2946 ὡς
934 2884 1166 2957 μάλιστα
1219 2890 1507 2941 τηνικαῦτα
1548 2880 1993 2953 σπουδαζόμενον.

390 2972 654 3027 Ἐϐούλετο
680 2975 779 3047 γὰρ
811 2982 1009 3048 πρῶτον
1036 2975 1382 3031 πιστευθῆναι
1426 2974 1506 3024 ὅτι
1549 2973 1575 3023 6
1606 2976 1727 3033 Θεὸς
1762 2969 1998 3024 ἀπέστει-

388 3062 468 3115 λεν
496 3063 671 3117 αὐτὸν.
696 3066 893 3117 Τούτου
923 3065 1024 3137 γὰρ
1056 3065 1417 3123 πιστευθέντος
1446 3065 1614 3115 καὶτὸ
1641 3060 1763 3113 οἷλλο
1808 3058 1995 3136 ιον
2030 3103 2069 3157 C

390 3149 472 3211 ἦν.

462 3240 626 3297 Ἀλλὰ
663 3251 773 3304 πῶς
817 3244 883 3295 τὰ
934 3246 1060 3316 ἔργα
1102 3240 1421 3317 ἐμαρτύρουν
1462 3243 1540 3294 ὃτι
1590 3242 1614 3292 6
1667 3244 1792 3301 Θεὸς
1839 3240 1993 3294 αὐτὸν

389 3332 742 3400 ἀπέσταλκεν;
795 3330 884 3395 Ὠς
932 3352 1092 3405 μόνης
1151 3335 1276 3405 ἔργα
1334 3334 1472 3392 θείας
1530 3328 1819 3402 δυνάμεως.
1874 3338 1997 3383 Τοι-

387 3430 522 3474 αῦτα
568 3425 669 3495 γὰρ
720 3420 947 3484 ἀντίθεος
985 3428 1148 3474 ποιεῖν
1196 3421 1290 3473 οὐκ
1338 3418 1591 3479 ἠδύνατο.
1641 3420 1701 3473 Εἰ
1746 3423 1848 3493 γὰρ
1907 3425 1995 3473 καὶ

385 3520 497 3574 τοῖς
529 3513 791 3584 θαύμασιν
842 3510 1092 3564 ἀντειπεῖν
1147 3510 1515 3582 ἀναισχύντως
1563 3508 1871 3581 ἐτόλμησαν,
1933 3512 1997 3571 ὡς

387 3600 437 3653 ἐν
466 3608 537 3670 τῷ
569 3600 786 3671 εἰκοστῷ
835 3596 1059 3675 δευτέρῳ
1103 3600 1361 3672 κεφαλαίῳ
1410 3607 1501 3651 τοῦ
1550 3601 1684 3650 κατὰ
1730 3601 1996 3651 Ματθαῐον

390 3692 678 3763 ἱστόρηται,
718 3688 966 3759 λέγοντες
1014 3689 1175 3749 Οὗτος
1205 3688 1298 3741 οὐκ
1349 3687 1579 3741 ἐκϐάλλει
1629 3691 1692 3740 τὰ
1731 3686 1995 3761 δαιμόνια,

387 3780 531 3851 εἰμή
563 3778 610 3830 ἐν
658 3786 729 3849 τῷ
766 3777 1067 3839 Βεελζεϐούλ
1109 3780 1331 3851 ἄρχοντι
1381 3786 1479 3829 τῶν
1527 3774 1830 3852 δαιμονίων
1893 3777 2006 3831 ἀλλ’

388 3864 476 3920 οὖν
495 3871 700 3939 ταχέως
726 3866 1186 3940 ὶπεστομίσθησαν
1214 3866 1315 3920 ἐκεῖ
1342 3873 1431 3919 καὶ
1462 3870 1633 3940 μάτην
1660 3867 2002 3941 φλυαροῦντες

391 3957 629 4029 ἠλέγχθη
641 3976 756 4009 σαν.

466 4141 566 4189 Καὶ
613 4167 680 4177 -η
731 4135 882 4209 ἐμοῦ.
942 4142 1049 4188 ΙΙοῦ
1090 4136 1456 4209 μεμαρτύρηκε
1512 4139 1631 4209 περὶ
1684 4134 2001 4202 αὖτοῦἷΑη·

389 4223 546 4277 λὼσει
595 4230 791 4300 προῖὼν
852 4226 933 4277 ὅτι
985 4222 1033 4276 ἐν
1084 4230 1197 4285 ταῖς
1250 4230 1499 4297 Γραφαῐς.
1582 4229 1681 4276 Καὶ
1738 4229 1842 4296 μὴν
1912 4230 2001 4277 καὶ

393 4312 779 4387 βαπτιζόμενον
881 4315 1247 4387 μεμαρτύρηκε
1342 4317 1461 4386 περὶ
1558 4312 1739 4379 αὐτοῦ⁷
1819 4312 1997 4384 λέγων·

1659 4402 1707 4453 ἐν
1764 4402 1803 4453 ὦ
1851 4400 2004 4455 εὕδο-

391 4511 538 4551 κησα
583 4492 717 4565 (24).
770 4496 870 4544 Καὶ
926 4486 1077 4551 αὖθις
1122 4495 1632 4565 μεταμορφουμένου.
1687 4490 1847 4545 Ἀλλὰ
1902 4491 2002 4564 βα-

396 4582 706 4654 πτιζομένου
755 4584 868 4654 μὲν,
923 4580 966 4632 εἰ
996 4585 1086 4632 καὶ
1136 4583 1390 4652 ἤκουσαν,
1439 4579 1797 4653 ἀμφέϐαλλον·
1844 4599 2001 4652 μετα-

392 4403 553 4464 Οὗτός
623 4404 759 4456 ἐστιν
814 4404 839 4454 6
889 4405 1011 4463 Υἱός
1074 4421 1174 4474 μου
1232 4402 1257 4453 6
1298 4400 1583 4473 ἀγαπητὸς,

2035 4461 2081 4517 D

393 4674 751 4746 μορφουμένου
789 4666 867 4735 δὲ,
918 4664 1041 4722 οὐδὲ
1080 4672 1315 4728 ἥκουσαν
1355 4669 1524 4724 αὐτοί.
1586 4671 1682 4722 Διὰ
1723 4676 1877 4721 τοῦτο
1913 4671 2005 4731 τὰς

393 4762 643 4821 τοιαύτας
695 4763 986 4835 μαρτυρίας
1044 4754 1404 4833 παραδραμὼν
1456 4762 1588 4832 πρὸς
1647 4760 1740 4820 τὰς
1799 4761 2003 4832 Γραφὰς

397 4848 583 4910 αὐτούς
627 4851 982 4923 παραπέμπει,
1040 4849 1133 4908 τὰς
1185 4846 1233 4899 ἐν
1284 4853 1474 4920 χερσὶν
1544 4850 1701 4907 οὔσας
1768 4845 1845 4899 ἀεὶ
1914 4853 2004 4899 καὶ

397 4935 814 5013 ἁναντιρῥήτους.
872 4936 1029 4991 Ἀλλὰ
1082 4944 1236 4991 τοῦτο
1288 4940 1378 5009 μὲν
1435 4944 1574 4989 ποιεῖ
1626 4942 1838 5011 προῖὼν.
1896 4943 2004 4989 Νῦν

397 5024 458 5082 δὲ
503 5030 586 5082 ἵνα
632 5031 703 5101 μὴ
738 5028 1101 5089 άπαιτήσωσιν
1152 5025 1305 5080 αὐτὸν
1365 5026 1657 5100 αύτόφωνον
1709 5031 1798 5079 καὶ
1852 5026 2001 5080 αύτο⁸

468 5237 491 5274 ³
520 5234 671 5295 Psal.
700 5251 895 5307 cxxxr,
929 5233 1015 5292 17.
1096 5238 1114 5271 ³
1147 5233 1348 5293 Matth.
1373 5251 1474 5303 xu,
1508 5233 1596 5291 24.

1414 252 1783 315 COMMENT.
1828 258 1895 315 ΙΝ
1926 250 2267 317 ΙΟΑΝΝΕΜ.
2310 292 2378 305 -
2419 262 2575 320 CAP.
2618 258 2682 319 ν.

3622 256 3762 323 1230

2100 385 2305 454 bebat,
2340 388 2441 444 sed
2455 404 2521 444 ex
2549 388 2743 459 gratia
2766 388 2957 445 sancti
2991 388 3261 462 Spiritus.
3292 391 3374 446 De
3411 391 3525 448 hoc
3556 399 3759 450 autem

2102 482 2163 530 ut
2188 477 2425 548 opinor,
2444 477 2832 550 praedixitper
2862 494 2929 534 os
2945 478 3133 535 David
3159 498 3172 535 :
3206 481 3431 536 Paravi
3455 481 3761 540 lucernam

2103 564 2338 620 Christo
2365 583 2486 622 meo
2513 569 2555 621 ³.

2173 653 2335 709 Vers.
2360 658 2446 710 35.
2486 655 2589 711 Vos
2611 687 2673 696 -
2696 657 2831 728 ejus.
2864 656 3151 729 Objurgat
3177 657 3305 723 hos,
3335 658 3499 731 quod
3525 676 3643 717 non
3666 677 3765 719 us-

2098 758 2214 813 que
2242 743 2320 798 ad
2370 743 2550 799 ﬁnem
2611 745 2877 800 studiose
2928 746 3094 801 illum
3135 746 3601 804 observaverint.
3654 751 3765 807 Vo-

2099 829 2308 897 luistis,
2341 833 2553 905 inquit,
2597 834 2865 906 quodam
2899 840 3166 907 tempore
3193 838 3488 895 exsultare
3532 840 3593 894 in
3634 839 3765 896 luce

2098 920 2383 977 doctrinae
2428 922 2609 990 illius,
2654 924 2903 995 quando
2956 941 3170 981 omnes
3205 926 3465 999 undique
3521 929 3593 984 ad
3625 943 3764 985 eum

2099 1011 2565 1076 concurrebatis,
2582 1018 2634 1067 et
2651 1012 3035 1083 postmodum
3060 1014 3385 1083 refrixistis,
3406 1032 3765 1090 quanquam

2098 1100 2387 1156 hactenus
2410 1101 2573 1157 illum
2594 1103 3136 1160 adrniraminiznisi
3167 1106 3327 1162 enim
3358 1106 3764 1179 refrixissetis,

2100 1190 2439 1246 testimonio
2472 1192 2674 1262 utique
2697 1191 2851 1246 illius
2896 1193 3320 1250 credidissetis.
3352 1195 3527 1266 Digni
3560 1198 3759 1269 igitur,

2100 1279 2260 1342 estis,
2292 1280 2395 1351 qui
2424 1279 2896 1350 redarguamini,
2928 1281 3090 1354 quod
3136 1282 3271 1340 licet
3312 1284 3474 1341 hunc
3526 1286 3644 1341 ﬁde
3684 1287 3767 1343 di-

2100 1382 2286 1435 gnum
2337 1367 2757 1434 conﬁteamini,
2820 1370 2950 1441 ejus
2983 1375 3181 1427 tamen
3245 1374 3587 1431 testimonio
3641 1391 3767 1432 non

2101 1455 2493 1511 credideritis.

2173 1546 2338 1599 Vers.
2372 1550 2461 1603 36.
2504 1546 2623 1617 Ego
2653 1577 2721 1586 —
2760 1547 3003 1607 miserit.
3059 1548 3367 1623 Siquidem
3412 1553 3660 1609 Joannis
3690 1557 3770 1611 te-

2101 1634 2448 1690 stimonium
2481 1642 2712 1707 poterat
2737 1635 3029 1709 quispiam
3062 1638 3438 1707 calumniari,
3472 1646 3765 1715 tanquam

2104 1723 2178 1778 ad
2203 1725 2456 1793 gratiam
2486 1724 2707 1781 factum
2742 1742 2754 1779 :
2805 1742 3159 1799 quanquam
3190 1728 3304 1784 hoc
3346 1745 3480 1785 vere
3500 1730 3615 1786 dici
3647 1747 3767 1788 non

2106 1818 2336 1884 poterat
2371 1814 2658 1869 adversus
2690 1814 2901 1879 virum,
2943 1816 3046 1888 qui
3099 1818 3265 1873 omni
3299 1835 3437 1874 cum
3464 1819 3770 1890 diligentia

2103 1917 2212 1957 suo
2242 1902 2604 1971 fungebatur
2634 1920 2901 1973 munere,
2926 1912 2981 1960 et
3011 1907 3165 1978 apud
3195 1922 3404 1962 omnes
3431 1910 3767 1965 vehementi

2103 1988 2163 2044 in
2222 1990 2619 2046 admiratione
2665 1991 3043 2049 habebatur:
3099 2011 3302 2051 verum
3361 2012 3545 2068 opera
3601 1998 3767 2054 omni

2105 2080 2445 2151 suspicione
2468 2080 2676 2148 libera,
2696 2088 3046 2138 cunctorum
3068 2100 3174 2140 ora
3196 2090 3562 2142 contentiosa
3598 2086 3769 2143 obtu-

2103 2169 2337 2237 rabant,
2394 2176 2539 2241 puta
2608 2170 2918 2243 paralytici
2988 2174 3385 2241 confirmatio,
3438 2182 3768 2247 caeteraque

2106 2258 2392 2313 miracula
2425 2278 2436 2313 :
2472 2275 2610 2315 cum
2635 2261 2797 2332 apud
2816 2277 2918 2316 eos
2940 2269 3136 2317 essent
3156 2264 3259 2335 qui
3287 2264 3471 2320 curati
3495 2270 3681 2330 erant,
3712 2269 3770 2320 et

2104 2346 2349 2418 plenam
2380 2347 2463 2402 eis
2490 2348 2671 2403 ﬁdem
2693 2348 3010 2405 faciebant.
3047 2351 3262 2420 Opera,
3298 2351 3637 2426 inquitqua?
3667 2369 3769 2425 ego

2099 2436 2283 2505 facio,
2318 2437 2707 2505 testiﬁcantur
2757 2437 2822 2494 de
2868 2454 2977 2505 me,
3011 2441 3161 2511 quod
3182 2442 3367 2497 Pater
3399 2442 3627 2498 miserit
3655 2459 3765 2499 me.

2178 2528 2304 2581 Non
2320 2524 2712 2581 dixitautem:
2741 2526 3170 2598 Testiﬁcantur,
3200 2530 3363 2602 quod
3389 2530 3767 2603 aaqualissim

2105 2615 2277 2682 Patri,
2334 2615 2458 2680 sed,
2502 2616 2657 2687 quod
2680 2618 2855 2672 Pater
2910 2618 3132 2674 miserit
3180 2634 3290 2676 me.
3323 2620 3498 2693 Atqui
3548 2625 3605 2676 et
3634 2621 3767 2689 hoc,

2106 2703 2318 2758 etillud
2334 2704 2823 2760 lestiticabantur.
2842 2706 3061 2762 Verum
3082 2708 3187 2761 etsi
3204 2708 3399 2780 majus
3414 2714 3537 2765 erat
3569 2715 3769 2765 utere-

2105 2792 2341 2847 deretur
2381 2794 2629 2865 {aqualis
2675 2810 2806 2849 esse
2851 2796 3023 2864 Patri,
3070 2797 3269 2852 minus
3301 2803 3501 2854 tamen
3549 2799 3767 2870 posuit,

2105 2897 2320 2954 nempe
2338 2882 2397 2936 id
2415 2882 2579 2954 quod
2612 2888 2749 2938 tunc
2772 2886 3029 2940 maxime
3060 2886 3504 2943 intendebatur.
3523 2887 3770 2945 Volebat

2104 2987 2370 3043 namque
2433 2973 2621 3043 primo
2673 2972 2854 3040 credi,
2934 2974 3098 3046 quod
3131 2990 3193 3030 se
3236 2977 3387 3031 Deus
3466 2977 3764 3044 misisset;

2105 3060 2219 3116 hoc
2239 3061 2657 3128 enimcredito,
2674 3062 2971 3134 reliquum
3001 3063 3232 3119 facilius
3258 3070 3383 3121 erat
3410 3066 3487 3122 ad
3519 3066 3769 3123 creden-

2108 3150 2274 3205 dum.

2181 3239 2291 3295 Sed
2321 3239 2631 3311 quomodo
2670 3256 2854 3312 opera
2896 3241 3375 3299 testiﬁcabantur
3416 3244 3582 3317 quod
3612 3245 3767 3300 Deus

2107 3344 2245 3383 eum
2279 3327 2537 3383 misisset
2564 3329 2591 3383 ‘?
2621 3329 3114 3386 Testiticabantur
3140 3331 3221 3399 id,
3266 3337 3555 3405 tanquam
3585 3350 3768 3406 opera

2108 3417 2291 3473 solius
2314 3417 2531 3473 divinae
2566 3418 2814 3475 virtutis.
2846 3419 3174 3491 Siquidem,
3232 3422 3334 3493 qui
3373 3423 3491 3478 Deo
3531 3430 3768 3479 contra-

2107 3508 2232 3562 rius
2273 3512 2447 3572 esset,
2508 3507 2855 3578 hujusmodi
2902 3508 3095 3565 facere
3156 3525 3279 3565 non
3319 3516 3549 3581 poterat
3581 3527 3594 3564 :
3626 3528 3770 3568 nam

2109 3596 2241 3651 licet
2256 3596 2556 3652 miraculis
2570 3598 3363 3669 contradicereimpudcnter
3376 3601 3769 3657 attentabant.

2111 3684 2258 3740 sicut
2309 3686 2588 3740 vicesimo
2638 3688 2901 3742 secundo
2951 3688 3127 3759 juxta
3193 3688 3527 3744 Mattheeum
3578 3690 3773 3761 capite

2113 3775 2399 3846 scriptum
2453 3781 2558 3840 est,
2618 3775 2884 3831 dicentes
2918 3793 2931 3831 :
2974 3778 3089 3832 Hic
3118 3793 3235 3833 non
3266 3778 3429 3848 ejicit
3455 3779 3769 3845 daemonia,

2064 3864 2081 3876 '
2112 3865 2230 3919 nisi
2249 3879 2360 3932 per
2412 3864 2721 3920 Beelzebul
2752 3865 3077 3935 principem
3118 3867 3545 3923 daemoniorum
3589 3870 3633 3935 ⁸;
3668 3868 3777 3924 sed
3845 3925 3848 3929 ,

2110 3954 2193 4008 ibi
2222 3953 2391 4008 citius
2422 3969 2488 4007 os
2516 3953 2627 4008 illis
2680 3954 3028 4019 obstruitur,
3073 3960 3127 4011 et
3169 3971 3317 4011 vane
3371 3958 3586 4025 nugari
3637 3973 3777 4014 con-

2112 4044 2454 4098 vincuntur.

2185 4134 2345 4186 Vers.
2396 4132 2484 4185 37.
2517 4132 2595 4187 Et
2631 4162 2698 4172 -—
2748 4148 2859 4188 me.
2914 4132 3022 4189 Ubi
3071 4132 3145 4187 de
3194 4133 3328 4205 ipso
3370 4135 3776 4191 testimonium

2112 4221 2465 4293 perhibuit?
2497 4222 2560 4276 In
2611 4222 2997 4294 sequentibus
3066 4221 3442 4291 significabit,
3512 4225 3678 4295 quod
3716 4225 3777 4280 in

2113 4312 2470 4382 Scripturis:
2521 4327 2873 4383 quanquam
2917 4311 3114 4375 etiam,
3164 4311 3309 4366 dum
3356 4312 3777 4385 baptizaretur,

2113 4400 2515 4455 testimonium
2540 4400 2612 4454 de
2634 4416 2705 4455 eo
2736 4398 3054 4472 perhibuit,
3083 4400 3316 4456 dicens:
3351 4401 3459 4455 Hic
3491 4408 3569 4458 est
3594 4400 3780 4457 Filius

2113 4505 2272 4545 meus
2303 4490 2640 4557 dilectus,in
2688 4505 2802 4561 quo
2849 4488 2997 4544 mihi
3048 4490 3457 4558 complacitum
3506 4499 3585 4546 est
3645 4494 3686 4542 ’n
3719 4492 3783 4546 Et

2111 4595 2337 4643 rursus,
2380 4595 2517 4633 cum
2550 4582 3091 4633 transtormaretur.
3135 4579 3249 4633 Sed
3290 4595 3421 4634 cum
3455 4580 3784 4653 baptizare-

2114 4673 2227 4733 tur,
2284 4667 2418 4723 licet
2490 4666 2829 4732 audierunt,
2894 4667 3255 4723 dubitabant
3312 4686 3324 4723 :
3384 4685 3524 4724 cum
3588 4675 3783 4725 autem

2113 4754 2657 4822 trausformaretur,
2746 4772 2819 4810 ne
2888 4755 3206 4811 audierunt
3319 4757 3565 4830 quidem
3646 4758 3782 4829 ipsi.

2116 4846 2340 4901 Idcirco
2406 4844 2821 4917 praetermissis
2864 4842 3214 4916 hujusmodi
3274 4847 3649 4916 testimoniis,
3705 4846 3784 4902 ad

2116 4936 2446 5008 Scripturas
2486 4952 2586 4991 eos
2621 4933 2984 5001 transmittit,
3019 4950 3169 5007 quas
3227 4951 3462 5008 semper
3510 4935 3571 4990 in
3593 4935 3786 4991 mani-

2113 5027 2228 5083 bus
2259 5024 2586 5091 habebant,
2620 5041 2729 5082 nec
2760 5024 2848 5081 fas
2879 5028 3003 5082 erat
3034 5021 3148 5081 illis
3188 5025 3593 5083 contradicere
3633 5039 3648 5093 ;
3684 5024 3789 5081 sed

1676 5236 1697 5271 ⁴
1727 5235 1928 5294 Matth.
1959 5251 2043 5303 ιιι,
2066 5234 2154 5290 17.

1603 5414 1831 5484 Variae
1870 5410 2199 5483 lectiones
2227 5423 2291 5482 et
2339 5419 2542 5483 notae.

629 5610 825 5669 Malim
853 5611 981 5681 οἷον,
1015 5626 1119 5682 pro
1152 5612 1335 5684 ἤγουν.

628 5683 688 5737 Εἰ
709 5684 882 5742 abest
910 5687 979 5741 A.
1012 5684 1140 5741 Mox
1169 5682 1329 5742 idem
1354 5682 1539 5742 habet
1566 5684 1869 5744 πιστευθέν.

473 5612 592 5761 ἒὲἓέ

2200 5611 2312 5687 (24)
2347 5606 2561 5670 Πύδὸκη
2572 5627 2640 5663 σα
2664 5612 2726 5678 Α,
