4156 6388
459 253 589 311 1231

457 381 572 437 hoc
598 381 658 436 in
681 392 1001 452 progressu
1030 374 1210 433 facit:
1248 390 1408 431 nunc
1460 378 1679 443 autem,
1728 389 1803 430 ne
1842 377 2124 446 expetant

458 471 555 527 Dei
576 468 981 525 testimonium
1002 483 1036 522 a
1054 467 1295 539 propria
1315 481 1459 520 voce
1478 469 1533 519 et
1549 481 1584 519 a
1604 464 1844 535 propria
1863 478 2123 536 persona

456 560 720 616 dicentes
753 576 765 612 :
797 559 997 629 Neque
1045 572 1255 611 vocem
1297 555 1425 626 ejus
1467 553 1799 609 audivimus
1827 568 2119 623 unquam,

455 665 649 721 neque
666 647 923 720 speciem
946 647 1077 717 ejus
1102 646 1356 699 vidimus
1385 642 1920 712 :conﬁtetur,quod
1942 641 2021 696 illi
2040 641 2127 695 di-

456 738 605 795 cturi
635 741 798 793 erant
829 752 842 801 ;
877 735 1213 790 contitendo
1249 749 1389 788 vero
1422 732 1499 787 ad
1526 737 1747 787 rectam
1789 747 1890 786 eos
1912 731 2123 785 doctri-

455 845 599 885 nam
630 826 880 891 reducit,
911 826 1065 880 dans
1090 822 1567 894 intelligendum,
1601 821 1765 894 quod
1796 837 1991 892 neque
2012 836 2121 875 vox

457 920 533 975 sit
588 916 751 990 apud
804 918 1009 979 Deum,
1079 930 1273 985 neque
1314 914 1540 985 species
1591 911 1935 983 :siquidem
1993 910 2121 965 haec

452 1024 775 1081 corporum
806 1014 961 1069 sunt,
987 1006 1141 1059 Deus
1163 1010 1361 1059 autem
1389 1003 1755 1074 incorporea:
1778 1007 1864 1055 est
1892 1006 2120 1058 naturae

454 1104 558 1155 aut
588 1097 784 1170 potius
844 1110 1029 1165 supra
1076 1110 1293 1165 corpus
1327 1099 1383 1147 et
1414 1108 1595 1163 supra
1635 1099 1936 1146 naturam.

525 1190 687 1243 Vers.
736 1186 825 1240 37.
862 1184 1063 1255 Neque
1095 1214 1160 1223 —
1192 1183 1432 1237 vidistis.
1463 1181 1635 1252 Atqui
1688 1180 1855 1235 multi
1908 1196 2118 1236 vocem

450 1279 581 1350 ejus
611 1278 944 1348 frequenter
1000 1273 1371 1336 audiverunt,
1406 1277 1460 1325 et
1500 1270 1755 1342 speciem
1800 1270 1930 1340 ejus
1958 1270 2118 1325 vide-

449 1371 609 1432 runt,
644 1366 795 1423 sicut
840 1365 903 1419 in
944 1363 1258 1434 Scripturis
1306 1362 1380 1417 de
1412 1361 1663 1417 diversis
1711 1361 1993 1431 scriptum
2027 1367 2119 1417 est

451 1456 635 1513 variis
664 1455 725 1511 in
752 1455 914 1510 locis.
949 1453 1061 1509 Sed
1090 1468 1203 1507 vox
1236 1452 1334 1507 illa
1374 1455 1431 1506 et
1455 1452 1677 1521 species
1724 1450 1850 1513 fuit,
1883 1466 2004 1506 non
2029 1467 2117 1505 se-

453 1547 722 1603 cundum
750 1544 1165 1606 Deinaturam,
1195 1540 1297 1595 sed
1330 1541 1387 1595 in
1412 1540 1673 1595 hominis
1702 1540 2110 1596 similitudine.

524 1639 680 1692 Vers.
710 1635 797 1689 38.
833 1634 911 1688 Et
940 1663 1009 1671 —
1058 1631 1236 1687 vobis.
1290 1633 1354 1685 Et
1392 1630 1561 1701 quid,
1596 1630 1806 1702 inquit,
1872 1631 2005 1685 dico
2038 1631 2111 1685 de

451 1741 614 1791 voce,
654 1740 791 1797 quae
845 1721 1088 1793 propria
1142 1720 1327 1791 ipsius
1386 1735 1499 1774 vox
1551 1725 1723 1785 esset,
1766 1724 1868 1775 aut
1920 1720 2109 1791 specie

448 1814 703 1887 propriae
732 1812 926 1885 ipsius
984 1826 1278 1883 personae,
1313 1826 1451 1863 cum
1510 1824 1703 1880 neque
1745 1825 2104 1878 sermonem,

445 1906 573 1976 ejus
594 1903 865 1959 habeatis
889 1902 1235 1958 manentem
1266 1899 1325 1954 in
1358 1898 1545 1963 vobis,
1578 1916 1759 1971 quem
1792 1916 1895 1971 per
1916 1900 2109 1969 legem

446 2011 516 2051 ac
548 1994 873 2066 prephetas
900 1992 1134 2047 locutus
1164 1994 1272 2055 est,
1303 1994 1358 2044 et
1388 1992 1627 2061 putatis,
1676 1990 1838 2045 hunc
1869 2007 1975 2045 vos
2010 1990 2113 2046 ha-

448 2084 583 2140 bere
616 2088 963 2138 manentem
992 2081 1052 2135 in
1100 2079 1293 2145 VOblS,
1349 2084 1405 2134 et
1434 2079 1508 2134 de
1560 2080 1691 2151 ipso
1747 2080 2108 2150 gloriamini.

451 2174 672 2230 Deinde
701 2171 1035 2234 confirmat,
1068 2169 1236 2242 quod
1289 2168 1455 2235 dixit,
1485 2168 1598 2225 hoc
1631 2171 1814 2225 modo
1842 2170 1988 2226 illud
2021 2186 2113 2225 os-

449 2263 723 2322 tendens.

517 2355 682 2408 Vers.
729 2354 817 2408 38.
876 2350 1046 2415 Quem
1097 2351 1249 2405 enim
1322 2380 1389 2390 —
1444 2349 1704 2405 creditis.
1767 2352 1915 2406 Nam
1974 2367 2112 2407 cum

445 2459 665 2509 sermo,
716 2442 820 2514 qui
876 2455 981 2511 per
1041 2438 1232 2510 legem
1274 2438 1449 2494 datus
1501 2447 1588 2493 est
1639 2456 1709 2495 ac
1766 2440 2110 2511 prophetas,

444 2534 680 2597 clamet,
714 2530 876 2603 quod
929 2532 1097 2585 Pater
1126 2528 1331 2583 Filium
1360 2545 1536 2583 suum
1572 2529 1794 2584 miserit
1843 2530 1920 2585 ad
1954 2531 2111 2585 salu-

441 2627 559 2679 tem
585 2625 863 2684 vestram,
888 2624 940 2673 et
969 2617 1135 2689 quod
1168 2634 1270 2673 vos
1310 2617 1647 2672 illicredere
1688 2624 1974 2690 oporteat,
2010 2637 2113 2676 vos

443 2717 645 2769 autem
728 2709 887 2778 huic,
975 2724 1156 2779 quem
1238 2706 1333 2762 ille
1424 2708 1581 2762 misit
1654 2724 1773 2763 non
1855 2710 2111 2777 creditis,

440 2802 682 2861 omnino
713 2814 835 2855 non
882 2797 1196 2853 aucultalis
1233 2797 1517 2868 prmdicto
1570 2798 1695 2868 ejus
1773 2803 2031 2857 sermoni
2096 2822 2112 2859 :

440 2910 577 2950 cum
612 2897 811 2947 autem
839 2888 922 2943 illi
954 2903 1069 2942 non
1120 2886 1481 2951 auscultetis,
1534 2904 1653 2943 non
1685 2889 1918 2945 habetis
1973 2908 2113 2948 eum

442 2985 561 3041 sive
590 2983 819 3037 donum
848 2979 1038 3051 ipsius
1067 2995 1079 3045 ;
1105 2977 1361 3033 avolavit
1391 2977 1549 3033 enim
1580 2995 1613 3033 a
1648 2979 1836 3037 vobis.
1868 2981 2109 3049 Verum,

439 3090 515 3131 ne
556 3073 799 3128 dicant:
838 3067 898 3123 Si
957 3083 1098 3137 ergo
1141 3083 1348 3123 vocem
1400 3068 1530 3137 ejus
1587 3084 1706 3123 non
1742 3071 2107 3139 audivimus,

439 3161 748 3236 quomodo
793 3159 887 3213 ille
915 3151 1261 3213 testiﬁcatus
1301 3162 1389 3212 est
1412 3157 1486 3211 de
1518 3163 1573 3212 te
1601 3159 1628 3213 ?
1658 3159 1740 3214 ait
1772 3183 1783 3214 :

512 3255 671 3306 Vers.
702 3250 789 3305 39.
815 3247 1177 3304 Scrutamini
1206 3246 1552 3315 Scripturas.
1605 3246 1850 3317 Legnles
1882 3267 1946 3305 ac
1976 3267 2106 3322 pro-

439 3342 724 3416 pheticas,
753 3338 890 3394 inde
930 3338 1086 3391 enim
1126 3340 1213 3391 est
1244 3336 1647 3392 testimonium
1682 3355 1717 3393 a
1744 3339 1927 3394 Patre.
1967 3340 2107 3397 Vide

441 3437 663 3497 autem,
696 3428 862 3502 quod
895 3442 1011 3482 non
1033 3426 1245 3481 dixerit
1274 3426 1522 3498 :Legile,
1556 3428 1680 3494 sed,
1710 3429 2105 3499 Scrutamini;

436 3521 520 3591 illi
552 3518 853 3592 siquidem
885 3515 1183 3585 legebant,
1213 3520 1273 3570 at
1311 3531 1433 3570 non
1466 3518 1908 3584 scrutabantur,
1939 3520 2108 3575 idcir-

438 3628 509 3669 co
549 3626 650 3666 eos
683 3604 931 3663 scrutari
986 3605 1199 3677 jubet:
1237 3621 1377 3660 nam
1410 3622 1546 3661 cum
1603 3622 1673 3662 ea
1728 3624 1861 3680 quae
1914 3609 1988 3663 de
2037 3626 2107 3665 eo

438 3705 597 3763 sunt,
639 3696 895 3754 obscure
929 3693 1148 3766 scripta
1194 3693 1313 3748 sint
1354 3694 1566 3750 utiliter
1595 3700 1651 3751 et
1681 3697 2107 3768 dispensatorie

434 3792 680 3862 propter
704 3783 1179 3841 imbecillitatem
1223 3784 1661 3855 progenitorum
1711 3787 1999 3857 ipsorum,
2036 3803 2109 3842 ne

437 3875 780 3934 exciderent
794 3873 872 3929 ad
887 3873 1136 3928 deorum
1170 3872 1628 3940 multitudinem,
1643 3874 1814 3945 jubet
1834 3892 1994 3931 nunc
2007 3892 2109 3932 eos

438 3955 662 4032 fodere,
694 3968 757 4020 ut
791 3979 862 4019 ea
887 3979 1023 4035 qum
1053 3961 1167 4018 alte
1212 3962 1269 4017 in
1312 3963 1563 4019 modum
1617 3964 1877 4020 thesauri
1904 3980 2111 4021 recon-

436 4056 562 4113 dita
589 4059 747 4119 sunt,
778 4052 1013 4126 possint
1041 4052 1326 4107 invenire.

508 4145 668 4200 Vers.
699 4147 789 4200 39.
822 4142 968 4211 Quia
1014 4172 1081 4181 ——
1114 4141 1339 4197 habere.
1373 4141 1593 4197 Putatis
1625 4142 1862 4211 habere,
1898 4160 2106 4200 verum

434 4249 555 4292 non
569 4233 999 4304 habetis:quia
1021 4230 1337 4303 superﬁcie
1362 4236 1536 4285 tenus
1561 4231 1758 4286 solum
1786 4248 1888 4287 eas
1909 4233 2105 4304 legen-

437 4339 678 4393 ιδεμ]οη
708 4320 1174 4378 invenitisillum
1198 4327 1423 4375 certum
1446 4322 1825 4377 vitaeazternae
1854 4322 2102 4389 fontem,

434 4414 533 4485 qui
564 4418 652 4469 est
682 4411 971 4466 Christus.
1038 4410 1189 4474 Quia
1231 4425 1373 4479 ergo
1428 4412 1647 4481 putatis
1697 4412 1755 4465 in
1791 4413 2104 4484 Scripturis

438 4501 623 4557 vitam
650 4506 935 4556 aaternam
959 4498 1199 4563 habere,
1228 4503 1287 4553 et
1320 4504 1565 4570 propter
1591 4500 1814 4557 dictam
1856 4517 2105 4557 causam

432 4606 557 4647 non
587 4590 867 4655 habetis;
904 4588 1247 4644 scrutamini
1294 4589 1608 4662 profunde,
1674 4597 1735 4647 ut
1798 4592 2104 4648 inventam

434 4679 730 4736 habeatis.
1569 4753 1572 4757 .

505 4768 667 4823 Vers.
704 4768 792 4823 39.
834 4769 910 4823 Et
940 4784 1128 4824 —me.
1163 4768 1592 4837 Testiﬁcantur,
1626 4770 1841 4842 inquit,
1884 4771 1955 4826 de
2011 4786 2105 4828 me

435 4860 495 4917 in
520 4874 783 4931 persona
814 4859 1018 4929 Patris,
1047 4864 1248 4931 utpote
1278 4874 1501 4914 arcano
1533 4860 1713 4915 modo
1744 4876 1778 4914 a
1814 4860 1980 4916 Patre
2021 4861 2107 4915 in-

436 4948 670 5020 spirata:
713 4948 829 5013 his,
885 4948 989 5020 qui
1037 4964 1140 5003 eas
1196 4949 1579 5020 scripserunt.
1635 4950 1982 5020 Conjunctio
2029 4958 2105 5016 et,

434 5036 728 5106 abundat,
759 5036 927 5111 quod
958 5036 1019 5093 in
1055 5036 1345 5093 Hebraico
1378 5037 1661 5094 idiomate
1686 5037 1968 5111 frequens
1994 5043 2104 5095 est.

507 5127 679 5187 Vers.
710 5130 799 5185 40.
831 5128 910 5184 Et
962 5157 1032 5170 —
1084 5126 1361 5184 habeatis.
1397 5126 1598 5185 Vitam
1652 5128 1919 5186 videlicet
1956 5144 2107 5185 sem-

1809 236 2160 302 EUTHYMII
2198 236 2535 305 ZIGABENI

3695 246 3831 312 1932

2156 373 2195 425 A
2232 391 2512 448 προσωπον
2564 379 2852 448 μαρτυρίαν
2904 384 2995 429 τοῦ
3045 382 3199 445 Θεοῦ,
3258 376 3503 451 λέγοντες·
3562 383 3641 434 ὅτι
3700 384 3837 437 Οὔτε

2236 467 2405 534 φωνὴν
2456 463 2615 516 αὐτοῦ
2670 462 2964 537 ἀκηκόαμεν
3024 473 3246 533 πώποτε,
3308 471 3426 522 ούτε
3483 466 3623 534 εἶδος
3675 473 3835 525 αὐτοῦ

2235 552 2530 625 ἑωράκαμεν
2564 571 2575 584 ·
2613 554 2951 627 συνομολογεῐ
3002 561 3092 629 μὲν
3142 558 3166 609 ὂ
3221 558 3422 630 ἔμελλον
3474 560 3635 633 λέγειν
3670 581 3682 594 ·
3741 559 3837 615 διὰ

2236 637 2295 693 δὲ
2366 650 2457 693 τοῦ
2518 644 2880 716 συνομολογεῖν
2939 646 3008 708 εἰς
3091 647 3366 720 φιλόσοφον
3410 649 3599 712 αύτούς
3655 650 3835 723 ἀνάγει

2235 727 2431 802 δόγμα,
2484 728 2669 793 διδοὺς
2724 741 2853 786 νοεῖν
2908 736 2988 787 ὅτι
3026 740 3143 789 οὔτε
3182 743 3318 809 φωνὴ
3367 744 3484 813 περὶ
3534 743 3662 793 Θεὸν
3715 744 3834 794 οὔτε

2233 816 2387 880 εἶδος.
2438 828 2618 873 Ταῦτα
2672 826 2761 895 μὲν
2817 827 2919 897 γὰρ
2980 829 3232 898 σωμάτων
3292 827 3443 893 εἰσίν,
3509 830 3534 880 ὁ
3590 826 3649 882 δὲ
3704 834 3833 892 Θεὸς

2232 907 2507 982 ἀσώματος
2540 916 2711 984 φύσις,
2757 913 2947 986 μᾶλλον
2996 912 3054 968 δὲ
3085 917 3497 993 ύπερασώματος
3543 924 3632 972 καὶ
3676 922 3832 996 ὑπερ-

2229 1019 2381 1071 φυης.

2300 1184 2434 1233 Οὔτε
2473 1212 2539 1223 —
2594 1182 2870 1255 ἑωράκατε.
2925 1189 3026 1238 Καὶ
3068 1190 3170 1258 μὴν
3222 1186 3399 1240 πολλοὶ
3446 1187 3690 1251 πολλάκις
3743 1194 3834 1243 καὶ

2229 1276 2397 1341 φωνὴν
2430 1271 2589 1325 αὐτοῦ
2635 1277 2888 1339 ἥκουσαν,
2922 1280 3011 1327 καὶ
3042 1272 3183 1339 εἶδος
3213 1277 3372 1329 αὑτοῦ
3404 1278 3714 1351 ἑωράκασιν,
3765 1282 3835 1341 ὡς

2227 1361 2275 1410 ἓν
2308 1368 2420 1423 ταῖς
2465 1368 2691 1437 Γραφαίς
2738 1368 2853 1436 περὶ
2899 1361 3162 1439 διαφόρων
3214 1362 3479 1441 διαφόρως
3534 1370 3830 1441 ἱστόρηται.

2228 1450 2383 1502 Ἀλλά
2415 1457 2577 1522 φωνην
2608 1458 2697 1505 καὶ
2728 1450 2868 1515 εἶδος
2892 1454 2949 1506 ού
2977 1458 3110 1507 κατά
3142 1458 3298 1528 φύσιν
3330 1462 3478 1524 Θεοῦ,
3505 1459 3623 1510 καθ’
3646 1459 3833 1531 ὁμοίω·

2228 1557 2310 1589 σιν
2342 1535 2401 1591 δὲ
2432 1538 2726 1615 ἀνθρώπου.

2298 1636 2398 1683 Καὶ
2455 1662 2519 1671 -
2576 1633 2716 1704 ύμῖν.
2768 1639 2870 1686 Καὶ
2930 1638 2982 1686 τί
3059 1634 3211 1707 λέγω,
3282 1642 3431 1709 φησὶ,
3492 1642 3611 1709 περὶ
3662 1645 3835 1711 φωνῆς

2146 1736 2186 1789 Β
2226 1720 2523 1792 αύτοφὼνου
2556 1726 2643 1774 καὶ
2680 1719 2849 1784 εἴδους
2892 1724 3305 1800 αύτοπροσώπου
3336 1742 3349 1793 ;
3384 1726 3518 1778 Ἀλλ’
3567 1724 3690 1780 οὐδὲ
3745 1732 3831 1780 τόν

2222 1809 2372 1881 λόγον
2400 1810 2558 1863 αὐτοῦ
2590 1814 2736 1883 ἔχετε
2769 1819 2982 1885 μένοντα
3012 1813 3059 1865 ἐν
3099 1817 3239 1887 ύμῖν,
3273 1819 3359 1868 τόν
3392 1813 3485 1868 διὰ
3527 1821 3686 1889 νόμου
3741 1822 3831 1870 καὶ

2222 1906 2499 1973 προφητῶν
2530 1901 2832 1969 λαληθέντα,
2869 1903 2911 1955 εἰ
2935 1910 3023 1956 καὶ
3047 1907 3217 1957 οἴεσθε
3237 1913 3414 1957 τοῦτον
3443 1908 3584 1978 ἔχειν
3610 1911 3829 1978 μένοντα

2221 1990 2269 2041 ἓν
2300 1991 2440 2061 ύμῖν,
2470 1995 2559 2043 καὶ
2590 1991 2674 2043 ἐπὶ
2699 1995 2865 2063 τούτῳ
2903 1996 3229 2065 σεμνύνεσθε.
3265 1992 3387 2048 Εἶτα
3426 1997 3827 2064 κατασκευάζει,

2222 2078 2246 2130 ὁ
2281 2082 2499 2154 εἴρηκεν,
2534 2077 2888 2133 ἀποδεικνύων
2917 2082 3059 2137 αύτό.

2290 2345 2412 2398 Ὀτι
2442 2346 2494 2399 ὃν
2532 2378 2590 2388 ——
2636 2350 2924 2401 πιστεύετε.
2970 2349 3107 2402 Ἐπεὶ
3145 2352 3244 2425 γὰρ
3298 2352 3324 2403 ό
3377 2354 3466 2425 μὲν
3517 2349 3611 2406 διὰ
3664 2357 3824 2425 νόμου

2221 2441 2310 2488 καὶ
2358 2446 2634 2509 προφητῶν
2666 2434 2840 2500 δοθεὶς
2879 2438 2990 2510 (25)
3037 2438 3187 2511 λόγος
3240 2439 3362 2513 βοᾷ,
3425 2443 3504 2494 ὅτι
3554 2444 3579 2494 ό
3642 2449 3822 2520 Πατὴρ

2223 2526 2491 2579 ἀπέστειλε
2546 2530 2632 2579 τὸν
2689 2530 2807 2580 Υἱόν
2860 2528 3020 2580 αύτοῡ
3079 2530 3166 2582 ἐπὶ
3224 2536 3462 2605 σωτηρίᾳ
3515 2533 3678 2605 ὑμῶν,
3735 2540 3825 2587 καὶ

2222 2619 2303 2669 ὅτι
2358 2622 2467 2688 χρὴ
2512 2618 2644 2689 ὑμᾶς
2697 2620 2864 2689 τούτῳ
2896 2622 3178 2671 πιστεύειν·
3207 2622 3350 2693 ὑμεῖς
3383 2618 3442 2674 δὲ
3476 2622 3528 2674 ὃν
3577 2621 3824 2676 ἀπέστει-

2220 2705 2299 2757 λεν
2352 2704 2561 2773 ἐκεῖνος,
2615 2710 2780 2778 τούτῳ
2832 2707 2889 2759 ού
2942 2711 3228 2762 πιστεύετε·
3288 2713 3492 2774 πάντως
3547 2712 3605 2764 ού
3665 2732 3826 2788 προσ-

2223 2799 2369 2867 έχετε
2399 2803 2470 2865 τῷ
2514 2792 2797 2853 δηλωθέντι
2840 2796 2973 2869 λόγῳ
3018 2798 3198 2853 αὑτοῦ.
3249 2804 3335 2858 Μὴ
3370 2806 3714 2874 προσέχοντες
3766 2798 3827 2856 δε

2223 2885 2361 2955 αύτῷ
2400 2885 2493 2937 ούκ
2524 2888 2668 2957 ἔχετε
2706 2886 2881 2950 αὐτόν,
2939 2891 3099 2958 ἤγουν
3157 2893 3251 2947 τὴν
3284 2892 3445 2965 χάριν
3485 2891 3666 2943 αὐτοῦ·
3724 2892 3824 2943 ἀπ..

2222 2980 2348 3033 ἐπτη
2389 2978 2490 3049 γὰρ
2535 2974 2617 3047 ἀφ’
2651 2977 2811 3048 ὑμῶν,
2858 2975 2968 3029 Ἱνα
3012 2974 3071 3029 δὲ
3100 2982 3171 3049 μὴ
3225 2982 3460 3048 εἴπωσιν,
3516 2983 3595 3033 ὃτι
3644 2987 3733 3035 καὶ
3764 2983 3826 3034 Εἰ

2142 3095 2182 3152 C
2222 3068 2291 3136 μὴ
2342 3069 2509 3135 φωνὴν
2554 3065 2713 3117 αὐτοῦ
2772 3065 3086 3140 ἀκηκόαμεν,
3142 3076 3251 3131 πῶς
3300 3067 3631 3145 ἐμαρτύρησε
3694 3088 3822 3138 σοις

2221 3172 2397 3225 φησιν.

2292 3244 2559 3313 Ἐρευνᾶτε
2638 3246 2727 3305 τὰς
2807 3247 3033 3321 Γραφάς.
3093 3249 3197 3307 Τὰς
3250 3250 3465 3320 νομικὰς
3541 3255 3629 3302 καὶ
3700 3271 3826 3324 προ-

2219 3335 2457 3405 φητικάς.
2493 3334 2709 3387 Ἐκεῖθεν
2740 3337 2839 3408 γὰρ
2876 3338 2905 3394 ἠ
2955 3340 3097 3409 παρα
3143 3343 3235 3388 τοῦ
3287 3342 3485 3413 Πατρός
3530 3340 3643 3411 (26)
3692 3361 3825 3415 μαρ-

2216 3428 2373 3495 τυρία
2408 3438 2420 3451 ’
2461 3425 2555 3497 ὅροι
2604 3420 2660 3476 δὲ
2693 3432 2798 3485 πῶς
2829 3425 2922 3477 οὐκ
2971 3424 3106 3477 εἶπεν
3142 3443 3153 3456 ⁸
3210 3428 3636 3499 Ἀναγινώσκετε⁹
3689 3429 3819 3497 ἀλλ’,

2216 3513 2501 3587 Ἐρευνᾶτε.
2567 3514 2938 3585 Ἀνεγίνωσκον
2989 3518 3078 3586 μὲν
3131 3517 3254 3590 γὰρ,
3311 3517 3405 3569 ούκ
3457 3518 3680 3591 ἠρεύνων
3740 3514 3819 3575 δέ.

2217 3606 2313 3656 Διὰ
2369 3611 2522 3656 τοῦτο
2573 3603 2765 3656 κελεύει
2822 3603 3048 3679 ἐρευνᾷν.
3111 3605 3251 3659 Ἐπεὶ
3306 3609 3408 3681 γὰρ
3470 3613 3822 3662 συνεσκίαστο

2216 3693 2282 3743 τὰ
2342 3697 2460 3765 περὶ
2521 3694 2681 3745 αὑτοῦ
2739 3698 3073 3769 γεγραμμένα
3126 3700 3487 3769 συμφερόντως
3534 3702 3623 3749 καὶ
3681 3698 3825 3751 οἰκο-

2184 3778 2435 3853 ’νομικώς
2480 3779 2574 3834 διὰ
2618 3787 2710 3841 τὴν
2760 3792 2858 3835 τῶν
2907 3789 3168 3857 προγόνων
3209 3784 3376 3837 αὐτῶν
3408 3784 3694 3857 ἀσθένειαν,
3741 3790 3825 3841 ἱνα

2218 3876 2289 3945 μὴ
2332 3870 2620 3924 ἐκπέσωσιν
2662 3873 2729 3935 εἰς
2762 3872 3058 3943 πολυθεῖοιν,
3094 3873 3350 3928 ἐπιτάττει
3399 3884 3486 3927 νῦν
3528 3873 3822 3952 διορύττειν

2221 3963 2302 4013 ἵνα
2331 3964 2396 4013 τὰ
2422 3960 2469 4013 ἓν
2494 3970 2564 4032 τῷ
2598 3961 2751 4034 βάθει
2789 3968 2997 4035 κείμενα
3027 3966 3258 4038 καθάπερ
3291 3985 3372 4028 τις
3410 3968 3676 4040 θησαυρός
3709 3966 3822 4040 (27)

2220 4048 2519 4109 δυνηθῶσιν
2547 4051 2731 4126 εύρείν.

2287 4139 2406 4193 Ὀτι
2449 4172 2515 4181 -
2558 4143 2719 4213 ἔχειν.
2768 4146 2971 4194 Δοκεῖτε
3022 4145 3113 4215 μὲν
3168 4145 3329 4216 ἔχειν,
3385 4144 3479 4197 ούκ
3534 4148 3681 4218 ἔχετε
3740 4143 3818 4213 δὲ,

2219 4228 2359 4283 διότι
2407 4231 2714 4292 ἑπιπολαίως
2766 4235 2959 4294 ταύτας
3010 4230 3449 4304 ἀναγινώσκοντες
3529 4235 3633 4308 οὐχ
3688 4239 3823 4312 εὑρί-

2220 4340 2363 4374 σκετε
2394 4323 2586 4379 ταύτην
2619 4324 2730 4381 ἣτις
2762 4320 2897 4374 ἐστὶν
2946 4322 2971 4373 ό
3004 4325 3249 4396 Χριστός,
3297 4326 3326 4381 ἡ
3370 4330 3513 4396 πηγὴ
3562 4334 3652 4386 τῆς
3701 4326 3822 4378 οιὶω⁸

2214 4416 2325 4463 νίου
2382 4411 2536 4471 ζωῆς.
2590 4412 2730 4463 Ἐπεὶ
2775 4407 2862 4462 οὖν
2920 4406 3122 4465 δοκεῖτε
3160 4414 3249 4484 μὲν
3313 4412 3413 4465 ἀπὸ
3453 4423 3553 4466 τῶν
3610 4420 3821 4488 Γραφῶν

2218 4501 2356 4561 ζωὴν
2389 4500 2593 4551 αἰώνιον
2635 4501 2795 4570 ἔχειν,
2848 4498 2941 4551 ούκ
2981 4501 3125 4570 ἔχετε
3175 4496 3234 4552 δε
3275 4498 3367 4553 διὰ
3424 4506 3513 4560 τὴν
3566 4503 3818 4577 ῥηθεῖσαν

2216 4589 2409 4655 αἰτίαν,
2455 4588 2632 4641 λοιπόν
2678 4587 2909 4664 ἐρευνᾶτε
2936 4592 3125 4650 ταύτας
3156 4590 3223 4651 εἰς
3258 4588 3438 4663 βάθος,
3476 4592 3557 4644 ἳνα
3587 4594 3819 4667 εὑρόντες

2215 4682 2394 4752 ἔχητε.

2290 4773 2487 4821 Καὶ-
2531 4767 2675 4841 ἐμοῦ.
2732 4770 2797 4821 Αἰ
2841 4776 3229 4842 μαρτυροῦσαι,
3294 4775 3445 4842 φησι,
3499 4776 3614 4845 περὶ
3669 4770 3809 4843 ἐμοῦ,

2218 4864 2481 4932 προσώπῳ
2516 4866 2607 4911 τοῦ
2649 4862 2869 4933 Πατρός,
2911 4859 2996 4911 οἵα
3028 4862 3171 4934 παρὰ
3221 4867 3316 4912 τοῦ
3357 4863 3559 4935 Πατρός
3606 4858 3813 4931 ἔμπνευ-

2138 4454 2183 4510 D

2222 4952 2429 5001 σθεῖσαι
2460 4946 2767 5023 ἁποιὸρἠως
2816 4956 2925 5011 τοῖς
2976 4953 3292 5024 γεγραφόσιν
3341 4950 3524 5014 αὑτάς.
3576 4952 3817 5026 Περιττόν

2220 5037 2278 5092 δὲ
2310 5038 2531 5091 ἐνταῦθα
2556 5042 2613 5090 τό
2639 5043 2749 5104 καὶ,
2782 5037 2897 5091 καθ’
2928 5037 3198 5113 Ἐϐραῖκόν
3232 5035 3454 5111 ἰδίωμα.

2290 5133 2493 5181 Καὶ-
2531 5128 2713 5201 ἔχητε.
2765 5132 2912 5189 Ζωήν
2954 5129 3180 5201 αἰώνιον,
3232 5126 3496 5189 δηλοόντι.
3547 5126 3694 5205 Εἶτα,
3744 5132 3828 5185 ἶνα

1651 5357 1877 5433 Variae
1904 5358 2232 5430 lectiones
2262 5368 2327 5430 et
2356 5369 2560 5431 notae.

504 5608 617 5766 ἓξὲξ

504 5620 617 5765 (25ζ
650 5625 844 5693 Νόμος,
876 5638 985 5695 pro
1006 5620 1175 5695 λόγος,
1219 5615 1277 5674 A-

502 5691 595 5765 (26
641 5699 893 5765 Σωτῆρος,
924 5710 1033 5765 pro
1062 5700 1277 5765 Πατρός.

641 5699 893 5771 Σωτῆρος,
924 5710 1033 5767 pro
1062 5700 1284 5770 Πατρός,
1326 5701 1380 5750 Β.

2287 5612 2399 5692 (27)
2434 5613 2598 5669 Forte
2627 5613 2742 5667 τινὰ
2774 5613 3058 5694 θησαυρόν.
