4156 6408
410 308 544 366 £233

1475 306 1833 366 COMMENT.
1878 307 1948 364 IN
1984 306 2329 365 JOANNEM.
2372 338 2440 351 —
2478 306 2634 366 CAP.
2669 306 2738 362 V.

3642 309 3778 366 1234

404 439 477 510 μὴ
533 433 885 501 ὑπολάϐωσιν,
942 435 1023 488 ὅτι
1088 429 1373 508 φιλοδοξῶν
1438 432 1574 506 λέγει
1637 454 1705 487 τα
1766 442 2003 499 τοιαῦτα,

2137 433 2430 492 iiternam.
2464 435 2707 505 Deinde,
2738 451 2814 493 ne
2863 433 3316 509 suspicarentur
3353 437 3526 510 quod
3572 452 3778 494 amore

406 530 586 599 φησίν·

476 615 636 678 Δόξαν
665 647 731 656 —
759 614 1028 688 λάμϐάνω,
1062 614 1137 667 Ού
1165 613 1313 687 φιλῶ,
1341 613 1423 665 οἶα
1454 618 1524 686 μὴ
1555 614 1775 687 χρῄζων
1810 614 1997 675 αὐτῆς·

405 701 530 759 ούδε
554 707 655 778 γὰρ
710 707 735 756 ὁ
776 705 920 767 ἣλιος
951 701 1121 757 δεῖται
1172 704 1451 776 λυχνιαίου
1494 709 1678 776 φωτός.
1728 709 1828 757 Καὶ
1876 709 2008 765 τίνος

406 796 566 848 ἕνεκεν
596 797 662 847 τά
690 803 909 847 τοιαῦτα
939 794 1101 866 ἔλεγεν
1144 810 1156 859 ;
1187 792 1298 847 Ἵνα
1326 798 1745 866 παντοιοτρόπως
1787 795 2006 846 ἐπισπά-

410 905 569 943 σηται
612 885 797 945 αύτούς
850 884 920 945 εἰς
964 889 1144 937 πίστιν
1197 880 1269 936 δι’
1326 884 1389 946 ἧς
1440 882 1641 954 ἔμελλον
1682 885 1821 955 ἔχειν
1869 883 2007 944 ζωὴν

406 974 634 1028 αἰώνιον.

476 1064 615 1118 Ἀλλ’
643 1094 712 1105 -
745 1063 965 1126 ἑαυτοῖς.
991 1062 1157 1137 Ὑμεῖς
1183 1065 1292 1135 μὲν,
1331 1066 1511 1135 φησὶν,
1557 1065 1624 1124 ὡς
1666 1059 1821 1122 δῆθεν
1880 1062 2006 1134 ἀγα.

405 1162 596 1216 πῶντες
652 1157 738 1207 τὸν
780 1158 927 1223 Θεόν,
979 1152 1271 1207 ἀπωθεῖσθε
1319 1172 1400 1224 με,
1462 1154 1541 1206 ὅτι
1598 1160 1729 1204 ποιῶ
1783 1152 2004 1225 ἐμαυτόν

403 1248 519 1297 ἴσον
548 1252 621 1315 τῷ
658 1252 772 1316 Θεῷ
813 1262 825 1274 '
860 1244 1140 1316 ἐλέγχεσθε
1186 1241 1244 1295 δὲ
1283 1239 1597 1314 ψευδόμενοι
1628 1262 1640 1275 ·
1680 1244 1880 1314 ἔγνωκα
1903 1246 2004 1316 γὰρ

404 1335 537 1401 ὑμᾶς
568 1334 648 1385 ὅτι
699 1333 792 1385 οὐκ
843 1332 1079 1404 ἀγαπᾶτε
1104 1336 1192 1384 τόν
1232 1336 1374 1386 Θεὸν.
1433 1339 1550 1393 Πῶς
1584 1331 1743 1397 ;”Οτι
1786 1338 1905 1406 περὶ
1946 1332 2007 1385 οὗ

405 1422 594 1484 ἐκεῖνος
651 1430 909 1496 μαρτυρεῖ
945 1428 1034 1475 καὶ
1086 1419 1179 1474 διά
1218 1430 1308 1475 τοῦ
1348 1421 1607 1488 Ἰωάννου,
1663 1426 1752 1474 καὶ
1784 1419 1878 1473 διά
1908 1431 2005 1473 τῶν

406 1516 586 1585 ἔργων,
622 1517 711 1564 καὶ
742 1508 836 1565 διὰ
854 1520 951 1564 τῶν
987 1518 1217 1584 Γραφῶν,
1247 1519 1427 1563 τοῦτον
1445 1513 1592 1584 ὑμεῖς
1613 1510 1670 1563 ού
1701 1512 2002 1583 προσίεσθε.

403 1601 604 1676 Ὠσπερ
638 1598 725 1655 οὖν
752 1607 997 1677 πρότερον
1027 1602 1324 1673 νομίζοντες
1341 1599 1470 1653 εἶναί
1487 1621 1548 1673 με
1570 1600 1818 1667 ἀντίθεον,
1851 1599 2006 1659 ἠλαύ-

404 1711 508 1744 νετε
540 1709 551 1720 ·
588 1691 723 1743 ούτω
764 1699 872 1755 νῦν,
924 1692 1023 1743 ύπό
1074 1700 1173 1743 τῶν
1223 1690 1499 1765 εἰρημένων
1544 1698 1840 1763 μαρτυριῶν
1884 1688 2007 1741 ἀπο-

2115 524 2316 596 gloriae
2353 525 2492 582 talia
2522 527 2762 596 diceret,
2797 526 2876 583 ait
2909 544 2923 583 :

2185 617 2341 670 Vers.
2376 617 2463 671 41.
2500 617 2759 673 Gloriam
2797 648 2866 659 -
2891 616 3133 686 accipio.
3190 616 3321 673 Non
3370 633 3583 673 amans
3617 632 3774 684 eam,

2114 710 2216 761 aut
2246 720 2310 760 ea
2346 705 2616 775 indigens
2670 726 2682 766 :
2712 722 2901 779 neque
2932 709 3095 762 enim
3137 706 3226 763 sol
3255 706 3511 763 lucernas
3552 707 3777 763 lumine

2113 795 2359 864 indiget.
2397 795 2613 851 Verum
2644 812 2831 868 quam
2862 797 2942 853 ob
2968 812 3215 853 causam
3233 798 3361 853 haec
3392 796 3680 855 dicebat?
3708 797 3779 853 Ut

2113 885 2278 940 omni
2308 884 2488 939 modo
2520 885 2597 940 ad
2628 886 2808 941 ﬁdem
2829 902 2929 942 eos
2962 887 3300 955 attraheret,
3333 902 3439 959 per
3459 903 3641 961 quam
3674 888 3777 945 ha-

2112 972 2293 1029 bituri
2318 980 2513 1029 essent
2544 975 2725 1030 vitam
2751 979 3057 1032 aeternam.

2184 1065 2345 1118 Vers.
2393 1067 2481 1118 42.
2527 1063 2643 1119 Sed
2683 1096 2753 1104 —
2812 1064 2983 1121 vobis.
3044 1064 3181 1135 Vos,
3214 1065 3425 1138 inquit,
3483 1071 3775 1141 tanquam

2113 1152 2296 1207 Deum
2327 1152 2639 1222 diligentes
2674 1169 2767 1208 me
2794 1154 3095 1225 repellitis,
3128 1155 3289 1227 quod
3320 1172 3415 1212 me
3459 1156 3654 1228 ipsum
3692 1158 3776 1214 fa-

2113 1242 2268 1298 ciam
2300 1242 2419 1297 Deo
2444 1242 2735 1314 aequalem
2762 1262 2774 1311 ;
2805 1244 2908 1298 sed
2942 1245 3241 1301 mendacii
3269 1246 3585 1317 arguimini
3618 1265 3630 1304 :
3662 1263 3774 1318 ego

2113 1332 2270 1387 enim
2304 1331 2445 1387 novi
2464 1347 2586 1397 vos,
2600 1333 2765 1403 quod
2782 1333 2969 1389 Deum
2986 1349 3109 1390 non
3122 1335 3400 1407 diligatis.
3419 1336 3734 1403 Quomodo
3747 1338 3774 1374 9

2114 1420 2265 1486 Quia
2305 1420 2378 1476 de
2417 1437 2539 1492 quo
2587 1420 2681 1477 ille
2709 1421 3113 1478 testimonium
3145 1424 3436 1495 perhibet,
3466 1430 3522 1481 et
3550 1441 3655 1498 per
3679 1428 3774 1481 Jo-

2113 1526 2356 1574 annem,
2398 1515 2582 1583 etper
2613 1526 2815 1583 opera,
2846 1515 2902 1567 et
2928 1527 3035 1583 per
3074 1513 3431 1585 Scripturas,
3473 1515 3632 1571 hunc
3667 1531 3772 1571 vos

2114 1615 2234 1655 non
2255 1599 2533 1671 recipitis.
2565 1599 3092 1665 Quemadmodum
3136 1617 3277 1673 ergo
3317 1603 3575 1674 primum
3617 1603 3773 1659 arbi-

2112 1690 2268 1754 trati,
2307 1689 2475 1761 quod
2528 1705 2721 1745 essem
2760 1691 2878 1746 Deo
2917 1692 3269 1762 contrarius,
3305 1708 3400 1748 me
3452 1692 3777 1763 repelleba-

406 1777 718 1852 δειχθείσης
744 1789 835 1841 τῆς
870 1779 1134 1850 ἀληθείας9
1170 1780 1403 1852 ὠφείλετε
1432 1776 1814 1854 προσδραμεῖν.
1852 1778 2008 1831 Ἀλλά

2141 1779 2188 1833 is
2221 1797 2233 1833 :
2266 1779 2349 1834 ita
2375 1794 2557 1845 nunc,
2592 1779 3057 1836 demoustrataa
3100 1781 3274 1838 dictis
3335 1783 3583 1839 testibus
3633 1784 3777 1838 veri-

405 1872 574 1943 μάτην
601 1870 897 1942 κομπάζετε
952 1866 1024 1923 δι’
1056 1868 1264 1941 ἀγάπην
1300 1878 1391 1922 τοῦ
1424 1878 1557 1922 Θεοῦ
1586 1869 2005 1943 ἀποστρέφεσθαί

404 1979 486 2032 με.
522 1963 617 2013 Διά
674 1959 968 2032 βασκανίαν
1019 1962 1121 2034 γὰρ
1151 1967 1301 2012 τούτο
1358 1967 1642 2025 ποιοῦντες,
1696 1958 2005 2019 συσκιάζειν

404 2051 597 2108 ταύτην
624 2048 957 2121 ἐπιχειρεῖτε.

480 2139 609 2209 Ἐγὼ
639 2169 706 2179 —
739 2157 820 2211 με.
856 2170 921 2179 —-

404 2232 568 2299 ἤγουν
599 2227 915 2289 ἀποσταλεὶς
958 2230 1099 2300 παρὰ
1137 2236 1225 2280 τοῦ
1277 2233 1477 2300 Πατρός
1515 2249 1635 2299 μου,
1666 2231 1735 2289 ὡς
1764 2228 1921 2288 αύτός
1954 2245 2008 2279 τε

975 2138 1055 2191 Ἐν
1104 2146 1176 2208 τῷ
1222 2137 1435 2209 ὀνόματι
1484 2145 1575 2190 τοῦ
1636 2142 1832 2211 Πατρός
1881 2158 2002 2210 μου,

407 2325 664 2393 μαρτυρεῖ
693 2316 839 2387 κάγὼ
875 2316 1127 2389 ὁμολογῶ,
1162 2322 1249 2369 xui
1277 2317 1334 2369 ού
1369 2314 1595 2388 δέχεσθέ
1622 2336 1703 2388 με.

475 2407 596 2459 Ἐἀν
622 2438 695 2447 -
718 2406 967 2476 λήψεσθε.
996 2411 1119 2479 Περὶ
1145 2414 1233 2459 τοῦ
1251 2407 1621 2479 Ἀντιχρίστου
1643 2410 1797 2459 τοῦτό
1825 2425 2003 2478 φησιν,

405 2497 459 2559 ὃς
490 2496 749 2550 ἐλεύσεται
780 2495 827 2548 ἐν
850 2504 922 2565 τῷ
954 2495 1169 2568 ὀνόματι
1198 2504 1270 2565 τῷ
1309 2493 1449 2567 ἰδίῳ,
1481 2516 1746 2549 τουτεστιν
1783 2495 1869 2568 ἀφ’
1895 2496 2007 2549 ἑαυ-

406 2594 499 2640 τοῦ
526 2590 595 2648 ὡς
623 2582 779 2644 δῆθεν
820 2584 973 2646 αύτός
1002 2586 1068 2637 ὢν
1098 2587 1123 2638 0
1152 2584 1235 2638 ἐπὶ
1261 2588 1461 2638 πάντων
1494 2591 1639 2646 Θεός.
1676 2588 2009 2639 Καθάπτεται

406 2673 496 2729 οὖν
528 2683 617 2736 τῆς
650 2674 1031 2746 ἀναισχυντίας
1068 2683 1169 2726 τῶν
1211 2671 1502 2740 Ἰουδαίων,
1530 2677 1594 2735 ὡς
1620 2675 1774 2727 αύτόν
1805 2678 1894 2746 μὲν
1923 2679 2008 2728 τόν

403 2765 621 2837 λέγοντα
651 2761 844 2817 εἰδέναι
874 2768 960 2816 τόν
1002 2768 1123 2817 Θεὸν
1167 2769 1256 2816 καὶ
1288 2764 1640 2835 ὁμολογοῦντα
1688 2764 2010 2817 ἀπεστάλθαι

410 2855 532 2929 παρ’
560 2854 741 2921 αὐτοῦ,
776 2859 859 2905 xui
886 2858 955 2926 μὴ
992 2852 1327 2925 ἐλεγχόμενόν
1356 2852 1582 2906 ἀντίθεον
1611 2852 2006 2926 ἀποσειομένων·

407 2948 494 2997 τόν
524 2939 582 2996 δὲ
613 2945 881 3015 φάσκοντα
910 2947 978 3015 μὴ
1012 2939 1202 2995 εἰδέναι
1228 2941 1412 2995 ἐκεῖνον
1443 2947 1532 2995 καὶ
1562 2944 1900 3015 κομπάζοντα
1926 2942 2009 3016 ἀφ’

410 3032 595 3086 ἑαυτοῦ
617 3035 769 3105 ἤχεεν
791 3038 881 3085 καὶ
899 3028 1270 3106 προδηλότατα
1288 3029 1760 3105 διαγινωσκόμενον
1784 3031 2010 3086 ἀντίθεον

410 3126 786 3196 προσιεμένων.

487 3208 612 3264 Εἶτα
641 3214 824 3269 τίθησι
852 3215 943 3263 καὶ
986 3215 1081 3269 τὴν
1113 3215 1284 3263 αἰτίαν
1332 3219 1426 3273 τῆς
1454 3210 1696 3272 ἀπιστίας
1723 3212 1890 3264 αὐτῶν
1910 3214 2013 3276 ,ὅτι

414 3298 509 3353 διὰ
533 3298 831 3373 φιλοδοξίαν
862 3301 921 3353 ού
952 3303 1286 3353 πιστεύουσι·
1319 3302 1402 3358 Μὴ
1449 3300 1672 3363 θέλοντες
1697 3305 1798 3376 γὰρ
1831 3322 2015 3375 προτι-

413 3394 653 3464 μηθῆναι
678 3392 846 3443 αὐτῶν
868 3392 967 3443 ύπὸ
1002 3390 1113 3462 (28)
1139 3398 1228 3443 τοῦ
1254 3390 1486 3453 πλήθους
1510 3395 1594 3444 τόν
1629 3396 1873 3464 Χριστόν,
1896 3392 2014 3445 ἐκώ-

413 3501 584 3548 φευον,
641 3486 731 3533 καὶ
760 3483 913 3553 ἓμυον
973 3479 1273 3540 ἐθελουσίως
1330 3484 1459 3555 πρὸς
1497 3486 1588 3539 τὴν
1624 3481 1886 3551 ἀληθειαν,
1926 3488 2015 3535 καὶ

414 3571 582 3622 πάντα
612 3568 815 3623 ἐποίουν
845 3571 972 3643 ὑπὲρ
1004 3578 1095 3622 τοῦ
1126 3574 1196 3641 μὴ
1230 3569 1460 3623 ἐκπεσεῖν
1482 3578 1579 3633 τῆς
1600 3567 1760 3634 δόξης
1792 3572 1851 3630 ἣν
1871 3569 2013 3644 εἶχον

413 3662 555 3731 παρὰ
577 3666 668 3712 τοῦ
698 3659 943 3721 πλήθους,

489 3756 599 3811 Πῶς
625 3780 690 3790 -
720 3747 1062 3821 λαμϐάνοντες
1094 3766 1108 3815 ;
1152 3748 1459 3822 Ἐμποδίζει
1486 3752 1588 3824 γὰρ
1616 3750 1774 3809 αὕτη.

490 3932 589 3980 Καὶ
620 3959 687 3968 —
724 3931 925 3991 ζητεῖτε
963 3945 977 3995 ;
1010 3927 1104 3980 Ἦν
1141 3932 1302 4000 μόνην
1361 3926 1467 3982 ἔδει
1525 3929 1716 3992 ζητεῖν,
1750 3938 1843 3991 τῆς
1875 3932 2018 4003 παρὰ

414 4015 698 4090 ἀνθρώπων
756 4026 1226 4091 καταφρονοῦντας,
1285 4018 1326 4070 εί
1379 4023 1469 4070 καὶ
1516 4020 1662 4089 ὑμεῖς
1723 4022 2016 4070 τούναντίον

415 4113 628 4158 ποιεῖτε.
660 4108 998 4178 Πανταχόθεν
1058 4112 1229 4158 τοίνυν
1274 4106 1619 4179 ἐπιστομίσας
1664 4108 1867 4169 αύτούς,
1928 4113 2018 4160 καὶ

418 4191 702 4257 ἀποδείξας
731 4198 908 4257 πάσης
944 4201 1258 4267 συγγνώμης
1296 4194 1557 4262 ἀναξίους,
1599 4196 1775 4249 λοιπὸν
1803 4200 2015 4268 ἐφίστη-

421 4303 502 4336 σιν
534 4284 707 4347 αύτοῖς
736 4290 1030 4359 κατήγορον
1066 4285 1220 4337 αὐτόν
1260 4289 1347 4338 τόν
1379 4290 1607 4339 Μωύσέα
1635 4289 1720 4337 τόν
1742 4288 2017 4358 νομοθέτην

418 4372 583 4426 αὐτῶν
592 4418 602 4427 .

490 4467 576 4521 Μὴ
604 4494 674 4504 ——
699 4467 916 4537 πατέρα.
954 4464 1075 4517 Κατ’
1104 4462 1359 4535 ἐρώτησιν
1382 4466 1572 4523 ἠθικὴν
1604 4466 1629 4515 ό
1654 4463 1817 4535 λόγος,
1862 4466 1941 4516 ὅτι
1964 4465 2021 4517 Εἰ

419 4557 510 4605 xui.
535 4548 642 4605 ἔδει
667 4572 731 4625 με
756 4560 908 4605 τοῦτο
940 4560 1183 4621 ποιῆσαι,
1216 4552 1323 4604 ἀλλ’
1365 4552 1423 4605 ού
1454 4558 1677 4622 ποιήσω,
1723 4552 2023 4617 ἀνεξικακος

421 4663 510 4695 ων.

493 4815 676 4869 ’Ἑστιν
716 4847 781 4857 -
814 4823 1068 4876 Μωυσῆς.
1100 4815 1182 4887 ’ῼς
1233 4814 1590 4868 ἀπιστούντων
1638 4817 1714 4879 οἷς
1754 4823 1871 4890 περὶ
1902 4817 2024 4891 ἐμοῦ

426 4903 641 4977 ἔγραψε,
669 4912 759 4958 καὶ
788 4906 953 4966 οὕτως
982 4903 1329 4957 ἀπειθούντων
1361 4906 1522 4975 αύτῷ.

497 4996 585 5056 Εἰς
650 5027 718 5037 --
760 4996 1033 5055 ἠλπίκατε.
1096 4994 1181 5056 Ὡς
1249 4995 1320 5055 εἰς
1369 4991 1685 5066 δημαγωγὸν
1738 5002 1826 5048 καὶ
1902 5017 2026 5070 1790-

431 5089 627 5145 στάτην
666 5090 757 5138 xui
813 5090 1029 5159 μεσίτην
1060 5088 1124 5137 τὰ
1174 5089 1299 5159 πρὸς
1349 5090 1497 5138 Θεόν.
1558 5084 1756 5160 Ὥσπερ
1798 5083 1856 5139 δὲ
1909 5094 2026 5163 περὶ

428 5186 527 5229 τῶν
555 5183 767 5252 Γραφῶν
824 5175 961 5247 ἔλεγε
1002 5194 1014 5209 σ
1043 5179 1244 5229 Δοκεῖτε
1296 5176 1344 5227 ἓν
1392 5174 1572 5236 uti-tui;
1632 5178 1769 5238 ζωὴν
1820 5177 2024 5230 αἰώνιον

2115 1873 2252 1933 tate,
2312 1868 2673 1924 debuissetis
2704 1884 3035 1925 accurrere.
3098 1870 3208 1926 Sed
3264 1871 3481 1928 frustra
3516 1871 3772 1943 jactatis,

2115 1957 2279 2029 quod
2301 1956 2397 2011 Dei
2424 1957 2547 2012 zelo
2578 1973 2673 2013 me
2722 1959 3102 2014 aversamini.
3130 1960 3277 2016 Nam
3314 1962 3521 2016 cumid
3548 1961 3777 2018 invidia

2114 2044 2368 2112 faciatis,
2393 2046 2506 2101 hoc
2546 2044 2729 2101 modo
2768 2046 2944 2103 istam
2986 2047 3284 2103 occultare
3319 2048 3596 2104 nitimini.

2188 2135 2349 2189 Vers.
2378 2138 2465 2189 43.
2512 2135 2630 2205 Ego
2666 2166 2729 2176 —
2757 2150 2860 2192 me.
2895 2167 2959 2177 —
2994 2136 3219 2193 Nomine
3274 2138 3469 2193 Patris
3494 2138 3621 2204 mei,
3656 2140 3776 2193 sive

2115 2224 2401 2279 missusa
2440 2223 2610 2279 Patre
2652 2240 2806 2292 meo,
2863 2225 3012 2281 sicut
3077 2227 3207 2298 ipse
3252 2230 3494 2283 testatur
3550 2233 3608 2285 et
3665 2244 3777 2298 ego

2116 2311 2423 2378 conﬁteor,
2456 2316 2512 2367 et
2537 2328 2659 2367 non
2689 2313 2983 2386 suscipitis
3016 2331 3131 2370 me.

2186 2401 2350 2456 Vers.
2366 2404 2456 2457 43.
2481 2432 2545 2442 -—-
2567 2402 2640 2457 Sz'
2651 2403 2957 2475 recipietis.
2978 2407 3052 2460 De
3078 2404 3440 2461 Antichristo
3470 2405 3584 2461 hoc
3613 2405 3775 2470 dicit,

2116 2489 2221 2563 qui
2248 2490 2448 2546 veniet
2475 2491 2719 2547 nomine
2736 2494 2997 2565 proprio,
3014 2493 3135 2549 sive
3171 2510 3207 2549 a
3229 2511 3289 2549 se
3312 2494 3466 2567 ipso,
3488 2500 3775 2568 tanquam

2116 2583 2243 2652 ipse
2276 2583 2428 2637 Deus
2450 2586 2620 2647 esset,
2654 2582 2754 2653 qui
2787 2598 2970 2654 super
2999 2600 3207 2639 omnes
3260 2590 3367 2640 est.
3416 2587 3598 2639 Taxat
3637 2599 3779 2652 ergo

2118 2670 2545 2742 impudentiam
2590 2670 2959 2736 Judaeorum,
3009 2672 3169 2743 quod
3218 2690 3358 2729 eum
3404 2673 3779 2744 repellerent,

2119 2776 2258 2816 cum
2285 2775 2347 2815 se
2380 2760 2595 2815 diceret
2624 2775 2806 2815 nosse
2836 2761 3019 2816 Deum
3053 2766 3110 2818 et
3136 2762 3215 2818 ab
3244 2778 3315 2818 eo
3349 2763 3602 2818 missum
3630 2778 3779 2828 esse,

2121 2866 2229 2906 nec
2260 2849 2711 2905 convinceretur
2728 2850 2845 2905 Deo
2869 2852 3344 2908 essecontrarius
3377 2870 3392 2906 :
3424 2852 3587 2908 illum
3622 2868 3783 2921 vero,

2120 2940 2218 3012 qui
2250 2954 2311 2994 se
2350 2938 2567 2994 diceret
2596 2954 2716 2994 non
2743 2955 2924 2995 nosse
2946 2942 3152 3006 Deum,
3205 2948 3261 2996 et
3286 2958 3321 2997 a
3346 2940 3544 3013 seipso
3586 2942 3785 2996 venire

2120 3045 2181 3085 se
2206 3030 2475 3100 jactaret,
2528 3043 2596 3084 ac
2642 3026 3128 3085 manifestissime
3172 3029 3622 3101 dignosceretur
3656 3046 3784 3085 esse

2046 3152 2086 3209 Ο
2125 3121 2240 3175 Deo
2263 3118 2618 3185 contrarius,
2650 3118 2998 3189 reciperent.

2194 3206 2412 3263 Deinde
2439 3207 2603 3280 ponit
2631 3211 2687 3263 et
2707 3222 2956 3263 causam
2986 3206 3346 3264 inﬁdelitatis
3375 3208 3787 3283 eorum,quod

2124 3305 2358 3372 propter
2397 3296 2598 3367 gloriae
2643 3311 2911 3352 amorem
2961 3312 3084 3351 non
3132 3298 3481 3357 crederent:
3516 3298 3786 3354 nolentes

2123 3390 2281 3445 enim
2339 3387 2637 3445 Christum
2669 3401 2855 3457 supra
2885 3402 2947 3441 se
2989 3386 3273 3443 honorari
3317 3404 3350 3443 a
3387 3386 3784 3453 multitudine,

2123 3477 2659 3544 obsurdescebant,
2687 3479 2745 3531 et
2774 3490 2948 3531 aures
2978 3475 3130 3531 ultro
3148 3475 3508 3533 claudebant
3530 3476 3607 3532 ad
3639 3476 3787 3531 veri-

2125 3575 2304 3626 tatem
2330 3590 2341 3621 :
2377 3566 2704 3637 omniaque
2736 3564 3050 3631 faciebant,
3079 3581 3153 3621 ne
3187 3582 3223 3622 a
3252 3565 3438 3637 gloria
3468 3581 3655 3638 quam
3686 3566 3789 3623 ha-

2124 3659 2341 3716 bebant
2367 3656 2532 3727 apud
2567 3655 3003 3711 multitudinem
3036 3655 3391 3713 exciderent.

2197 3749 2359 3804 Vers.
2384 3750 2471 3802 44.
2492 3746 2790 3812 Quomodo
2809 3777 2870 3787 —
2889 3746 3153 3817 accipitis
3174 3746 3360 3803 ?Nam
3382 3746 3519 3819 ipsa
3537 3746 3788 3819 impedi-

2126 3843 2327 3894 mento
2359 3841 2470 3893 est.

2196 3928 2356 3982 Vers.
2387 3929 2473 3981 44.
2502 3927 2579 3980 Et
2603 3956 2671 3965 ——
2701 3926 2967 3996 quaeritis
2995 3925 3023 3981 ?
3068 3927 3260 3991 Quam
3301 3925 3489 3981 solam
3525 3941 3789 3998 querere

2126 4020 2379 4090 oportet,
2414 4032 2483 4070 ea
2519 4031 2651 4085 quas
2676 4021 2762 4069 est
2790 4015 2860 4070 ab
2901 4014 3247 4070 hominibus
3278 4016 3648 4087 posthabita,
3682 4013 3791 4068 etsi

2127 4123 2234 4162 vos
2266 4105 2631 4161 contrarium
2662 4104 2911 4159 faciatis.
2930 4107 3247 4175 Postquam
3275 4120 3417 4173 ergo
3444 4104 3702 4176 undique
3719 4103 3792 4157 si-

2124 4196 2372 4269 lentium
2392 4193 2499 4248 illis
2522 4193 2827 4263 imposuit,
2859 4191 3141 4264 omnique
3168 4194 3345 4249 venia
3364 4193 3638 4262 indignos
3660 4206 3791 4248 esse

2127 4284 2581 4346 demonstravit,
2617 4287 3028 4338 accusatorem
3060 4282 3343 4355 deinceps
3382 4282 3496 4338 illis
3545 4281 3793 4339 adhibet

2127 4380 2275 4447 puta
2304 4373 2501 4444 ipsum
2531 4375 2752 4429 Mosem
2778 4371 3177 4441 legislatorem
3205 4387 3434 4429 eorum.

2200 4464 2362 4519 Vers.
2414 4463 2502 4517 45.
2562 4462 2709 4517 Num
2777 4492 2832 4501 —
2881 4467 3126 4532 patrem.
3186 4462 3363 4517 Juxta
3419 4462 3692 4517 usitatam
3721 4476 3793 4517 ac

2132 4556 2484 4609 consuetam
2508 4551 2624 4623 (pp)
2657 4551 3184 4619 interrogationem
3214 4556 3302 4607 est
3330 4550 3426 4607 hic
3461 4567 3679 4617 sermo,
3724 4566 3794 4607 ac

2132 4642 2178 4698 si
2210 4642 2370 4697 dicat
2408 4658 2423 4696 :
2460 4642 2568 4695 Etsi
2603 4656 2696 4695 me
2748 4639 2807 4695 id
2835 4639 3145 4711 oportebat
3196 4638 3413 4705 facere,
3444 4656 3567 4697 non
3598 4645 3795 4697 tamen

2132 4732 2368 4795 faciam,
2406 4731 2550 4802 quia
2593 4729 2855 4784 clemens
2888 4745 3043 4785 sum.

2206 4820 2373 4877 Vers.
2404 4821 2495 4875 45.
2534 4820 2638 4875 Est
2668 4850 2737 4860 —
2790 4819 2987 4875 Moses.
3046 4821 3253 4890 Utpote
3301 4834 3422 4875 non
3491 4819 3796 4875 credentes

2133 4910 2225 4966 his
2251 4926 2387 4982 quae
2417 4909 2491 4963 de
2516 4925 2610 4964 me
2641 4908 2875 4981 scripsit
2902 4926 2915 4964 :
2951 4912 3007 4964 et
3036 4908 3113 4963 ita
3142 4924 3252 4963 nec
3288 4908 3365 4964 illi
3394 4909 3722 4963 credentes.

2207 5000 2368 5055 Vers.
2394 5000 2481 5053 45.
2524 4998 2599 5053 In
2638 5028 2705 5039 —
2734 4998 2992 5069 speratis.
3036 4999 3343 5069 Tanquam
3388 4996 3448 5051 in
3487 4997 3796 5053 ductorem

2136 5087 2368 5160 populi,
2428 5092 2681 5144 tutorem
2729 5104 2798 5145 ac
2852 5086 3240 5143 mediatorem
3287 5086 3347 5142 in
3400 5086 3491 5141 his
3535 5102 3671 5158 quin
3719 5088 3798 5142 ad

2140 5180 2327 5235 Deum
2358 5181 2513 5234 sunt.
2561 5177 2720 5235 Sicut
2776 5181 2976 5234 autem
3029 5175 3104 5233 de
3149 5175 3464 5249 Scripturis
3511 5175 3795 5233 dicebat:

1660 5354 1880 5424 Variae
1909 5355 2239 5425 lectiones
2277 5362 2345 5424 et
2376 5364 2552 5425 notas

501 5498 613 5573 (28)
638 5499 944 5573 Προτιθέναι
974 5497 1130 5551 αύτὸν
1160 5497 1259 5550 ύπό
1295 5506 1359 5553 Α.

502 5679 620 5751 (pp)
648 5678 1038 5753 _Uu’tata_m_ac
1091 5681 1443 5737 consuetam.
1487 5680 1793 5735 Moratam.
1859 5680 2243 5753 Interrogatio
2293 5679 2451 5739 ἠθική
2487 5684 2573 5737 est
2620 5696 2709 5747 ea,
2740 5695 2874 5753 qua
2924 5693 3122 5737 mores
3174 5682 3230 5736 et
3274 5677 3585 5750 ingenium
3634 5676 3806 5734 inter-

429 5749 690 5823 rogantis
720 5749 1021 5825 exprimit.
