4156 6408
380 305 517 376 1235

1748 320 2100 380 EUTHYMII
2142 319 2476 378 ZlGABENI

3598 318 3742 375 4236

378 445 618 503 Putatis
640 445 700 502 in
730 442 860 518 ipsis
891 446 1073 504 vitam
1117 451 1388 505 aeternam
1420 443 1652 512 habere,
1684 449 1768 505 ita
1799 465 2041 522 quoque

2175 450 2293 518 χειν
2327 463 2338 476 ·
2365 447 2500 499 οὕτω
2531 447 2615 498 καὶ
2637 448 2754 522 περὶ
2777 447 3040 509 Μωῦσέως
3064 448 3223 519 φησίν
3251 459 3264 476 ⁸
3293 442 3446 508 Εἰςόν
3471 443 3754 504 ἠλπίκατε.

380 551 539 591 nunc
570 535 642 591 de
675 536 835 591 Mose
864 536 948 592 ait
980 554 996 592 :
1023 535 1096 592 In
1123 553 1290 608 quem
1319 553 1412 593 vos
1461 541 1734 606 speratis.
1788 539 1935 594 Nam
1965 537 2041 594 ab

378 625 472 682 his
500 625 770 698 quaeipsi
814 642 926 682 sua
963 626 1284 690 ducebant,
1317 626 1450 681 illos
1490 628 1970 697 aggrediebatur.

450 716 611 770 Vers.
642 713 732 772 46.
764 714 828 771 Si
856 747 924 755 —
952 717 1208 785 scripsit.
1236 716 1293 772 Si
1340 715 1458 770 fide
1504 716 1745 785 dignum
1770 733 1907 773 eum
1939 719 2047 772 dus

381 803 612 868 ceretis,
666 804 975 860 crederetis
1019 807 1218 877 utique
1250 803 1394 860 mihi
1441 823 1452 873 ;
1505 805 1670 860 vobis
1700 807 1857 861 enim
1899 822 2045 879 prte-

382 893 534 965 cepit
553 893 645 948 ille
678 897 847 948 utme
860 893 1155 949 audiretis.

457 984 613 1037 Vers.
641 983 731 1039 47.
754 982 814 1037 Si
839 1013 908 1025 —
937 984 1182 1039 credetis
1225 983 1252 1039 ?
1286 983 1339 1038 Si
1373 982 1528 1038 illius
1578 983 1810 1054 scriptis
1857 983 2048 1038 incre-

384 1070 501 1126 duli
533 1071 695 1137 estis,
738 1088 917 1144 quem
945 1073 1322 1128 vehementer
1353 1089 1452 1126 vos
1501 1073 1798 1128 honorare
1828 1090 1897 1128 ac
1929 1073 2053 1128 lau—

384 1159 529 1215 dare
574 1159 811 1232 jactatis

383 1265 564 1322 quem
584 1250 966 1306 vehementer
992 1251 1364 1306 inhonoratis
1395 1261 1450 1306 et
1477 1251 1853 1307 contumeliis
1879 1267 2051 1322 appe-

387 1338 504 1394 titis
533 1341 561 1395 ?
592 1339 752 1397 Sicut
781 1355 921 1410 ergo
953 1341 1118 1412 prius
1151 1339 1225 1395 de
1271 1342 1522 1408 Joanne,
1555 1357 1733 1413 quem
1770 1339 2055 1397 admirari

386 1427 764 1498 videbantur,
806 1429 1056 1486 convicti
1087 1433 1244 1494 sunt,
1273 1430 1433 1502 quod
1466 1446 1601 1484 eum
1645 1430 2057 1502 despicerent;

389 1516 469 1573 ita
499 1522 555 1574 et
583 1534 743 1574 nunc
788 1519 862 1574 de
893 1521 1067 1584 Mose,
1097 1519 1188 1574 cui
1244 1519 1482 1574 credere
1538 1519 1649 1574 sibi
1685 1520 2056 1582 videbantur,

390 1606 670 1676 ostendit,
711 1607 877 1680 quod
920 1607 971 1664 ei
1021 1611 1224 1663 essent
1284 1609 1617 1664 increduli:
1664 1613 1719 1664 et
1767 1609 2062 1680 sagaciter

392 1697 617 1766 simper
653 1697 712 1752 in
746 1703 926 1770 caput
963 1697 1200 1753 illorum
1243 1702 1499 1770 torquet,
1541 1715 1920 1771 qmecunque
1952 1713 2059 1770 pro

393 1787 537 1858 ipsis
568 1785 760 1842 facere
814 1787 1106 1843 videntur.
1168 1787 1309 1853 Quis
1349 1803 1489 1860 ergo
1525 1794 1926 1858 transgressor
1953 1791 2056 1856 est,

391 1875 521 1931 isne
546 1875 651 1947 qui
673 1875 1046 1932 defensorem
1070 1876 1255 1932 habet
1293 1877 1490 1948 ipsum
1535 1877 1959 1947 legislaturem,
1982 1893 2059 1932 an

394 1963 444 2019 is
482 1965 582 2037 qui
614 1963 779 2020 illum
809 1966 1035 2022 habent
1067 1971 1272 2021 contra
1305 1982 1366 2021 se
1413 1971 1823 2021 accusatorem
1859 1968 1882 2024 '?

467 2055 610 2121 Cap.
657 2055 747 2109 Vt.
797 2056 951 2110 Vers.
1005 2059 1051 2109 t.
1097 2054 1354 2111 Posthaec
1393 2086 1462 2095 —
1517 2055 1850 2111 Tiberiadis.
1909 2059 2060 2111 Mare

397 2142 673 2209 Galilsem,
716 2144 839 2199 sive
868 2144 1212 2200 Tiberiadis.
1241 2147 1384 2200 Nam
1433 2150 1710 2214 stagnum
1739 2145 2059 2202 Tiberiadis

396 2238 569 2288 vocat
601 2249 764 2288 mare
803 2233 1076 2299 Galilaaae,
1116 2233 1266 2289 sicut
1296 2233 1352 2287 in
1379 2233 1698 2302 Evangelio
1723 2234 1889 2305 juxta
1919 2236 2060 2290 Mat-

397 2321 622 2377 thaeum
663 2322 889 2378 dictum
935 2327 1039 2379 est.
1083 2322 1235 2378 Abiit
1276 2329 1473 2378 autem
1519 2323 1677 2382 illuc.
1712 2323 1930 2379 cedens
1971 2325 2059 2379 fu-

398 2411 516 2468 rori
549 2410 886 2484 principum
915 2412 1142 2485 populi,
1169 2428 1422 2468 accenso
1445 2412 1524 2468 ob
1546 2413 1832 2485 praedicta
1855 2413 2056 2470 verba.

472 2590 640 2647 Vers.
689 2593 741 2645 2.
797 2593 860 2646 Et
898 2621 965 2632 —
1001 2592 1106 2663 qui
1141 2591 1612 2659 inﬁrmabantur.
1651 2594 1838 2658 Quare
1892 2593 2064 2664 signa

400 2679 819 2752 particularius
850 2697 968 2736 non
1011 2687 1314 2736 enumerat
1345 2679 1373 2734 ‘t‘
1402 2681 1553 2747 Quia
1582 2681 1674 2737 hic
1701 2683 2064 2752 evangelista

398 2769 554 2825 circa
575 2769 879 2825 doctrinas
900 2775 955 2825 et
973 2771 1290 2825 conciones
1323 2787 1392 2826 ac
1417 2771 1704 2839 dogmata
1720 2772 1912 2842 magis
1947 2787 2067 2827 ver-

401 2863 588 2914 satur.
624 2859 869 2929 PrOpter
898 2862 1064 2932 signa
1093 2865 1316 2923 autem,
1347 2876 1465 2914 non
1519 2867 1758 2933 prepter
1783 2862 2067 2931 dogmata

399 2947 575 3004 turba
604 2947 730 3004 hinc
745 2949 1131 3020 sequebatur,
1152 2950 1411 3004 crassius
1435 2949 1643 3004 affecta
1675 2949 1800 3004 :illa
1821 2967 1976 3016 vero,
1993 2950 2067 3004 de

397 3053 521 3110 qua
534 3038 694 3110 apud
713 3038 1519 3108 Matthteum,0bstupcscebat
1541 3041 1602 3094 in
1617 3039 1882 3097 doctrina
1897 3040 2062 3112 ejus‘.

473 3215 636 3269 Vers.
679 3219 728 3270 3.
764 3215 1044 3273 Ascendit
1073 3246 1142 3256 -—
1173 3217 1309 3272 suis.
1353 3215 1637 3272 Ascendit
1679 3216 1736 3272 in
1778 3222 2064 3283 montem,

400 3301 622 3358 docens
652 3319 763 3360 nos
793 3305 1160 3377 requiescere
1209 3321 1243 3360 a
1289 3305 1540 3360 tumultu
1582 3322 1651 3360 ac
1706 3307 2064 3372 turbatione,

400 3407 536 3463 quae
566 3393 623 3448 in
652 3394 851 3449 medio
873 3394 1081 3467 populi
1103 3399 1206 3450 est.
1227 3395 1379 3450 Nam
1405 3394 1480 3450 ad
1507 3394 1951 3468 phiIOSOphiam
1982 3414 2070 3451 sa-

402 3497 566 3538 cram
584 3488 725 3556 apta
749 3488 837 3540 est
864 3484 1145 3540 solitudo.

471 3571 834 3644 Frequenter
862 3589 1097 3645 quoque
1137 3572 1298 3628 solus
1349 3573 1476 3646 ipse
1507 3578 1770 3630 montem
1825 3575 1990 3645 petit,
2020 3579 2075 3631 et

400 3666 755 3732 pernoctans
768 3667 919 3726 orat,
934 3663 1153 3717 docens
1174 3677 1307 3726 nos,
1333 3662 1496 3734 quod
1516 3678 1651 3717 eum
1677 3663 1782 3735 qui
1815 3665 2074 3721 maxime

403 3747 483 3802 ad
534 3751 716 3804 Deum
754 3749 1002 3814 accedit,
1055 3753 1328 3820 oporteat
1361 3750 1438 3804 ab
1467 3749 1628 3804 omni
1661 3751 1915 3807 liberum
1944 3769 2075 3808 esse

404 3837 763 3904 turbatione,
798 3843 854 3893 et
904 3837 1103 3894 locum
1136 3837 1431 3910 inquirere
1465 3838 1720 3895 liberum
1749 3857 1784 3896 a
1818 3841 2077 3897 tumultu

404 3930 463 3982 et
501 3925 857 3982 turbatione.

476 4015 639 4070 Vers.
672 4017 727 4073 4.
754 4015 1023 4072 Instabat
1060 4022 1259 4073 autem
1309 4048 1376 4058 —
1414 4017 1775 4073 Judworum.
1827 4021 1892 4074 Et
1932 4036 2079 4092 quo-

407 4104 592 4160 modo
623 4120 739 4159 non
773 4104 1042 4161 ascendit
1071 4110 1127 4160 et
1168 4105 1294 4177 ipse
1345 4106 1423 4162 ad
1454 4105 1612 4161 diem
1679 4107 1918 4174 festum,
1973 4109 2079 4164 sed

407 4207 542 4247 cum
570 4208 780 4248 omnes
813 4194 1219 4266 Hierosolyma
1250 4194 1792 4266 proﬁciscerentur,
1820 4195 1949 4268 ipse
1981 4214 2080 4254 va.-

404 4279 490 4336 dit
514 4281 572 4336 in
601 4281 924 4347 Galilaeam,
957 4298 1067 4338 nec
1106 4283 1270 4338 solus
1311 4283 1457 4354 ipse,
1505 4283 1608 4338 sed
1658 4289 1713 4338 et
1749 4284 2078 4358 discipulos

407 4370 690 4427 adducit?
715 4372 864 4437 Quia
885 4371 1265 4441 ﬁgurativam
1296 4370 1489 4441 legem
1522 4373 1695 4428 tacite
1717 4374 1840 4443 jam
1870 4375 2078 4430 dissol-

408 4459 602 4525 vebat,
634 4460 948 4515 occasione
971 4466 1207 4532 sumpta
1247 4460 1324 4515 ab
1351 4461 1576 4517 invidia
1601 4462 1967 4521 Judzeorum.

407 4551 536 4606 Non
556 4553 692 4620 post
711 4548 957 4621 longum
989 4550 1147 4604 enim
1176 4557 1412 4621 tempus
1439 4550 1618 4606 finem
1653 4558 1778 4607 erat
1834 4553 2078 4624 impOsi—

409 4641 581 4693 turus
652 4637 968 4707 ﬁgurativo
1048 4638 1313 4705 Paschae,
1407 4655 1540 4694 vero
1601 4639 1884 4712 deinceps
1968 4650 2078 4699 tra-

411 4725 552 4781 dito.
1571 4767 1574 4771 -

476 4730 552 4782 to.
590 4817 740 4872 CAP.
773 4817 908 4872 VIII.
941 4818 1021 4872 De
1047 4819 1298 4890 quinque
1315 4817 1559 4887 panibus
1588 4824 1643 4875 et
1682 4819 1901 4875 duobus

1126 4907 1368 4979 piscibus

482 4996 645 5050 Vers.
673 4997 726 5051 5.
788 4996 931 5052 Cum
978 4996 1306 5052 sustulisset
1331 5012 1469 5066 ergo
1523 5029 1591 5037 —
1633 4998 1731 5053 isti
1773 4999 1800 5052 ?
1849 4999 2076 5055 Dictum

411 5091 500 5145 est
529 5086 603 5143 de
632 5085 725 5141 his
755 5086 810 5141 in
847 5085 962 5140 fine
994 5084 1262 5140 vicesimi
1304 5085 1494 5158 quinti
1546 5088 1754 5158 capitis
1783 5089 2082 5157 Evangelii

405 5176 578 5248 juxta
612 5173 972 5241 Matthaeum,
1028 5173 1130 5230 ubi
1156 5173 1414 5230 habetur
1450 5191 1461 5229 :
1502 5175 1666 5232 Jcsus
1705 5185 1894 5234 autem
1935 5178 2085 5236 dixit

481 5382 504 5418 ⁵
544 5379 742 5439 Matth.
771 5395 874 5446 vn,
896 5378 988 5449 28,
1019 5379 1108 5444 22,
1164 5381 1253 5435 33.

861 1177 873 1216 :
925 1161 1233 1233 quomodo
1298 1162 1444 1216 meis
1513 1162 1705 1217 verbis
1782 1158 2093 1226 credetis.

2155 534 2256 589 ἀπὸ
2287 544 2386 588 τῶν
2419 532 2618 589 οἰκείων
2650 538 2987 609 χειρούμενος
3019 534 3224 597 αύτούς.

2226 714 2286 768 Εἰ
2325 747 2391 755 -
2421 713 2664 789 ἔγραψεν.
2718 713 2779 767 Εἰ
2821 716 3009 767 πιστὸν
3058 716 3245 767 ἐκεῖνον
3287 712 3566 787 ἐνομίζετε,
3608 712 3758 767 ἐπισ-

2157 806 2323 856 τεύετε
2381 803 2440 854 ἂν
2520 803 2652 872 ἐμοί.
2709 803 3020 856 Ἐνετείλατο
3069 805 3170 877 γὰρ
3233 805 3355 876 ύμῖν
3424 802 3548 876 ἐμοῦ
3606 802 3759 856 ἀκού-

2160 913 2250 947 ειν.

2231 985 2291 1036 Εἰ
2325 1012 2388 1024 —
2421 985 2722 1035 πιστεύσετε
2751 999 2764 1050 ;
2801 981 2858 1036 Εἰ
2887 989 3001 1044 ταῖς
3035 982 3229 1035 ἐκείνου
3274 989 3602 1058 συγγραφαῖς
3634 981 3761 1034 ἁπι-

2163 1073 2401 1124 στείτεὸν
2447 1068 2792 1144 διαφερόντως
2841 1077 2996 1142 τιμᾷν
3027 1076 3116 1124 καὶ
3158 1072 3400 1145 εὐφημεῖν
3446 1072 3761 1143 κομπάζετε,

2161 1169 2272 1222 πῶς
2297 1169 2406 1222 τοῖς
2436 1160 2575 1234 ἐμοῖς
2599 1161 2805 1236 ῥήμασι
2835 1165 3162 1224 πιστεύσετε,
3195 1163 3248 1214 ὄν
3278 1159 3623 1235 διαφερόντως
3652 1159 3764 1212 ἀτι-

2163 1251 2355 1322 μάζετε
2409 1255 2497 1302 καὶ
2556 1249 2916 1323 βλασφημεῖτε
2950 1269 2962 1317 ;
2994 1250 3195 1324 Ὠσπερ
3256 1247 3344 1303 οὖν
3401 1255 3638 1324 πρότερον
3685 1249 3766 1302 ἐπὶ

2166 1346 2256 1391 τοῦ
2289 1340 2527 1391 Ἰωάννου
2571 1335 2854 1400 δοκοῦντας
2875 1338 3030 1391 αὐτὸν
3072 1341 3357 1412 θαυμάζειν
3388 1339 3570 1412 ἤλεγξε
3609 1358 3769 1391 κατα-

2169 1437 2479 1502 φρονοῦντας
2521 1448 2533 1460 ’
2562 1429 2694 1480 οὕτω
2719 1433 2809 1480 καὶ
2837 1435 2924 1480 νῦν
2964 1427 3047 1481 ἐπὶ
3074 1435 3164 1480 τοῦ
3192 1433 3456 1491 Μωῦσέως
3488 1425 3770 1489 δοκοῦντας

2168 1517 2309 1588 αύτῷ
2338 1521 2599 1571 πιστεύειν
2621 1514 2813 1580 ἔδειξεν
2834 1517 3176 1579 ἀπιστοῦντας
3198 1538 3210 1550 ·
3235 1523 3324 1570 καὶ
3348 1516 3425 1571 ἀεὶ
3455 1518 3772 1590 εὐμηχάνως

2170 1607 2242 1667 εἰς
2328 1611 2422 1665 τὴν
2515 1607 2739 1679 κεφαλὴν
2834 1606 3003 1659 αὐτῶν
3089 1612 3379 1682 περιτρέπει
3466 1610 3636 1660 πάντα
3706 1609 3769 1660 τὰ

2171 1691 2426 1749 δοκοῦντα
2479 1697 2604 1771 ὑπὲρ
2665 1696 2852 1748 αὐτῶν.
2911 1701 3004 1758 Τίς
3070 1693 3156 1748 οὖν
3227 1697 3548 1771 παράνομος,
3604 1697 3629 1749 ό
3675 1716 3773 1749 συ-

2097 1791 2388 1857 Βνήγορον
2441 1788 2578 1858 ἔχων
2636 1788 2722 1837 τὸν
2771 1787 3052 1858 νομοθέτην
3101 1787 3130 1846 ἦ
3189 1788 3238 1838 οἱ
3294 1791 3585 1859 κατήγορον
3617 1786 3772 1838 αὐτόν

2171 1879 2373 1948 ἔχοντες
2407 1891 2420 1942 ;

2241 2055 2385 2106 Μετὰ
2413 2059 2577 2104 ταῦτα
2610 2084 2676 2092 -
2718 2049 3051 2126 Τιϐεριάδος.
3092 2060 3194 2114 Τῆς
3227 2053 3503 2116 θαλάσσης
3539 2061 3636 2114 τῆς
3679 2058 3777 2106 Γα-

2169 2140 2392 2205 λιλαίας,
2417 2145 2537 2199 ἤτοι
2582 2151 2676 2202 τῆς
2708 2138 3034 2214 Τιϐεριάδος.
3069 2142 3356 2195 Θάλασσαν
3378 2145 3479 2215 γὰρ
3513 2150 3601 2203 τῆς
3629 2142 3778 2195 Γαλι-

2168 2229 2315 2291 λαίας
2343 2234 2434 2288 τὴν
2463 2227 2751 2303 Τιϐεριάδα
2779 2230 2964 2302 λίμνην
2996 2235 3174 2304 φησὶν,
3209 2234 3277 2292 ὡς
3299 2230 3347 2282 ἓν
3373 2239 3444 2301 τῷ
3469 2235 3602 2283 κατὰ
3632 2239 3774 2285 Ματ-

2175 2321 2317 2372 θαῐον
2370 2315 2688 2377 δεδήλωται.
2751 2319 2976 2378 Ἀπῆλθε
3031 2317 3089 2372 δὲ
3120 2318 3222 2372 ἐκεῖ
3267 2320 3674 2392 ύπεξιστάμενος
3703 2330 3776 2393 τῷ

2175 2411 2320 2482 θυμῷ
2352 2416 2451 2460 τῶν
2484 2407 2752 2484 ἀρχόντων
2785 2417 2875 2462 τοῦ
2905 2409 3054 2474 λαοῦ,
3089 2408 3190 2462 ἀπὸ
3234 2411 3657 2484 τῶνξείρημένων,
3691 2409 3780 2463 λό-

2172 2519 2276 2570 γων
2305 2497 2596 2570 ἀναφθέντι.

2248 2592 2348 2640 Καὶ
2380 2618 2445 2627 -
2474 2586 2844 2640 ἀσθενούντων.
2875 2593 3023 2640 Διατί
3054 2589 3146 2641 ούκ
3175 2587 3487 2661 ἁπαγγελλει
3506 2590 3620 2642 κατ’
3639 2587 3778 2654 εἶδος

2175 2679 2240 2729 τὰ
2272 2683 2464 2748 σημεῖα
2507 2693 2520 2743 ;
2551 2682 2695 2730 Διότι
2747 2679 2772 2730 ὁ
2804 2677 3175 2749 εύαγγελιστὴς
3224 2679 3371 2740 οὗτος
3400 2684 3518 2754 περὶ
3556 2683 3645 2741 τὰς
3693 2677 3782 2732 δι-

2177 2763 2467 2827 δασκαλίας
2488 2770 2577 2818 καὶ
2605 2763 2938 2840 δημηγορίας
2965 2773 3054 2821 καὶ
3085 2771 3150 2820 τὰ
3189 2765 3433 2840 δόγματα
3463 2769 3653 2841 μᾶλλον
3683 2789 3782 2821 κα-

2178 2859 2459 2926 ταγίνεται.
2495 2859 2589 2908 Διὰ
2613 2859 2678 2908 τὰ
2703 2863 2896 2928 σημεῖα
2919 2852 2976 2909 δὲ
3014 2861 3103 2909 καὶ
3130 2856 3188 2909 ού
3238 2853 3332 2909 διὰ
3371 2860 3460 2918 τὰς
3513 2853 3782 2910 διδασκα-

2175 2943 2288 3006 λίας
2312 2946 2337 2996 ό
2370 2944 2522 3016 ὄχλος
2548 2945 2694 3005 οὗτος
2721 2944 3045 3003 ἠκολούθησε
3077 2947 3210 3018 (29),
3240 2950 3540 3020 παχύτερον
3573 2945 3780 2999 διακεί-

2177 3053 2326 3107 μενος
2355 3051 2365 3062 ·
2400 3035 2424 3085 ὁ
2459 3031 2518 3086 δὲ
2546 3037 2689 3108 παρὰ
2717 3042 2786 3104 τῷ
2843 3036 3118 3106 Ματθαίῳ,
3161 3034 3542 3098 Ἐξεπλήσσετο
3574 3036 3660 3089 ἐπὶ
3714 3044 3777 3109 τῇ

2097 3159 2136 3214 C
2179 3120 2388 3195 διδαχῇ
2424 3131 2514 3175 τοῦ
2546 3131 2798 3197 Σωτῆρος.

2250 3213 2466 3270 Ἀνῆλθε
2513 3244 2576 3253 -
2613 3213 2794 3267 αὐτοῦ.
2831 3213 3072 3272 Ἀνῆλθεν
3126 3213 3192 3275 εἰς
3240 3217 3297 3266 τό
3353 3218 3484 3290 690;,
3518 3210 3784 3268 παιδεύων

2179 3304 2316 3375 ἡμᾶς
2344 3298 2764 3355 διαναπαύεσθαι
2795 3300 2895 3355 ἀπὸ
2925 3312 3024 3355 τῶν
3055 3303 3284 3376 θορύϐων
3316 3308 3403 3355 καὶ
3449 3312 3540 3366 τῆς
3570 3303 3616 3356 ἐν
3642 3308 3786 3376 μέσῳ

2180 3401 2444 3464 ταραχῆς.
2502 3389 2829 3451 Ἐπιτήδειον
2887 3394 2987 3466 γὰρ
3046 3396 3170 3468 πρός
3227 3391 3530 3466 φιλοσοφίαν
3577 3396 3607 3453 ἡ
3665 3392 3788 3468 ἔρη-

2183 3485 2300 3554 μία.

2257 3569 2507 3630 Πολλάκις
2549 3567 2608 3622 δὲ
2638 3575 2727 3622 καὶ
2778 3575 2928 3643 μόνος
2959 3570 3116 3634 αὐτὸς
3140 3575 3196 3624 τό
3227 3576 3340 3648 ὅρος
3377 3571 3783 3644 καταλαμϐάνει,

2184 3664 2274 3712 καὶ
2305 3656 2708 3734 διανυκτερεύει,
2736 3665 2824 3713 καὶ
2856 3663 3088 3732 εὔχεται,
3119 3657 3392 3714 διδάσκων
3423 3663 3558 3735 ἡμᾶς
3588 3663 3668 3715 ὄτι
3705 3657 3788 3714 δεῖ

2185 3751 2272 3802 τόν
2303 3748 2534 3820 μάλιστα
2571 3757 2683 3820 Θεῷ
2715 3754 2998 3823 προσιόντα
3027 3753 3203 3813 πάσης
3261 3749 3602 3823 ἀπηλλάχθαι
3633 3771 3790 3825 ταρα-

2186 3846 2316 3910 χῆς,
2359 3842 2449 3890 καὶ
2475 3842 2629 3890 τόπον
2674 3836 2934 3900 ἐπιζητεῖν
2969 3841 3198 3915 καθαρόν
3233 3839 3453 3916 θορύϐου
3499 3845 3590 3892 καὶ
3625 3860 3787 3916 ταρα-

2187 3934 2310 3999 χῆς-

2259 4015 2356 4068 Ἦν
2407 4012 2466 4068 δὲ
2519 4014 2676 4088 ἐγγύς
2729 4047 2800 4057 --
2840 4013 3129 4071 Ἰουδαίων.
3187 4018 3293 4072 Καὶ
3349 4026 3460 4080 πῶς
3504 4018 3600 4070 οὐκ
3652 4017 3785 4071 ἀνα-

2191 4105 2352 4158 ϐαίνει
2417 4109 2507 4157 καὶ
2579 4106 2735 4167 αὐτὸς
2820 4107 2888 4168 εἰς
2941 4111 3035 4166 τὴν
3111 4107 3311 4182 ἑορτὴν,
3384 4106 3511 4160 ἀλλὰ
3587 4110 3790 4160 πάντων

2189 4194 2527 4268 ἐπειγομένων
2587 4195 2660 4258 εἰς
2713 4197 2777 4248 τὰ
2823 4195 3179 4271 Ἰεροσόλυμα,
3238 4197 3390 4258 αύτός
3453 4199 3666 4273 ἔρχεται
3719 4197 3789 4260 εἰς

2188 4289 2282 4342 τὴν
2310 4284 2584 4337 Γαλιλαίαν
2619 4302 2631 4352 ;
2669 4290 2769 4338 Καὶ
2813 4285 2906 4337 ούκ
2938 4285 3093 4348 αὐτὸς
3132 4289 3308 4358 μόνος,
3360 4285 3487 4338 ἀλλὰ
3541 4292 3628 4339 καὶ
3669 4291 3791 4348 τοὺς

2188 4376 2428 4446 μαθητὰς
2482 4373 2797 4446 ἐπαγόμενος
2845 4395 2858 4442 ;
2910 4379 3053 4428 Διότι
3105 4376 3273 4448 ἡρέμα
3326 4375 3502 4428 λοιπὸν
3552 4375 3790 4439 ύπεξέλυε

2189 4466 2274 4515 τόν
2314 4467 2532 4516 τυπικόν
2561 4469 2735 4536 νόμον,
2797 4463 3032 4538 ἀφορμὴν
3084 4463 3356 4537 λαμϐάνων
3407 4463 3506 4517 ἀπὸ
3546 4472 3639 4518 τοῦ
3669 4467 3789 4538 φθό-

2188 4572 2275 4605 νου
2303 4562 2398 4604 τῶν
2432 4549 2721 4606 Ἰουδαίων.
2763 4557 2860 4605 Καὶ
2886 4557 2987 4627 γὰρ
3015 4553 3108 4605 ούκ
3136 4555 3202 4615 εἰς
3231 4555 3434 4628 μακρὰν
3466 4554 3637 4626 ἔμελλε
3660 4574 3788 4606 παυ-

2193 4643 2344 4699 θῆναι
2383 4645 2439 4693 τό
2466 4645 2682 4693 τυπικόν
2727 4643 2942 4713 Πάσχα,
3000 4638 3429 4716 παραδιδόμενον
3477 4642 3654 4695 λοιπόν
3695 4649 3785 4694 τοῦ

2192 4729 2284 4787 ἁλη
2296 4732 2320 4782 θ
2331 4739 2456 4781 ινοῦ.

2335 4819 2482 4872 ΚΕΦ.
2534 4817 2607 4873 H'.
2644 4823 2769 4894 Περὶ
2798 4827 2896 4871 τῶν
2927 4822 3072 4872 πέντε
3111 4820 3280 4892 ἄρτων
3307 4825 3396 4873 καὶ
3423 4828 3522 4873 τῶν
3550 4816 3642 4872 δύο

2890 4909 3110 4981 ἰχθύων.

2263 4999 2492 5072 Ἐπάρας
2545 4993 2632 5049 οὖν
2678 5028 2746 5040 -—
2809 4998 3000 5064 οὗτοι;
3051 5001 3272 5074 Εἴρηται
3319 5004 3438 5074 περὶ
3488 5001 3676 5052 τούτων
3740 4996 3788 5048 ἐν

2205 5096 2268 5158 ιτῴ
2306 5087 2434 5139 τέλει
2467 5095 2558 5140 τοῦ
2617 5088 2854 5140 εἰκοστοῦ
2903 5091 3140 5160 πέμπτον
3189 5087 3468 5161 κεφαλαίου
3517 5095 3608 5140 τοῦ
3659 5089 3796 5139 κατὰ

2195 5179 2484 5246 Ματθαίον,
2536 5179 2657 5230 ἔνθα
2711 5185 2876 5230 κεῖται
2927 5181 3008 5244 τὸ,
3055 5176 3113 5230 Ὀ
3168 5174 3228 5231 δὲ
3275 5179 3480 5240 Ἰησοῦς
3539 5174 3674 5231 εἶπεν
3706 5176 3796 5228 αύ-

1630 5559 1849 5629 Variae
1880 5559 2211 5629 lectiones
2245 5571 2308 5628 et
2351 5568 2558 5629 notae.

485 5759 596 5830 (29)
625 5755 930 5812 Ἠκολούθει
955 5757 1020 5811 Α.
