4156 6396
400 280 425 337 1
437 279 542 340 237

1442 282 1813 339 (ῼῼΟΜΜΕᾸΤ.
1857 284 1925 339 ΙΝ
1960 283 2312 341 JOANNEM.
2356 315 2428 328 —
2466 285 2623 341 CAP.
2664 282 2757 341 Vl.

3674 283 3811 343 l238

398 417 509 473 τοῖς
547 408 683 481 (30),
717 408 793 462 Οὐ
848 413 1036 483 χρείαν
1082 411 1303 481 ἔχουσιν
1356 408 1615 462 ἀπελθεῖν·
1657 407 1780 463 δότε
1835 409 1986 463 αὐτοῖ

2127 411 2205 468 eis
2238 432 2252 468 :
2294 410 2428 469 Non
2454 417 2533 468 est
2561 411 2684 468 illis
2715 412 2934 469 necesse
2958 408 3171 481 egredi,
3203 410 3343 467 date
3371 424 3470 468 vos
3498 409 3624 468 illis
3644 414 3807 485 quod

402 500 545 571 ὑμεῖς
585 506 787 571 φαγεῖν.

469 595 634 641 Τοῦτο
685 619 754 630 —
810 592 861 641 τί
924 589 1094 661 ἔμελλε
1142 597 1327 645 ποιεῖν.
1385 590 1517 643 Ἐκεῖ
1572 596 1662 643 καὶ
1720 596 1838 663 περὶ
1896 611 2012 644 του-

396 697 488 730 του
542 674 954 750 διασεσάφηται.
1020 682 1089 734 Τό
1141 675 1222 741 δε,
1272 680 1532 751 πειράζων
1581 680 1760 741 αὐτόν,
1814 679 2012 754 ἀνθρω-

398 775 669 842 ποπρεπώς
722 771 812 839 μεν
864 775 1058 820 νοεῖται
1113 770 1249 820 κατὰ
1295 773 1387 826 τήν
1442 768 1544 820 ἐκεῖ
1594 770 1845 843 ῥηθεῖσαν
1899 769 2012 833 ἐξή-

398 876 579 927 γησιν,
634 858 927 927 θεοπρεπῶς
979 857 1058 926 δὲ,
1115 856 1225 911 ἀντὶ
1282 865 1394 923 τοῦ,
1444 858 1509 919 εἰς
1554 856 1772 932 ἀπορίαν
1825 859 2011 931 ἐμϐάλ-

398 945 496 997 λων
523 946 698 1011 αὐτὸν,
735 948 836 1010 ἕνα,
889 951 983 1006 τὴν
1038 947 1257 1019 ἀπορίαν
1291 949 1645 1019 ὁμολογήσας,
1697 948 2010 1023 ἀκριϐέστε-

399 1054 486 1108 ρον
538 1038 814 1108 καταμάθῃ
873 1043 965 1089 τοῦ
1021 1037 1290 1108 μέλλοντος
1346 1041 1585 1108 γενέσθαι
1645 1040 1903 1109 θαύματος
1948 1042 2006 1091 τό

400 1126 634 1196 μέγεθος.
688 1126 747 1176 Εἰ
797 1128 897 1199 γὰρ
945 1125 1115 1186 ἁπλῶς
1164 1126 1376 1196 ἐγένετο,
1430 1126 1524 1178 οὐκ
1568 1129 1628 1178 οἶν
1661 1126 1815 1199 ὶφανη
1857 1128 2007 1185 τηλι-

399 1222 604 1266 κοῦτον·
643 1217 707 1275 ὡς
738 1218 862 1276 Θεὸς
912 1218 1013 1288 γὰρ
1044 1214 1312 1287 ἐγίνωσκε,
1346 1220 1398 1268 τί
1438 1215 1635 1288 ἔμελλεν
1675 1218 1699 1268 6
1755 1217 2006 1280 Φίλιππος

401 1302 751 1378 ἀποκριθῆναι
764 1349 777 1361 .

473 1487 607 1535 Φασὶ
660 1479 720 1535 δέ
783 1502 915 1544 τινες
968 1483 1049 1535 ὁτι
1101 1483 1303 1556 λέγεται
1346 1486 1371 1536 6
1421 1487 1538 1545 Θεὸς
1572 1487 1832 1557 πειράζειν
1887 1490 2001 1538 τινα

399 1573 531 1623 κατά
561 1568 657 1623 δύο
688 1577 930 1646 τρόπους,
966 1577 995 1631 ἤ
1054 1573 1138 1625 ἳνα
1184 1574 1382 1648 [ἐλέγξῃ
1439 1574 1553 1645 (31)
1593 1579 1685 1631 τὴν
1734 1573 1998 1628 ἀσθένειαν

398 1660 559 1712 αὑτοῦ
612 1664 785 1736 ὥσπερ
835 1670 921 1713 νῦν
977 1662 1059 1715 ἐπί
1107 1672 1197 1715 τοῦ
1258 1664 1535 1729 Φιλίππου,
1582 1668 1612 1722 ἤ
1667 1663 1803 1737 ἵνα]
1849 1662 1993 1738 δείξῃ

2124 503 2353 558 edant“.

2198 596 2355 648 Vers.
2412 597 2465 647 6.
2520 592 2871 665 Hoc—qui
2914 597 3057 649 esset
3075 592 3378 661 facturus.
3439 592 3801 666 Ibiqquue

2123 683 2197 738 de
2223 684 2336 739 hoc
2362 682 2732 755 disputatum
2776 689 2881 737 est.
2932 682 3103 749 Quod
3167 686 3369 738 autem
3403 682 3501 747 ait,
3554 690 3797 739 lentam

2122 788 2272 835 eum,
2308 773 2579 828 humano
2627 772 2875 844 quidem
2908 772 3091 827 modo
3128 771 3659 843 intelligiturjuxta
3689 773 3797 829 da-

2121 867 2244 917 tam
2294 862 2376 917 ibi
2429 862 2863 917 enarrationem
2923 881 2935 920 :
2997 861 3205 916 divino
3244 866 3443 937 autem
3488 862 3690 926 modo.
3729 866 3793 917 ut

2120 951 2495 1007 tantumdem
2529 952 2622 1013 sit,
2644 967 2713 1005 ac
2741 951 2786 1005 si
2812 951 3047 1005 dicatur
3079 969 3090 1005 :
3129 953 3189 1004 ln
3204 950 3684 1021 desperationem
3715 951 3790 1005 de

2116 1040 2383 1095 remedio
2414 1057 2551 1095 eum
2586 1040 2930 1111 conjiciens,
2976 1046 3041 1096 ut
3070 1040 3553 1111 desperationem
3592 1039 3787 1097 fassus

2116 1128 2459 1198 diligentius
2478 1129 3068 1199 cognosceret,fuisse
3091 1129 3636 1202 miraculum,quod
3656 1130 3785 1197 ipse

2122 1217 2386 1273 facturus
2424 1225 2583 1283 erat;
2618 1235 2758 1274 nam
2788 1219 2834 1273 si
2858 1226 3159 1290 utcunque
3202 1217 3423 1274 factum
3455 1225 3628 1283 esset,
3673 1235 3774 1275 ne-

2113 1323 2419 1379 quaquam
2450 1308 2562 1364 tale
2581 1309 2975 1381 apparuisset.
2999 1308 3302 1379 Siquidem
3320 1314 3602 1380 tanquam
3625 1310 3778 1365 Deus

2112 1402 2381 1466 noverat,
2424 1397 2570 1470 quid
2601 1412 2998 1469 responsurus
3047 1402 3205 1453 esset
3233 1396 3558 1469 Philippus.

2185 1486 2361 1541 Aiunt
2418 1491 2616 1541 autem
2656 1486 2931 1558 quidam,
2972 1486 3138 1558 quod
3171 1486 3325 1540 Deus
3358 1486 3615 1558 aliquem
3648 1492 3774 1543 ten-

2110 1578 2231 1629 tare
2253 1574 2493 1630 'dicitur
2522 1575 2763 1631 duobus
2821 1575 3017 1630 modis
3047 1590 3058 1629 :
3107 1574 3278 1630 velut
3308 1575 3775 1631 imbecillitatem

2108 1665 2234 1734 ejus
2274 1670 2509 1734 arguat,
2552 1664 2707 1720 sicut
2737 1680 2899 1719 nunc
2930 1665 2988 1719 iu
3037 1664 3314 1736 Philippo
3350 1682 3364 1731 ;
3405 1664 3497 1719 vel
3530 1672 3589 1719 ut
3618 1666 3773 1720 illius

398 1755 493 1808 τήν
542 1748 784 1826 ἀνδρείαν
843 1753 1025 1815 αὐτοῦ,
1076 1756 1249 1827 ὥσπερ
1290 1753 1451 1805 πάλαι
1484 1752 1566 1805 ἐπὶ
1609 1761 1701 1806 τοῦ
1738 1754 1994 1827 Ἀϐραάμ.

2118 1754 2515 1809 fortitudinem
2534 1754 3085 1825 ostendat,quemad
3096 1753 3338 1809 modum
3357 1754 3501 1809 olim
3521 1753 3575 1808 in
3593 1754 3775 1810 Abra-

400 1844 695 1911 Γέγραπται
723 1844 824 1912 γὰρ
871 1842 949 1893 ὁτι
979 1847 1069 1893 καὶ
1099 1840 1363 1913 ἐπείραζεν
1395 1844 1421 1893 6
1454 1846 1583 1905 Θεὸς
1623 1847 1707 1894 τὸν
1735 1843 1992 1917 Ἃϐραάμ,

397 1931 480 1982 ὅτε
512 1925 719 1988 δηλαδὴ
753 1930 1031 2002 ἀνενεγκεῖν
1071 1932 1211 2002 αὐτῷ
1240 1936 1326 1984 τὶν
1356 1934 1468 1984 υἱόν
1496 1932 1654 1985 αὑτοῦ
1686 1933 1757 1995 εἰς
1789 1934 1999 2007 όλοκάρ-

400 2038 567 2072 πωσιν
596 2018 868 2072 ἐνετέλλετο
900 2021 1034 2091 (32).

468 2107 744 2179 Ἀπεκρίθη
815 2142 881 2149 ——
946 2109 1099 2182 λάϐῃ.
1168 2110 1304 2180 ”Ορα
1380 2116 1471 2169 τὴν
1565 2110 1830 2164 ἀσθένειαν
1902 2121 1998 2174 τῆς

399 2194 637 2259 διανοίας
682 2207 772 2250 τοῦ
826 2198 1083 2252 Φιλίππου
1137 2206 1204 2272 μή
1257 2196 1559 2261 δυνηθέντος
1610 2200 1848 2259 ἐννοῆσαι
1903 2206 1996 2260 τήν

398 2284 619 2361 δύναμιν
649 2297 739 2348 τῆς
771 2290 1011 2351 θεότητος
1049 2290 1229 2344 αὑτοῦ.

468 2381 621 2449 Λέγει
674 2408 740 2418 —
799 2382 1121 2445 τοσούτους;
1167 2381 1251 2433 Ἐν
1308 2387 1380 2449 τῷ
1436 2380 1655 2449 εἰκοστῷ
1717 2381 1846 2450 ἕκτῳ
1911 2399 1999 2431 κε-

395 2466 595 2538 φαλαίῳ
648 2474 739 2519 τοῦ
786 2469 1060 2520 Ματθαίου
1109 2470 1223 2535 (33)
1274 2474 1363 2521 καὶ
1400 2474 1517 2540 περὶ
1566 2472 1751 2521 τούτου
1803 2466 1997 2525 διείλη-

392 2575 544 2612 πται,
602 2556 946 2631 ’Υψηλοτέραν
996 2560 1085 2630 μεν
1122 2554 1209 2609 οὖν
1252 2560 1381 2629 ἔσχε
1418 2556 1653 2610 διάνοιαν
1684 2560 1709 2610 6
1750 2555 1997 2633 Ἀνδρέας

392 2648 537 2720 παρά
567 2649 655 2697 τὸν
713 2645 983 2699 Φίλιππον·
1026 2646 1121 2697 οὐκ
1169 2648 1358 2717 ἔφθασε
1401 2643 1459 2699 δὲ
1506 2651 1637 2720 πρός
1682 2651 1740 2699 τὸ
1785 2647 1996 2703 τέλειον.

396 2733 634 2807 Ἐνόμισε
720 2738 822 2808 γὰρ
903 2736 983 2787 ὃτι
1056 2734 1156 2787 ἀπὸ
1241 2738 1331 2807 μεν
1408 2735 1683 2788 ἐλαττόνων
1755 2736 1999 2789 ἐλάττονα

395 2828 626 2889 ποιήσει,
682 2822 782 2876 ἀπὸ
841 2821 901 2877 δὲ
952 2824 1193 2877 πλειόνων
1250 2825 1461 2877 πλείονα
1507 2828 1646 2895 (34).
1704 2829 1797 2879 Διά
1844 2834 1996 2878 τοῦτο

395 2915 731 2986 προσέθηκεν·
793 2912 949 2965 Ἀλλά
1005 2921 1169 2966 ταὶτα
1223 2919 1273 2966 τί
1343 2914 1481 2966 ἐστιν
1556 2916 1621 2975 είς
1679 2918 1992 2981 τοσούτους;

2109 1842 2593 1913 ham;scriptum
2646 1848 2733 1898 est
2781 1844 2964 1909 enim,
3012 1842 3177 1915 quod
3234 1843 3413 1899 etiam
3467 1844 3774 1899 tentaverit

2113 1936 2264 1988 Deus
2298 1933 2617 1998 Abraham,
2651 1950 2787 1989 cum
2841 1933 3048 1989 offerre
3074 1934 3123 1987 ei
3147 1932 3338 1988 ﬁlium
3382 1950 3543 1989 suum
3569 1934 3631 1989 in
3661 1933 3770 1989 ho-

2106 2021 2444 2078 locaustnm
2474 2022 2755 2094 prmcepit
2796 2024 2839 2077 ⁷.

2179 2114 2337 2166 Vers.
2364 2118 2418 2165 7.
2454 2112 2762 2183 Respondit
2788 2142 2857 2153 -—
2897 2110 3177 2179 accipiat.
3208 2110 3350 2166 Vide
3401 2110 3769 2169 imbecillita-

2109 2206 2227 2256 tem
2257 2202 2469 2257 mentis
2501 2201 2763 2273 Philippi,
2805 2201 2907 2273 qui
2941 2201 3221 2256 virtutem
3261 2199 3587 2256 divinitatis
3638 2203 3769 2273 ejus

2108 2287 2424 2361 intelligere
2468 2307 2589 2345 non
2626 2295 2874 2362 poterat.

2183 2379 2341 2435 Vers.
2393 2383 2445 2433 8.
2498 2381 2655 2435 Dicit
2700 2411 2766 2423 —
2819 2380 2981 2434 Vers.
3038 2383 3088 2434 9.
3152 2380 3369 2434 multos
3419 2380 3447 2435 ‘I
3482 2380 3770 2436 Vicesimo

2108 2474 2273 2524 sexto
2312 2469 2507 2540 capite
2562 2469 2857 2539 Evangelii
2896 2470 3065 2539 juxta
3119 2468 3453 2523 Matthasum
3489 2469 3665 2524 etiam
3696 2470 3771 2525 de

2109 2558 2215 2613 hoc
2245 2558 2613 2629 disputatum
2668 2566 2775 2614 est.
2812 2557 3207 2613 Excelsiorem
3253 2558 3451 2629 itaque
3511 2564 3769 2615 mentem

2108 2648 2364 2704 habebat
2400 2649 2665 2703 Andreas
2696 2664 2884 2720 quam
2935 2647 3241 2718 Philippus
3296 2662 3306 2699 :
3338 2646 3417 2701 ad
3457 2647 3517 2702 id
3546 2653 3768 2717 tamen,

2107 2737 2273 2809 quod
2325 2738 2652 2809 perfectum
2704 2742 2849 2803 erat,
2911 2752 3029 2791 non
3079 2736 3422 2805 attingebat.
3472 2738 3782 2808 Cogitabat

2109 2827 2263 2880 enim
2309 2826 2475 2898 quod
2524 2842 2596 2882 ex
2660 2826 3043 2897 paucioribus
3096 2826 3385 2897 pauciora
3420 2824 3656 2893 faceret,
3708 2843 3778 2882 ex

2110 2914 2383 2986 pluribus
2432 2920 2632 2971 autem
2690 2916 2885 2986 plura.
2952 2913 3090 2969 Ideo
3120 2913 3299 2968 etiam
3339 2914 3636 2970 addebat:
3668 2916 3780 2971 Sed

2114 3004 2246 3069 haec,
2289 3005 2449 3077 quid
2473 3010 2605 3059 sunt
2637 3005 2793 3059 inter
2824 3011 2938 3058 tam
2978 3003 3188 3058 multos
3219 3003 3248 3058 ?

473 3088 593 3144 Εῖπε
619 3123 683 3131 --
725 3092 1167 3163 πεντακισχίλιοι.
1202 3093 1284 3144 Ἐν
1316 3101 1386 3163 τῷ
1419 3091 1700 3151 δηλωθέντι
1738 3093 1994 3166 κεφαλαίῳ

2182 3096 2344 3151 Vers.
2380 3097 2464 3151 t0.
2498 3095 2658 3151 Dixit
2689 3125 2756 3134 —
2799 3092 3107 3164 quinquies
3155 3091 3332 3148 mille.
3365 3092 3641 3149 Praedicta
3683 3110 3780 3149 ca-

395 3180 711 3254 πλατύτερον
751 3186 869 3254 περὶ
898 3183 1089 3233 τούτων
1120 3185 1342 3253 εἰρηται.
1377 3184 1487 3235 Οὐκ
1517 3182 1911 3258 εθορυϐήθησαν
1938 3180 1997 3235 δὲ

394 3272 443 3321 οἱ
470 3272 723 3341 μαθηταὶ,
772 3269 876 3321 ἀλλ’
929 3271 1122 3323 αὐτίκα
1164 3277 1372 3342 γνόντες
1414 3274 1493 3324 ὅτι
1526 3275 1996 3344 θαυματουργῆσαι

390 3359 581 3431 μέλλει,
615 3356 953 3423 ἀδιστάκτως
984 3362 1314 3418 ὑπήκουσαν,

460 3536 648 3592 Ἒλαϐε
697 3569 765 3577 -
820 3537 1019 3596 ἤθελον.
1089 3539 1168 3592 Ἐν
1236 3542 1407 3609 ἐκείνῳ
1454 3543 1542 3590 καὶ
1608 3544 1725 3612 περὶ
1800 3542 1991 3591 τούτων

388 3629 648 3701 εὑρήσεις.

454 3716 543 3777 Ὠς
596 3746 666 3758 ·-
721 3714 1065 3789 βεϐρωκόσιν.
1124 3716 1343 3785 Ὁμοίως
1417 3722 1505 3769 καὶ
1577 3723 1693 3789 περὶ
1772 3721 1986 3773 τούτων.

386 3804 649 3858 Ἐκέλευσε
733 3802 791 3858 δε
865 3814 1175 3878 συναγαγεῖν
1254 3809 1319 3859 τὰ
1382 3810 1821 3880 περισσεύσαντα,
1894 3808 1989 3859 οὐκ

384 3890 684 3957 ἐπιδείξεως
732 3895 913 3961 ἕνεκεν,
948 3895 1055 3945 ἀλλ’
1106 3896 1188 3947 ἱνα
1236 3900 1305 3967 μή
1361 3892 1488 3968 δόξῃ
1538 3902 1800 3968 φαντασία
1829 3916 1905 3957 τις
1932 3901 1987 3949 τὸ

382 3988 664 4055 γενόμενον.
722 3984 807 4046 Ἐξ
872 3984 1211 4052 ὑποκειμένης
1281 3982 1339 4036 δε
1406 3984 1533 4044 ὕλης
1597 3984 1845 4043 ἐπλήθυνε
1899 3993 1987 4039 καὶ

378 4076 495 4132 τούς
528 4074 719 4146 οἶρτους
748 4078 838 4125 καὶ
891 4077 1011 4133 τοὺς
1053 4074 1265 4144 ἰχθύας,
1321 4070 1395 4124 δι’
1436 4074 1562 4125 αὐτό
1609 4093 1661 4125 τε
1690 4082 1861 4143 τοῦτο,
1897 4081 1986 4127 καὶ

382 4164 466 4212 ἱνα
516 4164 751 4236 ἑμφραγῇ
816 4164 883 4213 τὰ
938 4167 1178 4233 στόματα
1239 4170 1337 4213 τῶν
1388 4168 1798 4235 Μαρκιωνιστῶν
1847 4164 1979 4235 (35),

379 4252 561 4313 οἵτινες
590 4248 936 4304 διαϐάλλουσι
968 4256 1061 4310 τὴν
1090 4257 1285 4314 κτίσιν,
1310 4251 1580 4325 ληροῦντες
1611 4254 1691 4303 ὅτι
1718 4252 1811 4304 οὐκ
1843 4255 1983 4305 ἔστιν

379 4341 510 4397 αὕτη
544 4346 748 4414 ποίημα
777 4348 868 4393 τοῦ
900 4348 1052 4394 Θεοῦ.

449 4524 515 4574 Oi
554 4552 619 4563 —-
676 4526 893 4593 κόσμον.
931 4528 1000 4573 Ὤ.
1050 4518 1318 4595 προδήλου
1357 4525 1779 4595 γαστριμαργίας
1817 4520 1827 4574 !
1873 4542 1977 4594 μυ-

373 4615 465 4683 ρία
511 4614 599 4683 μεν
659 4616 905 4683 πρότερον
962 4614 1363 4684 θαυμαστότερα
1428 4613 1612 4663 τούτου
1671 4612 1977 4683 θεασάμενοι

375 4697 527 4753 οὐδὲν
551 4709 783 4753 τοιοῦτον
818 4700 1184 4772 ὡμολόγησαν·
1237 4703 1319 4754 ὅτε
1363 4698 1421 4753 δὲ
1452 4699 1827 4765 ἐνεπλήθησαν,
1862 4707 1976 4753 τότε

375 4797 555 4842 τοῦτον
586 4787 715 4843 εἶναι
759 4794 844 4842 τόν
872 4796 1142 4862 προφήτην
1190 4791 1379 4862 ἔλεγον,
1422 4794 1508 4843 τὸν
1541 4787 1975 4865 προσδοκώμενον

376 4879 550 4941 αὐτοῖς
582 4878 683 4932 ἀπὸ
712 4889 807 4943 τῆς
832 4880 1094 4943 Μωῦσέως
1134 4879 1454 4951 ἐπαγγελίας.

447 5069 469 5103 θ
496 5067 697 5124 Matth.
729 5083 843 5133 xw,
881 5068 965 5123 16.
1041 5069 1059 5102 "
1098 5068 1241 5124 Gen.
1280 5083 1411 5132 χχιι,
1453 5072 1497 5122 ί.

2106 3182 2226 3255 pite
2249 3183 2427 3239 latius
2457 3184 2528 3239 de
2558 3184 2650 3239 his
2678 3183 2905 3239 dictum
2928 3185 3033 3236 est.
3068 3184 3194 3236 Non
3236 3188 3373 3236 sunt
3426 3187 3627 3237 autem
3660 3188 3777 3239 tur-

2105 3272 2226 3328 bati
2265 3274 2564 3346 discipuli,
2612 3273 2717 3328 sed
2748 3272 3019 3343 protinus
3053 3269 3296 3337 cognito
3324 3270 3486 3341 quod
3522 3272 3775 3328 miracu-

2106 3361 2229 3418 lum
2260 3368 2615 3435 operaturus
2664 3366 2836 3426 esset,
2869 3361 3100 3432 absque
3131 3358 3252 3415 ulla
3280 3358 3615 3417 haesitanlia
3636 3360 3777 3418 obe-

2104 3450 2394 3507 diverunt.

2176 3542 2335 3596 Vers.
2373 3542 2426 3595 ll
2476 3541 2715 3609 Accepit
2756 3569 2822 3580 —
2847 3538 3120 3594 volebant.
3161 3540 3220 3593 ln
3256 3552 3327 3593 eo
3359 3537 3552 3610 capite
3591 3538 3771 3594 etiam

2102 3630 2177 3686 de
2206 3631 2298 3685 his
2334 3631 2622 3686 invenies.

2173 3720 2333 3775 Vers.
2367 3725 2448 3775 12.
2524 3721 2691 3777 Ut—
2756 3718 2923 3774 Vers.
2990 3722 3077 3775 13.
3112 3718 3217 3787 qui
3270 3716 3654 3773 comederunt.
3691 3717 3775 3771 Si-

2100 3809 2315 3864 militer
2344 3815 2399 3865 et
2429 3809 2502 3864 de
2549 3810 2662 3864 his.
2695 3808 2880 3863 Jussit
2906 3814 3104 3863 autem
3158 3806 3349 3871 colligi
3392 3823 3527 3878 quae
3560 3821 3771 3876 super-

2100 3897 2349 3964 fuerant,
2387 3915 2502 3953 non
2537 3898 2952 3953 ostentationis
2985 3896 3194 3967 gratia,
3222 3896 3325 3950 sed
3352 3912 3423 3950 ne
3448 3894 3773 3966 phantasia

2098 3993 2430 4060 appareret,
2461 3988 2623 4059 quod
2682 3987 2903 4042 factum
2956 3991 3101 4041 erat.
3138 3985 3215 4038 Ex
3248 3985 3515 4054 subjecta
3567 3990 3769 4040 autem

2098 4078 2347 4132 materia
2376 4077 2487 4149 (qq)
2512 4084 2565 4131 et
2594 4092 2783 4148 panes
2814 4073 3231 4145 multiplicavit
3282 4079 3337 4128 et
3376 4074 3569 4143 pisces
3603 4089 3613 4125 :
3646 4088 3768 4128 non

2095 4167 2260 4239 quod
2293 4168 2543 4222 materia
2585 4166 2895 4234 indigeret,
2948 4164 3099 4219 sicut
3138 4179 3332 4235 neque
3388 4167 3522 4234 post
3574 4179 3768 4218 resur-

2093 4256 2411 4311 rectionem
2446 4272 2600 4328 opus
2644 4254 2723 4310 illi
2770 4252 2878 4308 fuit
2920 4252 3184 4319 materia,
3229 4252 3328 4306 sed
3370 4258 3434 4306 ut
3462 4267 3567 4305 ora
3620 4253 3759 4305 Mar-

2092 4345 2479 4400 cionistarum
2507 4344 2861 4404 Obstrueret.
2895 4342 2997 4413 qui
3029 4347 3361 4396 creaturam
3387 4339 3765 4395 calumnian-

2093 4438 2185 4488 tur
2223 4434 2563 4500 delirantes,
2586 4431 2913 4489 asserendo
2931 4446 3053 4486 non
3082 4444 3212 4484 esse
3234 4445 3271 4485 a
3302 4432 3415 4484 Deo
3449 4428 3686 4483 factam.

2166 4523 2327 4577 Vers.
2362 4522 2560 4578 141Ηί
2586 4520 2974 4577 —mundum.
3010 4521 3053 4575 Ο
3075 4518 3454 4574 manifestam
3478 4516 3761 4586 gulosita-

2092 4613 2256 4679 tem!
2312 4628 2448 4667 cum
2502 4612 2811 4666 innumera
2862 4608 3029 4680 prius
3087 4608 3397 4673 vidissent,
3468 4623 3597 4678 quas
3650 4607 3759 4663 hoc

2087 4707 2253 4757 erant
2284 4701 2670 4765 mirabiliora,
2722 4698 2868 4754 nihil
2909 4699 3021 4753 tale
3061 4697 3318 4753 confessi
3374 4702 3512 4751 sunt
3554 4713 3566 4751 :
3618 4712 3757 4751 cum

2085 4794 2285 4845 autem
2316 4789 2542 4861 impleti
2574 4794 2732 4853 sunt,
2767 4795 2907 4842 tunc
2938 4788 3099 4843 hunc
3130 4802 3259 4841 esse
3285 4785 3635 4857 prophetam
3666 4784 3757 4838 di-

2085 4883 2318 4945 xerunt,
2353 4879 2453 4950 qui
2494 4894 2561 4934 ex
2589 4878 2758 4934 Mosis
2784 4875 3185 4949 promissione
3226 4874 3303 4931 ab
3335 4874 3417 4929 eis
3449 4878 3757 4945 exspecta-

2084 4968 2278 5024 batur.

1580 5164 1806 5234 Variae
1846 5165 2174 5235 lectiones
2207 5174 2272 5232 et
2321 5172 2524 5231 notae.

446 5311 557 5382 (30)
590 5310 740 5383 Αὐτῷ
770 5310 838 5364 Α.

440 5383 555 5455 (31)
587 5381 819 5455 Inclusa
842 5380 1189 5438 exciderunt
1217 5383 1281 5438 A.
1316 5382 1440 5438 Mox
1472 5380 1684 5453 legitur
1723 5380 1969 5447 ibidem,

373 5448 544 5527 δείξειί
559 5459 616 5527 et
646 5450 886 5527 ἀνδρίαν.

444 5526 556 5599 (32)
587 5524 899 5579 Ἐντέλλεται
932 5531 968 5578 A
980 5567 991 5578 .

2181 5308 2270 5380 33)
2305 5314 2408 5361 Τοῦ
2439 5308 2575 5359 κατὰ
2598 5307 2863 5360 Ματθαῐον
2895 5305 2961 5361 Α.

2156 5308 2266 5451 ἕ34)
2300 5384 2520 5437 Ποιήσει
2551 5378 2720 5434 addit
2750 5382 2814 5432 Α.

2178 5378 2266 5437 34λ
2300 5384 2520 5437 Ποιήσει
2551 5378 2720 5434 addit
2750 5382 2814 5432 Α.

2156 5382 2244 5451 (34
2300 5384 2520 5437 Ποιήσει
2551 5382 2720 5434 addit
2750 5382 2793 5432 Α

2156 5382 2270 5523 (35;
2303 5458 2704 5524 Μαρκιανιστῶν
2735 5452 2801 5505 Α.

441 5650 558 5723 (qq)
575 5651 711 5706 Non
734 5650 888 5723 quod
910 5681 975 5723 ——_
995 5650 1267 5707 materia.
1296 5652 1619 5723 Etpropter
1632 5650 1745 5706 hoc
1771 5651 2097 5721 ipsummet
2138 5652 2200 5704 ut
2239 5663 2423 5704 ora...
2470 5645 2591 5701 Alia
2609 5645 2704 5701 hic
2734 5644 2793 5701 in
2826 5659 2935 5701 suo
2962 5643 3217 5713 codices,
3251 5642 3415 5700 haud
3446 5639 3712 5699 absurda

374 5716 611 5780 videtur
638 5716 933 5780 invenisse
963 5721 1272 5793 interpres.
