4156 6438
362 330 500 391 I239

432 463 596 517 Vers.
636 461 718 517 I5.
749 456 914 517 Jesus
936 490 1000 502 —
1023 458 1204 517 solus.
1234 457 1413 530 Papae
1452 455 1464 514 ι
1499 459 1723 529 quanta
1745 459 1833 511 est
1882 452 2032 525 gula;
2069 448 2112 505 A

363 550 901 624 tyrannis,quanta
927 556 1012 605 est
1035 550 1247 605 mentis
1264 548 1513 603 istorum
1530 547 1737 602 levitas
1756 561 1824 600 ac
1845 549 2032 600 muta-

363 641 561 697 bilitas
592 642 619 696 Ἰ
650 641 874 712 repleto
924 640 1081 695 enim
1140 645 1338 693 ventre
1383 638 1587 692 omnia
1640 636 1755 691 illis
1801 640 1943 697 erat,
1978 638 2035 689 et

364 731 656 805 prOphcta
696 735 749 785 et
800 746 986 802 regno
1044 729 1286 801 dignus.
1345 727 1610 783 Christus
1670 742 1813 781 vero
1862 725 2029 794 fugit,

366 821 689 877 ostendens
736 820 1046 888 fugiendas
1076 835 1207 874 esse
1256 818 1574 889 dignitates
1606 817 1931 881 humanas,
1967 830 2035 869 ac

368 915 634 967 terrenos
683 910 961 973 honores,
1020 913 1074 963 et
1125 906 1542 979 despiciendas
1583 922 1708 961 esse
1754 921 1885 977 quae
1939 904 2035 959 hic

370 1000 525 1056 clara
566 1002 724 1053 sunt.

442 1088 621 1161 Atqui
652 1087 937 1159 prOpheta
976 1087 1124 1142 dixit
1171 1105 1183 1142 :
1220 1088 1363 1142 Ecce
1420 1102 1528 1143 rex
1562 1093 1698 1141 tuus
1734 1085 1893 1141 venit
1925 1084 2039 1139 tibi

368 1184 698 1233 mansuetus
722 1178 763 1230 ⁸.
786 1177 901 1232 Sed
924 1193 1176 1248 regnum
1208 1176 1357 1231 dixit
1381 1176 1635 1240 caeleste,
1663 1176 1736 1229 de
1764 1190 1885 1246 quo
1912 1174 2037 1244 ipse

370 1283 613 1394 quoqiu:
650 1265 918 1322 Christus
944 1266 1023 1322 ait
1056 1285 1068 1325 :
1100 1266 1346 1338 Regnum
1370 1280 1560 1322 meum
1591 1280 1701 1319 non
1721 1270 1799 1320 est
1829 1279 1904 1319 ex
1933 1262 2038 1317 hoc

370 1355 501 1394 mun
548 1355 577 1393 ο
611 1378 623 1391 .

369 1355 623 1395 πιαηαον.

660 1515 815 1573 CAP.
844 1516 931 1570 IX.
976 1515 1055 1570 De
1081 1513 1460 1571 ambulatione
1498 1513 1556 1568 in
1584 1514 1748 1568 mari.

447 1606 615 1660 Vers.
672 1607 756 1659 t6.
814 1605 879 1659 At
935 1603 1033 1658 ubi
1074 1634 1140 1643 —
1172 1602 1335 1657 Vers.
1398 1607 1481 1657 I7.
1528 1604 1915 1673 Capernaum.
1961 1604 2036 1656 De

375 1694 735 1749 scenderunt
765 1708 885 1747 non
909 1696 1123 1763 sponte
1161 1707 1291 1757 sua,
1320 1691 1422 1746 sed
1452 1690 1529 1746 ab
1547 1707 1617 1746 eo
1638 1690 1848 1745 coacti.
1886 1689 2039 1745 Dixit

375 1783 535 1838 enim
574 1782 880 1838 Matthasus
927 1781 1215 1853 prmdicto
1265 1780 1551 1835 vicesimo
1591 1785 1756 1835 sexto
1789 1780 1977 1850 capite
2017 1798 2029 1834 τ

375 1873 693 1943 Statimque
732 1872 1013 1940 compulit
1067 1872 1227 1926 Jesus
1256 1869 1578 1939 discipulos,
1616 1877 1677 1923 ut
1713 1870 2038 1924 conscende-

375 1969 501 2018 rent
514 1963 812 2031 navigium
827 1966 877 2015 et
895 1977 949 2015 se
964 1960 1345 2031 praecelerant
1366 1960 1428 2015 in
1454 1960 1789 2015 ulteriorem
1818 1959 1873 2013 ri
1876 1975 2008 2025 psm
2019 2002 2035 2016 .

377 2050 554 2107 donec
592 2050 890 2105 dimisisset
933 2050 1132 2105 turbas
1162 2066 1174 2104 :
1209 2066 1446 2121 cumque
1471 2049 1781 2105 dimisisset
1812 2049 2035 2113 turbas,

376 2141 637 2197 ascendit
668 2140 729 2195 in
778 2147 1021 2196 montem
1061 2141 1294 2195 seorsim
1353 2139 1430 2194 ad
1482 2139 1793 2195 orandum.
1860 2136 2038 2194 Facta

376 2237 570 2287 autem
608 2245 851 2300 vespera
890 2231 1046 2286 solus
1085 2236 1209 2286 erat
1248 2229 1377 2285 illic
1408 2230 1473 2281 ιο.

450 2412 669 2465 Horum
702 2408 973 2464 omnium
1008 2423 1225 2463 causas
1256 2407 1335 2463 ibi
1359 2406 1856 2478 signiﬁcavimus,
1897 2412 1951 2463 et
1978 2408 2041 2462 il-

376 2497 465 2554 las
491 2498 640 2569 lege.
673 2497 916 2553 Attende
934 2513 1072 2553 vero
1094 2497 1257 2569 quod
1288 2506 1608 2569 postquam
1638 2496 1846 2552 turbas
1870 2496 2043 2552 dimi-

376 2588 570 2653 sisset,
604 2603 741 2643 cum
774 2592 1013 2659 stupore
1059 2588 1289 2657 signum
1324 2586 1603 2641 admirati
1635 2591 1792 2650 sunt,
1827 2586 1930 2641 ubi
1963 2586 2037 2642 ad

377 2694 440 2733 se
479 2684 676 2733 mente
705 2676 1043 2740 rediissent,
1094 2681 1150 2731 et
1179 2675 1392 2730 reverti
1427 2676 1818 2731 decreverunt
1848 2692 1918 2732 ac
1948 2692 2038 2733 rao

376 2782 518 2839 pere
548 2782 708 2836 eum,
738 2770 802 2822 ut
832 2770 1100 2821 crearent
1130 2766 1329 2837 ipsum
1363 2781 1582 2835 regem.

452 2946 613 3001 Vers.
644 2946 730 3000 17,
754 2945 830 2999 Et
845 2945 973 3014 jam
999 2944 1263 3000 tenebrae.
1293 2945 1541 2999 —Vers.
1574 2948 1660 2999 2t.
1696 2944 1881 2999 ibant.
1911 2946 2041 3001 Non

378 3034 717 3091 veneratad
763 3050 874 3100 eos,
910 3035 1022 3089 hoc
1052 3041 1159 3099 est,
1194 3049 1312 3088 non
1354 3041 1716 3105 apparuerat
1742 3034 1847 3100 eis,
1891 3035 2042 3090 sicut

377 3123 767 3195 postmodum
827 3123 982 3192 fecit,
1037 3122 1141 3177 sed
1209 3123 1477 3189 permisit
1533 3140 1636 3179 eos
1691 3124 1922 3179 tentari.
1976 3125 2038 3178 In

378 3213 496 3268 ﬁne
554 3220 753 3269 autem
817 3213 1261 3286 prmmemorati
1322 3214 1589 3269 vicesimi
1640 3213 1785 3269 sexti
1830 3212 2039 3285 capitis

378 3302 678 3372 Evangelii
738 3302 1071 3358 secundum
1126 3302 1482 3366 Matthaeum,
1539 3308 1596 3357 et
1626 3303 1911 3358 vicesimo
1956 3320 2043 3358 se-

377 3392 566 3464 ptimo
617 3392 692 3447 de
740 3393 835 3447 his
880 3390 1164 3447 omnibus
1206 3392 1489 3447 invenies.
1547 3393 1685 3457 Quae
1752 3409 1887 3449 vere
1952 3408 2042 3447 se-

377 3488 663 3553 quuntur,
697 3480 1373 3552 praetermisitJoaunes,
1406 3485 1603 3552 utpote
1638 3481 1716 3537 ab
1746 3481 1875 3537 aliis
1906 3498 2045 3537 con-

379 3569 617 3641 scripta.
668 3569 872 3641 Itaque
902 3584 974 3625 ea
1032 3567 1258 3633 scribit,
1299 3584 1433 3640 qua:
1492 3569 1565 3623 ab
1624 3568 1753 3624 aliis
1816 3569 2046 3624 omissa

381 3663 568 3714 erant.

451 3747 569 3803 Nos
612 3762 754 3816 ergo
810 3746 959 3801 alios
1008 3750 1382 3802 enarratores
1424 3746 1629 3816 secuti,
1678 3747 2047 3803 ostendimus

379 3837 538 3893 hanc
586 3836 767 3891 fuisse
824 3834 1374 3890 deambulationem
1433 3851 1611 3908 super
1654 3853 1819 3893 mare
1867 3854 2046 3910 quam

383 3926 690 3983 Mattbaaus
729 3930 783 3981 et
813 3928 1041 3982 Marcus
1084 3925 1450 3997 scripserunt
1482 3928 1545 3983 ¹¹.

457 4105 906 4177 Cbrysostomus
970 4120 1106 4160 vero
1159 4105 1503 4176 conjectans
1561 4107 1639 4162 ait
1670 4107 1828 4163 hanc
1868 4107 2047 4164 aliam

386 4196 569 4251 fuisse
591 4195 667 4249 ab
691 4195 789 4251 illa
818 4212 832 4251 :
861 4194 1183 4250 verisimile
1206 4196 1365 4249 enim
1395 4211 1547 4259 esse,
1571 4197 1732 4268 quod
1766 4197 1862 4252 illa
1886 4198 2047 4269 prius

386 4283 577 4339 fuerit.
608 4284 826 4339 Deinde
860 4289 987 4355 post
1017 4284 1245 4355 aliquot
1274 4283 1402 4338 dies
1434 4284 1621 4340 turbae
1660 4284 2052 4343 decreverunt

386 4377 449 4428 ut
469 4377 747 4445 raperent
772 4389 931 4439 eum,
958 4372 1137 4427 veluti
1187 4372 1415 4427 dictum
1452 4377 1541 4428 est
1592 4391 1765 4446 ;quo
1815 4376 2051 4447 cognito

386 4478 593 4517 rursus
623 4461 884 4517 Christus
912 4462 969 4516 in
993 4466 1256 4517 montem
1285 4461 2047 4536 discessitcumdiscipulis,

388 4551 589 4624 ibique
616 4550 779 4606 solus
812 4552 1068 4616 secessit,
1101 4554 1227 4606 sive
1254 4551 1314 4606 in
1355 4552 1551 4623 quiete
1578 4553 1687 4608 fuit
1730 4571 1742 4608 :
1781 4555 2055 4626 discipuli

393 4656 525 4696 vero
542 4640 681 4695 inde
704 4639 1229 4695 descenderuntad
1248 4656 1433 4704 mare,
1452 4641 1525 4695 de
1538 4641 1650 4697 hoc
1664 4642 1737 4698 ad
1749 4645 1976 4711 moniti,
2002 4650 2057 4700 et

389 4728 870 4784 conscensanavi
886 4730 1584 4798 veneruntCapcrnaum,
1605 4736 1895 4800 putantes,
1921 4749 2055 4787 eum

390 4816 651 4890 pedestri
690 4816 889 4871 itinere
922 4822 1239 4872 venturum
1273 4835 1287 4883 ;
1322 4817 1420 4871 sed
1449 4814 1689 4873 rursum
1723 4836 1841 4874 non
1875 4821 2057 4876 multo

390 4911 527 4979 post
554 4905 617 4961 in
647 4905 799 4960 mari
829 4905 903 4960 ad
926 4905 1056 4961 illos
1087 4906 1261 4961 venit.
1308 4905 1374 4960 Et
1404 4912 1646 4977 propter
1676 4908 1810 4973 hoc,
1844 4911 2055 4981 inquit,

391 4994 767 5065 Evangelista
791 4995 870 5049 ait
896 4996 942 5031 ¹²
976 5010 987 5050 :
1022 4996 1243 5064 Etjam
1275 4995 1520 5051 tenebrce
1540 5003 1727 5062 erant,
1762 5014 1865 5054 nec
1894 5015 2057 5055 vene-

392 5092 483 5141 rat
523 5085 702 5141 adeos
729 5084 905 5151 Jesus,
939 5099 1007 5140 ac
1031 5083 1316 5156 deinceps
1345 5084 1637 5140 accidisse
1652 5085 2058 5161 dicitreliqua,

458 5282 479 5317 ⁸
507 5280 749 5339 Zachar.
773 5296 856 5352 ix,
893 5281 947 5335 9.
1028 5282 1047 5315 θ
1080 5281 1253 5338 Joan.
1278 5293 1446 5348 xvur,
1480 5285 1567 5338 36.

1718 322 2059 384 EUTHYMII
2099 317 2425 379 ZIGABENI

1650 5283 1695 5319 ¹⁰
1728 5283 1925 5342 Matth.
1980 5301 2097 5355 xw,
2128 5288 2216 5352 22,
2244 5290 2331 5343 23.

3609 309 3752 372 i240

2216 450 2421 509 Ἰησοῦς
2462 478 2530 486 --
2590 447 2765 519 μόνος.
2816 441 2982 498 Βαϐαί
3028 442 3218 502 Ῑπόση
3270 449 3361 505 τῆς
3417 460 3753 517 γαστριμαρ-

2142 544 2260 611 γίας
2308 540 2337 596 ἡ
2393 540 2627 609 τυραννίς
2672 534 2854 593 Ῐπόση
2906 543 3002 596 τῆς
3052 540 3265 606 γνώμης
3312 536 3507 586 τούτων
3565 535 3593 591 ἡ
3660 533 3751 585 εύ-

2146 627 2341 681 κολίαῑ
2398 634 2499 686 Τῆς
2552 628 2781 697 γαστρὸς
2839 626 2940 699 γὰρ
2998 623 3405 696 ἐμπλησθείσης,
3460 623 3630 674 πάντα
3687 618 3749 680 ἦν

2146 718 2322 779 αὐτοῖς
2375 715 2507 786 (36),
2565 719 2655 766 καὶ
2706 718 2995 789 προφήτης,
3038 718 3128 765 καὶ
3173 711 3447 785 βασιλείας
3493 711 3656 774 ἄξιος.
3688 710 3749 763 Ὀ

2147 805 2206 860 δὲ
2246 808 2477 879 Χριστός
2524 807 2719 877 φεύγει,
2769 799 3031 855 παιδεύων
3082 806 3285 874 φεύγειν
3338 799 3403 853 τά
3452 799 3749 873 ἀνθρώπινα

2146 895 2420 967 ἀξιώματα
2469 897 2560 944 καὶ
2593 894 2681 952 τὰς
2726 894 2941 964 γηῑνους
2980 893 3135 963 τιμὰς
3166 895 3255 942 καὶ
3284 896 3619 963 καταφρονεῖν
3646 898 3746 941 τῶν

2146 984 2367 1037 ἐνταῦθα
2389 982 2660 1056 λαμπρῶν,

2222 1075 2321 1129 Καὶ
2377 1077 2479 1145 μὴν
2538 1073 2562 1123 ό
2618 1074 2887 1143 προφήτης
2960 1065 3113 1121 εἶπεν

2148 1182 2242 1215 σου
2301 1166 2514 1237 ἔρχεταί
2582 1180 2666 1212 σοι
2714 1160 2897 1232 πραΰς.
2954 1157 3112 1211 Ἀλλὰ
3175 1156 3448 1231 βασιλείαν
3499 1153 3607 1209 εἶπε
3657 1162 3751 1213 τὴν

3198 1065 3335 1121 Ἰδοὺ
3404 1069 3429 1119 ὁ
3499 1066 3753 1140 βασιλεύς

2146 1253 2403 1326 οὐράνιον,
2462 1256 2577 1324 περὶ
2627 1250 2691 1312 ἧς
2742 1253 2831 1301 καὶ
2884 1248 3038 1310 αὐτὸς
3079 1247 3244 1319 ἔλεγεν
3297 1250 3321 1300 δ
3384 1251 3636 1321 Χριστ⁶ς’
3693 1246 3751 1299 Ἡ

2149 1340 2395 1414 βασιλεία
2466 1342 2494 1398 η
2575 1338 2669 1412 ἐμὴ
2745 1338 2839 1390 οὐκ
2906 1339 3047 1391 ἔστιν
3120 1336 3173 1390 ἐκ
3231 1344 3322 1389 τοῦ
3380 1340 3582 1409 κόσμου
3631 1339 3753 1389 τού-

2146 1451 2236 1484 του
2247 1473 2261 1487 ο

2330 1522 2480 1574 ΚΕΦ.
2516 1516 2597 1571 Θ’.
2635 1521 2758 1591 Περὶ
2791 1524 2883 1568 τοῦ
2914 1516 2962 1568 ἐν
2994 1515 3233 1589 θαλάσση
3258 1518 3571 1590 περιπάτου.

2215 1609 2304 1672 ’.Ως
2358 1605 2415 1661 δὲ
2465 1639 2532 1648 —
2579 1609 2944 1682 Καπερναούμ.
3013 1605 3319 1664 Κατέϐησαν
3366 1605 3471 1677 ούχ
3529 1605 3751 1669 ἑκόντες,

2149 1699 2254 1752 ἀλλ’
2315 1697 2726 1768 ἀναγκασθέντες
2768 1695 2854 1747 ὑπ’
2900 1694 3083 1747 αὐτοῦ.
3130 1698 3319 1769 Εῖρηκε
3369 1697 3471 1769 γὰρ
3530 1695 3556 1747 ὁ
3612 1701 3758 1748 Ματ-

2073 1808 2115 1861 Β
2150 1790 2295 1847 θαίος
2345 1786 2395 1838 ἐν
2440 1794 2511 1856 τῷ
2567 1786 2775 1859 ῥηθέντι
2848 1784 3066 1855 εἰκοστῷ
3143 1785 3271 1855 ἕκτῳ
3339 1783 3617 1856 κεφαλαίῳ,
3674 1786 3757 1835 ὅτι

2152 1881 2250 1929 Καὶ
2318 1875 2503 1938 εὐθέως
2577 1878 2869 1946 ἠνάγκασεν
2940 1875 2964 1924 ό
3035 1875 3238 1933 Ἰησοῦς
3319 1877 3440 1935 τοὺς
3514 1875 3759 1946 μαθητὰς

2150 1964 2369 2037 ἐμϐῆναι
2423 1964 2489 2024 εἰς
2539 1968 2597 2015 τό
2656 1963 2855 2027 πλοῖον,
2911 1969 3000 2015 καὶ
3054 1966 3299 2037 προάγειν
3350 1963 3504 2014 αὑτὸν
3564 1962 3635 2024 εἰς
3695 1966 3757 2015 τὸ

2148 2058 2329 2126 πέραν,
2392 2054 2484 2125 ἒῳς
2547 2053 2607 2105 οὗ
2680 2051 2915 2125 ἀπολύσῃ
2991 2056 3107 2112 τούς
3185 2051 3393 2123 όχλους.
3456 2057 3557 2105 Καὶ
3632 2050 3759 2104 ἀπο-

2149 2143 2310 2204 λύσας
2390 2146 2513 2204 τούς
2583 2142 2797 2215 ὄχλους,
2864 2141 3015 2199 ἀνέϐη
3082 2141 3152 2201 εἰς
3222 2145 3279 2193 τὸ
3351 2146 3461 2215 ὄρος
3512 2137 3759 2193 κατιδίαν

2152 2232 2565 2306 προσεύξασθαι.
2667 2231 2851 2302 Ὀψίας
2950 2228 3009 2284 δὲ

2151 2327 2320 2395 μόνος.

3475 2228 3498 2245 Ἰν

3102 2236 3377 2303 γενομένης
3470 2231 3531 2289 ἧν
3654 2231 3760 2284 ἐκεῖ

2222 2414 2429 2464 Τούτων
2484 2407 2543 2464 δε
2597 2412 2801 2463 πάντων
2858 2413 2945 2471 τὰς
3013 2409 3185 2472 αἰτίας
3240 2406 3580 2482 ἐδηλώσαμεν
3633 2408 3756 2478 ἐκεῖ,

2152 2505 2242 2553 καὶ
2295 2499 2553 2572 ἀνάγνωθι
2601 2503 2814 2562 ταύτας.
2851 2500 3168 2557 Ἐπίστησον
3232 2496 3291 2551 δὲ
3343 2501 3423 2552 ὄτι
3475 2501 3601 2571 μεθὸ
3653 2499 3754 2551 ἀπ-

2152 2590 2329 2643 έλυσεν
2384 2590 2591 2654 αὐτοὺς,
2660 2588 3150 2663 ύπερεξεπλάγησαν
3208 2591 3267 2641 τὸ
3339 2596 3573 2661 σημεῖον,
3637 2589 3755 2641 καθ’

2154 2678 2370 2740 ἑαυτούς
2429 2682 2710 2751 γενόμενοι,
2769 2684 2859 2731 καὶ
2923 2677 3100 2730 λοιπόν
3177 2676 3545 2730 ἐϐουλεύσαντο
3601 2698 3758 2752 στρα-

2154 2776 2311 2841 φῆναι
2341 2772 2429 2820 καὶ
2469 2767 2704 2841 ἁρπάσαι
2758 2768 2935 2834 αὐτὸν,
2990 2768 3071 2819 ἵνα
3112 2772 3409 2826 ποιήσωσιν
3460 2767 3615 2819 αὐτὸν
3661 2766 3758 2839 βα-

2156 2857 2319 2910 σιλέα.

3225 2976 3284 2986 -—
3355 2945 3465 2998 Ούκ
3527 2945 3759 3003 ἐληλύθει

2153 3039 2280 3109 πρὸς
2341 3035 2543 3103 αύτούς,
2604 3034 2717 3088 ἀντὶ
2794 3043 2906 3103 τοῦ,
2980 3035 3089 3087 Ούκ
3153 3033 3372 3106 ἐπεφάνη
3436 3036 3637 3103 αὐτοῖς,
3691 3038 3761 3096 ὡς

2228 2952 2325 3000 Καὶ
2384 2951 2566 2999 σκοτία
2622 2943 2729 3005 ἤδη
2802 2977 2870 2986 —
2928 2947 3151 3016 ὑπῆγον.

2155 3123 2396 3183 ἐποίησεν
2454 3124 2687 3198 ὓστερον·
2739 3124 2845 3177 ἀλλ’
2905 3124 3095 3196 ἀφῆκεν
3149 3124 3339 3186 αύτούς
3391 3126 3751 3199 πειράζεσθαι.

2157 3215 2236 3267 Ἐν
2290 3222 2360 3284 τῷ
2424 3214 2555 3266 τέλει
2624 3211 2681 3267 δὲ
2753 3222 2844 3266 τοῦ
2909 3215 3450 3289 προμνημονευθέντος
3526 3214 3761 3267 εἰκοστοῦ

2154 3305 2303 3356 ἕκτου
2352 3302 2653 3376 κεφαλαίου,
2712 3308 2802 3356 καὶ
2846 3304 2895 3355 ἐν
2967 3312 3038 3373 τῷ
3106 3303 3324 3373 εἰκοστῷ
3383 3299 3591 3375 ἑϐδόμῳ
3644 3308 3762 3375 περὶ

2154 3395 2357 3446 πάντων
2413 3396 2607 3445 τούτων
2680 3394 2940 3468 εὑρήσεις.
3017 3395 3094 3445 Τὰ
3152 3392 3271 3455 ἑξῆς
3331 3388 3391 3444 δε
3446 3402 3676 3465 παρῆκεν
3735 3394 3762 3445 ὁ

2157 3482 2417 3547 Ἰωάννης,
2473 3486 2539 3544 ὡς
2594 3489 2702 3543 τοῖς
2778 3482 2946 3542 ἄλλοις
3012 3483 3372 3554 ἱστορηθέντα.
3431 3486 3531 3535 Καὶ
3582 3481 3762 3534 λοιπόν

2159 3574 2354 3647 ἱστορεῖ
2380 3576 2445 3624 τὰ
2469 3571 2682 3635 ἐκείνοις
2714 3574 2997 3643 παρεθέντα
3017 3572 3153 3644 (37).

2227 3746 2400 3819 Ἡμεῖς
2462 3749 2552 3819 μὲν
2599 3743 2708 3813 οὖν,
2759 3754 2868 3807 τοῖς
2912 3746 3083 3809 ἄλλοις
3130 3746 3413 3818 ἐξηγηταῖς
3478 3745 3763 3805 ἀκολουθή-

2160 3856 2353 3904 σαντες,
2401 3833 2743 3908 ἀπεδείξαμεν
2787 3840 2874 3889 τὸν
2922 3836 3077 3888 αὐτὸν
3127 3833 3255 3889 εἶναι
3306 3836 3389 3889 ἐπὶ
3435 3845 3530 3899 τῆς
3573 3837 3765 3891 θαλάσ-

2160 3947 2259 3989 σης
2311 3931 2615 4001 περίπατον,
2676 3926 2728 3978 ὃν
2773 3927 2799 3978 ὁ
2843 3928 3114 3990 Ματθαῐος
3166 3932 3255 3979 καὶ
3306 3927 3333 3979 ό
3391 3929 3601 4001 Μάρκος
3657 3924 3767 3979 ἀνέ-

2156 4017 2393 4093 γραψανο

2227 4106 2285 4159 εΟ
2313 4102 2371 4158 δὲ
2408 4107 2525 4177 (38)
2570 4114 2945 4181 Χρυσοστομος
2996 4106 3380 4179 στοχαζόμενος
3410 4125 3567 4178 φησιν
3597 4106 3765 4181 ἕτερον

2160 4193 2288 4249 εἶναι
2353 4204 2533 4248 τοῦτον
2602 4196 2722 4268 παρ’
2786 4195 2993 4250 ἐκεῖνον.
3040 4196 3191 4257 Εἰκὸς
3230 4198 3331 4270 γὰρ
3390 4195 3576 4248 ἐκεῖνον
3630 4198 3767 4267 γενέ-

2164 4288 2289 4338 σθαι
2335 4290 2600 4359 πρότερον·
2659 4292 2769 4338 εἶτα
2820 4286 2931 4357 μεθ’
2988 4287 3187 4358 ἡμέρας
3236 4289 3379 4347 τινας
3422 4289 3544 4347 τούς
3574 4285 3769 4357 ὄχλους

2165 4374 2557 4448 βουλεύσασθαι
2608 4375 2847 4448 ἁρπάσαι
2906 4374 3082 4439 αὐτὸν,
3140 4377 3205 4435 ὡς
3254 4378 3480 4448 εἴρηται,
3528 4380 3618 4428 καὶ
3664 4374 3768 4427 λοι-

2164 4469 2279 4531 πὸν,
2338 4470 2523 4536 γνόντα
2568 4473 2719 4517 τοῦτο
2774 4468 2858 4517 τόν
2913 4468 3167 4537 Χριστὸν,
3236 4460 3385 4526 αὖθις
3442 4461 3766 4540 διαπεράσαι

2168 4559 2295 4627 πρὸς
2350 4558 2407 4606 τὸ
2453 4557 2571 4626 ὁρος
2619 4556 2749 4626 μετὰ
2807 4562 2907 4605 τῶν
2957 4555 3223 4625 μαθητῶν,
3280 4558 3371 4606 καὶ
3419 4552 3768 4629 ἀναχωρῆσαι

2169 4643 2270 4696 ἐκεῖ
2321 4648 2491 4714 μόνον,
2529 4648 2691 4695 εῖτουν
2722 4644 3006 4715 ἡσυχάσαι
3051 4648 3222 4715 μόνον·
3277 4647 3397 4704 τοὺς
3437 4640 3496 4696 δὲ
3531 4647 3766 4716 μαθητὰς

2170 4732 2355 4785 ἐκεῖθεν
2412 4730 2704 4790 καταϐῆναι
2751 4735 2836 4783 ἐπὶ
2880 4736 2973 4791 τὴν
3026 4731 3314 4799 θάλασσαν,
3380 4738 3764 4809 προτραπέντας

2168 4829 2336 4885 τοῦτο,
2392 4826 2478 4873 καὶ
2533 4821 2785 4893 ἐμϐάντας
2824 4821 2889 4881 εἰς
2946 4825 3003 4872 τό
3062 4820 3260 4886 πλοῖον,
3328 4821 3581 4897 ἔρχεσθαι
3634 4824 3761 4893 πρὸς

2172 4916 2265 4968 την
2326 4915 2684 4982 Καπερναούμ,
2761 4911 3023 4982 οἰομένους
3092 4910 3243 4962 αὐτόν
3309 4913 3559 4973 πεζεῦσαι
3611 4910 3766 4962 πάλιν

2173 5002 2255 5051 ἐπὶ
2303 5008 2395 5061 τῆς
2445 5001 2711 5059 θαλάσσης
2763 5008 2851 5051 καὶ
2906 5000 3064 5052 ἐλθεῖν
3123 5004 3253 5073 πρός
3312 5001 3500 5064 αὐτοὺς
3554 5000 3647 5053 οὐκ
3706 5000 3772 5061 εἰς

2175 5092 2398 5161 μακράν·
2448 5086 2541 5142 διὰ
2579 5098 2731 5141 τουτο
2770 5093 2870 5163 γὰρ
2918 5096 3007 5142 καὶ
3070 5092 3154 5141 τὸν
3195 5089 3569 5163 εύαγγελιστὴν
3619 5097 3775 5144 εἰπεῖν

2413 5288 2453 5323 ιι
2491 5294 2664 5344 Marc.
2695 5303 2773 5355 v1,
2806 5289 2871 5344 47
2902 5301 3067 5359 seqq.
3148 5287 3194 5323 ¹²
3227 5284 3373 5343 Ibid.
3405 5287 3488 5341 t7.

1597 5462 1822 5533 Variae
1864 5463 2198 5535 lectiones
2246 5477 2309 5534 et
2363 5472 2568 5535 notae.

460 5654 574 5725 (36)
614 5654 782 5716 Αὐτός
818 5660 881 5711 Α.

460 5726 576 5797 (37)
606 5727 933 5801 Παρεαθέντα
963 5732 1024 5785 Α.

2233 5681 2350 5755 (38)
2377 5683 2541 5739 Tom.
2573 5683 2712 5755 VIII,
2746 5698 2806 5756 p.
2843 5682 2945 5736 255
2987 5680 3052 5736 D.
