4156 6392
358 303 489 364 1241

1434 306 1799 365 COMMENT.
1842 307 1916 364 IN
1952 307 2302 366 JOANNEM.
2345 340 2409 351 -
2451 308 2609 367 CAP.
2644 307 2735 364 Vl.

3592 306 3730 365 1242

358 436 439 489 ὅτι
498 437 600 489 Καὶ
660 436 847 488 σκοτία
916 430 1024 495 ἤδη
1085 432 1324 508 ὶγεγόνει,
1406 440 1495 489 καὶ
1552 435 1647 488 οὐκ
1727 433 1960 494 ἐληλύθει

2079 436 2227 492 sicut
2247 436 2345 492 hic
2377 435 2615 509 scripsit
2645 451 2659 504 ;
2688 440 2746 493 et
2770 436 2830 493 in
2856 436 2953 493 illa
2978 435 3215 511 quidem
3240 434 3729 493 deambulatione

357 529 483 599 πρὸς
558 524 747 586 αὐτοὺς
820 527 846 577 6
923 526 1145 595 Ἰησοῦς,
1222 531 1312 579 καὶ
1377 528 1443 578 τά
1508 524 1665 579 λοιπά
1718 529 1961 598 γενέσθαι

358 617 527 675 καθὼς
558 616 707 675 οὗτος
738 614 949 689 ἔγραψε.
1006 620 1105 669 Καὶ
1158 615 1240 668 ἐπὶ
1296 619 1385 688 μεν
1434 615 1627 668 ἐκείνου
1681 624 1769 668 τοῦ
1817 635 1960 687 περι-

359 708 525 757 πάτου
564 708 686 766 τους
726 707 967 776 μαθητὰς
1014 704 1331 775 φοϐηθέντας
1389 703 1735 779 ἀνακραγείνο
1770 706 1855 757 ἐπὶ
1904 702 1962 758 δε

360 798 547 847 τούτου
614 794 905 867 φοϐηθῆναι
974 800 1150 866 μόνον,
1212 794 1481 857 ἐλάττονος
1547 794 1705 867 φόϐου
1756 799 1960 867 γενομέ-

359 904 448 937 νου
500 881 593 937 διά
630 889 724 942 τὴν
766 880 872 943 ἤδη
932 887 1242 942 συνήθειαν
1277 890 1366 937 καὶ
1420 884 1523 937 ἐκεῖ
1578 888 1666 957 μεν
1712 885 1958 947 εἰπόντος·

364 975 491 1045 Ἐγὼ
559 974 685 1045 εἰμι,
744 979 814 1046 μὴ
876 973 1136 1045 φοϐεῖσθε,
1206 976 1348 1026 οὔπω
1408 973 1906 1049 ἐπληροφορήθησαν
1944 995 1957 1008 ·

361 1061 447 1117 διὸ
497 1068 587 1116 καὶ
635 1065 660 1115 6
712 1068 904 1137 Πέτρος
956 1064 1142 1135 ἔλεγεν,
1196 1067 1371 1137 Κύριε,
1410 1064 1454 1116 εἰ
1506 1068 1570 1117 σὺ
1622 1062 1684 1130 εἶ,
1722 1065 1961 1117 κέλευσόν

360 1174 423 1227 με
488 1157 618 1228 πρὸς
694 1156 750 1205 σε
821 1152 979 1206 ἐλθεῖν
1054 1152 1137 1205 ἐπὶ
1188 1156 1254 1205 τὰ
1336 1150 1544 1206 ὕδατα·
1605 1152 1823 1206 ἐνταῦθα
1901 1150 1962 1206 δε

361 1243 545 1303 εὐθέως
598 1241 1120 1315 ἐπληροφορήθησαν,
1184 1240 1367 1304 ἐθάδες
1424 1242 1601 1295 λοιπόν
1648 1248 1911 1315 γενόμενοι
1945 1260 1957 1273 ·

357 1336 449 1385 καὶ
473 1336 588 1384 τότε
621 1335 711 1403 μὲν
741 1331 834 1384 οὐκ
865 1330 1114 1384 ἐκόπασεν
1147 1334 1173 1384 6
1204 1333 1388 1403 ἄνεμος
1416 1334 1575 1406 ἄχρις
1619 1331 1678 1383 ἂν
1728 1331 1959 1392 εἰσῆλθεν

359 1419 426 1481 εἰς
482 1422 538 1473 τὸ
598 1420 793 1473 πλοῖον·
866 1429 955 1472 νῦν
1015 1417 1073 1473 δε
1140 1426 1471 1492 φωνήσαντος
1528 1425 1701 1494 μόνον,
1761 1421 1957 1492 γαλήνη

356 1513 533 1580 γέγονε
562 1523 575 1538 ⁸
613 1515 699 1562 καὶ
729 1506 852 1562 οὐδὲ
873 1510 1106 1570 εἰσῆλθεν
1138 1511 1205 1571 εἰς
1233 1514 1291 1563 τὸ
1322 1510 1515 1579 πλοῖον,
1566 1510 1692 1563 ἀλλά
1721 1510 1959 1564 θελόντων

357 1598 528 1652 λαϐεῖν
554 1600 731 1665 αὐτὸν,
761 1600 887 1653 αύτό
917 1620 971 1653 τε
1013 1600 1086 1662 εἰς
1130 1605 1223 1659 τὴν
1266 1608 1363 1672 γῆν
1408 1599 1608 1669 ἐξῆλθε,
1661 1606 1751 1653 καὶ
1808 1601 1959 1663 αὐτὸς

360 1687 529 1742 ὀπίσω
555 1690 734 1743 αὐτοῦ.
1138 1702 1139 1707 ‘

427 1786 501 1852 Τῇ
554 1777 797 1854 ἇπαύριον
847 1810 910 1821 —-
963 1779 1189 1837 Ἰησοῦν.
1247 1778 1448 1851 ’Ὀχλον
1497 1778 1755 1838 ἑστηκότα
1800 1784 1959 1853 πέραν
1993 1796 2036 1850 Β

356 1876 449 1929 τῆς
524 1868 791 1929 θαλάσσης
841 1868 977 1941 λέγει
1039 1873 1161 1930 τοὺς
1214 1868 1447 1931 ἐλθόντας
1499 1868 1736 1943 ἁρπάσαι
1778 1870 1952 1937 αὐτὸν,

359 1961 442 2010 ἶνα
522 1963 818 2016 ποιήσωσιν
889 1958 1041 2010 αὐτὸν
1101 1958 1340 2013 ϐασιλέα.
1416 1961 1498 2016 Μὴ
1566 1960 1787 2032 εὑρόντες
1854 1963 1954 2033 γὰρ

356 2047 532 2117 αὐτὸν,
601 2047 810 2099 ἵσταντο
868 2046 917 2099 ἰν
989 2055 1061 2117 τῷ
1120 2047 1358 2118 αἰγιαλῷ,
1443 2044 1860 2119 διαλογιζόμενοι
1907 2051 1957 2099 τί

355 2140 552 2208 γέγονε.
618 2143 764 2189 Δοκεί
816 2133 902 2188 οὖν
973 2135 1215 2189 ἐλλείπειν
1289 2138 1315 2188 ό
1371 2136 1540 2208 λόγος.
1626 2142 1797 2195 Μήπω
1857 2139 1955 2209 γὰρ

359 2223 669 2287 ἀναπαύσας
734 2232 914 2278 τοῦτον
973 2228 998 2277 6
1056 2225 1451 2297 εὐαγγελιστης,
1512 2222 1665 2287 αὖθις
1720 2225 1957 2301 ἑτέρωθεν

358 2314 572 2387 ἤρξατο,
634 2314 806 2367 εἰπών·
869 2314 992 2367 Ὀτε
1048 2312 1136 2367 οὖν
1196 2312 1330 2367 εἶδεν
1386 2316 1410 2367 6
1478 2314 1633 2387 ὄχλος
1706 2318 1784 2367 ὅτι
1859 2316 1959 2373 Ἰη-

361 2410 485 2465 σοῦς
516 2403 610 2455 οὐκ
639 2406 780 2456 ἔστιν
810 2403 933 2473 ἐκεῖ,
974 2409 1063 2458 καὶ
1092 2408 1155 2457 τὰ
1186 2404 1325 2468 ἑξῆς.
1359 2412 1553 2478 Σχῆμα
1577 2402 1637 2458 δέ
1665 2403 1778 2457 ἐστι
1808 2413 1959 2458 τοῦτο

362 2498 664 2565 συντομίας.

430 2585 500 2635 T6
560 2579 638 2647 δε,
701 2582 861 2635 Ἀλλα
916 2580 975 2637 δε
1044 2580 1167 2642 ἦλθε
1222 2584 1471 2658 πλοιάρια
1530 2581 1587 2635 ἔκ
1654 2579 1961 2657 Τιϐεριάδος

360 2670 512 2743 ἔγγὺς
590 2680 682 2724 τοῦ
740 2677 924 2736 τόπου,
992 2675 1121 2725 ὃπου
1197 2676 1383 2745 ἔφαγον
1460 2676 1546 2724 τὸν
1625 2673 1802 2745 οἶρτον,
1885 2672 1961 2724 εύ-

359 2765 796 2836 χαριστήσοιντος
849 2769 941 2814 τοῦ
994 2766 1184 2835 Κυρίου
1237 2761 1375 2833 (39),
1425 2760 1774 2833 μεταξυλογία
1827 2759 1963 2814 ἐστὶν

363 2851 434 2912 εἰς
483 2846 716 2909 δήλωσιν
757 2858 849 2903 τοῦ
895 2852 1106 2925 ὕστερον
1150 2847 1310 2903 ἐλθεῖν
1369 2850 1519 2905 αύτά.
1579 2855 1713 2910 Τέως
1769 2846 1819 2903 δ’
1877 2846 1964 2903 οὖν

362 2938 760 3014 ἑξαπορηθέντες
846 2941 1190 2992 ὑπώπτευσαν
1253 2941 1333 2993 ὅτι
1409 2938 1680 3000 ἕπέζευσεν
1741 2938 1823 2991 ἐπὶ
1873 2948 1968 3001 τῆς

365 3028 663 3090 θαλάσσης.
734 3033 829 3082 Διά
882 3038 1036 3082 τοῦτο
1091 3032 1193 3103 γὰρ
1251 3033 1341 3081 καὶ
1404 3025 1558 3087 ἦλθον
1632 3029 1704 3090 εἰς
1757 3035 1964 3100 Καπερ-

360 3123 527 3190 ναούμ
565 3122 839 3182 ζητοῦντες
869 3119 1023 3171 αὐτὸν
1057 3139 1069 3151 ·
1104 3122 1209 3172 ἐκεῖ
1255 3121 1353 3191 γὰρ
1395 3122 1459 3171 τά
1488 3118 1650 3171 πολλά
1680 3115 1714 3171 δ
1720 3117 1965 3191 ιατρίϐειν
1998 3146 2038 3203 C

360 3208 550 3262 εἰώθει,

432 3303 532 3350 Καὶ
600 3298 831 3371 εὑρόντες
891 3328 957 3338 -
1013 3297 1411 3368 γέγονας;ούκ
1478 3301 1759 3371 ηρώτησαν
1812 3294 1965 3347 αύτόν

358 3396 461 3447 πῶς
494 3384 666 3450 διέϐη,
703 3389 786 3439 ἱνα
826 3391 884 3440 τό
923 3384 1227 3445 τηλικοῦτον
1271 3394 1485 3458 σημεῖον
1526 3388 1785 3459 μάθωσιν,
1844 3382 1968 3437 mia“:

355 3480 474 3550 περὶ
532 3484 622 3537 τῆς
692 3475 967 3547 βασιλείας
1043 3473 1204 3543 εἷπον,
1277 3475 1406 3527 ἀλλά
1478 3484 1646 3528 ταῦτα
1726 3478 1967 3547 παρέντες

357 3564 581 3640 ἤρξαντο
654 3564 968 3632 κολακεύειν,
1029 3565 1275 3637 λέγοντεςο
1339 3569 1472 3618 Πότε
1536 3560 1625 3617 οὖν
1685 3566 1796 3632 (40)
1863 3559 1965 3615 ὧδε

358 3659 732 3727 παραγέγονας,
844 3654 1015 3707 λαθών
1122 3656 1260 3726 ἡμᾶς

360 3761 494 3812 σου;
548 3744 881 3797 Ἐκολάκευον
931 3741 1012 3812 δε,
1096 3744 1179 3796 ἵνα
1248 3743 1402 3797 πάλιν
1454 3744 1715 3818 τράπεζαν
1795 3741 1968 3802 αὐτοῖς

356 3835 677 3908 παραθήσει.
751 3833 925 3896 Ἀπαξ
995 3835 1098 3905 γὰρ
1173 3832 1570 3904 ἐμπλησθέντες,
1641 3836 1732 3884 καὶ
1788 3831 1967 3883 λοιπὸν

356 3922 775 3995 λιχνευσάμενοι,
796 3922 958 3975 τοῖλλα
979 3925 1147 3975 πάντα
1163 3919 1380 3997 δεύτερα
1404 3921 1660 3994 ἐνόμιζον.
1687 3921 1762 3973 Ού
1782 3924 1967 3981 πάντες

361 4008 419 4065 δε
449 4009 583 4071 ἦσαν
613 4010 680 4065 τά
707 4019 925 4065 τοιαῦτα
951 4012 1407 4084 ἐξαμαρτάνοντες.
1456 4016 1623 4085 Πέραν
1658 4008 1692 4063 δ
1698 4016 1718 4063 ε
1765 4010 1967 4081 λέγεται

360 4101 599 4176 ἑκάτερον
658 4110 759 4154 τῶν
807 4100 884 4155 ἐπ’
931 4101 1131 4162 εὐθείας
1186 4100 1540 4173 ἀντικειμένων
1589 4102 1823 4172 περάτων
1871 4109 1967 4161 τῆς

1356 3658 1479 3716 τοὺς
1559 3652 1967 3727 ἐκκρεμαμένους

360 4191 651 4258 θαλάσσης,
686 4188 970 4252 δηλοῦντος
1013 4199 1102 4243 τοῦ
1150 4194 1384 4243 τοιούτου
1435 4190 1682 4262 ὀνόματος
1734 4197 1821 4240 νῦν
1874 4192 1964 4261 μὲν

358 4288 531 4347 τοῦτο,
559 4289 646 4334 νῦν
680 4278 714 4334 δ
718 4285 739 4335 ε
765 4279 949 4337 έκεῖνο.

429 4460 710 4535 Ἀπεκρίθη
787 4488 857 4501 --
928 4457 1310 4533 ἐχορτάσθητε.

359 4548 549 4621 ὁμαλὸν
580 4549 639 4602 ού
670 4557 947 4620 πανταχοῦ
986 4554 1281 4623 χρήσιμον,
1334 4546 1443 4599 ἀλλ’
1485 4548 1602 4599 ὅταν
1651 4548 1677 4598 6
1725 4547 1963 4618 μαθητὴς

1394 4458 1465 4512 T6
1546 4459 1805 4531 upon-nvi;
1876 4462 2040 4559 xaiD

358 4643 541 4711 παχὺς
583 4642 659 4697 εἴη
692 4644 782 4692 καὶ
812 4641 996 4708 νωθὴς,
1048 4644 1162 4691 τότε
1204 4642 1416 4711 κέντρου
1475 4642 1636 4712 χρεία
1688 4644 1758 4707 τῷ
1811 4632 1963 4688 ὁίδα-

363 4729 557 4801 σκάλῳ,
625 4735 715 4781 καὶ
779 4728 935 4799 λόγου
998 4728 1420 4801 πληκτικωτέρου
1492 4730 1618 4799 πρὸς
1697 4730 1755 4778 τὸ
1818 4727 1965 4779 καθι-

358 4821 544 4872 κεσθαι
578 4823 668 4871 καὶ
722 4815 976 4889 διεγεῖραι
1021 4817 1200 4882 αὐτὸν,
1247 4818 1367 4889 ὅπερ
1414 4818 1439 4868 6
1488 4816 1691 4876 Ἰησοῦς
1744 4814 1966 4867 ἐνταῦθα

359 4913 654 4971 πεποίηκεν,
724 4908 835 4980 οἶμα
880 4912 970 4980 μὲν
1024 4905 1340 4964 ἐπιπλήττων
1394 4906 1570 4968 αὐτοῖς
1625 4908 1695 4967 ὡς
1732 4905 1958 4976 κόλαξιν,

360 4998 471 5071 οἶμα
529 4995 587 5051 δὲ
639 5003 729 5050 καὶ
788 5002 881 5056 τὴν
938 5003 1149 5069 γνώμην
1217 4996 1385 5048 αὐτῶν
1453 4994 1825 5048 ἀνακαλύπτων
1877 5000 1967 5047 καὶ

361 5086 715 5160 ἀμφοτέρωθεν
792 5086 977 5147 αὐτοὺς
1039 5083 1427 5160 διορθούμενος.
1493 5089 1645 5156 Λέγει
1705 5086 1829 5159 γὰρ,
1888 5086 1968 5137 ὅτι

435 5268 479 5302 ³³
505 5265 705 5323 Matth.
739 5280 857 5331 xiv,
887 5268 979 5321 27.
1058 5265 1105 5302 ¹⁴
1146 5263 1289 5322 Ibid.
1331 5268 1421 5321 28.

2073 527 2381 582 exterritos
2424 526 2756 599 discipulos
2788 527 3185 595 exclamasse,
3215 527 3274 581 in
3300 526 3424 584 hac.
3451 541 3593 581 vero
3638 541 3730 581 so-

2070 614 2196 671 lum
2234 615 2524 686 timuisse,
2557 616 2721 687 quod
2747 616 2921 673 timor
2944 617 3070 687 jam
3103 616 3485 673 assuetudine
3534 614 3732 670 minor

2072 703 2264 759 fuerit.
2297 707 2365 760 Et
2396 706 2476 759 ibi
2505 721 2643 761 cum
2674 705 2920 761 dixisset
2953 722 2967 760 :
3000 708 3120 776 Ego
3150 722 3297 769 sum,
3345 705 3521 760 nolite
3570 705 3732 760 time-

2072 808 2137 849 re
2176 794 2244 858 ¹³,
2278 794 2549 849 nondum
2588 795 2863 850 certiores
2896 795 3083 851 factos
3113 795 3315 865 fuisse,
3350 794 3607 867 ideoque
3630 795 3728 849 Pe~

2072 889 2196 940 trns
2222 886 2459 941 dicebat
2486 903 2499 941 :
2525 888 2785 951 Domine,
2815 886 2865 941 si
2891 892 2952 941 tu
2982 902 3056 952 es,
3098 886 3245 956 jube
3280 892 3341 940 ut
3372 900 3475 954 ego
3505 885 3727 940 veniam

2071 976 2148 1030 ad
2191 982 2245 1031 te
2294 992 2464 1046 super
2505 990 2687 1047 aquas
2745 976 2835 1046 1‘;
2903 974 2995 1030 hic
3041 982 3231 1031 autem
3288 974 3562 1047 protinus
3604 988 3733 1028 cer-

2072 1064 2247 1121 tiores
2303 1064 2488 1121 factos
2546 1081 2697 1130 esse,
2748 1065 2908 1135 quod
2956 1064 3082 1135 jam
3127 1064 3346 1120 assueti
3390 1066 3603 1119 essent.
3666 1065 3732 1118 Et

2072 1160 2212 1209 tunc
2281 1170 2397 1209 non
2454 1153 2683 1226 quievit
2740 1159 2949 1209 ventus
3020 1153 3213 1209 donec
3289 1152 3593 1225 ingressus
3642 1166 3733 1207 es-

2071 1248 2160 1298 set
2200 1243 2261 1299 in
2319 1242 2574 1310 navim;
2630 1259 2792 1298 nunc
2841 1258 2983 1299 vero
3054 1243 3155 1299 ubi
3204 1248 3437 1299 tantum
3494 1242 3730 1298 locutus

2069 1337 2176 1400 est,
2208 1332 2365 1389 facta
2394 1339 2481 1389 est
2512 1331 2933 1405 tranquillitas,
2972 1338 3026 1388 et
3048 1348 3116 1387 ne
3135 1332 3335 1388 navim
3364 1332 3608 1404 quidem
3644 1331 3731 1386 in-

2069 1437 2309 1491 gressus
2338 1428 2443 1487 est,
2489 1422 2596 1478 sed
2627 1437 2765 1478 cuin
2805 1422 3018 1477 vellent
3050 1438 3187 1476 eum
3226 1421 3287 1478 in
3341 1421 3539 1478 navim
3580 1418 3733 1477 acci-

2069 1517 2485 1584 pere,repente
2514 1512 2684 1567 navis
2706 1510 3061 1583 pervenitad
3093 1515 3331 1577 terram,
3361 1516 3418 1567 et
3437 1510 3568 1582 ipse
3598 1514 3731 1582 post

2068 1585 2255 1655 illam.
3666 1627 3673 1633 -

2140 1780 2296 1833 Vers.
2339 1783 2427 1834 2'2.
2450 1776 2733 1849 Sequenti
2755 1779 2843 1834 die
2880 1810 2945 1819 —
2979 1778 3140 1834 Vers.
3183 1781 3270 1833 24.
3316 1778 3532 1834 Iesum.
3590 1777 3736 1834 Tur-

2067 1868 2226 1933 bam,
2256 1884 2392 1939 qua:
2423 1868 2615 1923 stabat
2647 1868 2724 1923 ad
2760 1884 2939 1936 mare,
2974 1868 3115 1923 dicit
3138 1883 3240 1923 eos
3271 1867 3374 1939 qui
3422 1872 3730 1934 venerant,

2071 1963 2130 2012 ut
2160 1963 2397 2028 raptum
2431 1958 2621 2027 ipsum
2652 1963 2918 2013 crearent
2943 1973 3144 2025 regem
3174 1974 3185 2012 :
3220 1973 3362 2012 nam
3400 1974 3537 2013 cum
3561 1956 3731 2012 illum

2068 2063 2188 2102 non
2219 2046 2608 2112 invenissent,
2634 2047 2876 2102 stabant
2897 2048 2954 2102 in
2984 2048 3175 2103 littore
3196 2047 3549 2116 cogitantes,
3581 2045 3731 2119 quid

2068 2143 2269 2192 actum
2297 2142 2469 2190 esset.
2500 2136 2743 2191 Videtur
2769 2153 2910 2205 ergo
2937 2153 3189 2192 mancus
3220 2152 3347 2191 esse
3378 2136 3470 2191 hic
3498 2150 3729 2201 sermo;

2070 2242 2210 2282 nam
2243 2241 2373 2280 cum
2402 2225 2567 2280 illum
2602 2226 2871 2281 nondum
2901 2227 3209 2298 quiescere
3240 2225 3445 2281 fecerit
3482 2240 3735 2293 evange-

2068 2313 2223 2377 lista,
2252 2329 2457 2368 rursus
2481 2313 2953 2385 aliundeiucepit
2975 2314 3181 2370 dicens
3217 2332 3230 2368 :
3278 2314 3385 2371 Ubi
3408 2328 3550 2385 ergo
3587 2313 3731 2369 vidit

2071 2402 2445 2473 turba,quod
2461 2403 2624 2458 Iesus
2638 2420 2756 2459 non
2773 2410 2916 2460 esset
2944 2404 3047 2469 ibi,
3083 2407 3378 2459 etcaatera.
3409 2403 3505 2458 Est
3534 2409 3731 2459 autem

2070 2493 2265 2549 forma
2303 2492 2427 2548 haec
2457 2492 2942 2549 abbreviationis.

2144 2582 2315 2648 Quod
2359 2586 2555 2639 autem
2585 2584 2851 2655 sequitur
2882 2584 3071 2639 :Atiw
3111 2598 3247 2640 vero
3275 2586 3734 2652 supervenerant

2073 2673 2360 2728 naviculae
2383 2688 2419 2728 a
2452 2672 2763 2729 Tiberiade
2778 2675 2967 2743 juxta
3000 2675 3209 2737 locum,
3232 2672 3333 2728 ubi
3355 2673 3733 2729 comederunt

2072 2769 2626 2834 panem,postquam
2669 2766 2903 2831 gratias
2945 2768 3141 2833 egerat
3169 2764 3470 2826 Dominus,
3499 2760 3736 2817 interlo-

2076 2853 2233 2907 cutio
2265 2857 2353 2906 est
2391 2851 2469 2907 ad
2497 2851 2987 2921 signiﬁcandum,
3010 2851 3174 2924 quod
3207 2850 3595 2924 postmodum
3622 2850 3737 2907 illae

2078 2943 2345 2997 venerint
2370 2959 2380 2995 :
2416 2940 2661 2996 tandem
2676 2941 2833 2995 enim
2854 2940 3241 3011 desperantes
3266 2940 3555 3012 suspicati
3575 2944 3734 3004 sunt,

2075 3030 2239 3103 quod
2275 3030 2530 3102 pedestri
2564 3032 2770 3085 itinere
2796 3030 2956 3086 circa
2990 3047 3154 3085 mare
3194 3031 3438 3087 abiisset
3471 3046 3484 3094 ;
3513 3030 3647 3086 ideo
3680 3033 3739 3086 et

2077 3118 2185 3191 ipsi
2221 3122 3237 3190 veneruntCapernaumquierentes
3265 3135 3403 3175 eum
3440 3135 3619 3175 :uam
3653 3118 3739 3175 ibi

2081 3210 2393 3281 plurimum
2425 3208 2705 3263 diversari
2740 3208 2991 3263 solebat.

2151 3301 2307 3353 Vers.
2337 3298 2426 3353 25.
2454 3298 2711 3368 Cumque
2727 3298 3084 3355 invenissent
3119 3329 3181 3337 —
3208 3297 3466 3354 venisti?
3495 3301 3622 3354 Non
3652 3298 3741 3355 in-

2080 3392 2527 3459 terrogaverunt
2570 3404 2708 3443 eum
2756 3388 3059 3460 quomodo
3098 3387 3378 3451 venisset,
3404 3392 3467 3444 ut
3505 3392 3738 3443 tantum

2080 3478 2321 3547 signum
2353 3478 2668 3541 discerent,
2703 3493 2899 3549 neque
2939 3476 3013 3532 de
3065 3491 3252 3546 regno
3292 3476 3588 3541 dixerunt,
3631 3475 3739 3533 sed

2076 3568 2168 3623 his
2217 3568 2429 3623 relictis
2460 3572 2773 3639 coeperunt
2818 3567 3102 3623 assentari
3155 3567 3419 3622 dicentes
3452 3584 3468 3621 :
3502 3566 3740 3632 Quando

2078 3658 2190 3714 huc
2230 3658 2460 3724 venisti,
2480 3672 2787 3726 ignorans,
2816 3656 2981 3728 quod
3018 3672 3127 3712 nos
3158 3672 3194 3712 a
3224 3661 3279 3711 te
3308 3655 3740 3727 penderemus?

2078 3747 2544 3803 Asseulabantur
2572 3752 2795 3810 autem,
2816 3751 2881 3800 ut
2906 3761 3178 3802 mensam
3208 3746 3419 3801 iterum
3442 3746 3526 3802 eis
3554 3761 3742 3817 appo-

2077 3842 2236 3893 neret
2274 3854 2286 3891 ε
2324 3852 2468 3891 nam
2520 3836 2704 3891 semel
2758 3836 2974 3902 satiati,
3012 3842 3066 3890 et
3103 3835 3470 3905 ligurientes,
3516 3834 3744 3891 caeteris

2076 3925 2357 3981 omnibus
2378 3925 2634 3998 (rr)jam
2662 3925 3060 3995 consumptis,
3091 3924 3166 3979 de
3189 3924 3562 3980 secundariis
3585 3924 3745 3995 cogi-

2078 4015 2284 4070 tabant
2318 4031 2329 4068 :
2364 4030 2712 4085 quanquam
2756 4030 2872 4069 non
2903 4029 3114 4068 omnes
3164 4014 3225 4068 in
3272 4013 3562 4069 similibus
3602 4012 3744 4069 deli-

2074 4110 2351 4176 querant.
2386 4108 2550 4177 Πέραν
2592 4119 2731 4158 vero
2767 4103 2942 4173 (sicut
2981 4109 3038 4157 et
3072 4107 3244 4158 trans
3280 4104 3501 4165 Latine)
3529 4103 3745 4158 dicitur

2074 4192 2148 4247 de
2178 4197 2429 4264 utroque
2457 4192 2846 4247 terminorum
2868 4191 3049 4245 maris
3075 4190 3739 4262 directeoppositorum,

2075 4280 2449 4350 signiﬁcante
2486 4280 2829 4351 hujusmodi
2874 4278 3161 4335 vocabulo
3199 4295 3360 4336 nunc
3406 4279 3522 4335 hoc
3554 4277 3739 4343 littus,

2075 4385 2231 4426 nunc
2277 4386 2417 4425 vero
2460 4370 2632 4425 illud.

2148 4459 2308 4514 Vers.
2344 4459 2431 4513 26.
2479 4458 2780 4530 Respondit
2814 4489 2882 4499 —
2938 4460 3194 4515 saturati
3221 4457 3371 4515 estis.
3391 4460 3509 4514 Non
3564 4472 3747 4529 expe-

2078 4547 2182 4613 dit,
2218 4548 2435 4620 ubique
2472 4554 2851 4603 mansuetum
2908 4564 3041 4603 esse
3092 4563 3162 4603 ac
3194 4548 3410 4616 lenem,
3465 4546 3570 4603 sed
3605 4563 3747 4604 cum

2077 4636 2405 4708 discipulus
2424 4653 2665 4692 crassus
2682 4652 2752 4691 ac
2781 4636 2979 4706 segnis
3012 4636 3201 4701 fuerit,
3228 4642 3365 4693 tunc
3396 4637 3746 4709 prmceptori

2076 4742 2229 4796 Opus
2256 4732 2343 4781 est
2378 4726 2621 4781 stimulo
2654 4742 2722 4781 ac
2752 4742 3028 4780 sermone
3070 4725 3480 4797 objurgatorio
3511 4725 3589 4781 ad
3620 4730 3746 4781 tan-

2076 4816 2339 4886 gendum
2393 4821 2448 4870 et
2492 4815 2871 4871 excitandum
2916 4814 3092 4877 illum,
3128 4814 3293 4885 quod
3340 4815 3435 4870 hic
3479 4814 3614 4870 fecit
3659 4816 3749 4869 Je-

2076 4922 2176 4960 sus
2207 4923 2218 4962 :
2257 4904 2434 4959 simul
2464 4904 2702 4977 quidem
2736 4903 3057 4976 increpans
3082 4920 3186 4958 eos
3207 4909 3495 4974 tanquam
3543 4918 3750 4958 assen-

2078 5000 2316 5058 tatores,
2372 4993 2550 5048 simul
2605 4994 2785 5048 etiam
2837 4998 3098 5049 mentem
3167 5009 3374 5048 eorum
3439 4992 3745 5061 detegens,

2078 5090 2135 5141 et
2186 5083 2462 5155 utrinque
2518 5082 2645 5139 illos
2686 5082 3008 5154 corrigens.
3066 5080 3157 5138 Ait
3214 5081 3426 5138 enim:
3474 5079 3747 5147 Quaeritis

1564 5378 1790 5451 Variae
1826 5379 2160 5450 lectiones
2198 5389 2263 5448 et
2318 5388 2519 5449 notae.

435 5579 548 5653 (39)
591 5579 788 5647 Ἰησοῦ,
831 5592 942 5651 pro
974 5581 1193 5651 Κυρίου,
1228 5584 1289 5632 Δ.

2152 5577 2244 5649 40)
2286 5573 2391 5630 Οὖν
2440 5576 2614 5634 abest
2644 5576 2709 5631 Α.

436 5721 549 5794 (rr)
579 5721 847 5779 Crwtsn’s
875 5718 1164 5777 omnibus.
1202 5721 1266 5777 Et
1305 5720 1532 5796 reliqua
1565 5721 1765 5778 omnia
1805 5719 2087 5791 secunda,
2112 5720 2195 5794 (id
2224 5721 2335 5793 est)
2369 5718 2653 5778 inferiora
2679 5717 3028 5776 censebant.
3054 5720 3167 5775 Nec
3198 5722 3396 5774 tamen
3425 5731 3657 5775 omnes.
