4156 6394
427 305 564 361 1243
1763 312 2116 376 EUTHYMII
2150 320 2163 373 ἑ

2115 318 2116 323 “
2150 316 2478 375 ZIGABENI
3663 307 3800 366 1244

424 450 541 500 me,
574 450 697 492 non
726 435 893 509 quod
932 437 1100 509 signa
1137 439 1310 496 vobis
1340 441 1729 509 ostenderim,
1777 444 1881 499 sed
1919 443 2078 515 quod
2116 442 2163 497 A

2116 442 2163 497 A
2198 447 2408 501 Ζητεῖτέ
2437 462 2519 514 με,
2556 441 2661 515 οὐχ
2709 444 2778 505 ὡς
2835 447 3029 514 σημεῖα
3076 436 3321 503 δείξαντα
3375 438 3519 512 ὑμῖν,
3570 437 3678 491 ἀλλ’
3728 441 3799 502 ὡς

422 538 533 580 vos
562 526 827 597 paverim
858 542 930 583 ac
968 530 1395 587 saturaverim:
1424 546 1567 597 non,
1601 537 1665 588 ut
1713 532 1853 587 visis
1901 532 2084 602 signis

2199 533 2460 606 θρέψαντα
2518 537 2608 585 καὶ
2670 534 3013 606 χορτάσαντα
3063 532 3199 603 ὑμᾶς
3232 546 3246 561 ⁸
3306 530 3411 602 οὐχ
3463 530 3546 581 ἱνα
3605 536 3799 603 σημεῖα

424 614 694 681 credatis,
724 616 830 672 sed
865 622 925 673 ut
952 618 1119 674 cibos
1148 619 1389 675 edentes
1409 622 1964 693 saturemini,quod
1996 627 2087 679 est

2198 621 2467 695 βλέποντες
2536 624 2839 689 πιστεύητε,
2899 618 3005 671 ἀλλ’
3073 620 3157 672 ἵνα
3214 617 3475 694 βρώματα
3544 617 3796 681 ἐσθίοντες

425 704 867 777 mancipiorum
890 710 1107 764 ventris
1133 725 1203 764 ac
1230 710 1596 779 gulosorum.
1634 711 1861 767 Leniter
1882 718 2084 767 autem

2194 712 2436 786 χορτάζη
2448 713 2555 775 σθε,
2583 713 2703 785 ὅπερ
2722 713 2833 763 ἐστὶ
2853 706 3221 762 κοιλιοδούλων
3248 713 3337 760 καὶ
3358 712 3794 783 γαστριμάργων.

426 807 482 850 et
510 810 683 865 parce
714 794 844 851 illos
884 797 1097 867 arguit,
1136 814 1245 854 nec
1286 800 1344 854 in
1378 802 1841 872 reprehensione
1885 802 2081 868 instat,

2197 808 2477 873 Προσηνὼς
2555 796 2614 852 δὲ
2666 803 2755 851 καὶ
2810 802 2941 870 μετά
3001 795 3213 871 φειδοῦς
3262 798 3482 869 ἑλέγχει,
3551 804 3640 850 καὶ
3691 797 3795 870 οὐχ

427 883 532 939 sed
586 886 783 940 statim
833 885 1174 944 doctrinam
1224 889 1518 963 adjungit.

2197 892 2410 943 ἵσταται
2458 894 2619 963 μέχρι
2666 896 2764 941 τῶν
2813 887 3064 960 ἐλέγχων,
3126 886 3253 939 ἀλλά
3302 892 3391 939 καὶ
3444 883 3795 939 διδασκαλίαν

2195 982 2569 1055 προστίθησιν,

496 1065 655 1119 Vers.
689 1068 778 1119 27.
822 1064 1550 1131 Operemini—ceternam.
1586 1068 1805 1125 Curam
1845 1070 2084 1140 habete,

2266 1070 2584 1145 Ἐργάζεσθε
2641 1099 2700 1109 -—
2752 1067 2981 1124 αἰώνιον.
3037 1067 3337 1141 Φροντίζετε
3388 1071 3458 1138 μὴ
3518 1074 3614 1127 τῆς
3662 1065 3797 1142 βρώι

423 1166 543 1207 non
574 1151 689 1208 cibi
710 1154 1134 1226 corruptibilis,
1159 1156 1258 1211 sed
1278 1158 1748 1231 incorruptibilis
1784 1177 1797 1225 ;
1834 1175 1951 1214 non
1979 1159 2081 1232 qui

2198 1179 2323 1222 σεως
2372 1168 2462 1220 τῆς
2519 1160 2874 1233 φθειρομένης,
2928 1156 3056 1208 ἀλλά
3108 1166 3199 1217 τῆς
3258 1155 3522 1230 ἀφθάρτου
3589 1160 3662 1227 μὴ
3710 1162 3800 1214 τῆς

424 1256 667 1297 carnem
712 1247 945 1314 pascat,
997 1245 1101 1300 sed
1133 1247 1403 1303 animam
1442 1248 1666 1304 nutriat
1702 1268 1713 1307 :
1751 1248 1846 1304 hic
1882 1253 2083 1304 autem

2194 1252 2482 1323 τρεφούσης
2518 1252 2611 1306 τὴν
2645 1249 2836 1319 σάρκα,
2886 1245 3012 1298 ἀλλὰ
3064 1255 3160 1307 τῆς
3214 1248 3502 1319 τρεφούσης
3554 1249 3646 1303 τὴν
3694 1243 3803 1315 ψυ-

423 1336 512 1387 est
536 1332 707 1400 ﬁdes,
734 1338 795 1389 ut
814 1334 875 1389 in
897 1350 1217 1406 progressu
1240 1337 1509 1393 dicturus
1529 1343 1635 1394 est.
1664 1339 2083 1411 Operationem

2193 1344 2322 1412 χήν.
2376 1338 2517 1395 Αὕτη
2577 1333 2636 1389 δε
2679 1336 2875 1395 ἐστινὴ
2921 1340 3116 1397 πίστις,
3167 1338 3237 1396 ὡς
3289 1340 3483 1411 προῖὼν
3531 1333 3653 1407 ipsi.
3686 1332 3803 1406 Ἐρ-

423 1436 566 1477 vero
601 1424 902 1493 pereuntis
933 1424 1048 1480 cilni
1077 1424 1192 1482 hoc
1217 1427 1427 1483 inloco
1469 1427 1734 1500 appellat
1763 1444 1919 1493 eam,
1954 1444 2084 1500 quas

2192 1433 2386 1501 γασίαν
2438 1430 2537 1499 γὰρ
2581 1434 2669 1477 νῦν
2728 1424 2865 1496 λέγει
2910 1425 2970 1477 οὗ
3013 1429 3107 1483 τὴν
3162 1424 3468 1494 ἀναγκαίαν,
3531 1422 3658 1476 ἀλλὰ
3705 1427 3803 1481 τὴν

422 1512 759 1568 necessaria
779 1528 901 1568 non
954 1516 1163 1569 estsed
1186 1516 1511 1586 superﬂua,
1567 1518 1687 1573 sive
1724 1533 2080 1589 permanen-

2193 1523 2458 1591 περιττήν,
2514 1519 2632 1575 ἤτοι
2696 1520 2785 1573 τὴν
2843 1518 3061 1587 ἔμμονον
3118 1518 3207 1566 καὶ
3270 1511 3485 1572 διηνεκῆ
3547 1509 3806 1588 φροντίδα

422 1603 541 1656 tem
563 1602 971 1657 etcontinuam
991 1604 1446 1662 sollicitudinem
1466 1607 1578 1661 cibi
1597 1606 1927 1674 sensibilis;
1952 1623 2081 1661 nam

2194 1617 2287 1669 τῆς
2322 1606 2565 1680 βρώσεως
2593 1613 2683 1665 τῆς
2713 1606 2978 1666 αἰσθητῆς
3006 1606 3065 1661 ’ἡ
3096 1604 3358 1675 ἀναγκαία
3383 1606 3486 1676 γὰρ
3519 1602 3802 1663 ἀκώλυτος.

423 1705 560 1761 quae
609 1693 947 1747 necessaria
977 1700 1085 1758 est,
1146 1710 1267 1750 non
1313 1696 1683 1767 prohibetur.
1733 1694 1872 1751 Ideo
1902 1698 2080 1752 etiam

2196 1701 2282 1750 Διὸ
2310 1702 2398 1748 καὶ
2444 1697 2469 1747 6
2498 1693 2697 1755 Παῦλος
2728 1693 2998 1764 πολλαχοῦ
3029 1702 3126 1745 τῶν
3158 1692 3493 1757 Ἐπιστολῶν,
3541 1692 3599 1744 οὐ
3647 1695 3805 1763 μόνον

422 1779 689 1850 permisit
724 1780 980 1851 propriis
1033 1784 1267 1855 operari
1319 1786 1619 1850 manibus,
1666 1801 1867 1841 verum
1904 1786 2083 1841 etiam
2125 1807 2162 1860 Β

2125 1807 2162 1860 Β
2196 1785 2467 1860 ἐπέτρεψεν
2516 1784 2832 1855 ἐργάζεσθαι
2888 1791 3000 1843 ταῖς
3053 1779 3213 1843 ἰδίαις
3272 1787 3481 1856 χερσὶν,
3531 1779 3660 1833 ἀλλὰ
3713 1783 3811 1832 καὶ

425 1868 635 1924 Paulus
662 1869 721 1925 in
754 1870 953 1926 multis
968 1873 1350 1944 Epistolarum
1380 1875 1523 1930 locis
1552 1891 1671 1931 non
1709 1876 1905 1931 solum
1939 1892 2084 1948 pras-

2197 1871 2496 1950 διαρρήδην
2540 1873 2834 1937 ὲνετειλατο,
2868 1875 2949 1925 ὁτι
2980 1876 3039 1926 Εἰ
3071 1892 3147 1932 τις
3188 1871 3245 1924 οὐ
3288 1870 3419 1925 θέλει
3461 1868 3807 1945 ἔργάζεσθαι,

421 1957 573 2028 cepit
601 1958 808 2014 dicens
838 1960 932 2016 :Si
950 1967 1080 2033 quis
1103 1980 1222 2019 non
1256 1964 1373 2019 vult
1388 1966 1635 2036 operari,
1668 1965 1713 2019 is
1742 1980 1840 2021 nec
1865 1966 2081 2021 edat“.

2197 1986 2267 2040 μη
2278 1962 2335 2017 δὲ
2365 1963 2599 2016 ἐσθιέτω.

494 2047 655 2103 Sicut
692 2064 831 2118 ergo
862 2050 936 2106 de
968 2053 1187 2109 Martha
1220 2054 1423 2109 dicens
1479 2054 1743 2109 Christus
1783 2056 2084 2118 :Marthu,

2266 2054 2467 2125 ’Ὠσπερ
2522 2053 2610 2105 οὖν
2666 2050 2748 2103 ἐπὶ
2825 2060 2918 2113 τῆς
2973 2052 3190 2123 Μάρθας
3246 2051 3401 2103 εἰπὼν
3458 2051 3484 2102 6
3548 2054 3805 2122 Χριστός·

422 2135 685 2203 Martha,
736 2140 982 2197 sollicita
1023 2158 1078 2197 es
1126 2159 1189 2198 ac
1231 2144 1618 2199 tumultuans
1669 2144 1831 2199 circa
1882 2146 2085 2210 multa,

2198 2145 2409 2216 Μάρθα,
2518 2144 2726 2213 Μάρθα,
2820 2147 3073 2216 μεριμνᾷς
3158 2146 3241 2193 καὶ
3344 2138 3582 2216 τνρϐάζῃ
3686 2143 3812 2207 περὶ

421 2226 590 2297 atqui
604 2243 782 2283 unum
795 2244 849 2283 es
863 2233 1269 2287 (necessarium
1286 2233 1332 2268 ¹⁶
1348 2274 1361 2297 ,
1372 2248 1489 2287 non
1507 2232 1807 2305 prohibuit
1828 2233 2091 2304 hospita-

2199 2232 2391 2284 πολλά·
2453 2230 2556 2291 ἐνὸς
2623 2227 2681 2283 δέ
2734 2228 2848 2283 ἐστι
2898 2233 3076 2303 χρεία⁸
3134 2229 3225 2282 οὐκ
3283 2228 3509 2281 ἐκώλυσε
3571 2232 3664 2287 την
3721 2248 3814 2299 φι-

418 2314 663 2382 litatem,
687 2318 791 2373 sed
815 2322 1138 2391 przeposuit
1159 2322 1501 2377 divinorum
1541 2338 1888 2377 sermonum
1917 2322 2091 2377 audi-

2198 2322 2445 2385 λοξενίαν,
2502 2320 2631 2373 ἀλλὰ
2685 2324 3005 2391 προετίμησε
3058 2324 3150 2378 τὴν
3224 2326 3325 2371 τῶν
3395 2320 3541 2371 θείων
3614 2316 3811 2389 λογίων

422 2406 643 2462 tionem
674 2424 687 2473 ;
717 2410 799 2463 ita
828 2415 883 2464 et
913 2426 1071 2466 nunc
1102 2411 1309 2467 dicens
1336 2431 1349 2471 :
1384 2413 1725 2481 Operemim'
1748 2429 1858 2468 non
1904 2413 2090 2468 czbum

2201 2409 2453 2485 ἀκρόασιν
2489 2430 2500 2441 ·
2550 2410 2686 2461 οὕτω
2725 2414 2813 2460 καὶ
2853 2416 2939 2459 νῦν
2992 2409 3163 2461 εἰπών·
3212 2408 3527 2482 Ἐργάζεσθε
3575 2410 3646 2477 μὴ
3706 2410 3811 2464 τὴν

419 2497 521 2569 qui
537 2497 712 2566 perit,
739 2500 953 2570 sedqui
973 2509 1158 2556 manet
1185 2504 1247 2556 in
1272 2501 1453 2558 vitam
1476 2510 1781 2567 ara/eruam,
1802 2519 1921 2557 non
1946 2517 2091 2573 prae-

2202 2498 2403 2573 βρώσιν
2505 2504 2598 2557 τὴν
2685 2496 3058 2569 ἀπολλυμένην,
3150 2496 3281 2549 ἀλλά
3364 2502 3456 2555 τὴν
3545 2500 3812 2566 μένουσαν

419 2586 561 2659 cipit
584 2593 815 2644 tantum
859 2591 1089 2660 operari
1116 2590 1317 2646 cibum
1350 2592 1590 2658 animas,
1634 2607 1987 2665 quanquam
2019 2593 2092 2652 sit

2200 2589 2266 2650 εἰς
2346 2590 2484 2649 ζωὴν
2570 2587 2774 2639 αἰώνιον
2827 2605 2839 2617 ’
2915 2588 3009 2639 οὐκ
3070 2586 3293 2640 ἐκώλυσε
3358 2590 3417 2639 τὸ
3494 2584 3814 2658 ἐργάζεσθαι

423 2676 617 2746 magis
634 2679 1028 2746 necessarius,
1043 2680 1145 2735 sed
1166 2680 1476 2735 admonuit
1497 2681 1865 2752 corporalem
1890 2680 2083 2736 cibum

2198 2683 2291 2737 τὴν
2343 2676 2543 2753 βρῶσιν
2588 2686 2683 2738 τῆς
2739 2683 2932 2750 σαρκός
2964 2691 2975 2705 ⁶
3012 2676 3275 2746 ἀναγκαία
3325 2677 3447 2749 γάρ·
3509 2674 3637 2727 ἀλλά
3674 2693 3813 2747 προ-

420 2765 609 2820 obiter
636 2782 861 2831 curare,
895 2768 1111 2824 animae
1136 2784 1268 2824 vero
1301 2775 1422 2825 toto
1458 2770 1679 2825 studio.
1728 2769 2083 2841 Operemini,

2198 2772 2409 2838 ετίμησε
2439 2771 2496 2818 τὸ
2541 2766 2854 2838 ἐργάζεσθαι
2897 2772 2991 2825 την
3041 2774 3141 2828 τῆς
3166 2766 3353 2838 ψυχῆς
3379 2781 3391 2795 ·
3423 2763 3814 2835 ἀναγκαιοτέρα

420 2852 631 2928 inquit,
666 2860 782 2911 toto
804 2856 1029 2923 animo,
1058 2857 1224 2914 omni
1256 2875 1416 2924 cura,
1449 2860 1729 2915 continue
1764 2877 1776 2911 :
1815 2875 1936 2915 non
1958 2860 2084 2930 jam

2195 2858 2317 2931 γάρ·
2361 2862 2449 2908 καὶ
2498 2860 2782 2929 παρῄνεσεν
2829 2860 2972 2927 ἔχειν
3017 2858 3274 2929 πάρεργον
3331 2857 3421 2927 μεν
3478 2858 3573 2911 τὴν
3628 2872 3810 2923 σωμα-

421 2944 557 3009 hoc,
584 2945 715 3017 jam
760 2944 928 3014 illud,
962 2947 1068 3002 sed
1115 2947 1230 3003 hoc
1260 2948 1545 3021 amplius,
1582 2948 1726 3004 illud
1776 2964 1917 3005 vero
1973 2948 2082 3004 mi-

2196 2950 2344 3002 τικὴν
2392 2943 2610 3017 βρῶσιν,
2666 2948 2812 3016 έργον
2880 2942 2939 2997 δὲ
2998 2950 3091 3002 τὴν
3138 2944 3403 3015 ψυχικήν.
3460 2942 3805 3016 Ἐργάζεσθε,

423 3049 558 3090 nus,
2194 3040 2372 3106 φησὶν,
2456 3033 2749 3105 ὀλοψύχως,
2853 3039 3288 3109 παντοιοτρόπως,
3378 3029 3649 3098 διηνεκῶς,
3727 3035 3802 3102 μὴ

2115 3172 2154 3228 C
2190 3121 2329 3189 τόδε,
2360 3122 2488 3175 ἀλλά
2513 3120 2651 3177 τάδε’
2688 3122 2878 3195 μᾶλλον
2909 3127 2999 3196 μὶν
3032 3124 3118 3176 οὖν
3150 3123 3267 3194 (il)
3297 3129 3473 3190 τοῦτο,
3502 3119 3708 3173 ἔλαττον
3742 3116 3778 3172 δ
3783 3123 3806 3172 's

2193 3233 2373 3267 εκεινο.

494 3300 637 3358 Vers
700 3306 788 3358 27.
825 3302 996 3368 Quem
1040 3334 1107 3343 —
1138 3303 1319 3361 dabit.
1364 3306 1552 3369 Quem
1584 3320 1695 3375 ego
1724 3304 1887 3360 dabo
1917 3303 2081 3362 vobis

2260 3311 2351 3357 Ἦν
2376 3334 2441 3345 -
2473 3299 2655 3357 δώσει.
2695 3302 2790 3355 Ἢν
2985 3300 3143 3356 δώσω
3188 3303 3309 3373 ὑμῖν
3341 3299 3674 3375 ἐργάζεσθαι,
3737 3299 3802 3355 ἦν

420 3390 499 3447 8d
520 3392 919 3464 operandam,
946 3409 1125 3464 quem
1149 3393 1278 3465 ipse
1310 3393 1743 3449 demonstrabo
1774 3394 2079 3464 acquiren-

2189 3392 2347 3454 αὐτὸς
2372 3389 2631 3455 ὑποδείξω
2661 3395 2909 3447 κτᾶσθαι,
2962 3392 3075 3445 Ἰνα
3110 3388 3168 3444 δε
3198 3396 3267 3462 μὴ
3306 3388 3432 3463 δοξη
3486 3388 3800 3462 κομπάζειν,

419 3482 578 3537 dum.
612 3484 691 3538 Ne
732 3486 934 3538 autem
971 3483 1197 3554 jactare
1256 3499 1317 3538 se
1361 3482 1648 3549 videatur,
1702 3499 1945 3539 rursum
2000 3484 2079 3540 ad

2189 3480 2271 3534 ἐπὶ
2300 3486 2385 3533 τὸν
2419 3487 2619 3555 Πατέρα
2658 3482 2809 3533 πάλιν
2845 3482 3139 3555 ἀνατρέχει,
3183 3480 3359 3552 λέγων·

422 3573 652 3627 Patrem
687 3572 952 3636 recurrit,
986 3572 1192 3627 dicens
1240 3587 1251 3626 :

492 3660 644 3715 Vert.
700 3660 788 3714 27.
844 3660 1017 3716 Hunc
1048 3691 1115 3701 ——
1166 3662 1337 3717 Deus.
1386 3660 1796 3731 Consignavit,
1850 3662 1971 3718 sive
2018 3663 2078 3717 in

2258 3666 2449 3712 Τοῦτον
2533 3690 2600 3699 -
2649 3664 2797 3720 Θεὸς.
2885 3690 2944 3701 --
3006 3660 3370 3732 Ἐσφράγισεν,
3460 3661 3622 3729 ἤγουν
3670 3674 3799 3729 προ-

422 3748 535 3804 boc
566 3750 850 3820 apposuit
870 3750 991 3820 (ss),
1027 3754 1090 3803 ut
1119 3749 1279 3805 hunc
1302 3751 1500 3806 cibum
1525 3751 1693 3807 daret
1723 3751 1915 3807 vobis.
1951 3751 2076 3820 Vel,

2188 3753 2490 3819 εχειρίσατο
2530 3748 2602 3810 εἰς
2634 3756 2807 3813 τουτο,
2842 3748 2910 3809 εἰς
2954 3753 3011 3800 τὸ
3056 3745 3269 3801 διδόναι
3298 3749 3494 3804 ταύτην
3538 3746 3681 3816 ὑμῖν.
3726 3743 3797 3796 Ἥ

419 3836 864 3903 demonstravit,
891 3854 1119 3909 suoque
1144 3840 1473 3894 testimonio
1490 3840 1904 3896 manifestavit.
1928 3840 2075 3896 Nam

2189 3835 2475 3904 ἀπέδειξεν,
2530 3837 2816 3909 ἐφανέρωσε
2892 3834 2985 3890 διὰ
3042 3845 3157 3898 τῆς·
3214 3836 3397 3889 ἑαυτοῦ
3482 3839 3794 3909 μαρτυρίας.

418 3932 477 3982 et
505 3927 816 3983 ostendere
843 3943 1081 4000 quoque
1124 3928 1337 3983 dicitur
1375 3929 1613 3998 signare
1646 3931 1691 3965 ¹⁷
1733 3946 1803 3985 ac
1839 3930 1885 3984 si
1916 3930 2075 3985 vide-

2189 3927 2495 4001 Σφραγίζειν
2524 3930 2624 4001 γὰρ
2662 3927 2866 3998 λέγεται
2897 3932 2987 3978 καὶ
3029 3931 3086 3978 τὸ
3117 3924 3496 3987 ἀποδεικνύειν,
3530 3927 3598 3987 ὡς
3627 3928 3708 3976 τό’
3736 3924 3796 3975 Ὀ

419 4015 553 4073 licet
569 4017 685 4089 (tt),
701 4034 807 4072 suo
820 4017 1157 4073 testimonio
1170 4018 1492 4088 signaverit
1507 4035 1711 4074 verum
1727 4035 1859 4075 esse
1876 4019 2072 4075 Deum.

2185 4016 2353 4069 λαϐὼν
2386 4018 2544 4068 αὑτοῦ
2594 4021 2688 4073 τὴν
2744 4020 3031 4091 μαρτυρίαν
3080 4014 3414 4089 έσφράγισεν,
3469 4015 3549 4066 ὅτι
3596 4014 3622 4065 6
3671 4016 3798 4072 Θεὸς

2188 4108 2299 4179 (42)
2334 4104 2532 4167 ἀληθής
2554 4104 2689 4159 ἐστι.

490 4196 651 4251 Vers.
687 4195 776 4252 28.
819 4196 1113 4253 Dixerunt
1154 4227 1222 4236 -—-
1252 4197 1415 4252 Dei?
1458 4199 1650 4267 Opera
1700 4198 1797 4252 Dei
1841 4202 2073 4263 vocant,

2258 4193 2413 4249 Εἶπον
2479 4226 2543 4236 -
2606 4202 2777 4262 Θεοῦ;
2819 4201 2987 4269 Ἔργα
3046 4201 3138 4247 τοῦ
3217 4201 3350 4247 Θεοῦ
3407 4192 3628 4244 καλοῦσι
3701 4196 3793 4247 τήν

419 4300 553 4357 quae
582 4287 699 4341 Deo
740 4290 986 4357 accepta
1019 4290 1178 4341 sunt.
1220 4286 1586 4353 lnterrogant
1613 4292 1835 4352 autem,
1871 4303 1985 4342 non
2017 4292 2079 4343 ut

2186 4286 2526 4360 εὐαρέστησιν
2570 4293 2659 4336 τοῦ
2710 4290 2863 4336 Θεοῦ.
2916 4284 3177 4357 Ἐρωτῶσι
3227 4279 3305 4345 δε,
3351 4281 3455 4353 οὐχ
3515 4284 3598 4333 ἵνα
3651 4281 3793 4354 ἐργά-

419 4389 491 4430 ea
516 4381 854 4445 operentur,
888 4375 991 4430 sed
1020 4380 1083 4430 ut
1101 4375 1280 4430 etiam
1307 4374 1420 4446 ipsi
1438 4374 1756 4431 videantur
1776 4376 2074 4448 dlSCIpuli,

2189 4394 2381 4427 σωνται
2412 4374 2560 4435 αὐτὰ,
2612 4372 2739 4424 ἀλλά
2782 4372 3144 4433 κολακεύοντες
3177 4372 3259 4423 ἶνα
3307 4368 3506 4434 δόξωσι
3557 4373 3791 4442 μαθηταὶ

420 4467 478 4519 et
502 4463 583 4519 ita
624 4462 701 4519 ad
732 4464 849 4520 cibi
890 4464 1434 4537 suppeditationem
1468 4466 1788 4521 attrahant.
2109 4528 2151 4580 Β

2115 4528 2151 4580 D
2185 4470 2270 4516 καὶ
2305 4464 2469 4526 αὐτοὶ,
2506 4468 2595 4516 καὶ
2625 4464 2789 4524 οὕτως
2820 4460 3217 4515 ἐπισπάσωνται
3242 4462 3353 4531 (43)
3376 4463 3505 4535 πρὸς
3527 4462 3788 4535 χορηγίαν

2187 4561 2381 4580 ----α-

2186 4561 2404 4612 τροφῆς.

493 4641 657 4696 Vers.
690 4640 778 4695 29.
826 4642 1122 4713 Respondit
1152 4674 1216 4682 ——
1265 4643 1377 4699 ille.
1412 4646 1558 4699 Nam
1595 4644 1755 4715 prius
1788 4644 1964 4699 variis
2015 4645 2075 4700 in

2115 4573 2143 4580 ν
2186 4574 2215 4607 τ
2253 4574 2277 4605 ο
2318 4573 2404 4615 ης.

2218 4574 2541 4715 ρἰζπεκρίθη
2574 4673 2643 4682 -
2674 4640 2885 4701 ἐκεῖνος,
2934 4636 3259 4714 Προεδίδαξε
3288 4640 3388 4713 γὰρ
3418 4633 3678 4710 διαφόρως
3704 4634 3784 4685 ὅτι

417 4729 564 4786 locis
593 4729 817 4797 docuit,
849 4731 1009 4801 quod
1032 4732 1109 4786 ad
1132 4731 1252 4786 Deo
1281 4733 1495 4787 missus
1518 4740 1689 4788 esset.

2184 4735 2327 4805 παρά
2357 4739 2447 4783 τοῦ
2481 4738 2615 4785 Θεοῦ
2647 4729 2988 4783 ἀπέσταλται.

492 4818 662 4875 Vers.
693 4818 782 4875 30.
830 4819 1113 4876 Dixerunt
1146 4852 1212 4861 -—
1249 4824 1500 4892 operaris
1528 4826 1555 4877 ?
1587 4822 1910 4877 Considera
1946 4838 2075 4877 ma-

2259 4817 2411 4873 Εἶπον
2491 4852 2560 4860 -
2639 4818 2833 4894 ἐργάζῃ
2873 4818 3053 4890 ;”Ορα
3136 4816 3327 4875 πολλὴν
3400 4818 3593 4869 ἄνοιαν.
3676 4814 3785 4886 Πρὸ

418 4922 604 4980 gnam
629 4907 991 4964 dementiam
1025 4926 1041 4963 :
1073 4909 1254 4981 paulo
1282 4916 1416 4965 ante
1437 4910 1569 4966 cibo
1600 4911 1888 4967 saturavit
1919 4911 2069 4980 illos,

2185 4910 2413 4984 βραχέος
2453 4909 2738 4985 ἐχόρτασιν
2794 4910 2981 4970 αὐτοὺς
3031 4916 3245 4982 τροφῆς,
3299 4912 3507 4961 καὶτοῦ
3544 4907 3783 4960 τοιούτου

494 5062 539 5099 ¹⁵
581 5061 625 5117 ll
652 5061 851 5120 Thess.
895 5076 973 5129 ιιι,
1020 5064 1104 5119 t0.
1185 5064 1229 5099 ¹⁶
1263 5064 1398 5119 Luc.
1434 5080 1491 5127 ι,
1517 5064 1606 5119 «it.
1687 5064 1729 5100 ιτ
1762 5065 1931 5120 Joan.
1963 5079 2042 5128 ιιι,
2074 5061 2163 5119 33.

1644 5240 1870 5311 Varize
1907 5241 2237 5313 lectiones
2278 5252 2344 5310 et
2382 5249 2562 5309 notae

630 5435 760 5565 ξόὖέ
772 5439 1040 5567 ψέἲξθΑἱ
1068 5515 1115 5567 Α
2262 5440 2372 5513 (43)
2402 5443 2500 5495 Τὸν
2532 5445 2779 5515 Χριστόν.

766 5529 847 5573 εος
986 5528 1013 5567 8
1124 5552 1137 5567 ο

766 5529 847 5573 ως
866 5529 1039 5567 δοθεῑ
1068 5529 1137 5567 Α.

492 5686 589 5763 (ss)
620 5687 923 5763 apposuit,
956 5689 1103 5763 imo,
1135 5689 1327 5762 elegit,
1365 5689 1531 5763 dedit
1562 5689 1641 5747 ad
1680 5690 1815 5763 hoc,
1850 5695 1927 5748 ut.
2037 5762 2043 5763 ί
2184 5690 2457 5747 monium
2508 5690 2757 5763 accepit,
2804 5688 3063 5746 ostendit
3120 5684 3548 5761 (conﬁrmavit)
3604 5685 3795 5743 Deum

493 5758 588 5830 (tt)
619 5760 696 5814 Ac
724 5775 773 5814 ει
826 5759 1097 5829 videlicet,
1129 5758 1255 5819 etcf
1288 5763 1353 5818 Ut
1382 5760 1528 5818 illud
1562 5778 1573 5819 :
1603 5762 1705 5835 qui
1735 5762 1866 5833 ejus
1916 5762 2073 5819 testi-
2183 5778 2311 5819 esse
2338 5776 2629 5819 veracem.
