4156 6406
361 347 493 403 l245
1384 348 1752 405 COMMENT.
1800 348 1864 403 ΙΝ
1909 348 2002 403 J‘).

2093 348 2253 404 ΝΕΜ.
2301 381 2363 390 --
2406 349 2563 406 CAP.
2607 349 2700 406 VI.
3600 349 3734 405 1246

357 474 618 547 θαύματος
700 471 888 527 αὐτίκα
967 473 1325 550 ἐπιλαθόμενοι
1397 484 1612 552 σημεῖον
1683 476 1998 538 ἐπιζητού-⁴

2090 484 2124 535 :t
2147 479 2417 550 protinus
2457 477 2622 534 obliti
2655 477 3097 536 tantimiraculi
3122 477 3366 550 signum
3410 480 3731 552 requirunt,

357 581 472 618 σιν·
530 561 638 617 εἶτα
689 568 773 616 καὶ
841 568 899 617 τὸ
956 563 1097 629 εἶδος
1149 566 1358 640 λέγουσι
1414 576 1505 620 τοῦ
1546 567 1956 641 ἑπιζητουμένου

1839 571 1956 620 μένου
2069 568 2279 625 deinde
2303 583 2494 640 genus
2526 568 2707 624 etiam
2743 569 3014 641 requisiti
3045 569 3199 642 signi
3230 570 3480 626 addunt.

358 673 599 725 σημειου.

429 746 495 794 Oi
538 747 750 818 πατέρες
802 776 871 785 -
938 752 1135 817 φαγεῖν.
1203 749 1499 818 Γέγραπται
1570 745 1617 798 ἐν
1669 754 1729 819 τῇ
1793 744 1960 818 βίϐλῳ

2139 748 2306 803 Vers.
2353 751 2440 804 31.
2472 749 2762 804 Patres—
2810 749 2891 804 ad
2934 749 3242 805 edendum.
3295 749 3587 821 Scriptum
3648 751 3734 803 est

356 840 455 885 τῶν
504 832 747 905 Ψαλμῶν·
829 834 1031 887 Πολλῶν
1101 832 1158 888 δὲ
1228 841 1455 908 σημείων
1523 841 1809 907 γεγονότων
1878 833 1960 887 ἐπὶ

2092 852 2127 891 n
2172 837 2324 893 libro
2370 837 2746 893 Psalmorum
2780 838 2846 891 ιε.
2884 838 3033 894 Cum
3080 843 3280 893 autem
3341 836 3528 893 multa
3561 838 3733 907 signa

355 930 454 973 τῶν
504 927 737 997 πατέρων
787 924 971 990 αὐτῶν,
1040 927 1227 977 τούτου
1286 925 1521 998 μάλιστα
1575 927 1960 998 μνημονεύουσι

2092 943 2268 982 :oram
2287 927 2553 1000 patribus
2571 928 2838 999 ipsorum
2862 927 3015 983 facta
3029 931 3246 993 essent,
3264 926 3445 998 hujus
3471 927 3733 983 maxime

357 1007 452 1064 διὰ
480 1016 573 1070 τὴν
620 1022 713 1073 τῆς
750 1017 983 1086 γαστρός
1026 1012 1331 1088 τυραννίδα,
1378 1016 1673 1088 νομίζοντες
1715 1013 1959 1090 ἐρεθίζειν

2092 1016 2473 1073 neminerunt
2529 1020 2775 1089 propter
2830 1018 3051 1073 ventris
3099 1018 3497 1088 tyrannidem,
3540 1016 3733 1073 existi-

357 1101 512 1153 αὐτὸν
572 1102 637 1163 εἰς
693 1108 749 1155 τὸ
815 1113 1039 1163 ποιῆσαι
1082 1110 1173 1156 καὶ
1224 1105 1380 1157 αὐτόν
1438 1116 1669 1158 τοιουτου
1723 1112 1955 1176 σημεῖον,

2091 1113 2301 1161 nantes
2334 1106 2456 1161 fore
2491 1113 2551 1161 ut
2589 1106 2787 1179 ipsum
2839 1122 3083 1179 quoque
3126 1107 3202 1163 ad
3242 1106 3436 1162 simile
3491 1106 3732 1176 signum

356 1192 477 1265 ὅπερ
537 1191 733 1264 ἔμελλεν
797 1191 1077 1265 ἐμπλήσειν
1157 1195 1348 1257 αύτούς
1411 1204 1624 1271 τροφῆς.
1699 1193 1851 1265 Ἀλλ’,
1920 1190 1959 1243 ὧ

2086 1196 2391 1253 'aciendum
2446 1196 2757 1262 irritarent,
2799 1203 2946 1269 puta
2979 1202 3040 1252 ut
3089 1201 3148 1252 et
3179 1198 3251 1252 'se
3304 1196 3437 1252 cibo
3470 1196 3727 1252 satiaret.

356 1279 647 1353 ἀμνήμονες
690 1288 779 1335 καὶ
810 1281 1140 1357 ἀχάριστοιι
1187 1285 1245 1336 ού
1294 1291 1384 1338 καὶ
1432 1285 1580 1337 αὐτοὶ
1622 1288 1718 1357 πρὸ
1768 1290 1961 1358 μικροῦ

2092 1287 2204 1353 Sed,
2239 1285 2566 1342 oobliviosi
2586 1287 2882 1356 acingrati
2916 1286 2927 1338 l
2951 1302 3149 1342 nonne
3178 1286 3358 1359 paulo
3382 1292 3519 1343 ante
3546 1301 3733 1357 panes

354 1370 539 1442 ἄρτους
604 1376 694 1423 καὶ
760 1371 949 1443 ἰχθύας
1025 1372 1090 1434 εἰς
1154 1379 1303 1449 κόρον
1390 1372 1598 1447 ἐφάγετε
1670 1372 1717 1425 ἐν
1785 1372 1959 1448 ἐρήμῳ

2070 1384 2123 1433 et
2153 1377 2348 1450 pisces
2378 1376 2456 1433 ad
2490 1376 2818 1433 satietatem
2860 1376 2917 1431 in
2946 1376 3077 1432 loco
3108 1375 3342 1432 deserto
3374 1375 3577 1431 edistis
3604 1377 3625 1430 2

356 1479 498 1531 τόπῳ
524 1477 535 1524 ;

432 1556 531 1603 Καὶ
592 1557 880 1626 παρατήρει
932 1572 1021 1624 μοι
1078 1552 1345 1607 κάνταῦθα
1396 1558 1484 1612 τὴν
1549 1554 1818 1606 κολακείαν
1874 1553 1962 1604 αύ-

2144 1555 2327 1612 Simul
2367 1571 2611 1628 quoque
2644 1554 2785 1610 mihi
2819 1554 2913 1610 hic
2945 1554 3206 1610 observa
3238 1558 3294 1610 et
3319 1553 3732 1609 adulationem

356 1647 477 1708 τῶν,
538 1638 666 1692 ἀλλὰ
713 1648 801 1694 καὶ
854 1647 1127 1715 πονηρίαν.
1190 1644 1300 1696 Οὐκ
1355 1641 1493 1697 εἶπον
1550 1648 1651 1717 γὰρ
1716 1647 1832 1696 οὔτε
1883 1644 1962 1694 ὅτι

2098 1663 2337 1718 psorum
2368 1650 2424 1701 et
2454 1645 2715 1700 invidam
2765 1643 3073 1700 malitiam.
3126 1646 3327 1715 Neque
3372 1643 3531 1699 enim
3573 1643 3734 1698 dixe-

358 1728 383 1780 6
412 1728 522 1801 (44)
550 1736 786 1793 Μωύσῆς
825 1729 1037 1789 ἐποίησε
1079 1735 1134 1784 τό
1186 1741 1417 1806 σημεῖον,
1477 1734 1700 1806 οἰόμενοι
1752 1732 1963 1795 πλήξειν

2092 1741 2227 1800 ὐηῐ,
2262 1735 2424 1799 quod
2480 1737 2663 1791 Moses
2691 1733 2837 1788 illud
2871 1733 3103 1788 fecisset
3134 1732 3401 1802 signum,
3450 1746 3518 1787 ne
3572 1732 3733 1788 hunc

358 1818 535 1882 αὐτόν,
569 1819 612 1870 εἰ
650 1823 737 1871 τόν
785 1826 1013 1874 Μωῡσέα
1052 1825 1217 1894 τούτῳ
1273 1830 1668 1896 συγκρινούσιν,
1718 1826 1834 1875 οὔτε
1882 1822 1961 1873 ὅτι
1996 1836 1999 1889 ς

2087 1826 2402 1896 ieprimere
2436 1824 2795 1888 viderentur,
2823 1823 2869 1878 si
2910 1822 3135 1878 Mosem
3177 1823 3226 1876 ei
3256 1824 3675 1893 compararent
3716 1837 3728 1876 :

358 1908 383 1959 6
416 1910 545 1970 Θεὸς
576 1908 702 1960 αὐτὸ
753 1915 1048 1977 πεποίηκεν,
1093 1913 1175 1963 ἵνα
1226 1917 1296 1985 μὴ
1354 1908 1578 1975 δόξωσιν
1609 1912 1813 1975 ἐξισοῦν
1871 1910 1961 1962 αύ-

2092 1932 2288 1987 ieque,
2321 1916 2484 1986 quod
2510 1914 2665 1967 Deus
2707 1913 2909 1984 ipsum
2941 1911 3241 1975 edidisset,
3285 1926 3359 1966 ne
3406 1912 3567 1966 hunc
3610 1912 3733 1966 Deo

356 2004 443 2049 τόν
472 2007 543 2070 τῷ
576 2006 708 2070 Θεῷ.
747 2002 843 2052 Διά
888 2008 1039 2052 τοῦτο
1092 1999 1361 2062 ἀπολύτως
1416 1999 1553 2054 εἷπον
1581 2019 1592 2031 ·
1629 2004 1695 2053 Oi
1746 2004 1963 2075 πατέρες

2093 2009 2409 2076 equarent;
2471 2003 2576 2057 sed
2628 2002 2904 2058 absolute
2956 2001 3269 2056 dixerunt:
3308 2000 3506 2056 Patres
3549 2000 3734 2055 nostri

357 2089 503 2159 ἡμῶν
552 2093 611 2141 τό
662 2092 829 2162 μάννα
885 2093 1073 2163 ἔφαγον
1135 2092 1246 2164 (45)
1297 2092 1346 2144 ἐν
1398 2100 1459 2164 τῇ
1516 2095 1704 2166 ἐρήμῳ.
1758 2096 1821 2144 Τί
1874 2087 1961 2142 οὖν

2090 2094 2427 2150 romederunt
2458 2108 2675 2147 manna
2712 2092 2775 2147 in
2820 2092 3060 2147 deserto.
3111 2091 3261 2156 Quid
3308 2105 3450 2159 ergo
3503 2090 3571 2153 is,
3629 2089 3731 2162 qui

356 2178 382 2229 6
446 2178 726 2251 οἰκονομῶν
787 2184 909 2242 τούς
958 2179 1140 2253 λόγους
1214 2181 1371 2234 αὐτοῦ
1452 2180 1499 2233 ἐν
1566 2187 1776 2256 κρίσεις
1852 2181 1962 2233 Ούκ

2087 2183 2315 2255 lisponit
2333 2198 2615 2237 sermones
2631 2197 2765 2237 suos
2780 2180 2839 2235 in
2850 2180 3090 2251 judicio
3109 2182 3155 2216 ¹⁹
3188 2184 3217 2235 ?
3233 2182 3358 2237 Non
3389 2179 3582 2249 arguit
3606 2195 3728 2244 eos,

356 2265 560 2339 ἐλέγχει
591 2271 818 2341 τούτους,
848 2269 956 2321 ἀλλ’
985 2270 1190 2343 ὁμαλῶς
1211 2270 1564 2344 ἀποκρίνεται.
1598 2276 1712 2344 Χρὴ
1745 2274 1869 2345 γὰρ,
1894 2273 1962 2333 ὡς

2092 2274 2172 2328 ιθιί
2206 2272 2426 2328 blande
2478 2271 2819 2343 respondet.
2878 2272 3113 2342 Oportet
3155 2271 3338 2334 enim,
3394 2274 3460 2324 ut
3489 2269 3733 2341 praedic-

356 2364 684 2434 προείρηται,
735 2363 858 2413 ποτε
899 2363 989 2434 μεν
1033 2360 1286 2433 ἐλέγχειν,
1346 2364 1469 2415 ποτε
1535 2358 1593 2414 δε
1646 2361 1960 2425 ἀνεξικακεῖν

2090 2380 2197 2417 ;um
2230 2367 2337 2430 est,
2371 2361 2670 2417 interdum
2694 2359 2938 2433 quidem
2962 2374 3233 2429 arguere,
3267 2358 3563 2415 interdum
3592 2373 3731 2413 vero

357 2446 710 2519 οἰκονομικῶς.

2070 2452 2471 2523 dispensative
2498 2449 2847 2505 clementem
2881 2465 3029 2504 esse.

430 2536 581 2590 Εἶπεν
638 2570 707 2578 —-
762 2538 1001 2611 ούρανοῦ.
1059 2539 1200 2593 Ἐπεὶ
1247 2539 1603 2613 ὑπελάμϐανον
1669 2544 1727 2593 τό
1798 2544 1963 2614 μάννα

2141 2542 2305 2598 Vers.
2335 2542 2425 2597 3'2.
2471 2541 2632 2595 Dixit
2680 2570 2731 2580 —
2779 2540 2935 2595 ccelo.
2990 2539 3131 2603 Quia
3161 2537 3471 2609 putabant,
3506 2550 3733 2593 manna

358 2627 513 2700 ἄρτον
554 2626 682 2680 εἶναι
712 2627 767 2680 ἐκ
798 2636 887 2681 τοῦ
916 2634 1110 2702 κυρίως
1158 2630 1377 2702 ούρανοῦ
1409 2627 1500 2683 διὰ
1535 2634 1592 2683 τὸ
1631 2633 1922 2705 γεγράφθαι
1946 2647 1958 2660 ⁸

2088 2647 2198 2687 asse
2232 2647 2450 2704 panem
2475 2629 2552 2685 ab
2583 2646 2653 2684 eo
2679 2628 2843 2702 quod
2868 2628 3100 2700 pr0prie
3132 2627 3342 2684 coelum
3371 2626 3729 2699 appellatur,

359 2722 552 2788 Ἀρτον
610 2716 662 2769 ἐκ
706 2726 795 2770 τοῦ
850 2719 1106 2793 ούρανοῦ·
1165 2716 1450 2795 διορθοῦτα
1500 2724 1591 2778 τὴν
1644 2720 1962 2793 ἑσφαλμένην

2087 2737 2141 2776 ιο
2172 2720 2333 2793 quod
2354 2720 2639 2791 scriptum
2657 2724 2809 2773 esset
2831 2734 2843 2774 :
2868 2719 3084 2774 Panem
3107 2718 3174 2773 de
3198 2718 3336 2774 caelo
3356 2716 3514 2772 dedit
3540 2717 3620 2772 eis
3645 2718 3728 2770 ὀε

358 2805 621 2877 ὑπόληψιν
681 2807 869 2863 αὐτῶν.
925 2808 1156 2881 Οὐρανόν
1201 2812 1302 2885 γὰρ
1336 2808 1438 2862 ἐκεῖ
1502 2812 1588 2861 τόν
1659 2808 1785 2883 ἀέρα
1857 2806 1963 2862 εἷπε

2094 2810 2309 2879 :orrigit
2330 2824 2641 2864 erroneam
2669 2824 2876 2863 eorum
2904 2807 3261 2878 opinionem.
3296 2809 3434 2863 Nam
3471 2805 3553 2861 ibi
3584 2805 3735 2861 Seri-

355 2906 802 2971 καταχρηστικῶς
846 2900 874 2957 ἡ
927 2904 1099 2971 Γραφή
1132 2916 1143 2928 '
1176 2902 1242 2961 ὡς
1295 2904 1383 2952 καὶ
1430 2900 1550 2951 ὅταν
1581 2899 1701 2971 λέγῃ
1754 2901 1818 2951 τὰ
1877 2918 1962 2951 πε-

2091 2904 2249 2955 )tura
2293 2915 2491 2955 aerem
2524 2897 2845 2969 improprie
2885 2896 3120 2951 vocavit
3150 2896 3367 2951 cmlum
3406 2894 3732 2967 :quemad-

358 2989 500 3038 τεινά
548 2994 639 3039 τοῦ
692 2987 939 3060 ούρανοῦο
996 2993 1085 3040 καὶ
1141 2988 1313 3057 πάλιν,
1370 2993 1471 3042 Καὶ
1546 2987 1853 3064 ἐϐρόντησεν
1912 2987 1962 3051 ἐξ

2086 2989 2321 3045 :nodum
2351 2988 2529 3043 etiam
2561 2986 2844 3042 dicuntur
2875 2985 3147 3041 volucres
3179 2984 3334 3040 cmli.
3360 2986 3421 3039 Et
3451 2999 3689 3040 rursum
3716 2998 3727 3037 :

357 3074 578 3149 ούρανοῦ
610 3077 634 3127 6
666 3079 875 3150 Κύριος.

2073 3079 2330 3134 Intonuit
2359 3079 2432 3133 de
2447 3077 2592 3133 σιειο
2617 3075 2903 3131 Dominus
2929 3077 2996 3129 ³1.

429 3170 593 3223 Φησὶν
625 3162 733 3231 οὖν,
783 3168 860 3218 ὅτι
893 3166 968 3219 Ού
999 3174 1221 3229 Μουσῆς
1274 3163 1473 3220 δέδωκε
1528 3172 1641 3221 τότε
1692 3176 1763 3239 τῷ
1828 3171 1960 3238 γένει
1995 3191 2037 3250 C

2143 3168 2236 3223 Ait
2264 3184 2406 3237 ergo
2440 3184 2451 3221 :
2488 3169 2611 3222 Non
2646 3166 2840 3220 Moses
2892 3164 3059 3220 dedit
3090 3169 3230 3219 tunc
3274 3161 3497 3219 nationi
3529 3165 3732 3217 vestrae

357 3255 501 3327 ὑμῶν
542 3258 627 3307 τὸν
670 3257 825 3329 ἄρτον
875 3254 929 3307 ἐκ
960 3264 1052 3308 τοῦ
1095 3261 1282 3329 κυρίως
1334 3258 1553 3333 ούρανοῦ
1582 3257 1698 3329 (46)
1727 3273 1739 3288 ⁶
1800 3256 1906 3308 ἀλλ’
1936 3259 1960 3308 ό

2088 3274 2285 3329 nauem
2331 3257 2431 3329 qui
2465 3256 2701 3327 pr0prie
2754 3255 2827 3310 de
2856 3253 3007 3309 cmlo
3061 3254 3155 3321 sit,
3196 3253 3302 3309 sed
3355 3256 3520 3308 Pater
3560 3267 3729 3307 meus

360 3348 543 3419 Πατήρ
575 3365 675 3416 μου
706 3352 791 3396 νῦν
819 3346 931 3417 (47)
997 3342 1225 3398 δίδωσιν
1279 3348 1398 3418 ύμῖν
1442 3350 1528 3399 τόν
1577 3349 1733 3420 ἄρτον
1772 3346 1827 3399 ἐκ
1870 3356 1961 3398 τοῦ

2089 3362 2232 3405 ωηο
2263 3347 2366 3402 dat
2401 3345 2574 3401 vobis
2605 3360 2823 3415 panem
2844 3344 2922 3399 ab
2946 3358 3016 3399 eo
3047 3344 3210 3415 quod
3242 3342 3480 3415 proprie
3511 3340 3730 3396 caelum

358 3438 557 3507 κυρίως
585 3434 825 3509 ούρανοῦ.
870 3433 1070 3510 Ὠσπερ
1102 3438 1203 3509 γὰρ
1247 3437 1272 3487 ὁ
1306 3441 1486 3511 Πατὴρ
1520 3436 1778 3509 οὐράνιός,
1829 3437 1962 3489 οὕτω

2086 3436 2423 3510 ιρρθὶιιιίυτ.
2445 3438 2589 3491 Nam
2611 3436 2761 3490 sicut
2779 3434 2944 3488 Pater
2966 3432 3197 3504 proprie
3216 3432 3431 3487 dicitur
3451 3428 3727 3495 caelestis,

360 3528 451 3575 καὶ
486 3525 511 3575 ὁ
539 3526 659 3584 Υἱός
690 3524 948 3599 οὐράνιος,
978 3529 1069 3577 καὶ
1095 3529 1290 3600 κυρίως
1319 3527 1467 3600 ἄρτος
1512 3524 1606 3599 [ὡς
1633 3527 1748 3597 (48)
1782 3531 1963 3599 στηρί-

2094 3532 2153 3583 ta
2183 3531 2238 3582 et
2267 3526 2438 3582 Filius
2471 3524 2751 3589 cmlestis,
2786 3528 2841 3579 et
2866 3522 3105 3595 proprie
3154 3520 3351 3594 panis,
3398 3523 3598 3593 utpote
3629 3534 3732 3575 cor

363 3612 464 3673 ζων
491 3609 717 3688 καρδίαν
750 3612 1045 3688 ἀνθρώπου.

2072 3616 2333 3672 hominis
2361 3614 2754 3669 conﬁrmans.

433 3706 530 3755 Τὸν
580 3701 840 3761 ἀληθινόν.
905 3704 1119 3764 Ἐκεῖνος
1168 3706 1265 3779 γὰρ
1312 3706 1337 3756 6
1381 3705 1559 3781 ἄρτος]
1612 3708 1831 3768 τυπικός
1879 3702 1961 3771 ἦν,

2142 3707 2309 3760 Vers.
2351 3708 2438 3760 32.
2470 3704 2621 3758 Eum
2644 3701 2745 3773 qui
2760 3716 2927 3757 verus
2958 3706 3059 3757 est.
3095 3699 3401 3771 Siquidem
3434 3699 3528 3754 ille
3560 3698 3728 3770 panis

362 3800 662 3863 προτυπῶν,
723 3796 900 3863 φησὶν.
959 3790 1044 3863 ἐμὲ
1089 3796 1174 3843 τόν
1231 3792 1599 3851 αύτοαλήθειαν
1653 3796 1761 3865 (49)
1820 3798 1959 3847 ὄντα.

2090 3794 2423 3865 igurativus
2455 3799 2601 3856 erat,
2636 3808 2745 3853 me,
2784 3791 2996 3864 inquit,
3030 3791 3428 3862 praefigurans
3468 3788 3568 3861 qui
3595 3803 3731 3843 sum

364 3881 609 3953 Καθάπερ
664 3882 766 3953 γάρ
839 3879 1028 3940 ἐκεῖνος
1098 3882 1288 3934 ἄνωθεν
1348 3881 1581 3945 καταϐὰς
1645 3886 1816 3957 ἔτρεφε
1875 3888 1965 3935 καὶ

2096 3901 2204 3957 psa
2222 3882 2471 3938 Veritas.
2489 3881 3013 3947 Quemadmodum
3044 3880 3202 3934 enim
3230 3878 3324 3934 ille
3349 3878 3609 3949 desuper
3633 3877 3731 3932 de-

361 3969 608 4045 ἓρρώννυε
672 3972 789 4030 τούς
842 3968 1350 4041 μεταλαμϐάνοντας,
1404 3971 1537 4023 οὕτω
1593 3970 1756 4043 κάγώ.
1829 3972 1961 4025 Ἀλλ’

2090 3974 2382 4037 scendens,
2416 3988 2519 4027 eos
2550 3971 2653 4043 qui
2693 3970 3147 4041 participabant,
3183 3968 3470 4039 pascebat
3523 3981 3595 4022 ac
3636 3980 3731 4022 ro-

361 4056 547 4121 ἐκεῖνος
579 4061 667 4131 μὲν
692 4057 772 4133 [ἐκ
807 4058 920 4130 (50)
952 4066 1043 4110 τού
1091 4058 1254 4135 ἀέρος,
1284 4058 1383 4130 ἐγὼ
1440 4056 1498 4113 δὲ
1554 4060 1609 4112 ἐκ
1664 4069 1754 4113 τοῦ
1808 4066 1963 4125 ὅντως

2091 4061 2339 4127 )orabat,
2374 4063 2453 4116 ita
2484 4066 2538 4115 et
2560 4076 2693 4129 ego.
2725 4058 2837 4115 Sed
2874 4058 2966 4113 ille
2996 4058 3074 4113 ab
3106 4073 3259 4127 aere,
3301 4073 3412 4125 ego
3464 4060 3662 4111 autem
3696 4071 3732 4111 a

361 4148 601 4221 ούρανοῦ.
679 4147 924 4211 Κάκεῖνος
988 4148 1102 4222 μὲν]
1172 4151 1343 4221 ἔτρεφε
1412 4154 1501 4201 καὶ
1567 4147 1812 4224 ἔῤῥώννυε
1866 4157 1963 4203 σώ-

2092 4168 2214 4207 rero
2246 4150 2397 4207 coelo
2427 4167 2440 4205 :
2469 4149 2563 4205 ille
2594 4149 2837 4222 quidem
2869 4163 3123 4219 corpora
3149 4147 3434 4219 pascebat
3463 4161 3533 4201 ac
3559 4144 3733 4200 robo-

359 4257 520 4309 ματα,
564 4236 661 4309 ἐγὼ
693 4233 752 4290 δε
803 4237 1008 4309 ψυχάς.
1046 4242 1245 4309 Προϊὼν
1291 4234 1350 4290 δε
1400 4236 1535 4309 λέγει
1584 4244 1672 4290 καὶ
1728 4244 1822 4297 τὴν
1876 4260 1963 4292 καη

2089 4241 2262 4305 τεὼειῐ,
2308 4256 2418 4309 ego
2475 4255 2611 4294 vero
2661 4238 2919 4293 animas.
2978 4240 3038 4292 In
3090 4234 3482 4307 sequentibus
3531 4238 3730 4289 autem

364 4326 704 4400 θολικωτέραν
750 4323 1006 4401 διαφορὰν
1048 4334 1140 4379 τοῦ
1172 4346 1226 4379 τε
1268 4334 1487 4379 τυπικοῦ
1534 4328 1694 4401 ἄρτου
1727 4333 1813 4382 καὶ
1872 4338 1964 4381 τοῦ

2088 4330 2242 4402 nouit
2281 4328 2708 4399 generaliorem
2740 4326 3137 4382 differentiam
3170 4326 3320 4381 inter
3350 4323 3729 4394 iigurativum

362 4414 457 4475 ἀλη
468 4418 629 4470 θινοῦ.

2072 4435 2313 4491 panem,
2356 4421 2413 4472 et
2432 4432 2564 4472 eum
2596 4416 2696 4488 qui
2740 4432 2912 4470 verus
2943 4418 3048 4470 est.

433 4514 476 4558 Ο
526 4508 627 4579 γὰρ
666 4508 820 4579 ἄρτος
888 4536 958 4546 -
1013 4510 1215 4578 κόσμῳ.
1283 4505 1341 4558 Ὀ
1407 4511 1600 4579 κυρίως
1666 4508 1823 4579 ἄρτος
1873 4516 1963 4560 τοῦ
1998 4550 2043 4607 D

2142 4507 2305 4561 Vers.
2322 4510 2407 4563 33.
2440 4506 2617 4561 Panis
2638 4504 2868 4561 enim—
2886 4503 3118 4559 mundo.
3136 4503 3371 4575 Proprie
3400 4501 3572 4575 panis
3606 4500 3727 4567 Dei,

363 4603 520 4663 Θεοῦ,
576 4599 739 4648 εἶτουν
790 4596 814 4647 6
875 4596 1003 4655 θεῖος
1063 4596 1219 4669 ἄρτος
1284 4593 1423 4648 ἐστὶν
1464 4597 1489 4648 6
1546 4594 1600 4647 ἐκ
1657 4604 1748 4648 τοῦ
1807 4590 2004 4659 ὄντως¹

2091 4597 2196 4652 sive
2235 4596 2474 4651 divinus
2515 4598 2623 4663 est,
2673 4594 2774 4666 qui
2826 4609 2958 4647 vere
2999 4593 3073 4649 de
3117 4592 3263 4648 cmlo
3307 4590 3632 4657 descendit,
3679 4595 3732 4645 et

363 4685 582 4758 ούρανοῦ
636 4684 864 4745 καταϐὰς
894 4688 983 4735 καὶ
1017 4687 1153 4747 ζωὴν
1203 4685 1408 4738 αἰώνιον
1457 4682 1645 4747 διδούς
1671 4694 1743 4756 τῷ
1782 4689 1963 4759 κόσμῳ

2089 4685 2253 4741 vitam
2280 4691 2563 4741 aeternam
2594 4684 2689 4739 dat
2711 4683 2932 4738 mundo
2957 4682 3213 4738 credenti
3241 4699 3252 4737 :
3276 4680 3522 4737 cumille
3550 4681 3730 4736 vitam

362 4782 434 4846 τῷ
490 4777 810 4827 πιστεύοντι.
858 4772 1079 4835 Ἐκεῖνος
1127 4776 1227 4846 γὰρ
1284 4777 1421 4837 ζωὴν
1475 4778 1797 4847 πρόσκαιρον
1847 4771 1962 4827 ἐδί-

2088 4774 2152 4831 ιά
2182 4780 2416 4846 tempus
2447 4774 2635 4837 daret,
2669 4788 2787 4828 non
2822 4772 3070 4838 mundo,
3126 4770 3232 4826 sed
3277 4771 3416 4827 solis
3456 4770 3729 4826 Hebraeis.

363 4860 481 4929 δου,
541 4868 631 4915 καὶ
683 4863 740 4915 ού
772 4871 844 4933 τῷ
886 4867 1086 4934 κόσμῳ,
1144 4862 1270 4914 ἀλλά
1325 4869 1498 4936 μόνοις
1535 4870 1636 4923 τοῖς
1681 4862 1958 4937 Ἑϐραίοις.

2089 4863 2262 4919 Vitam
2317 4868 2514 4918 autem
2562 4868 2838 4917 aeternam
2881 4860 3157 4929 intelligo,
3193 4876 3314 4915 non
3365 4858 3730 4931 simpliciter,

360 4958 509 5011 Ζωὴν
536 4951 594 5006 δὲ
623 4953 827 5004 αἰώνιον
854 4954 957 5003 νόει
988 4956 1055 5023 μὴ
1088 4956 1180 5010 τὴν
1222 4950 1395 5014 ἁπλῶς
1429 4955 1490 5010 ἤν
1520 4953 1752 5012 ζήσουσι
1780 4962 1963 5015 κοινῶς

2092 4969 2193 5025 [ua
2221 4952 2419 5007 vivent
2444 4950 2844 5008 communiter
2869 4965 3081 5005 omnes
3116 4949 3414 5018 homines,
3451 4946 3559 5003 sed
3589 4947 3733 5003 bea-

360 5045 546 5105 πάντες
571 5044 855 5118 ἄνθρωποι,
889 5038 1015 5092 ἀλλά
1041 5045 1134 5099 τὴν
1159 5047 1444 5114 μακαρίαν,
1467 5046 1560 5101 τὴν
1592 5042 1641 5093 ἐν
1676 5040 1960 5095 ἀπολαύσει

1694 5040 1960 5095 ὶπολαύσει
2069 5044 2213 5106 tam,
2248 5058 2382 5115 quae
2413 5040 2517 5096 erit
2549 5041 2608 5096 in
2638 5039 2919 5096 continua
2958 5039 3161 5111 requie
3185 5039 3335 5110 (uu).

361 5129 608 5192 διηνεκεῖ.

433 5259 477 5294 1³
517 5257 675 5315 Psal.
709 5272 913 5323 Lxxvn,
954 5259 1041 5312 24.
1123 5254 1335 5312 “Psal.
1369 5270 1481 5321 ενι,
1516 5256 1569 5312 5.
1598 5257 1647 5292 ³ο
1677 5255 1830 5312 Psal.
1855 5272 2065 5325 Lxxvn,

1125 5258 1168 5294 ιο
1188 5254 1335 5312 Psal.
1369 5270 1481 5321 ενι,
1516 5256 1569 5312 5.
1598 5257 1647 5292 ³ο
1677 5255 1830 5312 Psal.
1855 5272 2065 5325 Lxxvn,
2095 5259 2186 5326 24,
2265 5260 2307 5293 ²¹
2335 5255 2489 5313 Psal.
2518 5271 2649 5322 xvn,
2686 5255 2766 5309 14.

1592 5377 1822 5450 ναι-ἰδὲ
1837 5379 2164 5449 lectiones
2185 5390 2251 5449 et
2274 5390 2480 5450 notae.

426 5501 538 5571 (44)
576 5498 636 5571 'o
670 5497 841 5555 abest
867 5499 935 5553 Α.
1000 5570 1005 5571 ί

2146 5496 2260 5571 (48)
2294 5497 2525 5571 Inclusa
2556 5495 2772 5571 omittit
2795 5496 2859 5551 Δ.

431 5567 544 5713 (45)
582 5570 813 5642 Ἔφαγον
844 5573 902 5623 τὸ
932 5570 1099 5642 μάννα
1127 5574 1189 5625 Α.
2144 5567 2355 5713 (⁷49)Τόν
2387 5568 2542 5621 αύτόν
2568 5567 2809 5627 ἀλήθειαν
2864 5573 2925 5621 Α.

431 5647 519 5711 [46
584 5642 822 5713 Ορρανοῦ
860 5646 1050 5713 κυρίως
1080 5647 1141 5695 Α.
2143 5640 2236 5713 (50
2293 5640 2526 5697 Inclusa
2551 5639 2769 5695 absunt
2795 5639 2862 5693 Α.

427 5639 544 5717 (46)
584 5639 822 5717 φρνρανοῦ
860 5639 1050 5717 κυρίως
1080 5647 1141 5695 Α.

2143 5639 2257 5713 (50)
2293 5640 2526 5697 Inclusa
2551 5639 2769 5695 absunt
2795 5639 2861 5693 Α.

452 5710 543 5778 47)
578 5710 685 5770 Οὖν
715 5729 826 5779 pro
850 5710 959 5779 νῦν,
993 5719 1048 5767 Β.

428 5714 543 5787 (47)
578 5714 685 5770 Οὖν
715 5729 826 5787 pro
850 5714 959 5779 νῦν,
993 5719 1048 5767 Β.

431 5815 559 5885 (uu)
589 5813 824 5884 Requie.
857 5810 954 5867 Sic
997 5811 1113 5867 hic.
1157 5810 1311 5869 Infra
1342 5810 1421 5868 ad
1450 5820 1607 5868 vers.
1650 5813 1717 5867 39
1746 5808 2007 5867 reddidit
2034 5808 2066 5863 ἁ

1778 5808 2007 5867 eddidit
2034 5808 2322 5865 ἀπόλαυσιν
2350 5808 2699 5880 fruitionem
2726 5807 2844 5865 nisi
2872 5807 3165 5862 ἀνάπαυσιν
3196 5806 3419 5878 legerit.
