4156 6388
481 301 615 358 1247

471 517 864 590 intelligentes
883 519 1230 590 hujusmodi
1250 536 1465 592 panem
1486 535 1608 590 prin
1624 520 1846 573 ventris
1869 516 2132 589 ingluvie

474 607 638 663 hunc
676 607 971 679 petebant,
1008 626 1125 665 non
1161 608 1363 674 semel,
1408 609 1512 664 sed
1552 624 1791 679 semper
1841 608 2129 678 accipere.

549 698 815 753 Vers.35.
850 700 1041 753 Ait—
1070 700 1219 755 vitae.
1253 699 1425 754 Panis
1458 696 1785 763 viviﬁcans,
1827 701 1884 752 et
1913 696 2037 769 qui,
2071 700 2136 750 ut

473 786 691 843 dictum
718 792 824 853 est,
865 788 967 843 dat
1017 789 1203 844 vitam
1243 794 1529 844 aeternam
1563 806 1578 857 ;
1609 803 1751 843 nam
1787 801 1858 841 ea
1895 784 2134 857 proprie

476 876 697 932 dicitur
731 877 868 943 vita,
901 893 1035 949 quae
1050 884 1273 935 aeterna
1302 886 1575 950 est;qu&3
1606 876 1768 933 enim
1793 876 1868 931 ad
1902 880 2135 946 tempus

475 964 665 1034 durat,
698 981 818 1021 non
852 966 972 1022 vita
1001 972 1109 1032 est,
1142 968 1246 1023 sed
1274 968 1404 1023 vitae
1436 968 1649 1037 imago.
1679 966 1905 1021 Panem
1929 968 2132 1020 autem

474 1055 611 1111 vitae
641 1071 811 1111 suam
835 1062 1007 1112 vocat
1037 1056 1411 1113 divinitatem
1440 1056 1772 1129 :siquidem
1804 1056 1935 1126 ipsa
1962 1054 2134 1126 panis

477 1158 588 1220 est,
620 1154 725 1226 qui
771 1154 845 1209 de
887 1154 1039 1211 caelo
1063 1155 1387 1212 descendit.
1450 1156 1715 1215 Tandem
1764 1169 1905 1209 vero
1958 1155 2131 1210 etiam

476 1253 696 1309 corpus
721 1256 889 1295 suum
920 1248 1094 1297 vocat
1118 1258 1359 1314 panem.

547 1329 708 1384 Vers.
740 1330 827 1386 35.
849 1329 1043 1396 Qui—
1070 1346 1343 1404 unquam.
1370 1334 1535 1391 Venit
1556 1334 1851 1406 quispiam
1885 1332 1961 1388 ad
1994 1345 2131 1386 eum

477 1432 584 1489 per
607 1417 791 1473 ﬁdem
824 1436 837 1486 ;
860 1420 995 1490 ipsa
1016 1420 1175 1476 enim
1192 1427 1283 1477 est
1299 1422 1395 1477 via
1416 1424 1492 1479 ad
1520 1424 1708 1479 illum.
1731 1424 1859 1478 Non
1889 1419 2132 1486 esuriet,

478 1506 691 1577 inquit,
724 1506 881 1563 fame
907 1524 1041 1580 qua:
1072 1509 1151 1565 ab
1190 1511 1532 1568 inﬁdelitate
1573 1512 1859 1583 procedit,
1919 1516 1974 1565 et
2012 1522 2136 1563 non

483 1596 637 1652 sitiet
666 1612 937 1669 unquam
968 1598 1084 1668 siti,
1114 1616 1250 1672 quaa
1299 1602 1377 1657 ab
1409 1602 1814 1658 incredulitate
1848 1599 2134 1661 nascitur,

482 1686 588 1740 sed
619 1689 809 1755 gratia
835 1685 1037 1742 divina
1068 1689 1345 1760 repletus,
1370 1696 1425 1747 et
1447 1692 1572 1763 ipse
1602 1691 1885 1761 deinceps
1918 1687 2138 1744 nullius

1796 299 2144 359 EUTHYMII
2182 298 2514 356 ZIGABENl

543 430 705 485 Vers.
746 428 835 485 34.
864 428 1157 488 Discenen:
1186 462 1255 472 —
1291 428 1500 501 ipsum.
1532 426 1743 485 Adhuc
1785 427 2130 484 sensibilem
2158 428 2205 482 A

3716 293 3864 353 1248

2317 423 2471 480 Εἶπον
2528 456 2598 466 —
2654 430 2854 479 τοῦτον.
2919 421 3037 478 Ἐτι
3088 422 3340 483 αἰσθητὸν
3415 420 3710 496 νομίζοντες
3761 426 3862 478 τὸν

2243 524 2477 569 τοιοῦτον
2512 516 2664 588 οῐρτον
2712 514 2846 585 (5t),
2881 514 2980 567 ύπὸ
3010 513 3323 588 λαιμαργίας
3373 510 3639 575 ἐζήτησαν
3678 514 3858 583 αὑτὸν,

2244 605 2349 677 οὐχ
2388 604 2728 669 ἅπασλαϐεἰν,
2765 602 2892 655 ἀλλὰ
2925 606 3164 657 πάντοτε.

2317 690 2439 748 Eine
2474 724 2541 735 —
2592 694 2750 754 ζωῆς.
2804 692 2863 748 Ὁ
2912 694 3067 767 ἄρτος
3122 694 3147 745 6
3202 692 3427 766 ζωηρός,
3475 694 3500 745 6
3540 696 3677 756 ζωὴν
3727 693 3856 746 αἰώ-

2243 803 2348 836 νιον
2382 779 2588 848 διδούς,
2623 786 2689 844 ὡς
2730 786 2949 857 εἴρηται.
2985 787 3102 841 Ζωὴ
3144 784 3243 857 γὰρ
3278 788 3472 856 κυρίως
3520 785 3549 840 ἡ
3604 783 3811 846 αἰώνιος
3839 802 3850 814 ⁸

2245 875 2274 931 ἡ
2303 877 2403 947 γὰρ
2448 878 2766 946 πρόσκαιρος
2821 872 2878 924 ού
2910 876 3101 946 κυρίως
3135 875 3266 938 ζωὴ,
3322 869 3429 923 ἀλλ’
3486 872 3633 925 εἰκὼν
3686 873 3848 935 ζωῆς.

2244 962 2433 1037 Ἀρτον
2468 959 2526 1015 δὲ
2586 963 2701 1033 (52)
2733 962 2867 1022 ζωῆς
2895 966 2988 1019 τὴν
3046 964 3267 1019 θεότητα
3324 960 3509 1013 ἑαυτοῦ
3556 960 3693 1033 λέγει
3721 970 3809 1014 νῦν
3837 982 3850 995 ·

2245 1053 2373 1111 αὕτη
2405 1054 2506 1127 γὰρ
2539 1053 2697 1126 ἄρτος
2728 1050 2782 1103 ἐκ
2811 1059 2900 1103 τοῦ
2929 1051 3155 1124 ούρανοῦ
3176 1048 3430 1113 καταϐάς.
3461 1054 3596 1126 Πρὸς
3623 1060 3695 1123 τῷ
3724 1049 3856 1104 τελει

2246 1140 2304 1196 δὲ
2329 1148 2418 1195 καὶ
2449 1146 2506 1194 τὸ
2540 1142 2725 1195 ἑαυτοῦ
2754 1150 2907 1214 σῶμα
2934 1144 3089 1217 ἄρτον
3122 1140 3286 1197 καλεῖ.

2312 1319 2371 1373 Ὀ
2403 1352 2469 1360 -
2508 1326 2733 1374 πώποτε.
2789 1321 3044 1395 ’Ἐρχεταί
3091 1340 3169 1384 τις
3222 1323 3348 1395 πρὸς
3404 1320 3561 1372 αὐτὸν
3621 1316 3715 1373 διὰ
3758 1328 3856 1382 τῆς

2245 1415 2470 1473 πίστεως
2496 1430 2508 1444 ο
2566 1410 2696 1469 αὕτη
2723 1413 2823 1483 γὰρ
2878 1414 2908 1469 ἡ
3117 1407 3243 1473 ὁδὸς
3272 1413 3398 1483 πρὸς
3438 1409 3612 1465 αὐτόν.
3643 1410 3719 1463 Ού
3778 1414 3852 1482 μὴ

2248 1503 2489 1573 πεινάσῃ,
2540 1506 2692 1573 φησι,
2725 1506 2818 1559 τὴν
2851 1498 2951 1553 ἀπὸ
2997 1509 3091 1562 τῆς
3133 1498 3383 1562 ὰτιστίας
3404 1506 3581 1553 πεῖναν
3611 1517 3624 1529 ’
3652 1505 3746 1552 καὶ
3800 1498 3860 1551 ού

2249 1593 2320 1661 μὴ
2370 1586 2578 1661 διψήσῃ
2624 1594 2829 1641 πώποτε
2876 1595 2967 1648 τὴν
3024 1589 3125 1641 ἀπὸ
3175 1598 3269 1651 τῆς
3340 1588 3591 1649 ἀπιστίας
3650 1585 3862 1659 δίψανο

2252 1676 2378 1730 ἀλλὰ
2414 1679 2667 1740 πλησθεὶς
2696 1687 2791 1740 τῆς
2821 1681 2960 1741 θείας
3002 1681 3227 1752 χάριτος
3274 1678 3426 1739 αύτός
3461 1698 3513 1731 τε
3557 1674 3863 1753 ἀπροσδεὴς

480 1774 789 1844 indigebit,
821 1776 924 1832 sed
947 1777 1074 1833 aliis
1118 1780 1314 1849 potius
1342 1781 1678 1837 necessaria
1718 1779 2137 1835 subministra-

2254 1769 2399 1819 ἔσται
2426 1767 2624 1831 λοιπὸν,
2657 1772 2747 1820 καὶ
2795 1767 2984 1840 ἑτέροις
3014 1768 3203 1841 μᾶλλον
3232 1767 3529 1843 ἐπαρκέσει,
3576 1764 3863 1821 διδάσκων

481 1863 587 1929 bit,
609 1864 832 1920 docens
857 1881 927 1921 ac
957 1868 1235 1924 erudiens
1263 1869 1413 1925 illos.

552 1951 721 2010 Vers.
769 1958 857 2010 36.
902 1956 1022 2013 Sed
1069 1988 1138 1998 -
1174 1959 1523 2015 credidistis.
1571 1959 1808 2015 Vidistis
1850 1974 1963 2024 me,
2011 1956 2135 2011 sive

483 2044 853 2112 cognovistis
884 2046 1019 2117 quis
1039 2062 1145 2116 ego
1177 2050 1311 2116 sim,
1349 2054 1404 2106 et
1426 2067 1462 2105 a
1492 2049 1827 2105 testimonio
1872 2046 2135 2107 Joannis,

483 2135 543 2186 et
582 2148 616 2188 a
648 2133 835 2203 signis
875 2151 1011 2206 quae
1036 2137 1209 2202 edidi,
1251 2144 1368 2194 eta
1418 2140 1755 2194 testimonio
1812 2138 2139 2209 Scriptura-

484 2236 640 2288 rum,
673 2238 826 2294 quas
866 2224 1039 2281 vobis
1090 2228 1317 2299 aperui,
1367 2228 1470 2283 sed
1518 2228 1852 2284 voluntarie
1914 2226 2139 2282 malum

484 2316 803 2381 operantes
835 2328 958 2368 non
1004 2316 1263 2371 creditis.
1317 2318 1570 2383 Quando
1618 2323 1819 2373 autem
1868 2317 1979 2371 hoc
2024 2315 2141 2371 illis

483 2399 629 2455 dixit
666 2401 694 2456 ?
724 2400 1049 2460 Verisimile
1080 2406 1318 2478 quidem
1350 2412 1438 2462 est
1466 2407 1580 2463 hoc
1609 2407 1832 2462 dictum
1853 2421 2003 2471 esse,
2036 2404 2143 2460 etsi

485 2488 772 2560 scriptum
812 2506 933 2548 non
966 2494 1062 2550 sit.

558 2579 730 2637 Vers.
794 2585 879 2637 37.
930 2582 1114 2639 Omne
1168 2614 1236 2625 —
1283 2585 1493 2642 veniet.
1548 2592 1666 2641 Hoc
1713 2599 1988 2640 sermone
2047 2582 2147 2639 de-

491 2672 989 2742 monstrat,quod
1024 2673 1193 2729 Pater
1222 2674 1466 2731 adducit
1491 2676 1542 2731 ei
1574 2674 1924 2730 credentes:
1962 2672 2143 2745 siqui-

489 2755 629 2813 dem
669 2756 812 2813 dicit
841 2761 1131 2817 etPaulus
1168 2785 1179 2817 :
1215 2764 1503 2836 Perquem
1529 2765 1711 2821 vocati
1738 2767 1873 2820 estis
1896 2764 1957 2819 in
1978 2762 2146 2819 socie-

489 2852 670 2903 tatem
703 2848 833 2902 Filii
872 2853 996 2919 ejus
1044 2854 1111 2907 ”.
1163 2852 1255 2909 Ait
1290 2868 1465 2923 ergo:
1512 2854 1687 2910 Omne
1734 2854 1890 2910 illud
1923 2853 2004 2908 ad
2054 2866 2146 2908 me

492 2937 680 2992 veniet
702 2939 861 3009 quod
888 2939 1153 2996 datmihi
1183 2942 1370 3008 Pater,
1402 2944 1514 3000 hoc
1535 2950 1641 3008 est,
1675 2944 1883 2999 Omnis
1909 2942 2012 3014 qui
2045 2941 2144 2995 da-

490 3027 585 3078 tus
628 3025 797 3081 fuerit
819 3027 961 3083 mihi
1004 3046 1041 3085 a
1070 3030 1257 3101 Patre,
1292 3031 1489 3087 omnis
1506 3033 1608 3104 qui
1640 3032 1933 3088 deductus
1964 3030 2042 3086 ab
2073 3044 2143 3085 eo

490 3111 683 3206 fuerit,
718 3114 813 3171 hic
844 3118 1038 3206 veniet
1072 3118 1149 3175 ad
1181 3136 1299 3185 me,
1332 3121 1427 3176 hic
1466 3121 1667 3177 credet
1703 3122 1759 3176 in
1792 3137 1905 3186 me,
1940 3126 1996 3175 et
2024 3134 2141 3173 nou
2173 3153 2214 3206 ο

490 3200 736 3272 quilibet
775 3205 1138 3277 simpliciter.
1190 3208 1330 3264 Inde
1361 3216 1561 3265 autem
1592 3210 1930 3273 conﬁrmat,
1980 3208 2144 3282 quod

495 3291 616 3347 vult
648 3292 816 3348 Pater
846 3299 910 3350 ut
934 3297 1259 3353 credantin
1292 3314 1453 3353 eum.
1510 3302 1734 3371 Itaque,
1778 3299 1882 3369 qui
1912 3300 1975 3353 in
2006 3313 2143 3352 eum

492 3397 617 3437 non
646 3383 850 3451 credit,
884 3385 1233 3443 adversatur
1265 3388 1361 3443 Dei
1395 3388 1703 3445 voluntati.
1738 3392 1840 3445 Dat
1868 3394 2065 3443 autem
2091 3392 2147 3441 et

494 3470 669 3527 Pater
712 3473 874 3542 Filio,
923 3474 1151 3530 ducens
1190 3492 1293 3532 eos
1325 3478 1398 3532 ad
1433 3477 1615 3534 ﬁdem
1664 3480 1835 3547 ejus;
1865 3484 1921 3534 et
1971 3476 2145 3533 Filius

494 3559 670 3625 Patri,
712 3561 1013 3618 adducens
1044 3579 1146 3619 eos
1172 3565 1248 3620 ad
1274 3565 1443 3621 illum
1483 3581 1588 3638 per
1614 3566 1823 3641 ﬁdem.

568 3738 810 3805 Verum,
844 3738 892 3795 si
923 3740 1085 3796 venit
1112 3741 1161 3796 is
1191 3742 1266 3797 ad
1296 3742 1524 3808 Filium,
1560 3744 1657 3815 qui
1696 3744 1874 3800 datur
1900 3760 1935 3800 a
1961 3746 2144 3809 Patre,

497 3825 672 3895 culpa
698 3842 840 3896 ergo
865 3828 1107 3895 carebit,
1134 3830 1236 3901 qui
1260 3846 1379 3886 non
1402 3832 1804 3903 venit,utpote
1831 3848 1951 3888 non
1971 3832 2149 3886 datus

495 3929 532 3971 a
561 3916 747 3971 Patre.
792 3916 902 3972 Sed
950 3917 1120 3973 Pater
1150 3918 1279 3974 illos
1317 3919 1439 3987 dat,
1486 3920 1545 3975 in
1594 3920 1813 3993 quibus
1869 3920 2151 3993 praecedit

494 4002 657 4059 bona
682 4004 959 4061 voluntas
994 4022 1005 4061 :
1040 4023 1235 4079 neque
1261 4008 1419 4063 enim
1450 4010 1576 4064 haec
1607 4026 1709 4080 per
1734 4027 1796 4065 se
1822 4009 2013 4065 facere
2053 4024 2151 4080 po-

497 4096 628 4157 test,
674 4097 740 4148 ut
768 4095 1033 4160 credant,
1063 4096 1312 4153 absente
1362 4098 1460 4154 Dei
1514 4098 1901 4165 adminiculo,
1955 4112 2151 4169 neque

498 4181 646 4238 illud
688 4183 993 4248 auxilium,
1028 4185 1139 4240 nisi
1186 4202 1449 4258 praesens
1490 4188 1561 4244 sit
1596 4196 1651 4244 et
1681 4188 1837 4244 bona
1854 4188 2149 4243 voluntas.

572 4360 737 4417 Vers.
761 4361 851 4417 37.
879 4363 955 4418 Et
976 4364 1255 4433 ——foras.
1290 4368 1490 4437 Neque
1521 4366 1635 4431 hic,
1665 4383 1700 4422 a
1733 4383 1868 4423 mea
1900 4365 2154 4423 familia-

498 4448 689 4515 ritate,
721 4465 917 4522 neque
948 4449 1049 4515 ibi,
1072 4468 1108 4507 a
1138 4467 1323 4525 regno
1354 4454 1639 4511 caelorum
1675 4473 1687 4510 :
1716 4471 1878 4521 eum,
1905 4455 2002 4526 qui
2034 4467 2154 4509 non

503 4542 830 4611 utcunque,
877 4539 980 4595 sed
1012 4546 1172 4597 recto
1201 4543 1405 4597 animo
1445 4545 1523 4599 ad
1558 4561 1651 4600 me
1694 4544 1870 4601 venit.

574 4628 737 4682 Vers.
770 4632 857 4684 38.
893 4628 1038 4694 Quid
1063 4661 1124 4670 —
1156 4647 1263 4687 me.
1299 4663 1368 4672 —
1397 4632 1529 4689 Non
1554 4641 1617 4688 ut
1644 4634 1869 4705 faciam
1886 4633 2158 4689 volunta—

504 4719 616 4773 tem
639 4731 772 4788 quae
796 4733 930 4772 mea
951 4723 1054 4783 est,
1074 4720 1197 4775 sive
1218 4721 1545 4793 propriam,
1570 4738 1761 4793 neque
1782 4722 1943 4777 enim
1966 4722 2159 4777 habeo

506 4805 835 4879 propriam,
854 4806 957 4863 sed
970 4808 1324 4864 voluntatem
1344 4812 1471 4879 ejus
1495 4812 1599 4881 qui
1610 4812 1763 4866 misit
1778 4826 1884 4878 me,
1912 4811 2022 4865 hoc
2049 4814 2156 4875 est,

505 4911 913 4962 communem,
936 4913 1072 4970 quae
1099 4904 1152 4953 et
1180 4915 1313 4953 mea
1330 4906 1415 4953 est
1437 4906 1492 4953 et
1518 4899 1696 4965 illius,
1726 4916 1982 4972 quorum
2010 4900 2159 4955 sicut

505 4989 594 5042 est
622 5001 741 5041 una
763 4986 1064 5056 divinitas,
1093 4987 1173 5043 ita
1202 4992 1293 5043 est
1321 4994 1377 5042 et
1410 5005 1527 5044 una
1570 4990 1873 5047 voluntas.
1910 4990 2159 5063 Descen-

505 5071 590 5128 dit
622 5076 824 5128 autem
858 5072 934 5129 de
973 5072 1121 5129 coelo
1168 5072 1501 5129 secundum
1551 5073 1940 5132 divinitatem.

580 5250 627 5285 "
656 5250 676 5306 ι
703 5250 833 5308 Cor.
866 5266 902 5317 ι,
938 5254 989 5308 0.

2250 1862 2333 1909 καὶ
2362 1866 2612 1929 κατηχῶν
2639 1858 2849 1919 αύτούς.

2324 1946 2455 1998 Ἀλλ’
2486 1978 2555 1987 -
2598 1950 2883 2000 πιστεύετε.
2934 1945 3229 2019 Ἐωράκατέ
3259 1966 3340 2019 με,
3394 1949 3556 2018 ἤγουν
3601 1945 3865 2017 ἐγνώκατε

2248 2041 2328 2097 τίς
2360 2036 2465 2107 εἰμι
2493 2036 2592 2088 ἀπό
2634 2056 2687 2088 τε
2736 2043 2830 2097 τῆς
2864 2041 3156 2110 μαρτυρίας
3201 2039 3461 2099 Ἰωάννου,
3498 2033 3600 2088 ἀπὸ
3655 2054 3711 2087 τε
3757 2043 3863 2087 τῶν

2251 2130 2477 2198 σημείων
2512 2126 2578 2177 ὧν
2610 2123 2852 2195 ἐποίησα,
2896 2136 2986 2177 και
3019 2125 3119 2177 ἀπὸ
3151 2136 3246 2186 τῆς
3279 2129 3572 2199 μαρτυρίας
3596 2131 3695 2176 τῶν
3730 2129 3864 2196 Γρα-

2250 2223 2374 2287 φών,
2416 2214 2472 2275 ἃς
2503 2217 2623 2286 ύμῖν
2657 2213 2948 2278 ἁνέπτυξα·
3001 2216 3106 2267 ἀλλ’
3157 2214 3574 2275 ἐθελοκακοῦντες
3622 2212 3681 2265 ού
3729 2232 3864 2265 πισ-

2251 2306 2437 2358 τεύετε.
2474 2310 2604 2356 Πότε
2632 2301 2689 2356 δὲ
2707 2311 2856 2356 τοῦτο
2883 2303 3018 2357 εἶπεν
3037 2304 3213 2366 αὐτοῖς
3240 2321 3253 2371 ;
3285 2304 3435 2367 Εἰκὸς
3459 2312 3613 2357 τοῦτο
3632 2303 3866 2378 ῥηθῆναι

2251 2396 2361 2464 μὲν,
2395 2397 2465 2465 μὴ
2494 2402 2758 2465 γραφῆναι
2792 2389 2871 2445 δέ.

2328 2577 2433 2623 Πᾶν
2486 2602 2553 2610 -
2614 2571 2745 2633 ἣξει.
2806 2579 2967 2624 Τοῦτο
3020 2576 3345 2646 παρίστησιν
3402 2572 3427 2623 6
3485 2570 3658 2643 λόγος,
3717 2572 3798 2624 ὅτι
3843 2571 3868 2622 6

2257 2664 2435 2732 Πατὴρ
2496 2662 2752 2735 προσάγει
2811 2661 2951 2730 αύτῷ
2984 2664 3101 2721 τούς
3158 2663 3520 2722 πιστεύοντας.
3574 2664 3716 2719 Φησὶ
3763 2663 3866 2732 γὰρ

2253 2754 2341 2801 καὶ
2374 2748 2605 2810 Παῦλος·
2656 2751 2729 2801 Δι’
2763 2750 2821 2801 οὗ
2868 2748 3118 2808 ἐκλήθητε
3162 2752 3233 2811 εἰς
3281 2754 3548 2802 κοινωνίαν
3599 2757 3694 2802 τοῦ
3741 2752 3866 2802 Tim)

2252 2839 2433 2891 αὐτοῦ.
2470 2843 2624 2909 Λέγει
2654 2843 2847 2907 τοίνυν,
2909 2840 2988 2891 ὅτι
3027 2845 3135 2892 Πᾶν
3189 2837 3348 2891 ἐκεῖνο
3391 2843 3519 2907 πρὸς
3580 2841 3665 2910 ἐμὲ
3728 2838 3861 2906 ἣξει,

2252 2928 2278 2981 ὃ
2310 2924 2633 3001 δίδωσίμοι
2691 2930 2715 2979 6
2763 2934 2965 3001 Πατὴρ,
3020 2932 3281 2996 τουτέστι,
3313 2934 3416 2991 πᾶς
3480 2930 3533 2991 ὃς
3593 2924 3727 3001 δοθῇ
3775 2945 3867 3001 μοι

2251 3021 2392 3090 παρὰ
2428 3026 2517 3069 τοῦ
2552 3026 2683 3071 Θεοῦ
2734 3019 2870 3089 (54).
2923 3020 2977 3079 6;
3035 3014 3276 3090 ὀθηγηθῇ
3335 3017 3456 3091 παρ’
3497 3018 3658 3071 αὐτοῦ
3720 3018 3860 3090 (55),

2254 3108 2398 3168 οὗτος
2439 3107 2550 3170 ἡξει
2598 3113 2727 3180 πρός
2775 3127 2857 3179 με,
2916 3108 3067 3169 οὗτος
3118 3110 3390 3161 πιστεύσει
3445 3127 3552 3181 μοι,
3614 3112 3707 3159 καὶ
3761 3105 3863 3176 ούχ

2255 3196 2427 3259 ἁπλῶς
2460 3198 2484 3248 6
2514 3203 2714 3269 τυχών.
2772 3198 3029 3250 Ἐντεῦθεν
3087 3193 3145 3249 δὲ
3192 3198 3578 3258 κατασκευάζει
3608 3198 3687 3249 ὅτι
3737 3195 3864 3248 θελει

2256 3288 2280 3337 6
2316 3291 2493 3359 Πατὴρ
2529 3289 2609 3338 ἱνα
2652 3289 3007 3338 πιστεύσωσιν
3054 3287 3127 3348 εἰς
3163 3286 3341 3349 αὑτὸν,
3387 3291 3476 3339 καὶ
3511 3286 3693 3338 λοιπον
3727 3286 3751 3336 6
3790 3287 3859 3356 μὴ

2256 3379 2513 3427 πιστεύων
2579 3376 2649 3437 εἰς
2706 3376 2860 3428 αὑτὸν
2928 3375 3246 3428 ίνάντιούται
3320 3384 3393 3447 τῷ
3473 3374 3729 3447 θελήματι
3774 3379 3863 3425 τοῦ

2258 3474 2410 3518 Θεοῦ.
2442 3461 2640 3518 Δίδωσι
2673 3462 2731 3517 δὲ
2761 3471 2849 3517 καὶ
2877 3467 2902 3517 6
2939 3470 3109 3537 Πατὴρ
3142 3473 3214 3534 τῷ
3262 3472 3387 3535 Υιῴ,
3422 3460 3629 3535 ὁδηγῶν
3675 3463 3865 3521 αύτούς

2257 3554 2324 3614 εἰς
2354 3559 2446 3612 τὴν
2481 3560 2659 3607 πίστιν
2691 3554 2852 3606 αὑτοῦ
2878 3573 2889 3583 ⁸
2935 3560 3024 3607 καὶ
3056 3556 3081 3605 6
3112 3558 3231 3615 Υίὸς
3263 3562 3334 3624 τῷ
3369 3558 3551 3626 Πατρὶ,
3584 3554 3863 3626 προσάγων

2259 3643 2444 3704 αύτούς
2475 3644 2614 3713 αύτῷ
2640 3641 2732 3697 διὰ
2760 3652 2854 3704 τῆς
2884 3648 3131 3706 πίστεως.

2331 3732 2463 3786 Ἀλλ’
2513 3733 2557 3785 εἰ
2604 3733 2794 3795 ἐκεῖνος
2840 3736 3051 3807 ἔρχεται
3096 3736 3222 3807 πρὸς
3270 3734 3355 3784 τὸν
3410 3733 3550 3799 Υὶόν,
3608 3732 3635 3783 6
3696 3728 3863 3789 δοθεὶς

2257 3825 2401 3896 παρὰ
2447 3831 2538 3874 τού
2574 3826 2790 3895 Πατρός,
2829 3821 3057 3884 ἀναίτιος
3107 3824 3212 3892 ἄρα
3256 3823 3281 3872 6
3324 3825 3394 3893 μὴ
3448 3819 3627 3885 ἐλθὼν,
3680 3823 3747 3881 ὡς
3791 3822 3859 3889 μὴ

2260 3910 2429 3973 δοθεὶς
2458 3915 2600 3985 παρὰ
2645 3920 2734 3963 τού
2779 3916 3005 3982 Πατρός·
3065 3909 3174 3961 ἀλλ’
3214 3911 3238 3961 6
3290 3914 3466 3983 Πατὴρ
3520 3907 3739 3968 ἐκείνους
3782 3903 3863 3958 δί-

2260 3998 2424 4054 δωσιν
2456 4002 2522 4052 ὧν
2553 4003 2582 4059 η
2617 4006 2923 4074 προαίρεσις
2954 3998 3148 4071 ἀγαθή.
3184 4002 3318 4051 Οὔτε
3347 4001 3447 4069 γὰρ
3477 3999 3608 4055 αὕτη
3645 3994 3861 4050 δύναται

2259 4100 2483 4149 ποιῆσαι
2511 4094 2715 4149 πιστὸν,
2752 4088 2987 4150 ἀπούσης
3018 4097 3112 4150 τῆς
3152 4091 3295 4162 παρὰ
3323 4096 3414 4140 τοῦ
3447 4094 3581 4140 Θεοῦ
3604 4106 3860 4159 χειραγωο

2260 4186 2374 4252 γίας
2398 4197 2410 4209 °
2455 4184 2571 4233 οὔτε
2602 4185 2703 4253 μὴν
2736 4179 2897 4238 ἐκείνη
2951 4186 3201 4251 συνεργεῖ,
3236 4181 3308 4251 μὴ
3357 4180 3634 4250 παρούσης
3666 4176 3861 4247 ἀγαθῆς

2262 4275 2632 4345 προαιρέσεως.

2341 4365 2440 4413 Καὶ
2468 4391 2532 4401 —
2560 4360 2675 4422 ἔξω.
2706 4362 2834 4411 Οὕτ⁹
2866 4359 3106 4425 ἐνταῦθα,
3138 4358 3234 4420 ἔξω
3268 4363 3361 4418 τῆς
3392 4355 3521 4428 ἐμῆς
3545 4355 3857 4411 οὶκειὼσεως,

2267 4454 2382 4503 οὔτε
2407 4452 2529 4515 ἐκεῖ,
2562 4450 2645 4511 ἒξη
2681 4457 2773 4510 τῆς
2808 4447 3080 4520 βασιλείας
3111 4455 3209 4499 τῶν
3237 4445 3486 4520 οὐρανῶν,
3519 4448 3619 4498 Τὸν
3646 4446 3859 4518 ἐρχόμε-

2268 4559 2348 4591 νον
2372 4534 2431 4590 δὲ
2457 4537 2561 4608 ούχ
2588 4536 2783 4598 ἅπλῶς.
2818 4536 2924 4589 ἀλλ’
2956 4535 3141 4609 ὀρθῶς.

2338 4627 2459 4680 Ὀτι
2487 4659 2543 4667 -
2576 4646 2657 4698 με.
2703 4658 2769 4666 -
2802 4626 2924 4698 Ούχ
2974 4627 3057 4677 ἱνα
3110 4632 3243 4677 ποιῶ
3293 4626 3352 4675 τὸ
3399 4622 3597 4696 θελημα
3621 4625 3677 4675 τὸ
3726 4618 3856 4682 ἐμὸν,

2270 4722 2389 4776 ἤτοι
2417 4720 2473 4768 τὸ
2511 4713 2648 4768 ἴδιον
2675 4733 2686 4745 ’
2736 4712 2859 4767 οὐδὲ
2888 4720 2988 4788 γαρ
3018 4714 3131 4785 (56)
3163 4717 3271 4785 ἔχω
3302 4709 3439 4766 ἴδιον
3467 4730 3477 4741 ⁸
3528 4712 3652 4763 ἀλλὰ
3692 4710 3746 4759 τό
3785 4706 3856 4754 θέ-

2270 4806 2413 4877 λημα
2443 4814 2533 4857 τού
2574 4804 2873 4875 πέμψαντός
2919 4823 2999 4875 με,
3035 4806 3277 4855 τουτέστι
3306 4805 3364 4854 τὸ
3391 4804 3559 4853 κοινὸν
3598 4798 3776 4850 ἐκείνου
3804 4806 3855 4840 τε

2271 4901 2360 4948 καὶ
2390 4894 2537 4966 ἐμοῦ,
2570 4896 2636 4945 ὧν
2660 4897 2727 4956 ὡς
2752 4900 2849 4966 μία
2868 4896 3061 4957 θεοτης,
3094 4892 3226 4944 ούτω
3253 4897 3343 4943 καὶ
3370 4890 3419 4944 ἓν
3451 4888 3657 4961 θελημα.
3691 4888 3859 4936 Κατα-

2274 4984 2458 5044 ϐἐϐηκε
2489 4980 2548 5036 δὲ
2579 4981 2633 5035 ἐκ
2664 4992 2753 5035 τού
2786 4984 3005 5056 ούρανου
3126 4984 3347 5039 θεὸτητι.

1690 5406 1913 5477 Varia
1960 5405 2290 5477 lectiones
2345 5414 2649 5474 etnotae.

729 5679 790 5728 Δέ
813 5674 1030 5732 omittit
1058 5674 1123 5731 A.

585 5604 697 5678 (5i)
736 5609 933 5678 Τοῦτον.
956 5605 1042 5678 τρν
1074 5604 1238 5678 γᾶρτον
1270 5605 1336 5660 Α.

585 5607 666 5673 (5i
736 5609 927 5656 Τοῦτον
956 5605 1042 5657 τὸν
1082 5626 1089 5656 ι

608 5678 674 5730 52
729 5679 790 5728 Δέ
813 5674 1030 5732 omittit
1058 5677 1089 5731 Α

580 5602 698 5820 ἱ53ξ
727 5748 788 5803 Ἠ
818 5745 990 5805 abest
1023 5748 1089 5804 Α.

2355 5603 2467 5675 (54)
2499 5604 2723 5675 Πατρός,
2751 5617 2863 5675 pro
2893 5608 3027 5655 Θεοῦ
3056 5607 3116 5655 Α.

2374 5676 2463 5748 55)
2494 5677 2644 5748 Παρὰ
2670 5676 2997 5748 regnat-:96;
3031 5679 3091 5727 Α.

2374 5679 2440 5731 55
2494 5674 2644 5747 Παρὰ
2670 5674 2769 5727 τοῦ
2794 5680 2905 5727 Πατ

2353 5674 2467 5820 ἓ5ϐζ
2493 5747 2624 5819 Ἐγώ
2650 5744 2815 5804 addit
2838 5749 2905 5801 Α.
