  <div class='ocr_page' id='page_1' title='image "/cluster/home/n/w/nwhite01/storage/ocr_20150623/129/coo.31924054870344/634.png"; bbox 0 0 4156 6388; ppageno 0'>
   <div class='ocr_carea' id='block_1_1' title="bbox 354 243 495 311">
    <p class='ocr_par' dir='ltr' id='par_1_1' title="bbox 354 243 495 311">
     <span class='ocr_line' id='line_1_1' title="bbox 354 243 495 311; baseline -0.014 0"><span class='ocrx_word' id='word_1_1' title='bbox 354 243 495 311; x_wconf 79' lang='grc'><strong>1249</strong></span> 
     </span>
    </p>
   </div>
   <div class='ocr_carea' id='block_1_2' title="bbox 422 370 2037 447">
    <p class='ocr_par' dir='ltr' id='par_1_2' title="bbox 422 370 2037 447">
     <span class='ocr_line' id='line_1_2' title="bbox 422 370 2037 447; baseline -0.005 -16"><span class='ocrx_word' id='word_1_2' title='bbox 422 384 589 433; x_wconf 82' lang='grc' dir='ltr'>Τοῦτο</span> <span class='ocrx_word' id='word_1_3' title='bbox 644 406 713 415; x_wconf 89' lang='grc'><strong><em>-</em></strong></span> <span class='ocrx_word' id='word_1_4' title='bbox 769 373 959 447; x_wconf 75' lang='grc' dir='ltr'>ἡμέρᾳ.</span> <span class='ocrx_word' id='word_1_5' title='bbox 1027 376 1129 427; x_wconf 77' lang='grc' dir='ltr'><strong>Καὶ</strong></span> <span class='ocrx_word' id='word_1_6' title='bbox 1191 378 1295 445; x_wconf 75' lang='grc' dir='ltr'><strong>μὴν</strong></span> <span class='ocrx_word' id='word_1_7' title='bbox 1377 374 1574 434; x_wconf 83' lang='grc' dir='ltr'><strong>πάντας</strong></span> <span class='ocrx_word' id='word_1_8' title='bbox 1669 370 1956 429; x_wconf 77' lang='grc' dir='ltr'>ἀναστήσει</span> <span class='ocrx_word' id='word_1_9' title='bbox 1992 370 2037 423; x_wconf 81' lang='grc' dir='ltr'>Α</span> 
     </span>
    </p>
   </div>
   <div class='ocr_carea' id='block_1_3' title="bbox 351 459 1956 537">
    <p class='ocr_par' dir='ltr' id='par_1_3' title="bbox 351 459 1956 537">
     <span class='ocr_line' id='line_1_3' title="bbox 351 459 1956 537; baseline -0.006 -15"><span class='ocrx_word' id='word_1_10' title='bbox 351 472 487 537; x_wconf 84' lang='grc' dir='ltr'>τότε,</span> <span class='ocrx_word' id='word_1_11' title='bbox 536 470 627 519; x_wconf 85' lang='grc' dir='ltr'>καὶ</span> <span class='ocrx_word' id='word_1_12' title='bbox 678 466 799 526; x_wconf 80' lang='grc' dir='ltr'>τούς</span> <span class='ocrx_word' id='word_1_13' title='bbox 845 465 1103 524; x_wconf 84' lang='grc' dir='ltr'><strong>σωθέντας</strong></span> <span class='ocrx_word' id='word_1_14' title='bbox 1150 467 1240 515; x_wconf 90' lang='grc' dir='ltr'>καὶ</span> <span class='ocrx_word' id='word_1_15' title='bbox 1284 464 1405 522; x_wconf 85' lang='grc' dir='ltr'>τοὺς</span> <span class='ocrx_word' id='word_1_16' title='bbox 1466 459 1813 526; x_wconf 68' lang='grc' dir='ltr'><strong>ἀπολωλότας,</strong></span> <span class='ocrx_word' id='word_1_17' title='bbox 1868 465 1956 512; x_wconf 88' lang='grc' dir='ltr'>καὶ</span> 
     </span>
    </p>
   </div>
   <div class='ocr_carea' id='block_1_4' title="bbox 351 549 1956 618">
    <p class='ocr_par' dir='ltr' id='par_1_4' title="bbox 351 549 1956 618">
     <span class='ocr_line' id='line_1_4' title="bbox 351 549 1956 618; baseline -0.007 -7"><span class='ocrx_word' id='word_1_18' title='bbox 351 562 469 618; x_wconf 85' lang='grc' dir='ltr'>τοὺς</span> <span class='ocrx_word' id='word_1_19' title='bbox 507 557 727 617; x_wconf 82' lang='grc' dir='ltr'>πιστούς</span> <span class='ocrx_word' id='word_1_20' title='bbox 764 557 855 605; x_wconf 87' lang='grc' dir='ltr'>καὶ</span> <span class='ocrx_word' id='word_1_21' title='bbox 900 555 1021 615; x_wconf 82' lang='grc' dir='ltr'>τοὺς</span> <span class='ocrx_word' id='word_1_22' title='bbox 1074 551 1332 613; x_wconf 78' lang='grc' dir='ltr'><strong>ἀπίστους</strong></span> <span class='ocrx_word' id='word_1_23' title='bbox 1365 570 1378 584; x_wconf 70' lang='grc' dir='ltr'><strong>ι</strong></span> <span class='ocrx_word' id='word_1_24' title='bbox 1414 550 1519 602; x_wconf 78' lang='grc' dir='ltr'>ἀλλ’</span> <span class='ocrx_word' id='word_1_25' title='bbox 1560 549 1847 603; x_wconf 72' lang='grc' dir='ltr'><strong>ἀνάστασιν</strong></span> <span class='ocrx_word' id='word_1_26' title='bbox 1880 549 1956 600; x_wconf 81' lang='grc' dir='ltr'>ἐν-</span> 
     </span>
    </p>
   </div>
   <div class='ocr_carea' id='block_1_5' title="bbox 352 638 1956 716">
    <p class='ocr_par' dir='ltr' id='par_1_5' title="bbox 352 638 1956 716">
     <span class='ocr_line' id='line_1_5' title="bbox 352 638 1956 716; baseline -0.007 -15"><span class='ocrx_word' id='word_1_27' title='bbox 352 648 524 701; x_wconf 85' lang='grc' dir='ltr'>ταῦθα</span> <span class='ocrx_word' id='word_1_28' title='bbox 549 644 685 716; x_wconf 85' lang='grc' dir='ltr'>λέγει</span> <span class='ocrx_word' id='word_1_29' title='bbox 712 646 805 702; x_wconf 76' lang='grc' dir='ltr'>τὴν</span> <span class='ocrx_word' id='word_1_30' title='bbox 852 641 937 694; x_wconf 83' lang='grc' dir='ltr'>ἐπὶ</span> <span class='ocrx_word' id='word_1_31' title='bbox 976 640 1283 708; x_wconf 73' lang='grc' dir='ltr'>ἀπολαύσει,</span> <span class='ocrx_word' id='word_1_32' title='bbox 1340 641 1396 693; x_wconf 78' lang='grc' dir='ltr'><strong>ού</strong></span> <span class='ocrx_word' id='word_1_33' title='bbox 1451 644 1544 698; x_wconf 76' lang='grc' dir='ltr'>τὴν</span> <span class='ocrx_word' id='word_1_34' title='bbox 1612 638 1694 692; x_wconf 82' lang='grc' dir='ltr'>ἐπὶ</span> <span class='ocrx_word' id='word_1_35' title='bbox 1722 638 1956 695; x_wconf 86' lang='grc' dir='ltr'>κολάσει.</span> 
     </span>
    </p>
   </div>
   <div class='ocr_carea' id='block_1_6' title="bbox 354 728 1957 808">
    <p class='ocr_par' dir='ltr' id='par_1_6' title="bbox 354 728 1957 808">
     <span class='ocr_line' id='line_1_6' title="bbox 354 728 1957 808; baseline -0.006 -20"><span class='ocrx_word' id='word_1_36' title='bbox 354 736 469 808; x_wconf 82' lang='grc' dir='ltr'>Ἀφ’</span> <span class='ocrx_word' id='word_1_37' title='bbox 500 735 568 786; x_wconf 86' lang='grc' dir='ltr'>ὧν</span> <span class='ocrx_word' id='word_1_38' title='bbox 623 729 683 786; x_wconf 86' lang='grc' dir='ltr'><strong>δέ</strong></span> <span class='ocrx_word' id='word_1_39' title='bbox 732 750 912 805; x_wconf 81' lang='grc' dir='ltr'>φησιν,</span> <span class='ocrx_word' id='word_1_40' title='bbox 956 728 1221 783; x_wconf 83' lang='grc' dir='ltr'>δείκνυσιν</span> <span class='ocrx_word' id='word_1_41' title='bbox 1270 733 1350 782; x_wconf 84' lang='grc' dir='ltr'>ὅτι</span> <span class='ocrx_word' id='word_1_42' title='bbox 1405 732 1574 782; x_wconf 87' lang='grc' dir='ltr'>κοινὸν</span> <span class='ocrx_word' id='word_1_43' title='bbox 1631 728 1828 801; x_wconf 81' lang='grc' dir='ltr'>θέλημα</span> <span class='ocrx_word' id='word_1_44' title='bbox 1869 733 1957 779; x_wconf 83' lang='grc' dir='ltr'>καὶ</span> 
     </span>
    </p>
   </div>
   <div class='ocr_carea' id='block_1_7' title="bbox 353 820 1960 898">
    <p class='ocr_par' dir='ltr' id='par_1_7' title="bbox 353 820 1960 898">
     <span class='ocr_line' id='line_1_7' title="bbox 353 820 1960 898; baseline -0.006 -20"><span class='ocrx_word' id='word_1_45' title='bbox 353 820 447 878; x_wconf 74' lang='grc' dir='ltr'><strong>τοῦ</strong></span> <span class='ocrx_word' id='word_1_46' title='bbox 492 826 698 898; x_wconf 81' lang='grc' dir='ltr'><strong>Πατρός</strong></span> <span class='ocrx_word' id='word_1_47' title='bbox 746 826 836 873; x_wconf 82' lang='grc' dir='ltr'>καὶ</span> <span class='ocrx_word' id='word_1_48' title='bbox 887 828 978 873; x_wconf 80' lang='grc' dir='ltr'>τοῦ</span> <span class='ocrx_word' id='word_1_49' title='bbox 1034 822 1157 872; x_wconf 79' lang='grc' dir='ltr'>Υἱοῡ</span> <span class='ocrx_word' id='word_1_50' title='bbox 1216 824 1271 871; x_wconf 85' lang='grc' dir='ltr'><strong>τὸ</strong></span> <span class='ocrx_word' id='word_1_51' title='bbox 1324 821 1557 877; x_wconf 83' lang='grc' dir='ltr'>σωθῆναι</span> <span class='ocrx_word' id='word_1_52' title='bbox 1604 820 1821 879; x_wconf 83' lang='grc' dir='ltr'>πάντας.</span> <span class='ocrx_word' id='word_1_53' title='bbox 1867 820 1960 870; x_wconf 77' lang='grc' dir='ltr'><strong>Διά</strong></span> 
     </span>
    </p>
   </div>
   <div class='ocr_carea' id='block_1_8' title="bbox 354 905 1959 985">
    <p class='ocr_par' dir='ltr' id='par_1_8' title="bbox 354 905 1959 985">
     <span class='ocr_line' id='line_1_8' title="bbox 354 905 1959 985; baseline -0.006 -18"><span class='ocrx_word' id='word_1_54' title='bbox 354 920 508 967; x_wconf 85' lang='grc' dir='ltr'>τοῦτο</span> <span class='ocrx_word' id='word_1_55' title='bbox 561 915 663 985; x_wconf 80' lang='grc' dir='ltr'>γὰρ</span> <span class='ocrx_word' id='word_1_56' title='bbox 697 912 721 964; x_wconf 91' lang='lat'><strong>6</strong></span> <span class='ocrx_word' id='word_1_57' title='bbox 752 913 842 985; x_wconf 67' lang='grc' dir='ltr'><strong>μὲν</strong></span> <span class='ocrx_word' id='word_1_58' title='bbox 891 908 1204 973; x_wconf 80' lang='grc' dir='ltr'>ἀπέστειλεν,</span> <span class='ocrx_word' id='word_1_59' title='bbox 1245 910 1271 960; x_wconf 97' lang='lat'><strong>6</strong></span> <span class='ocrx_word' id='word_1_60' title='bbox 1322 905 1380 961; x_wconf 74' lang='grc' dir='ltr'>δὲ</span> <span class='ocrx_word' id='word_1_61' title='bbox 1432 912 1736 980; x_wconf 84' lang='grc' dir='ltr'>παρεγένετο</span> <span class='ocrx_word' id='word_1_62' title='bbox 1769 922 1782 938; x_wconf 91' lang='grc'><strong>·</strong></span> <span class='ocrx_word' id='word_1_63' title='bbox 1816 911 1905 959; x_wconf 86' lang='grc' dir='ltr'>καὶ</span> <span class='ocrx_word' id='word_1_64' title='bbox 1934 908 1959 958; x_wconf 93' lang='lat'><strong>6</strong></span> 
     </span>
    </p>
   </div>
   <div class='ocr_carea' id='block_1_9' title="bbox 355 994 1959 1077">
    <p class='ocr_par' dir='ltr' id='par_1_9' title="bbox 355 994 1959 1077">
     <span class='ocr_line' id='line_1_9' title="bbox 355 994 1959 1077; baseline -0.006 -21"><span class='ocrx_word' id='word_1_65' title='bbox 355 1006 444 1077; x_wconf 76' lang='grc' dir='ltr'>μεν</span> <span class='ocrx_word' id='word_1_66' title='bbox 500 998 701 1055; x_wconf 80' lang='grc' dir='ltr'>δίδωσι</span> <span class='ocrx_word' id='word_1_67' title='bbox 775 1003 894 1062; x_wconf 77' lang='grc' dir='ltr'>τοὺς</span> <span class='ocrx_word' id='word_1_68' title='bbox 943 1001 1305 1063; x_wconf 75' lang='grc' dir='ltr'>πιστεύοντας,</span> <span class='ocrx_word' id='word_1_69' title='bbox 1356 998 1381 1049; x_wconf 95' lang='lat'><strong>6</strong></span> <span class='ocrx_word' id='word_1_70' title='bbox 1437 994 1496 1051; x_wconf 71' lang='grc' dir='ltr'><strong>δι</strong></span> <span class='ocrx_word' id='word_1_71' title='bbox 1543 996 1959 1072; x_wconf 77' lang='grc' dir='ltr'>παραλαμϐάνων</span> 
     </span>
    </p>
   </div>
   <div class='ocr_carea' id='block_1_10' title="bbox 357 1093 535 1153">
    <p class='ocr_par' dir='ltr' id='par_1_10' title="bbox 357 1093 535 1153">
     <span class='ocr_line' id='line_1_10' title="bbox 357 1093 535 1153; baseline 0.011 -8"><span class='ocrx_word' id='word_1_72' title='bbox 357 1093 535 1153; x_wconf 75' lang='grc' dir='ltr'>σώζει.</span> 
     </span>
    </p>
   </div>
   <div class='ocr_carea' id='block_1_11' title="bbox 430 1175 1959 1255">
    <p class='ocr_par' dir='ltr' id='par_1_11' title="bbox 430 1175 1959 1255">
     <span class='ocr_line' id='line_1_11' title="bbox 430 1175 1959 1255; baseline -0.005 -21"><span class='ocrx_word' id='word_1_73' title='bbox 430 1180 565 1255; x_wconf 76' lang='grc' dir='ltr'>[Ἵνα</span> <span class='ocrx_word' id='word_1_74' title='bbox 765 1183 836 1253; x_wconf 80' lang='grc' dir='ltr'><em>μὴ</em></span> <span class='ocrx_word' id='word_1_75' title='bbox 895 1177 1150 1243; x_wconf 78' lang='grc' dir='ltr'>ἀπολέσω,</span> <span class='ocrx_word' id='word_1_76' title='bbox 1196 1181 1483 1248; x_wconf 63' lang='grc' dir='ltr'>τουτέστιν,</span> <span class='ocrx_word' id='word_1_77' title='bbox 1511 1177 1594 1228; x_wconf 80' lang='grc' dir='ltr'>ἵνα</span> <span class='ocrx_word' id='word_1_78' title='bbox 1622 1181 1692 1249; x_wconf 77' lang='grc' dir='ltr'><strong>μὴ</strong></span> <span class='ocrx_word' id='word_1_79' title='bbox 1737 1175 1789 1239; x_wconf 85' lang='grc' dir='ltr'><strong>ἐξ</strong></span> <span class='ocrx_word' id='word_1_80' title='bbox 1830 1175 1959 1248; x_wconf 80' lang='grc' dir='ltr'>ἐμῆς</span> 
     </span>
    </p>
   </div>
   <div class='ocr_carea' id='block_1_12' title="bbox 354 1262 1958 1341">
    <p class='ocr_par' dir='ltr' id='par_1_12' title="bbox 354 1262 1958 1341">
     <span class='ocr_line' id='line_1_12' title="bbox 354 1262 1958 1341; baseline -0.005 -17"><span class='ocrx_word' id='word_1_81' title='bbox 354 1275 525 1331; x_wconf 88' lang='grc' dir='ltr'>αιτίας</span> <span class='ocrx_word' id='word_1_82' title='bbox 564 1268 820 1327; x_wconf 80' lang='grc' dir='ltr'>ἀπόληταί</span> <span class='ocrx_word' id='word_1_83' title='bbox 866 1288 962 1330; x_wconf 90' lang='grc' dir='ltr'>τις.</span> <span class='ocrx_word' id='word_1_84' title='bbox 1028 1272 1128 1321; x_wconf 80' lang='grc' dir='ltr'><strong>Καὶ</strong></span> <span class='ocrx_word' id='word_1_85' title='bbox 1160 1265 1395 1339; x_wconf 77' lang='grc' dir='ltr'><strong>ἀνωτέρω</strong></span> <span class='ocrx_word' id='word_1_86' title='bbox 1429 1269 1529 1341; x_wconf 82' lang='grc' dir='ltr'><strong>γὰρ</strong></span> <span class='ocrx_word' id='word_1_87' title='bbox 1564 1262 1717 1331; x_wconf 84' lang='grc' dir='ltr'>εἶπεν,</span> <span class='ocrx_word' id='word_1_88' title='bbox 1752 1268 1829 1317; x_wconf 85' lang='grc' dir='ltr'><strong>ότι</strong></span> <span class='ocrx_word' id='word_1_89' title='bbox 1859 1266 1958 1319; x_wconf 89' lang='grc' dir='ltr'>Τόν</span> 
     </span>
    </p>
   </div>
   <div class='ocr_carea' id='block_1_13' title="bbox 354 1351 1960 1437">
    <p class='ocr_par' dir='ltr' id='par_1_13' title="bbox 354 1351 1960 1437">
     <span class='ocr_line' id='line_1_13' title="bbox 354 1351 1960 1437; baseline -0.006 -23"><span class='ocrx_word' id='word_1_90' title='bbox 354 1361 637 1437; x_wconf 76' lang='grc' dir='ltr'><strong>ἐρχόμενον</strong></span> <span class='ocrx_word' id='word_1_91' title='bbox 692 1362 819 1434; x_wconf 89' lang='grc' dir='ltr'>πρός</span> <span class='ocrx_word' id='word_1_92' title='bbox 847 1377 911 1430; x_wconf 79' lang='grc' dir='ltr'>με</span> <span class='ocrx_word' id='word_1_93' title='bbox 959 1358 1016 1409; x_wconf 70' lang='grc' dir='ltr'>οὐ</span> <span class='ocrx_word' id='word_1_94' title='bbox 1048 1361 1118 1429; x_wconf 81' lang='grc' dir='ltr'><strong>μὴ</strong></span> <span class='ocrx_word' id='word_1_95' title='bbox 1154 1356 1352 1409; x_wconf 77' lang='grc' dir='ltr'>ἐκϐάλω</span> <span class='ocrx_word' id='word_1_96' title='bbox 1392 1356 1506 1419; x_wconf 80' lang='grc' dir='ltr'><strong>ἔξω.</strong></span> <span class='ocrx_word' id='word_1_97' title='bbox 1548 1359 1744 1409; x_wconf 86' lang='grc' dir='ltr'>Λοιπὸν</span> <span class='ocrx_word' id='word_1_98' title='bbox 1773 1351 1882 1419; x_wconf 77' lang='grc' dir='ltr'>οὖν,</span> <span class='ocrx_word' id='word_1_99' title='bbox 1917 1356 1960 1406; x_wconf 87' lang='grc' dir='ltr'><strong>εἰ</strong></span> 
     </span>
    </p>
   </div>
   <div class='ocr_carea' id='block_1_14' title="bbox 354 1443 1960 1520">
    <p class='ocr_par' dir='ltr' id='par_1_14' title="bbox 354 1443 1960 1520">
     <span class='ocr_line' id='line_1_14' title="bbox 354 1443 1960 1520; baseline -0.005 -17"><span class='ocrx_word' id='word_1_100' title='bbox 354 1471 434 1513; x_wconf 87' lang='grc' dir='ltr'><strong>τις</strong></span> <span class='ocrx_word' id='word_1_101' title='bbox 465 1447 527 1502; x_wconf 77' lang='grc' dir='ltr'><strong>ἄν</strong></span> <span class='ocrx_word' id='word_1_102' title='bbox 557 1448 805 1508; x_wconf 75' lang='grc' dir='ltr'>ἑκουσίως</span> <span class='ocrx_word' id='word_1_103' title='bbox 857 1444 1030 1520; x_wconf 78' lang='grc' dir='ltr'>ἐξέλθῃ</span> <span class='ocrx_word' id='word_1_104' title='bbox 1066 1452 1154 1498; x_wconf 86' lang='grc' dir='ltr'>καὶ</span> <span class='ocrx_word' id='word_1_105' title='bbox 1188 1446 1440 1507; x_wconf 78' lang='grc' dir='ltr'>ἑκουσίως</span> <span class='ocrx_word' id='word_1_106' title='bbox 1485 1443 1764 1507; x_wconf 81' lang='grc' dir='ltr'>ἀπόληται,</span> <span class='ocrx_word' id='word_1_107' title='bbox 1814 1445 1960 1517; x_wconf 84' lang='grc' dir='ltr'>παρὰ</span> 
     </span>
    </p>
   </div>
   <div class='ocr_carea' id='block_1_15' title="bbox 353 1531 1958 1608">
    <p class='ocr_par' dir='ltr' id='par_1_15' title="bbox 353 1531 1958 1608">
     <span class='ocr_line' id='line_1_15' title="bbox 353 1531 1958 1608; baseline -0.004 -17"><span class='ocrx_word' id='word_1_108' title='bbox 353 1544 449 1598; x_wconf 82' lang='grc' dir='ltr'>τήν</span> <span class='ocrx_word' id='word_1_109' title='bbox 471 1538 656 1591; x_wconf 81' lang='grc' dir='ltr'>ἑαυτοῦ</span> <span class='ocrx_word' id='word_1_110' title='bbox 700 1538 871 1590; x_wconf 85' lang='grc' dir='ltr'>αἰτίαν</span> <span class='ocrx_word' id='word_1_111' title='bbox 921 1544 1073 1589; x_wconf 76' lang='grc' dir='ltr'>τοῦτο</span> <span class='ocrx_word' id='word_1_112' title='bbox 1121 1538 1341 1608; x_wconf 79' lang='grc' dir='ltr'>πάσχει.</span> <span class='ocrx_word' id='word_1_113' title='bbox 1402 1531 1608 1589; x_wconf 70' lang='grc' dir='ltr'>Οὐδένα</span> <span class='ocrx_word' id='word_1_114' title='bbox 1636 1537 1737 1607; x_wconf 80' lang='grc' dir='ltr'><strong>γὰρ</strong></span> <span class='ocrx_word' id='word_1_115' title='bbox 1770 1535 1794 1585; x_wconf 89' lang='lat'><strong>6</strong></span> <span class='ocrx_word' id='word_1_116' title='bbox 1833 1536 1958 1595; x_wconf 88' lang='grc' dir='ltr'>Θεὸς</span> 
     </span>
    </p>
   </div>
   <div class='ocr_carea' id='block_1_16' title="bbox 354 1624 970 1700">
    <p class='ocr_par' dir='ltr' id='par_1_16' title="bbox 354 1624 970 1700">
     <span class='ocr_line' id='line_1_16' title="bbox 354 1624 970 1700; baseline 0 -22"><span class='ocrx_word' id='word_1_117' title='bbox 354 1630 486 1700; x_wconf 88' lang='grc' dir='ltr'>πρὸς</span> <span class='ocrx_word' id='word_1_118' title='bbox 507 1624 738 1699; x_wconf 80' lang='grc' dir='ltr'>ἀνάγκην</span> <span class='ocrx_word' id='word_1_119' title='bbox 763 1626 916 1679; x_wconf 80' lang='grc' dir='ltr'>ἕλκει.</span> 
     </span>
    </p>
   </div>
   <div class='ocr_carea' id='block_1_17' title="bbox 425 1713 2031 1789">
    <p class='ocr_par' dir='ltr' id='par_1_17' title="bbox 425 1713 2031 1789">
     <span class='ocr_line' id='line_1_17' title="bbox 425 1713 2031 1789; baseline -0.002 -22"><span class='ocrx_word' id='word_1_120' title='bbox 425 1721 590 1768; x_wconf 84' lang='grc' dir='ltr'>Τοῦτο</span> <span class='ocrx_word' id='word_1_121' title='bbox 638 1746 705 1757; x_wconf 89' lang='grc'><strong><em>-</em></strong></span> <span class='ocrx_word' id='word_1_122' title='bbox 754 1718 943 1788; x_wconf 77' lang='grc' dir='ltr'>ἡμέρᾳ.</span> <span class='ocrx_word' id='word_1_123' title='bbox 989 1718 1087 1768; x_wconf 86' lang='grc' dir='ltr'>Τὸν</span> <span class='ocrx_word' id='word_1_124' title='bbox 1121 1715 1275 1766; x_wconf 72' lang='grc' dir='ltr'>αὐτόν</span> <span class='ocrx_word' id='word_1_125' title='bbox 1313 1713 1465 1785; x_wconf 86' lang='grc' dir='ltr'>λόγον</span> <span class='ocrx_word' id='word_1_126' title='bbox 1498 1713 1793 1785; x_wconf 78' lang='grc' dir='ltr'>σαφηνίζει,</span> <span class='ocrx_word' id='word_1_127' title='bbox 1839 1731 1958 1764; x_wconf 89' lang='grc' dir='ltr'>συν-</span> <span class='ocrx_word' id='word_1_128' title='bbox 1988 1734 2031 1789; x_wconf 82' lang='grc' dir='ltr'>Β</span> 
     </span>
    </p>
   </div>
   <div class='ocr_carea' id='block_1_18' title="bbox 356 1802 1953 1879">
    <p class='ocr_par' dir='ltr' id='par_1_18' title="bbox 356 1802 1953 1879">
     <span class='ocr_line' id='line_1_18' title="bbox 356 1802 1953 1879; baseline -0.002 -24"><span class='ocrx_word' id='word_1_129' title='bbox 356 1807 633 1879; x_wconf 86' lang='grc' dir='ltr'>εχέστερον</span> <span class='ocrx_word' id='word_1_130' title='bbox 665 1804 819 1857; x_wconf 74' lang='grc' dir='ltr'>αὑτὸν</span> <span class='ocrx_word' id='word_1_131' title='bbox 869 1804 1072 1877; x_wconf 80' lang='grc' dir='ltr'>ἐνηχῶν</span> <span class='ocrx_word' id='word_1_132' title='bbox 1105 1805 1187 1856; x_wconf 87' lang='grc' dir='ltr'>ἶνα</span> <span class='ocrx_word' id='word_1_133' title='bbox 1234 1807 1304 1877; x_wconf 80' lang='grc' dir='ltr'><em>μὴ</em></span> <span class='ocrx_word' id='word_1_134' title='bbox 1340 1802 1685 1863; x_wconf 81' lang='grc' dir='ltr'>εύαπόϐλητος</span> <span class='ocrx_word' id='word_1_135' title='bbox 1720 1806 1953 1873; x_wconf 85' lang='grc' dir='ltr'>γένηται,</span> 
     </span>
    </p>
   </div>
   <div class='ocr_carea' id='block_1_19' title="bbox 354 1891 1957 1970">
    <p class='ocr_par' dir='ltr' id='par_1_19' title="bbox 354 1891 1957 1970">
     <span class='ocr_line' id='line_1_19' title="bbox 354 1891 1957 1970; baseline -0.002 -25"><span class='ocrx_word' id='word_1_136' title='bbox 354 1897 445 1946; x_wconf 83' lang='grc' dir='ltr'>καὶ</span> <span class='ocrx_word' id='word_1_137' title='bbox 477 1895 559 1946; x_wconf 85' lang='grc' dir='ltr'>ἳνα</span> <span class='ocrx_word' id='word_1_138' title='bbox 589 1893 919 1970; x_wconf 84' lang='grc' dir='ltr'>βεϐαιότερον</span> <span class='ocrx_word' id='word_1_139' title='bbox 950 1896 1190 1967; x_wconf 80' lang='grc' dir='ltr'>μάθωσιν</span> <span class='ocrx_word' id='word_1_140' title='bbox 1230 1895 1308 1946; x_wconf 84' lang='grc' dir='ltr'>ὅτι</span> <span class='ocrx_word' id='word_1_141' title='bbox 1363 1892 1646 1953; x_wconf 81' lang='grc' dir='ltr'>ἀνάστασίς</span> <span class='ocrx_word' id='word_1_142' title='bbox 1693 1891 1825 1961; x_wconf 83' lang='grc' dir='ltr'>ἐστι,</span> <span class='ocrx_word' id='word_1_143' title='bbox 1867 1896 1957 1943; x_wconf 78' lang='grc' dir='ltr'>καὶ</span> 
     </span>
    </p>
   </div>
   <div class='ocr_carea' id='block_1_20' title="bbox 354 1981 1957 2056">
    <p class='ocr_par' dir='ltr' id='par_1_20' title="bbox 354 1981 1957 2056">
     <span class='ocr_line' id='line_1_20' title="bbox 354 1981 1957 2056; baseline -0.001 -22"><span class='ocrx_word' id='word_1_144' title='bbox 354 1990 449 2045; x_wconf 89' lang='grc' dir='ltr'><strong>τῆς</strong></span> <span class='ocrx_word' id='word_1_145' title='bbox 476 1983 547 2044; x_wconf 83' lang='grc' dir='ltr'><strong>εἰς</strong></span> <span class='ocrx_word' id='word_1_146' title='bbox 574 1984 728 2035; x_wconf 71' lang='grc' dir='ltr'>αὐτὸν</span> <span class='ocrx_word' id='word_1_147' title='bbox 758 1989 985 2045; x_wconf 85' lang='grc' dir='ltr'>πίστεως</span> <span class='ocrx_word' id='word_1_148' title='bbox 1017 1982 1232 2056; x_wconf 76' lang='grc' dir='ltr'>ἀμοιϐὴ,</span> <span class='ocrx_word' id='word_1_149' title='bbox 1266 1988 1355 2035; x_wconf 82' lang='grc' dir='ltr'>καὶ</span> <span class='ocrx_word' id='word_1_150' title='bbox 1406 1990 1505 2035; x_wconf 75' lang='grc' dir='ltr'>τῶν</span> <span class='ocrx_word' id='word_1_151' title='bbox 1561 1981 1781 2035; x_wconf 73' lang='grc' dir='ltr'>ἐνταῦθα</span> <span class='ocrx_word' id='word_1_152' title='bbox 1809 2001 1957 2034; x_wconf 87' lang='grc' dir='ltr'>πνευ-</span> 
     </span>
    </p>
   </div>
   <div class='ocr_carea' id='block_1_21' title="bbox 355 2069 1959 2145">
    <p class='ocr_par' dir='ltr' id='par_1_21' title="bbox 355 2069 1959 2145">
     <span class='ocr_line' id='line_1_21' title="bbox 355 2069 1959 2145; baseline -0.001 -20"><span class='ocrx_word' id='word_1_153' title='bbox 355 2081 588 2139; x_wconf 85' lang='grc' dir='ltr'>ματικῶν</span> <span class='ocrx_word' id='word_1_154' title='bbox 619 2071 826 2145; x_wconf 79' lang='grc' dir='ltr'>ἀγώνων</span> <span class='ocrx_word' id='word_1_155' title='bbox 859 2069 1224 2143; x_wconf 72' lang='grc' dir='ltr'>ἀνταπόδοσις,</span> <span class='ocrx_word' id='word_1_156' title='bbox 1275 2077 1365 2124; x_wconf 82' lang='grc' dir='ltr'>καὶ</span> <span class='ocrx_word' id='word_1_157' title='bbox 1401 2072 1444 2124; x_wconf 87' lang='grc' dir='ltr'>εἰ</span> <span class='ocrx_word' id='word_1_158' title='bbox 1472 2075 1544 2144; x_wconf 72' lang='grc' dir='ltr'><strong>μὴ</strong></span> <span class='ocrx_word' id='word_1_159' title='bbox 1577 2073 1712 2123; x_wconf 87' lang='grc' dir='ltr'>κατὰ</span> <span class='ocrx_word' id='word_1_160' title='bbox 1739 2074 1825 2123; x_wconf 90' lang='grc' dir='ltr'><strong>τὸν</strong></span> <span class='ocrx_word' id='word_1_161' title='bbox 1855 2091 1959 2123; x_wconf 89' lang='grc' dir='ltr'>πα-</span> 
     </span>
    </p>
   </div>
   <div class='ocr_carea' id='block_1_22' title="bbox 352 2160 1953 2235">
    <p class='ocr_par' dir='ltr' id='par_1_22' title="bbox 352 2160 1953 2235">
     <span class='ocr_line' id='line_1_22' title="bbox 352 2160 1953 2235; baseline 0.001 -22"><span class='ocrx_word' id='word_1_162' title='bbox 352 2166 512 2235; x_wconf 88' lang='grc' dir='ltr'>ρόντα</span> <span class='ocrx_word' id='word_1_163' title='bbox 540 2160 656 2235; x_wconf 83' lang='grc' dir='ltr'>βίον</span> <span class='ocrx_word' id='word_1_164' title='bbox 691 2162 1098 2228; x_wconf 59' lang='grc' dir='ltr'>ἀπολαύσουσιν,</span> <span class='ocrx_word' id='word_1_165' title='bbox 1133 2160 1262 2213; x_wconf 78' lang='grc' dir='ltr'>ἀλλὰ</span> <span class='ocrx_word' id='word_1_166' title='bbox 1288 2180 1347 2233; x_wconf 88' lang='grc' dir='ltr'><strong>γε</strong></span> <span class='ocrx_word' id='word_1_167' title='bbox 1382 2164 1517 2213; x_wconf 81' lang='grc' dir='ltr'>κατὰ</span> <span class='ocrx_word' id='word_1_168' title='bbox 1546 2164 1632 2213; x_wconf 91' lang='grc' dir='ltr'><strong>τὸν</strong></span> <span class='ocrx_word' id='word_1_169' title='bbox 1687 2160 1953 2233; x_wconf 82' lang='grc' dir='ltr'>μέλλοντα.</span> 
     </span>
    </p>
   </div>
   <div class='ocr_carea' id='block_1_23' title="bbox 358 2248 1954 2327">
    <p class='ocr_par' dir='ltr' id='par_1_23' title="bbox 358 2248 1954 2327">
     <span class='ocr_line' id='line_1_23' title="bbox 358 2248 1954 2327; baseline -0.001 -24"><span class='ocrx_word' id='word_1_170' title='bbox 358 2256 464 2313; x_wconf 87' lang='grc' dir='ltr'><strong>Πᾶς</strong></span> <span class='ocrx_word' id='word_1_171' title='bbox 490 2248 549 2304; x_wconf 72' lang='grc' dir='ltr'><strong>δε</strong></span> <span class='ocrx_word' id='word_1_172' title='bbox 575 2253 601 2304; x_wconf 93' lang='lat'><strong>6</strong></span> <span class='ocrx_word' id='word_1_173' title='bbox 634 2253 833 2327; x_wconf 87' lang='grc' dir='ltr'>θεωρῶν</span> <span class='ocrx_word' id='word_1_174' title='bbox 862 2256 948 2305; x_wconf 91' lang='grc' dir='ltr'><strong>τὸν</strong></span> <span class='ocrx_word' id='word_1_175' title='bbox 980 2254 1100 2304; x_wconf 82' lang='grc' dir='ltr'>Υὶὸν</span> <span class='ocrx_word' id='word_1_176' title='bbox 1130 2258 1238 2313; x_wconf 86' lang='grc' dir='ltr'>τοῖς</span> <span class='ocrx_word' id='word_1_177' title='bbox 1287 2250 1565 2324; x_wconf 74' lang='grc' dir='ltr'>ὀφθαλμοῖς</span> <span class='ocrx_word' id='word_1_178' title='bbox 1617 2258 1704 2311; x_wconf 83' lang='grc' dir='ltr'><strong>τῆς</strong></span> <span class='ocrx_word' id='word_1_179' title='bbox 1748 2249 1901 2323; x_wconf 71' lang='grc' dir='ltr'>ψυχῆ</span> <span class='ocrx_word' id='word_1_180' title='bbox 1915 2271 1954 2317; x_wconf 89' lang='grc' dir='ltr'><strong>ς,</strong></span> 
     </span>
    </p>
   </div>
   <div class='ocr_carea' id='block_1_24' title="bbox 355 2341 1219 2407">
    <p class='ocr_par' dir='ltr' id='par_1_24' title="bbox 355 2341 1219 2407">
     <span class='ocr_line' id='line_1_24' title="bbox 355 2341 1219 2407; baseline 0.001 -13"><span class='ocrx_word' id='word_1_181' title='bbox 355 2342 385 2394; x_wconf 86' lang='grc' dir='ltr'><strong><em>ὅ</em></strong></span> <span class='ocrx_word' id='word_1_182' title='bbox 407 2342 567 2407; x_wconf 85' lang='grc' dir='ltr'>ἐστιν,</span> <span class='ocrx_word' id='word_1_183' title='bbox 601 2342 627 2394; x_wconf 93' lang='lat'><strong>6</strong></span> <span class='ocrx_word' id='word_1_184' title='bbox 654 2344 911 2395; x_wconf 80' lang='grc' dir='ltr'>πιστεύων</span> <span class='ocrx_word' id='word_1_185' title='bbox 939 2342 1010 2403; x_wconf 87' lang='grc' dir='ltr'><strong>εἰς</strong></span> <span class='ocrx_word' id='word_1_186' title='bbox 1042 2341 1219 2396; x_wconf 76' lang='grc' dir='ltr'>άύτόν.</span> 
     </span>
    </p>
   </div>
   <div class='ocr_carea' id='block_1_25' title="bbox 430 2423 1960 2502">
    <p class='ocr_par' dir='ltr' id='par_1_25' title="bbox 430 2423 1960 2502">
     <span class='ocr_line' id='line_1_25' title="bbox 430 2423 1960 2502; baseline -0.003 -19"><span class='ocrx_word' id='word_1_187' title='bbox 430 2430 747 2502; x_wconf 70' lang='grc' dir='ltr'>Ἐγόγγυζον</span> <span class='ocrx_word' id='word_1_188' title='bbox 799 2462 866 2472; x_wconf 88' lang='lat'><strong>-—-</strong></span> <span class='ocrx_word' id='word_1_189' title='bbox 895 2430 1233 2488; x_wconf 88' lang='grc' dir='ltr'>καταϐέϐηκα</span> <span class='ocrx_word' id='word_1_190' title='bbox 1278 2447 1291 2497; x_wconf 87' lang='grc'>;</span> <span class='ocrx_word' id='word_1_191' title='bbox 1335 2428 1459 2482; x_wconf 84' lang='grc' dir='ltr'><strong>Ὀτε</strong></span> <span class='ocrx_word' id='word_1_192' title='bbox 1510 2432 1599 2502; x_wconf 70' lang='grc' dir='ltr'><strong>μὲν</strong></span> <span class='ocrx_word' id='word_1_193' title='bbox 1648 2430 1802 2501; x_wconf 81' lang='grc' dir='ltr'>ἄρτον</span> <span class='ocrx_word' id='word_1_194' title='bbox 1834 2423 1960 2479; x_wconf 76' lang='grc' dir='ltr'>ἔδω-</span> 
     </span>
    </p>
   </div>
   <div class='ocr_carea' id='block_1_26' title="bbox 354 2518 1959 2595">
    <p class='ocr_par' dir='ltr' id='par_1_26' title="bbox 354 2518 1959 2595">
     <span class='ocr_line' id='line_1_26' title="bbox 354 2518 1959 2595; baseline -0.002 -25"><span class='ocrx_word' id='word_1_195' title='bbox 354 2538 441 2571; x_wconf 83' lang='grc' dir='ltr'><strong>κεν</strong></span> <span class='ocrx_word' id='word_1_196' title='bbox 494 2518 672 2582; x_wconf 82' lang='grc' dir='ltr'>αύτόῖς</span> <span class='ocrx_word' id='word_1_197' title='bbox 716 2525 805 2573; x_wconf 81' lang='grc' dir='ltr'>καὶ</span> <span class='ocrx_word' id='word_1_198' title='bbox 846 2524 941 2579; x_wconf 82' lang='grc' dir='ltr'>τὴν</span> <span class='ocrx_word' id='word_1_199' title='bbox 970 2525 1197 2595; x_wconf 86' lang='grc' dir='ltr'>γαστέρα</span> <span class='ocrx_word' id='word_1_200' title='bbox 1237 2518 1497 2584; x_wconf 78' lang='grc' dir='ltr'>ἐνέπλησε,</span> <span class='ocrx_word' id='word_1_201' title='bbox 1548 2524 1637 2570; x_wconf 86' lang='grc' dir='ltr'>καὶ</span> <span class='ocrx_word' id='word_1_202' title='bbox 1690 2522 1959 2589; x_wconf 78' lang='grc' dir='ltr'>προφήτην</span> 
     </span>
    </p>
   </div>
   <div class='ocr_carea' id='block_1_27' title="bbox 357 2604 1961 2682">
    <p class='ocr_par' dir='ltr' id='par_1_27' title="bbox 357 2604 1961 2682">
     <span class='ocr_line' id='line_1_27' title="bbox 357 2604 1961 2682; baseline -0.002 -21"><span class='ocrx_word' id='word_1_203' title='bbox 357 2607 528 2679; x_wconf 79' lang='grc' dir='ltr'>ἔλεγον</span> <span class='ocrx_word' id='word_1_204' title='bbox 562 2606 710 2675; x_wconf 80' lang='grc' dir='ltr'>εἶναι,</span> <span class='ocrx_word' id='word_1_205' title='bbox 743 2614 833 2662; x_wconf 78' lang='grc' dir='ltr'>καὶ</span> <span class='ocrx_word' id='word_1_206' title='bbox 860 2608 1086 2682; x_wconf 76' lang='grc' dir='ltr'>βασιλέα</span> <span class='ocrx_word' id='word_1_207' title='bbox 1115 2616 1337 2667; x_wconf 88' lang='grc' dir='ltr'>ποιῆσαι</span> <span class='ocrx_word' id='word_1_208' title='bbox 1367 2607 1546 2667; x_wconf 79' lang='grc' dir='ltr'>ἤθελον</span> <span class='ocrx_word' id='word_1_209' title='bbox 1588 2624 1603 2638; x_wconf 85' lang='grc'>⁶</span> <span class='ocrx_word' id='word_1_210' title='bbox 1648 2608 1729 2659; x_wconf 85' lang='grc' dir='ltr'>ὅτε</span> <span class='ocrx_word' id='word_1_211' title='bbox 1756 2604 1815 2658; x_wconf 68' lang='grc' dir='ltr'>δὲ</span> <span class='ocrx_word' id='word_1_212' title='bbox 1843 2610 1961 2679; x_wconf 85' lang='grc' dir='ltr'>περὶ</span> 
     </span>
    </p>
   </div>
   <div class='ocr_carea' id='block_1_28' title="bbox 358 2698 1961 2773">
    <p class='ocr_par' dir='ltr' id='par_1_28' title="bbox 358 2698 1961 2773">
     <span class='ocr_line' id='line_1_28' title="bbox 358 2698 1961 2773; baseline -0.001 -25"><span class='ocrx_word' id='word_1_213' title='bbox 358 2704 453 2749; x_wconf 84' lang='grc' dir='ltr'>τοῦ</span> <span class='ocrx_word' id='word_1_214' title='bbox 512 2698 755 2773; x_wconf 67' lang='grc' dir='ltr'>οὐρανίου</span> <span class='ocrx_word' id='word_1_215' title='bbox 811 2700 972 2773; x_wconf 81' lang='grc' dir='ltr'>ἄρτου</span> <span class='ocrx_word' id='word_1_216' title='bbox 1029 2704 1119 2751; x_wconf 89' lang='grc' dir='ltr'>καὶ</span> <span class='ocrx_word' id='word_1_217' title='bbox 1193 2700 1305 2769; x_wconf 82' lang='grc'>(58)</span> <span class='ocrx_word' id='word_1_218' title='bbox 1348 2704 1701 2769; x_wconf 74' lang='grc' dir='ltr'>πνευματικῆς</span> <span class='ocrx_word' id='word_1_219' title='bbox 1766 2704 1961 2768; x_wconf 83' lang='grc' dir='ltr'>τροφῆς</span> 
     </span>
    </p>
   </div>
   <div class='ocr_carea' id='block_1_29' title="bbox 355 2784 1960 2860">
    <p class='ocr_par' dir='ltr' id='par_1_29' title="bbox 355 2784 1960 2860">
     <span class='ocr_line' id='line_1_29' title="bbox 355 2784 1960 2860; baseline -0.001 -22"><span class='ocrx_word' id='word_1_220' title='bbox 355 2792 448 2839; x_wconf 81' lang='grc' dir='ltr'>καὶ</span> <span class='ocrx_word' id='word_1_221' title='bbox 496 2790 638 2851; x_wconf 77' lang='grc' dir='ltr'>ζωῆς</span> <span class='ocrx_word' id='word_1_222' title='bbox 686 2788 897 2841; x_wconf 84' lang='grc' dir='ltr'>αἰωνίου</span> <span class='ocrx_word' id='word_1_223' title='bbox 953 2785 1227 2860; x_wconf 79' lang='grc' dir='ltr'>διελέγετο,</span> <span class='ocrx_word' id='word_1_224' title='bbox 1286 2786 1636 2859; x_wconf 78' lang='grc' dir='ltr'>ἐταράσσοντο</span> <span class='ocrx_word' id='word_1_225' title='bbox 1690 2790 1779 2837; x_wconf 82' lang='grc' dir='ltr'>καὶ</span> <span class='ocrx_word' id='word_1_226' title='bbox 1815 2784 1960 2848; x_wconf 85' lang='grc' dir='ltr'>ἐξηυ-</span> 
     </span>
    </p>
   </div>
   <div class='ocr_carea' id='block_1_30' title="bbox 357 2876 1961 2950">
    <p class='ocr_par' dir='ltr' id='par_1_30' title="bbox 357 2876 1961 2950">
     <span class='ocr_line' id='line_1_30' title="bbox 357 2876 1961 2950; baseline -0.001 -22"><span class='ocrx_word' id='word_1_227' title='bbox 357 2877 555 2938; x_wconf 77' lang='grc' dir='ltr'>τέλιζον</span> <span class='ocrx_word' id='word_1_228' title='bbox 593 2882 649 2931; x_wconf 91' lang='grc' dir='ltr'><strong>τό</strong></span> <span class='ocrx_word' id='word_1_229' title='bbox 687 2883 833 2950; x_wconf 85' lang='grc' dir='ltr'>γένος</span> <span class='ocrx_word' id='word_1_230' title='bbox 891 2879 1072 2942; x_wconf 78' lang='grc' dir='ltr'>αὐτοῦ,</span> <span class='ocrx_word' id='word_1_231' title='bbox 1126 2879 1221 2931; x_wconf 81' lang='grc' dir='ltr'>Ὧν</span> <span class='ocrx_word' id='word_1_232' title='bbox 1268 2881 1400 2937; x_wconf 82' lang='grc' dir='ltr'><strong>Θεὸς</strong></span> <span class='ocrx_word' id='word_1_233' title='bbox 1452 2878 1482 2935; x_wconf 86' lang='grc' dir='ltr'>ἡ</span> <span class='ocrx_word' id='word_1_234' title='bbox 1527 2876 1699 2928; x_wconf 86' lang='grc' dir='ltr'>κοιλία</span> <span class='ocrx_word' id='word_1_235' title='bbox 1726 2876 1838 2948; x_wconf 79' lang='grc'>(59)</span> <span class='ocrx_word' id='word_1_236' title='bbox 1870 2896 1961 2927; x_wconf 88' lang='grc' dir='ltr'>κα-</span> 
     </span>
    </p>
   </div>
   <div class='ocr_carea' id='block_1_31' title="bbox 355 2963 1955 3043">
    <p class='ocr_par' dir='ltr' id='par_1_31' title="bbox 355 2963 1955 3043">
     <span class='ocr_line' id='line_1_31' title="bbox 355 2963 1955 3043; baseline 0 -26"><span class='ocrx_word' id='word_1_237' title='bbox 355 2964 459 3027; x_wconf 87' lang='grc' dir='ltr'>λῶς</span> <span class='ocrx_word' id='word_1_238' title='bbox 511 2963 617 3020; x_wconf 86' lang='grc' dir='ltr'>εἷπε</span> <span class='ocrx_word' id='word_1_239' title='bbox 679 2968 896 3030; x_wconf 81' lang='grc' dir='ltr'>Παῦλος.</span> <span class='ocrx_word' id='word_1_240' title='bbox 933 2974 1031 3021; x_wconf 80' lang='grc' dir='ltr'><strong>Καὶ</strong></span> <span class='ocrx_word' id='word_1_241' title='bbox 1060 2975 1467 3043; x_wconf 78' lang='grc' dir='ltr'>προσεποιοῦντο</span> <span class='ocrx_word' id='word_1_242' title='bbox 1500 2970 1589 3039; x_wconf 69' lang='grc' dir='ltr'>μὲν</span> <span class='ocrx_word' id='word_1_243' title='bbox 1630 2964 1955 3036; x_wconf 80' lang='grc' dir='ltr'>ἀγανακτεῖν,</span> 
     </span>
    </p>
   </div>
   <div class='ocr_carea' id='block_1_32' title="bbox 1901 3074 2039 3151">
    <p class='ocr_par' dir='ltr' id='par_1_32' title="bbox 1901 3074 2039 3151">
     <span class='ocr_line' id='line_1_32' title="bbox 1901 3074 2039 3151; baseline 0 -44"><span class='ocrx_word' id='word_1_244' title='bbox 1901 3074 1959 3107; x_wconf 92' lang='grc' dir='ltr'><strong>το</strong></span> <span class='ocrx_word' id='word_1_245' title='bbox 1998 3094 2039 3151; x_wconf 56' lang='lat'><strong>(1</strong></span> 
     </span>
    </p>
   </div>
   <div class='ocr_carea' id='block_1_33' title="bbox 359 3141 1956 3220">
    <p class='ocr_par' dir='ltr' id='par_1_33' title="bbox 359 3141 1956 3220">
     <span class='ocr_line' id='line_1_33' title="bbox 359 3141 1956 3220; baseline -0.001 -23"><span class='ocrx_word' id='word_1_246' title='bbox 359 3141 419 3198; x_wconf 70' lang='grc' dir='ltr'><strong>δε</strong></span> <span class='ocrx_word' id='word_1_247' title='bbox 448 3144 636 3208; x_wconf 69' lang='grc' dir='ltr'>ἄληθες</span> <span class='ocrx_word' id='word_1_248' title='bbox 664 3149 1012 3218; x_wconf 78' lang='grc' dir='ltr'>ἠγανάκτουν,</span> <span class='ocrx_word' id='word_1_249' title='bbox 1058 3144 1199 3199; x_wconf 80' lang='grc' dir='ltr'>διότι</span> <span class='ocrx_word' id='word_1_250' title='bbox 1230 3146 1322 3198; x_wconf 82' lang='grc' dir='ltr'><strong>ούκ</strong></span> <span class='ocrx_word' id='word_1_251' title='bbox 1358 3145 1538 3220; x_wconf 74' lang='grc' dir='ltr'>ἔθρεψε</span> <span class='ocrx_word' id='word_1_252' title='bbox 1569 3146 1721 3197; x_wconf 87' lang='grc' dir='ltr'>πάλιν</span> <span class='ocrx_word' id='word_1_253' title='bbox 1748 3145 1956 3211; x_wconf 70' lang='grc' dir='ltr'>αὐτοὺς,</span> 
     </span>
    </p>
   </div>
   <div class='ocr_carea' id='block_1_34' title="bbox 352 3232 1960 3311">
    <p class='ocr_par' dir='ltr' id='par_1_34' title="bbox 352 3232 1960 3311">
     <span class='ocr_line' id='line_1_34' title="bbox 352 3232 1960 3311; baseline 0 -26"><span class='ocrx_word' id='word_1_254' title='bbox 352 3237 420 3297; x_wconf 87' lang='grc' dir='ltr'>ὡς</span> <span class='ocrx_word' id='word_1_255' title='bbox 458 3232 814 3309; x_wconf 86' lang='grc' dir='ltr'>προσεδόκων.</span> <span class='ocrx_word' id='word_1_256' title='bbox 878 3243 940 3290; x_wconf 75' lang='lat' dir='ltr'><strong>Ei</strong></span> <span class='ocrx_word' id='word_1_257' title='bbox 989 3239 1090 3311; x_wconf 85' lang='grc' dir='ltr'><strong>γὰρ</strong></span> <span class='ocrx_word' id='word_1_258' title='bbox 1150 3233 1222 3289; x_wconf 85' lang='grc' dir='ltr'>δι’</span> <span class='ocrx_word' id='word_1_259' title='bbox 1271 3234 1431 3288; x_wconf 85' lang='grc' dir='ltr'>ἐκεῖνο</span> <span class='ocrx_word' id='word_1_260' title='bbox 1480 3234 1788 3306; x_wconf 77' lang='grc' dir='ltr'>ἐγόγγυζον,</span> <span class='ocrx_word' id='word_1_261' title='bbox 1826 3236 1960 3307; x_wconf 81' lang='grc' dir='ltr'><strong>ἠρώο</strong></span> 
     </span>
    </p>
   </div>
   <div class='ocr_carea' id='block_1_35' title="bbox 351 3322 1958 3399">
    <p class='ocr_par' dir='ltr' id='par_1_35' title="bbox 351 3322 1958 3399">
     <span class='ocr_line' id='line_1_35' title="bbox 351 3322 1958 3399; baseline -0.001 -23"><span class='ocrx_word' id='word_1_262' title='bbox 351 3342 519 3383; x_wconf 85' lang='grc' dir='ltr'>τησαν</span> <span class='ocrx_word' id='word_1_263' title='bbox 549 3324 629 3391; x_wconf 74' lang='grc' dir='ltr'>ἂν,</span> <span class='ocrx_word' id='word_1_264' title='bbox 654 3334 763 3389; x_wconf 85' lang='grc' dir='ltr'>πῶς</span> <span class='ocrx_word' id='word_1_265' title='bbox 792 3327 944 3399; x_wconf 81' lang='grc' dir='ltr'>ἄρτος</span> <span class='ocrx_word' id='word_1_266' title='bbox 972 3325 1105 3393; x_wconf 75' lang='grc' dir='ltr'>ἐστὶ,</span> <span class='ocrx_word' id='word_1_267' title='bbox 1139 3334 1244 3387; x_wconf 84' lang='grc' dir='ltr'>πῶς</span> <span class='ocrx_word' id='word_1_268' title='bbox 1275 3329 1329 3378; x_wconf 75' lang='grc' dir='ltr'><strong>ἐκ</strong></span> <span class='ocrx_word' id='word_1_269' title='bbox 1361 3332 1452 3377; x_wconf 85' lang='grc' dir='ltr'>τοῦ</span> <span class='ocrx_word' id='word_1_270' title='bbox 1493 3324 1711 3398; x_wconf 80' lang='grc' dir='ltr'>ούρανοῦ</span> <span class='ocrx_word' id='word_1_271' title='bbox 1743 3322 1958 3376; x_wconf 81' lang='grc' dir='ltr'>καταϐέ-</span> 
     </span>
    </p>
   </div>
   <div class='ocr_carea' id='block_1_36' title="bbox 353 3433 552 3489">
    <p class='ocr_par' dir='ltr' id='par_1_36' title="bbox 353 3433 552 3489">
     <span class='ocr_line' id='line_1_36' title="bbox 353 3433 552 3489; baseline 0.01 -24"><span class='ocrx_word' id='word_1_272' title='bbox 353 3433 508 3489; x_wconf 86' lang='grc' dir='ltr'>ρηκεν</span> <span class='ocrx_word' id='word_1_273' title='bbox 538 3433 552 3482; x_wconf 86' lang='grc'><strong>;</strong></span> 
     </span>
    </p>
   </div>
   <div class='ocr_carea' id='block_1_37' title="bbox 424 3501 1964 3579">
    <p class='ocr_par' dir='ltr' id='par_1_37' title="bbox 424 3501 1964 3579">
     <span class='ocr_line' id='line_1_37' title="bbox 424 3501 1964 3579; baseline 0.001 -23"><span class='ocrx_word' id='word_1_274' title='bbox 424 3502 483 3556; x_wconf 78' lang='grc' dir='ltr'><strong>Ὀ</strong></span> <span class='ocrx_word' id='word_1_275' title='bbox 506 3501 565 3557; x_wconf 67' lang='grc' dir='ltr'>δὲ</span> <span class='ocrx_word' id='word_1_276' title='bbox 604 3509 835 3579; x_wconf 81' lang='grc' dir='ltr'>Χριστὸς</span> <span class='ocrx_word' id='word_1_277' title='bbox 872 3506 965 3559; x_wconf 75' lang='grc' dir='ltr'>οὐκ</span> <span class='ocrx_word' id='word_1_278' title='bbox 1014 3502 1167 3571; x_wconf 83' lang='grc' dir='ltr'>εἶπεν,</span> <span class='ocrx_word' id='word_1_279' title='bbox 1232 3507 1313 3557; x_wconf 87' lang='grc' dir='ltr'>ὃτι</span> <span class='ocrx_word' id='word_1_280' title='bbox 1368 3504 1477 3557; x_wconf 78' lang='grc' dir='ltr'>Ούκ</span> <span class='ocrx_word' id='word_1_281' title='bbox 1539 3503 1646 3577; x_wconf 79' lang='grc' dir='ltr'>εἰμί</span> <span class='ocrx_word' id='word_1_282' title='bbox 1698 3506 1810 3565; x_wconf 83' lang='grc' dir='ltr'>υἱὸς</span> <span class='ocrx_word' id='word_1_283' title='bbox 1849 3504 1964 3558; x_wconf 86' lang='grc' dir='ltr'><strong>Ἰω-</strong></span> 
     </span>
    </p>
   </div>
   <div class='ocr_carea' id='block_1_38' title="bbox 358 3591 1965 3671">
    <p class='ocr_par' dir='ltr' id='par_1_38' title="bbox 358 3591 1965 3671">
     <span class='ocr_line' id='line_1_38' title="bbox 358 3591 1965 3671; baseline -0.004 -20"><span class='ocrx_word' id='word_1_284' title='bbox 358 3591 635 3667; x_wconf 66' lang='grc' dir='ltr'>σὴφ,οὐδε</span> <span class='ocrx_word' id='word_1_285' title='bbox 673 3592 886 3660; x_wconf 84' lang='grc' dir='ltr'>έδίδαξέ</span> <span class='ocrx_word' id='word_1_286' title='bbox 939 3615 992 3648; x_wconf 92' lang='grc' dir='ltr'><strong>τι</strong></span> <span class='ocrx_word' id='word_1_287' title='bbox 1031 3600 1148 3671; x_wconf 84' lang='grc' dir='ltr'>περὶ</span> <span class='ocrx_word' id='word_1_288' title='bbox 1204 3602 1294 3647; x_wconf 86' lang='grc' dir='ltr'>τοῦ</span> <span class='ocrx_word' id='word_1_289' title='bbox 1342 3598 1525 3667; x_wconf 82' lang='grc' dir='ltr'>γένους</span> <span class='ocrx_word' id='word_1_290' title='bbox 1569 3594 1751 3659; x_wconf 68' lang='grc' dir='ltr'>αὐτοῦ,</span> <span class='ocrx_word' id='word_1_291' title='bbox 1811 3599 1965 3666; x_wconf 83' lang='grc' dir='ltr'>γινω-</span> 
     </span>
    </p>
   </div>
   <div class='ocr_carea' id='block_1_39' title="bbox 358 3681 1964 3757">
    <p class='ocr_par' dir='ltr' id='par_1_39' title="bbox 358 3681 1964 3757">
     <span class='ocr_line' id='line_1_39' title="bbox 358 3681 1964 3757; baseline 0 -22"><span class='ocrx_word' id='word_1_292' title='bbox 358 3702 495 3735; x_wconf 82' lang='grc' dir='ltr'>σκων</span> <span class='ocrx_word' id='word_1_293' title='bbox 553 3684 743 3748; x_wconf 79' lang='grc' dir='ltr'>αύτούς</span> <span class='ocrx_word' id='word_1_294' title='bbox 799 3688 943 3738; x_wconf 73' lang='grc' dir='ltr'>οὔπω</span> <span class='ocrx_word' id='word_1_295' title='bbox 998 3681 1318 3757; x_wconf 79' lang='grc' dir='ltr'>δυναμένους</span> <span class='ocrx_word' id='word_1_296' title='bbox 1370 3682 1597 3736; x_wconf 78' lang='grc' dir='ltr'>ἀκοῦσαι</span> <span class='ocrx_word' id='word_1_297' title='bbox 1634 3686 1721 3735; x_wconf 82' lang='grc' dir='ltr'><strong>τὸν</strong></span> <span class='ocrx_word' id='word_1_298' title='bbox 1765 3685 1964 3755; x_wconf 75' lang='grc' dir='ltr'>θαυμᾶο</span> 
     </span>
    </p>
   </div>
   <div class='ocr_carea' id='block_1_40' title="bbox 359 3051 1845 3131">
    <p class='ocr_par' dir='ltr' id='par_1_40' title="bbox 359 3051 1845 3131">
     <span class='ocr_line' id='line_1_40' title="bbox 359 3051 1845 3131; baseline -0.001 -23"><span class='ocrx_word' id='word_1_299' title='bbox 359 3051 499 3108; x_wconf 84' lang='grc' dir='ltr'>διότι</span> <span class='ocrx_word' id='word_1_300' title='bbox 543 3055 700 3126; x_wconf 84' lang='grc' dir='ltr'>εἶπεν,</span> <span class='ocrx_word' id='word_1_301' title='bbox 765 3060 845 3110; x_wconf 85' lang='grc' dir='ltr'>ὅτι</span> <span class='ocrx_word' id='word_1_302' title='bbox 897 3059 985 3111; x_wconf 83' lang='grc' dir='ltr'>Ἐκ</span> <span class='ocrx_word' id='word_1_303' title='bbox 1041 3066 1132 3110; x_wconf 82' lang='grc' dir='ltr'><strong>τού</strong></span> <span class='ocrx_word' id='word_1_304' title='bbox 1177 3057 1396 3131; x_wconf 80' lang='grc' dir='ltr'>ούρανοῦ</span> <span class='ocrx_word' id='word_1_305' title='bbox 1443 3054 1779 3113; x_wconf 77' lang='grc' dir='ltr'>καταϐέϐηκα</span> <span class='ocrx_word' id='word_1_306' title='bbox 1833 3075 1845 3087; x_wconf 91' lang='grc'><strong>·</strong></span> 
     </span>
    </p>
   </div>
   <div class='ocr_carea' id='block_1_41' title="bbox 357 3773 1965 3847">
    <p class='ocr_par' dir='ltr' id='par_1_41' title="bbox 357 3773 1965 3847">
     <span class='ocr_line' id='line_1_41' title="bbox 357 3773 1965 3847; baseline 0.001 -23"><span class='ocrx_word' id='word_1_307' title='bbox 357 3776 481 3825; x_wconf 86' lang='grc' dir='ltr'>στὸν</span> <span class='ocrx_word' id='word_1_308' title='bbox 518 3778 669 3827; x_wconf 86' lang='grc' dir='ltr'>τόκον</span> <span class='ocrx_word' id='word_1_309' title='bbox 707 3775 889 3841; x_wconf 78' lang='grc' dir='ltr'>αὐτοῦ,</span> <span class='ocrx_word' id='word_1_310' title='bbox 943 3780 1031 3827; x_wconf 82' lang='grc' dir='ltr'>καὶ</span> <span class='ocrx_word' id='word_1_311' title='bbox 1062 3775 1233 3846; x_wconf 82' lang='grc' dir='ltr'>πολλῷ</span> <span class='ocrx_word' id='word_1_312' title='bbox 1282 3773 1472 3847; x_wconf 83' lang='grc' dir='ltr'>μᾶλλον</span> <span class='ocrx_word' id='word_1_313' title='bbox 1509 3778 1603 3832; x_wconf 81' lang='grc' dir='ltr'>τὴν</span> <span class='ocrx_word' id='word_1_314' title='bbox 1656 3779 1965 3846; x_wconf 88' lang='grc' dir='ltr'>προαιώνιον</span> 
     </span>
    </p>
   </div>
   <div class='ocr_carea' id='block_1_42' title="bbox 357 3860 1966 3939">
    <p class='ocr_par' dir='ltr' id='par_1_42' title="bbox 357 3860 1966 3939">
     <span class='ocr_line' id='line_1_42' title="bbox 357 3860 1966 3939; baseline 0.001 -25"><span class='ocrx_word' id='word_1_315' title='bbox 357 3862 520 3915; x_wconf 78' lang='grc' dir='ltr'>αὐτοῦ</span> <span class='ocrx_word' id='word_1_316' title='bbox 551 3868 816 3935; x_wconf 79' lang='grc' dir='ltr'>γέννησιν.</span> <span class='ocrx_word' id='word_1_317' title='bbox 876 3868 1235 3938; x_wconf 79' lang='grc' dir='ltr'>Οἶκονομικῶς</span> <span class='ocrx_word' id='word_1_318' title='bbox 1265 3862 1352 3916; x_wconf 80' lang='grc' dir='ltr'>οὖν</span> <span class='ocrx_word' id='word_1_319' title='bbox 1384 3860 1689 3939; x_wconf 79' lang='grc' dir='ltr'>παρέδραμε</span> <span class='ocrx_word' id='word_1_320' title='bbox 1731 3867 1818 3916; x_wconf 91' lang='grc' dir='ltr'><strong>τὸν</strong></span> <span class='ocrx_word' id='word_1_321' title='bbox 1849 3869 1966 3938; x_wconf 85' lang='grc' dir='ltr'>περὶ</span> 
     </span>
    </p>
   </div>
   <div class='ocr_carea' id='block_1_43' title="bbox 356 3950 1965 4030">
    <p class='ocr_par' dir='ltr' id='par_1_43' title="bbox 356 3950 1965 4030">
     <span class='ocr_line' id='line_1_43' title="bbox 356 3950 1965 4030; baseline 0.001 -25"><span class='ocrx_word' id='word_1_322' title='bbox 356 3956 543 4005; x_wconf 87' lang='grc' dir='ltr'>τούτου</span> <span class='ocrx_word' id='word_1_323' title='bbox 575 3953 750 4027; x_wconf 84' lang='grc' dir='ltr'>λόγον,</span> <span class='ocrx_word' id='word_1_324' title='bbox 784 3956 867 4007; x_wconf 90' lang='grc' dir='ltr'><strong>ἱνα</strong></span> <span class='ocrx_word' id='word_1_325' title='bbox 895 3960 966 4028; x_wconf 80' lang='grc' dir='ltr'><strong>μὴ</strong></span> <span class='ocrx_word' id='word_1_326' title='bbox 1019 3956 1188 4030; x_wconf 78' lang='grc' dir='ltr'>ἕτερον</span> <span class='ocrx_word' id='word_1_327' title='bbox 1221 3950 1512 4006; x_wconf 87' lang='grc' dir='ltr'>σκάνδαλον</span> <span class='ocrx_word' id='word_1_328' title='bbox 1554 3952 1770 4027; x_wconf 80' lang='grc' dir='ltr'>ἁνοιρῶν</span> <span class='ocrx_word' id='word_1_329' title='bbox 1800 3954 1965 4029; x_wconf 77' lang='grc' dir='ltr'>ἕτερον</span> 
     </span>
    </p>
   </div>
   <div class='ocr_carea' id='block_1_44' title="bbox 358 4041 581 4117">
    <p class='ocr_par' dir='ltr' id='par_1_44' title="bbox 358 4041 581 4117">
     <span class='ocr_line' id='line_1_44' title="bbox 358 4041 581 4117; baseline 0 -22"><span class='ocrx_word' id='word_1_330' title='bbox 358 4041 581 4117; x_wconf 76' lang='grc' dir='ltr'>ἐμϐάλῃ.</span> 
     </span>
    </p>
   </div>
   <div class='ocr_carea' id='block_1_45' title="bbox 433 4130 1965 4209">
    <p class='ocr_par' dir='ltr' id='par_1_45' title="bbox 433 4130 1965 4209">
     <span class='ocr_line' id='line_1_45' title="bbox 433 4130 1965 4209; baseline -0.001 -23"><span class='ocrx_word' id='word_1_331' title='bbox 433 4134 717 4206; x_wconf 84' lang='grc' dir='ltr'>’Δπεκρίθη</span> <span class='ocrx_word' id='word_1_332' title='bbox 756 4165 825 4175; x_wconf 92' lang='lat'><strong><em>—</em></strong></span> <span class='ocrx_word' id='word_1_333' title='bbox 855 4133 1026 4188; x_wconf 76' lang='grc' dir='ltr'>αὑτὸν.</span> <span class='ocrx_word' id='word_1_334' title='bbox 1084 4131 1323 4187; x_wconf 80' lang='grc' dir='ltr'>Ἐλευσιν</span> <span class='ocrx_word' id='word_1_335' title='bbox 1388 4135 1520 4209; x_wconf 80' lang='grc' dir='ltr'>πρὸς</span> <span class='ocrx_word' id='word_1_336' title='bbox 1569 4130 1748 4185; x_wconf 78' lang='grc' dir='ltr'>ἑαυτὸν</span> <span class='ocrx_word' id='word_1_337' title='bbox 1806 4150 1965 4205; x_wconf 84' lang='grc' dir='ltr'>φησιν</span> 
     </span>
    </p>
   </div>
   <div class='ocr_carea' id='block_1_46' title="bbox 359 4221 885 4285">
    <p class='ocr_par' dir='ltr' id='par_1_46' title="bbox 359 4221 885 4285">
     <span class='ocr_line' id='line_1_46' title="bbox 359 4221 885 4285; baseline 0.002 -10"><span class='ocrx_word' id='word_1_338' title='bbox 359 4221 419 4275; x_wconf 82' lang='grc' dir='ltr'><strong>ού</strong></span> <span class='ocrx_word' id='word_1_339' title='bbox 493 4227 587 4281; x_wconf 82' lang='grc' dir='ltr'>τὴν</span> <span class='ocrx_word' id='word_1_340' title='bbox 644 4222 819 4285; x_wconf 84' lang='grc' dir='ltr'>ἁπλῶς</span> <span class='ocrx_word' id='word_1_341' title='bbox 872 4244 885 4258; x_wconf 77' lang='grc' dir='ltr'><strong>ο</strong></span> 
     </span>
    </p>
   </div>
   <div class='ocr_carea' id='block_1_47' title="bbox 357 4308 1964 4387">
    <p class='ocr_par' dir='ltr' id='par_1_47' title="bbox 357 4308 1964 4387">
     <span class='ocr_line' id='line_1_47' title="bbox 357 4308 1964 4387; baseline 0.001 -23"><span class='ocrx_word' id='word_1_342' title='bbox 357 4311 439 4365; x_wconf 83' lang='grc' dir='ltr'><strong>λοὶ</strong></span> <span class='ocrx_word' id='word_1_343' title='bbox 468 4316 699 4384; x_wconf 82' lang='grc' dir='ltr'>ἤρχοντο</span> <span class='ocrx_word' id='word_1_344' title='bbox 740 4316 867 4387; x_wconf 89' lang='grc' dir='ltr'>πρὸς</span> <span class='ocrx_word' id='word_1_345' title='bbox 915 4313 1071 4365; x_wconf 69' lang='grc' dir='ltr'>αὐτόν</span> <span class='ocrx_word' id='word_1_346' title='bbox 1107 4331 1118 4341; x_wconf 93' lang='grc'><strong>·</strong></span> <span class='ocrx_word' id='word_1_347' title='bbox 1151 4310 1279 4364; x_wconf 79' lang='grc' dir='ltr'>ἀλλὰ</span> <span class='ocrx_word' id='word_1_348' title='bbox 1306 4315 1398 4369; x_wconf 82' lang='grc' dir='ltr'>τὴν</span> <span class='ocrx_word' id='word_1_349' title='bbox 1447 4309 1501 4363; x_wconf 77' lang='grc' dir='ltr'><strong>ἐκ</strong></span> <span class='ocrx_word' id='word_1_350' title='bbox 1532 4315 1777 4373; x_wconf 85' lang='grc' dir='ltr'>πίστεως.</span> <span class='ocrx_word' id='word_1_351' title='bbox 1808 4309 1874 4364; x_wconf 87' lang='grc' dir='ltr'><strong>Ὃ</strong></span> <span class='ocrx_word' id='word_1_352' title='bbox 1905 4308 1964 4365; x_wconf 67' lang='grc' dir='ltr'>δὲ</span> 
     </span>
    </p>
   </div>
   <div class='ocr_carea' id='block_1_48' title="bbox 358 4399 2045 4494">
    <p class='ocr_par' dir='ltr' id='par_1_48' title="bbox 358 4399 2045 4494">
     <span class='ocr_line' id='line_1_48' title="bbox 358 4399 2045 4494; baseline 0.001 -41"><span class='ocrx_word' id='word_1_353' title='bbox 358 4399 495 4472; x_wconf 85' lang='grc' dir='ltr'>λέγει</span> <span class='ocrx_word' id='word_1_354' title='bbox 522 4406 755 4455; x_wconf 80' lang='grc' dir='ltr'>τοιοῦτόν</span> <span class='ocrx_word' id='word_1_355' title='bbox 789 4401 905 4455; x_wconf 85' lang='grc' dir='ltr'>ἐστι</span> <span class='ocrx_word' id='word_1_356' title='bbox 937 4421 949 4434; x_wconf 73' lang='grc' dir='ltr'><strong>ο</strong></span> <span class='ocrx_word' id='word_1_357' title='bbox 985 4402 1214 4464; x_wconf 82' lang='grc' dir='ltr'>Εἰκότως</span> <span class='ocrx_word' id='word_1_358' title='bbox 1262 4401 1320 4453; x_wconf 78' lang='grc' dir='ltr'>οὐ</span> <span class='ocrx_word' id='word_1_359' title='bbox 1347 4403 1746 4473; x_wconf 81' lang='grc' dir='ltr'>πιστεύετέμοι,</span> <span class='ocrx_word' id='word_1_360' title='bbox 1781 4400 1838 4452; x_wconf 81' lang='grc' dir='ltr'><strong>ού</strong></span> <span class='ocrx_word' id='word_1_361' title='bbox 1865 4404 1964 4475; x_wconf 80' lang='grc' dir='ltr'><strong>γὰρ</strong></span> <span class='ocrx_word' id='word_1_362' title='bbox 1999 4439 2045 4494; x_wconf 84' lang='lat' dir='ltr'>D</span> 
     </span>
    </p>
   </div>
   <div class='ocr_carea' id='block_1_49' title="bbox 362 4486 1963 4568">
    <p class='ocr_par' dir='ltr' id='par_1_49' title="bbox 362 4486 1963 4568">
     <span class='ocr_line' id='line_1_49' title="bbox 362 4486 1963 4568; baseline -0.001 -25"><span class='ocrx_word' id='word_1_363' title='bbox 362 4489 672 4551; x_wconf 75' lang='grc' dir='ltr'>εὓ.κύσθητε</span> <span class='ocrx_word' id='word_1_364' title='bbox 721 4494 867 4568; x_wconf 83' lang='grc' dir='ltr'>παρὰ</span> <span class='ocrx_word' id='word_1_365' title='bbox 890 4499 981 4545; x_wconf 81' lang='grc' dir='ltr'>τοῦ</span> <span class='ocrx_word' id='word_1_366' title='bbox 1012 4495 1237 4564; x_wconf 82' lang='grc' dir='ltr'>Πατρός,</span> <span class='ocrx_word' id='word_1_367' title='bbox 1291 4493 1358 4553; x_wconf 87' lang='grc' dir='ltr'>ὡς</span> <span class='ocrx_word' id='word_1_368' title='bbox 1389 4488 1611 4553; x_wconf 84' lang='grc' dir='ltr'>ἀνάξιοι.</span> <span class='ocrx_word' id='word_1_369' title='bbox 1647 4486 1834 4551; x_wconf 71' lang='grc' dir='ltr'>Οὐδεὶς</span> <span class='ocrx_word' id='word_1_370' title='bbox 1862 4493 1963 4566; x_wconf 83' lang='grc' dir='ltr'><strong>γὰρ</strong></span> 
     </span>
    </p>
   </div>
   <div class='ocr_carea' id='block_1_50' title="bbox 362 4578 1965 4655">
    <p class='ocr_par' dir='ltr' id='par_1_50' title="bbox 362 4578 1965 4655">
     <span class='ocr_line' id='line_1_50' title="bbox 362 4578 1965 4655; baseline 0 -22"><span class='ocrx_word' id='word_1_371' title='bbox 362 4578 587 4633; x_wconf 80' lang='grc' dir='ltr'>δύναται</span> <span class='ocrx_word' id='word_1_372' title='bbox 635 4580 795 4634; x_wconf 77' lang='grc' dir='ltr'>ἐλθεῖν</span> <span class='ocrx_word' id='word_1_373' title='bbox 826 4586 956 4655; x_wconf 88' lang='grc' dir='ltr'>πρὸς</span> <span class='ocrx_word' id='word_1_374' title='bbox 986 4581 1091 4654; x_wconf 60' lang='grc' dir='ltr'>ἐμὲ,</span> <span class='ocrx_word' id='word_1_375' title='bbox 1126 4584 1245 4639; x_wconf 72' lang='grc' dir='ltr'>ἤτοι</span> <span class='ocrx_word' id='word_1_376' title='bbox 1286 4587 1572 4633; x_wconf 81' lang='grc' dir='ltr'>πιστεῦσαι</span> <span class='ocrx_word' id='word_1_377' title='bbox 1621 4579 1693 4641; x_wconf 88' lang='grc' dir='ltr'><strong>εἰς</strong></span> <span class='ocrx_word' id='word_1_378' title='bbox 1746 4582 1850 4653; x_wconf 50' lang='lat' dir='ltr'><strong>Elui,</strong></span> <span class='ocrx_word' id='word_1_379' title='bbox 1880 4579 1965 4633; x_wconf 80' lang='grc' dir='ltr'><strong>ἐὰν</strong></span> 
     </span>
    </p>
   </div>
   <div class='ocr_carea' id='block_1_51' title="bbox 360 4669 1963 4745">
    <p class='ocr_par' dir='ltr' id='par_1_51' title="bbox 360 4669 1963 4745">
     <span class='ocr_line' id='line_1_51' title="bbox 360 4669 1963 4745; baseline 0 -23"><span class='ocrx_word' id='word_1_380' title='bbox 360 4674 433 4742; x_wconf 81' lang='grc' dir='ltr'><strong>μὴ</strong></span> <span class='ocrx_word' id='word_1_381' title='bbox 459 4672 689 4745; x_wconf 81' lang='grc' dir='ltr'>ὁΠατὴρ</span> <span class='ocrx_word' id='word_1_382' title='bbox 722 4672 747 4722; x_wconf 90' lang='lat'><strong>6</strong></span> <span class='ocrx_word' id='word_1_383' title='bbox 804 4670 1015 4743; x_wconf 72' lang='grc' dir='ltr'>πέμψας</span> <span class='ocrx_word' id='word_1_384' title='bbox 1059 4690 1122 4743; x_wconf 83' lang='grc' dir='ltr'>με</span> <span class='ocrx_word' id='word_1_385' title='bbox 1162 4670 1349 4743; x_wconf 79' lang='grc' dir='ltr'>ἐλκύσῃ</span> <span class='ocrx_word' id='word_1_386' title='bbox 1402 4669 1577 4724; x_wconf 74' lang='grc' dir='ltr'>αὑτὸν.</span> <span class='ocrx_word' id='word_1_387' title='bbox 1638 4672 1826 4741; x_wconf 79' lang='grc' dir='ltr'>Εἵρηκε</span> <span class='ocrx_word' id='word_1_388' title='bbox 1862 4673 1963 4743; x_wconf 84' lang='grc' dir='ltr'><strong>γὰρ</strong></span> 
     </span>
    </p>
   </div>
   <div class='ocr_carea' id='block_1_52' title="bbox 359 4754 1962 4835">
    <p class='ocr_par' dir='ltr' id='par_1_52' title="bbox 359 4754 1962 4835">
     <span class='ocr_line' id='line_1_52' title="bbox 359 4754 1962 4835; baseline 0 -24"><span class='ocrx_word' id='word_1_389' title='bbox 359 4764 450 4811; x_wconf 86' lang='grc' dir='ltr'>καὶ</span> <span class='ocrx_word' id='word_1_390' title='bbox 505 4758 762 4833; x_wconf 75' lang='grc' dir='ltr'>ἀνωτέρω,</span> <span class='ocrx_word' id='word_1_391' title='bbox 840 4761 920 4813; x_wconf 85' lang='grc' dir='ltr'>ὅτι</span> <span class='ocrx_word' id='word_1_392' title='bbox 996 4765 1125 4823; x_wconf 85' lang='grc' dir='ltr'>Πᾶν,</span> <span class='ocrx_word' id='word_1_393' title='bbox 1187 4759 1212 4810; x_wconf 89' lang='grc' dir='ltr'><strong>ὃ</strong></span> <span class='ocrx_word' id='word_1_394' title='bbox 1262 4754 1463 4812; x_wconf 86' lang='grc' dir='ltr'>δίδωσί</span> <span class='ocrx_word' id='word_1_395' title='bbox 1518 4777 1608 4832; x_wconf 80' lang='grc' dir='ltr'>μοι</span> <span class='ocrx_word' id='word_1_396' title='bbox 1672 4760 1697 4811; x_wconf 86' lang='lat'><strong>6</strong></span> <span class='ocrx_word' id='word_1_397' title='bbox 1757 4764 1962 4835; x_wconf 80' lang='grc' dir='ltr'>Πατὴρ,</span> 
     </span>
    </p>
   </div>
   <div class='ocr_carea' id='block_1_53' title="bbox 358 4847 863 4924">
    <p class='ocr_par' dir='ltr' id='par_1_53' title="bbox 358 4847 863 4924">
     <span class='ocr_line' id='line_1_53' title="bbox 358 4847 863 4924; baseline 0 -23"><span class='ocrx_word' id='word_1_398' title='bbox 358 4852 492 4924; x_wconf 83' lang='grc' dir='ltr'>πρὸς</span> <span class='ocrx_word' id='word_1_399' title='bbox 547 4847 634 4922; x_wconf 68' lang='grc' dir='ltr'><strong>ἔμε</strong></span> <span class='ocrx_word' id='word_1_400' title='bbox 682 4850 795 4913; x_wconf 78' lang='grc' dir='ltr'>ἣξει</span> <span class='ocrx_word' id='word_1_401' title='bbox 850 4866 863 4880; x_wconf 85' lang='grc'><strong><em>⁸</em></strong></span> 
     </span>
    </p>
   </div>
   <div class='ocr_carea' id='block_1_54' title="bbox 358 4937 1969 5013">
    <p class='ocr_par' dir='ltr' id='par_1_54' title="bbox 358 4937 1969 5013">
     <span class='ocr_line' id='line_1_54' title="bbox 358 4937 1969 5013; baseline 0.001 -22"><span class='ocrx_word' id='word_1_402' title='bbox 358 4945 453 4991; x_wconf 82' lang='grc' dir='ltr'>τοῦ</span> <span class='ocrx_word' id='word_1_403' title='bbox 498 4943 593 4997; x_wconf 74' lang='grc' dir='ltr'>τὴν</span> <span class='ocrx_word' id='word_1_404' title='bbox 648 4937 900 5011; x_wconf 72' lang='grc' dir='ltr'>ἐξήγησιν</span> <span class='ocrx_word' id='word_1_405' title='bbox 957 4937 1387 5013; x_wconf 83' lang='grc' dir='ltr'>συμϐαλλομένην</span> <span class='ocrx_word' id='word_1_406' title='bbox 1448 4937 1515 4999; x_wconf 86' lang='grc' dir='ltr'>εἰς</span> <span class='ocrx_word' id='word_1_407' title='bbox 1571 4941 1629 4991; x_wconf 91' lang='grc' dir='ltr'><strong>τὸ</strong></span> <span class='ocrx_word' id='word_1_408' title='bbox 1696 4943 1969 5013; x_wconf 82' lang='grc' dir='ltr'>προκείμε-</span> 
     </span>
    </p>
   </div>
   <div class='ocr_carea' id='block_1_55' title="bbox 358 5047 465 5085">
    <p class='ocr_par' dir='ltr' id='par_1_55' title="bbox 358 5047 465 5085">
     <span class='ocr_line' id='line_1_55' title="bbox 358 5047 465 5085; baseline 0.028 -3"><span class='ocrx_word' id='word_1_409' title='bbox 358 5047 465 5085; x_wconf 81' lang='grc' dir='ltr'>νον.</span> 
     </span>
    </p>
   </div>
   <div class='ocr_carea' id='block_1_56' title="bbox 952 4220 1966 4276">
    <p class='ocr_par' dir='ltr' id='par_1_56' title="bbox 952 4220 1966 4276">
     <span class='ocr_line' id='line_1_56' title="bbox 952 4220 1966 4276; baseline -0.002 0"><span class='ocrx_word' id='word_1_410' title='bbox 952 4222 1060 4276; x_wconf 81' lang='grc' dir='ltr'>ἐπεὶ</span> <span class='ocrx_word' id='word_1_411' title='bbox 1134 4227 1225 4275; x_wconf 85' lang='grc' dir='ltr'>καὶ</span> <span class='ocrx_word' id='word_1_412' title='bbox 1279 4221 1428 4274; x_wconf 71' lang='grc' dir='ltr'>αὐτοὶ</span> <span class='ocrx_word' id='word_1_413' title='bbox 1490 4226 1580 4274; x_wconf 86' lang='grc' dir='ltr'>καὶ</span> <span class='ocrx_word' id='word_1_414' title='bbox 1641 4221 1787 4273; x_wconf 91' lang='grc' dir='ltr'>ἄλλοι</span> <span class='ocrx_word' id='word_1_415' title='bbox 1842 4220 1966 4274; x_wconf 83' lang='grc' dir='ltr'>πολ-</span> 
     </span>
    </p>
   </div>
   <div class='ocr_carea' id='block_1_57' title="bbox 919 4848 1965 4924">
    <p class='ocr_par' dir='ltr' id='par_1_57' title="bbox 919 4848 1965 4924">
     <span class='ocr_line' id='line_1_57' title="bbox 919 4848 1965 4924; baseline -0.003 -22"><span class='ocrx_word' id='word_1_416' title='bbox 919 4854 1009 4902; x_wconf 82' lang='grc' dir='ltr'>καὶ</span> <span class='ocrx_word' id='word_1_417' title='bbox 1096 4848 1356 4919; x_wconf 81' lang='grc' dir='ltr'>ἀνάγνωθι</span> <span class='ocrx_word' id='word_1_418' title='bbox 1424 4855 1517 4900; x_wconf 87' lang='grc' dir='ltr'>τοῦ</span> <span class='ocrx_word' id='word_1_419' title='bbox 1572 4850 1811 4900; x_wconf 88' lang='grc' dir='ltr'>τοιούτου</span> <span class='ocrx_word' id='word_1_420' title='bbox 1874 4850 1965 4924; x_wconf 84' lang='grc' dir='ltr'><strong>ῥη-</strong></span> 
     </span>
    </p>
   </div>
   <div class='ocr_carea' id='block_1_58' title="bbox 468 5205 1663 5282">
    <p class='ocr_par' dir='ltr' id='par_1_58' title="bbox 468 5205 1663 5282">
     <span class='ocr_line' id='line_1_58' title="bbox 468 5205 1663 5282; baseline 0.003 -19"><span class='ocrx_word' id='word_1_421' title='bbox 468 5210 514 5245; x_wconf 80' lang='grc'><strong>²³</strong></span> <span class='ocrx_word' id='word_1_422' title='bbox 554 5206 844 5282; x_wconf 83' lang='lat' dir='ltr'><strong>Philippe.</strong></span> <span class='ocrx_word' id='word_1_423' title='bbox 876 5222 958 5277; x_wconf 79' lang='lat' dir='ltr'><strong>Ill,</strong></span> <span class='ocrx_word' id='word_1_424' title='bbox 1003 5212 1088 5266; x_wconf 83' lang='grc'><strong>19.</strong></span> <span class='ocrx_word' id='word_1_425' title='bbox 1201 5206 1250 5243; x_wconf 83' lang='grc'><strong>²⁴</strong></span> <span class='ocrx_word' id='word_1_426' title='bbox 1273 5205 1446 5264; x_wconf 81' lang='lat' dir='ltr'><strong>Joan.</strong></span> <span class='ocrx_word' id='word_1_427' title='bbox 1474 5209 1663 5275; x_wconf 79' lang='lat' dir='ltr'><strong>vx,37.</strong></span> 
     </span>
    </p>
   </div>
   <div class='ocr_carea' id='block_1_59' title="bbox 1535 232 2853 304">
    <p class='ocr_par' dir='ltr' id='par_1_59' title="bbox 1535 232 2853 304">
     <span class='ocr_line' id='line_1_59' title="bbox 1535 232 2853 304; baseline -0.001 0"><span class='ocrx_word' id='word_1_428' title='bbox 1535 232 1907 304; x_wconf 79' lang='lat' dir='ltr'><strong>COMMENT.</strong></span> <span class='ocrx_word' id='word_1_429' title='bbox 1950 242 2019 299; x_wconf 82' lang='lat' dir='ltr'><strong>IN</strong></span> <span class='ocrx_word' id='word_1_430' title='bbox 2057 242 2408 301; x_wconf 78' lang='lat' dir='ltr'><strong>JOANNEM.</strong></span> <span class='ocrx_word' id='word_1_431' title='bbox 2453 276 2518 287; x_wconf 89' lang='lat'>—</span> <span class='ocrx_word' id='word_1_432' title='bbox 2560 245 2714 302; x_wconf 79' lang='lat' dir='ltr'><strong>CAP.</strong></span> <span class='ocrx_word' id='word_1_433' title='bbox 2762 243 2853 303; x_wconf 88' lang='lat' dir='ltr'><strong>VI.</strong></span> 
     </span>
    </p>
   </div>
   <div class='ocr_carea' id='block_1_60' title="bbox 3586 250 3722 307">
    <p class='ocr_par' dir='ltr' id='par_1_60' title="bbox 3586 250 3722 307">
     <span class='ocr_line' id='line_1_60' title="bbox 3586 250 3722 307; baseline 0 0"><span class='ocrx_word' id='word_1_434' title='bbox 3586 256 3605 307; x_wconf 85' lang='lat' dir='ltr'><strong>l</strong></span> <span class='ocrx_word' id='word_1_435' title='bbox 3618 250 3722 307; x_wconf 75' lang='lat'><strong>‘250</strong></span> 
     </span>
    </p>
   </div>
   <div class='ocr_carea' id='block_1_61' title="bbox 2139 368 3722 443">
    <p class='ocr_par' dir='ltr' id='par_1_61' title="bbox 2139 368 3722 443">
     <span class='ocr_line' id='line_1_61' title="bbox 2139 368 3722 443; baseline 0.004 -19"><span class='ocrx_word' id='word_1_436' title='bbox 2139 370 2300 426; x_wconf 87' lang='lat' dir='ltr'><strong>Vers.</strong></span> <span class='ocrx_word' id='word_1_437' title='bbox 2331 372 2417 425; x_wconf 86' lang='lat'><strong>39.</strong></span> <span class='ocrx_word' id='word_1_438' title='bbox 2455 368 2592 426; x_wconf 71' lang='lat' dir='ltr'><strong>Haec</strong></span> <span class='ocrx_word' id='word_1_439' title='bbox 2621 398 2686 409; x_wconf 95' lang='lat'><strong><em>—-</em></strong></span> <span class='ocrx_word' id='word_1_440' title='bbox 2707 369 2823 426; x_wconf 83' lang='lat' dir='ltr'><strong>die.</strong></span> <span class='ocrx_word' id='word_1_441' title='bbox 2862 370 3039 443; x_wconf 84' lang='lat' dir='ltr'><strong>Atqui</strong></span> <span class='ocrx_word' id='word_1_442' title='bbox 3058 385 3271 428; x_wconf 85' lang='lat' dir='ltr'><strong>omnes</strong></span> <span class='ocrx_word' id='word_1_443' title='bbox 3302 375 3443 429; x_wconf 89' lang='lat' dir='ltr'><strong>tunc</strong></span> <span class='ocrx_word' id='word_1_444' title='bbox 3462 373 3722 430; x_wconf 85' lang='lat' dir='ltr'><strong>resusci-</strong></span> 
     </span>
    </p>
   </div>
   <div class='ocr_carea' id='block_1_62' title="bbox 2067 458 3721 533">
    <p class='ocr_par' dir='ltr' id='par_1_62' title="bbox 2067 458 3721 533">
     <span class='ocr_line' id='line_1_62' title="bbox 2067 458 3721 533; baseline 0.003 -19"><span class='ocrx_word' id='word_1_445' title='bbox 2067 458 2234 525; x_wconf 90' lang='lat' dir='ltr'><strong>tabit,</strong></span> <span class='ocrx_word' id='word_1_446' title='bbox 2262 463 2318 513; x_wconf 90' lang='lat' dir='ltr'><strong>et</strong></span> <span class='ocrx_word' id='word_1_447' title='bbox 2345 458 2451 529; x_wconf 89' lang='lat' dir='ltr'><strong>qui</strong></span> <span class='ocrx_word' id='word_1_448' title='bbox 2483 458 2628 514; x_wconf 88' lang='lat' dir='ltr'><strong>salvi</strong></span> <span class='ocrx_word' id='word_1_449' title='bbox 2656 463 2849 525; x_wconf 88' lang='lat' dir='ltr'><strong>erunt,</strong></span> <span class='ocrx_word' id='word_1_450' title='bbox 2877 466 2935 515; x_wconf 90' lang='lat' dir='ltr'><strong>et</strong></span> <span class='ocrx_word' id='word_1_451' title='bbox 2959 461 3064 533; x_wconf 90' lang='lat' dir='ltr'><strong>qui</strong></span> <span class='ocrx_word' id='word_1_452' title='bbox 3099 461 3395 533; x_wconf 89' lang='lat' dir='ltr'><strong>peribunt,</strong></span> <span class='ocrx_word' id='word_1_453' title='bbox 3426 467 3549 518; x_wconf 90' lang='lat' dir='ltr'><strong>tam</strong></span> <span class='ocrx_word' id='word_1_454' title='bbox 3581 463 3721 520; x_wconf 80' lang='lat' dir='ltr'><strong>ﬁde-</strong></span> 
     </span>
    </p>
   </div>
   <div class='ocr_carea' id='block_1_63' title="bbox 2066 547 3720 620">
    <p class='ocr_par' dir='ltr' id='par_1_63' title="bbox 2066 547 3720 620">
     <span class='ocr_line' id='line_1_63' title="bbox 2066 547 3720 620; baseline 0.004 -17"><span class='ocrx_word' id='word_1_455' title='bbox 2066 548 2150 603; x_wconf 85' lang='lat' dir='ltr'><strong>les</strong></span> <span class='ocrx_word' id='word_1_456' title='bbox 2173 564 2357 620; x_wconf 82' lang='lat' dir='ltr'><strong>quam</strong></span> <span class='ocrx_word' id='word_1_457' title='bbox 2380 547 2667 604; x_wconf 91' lang='lat' dir='ltr'><strong>inﬁdeles.</strong></span> <span class='ocrx_word' id='word_1_458' title='bbox 2695 548 2809 605; x_wconf 89' lang='lat' dir='ltr'><strong>Sed</strong></span> <span class='ocrx_word' id='word_1_459' title='bbox 2834 551 3328 607; x_wconf 77' lang='lat' dir='ltr'><strong>resurrectionem</strong></span> <span class='ocrx_word' id='word_1_460' title='bbox 3360 551 3473 608; x_wconf 88' lang='lat' dir='ltr'><strong>hoc</strong></span> <span class='ocrx_word' id='word_1_461' title='bbox 3503 551 3720 610; x_wconf 91' lang='lat' dir='ltr'><strong>inloco</strong></span> 
     </span>
    </p>
   </div>
   <div class='ocr_carea' id='block_1_64' title="bbox 2067 636 3719 715">
    <p class='ocr_par' dir='ltr' id='par_1_64' title="bbox 2067 636 3719 715">
     <span class='ocr_line' id='line_1_64' title="bbox 2067 636 3719 715; baseline 0.004 -24"><span class='ocrx_word' id='word_1_462' title='bbox 2067 636 2371 709; x_wconf 89' lang='lat' dir='ltr'><strong>appellant</strong></span> <span class='ocrx_word' id='word_1_463' title='bbox 2398 654 2553 703; x_wconf 92' lang='lat' dir='ltr'><strong>eam,</strong></span> <span class='ocrx_word' id='word_1_464' title='bbox 2586 654 2720 710; x_wconf 65' lang='lat' dir='ltr'><strong>quae</strong></span> <span class='ocrx_word' id='word_1_465' title='bbox 2749 639 2859 695; x_wconf 91' lang='lat' dir='ltr'><strong>erit</strong></span> <span class='ocrx_word' id='word_1_466' title='bbox 2886 639 2963 695; x_wconf 91' lang='lat' dir='ltr'><strong>ad</strong></span> <span class='ocrx_word' id='word_1_467' title='bbox 2992 640 3281 713; x_wconf 86' lang='lat' dir='ltr'><strong>requiem,</strong></span> <span class='ocrx_word' id='word_1_468' title='bbox 3323 656 3445 697; x_wconf 92' lang='lat' dir='ltr'><strong>non</strong></span> <span class='ocrx_word' id='word_1_469' title='bbox 3484 657 3615 715; x_wconf 60' lang='lat' dir='ltr'><strong>quae</strong></span> <span class='ocrx_word' id='word_1_470' title='bbox 3640 642 3719 698; x_wconf 90' lang='lat' dir='ltr'><strong>ad</strong></span> 
     </span>
    </p>
   </div>
   <div class='ocr_carea' id='block_1_65' title="bbox 2068 726 3722 799">
    <p class='ocr_par' dir='ltr' id='par_1_65' title="bbox 2068 726 3722 799">
     <span class='ocr_line' id='line_1_65' title="bbox 2068 726 3722 799; baseline 0.004 -18"><span class='ocrx_word' id='word_1_471' title='bbox 2068 726 2449 799; x_wconf 85' lang='lat' dir='ltr'><strong>supplicium.</strong></span> <span class='ocrx_word' id='word_1_472' title='bbox 2488 730 2555 783; x_wconf 88' lang='lat' dir='ltr'><strong>Et</strong></span> <span class='ocrx_word' id='word_1_473' title='bbox 2595 744 2663 783; x_wconf 85' lang='lat' dir='ltr'><strong>ex</strong></span> <span class='ocrx_word' id='word_1_474' title='bbox 2712 728 2803 783; x_wconf 87' lang='lat' dir='ltr'><strong>his</strong></span> <span class='ocrx_word' id='word_1_475' title='bbox 2833 729 3109 795; x_wconf 79' lang='lat' dir='ltr'><strong>ostendit,</strong></span> <span class='ocrx_word' id='word_1_476' title='bbox 3149 746 3537 787; x_wconf 89' lang='lat' dir='ltr'><strong>communem</strong></span> <span class='ocrx_word' id='word_1_477' title='bbox 3592 746 3722 787; x_wconf 89' lang='lat' dir='ltr'><strong>esse</strong></span> 
     </span>
    </p>
   </div>
   <div class='ocr_carea' id='block_1_66' title="bbox 2070 817 3719 887">
    <p class='ocr_par' dir='ltr' id='par_1_66' title="bbox 2070 817 3719 887">
     <span class='ocr_line' id='line_1_66' title="bbox 2070 817 3719 887; baseline 0.002 -15"><span class='ocrx_word' id='word_1_478' title='bbox 2070 817 2253 873; x_wconf 84' lang='lat' dir='ltr'><strong>Patris</strong></span> <span class='ocrx_word' id='word_1_479' title='bbox 2294 824 2351 873; x_wconf 91' lang='lat' dir='ltr'><strong>et</strong></span> <span class='ocrx_word' id='word_1_480' title='bbox 2386 818 2506 873; x_wconf 80' lang='lat' dir='ltr'><strong>Filii</strong></span> <span class='ocrx_word' id='word_1_481' title='bbox 2551 818 2909 874; x_wconf 86' lang='lat' dir='ltr'><strong>voluntatem</strong></span> <span class='ocrx_word' id='word_1_482' title='bbox 2966 824 3028 874; x_wconf 89' lang='lat' dir='ltr'><strong>nl</strong></span> <span class='ocrx_word' id='word_1_483' title='bbox 3075 835 3286 876; x_wconf 90' lang='lat' dir='ltr'><strong>omnes</strong></span> <span class='ocrx_word' id='word_1_484' title='bbox 3340 820 3486 876; x_wconf 89' lang='lat' dir='ltr'><strong>salvi</strong></span> <span class='ocrx_word' id='word_1_485' title='bbox 3541 820 3719 887; x_wconf 83' lang='lat' dir='ltr'><strong>ﬁant;</strong></span> 
     </span>
    </p>
   </div>
   <div class='ocr_carea' id='block_1_67' title="bbox 2069 907 3723 980">
    <p class='ocr_par' dir='ltr' id='par_1_67' title="bbox 2069 907 3723 980">
     <span class='ocr_line' id='line_1_67' title="bbox 2069 907 3723 980; baseline 0.002 -17"><span class='ocrx_word' id='word_1_486' title='bbox 2069 907 2148 963; x_wconf 91' lang='lat' dir='ltr'><strong>ob</strong></span> <span class='ocrx_word' id='word_1_487' title='bbox 2180 908 2238 962; x_wconf 87' lang='lat' dir='ltr'><strong>id</strong></span> <span class='ocrx_word' id='word_1_488' title='bbox 2264 924 2528 980; x_wconf 84' lang='lat' dir='ltr'><strong>namque</strong></span> <span class='ocrx_word' id='word_1_489' title='bbox 2554 914 2611 963; x_wconf 89' lang='lat' dir='ltr'><strong>et</strong></span> <span class='ocrx_word' id='word_1_490' title='bbox 2635 909 2729 963; x_wconf 89' lang='lat' dir='ltr'><strong>ille</strong></span> <span class='ocrx_word' id='word_1_491' title='bbox 2760 908 2940 979; x_wconf 88' lang='lat' dir='ltr'><strong>misit,</strong></span> <span class='ocrx_word' id='word_1_492' title='bbox 2976 916 3031 965; x_wconf 91' lang='lat' dir='ltr'><strong>et</strong></span> <span class='ocrx_word' id='word_1_493' title='bbox 3059 909 3154 965; x_wconf 91' lang='lat' dir='ltr'><strong>hic</strong></span> <span class='ocrx_word' id='word_1_494' title='bbox 3187 910 3427 967; x_wconf 84' lang='lat' dir='ltr'><strong>advenit</strong></span> <span class='ocrx_word' id='word_1_495' title='bbox 3454 928 3467 978; x_wconf 90' lang='lat'><strong>;</strong></span> <span class='ocrx_word' id='word_1_496' title='bbox 3493 910 3588 966; x_wconf 89' lang='lat' dir='ltr'><strong>ille</strong></span> <span class='ocrx_word' id='word_1_497' title='bbox 3618 911 3723 967; x_wconf 86' lang='lat' dir='ltr'><strong>dat</strong></span> 
     </span>
    </p>
   </div>
   <div class='ocr_carea' id='block_1_68' title="bbox 2071 998 3164 1071">
    <p class='ocr_par' dir='ltr' id='par_1_68' title="bbox 2071 998 3164 1071">
     <span class='ocr_line' id='line_1_68' title="bbox 2071 998 3164 1071; baseline 0 -18"><span class='ocrx_word' id='word_1_498' title='bbox 2071 998 2401 1063; x_wconf 89' lang='lat' dir='ltr'><strong>credentes,</strong></span> <span class='ocrx_word' id='word_1_499' title='bbox 2430 1003 2486 1054; x_wconf 90' lang='lat' dir='ltr'><strong>et</strong></span> <span class='ocrx_word' id='word_1_500' title='bbox 2511 998 2605 1054; x_wconf 91' lang='lat' dir='ltr'><strong>hic</strong></span> <span class='ocrx_word' id='word_1_501' title='bbox 2637 1003 2836 1055; x_wconf 89' lang='lat' dir='ltr'><strong>servat</strong></span> <span class='ocrx_word' id='word_1_502' title='bbox 2864 1004 3164 1071; x_wconf 87' lang='lat' dir='ltr'><strong>acceptos.</strong></span> 
     </span>
    </p>
   </div>
   <div class='ocr_carea' id='block_1_69' title="bbox 2140 1174 3725 1252">
    <p class='ocr_par' dir='ltr' id='par_1_69' title="bbox 2140 1174 3725 1252">
     <span class='ocr_line' id='line_1_69' title="bbox 2140 1174 3725 1252; baseline 0.004 -21"><span class='ocrx_word' id='word_1_503' title='bbox 2140 1176 2227 1246; x_wconf 77' lang='grc' dir='ltr'><strong>-Η-</strong></span> <span class='ocrx_word' id='word_1_504' title='bbox 2255 1178 2335 1231; x_wconf 83' lang='lat' dir='ltr'><strong>Ne</strong></span> <span class='ocrx_word' id='word_1_505' title='bbox 2356 1174 2619 1246; x_wconf 84' lang='lat' dir='ltr'><strong>perdam,</strong></span> <span class='ocrx_word' id='word_1_506' title='bbox 2643 1174 2757 1231; x_wconf 88' lang='lat' dir='ltr'><strong>hoc</strong></span> <span class='ocrx_word' id='word_1_507' title='bbox 2778 1179 2883 1241; x_wconf 90' lang='lat' dir='ltr'><strong>est,</strong></span> <span class='ocrx_word' id='word_1_508' title='bbox 2908 1190 2983 1231; x_wconf 90' lang='lat' dir='ltr'><strong>ne</strong></span> <span class='ocrx_word' id='word_1_509' title='bbox 3011 1191 3146 1234; x_wconf 91' lang='lat' dir='ltr'><strong>mea</strong></span> <span class='ocrx_word' id='word_1_510' title='bbox 3170 1176 3348 1250; x_wconf 89' lang='lat' dir='ltr'><strong>culpa</strong></span> <span class='ocrx_word' id='word_1_511' title='bbox 3380 1177 3597 1250; x_wconf 82' lang='lat' dir='ltr'><strong>aliquis</strong></span> <span class='ocrx_word' id='word_1_512' title='bbox 3623 1193 3725 1252; x_wconf 89' lang='lat' dir='ltr'><strong>pe-</strong></span> 
     </span>
    </p>
   </div>
   <div class='ocr_carea' id='block_1_70' title="bbox 2068 1264 3722 1336">
    <p class='ocr_par' dir='ltr' id='par_1_70' title="bbox 2068 1264 3722 1336">
     <span class='ocr_line' id='line_1_70' title="bbox 2068 1264 3722 1336; baseline 0.004 -16"><span class='ocrx_word' id='word_1_513' title='bbox 2068 1270 2211 1321; x_wconf 88' lang='lat' dir='ltr'><strong>reat.</strong></span> <span class='ocrx_word' id='word_1_514' title='bbox 2238 1266 2381 1321; x_wconf 89' lang='lat' dir='ltr'><strong>Nam</strong></span> <span class='ocrx_word' id='word_1_515' title='bbox 2411 1270 2468 1319; x_wconf 91' lang='lat' dir='ltr'><strong>et</strong></span> <span class='ocrx_word' id='word_1_516' title='bbox 2497 1264 2771 1336; x_wconf 90' lang='lat' dir='ltr'><strong>superius</strong></span> <span class='ocrx_word' id='word_1_517' title='bbox 2788 1265 2933 1321; x_wconf 82' lang='lat' dir='ltr'><strong>dixit</strong></span> <span class='ocrx_word' id='word_1_518' title='bbox 2964 1282 2977 1321; x_wconf 91' lang='lat'><strong>:</strong></span> <span class='ocrx_word' id='word_1_519' title='bbox 3010 1267 3323 1324; x_wconf 83' lang='lat' dir='ltr'><strong>Venientem</strong></span> <span class='ocrx_word' id='word_1_520' title='bbox 3357 1269 3434 1323; x_wconf 87' lang='lat' dir='ltr'><strong>ad</strong></span> <span class='ocrx_word' id='word_1_521' title='bbox 3460 1283 3554 1325; x_wconf 89' lang='lat' dir='ltr'><strong>me</strong></span> <span class='ocrx_word' id='word_1_522' title='bbox 3600 1285 3722 1326; x_wconf 87' lang='lat' dir='ltr'><strong>non</strong></span> 
     </span>
    </p>
   </div>
   <div class='ocr_carea' id='block_1_71' title="bbox 2068 1353 3724 1429">
    <p class='ocr_par' dir='ltr' id='par_1_71' title="bbox 2068 1353 3724 1429">
     <span class='ocr_line' id='line_1_71' title="bbox 2068 1353 3724 1429; baseline 0.002 -18"><span class='ocrx_word' id='word_1_523' title='bbox 2068 1354 2357 1424; x_wconf 72' lang='lat' dir='ltr'><strong>expellam</strong></span> <span class='ocrx_word' id='word_1_524' title='bbox 2369 1355 2549 1426; x_wconf 80' lang='lat' dir='ltr'><strong>foras.</strong></span> <span class='ocrx_word' id='word_1_525' title='bbox 2562 1353 2934 1427; x_wconf 84' lang='lat' dir='ltr'><strong>Relinquitur</strong></span> <span class='ocrx_word' id='word_1_526' title='bbox 2945 1369 3088 1425; x_wconf 89' lang='lat' dir='ltr'><strong>ergo</strong></span> <span class='ocrx_word' id='word_1_527' title='bbox 3105 1361 3167 1411; x_wconf 91' lang='lat' dir='ltr'><strong>ut</strong></span> <span class='ocrx_word' id='word_1_528' title='bbox 3181 1357 3228 1411; x_wconf 91' lang='lat' dir='ltr'><strong>si</strong></span> <span class='ocrx_word' id='word_1_529' title='bbox 3242 1357 3378 1429; x_wconf 89' lang='lat' dir='ltr'><strong>quis</strong></span> <span class='ocrx_word' id='word_1_530' title='bbox 3394 1356 3724 1415; x_wconf 82' lang='lat' dir='ltr'><strong>voluntarie</strong></span> 
     </span>
    </p>
   </div>
   <div class='ocr_carea' id='block_1_72' title="bbox 2068 1446 3719 1520">
    <p class='ocr_par' dir='ltr' id='par_1_72' title="bbox 2068 1446 3719 1520">
     <span class='ocr_line' id='line_1_72' title="bbox 2068 1446 3719 1520; baseline 0.002 -19"><span class='ocrx_word' id='word_1_531' title='bbox 2068 1450 2241 1502; x_wconf 84' lang='lat' dir='ltr'><strong>exeat</strong></span> <span class='ocrx_word' id='word_1_532' title='bbox 2269 1451 2326 1502; x_wconf 91' lang='lat' dir='ltr'><strong>et</strong></span> <span class='ocrx_word' id='word_1_533' title='bbox 2350 1446 2679 1502; x_wconf 87' lang='lat' dir='ltr'><strong>voluntarie</strong></span> <span class='ocrx_word' id='word_1_534' title='bbox 2707 1451 2929 1517; x_wconf 87' lang='lat' dir='ltr'><strong>pereat,</strong></span> <span class='ocrx_word' id='word_1_535' title='bbox 2963 1461 3076 1502; x_wconf 90' lang='lat' dir='ltr'><strong>sua</strong></span> <span class='ocrx_word' id='word_1_536' title='bbox 3097 1446 3275 1519; x_wconf 92' lang='lat' dir='ltr'><strong>culpa</strong></span> <span class='ocrx_word' id='word_1_537' title='bbox 3298 1447 3413 1504; x_wconf 91' lang='lat' dir='ltr'><strong>hoc</strong></span> <span class='ocrx_word' id='word_1_538' title='bbox 3442 1448 3719 1520; x_wconf 89' lang='lat' dir='ltr'><strong>patiatur.</strong></span> 
     </span>
    </p>
   </div>
   <div class='ocr_carea' id='block_1_73' title="bbox 2068 1535 3079 1592">
    <p class='ocr_par' dir='ltr' id='par_1_73' title="bbox 2068 1535 3079 1592">
     <span class='ocr_line' id='line_1_73' title="bbox 2068 1535 3079 1592; baseline 0.001 -1"><span class='ocrx_word' id='word_1_539' title='bbox 2068 1536 2376 1592; x_wconf 88' lang='lat' dir='ltr'><strong>Neminem</strong></span> <span class='ocrx_word' id='word_1_540' title='bbox 2411 1536 2571 1592; x_wconf 92' lang='lat' dir='ltr'><strong>enim</strong></span> <span class='ocrx_word' id='word_1_541' title='bbox 2603 1536 2757 1591; x_wconf 86' lang='lat' dir='ltr'><strong>Deus</strong></span> <span class='ocrx_word' id='word_1_542' title='bbox 2788 1535 2845 1591; x_wconf 88' lang='lat' dir='ltr'><strong>vi</strong></span> <span class='ocrx_word' id='word_1_543' title='bbox 2882 1535 3079 1592; x_wconf 85' lang='lat' dir='ltr'><strong>trahit.</strong></span> 
     </span>
    </p>
   </div>
   <div class='ocr_carea' id='block_1_74' title="bbox 2140 1712 3720 1784">
    <p class='ocr_par' dir='ltr' id='par_1_74' title="bbox 2140 1712 3720 1784">
     <span class='ocr_line' id='line_1_74' title="bbox 2140 1712 3720 1784; baseline 0.003 -16"><span class='ocrx_word' id='word_1_544' title='bbox 2140 1716 2298 1769; x_wconf 90' lang='lat' dir='ltr'><strong>Vers.</strong></span> <span class='ocrx_word' id='word_1_545' title='bbox 2318 1717 2397 1771; x_wconf 75' lang='grc'><strong>40.</strong></span> <span class='ocrx_word' id='word_1_546' title='bbox 2420 1715 2551 1771; x_wconf 78' lang='lat' dir='ltr'><strong>Haec</strong></span> <span class='ocrx_word' id='word_1_547' title='bbox 2567 1746 2629 1755; x_wconf 90' lang='lat'><strong><em>—</em></strong></span> <span class='ocrx_word' id='word_1_548' title='bbox 2643 1714 2752 1769; x_wconf 82' lang='lat' dir='ltr'><strong>die.</strong></span> <span class='ocrx_word' id='word_1_549' title='bbox 2775 1712 3059 1769; x_wconf 89' lang='lat' dir='ltr'><strong>Eumdem</strong></span> <span class='ocrx_word' id='word_1_550' title='bbox 3078 1713 3342 1771; x_wconf 87' lang='lat' dir='ltr'><strong>declarat</strong></span> <span class='ocrx_word' id='word_1_551' title='bbox 3356 1731 3720 1784; x_wconf 90' lang='lat' dir='ltr'><strong>sermonem,</strong></span> 
     </span>
    </p>
   </div>
   <div class='ocr_carea' id='block_1_75' title="bbox 2066 1803 3725 1877">
    <p class='ocr_par' dir='ltr' id='par_1_75' title="bbox 2066 1803 3725 1877">
     <span class='ocr_line' id='line_1_75' title="bbox 2066 1803 3725 1877; baseline 0.002 -19"><span class='ocrx_word' id='word_1_552' title='bbox 2066 1803 2429 1877; x_wconf 86' lang='lat' dir='ltr'><strong>frequentius</strong></span> <span class='ocrx_word' id='word_1_553' title='bbox 2450 1821 2589 1860; x_wconf 90' lang='lat' dir='ltr'><strong>eum</strong></span> <span class='ocrx_word' id='word_1_554' title='bbox 2610 1804 2916 1870; x_wconf 89' lang='lat' dir='ltr'><strong>inducens,</strong></span> <span class='ocrx_word' id='word_1_555' title='bbox 2941 1820 3015 1860; x_wconf 91' lang='lat' dir='ltr'><strong>ne</strong></span> <span class='ocrx_word' id='word_1_556' title='bbox 3043 1804 3213 1860; x_wconf 86' lang='lat' dir='ltr'><strong>facile</strong></span> <span class='ocrx_word' id='word_1_557' title='bbox 3233 1805 3555 1876; x_wconf 87' lang='lat' dir='ltr'><strong>rejiciatur,</strong></span> <span class='ocrx_word' id='word_1_558' title='bbox 3578 1810 3635 1862; x_wconf 91' lang='lat' dir='ltr'><strong>et</strong></span> <span class='ocrx_word' id='word_1_559' title='bbox 3663 1812 3725 1863; x_wconf 89' lang='lat' dir='ltr'><strong>ut</strong></span> 
     </span>
    </p>
   </div>
   <div class='ocr_carea' id='block_1_76' title="bbox 2066 1894 3726 1952">
    <p class='ocr_par' dir='ltr' id='par_1_76' title="bbox 2066 1894 3726 1952">
     <span class='ocr_line' id='line_1_76' title="bbox 2066 1894 3726 1952; baseline 0.002 -4"><span class='ocrx_word' id='word_1_560' title='bbox 2066 1894 2292 1949; x_wconf 85' lang='lat' dir='ltr'><strong>ﬁrmius</strong></span> <span class='ocrx_word' id='word_1_561' title='bbox 2312 1895 2549 1950; x_wconf 83' lang='lat' dir='ltr'><strong>discant</strong></span> <span class='ocrx_word' id='word_1_562' title='bbox 2579 1894 2837 1950; x_wconf 87' lang='lat' dir='ltr'><strong>futuram</strong></span> <span class='ocrx_word' id='word_1_563' title='bbox 2869 1910 3001 1949; x_wconf 91' lang='lat' dir='ltr'><strong>esse</strong></span> <span class='ocrx_word' id='word_1_564' title='bbox 3032 1897 3529 1951; x_wconf 88' lang='lat' dir='ltr'><strong>resurrectionem</strong></span> <span class='ocrx_word' id='word_1_565' title='bbox 3560 1912 3631 1952; x_wconf 89' lang='lat' dir='ltr'><strong>ac</strong></span> <span class='ocrx_word' id='word_1_566' title='bbox 3661 1896 3726 1951; x_wconf 84' lang='lat' dir='ltr'><strong>ti-</strong></span> 
     </span>
    </p>
   </div>
   <div class='ocr_carea' id='block_1_77' title="bbox 2066 1982 3723 2058">
    <p class='ocr_par' dir='ltr' id='par_1_77' title="bbox 2066 1982 3723 2058">
     <span class='ocr_line' id='line_1_77' title="bbox 2066 1982 3723 2058; baseline 0.002 -20"><span class='ocrx_word' id='word_1_567' title='bbox 2066 1982 2182 2049; x_wconf 88' lang='lat' dir='ltr'><strong>dei,</strong></span> <span class='ocrx_word' id='word_1_568' title='bbox 2197 1999 2333 2055; x_wconf 66' lang='lat' dir='ltr'><strong>quae</strong></span> <span class='ocrx_word' id='word_1_569' title='bbox 2351 1984 2407 2038; x_wconf 90' lang='lat' dir='ltr'><strong>in</strong></span> <span class='ocrx_word' id='word_1_570' title='bbox 2421 1984 2615 2055; x_wconf 90' lang='lat' dir='ltr'><strong>ipsum</strong></span> <span class='ocrx_word' id='word_1_571' title='bbox 2630 1988 2734 2049; x_wconf 87' lang='lat' dir='ltr'><strong>est,</strong></span> <span class='ocrx_word' id='word_1_572' title='bbox 2751 1984 3187 2055; x_wconf 89' lang='lat' dir='ltr'><strong>repensionem,</strong></span> <span class='ocrx_word' id='word_1_573' title='bbox 3202 1985 3723 2058; x_wconf 87' lang='lat' dir='ltr'><strong>spiritualiumque</strong></span> 
     </span>
    </p>
   </div>
   <div class='ocr_carea' id='block_1_78' title="bbox 2064 2072 3727 2147">
    <p class='ocr_par' dir='ltr' id='par_1_78' title="bbox 2064 2072 3727 2147">
     <span class='ocr_line' id='line_1_78' title="bbox 2064 2072 3727 2147; baseline 0.003 -21"><span class='ocrx_word' id='word_1_574' title='bbox 2064 2073 2479 2139; x_wconf 86' lang='lat' dir='ltr'><strong>certaminum,</strong></span> <span class='ocrx_word' id='word_1_575' title='bbox 2504 2089 2641 2145; x_wconf 70' lang='lat' dir='ltr'><strong>quae</strong></span> <span class='ocrx_word' id='word_1_576' title='bbox 2664 2074 2759 2129; x_wconf 92' lang='lat' dir='ltr'><strong>hic</strong></span> <span class='ocrx_word' id='word_1_577' title='bbox 2785 2072 3108 2130; x_wconf 87' lang='lat' dir='ltr'><strong>tolerantur</strong></span> <span class='ocrx_word' id='word_1_578' title='bbox 3126 2074 3727 2147; x_wconf 83' lang='lat' dir='ltr'><strong>retributionem,qua</strong></span> 
     </span>
    </p>
   </div>
   <div class='ocr_carea' id='block_1_79' title="bbox 2065 2162 3725 2235">
    <p class='ocr_par' dir='ltr' id='par_1_79' title="bbox 2065 2162 3725 2235">
     <span class='ocr_line' id='line_1_79' title="bbox 2065 2162 3725 2235; baseline 0.002 -18"><span class='ocrx_word' id='word_1_579' title='bbox 2065 2162 2115 2217; x_wconf 89' lang='lat' dir='ltr'><strong>si</strong></span> <span class='ocrx_word' id='word_1_580' title='bbox 2139 2177 2257 2217; x_wconf 82' lang='lat' dir='ltr'><strong>non</strong></span> <span class='ocrx_word' id='word_1_581' title='bbox 2288 2168 2427 2219; x_wconf 89' lang='lat' dir='ltr'><strong>sunt</strong></span> <span class='ocrx_word' id='word_1_582' title='bbox 2462 2162 2695 2219; x_wconf 79' lang='lat' dir='ltr'><strong>fruituri</strong></span> <span class='ocrx_word' id='word_1_583' title='bbox 2734 2164 2795 2218; x_wconf 89' lang='lat' dir='ltr'><strong>in</strong></span> <span class='ocrx_word' id='word_1_584' title='bbox 2825 2164 3103 2235; x_wconf 67' lang='lat' dir='ltr'><strong>praesenti</strong></span> <span class='ocrx_word' id='word_1_585' title='bbox 3141 2164 3286 2229; x_wconf 90' lang='lat' dir='ltr'><strong>vita,</strong></span> <span class='ocrx_word' id='word_1_586' title='bbox 3320 2168 3383 2219; x_wconf 91' lang='lat' dir='ltr'><strong>at</strong></span> <span class='ocrx_word' id='word_1_587' title='bbox 3421 2163 3631 2220; x_wconf 89' lang='lat' dir='ltr'><strong>saltem</strong></span> <span class='ocrx_word' id='word_1_588' title='bbox 3661 2165 3725 2221; x_wconf 87' lang='lat' dir='ltr'><strong>in</strong></span> 
     </span>
    </p>
   </div>
   <div class='ocr_carea' id='block_1_80' title="bbox 2067 2252 3728 2325">
    <p class='ocr_par' dir='ltr' id='par_1_80' title="bbox 2067 2252 3728 2325">
     <span class='ocr_line' id='line_1_80' title="bbox 2067 2252 3728 2325; baseline 0.001 -18"><span class='ocrx_word' id='word_1_589' title='bbox 2067 2252 2285 2309; x_wconf 89' lang='lat' dir='ltr'><strong>futura.</strong></span> <span class='ocrx_word' id='word_1_590' title='bbox 2320 2253 2525 2309; x_wconf 88' lang='lat' dir='ltr'><strong>Omnis</strong></span> <span class='ocrx_word' id='word_1_591' title='bbox 2549 2258 2750 2309; x_wconf 92' lang='lat' dir='ltr'><strong>autem</strong></span> <span class='ocrx_word' id='word_1_592' title='bbox 2798 2253 2902 2325; x_wconf 90' lang='lat' dir='ltr'><strong>qui</strong></span> <span class='ocrx_word' id='word_1_593' title='bbox 2939 2253 3097 2309; x_wconf 85' lang='lat' dir='ltr'><strong>videt</strong></span> <span class='ocrx_word' id='word_1_594' title='bbox 3135 2253 3367 2319; x_wconf 89' lang='lat' dir='ltr'><strong>Filium,</strong></span> <span class='ocrx_word' id='word_1_595' title='bbox 3406 2254 3594 2311; x_wconf 89' lang='lat' dir='ltr'><strong>oculis</strong></span> <span class='ocrx_word' id='word_1_596' title='bbox 3642 2254 3728 2310; x_wconf 90' lang='lat' dir='ltr'><strong>vi-</strong></span> 
     </span>
    </p>
   </div>
   <div class='ocr_carea' id='block_1_81' title="bbox 2068 2341 3383 2415">
    <p class='ocr_par' dir='ltr' id='par_1_81' title="bbox 2068 2341 3383 2415">
     <span class='ocr_line' id='line_1_81' title="bbox 2068 2341 3383 2415; baseline 0.002 -19"><span class='ocrx_word' id='word_1_597' title='bbox 2068 2341 2277 2398; x_wconf 91' lang='lat' dir='ltr'><strong>delicet</strong></span> <span class='ocrx_word' id='word_1_598' title='bbox 2305 2341 2467 2411; x_wconf 87' lang='lat' dir='ltr'><strong>ﬁdei,</strong></span> <span class='ocrx_word' id='word_1_599' title='bbox 2498 2341 2613 2398; x_wconf 89' lang='lat' dir='ltr'><strong>hoc</strong></span> <span class='ocrx_word' id='word_1_600' title='bbox 2645 2346 2756 2412; x_wconf 89' lang='lat' dir='ltr'><strong>est,</strong></span> <span class='ocrx_word' id='word_1_601' title='bbox 2785 2344 2884 2415; x_wconf 88' lang='lat' dir='ltr'><strong>qui</strong></span> <span class='ocrx_word' id='word_1_602' title='bbox 2916 2342 3101 2399; x_wconf 89' lang='lat' dir='ltr'><strong>credit</strong></span> <span class='ocrx_word' id='word_1_603' title='bbox 3128 2342 3189 2398; x_wconf 89' lang='lat' dir='ltr'><strong>in</strong></span> <span class='ocrx_word' id='word_1_604' title='bbox 3219 2359 3383 2399; x_wconf 89' lang='lat' dir='ltr'><strong>cum.</strong></span> 
     </span>
    </p>
   </div>
   <div class='ocr_carea' id='block_1_82' title="bbox 2141 2430 3725 2490">
    <p class='ocr_par' dir='ltr' id='par_1_82' title="bbox 2141 2430 3725 2490">
     <span class='ocr_line' id='line_1_82' title="bbox 2141 2430 3725 2490; baseline 0.001 -5"><span class='ocrx_word' id='word_1_605' title='bbox 2141 2432 2411 2486; x_wconf 70' lang='lat' dir='ltr'><strong>Vers.“.</strong></span> <span class='ocrx_word' id='word_1_606' title='bbox 2442 2432 2899 2487; x_wconf 75' lang='lat' dir='ltr'><strong>Murmurabant</strong></span> <span class='ocrx_word' id='word_1_607' title='bbox 2942 2462 3011 2471; x_wconf 97' lang='lat'><strong>—</strong></span> <span class='ocrx_word' id='word_1_608' title='bbox 3058 2430 3224 2487; x_wconf 89' lang='lat' dir='ltr'><strong>Vers.</strong></span> <span class='ocrx_word' id='word_1_609' title='bbox 3273 2433 3362 2488; x_wconf 78' lang='grc'><strong>42.</strong></span> <span class='ocrx_word' id='word_1_610' title='bbox 3398 2432 3725 2490; x_wconf 81' lang='lat' dir='ltr'><strong>descendi?</strong></span> 
     </span>
    </p>
   </div>
   <div class='ocr_carea' id='block_1_83' title="bbox 2070 2518 3728 2592">
    <p class='ocr_par' dir='ltr' id='par_1_83' title="bbox 2070 2518 3728 2592">
     <span class='ocr_line' id='line_1_83' title="bbox 2070 2518 3728 2592; baseline 0.001 -19"><span class='ocrx_word' id='word_1_611' title='bbox 2070 2518 2324 2584; x_wconf 83' lang='lat' dir='ltr'><strong>Quando</strong></span> <span class='ocrx_word' id='word_1_612' title='bbox 2365 2535 2579 2591; x_wconf 88' lang='lat' dir='ltr'><strong>panem</strong></span> <span class='ocrx_word' id='word_1_613' title='bbox 2630 2518 2791 2574; x_wconf 89' lang='lat' dir='ltr'><strong>dedit</strong></span> <span class='ocrx_word' id='word_1_614' title='bbox 2818 2520 2899 2574; x_wconf 89' lang='lat' dir='ltr'><strong>eis</strong></span> <span class='ocrx_word' id='word_1_615' title='bbox 2940 2519 3318 2592; x_wconf 89' lang='lat' dir='ltr'><strong>implevitque</strong></span> <span class='ocrx_word' id='word_1_616' title='bbox 3348 2526 3636 2585; x_wconf 87' lang='lat' dir='ltr'><strong>ventrem,</strong></span> <span class='ocrx_word' id='word_1_617' title='bbox 3670 2525 3728 2576; x_wconf 87' lang='lat' dir='ltr'><strong>et</strong></span> 
     </span>
    </p>
   </div>
   <div class='ocr_carea' id='block_1_84' title="bbox 2071 2608 3722 2681">
    <p class='ocr_par' dir='ltr' id='par_1_84' title="bbox 2071 2608 3722 2681">
     <span class='ocr_line' id='line_1_84' title="bbox 2071 2608 3722 2681; baseline 0.001 -18"><span class='ocrx_word' id='word_1_618' title='bbox 2071 2608 2426 2681; x_wconf 87' lang='lat' dir='ltr'><strong>prophetam</strong></span> <span class='ocrx_word' id='word_1_619' title='bbox 2445 2625 2574 2665; x_wconf 92' lang='lat' dir='ltr'><strong>esse</strong></span> <span class='ocrx_word' id='word_1_620' title='bbox 2590 2608 3165 2679; x_wconf 89' lang='lat' dir='ltr'><strong>dicebant,etregem</strong></span> <span class='ocrx_word' id='word_1_621' title='bbox 3186 2625 3385 2665; x_wconf 87' lang='lat' dir='ltr'><strong>creare</strong></span> <span class='ocrx_word' id='word_1_622' title='bbox 3403 2609 3680 2665; x_wconf 87' lang='lat' dir='ltr'><strong>volebant</strong></span> <span class='ocrx_word' id='word_1_623' title='bbox 3708 2626 3722 2665; x_wconf 89' lang='lat'><strong>:</strong></span> 
     </span>
    </p>
   </div>
   <div class='ocr_carea' id='block_1_85' title="bbox 2072 2698 3727 2771">
    <p class='ocr_par' dir='ltr' id='par_1_85' title="bbox 2072 2698 3727 2771">
     <span class='ocr_line' id='line_1_85' title="bbox 2072 2698 3727 2771; baseline 0.001 -18"><span class='ocrx_word' id='word_1_624' title='bbox 2072 2699 2172 2754; x_wconf 88' lang='lat' dir='ltr'><strong>ubi</strong></span> <span class='ocrx_word' id='word_1_625' title='bbox 2205 2715 2346 2754; x_wconf 90' lang='lat' dir='ltr'><strong>vero</strong></span> <span class='ocrx_word' id='word_1_626' title='bbox 2377 2700 2451 2754; x_wconf 93' lang='lat' dir='ltr'><strong>de</strong></span> <span class='ocrx_word' id='word_1_627' title='bbox 2482 2698 2704 2755; x_wconf 78' lang='lat' dir='ltr'><strong>caelesti</strong></span> <span class='ocrx_word' id='word_1_628' title='bbox 2735 2714 2889 2770; x_wconf 89' lang='lat' dir='ltr'><strong>pane</strong></span> <span class='ocrx_word' id='word_1_629' title='bbox 2920 2704 2974 2754; x_wconf 92' lang='lat' dir='ltr'><strong>et</strong></span> <span class='ocrx_word' id='word_1_630' title='bbox 3000 2699 3288 2771; x_wconf 88' lang='lat' dir='ltr'><strong>spirituali</strong></span> <span class='ocrx_word' id='word_1_631' title='bbox 3320 2700 3727 2771; x_wconf 89' lang='lat' dir='ltr'><strong>cibo,vitaque</strong></span> 
     </span>
    </p>
   </div>
   <div class='ocr_carea' id='block_1_86' title="bbox 2070 2789 3730 2862">
    <p class='ocr_par' dir='ltr' id='par_1_86' title="bbox 2070 2789 3730 2862">
     <span class='ocr_line' id='line_1_86' title="bbox 2070 2789 3730 2862; baseline 0.002 -19"><span class='ocrx_word' id='word_1_632' title='bbox 2070 2795 2292 2844; x_wconf 80' lang='lat' dir='ltr'><strong>aeterna</strong></span> <span class='ocrx_word' id='word_1_633' title='bbox 2321 2789 2621 2856; x_wconf 88' lang='lat' dir='ltr'><strong>disseruit,</strong></span> <span class='ocrx_word' id='word_1_634' title='bbox 2641 2789 3039 2845; x_wconf 87' lang='lat' dir='ltr'><strong>turbabantur</strong></span> <span class='ocrx_word' id='word_1_635' title='bbox 3065 2806 3131 2844; x_wconf 88' lang='lat' dir='ltr'><strong>ac</strong></span> <span class='ocrx_word' id='word_1_636' title='bbox 3159 2805 3348 2859; x_wconf 90' lang='lat' dir='ltr'><strong>genus</strong></span> <span class='ocrx_word' id='word_1_637' title='bbox 3378 2791 3568 2862; x_wconf 89' lang='lat' dir='ltr'><strong>ipsius</strong></span> <span class='ocrx_word' id='word_1_638' title='bbox 3587 2796 3730 2846; x_wconf 87' lang='lat' dir='ltr'><strong>atte-</strong></span> 
     </span>
    </p>
   </div>
   <div class='ocr_carea' id='block_1_87' title="bbox 2069 2878 3727 2950">
    <p class='ocr_par' dir='ltr' id='par_1_87' title="bbox 2069 2878 3727 2950">
     <span class='ocr_line' id='line_1_87' title="bbox 2069 2878 3727 2950; baseline 0.001 -17"><span class='ocrx_word' id='word_1_639' title='bbox 2069 2878 2436 2943; x_wconf 88' lang='lat' dir='ltr'><strong>nuabant,de</strong></span> <span class='ocrx_word' id='word_1_640' title='bbox 2453 2878 2672 2950; x_wconf 88' lang='lat' dir='ltr'><strong>quibus</strong></span> <span class='ocrx_word' id='word_1_641' title='bbox 2695 2879 2847 2933; x_wconf 87' lang='lat' dir='ltr'><strong>bene</strong></span> <span class='ocrx_word' id='word_1_642' title='bbox 2872 2878 3017 2933; x_wconf 82' lang='lat' dir='ltr'><strong>dixit</strong></span> <span class='ocrx_word' id='word_1_643' title='bbox 3038 2878 3291 2945; x_wconf 88' lang='lat' dir='ltr'><strong>Paulus;</strong></span> <span class='ocrx_word' id='word_1_644' title='bbox 3314 2879 3568 2944; x_wconf 82' lang='lat' dir='ltr'><strong>Quorum</strong></span> <span class='ocrx_word' id='word_1_645' title='bbox 3582 2880 3727 2934; x_wconf 81' lang='lat' dir='ltr'><strong>Deus</strong></span> 
     </span>
    </p>
   </div>
   <div class='ocr_carea' id='block_1_88' title="bbox 2070 2966 3729 3040">
    <p class='ocr_par' dir='ltr' id='par_1_88' title="bbox 2070 2966 3729 3040">
     <span class='ocr_line' id='line_1_88' title="bbox 2070 2966 3729 3040; baseline -0.001 -16"><span class='ocrx_word' id='word_1_646' title='bbox 2070 2973 2269 3024; x_wconf 79' lang='lat' dir='ltr'><strong>venter</strong></span> <span class='ocrx_word' id='word_1_647' title='bbox 2289 2972 2372 3023; x_wconf 86' lang='lat' dir='ltr'><strong>est</strong></span> <span class='ocrx_word' id='word_1_648' title='bbox 2386 2970 2453 3018; x_wconf 75' lang='grc'><strong>³³.</strong></span> <span class='ocrx_word' id='word_1_649' title='bbox 2470 2969 2618 3022; x_wconf 84' lang='lat' dir='ltr'><strong>Nam</strong></span> <span class='ocrx_word' id='word_1_650' title='bbox 2635 2967 3015 3035; x_wconf 84' lang='lat' dir='ltr'><strong>ﬁngebantse</strong></span> <span class='ocrx_word' id='word_1_651' title='bbox 3030 2966 3346 3038; x_wconf 90' lang='lat' dir='ltr'><strong>indignari,</strong></span> <span class='ocrx_word' id='word_1_652' title='bbox 3364 2968 3529 3040; x_wconf 89' lang='lat' dir='ltr'><strong>quod</strong></span> <span class='ocrx_word' id='word_1_653' title='bbox 3541 2967 3729 3022; x_wconf 89' lang='lat' dir='ltr'><strong>dixis-</strong></span> 
     </span>
    </p>
   </div>
   <div class='ocr_carea' id='block_1_89' title="bbox 2070 3056 3723 3126">
    <p class='ocr_par' dir='ltr' id='par_1_89' title="bbox 2070 3056 3723 3126">
     <span class='ocr_line' id='line_1_89' title="bbox 2070 3056 3723 3126; baseline 0.001 -15"><span class='ocrx_word' id='word_1_654' title='bbox 2070 3064 2188 3112; x_wconf 90' lang='lat' dir='ltr'><strong>set:</strong></span> <span class='ocrx_word' id='word_1_655' title='bbox 2240 3057 2317 3113; x_wconf 92' lang='lat' dir='ltr'><strong>De</strong></span> <span class='ocrx_word' id='word_1_656' title='bbox 2340 3058 2483 3114; x_wconf 71' lang='lat' dir='ltr'><strong>calo</strong></span> <span class='ocrx_word' id='word_1_657' title='bbox 2524 3056 2823 3121; x_wconf 77' lang='lat' dir='ltr'><strong>descendi,</strong></span> <span class='ocrx_word' id='word_1_658' title='bbox 2852 3071 2991 3111; x_wconf 93' lang='lat' dir='ltr'><strong>cum</strong></span> <span class='ocrx_word' id='word_1_659' title='bbox 3024 3056 3216 3111; x_wconf 90' lang='lat' dir='ltr'><strong>verius</strong></span> <span class='ocrx_word' id='word_1_660' title='bbox 3247 3056 3723 3126; x_wconf 81' lang='lat' dir='ltr'><strong>indignarentur,</strong></span> 
     </span>
    </p>
   </div>
   <div class='ocr_carea' id='block_1_90' title="bbox 2069 3143 3728 3219">
    <p class='ocr_par' dir='ltr' id='par_1_90' title="bbox 2069 3143 3728 3219">
     <span class='ocr_line' id='line_1_90' title="bbox 2069 3143 3728 3219; baseline 0 -18"><span class='ocrx_word' id='word_1_661' title='bbox 2069 3146 2231 3219; x_wconf 89' lang='lat' dir='ltr'><strong>quod</strong></span> <span class='ocrx_word' id='word_1_662' title='bbox 2244 3162 2481 3201; x_wconf 91' lang='lat' dir='ltr'><strong>rursum</strong></span> <span class='ocrx_word' id='word_1_663' title='bbox 2500 3161 2603 3201; x_wconf 88' lang='lat' dir='ltr'><strong>eos</strong></span> <span class='ocrx_word' id='word_1_664' title='bbox 2625 3161 2746 3200; x_wconf 91' lang='lat' dir='ltr'><strong>non</strong></span> <span class='ocrx_word' id='word_1_665' title='bbox 2770 3143 3050 3217; x_wconf 88' lang='lat' dir='ltr'><strong>pavisset,</strong></span> <span class='ocrx_word' id='word_1_666' title='bbox 3074 3144 3225 3200; x_wconf 88' lang='lat' dir='ltr'><strong>sicut</strong></span> <span class='ocrx_word' id='word_1_667' title='bbox 3248 3151 3647 3217; x_wconf 87' lang='lat' dir='ltr'><strong>speraverant.</strong></span> <span class='ocrx_word' id='word_1_668' title='bbox 3668 3144 3728 3201; x_wconf 90' lang='lat' dir='ltr'><strong>Si</strong></span> 
     </span>
    </p>
   </div>
   <div class='ocr_carea' id='block_1_91' title="bbox 2071 3233 3730 3305">
    <p class='ocr_par' dir='ltr' id='par_1_91' title="bbox 2071 3233 3730 3305">
     <span class='ocr_line' id='line_1_91' title="bbox 2071 3233 3730 3305; baseline 0 -14"><span class='ocrx_word' id='word_1_669' title='bbox 2071 3236 2233 3291; x_wconf 90' lang='lat' dir='ltr'><strong>enim</strong></span> <span class='ocrx_word' id='word_1_670' title='bbox 2276 3235 2357 3291; x_wconf 90' lang='lat' dir='ltr'><strong>ob</strong></span> <span class='ocrx_word' id='word_1_671' title='bbox 2393 3234 2540 3290; x_wconf 91' lang='lat' dir='ltr'><strong>illud</strong></span> <span class='ocrx_word' id='word_1_672' title='bbox 2588 3234 2885 3303; x_wconf 87' lang='lat' dir='ltr'><strong>indignati</strong></span> <span class='ocrx_word' id='word_1_673' title='bbox 2936 3233 3205 3295; x_wconf 82' lang='lat' dir='ltr'><strong>fuissent,</strong></span> <span class='ocrx_word' id='word_1_674' title='bbox 3261 3234 3730 3305; x_wconf 81' lang='lat' dir='ltr'><strong>interrogassent</strong></span> 
     </span>
    </p>
   </div>
   <div class='ocr_carea' id='block_1_92' title="bbox 2072 3323 3726 3397">
    <p class='ocr_par' dir='ltr' id='par_1_92' title="bbox 2072 3323 3726 3397">
     <span class='ocr_line' id='line_1_92' title="bbox 2072 3323 3726 3397; baseline 0 -17"><span class='ocrx_word' id='word_1_675' title='bbox 2072 3326 2294 3397; x_wconf 90' lang='lat' dir='ltr'><strong>utique,</strong></span> <span class='ocrx_word' id='word_1_676' title='bbox 2341 3327 2647 3397; x_wconf 91' lang='lat' dir='ltr'><strong>quomodo</strong></span> <span class='ocrx_word' id='word_1_677' title='bbox 2685 3324 2857 3396; x_wconf 90' lang='lat' dir='ltr'><strong>panis</strong></span> <span class='ocrx_word' id='word_1_678' title='bbox 2884 3328 3059 3389; x_wconf 88' lang='lat' dir='ltr'><strong>esset,</strong></span> <span class='ocrx_word' id='word_1_679' title='bbox 3101 3323 3412 3396; x_wconf 91' lang='lat' dir='ltr'><strong>quomodo</strong></span> <span class='ocrx_word' id='word_1_680' title='bbox 3460 3324 3534 3379; x_wconf 88' lang='lat' dir='ltr'><strong>de</strong></span> <span class='ocrx_word' id='word_1_681' title='bbox 3576 3323 3726 3380; x_wconf 70' lang='lat' dir='ltr'><strong>caelo</strong></span> 
     </span>
    </p>
   </div>
   <div class='ocr_carea' id='block_1_93' title="bbox 2071 3414 2519 3470">
    <p class='ocr_par' dir='ltr' id='par_1_93' title="bbox 2071 3414 2519 3470">
     <span class='ocr_line' id='line_1_93' title="bbox 2071 3414 2519 3470; baseline 0 0"><span class='ocrx_word' id='word_1_682' title='bbox 2071 3414 2519 3470; x_wconf 82' lang='lat' dir='ltr'><strong>descendisset?</strong></span> 
     </span>
    </p>
   </div>
   <div class='ocr_carea' id='block_1_94' title="bbox 2146 3500 3725 3573">
    <p class='ocr_par' dir='ltr' id='par_1_94' title="bbox 2146 3500 3725 3573">
     <span class='ocr_line' id='line_1_94' title="bbox 2146 3500 3725 3573; baseline -0.001 -15"><span class='ocrx_word' id='word_1_683' title='bbox 2146 3502 2413 3559; x_wconf 90' lang='lat' dir='ltr'><strong>Christus</strong></span> <span class='ocrx_word' id='word_1_684' title='bbox 2440 3508 2639 3559; x_wconf 88' lang='lat' dir='ltr'><strong>autem</strong></span> <span class='ocrx_word' id='word_1_685' title='bbox 2654 3517 2775 3557; x_wconf 92' lang='lat' dir='ltr'><strong>non</strong></span> <span class='ocrx_word' id='word_1_686' title='bbox 2789 3500 2936 3558; x_wconf 87' lang='lat' dir='ltr'><strong>dixit</strong></span> <span class='ocrx_word' id='word_1_687' title='bbox 2964 3518 2975 3557; x_wconf 91' lang='lat'><strong>:</strong></span> <span class='ocrx_word' id='word_1_688' title='bbox 2998 3504 3125 3557; x_wconf 86' lang='lat' dir='ltr'><strong>Non</strong></span> <span class='ocrx_word' id='word_1_689' title='bbox 3147 3518 3280 3557; x_wconf 89' lang='lat' dir='ltr'><strong>sum</strong></span> <span class='ocrx_word' id='word_1_690' title='bbox 3305 3501 3462 3557; x_wconf 85' lang='lat' dir='ltr'><strong>ﬁlius</strong></span> <span class='ocrx_word' id='word_1_691' title='bbox 3484 3501 3725 3573; x_wconf 82' lang='lat' dir='ltr'><strong>Joseph,</strong></span> 
     </span>
    </p>
   </div>
   <div class='ocr_carea' id='block_1_95' title="bbox 2074 3590 3731 3666">
    <p class='ocr_par' dir='ltr' id='par_1_95' title="bbox 2074 3590 3731 3666">
     <span class='ocr_line' id='line_1_95' title="bbox 2074 3590 3731 3666; baseline -0.001 -17"><span class='ocrx_word' id='word_1_692' title='bbox 2074 3609 2266 3666; x_wconf 90' lang='lat' dir='ltr'><strong>neque</strong></span> <span class='ocrx_word' id='word_1_693' title='bbox 2282 3592 2612 3666; x_wconf 88' lang='lat' dir='ltr'><strong>quidquam</strong></span> <span class='ocrx_word' id='word_1_694' title='bbox 2632 3591 2705 3647; x_wconf 93' lang='lat' dir='ltr'><strong>de</strong></span> <span class='ocrx_word' id='word_1_695' title='bbox 2728 3607 2941 3661; x_wconf 88' lang='lat' dir='ltr'><strong>genere</strong></span> <span class='ocrx_word' id='word_1_696' title='bbox 2962 3607 3071 3647; x_wconf 90' lang='lat' dir='ltr'><strong>suo</strong></span> <span class='ocrx_word' id='word_1_697' title='bbox 3084 3590 3308 3657; x_wconf 89' lang='lat' dir='ltr'><strong>docuit,</strong></span> <span class='ocrx_word' id='word_1_698' title='bbox 3328 3591 3544 3661; x_wconf 86' lang='lat' dir='ltr'><strong>sciens,</strong></span> <span class='ocrx_word' id='word_1_699' title='bbox 3562 3591 3731 3663; x_wconf 91' lang='lat' dir='ltr'><strong>quod</strong></span> 
     </span>
    </p>
   </div>
   <div class='ocr_carea' id='block_1_96' title="bbox 2075 3680 3733 3753">
    <p class='ocr_par' dir='ltr' id='par_1_96' title="bbox 2075 3680 3733 3753">
     <span class='ocr_line' id='line_1_96' title="bbox 2075 3680 3733 3753; baseline -0.001 -16"><span class='ocrx_word' id='word_1_700' title='bbox 2075 3682 2159 3740; x_wconf 91' lang='lat' dir='ltr'><strong>illi</strong></span> <span class='ocrx_word' id='word_1_701' title='bbox 2189 3684 2462 3738; x_wconf 92' lang='lat' dir='ltr'><strong>nondum</strong></span> <span class='ocrx_word' id='word_1_702' title='bbox 2494 3680 2702 3736; x_wconf 88' lang='lat' dir='ltr'><strong>audire</strong></span> <span class='ocrx_word' id='word_1_703' title='bbox 2724 3686 2995 3753; x_wconf 88' lang='lat' dir='ltr'><strong>poterant</strong></span> <span class='ocrx_word' id='word_1_704' title='bbox 3016 3680 3443 3737; x_wconf 88' lang='lat' dir='ltr'><strong>admirandum</strong></span> <span class='ocrx_word' id='word_1_705' title='bbox 3473 3681 3563 3735; x_wconf 90' lang='lat' dir='ltr'><strong>sui</strong></span> <span class='ocrx_word' id='word_1_706' title='bbox 3588 3695 3733 3753; x_wconf 88' lang='lat' dir='ltr'><strong>par-</strong></span> 
     </span>
    </p>
   </div>
   <div class='ocr_carea' id='block_1_97' title="bbox 2076 3772 3731 3839">
    <p class='ocr_par' dir='ltr' id='par_1_97' title="bbox 2076 3772 3731 3839">
     <span class='ocr_line' id='line_1_97' title="bbox 2076 3772 3731 3839; baseline 0 -11"><span class='ocrx_word' id='word_1_707' title='bbox 2076 3778 2227 3837; x_wconf 91' lang='lat' dir='ltr'><strong>tum,</strong></span> <span class='ocrx_word' id='word_1_708' title='bbox 2248 3777 2306 3828; x_wconf 93' lang='lat' dir='ltr'><strong>et</strong></span> <span class='ocrx_word' id='word_1_709' title='bbox 2327 3773 2515 3827; x_wconf 90' lang='lat' dir='ltr'><strong>multo</strong></span> <span class='ocrx_word' id='word_1_710' title='bbox 2545 3772 2745 3826; x_wconf 89' lang='lat' dir='ltr'><strong>minus</strong></span> <span class='ocrx_word' id='word_1_711' title='bbox 2763 3777 3048 3826; x_wconf 66' lang='lat' dir='ltr'><strong>mternam</strong></span> <span class='ocrx_word' id='word_1_712' title='bbox 3069 3772 3161 3825; x_wconf 90' lang='lat' dir='ltr'><strong>sui</strong></span> <span class='ocrx_word' id='word_1_713' title='bbox 3194 3772 3633 3839; x_wconf 88' lang='lat' dir='ltr'><strong>generationem</strong></span> <span class='ocrx_word' id='word_1_714' title='bbox 3659 3787 3731 3828; x_wconf 86' lang='lat' dir='ltr'><strong>ac</strong></span> 
     </span>
    </p>
   </div>
   <div class='ocr_carea' id='block_1_98' title="bbox 2075 3859 3733 3933">
    <p class='ocr_par' dir='ltr' id='par_1_98' title="bbox 2075 3859 3733 3933">
     <span class='ocr_line' id='line_1_98' title="bbox 2075 3859 3733 3933; baseline -0.001 -16"><span class='ocrx_word' id='word_1_715' title='bbox 2075 3862 2439 3917; x_wconf 82' lang='lat' dir='ltr'><strong>nativitatem</strong></span> <span class='ocrx_word' id='word_1_716' title='bbox 2473 3876 2487 3926; x_wconf 93' lang='lat'><strong>;</strong></span> <span class='ocrx_word' id='word_1_717' title='bbox 2519 3861 2655 3916; x_wconf 90' lang='lat' dir='ltr'><strong>ideo</strong></span> <span class='ocrx_word' id='word_1_718' title='bbox 2696 3860 3125 3933; x_wconf 88' lang='lat' dir='ltr'><strong>dispensatorie</strong></span> <span class='ocrx_word' id='word_1_719' title='bbox 3167 3859 3241 3915; x_wconf 91' lang='lat' dir='ltr'><strong>de</strong></span> <span class='ocrx_word' id='word_1_720' title='bbox 3270 3859 3365 3915; x_wconf 91' lang='lat' dir='ltr'><strong>his</strong></span> <span class='ocrx_word' id='word_1_721' title='bbox 3401 3860 3581 3915; x_wconf 88' lang='lat' dir='ltr'><strong>rebus</strong></span> <span class='ocrx_word' id='word_1_722' title='bbox 3615 3876 3733 3916; x_wconf 86' lang='lat' dir='ltr'><strong>ser-</strong></span> 
     </span>
    </p>
   </div>
   <div class='ocr_carea' id='block_1_99' title="bbox 2076 3948 3733 4022">
    <p class='ocr_par' dir='ltr' id='par_1_99' title="bbox 2076 3948 3733 4022">
     <span class='ocr_line' id='line_1_99' title="bbox 2076 3948 3733 4022; baseline -0.001 -16"><span class='ocrx_word' id='word_1_723' title='bbox 2076 3967 2307 4007; x_wconf 87' lang='lat' dir='ltr'><strong>monem</strong></span> <span class='ocrx_word' id='word_1_724' title='bbox 2324 3950 2715 4022; x_wconf 66' lang='lat' dir='ltr'><strong>praetermisit,</strong></span> <span class='ocrx_word' id='word_1_725' title='bbox 2731 3965 2805 4005; x_wconf 94' lang='lat' dir='ltr'><strong>ne</strong></span> <span class='ocrx_word' id='word_1_726' title='bbox 2820 3965 2939 4006; x_wconf 91' lang='lat' dir='ltr'><strong>uno</strong></span> <span class='ocrx_word' id='word_1_727' title='bbox 2951 3948 3312 4005; x_wconf 78' lang='lat' dir='ltr'><strong>oﬁ&#39;endiculo</strong></span> <span class='ocrx_word' id='word_1_728' title='bbox 3327 3950 3559 4006; x_wconf 88' lang='lat' dir='ltr'><strong>sublato</strong></span> <span class='ocrx_word' id='word_1_729' title='bbox 3571 3949 3733 4006; x_wconf 90' lang='lat' dir='ltr'><strong>aliud</strong></span> 
     </span>
    </p>
   </div>
   <div class='ocr_carea' id='block_1_100' title="bbox 2075 4040 2373 4097">
    <p class='ocr_par' dir='ltr' id='par_1_100' title="bbox 2075 4040 2373 4097">
     <span class='ocr_line' id='line_1_100' title="bbox 2075 4040 2373 4097; baseline 0.003 -1"><span class='ocrx_word' id='word_1_730' title='bbox 2075 4040 2373 4097; x_wconf 87' lang='lat' dir='ltr'><strong>excitaret.</strong></span> 
     </span>
    </p>
   </div>
   <div class='ocr_carea' id='block_1_101' title="bbox 2148 4128 3731 4199">
    <p class='ocr_par' dir='ltr' id='par_1_101' title="bbox 2148 4128 3731 4199">
     <span class='ocr_line' id='line_1_101' title="bbox 2148 4128 3731 4199; baseline -0.001 -14"><span class='ocrx_word' id='word_1_731' title='bbox 2148 4131 2310 4187; x_wconf 84' lang='lat' dir='ltr'><strong>Vers.</strong></span> <span class='ocrx_word' id='word_1_732' title='bbox 2341 4129 2434 4186; x_wconf 81' lang='grc'><strong>43.</strong></span> <span class='ocrx_word' id='word_1_733' title='bbox 2476 4128 2798 4199; x_wconf 81' lang='lat' dir='ltr'><strong>Respondit</strong></span> <span class='ocrx_word' id='word_1_734' title='bbox 2826 4128 3071 4186; x_wconf 88' lang='lat' dir='ltr'><strong>—Vers.</strong></span> <span class='ocrx_word' id='word_1_735' title='bbox 3094 4128 3189 4185; x_wconf 74' lang='grc'><strong>44.</strong></span> <span class='ocrx_word' id='word_1_736' title='bbox 3221 4142 3379 4185; x_wconf 83' lang='lat' dir='ltr'><strong>eum.</strong></span> <span class='ocrx_word' id='word_1_737' title='bbox 3411 4133 3731 4184; x_wconf 83' lang='lat' dir='ltr'><strong>Accessum</strong></span> 
     </span>
    </p>
   </div>
   <div class='ocr_carea' id='block_1_102' title="bbox 2075 4217 3727 4292">
    <p class='ocr_par' dir='ltr' id='par_1_102' title="bbox 2075 4217 3727 4292">
     <span class='ocr_line' id='line_1_102' title="bbox 2075 4217 3727 4292; baseline -0.002 -16"><span class='ocrx_word' id='word_1_738' title='bbox 2075 4219 2149 4277; x_wconf 89' lang='lat' dir='ltr'><strong>ad</strong></span> <span class='ocrx_word' id='word_1_739' title='bbox 2189 4238 2251 4276; x_wconf 89' lang='lat' dir='ltr'><strong>se</strong></span> <span class='ocrx_word' id='word_1_740' title='bbox 2297 4219 2459 4284; x_wconf 90' lang='lat' dir='ltr'><strong>dicit,</strong></span> <span class='ocrx_word' id='word_1_741' title='bbox 2500 4235 2621 4274; x_wconf 93' lang='lat' dir='ltr'><strong>non</strong></span> <span class='ocrx_word' id='word_1_742' title='bbox 2648 4218 3154 4292; x_wconf 87' lang='lat' dir='ltr'><strong>qualemcunque,</strong></span> <span class='ocrx_word' id='word_1_743' title='bbox 3190 4217 3493 4290; x_wconf 91' lang='lat' dir='ltr'><strong>siquidem</strong></span> <span class='ocrx_word' id='word_1_744' title='bbox 3531 4222 3589 4274; x_wconf 88' lang='lat' dir='ltr'><strong>et</strong></span> <span class='ocrx_word' id='word_1_745' title='bbox 3625 4217 3727 4283; x_wconf 92' lang='lat' dir='ltr'><strong>illi,</strong></span> 
     </span>
    </p>
   </div>
   <div class='ocr_carea' id='block_1_103' title="bbox 2075 4307 3731 4381">
    <p class='ocr_par' dir='ltr' id='par_1_103' title="bbox 2075 4307 3731 4381">
     <span class='ocr_line' id='line_1_103' title="bbox 2075 4307 3731 4381; baseline -0.001 -15"><span class='ocrx_word' id='word_1_746' title='bbox 2075 4316 2131 4366; x_wconf 89' lang='lat' dir='ltr'><strong>et</strong></span> <span class='ocrx_word' id='word_1_747' title='bbox 2153 4310 2320 4367; x_wconf 89' lang='lat' dir='ltr'><strong>multi</strong></span> <span class='ocrx_word' id='word_1_748' title='bbox 2356 4309 2455 4366; x_wconf 88' lang='lat' dir='ltr'><strong>alii</strong></span> <span class='ocrx_word' id='word_1_749' title='bbox 2486 4310 2563 4365; x_wconf 86' lang='lat' dir='ltr'><strong>ad</strong></span> <span class='ocrx_word' id='word_1_750' title='bbox 2592 4310 2792 4381; x_wconf 87' lang='lat' dir='ltr'><strong>ipsum</strong></span> <span class='ocrx_word' id='word_1_751' title='bbox 2818 4307 3135 4363; x_wconf 88' lang='lat' dir='ltr'><strong>veniebant</strong></span> <span class='ocrx_word' id='word_1_752' title='bbox 3163 4324 3177 4363; x_wconf 88' lang='lat'><strong>:</strong></span> <span class='ocrx_word' id='word_1_753' title='bbox 3207 4307 3313 4362; x_wconf 90' lang='lat' dir='ltr'><strong>sed</strong></span> <span class='ocrx_word' id='word_1_754' title='bbox 3335 4322 3491 4373; x_wconf 88' lang='lat' dir='ltr'><strong>eum,</strong></span> <span class='ocrx_word' id='word_1_755' title='bbox 3525 4309 3631 4379; x_wconf 92' lang='lat' dir='ltr'><strong>qui</strong></span> <span class='ocrx_word' id='word_1_756' title='bbox 3657 4322 3731 4364; x_wconf 83' lang='lat' dir='ltr'><strong>ex</strong></span> 
     </span>
    </p>
   </div>
   <div class='ocr_carea' id='block_1_104' title="bbox 2075 4397 3733 4466">
    <p class='ocr_par' dir='ltr' id='par_1_104' title="bbox 2075 4397 3733 4466">
     <span class='ocr_line' id='line_1_104' title="bbox 2075 4397 3733 4466; baseline -0.001 -11"><span class='ocrx_word' id='word_1_757' title='bbox 2075 4400 2192 4456; x_wconf 85' lang='lat' dir='ltr'><strong>ﬁde</strong></span> <span class='ocrx_word' id='word_1_758' title='bbox 2231 4405 2341 4457; x_wconf 89' lang='lat' dir='ltr'><strong>est.</strong></span> <span class='ocrx_word' id='word_1_759' title='bbox 2371 4398 2544 4465; x_wconf 88' lang='lat' dir='ltr'><strong>Quod</strong></span> <span class='ocrx_word' id='word_1_760' title='bbox 2578 4404 2773 4454; x_wconf 88' lang='lat' dir='ltr'><strong>autem</strong></span> <span class='ocrx_word' id='word_1_761' title='bbox 2821 4397 2980 4466; x_wconf 88' lang='lat' dir='ltr'><strong>dicit,</strong></span> <span class='ocrx_word' id='word_1_762' title='bbox 3032 4397 3143 4453; x_wconf 89' lang='lat' dir='ltr'><strong>hoc</strong></span> <span class='ocrx_word' id='word_1_763' title='bbox 3200 4402 3289 4453; x_wconf 90' lang='lat' dir='ltr'><strong>est</strong></span> <span class='ocrx_word' id='word_1_764' title='bbox 3321 4414 3335 4449; x_wconf 90' lang='lat'><strong>:</strong></span> <span class='ocrx_word' id='word_1_765' title='bbox 3385 4398 3584 4453; x_wconf 82' lang='lat' dir='ltr'><strong>Merito</strong></span> <span class='ocrx_word' id='word_1_766' title='bbox 3609 4412 3733 4454; x_wconf 88' lang='lat' dir='ltr'><strong>non</strong></span> 
     </span>
    </p>
   </div>
   <div class='ocr_carea' id='block_1_105' title="bbox 2075 4486 3735 4560">
    <p class='ocr_par' dir='ltr' id='par_1_105' title="bbox 2075 4486 3735 4560">
     <span class='ocr_line' id='line_1_105' title="bbox 2075 4486 3735 4560; baseline -0.001 -16"><span class='ocrx_word' id='word_1_767' title='bbox 2075 4488 2311 4545; x_wconf 88' lang='lat' dir='ltr'><strong>creditis</strong></span> <span class='ocrx_word' id='word_1_768' title='bbox 2334 4488 2502 4556; x_wconf 91' lang='lat' dir='ltr'><strong>mihi,</strong></span> <span class='ocrx_word' id='word_1_769' title='bbox 2530 4503 2725 4560; x_wconf 89' lang='lat' dir='ltr'><strong>neque</strong></span> <span class='ocrx_word' id='word_1_770' title='bbox 2749 4486 2909 4542; x_wconf 88' lang='lat' dir='ltr'><strong>enim</strong></span> <span class='ocrx_word' id='word_1_771' title='bbox 2941 4486 3169 4542; x_wconf 87' lang='lat' dir='ltr'><strong>attracti</strong></span> <span class='ocrx_word' id='word_1_772' title='bbox 3200 4486 3336 4541; x_wconf 86' lang='lat' dir='ltr'><strong>estis</strong></span> <span class='ocrx_word' id='word_1_773' title='bbox 3362 4502 3398 4542; x_wconf 91' lang='lat' dir='ltr'><strong>a</strong></span> <span class='ocrx_word' id='word_1_774' title='bbox 3425 4488 3610 4557; x_wconf 87' lang='lat' dir='ltr'><strong>Patre,</strong></span> <span class='ocrx_word' id='word_1_775' title='bbox 3644 4490 3735 4542; x_wconf 86' lang='lat' dir='ltr'><strong>ut-</strong></span> 
     </span>
    </p>
   </div>
   <div class='ocr_carea' id='block_1_106' title="bbox 2074 4576 3735 4652">
    <p class='ocr_par' dir='ltr' id='par_1_106' title="bbox 2074 4576 3735 4652">
     <span class='ocr_line' id='line_1_106' title="bbox 2074 4576 3735 4652; baseline -0.002 -16"><span class='ocrx_word' id='word_1_776' title='bbox 2074 4585 2212 4652; x_wconf 89' lang='lat' dir='ltr'><strong>pote</strong></span> <span class='ocrx_word' id='word_1_777' title='bbox 2242 4578 2475 4648; x_wconf 91' lang='lat' dir='ltr'><strong>indigni</strong></span> <span class='ocrx_word' id='word_1_778' title='bbox 2512 4579 2729 4635; x_wconf 88' lang='lat' dir='ltr'><strong>:Nemo</strong></span> <span class='ocrx_word' id='word_1_779' title='bbox 2758 4578 2912 4632; x_wconf 88' lang='lat' dir='ltr'><strong>enim</strong></span> <span class='ocrx_word' id='word_1_780' title='bbox 2937 4583 3121 4648; x_wconf 84' lang='lat' dir='ltr'><strong>potest</strong></span> <span class='ocrx_word' id='word_1_781' title='bbox 3146 4579 3345 4633; x_wconf 80' lang='lat' dir='ltr'><strong>venire</strong></span> <span class='ocrx_word' id='word_1_782' title='bbox 3365 4577 3446 4633; x_wconf 89' lang='lat' dir='ltr'><strong>ad</strong></span> <span class='ocrx_word' id='word_1_783' title='bbox 3470 4593 3582 4642; x_wconf 90' lang='lat' dir='ltr'><strong>me,</strong></span> <span class='ocrx_word' id='word_1_784' title='bbox 3610 4576 3735 4633; x_wconf 79' lang='lat' dir='ltr'><strong>sive</strong></span> 
     </span>
    </p>
   </div>
   <div class='ocr_carea' id='block_1_107' title="bbox 2075 4666 3737 4738">
    <p class='ocr_par' dir='ltr' id='par_1_107' title="bbox 2075 4666 3737 4738">
     <span class='ocr_line' id='line_1_107' title="bbox 2075 4666 3737 4738; baseline -0.002 -13"><span class='ocrx_word' id='word_1_785' title='bbox 2075 4669 2314 4725; x_wconf 89' lang='lat' dir='ltr'><strong>credere</strong></span> <span class='ocrx_word' id='word_1_786' title='bbox 2344 4668 2405 4723; x_wconf 89' lang='lat' dir='ltr'><strong>in</strong></span> <span class='ocrx_word' id='word_1_787' title='bbox 2446 4684 2558 4733; x_wconf 92' lang='lat' dir='ltr'><strong>me,</strong></span> <span class='ocrx_word' id='word_1_788' title='bbox 2608 4668 2727 4723; x_wconf 84' lang='lat' dir='ltr'><strong>nisi</strong></span> <span class='ocrx_word' id='word_1_789' title='bbox 2763 4668 2960 4731; x_wconf 86' lang='lat' dir='ltr'><strong>Pater,</strong></span> <span class='ocrx_word' id='word_1_790' title='bbox 2999 4666 3097 4738; x_wconf 84' lang='lat' dir='ltr'><strong>qui</strong></span> <span class='ocrx_word' id='word_1_791' title='bbox 3126 4666 3282 4721; x_wconf 82' lang='lat' dir='ltr'><strong>misit</strong></span> <span class='ocrx_word' id='word_1_792' title='bbox 3322 4683 3433 4732; x_wconf 85' lang='lat' dir='ltr'><strong>me,</strong></span> <span class='ocrx_word' id='word_1_793' title='bbox 3478 4666 3737 4724; x_wconf 74' lang='lat' dir='ltr'><strong>traxerit</strong></span> 
     </span>
    </p>
   </div>
   <div class='ocr_carea' id='block_1_108' title="bbox 2073 4755 3737 4829">
    <p class='ocr_par' dir='ltr' id='par_1_108' title="bbox 2073 4755 3737 4829">
     <span class='ocr_line' id='line_1_108' title="bbox 2073 4755 3737 4829; baseline -0.002 -13"><span class='ocrx_word' id='word_1_794' title='bbox 2073 4774 2225 4816; x_wconf 83' lang='lat' dir='ltr'><strong>eum.</strong></span> <span class='ocrx_word' id='word_1_795' title='bbox 2242 4762 2386 4815; x_wconf 89' lang='lat' dir='ltr'><strong>Nam</strong></span> <span class='ocrx_word' id='word_1_796' title='bbox 2400 4762 2457 4813; x_wconf 90' lang='lat' dir='ltr'><strong>et</strong></span> <span class='ocrx_word' id='word_1_797' title='bbox 2472 4756 2746 4829; x_wconf 88' lang='lat' dir='ltr'><strong>superius</strong></span> <span class='ocrx_word' id='word_1_798' title='bbox 2766 4756 2913 4812; x_wconf 85' lang='lat' dir='ltr'><strong>dixit</strong></span> <span class='ocrx_word' id='word_1_799' title='bbox 2937 4772 2951 4811; x_wconf 88' lang='lat'><strong>:</strong></span> <span class='ocrx_word' id='word_1_800' title='bbox 2972 4755 3149 4813; x_wconf 87' lang='lat' dir='ltr'><strong>Omne</strong></span> <span class='ocrx_word' id='word_1_801' title='bbox 3173 4757 3327 4827; x_wconf 86' lang='lat' dir='ltr'><strong>quod</strong></span> <span class='ocrx_word' id='word_1_802' title='bbox 3342 4757 3447 4812; x_wconf 85' lang='lat' dir='ltr'><strong>dat</strong></span> <span class='ocrx_word' id='word_1_803' title='bbox 3459 4755 3737 4813; x_wconf 84' lang='lat' dir='ltr'><strong>mihiPa-</strong></span> 
     </span>
    </p>
   </div>
   <div class='ocr_carea' id='block_1_109' title="bbox 2078 4845 3733 4916">
    <p class='ocr_par' dir='ltr' id='par_1_109' title="bbox 2078 4845 3733 4916">
     <span class='ocr_line' id='line_1_109' title="bbox 2078 4845 3733 4916; baseline -0.001 -13"><span class='ocrx_word' id='word_1_804' title='bbox 2078 4855 2184 4913; x_wconf 86' lang='lat' dir='ltr'><strong>ter,</strong></span> <span class='ocrx_word' id='word_1_805' title='bbox 2208 4849 2289 4905; x_wconf 89' lang='lat' dir='ltr'><strong>ad</strong></span> <span class='ocrx_word' id='word_1_806' title='bbox 2298 4863 2384 4905; x_wconf 88' lang='lat' dir='ltr'><strong>me</strong></span> <span class='ocrx_word' id='word_1_807' title='bbox 2405 4847 2587 4904; x_wconf 86' lang='lat' dir='ltr'><strong>veniet</strong></span> <span class='ocrx_word' id='word_1_808' title='bbox 2609 4847 2656 4883; x_wconf 78' lang='grc'><strong>²⁴</strong></span> <span class='ocrx_word' id='word_1_809' title='bbox 2673 4863 2686 4901; x_wconf 92' lang='lat'><strong>:</strong></span> <span class='ocrx_word' id='word_1_810' title='bbox 2705 4852 2761 4902; x_wconf 91' lang='lat' dir='ltr'><strong>et</strong></span> <span class='ocrx_word' id='word_1_811' title='bbox 2780 4845 2942 4901; x_wconf 89' lang='lat' dir='ltr'><strong>illius</strong></span> <span class='ocrx_word' id='word_1_812' title='bbox 2961 4845 3244 4916; x_wconf 89' lang='lat' dir='ltr'><strong>dictilege</strong></span> <span class='ocrx_word' id='word_1_813' title='bbox 3270 4845 3733 4915; x_wconf 84' lang='lat' dir='ltr'><strong>enarrationem,</strong></span> 
     </span>
    </p>
   </div>
   <div class='ocr_carea' id='block_1_110' title="bbox 2076 4932 3504 5010">
    <p class='ocr_par' dir='ltr' id='par_1_110' title="bbox 2076 4932 3504 5010">
     <span class='ocr_line' id='line_1_110' title="bbox 2076 4932 3504 5010; baseline -0.001 -15"><span class='ocrx_word' id='word_1_814' title='bbox 2076 4954 2215 4995; x_wconf 91' lang='lat' dir='ltr'><strong>cum</strong></span> <span class='ocrx_word' id='word_1_815' title='bbox 2243 4938 2416 4995; x_wconf 89' lang='lat' dir='ltr'><strong>etiam</strong></span> <span class='ocrx_word' id='word_1_816' title='bbox 2445 4936 2525 4995; x_wconf 92' lang='lat' dir='ltr'><strong>ad</strong></span> <span class='ocrx_word' id='word_1_817' title='bbox 2547 4937 2921 5010; x_wconf 86' lang='lat' dir='ltr'><strong>propositum</strong></span> <span class='ocrx_word' id='word_1_818' title='bbox 2947 4936 3187 4993; x_wconf 82' lang='lat' dir='ltr'><strong>verbum</strong></span> <span class='ocrx_word' id='word_1_819' title='bbox 3219 4932 3504 4993; x_wconf 84' lang='lat' dir='ltr'><strong>conferat.</strong></span> 
     </span>
    </p>
   </div>
   <div class='ocr_carea' id='block_1_111' title="bbox 1601 5357 2524 5432">
    <p class='ocr_par' dir='ltr' id='par_1_111' title="bbox 1601 5357 2524 5432">
     <span class='ocr_line' id='line_1_111' title="bbox 1601 5357 2524 5432; baseline 0.001 -2"><span class='ocrx_word' id='word_1_820' title='bbox 1601 5357 1830 5430; x_wconf 79' lang='lat' dir='ltr'><strong>Variae</strong></span> <span class='ocrx_word' id='word_1_821' title='bbox 1852 5357 2189 5432; x_wconf 89' lang='lat' dir='ltr'><strong>lectiones</strong></span> <span class='ocrx_word' id='word_1_822' title='bbox 2228 5369 2295 5431; x_wconf 88' lang='lat' dir='ltr'><strong>et</strong></span> <span class='ocrx_word' id='word_1_823' title='bbox 2319 5368 2524 5431; x_wconf 64' lang='lat' dir='ltr'><strong>notas.</strong></span> 
     </span>
    </p>
   </div>
   <div class='ocr_carea' id='block_1_112' title="bbox 436 5552 1961 5631">
    <p class='ocr_par' dir='ltr' id='par_1_112' title="bbox 436 5552 1961 5631">
     <span class='ocr_line' id='line_1_112' title="bbox 436 5552 1961 5631; baseline 0 -16"><span class='ocrx_word' id='word_1_824' title='bbox 436 5558 547 5631; x_wconf 83' lang='lat'><strong>(57)</strong></span> <span class='ocrx_word' id='word_1_825' title='bbox 592 5557 827 5615; x_wconf 87' lang='lat' dir='ltr'><strong>Inclusa</strong></span> <span class='ocrx_word' id='word_1_826' title='bbox 851 5557 1031 5631; x_wconf 80' lang='lat' dir='ltr'><strong>codex</strong></span> <span class='ocrx_word' id='word_1_827' title='bbox 1056 5561 1304 5630; x_wconf 88' lang='lat' dir='ltr'><strong>uterque</strong></span> <span class='ocrx_word' id='word_1_828' title='bbox 1329 5556 1391 5613; x_wconf 92' lang='lat' dir='ltr'><strong>in</strong></span> <span class='ocrx_word' id='word_1_829' title='bbox 1414 5552 1687 5629; x_wconf 86' lang='lat' dir='ltr'><strong>margine</strong></span> <span class='ocrx_word' id='word_1_830' title='bbox 1708 5553 1961 5616; x_wconf 84' lang='lat' dir='ltr'><strong>exhibet.</strong></span> 
     </span>
    </p>
   </div>
   <div class='ocr_carea' id='block_1_113' title="bbox 366 5628 1072 5687">
    <p class='ocr_par' dir='ltr' id='par_1_113' title="bbox 366 5628 1072 5687">
     <span class='ocr_line' id='line_1_113' title="bbox 366 5628 1072 5687; baseline -0.003 0"><span class='ocrx_word' id='word_1_831' title='bbox 366 5628 688 5687; x_wconf 40' lang='lat' dir='ltr'><strong>He’ntenius</strong></span> <span class='ocrx_word' id='word_1_832' title='bbox 718 5645 840 5686; x_wconf 91' lang='lat' dir='ltr'><strong>non</strong></span> <span class='ocrx_word' id='word_1_833' title='bbox 876 5628 1072 5685; x_wconf 90' lang='lat' dir='ltr'><strong>habet.</strong></span> 
     </span>
    </p>
   </div>
   <div class='ocr_carea' id='block_1_114' title="bbox 438 5699 1966 5782">
    <p class='ocr_par' dir='ltr' id='par_1_114' title="bbox 438 5699 1966 5782">
     <span class='ocr_line' id='line_1_114' title="bbox 438 5699 1966 5782; baseline 0 -23"><span class='ocrx_word' id='word_1_834' title='bbox 438 5702 555 5782; x_wconf 83' lang='lat'><strong>(58)</strong></span> <span class='ocrx_word' id='word_1_835' title='bbox 576 5709 681 5768; x_wconf 85' lang='grc' dir='ltr'>Τῆς</span> <span class='ocrx_word' id='word_1_836' title='bbox 711 5700 1084 5769; x_wconf 88' lang='lat' dir='ltr'><strong>addendum,</strong></span> <span class='ocrx_word' id='word_1_837' title='bbox 1117 5702 1222 5758; x_wconf 89' lang='lat' dir='ltr'><strong>aut</strong></span> <span class='ocrx_word' id='word_1_838' title='bbox 1250 5706 1338 5755; x_wconf 83' lang='grc' dir='ltr'>τοῦ</span> <span class='ocrx_word' id='word_1_839' title='bbox 1356 5699 1536 5777; x_wconf 87' lang='lat' dir='ltr'><strong>paulo</strong></span> <span class='ocrx_word' id='word_1_840' title='bbox 1548 5704 1684 5760; x_wconf 88' lang='lat' dir='ltr'><strong>ante</strong></span> <span class='ocrx_word' id='word_1_841' title='bbox 1696 5700 1966 5760; x_wconf 86' lang='lat' dir='ltr'><strong>omitten-</strong></span> 
     </span>
    </p>
   </div>
   <div class='ocr_carea' id='block_1_115' title="bbox 2074 5557 3727 5705">
    <p class='ocr_par' dir='ltr' id='par_1_115' title="bbox 2074 5557 3727 5705">
     <span class='ocr_line' id='line_1_115' title="bbox 2074 5557 3727 5705; baseline -0.005 -14"><span class='ocrx_word' id='word_1_842' title='bbox 2074 5557 2257 5705; x_wconf 45' lang='lat' dir='ltr'><strong>dllg-ll.)</strong></span> <span class='ocrx_word' id='word_1_843' title='bbox 2296 5624 2488 5698; x_wconf 80' lang='lat' dir='ltr'><strong>Forte,</strong></span> <span class='ocrx_word' id='word_1_844' title='bbox 2544 5631 2614 5695; x_wconf 82' lang='grc' dir='ltr'>ὡς</span> <span class='ocrx_word' id='word_1_845' title='bbox 2660 5624 2847 5696; x_wconf 79' lang='grc' dir='ltr'>καλῶς,</span> <span class='ocrx_word' id='word_1_846' title='bbox 2902 5632 3024 5695; x_wconf 87' lang='lat' dir='ltr'><strong>aut,</strong></span> <span class='ocrx_word' id='word_1_847' title='bbox 3088 5625 3156 5681; x_wconf 84' lang='grc' dir='ltr'>ὧν</span> <span class='ocrx_word' id='word_1_848' title='bbox 3203 5629 3325 5682; x_wconf 86' lang='grc' dir='ltr'>Θεὸν</span> <span class='ocrx_word' id='word_1_849' title='bbox 3376 5630 3470 5690; x_wconf 77' lang='grc' dir='ltr'>τὴν</span> <span class='ocrx_word' id='word_1_850' title='bbox 3509 5625 3727 5687; x_wconf 79' lang='grc' dir='ltr'>κοιλίαν.</span> 
     </span>
    </p>
   </div>
  </div>
