4156 6388
489 216 511 272 1
524 216 621 275 εὸιι

1830 203 2173 269 EUTHYMII
2229 204 2561 269 ZIGABENl

3736 206 3888 275 i239.

558 344 720 399 Vers.
753 341 841 399 44.
874 333 951 399 Et
982 374 1051 384 —
1080 334 1195 400 die.
1241 338 1389 398 Eum
1446 340 1728 407 videlicet,
1787 340 1890 412 qui
1921 339 1997 396 ad
2047 356 2137 395 me

2327 345 2427 393 Καὶ
2452 371 2521 381 —
2545 341 2732 416 ἡμέρᾳ.
2762 342 2859 394 Τὸν
2886 337 3095 391 ἐλθόντα
3146 334 3356 397 δηλαδὴ
3383 340 3509 414 πρὸς
3548 359 3656 412 εμε,
3692 346 3881 396 εἶτουν

485 434 726 499 venerit,
749 432 839 488 vel
860 433 919 487 in
948 448 1040 487 me
1071 431 1406 488 crediderit.
1439 433 1691 486 Rursum
1709 446 1850 499 ergo
1868 435 2143 501 repetens

486 524 640 594 (vv):
673 523 742 577 Et
767 538 867 593 ego
884 522 1243 579 resuscitabo
1257 538 1407 584 eum,
1431 520 1740 593 propriam
1772 520 2147 575 demonstrat

485 612 856 683 dignitatem,
893 618 949 667 et
975 628 1078 683 per
1122 610 1329 666 talium
1361 626 1712 665 sermonum
1744 609 2144 682 frequentiam

484 701 678 772 carpit
704 701 935 757 illorum
958 699 1499 756 insensibilitatem.

555 790 720 845 Vers.
754 790 840 845 45.
871 790 1166 857 Scriptum
1188 795 1269 843 est
1301 819 1356 828 —-
1377 789 1503 843 Deo.
1530 787 1769 843 Addidit
1788 787 1899 843 hoc
1929 788 2144 844 conﬁr-

486 894 669 941 mans,
706 880 862 949 quod
888 877 1199 933 Paterillos
1235 878 1511 942 attrahat,
1546 878 1646 948 qui
1679 876 1756 932 ad
1792 893 1851 931 se
1885 878 2141 933 veniunt.

487 968 710 1033 Omnes,
752 968 962 1039 inquit,
1000 973 1138 1037 puta
1163 966 1240 1023 ad
1268 983 1405 1022 eum
1442 966 1742 1021 venientes
1792 974 1849 1020 et
1904 967 1962 1021 in
2004 982 2143 1021 eum

481 1055 788 1112 credentes
805 1073 870 1112 ac
892 1058 1170 1123 volentes;
1198 1056 1500 1128 siquidem
1526 1055 1756 1111 nullum
1784 1056 2022 1111 attrahit
2043 1072 2145 1111 no-

482 1144 725 1203 lentem.

557 1235 716 1289 Vers.
750 1236 842 1292 45.
876 1234 1068 1291 Omnis
1109 1266 1175 1275 ——
1230 1252 1331 1290 me.
1368 1235 1473 1300 Qui
1507 1234 1734 1291 audivit
1764 1234 2142 1290 intellectuali

480 1324 687 1382 modo.
712 1327 791 1380 Ne
822 1326 973 1379 enim
998 1324 1464 1396 suspicarentur,
1506 1323 1619 1395 ipsi
1640 1323 1821 1379 rudes
1852 1328 1908 1379 et
1935 1323 2141 1391 crassi,

479 1413 630 1485 quod
665 1414 925 1469 sensuali
965 1413 1147 1469 modo
1179 1413 1386 1469 audiat
1418 1412 1743 1485 quisquam
1771 1430 1807 1469 a
1848 1416 2033 1479 Patre,
2063 1412 2143 1467 vi-

479 1502 628 1557 dens
654 1516 781 1557 eum
813 1502 1080 1558 humano
1111 1502 1316 1570 modo,
1352 1503 1431 1557 ait
1461 1520 1473 1557 :

553 1590 718 1646 Vers.
747 1594 835 1647 46.
867 1592 1085 1647 Νοη-
1106 1591 1328 1647 viderit.
1354 1593 1419 1646 Ut
1442 1590 1801 1646 sensibiliter
1828 1591 1905 1647 ab
1940 1607 2011 1647 eo
2042 1607 2145 1656 au_

480 1681 607 1737 dire
638 1682 859 1753 possit:
896 1684 1078 1738 Deum
1120 1682 1274 1738 enim
1301 1698 1456 1737 nemo
1492 1682 1635 1738 vidit
1671 1698 1934 1753 unquam
1964 1684 2033 1737 '5:

553 1771 708 1827 Vers.
740 1775 826 1827 46.
854 1772 1055 1828 Nisi—
1085 1772 1224 1827 Deo.
1253 1772 1366 1826 Nisi
1391 1774 1439 1826 is
1472 1772 1572 1844 qui
1602 1777 1780 1827 natus
1813 1777 1901 1827 est
1929 1788 1967 1827 a
1999 1773 2135 1827 Deo.

2256 434 2342 482 τόν
2372 433 2732 483 πιστεύσαντα
2781 430 2852 491 εἰς
2884 428 2988 501 ἐμέ.
3024 428 3184 481 Πάλιν
3240 426 3326 481 οὖν
3357 432 3437 491 τό,
3476 436 3572 484 Kal
3615 430 3707 482 ἐλὼ
3741 431 3883 486 ἁνα-

2259 524 2442 578 στήσω
2477 520 2650 574 αὐτόν.
2706 516 3084 594 Παραδεικνυει
3138 522 3240 595 ¹γὰρ
3308 523 3367 571 τό
3407 520 3593 573 οἰκεῖον
3636 520 3879 595 ἀξίωμα,

2257 615 2346 661 καὶ
2378 617 2437 681 τῇ
2472 614 2721 683 συνεχείᾳ
2759 618 2858 662 τῶν
2912 612 3163 662 τοιούτων
3195 608 3358 681 λόγων
3413 612 3733 664 καθικνεῖται
3773 622 3883 675 τῆς

2258 697 2610 760 ἀναισθησίας
2635 699 2825 754 αὐτῶν.

2328 785 2480 840 Ἐστι
2510 794 2866 861 γεγραμμένον
2925 820 2994 829 —
3035 795 3185 842 Θεοῦ.
3220 795 3384 841 Τοῦτο
3415 791 3608 842 τέθεικε
3638 788 3876 863 βεϐαιῶν

2256 877 2337 928 ὅτι
2366 878 2391 928 ό
2415 882 2594 952 Πατὴρ
2628 878 2793 930 ἐλκύει
2820 882 2942 940 τοὺς
2970 877 3286 952 ἐρχομένους
3308 882 3435 951 πρός
3462 879 3636 932 αὐτόν.
3670 883 3876 944 Πάντες

2258 960 2316 1016 δε
2353 968 2402 1018 οἱ
2433 965 2711 1040 ἐρχόμενοι
2734 965 2977 1026 δηλονότι
3029 972 3156 1042 πρὸς
3209 967 3383 1037 αὐτόν,
3443 970 3492 1021 οἰ
3531 972 3876 1033 πιστεύοντες

2255 1053 2322 1114 εἰς
2353 1055 2508 1108 αὑτὸν
2538 1058 2568 1115 ἦ
2604 1058 2653 1108 οἱ
2671 1056 2977 1131 βουλόμενοι
3010 1075 3021 1087 ⁸
3058 1052 3273 1129 [οὐδένα
3300 1058 3401 1132 γὰρ
3435 1058 3548 1129 (60)
3571 1063 3642 1130 μὴ
3678 1057 3875 1131 βουλό-

2254 1162 2402 1214 μενον
2432 1143 2454 1217 ]
2483 1144 2674 1204 ἑλκύει.

2329 1240 2436 1297 Πᾶς
2465 1265 2533 1275 -—
2557 1254 2621 1306 με
2651 1258 2662 1269 ·
2696 1235 2753 1289 Ὀ
2784 1235 2983 1290 ἀκούων
3044 1244 3229 1310 νοερῶς
3260 1240 3378 1310 περὶ
3410 1235 3555 1309 ἐμοῦ.
3606 1236 3718 1290 Ἵνα
3762 1241 3872 1313 γὰρ

2254 1326 2326 1395 μὴ
2394 1323 2718 1393 ὑπολάϐωσι,
2761 1333 2957 1397 παχεῖς
2993 1329 3151 1390 ὄντες,
3201 1326 3281 1378 ὅτι
3340 1326 3608 1389 αἱοθητως
3685 1326 3875 1380 ἀκούει

2254 1430 2333 1473 τις
2363 1416 2504 1486 παρά
2530 1422 2620 1466 τοῦ
2654 1418 2872 1489 Πατρός,
2906 1417 3036 1491 ὀρῶν
3064 1415 3220 1468 αὐτόν
3261 1414 3712 1490 ἁνθρωποπρεπῶς
3754 1437 3869 1489 φη-

2258 1520 2340 1553 σιν
2374 1521 2386 1533 ⁹

2328 1591 2438 1643 Οὔκ
2467 1624 2534 1634 —
2566 1592 2805 1668 ἑώρακεν.
2833 1600 2941 1647 Ἰνα
2971 1598 3060 1646 καὶ
3088 1594 3357 1658 αἰσθητῶς
3384 1593 3548 1668 ἀκούῃ
3592 1596 3715 1669 παρ’
3769 1594 3874 1647 αὖ-

2254 1688 2345 1732 τόῦ
2381 1698 2392 1710 ⁸
2423 1686 2552 1735 Θεὸν
2582 1685 2683 1757 γὰρ
2708 1679 2884 1745 οὐδεὶς
2916 1684 3108 1759 ἑώρακε
3138 1691 3359 1741 πώποτε.

2327 1772 2384 1824 Εἰ
2408 1777 2479 1843 μὴ
2514 1803 2583 1813 -
2613 1782 2745 1826 Θεοῦ
2793 1774 2853 1827 Εἰ
2878 1778 2949 1847 μὴ
2976 1776 3000 1825 ὁ
3027 1776 3285 1845 γεννηθεὶς
3316 1773 3372 1826 ἐκ
3393 1782 3484 1827 τοῦ
3507 1782 3659 1829 Θεοῦ.
3693 1782 3872 1828 Τοῦτο

477 1863 597 1917 Hoc
617 1862 773 1916 enim
806 1877 967 1917 nunc
1001 1862 1319 1932 signiﬁcat,
1352 1878 1479 1916 esse
1507 1879 1541 1917 a
1592 1864 1728 1917 Deo.
1776 1864 1837 1917 Et
1867 1878 2048 1934 quare
2080 1861 2137 1917 id

2251 1864 2351 1933 γὰρ
2386 1858 2540 1919 δηλοῖ
2566 1870 2654 1914 νῦν
2695 1867 2751 1915 τό
2777 1863 2835 1915 Ὀ
2861 1864 2973 1935 (6t)
3006 1864 3072 1914 ὡν
3106 1867 3247 1938 παρὰ
3277 1872 3365 1917 τοῦ
3393 1872 3546 1917 Θεοῦ.
3580 1871 3679 1918 Kal
3711 1862 3873 1917 διατί

476 1966 600 2007 non
628 1950 827 2023 posuit
858 1952 1271 2007 manifestius?
1291 1954 1531 2023 PrOpter
1563 1950 1799 2006 illorum
1825 1950 2140 2007 insensibi-

475 2039 698 2096 litatem
730 2062 740 2104 ;
777 2040 827 2095 si
858 2041 1018 2096 enim
1049 2058 1184 2096 cum
1228 2040 1492 2104 dixisset,
1532 2042 1612 2096 De
1654 2040 1788 2096 cazlo
1846 2040 2136 2105 descendi,

476 2126 906 2185 offendiculum
947 2129 1101 2200 passi
1133 2136 1289 2194 sunt,
1336 2128 1631 2200 quidnam
1659 2128 1772 2184 illis
1804 2128 2135 2192 accidisset,

478 2219 528 2273 si
550 2217 613 2273 id
634 2218 812 2273 etiam
836 2218 1076 2290 planius
1106 2216 1387 2272 dixisset?

549 2308 703 2362 Vers.
721 2306 923 2363 46-[1ἱο
938 2307 1083 2361 vidit
1107 2308 1580 2379 PatremUtpote
1595 2305 1868 2377 ejusdem
1888 2310 2134 2375 naturae,

474 2395 838 2463 substantiae,
898 2402 952 2451 et
982 2394 1257 2462 scientiae,
1290 2401 1345 2450 et
1394 2395 1498 2467 qui
1522 2402 1611 2450 est
1636 2396 1695 2450 in
1750 2395 1879 2449 sinu
1929 2395 2133 2466 patris.

474 2482 658 2557 Atqui
678 2484 849 2539 etiam
872 2484 1122 2556 Spiritus
1153 2491 1395 2540 sanctus
1421 2483 1576 2538 videt
1604 2500 1751 2547 eum,
1775 2488 2062 2555 tanquam
2081 2488 2137 2538 et

472 2573 601 2646 ipse
622 2574 887 2644 ejusdem
922 2580 1168 2639 naturae,
1200 2572 1547 2628 substantia:
1562 2578 1616 2627 et
1648 2572 1921 2639 scientiae,
1951 2578 2005 2628 et
2036 2572 2134 2645 qui

474 2663 637 2718 estin
658 2666 824 2717 Patre
853 2663 987 2728 ;sed
1007 2663 1523 2733 nondumtempus
1554 2668 1679 2717 erat
1718 2668 1778 2717 ut
1805 2662 1878 2717 de
1917 2663 2135 2734 Spiritu

476 2757 680 2808 sancto
710 2751 950 2807 doceret
983 2768 995 2807 :
1024 2768 1164 2807 nam
1186 2752 1288 2824 qui
1315 2751 1389 2806 de
1420 2751 1538 2807 tilio
1571 2752 1769 2807 adhuc
1802 2768 1920 2807 non
1948 2752 2134 2807 credi-

472 2841 705 2907 derant,
740 2857 1125 2915 nequaquam
1143 2842 1216 2897 de
1248 2841 1465 2914 Spiritu
1490 2846 1696 2897 sancto
1721 2840 2128 2897 credidissent.

544 3202 710 3259 Vers.
734 3206 824 3260 47.
856 3204 1039 3260 Amen
1066 3235 1133 3245 —
1159 3209 1454 3261 wternam.
1487 3200 1605 3257 Hoc
1636 3203 1813 3259 etiam
1856 3202 2129 3275 superius
2169 3198 2209 3256 C

472 3292 618 3349 dixit
648 3310 785 3349 cum
799 3294 904 3349 ait:
929 3294 1003 3350 Ut
1024 3293 1209 3350 omnis
1229 3294 1333 3365 qui
1354 3293 1508 3349 videt
1529 3292 1761 3357 Filium,
1786 3299 1835 3348 et
1867 3292 2053 3349 credit
2064 3292 2126 3347 in

472 3398 599 3439 eum
622 3382 833 3440 habeat
865 3383 1046 3439 vitam
1079 3389 1359 3439 zternam
1392 3385 1459 3437 ²⁶.

544 3473 708 3529 Vers.
730 3473 818 3529 48.
850 3474 990 3543 Ego.
1015 3476 1241 3529 —-vitae.
1272 3474 1565 3529 Praeterea
1586 3478 1641 3529 et
1661 3473 1845 3529 hocin
1862 3472 2131 3545 superio-

470 3562 640 3619 ribus
665 3562 830 3618 dixit.
848 3565 1161 3619 Estautem
1187 3564 1359 3634 panis
1374 3562 1524 3626 vitae,
1556 3568 1840 3635 tanquam
1859 3562 2129 3619 doctrina

471 3652 741 3708 nutriens
773 3652 1034 3719 animas,
1086 3652 1391 3724 vitamque
1430 3667 1816 3718 conservans,
1868 3658 1921 3707 et
1974 3652 2130 3707 hanc

471 3744 778 3797 aeternam.
814 3739 1096 3795 Paulatim
1137 3748 1334 3795 autem
1366 3740 1477 3795 hos
1510 3740 1774 3805 adducit,
1812 3757 1882 3796 ac
1905 3739 2125 3811 leniter,

471 3846 610 3902 quas
636 3829 713 3885 ad
735 3829 1105 3885 divinitatem
1132 3846 1304 3885 suam
1346 3835 1630 3902 spectant,
1657 3832 1870 3901 aperit.

545 3920 705 3974 Vers.
737 3922 824 3975 49.
859 3920 1069 3975 Patres
1102 3920 1575 3975 ——mortuisunt.
1600 3920 1748 3983 Quia
1781 3920 1836 3974 in
1864 3919 2131 3991 superio-

470 4008 639 4064 ribus
661 4008 960 4067 dixerant:
988 4009 1192 4065 Patres
1212 4012 1401 4064 nostri
1421 4025 1637 4065 manna
1661 4009 2042 4065 comederunt
2067 4008 2129 4064 in

469 4097 695 4156 deserto
710 4100 779 4167 ³⁷,
793 4114 954 4155 nunc
966 4098 1475 4169 comparationem
1490 4098 1790 4154 facitinter
1803 4097 1948 4153 illud
1965 4114 2132 4153 man-

468 4203 549 4244 na
567 4192 625 4244 et
642 4188 803 4245 hunc
834 4204 1073 4260 panem,
1101 4189 1205 4260 qui
1238 4187 1507 4243 videlicet
1530 4188 1601 4243 de
1627 4186 1775 4243 caelo
1798 4187 2126 4251 descendit,

470 4282 527 4335 et
556 4284 645 4333 est
672 4278 846 4351 panis
881 4278 1027 4333 vitm.

541 4367 701 4423 Vers.
733 4371 818 4423 50.
854 4368 970 4423 Hic
1000 4397 1068 4408 —
1093 4367 1407 4423 moriatur.
1434 4366 1633 4433 Quide
1651 4366 1802 4423 caelo
1821 4365 2131 4422 descendit

474 4461 535 4514 ut
553 4458 791 4524 nutriat,
815 4473 886 4513 ac
902 4457 1270 4514 immortales
1290 4457 1518 4513 reddat.
1547 4456 1767 4512 Deinde
1787 4472 2124 4512 sermonem

470 4546 775 4619 explanat,
803 4551 858 4602 et
879 4546 1053 4603 docet
1076 4547 1206 4618 quis
1235 4547 1309 4602 sit
1334 4546 1509 4618 panis
1544 4562 1727 4619 quem
1754 4546 1917 4604 dicit.

542 4724 706 4782 Vers.
737 4729 826 4781 51.
865 4724 991 4795 Ego
1014 4756 1083 4766 —
1105 4723 1266 4784 vitae.
1305 4723 1561 4798 Semper.
1595 4723 1800 4780 vivens
1831 4740 1900 4781 ac
1944 4723 2126 4781 vitam

447 4874 451 4879 ,
470 4814 775 4889 praebens.

541 4904 706 4971 Vers.
747 4904 837 4960 5t.
875 4904 991 4973 Qui
1021 4935 1092 4949 —
1122 4903 1431 4962 descendit.
1482 4902 1692 4971 Quoad
1737 4903 2127 4961 divinitatem.

1712 5087 1759 5121 ³⁷
1791 5083 1937 5141 ibid.
1970 5082 2062 5142 31.

576 5089 625 5125 ³⁵
662 5087 830 5146 Joan.
864 5104 900 5156 ι,
934 5087 1022 5141 18.
1133 5088 1183 5123 ³⁸
1220 5086 1392 5143 Joan.
1427 5099 1502 5151 v1,
1535 5088 1602 5141 40

2250 1955 2321 2022 μὴ
2352 1957 2653 2027 τρανότερον
2685 1952 2814 2005 αὐτό
2842 1955 3035 2006 τέθεικε
3071 1970 3083 2019 ;
3107 1956 3202 2005 Διὰ
3225 1959 3317 2012 τὴν
3342 1953 3538 2006 ἐκείνων
3566 1952 3866 2007 ἀσθένειαν.

2250 2040 2310 2092 Εἰ
2339 2044 2439 2115 γὰρ
2483 2042 2734 2109 εἰπόντος,
2771 2044 2852 2095 ὅτι
2901 2041 3246 2101 Καταϐέϐηκα
3295 2042 3349 2095 ἐκ
3379 2052 3469 2096 τοῦ
3498 2043 3741 2119 οὐρανοῦ,
3771 2064 3869 2097 εσ-

2246 2126 2702 2202 κανδαὶλσθησαν,
2735 2136 2787 2183 τί
2821 2132 2912 2183 οὐκ
2944 2130 3003 2183 ἂν
3035 2130 3309 2201 ἐποίησαν,
3340 2133 3381 2185 εἰ
3419 2139 3509 2186 καὶ
3557 2141 3712 2186 τουτο
3742 2154 3870 2206 φαν-

2247 2227 2369 2290 ερῶς
2401 2216 2534 2272 εἶπεν
2567 2237 2580 2286 ;

2320 2309 2485 2371 Αὐτός
2517 2309 2711 2385 ἑώρακε
2749 2314 2835 2362 τόν
2887 2316 3112 2387 Πατέρα.
3152 2312 3241 2374 Ὠς
3293 2320 3390 2374 τῆς
3450 2312 3613 2375 αὐτῆς
3669 2312 3868 2374 οὐσίας

2246 2402 2334 2450 καὶ
2363 2402 2563 2469 φύσεως
2592 2404 2681 2451 καὶ
2742 2406 3002 2471 γνώσεως,
3036 2406 3125 2453 καὶ
3174 2402 3239 2453 ὢν
3274 2402 3323 2454 ἐν
3363 2410 3471 2465 τοῖς
3530 2402 3740 2464 κόλποις
3771 2410 3866 2455 τοῦ

2248 2492 2466 2561 Πατρός.
2505 2494 2603 2541 Kal
2640 2493 2742 2561 μὴν
2770 2494 2858 2541 καὶ
2884 2493 2939 2542 τό
2974 2497 3183 2563 Πνεῦμα
3208 2495 3265 2544 τὸ
3296 2492 3446 2563 άσγιον
3478 2493 3575 2564 όρᾲ
3606 2492 3767 2545 αὐτὸν
3796 2494 3866 2553 ὡς

2244 2582 2332 2628 καὶ
2356 2577 2477 2629 αὐτὸ
2506 2587 2597 2638 τῆς
2624 2578 2784 2640 αὐτῆς
2814 2579 2994 2640 οὐσίας
3015 2586 3104 2632 καὶ
3131 2583 3332 2653 φύσεως
3353 2586 3443 2634 καὶ
3467 2589 3728 2653 γνώσεως,
3766 2585 3860 2633 καὶ

2245 2666 2311 2717 ὢν
2345 2668 2455 2736 (6'2)
2492 2667 2541 2718 ἐν
2569 2676 2639 2737 τῷ
2675 2673 2859 2741 Πατρί.
2896 2668 3029 2721 Ἀλλ’
3063 2673 3206 2722 οὔπω
3246 2675 3426 2746 καιρὸς
3456 2668 3516 2730 ἦν
3572 2667 3861 2724 διδάσκειν

2242 2760 2360 2829 περὶ
2387 2763 2478 2807 τοῦ
2509 2756 2657 2827 ἁγίου
2683 2760 3000 2830 Πνεύματος.
3034 2760 3121 2830 [οὶ
3151 2762 3252 2833 γὰρ
3278 2761 3395 2832 (63)
3422 2766 3582 2833 μήπω
3616 2766 3739 2836 περὶ
3764 2767 3859 2812 τοῦ

2244 2847 2367 2897 Υἱοῦ
2398 2849 2773 2909 πιστεύσαντες
2809 2847 2901 2900 οὐκ
2947 2846 3007 2899 ἂν
3040 2847 3352 2902 ἐπίστευσαν
3383 2855 3500 2925 περὶ
3557 2858 3647 2903 τοῦ
3697 2850 3858 2922 ἁγίου

2244 2937 2541 3007 Πνεύματος
2564 2955 2575 2967 ·
2606 2934 2629 3009 ]

2314 3201 2473 3275 Ἀμὴν
2503 3233 2570 3242 -
2601 3203 2826 3259 αἰώνιον.
2888 3210 2987 3258 Kal
3035 3204 3272 3274 ἀνωτέρω
3293 3203 3401 3260 εἶπε
3432 3215 3599 3273 τοῦτο,
3641 3207 3806 3281 λέγων
3838 3250 3852 3265 .

2236 3290 2347 3344 Ἵνα
2376 3298 2477 3355 πᾶς
2503 3294 2527 3344 ό
2561 3294 2761 3366 θεωρῶν
2792 3298 2879 3347 τόν
2909 3298 3028 3347 Υἱόν
3057 3300 3145 3348 καὶ
3171 3299 3431 3349 πιστεύων
3456 3297 3529 3359 εἰς
3559 3297 3847 3371 aii-ravim

2239 3382 2378 3441 ζωὴν
2404 3380 2629 3437 αἰώνιον.

2312 3471 2444 3543 Ἐγὼ
2478 3502 2541 3511 -
2579 3475 2734 3533 ζωῆς.
2784 3479 2897 3526 Ἔτι
2928 3472 3164 3549 ἀνωτέρω
3190 3472 3297 3528 εἷπε
3332 3482 3421 3529 καὶ
3452 3483 3626 3531 τοῦτο.
3656 3476 3848 3552 "Apro;

2240 3555 2299 3612 δέ
2328 3558 2437 3612 ἐστι
2459 3568 2552 3622 τῆς
2585 3563 2744 3629 ζωῆς,
2771 3566 2839 3625 ὡς
2869 3568 3063 3637 τρέφων
3096 3573 3155 3638 τῇ
3183 3562 3508 3639 διδασκαλίᾳ
3524 3570 3617 3626 τὰς
3640 3566 3847 3638 ψυχὰς,

2238 3653 2329 3701 καὶ
2364 3661 2670 3723 συγκρατῶν
2697 3657 2788 3710 τήν
2822 3654 2955 3717 ζωὴ,
2996 3659 3085 3706 καὶ
3146 3658 3341 3713 ταύτην
3373 3660 3461 3707 καὶ
3494 3660 3587 3713 τὴν
3618 3656 3843 3708 αἰώνιον.

2242 3741 2387 3791 Κατὰ
2426 3744 2611 3812 μικρὸν
2638 3738 2696 3793 δὲ
2726 3740 2904 3814 ἀνάγει
2932 3746 3167 3810 τούτους,
3196 3750 3285 3796 καὶ
3313 3743 3515 3818 ὁμαλῶς
3549 3743 3847 3797 ἀποκαλυπ-

2239 3848 2316 3881 τει
2345 3832 2407 3881 τὰ
2438 3835 2554 3904 περί
2588 3838 2674 3891 τῆς
2702 3831 2886 3884 ἑαυτοῦ
2920 3835 3183 3896 θεότητος.

2314 3918 2379 3971 Oi
2410 3924 2625 3995 πατέρες
2677 3952 2746 3961 -
2787 3920 3059 3975 ἀπέθανον.
3116 3923 3254 3976 Ἐπεὶ
3312 3922 3654 3999 προλαϐόντες
3707 3919 3843 3976 εἷπον

2241 4007 2402 4079 αὐτῷ,
2436 4011 2507 4061 ὅτι
2543 4013 2607 4061 Oi
2638 4014 2854 4083 πατέρες
2879 4013 3024 4084 ἡμῶν
3051 4015 3109 4064 τό
3140 4013 3305 4084 μάννα
3330 4016 3516 4085 ἔφαγον
3548 4011 3595 4064 ἐν
3625 4021 3687 4085 τῇ
3724 4012 3842 4087 iptio

2238 4118 2319 4171 μῳ
2352 4116 2361 4125 ·
2394 4106 2621 4151 ποιεῖται
2649 4108 2736 4151 νυν
2794 4102 3074 4175 σύγκρισιν
3115 4100 3307 4155 ἐκείνου
3342 4120 3396 4154 τε
3440 4109 3532 4153 τοῦ
3564 4104 3730 4173 μάννα
3756 4102 3841 4151 καὶ

2240 4190 2426 4241 τούτου
2459 4196 2550 4241 τοῦ
2582 4190 2757 4261 sip-rati
2776 4198 2866 4242 τοῦ
2898 4190 2954 4243 ἐκ
2982 4199 3073 4244 τοῦ
3104 4191 3321 4268 οὐρανοῦ
3351 4190 3695 4259 καταϐάντος,
3728 4195 3839 4250 ἤτοι

2239 4286 2330 4329 του
2356 4280 2517 4352 ἄρτου
2545 4287 2640 4341 τῆς
2670 4283 2828 4342 ζωῆς.

2312 4367 2480 4428 Οὗτός
2527 4398 2594 4409 -
2664 4368 2921 4442 ἀποθάνῃ.
2976 4368 3035 4421 Ὀ
3066 4368 3120 4421 ἐκ
3182 4378 3272 4422 τοῦ
3323 4370 3543 4445 οὐρανοῦ
3597 4368 3837 4424 καταϐαί-

2238 4478 2334 4509 νων
2393 4458 2553 4510 ἕνεκεν
2612 4465 2703 4509 τοῦ
2760 4459 2949 4533 θρέψαι
3007 4464 3096 4512 καὶ
3144 4458 3476 4513 ἁθανατίσαι.
3514 4457 3640 4513 Εἶτα
3680 4477 3834 4530 σαφη-

2161 4542 2207 4599 D
2239 4547 2368 4607 νίζει
2418 4550 2504 4599 τόν
2559 4547 2729 4620 λόγον,
2767 4553 2857 4600 καὶ
2886 4544 3137 4601 διδάσκει
3160 4554 3237 4612 τίς
3269 4549 3409 4601 ἐστιν
3452 4552 3477 4602 ό
3509 4551 3661 4625 ἄρτος
3685 4549 3736 4601 ὃν
3765 4546 3835 4597 λέ-

2236 4656 2333 4710 γει.

2313 4731 2441 4799 Ἐγὼ
2466 4758 2532 4767 -
2565 4729 2590 4780 ό
2617 4731 2739 4792 ζῶν.
2780 4727 2838 4781 Ὀ
2872 4730 2972 4791 ζῶν
2996 4728 3074 4782 ἀεὶ
3100 4734 3189 4783 καὶ
3216 4729 3356 4791 ζωὴν
3384 4733 3646 4807 παρέχων.

2312 4904 2372 4957 Ὀ
2452 4937 2517 4945 -
2590 4904 2847 4981 καταϐάς.
2902 4914 2973 4980 Τῇ
3032 4908 3257 4966 θεότητι.
3319 4911 3419 4961 Καὶ
3492 4904 3719 4978 ἀνωτέρω
3770 4893 3827 4951 δὴ

1693 5209 1919 5279 Variae
1948 5209 2279 5279 lectiones
2311 5218 2379 5279 et
2407 5220 2612 5285 notae.

566 5415 658 5484 60)
680 5409 917 5471 Inclusa
944 5410 1165 5484 absunt
1200 5412 1263 5466 Α.

567 5483 659 5559 6t)
686 5485 745 5538 '0
775 5483 994 5542 omittit
1023 5484 1087 5541 A.

2305 5409 2424 5483 (A62)
2453 5405 2569 5483 ἴον,
2593 5426 2702 5483 pro
2728 5414 2817 5483 ὧν,
2858 5417 2913 5465 Β.

2309 5481 2427 5551 (63)
2455 5481 2683 5540 Inclusa
2705 5482 2924 5539 absunt
2965 5489 3025 5535 Δ.

450 5656 455 5661 ’
541 5662 658 5739 (ου)
686 5664 981 5736 Repetam.
1016 5664 1131 5719 Hoc
1162 5662 1236 5720 de
1267 5675 1375 5718 suo
1404 5658 1628 5717 videtur
1658 5657 1956 5717 addidisse
1992 5658 2301 5734 interpres.
