4156 6392
373 232 515 301 1253

1391 227 1766 295 COMMENT.
1819 234 1888 289 lN
1929 219 2281 291 JOANNEM.
2324 262 2393 272 _
2432 228 2590 286 CAP.
2636 229 2731 288 v1.

3630 233 3764 290 1254

375 375 546 421 ταῦτα
590 370 709 441 περὶ
770 364 956 419 ἑαυτοῦ
991 362 1251 440 διαφόρως
1304 361 1430 429 εἷπε,
1491 371 1552 437 τῇ
1598 366 1845 435 συνεχείᾳ
1893 359 1981 413 δι-

2119 358 2372 431 ἱυρθτὶιιβ
2392 372 2638 429 quoque
2664 356 2824 413 idem
2847 355 2922 413 de
2944 356 3024 413 sei
3032 371 3145 429 pso
3162 356 3411 415 variisin
3427 357 3574 416 locis
3590 359 3736 417 dixit
3743 414 3759 445 ,

377 457 621 525 ερεθίζων
672 455 862 518 αὐτοὺς
920 456 991 517 εἰς
1048 459 1106 508 τό
1164 454 1424 528 ἐρωτῆσαι
1490 462 1603 515 πῶς
1658 453 1811 525 ἄρτος
1867 448 1980 501 ἐστὶ

378 548 601 622 ζωηρὸς,
649 550 740 598 καὶ
783 553 895 608 πῶς
951 544 1005 597 ἐκ
1051 552 1143 597 τοῦ
1185 544 1406 619 οὐρανοῦ
1436 539 1805 598 καταϐέϐηκεν·
1872 534 1979 589 ἁ)λ’

379 636 563 690 ἕκεῖνοι
617 639 749 709 πρὸς
799 640 959 707 μόνην
1014 636 1225 708 ὁρῶντες
1278 638 1371 691 τήν
1413 636 1683 707 θεραπείαν
1739 636 1829 689 τῆς
1888 646 1979 698 ’γαρ

382 729 557 801 στρὸς,
610 727 778 778 πάντα
825 724 987 777 τᾶλλα
1041 726 1258 797 περιττὰ
1314 721 1570 795 ἐνόμιζον,
1622 723 1691 783 ὡς
1741 722 1982 793 προειρή-

380 835 563 888 καμεν.

452 906 570 958 Ἐὰν
608 934 677 944 -
724 908 905 956 αὶοῦνα.
937 903 1056 955 Ἐὰν
1098 921 1174 962 τις
1222 920 1468 973 μετασχῃ
1502 897 1595 961 τῆς
1637 896 1985 958 διδασκαλίας

381 997 561 1048 αὐτοῦ.
599 994 791 1046 Ἐσθίει
840 995 942 1065 γὰρ
975 991 1027 1054 ἐξ
1058 992 1217 1043 αὐτοῦ
1266 992 1291 1041 6
1321 988 1726 1063 μεταλαμϐάνων
1769 990 1981 1047 ταύτης·

384 1082 588 1157 βρῶσις
633 1084 733 1155 γὰρ
780 1080 871 1133 καί
909 1082 1063 1147 αὕτη,
1095 1084 1358 1156 τρέφουσα
1386 1084 1479 1137 τὴν
1507 1078 1714 1150 ψυχήν.
1761 1080 1982 1135 Ζήσεται

384 1170 444 1225 δὲ
481 1172 555 1235 εἰς
583 1176 669 1224 τὸν
696 1172 876 1237 αἰῶνα,
906 1174 1072 1224 ε’ίτουν
1103 1168 1203 1235 ἀεὶ,
1256 1172 1321 1231 ὡς
1350 1165 1615 1241 μηδέποτε
1644 1168 1986 1225 ἀποθνήσκων

382 1266 469 1314 τόν
516 1261 752 1333 ψυχικὸν
796 1261 1032 1315 θάνατον,
1088 1263 1327 1331 Ψυχικὸς
1361 1256 1420 1311 δὲ
1452 1258 1666 1317 θάνατος
1692 1260 1717 1309 ό
1760 1256 1859 1308 ἀπὸ
1896 1264 1986 1308 τοῦ

384 1356 512 1405 Θεοῦ
556 1356 853 1425 χωρισμός·
889 1349 1062 1424 ὥσπερ
1094 1354 1182 1402 καὶ
1234 1352 1528 1421 σωματικός
1580 1349 1797 1407 θάνατος
1827 1348 1852 1398 6
1883 1348 1985 1397 ἀπὸ

382 1449 480 1502 τῆς
502 1440 692 1511 ψυχῆς
714 1443 1012 1514 χωρισμός.
1054 1445 1189 1491 Ζωοῖ
1212 1441 1310 1512 γὰρ
1342 1441 1400 1490 τὸ
1443 1445 1596 1510 σῶμα
1624 1441 1714 1510 μεν
1744 1439 1770 1495 ὁ
1803 1436 1982 1508 ψυχή’

382 1535 480 1589 τὴν
507 1529 690 1602 ψυχὴν
723 1526 781 1582 δε
812 1530 837 1581 ό
878 1533 1022 1590 Θεός.

460 1624 560 1673 Καὶ
608 1622 711 1692 μὴν
763 1618 943 1671 πολλοὶ
989 1616 1266 1689 μετεἊαϐον
1332 1625 1426 1679 τῆς
1488 1613 1843 1678 διδασκαλίας
1892 1622 1985 1667 τοῦ

2088 447 2395 503 iteratione
2420 448 2686 503 excitans
2718 462 2841 512 eos,
2870 450 2933 502 ut
2962 446 3417 517 interrogarent,
3448 451 3760 522 quomodo

2090 538 2430 610 essetpanis
2453 538 2626 592 vivus
2646 553 2749 592 seu
2762 536 3092 606 viviﬁcans,
3124 542 3180 593 et
3195 553 3461 610 quonam
3481 540 3656 596 modo
3686 541 3761 596 de

2092 628 2239 685 coelo
2266 627 2684 684 descendisset.
2713 626 2920 684 Verum
2948 627 3026 683 illi
3068 628 3257 684 solam
3294 629 3509 685 ventris
3552 646 3759 687 curam

2093 722 2448 789 spectantes,
2463 722 2673 772 caetera
2690 718 2895 773 omnia
2907 716 3542 789 superﬂuaducebant,
3555 735 3761 792 quem-

2093 806 2424 861 admodum
2468 805 2864 879 praediximus.

2165 898 2327 949 Vers.
2362 900 2447 950 51.
2482 896 2629 950 Si—
2677 901 2975 951 aeternum.
3006 895 3068 951 St
3107 896 3243 969 quis
3269 896 3555 953 doctrinas
3606 896 3762 954 illius

2097 985 2394 1057 particeps
2422 984 2611 1040 fuerit.
2637 988 2782 1041 Nam
2810 985 2913 1057 qui
2942 1002 3076 1042 eam
3106 986 3438 1058 participat,
3467 1003 3539 1043 ex
3578 1002 3647 1043 eo
3667 1003 3762 1044 eo-

2097 1074 2281 1129 medit
2309 1090 2322 1129 :
2354 1073 2653 1145 siquidem
2673 1082 2728 1129 et
2746 1074 2877 1145 ipsa
2899 1074 3066 1130 cibus
3084 1080 3171 1131 est
3183 1076 3449 1133 animam
3471 1076 3759 1133 nutriens.

2110 1165 2265 1219 Vivet
2283 1164 2343 1218 in
2361 1164 2796 1227 aeternum,sive
2814 1179 3070 1237 semper,
3087 1168 3292 1236 utpote
3312 1182 3625 1238 nunquam
3639 1182 3763 1223 mo-

2098 1253 2317 1309 riturus
2344 1258 2531 1309 morte
2564 1252 2773 1308 anima:
2804 1269 3000 1320 ;mors
3029 1262 3223 1310 autem
3258 1255 3471 1312 animae
3495 1261 3765 1329 estsepa-

2097 1344 2246 1397 ratio
2264 1358 2299 1397 a
2319 1345 2451 1406 Deo,
2470 1342 2993 1414 quemadmodum
3015 1344 3192 1401 etiam
3212 1360 3374 1401 mors
3391 1346 3658 1419 corporis
3678 1350 3767 1403 est

2096 1432 2281 1504 ipsius
2312 1431 2391 1488 ab
2422 1433 2612 1488 anima
2642 1433 2960 1504 separatio.
2994 1435 3141 1490 Nam
3164 1434 3295 1508 ipsa
3316 1436 3520 1493 anima
3544 1451 3765 1509 corpus

2095 1521 2374 1589 vivificat,
2406 1521 2675 1579 animam
2726 1537 2865 1577 vero
2907 1522 3088 1581 Deus.

2165 1613 2341 1684 Atqui
2391 1611 2595 1683 plures
2671 1610 2992 1683 perierunt,
3060 1612 3161 1685 qui
3203 1613 3490 1671 doctrinas
3556 1613 3767 1672 Christi

386 1714 622 1783 Χριστοῦ
669 1713 759 1759 καὶ
806 1708 925 1779 (64)
977 1706 1259 1762 ἀπώλοντο.
1318 1705 1446 1758 ἀλλὰ
1474 1714 1647 1767 κακῶς
1687 1704 1987 1778 ἐχρήσαντο

2122 1706 2334 1756 uerunt
2358 1699 2696 1773 participes,
2730 1700 2835 1755 sed
2876 1701 2955 1756 illi
2988 1700 3085 1757 tali
3118 1702 3564 1775 participatione
3612 1704 3766 1762 male

385 1805 448 1870 τῇ
509 1795 816 1869 μεταλήψει·
876 1803 964 1847 νῦν
1024 1792 1083 1848 δὲ
1131 1800 1250 1867 περὶ
1298 1804 1397 1849 τῶν
1458 1795 1628 1856 καλῶς
1688 1794 1820 1867 αὐτῇ
1875 1794 1986 1865 (65)

384 1889 668 1959 χρωμένων
707 1886 733 1937 6
785 1884 957 1956 )όγος,
991 1885 1050 1937 οὐ
1098 1890 1341 1958 περὶτῶν
1384 1881 1793 1957 διαφθειράντων
1825 1884 1988 1943 αὐτὴν

386 1975 625 2047 ἐπιμιξίᾳ
677 1972 955 2047 δογμάτων
1012 1983 1247 2048 πονηρῶν
1287 1978 1316 2032 ἦ
1378 1974 1665 2046 φαυλότητι
1703 1973 1984 2036 πολιτείας.

386 2062 616 2128 ’Ἑδειξεν
668 2061 757 2117 οὖν
822 2066 905 2117 ὃτι
962 2069 1231 2138 κρείττονα
1297 2065 1452 2137 ἄρτον
1518 2066 1721 2125 τούτοις
1790 2059 1990 2116 δίδωσι

388 2157 533 2230 παρὰ
561 2157 619 2205 τό
649 2157 815 2226 μάννα
836 2155 861 2206 ὅ
887 2156 1071 2226 ἔφαγον
1102 2155 1150 2205 οὶ
1179 2159 1393 2229 πατέρες
1424 2154 1588 2206 αὐτῶν
1619 2152 1667 2205 ἓν
1698 2173 1760 2225 τῃ
1791 2152 1985 2228 ἐρήμῳ.

389 2246 582 2298 Ἐκεῖνο
620 2247 709 2317 μεν
734 2246 835 2317 γὰρ
873 2246 921 2296 οἱ
956 2248 1192 2315 φαγόντες
1240 2242 1508 2311 ἀπέθανον,
1553 2242 1611 2295 ἐκ
1642 2247 1826 2295 τούτου
1855 2240 1913 2295 δε
1944 2242 1991 2295 οἰ

388 2341 670 2410 τρώγοντες
693 2334 947 2395 ζήσονται
977 2333 1044 2394 εἰς
1074 2336 1160 2385 τὸν
1187 2334 1367 2389 αἰῶνα.

465 2516 567 2566 Καὶ
622 2544 689 2553 -
743 2510 879 2565 ἕστί·
934 2514 1081 2565 Κατὰ
1138 2508 1237 2564 δύο
1294 2516 1515 2587 τρόπους
1568 2513 1725 2586 ἄρτος
1772 2514 1911 2565 ἐστὶν
1968 2513 1993 2563 6

391 2605 642 2675 Χριστὸς,
699 2604 834 2653 κατά
881 2621 936 2654 τε
986 2606 1080 2659 τὴν
1141 2603 1362 2659 θεότητα
1426 2607 1515 2654 καὶ
1580 2604 1717 2653 κατὰ
1763 2606 1856 2660 τὴν
1912 2600 1996 2653 ἀν-

394 2693 723 2766 θρωπότητα.
783 2688 1010 2754 Διδάξας
1064 2690 1151 2743 οὖν
1213 2695 1331 2765 περὶ
1384 2699 1475 2743 τοῦ
1540 2694 1674 2743 κατὰ
1718 2696 1814 2749 τὴν
1880 2693 1994 2743 θεό-

390 2800 548 2849 τητα,
600 2788 688 2833 νῦν
730 2776 980 2833 διδάσκει
1008 2784 1098 2833 καὶ
1134 2784 1252 2853 περὶ
1292 2788 1382 2833 τοῦ
1428 2783 1564 2832 κατὰ
1591 2785 1683 2838 τὴν
1728 2779 1998 2854 ἄνθρωπό-

393 2889 547 2929 τητα.

466 2958 576 3011 Οὐκ
606 2955 714 3011 εἶπε
763 2954 841 3024 δέ,
898 2959 978 3011 ὅτι
1006 2956 1101 3011 ’ον
1133 2954 1356 3031 δίδωμι,
1388 2957 1511 3030 ἀλλ’,
1564 2960 1644 3011 ὅτι
1672 2958 1766 3011 Ὀν
1816 2954 1994 3013 δώσω.

2098 1793 2188 1847 usi
2219 1798 2356 1847 sunt
2403 1807 2416 1857 ;
2472 1806 2632 1846 nunc
2688 1796 2886 1848 autem
2941 1790 3016 1846 de
3062 1789 3155 1846 his
3190 1798 3278 1849 est
3316 1809 3533 1861 sermo,
3562 1795 3665 1867 qui
3697 1810 3769 1851 ea

2098 1883 2249 1937 bene
2281 1881 2372 1935 usi
2395 1886 2551 1945 sunt,
2584 1896 2708 1935 non
2739 1880 2812 1936 de
2843 1879 2957 1935 illis
2982 1880 3087 1953 qui
3113 1897 3239 1937 eam
3257 1897 3579 1954 pravorum
3608 1899 3769 1939 com-

2098 1972 2376 2027 mistione
2424 1970 2797 2041 dogmatum,
2831 1975 2934 2026 aut
2960 1972 3430 2028 conversationis
3478 1974 3768 2045 pravitate

2096 2066 2507 2132 corruperunt.
2542 2060 2806 2115 Ostendit
2856 2075 3016 2130 ergo,
3086 2060 3252 2132 quod
3307 2063 3767 2131 praestantiorem

2099 2150 2215 2207 illis
2232 2149 2434 2207 cibum
2459 2150 2700 2218 tribuat,
2718 2164 2907 2221 quam
2931 2148 3105 2204 fuerit
3127 2150 3557 2223 manna,,quod
3575 2166 3768 2208 come-

2099 2241 2314 2297 derunt
2346 2244 2539 2312 patres
2597 2255 2807 2329 eorum
2872 2238 2930 2294 in
2963 2238 3201 2294 deserto
3251 2256 3268 2293 :
3315 2238 3393 2294 illi
3447 2238 3770 2329 siquidem.

2101 2336 2420 2404 postquam
2471 2328 2874 2395 comederunt,
2934 2329 3148 2385 mortui
3189 2335 3345 2395 sunt,
3388 2328 3495 2402 qui
3524 2345 3665 2387 vero
3696 2328 3769 2387 ex

2103 2421 2216 2477 hoc
2247 2420 2453 2489 edunt,
2482 2420 2678 2475 vivent
2699 2418 2761 2475 in
2788 2424 3093 2474 aeternum.

2180 2513 2337 2566 Vers.
2370 2514 2457 2565 5t.
2483 2510 2560 2565 Et
2588 2540 2647 2551 -
2673 2515 2775 2565 est.
2804 2507 3046 2563 Duobus
3069 2506 3258 2564 modis
3281 2506 3539 2565 Christus
3561 2509 3773 2566 dicitur

2104 2616 2230 2657 esse
2263 2600 2454 2672 panis,
2489 2598 2819 2654 secundum
2846 2596 3220 2653 divinitatem
3251 2597 3523 2654 videlicet
3580 2604 3637 2655 et
3665 2598 3774 2654 hu-

2106 2691 2479 2745 manitatem.
2541 2691 2865 2759 Postquam
2908 2702 3051 2757 ergo
3091 2687 3293 2744 docuit
3344 2687 3419 2743 de
3456 2688 3638 2744 modo
3668 2687 3772 2760 qui

2106 2778 2439 2833 secundum
2479 2776 2851 2833 divinitatem
2902 2781 3006 2841 est,
3067 2791 3227 2832 nunc
3292 2776 3471 2834 etiam
3503 2778 3675 2833 docet
3695 2776 3773 2833 de

2105 2868 2287 2923 modo
2308 2866 2411 2939 qui
2441 2871 2532 2922 est
2562 2864 2890 2922 secundum
2920 2864 3377 2921 humanitatem.

2177 2955 2304 3011 Non
2332 2962 2531 3012 autem
2551 2954 2695 3011 dixit
2729 2954 2949 3023 :Quem
2980 2953 3081 3019 do,
3114 2952 3214 3009 sed
3232 2969 3397 3026 quem
3420 2953 3569 3010 dabo
3603 2953 3770 3010 datu-

392 3047 608 3120 Ἐμελλε
659 3050 759 3122 γὰρ
808 3048 964 3100 αὐτόν
1018 3044 1208 3101 δώσειν
1257 3046 1305 3100 ἐν
1352 3057 1424 3119 τῷ
1474 3048 1747 3119 τελευταίῳ
1780 3045 1992 3120 δείπνῳ,

2119 3062 2208 3100 rus
2237 3060 2501 3117 namque
2522 3049 2648 3100 erat
2677 3044 2734 3098 in
2761 3043 2967 3099 ultima
2994 3058 3180 3107 omna,
3211 3043 3450 3114 quando
3464 3049 3774 3115 sumptum

394 3139 479 3192 ὅτε
506 3136 674 3190 λαϐὼν
700 3141 789 3191 τὸν
828 3139 980 3214 ἄρτον
1010 3142 1101 3189 καὶ
1131 3138 1528 3212 εὐχαριστήσας
1556 3138 1671 3210 (66)
1698 3137 1881 3191 ἕκλασε
1909 3143 1999 3191 καὶ

394 3224 576 3281 ἐδίδου
624 3235 733 3290 τοῖς
763 3228 1020 3301 μαθηταῖς
1057 3233 1146 3280 καὶ
1176 3226 1303 3281 εἷπε’
1359 3227 1572 3295 Λάϐετε,
1608 3230 1810 3301 φάγετεο
1845 3233 1997 3281 τοῦτό

396 3316 510 3371 ἔστι
536 3320 593 3370 τὸ
620 3318 773 3389 σῶμά
811 3336 937 3390 μου.

466 3412 696 3466 Ζήτησον
737 3414 826 3459 οῦν
864 3410 923 3459 τό
978 3406 1258 3470 ἑξηκοστὸν
1312 3411 1552 3482 τέταρτον
1599 3407 1871 3481 κεφάλαιον
1908 3416 2001 3461 τοῦ

394 3499 533 3549 κατὰ
566 3499 855 3564 Ματθαῖον,
905 3502 995 3549 καὶ
1051 3497 1165 3569 (67)
1212 3499 1331 3549 ἔνθα
1368 3506 1536 3550 κεῖται
1578 3501 1636 3550 τό
1691 3499 1779 3560 Εἰς
1817 3500 2001 3571 ἄφεσιν

396 3586 683 3660 ἁμαρτιῶν,
747 3585 1008 3658 ἀνάγνωθι
1058 3592 1147 3645 τὴν
1205 3586 1456 3658 ἐξήγησιν
1508 3586 1649 3657 ὃλην,
1707 3592 1798 3640 καὶ
1855 3589 2004 3663 εὑρή-

402 3695 511 3736 σεις
536 3685 643 3737 πῶς
674 3676 785 3729 ἐστι
815 3679 872 3728 τό
916 3684 1069 3748 σῶμα
1095 3676 1256 3729 αὐτοῦ
1287 3678 1464 3749 ἄρτος.

468 3764 564 3817 Ἦν
618 3796 684 3804 -
741 3764 897 3825 ζωῆς.
961 3770 1141 3831 Δώσω,
1194 3764 1263 3827 εἰς
1318 3767 1555 3819 θάνατον.
1614 3767 1866 3819 Ἐνταῦθα
1902 3767 2003 3839 γὰρ

398 3858 494 3913 τὴν
527 3856 823 3927 σταύρωσιν
873 3853 1033 3905 αὐτοῦ
1080 3859 1447 3927 προσημαίνει.
1508 3859 1578 3909 T6
1630 3852 1708 3924 δε,
1748 3854 1843 3908 Ἠν
1908 3854 2004 3927 ἐγὼ

400 3940 581 4009 δώσω,
606 3946 664 3996 1'6
686 3943 923 3995 ἑκούσιον
954 3940 1186 4015 ἐμφαίνει
1216 3951 1308 3995 τοῦ
1334 3947 1572 3998 τοιούτου
1602 3947 1822 4008 πάθους.

471 4122 767 4193 Ἐμάχοντο
824 4152 894 4163 -
973 4129 1189 4195 φαγεῖη
1265 4122 1639 4197 Ἐταράττοντο
1694 4128 1765 4196 μὴ
1850 4119 2006 4175 δυνά-

400 4229 543 4284 μενοι
591 4213 854 4264 πιστεύειν
896 4218 968 4284 τῷ
1017 4212 1153 4284 λόγῳ
1208 4208 1301 4265 διὰ
1366 4217 1424 4265 τὸ
1480 4211 1651 4267 δοκεῖν
1725 4210 2003 4267 ἀδύνατον.

403 4302 583 4353 Πάντα
631 4303 730 4373 γὰρ
784 4304 919 4354 κατὰ
967 4305 1121 4375 φύσιν
1166 4300 1503 4370 ἐξετάζοντες,
1557 4300 1710 4356 οὐδὲν
1758 4305 2008 4379 ὑπερφυὲς

402 4387 758 4465 παρεδέχοντο

476 4566 626 4622 Εἶπεν
679 4600 748 4612 --
800 4570 1022 4634 ἑαυτοῖς.
1093 4568 1309 4623 Ἐκεῖνοι
1368 4574 1459 4644 μεν
1530 4568 1787 4625 ἀδύνατον
1847 4580 2002 4626 τοῦτο

405 4658 786 4731 ὑπελάμϐανον
847 4660 1001 4721 αὐτὸς
1073 4657 1134 4713 δε
1199 4657 1465 4715 δείκνυσιν
1528 4661 1650 4714 αὐτὸ
1722 4666 1808 4714 καὶ
1877 4667 2008 4735 σφό-

407 4744 513 4823 δρα
541 4744 763 4802 δυνατόν
796 4751 929 4822 (69)·
974 4755 1065 4803 καὶ
1104 4749 1162 4802 οὐ
1200 4758 1348 4804 τοῦτο
1385 4756 1539 4825 μόνον
1570 4749 1699 4804 ἀλλὰ
1726 4757 1818 4804 καὶ
1847 4751 2005 4824 ἀναγ-

405 4844 573 4905 καῖον,
606 4841 728 4914 ὅπερ
767 4844 857 4892 καὶ
895 4838 979 4893 ἰπὶ
1007 4848 1101 4892 τοῦ
1151 4837 1463 4915 Νικοδήμου
1507 4845 1784 4900 πεποίηκε.
1834 4848 2005 4917 Προσ-

482 5037 529 5074 ³⁸
561 5035 766 5096 Matth.
806 5053 955 5108 xxvi,
984 5040 1098 5097 26..
1213 5041 1259 5077 ’³
1282 5038 1429 5098 ibid.
1461 5042 1551 5097 28.

2109 3151 2327 3207 panem
2354 3134 2498 3191 actis
2521 3133 2725 3203 gratiis
2747 3132 2934 3204 fregit,
2959 3131 3234 3205 deditque
3247 3132 3583 3205 discipulis,
3604 3132 3770 3189 etait:

2107 3225 2375 3295 Accipite
2404 3223 2683 3281 comedite
2711 3240 2730 3291 ;
2756 3224 2864 3280 hoc
2885 3229 2965 3279 est
2987 3238 3197 3292 corpus
3224 3223 3482 3279 meum".

2183 3405 2391 3469 Quaere
2405 3418 2543 3473 ergo
2558 3402 2981 3472 sexagesimum
2996 3406 3258 3475 quartum
3276 3406 3459 3473 caput
3472 3399 3778 3473 Evangelii

2114 3494 2449 3552 secundum
2481 3493 2848 3563 Matthaeum;
2880 3496 2935 3547 et
2962 3492 3062 3547 ubi
3089 3491 3466 3565 positumest,
3504 3492 3564 3547 in
3578 3492 3778 3569 remis-

2110 3588 2322 3643 sionem
2348 3591 2719 3654 peccatorum
2746 3584 2816 3646 “,
2849 3582 2978 3653 lege
3012 3586 3188 3638 totam
3219 3580 3682 3647 enarrationem,
3707 3594 3779 3637 ac

2111 3676 2374 3734 invenies
2399 3673 2702 3747 quomodo
2732 3688 2948 3745 corpus
2976 3672 3105 3743 ejus
3138 3672 3213 3727 sit
3237 3670 3430 3743 panis.

2184 3767 2349 3821 Vers.
2390 3764 2480 3819 51.
2538 3763 2720 3830 Quam
2770 3792 2834 3804 —
2869 3762 3019 3818 vita.
3080 3762 3245 3818 Dabo
3279 3760 3338 3816 in
3375 3765 3641 3816 mortem.
3680 3759 3780 3816 Hic

2113 3854 2275 3912 enim
2293 3852 2732 3909 cruciﬁxionem
2756 3868 2925 3907 suam
2941 3852 3288 3924 praesignat.
3314 3851 3522 3905 Dicens
3554 3855 3779 3905 autem:

2116 3945 2304 4013 Quam
2344 3959 2449 4013 ego
2478 3940 2647 4007 dabo,
2682 3941 3019 3997 ultroneam
3050 3939 3233 3996 fuisse
3263 3938 3554 4012 signiﬁcat
3580 3938 3783 4011 hujus-

2117 4034 2270 4089 modi
2312 4032 2675 4105 passionem.

2185 4122 2349 4179 Vers.
2380 4121 2473 4176 52.
2504 4118 2903 4177 Decertabant
2932 4148 3002 4159 —
3038 4118 3121 4175 ad
3147 4118 3568 4175 comedendum
3593 4122 3617 4169 ?
3644 4119 3781 4174 Tur-

2114 4211 2435 4276 babantur,
2464 4226 2585 4267 non
2616 4214 2887 4283 potentes
2912 4207 3175 4265 sermoni
3206 4208 3461 4275 credere,
3486 4206 3650 4280 quod
3671 4205 3785 4264 hoc

2116 4300 2478 4374 impossibile
2508 4300 2825 4355 videretur.
2859 4300 3006 4355 Nam
3036 4315 3173 4354 cum
3204 4298 3412 4355 omnia
3450 4297 3784 4354 secundum

2041 4420 2088 4476 D
2119 4397 2397 4448 naturam
2411 4387 2950 4463 inquirerent,nihil
2963 4387 3129 4461 quod
3147 4403 3329 4460 supra
3344 4393 3622 4444 naturam
3635 4391 3783 4459 erat,

2120 4481 2543 4540 admittebant.

2191 4572 2353 4627 Vers.
2392 4571 2484 4627 53.
2516 4569 2684 4627 Dixit
2715 4599 2774 4611 —
2819 4569 2997 4626 vobis.
3032 4567 3118 4623 llli
3139 4566 3388 4641 quidem
3424 4567 3541 4625 hoc
3564 4567 3787 4639 impos-

2122 4659 2676 4733 sibilejudicabant,
2710 4659 2836 4730 ipse
2868 4656 3565 4731 veroomninopossibile
3586 4662 3791 4714 osten-

2120 4751 2234 4818 dit;
2256 4766 2450 4823 neque
2465 4750 2524 4805 id
2549 4754 2798 4811 tantum,
2818 4747 2921 4804 sed
2943 4746 3123 4804 etiam
3152 4751 3555 4804 necessarium
3581 4765 3594 4803 :
3628 4746 3789 4819 quod

2119 4840 2299 4899 etiam
2330 4839 2465 4898 fecit
2521 4838 2593 4897 ad
2625 4836 3043 4896 Nicodamum.
3092 4837 3270 4894 Addit
3321 4842 3520 4895 autem
3564 4837 3688 4893 :Et
3716 4836 3789 4895 de

1656 5247 1883 5320 Varias
1921 5246 2250 5319 lectiones
2281 5258 2584 5320 etnotae.

480 5471 597 5545 (64)
629 5468 816 5545 nollet
973 5469 1151 5526 ἴλαϐον
1185 5477 1248 5528 Α.

412 5538 805 5692 φθξῗῗὶνξωῗτίθ
852 5538 1239 5619 χρησαμένων,
1287 5548 1354 5602 ιιι
1401 5548 1599 5617 antea,
1648 5548 1705 5603 et
1747 5561 1886 5603 mox
1920 5538 2014 5599 δια

485 5686 599 5767 (66)
638 5686 869 5746 Etenim
894 5687 1295 5765 εὐχαριστήσας
1320 5688 1421 5748 illo
1450 5688 1690 5759 inloco,
1722 5704 1847 5749 non
1875 5689 2014 5743 εὐλο-

2120 5476 2299 5546 γήσας
2324 5471 2552 5546 habent
2580 5471 2761 5529 codd.
2793 5468 3073 5543 Euthym.
3106 5472 3163 5528 et
3187 5468 3287 5528 alii
3307 5462 3608 5544 permulti.

2195 5543 2311 5610 (67)
2335 5550 2435 5598 Καὶ
2452 5544 2621 5600 abest
2650 5550 2717 5600 A.

2196 5549 2285 5610 (67
2335 5549 2621 5600 Katabest
2650 5550 2717 5600 A.

2223 5616 2290 5673 68
2337 5612 2632 5689 ’Υπερφυῶς
2649 5611 3048 5690 παραδέχονται
3077 5618 3144 5671 A.

2196 5549 2312 5763 (69)
2350 5685 2561 5763 Σφόδρα
2588 5683 2846 5742 ἀδύνατον
2876 5689 2936 5745 Β.

2220 5683 2310 5761 69)
2350 5683 2561 5769 Σφόδρα
2588 5683 2936 5745 ἀδύνατονἙ.
