4156 6412
458 248 481 302 1
492 246 595 303 2ὃ5

1782 224 2140 299 EUTHYMII
2178 228 2507 297 ZIGABENI

3706 242 3844 305 1256

453 374 770 445 sanguine,
815 371 1165 441 signiﬁcans
1202 371 1277 427 de
1310 383 1463 443 pane
1514 384 1585 424 ac
1613 368 1847 439 poculo,
1872 370 2100 440 quaa,ut

2217 369 2401 425 τίθησι
2461 365 2520 421 δὲ
2574 373 2673 423 Καὶ
2754 375 2874 444 περὶ
2929 380 3020 425 τοῦ
3079 375 3325 445 αἵματος,
3389 376 3659 447 σημαίνων
3722 376 3839 448 (ἷο)

454 464 682 520 dictum
715 463 1083 523 est.daturus
1114 458 1570 530 eratdiscipulis
1596 459 1656 513 in
1678 457 1888 512 ultima
1910 473 2101 513 coena.

456 557 682 611 Rursus
722 556 926 610 autem
972 553 1156 608 vitam
1198 550 1339 607 dicit
1376 554 1662 605 aeternam
1696 549 1819 603 sive
1845 548 2102 603 beatam.

526 824 691 879 Vers.
747 823 830 878 54.
868 823 978 889 Qui
1003 827 1391 878 —crternam.
1423 820 1707 874 Continue
1746 818 1804 872 in
1833 830 2109 872 sermone

452 914 527 969 de
549 913 934 968 sacramentis
965 910 1341 973 immoratur,
1366 909 1446 963 rei
1477 908 1885 962 necessitatem
1917 910 2111 961 osten-

451 1004 617 1068 dens,
653 1009 793 1074 puta
822 1001 989 1074 quod
1029 1001 1139 1055 hoc
1178 1000 1426 1054 omnino
1467 998 1588 1053 ﬁeri
1626 1002 1914 1069 oporteat.
2002 1004 2005 1007 '

524 1093 681 1149 Vers.
720 1094 809 1147 5i.
838 1093 911 1146 Et
942 1090 1142 1146 —die.
1163 1090 1382 1146 Crebro
1436 1103 1774 1143 sermonem
1810 1088 1880 1141 de
1910 1084 2031 1141 vita
2056 1088 2112 1141 et

447 1182 873 1239 resurrectione
886 1181 1115 1251 repetit,
1139 1179 1386 1250 cupiens
1407 1193 1547 1233 eum
1568 1176 1751 1231 menti
1767 1176 2108 1230 auditorum

448 1271 733 1344 imprimi.
767 1272 909 1336 Quae
936 1285 1077 1340 ergo
1106 1269 1281 1324 variis
1320 1268 1379 1322 in
1404 1267 1545 1323 locis
1583 1264 2006 1338 praemisimus,
2041 1279 2111 1319 ea

448 1377 608 1416 nunc
639 1361 697 1415 in
729 1375 1033 1415 summam
1066 1356 1401 1428 colligenda
1446 1361 1603 1410 sunt.
1636 1358 1712 1409 Ex
1750 1370 1867 1425 quo
1897 1368 2109 1408 omnes

446 1450 720 1507 homines
769 1448 1162 1504 resuscitandi
1228 1451 1385 1513 sunt,
1434 1460 1764 1516 omnesque
1820 1447 2109 1515 perpetuo

446 1541 677 1605 victuri,
710 1539 1031 1608 intelligere
1063 1537 1343 1592 convenit
1397 1536 1885 1591 resurrectionem
1924 1533 2107 1603 justo-

445 1646 580 1686 rum
594 1629 864 1701 quidem,
884 1644 1017 1682 eam
1034 1642 1171 1698 quae
1185 1627 1289 1681 erit
1319 1626 1377 1680 in
1400 1624 1703 1690 fruitione;
1725 1628 2104 1694 peccatorum

2217 462 2335 531 περὶ
2392 466 2490 510 τοῦ
2558 460 2719 532 ἄρτου
2783 466 2873 513 καὶ
2926 470 3019 514 τοῦ
3086 469 3343 537 ποτηρίου
3400 464 3437 515 ἅ
3496 464 3718 537 ἔμελλεν,
3773 469 3841 528 ὡς

2220 548 2443 619 εἴρηται,
2515 544 2700 601 δοῦναι
2782 558 2893 612 τοῖς
2976 554 3241 624 μαθηταῖς
3309 556 3358 606 ἓν
3418 561 3491 624 τῷ
3560 553 3838 626 τελευταίῳ

2221 632 2434 707 δείπνῳ.
2486 642 2632 696 Ζωὴν
2673 635 2733 691 δὲ
2790 639 2943 692 πάλιν
2982 641 3117 714 λέγει
3168 646 3263 702 τὴν
3310 642 3537 710 αἰώνιον,
3589 644 3708 703 ἦτοι
3736 650 3835 703 τὴν

2220 731 2506 799 μακαρίαν.

2288 813 2346 865 Ὀ
2404 846 2465 856 --
2521 816 2744 869 αἰώνιον.
2812 826 3049 891 Συνεχῶς
3116 824 3323 894 στρέφει
3384 825 3471 874 τὸν
3542 826 3660 896 περὶ
3732 833 3834 876 τῶν

2219 909 2525 978 μυστηρίων
2555 905 2723 978 λόγον,
2759 904 2960 969 δεικνυς
2989 914 3047 961 τό
3069 911 3349 981 ἀναγκαῖον
3374 918 3466 964 τοῦ
3489 913 3825 984 πράγματος,

2220 994 2300 1044 ὅτι
2325 997 2529 1056 πάντως
2557 998 2797 1067 γενέσθαι
2823 1005 2977 1050 τοῦτο
3004 1004 3139 1073 χρή.

2294 1089 2393 1136 Καὶ
2431 1115 2501 1124 -
2551 1088 2739 1161 ἡμέρα.
2782 1093 2995 1150 Πυκνῶς
3033 1088 3216 1142 ἑλιττει
3265 1090 3382 1161 (71)
3433 1094 3523 1142 καὶ
3571 1091 3659 1141 τὸν
3705 1094 3830 1162 περὶ

2220 1180 2316 1235 τῆς
2375 1173 2515 1234 ζωῆς
2570 1181 2659 1227 καὶ
2709 1185 2800 1237 τῆς
2872 1175 3206 1241 ἀναστάσεως
3279 1179 3449 1251 λόγον,
3522 1178 3831 1251 βουλόμενος

2221 1262 2376 1314 αὐτόν
2437 1262 2727 1317 ἐντυπῶσαι
2776 1274 2839 1324 τῆ
2903 1263 3113 1340 διανοίᾳ
3163 1276 3261 1320 τῶν
3318 1267 3628 1323 ἀκουόντων.
3656 1275 3719 1321 Ἀ
3770 1265 3832 1321 δὲ

2221 1348 2483 1427 διαφόρως
2531 1354 2990 1429 προεστειλάμεθα,
3032 1365 3201 1410 ταῦτα
3230 1365 3319 1409 νῦν
3360 1354 3659 1416 συλλήϐδην
3701 1356 3831 1409 ἀνα-

2219 1442 2609 1513 κεφαλαιωτέον·
2671 1445 2775 1511 ὅτι,
2847 1444 2955 1499 ἐπεὶ
3031 1449 3214 1508 πάντες
3279 1449 3547 1521 ἄνθρωποι
3589 1446 3828 1505 ἀναστή-

2222 1551 2418 1600 σονται,
2468 1537 2557 1585 καὶ
2596 1536 2785 1595 πάντες
2820 1535 3067 1595 ζήσονται
3121 1536 3360 1603 αἰωνίως,
3416 1542 3670 1609 προσήκει
3694 1544 3826 1589 νοεῖν

2219 1618 2525 1691 ἀνάστασιν,
2567 1622 2651 1675 ἐπὶ
2702 1632 2802 1675 τῶν
2852 1621 3070 1677 δικαίων
3102 1630 3191 1698 μὲν
3240 1630 3334 1684 τὴν
3388 1624 3471 1678 ἐπὶ
3512 1624 3821 1691 ἀπολαύσει,

444 1734 608 1782 vero,
650 1734 779 1790 quae
808 1719 866 1773 in
906 1716 1220 1788 supplicio.
1279 1718 1530 1770 Rursum
1591 1714 1772 1769 vitam
1827 1718 2100 1770 aeternam

2217 1709 2303 1762 ἐπὶ
2343 1720 2443 1762 τῶν
2486 1712 2803 1785 ἁμαρτωλῶν
2844 1710 3027 1773 δὲτὴν
3072 1714 3155 1768 ἐπὶ
3193 1715 3425 1768 κολάσει“
3460 1720 3549 1767 καὶ
3584 1716 3650 1767 αὖ
3682 1716 3823 1776 ζωὴν

438 1807 757 1879 justorum,
818 1824 945 1862 eam
976 1823 1111 1878 quas
1165 1805 1271 1860 erit
1320 1806 1379 1859 in
1425 1804 1672 1876 requie:
1720 1808 2104 1874 peccatorum

445 1902 669 1965 autem,
702 1913 833 1968 quae
866 1896 923 1951 in
945 1896 1272 1951 tormentis.

515 1989 675 2042 Vers.
710 1991 796 2041 55.
832 1986 983 2041 Caro
1014 1986 1166 2040 enim
1193 2013 1264 2026 —
1288 1990 1474 2053 potus.
1503 2014 1571 2023 —
1602 1984 1781 2039 Verus
1811 1988 1894 2038 est
1925 1981 2101 2046 cibus,

442 2077 567 2133 sive
598 2077 965 2145 aptissimus,
998 2076 1197 2146 u'tpole
1218 2073 1503 2136 animam,
1529 2088 1663 2144 quas
1692 2072 2106 2144 propriissima

440 2166 695 2221 hominis
709 2181 847 2237 pars
873 2169 977 2231 est,
1006 2166 1269 2219 nutriens
1299 2161 1667 2219 :etsimiliter
1696 2162 1770 2217 de
1789 2162 2100 2231 sanguine.

413 2260 552 2321 ,Aut
600 2255 716 2309 hoc
763 2254 911 2309 dixit
949 2251 1313 2308 conﬁrmans
1344 2251 1509 2323 quod
1564 2267 1679 2306 non
1712 2250 2101 2322 aanigmatice,

438 2360 631 2417 neque
670 2342 998 2417 parabolice
1034 2341 1386 2413 lequeretur.

510 2434 679 2491 Vers.
714 2437 800 2489 56.
845 2432 957 2499 Qui
1009 2463 1077 2471 —
1128 2431 1247 2486 illo.
1297 2461 1365 2471 —
1409 2430 1477 2485 In
1508 2445 1597 2484 me
1644 2435 1863 2494 manet,
1904 2428 2105 2484 unitur

439 2526 585 2584 mihi
602 2542 707 2599 per
725 2522 1487 2594 tranasumptionem(x:r)et
1503 2521 2100 2576 communicationem

439 2632 585 2672 mea;
615 2615 810 2670 carnis
862 2613 1099 2684 meique
1162 2611 1489 2681 sanguinis,
1535 2614 1591 2664 et
1652 2626 1837 2664 unum
1886 2626 2102 2681 corpus

438 2721 676 2761 mecum
715 2702 985 2767 efﬁcitur,
1007 2717 1075 2757 ac
1102 2701 1401 2773 particeps
1436 2700 1565 2754 vitae
1590 2716 1720 2771 quae
1758 2700 1815 2753 in
1846 2716 1941 2754 me
1971 2705 2099 2766 est;

435 2794 601 2867 quod
631 2794 680 2848 si
710 2793 802 2848 ille
829 2793 887 2847 in
910 2806 1002 2845 me
1029 2796 1137 2858 est,
1174 2791 1375 2861 utique
1401 2794 1456 2844 et
1485 2804 1597 2857 ego
1640 2789 1698 2843 in
1740 2788 1862 2844 illo.

510 2884 678 2939 Vers.
738 2883 821 2937 57.
865 2881 1033 2938 Sicut
1068 2911 1134 2919 —
1164 2882 1427 2935 Patrem.
1483 2880 1663 2942 Sicut,
1729 2882 1829 2950 qui
1864 2895 2102 2952 semper

434 2972 581 3029 vivit
606 2975 790 3038 Pater,
816 2971 976 3026 misit
1007 2986 1119 3033 me,
1156 2968 1437 3038 itaetego
1464 2967 1915 3024 immutabiliter
1947 2969 2095 3035 vivo,

436 3078 508 3119 eo
539 3062 700 3131 quod
749 3078 783 3118 a
827 3062 1054 3115 vivente
1085 3058 1254 3114 Patre
1308 3065 1485 3112 natus
1512 3074 1667 3112 sum.

506 3154 548 3222 σι-
580 3152 645 3207 In
675 3150 1079 3221 cognitionem
1105 3164 1216 3203 nos
1248 3147 1492 3217 inducit,
1541 3146 1705 3218 quod
1737 3148 2096 3219 principium

432 3241 701 3307 habeat,-
735 3245 791 3295 et
842 3253 962 3294 non
997 3238 1072 3292 sit
1102 3237 1330 3308 absque
1381 3236 1674 3307 principio
1728 3236 1879 3292 sicut
1911 3240 2094 3292 Pater.

429 3334 543 3387 Aut
567 3330 744 3386 etiam
768 3328 883 3384 alio
918 3326 1100 3382 modo
1126 3333 1365 3396 prapter
1394 3327 1651 3390 Patrem,
1684 3325 1744 3380 id
1785 3331 1871 3381 est
1900 3344 1911 3382 :
1949 3327 2099 3391 Quia

428 3421 602 3476 Pater
628 3419 763 3474 vivit
790 3437 809 3489 ;
837 3417 955 3473 nisi
993 3416 1267 3472 enimille
1297 3416 1537 3479 viveret,
1574 3431 1767 3487 neque
1806 3430 1918 3485 ego
1946 3416 2097 3471 vive-

425 3524 575 3565 rem.
609 3508 759 3574 Quia
806 3522 948 3562 vero
978 3505 1072 3561 ille
1105 3506 1244 3561 vivit
1294 3508 1353 3561 et
1407 3519 1516 3573 ego
1568 3504 1727 3558 vivo.
1773 3507 1837 3559 Et
1864 3504 1977 3560 nisi
2003 3504 2096 3561 ille

423 3599 692 3663 haberet,
729 3611 1107 3669 quaecunque
1134 3594 1334 3659 habet,
1395 3608 1590 3665 neque
1630 3609 1742 3663 ego
1786 3593 2092 3659 haberem,

425 3701 800 3761 quaecunque
855 3684 1069 3740 habeo.
1122 3683 1427 3755 Siquidem
1498 3682 1671 3737 nobis
1718 3685 1921 3740 omnia
1961 3688 2097 3740 sunt

423 3777 658 3842 eadem,
691 3773 952 3845 exceptis
982 3772 1403 3845 personalibus
1427 3772 1913 3845 proprietatibus.

400 3888 406 3894 ·
494 3866 659 3922 Vers.
691 3868 781 3920 57.
841 3864 918 3919 Et
965 3894 1029 3904 —
1086 3878 1196 3918 me.
1237 3862 1760 3928 Quemadmodum
1792 3879 1904 3933 ego
1939 3864 2091 3931 vivo,

424 3955 569 4029 quia
590 3960 766 4010 natus
793 3969 929 4008 sum
954 3970 988 4008 a
1014 3953 1245 4007 vivente
1274 3952 1466 4020 Patre,
1499 3954 1577 4008 ita
1607 3958 1665 4008 et
1702 3954 1798 4025 qui
1830 3954 1948 4008 edit
1978 3971 2091 4019 me,

420 4060 553 4119 ipse
573 4059 816 4116 quoque
845 4042 1014 4105 vivet,
1032 4058 1103 4097 eo
1129 4041 1294 4114 quod
1312 4058 1404 4098 me
1426 4043 1529 4113 qui
1554 4043 1671 4098 vita
1693 4059 1853 4111 sum,
1886 4044 2091 4109 ederit,

421 4134 735 4206 vitamque
767 4132 1217 4205 participaverit.

491 4224 656 4281 Vers.
688 4224 777 4277 58.
818 4223 924 4277 Hic
959 4253 1017 4262 —
1052 4221 1153 4293 qui
1181 4220 1494 4277 descendit.
1531 4222 1651 4288 Hic,
1687 4226 1853 4294 puta,
1882 4222 1986 4295 qui
2016 4222 2095 4279 vi-

421 4318 543 4372 tam
574 4317 822 4385 praestat
852 4312 1302 4383 sempiternam.

496 4404 663 4496 Vers.
704 4403 794 4457 58.
828 4402 957 4496 Ilion
986 4432 1049 4441 —
1083 4400 1295 4496 mortui
1322 4406 1477 4455 sunt.
1504 4399 1630 4456 Non
1664 4402 1881 4456 mortui
1932 4406 2093 4468 sunt,
2127 4440 2174 4496 Β

417 4494 522 4567 qui
567 4492 740 4548 illum
789 4491 1063 4555 ederunt,
1119 4490 1404 4545 videlicet.
1457 4490 1618 4546 Sicut
1666 4498 1869 4560 patre:
1913 4489 2094 4547 vestri

419 4583 801 4641 comederunt
841 4596 1057 4635 manna
1087 4587 1142 4636 et
1168 4582 1577 4646 mortuisunt;
1604 4597 1809 4637 verum
1823 4583 1974 4638 sicut
2002 4582 2083 4649 hi,

415 4673 519 4746 qui
548 4686 776 4727 manna
822 4670 965 4725 illud
1000 4669 1409 4733 comederunt,
1444 4686 1625 4724 carne
1669 4676 1884 4726 mortui
1927 4681 2082 4738 sunt,

415 4763 497 4819 ita
523 4761 693 4832 etqui
721 4774 940 4831 panem
972 4759 1133 4813 hunc
1153 4759 1355 4823 edunt,
1391 4774 1571 4814 carne
1594 4759 1945 4816 moriuntur.
1970 4762 2079 4818 Sed

415 4849 479 4907 hi
510 4849 638 4917 soli,
693 4866 831 4905 cum
884 4849 943 4904 in
986 4864 1087 4920 spe
1118 4848 1251 4904 vita)
1318 4853 1553 4904 aeternae
1588 4849 1931 4917 moriuntur,
1959 4866 2081 4907 non

417 4939 699 4998 videntur
728 4938 899 5006 mori,
942 4938 1049 4996 sed
1078 4938 1442 4995 obdormire.

2215 1803 2304 1871 μὲν
2336 1801 2540 1853 αἰώνιον
2570 1801 2654 1855 ἐπὶ
2682 1812 2782 1855 τῶν
2824 1801 3044 1856 δικαίων
3074 1810 3167 1863 τὴν
3197 1804 3245 1856 ἐν
3277 1804 3586 1873 ἀπολαᾶσει,
3620 1803 3704 1858 ἐπὶ
3760 1802 3823 1858 δὲ

2215 1898 2314 1941 τῶν
2334 1890 2652 1963 ἁμαρτωλῶν
2677 1898 2771 1951 τὴν
2799 1891 2847 1945 ἐν
2876 1894 3109 1948 κολάσει.

2283 1979 2340 2032 ’Π
2401 1984 2501 2054 γὰρ
2563 1982 2695 2057 σὰρξ
2758 2014 2827 2023 --
2877 1988 3050 2045 πόσις.
3108 2016 3177 2025 -
3230 1984 3457 2045 Ἀληθής
3521 1984 3640 2055 (72)
3704 1981 3821 2035 ἐστι

2217 2068 2439 2141 βρῶσις,
2508 2074 2626 2129 ἦτοι
2689 2075 3010 2148 κυριωτάτη,
3073 2076 3139 2135 ὼς
3194 2078 3251 2126 τὸ
3307 2081 3624 2147 κυριώτατον
3663 2076 3821 2146 μέρος

2214 2166 2306 2210 τοῦ
2366 2158 2638 2234 ἀνθρώπου
2691 2166 2953 2236 τρέφουσα
2988 2166 3077 2221 τὴν
3121 2162 3322 2235 ψυχήν
3366 2168 3457 2215 καὶ
3496 2166 3553 2215 τό
3585 2164 3718 2235 αἷμα
3758 2158 3819 2214 δὲ

2214 2250 2423 2320 ὁμοίως.
2466 2248 2533 2303 Ἤ
2574 2259 2741 2303 ταῦτα
2771 2249 2879 2305 εἶπε
2920 2250 3144 2325 βεϐαιῶν
3173 2255 3253 2305 ὅτι
3285 2253 3379 2305 οὐκ
3409 2256 3632 2325 αἴνιγμα
3681 2252 3819 2322 λέγει

2213 2335 2338 2391 οὐδὲ
2375 2339 2700 2415 παραϐολήν,

2282 2428 2339 2480 Ὀ
2372 2460 2440 2469 —
2480 2430 2640 2499 αὐτῷ.
2673 2462 2739 2471 -
2771 2430 2849 2484 Ἐν
2877 2431 2988 2504 ἐμοὶ
3027 2436 3185 2504 μένει,
3238 2432 3437 2485 ἐνοῦταί
3465 2451 3555 2505 μοι
3604 2427 3697 2483 διὰ
3721 2439 3816 2493 τῆς

2212 2518 2543 2590 μεταλήῲεως
2590 2524 2674 2572 καὶ
2725 2526 2991 2581 κοινωνίας
3043 2528 3133 2582 τῆς
3182 2520 3313 2594 ἐμῆς
3362 2526 3559 2595 σαρκός
3598 2526 3689 2573 καί
3725 2528 3816 2573 τοῦ

2212 2607 2336 2679 ἐμοῦ
2387 2610 2625 2681 αἳματος,
2668 2614 2755 2661 καὶ
2787 2613 3071 2683 σύσσωμός
3101 2630 3191 2682 μοι
3220 2616 3423 2682 γίνεται
3453 2616 3557 2673 ⁸καὶ.
3595 2615 3817 2682 μέτοχος

2212 2706 2301 2758 τῆς
2356 2696 2404 2749 ἐν
2445 2697 2557 2771 ἐμοὶ
2591 2700 2750 2761 ζωῆς⁸
2816 2699 2859 2751 εἰ
2890 2696 2939 2751 δ’
2972 2698 3159 2761 ἐκεῖνος
3189 2700 3238 2752 ἐν
3270 2699 3404 2773 ἐμοὶ,
3432 2703 3639 2761 πάντως
3667 2698 3816 2771 κάγὼ

2212 2805 2259 2837 εν
2290 2807 2451 2856 αυτῳ.

2285 2878 2469 2937 Καθὼς
2513 2909 2578 2917 -
2622 2882 2845 2952 Πατέρα·
2903 2880 3086 2941 Καθὼς
3119 2881 3217 2941 ζῶν
3251 2876 3517 2930 ἀπέστειλέ
3542 2896 3605 2949 με
3644 2879 3669 2929 ό
3700 2877 3815 2949 (73)

2210 2966 2312 3026 ζῶν
2345 2970 2546 3039 Πατὴρ,
2577 2968 2711 3018 οὗ-ω
2750 2970 2893 3039 κάγὼ
2932 2969 3005 3028 ζῶ
3036 2967 3446 3042 ἀπαραλλάκτως
3493 2964 3587 3020 διά
3618 2970 3677 3019 τὸ
3706 2986 3816 3039 γεν-

2140 3082 2179 3137 C
2208 3057 2429 3113 νηθῆναι
2451 3056 2508 3108 ἐκ
2540 3057 2726 3117 ζῶντος
2761 3061 2983 3131 Πατρός.

2278 3144 2499 3217 [Γνῶσιν
2545 3146 2661 3217 (74)
2711 3149 2836 3219 ἡμῖν
3048 3147 3249 3219 εἰσάγει
3295 3154 3387 3199 τοῦ
3428 3149 3569 3219 ἔχειν
3610 3150 3808 3220 ἀρχὴν,

2207 3240 2294 3285 καὶ
2356 3239 2427 3306 μὴ
2462 3232 2591 3286 εἶναι
2638 3237 2873 3310 ἄναρχος
2910 3237 3084 3308 ὥσπερ
3145 3238 3169 3287 ό
3216 3242 3413 3310 Ηατηρ.
3450 3242 3516 3289 Ἦ
3564 3240 3654 3288 καὶ
3707 3236 3813 3288 ἐτέ-

2206 3343 2326 3398 ρως.
2380 3326 2475 3375 Διά
2528 3328 2587 3375 τό
2628 3325 2723 3397 ζῇν
2767 3328 2853 3377 τόν
2898 3330 3101 3397 Πατέρα
3132 3326 3271 3396 (76).
3301 3325 3360 3379 Εἰ
3388 3330 3460 3397 μὴ
3491 3328 3593 3399 γὰρ
3626 3324 3813 3387 ἐκεῖνος

2207 3414 2316 3479 ἓξη,
2373 3410 2497 3466 οὐδὲ
2540 3414 2638 3485 ἐγὼ
2695 3416 2842 3475 ἔζωνο
2902 3414 3009 3467 ἐπεὶ
3061 3412 3121 3467 δὲ
3159 3414 3349 3477 ἐκεῖνος
3394 3416 3480 3481 ζῆ,
3515 3416 3589 3476 ζῶ
3640 3414 3809 3486 κάγώ.

2209 3510 2309 3556 Καὶ
2340 3504 2383 3555 εἰ
2429 3508 2500 3575 μὴ
2542 3503 2729 3566 ἕκεῖνος
2763 3502 2901 3577 εἶχεν
2941 3506 3042 3556 ὅσα
3074 3507 3208 3577 ἔχει,
3241 3501 3365 3557 οὐδὲ
3396 3504 3496 3576 ἐγὼ
3528 3501 3673 3575 εἶχον
3711 3506 3813 3557 ὅσα

2205 3595 2336 3665 ἔχω.
2372 3593 2494 3646 Ἴσα
2540 3597 2640 3667 γὰρ
2678 3597 2798 3668 ἡμῖν
2849 3597 3039 3660 πάντα,
3089 3600 3259 3668 χωρὶς
3308 3603 3407 3647 τῶν
3458 3602 3809 3670 προσωπικῶν

2209 3680 2506 3742 ἰδιοτὴτων.
2540 3683 2562 3756 ]

2280 3867 2380 3916 Καὶ
2450 3895 2502 3904 —
2564 3864 2667 3935 ἐμέ.
2713 3862 2912 3938 Ὠσπερ
2968 3862 3067 3935 ἐγὼ
3115 3866 3213 3926 ζῶν
3258 3859 3351 3916 ὃιά
3401 3867 3460 3916 τὸ
3499 3865 3812 3935 γεννηθῆναι

2206 3951 2263 4004 ἐκ
2295 3953 2487 4013 ζῶντος
2536 3956 2761 4026 Πατρός,
2809 3952 2944 4004 οὓτω
2987 3957 3074 4004 καὶ
3114 3955 3139 4005 ό
3187 3959 3400 4026 τρώγων
3445 3973 3529 4026 με,
3576 3953 3813 4016 κάκεῖνος

2208 4047 2447 4106 ζήσεται,
2494 4040 2586 4094 διὰ
2615 4046 2672 4094 τὸ
2698 4048 2911 4117 τρώγειν
2942 4041 3027 4115 ἐμὲ
3053 4047 3147 4101 τὴν
3179 4042 3312 4103 ζωὴν
3351 4047 3437 4095 καὶ
3466 4043 3809 4116 μεταλαμϐά-

2201 4152 2303 4185 νειν
2333 4141 2394 4191 τῆ
2408 4154 2429 4194 ς
2452 4136 2555 4195 ζωῆ
2570 4152 2607 4195 ς.

2277 4223 2438 4284 Οὗτος
2487 4253 2552 4263 -
2599 4221 2849 4285 καταϐάς.
2904 4223 3087 4290 Οὗτος,
3139 4223 3164 4274 ὁ
3214 4223 3355 4285 ζωὴν
3399 4224 3604 4277 αἰώνιον
3640 4245 3809 4301 χορη-

2202 4322 2327 4384 γῶν.

2275 4402 2351 4455 Οὐ
2392 4434 2457 4443 —
2517 4400 2786 4457 ἀπέθανον.
2840 4402 2950 4455 Οὐκ
3000 4401 3383 4455 ἀποθανοῦνται
3432 4406 3481 4456 οἱ
3522 4410 3804 4478 τρώγοντες

2203 4492 2356 4545 αὐτὸν
2416 4488 2677 4549 δηλονότι.
2738 4494 2923 4553 Καθὼς
2984 4494 3170 4565 ἔφαγον
3250 4495 3298 4545 οἱ
3374 4498 3591 4569 πατέρες
3662 4494 3801 4567 ὑμῶν

2201 4586 2259 4635 τό
2313 4584 2479 4654 μάννα
2537 4587 2627 4634 καὶ
2700 4579 2973 4638 ἀπέθανον.
3031 4587 3130 4634 Καὶ
3191 4586 3314 4654 μὴν,
3393 4585 3569 4659 ὥσπερ
3638 4583 3689 4635 οἰ
3742 4584 3798 4633 τὸ

2196 4674 2361 4735 μάννα
2420 4670 2577 4724 ἐκεῖνο
2649 4676 2894 4743 φαγόντες
2949 4670 3202 4724 ἀπέθανον
3263 4680 3326 4745 τῇ
3413 4677 3597 4746 σαρκὶ,
3667 4672 3803 4724 οὕτω

2194 4768 2283 4814 καὶ
2329 4763 2379 4813 οἱ
2428 4765 2514 4813 τόν
2573 4762 2728 4835 ἄρτον
2786 4768 2967 4814 τοῦτον
3036 4766 3326 4834 τρώγοντες
3401 4760 3801 4819 ἀποθνήσκουσι

2192 4859 2255 4923 τῇ
2321 4855 2499 4924 σαρκί’
2558 4848 2664 4902 ἀλλ’
2723 4850 2868 4903 οὗτοι
2920 4855 3067 4923 μόνοι
3119 4852 3199 4903 ἐπ’
3243 4848 3419 4904 ἐλπίδι
3476 4852 3613 4911 ζωῆς
3675 4850 3798 4900 αἰω-

2192 4948 2299 4993 νίου
2365 4938 2798 5012 ἀποθνήσκοντες,
2868 4940 2927 4992 οὐ
3003 4936 3253 4994 δοκοῦσιν
3329 4940 3616 5007 ἀποθανεῖν,
3685 4936 3795 4990 ἀλλ’

2193 5033 2406 5084 ὑπνοῡν.

1618 5181 1845 5252 Variae
1900 5182 2229 5263 lectiones
2284 5192 2351 5251 et
2390 5192 2590 5252 notae.

486 5317 602 5393 (70)
638 5317 829 5376 Malim
856 5336 1036 5392 προσμ
1082 5320 1252 5393 αίνων.

485 5386 597 5463 (71)
622 5386 979 5463 Plerumque
999 5386 1216 5463 'spiritu
1265 5386 1383 5443 leni
1426 5386 1691 5445 scribunt
1725 5388 1987 5457 Codices,
2022 5398 2080 5447 ut

410 5461 509 5518 hic
542 5467 806 5518 uterque.
1362 5474 1367 5479 ’
1984 5484 1988 5489 -
2036 5502 2043 5505 .

482 5502 856 5676 ἷτξξτύΐόὲς
885 5533 1054 5598 enim,
1084 5547 1204 5588 non
1235 5530 1625 5599 alnemlegil.

486 5605 577 5675 (73
632 5611 742 5655 Ζῶν
774 5606 988 5660 omittit
1008 5603 1289 5665 A.Malim
1317 5602 1516 5659 tollere
1545 5606 1625 5675 pri

486 5602 602 5675 (73)
632 5611 742 5655 Ζῶν
774 5606 988 5660 omittit
1008 5603 1289 5665 A.Malim
1317 5602 1516 5659 tollere
1545 5606 1707 5675 prius
1738 5605 1861 5665 ζῶν,

2261 5318 2373 5390 (74)
2405 5317 2539 5374 Haec
2570 5318 2629 5373 in
2666 5317 2936 5387 margine
2965 5317 3194 5375 habent
3231 5318 3493 5376 codices.

2261 5391 2728 5477 (7'5)~Heptenius
2768 5391 3046 5457 reddidit,
3081 5408 3150 5447 ac
3182 5390 3235 5446 si
3264 5391 3509 5462 legerit:
3544 5391 3636 5454 Εἰς
3671 5400 3805 5465 γνῶ-

2191 5481 2273 5514 σιν
2300 5482 2437 5534 ημας
2468 5480 2686 5544 εισαγει.
2779 5542 2797 5549 κ
2877 5532 2889 5549 ³
2922 5522 2931 5533 ι
2959 5538 2967 5549 '

2259 5535 2377 5605 (76)
2410 5534 2697 5605 intellige,
2732 5534 2805 5595 ξω
2832 5553 2999 5606 κάγὼ.

487 5700 619 5782 (παι)
653 5702 1257 5776 Transsumptionem.
1283 5702 1367 5759 Ad
1405 5702 1680 5772 verbum,
1714 5702 2245 5779 participationem.
2288 5702 2711 5781 Μεταλαμϐάνειν
2740 5707 2833 5761 est
2854 5702 3205 5779 participem
3235 5719 3365 5762 esse
3406 5704 3661 5780 alicujus
3693 5706 3797 5765 rei.
