4156 6388
275 328 417 397 195¹7

276 554 439 628 ἄρτου
479 562 564 610 καὶ
610 564 728 634 περὶ
782 569 877 624 τῆς
922 566 1056 626 ζωῆς
1106 565 1263 637 λόγῳ,
1320 573 1588 638 γινώσκων
1644 574 1728 622 τὸν
1790 573 1877 641 μὲν

276 640 578 715 ἀναγκαῖον,
616 654 709 707 τὴν
768 647 826 703 δὲ
860 651 1103 722 γλυκεῖαν
1134 663 1244 717 τοῖς
1295 655 1582 732 ἀνθρώποις
1633 680 1644 691 ·
1676 664 1760 711 τὸν
1791 662 1879 730 μὲν

280 740 579 805 σωματικόν
631 741 783 811 ἀρτον
829 748 939 803 τοῖς
990 753 1321 816 σωματικοῖς,
1397 751 1481 799 τόν
1546 745 1604 800 δὲ
1654 769 1882 821 πνευμα-

278 827 423 875 τικὸν
461 834 569 888 τοῖς
632 840 1168 901 πνευματικοῖς-καὶ
1245 840 1338 893 τὴν
1414 840 1502 908 μὲν
1576 842 1881 909 σωματικὴν

281 914 419 973 ζωὴν
445 922 553 977 τοῖς
583 928 918 990 σωματικοῖς,
946 926 1039 980 τὴν
1063 920 1121 976 δὲ
1146 931 1498 997 πνευματικὴν
1526 934 1631 987 τοῖς
1659 947 1883 999 πνευμα-

278 1010 461 1063 τικοῖς.

351 1093 530 1146 Ταῦτα
560 1126 628 1136 -
661 1101 863 1151 ακούιιν
889 1116 901 1166 ;
935 1132 1003 1141 —
1030 1102 1251 1175 Σκληρός
1282 1103 1439 1171 ἐστιν,
1465 1110 1581 1163 ἤτοι
1606 1101 1881 1178 δυσπαρά-

278 1175 465 1244 δεκτος
494 1184 645 1247 οὗτος
675 1188 700 1238 ό
728 1187 875 1260 λόγος
900 1191 925 1241 ὁ
955 1198 1047 1242 τοῦ
1074 1211 1287 1266 τρωγειν
1315 1194 1469 1246 αὐτόν
1496 1213 1508 1225 ·
1541 1200 1633 1255 Τίς
1664 1192 1883 1247 δύναται

276 1269 435 1322 αὐτόν
474 1272 880 1347 παραδέχεσθαι
932 1296 943 1345 ;
993 1281 1060 1332 Οὶ
1116 1290 1269 1334 τοῦτο
1301 1279 1359 1335 δὲ
1390 1284 1611 1344 εἰπόντες
1650 1286 1884 1355 μαθηταὶ

276 1362 371 1430 μὲν
404 1361 565 1414 αὐτοῦ
616 1361 770 1429 ἦσαν,
832 1367 924 1420 οὐκ
974 1368 1029 1421 ἐκ
1064 1380 1163 1422 τῶν
1213 1368 1423 1425 δώδεκα
1456 1370 1535 1441 δε,
1570 1372 1676 1424 ἀλλ’
1701 1372 1754 1424 ἐκ
1786 1383 1884 1425 τῶν

276 1446 338 1499 ἑϐ
342 1445 377 1500 δ
380 1468 405 1500 ο
408 1457 479 1521 μή
487 1471 661 1507 κοντα.

350 1542 495 1602 Τινὲς
550 1541 609 1595 ὸέ
658 1564 813 1615 φασιν
869 1548 949 1599 ὅτι
981 1546 1033 1599 ἐκ
1082 1558 1181 1602 τῶν
1214 1550 1373 1612 ἄλλως
1430 1552 1542 1623 (77)
1598 1554 1885 1624 μαθητευθ-

276 1632 441 1699 μένων
482 1631 641 1702 αὐτῷ.
680 1635 861 1687 Πολλοὶ
914 1640 1014 1709 γὰρ
1060 1645 1149 1690 καὶ
1188 1642 1351 1713 ἕτεροι
1400 1642 1714 1699 ἠκολούθουν
1746 1644 1884 1712 αύτῴ

277 1716 544 1782 πολλάκις.
595 1723 866 1785 Μέλλοντες
905 1724 992 1777 οὖν
1045 1726 1326 1800 ἀποπηὸᾁν
1376 1731 1887 1803 ύπεραπολογούνται

1336 348 1705 406 COMMENT.
1752 351 1819 407 IN
1858 350 2207 409 JOANNEM.
2254 384 2318 393 —
2358 352 2515 409 CAP.
2540 352 2633 409 VI.

347 462 404 515 Ὀ
454 496 517 505 -
574 467 757 524 αἰῶνα.
804 468 1006 534 Ἰκανῶς
1080 470 1370 549 ἐνδιέτριψι
1455 486 1528 548 τῷ
1612 485 1731 553 περὶ
1786 486 1877 531 τού
1910 482 1957 535 Α

3500 351 3645 408 1258

2067 482 2220 535 Vers.
2258 480 2341 534 5'8.
2374 478 2486 546 Qui
2536 510 2605 519 —
2652 484 2962 535 (Liternum.
3024 475 3230 534 Merito
3285 480 3549 535 sermoni
3578 480 3653 536 de

1994 584 2150 640 pane
2176 568 2833 625 acdevitaimmoratus
2866 572 2971 633 est,
3008 567 3386 623 sciensillum
3408 567 3654 640 quidem

1995 658 2590 726 necessarium,hanc
2607 672 2743 712 vero
2757 656 2993 712 dulcem
3008 656 3356 712 hominibus
3389 674 3403 713 :
3433 673 3655 729 panem

1994 763 2196 802 sanem
2210 746 2582 819 corporalem
2606 745 3038 818 corporalibus,
3056 746 3427 819 spiritualem
3454 752 3656 802 autem

1994 836 2431 906 spiritualibus:
2460 836 2723 890 similiter
2753 841 2809 891 et
2837 837 3015 892 vitam
3048 836 3422 908 corporalem
3454 852 3657 907 corpo-

1993 925 2241 992 ralibus,
2268 925 2629 997 spiritualem
2656 942 2797 982 vero
2824 924 3260 998 spiritualibus.

2066 1106 2228 1160 Vers.
2260 1104 2348 1160 59.
2384 1106 2530 1161 Haec
2592 1137 2660 1145 —
2711 1107 2864 1160 Vers.
2925 1106 3015 1159 60.
3062 1106 3270 1160 audire
3310 1104 3337 1158 ‘I
3368 1135 3436 1144 —
3463 1104 3658 1160 Durus

1995 1200 2099 1258 est,
2132 1194 2247 1250 hoc
2274 1199 2378 1259 est,
2413 1210 2569 1263 aegre
2607 1194 2838 1249 admitti
2870 1200 3079 1266 potest,
3107 1194 3203 1250 hic
3234 1210 3443 1258 sermo,
3486 1199 3653 1265 puta,

1996 1282 2069 1337 de
2094 1283 2230 1354 ipso
2257 1285 2630 1339 comedendo
2665 1300 2678 1349 ;
2702 1284 2833 1354 quis
2864 1285 3038 1339 illum
3080 1290 3264 1352 potest
3292 1283 3605 1339 admittere
3628 1281 3657 1337 ‘7

1996 1370 2105 1435 Qui
2159 1386 2299 1425 vero
2338 1371 2453 1426 hoc
2479 1370 2779 1437 dicebant,
2833 1387 2863 1425 e
2896 1370 3201 1442 discipulis
3250 1370 3496 1443 quidem
3527 1370 3657 1441 ejus

1996 1465 2182 1525 erant,
2211 1475 2333 1515 non
2366 1467 2565 1515 tamen
2598 1477 2626 1515 e
2654 1460 2994 1527 duodecim,
3028 1460 3131 1515 sed
3165 1476 3194 1514 e
3220 1460 3618 1531 septuaginta.

2067 1548 2319 1611 Quidam
2354 1565 2494 1604 vero
2519 1565 2589 1603 ex
2613 1549 2703 1603 bis
2734 1548 2914 1604 fuisse
2946 1549 3132 1615 aiunt,
3168 1550 3262 1621 qui
3301 1549 3447 1605 alias
3480 1549 3557 1604 ab
3588 1564 3659 1604 eo

1997 1637 2190 1693 edocti
2221 1642 2387 1693 erant
2428 1656 2443 1690 :
2471 1654 2612 1693 nam
2648 1644 2703 1692 et
2750 1638 2849 1693 alii
2894 1638 3061 1692 multi
3091 1638 3425 1709 frequenter
3452 1653 3658 1708 seque-

1997 1728 2214 1783 bantur
2244 1728 2433 1783 illum.
2460 1729 2566 1792 Qui
2590 1743 2729 1796 ergo
2756 1727 3073 1783 discessuri
3110 1727 3424 1791 erant,sibi
3440 1726 3662 1782 scilicet

279 1802 439 1865 δῆθεν
471 1809 682 1866 ἑαυτῶν.
749 1812 896 1866 Ἔδει
942 1813 1001 1868 δὲ
1039 1817 1225 1877 αὐτοὺς
1283 1817 1547 1891 ἀναμεῖναι
1604 1825 1690 1871 τόν
1726 1841 1884 1893 προσ-

2007 1817 2703 1887 patrocinabantur,cum
2737 1817 2932 1888 potius
2977 1817 3347 1872 convenienti
3393 1820 3660 1887 tempore

276 1900 469 1953 ἠκοντα
497 1905 695 1973 καιρόν,
719 1909 808 1954 καὶ
837 1907 1095 1957 πυθέσθαι
1123 1913 1239 1979 περὶ
1270 1916 1361 1959 τοῦ
1390 1906 1667 1970 δοκοῦντος
1689 1906 1889 1982 δυσχε-

274 1996 399 2060 ρούς
426 1995 514 2040 καὶ
548 1995 620 2058 μὴ
653 1992 993 2065 ἀπαγορεύειν
1040 2012 1052 2024 ·
1088 1996 1222 2047 οὕτω
1252 2001 1349 2070 γὰρ
1392 2001 1440 2049 οἱ
1478 1994 1690 2050 δώδεκα
1719 2002 1888 2070 μαθη-

275 2082 367 2128 ταὶ
398 2083 737 2137 πεποιήκασι.
772 2084 1024 2139 Μαθητοῡ
1062 2088 1163 2156 γὰρ
1213 2086 1529 2157 εὐγνώμονος
1570 2087 1885 2162 ἀπεριέργως

274 2168 449 2218 πάντα
480 2165 739 2239 δέχεσθαι
760 2174 822 2222 τὰ
844 2182 933 2223 τον
957 2169 1307 2238 διδασκάλου,
1341 2184 1427 2226 καὶ
1453 2185 1635 2249 καιροῦ
1666 2177 1887 2228 καλοῦν-

277 2273 388 2317 τος,
422 2255 641 2319 εὐλαϐῶς
673 2260 863 2334 ἐρωτᾷν
896 2268 1133 2335 περὶτῶν
1162 2263 1570 2338 ὑπερϐαινόντων
1600 2271 1692 2324 τήν
1723 2267 1884 2318 αὐτοῦ

275 2341 536 2401 διάνοιαν.

351 2432 517 2497 Εἰδὼς
552 2469 603 2477 -
657 2436 997 2501 σκανδαλίζει
1030 2459 1043 2508 ;
1083 2447 1183 2494 Καὶ
1215 2446 1316 2517 γὰρ
1375 2450 1640 2498 καὶτοῦτο
1675 2456 1765 2507 τῆς
1792 2448 1883 2498 αύ-

272 2531 367 2575 τοῡ
396 2526 636 2589 θεότητος
679 2526 962 2595 ἁποδειξις,
1005 2535 1062 2582 τό
1095 2534 1161 2584 τὰ
1214 2530 1484 2607 ἀπόρρητα
1515 2534 1688 2595 αὐτοῖς
1720 2542 1883 2609 φέρειν

276 2612 351 2673 εἰς
409 2618 588 2685 μέσον.
653 2619 778 2670 Καθ’
858 2618 1073 2682 ἑαυτοὺς
1126 2623 1227 2695 γὰρ
1306 2620 1611 2697 ἀποῤῥήτως
1668 2624 1885 2696 ἐγόγγυ-

281 2701 393 2760 ζον.

352 2792 470 2845 Ἐὰν
501 2824 569 2832 -
616 2800 862 2869 πρότερον
890 2815 902 2864 ;
934 2802 1114 2851 Λείπει
1150 2802 1227 2863 τὸ,
1279 2804 1342 2851 Τί
1390 2798 1547 2873 ἐρεῖτε
1576 2818 1589 2868 ;
1620 2801 1795 2872 Ἔλεγε
1827 2800 1885 2855 δε

277 2885 397 2955 περὶ
449 2891 545 2944 τῆς
604 2883 649 2943 ἐς
699 2886 915 2955 ὕστερον
964 2888 1036 2948 εἰς
1092 2888 1306 2962 οὐρανόν
1344 2887 1645 2959 ἀναλήψεως
1702 2890 1882 2947 αὐτοῦ.

282 2969 675 3041 Ἀναϐαίνοντα,
706 2982 766 3047 τῇ
808 2974 1191 3047 ἀνθρωποτητι.
1225 2977 1393 3030 Ὀπον
1424 2975 1483 3036 ἧν
1516 2983 1574 3030 τὸ
1622 2984 1886 3053 πρότερον,

276 3067 339 3131 τῇ
371 3062 597 3119 θεότητι.
615 3062 673 3115 Ὀ
694 3067 794 3139 γὰρ
821 3062 1106 3137 δυνάμενος
1127 3072 1220 3124 τὴν
1246 3070 1417 3141 σάρκα
1440 3072 1632 3125 ταύτην
1655 3069 1890 3143 οὐράνιον

275 3165 549 3223 ποιῆσαιν,
581 3156 805 3213 δύναται
834 3164 1036 3224 πάντως
1062 3164 1220 3222 αὐτὴν
1266 3170 1355 3216 καὶ
1387 3170 1576 3237 τροφὴν
1610 3164 1888 3240 ἀνθρωπων

275 3248 706 3319 ἀπεργάσασθαι.

1999 1908 2360 1961 remansiSse
2395 1908 2511 1977 (yy‘)
2536 1907 2856 1977 oportuerit
2878 1923 2947 1961 ac
2977 1906 3254 1961 obedisse
3285 1906 3343 1960 in
3375 1922 3464 1971 eo,
3497 1905 3661 1977 quod

1998 1995 2236 2050 difﬁcile
2270 1996 2581 2051 videbatur
2608 2002 2663 2051 et
2693 2011 2813 2050 non
2845 1996 3388 2066 desperasseznam
3414 1995 3495 2049 ita
3515 1995 3663 2049 duo-

1998 2085 2192 2139 decim
2222 2085 2299 2139 illi
2324 2085 2605 2139 fecerunt.
2633 2086 2882 2141 Candidi
2910 2085 3207 2156 siquidem
3239 2083 3517 2155 discipuli
3550 2088 3659 2149 est,

1996 2175 2200 2229 omnia
2214 2174 2856 2245 queejubetprieceptor
2885 2174 3115 2245 absque
3144 2174 3479 2229 curiositate
3510 2170 3664 2227 exci-

1995 2279 2153 2335 pere,
2184 2271 2238 2318 et
2271 2262 2366 2317 ubi
2398 2279 2522 2318 sese
2553 2263 2725 2318 oﬁert
2755 2263 3192 2335 opportunitas,
3224 2262 3554 2318 verecunde
3586 2262 3661 2317 de

1994 2351 2088 2406 his
2116 2352 2497 2420 interrogare,
2527 2368 2659 2423 quae
2677 2352 2805 2422 ejus
2833 2350 3125 2407 excedunt
3149 2350 3621 2421 intelligentiam.

2066 2442 2229 2495 Vers.
2264 2443 2351 2497 δι.
2400 2440 2587 2496 Sciens
2638 2473 2701 2481 ——
2751 2441 3108 2510 offendicula
3158 2439 3185 2495 ?
3238 2442 3379 2496 Sane
3440 2445 3496 2495 et
3544 2438 3661 2495 hoc

1994 2529 2361 2586 divinitatem
2377 2530 2425 2600 ej
2440 2548 2507 2585 us
2531 2529 3000 2595 demonstrabat,
3020 2536 3167 2602 puta
3186 2546 3322 2602 quae
3347 2529 3510 2601 apud
3529 2528 3661 2583 illos

1993 2619 2567 2675 occultaerantferre
2594 2620 2652 2675 in
2680 2619 2948 2675 medium
2992 2641 3004 2673 :
3040 2635 3182 2674 nam
3231 2618 3465 2675 occulta
3495 2615 3660 2689 apud

1996 2724 2056 2762 se
2082 2714 2624 2764 murmuraverant.

2069 2796 2236 2852 Vers.
2295 2802 2381 2852 62.
2428 2797 2487 2851 Si
2518 2829 2584 2838 —
2641 2804 2769 2854 erat
2827 2802 2855 2852 ?
2904 2796 3131 2863 Deﬁcit,
3191 2795 3347 2862 Quid
3391 2794 3661 2851 dicetis?

2000 2888 2115 2957 Loq
2127 2886 2283 2941 uitur
2295 2894 2489 2941 autem
2516 2887 2589 2942 de
2605 2886 2801 2942 futura
2817 2887 2905 2940 sui
2922 2887 2977 2941 in
2992 2886 3205 2941 caelum
3251 2884 3658 2955 assumptione

1996 2978 2441 3040 Ascendentem,
2461 2976 2665 3048 quoad
2692 2977 3129 3031 humanitatem
3154 2992 3165 3029 :
3190 2974 3291 3030 ubi
3309 2977 3477 3042 prius
3504 2980 3654 3039 erat,

1999 3068 2197 3136 quoad
2232 3066 2628 3121 divinitatem.
2671 3066 2779 3130 Qui
2819 3066 2967 3119 enim
3011 3070 3199 3136 potest
3227 3064 3383 3119 hanc
3413 3078 3657 3118 carnem

1999 3156 2247 3211 reddere
2279 3156 2602 3221 caelestem,
2653 3161 2843 3226 potest
2883 3153 3087 3225 utique
3128 3159 3185 3210 et
3222 3154 3420 3225 ipsam
3452 3152 3656 3207 cibum

1997 3246 2312 3302 hominum
2342 3244 2590 3299 efﬁcere.

346 3340 416 3388 Τό
463 3346 665 3411 πνεῦμα
704 3371 769 3378 -
802 3337 973 3394 οὐδέν.
1038 3349 1246 3415 Πνεῦμα
1291 3342 1425 3414 λέγει
1474 3351 1561 3395 νῦν
1621 3348 1678 3396 τό
1736 3365 1883 3397 πνευ-

2070 3336 2230 3390 Vers.
2289 3336 2374 3389 63.
2404 3334 2659 3402 Spiritus
2707 3363 2774 3373 --
2798 3333 3139 3404 quidquam.
3182 3330 3468 3403 Spiritum
3496 3345 3658 3385 nunc

277 3434 512 3487 ματικώς
597 3436 726 3480 νοεῖν
783 3432 847 3481 τά
912 3432 1153 3503 ῥηθέντα.
1222 3432 1446 3504 Ὁμοίως
1506 3430 1563 3485 δὲ
1589 3440 1678 3485 καὶ
1712 3436 1883 3508 σάρκα

274 3518 333 3566 τὸ
366 3524 625 3589 σαρκικώς
675 3526 804 3570 νοεῖν
859 3520 1026 3571 αὐτά·
1058 3521 1117 3572 οὗ
1185 3525 1285 3595 γὰρ
1319 3528 1435 3596 περὶ
1484 3531 1573 3594 τῇς
1623 3524 1880 3583 ζωοποιού

278 3608 473 3675 σαρκός
527 3606 687 3658 αὐτοῦ
739 3615 826 3659 νῦν
886 3610 911 3659 ό
960 3608 1122 3680 λόγος.
1185 3616 1321 3669 Φησὶ
1368 3616 1541 3663 τοίνυν
1587 3614 1666 3663 ὅτι
1696 3616 1753 3663 τό
1790 3615 1879 3683 μὲν

274 3704 638 3764 πνενματικῶς
665 3703 793 3748 νοεῖν
842 3705 1008 3749 ταῦτα
1045 3700 1183 3759 ζωὴν
1232 3704 1455 3773 παρέχει
1507 3706 1594 3758 τὴν
1645 3700 1878 3772 ἀνωτέρω

273 3780 555 3852 λεχθεῖσαν
606 3801 616 3812 ·

274 3869 372 3922 λεῖ.

675 3787 736 3836 τὸ
785 3782 846 3837 δὲ
900 3796 1163 3858 σαρκικῶς
1217 3796 1346 3840 νοεῖν
1400 3789 1533 3841 αὐτὰ
1576 3786 1726 3842 οὐδὲν
1753 3790 1878 3861 ὠφε-

345 3962 423 4012 Τὰ
464 3961 677 4035 ῥήματα
721 3995 789 4002 —-
847 3962 980 4021 ἔστι.
1041 3970 1373 4039 ΙΙνιυματ-ικά
1404 3966 1516 4019 ἐστι
1565 3974 1653 4020 καὶ
1696 3970 1876 4041 ζωηρά

275 4049 388 4101 ἐστι
417 4067 428 4080 ·
465 4047 549 4103 διό
578 4056 690 4127 χρὴ
737 4057 807 4124 μὴ
839 4053 1011 4116 ἁπλῶς
1052 4054 1119 4114 εἰς
1150 4055 1284 4107 αὐτὰ
1315 4055 1520 4125 βλέπειν
1556 4074 1566 4085 ·
1600 4066 1753 4109 τοῦτο
1774 4060 1874 4130 γάρ

274 4138 389 4191 ἐστι
419 4143 476 4191 τὸ
526 4152 786 4214 σαρκικώς
832 4151 959 4195 νοεῖν
995 4159 1008 4172 ’
1053 4143 1159 4195 ἀλλ’
1199 4145 1515 4219 ὑψηλότερον
1572 4166 1624 4199 τι
1690 4150 1877 4218 φαντά-

276 4228 482 4293 ζεσθαι,
537 4235 625 4282 καὶ
677 4238 787 4292 τοῖς
836 4229 983 4285 ἔνδον
1031 4232 1314 4306 ὀφθαλμοῖς
1362 4235 1498 4288 αὐτὰ
1544 4240 1876 4288 κατοπτεύειν

273 4320 346 4379 ὡς
409 4325 681 4393 μυστήρια
744 4336 757 4349 ⁰

270 4414 424 4459 νοεῖν.

812 4330 965 4374 τοῦτο
1045 4325 1144 4394 γάρ
1199 4322 1312 4376 ἔστι
1380 4328 1439 4377 τὸ
1520 4334 1878 4397 πνευματικῶς

346 4497 481 4550 Ἀλλ’
518 4529 577 4537 —
609 4498 781 4554 αὐτόν.
812 4504 891 4553 Οὔ
925 4506 1077 4575 μόνον
1104 4507 1192 4563 τὴν
1218 4507 1532 4575 πρόγνωσιν,
1563 4502 1691 4555 ἀλλὰ
1716 4507 1879 4556 καὶτὸ

1995 3424 2537 3481 vocatintelleetum
2557 3422 2928 3493 spiritualem
2944 3438 3145 3477 eorum
3162 3438 3297 3494 qua:
3314 3420 3468 3475 dicta
3483 3425 3653 3485 sunt;

1993 3515 2261 3569 similiter
2292 3520 2347 3568 et
2378 3530 2640 3576 carnem,
2673 3512 2997 3581 intelligere
3031 3529 3099 3565 ea
3140 3510 3453 3566 carnaliter
3486 3526 3497 3563 :
3534 3525 3656 3565 non

1989 3604 2152 3659 enim
2183 3604 2257 3658 de
2280 3619 2457 3659 carne
2475 3601 2835 3673 ipsius,qu&3
2856 3601 3130 3665 viviﬁcat,
3150 3616 3307 3654 nunc
3339 3615 3533 3655 sermo
3547 3600 3653 3653 est.

1988 3694 2081 3749 Ait
2138 3708 2279 3763 ergo
2331 3709 2343 3746 :
2406 3693 2539 3745 Hth
2617 3690 2997 3762 spiritualiter
3050 3688 3394 3759 intelligere,
3474 3687 3657 3743 vitam

1989 3782 2231 3854 praebet,
2264 3797 2443 3853 quam
2479 3797 2663 3852 supra
2682 3780 2801 3834 dixi
2837 3802 2847 3833 :
2876 3778 3186 3835 carnaliter
3218 3795 3357 3833 vero
3390 3793 3463 3833 ea
3488 3775 3659 3833 intel-

1986 3874 2166 3941 ligere
2191 3888 2310 3926 non
2339 3869 2584 3941 prodest
2624 3869 2981 3940 quidquam.

2063 3962 2218 4017 Vers.
2252 3961 2339 4015 63.
2388 3960 2572 4014 Verba
2616 3990 2681 3998 —
2729 3966 2885 4013 sunt.
2932 3956 3270 4028 Spiritualia
3318 3961 3374 4012 et
3420 3954 3660 4011 vivifica

1988 4057 2124 4105 sunt
2157 4068 2169 4104 :
2204 4054 2435 4121 oportet
2468 4063 2724 4119 namque
2784 4062 2905 4101 non
2938 4045 3283 4117 simpliciter
3314 4061 3383 4100 ea
3418 4044 3654 4109 intueri,

1989 4141 2045 4209 id
2073 4140 2227 4194 enim
2277 4145 2367 4193 est
2393 4136 2705 4192 carnaliter
2746 4136 3091 4204 intelligere,
3140 4134 3243 4189 sed
3276 4134 3435 4188 aliud
3487 4133 3651 4205 quid-

1989 4227 2573 4301 piamimaginari,et
2598 4225 2983 4281 interioribus
3014 4222 3201 4279 oculis
3255 4240 3325 4278 ea
3362 4222 3655 4294 aspicere,

1990 4327 2275 4390 tanquam
2319 4316 2623 4389 mysteria,
2678 4332 2815 4370 nam
2867 4315 2980 4369 hoc
3015 4320 3105 4369 est
3158 4312 3543 4385 spiritualiter
3575 4313 3661 4367 in-

1991 4408 2267 4477 telligere.

2062 4496 2228 4551 Vers.
2259 4496 2482 4552 6i.Sed
2501 4528 2569 4535 —
2594 4494 2799 4566 ipsum.
2826 4496 2949 4549 Non
2975 4492 3171 4548 solum
3197 4490 3657 4563 priescientiam,

274 4585 579 4649 ἀνεξίκακον
611 4588 770 4641 αὐτοῦ
804 4586 1087 4659 δείκνυσιν,
1122 4594 1202 4644 ὅτι
1232 4592 1326 4644 οὐκ
1353 4591 1452 4645 ἀπὸ
1479 4600 1570 4644 τοῦ
1597 4595 1879 4663 γογγύσαι,

2007 4586 2098 4641 sed
2146 4591 2204 4641 et
2251 4585 2632 4641 clementiam
2695 4600 2867 4638 suam
2922 4582 3181 4637 ostendit
3240 4601 3256 4634 :
3289 4580 3432 4652 quia
3477 4597 3595 4635 non
3626 4598 3661 4636 a

273 4674 382 4727 ἀλλ’
415 4674 467 4737 ἐξ
498 4674 673 4749 ἀρχῆς
700 4698 788 4730 και
818 4680 1009 4733 ἄνωθεν
1038 4679 1302 4753 ἐγίνωσκε,
1346 4686 1435 4733 καὶ
1468 4685 1585 4743 τοὺς
1617 4684 1879 4733 πιστεύον-

272 4784 369 4826 τας
410 4770 501 4817 και
549 4770 669 4828 τοὺς
706 4773 777 4840 μή
811 4773 1167 4838 πιστεύοντας,
1196 4776 1285 4822 καὶ
1316 4772 1453 4843 ὅμως
1484 4779 1662 4832 κοινῶς
1690 4773 1883 4832 πάντας

271 4849 551 4911 ἐδίδασκε.

349 4948 451 4996 Καὶ
483 4975 549 4985 -
575 4965 697 5018 μου.
732 4948 827 4999 Διὰ
870 4956 1044 5015 τοῦτο,
1105 4956 1252 5001 ποῖον
1315 4967 1328 5017 ;
1362 4952 1459 5002 Διὰ
1486 4952 1543 5001 τὸ
1580 4946 1709 5001 εἶναί
1739 4970 1884 5011 τινας

272 5031 324 5085 οἱ
363 5032 422 5085 ού
452 5038 784 5092 πιστεύουσι.
820 5045 1053 5111 Συνεχῶς
1102 5036 1161 5091 δὲ
1187 5042 1394 5113 Πατέρα
1419 5038 1604 5091 ἑαυτοῦ
1634 5042 1719 5091 τόν
1753 5048 1882 5091 Θεον

271 5122 540 5195 ὀνομάζει,
583 5120 857 5179 διδάσκων
889 5130 969 5179 ὅτι
1015 5128 1110 5180 οὐκ
1134 5130 1275 5181 ἐστιν
1302 5131 1411 5189 υἱὸς
1449 5135 1541 5180 τοῦ
1570 5130 1785 5200 Ἰωσὴφ,
1818 5130 1883 5189 ὡς

269 5209 455 5263 ἐκεῖνοι
484 5215 664 5284 ᾤοντο.

1994 4682 2262 4747 tempore
2290 4691 2407 4747 quo
2441 4689 2816 4729 murmurare
2863 4674 3190 4743 eruperunt,
3244 4687 3451 4725 verum
3484 4670 3663 4726 etiam

1993 4766 2072 4821 ab
2099 4765 2264 4820 initio
2321 4762 2728 4834 cognoscebat
2782 4762 3090 4817 credentes
3135 4766 3192 4815 et
3223 4766 3421 4815 tamen
3456 4776 3665 4814 omnes

1994 4856 2213 4929 pariter
2240 4854 2515 4910 docebat.

2064 4946 2229 5000 Vers.
2260 4946 2345 4999 65.
2379 4944 2453 4997 Ει
2502 4974 2570 4983 -
2618 4957 2765 4998 meo.
2796 4942 3134 5011 Propterea,
3200 4939 3343 5010 quia
3405 4937 3670 4993 videlicet

1994 5041 2132 5091 sunt
2168 5034 2444 5105 quidam,
2484 5033 2582 5105 qui
2626 5048 2745 5086 non
2799 5029 3063 5087 credunt.
3120 5028 3410 5082 Continue
3464 5031 3668 5081 autem

1995 5129 2181 5181 Deum
2217 5127 2450 5178 Patrem
2486 5138 2666 5176 suum
2708 5121 2999 5187 nominat,
3042 5120 3288 5183 docens,
3338 5114 3504 5189 quod
3545 5131 3667 5170 non

1997 5215 2073 5271 sit
2093 5214 2249 5270 ﬁlius
2272 5212 2515 5285 Joseph,
2555 5211 2707 5266 sicut
2737 5209 2819 5265 illi
2852 5208 3168 5282 putabant.

1496 5396 1719 5467 Varize
1758 5396 2085 5466 lectiones
2118 5404 2185 5464 et
2214 5404 2419 5462 notas.

334 5553 447 5628 (77)
472 5552 645 5612 Extra
671 5571 991 5613 numerum
1039 5557 1358 5615 duodecim
1382 5563 1436 5615 et
1468 5555 1876 5632 septuaginta,

2007 5579 2028 5610 ν
2060 5557 2452 5631 τάξειμαθητῶν
2490 5552 2872 5613 ἠκολούθησαν
2906 5552 3083 5623 αὐτῷ.

346 5733 474 5807 (yy)
508 5734 892 5794 Convenienti
920 5744 1174 5808 tempore
1202 5740 1562 5797 remansisse.
1593 5739 1969 5798 Conveniens
2018 5744 2247 5812 tempus
2282 5740 2651 5810 exspectare.

563 5834 781 5890 Parnm.
816 5836 916 5891 GR.
960 5836 1180 5893 CXXIX
1194 5882 1208 5896 .

3075 5826 3147 5901 40
