4156 6400
620 365 639 418 l
651 357 755 418 959

687 487 855 545 Vers.
884 489 978 544 66.
1020 486 1119 544 Ex
1148 517 1217 527 —
1247 485 1650 545 ambulabant.
1701 518 1768 528 —
1795 487 1894 544 Ea:
1921 487 2044 553 hoc,
2095 485 2156 541 id
2181 492 2286 550 est,

619 577 698 634 ab
723 592 794 634 eo
825 582 1112 648 tempore,
1147 577 1424 634 abierunt
1470 584 1822 643 retrorsum,
1896 577 2008 632 hoc
2034 582 2141 640 est,
2176 575 2288 630 Ab-

617 665 784 722 scissi
814 670 957 721 sunt
978 664 1055 720 ab
1079 680 1170 732 eo,
1193 666 1299 738 qui
1316 665 1585 721 videlicet
1607 672 1783 722 antea
1803 665 2285 721 murmurabant.

617 756 963 812 Betrorsum
997 759 1198 811 autem
1217 754 1480 826 intellige
1505 755 1672 821 mihi,
1697 755 1773 811 ad
1804 755 1985 811 vitam
2006 755 2284 827 priorem,

619 844 698 902 ad
719 860 904 918 quam
932 843 1154 900 reversi
1184 849 1348 902 sunt.

687 933 852 988 Vers.
881 937 968 988 67.
995 933 1098 988 Αιί
1127 963 1196 972 -
1226 932 1386 990 abire
1408 935 1436 990 ?
1466 937 1592 990 Non
1624 934 1771 990 dixit
1806 951 1822 988 :
1854 933 2024 989 Abite
2052 937 2109 989 et
2139 945 2284 995 vos;

615 1039 760 1080 nam
789 1021 1231 1096 id'repellentis
1258 1039 1406 1088 esse,
1468 1025 1572 1080 sed
1622 1023 1834 1080 blande
1875 1023 2283 1092 interrogavit,

606 1112 933 1170 ostendens
964 1113 1070 1168 sibi
1100 1127 1254 1184 opus
1290 1130 1408 1169 non
1455 1129 1592 1169 esse
1640 1115 1972 1170 ministerio
2019 1113 2282 1195 illorum,

607 1219 806 1276 neque
851 1218 914 1258 se
994 1201 1440 1258 circumducere
1494 1203 1628 1259 illos
1669 1204 1744 1257 ad
1800 1202 2279 1263 ostentationem,

607 1294 895 1366 quodque
921 1292 1158 1347 nullum
1197 1291 1331 1348 velit
1360 1293 1615 1348 invitum
1644 1294 1912 1348 retinere.
1947 1291 2059 1349 Sed
2087 1307 2281 1363 neque

606 1397 763 1452 aegre
780 1381 904 1438 tulit
923 1387 1023 1438 aut
1036 1383 1342 1452 redarguit
1369 1382 1631 1455 illos,qui
1647 1389 1968 1438 retrorsum
1985 1382 2276 1444 abierant,

601 1471 783 1527 veluti
809 1470 998 1526 facere
1031 1471 1321 1537 solemus,
1350 1471 1634 1528 ducentes
1652 1471 2000 1542 hujusmodi
2027 1471 2276 1533 factum.

601 1560 1011 1630 contempium
1061 1566 1162 1616 aut
1217 1560 1499 1631 injuriam
1559 1576 1571 1614 :
1647 1566 1788 1633 quia
1819 1559 2025 1616 omnia
2082 1559 2276 1628 gloria:

603 1665 810 1706 amore
836 1648 1099 1705 facimus.

673 1739 835 1794 Vers.
862 1739 952 1793 68.
970 1738 1377 1807 Respondit—
1402 1737 1687 1794 abibimus
1709 1737 1737 1792 ?
1775 1738 1986 1793 Petrus
2020 1736 2272 1793 fratrum

599 1833 853 1895 amator,
880 1843 990 1900 pro
1013 1827 1296 1883 fratribus
1322 1827 1608 1883 omnibus
1625 1827 1976 1900 respondet:
2007 1827 2269 1890 Domine,

599 1918 1050 1983 demonstrans,
1107 1917 1274 1988 quod
1312 1916 1585 1972 videlicet
1627 1917 1927 1972 neminem
1990 1916 2270 1989 habeant,

595 2009 672 2062 ad
686 2023 855 2078 quem
871 2005 1192 2064 abibimus?
1209 2006 1622 2062 vehementem
1643 2023 1784 2076 erga
1807 2006 1977 2064 illum
2000 2022 2270 2062 amorem

591 2113 774 2171 quem
806 2098 858 2153 ei
882 2101 1259 2169 prmponant,
1295 2112 1415 2151 non
1443 2103 1742 2168 parentes,
1797 2113 1918 2152 non
1948 2103 2264 2165 cognatos,

593 2197 718 2244 non
747 2185 997 2255 amicos,
1030 2191 1104 2252 et,
1151 2191 1213 2241 ut
1261 2185 1448 2241 semel
1494 2186 1715 2253 dicam,
1768 2187 2070 2241 neminem
2117 2186 2270 2241 inter

591 2291 826 2333 omnes.
859 2275 1080 2332 Deinde
1105 2291 1181 2331 ne
1218 2275 1334 2331 hoc
1358 2275 1578 2330 dixisse
1609 2275 1899 2341 videatur,
1931 2275 2106 2347 quasi
2145 2290 2265 2330 non

590 2365 684 2432 sit,
712 2365 814 2438 qui
842 2381 944 2422 eos
975 2364 1282 2436 suscipiat,
1327 2365 1460 2435 subj
1476 2366 1643 2419 unxit
1672 2381 1683 2418 :

658 2454 814 2511 Vers.
872 2455 961 2510 68.
1006 2455 1189 2511 Verba
1241 2485 1304 2494 —-
1363 2455 1551 2511 habes.
1616 2455 1837 2519 Verba,
1889 2471 2022 2527 quae
2078 2455 2263 2511 vitam

588 2543 906 2600 concilient
934 2548 1241 2599 mternam.
1285 2542 1480 2610 Vides,
1521 2543 1684 2614 quod
1749 2543 1926 2598 verba
1951 2560 2070 2598 non
2096 2549 2265 2600 erant

587 2650 724 2706 quae
756 2632 1137 2704 praebuerant
1165 2631 1613 2696 oﬁ‘endiculum,
1645 2632 1748 2686 sed
1787 2632 2130 2688 auditorum
2177 2649 2262 2688 se-

589 2722 821 2793 gnities,
839 2728 894 2776 et
919 2720 1065 2794 quia
1095 2721 1408 2777 carnaliter
1438 2738 1508 2776 ea
1529 2720 1959 2792 intelligebant,
1987 2739 2104 2777 non
2149 2723 2262 2794 spi.

585 2811 900 2868 ritualiter.
919 2813 1302 2883 Consequens
1316 2812 1533 2866 etenim
1553 2827 1623 2867 ac
1642 2813 2046 2867 necessarium
2069 2813 2260 2868 fuerat

583 2907 650 2958 ut
683 2901 784 2958 illa
812 2900 1151 2957 dicerentur
1202 2906 1446 2972 propter
1501 2901 1846 2956 Judaaorum
1908 2901 1981 2956 de
2031 2917 2260 2958 manna

584 3006 948 3047 sermonem.
983 2990 1253 3062 Oportuit
1284 2995 1486 3045 autem
1518 2990 1819 3046 auditores
1852 2996 1956 3046 aut
1987 2994 2258 3062 spiritua-

580 3079 796 3137 literea
825 3079 1169 3150 intelligere,
1193 3083 1316 3146 aut,
1351 3077 1478 3133 siid
1508 3079 1766 3134 necdum
1819 3085 2118 3150 poterant,
2165 3080 2257 3135 his

580 3170 846 3242 primum
876 3169 1185 3240 susceptis,
1250 3168 1637 3240 postmodum
1697 3169 1772 3224 de
1807 3169 1899 3224 his
1944 3170 2257 3239 diligenter

579 3259 968 3330 interrogare.

651 3349 812 3405 Vers.
841 3349 927 3405 69.
961 3347 1035 3403 Et
1079 3348 1284 3403 -—-vivi.
1332 3347 1654 3404 Tricesimo
1697 3348 1865 3404 tertio
1907 3349 2080 3418 juxta
2107 3348 2256 3403 Mat-

579 3438 999 3510 thaaumcapite
1030 3437 1180 3493 dixit
1207 3437 1367 3494 idem
1397 3455 1409 3492 :
1435 3439 1516 3492 Tu
1539 3453 1595 3493 es
1624 3437 1895 3493 Christus
1927 3438 2114 3492 Filius
2149 3438 2254 3493 Dei

578 3529 702 3585 vivi
729 3527 798 3583 ⁸ο.
834 3527 947 3584 Sed
1000 3535 1138 3583 tunc
1184 3527 1430 3599 quidem
1482 3526 1748 3582 Christus
1794 3526 1953 3582 illum
2006 3528 2249 3582 beatum

577 3617 927 3691 praedicavit
954 3621 1196 3688 propter
1225 3632 1472 3671 causam
1504 3617 1584 3670 ibi
1609 3617 1829 3670 dictam
1867 3632 1880 3670 :
1917 3633 2072 3671 nunc
2089 3633 2249 3684 vero,

579 3706 726 3780 quia
751 3707 1148 3762 communiter
1173 3705 1320 3760 dixit
1350 3721 1361 3759 ε
1397 3707 1512 3760 Nos
1545 3705 1913 3760 credidimus
1943 3711 1998 3762 et
2029 3722 2246 3775 cogno-

579 3796 802 3860 vimus,
849 3799 1090 3868 separat
1114 3793 1192 3850 ab
1235 3794 1344 3849 illis
1379 3797 1738 3864 lscariotem,
1795 3801 2081 3868 tanquam
2119 3796 2246 3866 jam

577 3883 990 3940 ﬂuctuantem.

652 3974 816 4030 Vers.
850 3977 937 4028 '70.
970 3972 1292 4044 Respondit
1325 4005 1391 4014 —-
1420 3973 1560 4045 elegi
1588 3973 1615 4030 ?
1677 3981 1792 4030 Hoc
1824 3973 2242 4045 interrogative

576 4061 898 4136 legendum
929 4068 1037 4118 est.

649 4152 814 4208 Vers.
843 4157 932 4209 70.
974 4153 1054 4208 Et
1103 4184 1170 4194 —
1209 4153 1369 4208 Vers.
1422 4154 1515 4208 71.
1554 4153 1888 4210 duodecim.
1942 4185 2009 4194 —
2044 4154 2248 4210 Nonne

576 4258 676 4314 ego
710 4258 827 4308 vos,
859 4242 1070 4315 inquit,
1103 4243 1411 4298 duodecim
1443 4242 1587 4312 elegi
1617 4240 1645 4295 τ
1678 4250 1729 4298 et
1759 4247 1960 4297 tamen
1989 4258 2146 4297 unus
2173 4257 2246 4298 ex

577 4332 817 4390 vobisin
845 4332 1011 4387 nullo
1062 4347 1196 4388 mea
1239 4331 1475 4401 adjutus
1526 4331 1834 4394 electione,
1886 4338 2083 4404 utpote
2110 4332 2248 4386 libe-

574 4438 708 4478 rum
740 4421 972 4476 habens
1005 4421 1316 4476 arbitrium
1347 4421 1425 4476 ad
1472 4421 1744 4476 virtutem
1777 4431 1831 4476 et
1864 4422 2091 4486 vitium,
2131 4423 2247 4478 dia-

577 4513 744 4568 bolus
807 4519 905 4576 est,
959 4511 1079 4566 sive
1151 4509 1506 4574 diabolicus,
1565 4517 1619 4565 et
1674 4510 1888 4566 diaboli
1948 4513 2242 4570 minister.

579 4601 875 4672 Signiﬁcat
905 4600 1105 4670 itaque
1147 4600 1203 4653 in
1237 4598 1541 4654 voluntate
1571 4616 1639 4654 ac
1671 4599 1956 4656 electione
1985 4600 2244 4658 hominis

577 4690 758 4746 situm
788 4705 915 4743 esse
937 4695 996 4765 ut
1027 4688 1304 4744 salvetur.
1341 4695 1443 4745 aut
1481 4694 1703 4759 pereat.

648 4780 902 4846 Quidam
937 4796 1074 4835 vero
1106 4779 1410 4835 diabolum
1443 4780 1556 4835 hoc
1582 4781 1638 4834 in
1666 4780 1796 4836 loco
1833 4780 2243 4842 intellexerunt

573 4870 1003 4926 insidiatorem.
1038 4869 1183 4925 Nihil
1220 4885 1361 4939 ergo
1413 4886 1652 4933 novum,
1687 4870 1849 4941 quod
1880 4871 2067 4926 ludas
2101 4889 2238 4928 cum

573 4961 882 5031 eligeretur
895 4959 1116 5015 bonam
1134 4959 1397 5014 habuerit
1413 4959 1587 5014 volun
1599 4966 1797 5024 tatem,
1817 4965 2024 5032 postea
2039 4970 2237 5020 autem

575 5052 648 5106 sit
677 5051 1038 5116 immutatus,
1070 5057 1360 5121 tanquam
1398 5048 1585 5103 libero
1620 5065 1762 5104 usus
1793 5050 2056 5108 arbitrio.

645 5141 788 5213 Cap.
819 5141 925 5195 νη.
971 5142 1130 5195 Vers.
1195 5146 1242 5196 t.
1273 5140 1351 5194 Et
1390 5170 1458 5178 —
1508 5138 1852 5210 interﬁcere.
1907 5143 2033 5197 Non
2075 5143 2236 5200 enim

571 5236 828 5302 poterat,
861 5229 918 5285 id
949 5235 1054 5296 est,
1087 5245 1208 5284 non
1253 5235 1379 5285 erat
1436 5243 1698 5300 securus,
1731 5233 1794 5286 ut
1817 5237 2154 5288 versaretur
2172 5233 2234 5290 in

571 5319 774 5378 ludaea
832 5338 845 5378 :
895 5323 1184 5390 tauquam
1239 5318 1313 5375 de
1375 5317 1620 5374 homine
1660 5319 1820 5376 enim
1897 5320 2010 5378 hoc
2084 5322 2232 5380 dixit

647 5446 698 5486 ³ο
720 5444 916 5502 Matth.
958 5460 1080 5513 xvr,
1117 5447 1204 5502 l6.

1945 355 2293 416 EUTHYMII
2336 350 2667 415 ZIGABENI

2275 4574 2320 4628 D

3857 365 3982 428 ιεθο

2324 488 2370 541 Δ
2471 488 2560 540 Ἐκ
2609 517 2674 526 --
2726 491 3086 559 περιεπάτουν.
3161 522 3216 531 -
3287 492 3371 546 Ἐκ
3452 496 3658 557 τούτου,
3739 493 3853 547 ἀντὶ
3911 505 3989 549 τοῦ

2471 487 2560 540 Ἐκ
2609 517 2674 526 —-
2726 491 3086 559 περιεπάτουν.
3161 522 3216 531 -
3287 492 3371 546 Ἐκ
3452 496 3658 557 τούτου,

2399 580 2568 629 ἔκτοτε
2601 595 2612 606 ’
2665 575 2893 635 ἀπῆλθον
2949 575 3007 631 δε
3065 579 3131 639 εἰς
3179 582 3242 633 τὰ
3294 581 3482 646 ὀπίσω,
3541 586 3710 636 εἶτουν
3783 582 3990 658 ἀπεσχί-

2402 667 2606 723 σθησαν
2637 667 2684 717 οὶ
2737 665 2971 742 ἀνωτέρω
3027 672 3396 740 γογγύσαντες.
3447 672 3652 725 Ὀπίσω
3685 670 3747 725 δὲ
3789 679 3888 727 νόει
3912 695 3990 747 μοι

2397 759 2486 807 καὶ
2528 759 2612 807 τὸν
2657 760 2903 830 πρότερον
2949 757 3068 829 βίον
3123 759 3309 826 αὐτῶν,
3362 761 3435 824 εἰς
3476 761 3529 814 ὃν
3564 762 3718 815 πάλιν
3758 765 3986 838 ὑπέστρε-

2396 845 2522 916 tu...

2512 931 2586 956 Ὑί-
2799 937 2902 956 νρᾼκ,
2947 955 2959 956 7
3064 955 3069 956 γ
3138 937 3207 956 1‘,
3341 936 3361 952 ⁷
3612 947 3622 956 Δ
3697 941 3768 956 ΛΑ
3974 949 3981 956 1

2469 941 2617 987 Εἰπεν
2677 965 2743 974 ——
2796 941 3010 1006 ὑπάγειν
3060 955 3072 1005 ;
3135 941 3246 989 Οὔκ
3313 941 3446 992 εἶπεν
3519 961 3530 973 ’
3599 941 3850 994 Απέλθετε
3910 949 3988 994 καὶ

2396 1024 2587 1094 ὑμεῖς·
2641 1031 2794 1075 τοῦτο
2841 1029 2939 1096 γὰρ
3005 1028 3375 1099 ἀπωθουμένου
3437 1039 3498 1088 ἣν
3559 1050 3570 1062 ·
3630 1029 3743 1082 ἀλλ’
3799 1029 3986 1102 ὁμαλῶς

2395 1113 2654 1183 ἠρώτησε,
2713 1110 2913 1174 δεικνὺς
2958 1116 3037 1166 ὅτι
3085 1116 3142 1168 οὔ
3176 1113 3347 1169 δεῖται
3385 1127 3481 1179 τῆς
3510 1116 3782 1182 διακονίας
3814 1124 3980 1185 αὐτῶν,

2393 1199 2517 1254 οὐδὲ
2572 1205 2810 1273 περιάγει
2847 1207 3084 1272 τούτους,
3140 1203 3574 1281 ἐπιδεικνύμενος,
3617 1213 3708 1261 καὶ
3739 1212 3820 1262 ὅτι
3853 1207 3984 1263 οὐδὲ·

2389 1311 2451 1342 να
2476 1296 2546 1362 μὴ
2585 1290 2896 1363 βουλόμενον
2949 1292 3191 1365 βούλεται
3221 1301 3488 1367 κατέχειν,
3546 1301 3681 1350 Οὔτε
3713 1295 3774 1351 δε
3803 1295 3982 1350 ἐδεινο-

2389 1382 2646 1444 πάθησεν,
2710 1385 2828 1434 οὔτε
2895 1389 3229 1457 κατηγόρησε
3285 1395 3385 1436 τὼν
3439 1387 3762 1439 ἀπελθόντων
3817 1388 3886 1450 εἰς
3930 1393 3984 1440 τὰ

2389 1469 2580 1536 ὀπίσω,
2611 1473 2732 1544 ὅπερ
2780 1479 2943 1523 ποιεῖν
3002 1474 3250 1545 εἰώθαμεν
3286 1475 3451 1547 ἡμεῖς,
3494 1482 3883 1550 καταφρόνησιν
3907 1482 3985 1529 καὶ

2387 1558 2536 1632 ὕϐριν
2591 1564 2648 1612 τὸ
2697 1567 2917 1634 πρᾶγμα
2969 1567 3230 1634 κρίνοντες
3290 1579 3303 1594 ⁸
3370 1561 3508 1618 διότι
3537 1569 3666 1638 μετά
3698 1563 3986 1639 φιλοδοξίας

2388 1649 2594 1702 ἅπαντα
2618 1654 2930 1724 πράττομεν.

2458 1740 2741 1813 Ἀπεκρίθη
2781 1772 2834 1780 -
2872 1741 3262 1814 ἀπελευσόμεθα
3288 1743 3381 1808 ;Ὀ
3412 1749 3603 1814 Πέτρος
3622 1747 3648 1797 ὁ
3677 1746 3800 1819 φιλά
3820 1744 3986 1818 δελφος

2308 1837 2347 1889 B
2387 1829 2849 1903 ὑπεραπολογεῖται
2904 1832 3106 1883 πάντων
3165 1842 3262 1882 τῶν
3314 1830 3545 1904 ἀδελφῶν
3579 1851 3590 1862 ·
3629 1841 3808 1909 Κύριε,
3868 1841 3984 1910 πρὸς

2384 1923 2499 1970 τίνα
2527 1917 2911 1991 ἀπελευσόμεθα
2943 1937 2956 1985 ;
2989 1924 3056 1972 Τό
3089 1925 3218 1994 πρὸς
3254 1921 3408 1974 αὐτὸν
3442 1923 3788 1998 φιλόστοργον
3816 1926 3983 1997 ἐμφαί-

2382 2029 2478 2059 νων
2519 2011 2598 2060 ὃτι
2627 2009 2720 2060 οὐκ
2748 2011 2941 2080 ἔχουσι
2973 2011 3141 2082 ἕτερον
3167 2018 3470 2084 τιμιώτερον
3496 2013 3680 2073 αὑτοῦ,
3714 2015 3773 2066 οὐ
3803 2023 3980 2086 γονεῖς,

2380 2097 2440 2149 οὗ
2474 2106 2759 2169 συγγενεῖς,
2790 2099 2848 2150 οὗ
2876 2099 3072 2171 φίλους,
3103 2100 3207 2171 οὐχ
3247 2100 3418 2162 ἁπλῶς
3440 2121 3556 2155 τινα
3592 2112 3692 2156 τῶν
3727 2104 3976 2158 ἁπάντων.

2380 2184 2506 2239 Εἶτα
2537 2189 2617 2238 ἳνα
2644 2192 2714 2260 μὴ
2745 2185 2874 2260 δοκῇ
2906 2197 3055 2240 τοῦτο
3078 2189 3255 2256 εἰπεῖν,
3285 2194 3349 2252 ὡς
3371 2191 3463 2244 οὐκ
3490 2196 3636 2253 ὄντος
3661 2202 3755 2246 τοῦ
3796 2191 3976 2246 ὑποδε-

2379 2275 2590 2348 ξομένου
2617 2277 2776 2329 αὑτοῦ
2786 2297 2827 2341 ς,
2855 2280 3104 2350 ἐπήγαγε.

2445 2455 2677 2526 Ῥήματα
2747 2488 2805 2496 ——
2869 2458 3030 2527 ἔχεις.
3089 2457 3321 2528 Ῥήματα
3371 2460 3510 2519 ζωὴν
3587 2461 3798 2515 αἰώνιον
3862 2482 3976 2536 προ-

2375 2545 2633 2607 ξενοῦντα.
2671 2545 2827 2619 Ὀρᾶς
2857 2548 2936 2598 ὅτι
2956 2546 3014 2598 οὗ
3048 2549 3111 2599 τὰ
3129 2549 3344 2621 ῥήματα
3368 2545 3428 2606 ἦν
3455 2553 3521 2602 τὰ
3541 2549 3972 2615 σκανδαλίζοντα,

2372 2634 2481 2686 ἀλλ’
2511 2638 2539 2693 η
2597 2636 2882 2708 ἀπροσεξία
2935 2644 3034 2687 τῶν
3085 2636 3392 2703 ἀκουόντων,
3453 2645 3542 2690 καὶ
3598 2644 3654 2692 τὸ
3723 2650 3974 2716 σαρκικώς

2371 2733 2500 2776 νοεὶν
2552 2725 2700 2789 αὐτὰ,
2734 2729 2917 2796 καὶμὴ
2953 2736 3332 2796 πνευματικῶς.
3386 2725 3694 2780 Ἀκόλουθον
3741 2734 3829 2802 μὲν
3879 2733 3971 2804 γὰρ

2370 2819 2458 2865 καὶ
2513 2813 2789 2885 ἀναγκαῖον
2849 2812 2908 2871 ἧν
2967 2813 3131 2866 ἐκεῖνα
3181 2816 3408 2888 ῥηθῆναι
3468 2813 3561 2869 δια
3614 2823 3701 2870 τὸν
3743 2825 3971 2894 περὶτοῦ

2370 2905 2536 2975 μάννα
2560 2903 2708 2974 λόγον
2752 2913 2850 2955 τῶν
2881 2902 3153 2956 Ἰουδαίων
3182 2924 3194 2936 ⁸
3225 2902 3332 2957 ἔδει
3374 2903 3433 2958 δε
3462 2911 3583 2968 τοὺς
3633 2907 3914 2971 ἀκούοντας
3942 2911 3966 2967 ἡ

2369 3003 2722 3065 πνενματικῶς
2755 2992 2957 3045 ἀκούειν
3017 2995 3170 3062 αὐτὰ,
3227 2996 3255 3053 ᾖ
3312 3001 3384 3066 μὴ
3427 3005 3580 3048 τοῦτο
3638 2995 3967 3070 δυναμένους,

2370 3080 2628 3154 δέχεσθαι
2656 3087 2745 3156 μεν
2790 3091 2974 3147 ταῦτα,
3008 3083 3224 3157 ὕστερον
3266 3081 3324 3136 δὲ
3364 3085 3663 3158 φιλομαθώς
3719 3086 3968 3161 ἐρωτῆσαι

2301 3205 2339 3260 C
2367 3178 2484 3248 περὶ
2510 3175 2723 3227 τούτων.

2441 3355 2540 3404 Καὶ
2575 3384 2635 3390 —
2671 3353 2878 3414 ζῶντος.
2918 3356 3018 3404 Καὶ
3068 3350 3115 3403 ἐν
3161 3361 3232 3404 τώ
3271 3362 3567 3426 τριακοστῷ
3615 3359 3776 3428 τρίτῳ
3823 3375 3961 3427 κεφα-

2361 3442 2490 3514 λαίῳ
2517 3447 2607 3494 του
2629 3445 2763 3494 κατά
2787 3443 3051 3494 Ματθαίον
3074 3445 3129 3492 τὸ
3157 3442 3279 3494 αὐτό
3313 3439 3419 3494 εἶπε
3452 3462 3464 3474 ⁸
3501 3447 3567 3496 Σὺ
3598 3440 3690 3496 εἷό
3727 3448 3961 3517 Χριστὸς,

2361 3534 2386 3584 ὁ
2418 3535 2539 3592 Υἱὸς
2568 3537 2657 3584 τόν
2691 3540 2824 3584 Θεοῦ
2854 3539 2944 3582 τοὺ
2981 3534 3166 3592 ζῶντος
3209 3551 3220 3562 ·

2364 3641 2447 3674 σιν
2479 3623 2688 3674 αὖτὸνό
2731 3624 2962 3694 Χριστὸς
3002 3617 3096 3672 διά
3143 3625 3235 3678 τὴν
3283 3619 3384 3672 ἐκεῖ
3437 3622 3692 3695 ῥηθεῖσαν
3750 3624 3914 3676 αἰτίαν
3946 3639 3956 3650 ⁸

3277 3529 3402 3582 ἀλλά
3429 3537 3543 3584 τότε
3565 3536 3655 3604 μὲν
3724 3536 3959 3605 ἐμακάρι-

2357 3720 2444 3762 νῡν
2495 3708 2572 3776 δὲ,
2630 3707 2809 3767 ἐπειδὴ
2853 3729 3037 3772 κοινῳς
3091 3716 3223 3762 εἶπεν
3273 3712 3353 3762 ὅτι
3409 3715 3828 3785 Πεπιστεὺκαμεν
3879 3715 3958 3762 καὶ

2358 3799 2668 3870 ἐγνώκαμεν,
2707 3796 2997 3850 διαστέλλει
3051 3802 3136 3850 τὸν
3168 3798 3510 3870 Ἰσκαριώτην
3543 3799 3629 3852 ἀπ’
3662 3802 3828 3854 αὐτῶν
3855 3797 3953 3859 ἤδη

2360 3889 2716 3961 σαλευόμενον.

2428 3980 2712 4052 Ἀπεκρίθη
2773 4009 2842 4019 -
2899 3976 3202 4050 ἐξελεξάμην
3251 3995 3264 4046 ;
3320 3978 3487 4031 Τοῦτο
3544 3979 3660 4031 κατ’
3717 3978 3954 4054 ἐρώτησιν

2358 4067 2726 4139 ἀναγνωστέον.

2432 4161 2531 4210 Καὶ
2567 4189 2628 4199 -
2685 4153 2913 4212 δώδεκα.
2947 4188 3016 4196 -
3073 4155 3184 4208 Οὐκ
3249 4155 3371 4228 ἐγὼ,
3428 4161 3604 4229 φησὶν,
3669 4160 3799 4231 ὑμᾶς
3843 4158 3952 4214 τοὺς

2358 4243 2572 4300 δώδεκα
2609 4246 2911 4319 ἐξελεξάμην
2948 4264 2961 4312 ;
2994 4251 3084 4297 καὶ
3116 4248 3255 4317 ὅμως
3285 4245 3340 4308 ἐξ
3365 4248 3507 4318 ὑμῶν
3537 4249 3631 4312 εἷς,
3692 4243 3838 4299 οὐδὲν
3867 4251 3949 4302 τῆς

2357 4337 2480 4409 παρ’
2530 4337 2654 4408 ἓμοῦ
2691 4336 2905 4408 ἐκλογῆς
2964 4335 3298 4407 ἀπονάμενος,
3352 4338 3416 4395 ὡς
3475 4336 3807 4400 αὐτεξούσιος
3843 4332 3946 4404 (78)

2356 4431 2479 4500 πρὸς
2501 4425 2686 4500 ἀρετὴν
2716 4431 2806 4478 καὶ
2833 4430 3040 4491 κακίαν,
3073 4421 3316 4485 διάϐολος
3346 4423 3506 4487 ἐστιν,
3540 4429 3699 4496 ἤγουν
3727 4422 3940 4477 διαϐολιο

2354 4520 2461 4580 κὸς,
2486 4525 2574 4569 τοῦ
2600 4513 2845 4569 διάϐολον
2873 4516 3156 4588 ὑπουργὸς.
3185 4513 3342 4571 Δῆλον
3373 4509 3460 4565 οὖν
3495 4515 3575 4565 ὅτι
3606 4514 3655 4565 ἐν
3685 4522 3743 4586 τῇ
3775 4528 3938 4584 προαι-

2352 4609 2494 4680 ρέσει
2551 4613 2640 4658 τοῦ
2671 4605 2943 4679 ἀνθρώπου
2974 4611 3142 4656 κεῖται
3198 4606 3256 4654 τὸ
3314 4604 3576 4664 σώζεσθαι
3637 4604 3666 4662 ἦ
3701 4600 3943 4654 ἀπόλλυσ-

2357 4699 2467 4752 Θαι.

2423 4787 2567 4846 Τινὲς
2596 4781 2654 4836 δε
2717 4780 2751 4836 δ
2758 4783 2959 4836 ιάϐολον
2989 4790 3076 4834 νῦν
3107 4785 3192 4834 τὸν
3225 4780 3491 4834 ἐπίϐουλον
3525 4781 3753 4838 ἐνόησαν.
3781 4771 3941 4828 Οὐδὲν

2353 4874 2468 4946 (79)
2494 4870 2579 4926 οὖν
2611 4877 2784 4926 καινὸν
2808 4872 2854 4924 ἐν
2885 4881 2956 4943 τῷ
2985 4871 3283 4943 ἐκλέγεσθαι
3314 4874 3403 4944 μὲν
3426 4869 3620 4942 ἀγαθὴν
3651 4869 3940 4939 προαίρεσιν

2349 4967 2490 5036 ἔχειν
2522 4967 2609 5016 τὸν
2638 4960 2867 5031 Ἰούδαν,
2899 4963 3114 5032 ὕστερον
3147 4957 3204 5013 δε
3256 4959 3639 5033 μεταϐληθῆναι
3682 4961 3860 5008 τοῦτον
3881 4955 3945 5014 ὡς

2349 5052 2563 5116 αὑτεξού
2573 5072 2704 5106 σιον.

2422 5147 2522 5196 Καί
2553 5142 2964 5195 -ἀποκτεῖναι.
3021 5144 3098 5193 Οὐ
3149 5142 3251 5213 γὰρ
3321 5140 3462 5210 εἶχεν
3527 5139 3641 5211 (80)
3693 5135 3948 5201 ἐξουσίαν,

2346 5237 2504 5306 ἤγουν
2528 5237 2621 5285 οὐκ
2647 5229 2786 5305 εἶχεν
2813 5227 2996 5284 ἄδειαν
3022 5229 3070 5282 ἐν
3098 5238 3160 5304 τῇ
3217 5225 3459 5302 Ἰουδαίᾳ
3510 5233 3810 5304 περιπατεῖν
3841 5241 3854 5254 '
3887 5224 3950 5283 ὡς

2344 5327 2461 5400 περὶ
2492 5322 2763 5398 ἀνθρώπου
2815 5324 2917 5398 γὰρ
2965 5327 3118 5373 τοῦτο
3176 5315 3311 5373 εἶπεν
3367 5319 3394 5370 ὁ
3424 5317 3800 5392 εὐαγγελιστής
3837 5331 3856 5352 ⁹
3885 5314 3952 5376 ὡς

1794 5573 2020 5642 Varias
2066 5574 2394 5645 lectiones
2429 5584 2492 5643 et
2526 5585 2725 5642 notae.

783 5736 868 5815 Εἰς
894 5735 1078 5815 ἀρετήν
1105 5745 1172 5797 Α.

670 5739 738 5792 78
783 5739 868 5800 Εἰς
894 5739 1078 5815 ἀρετήν
1105 5745 1172 5797 Α.

643 5739 762 5894 ξτθζ
802 5814 885 5881 At.
912 5812 1234 5890 interponit
1274 5816 1342 5871 Α.

2421 5747 2537 5818 (80)
2567 5746 2987 5818 Interpretatur
2999 5757 3149 5818 ergo
3173 5741 3496 5806 lectionem
3509 5729 3946 5818 Chrysostomi-

2351 5810 2491 5894 εἶχεν
2518 5810 2781 5888 ἰξουσίαν,
2811 5831 2922 5893 pro
2947 5810 3115 5884 seni,
3154 5830 3336 5890 quam
3363 5818 3517 5874 recte
3542 5810 3660 5871 hoc
3699 5810 3833 5870 loco
3861 5822 3948 5867 re-
