4156 6394
222 367 355 433 1261

1232 365 1601 431 COMMENT.
1646 362 2111 445 ιΝξδΟΑΝΝΕλνι.
2154 405 2222 413 -
2263 369 2413 428 CAP.
2464 367 2576 428 VII.

3466 373 3609 432 49.62

220 506 323 578 γὰρ
375 503 650 576 ἄνθρωπος
698 501 1032 556 ὑπεστελλετο
1079 507 1189 572 νῦν,
1238 499 1297 553 ού
1337 501 1532 573 φεύγων
1570 501 1655 552 τὸν
1688 500 1837 552 θάνα-

1979 499 2355 570 ινεηεθιίειεε
2399 515 2543 556 nam
2573 497 2728 556 sicut
2752 496 2932 555 homo
2967 513 3129 556 nunc
3161 497 3457 572 formidat,
3487 516 3612 558 non

223 613 328 659 τον,
370 592 500 646 ἀλλὰ
531 588 834 666 φειδόμενος
863 601 961 644 τῶν
1001 596 1208 664 φονέων,
1239 595 1324 642 καὶ
1358 592 1438 642 ὅτι
1472 593 1614 642 οὔπω
1657 593 1840 664 καιρὸς

227 679 292 741 ἦν
323 690 415 736 τοῦ
446 685 646 742 πάθους
669 681 848 735 αὐτοῦ.
876 677 1026 735 Ἔδει
1051 683 1153 753 γὰρ
1185 680 1340 732 αὐτὸν
1366 682 1488 732 ποτε
1518 683 1606 753 μὲν
1629 682 1697 742 ὡς
1719 685 1840 734 Θεὸν

229 776 397 844 μένειν
426 770 735 847 ἁχεὶρωτον,
762 774 882 824 ποτε
905 767 964 823 δε
995 773 1064 833 ὡς
1095 771 1362 844 ἄνθρωπον
1393 771 1687 842 ὑποχωρεῖν
1707 769 1844 822 οἰκο-

227 869 472 935 νομικῶς.

302 1038 398 1091 Ἧν
449 1069 512 1078 ——
573 1043 927 1111 Σκηνοπηγία.
982 1038 1123 1097 Αὕτη
1181 1037 1462 1112 ἑωρτάζετο
1518 1036 1586 1100 εἰς
1635 1041 1843 1108 μνήμην

1107 1135 1341 1187 Μωυσῆς
1407 1126 1561 1188 ἔπηξε
1645 1134 1845 1198 πρῶτον

1209 1224 1300 1268 τοῦ
1385 1215 1625 1273 Βεσελεὴλ
1710 1217 1847 1267 θείαν

230 1136 325 1189 τῆς
381 1129 597 1202 ἡμέρας,
671 1128 788 1180 καθ’
869 1129 928 1186 ἢν
1013 1130 1038 1180 6

226 1222 324 1274 τὴν
408 1219 930 1271 κατασκευασθεῖσαν
1015 1219 1115 1269 ὑπὸ

231 1311 450 1365 σκηνήν.

306 1392 460 1449 Εἶπον
493 1428 552 1436 -—
582 1395 764 1452 αὐτοῦ.
792 1398 859 1449 Oi
880 1403 971 1448 τοῦ
1000 1396 1196 1467 Ἰωσὴφ
1221 1398 1349 1460 υἱοὶ,
1373 1401 1462 1446 τοῦ
1489 1396 1626 1447 θέσει
1657 1397 1850 1466 πατρὸς

235 1485 420 1540 αὐτοῦ.

307 1573 581 1633 Μετάϐηθι
625 1605 694 1616 --
739 1582 923 1636 ποιεῖς.
978 1580 1393 1649 ιῐροσποιοῦνται
1427 1576 1514 1645 μὲν
1561 1571 1636 1624 ἐπ’
1670 1571 1849 1644 ἀγαθῷ

243 1663 632 1737 συμϐουλεύειν,
688 1665 755 1725 ὡς
811 1672 1072 1734 συγγενεῖς
1142 1659 1300 1720 δῆθεν
1361 1668 1450 1714 καὶ
1518 1662 1846 1714 οἰκειότατον

238 1757 435 1816 σκοπὸς
467 1750 526 1806 δὲ
568 1753 741 1814 αὐτοῖς
790 1757 1035 1826 πονηρὸς,
1070 1751 1126 1804 ἐκ
1158 1755 1346 1824 φθόνου
1377 1754 1604 1822 τεχθεὶς.
1654 1757 1851 1824 Πειρτλι-

1951 594 2205 645 mortem
2239 588 2490 660 fugiens,
2537 589 2641 644 sed
2684 587 3005 645 homicidis
3059 604 3328 660 parcens,
3381 594 3437 645 et
3466 591 3615 663 quia

1951 687 2188 750 tempus
2207 695 2327 734 suae
2347 679 2641 751 passionis
2654 679 2923 734 nondum
2945 679 3290 736 advenerat.
3314 680 3614 753 Siquidem

1951 767 2406 838 oportebateum
2420 768 2716 824 interdum
2733 767 2971 840 quidem
2990 784 3227 824 manere
3244 769 3617 841 inexpugna-

1952 856 2145 924 bilem,
2181 860 2383 928 utpote
2409 858 2616 923 Deum,
2643 857 3012 930 quandoque
3033 873 3175 914 vero
3199 864 3488 931 tanquam
3511 859 3616 916 ho-

1957 946 2181 1002 minem
2213 945 2655 1017 dispensatorie
2687 946 2914 1002 cedere.

2026 1036 2192 1090 Vers.
2225 1039 2285 1092 2.
2311 1036 2462 1092 Erat
2482 1035 2928 1108 —Scenopegia.
2964 1038 3100 1093 Haec
3121 1037 3532 1095 celebrabatur
3553 1038 3614 1094 in

1957 1125 2310 1181 memoriam
2356 1126 2494 1193 diei,
2527 1142 2644 1198 quo
2676 1127 2935 1196 primum
2977 1127 3168 1182 Moses
3194 1128 3467 1184 divinum
3491 1128 3618 1184 ﬁxit

1959 1214 2306 1284 tentorium,
2339 1216 2504 1287 quod
2535 1232 2570 1272 a
2604 1215 2856 1271 Beseleel
2893 1215 3256 1272 fabricatum
3291 1223 3396 1275 est.

2032 1395 2194 1451 Vers.
2254 1394 2306 1449 3.
2357 1393 2655 1451 Dixerunt
2695 1425 2764 1433 —
2815 1396 2964 1464 ejus.
3032 1395 3155 1451 Filii
3209 1394 3451 1468 Joseph,
3508 1394 3613 1468 qui

1959 1483 2281 1555 adoptione
2320 1489 2490 1554 pater
2519 1483 2648 1554 ejus
2674 1488 2821 1539 erat.

2031 1571 2195 1626 Vers.
2229 1575 2279 1626 3.
2323 1572 2528 1628 Transi
2557 1602 2624 1611 —
2642 1571 2813 1640 facis.
2843 1572 3098 1642 Fingunt
3132 1572 3372 1643 quidem
3401 1573 3617 1629 utiliter

1963 1661 2216 1716 suadere
2240 1666 2524 1732 tanquam
2550 1662 2784 1731 cognati
2819 1667 2874 1716 et
2903 1660 3081 1717 amici
3111 1661 3456 1726 familiares,
3482 1661 3615 1718 ﬁnis

1963 1767 2101 1805 vero
2145 1766 2352 1806 eorum
2401 1766 2618 1821 pravus
2650 1755 2790 1814 erat,
2841 1749 2919 1806 ab
2971 1750 3199 1806 invidia
3236 1751 3558 1822 procedens
3599 1769 3612 1810 :

236 1862 382 1916 μενοι
408 1845 506 1917 γὰρ
531 1849 842 1914 μεταγαγεῖν
867 1850 1046 1894 τοῦτον
1075 1841 1139 1901 εἰς
1169 1845 1262 1898 τὴν
1294 1837 1559 1892 Ἰουδαίαν
1592 1843 1674 1892 ἵνα
1705 1839 1850 1892 ἀναι-

1979 1840 2331 1895 :onabantur
2379 1838 2678 1910 siquidem
2730 1838 2898 1894 illum
2925 1839 2985 1894 in
3015 1840 3285 1894 Iudaeam
3318 1840 3612 1911 pellicere,

235 1933 360 2004 ρεθῇ
393 1933 535 2006 παρὰ
560 1939 658 1983 τῶν
683 1931 974 1990 ζητούντων
1003 1929 1302 1982 ἀποκτεῖναι
1335 1929 1510 1995 αὐτὸν,
1541 1929 1851 2001 προϐάλλον·

234 2041 324 2073 ται
357 2024 412 2072 τὸ
446 2017 552 2072 δεῖν
584 2024 674 2072 καὶ
713 2023 834 2082 τοὺς
866 2018 1029 2071 ἐκεῖσε
1069 2023 1219 2079 ὄντας
1247 2021 1486 2091 μαθητὰς
1533 2019 1706 2074 αὑτοῦ.
1737 2024 1854 2078 ἤτοι

235 2113 360 2172 τοὺς
411 2109 620 2181 ὄχλους,
668 2112 786 2170 τοὺς
834 2107 882 2160 ἐν
938 2106 1176 2180 Ἰουδαίᾳ
1230 2111 1617 2182 παρεπομένους
1691 2109 1852 2180 αὐτῷ,

237 2201 445 2275 θεωρεῖν
484 2202 548 2250 τὰ
581 2205 776 2271 σημεῖα
806 2197 840 2250 ἃ
869 2205 1029 2251 ποιεῖ.

313 2375 502 2438 Οὐδεὶς
547 2407 612 2417 -
665 2374 812 2433 εἶναι.
865 2379 1010 2429 Κατὰ
1055 2379 1145 2449 μὲν
1193 2379 1251 2428 τὸ
1298 2381 1594 2450 προχείρως
1636 2379 1851 2449 νοούμε-

236 2487 324 2520 νον
358 2463 581 2519 δοκοῦσι
609 2467 946 2539 παρακνίξειν
978 2465 1133 2518 αὐτὸν
1162 2465 1242 2517 ἵνα
1271 2465 1466 2538 μεταϐῇ
1501 2483 1512 2494 ·
1542 2469 1677 2518 κατὰ
1708 2463 1766 2518 δὲ
1795 2470 1851 2518 τὸ

243 2555 534 2630 βαθύτερον
590 2555 1048 2619 ἀποσκώπτουσιν,
1099 2557 1164 2615 ὡς
1209 2552 1374 2607 δειλὸν
1413 2556 1523 2627 οἶμα
1569 2560 1658 2607 καὶ
1710 2556 1855 2627 φιλο-

242 2642 418 2709 δοξον.
449 2649 519 2698 T6
549 2647 640 2718 μὲν
669 2646 771 2718 γὰρ
822 2641 869 2696 ἐν
900 2652 1114 2716 κρυπτῷ
1156 2663 1206 2695 τι
1255 2651 1418 2696 ποιεῖν
1465 2641 1658 2711 δειλοῦ,
1704 2649 1762 2697 τὸ
1796 2642 1854 2698 δὲ

244 2735 421 2797 ζητεῖν
452 2733 502 2785 ἐν
547 2733 821 2808 παρρησίᾳ
867 2730 1013 2803 εἶναι,
1062 2736 1180 2792 ἤτοι
1223 2736 1456 2808 φανερὸν,
1513 2731 1851 2800 ἀπόϐλεπε-ον,

243 2819 543 2896 φιλοδόξου.

323 3001 382 3055 Εἰ
411 3033 479 3042 -
507 3005 709 3074 κὸσμῷ.
741 3000 800 3052 Εἰ
828 3008 993 3052 ταῦτα
1024 3003 1090 3053 τὰ
1112 3007 1302 3073 σημεῖα
1327 3009 1507 3065 ποιεῖς,
1538 3006 1627 3054 καὶ
1653 3001 1710 3053 ού
1733 3023 1859 3074 φαν-

239 3091 440 3153 τάζεις.
478 3095 770 3164 φανέρωσον
799 3093 1016 3144 σεαυτὸν
1033 3096 1193 3142 πᾶσιν
1217 3087 1513 3151 Ἰουδαίοις.
1537 3090 1856 3144 ’Υπώπτευον

239 3183 347 3256 γὰρ
379 3185 470 3232 καὶ
501 3179 612 3251 (81)
646 3182 712 3232 τὰ
743 3187 935 3252 σημεῖα
964 3181 1032 3242 ὡς
1059 3185 1368 3251 φαντασίαν.

312 3357 471 3417 Δῆλον
521 3353 608 3411 οὖν
661 3359 890 3410 ἐντεῦθεν
948 3358 1025 3410 ὅτι
1075 3365 1271 3430 σημεῖα
1328 3358 1544 3416 ἐποίησε
1599 3359 1766 3422 κάκεῖ,
1825 3360 1859 3413 ἃ

234 3449 410 3500 πάντα
438 3442 769 3520 παρέδραμεν
813 3448 838 3498 6
885 3447 1145 3512 Ἰωάννης,
1179 3449 1352 3521 ὥσπερ
1387 3455 1475 3501 καὶ
1505 3450 1634 3502 ἀλλα
1674 3451 1854 3506 πολλὰ,

241 3532 483 3587 σπεύδων
515 3535 705 3606 μᾶλλον
755 3534 838 3587 ἐπὶ
877 3537 943 3587 τὰ
973 3541 1188 3609 φέροντα
1227 3538 1370 3600 ξένην
1417 3543 1531 3591 τινὰ
1582 3536 1856 3611 διήγησιν,

242 3628 335 3676 καὶ
366 3624 434 3674 ὧν
471 3626 518 3675 οἱ
547 3623 693 3676 ἄλλοι
741 3623 834 3675 οὐκ
875 3623 1297 3695 ἐπεμνήσθησαν,
1351 3625 1476 3681 Εἶτα
1520 3628 1654 3700 λέγει
1684 3635 1768 3682 καὶ
1804 3634 1860 3682 τὸ

250 3717 416 3765 αἱτιον
446 3722 540 3775 τῆς
569 3716 812 3774 τοιαύτης
841 3715 1089 3785 ὑποψίας.

316 3888 458 3945 Οὐδὲ
507 3923 569 3932 --
609 3891 782 3944 αὐτόν.
839 3889 972 3944 036"
1032 3893 1177 3946 αὐτοὶ
1237 3898 1508 3950 ἐπίστευον
1561 3898 1630 3960 είς
1687 3899 1856 3966 αὐτὸν,

243 3986 318 4043 ως
359 3982 428 4043 εἰς
476 3987 624 4036 Θεὸν.
657 3982 792 4036 Ἀλλ’
835 3983 972 4055 ὅμως
1017 3985 1066 4035 οἱ
1111 3991 1198 4035 νῦν
1244 3993 1470 4038 τοιοῦτοι
1512 3987 1728 4058 μεγάλοι
1769 4009 1860 4058 γε-

238 4076 460 4143 γόνασιν
490 4072 727 4144 ὕστερον,
769 4076 858 4123 καὶ
900 4070 1062 4123 πολλὰ
1089 4075 1233 4145 παρὰ
1281 4073 1474 4126 πολλῶν
1525 4077 1651 4149 ύπερ
1700 4077 1861 4130 αὐτοῦ

240 4161 588 4226 πεπόνθασιν,
625 4158 866 4222 Ἰάκωϐος
911 4166 1001 4212 καὶ
1031 4158 1254 4223 Ἰούδας.
1296 4167 1357 4215 Τί
1396 4160 1483 4215 οὖν
1525 4166 1549 4216 6
1593 4168 1686 4225 τὰς
1733 4187 1856 4240 καρ-

236 4246 368 4310 δίας
426 4248 592 4300 αύτὼν
640 4245 826 4315 εἰδώς;
859 4249 970 4302 Οὐκ
1011 4251 1212 4322 ἤλεγξεν
1255 4252 1444 4314 αὐτοὺς
1485 4259 1742 4329 πονηρούς
1770 4261 1859 4308 καὶ

237 4335 572 4405 ἐπιϐούλους,
628 4335 755 4389 ἀλλα
806 4341 1157 4414 μακροθύμως
1211 4339 1542 4416 ἀποκρίνεται
1590 4347 1719 4419 πρὸς
1771 4349 1857 4396 τὸν

241 4429 446 4480 σκοπὸν
475 4426 666 4484 αὐτῶν,
912 4437 915 4446 ’

313 4519 472 4586 Λέγει
499 4547 568 4557 -
596 4517 866 4592 πάρεστιν.
896 4517 956 4570 '0
980 4523 1158 4594 καιρὸς
1197 4521 1222 4572 6
1262 4519 1396 4592 ἐμὸς,
1430 4523 1456 4573 6
1496 4531 1586 4575 τοῦ
1623 4522 1856 4578 ἀπελθεῖν

234 4624 306 4678 με
345 4604 419 4666 εἰς
456 4609 550 4663 τὴν
586 4602 849 4658 Ἰουδαίαν
889 4606 1372 4683 ἁναιρεθησὸμενον,
1411 4614 1474 4672 ὡς
1504 4610 1852 4684 σπουδάζετε,

236 4697 388 4748 οὔπω
433 4695 657 4768 πάρεστι
691 4712 702 4724 ·
737 4700 789 4748 τί
837 4716 900 4768 με
947 4704 1271 4771 κατεπείγετε
1318 4705 1418 4774 πρὸ
1468 4710 1559 4754 τοῦ
1616 4707 1854 4756 τοιούτου

236 4789 432 4858 καιροῦ
455 4798 468 4849 ;

314 4869 372 4923 Ὀ
439 4867 498 4924 δὲ
545 4877 726 4949 καιρὸς
777 4906 846 4918 —
896 4875 1119 4950 ἕτοιμος.
1178 4885 1237 4930 Ὁ
1297 4884 1478 4955 καιρὸς
1531 4883 1556 4934 6
1613 4885 1854 4959 ὑμέτερος

236 4960 265 5012 6
299 4966 393 5012 τοῦ
428 4959 662 5016 ἀπελθεῖν
705 4965 840 5037 ὑμᾶς
887 4965 961 5029 εἰς
1000 4971 1094 5026 τὴν
1132 4965 1400 5023 Ἰουδαίαν
1450 4973 1670 5026 πάντοτέ
1715 4971 1855 5026 ἐστιν

235 5048 493 5123 εὐχερής.
556 5049 704 5124 Ἐμοὶ
759 5057 850 5126 μὲν
904 5058 1005 5132 γὰρ
1060 5055 1334 5130 ἐμποδίζει
1401 5063 1459 5112 τὸ
1508 5067 1667 5132 μήπω
1724 5081 1855 5136 παρ-

234 5144 369 5191 εῖναι
402 5138 559 5192 αὐτόν
591 5155 606 5172 ⁸
639 5142 760 5215 ὑμῖν
812 5139 872 5196 δε
917 5141 1088 5213 οὐδὲν,
1149 5156 1536 5223 συμφρονοῧσιν
1584 5147 1692 5211 ἤδη
1747 5159 1853 5214 τοῖς

235 5222 549 5292 Ἰουδαίοις.

1965 1935 2024 1985 ut
2053 1929 2130 1985 ab
2170 1929 2280 1983 illis
2313 1929 2698 1994 occideretur,
2733 1929 2836 2000 qui
2859 1945 2995 1983 eum
3029 1929 3374 2001 quaerebant
3402 1927 3620 1985 interﬁ-

1963 2035 2113 2074 cere.
2154 2020 2406 2074 Causam
2429 2024 2628 2073 autem
2662 2017 3086 2090 praetexebant,
3125 2019 3289 2090 quod
3319 2023 3620 2090 oporteret

1961 2107 2286 2180 discipulos
2317 2123 2560 2180 quoque
2593 2108 2741 2178 ejus,
2771 2108 2873 2178 qui
2903 2107 2987 2162 ibi
3014 2115 3199 2175 erant,
3238 2108 3362 2163 sive
3395 2109 3616 2174 turbas,

1960 2214 2096 2269 quas
2131 2196 2293 2251 illum
2345 2198 2404 2251 in
2449 2196 2658 2252 Judeea
2697 2196 3124 2269 sequebantur,
3176 2197 3393 2254 intueri
3423 2197 3615 2269 signa,

1959 2302 2094 2358 quae
2122 2285 2249 2356 ipse
2275 2285 2493 2340 ederet.

2033 2375 2195 2431 Vers.
2245 2377 2298 2429 4.
2332 2375 2508 2430 Nemo
2549 2405 2615 2418 --
2659 2389 2793 2430 esse.
2837 2375 3016 2430 Juxta
3061 2374 3391 2432 faciliorem
3453 2374 3618 2432 intel-

1960 2464 2182 2520 lectum
2215 2469 2269 2518 et
2297 2463 2402 2536 qui
2431 2464 2488 2518 in
2517 2469 2803 2536 promptu
2828 2468 2933 2530 est,
2957 2463 3235 2519 videntur
3265 2464 3434 2520 illum
3480 2464 3624 2520 inci-

1961 2559 2086 2610 tare
2112 2559 2171 2608 ut
2211 2558 2468 2608 transeat
2499 2569 2512 2619 ;
2537 2553 2708 2623 juxta
2749 2553 3196 2624 profundiorem
3224 2569 3384 2619 vero,
3419 2569 3625 2609 scom-

1963 2645 2126 2695 mata
2155 2640 2215 2694 in
2247 2641 2722 2711 eumjaciebant,
2747 2647 3037 2712 tanquam
3069 2641 3124 2696 in
3145 2642 3421 2698 timidum
3446 2641 3627 2698 simul

1961 2735 2018 2784 et
2045 2729 2246 2798 glorias
2276 2729 2586 2800 cupidum.
2641 2730 2950 2802 Siquidem
3000 2732 3060 2786 in
3101 2732 3334 2788 occulto
3380 2732 3625 2804 quidem

1964 2819 2269 2891 quidpiam
2291 2819 2502 2886 facere,
2524 2820 2715 2875 timidi
2745 2826 2832 2876 est
2861 2836 2871 2873 :
2911 2837 3174 2890 quaerere
3204 2827 3403 2877 autem
3433 2823 3628 2893 palam

1964 2925 2115 2979 esse,
2132 2910 2251 2963 sive
2265 2908 2646 2964 manifestum
2662 2915 2717 2964 et
2730 2908 3083 2977 gloriosum,
3099 2909 3297 2980 gloriae
3310 2911 3506 2982 cupidi
3518 2915 3627 2965 est.

2037 2999 2200 3053 Vers.
2255 3001 2308 3050 4.
2363 2998 2427 3053 Si
2473 3029 2541 3037 —
2584 2999 2824 3054 mundo.
2869 2997 2923 3053 Si
2978 2999 3106 3053 haec
3161 3001 3334 3070 signa
3379 3016 3516 3055 vere
3572 3005 3630 3057 et

1968 3103 2087 3144 non
2125 3093 2479 3159 apparenter
2506 3087 2668 3154 facis,
2701 3087 3019 3142 manifesta
3050 3087 3308 3160 teipsum
3345 3089 3628 3144 omnibus

1897 3186 1936 3241 C
1965 3177 2211 3233 Judteis.
2244 3178 2715 3249 Suspicabantur
2735 3193 2998 3249 namque
3020 3178 3195 3250 signa
3223 3179 3352 3234 haec
3377 3179 3631 3251 phanta-

1969 3266 2108 3323 stice
2135 3267 2280 3322 ﬁeri.

2039 3357 2183 3412 Hinc
2203 3372 2346 3426 ergo
2381 3356 2755 3412 manifestum
2797 3362 2902 3423 est,
2931 3357 3095 3429 quod
3126 3358 3302 3413 etiam
3339 3357 3419 3414 ibi
3449 3357 3630 3414 mira-

1971 3451 2107 3502 cula
2164 3446 2432 3510 ediderit,
2489 3463 2622 3518 quas
2677 3448 2880 3501 omnia
2919 3447 3314 3518 praetercurrit
3342 3448 3627 3515 Joannes,

1969 3535 2485 3609 quemadmodum
2519 3537 2636 3592 alia
2663 3535 2857 3606 multa,
2893 3536 3180 3591 festinans
3231 3537 3420 3608 magis
3450 3537 3526 3592 ad
3558 3552 3632 3593 ea

1971 3643 2101 3698 quae
2159 3642 2380 3680 novam
2413 3625 2675 3696 aliquam
2733 3624 3056 3682 afferebant
3112 3625 3541 3692 narrationem,
3574 3632 3631 3682 et

1970 3731 2229 3786 quorum
2269 3714 2364 3770 alii
2409 3714 2634 3769 nullam
2677 3714 2938 3770 fecerant
2992 3715 3372 3772 mentionem.
3411 3715 3632 3772 Deinde

1974 3821 2216 3860 causam
2244 3805 2420 3860 etiam
2461 3803 2602 3859 dicit
2633 3805 2763 3860 talis
2794 3805 3163 3877 suspicionis.

2047 3894 2205 3948 Vers.
2257 3894 2308 3948 5.
2343 3895 2532 3965 Neque
2555 3927 2622 3935 —
2665 3911 2811 3950 cum.
2843 3898 3042 3965 Neque
3073 3894 3183 3966 ipsi
3214 3894 3540 3951 credebant
3567 3895 3631 3952 in

1972 3999 2131 4052 eum,
2166 3989 2456 4055 tanquam
2488 3985 2546 4039 in
2581 3989 2784 4039 Deum.
2823 3987 3096 4039 Attamen
3125 3985 3462 4056 hiquitunc
3487 3985 3631 4041 tales

1972 4079 2157 4139 erant,
2188 4073 2390 4142 magni
2425 4074 2814 4144 postmodum
2848 4073 3038 4129 eflecti
3070 4080 3228 4142 sunt,
3258 4075 3566 4146 multaque
3599 4093 3632 4129 a

1970 4163 2173 4218 multis
2198 4179 2306 4234 pro
2324 4162 2422 4218 illo
2446 4164 2604 4234 passi
2625 4169 2780 4226 sunt,
2799 4164 3056 4218 Jacobus
3070 4163 3403 4219 videlicetet
3420 4164 3625 4220 Judas.

1970 4252 2117 4320 Quid
2153 4269 2294 4322 ergo
2318 4253 2387 4321 is,
2428 4254 2530 4324 qui
2560 4269 2767 4308 eorum
2813 4253 2998 4308 corda
3038 4255 3337 4308 noverat?
3366 4253 3493 4308 Non
3541 4269 3628 4309 re-

1968 4342 2279 4414 prehendit
2310 4342 2459 4412 illos,
2487 4348 2775 4414 tanquam
2803 4343 2994 4397 malos
3013 4350 3068 4397 et
3098 4342 3496 4407 insidiatores,
3523 4344 3627 4399 sed

1969 4432 2260 4502 patienter
2286 4432 2611 4503 respondet
2656 4433 2732 4487 ad
2763 4433 3155 4487 intentionem
3188 4433 3481 4503 ipsorum.

2041 4522 2198 4576 Vers.
2229 4528 2280 4575 6.
2311 4522 2416 4576 Ait
2445 4552 2510 4562 --
2541 4523 2716 4576 adest.
2751 4524 3026 4592 Tempus,
3081 4537 3200 4593 quo
3232 4522 3526 4584 convenit.
3566 4529 3630 4578 ut

1967 4626 2078 4681 ego
2095 4610 2153 4665 in
2169 4611 2438 4666 Judaeam
2454 4613 2670 4666 vadam
2692 4611 2977 4666 occidenti
2991 4611 3158 4676 us,ad
3172 4613 3333 4683 quod
3349 4629 3451 4667 vos
3466 4611 3630 4668 labo-

1965 4700 2132 4764 ratis,
2165 4701 2435 4756 nondum
2458 4700 2626 4755 adest
2661 4717 2673 4754 :
2709 4701 2851 4772 quid
2892 4717 2984 4755 me
3019 4701 3238 4770 urgetis
3262 4708 3398 4757 ante
3425 4702 3632 4773 hujus-

1967 4789 2134 4845 modi
2164 4796 2404 4860 tempus
2436 4789 2464 4842 ?
3607 4841 3614 4846 .

2035 4881 2196 4935 Vers.
2221 4881 2276 4933 6.
2318 4881 2562 4949 Tempus
2585 4886 2777 4936 autem
2799 4910 2864 4920 κ
2883 4886 3190 4948 paratum.
3226 4883 3481 4951 Tempus
3505 4896 3629 4951 quo

1966 4985 2069 5024 vos
2106 4969 2169 5023 in
2211 4968 2484 5024 Iudaeam
2526 4968 2774 5033 abeatis,
2827 4985 3067 5040 semper
3095 4970 3148 5022 in
3197 4975 3482 5039 promptu
3519 4974 3628 5032 est,

1968 5059 2111 5114 mihi
2127 5058 2560 5130 impedimento
2579 5064 2668 5113 est
2685 5066 2941 5130 tempus,
2956 5059 3121 5130 quod
3140 5058 3411 5113 nondum
3427 5057 3625 5115 adest:

1963 5148 2136 5206 vobis
2160 5154 2362 5206 autem
2394 5148 2538 5204 nihil
2582 5154 2669 5204 est
2695 5148 3146 5222 impedimento,
3177 5163 3318 5204 cum
3344 5147 3474 5220 jam
3508 5163 3631 5206 una

1965 5256 2096 5298 cum
2123 5240 2344 5297 Judasis
2373 5239 2660 5297 sentiatis.

1486 5419 1710 5488 Variae
1737 5420 2072 5490 lectiones
2105 5431 2392 5491 etnotae.

245 5619 1020 5696 pudiavit'rheophylactus.
1036 5629 1280 5687 Flumen
1296 5633 1584 5690 orationis
1599 5635 1692 5692 hic
1707 5637 1862 5694 abri-

178 5759 180 5761 ς
245 5692 379 5824 ﬁuit
393 5692 910 5780 Chrysostomum,
927 5699 1245 5774 deceptum
1263 5704 1512 5764 fortasse
1529 5706 1660 5765 loco
1679 5692 1859 5768 simili

306 5780 425 5824 arc.
464 5782 541 5824 v1.
572 5767 625 5823 5.
658 5766 903 5824 Larmor
948 5779 1105 5824 certe
1135 5781 1261 5824 erat
1301 5777 1536 5824 dicendi
1589 5781 1850 5824 matorin.

306 5780 425 5824 arc.
464 5766 541 5836 vi,
572 5767 625 5823 5.
658 5766 903 5844 Largior
948 5766 1105 5830 certe
1135 5781 1261 5835 erat
1301 5777 1539 5837 dicendi
1589 5766 1856 5852 materia,

1971 5638 2343 5712 explicandis
2401 5637 2533 5704 illis,
2567 5637 2660 5691 οὐκ
2692 5634 2831 5712 εἶχεν
2865 5636 3128 5704 ἐξουσίαν.

2067 5712 2154 5787 81)
2189 5715 2288 5767 Καὶ
2318 5712 2417 5786 γάρ
2448 5717 2505 5768 Β.
