4156 6388
557 368 695 424 1233

1888 365 2239 425 EUTHYMII
2280 365 2603 426 ZIGABENI

3796 354 3942 429 4264

631 498 790 553 Vers.
817 499 869 552 7.
897 495 1032 554 Non
1057 523 1129 536 —
1166 508 1285 550 vos.
1318 493 1528 564 Utpote
1565 491 1798 548 amicos
1831 510 1969 550 suos
2008 501 2066 551 et
2095 512 2208 552 una

2402 495 2479 552 Οὐ
2531 526 2595 538 -
2649 499 2804 569 ὑμᾶς.
2836 497 2920 560 Ὠς
2960 498 3133 571 φίλους
3163 499 3324 551 αὐτοῦ
3354 502 3444 550 καὶ
3494 499 3797 574 ὁμόφρονας.
3848 504 3942 553 Διό

559 601 765 642 secum
790 585 1112 641 sentientes
1140 582 1313 654 :quia
1335 597 1440 636 vos
1464 581 1539 635 ad
1565 597 1702 636 eum
1727 583 2034 639 acceditis.
2059 587 2220 640 Mun—

556 675 704 731 dum
735 679 935 731 autem
967 673 1127 738 dicit,
1154 672 1392 728 Judaeos
1416 671 1726 726 mundana
1751 672 2073 745 sapientes.

630 767 796 820 Vers.
841 769 899 821 7.
953 764 1044 820 Me
1085 793 1154 802 —
1185 762 1323 817 sint.
1358 760 1488 816 Mihi
1520 766 1722 816 autem
1776 762 2058 818 inimicus
2109 768 2215 829 est,

556 853 700 926 quia
725 869 837 924 ego
871 851 1122 909 ostendo
1158 849 1322 923 quod
1347 865 1530 921 opera
1554 849 1683 920 ejus
1709 851 1866 905 mala
1891 853 2009 907 sint
2042 869 2053 907 :
2086 852 2218 908 ideo

557 957 669 1012 ego
698 957 861 998 nunc
896 957 1019 997 non
1069 939 1291 996 accedo
1323 939 1400 994 ad
1454 939 1654 1009 ipsum
1695 939 2080 1007 occidendus,
2115 941 2217 996 sed

555 1047 694 1087 cum
723 1036 959 1102 tempus
993 1029 1317 1086 advenerit.
1353 1027 1624 1083 Ostendit
1651 1044 1814 1098 ergo,
1849 1029 2015 1100 quod
2047 1029 2126 1084 ob
2159 1030 2217 1083 id

557 1121 755 1192 potius
783 1120 1037 1176 oderant
1075 1119 1272 1190 ipsum
1305 1116 1519 1184 Judaei,
1551 1117 1716 1188 quod
1758 1117 1887 1172 illos
1922 1123 2214 1187 argueret,

554 1225 905 1282 quanquam
927 1209 1044 1281 ipsi
1071 1208 1336 1263 dicerent
1359 1223 1422 1260 se
1453 1223 1589 1262 eum
1623 1206 1846 1272 odisse,
1879 1208 2042 1279 quod
2069 1207 2218 1277 legis

553 1303 960 1370 transgressor
1001 1302 1174 1361 esset,
1226 1297 1467 1367 Deoque
1516 1295 1852 1351 contrarius
1889 1315 1902 1363 ;
1952 1303 2007 1352 et
2053 1297 2216 1369 quod

553 1403 676 1444 non
697 1387 893 1444 solum
912 1386 1247 1442 Sabbatum
1274 1384 1546 1448 solveret,
1571 1385 1672 1439 sed
1695 1391 1751 1440 et
1777 1386 2009 1440 Patrem
2037 1403 2213 1440 suum

554 1477 777 1533 diceret
803 1480 1009 1541 Deum,
1043 1474 1336 1547 (aqualem
1375 1489 1504 1529 sese
1554 1473 1781 1529 faciens
1809 1474 1926 1530 Deo
1959 1476 2028 1528 ⁸¹.

624 1568 707 1621 Tu
746 1581 879 1621 vero
911 1565 1054 1621 mihi
1097 1563 1423 1633 considera,
1458 1579 1644 1634 quam
1681 1572 1988 1619 mansuete
2022 1564 2218 1619 tulerit

552 1653 804 1712 fratrum
831 1654 1167 1718 consilium,
1205 1669 1327 1725 quo
1356 1652 1585 1708 insidiis
1638 1655 2050 1724 appetebatur.
2101 1656 2217 1709 Nos

552 1761 696 1801 vero
729 1761 846 1800 non
877 1744 977 1809 ita,
1021 1743 1127 1798 sed
1165 1742 1366 1797 statim
1409 1741 1800 1812 indignamur
1849 1759 1918 1798 ac
1965 1742 2216 1798 moleste

2329 585 2474 646 ὑμεῖς
2501 587 2727 657 ὑπάγετε
2754 587 2820 648 εἰς
2847 587 3021 643 αὐτόν.
3052 592 3259 661 Κόσμον
3280 590 3382 662 γὰρ
3413 587 3547 659 λέγει
3564 607 3686 650 τους
3705 593 3944 661 κοσμικά

2330 681 2639 746 φρονοῦντας
2670 673 2979 738 Ἰουδαίους.

2402 763 2521 834 Ἐμὲ
2576 795 2645 804 —-
2716 763 2875 820 ἐστιν.
2935 767 3080 838 Ἐμοὶ
3139 764 3196 819 δὲ
3268 765 3557 841 ἐχθραίνει,
3619 764 3758 819 διότι
3834 767 3941 839 ἐγὼ

2330 848 2654 904 ἀποδεικνύω
2713 856 2790 906 ὅτι
2849 857 2913 906 τά
2994 859 3122 928 ἔργα
3184 857 3342 908 αὐτοῦ
3401 857 3603 928 πονηρά
3654 853 3785 908 ἐστι.
3848 859 3940 908 Διό

2328 940 2426 1012 ἐγὼ
2468 942 2571 1012 οὐχ
2622 943 2806 1014 ὑπάγω
2853 945 2918 1004 εἰς
2963 946 3075 1015 (82)
3131 946 3284 997 αὑτὸν
3339 947 3478 1019 ἄρτι,
3533 943 3942 1018 ἀναιρεθησομε-

2327 1050 2426 1098 νος,
2479 1030 2569 1082 ἀλλ
2635 1033 2713 1084 ὅτε
2768 1034 2793 1084 ὁ
2826 1037 3008 1106 καιρὸς
3052 1035 3264 1106 ἐπιστῇ.
3314 1031 3543 1097 Ἐδειξεν
3588 1029 3675 1085 οὖν
3724 1035 3804 1086 ὃτι
3844 1030 3939 1085 δια

2327 1123 2384 1170 τὸ
2435 1119 2665 1191 ἐλέγχειν
2714 1125 2830 1182 τοὺς
2875 1121 3170 1184 Ἰουδαίους
3215 1123 3408 1195 μᾶλλον
3449 1121 3699 1194 ἐμισεῖτο,
3755 1123 3800 1174 εἰ
3845 1127 3939 1174 καὶ

2327 1207 2509 1260 ἐκεῖνοι
2557 1210 2722 1281 ἔλεγον
2767 1219 2939 1282 μισεῖν
2987 1213 3143 1264 αὐτὸν
3194 1216 3263 1273 ὡς
3305 1214 3602 1284 παράνομον
3655 1216 3745 1264 καὶ
3799 1210 3936 1264 ἀντί-

2330 1299 2459 1359 θεον,
2519 1301 2598 1350 ὅτι
2654 1300 2712 1351 οὐ
2767 1305 2918 1372 μόνον
2974 1302 3086 1354 {ius
3160 1305 3218 1354 τὸ
3294 1301 3577 1363 Σάϐϐατον,
3644 1299 3775 1353 ἀλλά
3845 1305 3938 1353 καὶ

2328 1392 2534 1462 Πατέρα
2570 1385 2707 1440 ἴδιον
2757 1389 2894 1462 ἔλεγε
2947 1395 3032 1442 τὸν
3087 1395 3235 1456 Θεὸν,
3285 1389 3396 1443 ἴσον
3446 1391 3629 1443 ἑαυτὸν
3657 1399 3816 1442 ποιῶν
3861 1398 3937 1460 τῷ

2327 1484 2463 1546 Θεῷ.

2399 1570 2465 1618 Σὺ
2499 1563 2558 1618 δέ
2595 1587 2684 1638 μοι
2719 1573 2899 1621 σκόπει
2932 1578 3036 1630 πῶς
3082 1571 3260 1643 πράως
3305 1573 3485 1640 ἤνεγκε
3531 1573 3624 1627 τὴν
3667 1567 3941 1622 ἐπίϐουλον

2329 1654 2628 1726 συμϐουλὴν
2671 1665 2771 1707 τῶν
2803 1653 3054 1728 ἀδελφῶν.
3107 1658 3244 1709 Ἀλλ’
3285 1659 3387 1730 οὐχ
3419 1659 3570 1730 ἡμεῖς
3600 1659 3780 1722 οὕτως,
3827 1657 3940 1709 ἀλλ’

2327 1743 2507 1806 εὐθέως
2539 1743 2928 1816 ἀγανακτοῦμεν
2971 1751 3060 1798 καὶ
3094 1746 3472 1818 σχετλιάζομεν
3504 1751 3593 1798 καὶ
3643 1753 3775 1798 πᾶσι
3811 1751 3941 1820 τρό-

551 1833 824 1903 ferimus,
847 1833 1250 1903 omnibusque
1271 1831 1468 1887 modis
1504 1831 1648 1886 tales
1679 1831 2060 1887 ulciscimur:
2095 1848 2208 1903 quo

2326 1852 2442 1894 ποις
2476 1831 2776 1906 ἀμυνώμεθα
2793 1839 2909 1895 τοὺς
2939 1839 3202 1895 τοιούτους
3227 1854 3238 1864 ·
3268 1845 3375 1897 πῶς
3404 1833 3490 1888 οὖν
3523 1835 3747 1908 ἐσόμεθα
3765 1837 3939 1908 μαθη-

551 1937 695 1992 ergo
726 1926 898 1994 pacto
924 1919 1202 1991 discipuli
1239 1919 1368 1990 ejus
1409 1919 1632 1974 erimus
1662 1917 1690 1972 ‘i’

623 2011 786 2066 Vers.
814 2010 867 2065 8.
911 2011 1018 2066 Vos
1059 2038 1126 2050 -—
1150 2008 1352 2066 istum.
1378 2008 1499 2063 Hoc
1521 2015 1610 2063 est
1640 2007 2013 2082 praedictum,
2044 2013 2211 2080 puta,

553 2099 1084 2172 Scenopegiorum.
1137 2097 1256 2153 Vos
1309 2098 1411 2170 qui
1458 2099 1634 2154 amici
1683 2097 1824 2154 estis
1866 2098 2214 2153 Judaaorum

551 2189 654 2261 qui
702 2188 1030 2260 periculum
1080 2187 1314 2242 nullum
1346 2187 1576 2241 timetis.

623 2278 786 2333 Vers.
815 2280 868 2332 8.
895 2278 1024 2347 Ego
1051 2307 1111 2318 —
1134 2277 1334 2330 istum.
1363 2278 1484 2331 Non
1504 2275 1650 2331 dixit
1682 2293 1692 2332 :
1723 2276 1848 2331 Non
1870 2275 2210 2339 ascendam,

550 2367 675 2434 sed,
712 2368 992 2422 Nondum
1017 2365 1346 2430 ascendam,
1370 2365 1485 2420 hoc
1515 2373 1626 2429 est,
1660 2368 1787 2420 Non
1820 2381 1979 2420 nunc
2012 2379 2216 2418 ascen-

548 2457 715 2521 dam,
749 2471 819 2512 eo
850 2455 1008 2528 quod
1030 2470 1192 2510 nunc
1214 2455 1377 2509 vivat
1401 2470 1466 2509 ac
1499 2454 1691 2525 vigeat
1720 2452 2217 2508 excandescentia

548 2545 917 2601 Judaeorum.
935 2543 1300 2599 lrrationalis
1317 2559 1584 2614 namque
1600 2543 1945 2598 temeritatis
1964 2548 2071 2604 est,
2086 2558 2214 2596 sese

548 2634 609 2690 in
639 2633 1025 2690 manifestum
1059 2631 1352 2702 conjicere
1377 2631 1730 2702 periculum.

620 2725 783 2779 Vers.
816 2727 868 2778 8.
899 2722 1050 2789 Quia
1075 2753 1134 2761 —-
1156 2723 1463 2790 impletum
1487 2728 1590 2777 est.
1617 2722 1872 2792 Tempus
1893 2721 2025 2776 vitaz
2043 2736 2209 2786 ineas,

549 2829 678 2885 qua
707 2813 768 2868 in
799 2817 956 2867 terra
985 2813 1145 2867 vivo.
1189 2811 1538 2882 Quanquam
1566 2812 1724 2866 enim
1761 2811 1916 2866 circa
1946 2810 2212 2864 futurum

547 2902 780 2958 Pascha
799 2899 1244 2971 cruciﬁgendus
1275 2905 1417 2965 erat,
1444 2899 1645 2955 adhuc
1679 2905 1877 2955 tamen
1897 2898 2216 2969 oportebat

549 2990 840 3048 miracula
868 2989 1104 3063 operari
1136 3005 1207 3045 ac
1245 2989 1483 3057 docere,
1529 2989 1872 3060 multosque
1903 2987 1980 3042 ad
2030 2988 2209 3043 ﬁdem

546 3081 862 3137 attrahere.
895 3082 1026 3135 Non
1048 3084 1138 3134 est
1169 3094 1310 3150 ergo
1341 3094 1540 3134 sermo
1567 3078 1814 3142 timoris,
1841 3077 1943 3132 sed
1973 3077 2216 3148 dispen-

547 3169 831 3241 sationis;
864 3185 1007 3225 nam
1036 3168 1086 3223 si
1117 3172 1255 3223 tunc
1277 3167 1335 3222 in
1361 3167 1630 3222 Judaeam
1658 3166 1922 3232 abiisset,
1963 3165 2212 3220 omnino
2253 3201 2293 3256 α

544 3260 748 3332 ipsum
767 3259 1034 3316 occidere
1057 3263 1375 3314 tentassent
1403 3274 1415 3311 :
1441 3256 1605 3328 quod
1629 3257 1674 3311 si
1694 3263 2207 3328 captustanquam

544 3348 730 3406 homo
743 3349 978 3405 occisus
1000 3349 1222 3416 fuisset,
1243 3348 1448 3402 datum
1474 3345 1682 3400 fuisset
1718 3345 2207 3416 impedimentum

542 3443 636 3500 his
648 3459 780 3516 quae
796 3443 1062 3499 dicturus
1077 3441 1458 3497 autfacturus
1477 3447 1602 3495 erat
1622 3456 1635 3506 ;
1655 3440 1701 3493 si
1720 3455 1851 3494 vero
1868 3439 2210 3494 non'fuisset

544 3540 772 3605 captus,
793 3532 896 3587 sed
933 3537 1225 3603 tanquam
1271 3533 1426 3584 Deus
1467 3528 1766 3593 evasisset,
1811 3529 2207 3583 incarnationi

547 3621 676 3692 ejus
702 3636 824 3677 non
843 3620 1056 3675 fuisset
1075 3617 1282 3674 habita
1299 3618 1470 3672 ﬁdes.
1489 3619 1745 3688 Tempus
1781 3620 1981 3688 itaque
2009 3617 2208 3672 debito

548 3710 732 3766 modo
763 3709 1052 3781 disponit.

617 3800 776 3855 Vers.
816 3800 870 3856 9.
902 3798 1036 3854 Haec
1067 3828 1134 3839 —
1181 3795 1342 3852 Vers.
1378 3797 1463 3851 10.
1488 3797 1730 3865 festum.
1767 3798 1912 3851 Cum
1948 3797 2028 3850 eis
2084 3811 2205 3850 non

545 3888 831 3953 ascendit,
864 3893 1106 3960 propter
1135 3886 1636 3958 dictamicausam,
1669 3892 1725 3941 et
1757 3902 1829 3941 ne
1859 3886 2204 3941 manifesta-

543 3979 1054 4035 renteumJudaeis
1077 3992 1089 4030 :
1113 3975 1493 4046 postmodum
1517 3983 1715 4032 autem
1740 3975 2029 4040 ascendit,
2065 3992 2202 4030 cum

537 4069 668 4141 jam
716 4067 880 4123 furor
919 4067 1148 4123 illorum
1197 4065 1437 4137 reprimi
1487 4065 1786 4138 inciperet,
1855 4070 1916 4120 ut
1963 4066 2198 4131 scirent,

542 4156 1078 4230 quitimoremejus
1102 4155 1456 4224 arguebant,
1480 4155 1645 4226 quod
1673 4155 1916 4209 timidus
1956 4170 2076 4209 non
2109 4170 2200 4209 es-

544 4252 652 4312 set,
684 4246 790 4302 sed
815 4260 1084 4314 congrua
1114 4243 1563 4316 dispensatione
1595 4250 1875 4299 uteretur.

615 4336 884 4391 Vers.lO.
917 4335 1052 4391 Non
1077 4364 1145 4374 -—
1175 4334 1425 4390 occulto.
1478 4333 1920 4398 Quasilatenter
1957 4349 1969 4386 :
2002 4333 2200 4388 adhuc

543 4426 702 4481 enim
730 4423 1063 4488 verebatur,
1107 4428 1456 4492 exspectans
1486 4423 1678 4477 donec
1725 4422 1983 4493 perfecte
2014 4421 2202 4476 defer-

541 4511 1058 4569 buissetferocitas
1080 4510 1338 4575 illorum,
1355 4516 1412 4566 et
1437 4527 1509 4565 ne
1535 4516 1997 4581 cognosceretur
2020 4509 2198 4566 etiam

541 4620 579 4660 a
609 4602 890 4657 fratribus
921 4601 1064 4655 suis.

612 4691 777 4746 Vers.
809 4691 896 4746 ll.
935 4688 1129 4744 Judaei
1157 4704 1296 4758 ergo
1323 4719 1391 4728 --
1417 4689 1588 4764 festo.
1623 4689 1874 4747 Pulchra
1902 4706 2045 4745 sane
2078 4690 2200 4746 illo-

538 4797 672 4838 rum
695 4795 879 4851 opera
901 4780 956 4833 in
983 4778 1194 4833 diebus
1218 4780 1396 4843 festis,
1423 4795 1556 4833 cum
1575 4779 1703 4834 illos
1736 4780 1915 4834 caedis
1942 4781 2201 4836 facerent

537 4870 941 4927 occasionem.
973 4870 1114 4923 Cum
1149 4868 1308 4921 enim
1337 4868 1394 4921 in
1425 4867 1570 4922 festo
1597 4869 1865 4924 occidere
1897 4886 2032 4923 eum
2068 4885 2201 4940 pro-

538 4959 906 5034 posuissent,
935 4960 1139 5029 utpote
1164 4962 1304 5012 tunc
1327 4957 1505 5012 etiam
1532 4958 1931 5014 adventurum
1958 4964 2200 5031 propter

609 5085 652 5122 ’ί
680 5087 847 5141 Joan.
884 5099 944 5151 v,
969 5082 1054 5138 18.

2325 1927 2410 1973 ταὶ
2434 1923 2594 1973 αὐτοῦ
2619 1940 2632 1989 ;

2397 2010 2566 2084 Ὑμεῖς
2593 2044 2658 2053 --
2689 2015 2902 2071 ταύτην.
2936 2019 3036 2072 Τὴν
3061 2019 3458 2088 προειρημένην,
3493 2019 3586 2072 τὴν
3617 2022 3716 2067 τῶν
3749 2021 3942 2072 Σκηνοσ

2325 2105 2548 2172 πηγίων.
2577 2101 2744 2173 ’Υμεῖς
2775 2104 2822 2153 οἱ
2853 2103 2991 2174 φίλοι
3017 2112 3116 2154 τῶν
3148 2099 3418 2156 Ἰουδαίων
3451 2105 3499 2155 οἱ
3524 2099 3728 2175 μηδένα
3755 2099 3941 2156 κίνδυ-

2324 2210 2406 2242 νον
2436 2192 2823 2251 ὑποπτεύοντες.

2398 2280 2528 2350 Ἐγὼ
2557 2311 2621 2320 -
2653 2283 2865 2339 ταύτην.
2903 2281 3013 2332 Οὗκ
3041 2278 3192 2348 εἶπεν,
3227 2281 3335 2334 Οὐκ
3362 2281 3474 2353 (83)
3514 2281 3791 2351 ἀναϐαίνω,
3826 2281 3938 2334 ἀλλ’

2326 2371 2486 2420 Οὔπω
2518 2368 2794 2434 ἀναϐαίνω,
2845 2374 3111 2422 τουτέστιν
3157 2371 3232 2422 Οὐ
3279 2381 3368 2422 νυν
3419 2370 3676 2422 ἀναϐαίνω
3729 2369 3822 2422 διά
3874 2377 3936 2424 τὸ

2328 2458 2456 2518 ζέειν
2479 2464 2568 2510 καὶ
2595 2458 2846 2530 ἀκμάζειν
2873 2468 2958 2510 νυν
2985 2464 3068 2511 τὸν
3089 2463 3250 2532 θυμὸν
3276 2469 3376 2512 τῶν
3401 2457 3694 2517 Ἰουδαίων,
3727 2464 3939 2533 Θρασύ-

2323 2567 2477 2608 τητος
2503 2550 2602 2619 γὰρ
2634 2547 2916 2619 ἀλογίστου
2949 2552 3006 2600 τὸ
3034 2548 3352 2623 ἐπιρριπτειν
3376 2549 3555 2602 ἑαυτὸν
3579 2550 3648 2612 εἰς
3671 2548 3938 2624 πρόδηλον

2325 2633 2580 2691 κίνδυνον.

2394 2725 2511 2778 Ὀτι
2585 2757 2654 2766 -
2737 2727 3094 2801 πεπλήρωται.
3166 2726 3223 2779 Ὀ
3295 2732 3478 2803 καιρὸς
3545 2737 3639 2791 τῆς
3698 2729 3826 2801 ἐμῆς
3883 2727 3935 2780 ἐν

2323 2822 2382 2886 τῇ
2431 2823 2497 2886 γῇ
2561 2815 2716 2876 ζωῆς.
2773 2816 2829 2868 Εἰ
2884 2820 2984 2888 γὰρ
3047 2822 3136 2868 καὶ
3189 2819 3324 2868 κατά
3386 2821 3443 2868 τὸ
3499 2817 3677 2890 μέλλον
3732 2821 3938 2890 Πάσχα

2327 2906 2683 2974 σταυροῡσθαι
2716 2904 2933 2976 ἔμελλεν,
2967 2904 3072 2956 ἀλλ’
3117 2903 3222 2957 ἔδει
3263 2907 3417 2958 αὐτὸν
3468 2909 3543 2958 ἔτι
3590 2912 3679 2959 καὶ
3726 2910 3937 2979 θαυμα-

2324 3002 2514 3066 τουργῆ
2528 3013 2617 3044 σαι
2647 2999 2736 3044 καὶ
2760 2989 2999 3059 διδάξαι,
3034 3000 3123 3046 καὶ
3155 2993 3365 3055 πολλοὺς
3398 2995 3469 3056 εἰς
3499 2999 3677 3047 πίστιν
3706 2994 3934 3048 ἐπισπά-

2327 3084 2542 3134 σασθαι.
2591 3083 2666 3133 Οὐ
2705 3080 2902 3145 δειλίας
2953 3089 3119 3135 τοίνυν
3172 3085 3196 3134 ὀ
3235 3084 3402 3155 λόγος,
3455 3084 3560 3136 ἀλλ’
3612 3085 3929 3158 οἰκονομίας·

2325 3171 2367 3223 εἰ
2423 3175 2521 3244 γὰρ
2579 3171 2776 3230 ἀπῆλοε
2816 3178 2930 3224 τότε
2987 3173 3056 3234 εἰς
3111 3178 3203 3231 τὴν
3268 3171 3553 3240 Ἰουδαίαν,
3610 3178 3810 3236 πάντως
3871 3177 3934 3227 οἶν

2324 3260 2675 3334 ἐπεχείρησαν
2753 3260 2941 3314 ἀνελεῖν
3020 3262 3213 3314 αὐτ-ον’
3274 3269 3363 3316 καὶ
3417 3264 3461 3314 εἰ
3517 3267 3606 3336 μεν
3659 3267 3929 3338 χειρωθεὶς

2323 3353 2390 3410 ὡς
2416 3353 2680 3423 ἄνθρωπος
2708 3354 2819 3420 (84)
2868 3349 3110 3423 ἀνῃρέθη,
3145 3349 3558 3409 ἐνεποδίσθησαν
3601 3351 3660 3404 ἂν
3703 3353 3735 3404 ἃ
3763 3353 3928 3424 λέγειν

2320 3444 2409 3491 καὶ
2438 3447 2600 3491 ποιεῖν
2633 3439 2828 3511 ἔμελλεν
2848 3457 2860 3470 '
2893 3441 2934 3492 εἰ
2963 3437 3020 3492 δὲ
3046 3445 3117 3511 μὴ
3145 3443 3436 3514 χειρωθεὶς,
3463 3445 3524 3502 ὡς
3556 3445 3682 3502 Θεὸς
3712 3437 3922 3516 διέδρα,

2322 3529 2591 3587 ἠπιστήθη
2623 3531 2684 3580 ἄν
2715 3531 2743 3587 ἠ
2779 3528 3167 3604 ἐνανθρώπησις
3205 3530 3393 3586 αὐτοῦ.
3446 3535 3642 3583 Λοιπὸν
3675 3527 3761 3582 οὖν
3792 3531 3928 3584 οἰκο-

2318 3626 2464 3690 νομεῖ
2639 3623 2726 3670 τὸν
2757 3624 2958 3693 καιρὸν.

2387 3802 2563 3848 Ταῦτα
2613 3829 2669 3836 -
2702 3796 2896 3870 ἑορτήν.
2935 3801 3027 3849 Σὺν
3069 3797 3242 3860 αὐτοῖς
3293 3800 3383 3869 μὲν
3410 3798 3504 3849 οὐκ
3545 3797 3695 3855 ἀνέϐη
3730 3794 3822 3850 διά
3870 3816 3925 3850 τε

2316 3890 2408 3943 τὴν
2438 3887 2688 3959 ῥηθεῖσαν
2718 3887 2889 3938 αἰτίαν
2915 3892 3004 3939 καὶ
3033 3888 3114 3938 ἳνα
3135 3891 3206 3959 μὴ
3243 3893 3608 3961 φανερώσωσιν
3632 3887 3784 3940 αὐτὸν
3815 3895 3925 3948 τοῖς

2316 3972 2597 4037 Ἰουδαίοις
2628 3993 2638 4004 ·
2671 3977 2886 4048 ὕστερον
2920 3973 2978 4028 δὲ
3011 3976 3240 4041 ἀνῆλθεν,
3291 3975 3577 4050 ἀρξαμένου
3616 3976 3798 4030 λοιπὸν
3829 3985 3923 4029 τοῦ

2317 4066 2482 4136 θυμοῦ
2511 4065 2677 4116 αὐτῶν
2707 4064 3166 4131 καταστέλλεσθαι,
3201 4071 3290 4117 καὶ
3323 4066 3403 4117 ἵνα
3427 4074 3620 4136 γνῶσιν
3650 4068 3698 4118 οἱ
3725 4063 3922 4118 δειλίαν

2314 4153 2474 4205 αὐτοῦ
2501 4161 2975 4226 καταγινώσκοντες
3007 4157 3086 4207 ὅτι
3116 4155 3208 4207 οὐκ
3229 4157 3341 4208 ἔστι
3369 4153 3559 4217 δειλὸς,
3594 4155 3700 4208 ἀλλ’
3729 4155 3922 4208 οἰκονο-

2312 4249 2484 4315 μικός.

2385 4333 2460 4385 Οὐ
2493 4365 2560 4372 -
2608 4343 2844 4407 κρυπτῷ.
2885 4333 2973 4394 Ὠς
3006 4337 3234 4406 κρυφίως
3266 4353 3278 4365 ’

2312 4426 2594 4496 περιμένων
2624 4424 2967 4494 χαυνωθῆναι
2995 4422 3159 4474 τέλεον
3192 4425 3277 4473 τὸν
3321 4424 3504 4494 θυμὸν,
3533 4427 3623 4475 καὶ
3656 4425 3739 4475 ἶνα
3763 4429 3921 4496 μήπω

3313 4335 3384 4385 ἔτι
3435 4335 3534 4408 γὰρ
3581 4333 3922 4388 ὑπεστέλλετο

2311 4514 2520 4584 γνωσθῇ
2564 4509 2704 4584 μηδὲ
2740 4519 2849 4574 τοῖς
2880 4509 3120 4584 ἀδελφοῖς
3150 4512 3330 4566 αὑτοῦ.

2384 4693 2450 4743 Οἱ
2490 4687 2577 4743 οὖν
2627 4687 2881 4744 Ἰουδαῖοι
2926 4722 2994 4730 ——
3040 4689 3212 4765 ἑορτῇ.
3267 4689 3411 4743 Καλά
3461 4709 3522 4762 γε
3583 4691 3696 4763 (86)
3748 4691 3914 4741 αὐτῶν

2311 4783 2377 4832 τὰ
2438 4780 2485 4832 ἐν
2538 4789 2648 4841 ταῖς
2723 4781 2918 4853 ἑορταῖς
2979 4783 3382 4854 κατορθώματα,
3458 4779 3692 4853 ἀφορμὴν
3759 4784 3911 4850 φόνου

2310 4875 2633 4943 ποιουμένοις
2673 4870 2786 4941 (8⁸7)
2832 4870 3016 4931 αὐτάς.
3070 4869 3546 4942 Προμελετησαντες
3590 4871 3689 4942 γὰρ
3744 4865 3792 4918 ἐν
3846 4874 3909 4940 τῇ

2310 4959 2459 5034 ἑορτῇ
2506 4967 2685 5013 τοῦτον
2719 4957 2928 5029 ἀνελεῖν,
2961 4962 3024 5020 ὡς
3072 4966 3358 5016 τηνικαῦτα
3403 4955 3495 5012 διὰ
3539 4961 3633 5015 τὴν
3684 4961 3919 5029 πανήγυ·

1759 5208 1976 5277 Varias
1997 5208 2328 5278 lectiones
2358 5220 2420 5278 et
2456 5217 2660 5277 notae.

607 5383 720 5456 (82)
753 5381 835 5443 Εἰς
873 5380 1036 5456 αὐτὴν

605 5451 718 5533 (83)
751 5452 1119 5533 Repudiavit
1137 5466 1281 5533 ergo
1297 5451 1706 5533 Chrysostomi
1730 5451 2065 5533 lectione-rp)
2087 5453 2190 5524 qui

533 5526 648 5590 οὐκ,
699 5523 852 5581 loco'
881 5528 1024 5596 οὔπω
1077 5523 1306 5596 habet.
1368 5523 1508 5579 Vide
1539 5525 1872 5596 iChrysost.
1937 5526 2072 5580 Vlll.
2111 5523 2188 5593 7p.

530 5597 636 5669 285
667 5599 742 5669 E.‘
769 5595 1022 5667 Cyrillus
1075 5595 1255 5652 habet
1286 5596 1462 5652 etiam
1496 5595 1608 5662 οὐκ,
1667 5595 1815 5652 tum.
1873 5597 1960 5660 IV,
1997 5613 2053 5669 p.
2087 5600 2181 5653 401

531 5667 576 5723 Β
613 5683 680 5722 ac
711 5667 1009 5737 deinceps.

627 5739 719 5812 84)
751 5740 983 5812 συνῃρέθη
1005 5739 1072 5812 B-

627 5739 694 5794 84
751 5758 785 5792 α
823 5740 983 5812 ῃρίθη
1005 5739 1072 5793 Β.

604 5737 719 5895 {85;
747 5759 819 5868 it:
840 5815 952 5880 est,
978 5808 1324 5888 οἰκονομικῶς
1346 5816 1514 5891 τηρεῖ.

2376 5380 2488 5453 (86)
2572 5379 2856 5453 Κατ-ἀλέγει
2921 5378 3269 5453 αὐτῶν.ῌΑ.
3342 5376 3922 5453 Lectione:r1____rece-

2303 5446 2478 5524 ρῑιὶηί
2505 5446 2856 5524 comprobat
2884 5451 3063 5506 etiam
3117 5449 3427 5522 Chrysost.
3481 5452 3628 5504 tom.
3676 5446 3819 5513 Vlll,
3853 5462 3917 5520 p.

2303 5525 2506 5668 ?8(887B)'
2529 5595 2730 5668 Malim
2752 5596 3092 5666 ποιουμένων.
3129 5593 3326 5668 PQtQSi.
3353 5594 3571 5668 tamen
3591 5593 3648 5646 et
3817 5589 3920 5647 d6-

2303 5661 2487 5726 fendi'.
2518 5669 2600 5722 Ex
2631 5661 3077 5736 Chrysost'omo,
3115 5664 3221 5736 qui
3260 5663 3358 5722 hic
3407 5661 3918 5722 constructionem

2305 5739 2578 5808 mutavit,
2611 5737 2760 5797 nihil
2776 5737 3058 5796 efﬁcitur.
