4156 6388
246 403 392 461 1265

1257 402 1635 462 (IOMHENT.
1685 404 1754 458 IN
1792 403 2146 461 JOANNEM.
2191 437 2251 446 —-
2299 405 2460 462 CAP.
2511 406 2633 465 VII.

3482 406 3504 462 1
3517 401 3625 462 266

240 550 325 604 ριν
359 536 448 584 καὶ
498 530 654 584 αὐτὸν
692 535 1171 608 συμπαρεσόμινον,
1200 531 1538 604 ἠστόχησαν,
1574 536 1645 605 μὴ
1681 533 1845 605 εὑρισ-

1974 531 2263 604 publicum
2311 538 2695 598 conventum,
2751 549 2822 590 eo
2873 549 2992 591 non
3023 532 3283 602 invento,
3315 531 3456 591 hinc
3484 535 3623 592 inde

242 641 302 674 κο
308 625 459 693 μένου
474 663 486 676 .

319 715 418 764 Καὶ
465 742 535 750 —
579 709 766 772 ἐκεῖνος
799 728 812 778 ;
847 707 978 764 Οὐδ’
1037 709 1289 784 ὀνομαστὶ
1339 719 1518 764 τοῦτον
1577 710 1852 784 βούλονται

241 799 414 852 καλεῖν
451 796 543 852 διά
573 803 632 850 τὸ
675 807 825 872 μῖσος
854 817 865 830 ·
895 803 1031 872 ὅμως
1061 801 1086 852 ὀ
1116 801 1268 872 λόγος
1298 799 1528 874 ἐμφαίνει
1579 803 1850 873 χαύνωσίν

241 908 358 941 τινα
379 897 469 941 τοῦ
501 891 686 962 θυμοῦ.

320 984 420 1031 Καὶ
449 1010 513 1018 -
539 978 738 1050 ὄχλοις.
769 981 1038 1052 Τάραχος,
1069 978 1354 1052 ἀντιλογία.

317 1069 382 1120 Οἱ
417 1099 479 1108 -
511 1065 670 1122 ἐστιν.
704 1071 770 1120 Οἱ
791 1065 1103 1144 ἁδιάφθοροι
1125 1072 1210 1120 τὸν
1235 1077 1372 1122 νοῦν.

316 1247 498 1301 ’Ἄλλοι
531 1279 594 1288 -
634 1251 848 1319 κόσμον.
886 1251 951 1300 Οἱ
982 1244 1365 1320 διεγῦαρμένοι.
1406 1253 1608 1320 Κόσμον
1651 1252 1766 1320 (88)
1791 1246 1848 1303 δὲ

239 1336 456 1409 λέγουσι
485 1340 542 1389 τὸ
578 1336 678 1395 πλῆ
690 1339 794 1398 θος.

317 1424 511 1487 Οὐδεὶς
535 1458 602 1466 -
636 1424 923 1480 Ἰουδαίων.
960 1423 1146 1487 Οὐδεὶς
1179 1436 1276 1478 τῶν
1302 1427 1545 1499 λεγόντων
1578 1430 1658 1480 ὅτι
1688 1430 1849 1498 Ἀγα-

244 1517 329 1576 θός
360 1513 495 1583 ἐστι,
537 1514 806 1590 παρῥησίᾳ
836 1514 997 1568 ἐλάλει
1045 1521 1161 1588 περὶ
1215 1516 1395 1578 αὐτού,
1429 1520 1589 1588 ἤγουν
1630 1517 1700 1579 εἰς
1727 1515 1846 1574 ἐπή-

241 1625 361 1657 κοον
393 1613 490 1657 τῶν
517 1604 808 1680 ἀρχόντων,
843 1601 877 1657 δ
883 1608 934 1657 ιά
965 1608 1048 1657 τὸν
1081 1604 1231 1677 φοϐον
1265 1609 1450 1658 αὐτῶν.

319 1781 460 1842 Ἤδη
494 1779 552 1835 δὲ
573 1814 640 1822 -
665 1785 814 1856 ἱερὸν.
847 1783 958 1854 (89)
983 1783 1161 1842 Ἀνέϐη
1186 1787 1275 1856 μὲν
1301 1785 1382 1837 ὅτε
1409 1787 1533 1856 ἔγνω
1566 1784 1848 1839 σϐεσθέντα

1961 623 2246 680 errabant
2279 624 2386 695 (zz)
2433 666 2445 679 .

2035 713 2201 769 Vers.
2266 715 2349 767 11.
2385 715 2460 769 Et
2511 743 2578 754 —
2634 714 2735 770 ille
2788 716 2815 771 ?
2846 717 3044 787 Neque
3069 729 3209 771 eum
3241 729 3351 770 suo
3376 713 3625 770 nomine

1961 801 2240 859 volebant
2266 803 2563 875 appellare
2591 811 2831 876 propter
2855 803 3064 860 odium
3099 802 3391 859 :ostendit
3423 806 3624 859 tamen

1961 905 2160 947 sermo
2198 893 2527 964 quemdam
2553 893 2655 948 iraa
2688 898 2983 949 tumorem
3016 894 3121 965 (a).

2033 982 2196 1039 Vers.
2233 984 2317 1038 l2.
2357 983 2434 1036 Et
2479 1013 2545 1023 —
2577 982 2787 1038 turbis.
2817 983 3096 1040 Turbatio
3126 986 3182 1040 et
3210 981 3623 1039 contradictio.

2033 1072 2194 1128 Vers.
2226 1073 2574 1140 12.0uidam
2601 1103 2669 1113 —
2707 1080 2805 1128 est.
2842 1073 2954 1139 Qui
2983 1072 3248 1129 videlicet
3276 1076 3471 1128 mente
3496 1087 3621 1128 cor-

1959 1161 2118 1232 rupti
2151 1177 2271 1218 non
2303 1167 2492 1218 erant.

2031 1253 2192 1308 Vers.
2226 1254 2308 1306 l2.
2333 1252 2463 1308 Alii
2492 1282 2560 1292 —
2591 1251 2899 1308 mundum.
2947 1252 3056 1318 Qui
3119 1254 3318 1308 mente
3362 1250 3623 1323 corrupti

1958 1346 2144 1398 erant.
2175 1341 2458 1398 Mundam
2494 1345 2697 1397 autem
2723 1341 2865 1397 dicit
2895 1341 3359 1398 multitudinem.

2029 1433 2193 1487 Vers.
2249 1437 2332 1488 l3.
2375 1432 2592 1489 Nullus
2631 1461 2700 1470 —
2727 1431 3088 1488 Iudam-um.
3129 1429 3334 1486 Nullus
3387 1445 3620 1495 eorum,

1956 1522 2060 1595 qui
2093 1521 2367 1577 dicebant
2401 1539 2413 1574 :
2449 1522 2648 1577 Bonus
2674 1524 2783 1590 est,
2811 1521 3174 1593 loquebatur
3197 1519 3272 1575 de
3299 1535 3367 1576 eo
3396 1518 3619 1591 palam,

1957 1611 2082 1668 sive
2113 1611 2493 1668 audientibus
2550 1610 3000 1681 magistratibus
3057 1613 3300 1683 propter
3343 1609 3623 1666 timorem

1954 1700 2214 1759 illorum.

2027 1791 2189 1847 Vers.
2222 1792 2308 1846 14.
2345 1792 2493 1846 Cum
2516 1795 2712 1847 autem
2732 1791 2936 1862 jam—
2964 1790 3249 1860 templum
3282 1792 3336 1846 et
3357 1787 3620 1846 docebat.

243 1875 332 1925 τὸν
364 1875 523 1945 θυμὸν
555 1875 724 1924 αὐτῶν
756 1891 768 1904 ο
817 1868 1072 1925 ἐδίδασκε
1103 1870 1160 1925 δὲ
1220 1870 1464 1926 δεικνύων
1496 1878 1554 1926 τὸ
1587 1873 1845 1932 απτόητον

1974 1880 2237 1936 tscendit
2267 1879 2524 1952 quidem,
2546 1895 2684 1935 cum
2702 1879 3079 1949 cognovisset
3107 1879 3462 1934 exstinctam
3487 1891 3621 1934 esse

243 1962 765 2024 ἐαυτοῡ.Μεσούσης
816 1959 873 2014 δὲ
935 1970 1024 2023 τῆς
1083 1963 1262 2037 ἑορτῆς
1299 1972 1396 2014 τῶν
1455 1969 1843 2034 Σκηνοπηγίων,

241 2055 406 2122 ἤγουν
434 2059 494 2124 τῇ
529 2053 746 2124 τετάρτη
777 2053 946 2124 ἡμέρᾳ
980 2072 990 2083 ·
1035 2051 1161 2104 ἑπτὰ
1216 2055 1313 2126 γὰρ
1369 2055 1560 2125 ἡμέρας
1591 2053 1845 2127 ἑώρταζον

241 2145 429 2199 αὐτὴν.

320 2324 420 2372 Καὶ
449 2323 520 2392 μὴ
552 2350 614 2358 -
633 2321 948 2391 μεμαθηκὼς
976 2337 988 2385 ;
1011 2321 1335 2393 Ἐθαύμαζον
1354 2323 1459 2393 οὑχ
1481 2320 1515 2372 ἃ
1542 2317 1845 2386 ἐδίδασκεν,

242 2407 374 2460 ἀλλὰ
403 2417 511 2470 πῶς
542 2411 831 2482 γράμματα
888 2407 999 2462 οἶδε
1047 2416 1118 2482 μὴ
1175 2413 1505 2482 μεμαθηκώς.
1567 2416 1847 2464 Κατενὸουν

238 2493 697 2569 γὰρᾶἐδίδασκε,
731 2501 910 2559 πάσης
961 2501 1075 2568 (90)
1128 2503 1298 2571 μεστά
1349 2505 1552 2571 σοφίας,
1618 2505 1707 2552 καὶ
1756 2504 1850 2552 οὐκ

240 2589 363 2639 ἄνευ
392 2583 643 2648 εὶδήσιως
669 2589 991 2660 γραμμάτων
1022 2597 1228 2641 τοιαῦτο
1262 2586 1523 2641 δύνασθαι
1572 2586 1849 2644 διδάσκειν

241 2675 619 2748 ὑπελάμϐανον.
655 2673 801 2730 Ἔδει
857 2673 914 2730 δὲ
946 2679 1134 2738 αὐτοὺς
1163 2676 1433 2730 κάντεῦθεν
1485 2674 1713 2730 συνιδεῖν
1768 2681 1848 2730 ὅτι

241 2771 375 2827 Θεὸς
405 2764 544 2817 ἐστιν
579 2767 690 2837 (91)
721 2770 1028 2839 αὖτοσοφία,
1079 2767 1236 2829 αὐτὸς
1280 2767 1492 2840 ἐξευρὼν
1519 2774 1691 2820 πᾶσαν
1724 2765 1846 2820 ὁδὸν

240 2853 562 2926 ἐπιστήμης.

315 3033 597 3108 Ἀπεκρίθη
662 3066 730 3073 -
786 3054 866 3107 με.
927 3039 996 3089 Τὸ
1057 3043 1144 3107 μίν
1202 3036 1328 3107 Ἐμὴ
1396 3034 1602 3103 ἀληθὲς,
1666 3039 1722 3087 τὸ
1788 3031 1846 3088 δὲ

238 3122 354 3175 Οὐκ
386 3124 482 3195 ἐμὴ
515 3123 837 3196 οἰκονομικόν
881 3143 892 3156 ·
951 3124 1017 3184 εἰς
1065 3129 1220 3197 τιμὴν
1279 3122 1337 3177 δὲ
1394 3132 1484 3176 τοῦ
1520 3129 1720 3200 Πατρός
1759 3130 1846 3177 καὶ

1956 1969 2187 2024 illorurn
2221 1969 2606 2024 ferocitatem.
2641 1969 2900 2026 Docebat
2925 1972 3146 2034 autem,
3176 1967 3499 2024 ostendens
3527 1965 3622 2024 sui

1957 2059 2394 2116 admirationem
2413 2059 2833 2131 (b).Postquam
2849 2057 3163 2113 dimidium
3177 2055 3302 2112 festi
3317 2060 3620 2128 peractum

1957 2152 2100 2214 erat,
2133 2153 2346 2220 quarto
2379 2147 2650 2203 videlicet
2670 2147 2765 2203 die
2795 2145 3302 2218 Scenopegiorum
3333 2160 3512 2212 ;uam
3534 2161 3623 2202 se-

1956 2242 2120 2310 ptem
2139 2238 2350 2293 diebus
2375 2237 2477 2292 illa
2501 2237 2901 2294 celebrabant.

2029 2327 2170 2383 Vers
2184 2369 2197 2382 .
2225 2329 2394 2384 15.Et
2412 2359 2480 2367 —
2497 2342 2627 2383 cum
2651 2343 2773 2382 non
2793 2324 3110 2383 didicerit?
3129 2324 3616 2393 Admirabantur,

1959 2433 2078 2474 non
2110 2434 2173 2472 ea
2203 2433 2338 2490 quae
2371 2416 2646 2481 docebat,
2676 2415 2781 2471 sed
2807 2417 3119 2488 quomodo
3148 2415 3371 2472 litteras
3392 2418 3618 2482 nosset,

1959 2524 2096 2562 cum
2147 2523 2267 2562 non
2299 2506 2622 2562 didicisset.
2662 2504 3136 2562 Considerabant
3164 2505 3328 2560 enim
3373 2519 3447 2560 ea
3482 2519 3622 2576 quin

1957 2597 2212 2653 docebat
2241 2596 2406 2652 omni
2440 2595 2733 2668 sapientia
2762 2610 2894 2651 esse
2923 2593 3133 2666 plena:
3168 2609 3277 2650 nec
3307 2593 3451 2652 talia
3480 2609 3622 2650 eum

1959 2703 2137 2759 posse
2163 2686 2377 2741 docere
2406 2685 2828 2740 existimabant
2853 2683 3084 2756 absque
3109 2683 3445 2753 cognitione
3468 2683 3622 2740 litte-

1959 2777 2233 2832 rarum.0
2245 2774 2453 2846 portuit
2471 2780 2672 2830 autem
2691 2788 3074 2844 cognoscere,
3089 2773 3255 2845 quod
3270 2772 3426 2830 Deus
3441 2775 3620 2840 esset,

1956 2866 2086 2937 ipsa
2124 2863 2432 2936 sapientia,
2473 2869 2531 2918 et
2585 2861 2690 2935 qui
2719 2877 2965 2918 omnem
3018 2861 3409 2919 adinvenerat
3458 2862 3622 2919 viam

1959 2953 2284 3026 prudentiae
2303 2952 2371 3006 ³1.

2030 3043 2194 3098 Vers.
2233 3045 2314 3097 l6.
2348 3040 2669 3109 Respondit
2700 3070 2762 3082 -
2788 3055 2897 3096 me.
2940 3039 3112 3105 Quod
3141 3039 3282 3096 dicit
3305 3039 3455 3104 Mea,
3480 3038 3624 3096 veri-

1959 3135 2137 3188 tatem
2153 3130 2413 3186 ostendit
2433 3147 2446 3195 ;
2465 3128 2630 3202 quod
2645 3131 2847 3184 autem
2866 3127 2946 3184 ait
2965 3147 2976 3187 :
3001 3129 3125 3184 Non
3136 3143 3288 3193 mea,
3305 3128 3622 3200 dispensa-

237 3220 397 3278 Θεοῦ,
441 3218 530 3264 καὶ
584 3213 654 3273 εἰς
717 3210 986 3275 ἀπόδειξιν
1033 3218 1498 3288 μιτριοφροσύνης,
1552 3220 1641 3267 καὶ
1673 3215 1738 3275 εἰς
1788 3218 1845 3266 τὸ

1974 3221 2184 3276 .ionem
2197 3219 2272 3275 ad
2287 3217 2711 3275 honorandum
2728 3221 2954 3273 Patrem
2970 3233 3038 3273 ac
3055 3219 3322 3281 Deum,et
3335 3217 3411 3273 ad
3425 3221 3623 3274 osten-

1363 3308 1473 3355 Οὐκ
1531 3301 1709 3362 ἐπειδὴ
1789 3303 1847 3356 δε

234 3391 587 3463 οἰκονομικὸν,
634 3387 727 3444 διὰ
783 3400 936 3444 τοῦτο
1011 3398 1100 3444 καὶ
1162 3389 1354 3464 ψευδές
1409 3413 1421 3426 ’

232 3303 480 3372 γενέσθαι
533 3302 694 3360 αὐτὴν
754 3306 805 3354 εὖ
816 3322 914 3374 παρ
923 3299 1284 3377 αδεκτοτέραν.

1487 3396 1549 3446 τα
1600 3397 1702 3467 ’γὰρ
1757 3401 1848 3445 τοῦ

230 3483 362 3533 Tim}
417 3482 618 3543 πάντως
681 3485 770 3532 καὶ
823 3488 915 3532 τοῦ
986 3485 1207 3555 Ιιατρὸς,
1264 3484 1436 3556 ὥσπερ
1505 3487 1594 3534 καὶ
1641 3486 1706 3534 τά
1757 3491 1847 3534 τοῦ

237 3573 446 3641 Πατρός
475 3571 678 3631 πάντως
709 3575 797 3622 καὶ
826 3577 915 3622 τοῦ
972 3573 1096 3622 Υἱοῡ
1151 3589 1161 3600 °
1216 3574 1364 3622 κοινὰ
1415 3575 1512 3644 γάρ
1548 3571 1754 3644 ἀμφοῖν,
1785 3577 1848 3632 ὡς

231 3660 398 3719 ἴσοις.

313 3751 410 3799 Καὶ
441 3748 556 3800 καθ’
587 3749 754 3822 ἕτερον
789 3746 846 3801 δὲ
885 3753 1070 3824 τρόπον
1100 3749 1406 3822 βαθύτερον.
1459 3751 1514 3803 Ἡ
1570 3756 1844 3824 φαινομένη

224 3834 335 3908 ἐμὴ
368 3832 576 3908 διδαχὴ
607 3839 699 3889 οὐκ
731 3840 870 3890 ἔστιν
903 3837 996 3910 ἐμὴ
1035 3836 1175 3899 ἰδίως
1211 3860 1220 3870 ·
1247 3837 1370 3892 οὐδὲ
1396 3843 1493 3915 γὰρ
1521 3845 1630 3912 ἔχω
1662 3838 1802 3892 ἰδίαν
1830 3859 1843 3870 ·

228 3923 368 3977 ἀλλὰ
406 3933 497 3976 τοῦ
533 3932 731 4000 Πατρός
764 3930 924 3993 ἐστιν,
953 3930 1019 3990 ὡς
1044 3927 1166 3999 ἐμοῦ
1197 3931 1260 3980 τα
1290 3929 1424 3980 αὐτά
1453 3929 1623 4000 ἐκείνῳ
1656 3927 1848 3982 διδάσ-

228 4033 416 4074 κοντος
449 4010 561 4079 διά,
592 4019 648 4067 τὸ
687 4015 872 4068 ταύτὸν
903 4025 998 4077 τῆς
1030 4021 1229 4088 φύσεως
1278 4023 1366 4070 καὶ
1420 4019 1532 4089 (92)
1571 4018 1842 4084 θελήσεως,

229 4107 327 4154 καὶ
361 4101 453 4155 διὰ
483 4108 538 4155 τὸ
572 4103 700 4156 εἷναί
727 4125 790 4176 με
817 4105 967 4177 λόγον
999 4105 1156 4157 αὑτοῦ
1193 4123 1205 4135 ·
1239 4106 1281 4158 εἰ
1318 4110 1416 4180 γαρ
1449 4113 1538 4159 καὶ
1567 4107 1693 4164 άλλη
1723 4110 1848 4160 ὑπο-

231 4211 427 4253 στασις
467 4191 586 4264 ἐγὼ,
622 4192 727 4246 ἀλλ’
747 4195 880 4246 οὕτω
911 4195 1040 4264 λέγω
1072 4201 1161 4247 καὶ
1186 4197 1399 4267 πράττω
1432 4199 1499 4256 ὡς
1537 4197 1846 4268 νομίζεσθαι

229 4283 378 4354 ἡμᾶς
407 4282 476 4332 ἓν.

1956 3310 2218 3365 dendam
2237 3308 2522 3363 modestia
2536 3323 2616 3372 m,
2643 3310 2823 3378 utque
2847 3305 3076 3361 facilius
3099 3305 3231 3376 ipsa
3246 3305 3621 3377 reciperetur.

1956 3403 2150 3470 Neque
2180 3404 2378 3454 tamen
2399 3397 2474 3451 ob
2492 3396 2550 3451 id
2575 3395 2793 3452 falsum
2816 3399 2921 3460 est,
2938 3394 3622 3467 quiadispensatorium;

1957 3505 2098 3545 nam
2129 3504 2266 3560 quae
2297 3486 2422 3541 Filii
2471 3490 2628 3550 sunt,
2669 3484 2918 3540 omnino
2975 3489 3114 3540 sunt
3143 3488 3198 3540 et
3230 3483 3437 3547 Patris,
3473 3483 3627 3541 sicut

1957 3579 2135 3634 etiam
2162 3594 2296 3649 quae
2348 3576 2557 3640 Patris,
2580 3574 2830 3631 omnino
2880 3577 3016 3629 sunt
3053 3579 3107 3630 et
3143 3573 3265 3629 Filii
3308 3589 3322 3628 :
3372 3578 3625 3646 utraque

1956 3668 2116 3724 enim
2154 3670 2292 3722 sunt
2319 3664 2621 3720 ambobus
2650 3661 3017 3726 communia,
3043 3666 3245 3734 utpote
3264 3661 3623 3734 aequalibus.

2027 3756 2153 3812 Alio
2193 3769 2429 3827 quoque
2486 3751 2874 3825 profundiore
2927 3751 3226 3807 intellectu
3259 3766 3272 3805 :
3307 3749 3446 3819 Quae
3490 3767 3626 3808 mea

1957 3851 2204 3918 apparet
2233 3860 2360 3899 esse
2387 3842 2677 3911 doctrina,
2713 3856 2826 3896 non
2852 3844 2942 3895 est
2971 3855 3106 3896 mea
3141 3840 3398 3912 propria,
3431 3855 3624 3912 neque

1955 3935 2114 3990 enim
2140 3933 2322 3989 ullam
2348 3933 2542 3988 habeo
2566 3930 2867 4002 propriam
2893 3947 2905 3998 ;
2932 3929 3039 3986 sed
3071 3929 3259 3986 Patris
3281 3933 3395 3994 est,
3419 3933 3624 4002 utpote

1955 4025 2054 4080 illo
2112 4023 2325 4080 eadem
2381 4038 2486 4092 per
2517 4036 2610 4076 me
2666 4019 2937 4085 docente,
2985 4022 3230 4092 propter
3267 4024 3498 4076 natura)
3549 4034 3623 4076 ac

1955 4111 2275 4169 voluntatis
2303 4110 2696 4179 identitatem,
2726 4113 2782 4162 et
2809 4107 2952 4179 quia
2981 4107 3245 4163 Verbum
3271 4107 3428 4163 illius
3459 4123 3618 4175 sum;

1953 4216 2306 4275 quanquam
2340 4200 2501 4254 enim
2527 4213 2636 4267 ego
2657 4196 2775 4252 alia
2792 4196 2900 4250 sim
2926 4196 3296 4269 hypostasis,
3317 4196 3398 4251 ita
3416 4201 3621 4252 tamen

1955 4291 2089 4345 dico
2120 4305 2190 4345 ac
2221 4287 2374 4345 facio
2403 4287 2610 4343 omnia
2641 4289 2705 4340 ut
2733 4301 2844 4340 nos
2876 4301 3064 4341 unum
3092 4300 3221 4340 esse
3251 4285 3618 4357 intelligetis.

309 4369 426 4422 Ἐαν
476 4401 529 4410 -
558 4369 715 4423 λαλῶ.
751 4371 967 4444 Θελημα
1017 4381 1107 4424 τοῦ
1148 4381 1282 4426 Θεοῦ
1313 4375 1448 4444 λέγει
1481 4382 1568 4426 νῦν
1598 4378 1654 4426 τὸ
1694 4374 1845 4449 ἐργά-

2026 4379 2190 4434 Vers.
2232 4378 2312 4433 17.
2345 4376 2405 4433 Si
2461 4406 2526 4416 —
2567 4376 2803 4448 loquar.
2856 4374 3239 4430 Voluntatem
3295 4373 3395 4430 Dei
3445 4377 3622 4431 vocat

229 4460 423 4520 ζεσθαι
454 4464 546 4517 την
579 4459 762 4534 ἀρετὴν
803 4468 889 4514 καὶ
927 4466 1206 4536 προσέχειν
1246 4471 1360 4525 ταῖς
1387 4469 1503 4536 περὶ
1533 4464 1688 4517 αὐτοῦ
1719 4485 1843 4540 προς

229 4553 492 4622 φητείαις.
523 4549 580 4602 Ἠ
612 4549 766 4622 ἀρετὴ
794 4555 883 4622 μὲν
905 4554 1006 4626 ’γὰρ
1039 4555 1278 4626 καθαίρει
1309 4557 1396 4604 τὸν
1437 4561 1554 4605 νοῦν
1590 4572 1601 4583 ·
1632 4557 1685 4606 αἱ
1717 4575 1842 4629 προ-

230 4644 444 4710 φητεῖαι
484 4634 543 4692 δὲ
573 4635 931 4692 διδάσκουσιν
970 4641 1126 4693 αὐτὸν
1165 4642 1458 4713 τηλαυγῶς.
1505 4643 1616 4714 ’Δφ’
1657 4644 1840 4696 ἑαυτοῦ

230 4723 296 4780 δὲ
325 4725 466 4780 λαλεῖ
495 4729 520 4780 ὁ
554 4731 619 4781 τὰ
647 4737 738 4782 τοῦ
767 4725 907 4782 ἰδίου
970 4730 1250 4803 θελήματος
1278 4731 1464 4789 λαλῶν.
1500 4729 1625 4786 Εἶτα
1661 4732 1842 4804 ἐπάγει

227 4820 326 4870 καὶ
353 4816 700 4891 σολλογισμὸν
739 4817 1128 4894 ἀναντίρρητον.

1953 4484 2136 4537 nunc,
2169 4465 2404 4538 Operari
2432 4467 2729 4527 virtutem,
2757 4469 2811 4519 et
2839 4463 3184 4536 prophetiis,
3218 4478 3352 4536 quat
3383 4464 3457 4520 de
3486 4463 3620 4536 ipso

1953 4563 2111 4622 sunt,
2158 4555 2461 4612 attendere
2495 4571 2508 4620 ;
2543 4553 2724 4608 virtus
2755 4553 3044 4624 siquidem
3084 4557 3300 4624 purgat
3331 4557 3618 4621 mentem,

1953 4647 2280 4718 prophetiae
2303 4660 2436 4701 vero
2452 4643 2651 4716 ipsam
2667 4641 2861 4698 lucide
2877 4642 3166 4699 docent.A
3185 4641 3386 4714 seipso
3407 4647 3614 4701 autem

1951 4735 2234 4808 loquitur,
2259 4733 2365 4806 qui
2394 4749 2466 4790 ea
2494 4747 2628 4805 quae
2655 4747 2772 4786 suae
2795 4735 2936 4788 sunt
2956 4731 3301 4798 voluntatis,
3330 4731 3618 4805 loquitur.

1951 4824 2172 4880 Deinde
2200 4823 2379 4880 etiam
2417 4820 2830 4894 syllogismum
2856 4820 3105 4889 inducit,
3147 4821 3246 4879 cui
3275 4821 3620 4880 nullatenus

1953 4913 2136 4987 possit
2164 4911 2506 4970 contradici.

1448 5035 1675 5104 Varias
1709 5036 2034 5107 lectiones
2077 5045 2142 5105 et
2173 5045 2376 5104 notae.

308 5175 352 5211 ⁸¹
405 5219 417 5231 .
463 5177 798 5245 Bar.m,37.

307 5271 423 5349 (8_8_)
457 5273 702 5349 Scilicet,
749 5275 879 5332 loco
911 5276 1089 5349 ὄχλον,
1122 5275 1259 5345 legit
1287 5277 1506 5349 κόσμον.
1533 5275 1842 5347 Negligen-

230 5327 328 5403 tia‘
345 5327 418 5400 id,
429 5327 1269 5421 έςζιίάίιῗΝὲιῖἰιέΐεὴιεᾷιέὸσεῖ.
1301 5327 1838 5420 νηιείυειίώσιίέισδξξ,

230 5424 388 5474 tom.
429 5417 570 5487 Vlll,
609 5436 666 5488 p.
702 5423 804 5475 ‘288
831 5424 888 5474 et
915 5423 1037 5475 289.

309 5489 425 5562 (89)
474 5494 686 5547 Neuter
740 5507 1008 5547 meorum
1075 5491 1346 5562 agnoscit
1397 5489 1696 5548 vocabula
1752 5498 1842 5546 καὶ

310 5667 416 5739 (zz)
447 5669 536 5724 Eo
562 5683 680 5724 non
721 5700 788 5708 —
827 5669 1128 5725 errabant.
1182 5667 1543 5724 Exciderunt
1594 5674 1837 5738 conatu,

233 5739 338 5794 illo
371 5756 490 5794 non
520 5740 782 5795 invento.

312 5812 390 5882 (a)
427 5811 700 5877 Quaedam
741 5811 844 5867 ira:
888 5818 1190 5868 tumorem.
1225 5812 1380 5870 Iram
1412 5811 1728 5885 paululum
1753 5829 1839 5871 re-

1954 5275 2228 5332 ἐδίδασκε.

2023 5352 2139 5420 (90)
2171 5351 2311 5422 Μετὰ
2342 5350 2519 5422 πάσης
2561 5351 2745 5422 σοφίας
2774 5351 2836 5403 Α.

2023 5423 2138 5488 (91)
2168 5421 2360 5476 Malim
2397 5419 2557 5487 ἐστιν,
2591 5419 2968 5492 ἡαῦτοσὸφία.

2024 5494 2139 5565 (9'2)
2169 5498 2268 5546 Καὶ
2303 5492 2576 5555 θελήσεως.
2618 5491 2934 5548 Absunt’A.

1950 5671 2200 5728 missam
2233 5685 2364 5725 esse
2393 5668 2574 5724 Paulo
2607 5673 2742 5724 ante
2775 5672 2861 5725 est
2891 5670 3252 5740 χαυνωθῆναι.

2020 5744 2100 5816 (b)
2149 5743 2256 5799 Sui
2293 5741 2751 5797 admirationem.
2809 5737 3276 5813 Im'perterritum
3337 5737 3611 5796 animum

1950 5831 2148 5874 suum.
