4156 6382
542 398 680 457 1⁵267

611 528 781 586 Vers.
827 528 914 585 18.
977 528 1090 599 Qui
1117 563 1185 572 —
1223 537 1324 588 est.
1387 530 1646 588 Gloriam
1699 530 1969 602 intelligit
1996 531 2110 587 hoc
2141 531 2200 586 in

538 619 673 676 loco
702 620 993 675 honorem
1031 641 1042 678 :
1079 637 1221 676 nam
1256 622 1478 694 ubique
1505 623 1724 676 Patrem
1749 638 1818 676 ac
1846 624 2030 676 Deum
2052 637 2205 692 prte-

540 709 825 781 ponebat,
855 711 996 764 etad
1020 710 1184 765 illum
1207 713 1410 766 omnia
1433 711 1742 768 referebat.
1765 712 1940 766 etiam
1962 711 2206 781 propria

541 815 726 871 opera
753 817 766 855 :
795 799 896 870 qui
918 815 1028 868 ego
1051 800 1302 868 gloriam
1330 817 1501 856 suam
1528 817 1646 856 non
1665 801 1991 872 quaerebat,
2016 815 2201 872 quam

541 888 621 944 ob
649 905 896 944 causam
927 888 1120 944 aliena
1137 889 1423 945 docturus
1455 891 1624 946 erat?
1647 891 1750 961 qui
1783 895 1985 944 autem
2013 888 2207 944 aliena

541 993 662 1034 non
693 978 884 1042 docet,
917 978 1021 1033 sed
1043 995 1178 1050 quae
1209 979 1364 1034 illius
1413 985 1572 1048 sunt,
1624 980 1730 1053 qui
1785 979 1945 1034 misit
1985 979 2204 1050 ipsum,

543 1067 786 1122 omnino
817 1082 994 1123 verax
1025 1074 1140 1125 est.

615 1157 688 1214 Et
709 1156 841 1212 vide
854 1157 1157 1228 quomodo
1180 1174 1390 1215 omnes
1410 1159 1488 1214 ad
1508 1157 1920 1230 ﬁdem,qutein
1939 1173 2000 1211 se
2015 1159 2212 1221 est,at-

541 1246 836 1312 trahebat,
859 1263 929 1302 ac
951 1247 1188 1303 dicebat
1209 1264 1219 1301 :
1239 1248 1349 1313 Qui
1361 1265 1475 1304 non
1493 1251 1737 1304 honorat
1755 1248 1975 1303 Filium
1991 1264 2102 1301 non
2119 1246 2210 1299 ho—

540 1344 717 1392 norat
745 1337 1010 1401 Patrem,
1041 1337 1143 1408 qui
1170 1340 1327 1393 misit
1355 1339 1525 1394 illum
1553 1344 1597 1374 ³³
1628 1355 1639 1403 ;
1667 1338 1965 1410 siquidem
1996 1353 2067 1391 ex
2098 1337 2213 1392 hoc

539 1426 845 1498 propriam
877 1425 1129 1496 gloriam
1157 1443 1425 1499 quaerere
1456 1427 1793 1482 videbatur.
1828 1430 1953 1482 Non
1991 1431 2209 1490 tamen,

543 1515 717 1588 quasi
737 1515 993 1586 proprite
1012 1522 1246 1571 amator
1268 1517 1486 1588 gloriae,
1509 1517 1636 1572 haec
1660 1516 1898 1571 dicebat
1919 1522 2019 1569 aut
2041 1514 2215 1570 facic"

543 1605 666 1669 bat,
714 1605 817 1661 sed
848 1607 1016 1676 quasi
1055 1606 1366 1662 hominum
1425 1607 1671 1678 cupiens
1711 1606 1963 1661 salutem
2023 1623 2032 1659 :
2071 1621 2212 1658 nam

545 1694 699 1749 hanc
725 1709 831 1766 per
851 1693 1048 1758 fidem,
1079 1711 1212 1766 qua:
1238 1695 1294 1750 in
1317 1694 1513 1767 ipsum
1536 1700 1681 1759 erat,
1705 1709 2027 1766 procurare
2043 1708 2215 1765 opor-

546 1784 724 1839 tebat.
753 1782 922 1838 Pater
953 1799 1215 1856 namque
1229 1784 1376 1839 dixit
1405 1801 1416 1838 :
1443 1784 1550 1840 Hic
1565 1790 1649 1840 est
1673 1784 1863 1839 Filius
1887 1799 2043 1838 meus
2073 1782 2215 1837 dile-

545 1877 686 1942 ctus,
719 1871 781 1928 in
820 1887 934 1943 quo
964 1873 1106 1929 mihi.
1131 1873 1552 1942 complacitum
1585 1879 1690 1940 est,
1721 1873 1913 1941 ipsum
1943 1872 2210 1934 audite”.
2247 1877 2288 1948 3'

545 1961 783 2034 aliaque
816 1963 1004 2018 multa
1041 1963 1390 2033 hujusmodi
1435 1979 1542 2035 per
1582 1963 1926 2034 prophetas.

616 2052 782 2106 Vers.
820 2052 904 2108 18.
933 2054 1038 2106 Est
1063 2083 1130 2091 —
1151 2058 1252 2109 est.
1287 2055 1487 2123 Neque
1517 2053 1673 2108 enim
1704 2051 1958 2122 injustus
1980 2056 2084 2117 est,
2112 2048 2212 2121 qui

547 2141 678 2212 ejus
709 2141 917 2212 quaarit
944 2141 1216 2210 gloriam,
1250 2142 1352 2214 qui
1397 2141 1555 2197 misit
1586 2141 1772 2196 illum.
1831 2141 2084 2204 Quidam
2113 2155 2215 2194 au-

548 2235 666 2286 tem
697 2231 1048 2300 injustitiam
1084 2232 1193 2286 hoc
1238 2232 1297 2286 in
1327 2232 1459 2287 loco
1504 2231 1888 2286 mendacium
1921 2229 2215 2284 intellexe-

547 2325 706 2375 runt.
740 2318 1014 2375 Plurimae
1058 2320 1258 2392 itaque
1307 2325 1473 2376 erant
1529 2337 1747 2384 causae,
1805 2336 1910 2374 cur
1966 2318 2218 2373 humilia

548 2409 812 2464 Christus
839 2409 1172 2480 loqueretur
1203 2428 1214 2464 :
1242 2415 1367 2465 tum
1391 2427 1464 2466 ne
1493 2409 1798 2479 ingenitus
1826 2425 1954 2464 esse
1981 2414 2215 2478 putare.

550 2502 662 2564 tur,
705 2502 806 2554 aut
835 2499 955 2554 Deo
995 2499 1329 2554 contrarius
1361 2499 1699 2554 crederetur
1739 2517 1751 2564 ;
1787 2497 1863 2552 ad
1904 2498 2052 2565 haec,
2086 2512 2217 2567 pro-

548 2591 681 2660 pter
705 2587 1046 2643 auditorum
1076 2587 1538 2643 imbecillitatem
1564 2604 1577 2653 ;
1610 2593 1910 2658 praeterea,
1945 2592 2006 2640 ut
2028 2586 2218 2641 homi-

554 2692 659 2731 nes
680 2675 920 2731 doceret
941 2677 1243 2732 modestos
1277 2692 1430 2745 esse,
1459 2677 1676 2732 etnihil
1695 2677 1767 2731 de
1791 2692 1850 2730 se
1884 2675 2029 2747 ipsis
2059 2691 2218 2746 mag-

553 2764 801 2820 niﬁcum
818 2764 1013 2819 dicere
1043 2781 1055 2830 ;
1088 2764 1356 2829 demum,
1392 2772 1455 2820 ut
1483 2769 1773 2836 tanquam
1807 2764 1991 2818 homo
2023 2762 2219 2836 loque-

553 2857 733 2918 retur,
759 2869 829 2909 ac
845 2858 1085 2925 propter
1109 2853 1225 2910 alia
1254 2853 1613 2925 hujusmodi.
1645 2853 1827 2911 Unica
1851 2859 2052 2909 autem
2083 2870 2220 2908 cau-

555 2960 623 3000 sa
649 2946 774 2998 erat
794 2959 900 2998 cur
929 2943 1208 2999 sublimia
1238 2942 1599 3016 loqueretur,
1635 2943 1924 2999 celsitudo
1948 2941 2223 2999 videlicet

553 3031 904 3090 divinitatis.

626 3121 778 3188 Quia
816 3136 958 3177 vero
1004 3121 1066 3176 hi
1091 3123 1277 3178 Judaei
1328 3122 1450 3179 duo
1480 3122 1731 3178 crimina
1776 3123 1890 3194 ipsi
1931 3123 2222 3195 impinge-

552 3212 720 3278 bant,
755 3216 896 3284 puta
915 3211 1057 3282 legis
1084 3212 1646 3282 transgressionem,
1670 3217 1728 3267 et
1748 3213 1910 3285 quod
1935 3215 2050 3268 Deo
2069 3217 2225 3268 esset

555 3302 908 3367 contrarius,
933 3301 1092 3373 quod
1121 3302 1453 3358 Sabbatum
1481 3304 1750 3366 solveret,
1771 3320 1841 3358 ac
1867 3307 2094 3358 Patrem
2125 3320 2226 3356 su-

555 3406 656 3446 um
685 3390 905 3446 diceret
943 3407 1075 3446 esse
1108 3394 1312 3460 Deum,
1343 3392 1636 3464 tequalem
1666 3409 1794 3447 sese
1828 3392 2052 3447 faciens
2086 3395 2221 3457 Deo,

553 3478 733 3536 veluti
751 3480 1004 3552 septimo
1025 3481 1219 3552 capite
1241 3482 1593 3552 praedictum
1622 3489 1710 3537 est
1740 3483 1785 3516 ³⁵
1812 3499 1823 3536 :
1850 3483 1923 3536 de
1952 3497 2072 3536 uno
2103 3481 2225 3552 qui-

555 3569 692 3624 dem
714 3568 795 3624 ibi
819 3569 1130 3640 respondit
1150 3570 1255 3637 eis,
1280 3575 1542 3635 ostenso,
1567 3571 1730 3641 quod
1757 3573 1874 3626 Deo
1890 3570 2224 3626 contrarius

555 3673 677 3714 non
699 3661 855 3713 esset
890 3674 901 3712 :
935 3657 1010 3712 de
1036 3657 1220 3714 altero
1253 3663 1450 3714 autem
1487 3674 1643 3713 nunc
1666 3661 2002 3730 respondet,
2033 3666 2090 3715 et
2129 3676 2226 3715 os-

557 3745 767 3809 tendit,
798 3745 934 3801 illos
964 3747 1156 3818 potius
1178 3762 1306 3802 esse
1333 3747 1480 3818 legis
1512 3755 2006 3818 transgressores.

628 3925 792 3979 Vers.
824 3928 906 3982 19.
936 3925 1142 3981 Nonne
1169 3957 1240 3967 —
1273 3927 1446 3999 legem
1476 3929 1504 3981 ?
1548 3929 1755 3998 Legem
1817 3928 2225 3985 universaliter

558 4013 838 4084 appellat,
864 4013 1082 4085 legalia
1112 4021 1579 4089 praecepta,quse
1611 4017 1772 4073 dedit
1807 4021 2011 4081 Moses,
2032 4036 2168 4074 cum
2190 4035 2226 4075 a

557 4104 678 4158 Deo
701 4102 828 4174 ipsa
855 4103 1173 4174 detulisset,
1204 4111 1260 4160 et
1282 4121 1350 4160 ea
1377 4106 1491 4160 illis
1525 4107 1875 4178 scripsisset.
1902 4107 2228 4177 lnterrogat

555 4207 696 4261 ergo
725 4193 968 4249 :Nonne
986 4194 1168 4250 Moses
1181 4195 1346 4251 dedit
1368 4195 1526 4250 vobis
1553 4197 1746 4265 legem,
1774 4213 1952 4267 quem
1975 4197 2229 4252 honora-

555 4281 645 4347 tis,
678 4285 736 4337 et
765 4298 874 4353 pro
904 4299 1026 4354 quo
1062 4282 1443 4352 belligeratis,
1474 4285 1577 4355 qui
1618 4284 1853 4340 locutus
1905 4291 1993 4340 est
2023 4290 2170 4341 Deus
2202 4287 2230 4343 ?

628 4371 786 4426 Vere.
826 4370 908 4425 19.
944 4372 1018 4426 Εἰ
1051 4403 1117 4412 -
1153 4373 1354 4443 legem,
1389 4405 1440 4414 —
1474 4374 1662 4439 Facit,
1697 4373 1841 4440 sive,
1874 4378 2094 4430 Servat.
2130 4375 2234 4444 De_

556 4459 696 4516 inde
745 4461 926 4516 etiam
983 4460 1171 4530 addit,
1223 4463 1530 4534 quomodo
1588 4479 1706 4518 non
1743 4476 1980 4519 servent
2016 4464 2230 4534 legem,

631 4550 892 4607 Vers.t9.
925 4550 1071 4616 Quid
1095 4581 1162 4592 ——
1181 4552 1504 4609 interﬁcere
1529 4550 1557 4606 ?
1577 4551 1722 4606 Cum
1754 4552 1842 4606 lex
1868 4553 2027 4608 dicat
2057 4571 2066 4606 :
2097 4555 2232 4610 Non

554 4638 798 4704 occides,
815 4638 960 4710 quid
981 4656 1074 4694 me
1096 4640 1363 4696 occidere
1384 4639 1660 4704 nitimini,
1675 4657 1864 4712 neque
1882 4641 2078 4712 legem
2107 4660 2234 4698 ser-

557 4729 788 4793 vantes,
818 4743 1005 4800 neque
1019 4732 1213 4785 Mosen
1238 4729 1424 4795 veriti,
1446 4731 1550 4802 qui
1573 4746 1706 4788 eam
1735 4730 1907 4785 vobis
1936 4733 2177 4789 tradidit
2209 4751 2238 4807 γ

560 4815 942 4887 impudentia:
973 4818 1271 4891 siquidem
1299 4824 1404 4885 cst,
1428 4819 1574 4889 legis
1612 4835 1898 4875 accusare
1925 4824 2002 4890 (cl
2045 4826 2234 4878 trans-

562 4920 863 4976 gressores
902 4907 1019 4965 alia
1057 4908 1204 4979 legis
1233 4908 1728 4980 transgressione.

633 5059 678 5092 ³³
715 5059 864 5116 Joan
894 5075 951 5126 v,
980 5064 1070 5116 23.
1150 5062 1194 5096 ³³
1221 5063 1376 5117 Matt.
1402 5077 1538 5126 xvn,
1568 5061 1621 5116 5.

1704 5064 1748 5097 ³⁴
1788 5065 1958 5120 Joan.
1997 5081 2048 5131 v,
2085 5067 2170 5122 l8.

1873 400 2220 458 EUTHYMH
2260 398 2596 456 ZIGABENI

2384 529 2443 582 Ὀ
2475 561 2542 602 7-—
2569 527 2729 581 ἐστιν.
2759 527 2918 591 Δόξαν
2950 526 3168 582 ἐνταῦθα
3199 531 3294 586 τὴν
3344 532 3499 600 τιμήν
3541 545 3693 600 φησι.
3731 533 3933 579 Παντα-

2315 627 2419 691 χοῦ
2450 622 2549 690 γὰρ
2579 621 2663 670 τόν
2697 622 2902 692 Πατέρα
2932 623 3021 670 καὶ
3039 621 3159 672 Θεόν
3186 619 3464 691 προετίθει,
3491 622 3579 669 καὶ
3593 621 3738 686 αὐτῷ
3763 618 3931 668 πάντα

2319 708 2552 772 ἀνετίθει,
2585 713 2772 760 καὶτὰ
2811 707 2994 759 ἑαυτοῦ
3038 710 3440 781 κατορθώματα.
3478 712 3564 765 Μὴ
3618 707 3796 768 ζητῶν
3850 701 3934 756 οὖν

2319 795 2476 860 δόξαν
2519 793 2682 863 ἰδίαν,
2716 803 2858 859 τίνος
2887 798 3048 850 ἕνεκεν
3079 796 3277 868 ἔμελλεν
3304 798 3452 870 ἔτερα
3479 792 3764 848 διδάσκειν
3802 811 3816 862 ;
3845 799 3928 851 Μὴ

2319 883 2592 939 διδάσκων
2626 883 2682 938 δὲ
2708 887 2874 962 ἔτερα,
2902 885 3026 938 ἀλλά
3065 888 3131 937 τὰ
3158 893 3248 938 τοῦ
3277 884 3577 957 πέμψαντος
3608 884 3789 952 αὐτόν,
3814 881 3934 940 ἀλη-

2322 978 2412 1037 θής
2445 977 2558 1028 ἐστι
2581 978 2799 1039 πάντως,

2395 1159 2495 1208 Καὶ
2530 1163 2632 1215 πῶς
2659 1154 2772 1226 (93)
2803 1155 3001 1214 πάντας
3044 1154 3178 1206 εἷλκε
3220 1157 3346 1227 πρὸς
3371 1157 3464 1212 τὴν
3497 1152 3569 1215 εἰς
3599 1153 3787 1206 ἑαυτὸν
3822 1157 3937 1205 πίσ-

2320 1265 2416 1308 τιν,
2473 1250 2561 1296 καὶ
2605 1243 2786 1314 ἔλεγεν,
2845 1243 2902 1295 Ὀ
2961 1248 3032 1315 μὴ
3090 1252 3250 1314 τιμῶν
3305 1247 3392 1295 τὸν
3440 1244 3559 1296 Υίὸν
3591 1242 3650 1294 οὐ
3688 1247 3826 1314 τιμᾷ
3855 1244 3935 1292 τόν

2326 1338 2531 1406 Πατέρα
2565 1337 2648 1385 τόν
2688 1332 2966 1404 πέμψαντα
2998 1337 3150 1384 αὐτόν
3187 1351 3199 1399 ;
3235 1330 3380 1385 δοκεῖ
3403 1335 3500 1405 γὰρ
3529 1330 3756 1385 ἐντεῦθεν
3781 1327 3937 1392 δόξαν

2326 1419 2467 1475 ἰδίαν
2518 1426 2710 1485 ζητεῖν.
2747 1423 2880 1475 Ἀλλ’
2927 1427 3032 1494 οὐχ
3086 1425 3151 1483 ὡς
3201 1418 3361 1485 δόξης
3401 1418 3543 1482 ἰδίας
3595 1419 3725 1495 ἐρῶν
3776 1428 3940 1472 ταυτα

2325 1511 2483 1563 ἐποίει
2514 1517 2602 1564 καὶ
2655 1511 2839 1583 ἔλεγεν,
2895 1511 3001 1563 ἀλλ’
3053 1514 3122 1572 ως
3170 1509 3322 1564 θέλων
3380 1515 3474 1569 τὴν
3534 1515 3804 1584 σωτηρίαν
3844 1517 3939 1561 τὼν

2326 1599 2605 1672 ἀνθρώπων
2638 1619 2648 1630 °
2688 1602 2819 1658 αὕτη
2875 1603 2976 1675 γάρ
3016 1597 3108 1653 διά
3161 1609 3254 1660 τῆς
3282 1599 3348 1660 εἰς
3379 1603 3534 1651 αὑτὸν
3566 1604 3819 1665 πίστεως,
3852 1603 3940 1650 καὶ

2326 1690 2430 1761 οὐχ
2462 1690 2662 1762 ἑτέρως,
2724 1689 2894 1762 ἔμελλε
2942 1692 3203 1760 γίνεσθαι,
3257 1696 3445 1747 Εἰοηκε
3495 1692 3596 1763 γὰρ
3647 1691 3672 1740 ὁ
3710 1694 3892 1762 Πατήρ
3927 1707 3938 1718 ·

2327 1779 2494 1838 Οὗτός
2521 1778 2658 1830 ἐστιν
2689 1780 2714 1830 ὁ
2745 1782 2865 1839 Υἱός
2893 1799 2994 1851 μου
3028 1780 3050 1830 6
3083 1778 3369 1849 ἀγαπητὸς,
3404 1781 3450 1829 ἐν
3569 1778 3684 1850 (94)
3719 1775 3942 1834 εὐδόκη-

2330 1888 2398 1920 σα
2427 1888 2437 1900 ·
2474 1873 2633 1920 αὐτοῦ
2683 1867 2912 1935 ἀκούετε,
2947 1873 3036 1920 καὶ
3077 1867 3210 1920 ἄλλα
3247 1867 3410 1919 πολλά
3444 1875 3663 1920 τοιαῦτα
3719 1863 3817 1919 διὰ
3848 1875 3942 1917 τῶν

2327 1966 2625 2032 προφητῶν.

2402 2052 2501 2099 Καὶ
2534 2078 2599 2086 -
2639 2049 2800 2100 ἔστιν.
2838 2050 2945 2098 Οὐκ
2977 2042 3164 2108 ἄδικος
3210 2048 3308 2119 γὰρ
3347 2047 3372 2096 ό
3428 2045 3598 2106 ζητῶν
3653 2049 3751 2102 τὴν
3786 2040 3942 2106 δόξαν

2327 2144 2417 2188 τοῦ
2449 2135 2745 2208 πέμψαντος
2777 2137 2950 2189 αὐτόν.
3003 2139 3147 2198 Τινὲς
3197 2131 3254 2188 δὲ
3288 2132 3499 2187 ἀδικίαν
3549 2136 3630 2187 ἐπὶ
3673 2141 3768 2186 τοῦ
3812 2153 3940 2208 παρ·

2329 2231 2468 2286 όντος
2516 2229 2574 2277 τό
2645 2222 2841 2296 ψεῦδος
2916 2223 3154 2283 ἐνόησαν.
3233 2232 3336 2277 Τοῦ
3413 2228 3502 2297 μὲν
3584 2219 3672 2276 οὖν
3730 2225 3946 2275 ταπεινὰ

2329 2317 2648 2386 φθέγγεσθαι
2681 2319 2765 2366 τόν
2809 2318 3037 2389 Χριστόν
3091 2314 3256 2366 πολλὰ
3298 2316 3366 2365 τὰ
3416 2317 3578 2379 αἴτια,
3635 2317 3696 2365 τό
3751 2318 3826 2385 μὴ
3868 2331 3945 2363 νο-

2329 2405 2584 2475 μισθῆναι
2638 2402 2934 2475 ἀγέννητον,
2984 2407 3039 2455 τὸ
3093 2409 3163 2474 μὴ
3209 2399 3361 2465 δοξαι
3408 2400 3658 2472 ἀντίθεον,
3686 2405 3744 2454 τό
3798 2399 3947 2452 ἀσθε-

2329 2496 2404 2553 νὲς
2457 2503 2556 2544 τῶν
2615 2495 2926 2559 ἀκουόντων,
3009 2496 3066 2544 τό
3124 2489 3403 2545 διδάσκειν
3473 2495 3589 2551 τοὺς
3643 2490 3946 2566 ἀνθρώπους

2332 2591 2715 2656 μετριοφρονείν
2772 2588 2859 2635 καὶ
2927 2579 3093 2654 μηδὲν
3151 2587 3288 2654 μέγα
3342 2581 3504 2652 λέγειν
3558 2585 3677 2652 περὶ
3731 2580 3942 2643 ἑαυτῶν,

2333 2676 2390 2723 τό
2442 2674 2511 2733 ὡς
2563 2674 2832 2747 ἄνθρωπον
2878 2671 3067 2742 λέγειν,
3126 2675 3213 2724 καὶ
3265 2670 3392 2722 ἀλλά
3443 2669 3659 2722 τοιαῦτὰ
3698 2689 3711 2702 ο
3773 2677 3864 2721 τοῦ
3892 2665 3947 2722 δὲ

2332 2760 2510 2831 ὑψηλά
2545 2764 2657 2832 (93)
2691 2762 3007 2833 φθέγγεσθαι
3037 2765 3134 2832 μία
3183 2760 3347 2828 αἰτία,
3381 2762 3437 2810 τό
3465 2758 3596 2830 ὕψος
3627 2768 3720 2820 τῆς
3772 2759 3941 2815 θεότη-

2333 2870 2440 2912 τος.

2406 3122 2546 3174 Ἐπεὶ
2579 3117 2637 3173 δὲ
2667 3123 2714 3173 οἱ
2749 3117 2997 3174 Ἰουδαῖοι
3027 3120 3170 3172 οὗτοι
3202 3121 3312 3192 (96)
3365 3116 3462 3172 δύο
3490 3119 3798 3194 ἐγκλήματα
3823 3117 3942 3175 ἐπῆ-

2333 3230 2422 3281 γον
2477 3210 2638 3280 αὐτῷ,
2691 3215 3014 3284 παρανομίαν
3055 3215 3142 3261 καὶ
3188 3207 3466 3278 ἀντιθείαν,
3530 3210 3610 3261 ὅτι
3650 3228 3705 3261 τε
3744 3207 3854 3260 ἔλυε
3888 3209 3941 3257 τὸ

2338 3298 2596 3351 Σάϐϐατόν
2628 3304 2715 3350 καὶ
2745 3301 2821 3350 ὅτι
2857 3303 3062 3371 Πατέρα
3115 3299 3253 3350 ἴδιον
3300 3299 3438 3368 ἔλεγε
3497 3301 3583 3349 τόν
3630 3303 3783 3363 Θεὸν,
3836 3293 3942 3348 ἴσον

2336 3389 2512 3442 ἑαυτὸν
2543 3398 2701 3441 ποιῶν
2751 3399 2821 3460 τῲ
2855 3397 2989 3458 Θεῷ,
3040 3391 3208 3448 καθὼς
3240 3386 3286 3439 ἐν
3313 3395 3385 3458 τῷ
3441 3383 3647 3459 ἑϐδόμῳ
3688 3385 3941 3459 κεφαλαίῳ

2336 3485 2641 3555 προείρηται
2666 3489 2677 3510 ⁸
2713 3484 2830 3553 περὶ
2852 3481 2941 3551 μὲν
2965 3486 3056 3530 του
3071 3478 3173 3539 ἐνὸς
3205 3477 3308 3530 ἐκεῖ
3334 3480 3530 3537 τούτοις
3553 3475 3931 3548 ἀπελογήσατο,

2338 3567 2507 3631 δείξας
2547 3570 2626 3620 ὅτι
2658 3568 2750 3619 οὐκ
2786 3571 2924 3620 ἔστιν
2975 3566 3204 3628 ἀντίθεος
3235 3585 3245 3596 ’
3277 3571 3393 3639 περὶ
3434 3563 3492 3618 δὲ
3522 3574 3613 3619 τοῦ
3657 3565 3828 3638 ἐτέρου
3856 3570 3939 3613 νῦν

2336 3657 2667 3729 ἀπολογεῖται
2698 3663 2787 3709 καὶ
2819 3653 3084 3709 δείκνυσιν
3116 3659 3196 3709 ὅτι
3251 3655 3400 3708 αὐτοὶ
3442 3655 3556 3727 (9‘7)
3605 3655 3797 3728 μᾶλλον
3841 3652 3940 3705 εἰσι

2334 3750 2650 3822 παράνομοι.

2407 3927 2757 3998 Οὒ-νόμον
2816 3941 2829 3992 ;
2892 3924 3196 3987 Καθολικώς
3236 3923 3372 3994 λέγει
3433 3928 3587 3996 νόμον
3654 3926 3748 3985 τὰς
3801 3937 3936 3992 νομιο

2335 4021 2430 4078 κάς
2466 4016 2669 4077 ἐντο)ἁς
2698 4016 2760 4076 ἃς
2789 4011 2987 4068 δέδωκε
3024 4013 3143 4086 (98)
3180 4022 3407 4074 Μωύσῆς
3439 4013 3493 4065 ἐκ
3541 4022 3632 4066 τοὺ
3682 4019 3814 4066 Θεοῦ
3859 4027 3935 4059 κο-

2338 4111 2499 4178 μίσας
2531 4107 2692 4166 αὐτας
2748 4110 2834 4156 καὶ
2865 4103 3074 4179 γράψας
3113 4107 3310 4164 ταύτας
3357 4103 3549 4163 αὐτοῖς.
3583 4102 3784 4176 Ἐρωτᾲ
3807 4094 3888 4151 οὖν
3919 4111 3930 4123 ⁸

2341 4201 2415 4247 Οὐ
2493 4198 2721 4255 Μωυσῆς
2788 4189 2974 4246 ἔδωκεν
3031 4193 3142 4264 (99)
3195 4194 3315 4265 ὑμῖν
3381 4195 3467 4244 τόν
3520 4196 3694 4264 νόμον,
3738 4193 3762 4242 ό
3819 4183 3931 4252 παρ’

2342 4287 2462 4357 ὑμῖν
2501 4291 2781 4356 τιμώμενος
2827 4287 2916 4334 καὶ
2957 4279 3341 4353 ἐκδικούμενος,
3377 4280 3707 4351 ᾧλελάληκεν
3739 4278 3922 4332 6656;-

2419 4379 2515 4426 Καὶ
2547 4405 2606 4413 -—
2658 4379 2831 4444 νόμον.
2865 4403 2929 4410 -
2966 4379 3126 4435 Ποιεί,
3156 4375 3316 4441 ἤγουν
3340 4377 3516 4441 Τηρεῖ.
3561 4367 3692 4424 Εἶτα
3737 4366 3935 4436 προστί-

2347 4466 2472 4521 θησι
2498 4467 2717 4524 καὶπῶς
2739 4461 2794 4513 οὗ
2819 4470 3043 4533 τηροῦσι
3073 4464 3159 4511 τόν
3189 4466 3361 4532 νόμον.

2414 4558 2476 4605 Τί
2505 4584 2571 4591 --
2599 4551 2895 4603 ἀποκτεῖναι
2929 4566 2942 4615 ;
2965 4556 3068 4602 Τοῠ
3097 4554 3254 4620 νόμου
3280 4549 3534 4620 λέγοντος,
3570 4548 3646 4600 Οὐ
3671 4546 3932 4619 φονεύσεις,

2344 4648 2395 4694 τί
2429 4661 2490 4714 με
2519 4638 2845 4700 σπουδάζετε
2873 4646 3136 4710 φονεῦσαι,
3189 4644 3320 4710 μήτε
3352 4639 3430 4709 (t)
3461 4637 3614 4688 αὐτὸν
3657 4639 3932 4707 τηροῦντες,

2345 4738 2476 4805 μήτε
2507 4734 2591 4782 τὸν
2637 4733 2862 4782 Μωυσέα
2893 4723 3212 4798 αἰδούμενοι,
3269 4730 3354 4778 τόν
3405 4722 3675 4778 δεδωκότα
3705 4725 3814 4792 ὑμῖν
3845 4711 3928 4764 αὖ·

2343 4829 2428 4874 τόν
2470 4837 2482 4886 ;
2518 4816 2725 4881 ἀναιδὲς
2767 4821 2868 4893 γὰρ
2905 4821 3020 4877 τοὺς
3051 4821 3379 4890 παρανόμους
3408 4815 3631 4889 ἐγκαλεῖν
3663 4811 3804 4882 ἑτέρῳ
3835 4820 3904 4854 πα

2343 4915 2612 4987 ρανομίαν.

1803 5217 2024 5286 Variae
2056 5218 2378 5286 lectiones
2419 5226 2485 5286 et
2515 5225 2716 5284 nota.

641 5381 754 5455 (93)
798 5386 1113 5442 llentenius
1165 5390 1301 5443 ante
1344 5390 1435 5449 πός
1487 5386 1808 5460 interponit
1838 5388 1952 5462 ὅρα,
1987 5405 2104 5462 quo
2151 5393 2235 5446 ta-

571 5465 707 5529 men
739 5472 861 5529 non
882 5462 977 5529 est
1011 5475 1190 5529 opus.

645 5527 760 5594 (94)
788 5525 999 5586 Ηύδόκη
1012 5525 1078 5582 σὰ
1112 5539 1172 5584 Α.

645 5596 757 5666 (95)
779 5599 1000 5668 ’Υψηλόν
1024 5605 1090 5656 Α.

655 5672 765 5743 (96)
798 5672 958 5723 Οὗτοι
997 5673 1165 5728 abest
1203 5675 1268 5727 A.

2416 5390 2532 5462 (97)
2566 5390 2727 5462 Αὐτοὶ
2755 5391 2924 5447 abest
2959 5395 3022 5446 Α.

2415 5459 2528 5534 (98)
2561 5468 2600 5514 A
2612 5459 2794 5534 ιέδωκε
2828 5471 2886 5518 Α.

2414 5531 2528 5603 (99)
2553 5531 2778 5586 Δέδωκεν
2811 5539 2878 5589 Α.

2417 5607 2494 5679 (1)
2520 5610 2618 5658 Τὸν
2649 5610 2825 5678 νόμον.

651 5824 817 5896 Legis
837 5838 1135 5890 accusare,
1165 5828 1269 5881 etc.
1305 5827 1430 5891 Eos,
1459 5825 1564 5899 qui
1588 5823 1748 5896 leges
1783 5826 2025 5893 violant,
2060 5828 2242 5885 alium
2279 5842 2585 5892 accusare,
2623 5831 2683 5884 ut
2715 5828 2817 5902 qui
2859 5827 3017 5897 leges
3045 5826 3298 5884 violarit.
