4156 6422
262 370 286 427 1
297 371 402 429 269

1269 373 1638 432 COMMENT.
1686 375 1753 432 IN
1782 375 2122 434 JOANNEM.
2167 406 2232 418 —
2274 375 2430 433 CAP.
2472 373 2592 430 VII.

3515 360 3653 422 1270

337 498 621 571 Ἀπεκρίθη
673 530 741 539 -
798 497 1150 566 ἂποκτιῖναις
1208 499 1266 554 Ὀ
1320 501 1477 574 ὄχλος
1529 508 1681 556 τοῦτό
1744 523 1867 576 φησι

2055 502 2220 558 Vers.
2252 502 2342 558 20.
2385 498 2700 572 Respondit
2731 529 2800 539 -
2823 495 3174 566 inter/icere.
3204 489 3326 550 Hoc
3355 487 3498 548 dicit
3526 492 3651 547 tur-

260 591 614 662 χαριζόμενος
663 595 770 650 τοῖς
819 590 1075 662 ἄρχουσι.
1142 595 1240 643 Καὶ
1318 591 1598 665 ὑϐρίζουσι
1654 597 1742 664 μὲν
1788 597 1874 646 τὸν

261 686 421 749 τιμῆς
472 677 722 745 ἐπέκεινα,
783 678 847 739 εἰς
898 684 1053 751 τιμὴν
1105 676 1262 738 δῆθεν
1322 690 1422 732 τῶν
1476 681 1671 753 ὕϐρεως
1720 682 1876 746 ἀξίων

262 769 538 841 ἀρχόντων
571 784 582 796 ·
617 766 890 842 ἀρνοῦνται.
922 765 980 820 δὲ
1011 772 1094 820 τὸν
1130 774 1276 841 φονον
1319 766 1412 822 διὰ
1458 774 1516 822 τὸ
1561 774 1744 843 μύσος,
1787 777 1875 824 καὶ

267 856 351 906 ἳνα
389 853 680 927 ἀφύλακτος
705 856 886 909 λοιπὸν
916 867 1152 929 καταστῇ
1187 865 1297 920 τοῖς
1343 858 1730 914 ἐπιϐουλεύουσι

265 948 419 1006 Γνοὺς
464 941 523 997 δὲ
553 945 740 1008 αὐτοὺς
782 945 1268 1017 ἁναισχυντοῦντας
1323 954 1413 1000 καὶ
1466 950 1531 1010 εἱς
1582 949 1742 1024 ὀργὴν
1773 954 1843 1003 πά

262 1033 344 1086 λιν
415 1035 866 1107 ὑποκινουμένους,
909 1035 1097 1108 ἀφίησι
1167 1040 1257 1109 μὲν
1315 1037 1401 1090 ἐπὶ
1470 1039 1618 1091 πλέον
1677 1039 1869 1111 ἐλέγξαι

262 1125 500 1189 τούτους,
543 1127 627 1175 ’ίνα
665 1129 735 1197 μὴ
797 1123 1264 1200 ἀναισλνντότεροι
1298 1132 1583 1198 γένωνται·
1635 1134 1725 1180 καὶ
1771 1131 1870 1204 γὰρ

261 1212 359 1265 οὐκ
388 1212 622 1265 ἐϐούλετο
647 1223 879 1286 συνεχῶς
906 1219 992 1266 τὸν
1014 1217 1172 1286 {iu-uia
1198 1216 1365 1267 αὐτῶν
1381 1216 1632 1278 ἐξάπτειν·
1655 1218 1873 1271 ἅπτεται

260 1298 323 1356 δέ
353 1311 444 1366 τῆς
478 1301 761 1374 ἀπολογίας
793 1312 887 1365 τῆς
927 1310 1043 1377 περὶ
1072 1313 1163 1356 τοῦ
1190 1304 1478 1358 Σαϐϐάτον.

333 1481 614 1554 Ἀπεκρίθη
670 1514 737 1522 ——
789 1483 1104 1554 θαυμάζετε.
1159 1483 1244 1537 Ἕν
1291 1488 1436 1558 ἔργον
1485 1484 1641 1557 λέγει,
1685 1491 1779 1544 τὴν
1823 1485 1870 1537 ἐν

255 1570 509 1642 Σαϐϐάτῳ
557 1573 730 1642 ὑγείαν
776 1580 866 1624 τοῦ
921 1575 1202 1646 τριάκοντα
1253 1580 1342 1626 καὶ
1391 1574 1524 1625 ὀκτὼ
1584 1577 1667 1631 ἔτη
1724 1578 1872 1647 ἔχον-

256 1680 348 1720 τος
379 1660 427 1712 ἐν
464 1669 525 1719 τῆ
585 1661 843 1733 ἀσθενείᾳ,
876 1668 994 1734 περὶ
1045 1662 1104 1714 οὗ
1151 1667 1208 1714 τὸ
1258 1659 1478 1736 ἕϐδομον
1541 1667 1739 1738 ἱστορεῖ
1780 1685 1869 1717 κε-

255 1751 496 1820 φάλαιον.
557 1756 658 1802 Καὶ
723 1752 905 1812 πάντες
964 1752 1276 1823 θαυμάζετε,
1328 1757 1488 1824 ἤγουν
1545 1753 1867 1827 θορυϐεῖσθε,

1986 592 2083 658 ba,
2109 592 2319 648 volens
2350 608 2475 648 rem
2505 594 2738 661 gratam
2771 591 3058 660 praestare
3089 580 3569 652 magistratibus.
3595 583 3655 636 et

1986 698 2124 738 eum
2147 682 2507 755 quiomnem
2535 679 2765 736 excedit
2797 679 3089 732 honorem
3111 671 3333 742 injuria
3359 669 3650 735 afﬁciunt,

1985 770 2044 824 in
2070 771 2322 839 gratiam
2355 769 2700 842 primatum,
2742 767 2844 840 qui
2876 765 3095 836 injuria
3125 761 3290 832 digni
3323 763 3510 816 erant.
3541 760 3652 815 Ne-

1987 864 2350 929 gantautem
2383 876 2444 914 se
2477 858 2901 930 illiprocurare
2927 853 3156 910 caedem
3200 853 3445 922 propter
3471 847 3650 904 scele-

1985 949 2061 1002 ris
2087 949 2456 1014 gravitatem,
2486 958 2544 1004 et
2600 952 2663 1003 ut
2708 945 2944 1002 incaute
2983 942 3262 1013 deinceps
3313 937 3649 1002 ambulans,

1985 1040 2316 1094 traderetur
2368 1035 2840 1094 insidiatoribus.
2873 1034 2983 1104 (H-
3016 1031 3218 1089 Sciens
3265 1033 3490 1092 autem,
3543 1042 3648 1083 eos

1982 1127 2360 1198 impudentes
2389 1143 2522 1183 esse
2543 1144 2609 1183 ac
2633 1141 2836 1182 rursus
2859 1124 2936 1180 ad
2962 1123 3114 1178 iram
3146 1117 3400 1184 incitari,
3429 1116 3651 1174 omittit

1982 1218 2221 1288 quidem
2249 1217 2444 1288 magis
2462 1233 2564 1273 eos
2591 1229 2860 1286 arguere,
2886 1229 2960 1269 ne
2985 1209 3456 1283 impudentiores
3476 1206 3645 1263 ﬁant.

1981 1306 2229 1363 Nolebat
2258 1307 2418 1362 enim
2450 1306 2736 1362 continuo
2776 1319 2879 1359 eos
2930 1302 3007 1358 ad
3047 1301 3199 1356 iram
3243 1297 3645 1353 inﬂammare.

1982 1395 2184 1466 Incipit
2213 1401 2415 1451 autem
2447 1394 2863 1451 defensionem
2896 1394 3132 1464 propter
3162 1385 3537 1457 Sabbatum.)

2056 1487 2213 1540 Vers.
2243 1486 2331 1539 2t.
2375 1484 2689 1555 Respondit
2718 1515 2788 1523 —
2820 1478 3148 1538 miramini.
3177 1509 3244 1517 —
3280 1477 3468 1534 Unum
3497 1490 3646 1544 opus

1979 1573 2141 1638 dicit,
2175 1573 2330 1629 illius
2365 1574 2423 1629 in
2475 1572 2734 1630 Sabbato
2765 1571 3160 1632 curationem,
3193 1565 3292 1638 qui
3325 1564 3563 1634 triginta
3591 1568 3649 1619 et

1980 1668 2114 1719 octo
2144 1664 2406 1719 annosin
2437 1663 2780 1719 inﬁrmitate
2804 1661 3052 1728 vixerat,
3083 1657 3159 1713 de
3185 1671 3302 1729 quo
3321 1653 3644 1726 septimum

1980 1757 2186 1808 narrat
2213 1757 2417 1823 caput.
2457 1753 2527 1807 Et
2556 1766 2755 1808 omnes
2781 1747 3108 1812 miramini,
3143 1744 3268 1800 sive
3293 1741 3642 1807 turbamini,

253 1839 621 1911 ταράττεσθε·
657 1838 800 1890 οὗτοι
853 1843 952 1913 γὰρ
1013 1835 1148 1897 ἦσαν
1206 1843 1256 1892 οἱ
1317 1846 1431 1893 τότε
1483 1846 1724 1912 μανέντες
1780 1847 1867 1894 καὶ

1982 1847 2085 1898 aut
2111 1841 2561 1899 tumultuamini
2597 1858 2610 1908 ;
2639 1857 2782 1897 nam
2839 1838 2901 1895 hi
2927 1841 3118 1902 erant,
3165 1835 3271 1908 qui
3296 1849 3370 1890 ex
3399 1847 3468 1888 eo
3501 1836 3647 1888 tem-

255 1930 435 1979 ἔκτοτε
502 1928 776 1989 ζητοῦντες
842 1928 1000 1980 αὐτὸν
1055 1927 1375 1983 ἀποκτεῖναι.
1433 1927 1554 1983 Εἶτα
1596 1930 1732 2003 λέγει
1789 1933 1868 1983 ὅτι

256 2021 497 2076 Μωϋσῆς
553 2014 850 2092 παρέδωκεν
909 2017 1087 2079 αὐτοῖς
1154 2023 1248 2076 τὴν
1303 2024 1605 2091 περιτομὴν,
1665 2025 1754 2072 καὶ
1819 2019 1866 2072 ἐν

255 2103 510 2176 Σαϐϐάτῳ
541 2109 955 2179 περιτέμνουσιν,
993 2110 1114 2158 ὃταν
1165 2104 1373 2165 δηλαδὴ
1409 2111 1439 2166 ἡ
1492 2106 1655 2179 ὀγδόη
1700 2111 1868 2184 ἡμέρα

249 2202 346 2246 τοῦ
385 2191 604 2246 παιδίου
654 2196 724 2256 εἰς
764 2195 1025 2248 Σαϐϐατον
1082 2203 1380 2270 καταντήσῃ
1414 2218 1424 2229 ·
1471 2200 1646 2250 ἔπειτα
1687 2199 1867 2252 συλλο-

248 2284 483 2354 γίζεται,
518 2285 598 2336 ὃτι
630 2285 689 2338 Εἰ
718 2289 1078 2358 περιτέμνεται
1103 2287 1376 2361 ἄνθρωπος
1422 2285 1469 2338 ἐν
1506 2287 1748 2360 Σαϐϐάτῳ
1780 2291 1864 2359 (τὸ

250 2369 316 2425 δὲ
345 2377 663 2447 περιτέμνειν
708 2375 900 2446 ἔργον),
946 2384 1050 2435 πῶς
1091 2377 1185 2427 οὐκ
1229 2374 1483 2447 ἐγκαλεῖτε
1534 2385 1745 2430 Μωυσεῖ
1792 2386 1863 2449 τῷ

250 2461 584 2535 ἐντειλαμένῳ
617 2466 763 2536 ἔργον
796 2462 844 2516 ἐν
876 2463 1120 2536 Σαϐϐάτῳ
1153 2484 1170 2536 ;

332 2554 426 2604 Διὰ
461 2584 518 2593 -—
573 2554 863 2626 ἄνθρωπον.
894 2558 962 2605 Τὀ
1010 2556 1104 2605 Διά
1144 2563 1300 2606 τοῦτο
1331 2555 1424 2606 οὐκ
1483 2558 1595 2607 ἔστι
1644 2564 1731 2608 νῦν
1775 2557 1862 2609 αἰ-

252 2639 568 2712 τιολογικὸν,
662 2640 767 2693 ἀλλ’
845 2641 1018 2702 ἁπλῶς
1095 2651 1262 2695 κεῖται
1361 2647 1497 2695 κατὰ
1587 2647 1862 2703 συνήθειαν

256 2729 558 2805 Ἐϐραίκὴν.
617 2735 771 2802 Λέγει
821 2729 879 2784 δὲ
927 2734 1006 2784 ὅτι
1072 2739 1303 2793 Μωυσῆς
1370 2731 1668 2806 παρέδωκεν
1742 2737 1863 2806 ὑμῖν

254 2824 352 2878 τὴν
433 2824 739 2894 περιτομὴν,
831 2826 920 2873 καὶ
1041 2820 1088 2872 ἐν
1206 2821 1452 2893 Σαϐϐάτῳ
1539 2828 1862 2896 περιτέμνετε

253 2909 548 2982 ἄνθρωπον·
617 2912 682 2961 τὰ
735 2907 784 2962 δ’
845 2909 894 2962 ἐν
965 2919 1036 2979 τῷ
1092 2915 1234 2982 μέσῳ
1298 2912 1432 2983 ῥητά
1484 2915 1693 2977 τέθεικε,
1755 2910 1863 2966 δει-

251 3001 420 3050 κνύων
483 3000 582 3064 ὅτι,
636 2999 694 3052 Εἰ
744 3005 832 3051 καὶ
889 3007 1117 3060 Μωυσῆς
1161 2997 1461 3073 παρέδωκεν
1509 3003 1628 3073 ὑμῖν
1679 3003 1858 3068 αὐτὴν,

253 3086 363 3139 ἀλλ’
432 3087 455 3104 ⁹
761 3092 781 3118 ’τ
932 3088 956 3120 ν’
1038 3096 1053 3104 '
1122 3085 1145 3100 ’
1375 3096 1383 3105 “
1503 3092 1512 3104 ’
1671 3092 1682 3107 ’
1789 3093 1807 3105 ⁷

395 3106 482 3140 ουν
532 3088 850 3160 παλαιοτέρα
896 3108 1055 3140 αντου
1118 3109 1198 3147 ην.
1256 3096 1392 3147 Φησι
1446 3108 1565 3163 γάρ·
1611 3098 1722 3163 Ονχ
1781 3112 1859 3144 οτι

251 3177 310 3228 ἐκ
355 3185 444 3229 τοῦ
519 3181 782 3238 Μωϋσέως
843 3179 976 3246 ἐστι,
1043 3183 1287 3231 τουτέστι
1361 3177 1663 3252 Παρέδωκεν
1739 3183 1860 3253 ὑμῖν

252 3266 438 3330 αὐτὴν,
471 3265 575 3337 οὐχ
607 3268 687 3318 ὅτι
728 3266 782 3318 ἐκ
813 3277 907 3328 τῆς
956 3267 1114 3319 αὐτοῦ
1171 3271 1471 3340 νομοθεσίας
1523 3269 1692 3343 ἀρχὴν
1731 3271 1858 3344 λαμς

251 3355 414 3420 ϐάνει,
471 3355 577 3426 οὐχ
625 3358 705 3408 ὅτι
759 3359 929 3409 ἔκτοτε
983 3377 1226 3430 αρχετοιι,
1287 3356 1393 3408 ἀλλ’
1454 3356 1507 3408 ἐκ
1566 3368 1662 3410 τῶν
1707 3365 1862 3414 πατέ-

247 3463 352 3516 ρων
415 3443 553 3512 ἐστὶ,
613 3453 711 3496 τῶν
764 3451 882 3517 περί
919 3445 1157 3518 Ἀϐραάμ
1214 3464 1225 3474 ·
1282 3448 1455 3517 ἐκείνῳ
1506 3449 1608 3520 γὰρ
1667 3452 1860 3518 πρώτῳ

251 3533 460 3590 ἐνετάλη
480 3552 492 3565 ⁸
527 3539 616 3586 καὶ
642 3535 777 3606 ὅμως
794 3532 1099 3587 ἐπείσακτον
1124 3532 1312 3588 δοκοῦν
1334 3541 1641 3609 κυριώτερον
1664 3540 1861 3605 γίνεται

250 3630 345 3675 τοῦ
379 3621 668 3676 Σαϐϐάτου.

321 3713 381 3766 Εἰ
427 3744 490 3752 —
535 3712 817 3785 Σαϐϐάτῳ;
859 3713 969 3767 Ἵνα
1023 3719 1094 3786 μὴ
1154 3713 1382 3789 ἀθετηθῇ
1439 3717 1464 3766 ὁ
1504 3720 1660 3788 νόμος
1708 3723 1860 3769 Μωυ-

256 3806 406 3865 σέως,
451 3803 477 3854 ὁ
530 3807 646 3876 περὶ
694 3811 787 3863 τῆς
829 3811 1134 3877 περιτομῆς.
1189 3811 1292 3857 Τοῦ
1340 3809 1602 3868 Μωυσέως
1655 3802 1714 3858 δὲ
1772 3805 1862 3857 αὖ·

253 3894 340 3942 τὸν
400 3887 556 3960 εἶπεν,
614 3895 678 3952 ὡς
735 3891 821 3944 ὑπ’
872 3893 1032 3945 αὐτοῦ
1077 3890 1461 3965 παραδοθέντα,
1504 3897 1676 3956 καθὼς
1724 3895 1858 3968 εἰρή-

250 3999 429 4052 καμεν.
508 3986 644 4038 Φησὶ
718 3985 887 4033 τοίνυν
959 3984 1039 4034 ὃτι
1121 3982 1180 4035 Εἰ
1244 3988 1529 4056 περιτομὴν
1609 3983 1858 4056 λαμϐάνει

251 4070 520 4144 ἅνθρωπος
592 4072 640 4122 ἓν
717 4068 983 4141 Σαϐϐάτῳ,
1049 4071 1162 4142 ἐμοὶ
1227 4070 1520 4146 ὀργίζεσθε,
1582 4074 1663 4124 ὅτι
1739 4074 1856 4126 ὅλου

249 4157 521 4232 ἀνθρώπου
565 4160 742 4230 ὑγείαν
792 4159 1136 4233 εἰργασάμην,
1190 4158 1391 4232 ἀφέντες
1433 4161 1599 4231 χολᾷν
1646 4169 1862 4215 Manio-si

249 4253 349 4322 πρὸ
401 4247 526 4320 ἐμου
564 4255 635 4318 τῷ
700 4247 1031 4321 ἐπιτρέψανιι
1087 4248 1401 4323 ἐργάζεσθαι
1467 4256 1750 4323 περιτομὴν
1805 4253 1854 4304 ἐν

250 4335 500 4408 Σαϐϐάτῳ
530 4356 543 4403 ;

316 4426 469 4479 Ὀλον
524 4422 582 4478 δὲ
630 4429 900 4500 ἄνθρωπον
968 4431 1158 4502 εἴρηκε,
1221 4424 1360 4480 διότι
1413 4429 1523 4481 ὅλον
1591 4433 1647 4482 τὸ
1703 4439 1856 4504 σῶμα

1563 4519 1591 4577 ἦ
1625 4517 1852 4587 ἐνέφηνεν

247 4608 325 4657 ὅτι
373 4604 432 4656 οὐ
478 4609 534 4657 τὸ
582 4614 736 4678 σῶμα
779 4611 954 4678 μόνον,
1011 4604 1137 4658 ἀλλὰ
1184 4612 1274 4660 καὶ
1321 4612 1415 4665 τὴν
1479 4607 1665 4681 ψυχὴν
1693 4608 1853 4661 αὑτοῦ

247 4694 493 4768 ἑθεράπευ
503 4713 576 4750 σε.

246 4516 409 4568 αὐτοῦ
435 4515 867 4589 παραλελυμένον,
909 4515 1023 4567 ὅλον
1055 4519 1196 4588 ὑγιὲς
1227 4516 1468 4575 ἐποίησεν
1505 4541 1516 4552 ·

323 4787 408 4842 Μὴ
445 4815 511 4822 -
556 4783 694 4854 ὄψιν.
742 4789 828 4841 Μὴ
866 4789 1060 4857 κρίνετε
1102 4785 1638 4861 προσωποληπτικῶς,
1667 4785 1853 4838 ἐκεῖνον

247 4875 339 4946 μὲν
367 4875 435 4933 ὡς
460 4873 582 4946 παρ’
612 4874 734 4945 ὑμῖν
783 4877 942 4945 μέγαν
991 4879 1079 4926 καὶ
1131 4873 1334 4938 ἔνδοξον
1387 4875 1610 4948 ἀφιέντες
1659 4877 1850 4943 αἰτίας,

245 4963 337 5036 ἐμὲ
369 4958 430 5015 δὲ
461 4965 524 5023 ὡς
553 4963 724 5022 εὐτελῆ
760 4968 848 5016 καὶ
883 4960 1072 5026 ἄδοξον
1103 4969 1421 5037 αἰτιώμενοι.

321 5049 476 5103 Ἀλλὰ
535 5083 603 5092 -
633 5056 857 5126 κρίνατε.
913 5057 999 5111 Μὴ
1050 5057 1176 5127 πρὸς
1220 5058 1284 5106 τὰ
1334 5058 1592 5129 πρόσωπα
1636 5053 1855 5128 βλέπον-

246 5157 352 5208 τες,
404 5138 532 5194 ἀλλὰ
579 5145 709 5215 πρὸς
755 5143 822 5194 τὰ
871 5143 1176 5215 πράγματα.
1248 5148 1347 5197 Καὶ
1399 5143 1581 5217 ἑτέρως
1617 5146 1741 5219 γάρ·
1793 5145 1851 5198 Ἠ

1901 3215 1939 3268 C

1977 1931 2497 2003 poreinsanientes
2511 1930 2866 2003 quaerebant
2888 1943 3024 1984 eum
3047 1924 3391 1981 interﬁcere.
3422 1919 3645 1978 Deinde

1979 2019 2059 2075 ait
2093 2036 2104 2074 :
2138 2021 2321 2078 Moses
2353 2020 2604 2076 tradidit
2651 2020 2810 2076 vobis
2861 2016 3385 2077 circumcisionem,
3419 2011 3472 2067 ei
3501 2009 3646 2065 Sab-

1974 2109 2118 2166 bato
2133 2109 2590 2176 circumcidunt,
2609 2109 2856 2183 quando
2886 2106 3161 2163 videlicet
3189 2107 3437 2160 octavus
3457 2099 3644 2156 infan-

1977 2201 2046 2255 tis
2079 2199 2203 2254 dies
2235 2199 2501 2255 Sabbato
2531 2198 2870 2256 occurrerit.
2900 2199 3030 2252 Jam
3079 2208 3220 2264 ergo
3259 2194 3642 2261 argumenta-

1976 2294 2113 2344 tur:
2160 2289 2216 2345 Si
2271 2288 2537 2345 Sabbato
2594 2286 3036 2344 circumciditur
3073 2283 3277 2348 homo,
3329 2277 3643 2353 quomodo

1973 2393 2118 2447 ergo
2151 2378 2223 2432 de
2251 2377 2718 2434 circumcisionis
2749 2392 2925 2448 opere
2944 2376 3146 2429 Mosen
3173 2385 3296 2426 non
3327 2367 3636 2432 accusatis,

1973 2467 2139 2539 quod
2170 2482 2324 2538 opus
2372 2466 2499 2521 ﬁeri
2539 2465 2887 2538 praeceperit
2929 2464 2990 2518 in
3025 2461 3286 2518 Sabbato
3325 2459 3354 2516 ?

2045 2557 2209 2611 Vers.
2245 2560 2332 2610 22.
2361 2556 2676 2624 Propterea
2722 2585 2791 2595 —-
2822 2553 3134 2610 hominem.
3163 2548 3344 2605 Dictio
3371 2547 3642 2617 Propter-

1972 2661 2059 2710 ea,
2091 2662 2209 2700 non
2243 2652 2334 2701 est
2363 2646 2454 2700 hic
2481 2643 3020 2706 causae'redditiva,
3049 2639 3151 2696 sed
3192 2636 3427 2708 vulgari
3458 2635 3640 2691 modo

1972 2751 2041 2789 ac
2069 2733 2365 2805 superﬂue
2385 2733 2674 2790 Hebraico
2699 2749 2864 2789 more
2884 2731 3144 2803 ponitur.
3165 2727 3309 2784 Dicit
3328 2740 3492 2796 ergo,
3518 2724 3641 2780 Μο-

1971 2840 2055 2880 ses
2079 2824 2330 2879 tradidit
2349 2823 2504 2879 vobis
2519 2823 3051 2885 circumcisionem,
3077 2824 3130 2876 et
3154 2818 3217 2873 in
3241 2815 3494 2874 Sabbato
3525 2815 3643 2870 cir-

1973 2912 2305 2968 cumciditis
2320 2912 2625 2968 hominem.
2643 2914 2781 2977 Quae
2794 2915 2995 2966 autem
3011 2910 3069 2964 in
3090 2906 3288 2963 medio
3302 2910 3443 2960 sunt
3456 2903 3642 2960 verba

1973 3001 2220 3066 addidit,
2241 3001 2563 3056 ostendens
2575 2999 2741 3073 quod
2759 2999 3094 3056 licetMoses
3117 2995 3282 3052 illam
3304 2992 3636 3063 tradiderit,

1972 3098 2234 3145 attamen
2265 3095 2404 3146 ante
2430 3090 2598 3146 illum
2625 3089 2836 3145 fuerat.
2865 3089 2954 3143 Ait
2983 3087 3144 3143 enim
3178 3100 3191 3140 :
3233 3099 3346 3140 non
3379 3081 3538 3155 quod
3566 3097 3638 3138 ea:

1973 3179 2506 3236 Mosesit.Tradidit
2521 3179 2688 3236 vobis
2708 3179 3023 3246 illam,non
3039 3174 3202 3248 quod
3219 3191 3253 3229 a
3266 3171 3636 3242 legislatione

1974 3269 2332 3343 principium
2355 3275 2581 3324 sumat:
2603 3284 2726 3324 non
2744 3271 2908 3340 quod
2936 3272 3074 3323 tunc
3095 3263 3414 3336 inceperit:
3442 3262 3636 3320 sedex

1973 3360 2236 3432 patribus
2257 3361 2470 3432 est,qui
2489 3358 2852 3430 tempore(d)
2871 3356 3169 3413 Abraham
3189 3354 3429 3410 fuerunt
3453 3369 3468 3421 ;
3489 3369 3634 3409 nam

1970 3449 2054 3507 illi
2087 3451 2350 3522 primum
2371 3450 2513 3506 data
2536 3453 2623 3504 est
2651 3448 2710 3503 in
2751 3450 3123 3519 praeceptum
3149 3449 3205 3499 et
3234 3448 3459 3506 tamen,
3487 3457 3633 3498 cum

1973 3538 2216 3594 aliunde
2248 3537 2501 3594 ascititia
2518 3537 2809 3601 videatur,
2822 3533 3052 3591 ﬁrmior
3070 3532 3334 3590 Sabbato
3357 3530 3631 3588 efﬁcitur.

2046 3716 2206 3774 Vers.
2237 3717 2326 3774 23.
2371 3716 2439 3773 Si
2479 3746 2547 3757 —
2586 3714 2834 3772 Sabbato
2863 3713 2890 3768 ?
2939 3714 3009 3770 Ut
3056 3726 3178 3768 non
3215 3711 3636 3768 contemnatur

1969 3805 2062 3862 lex
2095 3805 2454 3878 Mosis,quas
2471 3805 2544 3860 de
2567 3801 3021 3860 circumsicione
3056 3805 3165 3857 est.
3200 3799 3404 3872 Ipsam
3434 3803 3639 3856 autem

1969 3895 2638 3966 dixitMosis,tanquam
2667 3892 2746 3950 ab
2777 3909 2848 3948 eo
2871 3891 3173 3960 traditam,
3201 3887 3638 3945 sicutidiximus

1970 3985 2060 4039 Ait
2097 4001 2228 4056 ergo
2266 4002 2278 4039 :
2311 3983 2371 4039 Si
2419 3983 2920 4040 circumcisionem
2954 3981 3166 4050 accipi!
3202 3980 3375 4036 homo
3406 3979 3469 4034 in
3497 3977 3635 4034 Sab-

1970 4075 2122 4139 bato,
2152 4073 2294 4130 mihi
2307 4072 2660 4137 irascimini,
2694 4072 2854 4144 quod
2881 4077 3066 4127 totum
3100 4069 3395 4126 hominem
3424 4082 3636 4124 sanum

1967 4163 2328 4220 reddiderim
2355 4164 2416 4217 in
2445 4163 2726 4226 Sabbato,
2757 4177 2890 4216 cum
2932 4158 3076 4216 Mosi
3135 4173 3258 4214 non
3303 4157 3433 4214 sitis
3486 4156 3638 4212 indi-

1967 4253 2150 4322 gnati,
2175 4252 2277 4325 qui
2305 4259 2440 4308 ante
2503 4268 2598 4308 me
2648 4250 2918 4323 permisit
2962 4247 3476 4305 circumcisionem
3505 4245 3635 4302 ﬁeri

1966 4343 2027 4396 in
2061 4341 2325 4398 Sabbato
2356 4339 2384 4396 ?
2437 4342 2640 4397 Tot-um
2688 4344 2893 4396 autem
2941 4338 3236 4395 hominem
3262 4335 3408 4392 dixit
3439 4352 3455 4402 ;
3487 4350 3632 4392 nam

1964 4447 2099 4486 cum
2121 4434 2307 4487 totum
2339 4431 2462 4500 ejus
2480 4445 2698 4502 corpus
2726 4426 2992 4500 paralysi
3007 4425 3367 4482 dissolutum
3397 4423 3630 4490 fuisset,

1966 4526 2154 4576 totum
2173 4519 2427 4576 reddidit
2453 4534 2668 4576 sanum
2698 4537 2710 4587 ;
2736 4523 2839 4574 aut
2861 4515 3140 4584 ostendit,
3172 4514 3336 4589 quod
3358 4529 3481 4571 non
3504 4529 3633 4571 cor-

1965 4625 2072 4682 pus
2103 4615 2354 4678 tantum,
2388 4609 2494 4666 sed
2550 4614 2608 4665 et
2639 4606 2907 4665 animam
2947 4606 3078 4679 ejus
3107 4604 3413 4662 curaverit.

2034 4788 2206 4845 Vers.
2230 4787 2320 4842 24.
2352 4787 2552 4844 Nolite
2574 4819 2643 4828 —
2667 4793 2989 4856 aspectum.
3013 4788 3093 4842 Ne
3121 4783 3530 4856 judicaveritis
3557 4799 3632 4841 ex

1963 4877 2302 4949 acceptione
2318 4893 2733 4949 personarum,
2778 4875 2859 4931 illi
2879 4873 3150 4948 quidem,
3165 4878 3455 4947 tanquam
3468 4874 3631 4946 apud

1963 4982 2071 5023 vos
2098 4982 2318 5037 magno
2364 4972 2421 5022 et
2454 4965 2745 5038 praeclaro
2781 4964 3145 5022 remittentes
3187 4962 3623 5028 accusationes,

1966 5071 2061 5112 me
2085 5071 2246 5117 vero,
2271 5057 2444 5128 quasi
2466 5054 2634 5112 vilem
2677 5060 2733 5112 et
2763 5054 3108 5127 inglorium,
3142 5055 3519 5109 accusantes.

2033 5145 2195 5220 Vers.
2215 5145 2304 5201 24.
2351 5145 2470 5203 Sed
2499 5145 2866 5218 —judicate.
2895 5146 3025 5202 Non
3045 5142 3125 5202 ad
3147 5157 3430 5216 personas
3458 5155 3627 5215 spec-

1489 5349 1714 5417 Variee
1751 5349 2086 5418 lectiones
2126 5359 2192 5419 et
2248 5360 2430 5419 notae

311 5567 392 5639 (εὶ)
418 5567 465 5622 Α
494 5583 639 5624 voce
663 5572 814 5640 γνοὺς
838 5569 915 5626 ad
947 5568 1131 5627 ﬁnem
1159 5570 1364 5628 scholii
1417 5571 1632 5629 omittit
1677 5572 2023 5630 Hentenius.

316 5772 400 5845 (εἰ)
425 5772 532 5842 Qui
553 5779 832 5844 tempore,
860 5778 968 5831 etc.
1001 5775 1326 5834 Abrahami
1347 5775 1655 5832 nimirum.
