4156 6388
530 353 659 411 1271
1876 351 2162 406 ΕυΤΗΥΜ

2274 351 2584 407 ZIGABENI
3772 362 3915 416 £272

525 484 740 548 tantes,
767 478 872 535 sed
885 476 962 535 ad
993 493 1086 534 res
1113 477 1295 550 ipsas.
1325 478 1467 534 Item
1497 481 1553 534 et
1577 478 1746 535 aliter
1774 476 2166 533 :Cireumcisic

2304 478 2394 550 μὲν
2455 483 2708 551 περιτομὴ
2767 487 2981 551 σημεῖον
3043 477 3103 540 ἦν
3156 487 3308 554 μόνον
3372 483 3616 559 Ἐϐραίου
3671 501 3684 514 ⁸
3736 489 3794 539 τὸ
3852 485 3921 541 δί

525 570 771 642 quidem
797 569 990 624 solum
1019 568 1290 626 Hebraeis
1331 568 1570 638 signum
1593 574 1716 624 erat
1750 584 1762 621 :
1792 567 1957 640 quod
1985 572 2166 622 auten

2305 568 2426 639 παρ’
2483 566 2606 640 ἐμοῦ
2655 567 2907 641 ἐργασθεν
2976 571 3253 646 ὁλόκληρος
3310 576 3462 646 ὑγειο,
3513 583 3606 628 τοῦ
3657 595 3913 651 σεσημα-

527 676 564 716 a
590 676 685 715 me
701 659 919 714 factum
935 663 1040 723 est,
1073 659 1302 727 integra
1328 657 1434 712 fuit
1465 657 1686 712 sanitas
1718 673 1784 711 ac
1811 657 2023 712 veritas
2039 657 2185 728 ejus,
2308 660 2517 728 σμένον.

527 750 694 822 quod
723 747 1241 817 significabantur.

599 840 761 894 Vers.
785 842 873 893 ‘25.
903 836 1189 893 Dicebant
1221 867 1287 876 —
1317 835 1482 893 Vers.
1507 837 1593 891 26.
1625 836 1852 891 dicunt.
1887 835 2189 909 siquidem

2377 835 2583 908 Ἔλεγον
2636 869 2705 880 -—
2749 837 2980 910 λέγουσι.
3045 845 3144 894 Καὶ
3218 843 3316 916 γὰρ
3401 843 3740 918 ἐπεστόμισεν
3818 847 3918 898 αῦ-

528 927 827 984 silentium
860 926 973 982 illis
1017 925 1405 996 imposuerat.
2304 929 2445 987 τοὺς.

601 1018 758 1073 Vers.
791 1019 879 1072 26.
914 1017 1067 1071 Num
1111 1046 1179 1054 --
1213 1015 1482 1072 Christus
1522 1016 1550 1073 ?
1581 1017 1739 1071 Tunc
1765 1015 1926 1072 enim
1949 1019 2005 1071 et
2035 1016 2193 1088 prin-

2373 1016 2587 1073 Μήποτε
2626 1047 2692 1057 -
2725 1023 2985 1091 Χριστός;
3035 1019 3114 1074 Ἐν
3159 1029 3231 1092 τῷ
3283 1021 3427 1094 ὄχλῳ
3470 1026 3572 1098 γὰρ
3613 1025 3662 1077 οἱ
3706 1025 3918 1098 οἶρχον-

527 1106 688 1177 cipes
718 1107 773 1161 in
808 1105 981 1160 turba
1037 1108 1225 1160 erant.

1074 1108 1225 1159 rant.
2303 1123 2385 1166 τες
2417 1101 2550 1162 ἦσαν
2584 1110 2715 1160 τότε.

597 1196 758 1252 Vers.
789 1195 880 1251 27.
907 1194 1016 1251 Sed
1047 1227 1113 1234 -
1151 1195 1284 1250 erit.
1337 1194 1512 1266 Atqui
1564 1194 1863 1266 principes
1894 1195 2074 1251 vestri
2104 1195 2190 1249 in-

2377 1193 2531 1246 Ἀλλὰ
2587 1226 2655 1236 -
2703 1195 2832 1250 ἐστί.
2890 1203 2989 1250 Καὶ
3053 1203 3158 1271 μὴν
3218 1201 3266 1252 οἱ
3322 1201 3573 1275 ἄρχοντες
3612 1203 3754 1275 ὑμῶν
3786 1202 3919 1276 ἔρω-

522 1285 802 1354 terrogati
833 1285 910 1340 ab
939 1283 1186 1350 Herode,
1219 1283 1318 1338 ubi
1350 1283 1690 1339 nasciturus
1721 1290 1874 1339 esset
1905 1285 2163 1340 Christus

2302 1285 2536 1344 τηθέντες
2605 1289 2746 1360 παρὰ
2807 1284 3068 1358 Ἡρώδου,
3119 1296 3219 1340 ποῦ
3273 1290 3298 1340 ὁ
3368 1294 3595 1366 Χριστὸς
3643 1299 3916 1364 γεννᾶται,

523 1375 794 1430 dixerunt
826 1374 876 1429 ei
933 1393 944 1432 :
978 1373 1051 1428 In
1086 1372 1382 1429 Bethleem
1429 1372 1643 1428 Iudaea:
1673 1375 1718 1408 ³⁵
1751 1390 1761 1426 :
1792 1373 1939 1446 quin
1973 1379 2028 1428 et
2053 1390 2164 1446 pro

2303 1379 2442 1423 εἶπον
2495 1375 2653 1444 αὐτῷ’
2706 1376 2788 1428 Ἐν
2837 1376 3060 1448 Βηθλεὲμ
3116 1387 3207 1438 τῆς
3256 1376 3517 1441 Ἰουδαίας
3551 1397 3564 1412 °
3615 1387 3705 1434 καὶ
3747 1401 3919 1457 προσ-

523 1463 812 1536 phetiam,
842 1479 978 1536 quas
1026 1463 1141 1518 hoc
1190 1462 1564 1531 signiﬁcaret,
1603 1463 1955 1518 addiderunt
1997 1480 2009 1518 :
2045 1480 2164 1535 quo

2304 1463 2493 1518 ἐθηκαν
2552 1467 2640 1514 καὶ
2707 1469 2798 1522 τὴν
2856 1474 3009 1518 τοῦτο
3071 1463 3337 1525 δηλοῦσαν
3384 1475 3700 1543 προφητείαν
3733 1493 3745 1505 υ
3803 1480 3921 1532 πῶς

524 1553 709 1609 modo
739 1568 881 1622 ergo
913 1552 1241 1622 nugamini,
1271 1551 1538 1607 dicentes
1569 1553 1734 1623 quod
1763 1553 2039 1608 Christus
2057 1569 2165 1608 cun

2304 1547 2390 1601 οὖν
2442 1551 2707 1626 φλυαρεῖτε
2760 1556 2838 1606 ὅτι
2895 1553 2952 1607 Ὀ
3029 1561 3276 1628 Χριστὸς,
3337 1559 3458 1610 ὅταν
3516 1563 3759 1635 ἔρχηται,
3819 1561 3919 1613 οὐ·

524 1642 764 1711 venerit,
786 1657 952 1698 nemo
974 1642 1261 1711 cognoscit
1293 1642 1447 1696 unde
1462 1641 1934 1707 erit?Praeterea,
1960 1643 2008 1697 si
2032 1643 2165 1697 bunt

2305 1637 2414 1700 ὁέὶς
2470 1647 2717 1711 γινώσκει
2766 1644 2918 1695 πόθεν
2973 1643 3152 1716 ἐστιν;
3216 1645 3371 1700 Ἀλλὰ
3410 1651 3498 1700 καὶ
3538 1649 3581 1701 εἰ
3619 1658 3798 1702 τοῦτον
3830 1650 3917 1723 (3)

522 1732 709 1787 nostis
735 1730 894 1786 unde
928 1730 1016 1796 sit,
1046 1730 1354 1802 quomodo
1381 1729 1628 1801 quidam
1653 1746 1720 1785 ex
1752 1730 1922 1786 vobis
1947 1731 2151 1786 dicunt

2305 1724 2484 1781 οἴδατε
2531 1732 2684 1782 πόθεν
2729 1729 2862 1796 ἐστὶ,
2905 1741 3010 1793 πῶς
3066 1734 3119 1796 ἐξ
3164 1736 3305 1807 ὑμῶν
3355 1736 3500 1788 ἄλλοι
3545 1737 3784 1810 λέγουσιν
3828 1742 3920 1792 ὅτι

523 1823 703 1877 Hunc
724 1837 841 1876 non
866 1821 1132 1876 novimus
1168 1820 1326 1876 unde
1348 1820 1423 1874 sit
1454 1820 1500 1856 ⁸⁸
1533 1821 1562 1878 ?
1603 1820 1723 1876 Hoc
1755 1821 1935 1876 modo
1963 1821 2164 1876 maliti:

2303 1825 2495 1871 Τοῦτον
2528 1820 2620 1871 οὐκ
2659 1817 2875 1893 οἴδαμεν
2906 1824 3059 1875 πόθεν
3099 1825 3249 1891 ἓστις
3295 1832 3539 1878 Τοιοῦτον
3581 1830 3610 1886 η
3659 1834 3916 1903 πονηρία,

522 1925 645 1966 non
676 1909 964 1981 intelligit,
993 1909 1153 1981 quod
1185 1908 1297 1963 sibi
1335 1907 1444 1979 ipsi
1491 1909 1856 1965 contradicat
1898 1925 1967 1965 ac
2009 1910 2163 1981 plani

2306 1905 2731 1980 ἐναντιολογοῦσα
2773 1915 2862 1962 καὶ
2908 1908 3205 1985 ψευδομένη
3237 1924 3523 1988 προφανῶς,
3558 1917 3616 1968 οῦ
3672 1923 3917 1976 συνίησι.

523 2001 846 2056 mentiatur
874 2016 886 2054 :
911 2015 1054 2054 nam
1085 2002 1178 2054 est
1206 1998 1490 2067 quaedam
1513 1998 1732 2053 animae
1763 1999 2042 2054 ebrietas.

1466 2014 1490 2052 1
1513 1998 1732 2053 animae
1763 1999 2042 2054 ebrietas.
2306 1999 2451 2053 Μέθη
2492 2001 2592 2073 γὰρ
2624 2004 2714 2051 καὶ
2741 2000 2872 2058 αὕτη
2903 2000 3107 2073 ψυχῆς.

597 2088 769 2154 Quod
789 2089 834 2142 si
863 2087 997 2160 quis
1026 2088 1248 2143 dictum
1281 2087 1428 2142 illud
1457 2106 1469 2146 :
1513 2087 1670 2143 Unde
1693 2088 1790 2154 sit,
1821 2103 1941 2143 non
1974 2089 2190 2145 deloco

2381 2086 2438 2138 Εἰ
2496 2084 2555 2139 δέ
2610 2107 2691 2148 τις
2737 2091 2794 2140 τὸ
2846 2092 3005 2142 Πόθεν
3059 2091 3117 2142 οῦ
3166 2097 3282 2166 περὶ
3317 2097 3476 2146 τόπου
3510 2101 3600 2147 καὶ
3632 2092 3914 2169 πατρίδος,

525 2182 581 2234 et
605 2178 814 2248 patria,
841 2177 944 2232 sed
976 2177 1048 2232 de
1072 2193 1286 2248 genere
1317 2183 1372 2232 et
1397 2181 1562 2248 patre
1594 2177 1964 2242 intellexerit,
1998 2178 2166 2234 dicen

2311 2173 2437 2226 ἀλλὰ
2480 2181 2596 2251 περὶ
2643 2182 2823 2248 γένους
2863 2185 2952 2231 καὶ
3003 2185 3198 2253 πατρὸς
3246 2187 3432 2256 νοήσῃ,
3467 2187 3603 2236 εἴποι
3633 2183 3694 2236 ἄν
3721 2185 3921 2248 αὐτοὺς

525 2267 751 2339 poterit,
768 2283 870 2322 eos
895 2265 1114 2321 dixisse
1141 2266 1354 2337 :Hujus
1387 2265 1634 2337 quidem
1663 2281 1851 2336 genus
1883 2273 1935 2320 et
1959 2273 2166 2338 patren

2307 2263 2469 2334 λέγειν
2496 2267 2575 2317 ὅτι
2603 2271 2799 2320 Τούτου
2830 2272 2920 2340 μὲν
2951 2267 3165 2342 οἴδαμεν
3192 2274 3248 2323 τὸ
3274 2276 3418 2344 γένος
3449 2278 3537 2325 καὶ
3576 2277 3662 2326 τὸν
3692 2279 3914 2348 πατέρα,

523 2356 818 2421 novimus,
861 2360 1001 2426 puta
1030 2355 1249 2426 Joseph
1281 2354 1711 2410 utcredebatur
1740 2373 1751 2410 :
1789 2356 1998 2411 Christi
2035 2373 2164 2412 vero

2307 2350 2542 2426 [δηλαδὴ
2575 2360 2656 2407 τὸν
2688 2357 2767 2427 (4)
2806 2357 3021 2430 Ἰωσὴφ,
3055 2362 3120 2420 ὡς
3150 2357 3339 2412 ὶδὸκει·
3364 2369 3456 2414 τοῦ
3497 2359 3556 2415 δὲ
3585 2371 3822 2436 Χριστοῦ
3855 2370 3919 2417 τὸ

525 2461 714 2516 genus
733 2450 789 2500 et
819 2447 1051 2500 Patrem
1083 2460 1262 2500 nemo
1295 2445 1617 2514 cognoscit,
1641 2460 1711 2499 eo
1734 2446 1898 2516 quod
1931 2461 2050 2501 non
2081 2448 2166 2501 sin

2306 2446 2452 2513 γένος
2498 2448 2587 2495 καὶ
2644 2448 2730 2497 τὸν
2794 2447 3020 2522 Πατέρα]
3081 2445 3258 2511 οὐδεὶς
3300 2456 3564 2521 γινώσκει,
3596 2449 3689 2504 διὰ
3736 2456 3794 2504 τὸ
3832 2457 3911 2526 μὴ

525 2535 652 2591 haec
681 2533 887 2590 litteris
916 2533 1172 2606 prodita,
1223 2538 1285 2589 ut
1309 2533 1426 2588 dici
1453 2532 1700 2605 possint.
2071 2530 2074 2534 ’

1278 2539 1285 2589 ἶ
1309 2533 1426 2588 dici
1453 2532 1700 2605 possint.
2071 2530 2074 2534 ’
2305 2533 2477 2606 ῥητῶς
2510 2531 2919 2608 ἀναγεγράφθαι.

2378 2619 2626 2693 Ἔκραξεν
2692 2653 2762 2665 -
2838 2625 2963 2698 εἰμί.
3042 2625 3313 2702 Ἔκραξεν,
3391 2628 3638 2704 ἐντρέπων
3723 2631 3918 2693 αὐτοὺς

602 2713 1276 2769 Vers.28.Ctamabat—
1309 2713 1439 2767 sim.
1476 2711 1797 2783 Clamabat,
1829 2713 2196 2769 contundens

2307 2711 2375 2770 ὡς
2441 2711 2889 2779 ἑθελοκακοῦντας,
2941 2714 3051 2787 ἅμα
3113 2713 3172 2769 δὲ
3236 2722 3325 2770 καὶ
3381 2724 3517 2772 πᾶσι
3568 2729 3792 2793 φανερῶν
3843 2723 3915 2773 τὰ

529 2819 652 2871 eos,
681 2803 827 2858 dum
862 2802 943 2857 illi
1000 2803 1068 2858 de
1128 2801 1425 2856 industria
1479 2801 1633 2856 male
1676 2808 1918 2871 agerent
1965 2821 1977 2858 :
2015 2803 2170 2858 simu

2307 2804 2536 2872 κρυφίως
2591 2802 2713 2874 παρ’
2771 2803 2939 2855 αὐτῶν
2992 2803 3257 2878 λεγόμενα.
3313 2812 3466 2878 Λέγει
3515 2805 3575 2862 δὲ
3626 2811 3704 2862 ὅτι
3766 2809 3914 2882 Κάμί

529 2893 706 2950 etiam
734 2892 1018 2948 omnibus
1053 2891 1460 2956 manifestans,
1496 2907 1632 2963 quae
1664 2891 1742 2946 ab
1773 2892 1920 2963 ipsis
1964 2892 2170 2947 οοοιιιιι

2308 2885 2485 2941 οἴδατε
2536 2895 2616 2952 τίς
2671 2891 2798 2963 εἰμι,
2859 2895 2938 2945 ὅτι
2986 2900 3159 2956 Θεὸς·
3219 2902 3318 2949 Καὶ
3366 2895 3544 2951 οἴδατε
3586 2901 3739 2952 πόθεν
3779 2900 3909 2970 εἰμὶ,

529 2983 897 3038 dicebantur.
943 2981 1086 3036 Dicit
1116 2986 1316 3036 autem
1369 2997 1382 3035 :
1434 2982 1510 3036 Et
1541 2996 1631 3037 me
1680 2982 1880 3047 nostis,
1909 2982 2030 3052 quis
2060 2983 2170 3039 sim

2308 2980 2387 3030 ὅτι
2446 2978 2500 3030 ἐκ
2551 2984 2749 3055 Πατρὸς
2806 2991 2960 3048 Θεοῦ,
3009 2984 3052 3036 εἰ
3217 2991 3306 3038 καὶ
3356 2985 3411 3038 ἐκ
3465 2988 3541 3060 (6)
3589 2996 3680 3040 τοῦ
3713 2989 3911 3062 Ἰωσὴφ

527 3073 666 3145 quia
703 3071 856 3126 Deus
888 3069 1191 3140 ,'et'nostis
1230 3070 1384 3126 unde
1413 3070 1541 3135 sim,
1576 3070 1718 3142 quia
1765 3088 1791 3123 ο
1835 3075 1994 3126 Patre
2028 3072 2144 3126 Deo

2310 3065 2501 3120 εἰδέναι
2560 3089 2624 3141 με
2679 3075 3072 3144 προσποιεῖσθε.
3144 3072 3350 3127 Εἰδέναι
3405 3073 3463 3129 δὲ
3509 3077 3662 3130 αὐτὸν
3717 3079 3915 3142 αὐτοὺς

529 3176 884 3234 quanquam
917 3176 1020 3214 vos
1052 3159 1200 3215 scire
1228 3158 1492 3228 ﬁngatis,
1543 3159 1705 3231 quod
1751 3175 1787 3213 a
1825 3159 2052 3230 Joseph
2083 3161 2170 3215 sin

2274 3157 2473 3229 ,ἔλεγεν
2555 3159 2655 3212 ἀπὸ
2730 3169 2825 3222 τῆς
2940 3168 3232 3238 μαρτυρίας
3320 3165 3578 3231 Ἰωάννου,
3655 3173 3772 3243 περὶ
3849 3170 3915 3221 οὗ

529 3251 895 3323 progenitus.
929 3248 1172 3304 Dicebat
1201 3254 1412 3313 autem,
1469 3249 1634 3320 quod
1665 3247 1744 3303 illi
1781 3249 1980 3320 ipsum
2017 3265 2170 3305 nove:

2270 3238 2514 3319 ἐῖφηκεν
2571 3249 2652 3300 ὃτι
2710 3249 2894 3302 Ἀλλοε
2951 3250 3090 3304 ἐστιν
3155 3255 3180 3304 6
3245 3263 3522 3328 μαρτυρῶν
3577 3262 3694 3331 περὶ
3761 3255 3911 3329 ἰμοῦ·

525 3344 661 3396 rant
712 3355 748 3396 a
797 3338 1128 3395 testimonio
1173 3338 1435 3401 Joannis,
1488 3337 1562 3392 de
1617 3354 1740 3408 quo
1774 3337 1920 3392 dixit
1973 3340 2162 3396 :Atiu

2311 3337 2411 3386 ἀπο
2443 3355 2496 3388 τε
2534 3346 2634 3389 τῶν
2665 3341 2824 3412 ἔργων
2857 3340 3038 3408 αὐτοῦ,
3070 3346 3186 3414 περὶ
3237 3344 3304 3393 ὧν
3336 3341 3470 3397 εἶπεν
3524 3346 3604 3396 ὃτι
3656 3344 3799 3399 Αῦτὰ
3848 3351 3917 3400 τὰ

529 3435 631 3495 est,
674 3428 779 3500 qui
805 3429 1191 3484 testimonium
1233 3426 1498 3495 perhibet
1545 3426 1618 3481 de
1665 3442 1756 3482 me
1781 3428 1825 3460 ³⁷
1859 3442 1871 3491 ;
1903 3426 1980 3482 ab
2007 3427 2170 3498 Operi

2309 3427 2436 3496 ἔργα
2474 3425 2508 3476 ἆ
2555 3426 2654 3498 ἐγὼ
2695 3437 2847 3491 ποιῶ,
2896 3439 3149 3504 μαρτυρεί
3202 3437 3316 3504 περὶ
3371 3432 3516 3505 ἐμοῦ·
3558 3440 3647 3486 καὶ
3675 3433 3775 3487 ἀπὸ
3809 3445 3914 3488 τῶν

526 3518 641 3574 bus
670 3518 812 3583 suis,
845 3517 919 3573 de
951 3515 1174 3590 quibus
1202 3516 1318 3572 ait:
1353 3516 1491 3585 Ipsa
1518 3530 1716 3586 opera,
1741 3532 1871 3586 quae
1903 3532 2006 3588 ego
2028 3518 2167 3586 facit

2310 3520 2666 3591 Γραφων,περὶ
2698 3519 2764 3569 ὧν
2792 3520 2980 3590 ὁμοίως
3007 3523 3097 3592 ἔφη
3140 3523 3217 3573 ὅτι
3266 3523 3486 3575 Ἐκείναί
3517 3524 3646 3576 εἰσιν
3691 3528 3745 3576 αἱ
3784 3546 3918 3599 μαρ-

529 3607 921 3664 testimonium
951 3605 1257 3676 perhibent
1288 3606 1360 3661 de
1411 3620 1501 3660 me
1532 3606 1578 3640 ³⁸
1641 3621 1652 3670 ;
1687 3609 1744 3660 et
1788 3621 1822 3660 a
1859 3607 2170 3676 Scripturis

1237 3611 1257 3660 ε
1288 3606 1360 3661 de
1411 3620 1501 3660 me
1532 3606 1578 3640 ³⁸
1641 3621 1652 3670 ;
1687 3609 1744 3660 et
1788 3621 1822 3660 a
1859 3607 2193 3676 Scripturis,
2308 3613 2562 3676 τυροῦσαι
2585 3612 2700 3679 περὶ
2732 3610 2872 3680 ἐμοῦ.

526 3695 600 3752 de
632 3696 848 3768 quibus
879 3694 1150 3750 similiter
1196 3695 1276 3750 ait
1308 3714 1319 3752 :
1351 3694 1473 3750 [ιιω
1495 3699 1631 3750 sunt
1655 3709 1783 3765 quae
1805 3698 2193 3751 testimonium

524 3785 832 3856 perhibent
858 3784 931 3840 de
957 3793 1061 3840 me'
1084 3786 1152 3836 39.

2384 3786 2484 3834 Καὶ
2522 3790 2631 3844 πῶς
2684 3781 2733 3834 ἐν
2777 3792 2848 3854 τῷ
2898 3785 3116 3856 εἰκοστῷ
3161 3786 3420 3859 κεφαλαίῳ
3459 3796 3551 3841 τοῦ
3598 3792 3732 3842 κατὰ
3770 3797 3915 3844 Ματ-

601 3877 666 3930 Et
695 3873 1006 3947 quomodo
1036 3873 1185 3928 dixit
1227 3871 1511 3928 vicesimo
1539 3873 1712 3943 juxta
1742 3873 2196 3930 Matthteumca-

2311 3872 2454 3922 θαίον
2491 3874 2689 3944 εἴρηκεν
2717 3873 2796 3924 ὅτι
2829 3870 3020 3935 Οὐδεὶς
3051 3874 3379 3947 ἐπιγινώσκει
3413 3881 3498 3929 τὸν
3530 3881 3670 3944 Υὶόν,
3703 3879 3747 3932 εὶ
3775 3885 3848 3952 μὴ
3884 3883 3912 3932 ὁ

528 3963 648 4036 pite
675 3985 687 4016 ε
719 3964 901 4020 Nemo
931 3963 1091 4018 novit
1135 3962 1324 4033 ﬁlium
1353 3962 1469 4018 nisi
1489 3964 1669 4018 Pater
1713 3963 1761 3997 ⁴⁰
1817 3962 1838 4015 Ρ
1869 3964 2015 4027 Quia
2050 3963 2169 4018 illm

2311 3965 2518 4032 Πατήρ;
2547 3960 2666 4015 ’Ὁτι
2689 3963 2847 4014 ἐκεῖνο
2877 3966 2966 4034 μὲν
3000 3963 3106 4017 εἷπε
3131 3971 3360 4036 περὶτῆς
3391 3970 3588 4038 φύσεως
3616 3976 3710 4029 ’ἧς
3735 3971 3911 4027 θεότη-

527 4053 602 4108 de
633 4057 850 4109 natura
879 4052 1207 4108 divinitatis
1239 4069 1357 4107 suae
1381 4051 1548 4118 dixit,
1581 4051 1695 4107 hoc
1735 4056 1934 4106 autem
1969 4052 2168 4125 simpli

2306 4069 2390 4111 τος
2423 4049 2602 4102 αὐτοῦ’
2632 4059 2780 4103 τοῦτο
2815 4048 2872 4104 δε
2903 4058 3016 4125 περὶ
3076 4063 3166 4106 τοῦ
3211 4051 3405 4108 εἰδέναι
3448 4056 3624 4119 ἁπλῶς
3658 4059 3736 4110 ὄτι
3794 4057 3910 4113 ἐστὶ

527 4143 665 4199 citer
694 4142 768 4198 de
796 4141 1024 4207 notitia,
1049 4141 1213 4214 quod
1246 4141 1401 4196 Deus
1445 4141 1517 4196 sit
1563 4141 1780 4213 Deique
1815 4140 2011 4196 Filius.

1246 4141 1401 4196 Deus
1445 4141 1517 4196 sit
1563 4141 1780 4213 Deique
1815 4140 2011 4196 Filius.
2310 4141 2438 4199 Θεὸς
2467 4145 2555 4190 καὶ
2581 4143 2696 4201 Υἱὸς
2727 4146 2873 4194 Θεοῦ.

598 4234 756 4287 Vers.
785 4231 871 4287 28.
905 4231 982 4286 Et
1019 4261 1078 4271 -
1111 4232 1256 4287 veni.
1321 4231 1507 4286 Etiam
1558 4229 1692 4293 hoc,
1725 4231 1938 4301 inquit,
1966 4230 2192 4297 nostis;

2382 4229 2481 4281 Καὶ
2509 4260 2577 4268 -
2609 4228 2848 4287 ἐλήλυθα.
2885 4228 3081 4284 Οἴδατε
3132 4239 3414 4302 καὶτοῦτο,
3444 4240 3575 4306 φησί
3607 4255 3618 4266 ·
3648 4241 3737 4289 καὶ
3756 4246 3910 4289 τοῦτο

525 4337 670 4378 nam
711 4325 766 4376 et
787 4319 848 4376 id
881 4320 1160 4391 praedicta
1191 4319 1403 4375 docent
1440 4319 1799 4387 testimonia,
1831 4325 1884 4374 et
1913 4320 2166 4376 maxime

2305 4321 2406 4390 γὰρ
2439 4321 2492 4370 αἱ
2519 4315 2837 4375 δηλωθεῐσαι
2879 4327 3166 4395 μαρτυρίαι
3211 4320 3585 4390 διδάσκουσιν,
3625 4325 3792 4387 ἄλλως
3835 4345 3907 4388 τε,

525 4411 670 4484 quia
697 4410 964 4466 Gloriam
992 4409 1301 4478 propriam
1343 4424 1464 4464 non
1517 4423 1740 4480 quem,
1787 4408 1890 4464 sed
1937 4410 2166 4478 glorian

2304 4413 2392 4458 καὶ
2420 4407 2581 4478 (7)ὄτι
2629 4408 2704 4460 Οὐ
2750 4414 2843 4466 τὴν
2893 4406 3052 4472 δόξαν
3102 4416 3194 4470 τὴν
3237 4408 3377 4464 ίδίαν
3418 4413 3583 4480 ζητῶ,
3639 4414 3767 4468 ἀλλὰ
3820 4421 3907 4474 τὴν

528 4501 672 4570 ejus,
701 4498 805 4569 qui
833 4497 990 4554 misit
1036 4513 1128 4554 me
1157 4499 1225 4551 ⁴¹.

2225 4563 2259 4571 λ
2306 4493 2463 4559 δόξαν
2493 4505 2584 4548 τοῦ
2625 4498 2924 4570 πέμψαντος
2955 4519 3035 4571 με.

598 4563 761 4642 Vers.
793 4589 882 4642 ‘28.
906 4586 1025 4642 Sed
1053 4617 1120 4626 —
1152 4601 1257 4642 me.
1285 4584 1457 4642 Pater
1492 4600 1562 4642 ac
1596 4587 1764 4650 Deus,
1799 4585 1898 4658 qui
1927 4585 2194 4642 videlicet
2225 4563 2239 4616 ¹

2262 4576 2267 4604 ’
2377 4585 2491 4637 Αλλ’
2549 4617 2613 4627 -
2799 4586 2858 4639 Ὀ
2893 4563 3070 4662 Πατὴρ
3126 4594 3215 4642 καὶ
3262 4594 3410 4656 Θεὸς,
3445 4594 3514 4654 ὡς
3563 4592 3769 4663 πέμψας
3817 4613 3903 4666 με,

528 4675 692 4732 misit
719 4691 832 4741 me,
866 4676 1018 4732 sicut
1062 4677 1416 4747 promiserat
1469 4691 1574 4747 per
1612 4675 1937 4747 prophetas
1983 4691 2169 4748 :qu0(

2302 4677 2474 4736 καθὼς
2505 4672 2598 4727 διὰ
2620 4685 2717 4728 τῶν
2758 4687 3032 4750 προφητῶν
3073 4677 3414 4751 ἐπηγγείλατο
3447 4699 3458 4709 ·
3497 4681 3540 4734 εἰ
3572 4679 3631 4734 δε
3658 4682 3902 4744 ἀληθινός

529 4765 576 4819 si
601 4781 777 4821 verax
808 4768 914 4832 est,
990 4765 1092 4838 qui
1142 4765 1318 4831 misit,
1364 4765 1567 4836 utique
1626 4769 1682 4819 et
1741 4779 1920 4820 verax
1974 4775 2058 4820 est
2087 4781 2166 4836 qu

2304 4765 2328 4815 6
2370 4765 2599 4836 πέμψας,
2634 4763 2872 4826 ἀληθινὸς
2904 4768 3004 4840 εἶρα
3047 4772 3135 4820 καὶ
3161 4770 3186 4820 6
3213 4771 3462 4842 πεμφθεὶς
3488 4779 3595 4833 τῆς,
3634 4772 3708 4840 (8)
3735 4774 3894 4821 αὐτοῦ

528 4855 744 4911 missus
770 4860 876 4920 est,
910 4870 1046 4910 cum
1074 4854 1344 4926 ejusdem
1397 4853 1516 4908 sint
1547 4858 1796 4908 naturae.

976 4871 1046 4910 tm
1074 4854 1344 4926 ejusdem
1397 4853 1516 4908 sint
1547 4858 1796 4908 naturae.
2304 4857 2500 4925 φύσεως
2531 4858 2617 4906 ὧν.

599 4945 764 4999 Vers.
824 4945 911 5000 28.
959 4945 1135 5008 Quem
1190 4975 1258 4983 —
1310 4942 1576 4998 novistis.
1641 4944 1846 5014 Utpotc
1908 4948 2191 5013 negantes

2370 4941 2464 4992 Ὃν
2525 4974 2588 4982 —-
2641 4939 2839 4998 οἴδατε.
2872 4943 2955 5005 Ὠς
3002 4953 3113 5007 τοῖς
3159 4948 3326 5020 ἦογοις
3384 4947 3681 5022 ἀρνούμενοι
3720 4946 3899 5002 αὐτὸν.

528 5033 695 5089 illum
726 5035 1024 5106 operibus.
1056 5034 1152 5088 Ait
1176 5033 1336 5088 enim
1368 5037 1424 5087 et
1448 5032 1753 5103 apostolus
1782 5050 1792 5086 :
1827 5034 2169 5100 Conﬁtentm

2303 5037 2436 5088 Φησὶ
2453 5035 2554 5104 γὰρ
2580 5037 2670 5084 καί
2687 5034 2712 5084 6
2738 5034 3058 5097 Ἀπόστολος
3080 5037 3160 5088 ὃτι
3180 5041 3307 5090 Θεὸν
3324 5037 3667 5110 ὁμολογοῦσιν
3691 5033 3905 5106 εἰδέναι,

526 5137 581 5178 se
609 5138 770 5179 nosse
803 5125 1006 5187 Deum,
1045 5122 1224 5192 factis
1255 5123 1444 5176 autem
1473 5128 1692 5190 negant
1727 5123 1791 5173 ⁸³.

1371 5135 1444 5176 9m
1473 5128 1692 5190 negant
1727 5123 1791 5173 ".
2301 5130 2405 5184 τοῖς
2434 5119 2492 5174 δὲ
2517 5125 2687 5195 ἔργοις
2718 5121 3012 5197 ἀρνοῦνται.

602 5302 896 5375 "‘Matth.
965 5319 1023 5368 ιι,
1084 5303 1136 5358 5.
1215 5304 1475 5375 "_.loan.
1536 5317 1610 5373 ix,
1662 5303 1750 5358 29.
1829 5304 1871 5337 ³⁷
1919 5305 2091 5360 Joan.
2150 5306 2326 5366 v,3'2.
2407 5304 2454 5337 ³⁸
2485 5301 2631 5358 ibid.
2695 5301 2784 5357 36.
2864 5304 2912 5338 ’9
2941 5302 3089 5359 ibid.
3136 5307 3223 5360 39.
3305 5305 3351 5340 ‘0
3416 5305 3616 5362 Matth.
3683 5321 3786 5375 xu,
3819 5307 3911 5365 72.

603 5375 647 5410 ⁴¹
674 5373 842 5431 Joan.
867 5390 967 5443 vn,
999 5375 1086 5429 18.
1165 5376 1212 5411 ⁴²
1243 5373 1348 5431 Tit.
1371 5393 1408 5439 ι,
1442 5377 1528 5430 i6.

1797 5497 2018 5567 Variae
2048 5499 2380 5596 lectiones
2414 5511 2480 5567 et
2501 5509 2680 5568 notas

604 5642 680 5780 (3)
712 5648 874 5695 Τοῦτο
905 5643 967 5699 Β.
1115 5714 1125 5724 .
2375 5646 2451 5718 (6)
2490 5641 2698 5698 Εἰδέναι
2737 5665 2799 5719 με
2829 5644 2884 5698 ἐκ
2906 5652 2997 5698 τοῦ
3031 5645 3225 5720 Ἰωσὴφ
3255 5647 3633 5721 προσποιεῖσθε
3666 5652 3727 5700 Α.

604 5716 656 5780 (li
720 5713 954 5769 Inclusa
1001 5717 1349 5772 exciderunt
1402 5719 1469 5770 A.
2373 5717 2594 5780 (7)"071
2636 5717 2804 5774 abest
2833 5719 2898 5773 Α.

602 5713 678 5786 (li)
720 5713 954 5786 Inclusa
1001 5714 1349 5772 exciderunt
1402 5719 1469 5770 A.

1256 5720 1349 5772 Jnt
1402 5719 1469 5770 A.
2373 5713 2447 5786 (‘7')
2475 5717 2594 5770 Ὀτι
2636 5713 2804 5774 abest
2833 5719 2897 5773 Α.

607 5785 684 5858 (5)
719 5788 780 5840 Δί
809 5784 942 5846 loco
974 5792 1082 5858 καί,
1118 5786 1184 5845 Β.

2369 5784 2446 5862 (8)
2475 5797 2582 5852 Τῆς
2614 5790 2743 5850 αὐτῆ
2756 5809 2777 5852 ς
2817 5797 2877 5862 Δ,
2911 5791 3078 5863 quod
3123 5792 3444 5850 Hentenius
3493 5791 3676 5849 etiam
3706 5789 3907 5848 habet.
