4156 6382
301 379 443 438 1273

1284 372 1654 430 COMMENT.
1697 372 1770 429 IN
1807 369 2164 427 JOANNEM.
2209 403 2278 413 —
2317 372 2470 429 CAl’.
2517 375 2633 429 VII.

3531 369 3671 428 1274

375 506 505 577 Ἐγὼ
537 535 605 545 —
636 503 764 575 εἰμί.
807 505 947 555 Διότι
976 501 1028 565 ἒξ
1058 500 1217 554 αὐτοῦ
1249 501 1372 574 εἰμι,
1408 500 1458 563 ὶξ
1488 500 1647 552 αὐτοῦ
1671 503 1906 572 γεγέννη-

2092 500 2254 553 Vers.
2302 504 2389 556 29.
2448 501 2571 571 Ego
2608 533 2677 540 —
2718 500 2847 555 sim.
2898 498 3045 565 Quia
3102 513 3173 553 ex
3217 497 3346 570 ipso
3392 514 3548 565 sum,
3598 514 3670 553 ex

304 615 419 668 μαι.
458 600 557 647 Καὶ
590 592 761 645 ὀπίσω
802 589 861 645 δὲ
892 596 1110 665 εἴρηκεν,
1158 591 1279 662 Οὐχ
1310 593 1386 643 ὄτι
1436 594 1524 643 τὸν
1581 592 1784 664 Πατέρα
1829 609 1909 650 τις

305 684 544 759 ἑώρακεν,
574 694 617 735 ει
647 687 717 754 μὴ
761 684 786 734 ὁ
816 686 883 733 ὧν
912 684 1057 757 παρὰ
1085 688 1176 733 τοῦ
1204 688 1357 734 Θεοῦ.

380 858 623 920 Κάκεῐνός
659 877 722 930 με
753 856 1032 911 ἀπέστειλε.
1064 864 1300 928 Συνεχῶς
1315 856 1450 927 λέγει
1478 860 1597 929 περὶ
1622 864 1717 916 τῆς
1747 854 1908 906 ἀποσ-

303 949 425 1008 τολῆ
439 970 477 1013 ς,
513 947 827 1021 βουλόμενος
858 955 1037 999 πεῖσαι
1078 946 1262 1006 αὐτοὺς
1292 948 1369 998 ὅτι
1403 948 1457 997 ἐκ
1488 954 1577 997 τοῦ
1607 953 1739 998 Θεοῦ
1787 943 1903 997 ἀπέ-

309 1040 545 1101 σταλται,
578 1043 667 1090 καὶ
698 1037 790 1089 οὐκ
817 1039 956 1089 ἔστιν
986 1034 1209 1095 ἀντίθεος
1244 1037 1309 1096 ὡς
1334 1034 1671 1107 προλαϐόντες
1698 1035 1911 1109 εἰρήκα-

306 1149 415 1200 μεν.
453 1126 598 1180 Ἀιια
646 1123 705 1179 δὲ
750 1132 840 1178 καὶ
898 1126 968 1187 εἰς
1014 1128 1285 1197 θεραπείαν
1341 1134 1440 1176 τῶν
1479 1129 1908 1197 προσισταμένων

306 1219 481 1279 αὐτοῖς
513 1219 801 1290 θεοπρεπῶν
825 1216 1071 1290 ῥημάτων
1099 1214 1134 1265 ἃ
1169 1220 1487 1289 παραμίγνυε
1515 1215 1761 1276 πολλάκις
1800 1222 1909 1276 τοῖς

308 1308 798 1381 ἀνθρωποπρεπέσιν
824 1306 1005 1358 αὐτοῦ.

379 1396 629 1457 Ἐζήτουν
660 1426 729 1436 -
762 1397 971 1448 πιάσαι.
1002 1394 1331 1466 Ἐπλήγησαν
1352 1396 1451 1470 γὰρ
1487 1393 1798 1456 ἀκούσαντες
1830 1395 1910 1446 ὅτι

304 1485 400 1539 ⁴Ον
426 1487 567 1559 ὑμεῖς
593 1484 687 1537 οὐκ
718 1480 917 1537 οἴδατε.

384 1668 482 1717 Καὶ
522 1695 592 1704 -
634 1662 840 1737 χεῖρα.]
881 1662 1184 1734 Ἐπείχοντο
1231 1666 1331 1735 γὰρ
1384 1662 1613 1735 ἀοράτως
1666 1664 1761 1713 ἇπὸ
1814 1671 1907 1723 τῆς

308 1752 525 1815 ἐνούσης
564 1753 641 1825 (9)
674 1752 812 1823 αὐτῷ
836 1755 970 1812 θείας
998 1750 1283 1825 δυνάμεως.

378 1843 498 1895 Ὀτι
545 1874 614 1883 -
675 1842 853 1895 αὐτοῦ.

309 1932 483 1986 αὐτόν.

381 2022 566 2075 Πολλοὶ
596 2053 663 2063 -
693 2022 867 2076 αὐτόν.
900 2020 1023 2074 Ὑπό
1054 2041 1107 2074 τε
1133 2030 1232 2074 τῶν
1261 2021 1619 2097 προλαϐόντων
1659 2027 1907 2095 σημείων,

310 2113 410 2164 ὑπὸ
440 2130 495 2164 τε
518 2121 618 2164 τῶν
639 2114 760 2184 ἄρτι
783 2112 1039 2187 ῥηθέντων
1069 2111 1230 2182 λόγων
1263 2111 1556 2173 ἕαλωκότες.

388 2206 484 2254 Καὶ
513 2233 580 2241 -
613 2200 852 2259 ἐποίησεν
879 2219 892 2267 ;
925 2201 981 2253 Εἰ
999 2206 1086 2252 καὶ
1110 2200 1442 2265 ἐπίστευσαν,
1466 2200 1693 2272 ἀλλὀὐχ
1724 2202 1906 2270 ὑγιῶς.

311 2291 541 2351 Εἰπόντες
566 2293 666 2366 γὰρ
700 2293 779 2343 ὅτι
802 2290 861 2342 Ὀ
893 2295 1119 2365 Χριστὸς
1165 2293 1283 2343 ὅταν
1312 2291 1454 2363 ἔλθη,
1488 2288 1686 2353 ἔδειξαν
1716 2292 1795 2342 ὅτι
1817 2291 1911 2341 οὐκ

308 2382 624 2433 ἐπίστευσαν
673 2380 899 2453 βεϐαίως
957 2380 1111 2432 αὐτόν
1161 2378 1289 2433 εἶναι
1344 2385 1426 2432 τόν
1478 2384 1727 2455 Χριστόν,
1804 2380 1908 2432 ἀλλ’

310 2468 628 2543 ἀμφιϐόλως,
653 2474 715 2531 ὡς
743 2470 971 2541 ἀγελαῖοι
996 2475 1085 2522 καὶ
1116 2478 1316 2543 κοῦφοι.

380 2648 449 2702 ’Ἦ
486 2654 576 2701 καὶ
603 2650 719 2701 καθ’
761 2651 1008 2702 ὑπόθεσιν
1028 2658 1180 2702 τοῦτο
1212 2646 1372 2714 εἷπον,
1410 2651 1489 2701 ὅτι
1524 2654 1720 2722 Θῶμεν,
1745 2652 1911 2725 ἕτερον

310 2735 439 2793 εἶναι
464 2743 551 2791 τὸν
577 2742 828 2813 Χριστὸν,
860 2743 927 2800 ὡς
955 2742 1002 2791 οἱ
1032 2741 1287 2812 ἄρχοντες
1320 2739 1559 2809 λέγουσιν
1585 2760 1596 2771 ·
1628 2741 1653 2791 ὁ
1680 2744 1912 2814 Χριστὸς

309 2829 364 2882 ὃν
411 2830 557 2881 αὐτοί
586 2848 763 2902 φασιν,
806 2831 926 2882 ὅταν
963 2828 1107 2893 ἔλθη,
1144 2834 1214 2901 μή
1263 2848 1313 2880 τι
1362 2826 1715 2901 δυνατώτερος
1764 2832 1911 2881 ἔσται

309 2922 495 2971 τούτου
524 2936 538 2985 ;
568 2918 716 2991 οὐχί.

378 3105 646 3152 Ἤκουσαν
672 3131 741 3139 —
770 3106 954 3152 ταῦτα.
996 3098 1264 3151 Ἤκουσαν
1297 3099 1344 3151 ἐν
1376 3103 1523 3172 ἑτέρᾳ
1551 3102 1722 3175 ἡμέρᾳ
1756 3099 1910 3159 δηλο-

908 1840 966 1893 Ἠ
1018 1850 1109 1894 τοῦ
1170 1841 1525 1914 συλληφθῆναι
1582 1847 1671 1894 καὶ
1726 1844 1906 1895 παθεῖν
1941 1852 1985 1908 Β

2021 588 2152 654 ipso
2199 595 2377 645 natus
2429 608 2586 647 sum.
2628 594 2773 647 Nam
2816 594 2871 645 et
2917 589 2978 644 in
3028 588 3436 659 superioribus
3479 588 3666 645 dixit:

2018 678 2151 733 Non
2206 680 2363 751 quod
2393 682 2631 737 Patrem
2665 680 2962 753 quispiam
3003 679 3237 746 viderit,
3274 678 3394 733 nisi
3430 680 3477 733 is
3508 678 3607 750 qui
3634 694 3671 735 a

2016 769 2135 822 Deo
2157 775 2241 824 est
2270 770 2339 823 ⁴³.

2090 858 2253 913 Vers.
2289 862 2377 915 29.
2410 862 2471 915 Et
2504 862 2607 916 ille
2644 876 2735 917 me
2759 859 2936 915 misit.
2971 858 3255 915 Continue
3286 859 3359 913 de
3388 859 3672 913 missione

2018 947 2296 1020 loquitur,
2362 951 2565 1005 volens
2622 950 2730 1005 illis
2795 950 3177 1021 persuadere,
3241 949 3405 1021 quod
3460 965 3496 1004 a
3555 950 3672 1003 Deo

2019 1038 2232 1092 missus
2264 1044 2438 1103 esset,
2465 1056 2572 1095 nec
2608 1044 2723 1095 Deo
2752 1039 3083 1095 contrarius
3109 1042 3283 1104 esset,
3316 1038 3468 1093 sicut
3497 1042 3672 1093 antea

2018 1128 2313 1194 diximus;
2338 1129 2515 1184 simul
2546 1130 2724 1185 etiam
2748 1130 2824 1185 ad
2856 1128 3219 1183 medendum
3240 1128 3456 1183 divinis
3474 1126 3672 1181 verbis

2017 1217 2242 1290 quibus
2272 1218 2395 1273 illos
2427 1218 2776 1286 offenderat,
2810 1235 2943 1290 quae
2978 1218 3316 1289 frequenter
3344 1217 3540 1273 verbis
3567 1217 3673 1271 hu-

2022 1323 2202 1365 mano
2242 1324 2405 1363 more
2436 1308 2610 1363 dictis
2643 1308 3060 1380 permiscebat.

2096 1398 2251 1453 Vers.
2308 1402 2395 1453 30.
2454 1399 2812 1466 Qucerebant
2878 1429 2943 1439 -—
3008 1396 3461 1469 apprehendere.
3524 1398 3671 1452 Nam

2019 1502 2175 1555 aegre
2225 1487 2539 1543 audierant
2592 1487 2886 1543 dicentem
2942 1503 2952 1541 :
3007 1486 3188 1553 Quem
3259 1501 3355 1541 vos
3400 1502 3521 1541 non
3572 1503 3674 1542 no-

2020 1576 2203 1632 vistis.

2090 1667 2253 1722 Vers.
2287 1668 2374 1722 30.
2408 1667 2478 1721 Et
2508 1698 2572 1706 —
2598 1681 2857 1722 manum.
2878 1666 3252 1721 Tenebantur
3276 1664 3572 1738 siquidem
3596 1665 3674 1723 ab

2021 1756 2183 1810 unita
2212 1755 2325 1827 ipsi
2365 1757 2567 1812 divina
2602 1756 2832 1810 virtute.

2094 1846 2259 1901 Vers.
2312 1850 2405 1903 30.
2467 1847 2616 1914 Quia
2668 1877 2735 1887 -—
2794 1848 2943 1917 ejus.
3015 1847 3144 1911 Qua
3199 1844 3382 1901 teneri
3436 1860 3506 1901 ac
3550 1845 3673 1917 pati

2021 1934 2381 1991 decreverat.

2093 2025 2252 2080 Vers.
2288 2026 2375 2081 3t.
2404 2026 2586 2081 Multi
2622 2058 2691 2066 —
2726 2027 2920 2081 illum.
2955 2030 2998 2080 A
3044 2024 3339 2096 praedictis
3374 2023 3585 2093 signis,
3618 2030 3674 2080 et

2020 2130 2055 2170 a
2095 2115 2477 2170 sermonibus
2511 2116 2692 2170 modo
2722 2116 2894 2171 dictis
2920 2114 3102 2186 capti.

2092 2203 2254 2259 Vers.
2286 2204 2372 2261 31.
2407 2207 2482 2259 Et
2512 2236 2580 2245 —
2613 2205 2753 2275 fecit
2776 2206 2803 2259 Ῡ
2833 2204 3222 2259 Crediderunt
3251 2203 3517 2273 quidem,
3553 2218 3673 2258 non

2020 2298 2219 2348 tamen
2280 2294 2534 2366 perfecte
2577 2312 2589 2349 :
2626 2311 2767 2350 nam
2822 2294 3087 2350 dicentes
3134 2310 3147 2347 :
3208 2292 3475 2348 Christus
3540 2308 3674 2347 cum

2021 2383 2265 2449 venerit,
2309 2384 2711 2440 ostendebant
2750 2400 2811 2438 se
2863 2400 2982 2438 non
3031 2382 3277 2437 ﬁrmiter
3324 2380 3671 2446 credidisse,

2020 2487 2159 2527 eum
2199 2488 2334 2529 esse
2366 2474 2681 2539 Christum,
2718 2474 2825 2529 sed
2855 2473 3041 2529 dubio
3074 2473 3279 2539 modo,
3313 2476 3515 2544 utpote
3567 2471 3673 2527 ab-

2015 2560 2154 2633 jecti
2182 2568 2238 2619 et
2265 2563 2445 2619 leves.
2654 2630 2655 2633 η

2092 2657 2206 2707 Aut
2265 2652 2324 2707 id
2384 2670 2457 2709 ex
2525 2652 2933 2726 suppositione
2982 2652 3259 2708 dixerunt
3307 2669 3319 2706 :
3374 2651 3674 2707 Ponamus

2020 2743 2405 2814 postmodum
2435 2748 2749 2799 venturum
2772 2759 2900 2798 esse
2920 2742 3241 2806 Christum,
3258 2741 3439 2797 veluti
3470 2742 3678 2796 dicunt

2022 2832 2318 2904 principes
2359 2833 2740 2887 sacerdotum
2786 2832 3088 2887 :Christus
3145 2830 3258 2896 ille,
3328 2846 3504 2903 quem
3562 2829 3676 2901 ipsi

2020 2920 2245 2984 dicunt,
2287 2937 2423 2976 cum
2465 2922 2704 2988 venerit,
2738 2936 2885 2976 num
2917 2920 3031 2975 hoc
3062 2920 3253 2992 magis
3280 2919 3674 2976 admirandus

2022 3010 2179 3066 erit?
2212 3026 2617 3083 nequaquam.

2093 3101 2253 3157 Vers.
2276 3106 2362 3156 32.
2388 3102 2731 3157 Audierant
2759 3131 2828 3142 —
2860 3101 3009 3156 haec.
3049 3099 3375 3155 Audierunt
3405 3097 3675 3171 sequenti

306 3194 438 3241 νότι,
472 3189 824 3261 Γογγύζοντος
855 3186 932 3254 δὲ,
980 3193 1142 3259 ἤγουν
1187 3194 1278 3241 σὺν
1322 3209 1611 3263 γογγυσμῳ
1661 3200 1731 3241 τῶ
1776 3194 1909 3243 κατά

2044 3190 2295 3247 ridelicet
2337 3191 2453 3247 die.
2489 3194 2949 3247 Murmurantem
2985 3206 3145 3255 vero,
3188 3189 3313 3244 sive
3344 3205 3480 3244 cum
3514 3204 3675 3244 mur-

305 3287 405 3330 τῶν
429 3276 685 3352 ἀρκόντων
716 3277 944 3350 λέγοντος
957 3322 969 3334 .

386 3372 583 3419 Καὶ-
632 3366 807 3422 αὐτόν,
859 3366 948 3429 Ὠς
992 3366 1359 3438 ἀποσχίζοντα
1400 3371 1485 3419 τὸν
1523 3369 1664 3420 λαὸν.
1717 3369 1786 3421 Ὦ
1817 3379 1909 3432 τῆς

307 3460 517 3528 μανίας,
552 3455 740 3528 μᾶλλον
769 3452 827 3508 δὲ
871 3464 965 3517 τῆς
1007 3455 1214 3516 ἀνοίαςέ
1252 3457 1406 3509 Αὐτοὶ
1438 3458 1682 3520 πολλάκις
1714 3459 1910 3530 ἐπιχει-

308 3550 564 3621 ρήσαντες
594 3550 683 3597 καὶ
709 3545 803 3597 οὐκ
835 3546 1151 3617 ἰσχύσαν-ες
1168 3554 1275 3607 τοῖς
1306 3549 1585 3621 ὑπηρέταις
1611 3552 1667 3599 τό
1694 3555 1913 3622 πρᾶγμα

310 3634 612 3709 ἰπέτρεψαν,
664 3641 748 3687 τόν
800 3655 853 3688 τε
919 3638 1079 3707 θυμὸν
1130 3639 1606 3710 παραμυθούμενοι,
1661 3643 1751 3689 καὶ
1819 3643 1911 3697 τὴν

310 3722 578 3777 ἀσθένειαν
603 3724 795 3777 ἑαυτῶν
837 3725 1304 3797 συγκαλύπτοντες.

382 3900 534 3957 Εἶπεν
583 3936 649 3944 -
699 3904 822 3977 εἰμι.
872 3903 1045 3975 Ἔλεγε
1093 3908 1182 3977 μὲν
1235 3910 1364 3979 πρὸς
1406 3911 1463 3958 τὸ
1518 3906 1729 3969 πλῆθος,
1788 3906 1914 3959 ἀπε-

307 3998 498 4045 τείνετο
570 3990 629 4046 δε
682 3998 807 4069 πρὸς
882 3998 999 4055 τοὺς
1066 3993 1469 4055 ἀποστείλαντας
1538 4000 1653 4056 τοὺς
1720 3998 1908 4071 ὑπηρέ-

308 4102 423 4149 τας.
458 4087 832 4141 Δυσωπητικόν
865 4080 924 4135 δὲ
961 4087 1019 4135 τὸ
1067 4084 1213 4157 ῥῆμα
1254 4088 1382 4157 πρὸς
1437 4085 1763 4143 καταστολὴν
1818 4094 1913 4148 τῆς

839 4171 949 4224 Ἔτι

309 4260 435 4332 εἰμὶ,
480 4264 565 4313 τόν
596 4262 730 4334 ἄχρι
754 4268 843 4313 τοῦ
882 4268 1080 4333 Πάσχα
1113 4260 1283 4320 δηλῶν
1317 4280 1327 4292 ⁸

308 4176 500 4244 μανίας
577 4172 745 4224 αὐτῶν
780 4192 792 4204 ’
839 4172 949 4224 Ἐτι
1038 4177 1223 4245 μικρὸν
1303 4179 1492 4248 χρόνον
1572 4176 1685 4246 μεθ’
1770 4178 1912 4246 ὑμῶν

1359 4272 1539 4316 τοῦτον
1588 4270 1739 4336 μόνον
1790 4264 1910 4316 ἀνα-

308 4354 533 4422 μείνατε.

385 4444 484 4493 Καὶ
515 4471 579 4482 -
606 4461 689 4515 με.
721 4440 844 4494 Ὀτι
870 4439 1146 4514 ἀναληφθώ
1186 4442 1255 4505 εἰς
1285 4447 1371 4495 τόν
1404 4443 1636 4515 οὐρανόν.

2022 3297 2189 3336 mure
2224 3281 2512 3336 adversus
2546 3280 2839 3352 principes
2879 3280 3246 3352 loquentem.

2094 3371 2257 3425 Vers.
2286 3374 2374 3426 32.
2404 3372 2479 3426 Et
2533 3404 2597 3411 —
2638 3387 2788 3427 eum.
2836 3372 3145 3441 Tanquam
3190 3371 3674 3424 commoventem

2023 3461 2308 3532 populum
2338 3461 2413 3516 ad
2456 3461 2828 3516 seditionem.
2858 3462 2901 3515 Ο
2928 3459 3316 3523 dementiam,
3350 3458 3544 3527 magis
3570 3474 3677 3513 au-

2024 3556 2138 3606 tem
2174 3550 2463 3606 insaniam
2497 3551 2508 3605 l
2536 3552 2679 3606 Cum
2700 3550 2810 3615 ipsi
2839 3548 3175 3621 frequenter
3198 3553 3538 3616 tentassent,
3567 3563 3676 3603 nec

2023 3640 2378 3711 potuissent,
2436 3640 2722 3696 ministris
2774 3656 2897 3695 rem
2956 3637 3433 3694 commiserunt:
3472 3642 3534 3693 ut
3598 3636 3674 3693 de

2023 3732 2220 3786 furore
2250 3730 2715 3786 consolationem
2751 3729 3105 3801 acciperent,
3129 3744 3301 3783 suam
3341 3733 3535 3784 autem
3568 3727 3679 3782 irn-

2022 3820 2397 3876 becillitatem
2423 3820 2802 3875 occultarent.

2095 3912 2255 3965 Vers.
2282 3911 2370 3965 33.
2422 3910 2591 3966 Dixit
2622 3941 2685 3949 —
2719 3925 2869 3964 sum.
2928 3908 3280 3963 Multitudini
3309 3906 3555 3980 quidem
3594 3907 3677 3963 lo-

2022 3999 2319 4071 quebatur
2374 4016 2387 4054 :
2430 3998 2779 4055 intendebat
2843 4000 3039 4053 autem
3102 3996 3179 4052 ad
3212 3997 3536 4061 ministros,
3570 3996 3676 4069 qui

2024 4088 2186 4144 missi
2217 4094 2384 4143 erant
2417 4106 2429 4143 :
2456 4094 2543 4143 est
2563 4089 2719 4143 enim
2776 4086 3122 4159 placationis
3176 4086 3421 4140 verbum
3453 4085 3529 4140 ad
3553 4102 3679 4141 cor-

2023 4177 2359 4248 ruptionem
2390 4178 2635 4233 insaniae
2654 4177 2879 4232 illorum
2902 4193 2914 4231 :
2940 4176 3152 4231 Adhuc
3172 4175 3395 4231 modico
3419 4182 3677 4243 tempore

2024 4267 2316 4323 vobiscum
2356 4283 2505 4331 sum,
2566 4267 2908 4335 signiﬁcans
2966 4271 3198 4337 tempus
3252 4280 3438 4336 usque
3471 4264 3540 4319 ad
3566 4264 3674 4321 Pa—

2024 4358 2171 4412 scha
2201 4373 2213 4410 :
2256 4356 2372 4411 hoc
2411 4372 2551 4425 ergo
2578 4355 2774 4410 solum
2806 4358 3160 4426 exspectate.

2094 4446 2255 4502 Vers.
2317 4446 2405 4502 33.
2456 4446 2532 4501 Et
2584 4476 2647 4487 -
2703 4460 2811 4501 me.
2874 4446 3017 4500 Cum
3096 4459 3376 4499 assumar
3432 4443 3493 4499 in
3560 4459 3675 4500 cce-

2022 4536 2170 4592 lum.

380 4624 641 4677 Ζητὴσετέ
668 4651 736 4662 --
772 4622 1033 4694 εὑρήσετε.
1068 4621 1214 4683 Εἰκὸς
1257 4625 1356 4697 γὰρ
1389 4622 1603 4685 πολλοὺς
1649 4622 1702 4687 ἐξ
1744 4625 1909 4677 αὐτῶν

2092 4626 2252 4680 Vers.
2289 4625 2381 4682 34.
2420 4623 2706 4692 Οιιιενεείε
2733 4653 2797 4662 -
2825 4622 3154 4679 invenietis.
3188 4622 3493 4695 Siquidem
3530 4623 3679 4679 veri-

307 4712 641 4782 μνημονεύειν
673 4711 853 4775 αὐτοῦ,
878 4716 966 4763 καὶ
988 4711 1162 4772 ζητεῖν
1184 4712 1339 4764 αὐτόν
1357 4711 1575 4785 βοηθὸν,
1604 4720 1692 4767 καὶ
1720 4715 1910 4787 μᾶλλον

307 4799 657 4873 ἁλισκομένων
688 4810 785 4853 τῶν
813 4800 1201 4874 Ἱεροσολύμων.

382 4983 481 5031 Καὶ
519 5010 575 5018 -
610 4977 788 5032 ἐλθεῖν.
811 4979 979 5033 Ὀπου
1008 4980 1109 5047 εὶμὶ
1136 4984 1269 5035 τότε.
1304 4982 1460 5040 Δηλοί
1495 4978 1550 5035 Ῑὲ
1576 4987 1668 5041 τὴν
1702 4983 1782 5036 ἐπὶ
1816 4994 1909 5038 τοῦ

305 5068 528 5140 οὐρανοῦ
560 5067 608 5120 ἐν
640 5064 790 5140 δεξιᾲ
812 5078 902 5122 τοῦ
936 5074 1140 5145 Πατρός
1168 5068 1449 5147 καθέδραν.

380 5154 535 5210 Εἶπον
595 5189 664 5198 —
736 5159 894 5212 ἐλθεῖν
912 5178 929 5231 ;
961 5158 1192 5213 Ἐπαθόν
1249 5182 1300 5213 τι
1360 5165 1485 5235 πρὸς
1541 5166 1657 5224 τοὺς
1722 5163 1907 5235 λόγους

302 5245 488 5313 αὐτοῦ,
565 5245 960 5312 δυσωπηθέντες
1036 5250 1247 5319 αὐτοὺς,
1326 5256 1414 5304 καὶ
1488 5252 1712 5314 ζητοῦσι
1776 5258 1907 5328 πρὸς

378 5427 425 5463 ι’
461 5429 631 5485 Joan.
672 5443 753 5495 vx,
793 5428 889 5486 46.

2023 4714 2205 4770 simile
2249 4719 2354 4781 est,
2412 4714 2577 4785 quod
2643 4712 2813 4768 multi
2866 4727 3074 4768 eorum
3129 4712 3423 4768 recordati
3484 4712 3679 4784 ipsius

2022 4804 2385 4877 quaesierunt
2445 4819 2583 4859 eum
2638 4802 3068 4869 auxiliatorem,
3106 4808 3161 4859 et
3219 4802 3471 4859 maxime
3530 4804 3675 4859 dum

2024 4894 2432 4965 Hierosolyma
2458 4897 2832 4964 caperentur.

2127 4984 2292 5038 Vers.
2326 4984 2419 5039 34.
2460 4984 2534 5036 Et
2579 5013 2630 5022 —
2663 4981 2876 5037 venire.
2912 4981 3018 5035 Ubi
3055 4987 3193 5035 tunc
3221 4997 3339 5036 ero.
3372 4980 3679 5050 Signiﬁcat

2021 5080 2217 5130 autem
2256 5074 2583 5127 sessionem
2617 5071 2693 5126 ad
2723 5071 3027 5126 dexteram
3061 5071 3272 5126 Patris.

2090 5166 2250 5219 Vers.
2297 5164 2390 5218 35.
2451 5162 2745 5217 Dixerunt
2805 5191 2869 5200 —-
2930 5161 3089 5214 Vers.
3119 5161 3236 5215 36.
3301 5159 3502 5215 venire
3537 5159 3678 5214 ?Af-

2016 5254 2152 5311 fecti
2181 5251 2637 5327 quodammodo
2672 5254 2809 5305 sunt
2834 5248 2912 5304 ad
2940 5266 3247 5306 sermones
3279 5250 3427 5321 ejus,
3457 5249 3677 5321 quibus

1582 5556 1805 5625 Variae
1829 5556 2157 5626 lectiones
2192 5567 2251 5625 et
2281 5566 2483 5625 notae.

362 5751 440 5825 (9)
474 5751 730 5813 Ἐνούσης
751 5752 816 5806 Α.
855 5750 990 5809 Tale
1021 5751 1167 5824 quid
1196 5753 1485 5826 reperisse
1518 5752 1880 5814 Hentenius.

2061 5752 2143 5810 ita
2174 5752 2597 5825 corrigendum
2628 5754 2786 5808 esset
2823 5752 3117 5811 ἑνωθείσης.
