  <div class='ocr_page' id='page_1' title='image "/cluster/home/n/w/nwhite01/storage/ocr_20150623/129/coo.31924054870344/647.png"; bbox 0 0 4156 6386; ppageno 0'>
   <div class='ocr_carea' id='block_1_1' title="bbox 478 370 610 426">
    <p class='ocr_par' dir='ltr' id='par_1_1' title="bbox 478 370 610 426">
     <span class='ocr_line' id='line_1_1' title="bbox 478 370 610 426; baseline 0.015 -2"><span class='ocrx_word' id='word_1_1' title='bbox 478 374 494 424; x_wconf 89' lang='lat' dir='ltr'><strong>l</strong></span> <span class='ocrx_word' id='word_1_2' title='bbox 507 370 610 426; x_wconf 73' lang='lat'><strong>275</strong></span> 
     </span>
    </p>
   </div>
   <div class='ocr_carea' id='block_1_2' title="bbox 1811 365 2545 422">
    <p class='ocr_par' dir='ltr' id='par_1_2' title="bbox 1811 365 2545 422">
     <span class='ocr_line' id='line_1_2' title="bbox 1811 365 2545 422; baseline -0.001 0"><span class='ocrx_word' id='word_1_3' title='bbox 1811 366 2157 422; x_wconf 82' lang='lat' dir='ltr'><strong>EUTHYMII</strong></span> <span class='ocrx_word' id='word_1_4' title='bbox 2210 365 2545 422; x_wconf 85' lang='lat' dir='ltr'><strong>ZIGABENI</strong></span> 
     </span>
    </p>
   </div>
   <div class='ocr_carea' id='block_1_3' title="bbox 3718 360 3859 417">
    <p class='ocr_par' dir='ltr' id='par_1_3' title="bbox 3718 360 3859 417">
     <span class='ocr_line' id='line_1_3' title="bbox 3718 360 3859 417; baseline 0 0"><span class='ocrx_word' id='word_1_5' title='bbox 3718 360 3859 417; x_wconf 71' lang='lat'><strong>1276</strong></span> 
     </span>
    </p>
   </div>
   <div class='ocr_carea' id='block_1_4' title="bbox 473 485 2135 569">
    <p class='ocr_par' dir='ltr' id='par_1_4' title="bbox 473 493 2124 569">
     <span class='ocr_line' id='line_1_4' title="bbox 473 493 2124 569; baseline -0.002 -16"><span class='ocrx_word' id='word_1_6' title='bbox 473 497 892 569; x_wconf 88' lang='lat' dir='ltr'><strong>placabantur,</strong></span> <span class='ocrx_word' id='word_1_7' title='bbox 923 501 979 551; x_wconf 91' lang='lat' dir='ltr'><strong>et</strong></span> <span class='ocrx_word' id='word_1_8' title='bbox 1002 501 1280 569; x_wconf 74' lang='lat' dir='ltr'><strong>quaerunt</strong></span> <span class='ocrx_word' id='word_1_9' title='bbox 1342 499 1493 551; x_wconf 81' lang='lat' dir='ltr'><strong>inter</strong></span> <span class='ocrx_word' id='word_1_10' title='bbox 1543 507 1695 560; x_wconf 87' lang='lat' dir='ltr'><strong>sese,</strong></span> <span class='ocrx_word' id='word_1_11' title='bbox 1750 510 1863 550; x_wconf 90' lang='lat' dir='ltr'><strong>non</strong></span> <span class='ocrx_word' id='word_1_12' title='bbox 1919 493 2124 549; x_wconf 87' lang='lat' dir='ltr'><strong>intelli-</strong></span> 
     </span>
    </p>
   </div>
   <div class='ocr_carea' id='block_1_5' title="bbox 2246 485 3858 569">
    <p class='ocr_par' dir='ltr' id='par_1_5' title="bbox 2246 485 3858 567">
     <span class='ocr_line' id='line_1_5' title="bbox 2246 485 3858 567; baseline -0.004 -22"><span class='ocrx_word' id='word_1_13' title='bbox 2246 492 2459 556; x_wconf 78' lang='grc' dir='ltr'>ἑαυτούς</span> <span class='ocrx_word' id='word_1_14' title='bbox 2500 497 2569 565; x_wconf 87' lang='grc' dir='ltr'>μὴ</span> <span class='ocrx_word' id='word_1_15' title='bbox 2622 497 2854 553; x_wconf 75' lang='grc' dir='ltr'><strong>νοοῦντες</strong></span> <span class='ocrx_word' id='word_1_16' title='bbox 2897 494 2963 544; x_wconf 82' lang='grc' dir='ltr'><strong>τὰ</strong></span> <span class='ocrx_word' id='word_1_17' title='bbox 3013 492 3255 567; x_wconf 82' lang='grc' dir='ltr'>ῥηθέντα.</span> <span class='ocrx_word' id='word_1_18' title='bbox 3299 490 3596 564; x_wconf 85' lang='grc' dir='ltr'>Διασπορὰν</span> <span class='ocrx_word' id='word_1_19' title='bbox 3648 485 3706 542; x_wconf 76' lang='grc' dir='ltr'>δε</span> <span class='ocrx_word' id='word_1_20' title='bbox 3751 496 3858 541; x_wconf 87' lang='grc' dir='ltr'><strong>τῶν</strong></span> 
     </span>
    </p>
   </div>
   <div class='ocr_carea' id='block_1_6' title="bbox 476 585 2127 657">
    <p class='ocr_par' dir='ltr' id='par_1_6' title="bbox 476 585 2127 657">
     <span class='ocr_line' id='line_1_6' title="bbox 476 585 2127 657; baseline -0.002 -16"><span class='ocrx_word' id='word_1_21' title='bbox 476 593 679 655; x_wconf 77' lang='lat' dir='ltr'><strong>gentes</strong></span> <span class='ocrx_word' id='word_1_22' title='bbox 727 603 796 641; x_wconf 91' lang='lat' dir='ltr'><strong>ea</strong></span> <span class='ocrx_word' id='word_1_23' title='bbox 854 602 988 657; x_wconf 68' lang='lat' dir='ltr'><strong>quae</strong></span> <span class='ocrx_word' id='word_1_24' title='bbox 1046 586 1412 641; x_wconf 86' lang='lat' dir='ltr'><strong>dicebantur.</strong></span> <span class='ocrx_word' id='word_1_25' title='bbox 1472 585 1908 657; x_wconf 85' lang='lat' dir='ltr'><strong>Uispersionem</strong></span> <span class='ocrx_word' id='word_1_26' title='bbox 1991 600 2127 639; x_wconf 89' lang='lat' dir='ltr'><strong>vero</strong></span> 
     </span>
    </p>
   </div>
   <div class='ocr_carea' id='block_1_7' title="bbox 476 675 2128 747">
    <p class='ocr_par' dir='ltr' id='par_1_7' title="bbox 476 675 2128 747">
     <span class='ocr_line' id='line_1_7' title="bbox 476 675 2128 747; baseline -0.004 -14"><span class='ocrx_word' id='word_1_27' title='bbox 476 680 814 733; x_wconf 66' lang='lat' dir='ltr'><strong>Graecorum</strong></span> <span class='ocrx_word' id='word_1_28' title='bbox 840 676 1117 732; x_wconf 82' lang='lat' dir='ltr'><strong>dicebant</strong></span> <span class='ocrx_word' id='word_1_29' title='bbox 1155 682 1377 744; x_wconf 82' lang='lat' dir='ltr'><strong>gentes,</strong></span> <span class='ocrx_word' id='word_1_30' title='bbox 1423 692 1551 747; x_wconf 69' lang='lat' dir='ltr'><strong>quas</strong></span> <span class='ocrx_word' id='word_1_31' title='bbox 1574 675 1796 746; x_wconf 90' lang='lat' dir='ltr'><strong>ubique</strong></span> <span class='ocrx_word' id='word_1_32' title='bbox 1851 680 2128 729; x_wconf 89' lang='lat' dir='ltr'><strong>terrarum</strong></span> 
     </span>
    </p>
   </div>
   <div class='ocr_carea' id='block_1_8' title="bbox 475 764 2129 837">
    <p class='ocr_par' dir='ltr' id='par_1_8' title="bbox 475 764 2129 837">
     <span class='ocr_line' id='line_1_8' title="bbox 475 764 2129 837; baseline -0.002 -16"><span class='ocrx_word' id='word_1_33' title='bbox 475 767 756 837; x_wconf 64' lang='lat' dir='ltr'><strong>dispersas</strong></span> <span class='ocrx_word' id='word_1_34' title='bbox 788 770 974 834; x_wconf 88' lang='lat' dir='ltr'><strong>erant,</strong></span> <span class='ocrx_word' id='word_1_35' title='bbox 1004 771 1058 821; x_wconf 93' lang='lat' dir='ltr'><strong>et</strong></span> <span class='ocrx_word' id='word_1_36' title='bbox 1082 764 1241 820; x_wconf 92' lang='lat' dir='ltr'><strong>nullo</strong></span> <span class='ocrx_word' id='word_1_37' title='bbox 1292 765 1641 834; x_wconf 85' lang='lat' dir='ltr'><strong>prohibente</strong></span> <span class='ocrx_word' id='word_1_38' title='bbox 1666 766 1815 818; x_wconf 84' lang='lat' dir='ltr'><strong>inter</strong></span> <span class='ocrx_word' id='word_1_39' title='bbox 1866 780 1925 817; x_wconf 90' lang='lat' dir='ltr'><strong>se</strong></span> <span class='ocrx_word' id='word_1_40' title='bbox 1974 779 2129 817; x_wconf 88' lang='lat' dir='ltr'><strong>com-</strong></span> 
     </span>
    </p>
   </div>
   <div class='ocr_carea' id='block_1_9' title="bbox 479 852 2133 926">
    <p class='ocr_par' dir='ltr' id='par_1_9' title="bbox 479 852 2133 926">
     <span class='ocr_line' id='line_1_9' title="bbox 479 852 2133 926; baseline -0.002 -16"><span class='ocrx_word' id='word_1_41' title='bbox 479 856 904 919; x_wconf 88' lang='lat' dir='ltr'><strong>miscebantur,</strong></span> <span class='ocrx_word' id='word_1_42' title='bbox 949 872 1084 910; x_wconf 91' lang='lat' dir='ltr'><strong>cum</strong></span> <span class='ocrx_word' id='word_1_43' title='bbox 1117 856 1227 926; x_wconf 86' lang='lat' dir='ltr'>ipsi</span> <span class='ocrx_word' id='word_1_44' title='bbox 1258 853 1450 910; x_wconf 87' lang='lat' dir='ltr'><strong>solam</strong></span> <span class='ocrx_word' id='word_1_45' title='bbox 1481 854 1886 909; x_wconf 70' lang='lat' dir='ltr'><strong>inhabitarent</strong></span> <span class='ocrx_word' id='word_1_46' title='bbox 1952 852 2133 907; x_wconf 64' lang='lat' dir='ltr'><strong>Palm-</strong></span> 
     </span>
    </p>
   </div>
   <div class='ocr_carea' id='block_1_10' title="bbox 476 941 2132 1016">
    <p class='ocr_par' dir='ltr' id='par_1_10' title="bbox 476 941 2132 1016">
     <span class='ocr_line' id='line_1_10' title="bbox 476 941 2132 1016; baseline -0.001 -18"><span class='ocrx_word' id='word_1_47' title='bbox 476 943 1020 1016; x_wconf 86' lang='lat' dir='ltr'><strong>stinam,etalege</strong></span> <span class='ocrx_word' id='word_1_48' title='bbox 1078 943 1535 1016; x_wconf 82' lang='lat' dir='ltr'><strong>prohiberentur</strong></span> <span class='ocrx_word' id='word_1_49' title='bbox 1601 944 1825 998; x_wconf 73' lang='lat' dir='ltr'><strong>caeteris</strong></span> <span class='ocrx_word' id='word_1_50' title='bbox 1887 941 2132 997; x_wconf 90' lang='lat' dir='ltr'><strong>commi-</strong></span> 
     </span>
    </p>
   </div>
   <div class='ocr_carea' id='block_1_11' title="bbox 476 1032 953 1103">
    <p class='ocr_par' dir='ltr' id='par_1_11' title="bbox 476 1032 953 1103">
     <span class='ocr_line' id='line_1_11' title="bbox 476 1032 953 1103; baseline 0.004 -15"><span class='ocrx_word' id='word_1_51' title='bbox 476 1032 625 1089; x_wconf 88' lang='lat' dir='ltr'><strong>sceri</strong></span> <span class='ocrx_word' id='word_1_52' title='bbox 655 1032 953 1103; x_wconf 83' lang='lat' dir='ltr'><strong>gentibus.</strong></span> 
     </span>
    </p>
   </div>
   <div class='ocr_carea' id='block_1_12' title="bbox 548 1300 2132 1373">
    <p class='ocr_par' dir='ltr' id='par_1_12' title="bbox 548 1300 2132 1373">
     <span class='ocr_line' id='line_1_12' title="bbox 548 1300 2132 1373; baseline 0 -20"><span class='ocrx_word' id='word_1_53' title='bbox 548 1301 715 1354; x_wconf 91' lang='lat' dir='ltr'><strong>Vers.</strong></span> <span class='ocrx_word' id='word_1_54' title='bbox 752 1300 839 1354; x_wconf 89' lang='lat'><strong>37.</strong></span> <span class='ocrx_word' id='word_1_55' title='bbox 873 1301 941 1356; x_wconf 87' lang='lat' dir='ltr'><strong>In</strong></span> <span class='ocrx_word' id='word_1_56' title='bbox 974 1332 1041 1340; x_wconf 93' lang='lat'>—</span> <span class='ocrx_word' id='word_1_57' title='bbox 1072 1300 1247 1357; x_wconf 86' lang='lat' dir='ltr'><strong>bibat.</strong></span> <span class='ocrx_word' id='word_1_58' title='bbox 1286 1301 1509 1356; x_wconf 86' lang='lat' dir='ltr'><strong>Primus</strong></span> <span class='ocrx_word' id='word_1_59' title='bbox 1535 1316 1605 1357; x_wconf 91' lang='lat' dir='ltr'><strong>ac</strong></span> <span class='ocrx_word' id='word_1_60' title='bbox 1627 1304 1971 1373; x_wconf 67' lang='lat' dir='ltr'><strong>postremm</strong></span> <span class='ocrx_word' id='word_1_61' title='bbox 2006 1300 2132 1355; x_wconf 87' lang='lat' dir='ltr'><strong>dies</strong></span> 
     </span>
    </p>
   </div>
   <div class='ocr_carea' id='block_1_13' title="bbox 477 1389 2133 1461">
    <p class='ocr_par' dir='ltr' id='par_1_13' title="bbox 477 1389 2133 1461">
     <span class='ocr_line' id='line_1_13' title="bbox 477 1389 2133 1461; baseline 0.001 -17"><span class='ocrx_word' id='word_1_62' title='bbox 477 1389 617 1445; x_wconf 88' lang='lat' dir='ltr'><strong>dicti</strong></span> <span class='ocrx_word' id='word_1_63' title='bbox 647 1390 774 1445; x_wconf 87' lang='lat' dir='ltr'><strong>festi</strong></span> <span class='ocrx_word' id='word_1_64' title='bbox 797 1390 1307 1461; x_wconf 87' lang='lat' dir='ltr'><strong>Scenopegiorum</strong></span> <span class='ocrx_word' id='word_1_65' title='bbox 1339 1392 1539 1461; x_wconf 85' lang='lat' dir='ltr'><strong>magni</strong></span> <span class='ocrx_word' id='word_1_66' title='bbox 1566 1390 1964 1456; x_wconf 76' lang='lat' dir='ltr'><strong>habebantur,</strong></span> <span class='ocrx_word' id='word_1_67' title='bbox 1991 1390 2133 1461; x_wconf 82' lang='lat' dir='ltr'><strong>quia</strong></span> 
     </span>
    </p>
   </div>
   <div class='ocr_carea' id='block_1_14' title="bbox 476 1478 2130 1548">
    <p class='ocr_par' dir='ltr' id='par_1_14' title="bbox 476 1478 2130 1548">
     <span class='ocr_line' id='line_1_14' title="bbox 476 1478 2130 1548; baseline 0.001 -15"><span class='ocrx_word' id='word_1_68' title='bbox 476 1478 646 1534; x_wconf 87' lang='lat' dir='ltr'><strong>inhis</strong></span> <span class='ocrx_word' id='word_1_69' title='bbox 686 1479 1080 1535; x_wconf 89' lang='lat' dir='ltr'><strong>studiosiusiu</strong></span> <span class='ocrx_word' id='word_1_70' title='bbox 1116 1496 1301 1535; x_wconf 90' lang='lat' dir='ltr'><strong>unum</strong></span> <span class='ocrx_word' id='word_1_71' title='bbox 1333 1480 1787 1536; x_wconf 88' lang='lat' dir='ltr'><strong>collectidivinis</strong></span> <span class='ocrx_word' id='word_1_72' title='bbox 1815 1481 2130 1548; x_wconf 86' lang='lat' dir='ltr'><strong>vacabant,</strong></span> 
     </span>
    </p>
   </div>
   <div class='ocr_carea' id='block_1_15' title="bbox 478 1568 2132 1639">
    <p class='ocr_par' dir='ltr' id='par_1_15' title="bbox 478 1568 2132 1639">
     <span class='ocr_line' id='line_1_15' title="bbox 478 1568 2132 1639; baseline 0.001 -16"><span class='ocrx_word' id='word_1_73' title='bbox 478 1584 581 1624; x_wconf 91' lang='lat' dir='ltr'><strong>eos</strong></span> <span class='ocrx_word' id='word_1_74' title='bbox 612 1569 712 1639; x_wconf 89' lang='lat' dir='ltr'><strong>qui</strong></span> <span class='ocrx_word' id='word_1_75' title='bbox 728 1568 786 1623; x_wconf 91' lang='lat' dir='ltr'><strong>in</strong></span> <span class='ocrx_word' id='word_1_76' title='bbox 804 1570 998 1624; x_wconf 91' lang='lat' dir='ltr'><strong>medio</strong></span> <span class='ocrx_word' id='word_1_77' title='bbox 1018 1570 1253 1625; x_wconf 84' lang='lat' dir='ltr'><strong>erantin</strong></span> <span class='ocrx_word' id='word_1_78' title='bbox 1270 1571 1492 1625; x_wconf 88' lang='lat' dir='ltr'><strong>deliciis</strong></span> <span class='ocrx_word' id='word_1_79' title='bbox 1522 1576 1959 1625; x_wconf 83' lang='lat' dir='ltr'><strong>consumentes.</strong></span> <span class='ocrx_word' id='word_1_80' title='bbox 1976 1571 2132 1625; x_wconf 90' lang='lat' dir='ltr'><strong>Tunc</strong></span> 
     </span>
    </p>
   </div>
   <div class='ocr_carea' id='block_1_16' title="bbox 480 1659 2133 1731">
    <p class='ocr_par' dir='ltr' id='par_1_16' title="bbox 480 1659 2133 1731">
     <span class='ocr_line' id='line_1_16' title="bbox 480 1659 2133 1731; baseline 0.001 -18"><span class='ocrx_word' id='word_1_81' title='bbox 480 1673 641 1728; x_wconf 90' lang='lat' dir='ltr'><strong>ergo,</strong></span> <span class='ocrx_word' id='word_1_82' title='bbox 676 1675 811 1714; x_wconf 87' lang='lat' dir='ltr'><strong>cum</strong></span> <span class='ocrx_word' id='word_1_83' title='bbox 844 1659 1260 1731; x_wconf 87' lang='lat' dir='ltr'><strong>unusquisque</strong></span> <span class='ocrx_word' id='word_1_84' title='bbox 1292 1660 1589 1731; x_wconf 91' lang='lat' dir='ltr'><strong>completo</strong></span> <span class='ocrx_word' id='word_1_85' title='bbox 1620 1661 1738 1730; x_wconf 83' lang='lat' dir='ltr'><strong>iam</strong></span> <span class='ocrx_word' id='word_1_86' title='bbox 1769 1660 1918 1715; x_wconf 87' lang='lat' dir='ltr'><strong>festo</strong></span> <span class='ocrx_word' id='word_1_87' title='bbox 1946 1661 2003 1715; x_wconf 91' lang='lat' dir='ltr'><strong>in</strong></span> <span class='ocrx_word' id='word_1_88' title='bbox 2030 1660 2133 1715; x_wconf 90' lang='lat' dir='ltr'><strong>do-</strong></span> 
     </span>
    </p>
   </div>
   <div class='ocr_carea' id='block_1_17' title="bbox 481 1750 2131 1814">
    <p class='ocr_par' dir='ltr' id='par_1_17' title="bbox 481 1750 2131 1814">
     <span class='ocr_line' id='line_1_17' title="bbox 481 1750 2131 1814; baseline 0 -9"><span class='ocrx_word' id='word_1_89' title='bbox 481 1765 648 1805; x_wconf 89' lang='lat' dir='ltr'><strong>mum</strong></span> <span class='ocrx_word' id='word_1_90' title='bbox 664 1765 836 1804; x_wconf 90' lang='lat' dir='ltr'><strong>suam</strong></span> <span class='ocrx_word' id='word_1_91' title='bbox 850 1765 1189 1805; x_wconf 88' lang='lat' dir='ltr'><strong>recessurus</strong></span> <span class='ocrx_word' id='word_1_92' title='bbox 1209 1756 1355 1814; x_wconf 89' lang='lat' dir='ltr'><strong>erat,</strong></span> <span class='ocrx_word' id='word_1_93' title='bbox 1372 1751 1624 1806; x_wconf 87' lang='lat' dir='ltr'><strong>decrevit</strong></span> <span class='ocrx_word' id='word_1_94' title='bbox 1640 1750 1970 1805; x_wconf 85' lang='lat' dir='ltr'><strong>volentibus</strong></span> <span class='ocrx_word' id='word_1_95' title='bbox 1986 1750 2131 1805; x_wconf 89' lang='lat' dir='ltr'><strong>dare</strong></span> 
     </span>
    </p>
   </div>
   <div class='ocr_carea' id='block_1_18' title="bbox 2240 578 3852 652">
    <p class='ocr_par' dir='ltr' id='par_1_18' title="bbox 2240 578 3852 652">
     <span class='ocr_line' id='line_1_18' title="bbox 2240 578 3852 652; baseline -0.004 -16"><span class='ocrx_word' id='word_1_96' title='bbox 2240 582 2486 640; x_wconf 78' lang='grc' dir='ltr'>Ἑλλήνων</span> <span class='ocrx_word' id='word_1_97' title='bbox 2518 583 2687 652; x_wconf 76' lang='grc' dir='ltr'>ελεγον</span> <span class='ocrx_word' id='word_1_98' title='bbox 2716 586 2779 634; x_wconf 77' lang='grc' dir='ltr'><strong>τὰ</strong></span> <span class='ocrx_word' id='word_1_99' title='bbox 2811 585 2950 645; x_wconf 78' lang='grc' dir='ltr'>ἔθνη,</span> <span class='ocrx_word' id='word_1_100' title='bbox 2986 580 3080 634; x_wconf 81' lang='grc' dir='ltr'><strong>διὰ</strong></span> <span class='ocrx_word' id='word_1_101' title='bbox 3108 585 3166 634; x_wconf 91' lang='grc' dir='ltr'><strong>τό</strong></span> <span class='ocrx_word' id='word_1_102' title='bbox 3200 578 3521 652; x_wconf 77' lang='grc' dir='ltr'><strong>διεσπάρθαι</strong></span> <span class='ocrx_word' id='word_1_103' title='bbox 3550 599 3852 651; x_wconf 84' lang='grc' dir='ltr'>πανταχου,</span> 
     </span>
    </p>
   </div>
   <div class='ocr_carea' id='block_1_19' title="bbox 2241 670 3857 743">
    <p class='ocr_par' dir='ltr' id='par_1_19' title="bbox 2241 670 3857 743">
     <span class='ocr_line' id='line_1_19' title="bbox 2241 670 3857 743; baseline -0.003 -19"><span class='ocrx_word' id='word_1_104' title='bbox 2241 678 2329 724; x_wconf 86' lang='grc' dir='ltr'>καὶ</span> <span class='ocrx_word' id='word_1_105' title='bbox 2379 672 2652 735; x_wconf 75' lang='grc' dir='ltr'>ἀκωλύτως</span> <span class='ocrx_word' id='word_1_106' title='bbox 2716 672 2952 733; x_wconf 74' lang='grc' dir='ltr'>αλλήλοις</span> <span class='ocrx_word' id='word_1_107' title='bbox 3032 672 3429 743; x_wconf 79' lang='grc' dir='ltr'>ἐπιμίγνυσθαι,</span> <span class='ocrx_word' id='word_1_108' title='bbox 3490 670 3634 722; x_wconf 74' lang='grc' dir='ltr'>αύτοὶ</span> <span class='ocrx_word' id='word_1_109' title='bbox 3690 673 3857 740; x_wconf 77' lang='grc' dir='ltr'>μόνην</span> 
     </span>
    </p>
   </div>
   <div class='ocr_carea' id='block_1_20' title="bbox 2242 756 3855 834">
    <p class='ocr_par' dir='ltr' id='par_1_20' title="bbox 2242 756 3855 834">
     <span class='ocr_line' id='line_1_20' title="bbox 2242 756 3855 834; baseline -0.003 -20"><span class='ocrx_word' id='word_1_110' title='bbox 2242 763 2496 823; x_wconf 58' lang='grc' dir='ltr'>οἰκοῦντες</span> <span class='ocrx_word' id='word_1_111' title='bbox 2526 768 2616 820; x_wconf 72' lang='grc' dir='ltr'>τὴν</span> <span class='ocrx_word' id='word_1_112' title='bbox 2653 763 3024 827; x_wconf 65' lang='grc' dir='ltr'><strong>Παλαιστίνην,</strong></span> <span class='ocrx_word' id='word_1_113' title='bbox 3054 767 3144 813; x_wconf 74' lang='grc' dir='ltr'>καὶ</span> <span class='ocrx_word' id='word_1_114' title='bbox 3174 762 3316 834; x_wconf 79' lang='grc' dir='ltr'>παρὰ</span> <span class='ocrx_word' id='word_1_115' title='bbox 3337 768 3425 811; x_wconf 76' lang='grc' dir='ltr'>τοῦ</span> <span class='ocrx_word' id='word_1_116' title='bbox 3455 763 3614 832; x_wconf 87' lang='grc' dir='ltr'>νόμου</span> <span class='ocrx_word' id='word_1_117' title='bbox 3653 756 3855 809; x_wconf 77' lang='grc' dir='ltr'>κωλυό-</span> 
     </span>
    </p>
   </div>
   <div class='ocr_carea' id='block_1_21' title="bbox 2241 850 3293 924">
    <p class='ocr_par' dir='ltr' id='par_1_21' title="bbox 2241 850 3293 924">
     <span class='ocr_line' id='line_1_21' title="bbox 2241 850 3293 924; baseline 0.002 -22"><span class='ocrx_word' id='word_1_118' title='bbox 2241 870 2383 923; x_wconf 84' lang='grc' dir='ltr'>μενοι</span> <span class='ocrx_word' id='word_1_119' title='bbox 2405 850 2783 924; x_wconf 75' lang='grc' dir='ltr'>ἐπιμίγνυσθαι</span> <span class='ocrx_word' id='word_1_120' title='bbox 2817 858 2925 912; x_wconf 86' lang='grc' dir='ltr'>τοῖς</span> <span class='ocrx_word' id='word_1_121' title='bbox 2952 850 3293 923; x_wconf 74' lang='grc' dir='ltr'>ἀλλογενέσιν.</span> 
     </span>
    </p>
   </div>
   <div class='ocr_carea' id='block_1_22' title="bbox 2312 1112 3856 1193">
    <p class='ocr_par' dir='ltr' id='par_1_22' title="bbox 2312 1112 3856 1193">
     <span class='ocr_line' id='line_1_22' title="bbox 2312 1112 3856 1193; baseline -0.003 -21"><span class='ocrx_word' id='word_1_122' title='bbox 2312 1120 2395 1173; x_wconf 86' lang='grc' dir='ltr'>Ἐν</span> <span class='ocrx_word' id='word_1_123' title='bbox 2445 1151 2510 1161; x_wconf 92' lang='lat'><strong>-—</strong></span> <span class='ocrx_word' id='word_1_124' title='bbox 2564 1124 2773 1173; x_wconf 79' lang='grc' dir='ltr'><strong>πινέτω.</strong></span> <span class='ocrx_word' id='word_1_125' title='bbox 2829 1124 2930 1173; x_wconf 83' lang='grc' dir='ltr'><strong>Καὶ</strong></span> <span class='ocrx_word' id='word_1_126' title='bbox 2980 1121 3010 1177; x_wconf 81' lang='grc' dir='ltr'><strong>ἠ</strong></span> <span class='ocrx_word' id='word_1_127' title='bbox 3072 1123 3251 1193; x_wconf 81' lang='grc' dir='ltr'>πρώτη</span> <span class='ocrx_word' id='word_1_128' title='bbox 3307 1120 3477 1191; x_wconf 81' lang='grc' dir='ltr'>ἡμέρα</span> <span class='ocrx_word' id='word_1_129' title='bbox 3532 1125 3628 1179; x_wconf 83' lang='grc' dir='ltr'>τῆς</span> <span class='ocrx_word' id='word_1_130' title='bbox 3680 1112 3856 1173; x_wconf 81' lang='grc' dir='ltr'>δηλω-</span> 
     </span>
    </p>
   </div>
   <div class='ocr_carea' id='block_1_23' title="bbox 2245 1207 3850 1284">
    <p class='ocr_par' dir='ltr' id='par_1_23' title="bbox 2245 1207 3850 1284">
     <span class='ocr_line' id='line_1_23' title="bbox 2245 1207 3850 1284; baseline -0.002 -23"><span class='ocrx_word' id='word_1_131' title='bbox 2245 1211 2422 1272; x_wconf 83' lang='grc' dir='ltr'>θείσης</span> <span class='ocrx_word' id='word_1_132' title='bbox 2466 1209 2644 1284; x_wconf 80' lang='grc' dir='ltr'><strong>ἑορτῆς</strong></span> <span class='ocrx_word' id='word_1_133' title='bbox 2698 1219 2799 1261; x_wconf 80' lang='grc' dir='ltr'><strong>τῶν</strong></span> <span class='ocrx_word' id='word_1_134' title='bbox 2860 1214 3229 1280; x_wconf 75' lang='grc' dir='ltr'>Σκηνοπηγίων</span> <span class='ocrx_word' id='word_1_135' title='bbox 3282 1212 3371 1259; x_wconf 84' lang='grc' dir='ltr'>καὶ</span> <span class='ocrx_word' id='word_1_136' title='bbox 3422 1209 3452 1265; x_wconf 80' lang='grc' dir='ltr'>ἡ</span> <span class='ocrx_word' id='word_1_137' title='bbox 3515 1207 3718 1278; x_wconf 79' lang='grc' dir='ltr'><strong>ἐσχάτη</strong></span> <span class='ocrx_word' id='word_1_138' title='bbox 3762 1225 3850 1276; x_wconf 83' lang='grc' dir='ltr'>με·</span> 
     </span>
    </p>
   </div>
   <div class='ocr_carea' id='block_1_24' title="bbox 2240 1294 3856 1371">
    <p class='ocr_par' dir='ltr' id='par_1_24' title="bbox 2240 1294 3856 1371">
     <span class='ocr_line' id='line_1_24' title="bbox 2240 1294 3856 1371; baseline -0.002 -21"><span class='ocrx_word' id='word_1_139' title='bbox 2240 1299 2399 1369; x_wconf 74' lang='grc' dir='ltr'>γάλαι</span> <span class='ocrx_word' id='word_1_140' title='bbox 2452 1298 2765 1371; x_wconf 79' lang='grc' dir='ltr'>ἐνομίζοντο.</span> <span class='ocrx_word' id='word_1_141' title='bbox 2837 1304 2923 1352; x_wconf 83' lang='grc' dir='ltr'>Διό</span> <span class='ocrx_word' id='word_1_142' title='bbox 2973 1302 3062 1350; x_wconf 86' lang='grc' dir='ltr'>καὶ</span> <span class='ocrx_word' id='word_1_143' title='bbox 3145 1294 3555 1371; x_wconf 69' lang='grc' dir='ltr'><strong>σπουδαιότερον</strong></span> <span class='ocrx_word' id='word_1_144' title='bbox 3624 1295 3671 1346; x_wconf 83' lang='grc' dir='ltr'>ἐν</span> <span class='ocrx_word' id='word_1_145' title='bbox 3729 1299 3856 1348; x_wconf 85' lang='grc' dir='ltr'>ταύ-</span> 
     </span>
    </p>
   </div>
   <div class='ocr_carea' id='block_1_25' title="bbox 2242 1383 3856 1460">
    <p class='ocr_par' dir='ltr' id='par_1_25' title="bbox 2242 1383 3856 1460">
     <span class='ocr_line' id='line_1_25' title="bbox 2242 1383 3856 1460; baseline -0.003 -19"><span class='ocrx_word' id='word_1_146' title='bbox 2242 1410 2357 1451; x_wconf 86' lang='grc' dir='ltr'>ταις</span> <span class='ocrx_word' id='word_1_147' title='bbox 2434 1389 2794 1460; x_wconf 73' lang='grc' dir='ltr'><strong>συλλεγόμενοι</strong></span> <span class='ocrx_word' id='word_1_148' title='bbox 2863 1395 2971 1449; x_wconf 90' lang='grc' dir='ltr'>τοῖς</span> <span class='ocrx_word' id='word_1_149' title='bbox 3035 1390 3191 1447; x_wconf 78' lang='grc' dir='ltr'>θείοις</span> <span class='ocrx_word' id='word_1_150' title='bbox 3267 1385 3581 1458; x_wconf 73' lang='grc' dir='ltr'><strong>ἐσχόλαζον,</strong></span> <span class='ocrx_word' id='word_1_151' title='bbox 3648 1388 3741 1446; x_wconf 79' lang='grc' dir='ltr'>τὰς</span> <span class='ocrx_word' id='word_1_152' title='bbox 3805 1383 3856 1436; x_wconf 78' lang='grc' dir='ltr'>ἐν</span> 
     </span>
    </p>
   </div>
   <div class='ocr_carea' id='block_1_26' title="bbox 2241 1475 3857 1551">
    <p class='ocr_par' dir='ltr' id='par_1_26' title="bbox 2241 1475 3857 1551">
     <span class='ocr_line' id='line_1_26' title="bbox 2241 1475 3857 1551; baseline -0.002 -20"><span class='ocrx_word' id='word_1_153' title='bbox 2241 1499 2312 1550; x_wconf 86' lang='grc' dir='ltr'><strong>τῳ</strong></span> <span class='ocrx_word' id='word_1_154' title='bbox 2379 1482 2519 1551; x_wconf 83' lang='grc' dir='ltr'>μέσῳ</span> <span class='ocrx_word' id='word_1_155' title='bbox 2600 1478 2789 1550; x_wconf 75' lang='grc' dir='ltr'>μᾶλλον</span> <span class='ocrx_word' id='word_1_156' title='bbox 2878 1478 2948 1539; x_wconf 85' lang='grc' dir='ltr'>εὶς</span> <span class='ocrx_word' id='word_1_157' title='bbox 3020 1479 3219 1551; x_wconf 70' lang='grc' dir='ltr'>τρυφὰς</span> <span class='ocrx_word' id='word_1_158' title='bbox 3278 1475 3658 1535; x_wconf 78' lang='grc' dir='ltr'>ἀναλίσκοντες.</span> <span class='ocrx_word' id='word_1_159' title='bbox 3726 1478 3857 1527; x_wconf 84' lang='grc' dir='ltr'>Τότε</span> 
     </span>
    </p>
   </div>
   <div class='ocr_carea' id='block_1_27' title="bbox 2242 1562 3855 1642">
    <p class='ocr_par' dir='ltr' id='par_1_27' title="bbox 2242 1562 3855 1642">
     <span class='ocr_line' id='line_1_27' title="bbox 2242 1562 3855 1642; baseline -0.004 -21"><span class='ocrx_word' id='word_1_160' title='bbox 2242 1573 2432 1633; x_wconf 79' lang='grc' dir='ltr'>τοίνυν,</span> <span class='ocrx_word' id='word_1_161' title='bbox 2485 1570 2563 1620; x_wconf 83' lang='grc' dir='ltr'>ὅτε</span> <span class='ocrx_word' id='word_1_162' title='bbox 2613 1567 3078 1642; x_wconf 67' lang='grc' dir='ltr'>συμπληρουμένης</span> <span class='ocrx_word' id='word_1_163' title='bbox 3128 1562 3235 1625; x_wconf 74' lang='grc' dir='ltr'><strong>ἤδη</strong></span> <span class='ocrx_word' id='word_1_164' title='bbox 3284 1573 3373 1625; x_wconf 84' lang='grc' dir='ltr'>τῆς</span> <span class='ocrx_word' id='word_1_165' title='bbox 3430 1565 3611 1637; x_wconf 76' lang='grc' dir='ltr'>ἑορτῆς</span> <span class='ocrx_word' id='word_1_166' title='bbox 3654 1563 3855 1636; x_wconf 80' lang='grc' dir='ltr'>ἔμελλεν</span> 
     </span>
    </p>
   </div>
   <div class='ocr_carea' id='block_1_28' title="bbox 2242 1650 3857 1730">
    <p class='ocr_par' dir='ltr' id='par_1_28' title="bbox 2242 1650 3857 1730">
     <span class='ocr_line' id='line_1_28' title="bbox 2242 1650 3857 1730; baseline -0.004 -21"><span class='ocrx_word' id='word_1_167' title='bbox 2242 1658 2533 1730; x_wconf 78' lang='grc' dir='ltr'><strong>ἀναχωρεῖν</strong></span> <span class='ocrx_word' id='word_1_168' title='bbox 2610 1659 2823 1717; x_wconf 80' lang='grc' dir='ltr'>ἕκαστος</span> <span class='ocrx_word' id='word_1_169' title='bbox 2899 1652 3102 1723; x_wconf 81' lang='grc' dir='ltr'>οἴκαδε,</span> <span class='ocrx_word' id='word_1_170' title='bbox 3180 1654 3427 1728; x_wconf 75' lang='grc' dir='ltr'>βούλεται</span> <span class='ocrx_word' id='word_1_171' title='bbox 3490 1650 3675 1706; x_wconf 76' lang='grc' dir='ltr'>δοῦναι</span> <span class='ocrx_word' id='word_1_172' title='bbox 3746 1659 3857 1713; x_wconf 86' lang='grc' dir='ltr'>τοῖς</span> 
     </span>
    </p>
   </div>
   <div class='ocr_carea' id='block_1_29' title="bbox 2246 1742 3855 1821">
    <p class='ocr_par' dir='ltr' id='par_1_29' title="bbox 2246 1742 3855 1821">
     <span class='ocr_line' id='line_1_29' title="bbox 2246 1742 3855 1821; baseline -0.004 -22"><span class='ocrx_word' id='word_1_173' title='bbox 2246 1746 2574 1821; x_wconf 77' lang='grc' dir='ltr'>βουλομένοις</span> <span class='ocrx_word' id='word_1_174' title='bbox 2626 1744 2812 1819; x_wconf 70' lang='grc' dir='ltr'>ἐφόδια</span> <span class='ocrx_word' id='word_1_175' title='bbox 2850 1748 2980 1819; x_wconf 80' lang='grc' dir='ltr'>πρὸς</span> <span class='ocrx_word' id='word_1_176' title='bbox 3021 1750 3285 1820; x_wconf 81' lang='grc' dir='ltr'><strong>σωτηρίαν</strong></span> <span class='ocrx_word' id='word_1_177' title='bbox 3315 1764 3327 1776; x_wconf 91' lang='grc'><strong>·</strong></span> <span class='ocrx_word' id='word_1_178' title='bbox 3378 1748 3468 1795; x_wconf 83' lang='grc' dir='ltr'>καὶ</span> <span class='ocrx_word' id='word_1_179' title='bbox 3526 1742 3704 1815; x_wconf 82' lang='grc' dir='ltr'>ἔκραξε</span> <span class='ocrx_word' id='word_1_180' title='bbox 3760 1745 3855 1813; x_wconf 73' lang='grc' dir='ltr'>μὲν</span> 
     </span>
    </p>
   </div>
   <div class='ocr_carea' id='block_1_30' title="bbox 478 1830 2135 1912">
    <p class='ocr_par' dir='ltr' id='par_1_30' title="bbox 478 1839 2131 1912">
     <span class='ocr_line' id='line_1_30' title="bbox 478 1839 2131 1912; baseline 0.001 -17"><span class='ocrx_word' id='word_1_181' title='bbox 478 1839 758 1895; x_wconf 85' lang='lat' dir='ltr'><strong>viaticum</strong></span> <span class='ocrx_word' id='word_1_182' title='bbox 813 1839 887 1894; x_wconf 84' lang='lat' dir='ltr'><strong>ad</strong></span> <span class='ocrx_word' id='word_1_183' title='bbox 946 1839 1213 1905; x_wconf 85' lang='lat' dir='ltr'><strong>salutem,</strong></span> <span class='ocrx_word' id='word_1_184' title='bbox 1248 1844 1302 1895; x_wconf 89' lang='lat' dir='ltr'><strong>et</strong></span> <span class='ocrx_word' id='word_1_185' title='bbox 1333 1840 1628 1904; x_wconf 85' lang='lat' dir='ltr'><strong>clamavit,</strong></span> <span class='ocrx_word' id='word_1_186' title='bbox 1657 1841 1980 1896; x_wconf 83' lang='lat' dir='ltr'><strong>ostendens</strong></span> <span class='ocrx_word' id='word_1_187' title='bbox 2011 1856 2131 1912; x_wconf 86' lang='lat' dir='ltr'><strong>qua</strong></span> 
     </span>
    </p>
   </div>
   <div class='ocr_carea' id='block_1_31' title="bbox 2246 1830 3855 1912">
    <p class='ocr_par' dir='ltr' id='par_1_31' title="bbox 2247 1830 3855 1911">
     <span class='ocr_line' id='line_1_31' title="bbox 2247 1830 3855 1911; baseline -0.004 -23"><span class='ocrx_word' id='word_1_188' title='bbox 2247 1834 2417 1895; x_wconf 75' lang='grc' dir='ltr'>δηλῶν</span> <span class='ocrx_word' id='word_1_189' title='bbox 2467 1843 2560 1894; x_wconf 74' lang='grc' dir='ltr'>τὴν</span> <span class='ocrx_word' id='word_1_190' title='bbox 2605 1836 2903 1911; x_wconf 74' lang='grc' dir='ltr'>παρρησίαν</span> <span class='ocrx_word' id='word_1_191' title='bbox 2953 1835 3133 1899; x_wconf 73' lang='grc' dir='ltr'>αὐτοῦ,</span> <span class='ocrx_word' id='word_1_192' title='bbox 3174 1838 3264 1886; x_wconf 81' lang='grc' dir='ltr'>καὶ</span> <span class='ocrx_word' id='word_1_193' title='bbox 3318 1835 3399 1885; x_wconf 86' lang='grc' dir='ltr'>ἶνα</span> <span class='ocrx_word' id='word_1_194' title='bbox 3450 1835 3636 1893; x_wconf 80' lang='grc' dir='ltr'>πάντες</span> <span class='ocrx_word' id='word_1_195' title='bbox 3694 1830 3855 1882; x_wconf 83' lang='grc' dir='ltr'>ἀκού-</span> 
     </span>
    </p>
   </div>
   <div class='ocr_carea' id='block_1_32' title="bbox 477 1927 2131 1999">
    <p class='ocr_par' dir='ltr' id='par_1_32' title="bbox 477 1927 2131 1999">
     <span class='ocr_line' id='line_1_32' title="bbox 477 1927 2131 1999; baseline -0.001 -15"><span class='ocrx_word' id='word_1_196' title='bbox 477 1928 747 1984; x_wconf 90' lang='lat' dir='ltr'><strong>libertate</strong></span> <span class='ocrx_word' id='word_1_197' title='bbox 777 1927 1137 1999; x_wconf 88' lang='lat' dir='ltr'><strong>loqueretur,</strong></span> <span class='ocrx_word' id='word_1_198' title='bbox 1163 1934 1218 1984; x_wconf 92' lang='lat' dir='ltr'><strong>et</strong></span> <span class='ocrx_word' id='word_1_199' title='bbox 1248 1935 1308 1984; x_wconf 90' lang='lat' dir='ltr'><strong>ut</strong></span> <span class='ocrx_word' id='word_1_200' title='bbox 1338 1944 1548 1984; x_wconf 90' lang='lat' dir='ltr'><strong>omnes</strong></span> <span class='ocrx_word' id='word_1_201' title='bbox 1604 1928 1879 1984; x_wconf 84' lang='lat' dir='ltr'><strong>audirent</strong></span> <span class='ocrx_word' id='word_1_202' title='bbox 1920 1946 1932 1995; x_wconf 92' lang='lat'><strong>;</strong></span> <span class='ocrx_word' id='word_1_203' title='bbox 1966 1928 2131 1984; x_wconf 85' lang='lat' dir='ltr'><strong>multi</strong></span> 
     </span>
    </p>
   </div>
   <div class='ocr_carea' id='block_1_33' title="bbox 480 2018 2130 2090">
    <p class='ocr_par' dir='ltr' id='par_1_33' title="bbox 480 2018 2130 2090">
     <span class='ocr_line' id='line_1_33' title="bbox 480 2018 2130 2090; baseline 0.001 -17"><span class='ocrx_word' id='word_1_204' title='bbox 480 2018 637 2073; x_wconf 91' lang='lat' dir='ltr'><strong>enim</strong></span> <span class='ocrx_word' id='word_1_205' title='bbox 670 2024 862 2074; x_wconf 80' lang='lat' dir='ltr'><strong>erant.</strong></span> <span class='ocrx_word' id='word_1_206' title='bbox 893 2018 1046 2073; x_wconf 84' lang='lat' dir='ltr'><strong>Dixit</strong></span> <span class='ocrx_word' id='word_1_207' title='bbox 1068 2023 1288 2084; x_wconf 90' lang='lat' dir='ltr'><strong>autem,</strong></span> <span class='ocrx_word' id='word_1_208' title='bbox 1317 2018 1516 2090; x_wconf 79' lang='lat' dir='ltr'><strong>Siquis</strong></span> <span class='ocrx_word' id='word_1_209' title='bbox 1542 2019 1688 2084; x_wconf 83' lang='lat' dir='ltr'><strong>sitit,</strong></span> <span class='ocrx_word' id='word_1_210' title='bbox 1712 2019 1804 2074; x_wconf 90' lang='lat' dir='ltr'><strong>siti</strong></span> <span class='ocrx_word' id='word_1_211' title='bbox 1824 2019 2130 2084; x_wconf 72' lang='lat' dir='ltr'><strong>doctrinas,</strong></span> 
     </span>
    </p>
   </div>
   <div class='ocr_carea' id='block_1_34' title="bbox 490 2108 2135 2180">
    <p class='ocr_par' dir='ltr' id='par_1_34' title="bbox 490 2108 2135 2180">
     <span class='ocr_line' id='line_1_34' title="bbox 490 2108 2135 2180; baseline 0.001 -17"><span class='ocrx_word' id='word_1_212' title='bbox 490 2108 703 2164; x_wconf 78' lang='lat' dir='ltr'><strong>Veniat</strong></span> <span class='ocrx_word' id='word_1_213' title='bbox 722 2108 803 2164; x_wconf 89' lang='lat' dir='ltr'><strong>ad</strong></span> <span class='ocrx_word' id='word_1_214' title='bbox 829 2124 916 2163; x_wconf 89' lang='lat' dir='ltr'><strong>me</strong></span> <span class='ocrx_word' id='word_1_215' title='bbox 941 2114 993 2163; x_wconf 84' lang='lat' dir='ltr'><strong>et</strong></span> <span class='ocrx_word' id='word_1_216' title='bbox 1017 2108 1160 2163; x_wconf 81' lang='lat' dir='ltr'><strong>bibat</strong></span> <span class='ocrx_word' id='word_1_217' title='bbox 1179 2108 1482 2179; x_wconf 86' lang='lat' dir='ltr'><strong>potionem</strong></span> <span class='ocrx_word' id='word_1_218' title='bbox 1518 2108 1880 2179; x_wconf 89' lang='lat' dir='ltr'><strong>spiritualem</strong></span> <span class='ocrx_word' id='word_1_219' title='bbox 1907 2124 2135 2180; x_wconf 89' lang='lat' dir='ltr'><strong>;neque</strong></span> 
     </span>
    </p>
   </div>
   <div class='ocr_carea' id='block_1_35' title="bbox 482 2198 2137 2271">
    <p class='ocr_par' dir='ltr' id='par_1_35' title="bbox 482 2198 2137 2271">
     <span class='ocr_line' id='line_1_35' title="bbox 482 2198 2137 2271; baseline -0.001 -18"><span class='ocrx_word' id='word_1_220' title='bbox 482 2198 640 2253; x_wconf 91' lang='lat' dir='ltr'><strong>enim</strong></span> <span class='ocrx_word' id='word_1_221' title='bbox 664 2214 767 2253; x_wconf 90' lang='lat' dir='ltr'><strong>eos</strong></span> <span class='ocrx_word' id='word_1_222' title='bbox 794 2213 1080 2263; x_wconf 90' lang='lat' dir='ltr'><strong>convoco,</strong></span> <span class='ocrx_word' id='word_1_223' title='bbox 1102 2198 1340 2269; x_wconf 89' lang='lat' dir='ltr'><strong>quinon</strong></span> <span class='ocrx_word' id='word_1_224' title='bbox 1370 2198 1596 2259; x_wconf 88' lang='lat' dir='ltr'><strong>sitiunt.</strong></span> <span class='ocrx_word' id='word_1_225' title='bbox 1625 2198 1729 2253; x_wconf 91' lang='lat' dir='ltr'><strong>sed</strong></span> <span class='ocrx_word' id='word_1_226' title='bbox 1747 2198 2137 2271; x_wconf 88' lang='lat' dir='ltr'><strong>quiardenter</strong></span> 
     </span>
    </p>
   </div>
   <div class='ocr_carea' id='block_1_36' title="bbox 482 2287 1501 2358">
    <p class='ocr_par' dir='ltr' id='par_1_36' title="bbox 482 2287 1501 2358">
     <span class='ocr_line' id='line_1_36' title="bbox 482 2287 1501 2358; baseline -0.003 -15"><span class='ocrx_word' id='word_1_227' title='bbox 482 2292 770 2358; x_wconf 86' lang='lat' dir='ltr'><strong>appetunt</strong></span> <span class='ocrx_word' id='word_1_228' title='bbox 798 2287 1148 2356; x_wconf 90' lang='lat' dir='ltr'><strong>hujusmodi</strong></span> <span class='ocrx_word' id='word_1_229' title='bbox 1173 2287 1501 2358; x_wconf 85' lang='lat' dir='ltr'><strong>potionem.</strong></span> 
     </span>
    </p>
   </div>
   <div class='ocr_carea' id='block_1_37' title="bbox 555 2377 2131 2443">
    <p class='ocr_par' dir='ltr' id='par_1_37' title="bbox 555 2377 2131 2443">
     <span class='ocr_line' id='line_1_37' title="bbox 555 2377 2131 2443; baseline 0.001 -12"><span class='ocrx_word' id='word_1_230' title='bbox 555 2380 710 2433; x_wconf 89' lang='lat' dir='ltr'><strong>Vers.</strong></span> <span class='ocrx_word' id='word_1_231' title='bbox 739 2378 827 2432; x_wconf 89' lang='lat'><strong>38.</strong></span> <span class='ocrx_word' id='word_1_232' title='bbox 866 2378 975 2443; x_wconf 82' lang='lat' dir='ltr'><strong>Qui</strong></span> <span class='ocrx_word' id='word_1_233' title='bbox 1003 2407 1064 2417; x_wconf 94' lang='lat'><strong>—</strong></span> <span class='ocrx_word' id='word_1_234' title='bbox 1115 2377 1278 2433; x_wconf 76' lang='lat' dir='ltr'><strong>vivae.</strong></span> <span class='ocrx_word' id='word_1_235' title='bbox 1334 2379 1610 2433; x_wconf 89' lang='lat' dir='ltr'><strong>Ventrem</strong></span> <span class='ocrx_word' id='word_1_236' title='bbox 1666 2378 1760 2434; x_wconf 91' lang='lat' dir='ltr'><strong>hic</strong></span> <span class='ocrx_word' id='word_1_237' title='bbox 1813 2378 1958 2433; x_wconf 88' lang='lat' dir='ltr'><strong>dicit</strong></span> <span class='ocrx_word' id='word_1_238' title='bbox 1986 2394 2131 2442; x_wconf 90' lang='lat' dir='ltr'><strong>cor;</strong></span> 
     </span>
    </p>
   </div>
   <div class='ocr_carea' id='block_1_38' title="bbox 479 2466 2135 2538">
    <p class='ocr_par' dir='ltr' id='par_1_38' title="bbox 479 2466 2135 2538">
     <span class='ocr_line' id='line_1_38' title="bbox 479 2466 2135 2538; baseline 0.002 -16"><span class='ocrx_word' id='word_1_239' title='bbox 479 2467 654 2524; x_wconf 85' lang='lat' dir='ltr'><strong>veluti</strong></span> <span class='ocrx_word' id='word_1_240' title='bbox 678 2483 813 2523; x_wconf 91' lang='lat' dir='ltr'><strong>cum</strong></span> <span class='ocrx_word' id='word_1_241' title='bbox 838 2466 1053 2522; x_wconf 90' lang='lat' dir='ltr'><strong>dicitur</strong></span> <span class='ocrx_word' id='word_1_242' title='bbox 1083 2487 1095 2526; x_wconf 88' lang='lat'><strong>:</strong></span> <span class='ocrx_word' id='word_1_243' title='bbox 1130 2469 1205 2523; x_wconf 84' lang='lat' dir='ltr'><strong>Et</strong></span> <span class='ocrx_word' id='word_1_244' title='bbox 1230 2469 1413 2538; x_wconf 81' lang='lat' dir='ltr'><strong>legem</strong></span> <span class='ocrx_word' id='word_1_245' title='bbox 1437 2474 1599 2524; x_wconf 86' lang='lat' dir='ltr'><strong>tuam</strong></span> <span class='ocrx_word' id='word_1_246' title='bbox 1622 2468 1686 2524; x_wconf 88' lang='lat' dir='ltr'><strong>in</strong></span> <span class='ocrx_word' id='word_1_247' title='bbox 1713 2468 1894 2523; x_wconf 86' lang='lat' dir='ltr'><strong>medio</strong></span> <span class='ocrx_word' id='word_1_248' title='bbox 1914 2468 2135 2525; x_wconf 75' lang='lat' dir='ltr'><strong>ventris</strong></span> 
     </span>
    </p>
   </div>
   <div class='ocr_carea' id='block_1_39' title="bbox 478 2556 2130 2629">
    <p class='ocr_par' dir='ltr' id='par_1_39' title="bbox 478 2556 2130 2629">
     <span class='ocr_line' id='line_1_39' title="bbox 478 2556 2130 2629; baseline 0 -16"><span class='ocrx_word' id='word_1_249' title='bbox 478 2560 587 2614; x_wconf 87' lang='lat' dir='ltr'><strong>mei</strong></span> <span class='ocrx_word' id='word_1_250' title='bbox 612 2558 678 2613; x_wconf 81' lang='grc'><strong>“.</strong></span> <span class='ocrx_word' id='word_1_251' title='bbox 704 2556 986 2613; x_wconf 71' lang='lat' dir='ltr'><strong>Numina</strong></span> <span class='ocrx_word' id='word_1_252' title='bbox 1011 2573 1150 2612; x_wconf 83' lang='lat' dir='ltr'><strong>vero</strong></span> <span class='ocrx_word' id='word_1_253' title='bbox 1174 2573 1363 2627; x_wconf 61' lang='lat' dir='ltr'><strong>aqua,</strong></span> <span class='ocrx_word' id='word_1_254' title='bbox 1386 2557 1634 2629; x_wconf 91' lang='lat' dir='ltr'><strong>Spiritus</strong></span> <span class='ocrx_word' id='word_1_255' title='bbox 1674 2557 2130 2623; x_wconf 85' lang='lat' dir='ltr'><strong>abundantiam,</strong></span> 
     </span>
    </p>
   </div>
   <div class='ocr_carea' id='block_1_40' title="bbox 480 2645 2131 2718">
    <p class='ocr_par' dir='ltr' id='par_1_40' title="bbox 480 2645 2131 2718">
     <span class='ocr_line' id='line_1_40' title="bbox 480 2645 2131 2718; baseline 0.001 -17"><span class='ocrx_word' id='word_1_256' title='bbox 480 2646 698 2702; x_wconf 65' lang='lat' dir='ltr'><strong>divinae</strong></span> <span class='ocrx_word' id='word_1_257' title='bbox 725 2648 931 2715; x_wconf 73' lang='lat' dir='ltr'><strong>gratias</strong></span> <span class='ocrx_word' id='word_1_258' title='bbox 964 2645 1391 2718; x_wconf 87' lang='lat' dir='ltr'><strong>plenitudinem</strong></span> <span class='ocrx_word' id='word_1_259' title='bbox 1423 2664 1435 2712; x_wconf 91' lang='lat'>;</span> <span class='ocrx_word' id='word_1_260' title='bbox 1474 2648 1619 2703; x_wconf 70' lang='lat' dir='ltr'><strong>viva?</strong></span> <span class='ocrx_word' id='word_1_261' title='bbox 1645 2656 1867 2709; x_wconf 87' lang='lat' dir='ltr'><strong>autem,</strong></span> <span class='ocrx_word' id='word_1_262' title='bbox 1891 2648 2004 2702; x_wconf 89' lang='lat' dir='ltr'><strong>hoc</strong></span> <span class='ocrx_word' id='word_1_263' title='bbox 2022 2652 2131 2713; x_wconf 89' lang='lat' dir='ltr'><strong>est,</strong></span> 
     </span>
    </p>
   </div>
   <div class='ocr_carea' id='block_1_41' title="bbox 481 2736 2136 2808">
    <p class='ocr_par' dir='ltr' id='par_1_41' title="bbox 481 2736 2136 2808">
     <span class='ocr_line' id='line_1_41' title="bbox 481 2736 2136 2808; baseline 0 -16"><span class='ocrx_word' id='word_1_264' title='bbox 481 2752 714 2808; x_wconf 87' lang='lat' dir='ltr'><strong>semper</strong></span> <span class='ocrx_word' id='word_1_265' title='bbox 742 2737 1065 2808; x_wconf 89' lang='lat' dir='ltr'><strong>operantis,</strong></span> <span class='ocrx_word' id='word_1_266' title='bbox 1100 2752 1337 2808; x_wconf 89' lang='lat' dir='ltr'><strong>semper</strong></span> <span class='ocrx_word' id='word_1_267' title='bbox 1356 2741 1533 2792; x_wconf 76' lang='lat' dir='ltr'><strong>motae</strong></span> <span class='ocrx_word' id='word_1_268' title='bbox 1562 2756 1574 2795; x_wconf 89' lang='lat'>:</span> <span class='ocrx_word' id='word_1_269' title='bbox 1605 2752 1748 2792; x_wconf 87' lang='lat' dir='ltr'><strong>nam</strong></span> <span class='ocrx_word' id='word_1_270' title='bbox 1773 2754 1908 2792; x_wconf 87' lang='lat' dir='ltr'><strong>cum</strong></span> <span class='ocrx_word' id='word_1_271' title='bbox 1928 2736 2136 2792; x_wconf 89' lang='lat' dir='ltr'><strong>divina</strong></span> 
     </span>
    </p>
   </div>
   <div class='ocr_carea' id='block_1_42' title="bbox 482 2825 2135 2899">
    <p class='ocr_par' dir='ltr' id='par_1_42' title="bbox 482 2825 2135 2899">
     <span class='ocr_line' id='line_1_42' title="bbox 482 2825 2135 2899; baseline 0.001 -18"><span class='ocrx_word' id='word_1_272' title='bbox 482 2826 672 2896; x_wconf 86' lang='lat' dir='ltr'><strong>gratia</strong></span> <span class='ocrx_word' id='word_1_273' title='bbox 702 2828 913 2882; x_wconf 79' lang='lat' dir='ltr'><strong>animae</strong></span> <span class='ocrx_word' id='word_1_274' title='bbox 944 2825 1241 2892; x_wconf 90' lang='lat' dir='ltr'><strong>insederit,</strong></span> <span class='ocrx_word' id='word_1_275' title='bbox 1270 2825 1404 2881; x_wconf 87' lang='lat' dir='ltr'><strong>fons</strong></span> <span class='ocrx_word' id='word_1_276' title='bbox 1449 2825 1719 2895; x_wconf 82' lang='lat' dir='ltr'><strong>efﬁcitur,</strong></span> <span class='ocrx_word' id='word_1_277' title='bbox 1777 2842 2135 2899; x_wconf 88' lang='lat' dir='ltr'><strong>semperque</strong></span> 
     </span>
    </p>
   </div>
   <div class='ocr_carea' id='block_1_43' title="bbox 481 2915 2136 2988">
    <p class='ocr_par' dir='ltr' id='par_1_43' title="bbox 481 2915 2136 2988">
     <span class='ocr_line' id='line_1_43' title="bbox 481 2915 2136 2988; baseline -0.001 -17"><span class='ocrx_word' id='word_1_278' title='bbox 481 2915 747 2971; x_wconf 89' lang='lat' dir='ltr'><strong>scaturit.</strong></span> <span class='ocrx_word' id='word_1_279' title='bbox 782 2917 983 2971; x_wconf 87' lang='lat' dir='ltr'><strong>Petrus</strong></span> <span class='ocrx_word' id='word_1_280' title='bbox 1032 2915 1324 2987; x_wconf 89' lang='lat' dir='ltr'><strong>siquidem</strong></span> <span class='ocrx_word' id='word_1_281' title='bbox 1356 2921 1411 2971; x_wconf 94' lang='lat' dir='ltr'><strong>et</strong></span> <span class='ocrx_word' id='word_1_282' title='bbox 1438 2916 1677 2981; x_wconf 87' lang='lat' dir='ltr'><strong>Paulus,</strong></span> <span class='ocrx_word' id='word_1_283' title='bbox 1731 2921 1786 2972; x_wconf 89' lang='lat' dir='ltr'><strong>et</strong></span> <span class='ocrx_word' id='word_1_284' title='bbox 1838 2921 2136 2988; x_wconf 91' lang='lat' dir='ltr'><strong>quotquot</strong></span> 
     </span>
    </p>
   </div>
   <div class='ocr_carea' id='block_1_44' title="bbox 480 3004 2135 3074">
    <p class='ocr_par' dir='ltr' id='par_1_44' title="bbox 480 3004 2135 3074">
     <span class='ocr_line' id='line_1_44' title="bbox 480 3004 2135 3074; baseline -0.001 -13"><span class='ocrx_word' id='word_1_285' title='bbox 480 3005 716 3061; x_wconf 89' lang='lat' dir='ltr'><strong>illorum</strong></span> <span class='ocrx_word' id='word_1_286' title='bbox 743 3005 964 3060; x_wconf 92' lang='lat' dir='ltr'><strong>similes</strong></span> <span class='ocrx_word' id='word_1_287' title='bbox 990 3004 1249 3074; x_wconf 84' lang='lat' dir='ltr'><strong>fuerunt,</strong></span> <span class='ocrx_word' id='word_1_288' title='bbox 1279 3006 1547 3061; x_wconf 88' lang='lat' dir='ltr'><strong>divinam</strong></span> <span class='ocrx_word' id='word_1_289' title='bbox 1581 3006 1834 3074; x_wconf 82' lang='lat' dir='ltr'><strong>gratiam</strong></span> <span class='ocrx_word' id='word_1_290' title='bbox 1868 3006 1926 3061; x_wconf 91' lang='lat' dir='ltr'><strong>in</strong></span> <span class='ocrx_word' id='word_1_291' title='bbox 1957 3007 2135 3062; x_wconf 88' lang='lat' dir='ltr'><strong>corde</strong></span> 
     </span>
    </p>
   </div>
   <div class='ocr_carea' id='block_1_45' title="bbox 479 3094 2136 3159">
    <p class='ocr_par' dir='ltr' id='par_1_45' title="bbox 479 3094 2136 3159">
     <span class='ocr_line' id='line_1_45' title="bbox 479 3094 2136 3159; baseline -0.001 -9"><span class='ocrx_word' id='word_1_292' title='bbox 479 3096 875 3151; x_wconf 86' lang='lat' dir='ltr'><strong>inundantem</strong></span> <span class='ocrx_word' id='word_1_293' title='bbox 917 3094 1228 3159; x_wconf 88' lang='lat' dir='ltr'><strong>habentes,</strong></span> <span class='ocrx_word' id='word_1_294' title='bbox 1276 3110 1397 3150; x_wconf 90' lang='lat' dir='ltr'><strong>non</strong></span> <span class='ocrx_word' id='word_1_295' title='bbox 1456 3094 1700 3159; x_wconf 89' lang='lat' dir='ltr'><strong>ﬂumen,</strong></span> <span class='ocrx_word' id='word_1_296' title='bbox 1726 3095 1830 3149; x_wconf 91' lang='lat' dir='ltr'><strong>sed</strong></span> <span class='ocrx_word' id='word_1_297' title='bbox 1882 3094 2136 3150; x_wconf 87' lang='lat' dir='ltr'><strong>ﬂumina</strong></span> 
     </span>
    </p>
   </div>
   <div class='ocr_carea' id='block_1_46' title="bbox 2248 1917 3854 1992">
    <p class='ocr_par' dir='ltr' id='par_1_46' title="bbox 2248 1917 3854 1992">
     <span class='ocr_line' id='line_1_46' title="bbox 2248 1917 3854 1992; baseline -0.004 -14"><span class='ocrx_word' id='word_1_298' title='bbox 2248 1946 2400 1991; x_wconf 81' lang='grc' dir='ltr'>σωσι,</span> <span class='ocrx_word' id='word_1_299' title='bbox 2456 1926 2634 1978; x_wconf 77' lang='grc' dir='ltr'>πολλοὶ</span> <span class='ocrx_word' id='word_1_300' title='bbox 2684 1930 2839 1986; x_wconf 78' lang='grc' dir='ltr'>ὄντες.</span> <span class='ocrx_word' id='word_1_301' title='bbox 2900 1922 3022 1977; x_wconf 78' lang='grc' dir='ltr'>Εἷπε</span> <span class='ocrx_word' id='word_1_302' title='bbox 3077 1921 3175 1976; x_wconf 78' lang='grc' dir='ltr'><strong>δέ’</strong></span> <span class='ocrx_word' id='word_1_303' title='bbox 3213 1924 3328 1976; x_wconf 79' lang='grc' dir='ltr'><strong>Ἐάν</strong></span> <span class='ocrx_word' id='word_1_304' title='bbox 3376 1942 3457 1984; x_wconf 90' lang='grc' dir='ltr'><strong>τις</strong></span> <span class='ocrx_word' id='word_1_305' title='bbox 3517 1919 3654 1992; x_wconf 61' lang='grc' dir='ltr'>διψᾷ</span> <span class='ocrx_word' id='word_1_306' title='bbox 3685 1917 3854 1991; x_wconf 69' lang='grc' dir='ltr'>δίψαν</span> 
     </span>
    </p>
   </div>
   <div class='ocr_carea' id='block_1_47' title="bbox 2246 2011 3853 2085">
    <p class='ocr_par' dir='ltr' id='par_1_47' title="bbox 2246 2011 3853 2085">
     <span class='ocr_line' id='line_1_47' title="bbox 2246 2011 3853 2085; baseline -0.004 -18"><span class='ocrx_word' id='word_1_307' title='bbox 2246 2011 2621 2080; x_wconf 63' lang='grc' dir='ltr'>διδασκαλίας,</span> <span class='ocrx_word' id='word_1_308' title='bbox 2738 2014 2975 2085; x_wconf 83' lang='grc' dir='ltr'>ἐρχέσθω</span> <span class='ocrx_word' id='word_1_309' title='bbox 3075 2017 3201 2085; x_wconf 86' lang='grc' dir='ltr'>πρὸς</span> <span class='ocrx_word' id='word_1_310' title='bbox 3302 2030 3385 2083; x_wconf 81' lang='grc' dir='ltr'><strong>με,</strong></span> <span class='ocrx_word' id='word_1_311' title='bbox 3479 2016 3567 2062; x_wconf 83' lang='grc' dir='ltr'>καὶ</span> <span class='ocrx_word' id='word_1_312' title='bbox 3665 2014 3853 2061; x_wconf 82' lang='grc' dir='ltr'>πινέτω</span> 
     </span>
    </p>
   </div>
   <div class='ocr_carea' id='block_1_48' title="bbox 2244 2096 3854 2176">
    <p class='ocr_par' dir='ltr' id='par_1_48' title="bbox 2244 2096 3854 2176">
     <span class='ocr_line' id='line_1_48' title="bbox 2244 2096 3854 2176; baseline -0.004 -20"><span class='ocrx_word' id='word_1_313' title='bbox 2244 2110 2389 2176; x_wconf 87' lang='grc' dir='ltr'>πόμα</span> <span class='ocrx_word' id='word_1_314' title='bbox 2447 2105 2562 2175; x_wconf 85' lang='lat' dir='ltr'><strong>(l0)</strong></span> <span class='ocrx_word' id='word_1_315' title='bbox 2615 2107 2960 2175; x_wconf 84' lang='grc' dir='ltr'>πνευματικόν</span> <span class='ocrx_word' id='word_1_316' title='bbox 2995 2119 3005 2130; x_wconf 93' lang='grc'><strong>·</strong></span> <span class='ocrx_word' id='word_1_317' title='bbox 3041 2106 3161 2164; x_wconf 81' lang='grc' dir='ltr'>τούς</span> <span class='ocrx_word' id='word_1_318' title='bbox 3213 2104 3315 2174; x_wconf 75' lang='grc' dir='ltr'><strong>’γὰρ</strong></span> <span class='ocrx_word' id='word_1_319' title='bbox 3360 2100 3419 2153; x_wconf 85' lang='grc' dir='ltr'><strong>ού</strong></span> <span class='ocrx_word' id='word_1_320' title='bbox 3468 2096 3735 2171; x_wconf 70' lang='grc' dir='ltr'>διψῶντας</span> <span class='ocrx_word' id='word_1_321' title='bbox 3792 2096 3854 2150; x_wconf 84' lang='grc' dir='ltr'><strong>ού</strong></span> 
     </span>
    </p>
   </div>
   <div class='ocr_carea' id='block_1_49' title="bbox 2248 2189 3853 2265">
    <p class='ocr_par' dir='ltr' id='par_1_49' title="bbox 2248 2189 3853 2265">
     <span class='ocr_line' id='line_1_49' title="bbox 2248 2189 3853 2265; baseline -0.004 -19"><span class='ocrx_word' id='word_1_322' title='bbox 2248 2194 2512 2265; x_wconf 75' lang='grc' dir='ltr'>συγκαλῶ,</span> <span class='ocrx_word' id='word_1_323' title='bbox 2567 2193 2695 2245; x_wconf 82' lang='grc' dir='ltr'>ἀλλὰ</span> <span class='ocrx_word' id='word_1_324' title='bbox 2737 2197 2856 2254; x_wconf 84' lang='grc' dir='ltr'>τοὺς</span> <span class='ocrx_word' id='word_1_325' title='bbox 2909 2189 3146 2254; x_wconf 74' lang='grc' dir='ltr'>διακαῶς</span> <span class='ocrx_word' id='word_1_326' title='bbox 3194 2189 3415 2264; x_wconf 82' lang='grc' dir='ltr'>ἐρῶντας</span> <span class='ocrx_word' id='word_1_327' title='bbox 3464 2197 3556 2241; x_wconf 80' lang='grc' dir='ltr'><strong>τού</strong></span> <span class='ocrx_word' id='word_1_328' title='bbox 3611 2190 3853 2241; x_wconf 89' lang='grc' dir='ltr'>τοιούτου</span> 
     </span>
    </p>
   </div>
   <div class='ocr_carea' id='block_1_50' title="bbox 2738 2014 2975 2089">
    <p class='ocr_par' dir='ltr' id='par_1_50' title="bbox 2738 2014 2975 2089">
     <span class='ocr_line' id='line_1_50' title="bbox 2738 2014 2975 2089; baseline -0.004 -23"><span class='ocrx_word' id='word_1_329' title='bbox 2738 2014 2975 2089; x_wconf 75' lang='grc' dir='ltr'>ἐρχέσθω</span> 
     </span>
    </p>
   </div>
   <div class='ocr_carea' id='block_1_51' title="bbox 2244 2288 2497 2356">
    <p class='ocr_par' dir='ltr' id='par_1_51' title="bbox 2244 2288 2497 2356">
     <span class='ocr_line' id='line_1_51' title="bbox 2244 2288 2497 2356; baseline -0.004 -20"><span class='ocrx_word' id='word_1_330' title='bbox 2244 2288 2474 2356; x_wconf 84' lang='grc' dir='ltr'>πόματος</span> <span class='ocrx_word' id='word_1_331' title='bbox 2486 2323 2497 2335; x_wconf 94' lang='grc'><strong>.</strong></span> 
     </span>
    </p>
   </div>
   <div class='ocr_carea' id='block_1_52' title="bbox 2314 2371 3854 2443">
    <p class='ocr_par' dir='ltr' id='par_1_52' title="bbox 2314 2371 3854 2443">
     <span class='ocr_line' id='line_1_52' title="bbox 2314 2371 3854 2443; baseline -0.007 -14"><span class='ocrx_word' id='word_1_332' title='bbox 2314 2376 2371 2429; x_wconf 89' lang='grc' dir='ltr'><strong>Ὀ</strong></span> <span class='ocrx_word' id='word_1_333' title='bbox 2426 2408 2491 2416; x_wconf 88' lang='grc'><strong><em>-</em></strong></span> <span class='ocrx_word' id='word_1_334' title='bbox 2552 2377 2760 2437; x_wconf 82' lang='grc' dir='ltr'>ζῶντος.</span> <span class='ocrx_word' id='word_1_335' title='bbox 2833 2374 3040 2428; x_wconf 81' lang='grc' dir='ltr'>Κοιλίαν</span> <span class='ocrx_word' id='word_1_336' title='bbox 3123 2372 3344 2425; x_wconf 75' lang='grc' dir='ltr'>ἐνταῦθα</span> <span class='ocrx_word' id='word_1_337' title='bbox 3407 2371 3540 2442; x_wconf 73' lang='grc' dir='ltr'>λέγει</span> <span class='ocrx_word' id='word_1_338' title='bbox 3584 2374 3672 2427; x_wconf 70' lang='grc' dir='ltr'>τὴν</span> <span class='ocrx_word' id='word_1_339' title='bbox 3721 2388 3854 2443; x_wconf 88' lang='grc' dir='ltr'>καρ-</span> 
     </span>
    </p>
   </div>
   <div class='ocr_carea' id='block_1_53' title="bbox 2247 2462 3855 2534">
    <p class='ocr_par' dir='ltr' id='par_1_53' title="bbox 2247 2462 3855 2534">
     <span class='ocr_line' id='line_1_53' title="bbox 2247 2462 3855 2534; baseline -0.006 -16"><span class='ocrx_word' id='word_1_340' title='bbox 2247 2462 2386 2530; x_wconf 76' lang='grc' dir='ltr'>δίαν,</span> <span class='ocrx_word' id='word_1_341' title='bbox 2457 2470 2519 2526; x_wconf 82' lang='grc' dir='ltr'>ὼς</span> <span class='ocrx_word' id='word_1_342' title='bbox 2578 2471 2677 2517; x_wconf 88' lang='grc' dir='ltr'>τό·</span> <span class='ocrx_word' id='word_1_343' title='bbox 2741 2470 2841 2518; x_wconf 79' lang='grc' dir='ltr'><strong>Καὶ</strong></span> <span class='ocrx_word' id='word_1_344' title='bbox 2918 2468 3005 2516; x_wconf 90' lang='grc' dir='ltr'>τὸν</span> <span class='ocrx_word' id='word_1_345' title='bbox 3071 2468 3223 2534; x_wconf 86' lang='grc' dir='ltr'>νόμον</span> <span class='ocrx_word' id='word_1_346' title='bbox 3286 2481 3379 2514; x_wconf 93' lang='grc' dir='ltr'><strong>σου</strong></span> <span class='ocrx_word' id='word_1_347' title='bbox 3438 2463 3486 2513; x_wconf 86' lang='grc' dir='ltr'>ἓν</span> <span class='ocrx_word' id='word_1_348' title='bbox 3563 2464 3703 2531; x_wconf 85' lang='grc' dir='ltr'>μέσῳ</span> <span class='ocrx_word' id='word_1_349' title='bbox 3757 2466 3855 2519; x_wconf 81' lang='grc' dir='ltr'>τῆς</span> 
     </span>
    </p>
   </div>
   <div class='ocr_carea' id='block_1_54' title="bbox 2244 2545 3856 2627">
    <p class='ocr_par' dir='ltr' id='par_1_54' title="bbox 2244 2545 3856 2627">
     <span class='ocr_line' id='line_1_54' title="bbox 2244 2545 3856 2627; baseline -0.006 -20"><span class='ocrx_word' id='word_1_350' title='bbox 2244 2556 2439 2615; x_wconf 87' lang='grc' dir='ltr'>κοιλίας</span> <span class='ocrx_word' id='word_1_351' title='bbox 2495 2576 2593 2627; x_wconf 86' lang='grc' dir='ltr'><strong>μου</strong></span> <span class='ocrx_word' id='word_1_352' title='bbox 2634 2575 2645 2587; x_wconf 73' lang='grc'><strong><em>⁸</em></strong></span> <span class='ocrx_word' id='word_1_353' title='bbox 2714 2557 2978 2627; x_wconf 84' lang='grc' dir='ltr'>ποταμούς</span> <span class='ocrx_word' id='word_1_354' title='bbox 3047 2550 3105 2605; x_wconf 73' lang='grc' dir='ltr'><strong>δὲ</strong></span> <span class='ocrx_word' id='word_1_355' title='bbox 3162 2548 3358 2611; x_wconf 73' lang='grc' dir='ltr'>ὓδατος</span> <span class='ocrx_word' id='word_1_356' title='bbox 3424 2554 3519 2608; x_wconf 76' lang='grc' dir='ltr'>τὴν</span> <span class='ocrx_word' id='word_1_357' title='bbox 3577 2545 3856 2618; x_wconf 70' lang='grc' dir='ltr'>δαψίλειαν</span> 
     </span>
    </p>
   </div>
   <div class='ocr_carea' id='block_1_55' title="bbox 2246 2639 3850 2717">
    <p class='ocr_par' dir='ltr' id='par_1_55' title="bbox 2246 2639 3850 2717">
     <span class='ocr_line' id='line_1_55' title="bbox 2246 2639 3850 2717; baseline -0.006 -20"><span class='ocrx_word' id='word_1_358' title='bbox 2246 2665 2335 2698; x_wconf 93' lang='grc' dir='ltr'><strong>του</strong></span> <span class='ocrx_word' id='word_1_359' title='bbox 2380 2648 2691 2717; x_wconf 79' lang='grc' dir='ltr'>Πνεύματος,</span> <span class='ocrx_word' id='word_1_360' title='bbox 2742 2648 2835 2702; x_wconf 78' lang='grc' dir='ltr'>τὴν</span> <span class='ocrx_word' id='word_1_361' title='bbox 2883 2642 3202 2715; x_wconf 85' lang='grc' dir='ltr'>πλημμύραν</span> <span class='ocrx_word' id='word_1_362' title='bbox 3255 2649 3349 2701; x_wconf 80' lang='grc' dir='ltr'>τῆς</span> <span class='ocrx_word' id='word_1_363' title='bbox 3401 2641 3542 2700; x_wconf 80' lang='grc' dir='ltr'>θείας</span> <span class='ocrx_word' id='word_1_364' title='bbox 3588 2639 3850 2711; x_wconf 68' lang='grc' dir='ltr'>χάριτος·</span> 
     </span>
    </p>
   </div>
   <div class='ocr_carea' id='block_1_56' title="bbox 2247 2726 3854 2806">
    <p class='ocr_par' dir='ltr' id='par_1_56' title="bbox 2247 2726 3854 2806">
     <span class='ocr_line' id='line_1_56' title="bbox 2247 2726 3854 2806; baseline -0.006 -20"><span class='ocrx_word' id='word_1_365' title='bbox 2247 2736 2439 2797; x_wconf 80' lang='grc' dir='ltr'>ζῶντος</span> <span class='ocrx_word' id='word_1_366' title='bbox 2470 2732 2546 2799; x_wconf 70' lang='grc' dir='ltr'><strong>δὲ,</strong></span> <span class='ocrx_word' id='word_1_367' title='bbox 2599 2738 2759 2806; x_wconf 70' lang='grc' dir='ltr'>ἤγουν</span> <span class='ocrx_word' id='word_1_368' title='bbox 2812 2732 2889 2785; x_wconf 82' lang='grc' dir='ltr'><strong>ἀεὶ</strong></span> <span class='ocrx_word' id='word_1_369' title='bbox 2937 2736 3277 2805; x_wconf 74' lang='grc' dir='ltr'>ἐνεργοῦντος,</span> <span class='ocrx_word' id='word_1_370' title='bbox 3330 2729 3645 2786; x_wconf 77' lang='grc' dir='ltr'>ἀεικινήτου.</span> <span class='ocrx_word' id='word_1_371' title='bbox 3691 2726 3854 2779; x_wconf 77' lang='grc' dir='ltr'>’Ὸταν</span> 
     </span>
    </p>
   </div>
   <div class='ocr_carea' id='block_1_57' title="bbox 2244 2819 3852 2899">
    <p class='ocr_par' dir='ltr' id='par_1_57' title="bbox 2244 2819 3852 2899">
     <span class='ocr_line' id='line_1_57' title="bbox 2244 2819 3852 2899; baseline -0.007 -21"><span class='ocrx_word' id='word_1_372' title='bbox 2244 2828 2345 2899; x_wconf 74' lang='grc' dir='ltr'>γὰρ</span> <span class='ocrx_word' id='word_1_373' title='bbox 2396 2827 2425 2883; x_wconf 77' lang='grc' dir='ltr'>ἡ</span> <span class='ocrx_word' id='word_1_374' title='bbox 2480 2827 2590 2877; x_wconf 86' lang='grc' dir='ltr'>θεία</span> <span class='ocrx_word' id='word_1_375' title='bbox 2647 2826 2805 2897; x_wconf 82' lang='grc' dir='ltr'>χάρις</span> <span class='ocrx_word' id='word_1_376' title='bbox 2863 2819 3135 2895; x_wconf 78' lang='grc' dir='ltr'>ἑνιδρυνθῇ</span> <span class='ocrx_word' id='word_1_377' title='bbox 3190 2820 3369 2893; x_wconf 74' lang='grc' dir='ltr'>ψυχῇ,</span> <span class='ocrx_word' id='word_1_378' title='bbox 3427 2823 3572 2888; x_wconf 72' lang='grc' dir='ltr'><strong>πηγὴ</strong></span> <span class='ocrx_word' id='word_1_379' title='bbox 3630 2820 3852 2888; x_wconf 69' lang='grc' dir='ltr'>γίνεται,</span> 
     </span>
    </p>
   </div>
   <div class='ocr_carea' id='block_1_58' title="bbox 2245 2910 3856 2986">
    <p class='ocr_par' dir='ltr' id='par_1_58' title="bbox 2245 2910 3856 2986">
     <span class='ocr_line' id='line_1_58' title="bbox 2245 2910 3856 2986; baseline -0.006 -20"><span class='ocrx_word' id='word_1_380' title='bbox 2245 2920 2334 2967; x_wconf 83' lang='grc' dir='ltr'><strong>καὶ</strong></span> <span class='ocrx_word' id='word_1_381' title='bbox 2385 2914 2568 2986; x_wconf 76' lang='grc' dir='ltr'>βλύζει</span> <span class='ocrx_word' id='word_1_382' title='bbox 2618 2911 2925 2972; x_wconf 83' lang='grc' dir='ltr'>διαπαντός.</span> <span class='ocrx_word' id='word_1_383' title='bbox 2998 2917 3097 2964; x_wconf 79' lang='grc' dir='ltr'><strong>Καὶ</strong></span> <span class='ocrx_word' id='word_1_384' title='bbox 3167 2914 3268 2982; x_wconf 70' lang='grc' dir='ltr'>γὰρ</span> <span class='ocrx_word' id='word_1_385' title='bbox 3342 2915 3432 2960; x_wconf 87' lang='grc' dir='ltr'>καὶ</span> <span class='ocrx_word' id='word_1_386' title='bbox 3507 2912 3697 2981; x_wconf 85' lang='grc' dir='ltr'>Πέτρος</span> <span class='ocrx_word' id='word_1_387' title='bbox 3764 2910 3856 2957; x_wconf 80' lang='grc' dir='ltr'>καὶ</span> 
     </span>
    </p>
   </div>
   <div class='ocr_carea' id='block_1_59' title="bbox 2248 2996 3857 3070">
    <p class='ocr_par' dir='ltr' id='par_1_59' title="bbox 2248 2996 3857 3070">
     <span class='ocr_line' id='line_1_59' title="bbox 2248 2996 3857 3070; baseline -0.007 -14"><span class='ocrx_word' id='word_1_388' title='bbox 2248 3004 2449 3065; x_wconf 73' lang='grc' dir='ltr'>Παῦλος</span> <span class='ocrx_word' id='word_1_389' title='bbox 2497 3007 2586 3055; x_wconf 87' lang='grc' dir='ltr'>καὶ</span> <span class='ocrx_word' id='word_1_390' title='bbox 2626 3004 2742 3055; x_wconf 82' lang='grc' dir='ltr'>ὅσοι</span> <span class='ocrx_word' id='word_1_391' title='bbox 2789 3002 2903 3053; x_wconf 88' lang='grc' dir='ltr'>κατ’</span> <span class='ocrx_word' id='word_1_392' title='bbox 2938 3001 3160 3062; x_wconf 81' lang='grc' dir='ltr'>ἐκείνους</span> <span class='ocrx_word' id='word_1_393' title='bbox 3207 2999 3320 3070; x_wconf 84' lang='grc'><strong>(11)</strong></span> <span class='ocrx_word' id='word_1_394' title='bbox 3369 3003 3462 3056; x_wconf 80' lang='grc' dir='ltr'>τὴν</span> <span class='ocrx_word' id='word_1_395' title='bbox 3510 2999 3648 3049; x_wconf 84' lang='grc' dir='ltr'>θείαν</span> <span class='ocrx_word' id='word_1_396' title='bbox 3692 2996 3857 3067; x_wconf 78' lang='grc' dir='ltr'>χάριν</span> 
     </span>
    </p>
   </div>
   <div class='ocr_carea' id='block_1_60' title="bbox 2249 3086 3856 3167">
    <p class='ocr_par' dir='ltr' id='par_1_60' title="bbox 2249 3086 3856 3167">
     <span class='ocr_line' id='line_1_60' title="bbox 2249 3086 3856 3167; baseline -0.007 -20"><span class='ocrx_word' id='word_1_397' title='bbox 2249 3092 2297 3146; x_wconf 76' lang='grc' dir='ltr'>ἐν</span> <span class='ocrx_word' id='word_1_398' title='bbox 2352 3101 2413 3167; x_wconf 77' lang='grc' dir='ltr'>τῇ</span> <span class='ocrx_word' id='word_1_399' title='bbox 2471 3089 2669 3167; x_wconf 76' lang='grc' dir='ltr'>καρδία</span> <span class='ocrx_word' id='word_1_400' title='bbox 2732 3091 3150 3163; x_wconf 80' lang='grc' dir='ltr'>πλημμυροῦσαν</span> <span class='ocrx_word' id='word_1_401' title='bbox 3210 3092 3432 3160; x_wconf 81' lang='grc' dir='ltr'>ἔχοντες,</span> <span class='ocrx_word' id='word_1_402' title='bbox 3494 3087 3553 3138; x_wconf 85' lang='grc' dir='ltr'><strong>ού</strong></span> <span class='ocrx_word' id='word_1_403' title='bbox 3600 3086 3856 3155; x_wconf 86' lang='grc' dir='ltr'>ποταμόν,</span> 
     </span>
    </p>
   </div>
   <div class='ocr_carea' id='block_1_61' title="bbox 481 3176 2135 3271">
    <p class='ocr_par' dir='ltr' id='par_1_61' title="bbox 481 3184 2135 3257">
     <span class='ocr_line' id='line_1_61' title="bbox 481 3184 2135 3257; baseline -0.001 -16"><span class='ocrx_word' id='word_1_404' title='bbox 481 3184 918 3256; x_wconf 89' lang='lat' dir='ltr'><strong>concipiebant,</strong></span> <span class='ocrx_word' id='word_1_405' title='bbox 955 3188 1140 3240; x_wconf 87' lang='lat' dir='ltr'><strong>multo</strong></span> <span class='ocrx_word' id='word_1_406' title='bbox 1168 3184 1334 3239; x_wconf 86' lang='lat' dir='ltr'><strong>ﬂuxu</strong></span> <span class='ocrx_word' id='word_1_407' title='bbox 1366 3184 1767 3243; x_wconf 86' lang='lat' dir='ltr'><strong>scaturientia.</strong></span> <span class='ocrx_word' id='word_1_408' title='bbox 1805 3201 1937 3257; x_wconf 72' lang='lat' dir='ltr'><strong>quas</strong></span> <span class='ocrx_word' id='word_1_409' title='bbox 1968 3185 2135 3256; x_wconf 89' lang='lat' dir='ltr'><strong>quid-</strong></span> 
     </span>
    </p>
   </div>
   <div class='ocr_carea' id='block_1_62' title="bbox 2246 3176 3858 3271">
    <p class='ocr_par' dir='ltr' id='par_1_62' title="bbox 2252 3176 3858 3254">
     <span class='ocr_line' id='line_1_62' title="bbox 2252 3176 3858 3254; baseline -0.006 -20"><span class='ocrx_word' id='word_1_410' title='bbox 2252 3182 2379 3235; x_wconf 75' lang='grc' dir='ltr'><strong>ἀλλὰ</strong></span> <span class='ocrx_word' id='word_1_411' title='bbox 2404 3186 2668 3254; x_wconf 77' lang='grc' dir='ltr'>ποταμούς</span> <span class='ocrx_word' id='word_1_412' title='bbox 2698 3181 2861 3253; x_wconf 73' lang='grc' dir='ltr'>λόγων</span> <span class='ocrx_word' id='word_1_413' title='bbox 2894 3181 3133 3251; x_wconf 72' lang='grc' dir='ltr'>ἠφίεσαν,</span> <span class='ocrx_word' id='word_1_414' title='bbox 3164 3178 3332 3247; x_wconf 80' lang='grc' dir='ltr'>πολλῷ</span> <span class='ocrx_word' id='word_1_415' title='bbox 3355 3185 3427 3247; x_wconf 87' lang='grc' dir='ltr'>τῷ</span> <span class='ocrx_word' id='word_1_416' title='bbox 3453 3176 3615 3251; x_wconf 76' lang='grc' dir='ltr'>ῥοίζῳ</span> <span class='ocrx_word' id='word_1_417' title='bbox 3646 3177 3858 3245; x_wconf 76' lang='grc' dir='ltr'>φερομέ-</span> 
     </span>
    </p>
   </div>
   <div class='ocr_carea' id='block_1_63' title="bbox 480 3273 2138 3345">
    <p class='ocr_par' dir='ltr' id='par_1_63' title="bbox 480 3273 2138 3345">
     <span class='ocr_line' id='line_1_63' title="bbox 480 3273 2138 3345; baseline 0.001 -18"><span class='ocrx_word' id='word_1_418' title='bbox 480 3273 625 3345; x_wconf 88' lang='lat' dir='ltr'><strong>quid</strong></span> <span class='ocrx_word' id='word_1_419' title='bbox 658 3274 984 3337; x_wconf 88' lang='lat' dir='ltr'><strong>accederet,</strong></span> <span class='ocrx_word' id='word_1_420' title='bbox 1021 3273 1398 3329; x_wconf 84' lang='lat' dir='ltr'><strong>attrahebant</strong></span> <span class='ocrx_word' id='word_1_421' title='bbox 1429 3277 1524 3343; x_wconf 86' lang='lat' dir='ltr'><strong>(e),</strong></span> <span class='ocrx_word' id='word_1_422' title='bbox 1553 3279 1609 3329; x_wconf 91' lang='lat' dir='ltr'><strong>et</strong></span> <span class='ocrx_word' id='word_1_423' title='bbox 1630 3274 1957 3331; x_wconf 88' lang='lat' dir='ltr'><strong>inﬁdelium</strong></span> <span class='ocrx_word' id='word_1_424' title='bbox 1979 3274 2138 3329; x_wconf 88' lang='lat' dir='ltr'><strong>vani-</strong></span> 
     </span>
    </p>
   </div>
   <div class='ocr_carea' id='block_1_64' title="bbox 480 3362 1850 3435">
    <p class='ocr_par' dir='ltr' id='par_1_64' title="bbox 480 3362 1850 3435">
     <span class='ocr_line' id='line_1_64' title="bbox 480 3362 1850 3435; baseline 0.001 -16"><span class='ocrx_word' id='word_1_425' title='bbox 480 3362 687 3435; x_wconf 84' lang='lat' dir='ltr'><strong>loquia</strong></span> <span class='ocrx_word' id='word_1_426' title='bbox 730 3362 905 3419; x_wconf 89' lang='lat' dir='ltr'><strong>undis</strong></span> <span class='ocrx_word' id='word_1_427' title='bbox 936 3362 1269 3419; x_wconf 88' lang='lat' dir='ltr'><strong>obruebant</strong></span> <span class='ocrx_word' id='word_1_428' title='bbox 1300 3380 1369 3419; x_wconf 89' lang='lat' dir='ltr'><strong>ac</strong></span> <span class='ocrx_word' id='word_1_429' title='bbox 1401 3364 1850 3434; x_wconf 88' lang='lat' dir='ltr'><strong>demergebant.</strong></span> 
     </span>
    </p>
   </div>
   <div class='ocr_carea' id='block_1_65' title="bbox 554 3544 2135 3616">
    <p class='ocr_par' dir='ltr' id='par_1_65' title="bbox 554 3544 2135 3616">
     <span class='ocr_line' id='line_1_65' title="bbox 554 3544 2135 3616; baseline -0.001 -16"><span class='ocrx_word' id='word_1_430' title='bbox 554 3544 772 3611; x_wconf 86' lang='lat' dir='ltr'><strong>Quinto</strong></span> <span class='ocrx_word' id='word_1_431' title='bbox 803 3548 1004 3599; x_wconf 87' lang='lat' dir='ltr'><strong>autem</strong></span> <span class='ocrx_word' id='word_1_432' title='bbox 1058 3544 1253 3616; x_wconf 87' lang='lat' dir='ltr'><strong>capite</strong></span> <span class='ocrx_word' id='word_1_433' title='bbox 1298 3544 1444 3600; x_wconf 83' lang='lat' dir='ltr'><strong>dixit</strong></span> <span class='ocrx_word' id='word_1_434' title='bbox 1510 3545 1588 3601; x_wconf 91' lang='lat' dir='ltr'><strong>ad</strong></span> <span class='ocrx_word' id='word_1_435' title='bbox 1644 3544 2085 3600; x_wconf 85' lang='lat' dir='ltr'><strong>Samaritanam</strong></span> <span class='ocrx_word' id='word_1_436' title='bbox 2124 3567 2135 3598; x_wconf 88' lang='lat'><strong>:</strong></span> 
     </span>
    </p>
   </div>
   <div class='ocr_carea' id='block_1_66' title="bbox 481 3633 2140 3706">
    <p class='ocr_par' dir='ltr' id='par_1_66' title="bbox 481 3633 2140 3706">
     <span class='ocr_line' id='line_1_66' title="bbox 481 3633 2140 3706; baseline 0.001 -18"><span class='ocrx_word' id='word_1_437' title='bbox 481 3634 656 3705; x_wconf 85' lang='lat' dir='ltr'><strong>Aqua</strong></span> <span class='ocrx_word' id='word_1_438' title='bbox 676 3650 850 3706; x_wconf 88' lang='lat' dir='ltr'><strong>quam</strong></span> <span class='ocrx_word' id='word_1_439' title='bbox 873 3650 966 3705; x_wconf 85' lang='lat' dir='ltr'><strong>ego</strong></span> <span class='ocrx_word' id='word_1_440' title='bbox 992 3633 1156 3700; x_wconf 82' lang='lat' dir='ltr'><strong>dabo,</strong></span> <span class='ocrx_word' id='word_1_441' title='bbox 1185 3635 1289 3702; x_wconf 79' lang='lat' dir='ltr'><strong>ﬁet</strong></span> <span class='ocrx_word' id='word_1_442' title='bbox 1315 3636 1377 3690; x_wconf 86' lang='lat' dir='ltr'><strong>in</strong></span> <span class='ocrx_word' id='word_1_443' title='bbox 1408 3650 1471 3690; x_wconf 87' lang='lat' dir='ltr'><strong>eo</strong></span> <span class='ocrx_word' id='word_1_444' title='bbox 1498 3635 1637 3705; x_wconf 81' lang='lat' dir='ltr'><strong>fons</strong></span> <span class='ocrx_word' id='word_1_445' title='bbox 1674 3650 1844 3706; x_wconf 69' lang='lat' dir='ltr'><strong>aquae</strong></span> <span class='ocrx_word' id='word_1_446' title='bbox 1874 3635 2140 3691; x_wconf 77' lang='lat' dir='ltr'><strong>salientis</strong></span> 
     </span>
    </p>
   </div>
   <div class='ocr_carea' id='block_1_67' title="bbox 479 3723 2139 3795">
    <p class='ocr_par' dir='ltr' id='par_1_67' title="bbox 479 3723 2139 3795">
     <span class='ocr_line' id='line_1_67' title="bbox 479 3723 2139 3795; baseline 0.001 -18"><span class='ocrx_word' id='word_1_447' title='bbox 479 3723 544 3779; x_wconf 85' lang='lat' dir='ltr'><strong>in</strong></span> <span class='ocrx_word' id='word_1_448' title='bbox 576 3724 755 3779; x_wconf 81' lang='lat' dir='ltr'><strong>vitam</strong></span> <span class='ocrx_word' id='word_1_449' title='bbox 787 3729 1070 3780; x_wconf 72' lang='lat' dir='ltr'><strong>aeternam</strong></span> <span class='ocrx_word' id='word_1_450' title='bbox 1094 3726 1157 3791; x_wconf 69' lang='lat'><strong>‘5;</strong></span> <span class='ocrx_word' id='word_1_451' title='bbox 1191 3723 1344 3779; x_wconf 89' lang='lat' dir='ltr'><strong>etibi</strong></span> <span class='ocrx_word' id='word_1_452' title='bbox 1412 3740 1648 3781; x_wconf 88' lang='lat' dir='ltr'><strong>rursum</strong></span> <span class='ocrx_word' id='word_1_453' title='bbox 1674 3724 1803 3795; x_wconf 87' lang='lat' dir='ltr'><strong>lege</strong></span> <span class='ocrx_word' id='word_1_454' title='bbox 1858 3724 2139 3780; x_wconf 91' lang='lat' dir='ltr'><strong>similium</strong></span> 
     </span>
    </p>
   </div>
   <div class='ocr_carea' id='block_1_68' title="bbox 483 3812 1306 3871">
    <p class='ocr_par' dir='ltr' id='par_1_68' title="bbox 483 3812 1306 3871">
     <span class='ocr_line' id='line_1_68' title="bbox 483 3812 1306 3871; baseline 0.002 -2"><span class='ocrx_word' id='word_1_455' title='bbox 483 3812 806 3870; x_wconf 86' lang='lat' dir='ltr'><strong>verborum</strong></span> <span class='ocrx_word' id='word_1_456' title='bbox 839 3814 1278 3870; x_wconf 88' lang='lat' dir='ltr'><strong>enarrationem</strong></span> <span class='ocrx_word' id='word_1_457' title='bbox 1293 3857 1306 3871; x_wconf 93' lang='lat'><strong>.</strong></span> 
     </span>
    </p>
   </div>
   <div class='ocr_carea' id='block_1_69' title="bbox 557 3988 2141 4063">
    <p class='ocr_par' dir='ltr' id='par_1_69' title="bbox 557 3988 2141 4063">
     <span class='ocr_line' id='line_1_69' title="bbox 557 3988 2141 4063; baseline 0.003 -20"><span class='ocrx_word' id='word_1_458' title='bbox 557 3989 695 4045; x_wconf 91' lang='lat' dir='ltr'><strong>Post</strong></span> <span class='ocrx_word' id='word_1_459' title='bbox 716 3988 937 4045; x_wconf 92' lang='lat' dir='ltr'><strong>dictum</strong></span> <span class='ocrx_word' id='word_1_460' title='bbox 968 3994 1185 4058; x_wconf 88' lang='lat' dir='ltr'><strong>autem,</strong></span> <span class='ocrx_word' id='word_1_461' title='bbox 1209 3989 1368 4045; x_wconf 82' lang='lat' dir='ltr'><strong>Sicut</strong></span> <span class='ocrx_word' id='word_1_462' title='bbox 1394 3990 1479 4047; x_wconf 87' lang='lat' dir='ltr'><strong>ait</strong></span> <span class='ocrx_word' id='word_1_463' title='bbox 1502 3990 1832 4062; x_wconf 77' lang='lat' dir='ltr'><strong>Scriqtura,</strong></span> <span class='ocrx_word' id='word_1_464' title='bbox 1857 3992 2141 4063; x_wconf 86' lang='lat' dir='ltr'><strong>ponenda</strong></span> 
     </span>
    </p>
   </div>
   <div class='ocr_carea' id='block_1_70' title="bbox 485 4078 2142 4153">
    <p class='ocr_par' dir='ltr' id='par_1_70' title="bbox 485 4078 2142 4153">
     <span class='ocr_line' id='line_1_70' title="bbox 485 4078 2142 4153; baseline 0.002 -19"><span class='ocrx_word' id='word_1_465' title='bbox 485 4082 572 4134; x_wconf 91' lang='lat' dir='ltr'><strong>est</strong></span> <span class='ocrx_word' id='word_1_466' title='bbox 600 4078 920 4135; x_wconf 88' lang='lat' dir='ltr'><strong>distinctio.</strong></span> <span class='ocrx_word' id='word_1_467' title='bbox 952 4078 1321 4136; x_wconf 81' lang='lat' dir='ltr'><strong>Multifariam</strong></span> <span class='ocrx_word' id='word_1_468' title='bbox 1344 4081 1502 4136; x_wconf 90' lang='lat' dir='ltr'><strong>enim</strong></span> <span class='ocrx_word' id='word_1_469' title='bbox 1528 4079 1809 4153; x_wconf 76' lang='lat' dir='ltr'><strong>praecepit</strong></span> <span class='ocrx_word' id='word_1_470' title='bbox 1836 4080 2142 4153; x_wconf 89' lang='lat' dir='ltr'><strong>Scriptura</strong></span> 
     </span>
    </p>
   </div>
   <div class='ocr_carea' id='block_1_71' title="bbox 486 4168 1040 4225">
    <p class='ocr_par' dir='ltr' id='par_1_71' title="bbox 486 4168 1040 4225">
     <span class='ocr_line' id='line_1_71' title="bbox 486 4168 1040 4225; baseline 0.002 -1"><span class='ocrx_word' id='word_1_471' title='bbox 486 4168 723 4224; x_wconf 85' lang='lat' dir='ltr'><strong>credere</strong></span> <span class='ocrx_word' id='word_1_472' title='bbox 754 4168 813 4224; x_wconf 91' lang='lat' dir='ltr'><strong>in</strong></span> <span class='ocrx_word' id='word_1_473' title='bbox 844 4168 1040 4225; x_wconf 90' lang='lat' dir='ltr'><strong>illum.</strong></span> 
     </span>
    </p>
   </div>
   <div class='ocr_carea' id='block_1_72' title="bbox 561 4259 2143 4331">
    <p class='ocr_par' dir='ltr' id='par_1_72' title="bbox 561 4259 2143 4331">
     <span class='ocr_line' id='line_1_72' title="bbox 561 4259 2143 4331; baseline 0.006 -23"><span class='ocrx_word' id='word_1_474' title='bbox 561 4260 725 4315; x_wconf 83' lang='lat' dir='ltr'><strong>Vers.</strong></span> <span class='ocrx_word' id='word_1_475' title='bbox 766 4259 859 4315; x_wconf 87' lang='lat'><strong>39.</strong></span> <span class='ocrx_word' id='word_1_476' title='bbox 896 4260 1019 4315; x_wconf 85' lang='lat' dir='ltr'><strong>Hoc</strong></span> <span class='ocrx_word' id='word_1_477' title='bbox 1049 4291 1109 4299; x_wconf 93' lang='lat'><strong>—</strong></span> <span class='ocrx_word' id='word_1_478' title='bbox 1163 4275 1312 4315; x_wconf 85' lang='lat' dir='ltr'><strong>eum.</strong></span> <span class='ocrx_word' id='word_1_479' title='bbox 1358 4259 1510 4325; x_wconf 91' lang='lat' dir='ltr'><strong>Hoc,</strong></span> <span class='ocrx_word' id='word_1_480' title='bbox 1551 4263 1716 4331; x_wconf 90' lang='lat' dir='ltr'><strong>puta,</strong></span> <span class='ocrx_word' id='word_1_481' title='bbox 1754 4260 2031 4318; x_wconf 82' lang='lat' dir='ltr'><strong>Flumina</strong></span> <span class='ocrx_word' id='word_1_482' title='bbox 2070 4262 2143 4318; x_wconf 84' lang='lat' dir='ltr'><strong>de</strong></span> 
     </span>
    </p>
   </div>
   <div class='ocr_carea' id='block_1_73' title="bbox 484 4349 2143 4422">
    <p class='ocr_par' dir='ltr' id='par_1_73' title="bbox 484 4349 2143 4422">
     <span class='ocr_line' id='line_1_73' title="bbox 484 4349 2143 4422; baseline 0.001 -18"><span class='ocrx_word' id='word_1_483' title='bbox 484 4354 688 4404; x_wconf 79' lang='lat' dir='ltr'><strong>ventre</strong></span> <span class='ocrx_word' id='word_1_484' title='bbox 716 4351 839 4419; x_wconf 85' lang='lat' dir='ltr'><strong>ejus</strong></span> <span class='ocrx_word' id='word_1_485' title='bbox 865 4350 1053 4419; x_wconf 84' lang='lat' dir='ltr'><strong>ﬂuent</strong></span> <span class='ocrx_word' id='word_1_486' title='bbox 1077 4364 1249 4420; x_wconf 58' lang='lat' dir='ltr'><strong>aqua</strong></span> <span class='ocrx_word' id='word_1_487' title='bbox 1280 4349 1445 4405; x_wconf 65' lang='lat' dir='ltr'><strong>vivae.</strong></span> <span class='ocrx_word' id='word_1_488' title='bbox 1471 4351 1551 4405; x_wconf 90' lang='lat' dir='ltr'><strong>De</strong></span> <span class='ocrx_word' id='word_1_489' title='bbox 1583 4349 1801 4422; x_wconf 90' lang='lat' dir='ltr'><strong>Spiritu</strong></span> <span class='ocrx_word' id='word_1_490' title='bbox 1832 4365 1989 4418; x_wconf 88' lang='lat' dir='ltr'><strong>vero,</strong></span> <span class='ocrx_word' id='word_1_491' title='bbox 2022 4351 2143 4406; x_wconf 88' lang='lat' dir='ltr'><strong>sive</strong></span> 
     </span>
    </p>
   </div>
   <div class='ocr_carea' id='block_1_74' title="bbox 486 4436 1258 4509">
    <p class='ocr_par' dir='ltr' id='par_1_74' title="bbox 486 4436 1258 4509">
     <span class='ocr_line' id='line_1_74' title="bbox 486 4436 1258 4509; baseline 0.001 -16"><span class='ocrx_word' id='word_1_492' title='bbox 486 4437 560 4494; x_wconf 89' lang='lat' dir='ltr'><strong>de</strong></span> <span class='ocrx_word' id='word_1_493' title='bbox 593 4436 1000 4509; x_wconf 87' lang='lat' dir='ltr'><strong>spiritualibus</strong></span> <span class='ocrx_word' id='word_1_494' title='bbox 1027 4437 1258 4508; x_wconf 89' lang='lat' dir='ltr'><strong>gratiis.</strong></span> 
     </span>
    </p>
   </div>
   <div class='ocr_carea' id='block_1_75' title="bbox 559 4616 2141 4676">
    <p class='ocr_par' dir='ltr' id='par_1_75' title="bbox 559 4616 2141 4676">
     <span class='ocr_line' id='line_1_75' title="bbox 559 4616 2141 4676; baseline 0.001 -3"><span class='ocrx_word' id='word_1_495' title='bbox 559 4616 725 4673; x_wconf 85' lang='lat' dir='ltr'><strong>Vers.</strong></span> <span class='ocrx_word' id='word_1_496' title='bbox 765 4617 857 4673; x_wconf 87' lang='grc'><strong>39.</strong></span> <span class='ocrx_word' id='word_1_497' title='bbox 897 4617 1173 4674; x_wconf 89' lang='lat' dir='ltr'><strong>Nondum</strong></span> <span class='ocrx_word' id='word_1_498' title='bbox 1208 4648 1274 4658; x_wconf 92' lang='lat'><strong>—</strong></span> <span class='ocrx_word' id='word_1_499' title='bbox 1303 4628 1562 4674; x_wconf 77' lang='lat' dir='ltr'><strong>sanctus.</strong></span> <span class='ocrx_word' id='word_1_500' title='bbox 1597 4619 1874 4675; x_wconf 90' lang='lat' dir='ltr'><strong>Nondum</strong></span> <span class='ocrx_word' id='word_1_501' title='bbox 1909 4623 2035 4675; x_wconf 92' lang='lat' dir='ltr'><strong>erat</strong></span> <span class='ocrx_word' id='word_1_502' title='bbox 2083 4619 2141 4676; x_wconf 89' lang='lat' dir='ltr'><strong>in</strong></span> 
     </span>
    </p>
   </div>
   <div class='ocr_carea' id='block_1_76' title="bbox 488 4705 2145 4780">
    <p class='ocr_par' dir='ltr' id='par_1_76' title="bbox 488 4705 2145 4780">
     <span class='ocr_line' id='line_1_76' title="bbox 488 4705 2145 4780; baseline 0.002 -19"><span class='ocrx_word' id='word_1_503' title='bbox 488 4705 622 4773; x_wconf 91' lang='lat' dir='ltr'><strong>illis,</strong></span> <span class='ocrx_word' id='word_1_504' title='bbox 655 4706 759 4778; x_wconf 90' lang='lat' dir='ltr'><strong>qui</strong></span> <span class='ocrx_word' id='word_1_505' title='bbox 784 4708 844 4762; x_wconf 88' lang='lat' dir='ltr'><strong>in</strong></span> <span class='ocrx_word' id='word_1_506' title='bbox 874 4708 1074 4780; x_wconf 90' lang='lat' dir='ltr'><strong>ipsum</strong></span> <span class='ocrx_word' id='word_1_507' title='bbox 1103 4706 1430 4764; x_wconf 89' lang='lat' dir='ltr'><strong>credebant</strong></span> <span class='ocrx_word' id='word_1_508' title='bbox 1464 4726 1478 4775; x_wconf 90' lang='lat'><strong>;</strong></span> <span class='ocrx_word' id='word_1_509' title='bbox 1507 4708 1781 4765; x_wconf 90' lang='lat' dir='ltr'><strong>nondum</strong></span> <span class='ocrx_word' id='word_1_510' title='bbox 1813 4710 1987 4766; x_wconf 89' lang='lat' dir='ltr'><strong>datus</strong></span> <span class='ocrx_word' id='word_1_511' title='bbox 2020 4714 2145 4765; x_wconf 90' lang='lat' dir='ltr'><strong>erat</strong></span> 
     </span>
    </p>
   </div>
   <div class='ocr_carea' id='block_1_77' title="bbox 489 4788 1536 4868">
    <p class='ocr_par' dir='ltr' id='par_1_77' title="bbox 489 4788 1536 4868">
     <span class='ocr_line' id='line_1_77' title="bbox 489 4788 1536 4868; baseline 0.002 -17"><span class='ocrx_word' id='word_1_512' title='bbox 489 4795 790 4868; x_wconf 88' lang='lat' dir='ltr'><strong>discipulis</strong></span> <span class='ocrx_word' id='word_1_513' title='bbox 821 4797 968 4868; x_wconf 86' lang='lat' dir='ltr'><strong>ejus.</strong></span> <span class='ocrx_word' id='word_1_514' title='bbox 1533 4788 1536 4792; x_wconf 68' lang='grc'><strong>’</strong></span> 
     </span>
    </p>
   </div>
   <div class='ocr_carea' id='block_1_78' title="bbox 562 4887 2141 4957">
    <p class='ocr_par' dir='ltr' id='par_1_78' title="bbox 562 4887 2141 4957">
     <span class='ocr_line' id='line_1_78' title="bbox 562 4887 2141 4957; baseline 0.003 -17"><span class='ocrx_word' id='word_1_515' title='bbox 562 4890 729 4944; x_wconf 87' lang='lat' dir='ltr'><strong>Vers.</strong></span> <span class='ocrx_word' id='word_1_516' title='bbox 773 4891 862 4944; x_wconf 86' lang='lat'><strong>39.</strong></span> <span class='ocrx_word' id='word_1_517' title='bbox 912 4887 1052 4952; x_wconf 84' lang='lat' dir='ltr'><strong>Quia</strong></span> <span class='ocrx_word' id='word_1_518' title='bbox 1084 4918 1150 4928; x_wconf 95' lang='lat'>—</span> <span class='ocrx_word' id='word_1_519' title='bbox 1206 4888 1602 4957; x_wconf 75' lang='lat' dir='ltr'><strong>gloriﬁcatus.</strong></span> <span class='ocrx_word' id='word_1_520' title='bbox 1663 4890 1807 4955; x_wconf 88' lang='lat' dir='ltr'><strong>Quia</strong></span> <span class='ocrx_word' id='word_1_521' title='bbox 1871 4890 2141 4945; x_wconf 90' lang='lat' dir='ltr'><strong>nondum</strong></span> 
     </span>
    </p>
   </div>
   <div class='ocr_carea' id='block_1_79' title="bbox 564 5066 1657 5135">
    <p class='ocr_par' dir='ltr' id='par_1_79' title="bbox 564 5066 1657 5135">
     <span class='ocr_line' id='line_1_79' title="bbox 564 5066 1657 5135; baseline 0.002 -14"><span class='ocrx_word' id='word_1_522' title='bbox 564 5068 609 5102; x_wconf 76' lang='lat'>“</span> <span class='ocrx_word' id='word_1_523' title='bbox 640 5066 794 5124; x_wconf 87' lang='lat' dir='ltr'><strong>Psal.</strong></span> <span class='ocrx_word' id='word_1_524' title='bbox 818 5081 1016 5134; x_wconf 67' lang='grc' dir='ltr'><strong>χχχιχ,</strong></span> <span class='ocrx_word' id='word_1_525' title='bbox 1049 5070 1103 5124; x_wconf 85' lang='grc'><strong>9.</strong></span> <span class='ocrx_word' id='word_1_526' title='bbox 1182 5066 1230 5100; x_wconf 75' lang='grc'><strong>⁸⁸</strong></span> <span class='ocrx_word' id='word_1_527' title='bbox 1256 5066 1423 5124; x_wconf 84' lang='lat' dir='ltr'><strong>Joan.</strong></span> <span class='ocrx_word' id='word_1_528' title='bbox 1460 5082 1534 5135; x_wconf 76' lang='grc' dir='ltr'><strong>ιν,</strong></span> <span class='ocrx_word' id='word_1_529' title='bbox 1574 5070 1657 5123; x_wconf 74' lang='grc'><strong>14.</strong></span> 
     </span>
    </p>
   </div>
   <div class='ocr_carea' id='block_1_80' title="bbox 2250 3266 3860 3343">
    <p class='ocr_par' dir='ltr' id='par_1_80' title="bbox 2250 3266 3860 3343">
     <span class='ocr_line' id='line_1_80' title="bbox 2250 3266 3860 3343; baseline -0.006 -19"><span class='ocrx_word' id='word_1_530' title='bbox 2250 3293 2386 3337; x_wconf 86' lang='grc' dir='ltr'>νους,</span> <span class='ocrx_word' id='word_1_531' title='bbox 2442 3278 2530 3324; x_wconf 86' lang='grc' dir='ltr'>καὶ</span> <span class='ocrx_word' id='word_1_532' title='bbox 2569 3278 2668 3323; x_wconf 83' lang='grc' dir='ltr'>πᾶν</span> <span class='ocrx_word' id='word_1_533' title='bbox 2716 3274 2774 3322; x_wconf 77' lang='grc' dir='ltr'><strong>τό</strong></span> <span class='ocrx_word' id='word_1_534' title='bbox 2823 3273 3129 3343; x_wconf 64' lang='grc' dir='ltr'>προστυχὸν</span> <span class='ocrx_word' id='word_1_535' title='bbox 3165 3270 3586 3342; x_wconf 81' lang='grc' dir='ltr'>παρασύροντας,</span> <span class='ocrx_word' id='word_1_536' title='bbox 3637 3269 3724 3316; x_wconf 81' lang='grc' dir='ltr'>καὶ</span> <span class='ocrx_word' id='word_1_537' title='bbox 3763 3266 3860 3325; x_wconf 81' lang='grc' dir='ltr'>τὰς</span> 
     </span>
    </p>
   </div>
   <div class='ocr_carea' id='block_1_81' title="bbox 2251 3356 3861 3433">
    <p class='ocr_par' dir='ltr' id='par_1_81' title="bbox 2251 3356 3861 3433">
     <span class='ocr_line' id='line_1_81' title="bbox 2251 3356 3861 3433; baseline -0.007 -18"><span class='ocrx_word' id='word_1_538' title='bbox 2251 3372 2348 3415; x_wconf 85' lang='grc' dir='ltr'><strong>τῶν</strong></span> <span class='ocrx_word' id='word_1_539' title='bbox 2388 3361 2622 3414; x_wconf 77' lang='grc' dir='ltr'>ἀπίστων</span> <span class='ocrx_word' id='word_1_540' title='bbox 2648 3364 2952 3433; x_wconf 80' lang='grc' dir='ltr'>κενοφωνίας</span> <span class='ocrx_word' id='word_1_541' title='bbox 2994 3358 3385 3418; x_wconf 77' lang='grc' dir='ltr'>ἐπικλύζοντας,</span> <span class='ocrx_word' id='word_1_542' title='bbox 3416 3360 3505 3407; x_wconf 83' lang='grc' dir='ltr'>καὶ</span> <span class='ocrx_word' id='word_1_543' title='bbox 3537 3356 3651 3425; x_wconf 81' lang='grc'><strong>(12)</strong></span> <span class='ocrx_word' id='word_1_544' title='bbox 3700 3372 3861 3405; x_wconf 87' lang='grc' dir='ltr'>κατα-</span> 
     </span>
    </p>
   </div>
   <div class='ocr_carea' id='block_1_82' title="bbox 2249 3456 2602 3515">
    <p class='ocr_par' dir='ltr' id='par_1_82' title="bbox 2249 3456 2602 3515">
     <span class='ocr_line' id='line_1_82' title="bbox 2249 3456 2602 3515; baseline -0.006 -10"><span class='ocrx_word' id='word_1_545' title='bbox 2249 3456 2602 3515; x_wconf 85' lang='grc' dir='ltr'>ποντίζοντας.</span> 
     </span>
    </p>
   </div>
   <div class='ocr_carea' id='block_1_83' title="bbox 2325 3535 3861 3613">
    <p class='ocr_par' dir='ltr' id='par_1_83' title="bbox 2325 3535 3861 3613">
     <span class='ocr_line' id='line_1_83' title="bbox 2325 3535 3861 3613; baseline -0.008 -18"><span class='ocrx_word' id='word_1_546' title='bbox 2325 3547 2425 3595; x_wconf 79' lang='grc' dir='ltr'><strong>Καὶ</strong></span> <span class='ocrx_word' id='word_1_547' title='bbox 2456 3541 2503 3593; x_wconf 83' lang='grc' dir='ltr'>ἐν</span> <span class='ocrx_word' id='word_1_548' title='bbox 2533 3549 2604 3611; x_wconf 83' lang='grc' dir='ltr'>τῷ</span> <span class='ocrx_word' id='word_1_549' title='bbox 2644 3544 2860 3613; x_wconf 83' lang='grc' dir='ltr'>πέμπτῳ</span> <span class='ocrx_word' id='word_1_550' title='bbox 2908 3535 2966 3591; x_wconf 68' lang='grc' dir='ltr'><strong>δὲ</strong></span> <span class='ocrx_word' id='word_1_551' title='bbox 3006 3536 3263 3610; x_wconf 77' lang='grc' dir='ltr'>κεφαλαίῳ</span> <span class='ocrx_word' id='word_1_552' title='bbox 3305 3537 3437 3609; x_wconf 88' lang='grc' dir='ltr'>πρὸς</span> <span class='ocrx_word' id='word_1_553' title='bbox 3475 3538 3569 3592; x_wconf 80' lang='grc' dir='ltr'>τὴν</span> <span class='ocrx_word' id='word_1_554' title='bbox 3609 3538 3861 3605; x_wconf 81' lang='grc' dir='ltr'>Σαμαρεί-</span> 
     </span>
    </p>
   </div>
   <div class='ocr_carea' id='block_1_84' title="bbox 2251 3623 3861 3699">
    <p class='ocr_par' dir='ltr' id='par_1_84' title="bbox 2251 3623 3861 3699">
     <span class='ocr_line' id='line_1_84' title="bbox 2251 3623 3861 3699; baseline -0.006 -15"><span class='ocrx_word' id='word_1_555' title='bbox 2251 3652 2327 3685; x_wconf 85' lang='grc' dir='ltr'><strong>τιν</strong></span> <span class='ocrx_word' id='word_1_556' title='bbox 2383 3629 2515 3683; x_wconf 83' lang='grc' dir='ltr'>εἶπεν</span> <span class='ocrx_word' id='word_1_557' title='bbox 2569 3633 2648 3683; x_wconf 84' lang='grc' dir='ltr'>ὅτι</span> <span class='ocrx_word' id='word_1_558' title='bbox 2698 3634 2767 3683; x_wconf 87' lang='grc' dir='ltr'>Τό</span> <span class='ocrx_word' id='word_1_559' title='bbox 2843 3625 3010 3699; x_wconf 71' lang='grc' dir='ltr'>ὕδωρ,</span> <span class='ocrx_word' id='word_1_560' title='bbox 3071 3628 3095 3679; x_wconf 89' lang='grc' dir='ltr'>ὃ</span> <span class='ocrx_word' id='word_1_561' title='bbox 3150 3623 3306 3679; x_wconf 82' lang='grc' dir='ltr'>δώσω</span> <span class='ocrx_word' id='word_1_562' title='bbox 3362 3624 3524 3694; x_wconf 75' lang='grc' dir='ltr'>αύτῷ,</span> <span class='ocrx_word' id='word_1_563' title='bbox 3582 3627 3861 3694; x_wconf 68' lang='grc' dir='ltr'>γενήσεται</span> 
     </span>
    </p>
   </div>
   <div class='ocr_carea' id='block_1_85' title="bbox 2251 3712 3855 3792">
    <p class='ocr_par' dir='ltr' id='par_1_85' title="bbox 2251 3712 3855 3792">
     <span class='ocr_line' id='line_1_85' title="bbox 2251 3712 3855 3792; baseline -0.007 -19"><span class='ocrx_word' id='word_1_564' title='bbox 2251 3720 2298 3773; x_wconf 82' lang='grc' dir='ltr'>ἐν</span> <span class='ocrx_word' id='word_1_565' title='bbox 2340 3722 2479 3792; x_wconf 84' lang='grc' dir='ltr'>αύτῴ</span> <span class='ocrx_word' id='word_1_566' title='bbox 2526 3725 2665 3791; x_wconf 74' lang='grc' dir='ltr'>πηγὴ</span> <span class='ocrx_word' id='word_1_567' title='bbox 2724 3716 2917 3780; x_wconf 74' lang='grc' dir='ltr'>ὕδατος</span> <span class='ocrx_word' id='word_1_568' title='bbox 2966 3717 3241 3789; x_wconf 81' lang='grc' dir='ltr'>ἁλλομένου</span> <span class='ocrx_word' id='word_1_569' title='bbox 3306 3715 3377 3775; x_wconf 86' lang='grc' dir='ltr'>εἰς</span> <span class='ocrx_word' id='word_1_570' title='bbox 3417 3715 3550 3775; x_wconf 82' lang='grc' dir='ltr'>ζωὴν</span> <span class='ocrx_word' id='word_1_571' title='bbox 3605 3712 3813 3765; x_wconf 83' lang='grc' dir='ltr'>αἰώνιον</span> <span class='ocrx_word' id='word_1_572' title='bbox 3843 3728 3855 3741; x_wconf 79' lang='grc'><strong><em>⁸</em></strong></span> 
     </span>
    </p>
   </div>
   <div class='ocr_carea' id='block_1_86' title="bbox 2250 3802 3858 3883">
    <p class='ocr_par' dir='ltr' id='par_1_86' title="bbox 2250 3802 3858 3883">
     <span class='ocr_line' id='line_1_86' title="bbox 2250 3802 3858 3883; baseline -0.007 -20"><span class='ocrx_word' id='word_1_573' title='bbox 2250 3816 2339 3864; x_wconf 87' lang='grc' dir='ltr'><strong>καὶ</strong></span> <span class='ocrx_word' id='word_1_574' title='bbox 2371 3810 2630 3883; x_wconf 75' lang='grc' dir='ltr'>ἀνάγνωθι</span> <span class='ocrx_word' id='word_1_575' title='bbox 2682 3809 2834 3862; x_wconf 79' lang='grc' dir='ltr'>πάλιν</span> <span class='ocrx_word' id='word_1_576' title='bbox 2888 3812 2983 3866; x_wconf 80' lang='grc' dir='ltr'>τὴν</span> <span class='ocrx_word' id='word_1_577' title='bbox 3038 3806 3287 3878; x_wconf 70' lang='grc' dir='ltr'><strong>ἐξήγησιν</strong></span> <span class='ocrx_word' id='word_1_578' title='bbox 3335 3812 3435 3857; x_wconf 87' lang='grc' dir='ltr'><strong>τῶν</strong></span> <span class='ocrx_word' id='word_1_579' title='bbox 3466 3805 3711 3856; x_wconf 81' lang='grc' dir='ltr'>τοιούτων</span> <span class='ocrx_word' id='word_1_580' title='bbox 3763 3802 3858 3875; x_wconf 81' lang='grc' dir='ltr'><strong>ῥη-</strong></span> 
     </span>
    </p>
   </div>
   <div class='ocr_carea' id='block_1_87' title="bbox 2249 3910 2367 3956">
    <p class='ocr_par' dir='ltr' id='par_1_87' title="bbox 2249 3910 2367 3956">
     <span class='ocr_line' id='line_1_87' title="bbox 2249 3910 2367 3956; baseline 0.025 -3"><span class='ocrx_word' id='word_1_581' title='bbox 2249 3910 2348 3953; x_wconf 85' lang='grc' dir='ltr'>τῶν</span> <span class='ocrx_word' id='word_1_582' title='bbox 2357 3944 2367 3956; x_wconf 95' lang='grc'>.</span> 
     </span>
    </p>
   </div>
   <div class='ocr_carea' id='block_1_88' title="bbox 2322 3982 3860 4058">
    <p class='ocr_par' dir='ltr' id='par_1_88' title="bbox 2322 3982 3860 4058">
     <span class='ocr_line' id='line_1_88' title="bbox 2322 3982 3860 4058; baseline -0.008 -14"><span class='ocrx_word' id='word_1_583' title='bbox 2322 3992 2466 4046; x_wconf 75' lang='grc' dir='ltr'>Μετὰ</span> <span class='ocrx_word' id='word_1_584' title='bbox 2529 3986 2587 4042; x_wconf 75' lang='grc' dir='ltr'><strong>δὲ</strong></span> <span class='ocrx_word' id='word_1_585' title='bbox 2631 3992 2688 4041; x_wconf 85' lang='grc' dir='ltr'><strong>τό</strong></span> <span class='ocrx_word' id='word_1_586' title='bbox 2746 3989 2924 4048; x_wconf 81' lang='grc' dir='ltr'>Καθὼς</span> <span class='ocrx_word' id='word_1_587' title='bbox 2978 3985 3111 4039; x_wconf 84' lang='grc' dir='ltr'>εἶπεν</span> <span class='ocrx_word' id='word_1_588' title='bbox 3169 3987 3199 4044; x_wconf 81' lang='grc' dir='ltr'><strong>ἠ</strong></span> <span class='ocrx_word' id='word_1_589' title='bbox 3250 3988 3423 4058; x_wconf 81' lang='grc' dir='ltr'>Γραφὴ</span> <span class='ocrx_word' id='word_1_590' title='bbox 3472 3982 3589 4054; x_wconf 85' lang='lat' dir='ltr'><strong>(l3)</strong></span> <span class='ocrx_word' id='word_1_591' title='bbox 3640 3982 3860 4033; x_wconf 82' lang='grc' dir='ltr'>ύποστι-</span> 
     </span>
    </p>
   </div>
   <div class='ocr_carea' id='block_1_89' title="bbox 2250 4069 3860 4151">
    <p class='ocr_par' dir='ltr' id='par_1_89' title="bbox 2250 4069 3860 4151">
     <span class='ocr_line' id='line_1_89' title="bbox 2250 4069 3860 4151; baseline -0.008 -18"><span class='ocrx_word' id='word_1_592' title='bbox 2250 4086 2413 4134; x_wconf 87' lang='grc' dir='ltr'>κτέον.</span> <span class='ocrx_word' id='word_1_593' title='bbox 2448 4083 2709 4151; x_wconf 74' lang='grc' dir='ltr'>Διαφόρως</span> <span class='ocrx_word' id='word_1_594' title='bbox 2739 4080 2841 4150; x_wconf 73' lang='grc' dir='ltr'><strong>γὰρ</strong></span> <span class='ocrx_word' id='word_1_595' title='bbox 2885 4076 3162 4129; x_wconf 77' lang='grc' dir='ltr'>ἐνετείλατο</span> <span class='ocrx_word' id='word_1_596' title='bbox 3199 4077 3228 4133; x_wconf 85' lang='grc' dir='ltr'>ἡ</span> <span class='ocrx_word' id='word_1_597' title='bbox 3262 4077 3435 4149; x_wconf 55' lang='grc' dir='ltr'>Γραςωὴ</span> <span class='ocrx_word' id='word_1_598' title='bbox 3482 4073 3746 4124; x_wconf 79' lang='grc' dir='ltr'>πιστεύειν</span> <span class='ocrx_word' id='word_1_599' title='bbox 3794 4069 3860 4129; x_wconf 82' lang='grc' dir='ltr'>εἰς</span> 
     </span>
    </p>
   </div>
   <div class='ocr_carea' id='block_1_90' title="bbox 2253 4171 2426 4223">
    <p class='ocr_par' dir='ltr' id='par_1_90' title="bbox 2253 4171 2426 4223">
     <span class='ocr_line' id='line_1_90' title="bbox 2253 4171 2426 4223; baseline -0.012 0"><span class='ocrx_word' id='word_1_600' title='bbox 2253 4171 2405 4223; x_wconf 64' lang='grc' dir='ltr'>αὐτόν</span> <span class='ocrx_word' id='word_1_601' title='bbox 2416 4210 2426 4221; x_wconf 92' lang='grc'>.</span> 
     </span>
    </p>
   </div>
   <div class='ocr_carea' id='block_1_91' title="bbox 2323 4248 3861 4326">
    <p class='ocr_par' dir='ltr' id='par_1_91' title="bbox 2323 4248 3861 4326">
     <span class='ocr_line' id='line_1_91' title="bbox 2323 4248 3861 4326; baseline -0.009 -13"><span class='ocrx_word' id='word_1_602' title='bbox 2323 4268 2486 4314; x_wconf 77' lang='grc' dir='ltr'>Τοῦτο</span> <span class='ocrx_word' id='word_1_603' title='bbox 2528 4291 2593 4299; x_wconf 91' lang='lat'><strong>-—</strong></span> <span class='ocrx_word' id='word_1_604' title='bbox 2639 4259 2815 4312; x_wconf 72' lang='grc' dir='ltr'>αὐτόν.</span> <span class='ocrx_word' id='word_1_605' title='bbox 2848 4263 3039 4326; x_wconf 80' lang='grc' dir='ltr'>Τοῦτο,</span> <span class='ocrx_word' id='word_1_606' title='bbox 3069 4261 3216 4307; x_wconf 90' lang='grc' dir='ltr'>ποῖον</span> <span class='ocrx_word' id='word_1_607' title='bbox 3246 4270 3259 4320; x_wconf 88' lang='grc'><strong>;</strong></span> <span class='ocrx_word' id='word_1_608' title='bbox 3292 4256 3349 4305; x_wconf 88' lang='grc' dir='ltr'><strong>τό</strong></span> <span class='ocrx_word' id='word_1_609' title='bbox 3383 4255 3618 4323; x_wconf 88' lang='grc' dir='ltr'>Ποταμοὶ</span> <span class='ocrx_word' id='word_1_610' title='bbox 3666 4248 3720 4301; x_wconf 79' lang='grc' dir='ltr'>ἐκ</span> <span class='ocrx_word' id='word_1_611' title='bbox 3764 4256 3861 4309; x_wconf 80' lang='grc' dir='ltr'>τῆς</span> 
     </span>
    </p>
   </div>
   <div class='ocr_carea' id='block_1_92' title="bbox 2253 4340 3861 4423">
    <p class='ocr_par' dir='ltr' id='par_1_92' title="bbox 2253 4340 3861 4423">
     <span class='ocr_line' id='line_1_92' title="bbox 2253 4340 3861 4423; baseline -0.009 -20"><span class='ocrx_word' id='word_1_612' title='bbox 2253 4350 2451 4412; x_wconf 87' lang='grc' dir='ltr'>κοιλίας</span> <span class='ocrx_word' id='word_1_613' title='bbox 2506 4349 2666 4401; x_wconf 66' lang='grc' dir='ltr'>αὑτοῦ</span> <span class='ocrx_word' id='word_1_614' title='bbox 2714 4350 2991 4423; x_wconf 74' lang='grc' dir='ltr'>ῥεύσουσιν</span> <span class='ocrx_word' id='word_1_615' title='bbox 3048 4346 3162 4415; x_wconf 74' lang='grc'><strong>(14)</strong></span> <span class='ocrx_word' id='word_1_616' title='bbox 3218 4340 3405 4403; x_wconf 76' lang='grc' dir='ltr'>ὕδατος</span> <span class='ocrx_word' id='word_1_617' title='bbox 3462 4341 3674 4401; x_wconf 78' lang='grc' dir='ltr'>ζῶντος.</span> <span class='ocrx_word' id='word_1_618' title='bbox 3736 4343 3861 4413; x_wconf 79' lang='grc' dir='ltr'>Περὶ</span> 
     </span>
    </p>
   </div>
   <div class='ocr_carea' id='block_1_93' title="bbox 2254 4435 3858 4511">
    <p class='ocr_par' dir='ltr' id='par_1_93' title="bbox 2254 4435 3858 4511">
     <span class='ocr_line' id='line_1_93' title="bbox 2254 4435 3858 4511; baseline -0.009 -18"><span class='ocrx_word' id='word_1_619' title='bbox 2254 4448 2344 4494; x_wconf 79' lang='grc' dir='ltr'>τοῦ</span> <span class='ocrx_word' id='word_1_620' title='bbox 2388 4442 2681 4511; x_wconf 83' lang='grc' dir='ltr'>[Ινεύματος</span> <span class='ocrx_word' id='word_1_621' title='bbox 2714 4435 2791 4503; x_wconf 78' lang='grc' dir='ltr'>δε,</span> <span class='ocrx_word' id='word_1_622' title='bbox 2819 4440 2983 4489; x_wconf 66' lang='grc' dir='ltr'>εῖτουθ</span> <span class='ocrx_word' id='word_1_623' title='bbox 3008 4438 3126 4509; x_wconf 85' lang='grc' dir='ltr'>περὶ</span> <span class='ocrx_word' id='word_1_624' title='bbox 3146 4442 3246 4485; x_wconf 89' lang='grc' dir='ltr'><strong>τῶν</strong></span> <span class='ocrx_word' id='word_1_625' title='bbox 3275 4438 3630 4503; x_wconf 81' lang='grc' dir='ltr'>πνευματικῶν</span> <span class='ocrx_word' id='word_1_626' title='bbox 3662 4446 3858 4501; x_wconf 85' lang='grc' dir='ltr'>χαρισ-</span> 
     </span>
    </p>
   </div>
   <div class='ocr_carea' id='block_1_94' title="bbox 2175 4532 2451 4628">
    <p class='ocr_par' dir='ltr' id='par_1_94' title="bbox 2175 4532 2451 4628">
     <span class='ocr_line' id='line_1_94' title="bbox 2175 4532 2451 4628; baseline 0.004 -46"><span class='ocrx_word' id='word_1_627' title='bbox 2175 4574 2219 4628; x_wconf 73' lang='lat' dir='ltr'>D</span> <span class='ocrx_word' id='word_1_628' title='bbox 2256 4532 2451 4603; x_wconf 78' lang='grc' dir='ltr'>μάτων.</span> 
     </span>
    </p>
   </div>
   <div class='ocr_carea' id='block_1_95' title="bbox 2326 4604 3859 4689">
    <p class='ocr_par' dir='ltr' id='par_1_95' title="bbox 2326 4604 3859 4689">
     <span class='ocr_line' id='line_1_95' title="bbox 2326 4604 3859 4689; baseline -0.01 -18"><span class='ocrx_word' id='word_1_629' title='bbox 2326 4623 2486 4671; x_wconf 70' lang='grc' dir='ltr'>Οὔπω</span> <span class='ocrx_word' id='word_1_630' title='bbox 2516 4650 2584 4657; x_wconf 96' lang='lat'><strong>—</strong></span> <span class='ocrx_word' id='word_1_631' title='bbox 2614 4618 2782 4689; x_wconf 68' lang='grc' dir='ltr'>ἅγιον.</span> <span class='ocrx_word' id='word_1_632' title='bbox 2818 4618 2978 4668; x_wconf 69' lang='grc' dir='ltr'>Οὔπω</span> <span class='ocrx_word' id='word_1_633' title='bbox 3017 4634 3078 4672; x_wconf 80' lang='grc' dir='ltr'>ην</span> <span class='ocrx_word' id='word_1_634' title='bbox 3101 4612 3148 4665; x_wconf 79' lang='grc' dir='ltr'>ἐν</span> <span class='ocrx_word' id='word_1_635' title='bbox 3179 4618 3284 4672; x_wconf 89' lang='grc' dir='ltr'>τοῖς</span> <span class='ocrx_word' id='word_1_636' title='bbox 3313 4612 3653 4663; x_wconf 80' lang='grc' dir='ltr'>πιστεύουσιν</span> <span class='ocrx_word' id='word_1_637' title='bbox 3676 4608 3743 4666; x_wconf 76' lang='grc' dir='ltr'>εἰς</span> <span class='ocrx_word' id='word_1_638' title='bbox 3768 4604 3859 4656; x_wconf 84' lang='grc' dir='ltr'>αύ·</span> 
     </span>
    </p>
   </div>
   <div class='ocr_carea' id='block_1_96' title="bbox 2253 4698 3581 4778">
    <p class='ocr_par' dir='ltr' id='par_1_96' title="bbox 2253 4698 3581 4778">
     <span class='ocr_line' id='line_1_96' title="bbox 2253 4698 3581 4778; baseline -0.007 -16"><span class='ocrx_word' id='word_1_639' title='bbox 2253 4714 2338 4763; x_wconf 89' lang='grc' dir='ltr'><strong>τόν</strong></span> <span class='ocrx_word' id='word_1_640' title='bbox 2374 4729 2386 4741; x_wconf 89' lang='grc'><strong>·</strong></span> <span class='ocrx_word' id='word_1_641' title='bbox 2411 4712 2554 4760; x_wconf 81' lang='grc' dir='ltr'>ούπω</span> <span class='ocrx_word' id='word_1_642' title='bbox 2580 4704 2639 4765; x_wconf 77' lang='grc' dir='ltr'><strong>ἧν</strong></span> <span class='ocrx_word' id='word_1_643' title='bbox 2669 4702 2943 4778; x_wconf 71' lang='grc' dir='ltr'>δεδομένον</span> <span class='ocrx_word' id='word_1_644' title='bbox 2971 4711 3079 4766; x_wconf 82' lang='grc' dir='ltr'>τοῖς</span> <span class='ocrx_word' id='word_1_645' title='bbox 3110 4704 3373 4775; x_wconf 82' lang='grc' dir='ltr'>μαθηταῖς</span> <span class='ocrx_word' id='word_1_646' title='bbox 3403 4698 3581 4753; x_wconf 75' lang='grc' dir='ltr'>αὑτοῦ.</span> 
     </span>
    </p>
   </div>
   <div class='ocr_carea' id='block_1_97' title="bbox 2324 4872 3847 4948">
    <p class='ocr_par' dir='ltr' id='par_1_97' title="bbox 2324 4872 3847 4948">
     <span class='ocr_line' id='line_1_97' title="bbox 2324 4872 3847 4948; baseline -0.012 -8"><span class='ocrx_word' id='word_1_647' title='bbox 2324 4887 2445 4940; x_wconf 84' lang='grc' dir='ltr'>Ὀτι</span> <span class='ocrx_word' id='word_1_648' title='bbox 2494 4918 2558 4927; x_wconf 92' lang='lat'><strong>-—-</strong></span> <span class='ocrx_word' id='word_1_649' title='bbox 2607 4883 2890 4948; x_wconf 78' lang='grc' dir='ltr'><strong>ἐδοξάσθη.</strong></span> <span class='ocrx_word' id='word_1_650' title='bbox 2950 4890 3070 4935; x_wconf 83' lang='grc' dir='ltr'><strong>Ὀτι</strong></span> <span class='ocrx_word' id='word_1_651' title='bbox 3119 4884 3261 4934; x_wconf 76' lang='grc' dir='ltr'>οὔπω</span> <span class='ocrx_word' id='word_1_652' title='bbox 3301 4876 3561 4943; x_wconf 75' lang='grc' dir='ltr'><strong>ἐδοξάσθη</strong></span> <span class='ocrx_word' id='word_1_653' title='bbox 3616 4872 3706 4927; x_wconf 76' lang='grc' dir='ltr'><strong>διὰ</strong></span> <span class='ocrx_word' id='word_1_654' title='bbox 3756 4879 3847 4923; x_wconf 80' lang='grc' dir='ltr'>τοῦ</span> 
     </span>
    </p>
   </div>
   <div class='ocr_carea' id='block_1_98' title="bbox 1715 5246 2629 5315">
    <p class='ocr_par' dir='ltr' id='par_1_98' title="bbox 1715 5246 2629 5315">
     <span class='ocr_line' id='line_1_98' title="bbox 1715 5246 2629 5315; baseline -0.004 0"><span class='ocrx_word' id='word_1_655' title='bbox 1715 5247 1934 5315; x_wconf 76' lang='lat' dir='ltr'><strong>Variae</strong></span> <span class='ocrx_word' id='word_1_656' title='bbox 1961 5246 2287 5315; x_wconf 89' lang='lat' dir='ltr'><strong>lectiones</strong></span> <span class='ocrx_word' id='word_1_657' title='bbox 2319 5252 2383 5313; x_wconf 85' lang='lat' dir='ltr'><strong>et</strong></span> <span class='ocrx_word' id='word_1_658' title='bbox 2427 5254 2629 5312; x_wconf 80' lang='lat' dir='ltr'><strong>notae.</strong></span> 
     </span>
    </p>
   </div>
   <div class='ocr_carea' id='block_1_99' title="bbox 595 5411 1195 5470">
    <p class='ocr_par' dir='ltr' id='par_1_99' title="bbox 595 5411 1195 5470">
     <span class='ocr_line' id='line_1_99' title="bbox 595 5411 1195 5470; baseline -0.01 0"><span class='ocrx_word' id='word_1_659' title='bbox 595 5416 677 5470; x_wconf 75' lang='grc' dir='ltr'>1οὶ</span> <span class='ocrx_word' id='word_1_660' title='bbox 718 5411 1098 5467; x_wconf 75' lang='grc' dir='ltr'>Διδασκαλικόν</span> <span class='ocrx_word' id='word_1_661' title='bbox 1132 5421 1171 5470; x_wconf 83' lang='grc' dir='ltr'><strong>Α</strong></span> <span class='ocrx_word' id='word_1_662' title='bbox 1184 5456 1195 5468; x_wconf 91' lang='grc'><strong>,</strong></span> 
     </span>
    </p>
   </div>
   <div class='ocr_carea' id='block_1_100' title="bbox 596 5416 2149 5568">
    <p class='ocr_par' dir='ltr' id='par_1_100' title="bbox 596 5416 2149 5568">
     <span class='ocr_line' id='line_1_100' title="bbox 596 5416 1195 5470; baseline -0.01 0"><span class='ocrx_word' id='word_1_663' title='bbox 596 5419 654 5470; x_wconf 83' lang='grc'><strong>10</strong></span> <span class='ocrx_word' id='word_1_664' title='bbox 718 5416 1098 5467; x_wconf 78' lang='grc' dir='ltr'>Διδασκαλικόν</span> <span class='ocrx_word' id='word_1_665' title='bbox 1132 5421 1195 5470; x_wconf 83' lang='grc' dir='ltr'>Α,</span> 
     </span>
     <span class='ocr_line' id='line_1_101' title="bbox 596 5416 2149 5568; baseline 0.005 -28"><span class='ocrx_word' id='word_1_666' title='bbox 596 5416 953 5568; x_wconf 40' lang='grc' dir='ltr'><strong>Ηὲγὶᾱοιᾳιι</strong></span> <span class='ocrx_word' id='word_1_667' title='bbox 983 5487 1211 5568; x_wconf 80' lang='lat' dir='ltr'><strong>aliquid</strong></span> <span class='ocrx_word' id='word_1_668' title='bbox 1239 5488 1471 5568; x_wconf 85' lang='lat' dir='ltr'><strong>deesse.</strong></span> <span class='ocrx_word' id='word_1_669' title='bbox 1514 5494 1594 5547; x_wconf 84' lang='lat' dir='ltr'><strong>Ex</strong></span> <span class='ocrx_word' id='word_1_670' title='bbox 1636 5491 1924 5568; x_wconf 85' lang='lat' dir='ltr'><strong>He_ntenio</strong></span> <span class='ocrx_word' id='word_1_671' title='bbox 1954 5489 2149 5568; x_wconf 88' lang='lat' dir='ltr'><strong>colli-</strong></span> 
     </span>
    </p>
   </div>
   <div class='ocr_carea' id='block_1_101' title="bbox 496 5556 2150 5684">
    <p class='ocr_par' dir='ltr' id='par_1_101' title="bbox 496 5556 2150 5684">
     <span class='ocr_line' id='line_1_102' title="bbox 496 5556 2150 5684; baseline 0.006 -74"><span class='ocrx_word' id='word_1_672' title='bbox 496 5556 832 5684; x_wconf 57' lang='lat' dir='ltr'><strong>gatshillum</strong></span> <span class='ocrx_word' id='word_1_673' title='bbox 896 5556 1131 5628; x_wconf 58' lang='lat' dir='ltr'><strong>legisse,</strong></span> <span class='ocrx_word' id='word_1_674' title='bbox 1192 5559 1438 5633; x_wconf 67' lang='grc' dir='ltr'>ἐγένοντο,</span> <span class='ocrx_word' id='word_1_675' title='bbox 1512 5568 1629 5622; x_wconf 82' lang='grc' dir='ltr'>τήν.</span> <span class='ocrx_word' id='word_1_676' title='bbox 1700 5564 1899 5619; x_wconf 81' lang='lat' dir='ltr'><strong>Potest</strong></span> <span class='ocrx_word' id='word_1_677' title='bbox 1946 5567 2150 5619; x_wconf 87' lang='lat' dir='ltr'><strong>tamen</strong></span> 
     </span>
     <span class='ocr_line' id='line_1_103' title="bbox 496 5643 767 5684; baseline 0 -1"><span class='ocrx_word' id='word_1_678' title='bbox 496 5643 555 5683; x_wconf 78' lang='grc' dir='ltr'><strong>ιη</strong></span> <span class='ocrx_word' id='word_1_679' title='bbox 583 5644 613 5683; x_wconf 77' lang='grc' dir='ltr'><strong>Θ</strong></span> <span class='ocrx_word' id='word_1_680' title='bbox 661 5643 767 5684; x_wconf 64' lang='grc' dir='ltr'><strong>ιρι.</strong></span> 
     </span>
    </p>
   </div>
   <div class='ocr_carea' id='block_1_102' title="bbox 495 5643 767 5696">
    <p class='ocr_par' dir='ltr' id='par_1_102' title="bbox 495 5643 767 5696">
     <span class='ocr_line' id='line_1_104' title="bbox 495 5643 767 5696; baseline 0 -13"><span class='ocrx_word' id='word_1_681' title='bbox 495 5643 767 5696; x_wconf 75' lang='lat' dir='ltr'><strong>intelligi.</strong></span> 
     </span>
    </p>
   </div>
   <div class='ocr_carea' id='block_1_103' title="bbox 570 5780 1717 5859">
    <p class='ocr_par' dir='ltr' id='par_1_103' title="bbox 570 5780 1717 5859">
     <span class='ocr_line' id='line_1_105' title="bbox 570 5780 1717 5859; baseline 0.006 -24"><span class='ocrx_word' id='word_1_682' title='bbox 570 5780 643 5853; x_wconf 89' lang='lat' dir='ltr'><strong>(e)</strong></span> <span class='ocrx_word' id='word_1_683' title='bbox 684 5780 1095 5839; x_wconf 76' lang='lat' dir='ltr'><strong>Attrahebant.</strong></span> <span class='ocrx_word' id='word_1_684' title='bbox 1132 5786 1347 5842; x_wconf 87' lang='lat' dir='ltr'><strong>Secum</strong></span> <span class='ocrx_word' id='word_1_685' title='bbox 1374 5785 1717 5859; x_wconf 88' lang='lat' dir='ltr'><strong>rapiebant.</strong></span> 
     </span>
    </p>
   </div>
   <div class='ocr_carea' id='block_1_104' title="bbox 2359 5415 2914 5559">
    <p class='ocr_par' dir='ltr' id='par_1_104' title="bbox 2359 5415 2914 5559">
     <span class='ocr_line' id='line_1_106' title="bbox 2359 5415 2914 5559; baseline -0.004 -88"><span class='ocrx_word' id='word_1_686' title='bbox 2359 5417 2443 5559; x_wconf 43' lang='lat' dir='ltr'><strong>lg;</strong></span> <span class='ocrx_word' id='word_1_687' title='bbox 2486 5415 2833 5477; x_wconf 79' lang='grc' dir='ltr'>Ποντίζοντας</span> <span class='ocrx_word' id='word_1_688' title='bbox 2856 5421 2914 5469; x_wconf 82' lang='grc' dir='ltr'><strong>Β.</strong></span> 
     </span>
     <span class='ocr_line' id='line_1_107' title="bbox 2359 5489 2898 5559; baseline -0.006 -15"><span class='ocrx_word' id='word_1_689' title='bbox 2359 5492 2441 5559; x_wconf 86' lang='lat' dir='ltr'><strong>t3_</strong></span> <span class='ocrx_word' id='word_1_690' title='bbox 2484 5492 2566 5544; x_wconf 90' lang='lat' dir='ltr'><strong>lta</strong></span> <span class='ocrx_word' id='word_1_691' title='bbox 2597 5489 2898 5559; x_wconf 86' lang='lat' dir='ltr'><strong>Chrysost.</strong></span> 
     </span>
    </p>
   </div>
   <div class='ocr_carea' id='block_1_105' title="bbox 2359 5480 3577 5561">
    <p class='ocr_par' dir='ltr' id='par_1_105' title="bbox 2359 5480 3577 5561">
     <span class='ocr_line' id='line_1_108' title="bbox 2359 5480 3577 5561; baseline -0.009 -17"><span class='ocrx_word' id='word_1_692' title='bbox 2359 5480 2442 5561; x_wconf 67' lang='lat' dir='ltr'><strong>l3)</strong></span> <span class='ocrx_word' id='word_1_693' title='bbox 2484 5492 2566 5544; x_wconf 90' lang='lat' dir='ltr'><strong>lta</strong></span> <span class='ocrx_word' id='word_1_694' title='bbox 2597 5489 2898 5559; x_wconf 86' lang='lat' dir='ltr'><strong>Chrysost.</strong></span> <span class='ocrx_word' id='word_1_695' title='bbox 2938 5489 3079 5542; x_wconf 90' lang='lat' dir='ltr'><strong>tom.</strong></span> <span class='ocrx_word' id='word_1_696' title='bbox 3113 5485 3253 5550; x_wconf 89' lang='lat' dir='ltr'><strong>VIII,</strong></span> <span class='ocrx_word' id='word_1_697' title='bbox 3284 5498 3345 5556; x_wconf 91' lang='lat' dir='ltr'><strong>p.</strong></span> <span class='ocrx_word' id='word_1_698' title='bbox 3378 5480 3484 5537; x_wconf 87' lang='lat'>299</span> <span class='ocrx_word' id='word_1_699' title='bbox 3514 5481 3577 5535; x_wconf 90' lang='lat' dir='ltr'><strong>D.</strong></span> 
     </span>
    </p>
   </div>
   <div class='ocr_carea' id='block_1_106' title="bbox 2362 5561 2847 5637">
    <p class='ocr_par' dir='ltr' id='par_1_106' title="bbox 2362 5561 2847 5637">
     <span class='ocr_line' id='line_1_109' title="bbox 2362 5561 2847 5637; baseline -0.002 -22"><span class='ocrx_word' id='word_1_700' title='bbox 2362 5563 2447 5632; x_wconf 75' lang='grc'><strong>14)</strong></span> <span class='ocrx_word' id='word_1_701' title='bbox 2485 5561 2761 5637; x_wconf 80' lang='grc' dir='ltr'>ῥεύσονται</span> <span class='ocrx_word' id='word_1_702' title='bbox 2792 5566 2847 5614; x_wconf 90' lang='grc' dir='ltr'><strong>Β.</strong></span> 
     </span>
    </p>
   </div>
   <div class='ocr_carea' id='block_1_107' title="bbox 2329 5416 2349 5633">
    <p class='ocr_par' dir='ltr' id='par_1_107' title="bbox 2329 5416 2349 5633">
     <span class='ocr_line' id='line_1_110' title="bbox 2329 5416 2349 5633; baseline 0 0"><span class='ocrx_word' id='word_1_703' title='bbox 2329 5416 2349 5633; x_wconf 65' lang='grc' dir='ltr'><em>ἓ</em></span> 
     </span>
    </p>
   </div>
  </div>
