4156 6414
350 429 486 487 1277

1386 430 1747 488 CDMMENT.
1792 429 1863 486 IN
1902 429 2250 486 ΙΟᾹΝΝΕΜ.
2291 461 2361 470 -
2403 428 2564 487 CAP.
2590 427 2709 483 \‘II.

3586 431 3607 483 1
3621 426 3726 483 278

350 566 582 630 σταυροῦ
611 574 623 587 ⁸
664 556 823 622 δόξαν
860 562 961 633 γὰρ
1013 560 1159 614 καλεῖ
1186 563 1270 613 τὸν
1307 565 1552 635 σταυρόν.
1585 565 1702 620 Τοῖς
1731 562 1820 632 μὲν
1850 562 1940 631 γὰρ

2068 556 2432 627 gloriﬁcatus
2474 560 2597 611 erat
2627 571 2733 628 per
2771 570 3004 610 crucem
3036 571 3048 620 ;
3085 570 3226 610 nam
3268 569 3504 609 crucem
3553 558 3728 613 vocat

346 647 518 709 οὒ.λοις
550 647 744 700 ἅπασιν
777 647 969 711 ὄνειδος
1001 648 1082 713 ἦν,
1116 654 1183 712 ὡς
1208 651 1441 722 μεγάλων
1468 649 1803 721 ἐγκλημάτων
1845 648 1948 699 ἐπι-

346 742 513 809 τίμιον
546 756 559 767 ·
592 742 730 810 μόνῳ
763 736 821 792 δὲ
841 748 913 811 τῷ
946 748 1160 814 Χριστῷ
1190 738 1321 803 δόξα
1349 744 1570 811 γέγονεν,
1608 741 1677 801 ὡς
1721 739 1951 811 μεγάλης

347 826 553 898 ἀγάπης
579 836 672 889 τῆς
702 832 831 902 πρὸς
888 831 1029 901 ἡμᾶς
1083 829 1362 902 ἐπιτίμιον.
1412 833 1498 890 Τίς
1522 832 1624 901 γὰρ
1658 829 1951 901 εὐγνώμόνα

344 913 525 985 ψυχὴν
557 918 714 986 ἔχων,
739 916 938 970 ἀκούων
964 923 1049 972 τὸν
1072 918 1302 972 ἐπέκεινα
1322 921 1499 979 πάσης
1524 926 1682 990 τιμῆς
1706 918 1951 976 τηλικαύ-

341 1022 435 1061 την
461 1003 673 1077 ἀτιμίαν
690 1008 990 1061 ὑποστάντα
1012 1006 1105 1061 διὰ
1126 1013 1219 1068 τὴν
1247 1012 1506 1083 σωτηρίαν
1528 1017 1624 1061 τῶν
1644 1008 1945 1080 ἀνθρωπων,

345 1093 403 1145 οὐ
433 1090 645 1157 δοξάσει
669 1104 849 1149 τοῦτον
866 1114 881 1165 ;

419 1187 525 1259 Πρὸ
556 1188 646 1256 μὲν
702 1183 789 1238 οὖν
855 1194 947 1239 τοῦ
1004 1196 1233 1262 σταυροῦ
1272 1188 1331 1241 οῦ
1384 1195 1592 1261 Πνεῦμα
1639 1189 1784 1260 ἅγιον
1836 1189 1947 1258 (15)

346 1268 510 1326 ἔδωκε
540 1282 651 1336 τοῖς
702 1278 985 1348 μαθηταῖς,
1042 1277 1147 1329 ἀλλ’
1204 1278 1443 1341 ἐξουσίαν
1491 1280 1792 1350 πνευμάτων
1824 1276 1949 1328 ἀκκ-

346 1364 563 1435 θάρτων,
624 1366 758 1417 ὥστε
814 1365 1073 1419 ἐκϐάλλειν
1133 1371 1268 1420 αὐτὰ
1337 1374 1427 1419 καὶ
1483 1371 1776 1441 θεραπεύειν
1850 1374 1949 1419 πᾶ-

347 1470 443 1503 σαν
482 1458 631 1505 νόσον
658 1459 747 1506 καὶ
788 1462 963 1507 πᾶσαν
1020 1457 1278 1528 μαλακίαν
1312 1478 1323 1490 ·
1363 1461 1491 1531 μετὰ
1550 1455 1609 1510 δὲ
1650 1461 1737 1509 τόν
1790 1476 1947 1508 σταυ-

342 1544 431 1613 ρὸν
511 1550 717 1615 Πνεῦμα
798 1544 962 1615 άγιον.
1034 1549 1171 1599 Ἐπεὶ
1243 1551 1344 1620 γάρ
1428 1551 1781 1621 ἡμαρτηκότες
1854 1552 1945 1598 καὶ

1612 1640 1639 1696 ἠ
1678 1635 1737 1690 δὲ
1783 1640 1947 1710 χάρις

340 1728 432 1773 τοῦ
481 1722 633 1794 ἁγίου
690 1726 985 1796 Ιῐνεύματος
1027 1722 1198 1799 δωρεά
1230 1728 1369 1779 ἐστιν
1405 1748 1416 1758 ·
1454 1730 1479 1785 ὁ
1526 1725 1584 1780 δε
1618 1725 1789 1801 δωρεὰ
1841 1734 1945 1787 τοῖς

342 1810 508 1883 φίλοις
555 1808 766 1864 δίδοται
826 1832 837 1845 ·
896 1810 1000 1867 ἔδει
1076 1820 1319 1889 πρότερον
1388 1819 1805 1891 προσενεχθῆναι
1850 1822 1943 1875 τὴν

341 1902 468 1974 ὑπὲρ
502 1902 646 1973 ἡμῶν
699 1903 909 1969 θυσίαν,
958 1909 1047 1956 καὶ
1106 1906 1216 1975 (16)
1248 1906 1572 1976 καταλλαγὴν
1604 1911 1693 1957 καὶ
1724 1906 1944 1958 κατάλυ-
1978 1917 2015 1969 Β

344 2009 427 2041 σιν
456 1997 551 2052 τῆς
602 1992 813 2061 ἔχθρας,
874 1994 991 2054 ἣτις
1030 1994 1089 2051 ἧν
1140 1995 1252 2063 (l7)
1312 1997 1340 2053 ἡ
1386 1999 1559 2067 σφαγὴ
1594 2003 1684 2047 τοῦ
1734 1995 1945 2068 λογικοῦ

342 2080 552 2152 Ἀμνοῦ,
592 2081 618 2132 6
643 2083 859 2141 θάνατος
888 2090 976 2133 τοῦ
1019 2091 1256 2157 Χριστοῦ
1290 2102 1302 2113 ·
1335 2090 1422 2136 καὶ
1449 2090 1563 2137 τοτε
1586 2082 1807 2144 δοθῆναι
1851 2089 1942 2143 τὴν

341 2163 561 2240 δωρεάν.

415 2257 597 2311 Πολλοὶ
629 2290 695 2300 -
732 2266 1019 2336 προφήτης.
1057 2269 1179 2337 Περὶ
1230 2261 1288 2316 οὗ
1318 2272 1550 2325 Μωυσῆς
1583 2263 1824 2337 ἔγραψεν,
1876 2267 1943 2327 ὡς

336 2346 587 2410 πολλάκις
618 2348 890 2423 εἰρήκαμεν
926 2372 936 2382 ·
973 2357 1061 2403 καὶ
1093 2353 1296 2415 ἀληθῶς
1322 2355 1467 2415 οὗτος
1507 2352 1567 2412 ἦν
1594 2375 1605 2387 ’
1644 2353 1750 2406 ἀλλ’
1798 2355 1943 2407 αὐτοὶ

341 1638 818 1707 προσκεκρουκότες
848 1633 1032 1710 ἐχθροὶ
1081 1633 1207 1708 ἦμεν
1255 1646 1342 1689 τοῦ
1378 1646 1510 1690 Θεοῦ
1546 1657 1557 1669 ·

335 2443 608 2509 προφήτην
628 2439 782 2491 αὐτόν
801 2440 968 2502 ἁπλῶς
990 2438 1117 2494 εἶναι
1136 2443 1491 2516 ὑπελάμϐανον
1509 2448 1571 2505 ὡς
1586 2449 1671 2497 τόν
1692 2450 1938 2509 Μωυσέα,

334 2532 426 2578 καὶ
453 2527 580 2599 οῦχὶ
609 2534 697 2580 καὶ
728 2534 868 2583 Θεόν.

406 2614 583 2669 Ἀλλοι
624 2649 674 2657 -
718 2624 953 2692 Χριστός.
1008 2627 1107 2674 Καὶ
1136 2621 1337 2686 ἀληθῶς
1379 2625 1528 2684 οὗτος
1559 2622 1619 2682 ἦν
1656 2641 1666 2653 °
1693 2624 1821 2676 ἀλλὰ
1849 2629 1934 2677 καὶ

334 2706 485 2758 αὐτοὶ
514 2706 666 2779 ψιλόν
697 2709 963 2783 ἄνθρωπον
991 2711 1144 2763 αὐτόν
1178 2713 1432 2785 ἐνόμιζον.

407 2795 585 2850 Ἀλλοι
611 2829 675 2839 --
707 2801 920 2870 ἔρχεται
968 2817 981 2867 ;
1014 2807 1112 2854 Καὶ
1144 2808 1246 2875 μὴν
1285 2800 1408 2856 οὐδὲ
1434 2804 1585 2866 οὗτος
1608 2803 1655 2856 ἐν
1690 2814 1750 2877 τῇ
1788 2804 1940 2857 Γαλι-

333 2885 459 2958 λαίᾳ
483 2891 803 2958 γεγέννηται.

408 2976 550 3047 Οὐχὶ
582 3008 650 3017 -
698 2980 949 3049 ἔρχεται;
988 2986 1087 3033 Καὶ
1118 2986 1221 3053 μὴν
1279 2989 1368 3036 καὶ
1426 2984 1576 3045 οὗτος
1631 2986 1821 3037 ἐκεῖθεν
1852 2981 1934 3054 ἦν,

335 3062 443 3115 ἀλλ’
484 3065 791 3128 ἐθελοκάκως
845 3067 1078 3142 πατρίδα
1102 3074 1265 3144 τούτῳ
1297 3075 1674 3146 ἐπιφημίζονσι
1706 3079 1797 3132 τὴν
1832 3081 1935 3127 Να-

334 3154 509 3229 ζαρὲτ,
541 3157 652 3208 ὅθεν
677 3154 738 3215 ἦν
786 3159 815 3216 ἡ
849 3164 1024 3231 μήτηρ
1064 3167 1149 3212 καὶ
1175 3164 1200 3214 6
1228 3163 1343 3234 (l8)
1377 3165 1712 3235 νομιζόμενος
1760 3169 1931 3239 πατὴρ

332 3242 511 3307 αὑτοῦ,
547 3245 629 3295 ἵνα
683 3251 753 3317 μὴ
808 3250 863 3298 ἐκ
919 3250 1143 3323 Βηθλεὲμ
1194 3251 1465 3323 λεγόμενος
1493 3256 1517 3304 ό
1551 3258 1776 3327 Χριστὸς
1805 3250 1934 3307 εἶναι
1964 3277 2004 3333 C

332 3334 581 3405 πιστευθῇ
614 3330 707 3385 διὰ
735 3341 823 3393 τὴν
854 3344 1188 3411 προφητείαν.

402 3425 619 3493 Σχίσμα
674 3455 742 3465 --
791 3430 966 3480 αὐτόν.
1023 3428 1274 3482 Ἐκάστου
1347 3437 1535 3505 μέρους
1594 3433 1932 3504 φιλονεικοῦν-

328 3528 435 3572 τος.

397 3602 541 3663 Τινὲς
572 3634 640 3642 -
666 3603 841 3659 αὐτόν.
878 3605 958 3667 Ὠς
990 3607 1175 3661 πλάνον
1204 3607 1379 3669 δῆθεν.

400 3776 533 3829 Ἀλλ’
566 3810 634 3819 -
658 3789 867 3854 χεῖρας.
904 3783 1255 3859 Ἐπεχομένας
1298 3790 1552 3863 ἀοράτως,
1594 3795 1658 3852 ὡς
1687 3797 1776 3843 καὶ
1801 3790 1933 3844 ἀνω-

327 3869 457 3938 τέρῳ
499 3863 814 3927 δεδήλωται.

398 3954 587 4009 Ἦλθον
635 3960 926 4035 ἄνθρωπος.
961 3962 1217 4023 Ἀπῆλθον
1274 3970 1363 4039 μὲν
1423 3966 1676 4031 δήσοντες
1741 3971 1927 4021 αὐτόν’

325 4046 608 4103 ἐπανῆλθον
642 4045 700 4101 δὲ
744 4046 974 4112 δεθέντες
1032 4054 1178 4107 αὐτοὶ
1240 4064 1310 4125 τῷ
1354 4059 1582 4129 θαύματι
1634 4061 1651 4129 [
1690 4068 1788 4111 τῶν
1818 4062 1928 4130 (19)

322 4134 488 4205 λόγων
519 4137 696 4192 αὐτοῦ.
736 4145 835 4192 Καὶ
867 4143 914 4193 οἱ
944 4145 1033 4213 μὲν
1063 4143 1378 4214 πέμψαντες,
1421 4147 1616 4199 πολλῶν
1648 4148 1810 4219 λόγων
1841 4149 1930 4200 αῦ-

318 4231 412 4275 τοῦ
464 4223 773 4289 ἀκούσαντες
820 4235 910 4282 καὶ
963 4231 1126 4284 πολλὰ
1177 4235 1461 4309 θαύματα]
1495 4239 1802 4309 θεασάμενοι
1841 4245 1930 4291 καὶ

318 4316 412 4374 τὰς
441 4321 559 4388 περὶ
607 4317 766 4369 αὑτοῦ
806 4326 1122 4394 προφητείας
1166 4322 1616 4395 ἀναγινώσκοντες,
1658 4337 1745 4381 καί
1780 4336 1929 4401 σοφοὶ

318 4397 593 4467 δοκοῦντες
651 4404 800 4459 οὐδὲν
862 4407 1128 4463 ἀπὼναντο

312 4498 515 4546 ναντίον
596 4496 732 4548 άπαν
814 4497 913 4550 ἀπὸ
996 4508 1121 4572 μιάς
1207 4500 1541 4576 δημηγορίας
1678 4510 1925 4564 ἑάλωσαν

316 4578 607 4636 ἀδέκαστον
658 4590 759 4661 γὰρ
820 4584 1055 4642 διάνοιαν
1124 4588 1269 4663 εἶχον
1300 4595 1414 4646 .οὐ
1470 4602 1638 4648 τοίνυν
1662 4605 1753 4656 τὴν
1810 4606 1932 4653 σύν-

1500 4684 1629 4738 alia
1695 4695 1783 4741 καὶ
1838 4698 1931 4750 τὴν

311 4761 635 4836 παρρησίαν.
689 4765 762 4817 Οὐ
794 4768 896 4838 γὰρ
928 4767 1167 4839 λέγουσιν
1196 4772 1274 4822 ὅτι
1325 4776 1420 4824 Διὰ
1472 4778 1527 4825 τὸ
1563 4781 1632 4847 μὴ
1686 4773 1932 4848 γενέσθαι

312 4860 405 4904 τοῦ
434 4851 562 4904 λαοῦ
596 4856 782 4906 στάσιν
815 4854 1083 4929 ἀφήκαμεν
1113 4858 1288 4926 αὐτὸν,
1319 4860 1443 4915 οὐδὲ
1478 4864 1791 4918 πλάττονταί
1813 4889 1928 4923 τινα

310 4945 594 5015 πρόφασιν,
630 4941 736 4995 ἀλλ’
768 4944 932 5004 αὐτὴν
966 4946 1175 5018 λέγουσι
1203 4954 1297 5008 τὴν
1322 4949 1588 5019 ἀλήθειαν,
1625 4962 1714 5009 καὶ
1754 4963 1925 5033 κηρυ-

315 5048 512 5084 σσουσι
542 5035 637 5092 τὴν
670 5032 830 5087 αὐτοῦ
857 5040 1065 5108 σοφίαν.

313 4689 423 4723 εσιν
496 4674 663 4726 αὐτῶν
725 4680 877 4748 μόνον
932 4681 1045 4730 ἔστι
1125 4682 1415 4753 θαυμάσαι,

385 5228 434 5265 ⁸⁸
460 5229 660 5288 Matth.
694 5246 747 5298 Χ,
776 5232 838 5292 1.

2066 647 2342 718 gloriam,
2373 646 2665 719 siquidem
2700 662 2838 701 cum
2866 645 3090 701 caeteris
3123 644 3407 701 omnibus
3437 649 3592 701 esset
3621 662 3726 718 op-

2065 736 2609 807 probrium,utpote
2630 751 2983 804 magnorum
3002 734 3322 790 criminum
3338 734 3721 806 supplicium,

2065 826 2174 881 soli
2207 826 2435 881 Christo
2468 825 2655 896 gloria
2694 826 2851 881 facta
2878 829 3005 892 est;
3040 824 3181 880 ultio
3212 824 3486 879 videlicet
3517 826 3724 893 magni

2063 916 2303 983 amoris,
2326 932 2446 988 quo
2478 930 2588 971 nos
2613 914 2835 970 dilexit.
2863 915 3003 981 Quis
3027 930 3311 986 namque,
3340 914 3524 970 modo
3551 918 3722 984 grato

2063 1005 2137 1061 sit
2176 1006 2402 1071 animo,
2436 1005 2661 1071 audito,
2711 1005 2876 1077 quod
2908 1005 2956 1059 is
2986 1004 3088 1076 qui
3123 1020 3364 1059 omnem
3398 1004 3723 1059 excedebat

2061 1092 2375 1158 honorem,
2400 1098 2625 1149 tantam
2657 1103 2899 1165 propter
2920 1094 3236 1149 hominum
3255 1092 3509 1148 salutem
3541 1092 3722 1147 susti-

2062 1184 2190 1239 nuit
2216 1182 2634 1254 ignominiam,
2671 1199 2792 1239 non
2828 1182 3177 1253 gloriﬁcabit
3197 1198 3336 1239 eum
3358 1183 3385 1239 ‘I

2130 1277 2278 1329 Ante
2311 1290 2548 1329 crucem
2575 1274 2777 1345 itaque
2794 1273 3103 1344 discipulis
3124 1288 3238 1327 non
3256 1272 3410 1327 dedit
3435 1271 3719 1343 Spiritum

2061 1368 2356 1429 sanctum,
2392 1363 2487 1417 sed
2518 1367 2867 1434 potestatem
2904 1364 3214 1433 spirituum
3242 1363 3716 1428 immundorum,

2062 1460 2124 1507 ut
2152 1453 2280 1508 illos
2307 1453 2585 1523 ejicerent
2608 1459 2665 1508 et
2686 1458 2964 1508 curarent
3002 1468 3243 1507 omnem
3273 1451 3553 1507 morbum
3586 1468 3720 1506 om-

2059 1558 2319 1615 nemque
2341 1542 2787 1614 languorem“;
2820 1547 2954 1613 post
2975 1558 3213 1597 crucem
3238 1558 3375 1597 vero
3404 1542 3567 1597 dedit
3591 1541 3721 1612 Spi-

2058 1631 2233 1686 ritum
2280 1638 2576 1687 sanctum.
2630 1630 2777 1687 Cum
2825 1632 2980 1687 enim
3027 1647 3450 1703 peccassemus
3490 1646 3561 1687 ac
3598 1633 3716 1686 Deo

2058 1722 2350 1777 adversati
2408 1721 2750 1789 fuissemus,
2788 1721 3012 1776 inimici
3041 1721 3167 1791 ejus
3195 1737 3436 1776 eramus
3482 1736 3495 1774 :
3525 1721 3717 1790 gratia

2057 1826 2196 1866 vero
2245 1811 2495 1883 Spiritus
2537 1812 2748 1881 sancti,
2801 1811 3030 1866 donum
3090 1816 3195 1875 est,
3255 1810 3484 1865 donum
3517 1815 3713 1865 autem

2056 1901 2263 1955 amicis
2290 1901 2465 1956 datur
2499 1920 2511 1968 ;
2541 1900 2856 1972 oportebat
2887 1916 3027 1972 ergo
3070 1900 3328 1971 primum
3365 1899 3563 1955 offerri
3610 1916 3714 1971 pro

2054 1990 2227 2045 nobis
2250 1990 2582 2057 victimam,
2604 1990 2851 2062 ﬁerique
2869 1989 3410 2045 reconciliationem
3436 2006 3506 2045 ac
3523 1989 3717 2044 inimi-

2054 2079 2201 2135 citia:
2244 2080 2623 2151 solutionem,
2671 2096 2805 2152 quae
2836 2084 2961 2134 erat
2988 2078 3183 2133 caedes
3219 2080 3359 2148 agni
3406 2077 3711 2134 rationalis

2053 2185 2124 2225 ac
2144 2185 2307 2225 mors
2339 2169 2553 2225 Christi
2587 2188 2599 2222 :
2626 2174 2682 2225 et
2706 2175 2844 2224 tunc
2870 2168 3099 2223 donum
3127 2167 3278 2223 dari.

2124 2260 2289 2313 Vers.
2322 2262 2410 2315 40.
2444 2259 2625 2314 Multi
2678 2290 2746 2299 —-
2792 2259 3107 2328 propheta.
3168 2260 3246 2314 De
3298 2273 3420 2329 quo
3472 2256 3711 2329 scripsit

2052 2348 2262 2415 Moses,
2295 2354 2356 2405 ut
2387 2365 2547 2421 saepe
2580 2348 2861 2404 diximus.
2894 2351 2959 2404 Et
2990 2364 3121 2403 vere
3152 2348 3247 2403 hic
3277 2352 3421 2415 erat,
3456 2348 3559 2402 sed
3592 2347 3707 2419 ipsi

2053 2438 2400 2509 simpliciter
2430 2455 2565 2494 eum
2595 2438 2945 2511 prophetam
2969 2454 3096 2493 esse
3111 2438 3528 2509 Opinabantur,
3556 2438 3708 2493 sicut

2050 2529 2297 2594 Mosem,
2333 2534 2388 2585 et
2420 2546 2533 2585 non
2568 2536 2859 2600 tanquam
2883 2530 3097 2585 Deum.

2121 2618 2289 2673 Vers.
2316 2620 2405 2673 41.
2438 2619 2561 2674 Atii
2587 2650 2646 2658 —
2687 2618 2970 2674 Christus.
3010 2620 3076 2672 Et
3101 2633 3237 2673 vere
3268 2617 3362 2672 hic
3392 2620 3520 2674 erat
3552 2634 3564 2673 :
3601 2618 3705 2674 sed

2049 2710 2105 2760 et
2129 2706 2188 2761 hi
2215 2707 2446 2762 nudum
2476 2706 2781 2762 hominem
2817 2721 2946 2761 esse
2972 2705 3416 2761 existimabant.

2122 2796 2283 2850 Vers.
2318 2798 2404 2851 41.
2438 2796 2553 2852 Alii
2581 2824 2646 2837 -—
2680 2796 2887 2853 venit?
2912 2795 3093 2867 Atqui
3121 2811 3314 2868 neque
3344 2795 3438 2851 hic
3466 2795 3527 2851 in
3558 2795 3707 2852 Gali-

2047 2884 2153 2941 laea
2178 2889 2347 2941 natus
2388 2889 2494 2941 est.

2117 2975 2282 3029 Vers.
2312 2974 2399 3029 42.
2428 2974 2722 3030 Nonne—
2746 2972 2952 3028 venit?
2982 2974 3161 3045 Atqui
3188 2978 3245 3029 et
3271 2972 3362 3029 hic
3384 2972 3521 3029 inde
3547 2978 3702 3040 erat;

2043 3063 2148 3120 sed
2171 3063 2283 3135 ipsi
2333 3063 2672 3120 voluntaria
2698 3061 2925 3119 malitia
2964 3062 3224 3132 patriam
3265 3062 3403 3118 huic
3433 3062 3706 3132 divulga-

2044 3152 2333 3209 bantesse
2361 3153 2667 3219 Nazareth,
2695 3152 2850 3207 unde
2878 3157 3003 3207 erat
3021 3156 3228 3215 mater,
3251 3158 3305 3207 et
3326 3151 3428 3223 qui
3450 3151 3701 3222 putaba-

2044 3247 2139 3299 tur
2155 3247 2324 3313 pater
2340 3242 2389 3313 ej
2402 3258 2569 3307 us,ne
2588 3242 2633 3296 si
2654 3258 2725 3297 ex
2740 3240 3028 3297 Bethleem
3047 3256 3173 3295 esse
3190 3240 3503 3306 diceretur,
3524 3256 3702 3313 prop-

2046 3336 2128 3388 ter
2177 3332 2549 3405 prophetiam
2584 3331 2849 3388 Christus
2882 3347 3013 3386 esse
3046 3331 3402 3387 crederetur.

2112 3423 2280 3479 Vers.
2322 3422 2414 3479 43.
2454 3422 2649 3478 Sedito
2693 3453 2761 3462 —
2806 3437 2947 3478 eum.
2987 3424 3356 3494 Unaquaque
3382 3424 3551 3492 parte
3590 3436 3699 3493 pro

2044 3528 2152 3567 sua
2184 3512 2458 3584 Opinione
2492 3513 2739 3568 rixante.

2114 3603 2284 3656 Vers.
2313 3603 2399 3657 44.
2432 3602 2683 3670 Quidam
2708 3633 2772 3640 —
2803 3616 2946 3657 eum.
2991 3604 3301 3675 Tanquam
3330 3602 3700 3657 seductorem

2044 3690 2333 3748 videlicet.

2112 3782 2275 3837 Vers.
2301 3782 2387 3836 lii.
2416 3781 2536 3838 Sed
2564 3813 2631 3821 —
2655 3796 2881 3838 manus.
2914 3783 3122 3853 Utpote
3148 3780 3516 3837 invisibiliter
3545 3778 3701 3836 cohi-

2040 3870 2217 3935 bitas,
2244 3870 2423 3927 veluti
2452 3870 2723 3941 superius
2754 3876 3059 3926 ostensum
3090 3874 3199 3927 est.

2112 3960 2279 4015 Vers.
2312 3961 2398 4015 45.
2445 3961 2731 4016 Venerunt
2761 3990 2829 4000 —
2879 3960 3043 4015 Vers.
3083 3960 3171 4014 46.
3205 3960 3385 4016 homo.
3415 3958 3701 4014 Abierunt

2039 4048 2287 4122 quidem
2319 4064 2457 4104 eum
2486 4048 2715 4119 ligaturi
2747 4066 2759 4104 :
2785 4050 3002 4104 reversi
3043 4053 3181 4103 sunt
3212 4055 3411 4104 autem
3438 4047 3700 4104 admira-

2041 4138 2197 4193 tione
2216 4154 2559 4193 sermonum
2584 4139 2711 4207 ejus
2734 4138 2975 4208 alligati.
2999 4137 3079 4192 Illi
3103 4153 3245 4207 ergo
3264 4136 3366 4208 qui
3390 4137 3693 4201 miserant,

2041 4244 2177 4282 cum
2238 4226 2456 4283 multos
2498 4229 2628 4300 ejus
2681 4227 2989 4283 audissent
3028 4242 3354 4294 sermones,
3398 4225 3696 4297 multaque

2039 4317 2333 4372 vidissent
2364 4317 2668 4383 miracula,
2703 4334 2773 4373 ac
2805 4317 3151 4389 prOphetias
3181 4316 3255 4372 de
3286 4332 3357 4372 eo
3388 4315 3693 4385 legissent,

1181 4432 1193 4444 ·
1235 4416 1283 4465 οἱ
1342 4411 1400 4466 δὲ
1457 4420 1762 4489 πεμφθέντες
1814 4419 1927 4471 τοῦ.

2068 4406 2375 4463 udicantes
2420 4423 2547 4462 sese
2579 4407 2896 4478 sapientes,
2939 4406 3085 4462 nihil
3125 4405 3499 4478 profecerunt
3533 4425 3544 4464 :
3594 4404 3696 4475 qui

2040 4512 2182 4552 vero
2202 4496 2363 4552 missi
2384 4496 3133 4562 erant,omninoediverso
3157 4495 3235 4551 ab
3263 4511 3384 4552 una
3409 4494 3695 4551 concione

2041 4586 2200 4658 capti
2227 4592 2361 4641 sunt
2389 4603 2402 4652 ;
2431 4602 2573 4642 nam
2607 4592 2869 4643 mentem
2913 4585 3220 4642 habebant
3258 4585 3692 4657 incorruptam.

2042 4676 2171 4730 Non
2204 4690 2345 4745 ergo
2380 4682 2641 4731 mentem
2687 4676 2880 4731 solum
2932 4691 3002 4731 ac
3050 4674 3432 4746 prudentiam
3482 4689 3692 4730 eorum

2042 4764 2326 4820 admirari
2353 4765 2603 4835 dignum
2639 4769 2745 4830 est,
2779 4765 2883 4821 sed
2915 4771 2970 4820 et
2998 4764 3285 4837 loquendi
3337 4763 3689 4820 libertatem.

2041 4855 2243 4925 Neque
2281 4857 2440 4911 enim
2472 4854 2711 4911 dicunt:
2770 4854 3116 4910 Dimisimus
3172 4854 3359 4920 illum,
3411 4868 3485 4909 ne
3528 4851 3696 4907 ﬁeret

2039 4943 2327 4999 dissensio
2351 4944 2407 4999 in
2424 4945 2669 5017 populo,
2691 4961 2884 5018 neque
2907 4944 3085 5001 aliam
3104 4943 3340 5012 ﬁngunt
3361 4941 3692 4998 excusatio-

2036 5047 2197 5103 nem,
2218 5034 2317 5089 sed
2334 5034 2531 5107 ipsam
2548 5034 2753 5092 dicunt
2773 5035 3102 5099 veritatem,
3118 5049 3187 5089 ac
3200 5031 3353 5088 illius
3367 5030 3692 5104 praedicant

2034 5122 2411 5195 sapientiam.

1541 5369 1768 5438 Variae
1797 5370 2128 5440 lectiones
2160 5381 2225 5443 et
2258 5382 2439 5443 nota

380 5520 493 5587 (15)
524 5518 706 5591 Ἀγιον
738 5521 912 5578 abest
945 5529 1007 5581 A.

380 5590 493 5716 $16)
535 5590 668 5647 Haec
696 5593 861 5649 nullo
894 5595 1075 5651 modo
1104 5596 1357 5677 pendere
1383 5608 1634 5668 possunt
1656 5615 1721 5681 ex
1744 5615 1917 5657 voca-

304 5660 386 5717 bu
413 5679 448 5716 o
478 5667 914 5740 προσενεχθῆναι.
951 5667 1266 5723 Hentenlus
1325 5670 1523 5735 habet,
1574 5672 1723 5740 ﬁeri.
1768 5672 1914 5728 Puto

304 5748 448 5816 21:80
495 5734 855 5816 legendum“
887 5754 1049 5816 esse_
1073 5742 1488 5816 καὶ-γενέσθαι-
1517 5734 1846 5816 κάταλλαγὴν
1897 5789 1909 5800 ,

305 5804 608 5893 ςὴξγεοβῐ.
640 5813 681 5893 t.
730 5808 877 5893 VIII,
910 5826 973 5881 p.
1027 5804 1344 5893 δοκοίη
1390 5812 1574 5893 habet
1608 5833 1632 5893 :_
1676 5804 1777 5893 ξςαῖ
1818 5820 1912 5875 τὴν

305 5878 573 5953 ἔχθρανὲν
622 5887 681 5952 νῇ
726 5886 883 5954 σαρκὶ
910 5878 1313 5949 ’καταλυθῆναῃ
1374 5890 1463 5939 καὶ
1518 5889 1761 5959 γενέσθαι
1819 5896 1911 5941 τοῦ

2031 5539 2164 5609 Θεοῦ
2194 5532 2393 5609 φίλους,
2425 5541 2515 5609 καὶ
2536 5539 2651 5609 τότε
2680 5535 2851 5609 λαϐεῖν
2876 5542 2971 5609 τὴν
2996 5532 3213 5609 δωρεάν.

2100 5604 2213 5677 (17)
2251 5604 2403 5667 "Hm;
2430 5604 2492 5665 ἧν
2532 5608 2744 5662 durum
2794 5608 3042 5663 videtur.
3073 5604 3184 5663 Sed
3212 5608 3293 5664 ita
3319 5608 3499 5663 etiam
3530 5608 3689 5665 Hen-

2029 5677 2251 5750 tcnius._
2274 5680 2440 5733 Nunc
2470 5679 2672 5734 malim
2704 5686 2838 5750 post
2865 5681 3073 5747 θυσίαν,
3106 5679 3239 5735 loco
3270 5684 3380 5747 καὶ,
3415 5678 3506 5742 εἰς.

2121 5750 2209 5823 18)
2238 5747 2737 5823 ξΟνομαζὸμενοςᾲᾸ.

2096 5749 2209 5893 ἓ18)
2238 5749 2649 5823 Ὀνομαζὸμενος
2673 5749 2737 5805 Α.

2125 5822 2210 5891 t9)
2238 5820 2471 5879 Inclusa
2495 5821 2843 5879 exciderunt
2874 5825 2939 5878 A.
