4156 6384
499 376 637 440 1279

569 508 731 563 Vers.
782 510 871 564 47.
926 514 1364 582 Responderunt

494 596 735 655 invidiae
754 601 1136 659 dementiam.
1160 609 1305 662 Nam
1326 626 1459 663 cum
1474 610 1837 681 interrogare
1858 618 2151 686 oportuis-

498 695 604 755 set,
640 705 708 742 ac
738 689 962 746 discere
984 694 1122 763 quid
1148 695 1379 751 locutus
1412 706 1582 765 esset,
1618 702 1731 773 ipsi
1756 704 1901 759 nihil
1934 706 2147 761 horum

496 777 932 847 priestolantur,
967 783 1069 836 sed
1121 790 1317 840 statim
1343 788 1426 843 eis
1458 790 1795 857 adulantur,
1840 801 2151 865 parcentes

495 866 670 920 etiam
704 874 759 922 et
808 885 926 924 non
971 874 1216 928 austeris
1273 877 1466 932 verbis
1531 886 1804 948 utentes;
1861 884 2153 940 timebant

496 956 655 1010 enim
684 973 756 1011 ne
784 960 1036 1029 perfecte
1054 962 1131 1017 illi
1162 965 1551 1024 adbiererent.

570 1043 727 1101 Vers.
770 1051 862 1104 48.
901 1051 1058 1106 Num
1113 1055 1240 1124 quis
1270 1088 1339 1095 —
1395 1059 1560 1113 Vers.
1594 1064 1686 1116 49.
1746 1064 1944 1132 legem.
2004 1065 2150 1130 Quin

492 1131 622 1189 haec
644 1137 838 1206 major
862 1142 1136 1197 estvestri
1154 1148 1475 1213 accusatio,
1500 1150 1657 1221 quod
1686 1131 1861 1207 turba
1881 1154 2149 1222 credidit,

494 1239 599 1277 vos
631 1231 828 1281 autem
866 1244 986 1283 non
1014 1233 1363 1290 credidistis.
1402 1240 1615 1307 Legem
1633 1256 1774 1297 vero
1809 1242 2153 1314 simpliciter

495 1312 817 1383 appellant,
854 1322 1042 1373 totam
1073 1336 1298 1377 sacram
1333 1326 1721 1397 Scripturam.

566 1403 723 1456 Vers.
757 1408 845 1460 49.
880 1406 1251 1467 Exsecrandi
1275 1422 1430 1469 sunt.
1465 1418 1642 1489 Atqui
1683 1419 1775 1474 lex
1808 1420 1941 1475 illos
1990 1438 2152 1478 exse-

494 1497 712 1558 cratur,
727 1495 829 1564 qui
845 1495 1035 1564 legem
1052 1506 1446 1559 contemnunt
1467 1523 1479 1571 ;
1495 1523 1603 1561 vos
1621 1524 1760 1579 ergo
1779 1512 2146 1577 exsecrandi,

492 1578 595 1649 qui
640 1580 832 1651 legem
890 1589 1313 1660 contemnitis;
1356 1593 1433 1649 illi
1476 1611 1613 1651 vero
1654 1578 1846 1667 legem
1887 1608 2146 1668 servant,

494 1669 799 1727 credentes
846 1674 902 1728 in
946 1691 1074 1730 eum
1135 1694 1148 1745 ;
1185 1680 1350 1750 jubet
1381 1699 1643 1757 namque
1674 1687 1765 1743 lex
1820 1690 2058 1746 credere
2088 1692 2148 1747 in

494 1758 679 1814 Deum
696 1804 708 1817 .

1818 396 2163 455 EUTHYMII
2203 398 2538 461 ZIGABENI

1429 551 1486 559 -—
1522 523 1747 578 seducti
1792 525 1970 581 estis?
2000 526 2146 582 Vide
2184 528 2230 582 A

3721 403 3859 463 1280

2334 533 2722 605 Ἀπεκρίθησαν
2749 565 2816 573 -
2847 532 3177 592 πεπλάνησθε
3210 532 3380 605 ;”Ορα
3410 534 3595 606 φθόνου
3651 537 3859 606 μανίαν.

2262 625 2378 673 Δέον
2403 624 2503 695 γὰρ
2553 626 2811 694 ἐρωτῆσαι
2842 630 2930 675 καὶ
2979 626 3157 695 μαθεῖν
3189 629 3239 676 τί
3279 623 3541 692 ἐλάλησεν,
3594 625 3643 675 οἱ
3674 620 3732 675 δὲ
3762 622 3861 674 οὑκ

2260 715 2530 781 νέσχοντο,
2590 712 2694 763 ἀλλ’
2736 714 2887 774 εὐθὺς
2917 714 3286 766 κολακεύουσιν
3319 714 3504 773 αύτούς
3552 715 3629 765 ἔτι
3686 708 3861 784 φειδό-

2261 819 2420 870 μενοι,
2456 806 2541 852 καὶ
2566 802 2657 853 οὐκ
2690 802 2952 877 αὑστηρίᾳ
2980 811 3238 875 χρῶνται,
3273 798 3564 863 δεδοικότες
3592 806 3661 874 μὴ
3694 801 3861 853 τέλεον

2263 888 2401 959 αὐτῷ
2440 893 2789 962 προπεθώσι.

2334 1075 2417 1127 Μή
2454 1088 2531 1131 τις
2573 1102 2637 1110 —
2669 1074 2841 1142 νόμον.
2874 1074 3014 1128 Αὕτη
3056 1069 3244 1142 μᾶλλον
3277 1071 3307 1127 ἡ
3347 1069 3537 1141 μείζων
3569 1072 3866 1141 κατηγορία

2262 1160 2421 1229 ὑμῶν,
2458 1161 2536 1210 ὃτι
2562 1160 2586 1210 ό
2615 1163 2703 1231 μὲν
2758 1159 2913 1231 ὄχλος
2949 1159 3271 1226 ἐπίστευσεν,
3313 1161 3459 1231 ὑμεῖς
3526 1155 3584 1211 δὲ
3634 1159 3865 1216 ἠπιστή-

2260 1267 2401 1301 κατε.
2455 1253 2625 1320 Νόμον
2678 1246 2735 1301 δε
2790 1252 3013 1303 ἐνταῦθα
3077 1248 3288 1321 λέγουσι
3326 1253 3416 1307 τὴν
3492 1247 3611 1305 ὅλην
3652 1253 3863 1323 Γραφὴν

2263 1337 2405 1388 ἀπλὼ
2416 1360 2435 1399 ς
2444 1376 2454 1387 .

2334 1427 2737 1502 Ἐπικατάρατοί
2772 1428 2898 1486 εἰσι,
2945 1434 3043 1482 Καὶ
3068 1433 3170 1501 μὴν
3197 1430 3222 1480 ὁ
3242 1433 3394 1501 νόμος
3433 1428 3866 1501 ἐπικατηράσατο

2262 1523 2367 1577 τοῖς
2413 1518 2655 1569 aeneam
2685 1522 2771 1569 τόν
2803 1523 2955 1591 νόμον
2990 1536 3000 1547 ’
3050 1520 3196 1589 ὑμεῖς
3256 1514 3342 1571 οὖν
3391 1516 3761 1591 ἐπικατάρατοι
3816 1518 3869 1568 οἱ

2261 1602 2552 1666 ἀθετοὺντες
2583 1610 2667 1658 τὸν
2726 1612 2879 1679 νόμον
2933 1607 3157 1660 ’ἐκεῖνοι
3211 1603 3269 1660 δὲ
3317 1616 3540 1682 τηρούσι
3579 1611 3665 1659 τόν
3709 1611 3866 1677 νόμον

2260 1698 2587 1757 πιστεύοντες
2626 1696 2698 1757 εἰς
2742 1697 2895 1748 αὑτόν
2931 1714 2943 1726 ⁸
2978 1697 3168 1749 κελεύει
3208 1699 3309 1768 γὰρ
3339 1698 3364 1748 ό
3420 1700 3575 1769 νόμος
3604 1698 3869 1748 πιστεύειν

2260 1785 2330 1846 εἰς
2354 1789 2438 1836 τόν
2467 1790 2615 1841 Θεόν.

568 1850 731 1947 Yers.
763 1855 850 1947 so.
892 1856 990 1909 Ait
1019 1888 1085 1899 ——
1116 1860 1279 1918 Vers.
1323 1868 1407 1918 5t.
1436 1866 1683 1933 faciat?
1706 1868 1946 1925 Addidit
1966 1886 2150 1926 evan-

2331 1879 2485 1946 Λέγει
2535 1907 2601 1915 -
2666 1884 2801 1928 ποιεῖ
2857 1894 2870 1943 ;
2926 1879 2993 1927 Τό
3027 1876 3109 1935 Εἷς
3156 1876 3223 1926 ὡν
3279 1875 3331 1938 ἐξ
3381 1875 3548 1927 αὑτῶν
3604 1876 3872 1947 προσέθη·

498 1938 725 2006 gelista,
754 1944 898 1998 Cum
925 1953 1079 2001 esset
1111 1966 1261 2005 unus
1310 1954 1382 2009 de
1416 1971 1669 2013 numero
1699 1974 1927 2023 eorum,
1957 1966 2148 2016 osten-

496 2028 668 2097 dens,
688 2031 847 2101 quod
866 2035 1043 2091 etiam
1062 2040 1303 2109 quidam
1322 2060 1351 2098 e
1372 2046 1740 2117 principibus
1757 2049 2148 2115 crediderant,

494 2117 627 2208 licet
653 2120 761 2190 ipsi
791 2122 1072 2193 dicerent,
1100 2130 1327 2187 nullum
1356 2150 1424 2189 ex
1439 2135 1811 2208 principibus
1829 2140 2152 2195 credidisse

496 2207 557 2263 in
588 2209 798 2275 ipsum.
852 2218 1059 2288 Arguit
1089 2236 1229 2289 ergo
1260 2240 1361 2279 eos
1402 2207 1779 2284 Nicodemus.
1814 2230 1979 2301 quod
2005 2230 2152 2300 legis

500 2312 696 2360 essent
730 2313 1211 2380 transgressores,
1243 2314 1469 2369 occulte
1498 2321 1695 2372 tamen
1723 2324 1778 2373 et
1800 2320 2007 2389 paucis
2030 2335 2155 2374 ver-

498 2391 593 2447 bis
620 2412 631 2448 :
656 2400 925 2455 nondum
961 2402 1117 2457 enim
1150 2406 1605 2460 convenientem
1630 2408 1881 2479 adeptus
1920 2414 2044 2464 erat
2066 2410 2152 2465 lo-

499 2487 719 2553 quendi
736 2487 1092 2546 libertatem.
1111 2494 1253 2547 Nam
1272 2494 1321 2548 si
1343 2510 1461 2548 non
1482 2498 1845 2552 condemnat
1860 2498 1949 2553 lex
1966 2502 2151 2569 prius-

498 2587 682 2642 quam
713 2578 982 2634 audiatet
1005 2590 1347 2650 cognoscat,
1376 2583 1488 2654 ipsi
1508 2601 1638 2639 vero
1666 2586 2154 2644 condemnabant

498 2676 636 2716 eum
678 2672 1001 2738 antequam
1050 2670 1353 2728 audissent
1398 2678 1453 2727 et
1483 2675 1920 2743 cognovissent,
1962 2678 2150 2747 legem

498 2751 693 2821 utique
724 2758 1327 2826 transgrediebantur.

570 2839 736 2897 Vers.
765 2849 849 2899 5'2.
881 2848 1325 2915 Responderunt
1367 2883 1430 2892 —
1458 2868 1515 2909 es
1546 2853 1573 2909 ‘7
1630 2857 1773 2910 Num
1815 2855 1949 2911 ideo
1981 2856 2063 2912 illi
2088 2873 2150 2912 es

498 2931 739 2997 auxilio,
769 2936 930 3005 quod
959 2938 1231 3009 ejusdem
1258 2940 1335 2995 sis
1358 2942 1614 3010 regionis
1635 2950 1686 2998 et
1712 2946 1916 3016 patriae
1940 2945 1967 3001 ?
1988 2947 2144 3009 Vide,

498 3035 678 3092 quam
703 3039 911 3095 aspere
943 3044 1012 3081 ac
1041 3028 1309 3085 ferociter
1342 3037 1745 3103 respondeant
1776 3034 1804 3088 Ῡ

570 3110 732 3169 Vers.
767 3119 851 3170 52.
878 3117 1161 3175 Scrutare
1182 3152 1245 3159 ——
1266 3123 1623 3179 surrexerit.
1654 3126 1803 3179 Sane
1828 3124 1991 3179 illum
2023 3126 2151 3181 sine

496 3198 867 3261 discussione
897 3209 1299 3265 condemnare
1356 3227 1474 3267 non
1527 3215 1859 3284 oportebat,
1908 3214 1985 3270 illi
2015 3233 2151 3271 vero

497 3288 783 3360 injuriose
814 3294 1019 3353 dicunt
1060 3314 1072 3351 :
1110 3298 1411 3369 Interroga
1442 3306 1497 3355 et
1535 3302 1715 3367 disce,
1772 3320 1961 3376 neque
1992 3307 2149 3360 enim

499 3382 652 3436 nosti
686 3384 1038 3456 Scripturas.
1089 3388 1308 3444 Verum
1358 3392 1406 3445 si
1455 3406 1557 3446 eas
1610 3409 1729 3447 non
1776 3394 1959 3459 novit,
2011 3410 2155 3467 quo-

502 3472 683 3528 modo
716 3490 821 3529 vos
849 3475 922 3529 de
952 3476 1097 3546 legis
1121 3481 1556 3549 trangressione
1588 3484 1832 3552 arguit?

574 3651 730 3707 Scire
764 3658 952 3708 autem
985 3660 1231 3727 oportet,
1261 3658 1423 3728 quod
1452 3675 1522 3714 ea
1570 3676 1705 3731 quae
1749 3662 1825 3716 ab
1879 3663 1991 3717 hoc
2024 3664 2156 3720 loco

498 3740 798 3795 habentur
830 3759 1017 3814 usque
1041 3744 1116 3799 ad
1139 3761 1299 3810 eum,
1330 3763 1451 3819 quo
1478 3748 1691 3803 dicitur
1723 3768 1735 3803 :
1764 3752 1982 3808 Iterum
2017 3770 2157 3823 ergo

502 3830 727 3884 locutus
745 3838 825 3886 est
842 3833 963 3887 illis
986 3833 1152 3888 Iesus
1166 3836 1389 3892 dicens:
1415 3838 1539 3908 Ego
1558 3855 1687 3895 sum
1712 3842 1823 3896 tum
1846 3843 2054 3898 mundi
2069 3845 2112 3877 ⁸⁷
2142 3862 2154 3899 :

498 3920 559 3972 in
582 3919 971 3975 exactioribus
993 3924 1457 3996 exemplaribus,
1485 3934 1587 3984 aut
1614 3946 1731 3985 non
1752 3932 2154 3999 inveniuntur,

500 4014 603 4063 aut
628 4009 801 4065 obelo
826 4013 1098 4068 confossa
1125 4022 1275 4082 sunt,
1294 4033 1363 4073 eo
1394 4018 1555 4090 quod
1582 4019 1901 4090 illegitima
1922 4022 2157 4078 videan-

499 4101 594 4151 tur
617 4104 669 4153 et
693 4099 915 4156 addita.
942 4104 1001 4156 Et
1024 4102 1201 4175 hujus
1227 4115 1744 4176 argumentumest
1766 4111 1928 4181 quod
1949 4127 2153 4166 eorum

500 4187 961 4259 Chrysostomus
982 4192 1209 4249 nullam
1237 4198 1478 4251 omnino
1496 4197 1629 4253 fecit
1650 4200 2009 4255 mentionem
2031 4202 2109 4272 (f)
2136 4217 2150 4253 :

500 4279 669 4333 nobis
699 4282 901 4337 tamen
929 4282 1009 4353 (g)
1047 4284 1285 4340 animus
1336 4295 1421 4341 est
1454 4289 1631 4343 etiam
1664 4290 1793 4345 haec
1826 4290 2151 4357 declarare,

500 4369 661 4438 quod
683 4369 927 4426 utilitate
961 4388 1079 4427 non
1111 4382 1374 4441 careant,
1406 4383 1555 4432 Sicut
1594 4385 1649 4434 et
1693 4386 1873 4452 caput
1904 4384 1978 4437 de
2028 4399 2156 4437 mu-

500 4457 637 4513 liere
694 4459 753 4513 in
806 4460 1093 4519 adulterio
1151 4465 1544 4539 deprehensa,
1607 4470 1767 4542 quod
1829 4472 1980 4528 inter
2030 4472 2156 4529 haec

501 4547 765 4621 ponitur.

574 4676 615 4709 ‘7
646 4674 817 4732 Joan.
852 4693 969 4747 vui,
1000 4681 1086 4737 12.

2261 1966 2394 2016 κενό
2441 1965 2831 2035 εὐαγγελιστης,
2890 1962 3096 2026 δεικνὺς
3156 1966 3236 2017 ὅτι
3283 1970 3371 2016 καί
3429 1984 3557 2024 τινες
3612 1972 3711 2015 τῶν
3771 1962 3867 2037 ἁρ-

2262 2060 2462 2124 χόντων
2515 2053 2846 2118 ἐπίστευσαν,
2909 2055 2949 2107 εἰ
3006 2060 3095 2106 καὶ
3153 2054 3302 2106 αὑτοὶ
3376 2052 3513 2106 εἶπον
3567 2056 3645 2105 ὅτι
3689 2049 3866 2112 οὐδεὶς

2263 2154 2361 2195 τῶν
2415 2144 2683 2216 ἀρχόντων
2746 2148 3045 2197 ἐπίστευσεν
3097 2144 3167 2204 εἰς
3234 2144 3405 2196 αὑτόν.
3476 2142 3710 2214 Ἐλέγχει
3774 2138 3865 2194 οὖν

2266 2235 2501 2295 αύτούςό
2534 2231 2836 2307 Νικόδημος
2888 2233 3195 2309 παραϐάτας
3254 2240 3343 2285 τοῦ
3395 2237 3576 2304 νόμου,
3625 2233 3755 2290 πλὴν
3788 2231 3867 2283 λε-

2264 2323 2497 2386 ληθότως
2531 2330 2621 2378 καὶ
2659 2327 2788 2395 μετὰ
2844 2321 3099 2395 φειδοῦς·
3134 2326 3276 2375 οὔπω
3327 2326 3427 2393 γὰρ
3490 2326 3588 2379 τὴν
3650 2325 3867 2395 προσή-

2264 2434 2458 2466 κουσαν
2500 2412 2611 2484 εἶχε
2671 2414 2985 2487 παρρησίαν.
3022 2413 3081 2466 Εἰ
3114 2416 3214 2484 γὰρ
3258 2413 3283 2463 ὁ
3322 2416 3474 2483 νόμος
3514 2411 3572 2463 οι)
3604 2415 3865 2483 κατακρί-

2263 2522 2335 2554 νει
2358 2507 2456 2575 πρό
2506 2512 2594 2555 τοῦ
2627 2502 2851 2554 ἀκούσαι
2881 2508 2969 2554 καὶ
3004 2511 3215 2572 γνῶναι,
3252 2501 3398 2553 αὑτοὶ
3460 2496 3518 2552 ὃε
3557 2504 3862 2572 κατέκριναν

2265 2592 2418 2644 αὑτὸν
2446 2597 2545 2665 πρό
2593 2593 2748 2664 λόγου
2779 2598 2865 2644 καὶ
2923 2589 3269 2663 διαγνώσεως,
3302 2589 3604 2662 παρέϐησαν
3642 2590 3745 2663 ἄρα
3779 2592 3865 2640 τόν

2262 2688 2432 2755 νόμον.

2335 2858 2719 2931 Ἀπεκρίθησαν
2747 2889 2812 2896 —
2840 2854 2883 2909 εἰ
2915 2874 2928 2925 ;
2963 2863 3179 2921 Μὴ,τῆς
3205 2856 3363 2917 αὐτῆς
3394 2856 3533 2926 αὐτῷ
3564 2861 3746 2931 χώρας
3778 2858 3864 2907 καὶ

2261 2945 2512 3020 πατρίδος
2556 2949 2643 3013 ὢν,
2688 2944 2779 2999 διὰ
2828 2955 2976 2999 τοῦτο
3037 2946 3246 3019 βοηθεῖς
3304 2947 3489 3016 αύτῷ;
3549 2945 3703 2998 Βλέπε
3750 2954 3863 3007 πῶς

2182 3043 2221 3098 C
2262 3039 2623 3111 ἀγροικότερον
2646 3042 2734 3089 καὶ
2767 3038 3112 3110 θυμικώτερον
3137 3035 3524 3108 ἀποκρίνονται.

2334 3129 2637 3202 Ἐρεύνησον
2662 3158 2727 3165 —-
2754 3125 3048 3201 ἐγήγερται.
3080 3131 3173 3179 Καὶ
3204 3130 3301 3197 μην
3333 3125 3427 3176 ούκ
3468 3121 3600 3177 εἶπεν
3627 3126 3707 3175 ὅτι
3734 3128 3858 3197 προ-

2264 3223 2428 3289 φήτης
2461 3219 2618 3281 ἐστὶν,
2656 3214 2761 3267 ἀλλ’
2795 3218 2873 3268 ὅτι
2903 3217 3283 3287 κατακριθῆναι
3323 3214 3476 3266 αὑτὸν
3520 3211 3865 3275 ἀνεξετάστως

3386 3324 3398 3336 ·
3433 3305 3625 3375 Ἐρὼτη
3636 3322 3722 3354 σον
3750 3303 3864 3374 (20)

2590 3414 2599 3424 ·
2649 3394 2705 3446 ού
2760 3398 2859 3469 γὰρ
2903 3391 3054 3456 οἶδας
3101 3396 3193 3454 τὰς
3249 3396 3466 3467 Γραφας.
3530 3399 3630 3445 Καὶ
3684 3392 3729 3444 εἰ
3774 3392 3870 3443 οὑκ

2264 3306 2320 3358 οὑ
2352 3312 2459 3379 χρὴ
2500 3324 2511 3335 ·
2543 3308 2590 3357 οἱ
2624 3302 2680 3357 δὲ
2733 3305 3050 3379 ὑϐριστικῶς
3102 3304 3339 3375 λέγουσιν

2265 3401 2352 3447 καὶ
2397 3399 2527 3468 μάθε

2266 3484 2405 3539 οἶδεν
2464 3487 2639 3550 αὑτὰς,
2697 3496 2803 3547 πως
2865 3487 2995 3557 ὑμᾶς
3062 3484 3242 3555 ἤλεγξε
3312 3484 3725 3556 παραϐαίνοντας
3783 3486 3869 3535 τὸν

2265 3583 2437 3648 νόμον.

2342 3671 2452 3740 Χρὴ
2513 3663 2569 3717 δὲ
2603 3665 2714 3735 (2|)
2746 3664 3021 3735 γινώσκειν
3067 3666 3147 3715 ὄτι
3200 3665 3265 3715 τὰ
3307 3662 3530 3715 ἐντεῦθεν
3582 3664 3715 3735 ἄχρι
3761 3670 3874 3734 τοῦ,

2271 3756 2428 3808 Πάλιν
2462 3752 2548 3807 οὖν
2577 3754 2819 3811 ἐλάλησεν
2852 3754 3029 3814 αὐτοῖς
3060 3755 3083 3805 ό
3111 3755 3320 3813 Ἰησοῦς
3348 3752 3505 3823 λέγων
3563 3769 3575 3781 ·
3605 3753 3737 3822 Ἐγὼ
3770 3752 3879 3823 εἰμι

2268 3850 2324 3897 τό
2350 3856 2451 3917 φῶς
2478 3865 2565 3896 του
2588 3850 2789 3915 κόσμου
2824 3863 2834 3873 ·
2873 3846 3015 3915 παρὰ
3194 3850 3303 3903 τοῖς
3335 3840 3599 3914 ἀκριϐέσιν
3632 3841 3875 3915 ἀντιγρά-

2197 3977 2235 4028 D
2270 3956 2382 4007 φοις
2414 3936 2442 3993 ἡ
2508 3934 2612 4005 οὑχ
2644 3934 2857 4006 εὕρηται
2883 3933 2911 3990 ἡ
2955 3930 3253 3985 ωϐέλισται.
3313 3935 3398 3983 Δίό
3437 3936 3703 4003 φαίνονται
3766 3951 3874 3982 πα-

2268 4032 2570 4099 ρέγγραπτα
2607 4027 2696 4074 καὶ
2746 4023 3019 4094 προσθήκη
3060 4041 3070 4052 ·
3104 4026 3192 4072 καὶ
3248 4023 3434 4073 τούτου
3487 4026 3761 4092 τεκμήριον
3814 4024 3872 4071 τὸ

2269 4110 2407 4186 μηδὲ
2456 4118 2540 4164 τόν
2600 4116 2974 4185 Χρυσόστομον
3027 4111 3139 4181 (‘23)
3195 4109 3317 4169 ὅλως
3374 4114 3731 4181 μνημονεῦσαί
3781 4108 3872 4160 αὑ-

2268 4213 2363 4256 τῶν
2391 4202 2524 4274 (24).
2560 4205 2827 4276 Πειρατέον
2862 4198 2918 4252 δὲ
2950 4202 3087 4271 ὅμως
3117 4202 3241 4271 ἡμῖν
3294 4203 3382 4250 καὶ
3414 4206 3579 4249 ταῦτα
3604 4195 3870 4269 διασαφῆ-

2272 4311 2361 4343 σαι
2397 4310 2407 4321 ’
2438 4291 2531 4343 οὐκ
2561 4292 2774 4362 ἄμοιρον
2805 4294 2905 4362 γὰρ
2934 4289 3175 4361 ὠφελείας
3208 4284 3331 4340 οὐδὲ
3362 4290 3419 4339 τὸ
3474 4286 3521 4338 ἐν
3543 4291 3744 4348 τούτοις
3785 4306 3873 4338 κε-

2271 4379 2484 4451 φάλαιον
2511 4384 2567 4432 τό
2598 4385 2714 4454 περὶ
2753 4388 2842 4441 τῆς
2874 4377 2957 4431 ἐπὶ
2992 4383 3209 4451 μοιχείᾳ
3248 4377 3653 4449 κατειλημμένης
3695 4396 3877 4448 γυναι-

2269 4476 2379 4535 κός.

1728 4814 1952 4883 Variae
1993 4815 2320 4884 lectiones
2345 4826 2405 4882 et
2439 4822 2641 4881 notae.

569 4989 683 5061 (20)
712 4989 824 5047 Hic
855 4989 1356 5061 interpretationis
1380 4993 1570 5047 locum
1601 4994 1822 5051 obtinet
1841 4996 1955 5052 hoc
1980 5013 2153 5052 voca-

500 5061 732 5116 bulum.
752 5061 861 5118 Sed
880 5062 1339 5132 Chrysostomus
1358 5065 1658 5120 multoties
1677 5067 1731 5121 id
1753 5068 1952 5124 tribuit
1968 5071 2153 5124 Evan-

500 5132 929 5207 gelistaaLVide
950 5140 1094 5189 tom.
1134 5148 1258 5207 vni,
1300 5152 1356 5207 p.
1388 5136 1505 5192 305
1540 5140 1596 5202 E,
1631 5140 1734 5193 306
1764 5144 1828 5194 Α.

569 5204 682 5275 (2|)
722 5204 887 5259 Hunc
919 5204 1117 5259 locum
1150 5204 1355 5263 laudat
1386 5208 1711 5263 Εἰνῂηιπίιις
1741 5212 2039 5265 Simonius
2095 5212 2151 5265 iu

502 5276 747 5352 Historia
767 5277 967 5352 critica
1010 5286 1201 5352 textus
1243 5281 1309 5333 N.
1342 5283 1399 5335 Τ.
1435 5296 1491 5352 p.
1536 5282 1650 5337 145.

572 5349 686 5417 (22)
724 5347 837 5400 Ἐπί
878 5348 1189 5403 Simonius.

566 5421 679 5490 (23)
709 5419 877 5479 Ὀλως
906 5420 1114 5477 omittit
1147 5422 1327 5479 idem.

574 5491 688 5563 (24)
739 5490 955 5564 Ἀκριϐῆ
1022 5492 1311 5567 ἀντίγραφα
1372 5511 1533 5551 nunc
1586 5495 1869 5568 appellat,
1920 5497 2155 5554 codices

576 5685 642 5765 (_t)
686 5687 765 5741 Ac
785 5687 1050 5765 profecto
1074 5690 1132 5765 in
1157 5692 1439 5765 omnibus
1466 5693 1594 5762 ejus
1618 5692 1895 5765 operibus
1922 5693 2155 5752 nullum

502 5757 682 5821 hujus
706 5760 1061 5815 narrationis
1094 5762 1290 5816 inveni
1320 5757 1653 5825 vestigium.

578 5830 651 5898 (g)
682 5831 1087 5887 Nobistamen.
1111 5840 1219 5887 etc.
1242 5836 1575 5891 Periculum
1602 5837 2155 5895 lamenfaciendum

2264 4994 2691 5073 Chrysostomi,
2733 5008 2978 5073 _eos_qu_e
3010 4992 3153 5073 Novi
3184 4992 3563 5073 Testamenti,
3590 4989 3692 5064 qui
3711 5005 3863 5073 _cu_m

2264 5062 2504 5123 scholiis
2536 5070 2691 5121 sunt.
2724 5062 2899 5122 Crisis
2928 5065 3226 5136 Euthymii
3265 5065 3530 5136 arguitur
3560 5062 3869 5136 vocabulis

2263 5144 2353 5191 καὶ
2379 5141 2561 5191 τούτου
2594 5142 2887 5210 τεκμήριον,
2926 5134 3145 5210 Eadem
3173 5136 3247 5210 de
3274 5134 3465 5210 causa
3504 5150 3689 5210 supra
3716 5134 3871 5190 solli-

2266 5212 2457 5265 citavit
2489 5213 2652 5264 Luca:
2682 5206 2767 5274 ix,"
2818 5209 2905 5264 55.
2961 5208 3314 5280 Euthymius
3373 5206 3631 5265 debebat
3674 5221 3870 5280 nosse.

2266 5285 2750 5343 Chi-vsustomum
2784 5279 3120 5336 exclusisse
3140 5279 3321 5334 etiam
3356 5281 3554 5335 Matth.
3610 5294 3774 5343 xxm,
3810 5279 3878 5334 16

2268 5341 2397 5433 -25
2423 5359 2480 5433 et
2502 5353 2639 5433 alia
2672 5352 2987 5433 permulta.
3015 5350 3275 5433 ‘COpi‘Q‘Se
3320 5351 3395 5405 de
3428 5352 3541 5433 hoc
3574 5350 3707 5433 loco
3757 5341 3879 5433 dis-

2266 5425 2472 5498 putavi
2502 5424 2559 5479 in
2615 5441 2751 5480 mea
2791 5427 2852 5479 N.
2901 5426 3062 5504 Test.
3103 5424 3597 5504 editione._Nunc
3646 5426 3881 5477 tantum

2266 5498 2448 5576 addo,
2467 5496 2596 5576 legi
2627 5495 2791 5576 illum
2818 5494 3015 5576 locum
3049 5510 3107 5549 in
3141 5493 3548 5576 Evangeliario
3578 5491 3877 5560 Gothano,

2265 5570 2383 5625 bris
2415 5569 2514 5624 die
2549 5569 2603 5635 8,
2638 5569 2719 5624 uti
2748 5569 2876 5639 jam
2911 5571 3220 5623 notaverat
3247 5569 3624 5622 Wetstenius.

2268 5695 2443 5749 etiam
2483 5693 2606 5748 haec
2629 5691 2940 5763 explicare.
2980 5695 3092 5747 Nec
3142 5689 3338 5763 enimﬂ
3364 5689 3633 5763 utilitatis
3665 5703 3879 5763 expers

2268 5772 2354 5823 est
2379 5764 2544 5838 quod
2570 5764 2663 5820 hic
2689 5760 2840 5820 inest
2862 5768 3061 5836 caput,
3096 5763 3170 5820 de
3201 5762 3444 5819 muliere
3475 5762 3533 5817 in
3563 5760 3880 5816 adulterio-

2268 5836 2723 5909 com—prehensa.
