4156 6394
326 336 458 403 1281

403 477 504 526 Καὶ
525 503 592 516 --
619 471 800 527 αὐτοῦ.
830 471 1186 545 Ὀργισθίντες
1212 469 1294 522 ἐπὶ
1321 477 1391 542 τῷ
1416 471 1554 541 λόγῳ
1574 466 1662 523 τοῦ
1703 467 1941 528 Νικοδή-
1971 471 2011 524 Α

331 583 456 636 μου,
491 567 582 615 καὶ
627 561 932 634 φοϐηθέντες
976 566 1178 634 μήποτε
1225 566 1314 612 καὶ
1345 561 1490 620 ἄλλος
1526 569 1624 612 τῶν
1671 559 1937 636 ἀρχόντων

332 655 468 705 εἴποι
497 660 732 704 τοιαῦτα.

409 746 510 795 Καὶ
567 741 768 802 Ἰησοῦς
822 742 933 814 (25)
975 774 1043 784 -
1099 741 1332 797 Ἐλαιῶν.
1376 739 1649 794 Ἐκκλίνων
1699 744 1791 798 τὴν
1847 736 1939 792 διά

331 835 520 893 νυκτός
550 831 847 888 ἐπιϐουλήν,

406 920 636 993 Ὀρθρου
698 952 766 962 —
820 921 1027 982 αὐτούς.
1065 925 1202 973 Λαὸν
1254 919 1470 972 ἐνταῦθα
1523 939 1653 992 φησι
1701 923 1818 979 τοὺς
1864 918 1937 970 λέ-

333 1030 522 1082 γοντας
604 1012 684 1062 ὅτι
769 1010 936 1072 Οὗτός
1034 1008 1173 1062 ἐστιν
1256 1009 1456 1070 ἀληθῶς
1531 1012 1554 1061 ό
1626 1023 1936 1084 προςοητης⁸

334 1105 425 1150 καὶ
480 1103 603 1160 τοὺς
670 1102 905 1169 λέγοντας
962 1095 1116 1161 αὖθις
1164 1101 1241 1152 ὅτι
1295 1100 1459 1158 Οὗτός
1520 1097 1659 1150 ἐστιν
1723 1100 1748 1149 ὁ
1809 1105 1940 1169 Χρι-

337 1193 460 1250 στός
493 1205 507 1219 ·
558 1191 678 1260 ὅπερ
725 1187 819 1240 οὐκ
879 1187 1154 1260 ἐνεγκόντες
1221 1191 1269 1240 οἱ
1322 1185 1594 1252 Ἰουδαῖοι,
1652 1191 1835 1240 σκόπει
1887 1191 1938 1238 τί

334 1281 728 1350 πονηρεύονται.

409 1365 666 1438 ’Ἄγουσιν
715 1400 784 1407 -
834 1371 1236 1440 μοιχευομένην.
1273 1368 1379 1421 Ἐπ’
1423 1367 1702 1440 αὖτοφώρῳ
1735 1367 1939 1437 λέγεται

335 1461 394 1510 τὸ
422 1456 787 1529 αὐτελέγκτως,
821 1457 1140 1529 αὐτοφανῶς,
1182 1455 1479 1533 προδήλως.

411 1635 492 1688 Ἐν
525 1667 590 1676 -
620 1635 799 1689 αὐτοῦ.
835 1642 1178 1697 Γινώσκοντες
1205 1637 1318 1712 ’γάρ
1351 1638 1506 1690 αὐτὸν
1561 1635 1808 1708 ἐλεήμονα
1849 1641 1940 1688 καὶ

341 1729 616 1798 συμπαθῆ,
649 1723 982 1800 προσεδόκων
1009 1728 1087 1779 ὄτι
1135 1732 1366 1799 φείσεται
1412 1728 1592 1794 αὐτῆς,
1626 1733 1715 1780 καὶ
1762 1727 1941 1780 λοιπον

1389 331 1762 401 COMMENT.
1813 337 1884 398 IN
1924 331 2277 400 JOANNEM.
2307 378 2374 386 —
2403 341 2556 403 CAP.
2590 343 2734 404 Vm.

3561 347 3701 413 1282

2129 470 2286 526 Vers.
2321 477 2410 529 53.
2464 477 2528 530 Et
2575 506 2642 515 —
2691 491 2873 532 suam.
2917 477 3213 550 Indignati
3251 480 3331 536 ob
3362 497 3701 539 sermonem

2053 559 2374 626 Nicodemi,
2408 579 2476 618 ac
2527 563 2800 621 timentes
2851 583 2924 622 ne
2974 568 3122 624 forte
3170 569 3347 625 etiam
3400 571 3703 643 quispiam

2052 648 2205 704 alius
2238 651 2450 707 similia
2476 652 2713 710 diceret.

2124 738 2278 793 CAP.
2309 741 2430 796 VIII
2484 742 2898 802 Vers.t.Jesus
2915 753 3110 804 autem
3155 779 3208 789 —
3250 749 3573 808 Oliuarum.
3605 753 3706 807 De-

2052 827 2280 884 clinans
2307 837 2626 888 nocturnas
2658 834 2920 890 insidias.

2123 917 2285 973 Vers.
2330 925 2378 974 2.
2410 921 2649 979 Summo
2693 956 2753 964 —
2780 925 2932 981 illos.
2977 927 3266 998 Pepulum
3307 929 3404 984 hic
3451 930 3708 1002 appellat

2053 1021 2155 1060 eos
2185 1010 2287 1079 qui
2318 1009 2598 1067 dicebant
2631 1029 2642 1068 :
2676 1015 2787 1070 Hic
2809 1023 2889 1070 est
2919 1032 3053 1071 vere
3102 1019 3386 1089 propheta
3408 1036 3420 1073 :
3445 1020 3708 1091 itemque

2052 1112 2178 1161 eos,
2211 1097 2314 1168 qui
2348 1099 2629 1156 dicebant
2665 1118 2676 1156 :
2728 1103 2838 1158 Hic
2887 1110 2962 1159 est
3018 1105 3289 1162 Christus
3316 1120 3340 1178 ,'
3379 1109 3543 1179 quod
3585 1124 3708 1165 non

2052 1183 2306 1241 ferentes
2328 1188 2534 1255 Judmi,
2578 1191 2712 1246 vide
2746 1193 2892 1264 quid
2924 1194 3326 1264 malignentur
3358 1196 3386 1252 ?

2124 1365 3035 1428 Vers.3.Adducunt—Vers.!i.
3084 1375 3466 1431 Adulterium
3507 1392 3712 1445 perpe-

2053 1458 2326 1512 trantem.
2368 1458 2482 1509 Ἐπ’
2523 1459 2826 1536 αὐτοφώρῳ,
2857 1461 2974 1517 hoc
3027 1469 3130 1530 est,
3174 1465 3489 1529 manifeste
3526 1473 3581 1521 et
3616 1466 3712 1523 de-

2047 1544 2357 1617 prehense,
2389 1547 2469 1603 ita
2494 1553 2559 1603 ut
2590 1551 2788 1620 negari
2812 1567 2928 1606 non
2965 1553 3172 1623 possit.

2124 1635 2286 1690 Vers.
2317 1637 2370 1690 5.
2397 1637 2462 1692 In
2487 1638 2733 1694 —Vers.
2763 1642 2814 1695 6.
2845 1642 3041 1697 illum.
3069 1641 3510 1713 Cognoscentes
3527 1645 3711 1711 enim,

2057 1741 2190 1779 eum
2224 1725 2667 1782 misericordem
2701 1744 2829 1785 esse
2860 1746 2930 1785 ac
2978 1733 3462 1804 compatientem.
3494 1733 3718 1803 cogita-

337 1815 514 1877 ἕξουσι
545 1821 864 1890 κατηγορίαν
894 1816 1006 1868 κατ’
1035 1818 1216 1878 αὐτοῦ,
1250 1819 1314 1877 ὡς
1353 1822 1662 1891 παρανόμως
1703 1814 1941 1890 φειδομέ-

2079 1819 2201 1870 )ant
2250 1815 2407 1888 quod
2482 1823 2638 1873 esset
2695 1819 2774 1873 illi
2827 1821 3180 1891 parciturus,
3215 1829 3267 1876 et
3325 1821 3406 1879 ita
3455 1823 3717 1878 habituri

335 1924 425 1957 νου
448 1913 543 1966 τῆς
570 1904 670 1958 ἀπὸ
699 1912 791 1957 τοῦ
812 1910 969 1978 νόμου
995 1905 1354 1977 λιθαζομένης.

405 2175 464 2228 Ὀ
516 2171 575 2228 δὲ
642 2173 850 2236 Ἰησοῦς
900 2205 966 2214 --
1023 2183 1140 2246 γῆν.
1193 2173 1354 2250 Ὅπερ
1415 2176 1631 2228 εἰώθασι
1699 2176 1944 2238 πολλάκις

335 2271 503 2318 ποιεῖν
543 2266 591 2316 οἱ
643 2269 714 2336 μὴ
763 2264 985 2325 θέλοντες
1033 2262 1406 2336 ἀποκρίνεσθαι
1465 2265 1577 2336 ('26)
1630 2269 1758 2338 πρὸς
1823 2270 1944 2327 τοὺς

1380 2358 1530 2426 γνοὺς

339 2447 434 2502 τήν
489 2447 737 2515 μηχανὴν
787 2450 1149 2518 προσεποιεῖτο
1209 2446 1422 2516 ’γράφειν
1475 2443 1540 2503 εὶς
1567 2449 1658 2502 τὴν
1698 2449 1818 2515 γὴν,
1853 2450 1942 2497 καὶ

342 2535 416 2605 μὴ
448 2536 731 2605 προσέχειν
757 2529 833 2593 οἷς
865 2531 1052 2603 ἔλεγον.

338 2352 634 2426 ἐρωτῶντας
682 2355 876 2428 οἶκαιρα
928 2359 1017 2405 καὶ
1094 2351 1278 2416 ἀνάξια
1311 2371 1322 2382 °
1380 2358 1530 2426 γνοὺς
1615 2358 1715 2430 γὰρ
1775 2356 1943 2408 αὐτῶν

413 2620 503 2682 Ὠς
542 2652 606 2662 --
658 2621 839 2679 αὐτήν.
893 2620 1032 2693 Ὀρα
1077 2626 1260 2693 σοφίαν
1287 2632 1376 2682 τῆς
1428 2621 1740 2695 αὖτοσοφίας
1788 2644 1947 2676 κατα-

345 2714 691 2784 σοφιζομένην
746 2711 1058 2783 εὐμηχάνως
1114 2715 1207 2773 τὰς
1265 2715 1512 2784 μηχανὰς
1570 2711 1755 2766 αὐτῶν.
1810 2712 1948 2786 Ὀρα

341 2810 455 2863 πῶς
503 2803 615 2873 ἅμα
668 2805 758 2853 καὶ
817 2805 902 2854 τὸν
950 2809 1103 2873 νόμον
1153 2801 1394 2874 ἐτήρησε,
1428 2806 1515 2853 καὶ
1564 2810 1659 2863 τῆς
1703 2807 1947 2872 γυναικὸς

341 2889 601 2962 ἐφείσατο.
654 2889 930 2965 Ἐπέτρεψε
976 2893 1078 2965 γὰρ
1128 2897 1214 2943 τόν
1273 2890 1634 2964 ἀναμάρτητον
1684 2892 1739 2954 ἐξ
1779 2893 1946 2944 αὐτῶν

338 2979 606 3051 ἄρξασθαι
656 2987 746 3032 τοῦ
802 2978 1082 3032 λιθοϐολεῖν
1148 2980 1333 3047 αὐτὴν,
1403 2978 1559 3042 εἰδὼς
1628 2983 1821 3043 πάντας
1896 2982 1945 3034 ἐν

336 3068 640 3144 ἁμαρτίαις.

2054 1910 2249 1960 essent
2279 1907 2564 1961 adversus
2608 1923 2745 1963 eum
2798 1910 3259 1980 accusationem,
3312 1918 3514 1984 utpote
3563 1912 3713 1982 legis

2053 1996 2529 2064 transgressione
2551 1996 2627 2052 illi
2650 2006 3009 2068 parcentem,
3030 2015 3160 2072 quis
3177 2001 3503 2056 secundum
3520 2001 3715 2071 legem

2053 2082 2380 2155 lapidanda
2411 2091 2554 2141 erat.

2125 2175 2288 2229 Vers.
2321 2178 2369 2229 6.
2401 2174 2562 2231 Iesus
2604 2206 2674 2218 —
2718 2180 2898 2233 terra.
2948 2179 3111 2243 Quod
3154 2177 3490 2252 frequenter
3520 2179 3715 2236 facere

2055 2263 2265 2329 solent,
2298 2266 2399 2337 qui
2438 2266 2801 2337 respondere
2835 2267 3042 2323 nolunt
3072 2269 3420 2340 importuna
3450 2271 3720 2342 indigna-

2054 2370 2171 2425 que
2218 2357 2568 2422 rogantibus
2610 2373 2622 2410 :
2667 2357 2905 2429 cognita
2935 2359 3092 2412 enim
3139 2358 3371 2414 illorum
3413 2361 3718 2417 machina-

2057 2443 2237 2510 tione,
2271 2444 2532 2513 ﬁngebat
2573 2460 2633 2500 se
2665 2447 2721 2500 in
2768 2452 2924 2502 terra
2967 2448 3239 2514 scribere,
3273 2465 3382 2503 nec
3412 2449 3504 2505 his
3532 2456 3720 2505 atten-

2057 2532 2218 2602 dere,
2259 2550 2396 2606 quaa
2419 2534 2714 2590 dicebant.

2129 2622 2290 2677 Vers.
2327 2642 2376 2693 7.
2429 2623 2575 2679 Cum
2618 2631 2686 2664 --‘
2725 2625 2919 2680 illam.
2969 2625 3108 2681 Vide
3154 2627 3512 2698 sapientiam
3566 2629 3715 2699 ejus,

2058 2712 2163 2783 qui
2227 2712 2360 2783 ipsa
2409 2719 2496 2767 est
2565 2714 2884 2784 Sapientia.
2938 2718 3084 2770 Nam
3137 2717 3428 2786 sagaciter
3481 2717 3716 2772 illorum

2059 2800 2284 2872 decepit
2327 2802 2802 2858 machinationes
2834 2820 2848 2858 :
2883 2803 3059 2858 simul
3089 2809 3144 2860 et
3187 2807 3484 2862 servando
3525 2807 3716 2876 legem

2059 2896 2115 2946 et
2140 2893 2440 2961 parcendo
2467 2891 2713 2946 mulieri.
2739 2893 3044 2965 Siquidem
3060 2895 3106 2947 ei
3132 2894 3233 2965 qui
3255 2911 3326 2949 ex
3354 2896 3497 2967 ipsis
3527 2913 3560 2950 a
3587 2913 3722 2968 pec-

2058 2985 2190 3036 cato
2248 2979 2538 3035 immunis
2595 2985 2768 3048 esset,
2830 2982 3098 3053 permisit
3162 2989 3223 3038 ut
3273 3000 3405 3039 eam
3456 2984 3720 3056 lapidare

2057 3069 2375 3141 inciperet:
2420 3071 2614 3125 sciens
2637 3087 2846 3127 omnes
2874 3071 3134 3144 peccatis
3166 3088 3296 3128 esse
3328 3074 3644 3129 obnoxios.

413 3164 513 3211 Kui
565 3159 719 3211 πάλιν
777 3190 841 3199 -η
898 3166 1017 3230 γῆν.
1072 3158 1182 3211 Ἵνα
1211 3163 1282 3232 μὴ
1327 3157 1608 3231 βλέποντος
1652 3160 1723 3222 εἰς
1756 3161 1946 3222 αὐτοὺς

2129 3159 2294 3214 Vers.
2329 3163 2378 3215 8.
2413 3161 2778 3232 Rursumque
2803 3193 2872 3201 —
2894 3167 3074 3218 terra.
3107 3163 3176 3218 Ut
3202 3163 3341 3217 dum
3370 3163 3496 3235 ipse
3528 3165 3586 3218 in
3619 3181 3720 3219 eos

337 3248 700 3319 αἰσχύνωνται
751 3249 874 3324 ῥᾷον
937 3249 1102 3311 οὕτως
1132 3248 1477 3320 ἐλεγχθέντες,
1541 3255 1630 3302 καὶ
1703 3252 1804 3317 ἵνα,
1877 3254 1946 3313 ὡς

337 3337 498 3390 αὐτοῦ
558 3335 714 3397 δῆθεν
765 3337 1159 3410 ἀσχολουμένου
1215 3343 1282 3398 εὶς
1338 3342 1394 3390 τὸ
1447 3339 1682 3414 γράφειν’,
1717 3339 1800 3412 ἐξῇ
1853 3341 1942 3392 αὖ·

337 3435 447 3490 τοῖς
493 3429 919 3500 ὑπαναχωρῆσαι
975 3431 1074 3501 πρὸ
1123 3432 1476 3502 φανερωτέρας
1545 3436 1942 3500 καταγνώσεως·

338 3523 431 3570 καὶ
488 3517 654 3570 αὐτῶν
709 3520 810 3592 γὰρ
888 3514 1117 3590 ἐφείδετο
1191 3514 1263 3569 δι’
1344 3516 1626 3592 ὑπερϐολὴν
1717 3540 1946 3594 χρηστο-

338 3627 516 3668 τητος.

417 3699 483 3750 Οἱ
531 3693 589 3750 δὲ
638 3729 706 3738 -
740 3695 1004 3770 ἐσχάτων.
1044 3694 1236 3761 Οὐδεὶς
1263 3701 1364 3771 γὰρ
1397 3696 1758 3774 ἀναμάρτητον
1791 3701 1948 3754 εἰπεῖν

339 3785 522 3839 ἑαυτὸν
553 3787 583 3847 ἠ
592 3783 782 3839 δύνατο
791 3825 803 3838 .

417 3881 518 3930 Καὶ
569 3908 638 3950 -τ
679 3881 1020 3949 κατέκρινεν;
1074 3879 1540 3954 Ἀναχωρήσαντες
1582 3883 1682 3954 γὰρ
1744 3879 1948 3952 ἀφῆκαν

339 3967 505 4025 αὐτὴν
532 3969 726 4019 ἄνετον·
771 3965 878 4019 ἐπεὶ
925 3964 984 4019 δὲ
1013 3969 1208 4035 ἄνετον,
1251 3971 1451 4029 πάντως
1477 3974 1565 4020 xui
1598 3969 1946 4042 ἀκατάκριτον

336 4060 396 4109 τὸ
430 4055 505 4109 ἐπ’
539 4056 742 4118 αὐτοῖς·
783 4053 812 4115 ἦ
842 4059 941 4132 γάρ
975 4056 1034 4108 ἀν
1067 4063 1330 4130 συνέσχον
1369 4058 1548 4118 αὐτὴν.

407 4234 466 4288 Ἡ
493 4266 562 4274 -
599 4240 911 4310 κατακρίνω.
951 4237 1008 4290 Εἰ
1043 4239 1142 4310 ’γὰρ
1194 4235 1370 4289 ἐκεῖνοι
1415 4237 1680 4310 ἄνθρωποι
1712 4241 1844 4298 ὄντες
1884 4239 1945 4291 οὗ

333 4327 640 4398 κατέκριναν
683 4345 758 4391 σε,
790 4326 957 4397 πολλῳ
987 4326 1175 4399 μᾶλλον
1221 4324 1345 4379 οὐδὲ
1396 4326 1496 4398 ἐγώ
1526 4347 1581 4380 σε
1627 4332 1945 4401 κατακρίνω,

337 4419 471 4478 Θεὸς
497 4417 564 4467 ὢν
595 4420 684 4468 καὶ
714 4424 804 4468 τοῦ
829 4421 986 4489 νόμου
1023 4420 1227 4490 Κύριος.

417 4595 643 4667 Πορεύου
698 4625 765 4634 -
839 4593 1119 4667 ἁμάρτανε.
1197 4594 1502 4670 Ἀρκοϋντος
1567 4605 1659 4649 τοῦ
1706 4598 1949 4656 τηλικού-

343 4703 434 4736 του
491 4683 767 4756 θριάμϐου,
797 4690 886 4736 xui
939 4693 1033 4745 τῆς
1087 4683 1298 4737 ἐνώπιον
1354 4689 1615 4738 τοσούτων
1681 4688 1946 4761 αἰσχύνης

343 4774 411 4834 εἰς
467 4779 740 4848 τιμωρίαν·
811 4776 940 4846 ἔγνω
1000 4778 1102 4848 ’γὰρ
1175 4774 1337 4834 αὐτὴν
1395 4781 1484 4828 καὶ
1546 4784 1948 4849 μετανοήσασαν

340 4860 684 4937 ὁλοκαρδίως.

417 4952 578 5006 Πάλιν
652 4985 722 4995 —
785 4959 1011 5026 κόσμου.
1086 4951 1171 5014 Ὠς
1241 4957 1478 5027 φωτίζων
1529 4959 1614 5010 τὸν
1671 4965 1790 5010 νοῦν
1845 4968 1948 5012 τῶν

337 5041 642 5118 ἀνθρώπων,
691 5048 780 5095 καὶ
810 5040 1020 5115 ὁδηγῶν
1048 5043 1148 5096 ἀπὸ
1206 5052 1301 5106 τῆς
1347 5045 1548 5108 πλάνης
1590 5047 1662 5109 εἰς
1694 5052 1791 5107 τὴν
1821 5047 1948 5108 ἀλή-

338 5135 480 5185 θειαν
535 5137 622 5185 καὶ
669 5131 770 5186 ἀπὸ
809 5139 900 5194 τῆς
955 5133 1218 5206 οἶμαρτίας
1271 5133 1340 5196 εἰς
1377 5139 1472 5194 τὴν
1520 5135 1729 5210 ἀρετὴν,
1763 5143 1850 5191 xui
1879 5142 1949 5202 ὡς

333 5222 689 5296 καταλάμπων
745 5227 834 5274 καὶ
893 5220 1190 5296 φαιδρύνων
1241 5228 1299 5276 τὸ
1375 5227 1684 5298 ἡγεμονικὸν
1753 5228 1944 5294 αὐτῶν,

333 5313 504 5373 καθὼς
560 5317 650 5365 καὶ
702 5310 751 5363 ἐν
802 5317 1097 5386 προοιμίοις
1164 5321 1255 5367 τοῦ
1311 5319 1568 5390 παρόντος
1627 5317 1946 5390 Εὖαγγιλίου

2058 3265 2179 3304 non
2209 3251 2548 3322 respiceret,
2583 3253 2994 3306 erubescerent
3022 3252 3212 3306 lenius
3240 3253 3542 3322 redarguti
3575 3271 3587 3308 :
3615 3240 3726 3309 uti-

2060 3355 2178 3411 que
2235 3339 2316 3394 ita
2366 3339 2463 3395 illo
2509 3341 2566 3394 in
2623 3340 2936 3396 scribendo
2990 3349 3304 3413 occupato,
3359 3342 3576 3408 liceret,
3633 3343 3720 3398 eis

2061 3429 2280 3483 sensim
2313 3428 2648 3495 abscedere,
2688 3436 3013 3502 antequam
3043 3431 3417 3486 manifestius
3440 3431 3725 3487 condem-

2061 3525 2348 3573 narentur
2381 3534 2559 3573 :nam
2592 3535 2702 3575 sua
2725 3535 2966 3575 summa
3016 3518 3383 3592 benignitate
3414 3520 3597 3576 etiam
3623 3520 3718 3594 ip-

2063 3609 2144 3664 sis
2176 3609 2480 3682 parcebat.

2135 3699 2293 3755 Vers.
2347 3703 2401 3756 9.
2449 3702 2530 3755 At
2555 3699 2652 3754 illi
2679 3731 2746 3739 —
2771 3706 3112 3769 postremos.
3157 3699 3362 3756 Nullus
3413 3701 3571 3756 enim
3614 3702 3720 3757 sei-

2062 3805 2242 3862 psum
2281 3805 2317 3844 a
2355 3794 2602 3860 peccato
2631 3790 2959 3845 immunem
2983 3789 3180 3846 dicere
3222 3795 3473 3862 poterat.

2134 3879 2294 3934 Vers.
2338 3883 2390 3934 9.
2424 3879 2589 3933 El—
2615 3880 2780 3934 Vers.
2817 3883 2903 3935 to.
2935 3879 3347 3936 condemnavit
3375 3881 3402 3934 *Τ
3431 3881 3726 3937 Receden-

2060 3972 2148 4025 tes
2181 3985 2446 4042 namque
2473 3969 2820 4024 dimiserant
2853 3985 2980 4024 eam
3009 3969 3314 4036 intactam,
3349 3970 3552 4042 utique
3602 3988 3725 4029 non

2060 4059 2551 4125 condemnatam,
2588 4058 2750 4130 quod
2782 4058 2860 4115 ad
2888 4074 2952 4113 se
2984 4058 3332 4130 pertinebat,
3367 4059 3590 4132 alioqui
3617 4078 3723 4133 0p-

2060 4151 2415 4223 pressissent
2429 4165 2582 4204 eam.

2135 4242 2294 4294 Vers.
2330 4240 2416 4294 tl.
2467 4238 2585 4304 Que
2631 4269 2702 4279 ——
2754 4237 3085 4295 condemno.
3145 4242 3291 4296 Nam
3334 4239 3378 4295 si
3432 4239 3532 4305 illi,
3583 4256 3722 4297 cum

2059 4328 2330 4384 homines
2377 4328 2508 4395 sint,
2547 4335 2597 4383 te
2620 4342 2739 4383 non
2765 4327 3346 4395 condemnaverunt,
3380 4329 3567 4385 multo
3598 4346 3726 4385 ma.-

2060 4418 2152 4489 gis
2188 4433 2318 4489 ego,
2344 4418 2447 4490 qui
2482 4417 2631 4472 Deus
2661 4434 2820 4485 sum,
2857 4418 3123 4492 legisque
3157 4419 3475 4488 Dominus,
3505 4423 3560 4475 te
3599 4434 3724 4476 non

2062 4501 2411 4558 condemno.

2133 4592 2300 4648 Vers.
2336 4593 2422 4647 tt.
2450 4592 2567 4648 Abi
2595 4624 2663 4633 —
2681 4594 3042 4663 peccaveris.
3075 4593 3225 4649 Satis
3253 4590 3414 4649 enim
3445 4597 3570 4650 erat
3589 4589 3726 4650 talis

1979 4679 2026 4735 D
2063 4681 2412 4753 divulgatio,
2447 4689 2503 4738 et
2545 4699 2749 4739 coram
2789 4687 2872 4738 tot
2913 4682 3270 4738 adversariis
3311 4682 3729 4741 erubescentia

2063 4785 2174 4843 pro
2207 4773 2504 4845 supplicio
2540 4790 2552 4828 :
2588 4772 2853 4829 maxime
2871 4789 3010 4829 cum
3027 4773 3201 4830 sciret
3222 4773 3383 4846 quod
3406 4774 3568 4830 illam
3601 4779 3727 4831 toto

2064 4863 2238 4919 corde
2267 4865 2598 4934 paeniteret.

2137 4955 2290 5009 Vers.
2323 4955 2413 5010 12.
2453 4955 2670 5010 Iterum
2696 4984 2766 4995 —
2789 4953 3019 5010 mundi.
3052 4956 3262 5026 Utpote
3311 4958 3562 5010 mentem
3617 4954 3730 5011 ho-

2062 5043 2187 5100 min
2199 5061 2296 5099 um
2316 5042 2662 5100 illuminans
2683 5043 2826 5100 etab
2839 5044 3278 5100 erroreducens
3298 5044 3375 5100 ad
3394 5045 3722 5116 veritatem,

2062 5149 2099 5188 a
2132 5138 2380 5206 peccato
2412 5133 2488 5189 ad
2531 5134 2807 5190 virtutem
2849 5149 2864 5190 :
2911 5139 2968 5190 et
2999 5138 3292 5206 tanquam
3319 5133 3627 5190 illustrans
3658 5151 3726 5191 ac

2061 5224 2403 5280 exhilarans
2475 5223 2708 5278 animas
2768 5238 2998 5291 eorum,
3079 5222 3602 5295 quemadmodum
3661 5222 3726 5280 in

2064 5313 2362 5370 Prooemio
2386 5314 2692 5386 praesentis
2723 5312 3027 5383 Evangelii
3057 5311 3473 5382 disseruimus,
3506 5311 3611 5370 ubi
3640 5311 3729 5373 ἀίει

1506 5497 1734 5568 Variae
1787 5499 2122 5570 lectiones
2170 5509 2236 5568 et
2299 5507 2505 5568 notae.

419 5680 547 5756 (ἓξ)-
564 5679 676 5736 Pro
704 5677 954 5756 vulgari,
979 5681 1148 5756 {esus
1178 5689 1397 5756 autem,
1425 5685 1594 5756 quod
1622 5685 1953 5747 Hentenius

345 5751 596 5820 addidit,
625 5756 871 5828 uterque
900 5753 1102 5825 habet,
1132 5757 1234 5807 Kal.
1259 5751 1486 5820 Ἰησοῦξ.

2137 5686 2252 5761 (26)
2284 5688 2683 5764 Αποκρίνασθαι
2714 5686 2779 5745 Α.
