4156 6394
549 291 688 366 1283
1925 287 2265 376 Eurum!
2303 287 2629 362 ZIGABENI
3782 299 3929 380 teat

552 438 701 491 citur
731 457 744 491 :
774 435 848 492 Et
871 434 994 491 vita
1017 441 1146 492 erat
1181 435 1290 491 tua:
1315 433 1617 489 hominum
1643 433 1712 488 ⁸⁸.
1746 433 1866 489 Hoc
1893 437 2092 490 autem
2120 434 2193 489 di-

2323 431 2645 509 διελάϐομεν,
2680 436 2799 488 ἔνθα
2822 442 2992 490 κεῖται
3021 439 3109 502 τὸ,
3145 442 3250 492 Καὶ
3279 440 3309 499 ἡ
3344 439 3450 502 ζωὴ
3494 436 3556 499 ἧν
3585 442 3644 494 τὸ
3683 449 3789 514 φῶς
3828 451 3933 496 τῶν

553 527 634 580 xit
664 531 909 597 propter
939 525 1204 580 diversas
1236 527 1311 579 de
1351 540 1410 578 se
1432 523 1744 595 Opinioues
1770 523 2024 579 illorum.

2325 521 2623 598 ἀνθρώπων.
2658 531 2821 578 Τοῦτο
2854 523 2913 579 δὲ
2943 523 3052 580 εἷπε
3078 524 3169 581 διὰ
3190 532 3277 590 τὰς
3300 534 3415 605 περὶ
3445 530 3631 584 ἑαυτοῦ
3649 527 3935 609 διαφόρους

621 616 785 670 Vers.
835 619 916 670 l2.
978 614 1090 681 Qui
1142 645 1208 654 —
1258 613 1524 670 tenebris.
1585 613 1652 668 In
1703 627 1900 668 errore
1959 618 2015 669 et
2071 630 2204 686 pec-

1319 613 1524 670 nebris.
1585 613 1652 668 In
1703 627 1900 668 errore
1959 618 2015 669 et
2071 630 2204 686 pec-
2319 613 2600 686 ὑπολήψεις
2629 615 2742 686 (27)
2772 616 2960 670 αὐτῶν.

541 710 704 770 cato,
2386 703 2443 754 Ὀ
2475 736 2541 744 —
2575 711 2776 778 σκοτίᾳ.
2811 705 2892 758 Ἐν
2923 715 2984 780 τῇ
3022 707 3184 782 πλάνῃ
3219 713 3309 762 καὶ
3338 717 3398 783 τῇ
3435 709 3681 784 ἁμαρτίᾳ.

617 885 778 939 Vers.
812 887 894 938 l2.
926 881 1029 938 Sed
1061 913 1125 922 —
1157 881 1309 938 vitae.
1343 883 1616 939 fEternaa.

1558 898 1616 939 Β.
2388 881 2519 933 Ἀλλ’
2541 914 2610 922 -
2647 884 2804 946 ζωῆς.
2838 891 2942 947 Τῆς
2969 884 3199 939 αἰωνίου.

616 972 778 1028 Vers.
817 973 904 1028 13.
938 972 1249 1029 Dixerunt.
1300 1003 1369 1012 —
1401 971 1562 1027 Vers.
1598 972 1684 1026 14.
1721 987 1936 1030 meum.
1996 973 2203 1038 Quaere

2387 967 2538 1023 Εἶπον
2593 1003 2655 1011 —-—
2707 993 2828 1044 μου.
2881 978 3120 1032 Ζήτησον
3160 981 3278 1051 περὶ
3320 979 3387 1028 τὰ
3441 980 3580 1050 μέσα
3635 986 3727 1031 τοῦ
3772 976 3924 1032 ἐϐδό-

545 1061 704 1118 circa
743 1063 940 1118 media
980 1061 1211 1133 septimi
1260 1062 1496 1131 capitis,
1532 1062 1635 1117 ubi
1686 1061 1902 1116 dicitur
1935 1079 1947 1116 :
1996 1061 2056 1117 Si
2097 1079 2186 1131 eg:

2311 1078 2411 1129 μου
2461 1060 2738 1133 κεφαλαίου
2785 1063 2862 1134 [τό
2899 1065 3014 1115 Ἐὰν
3048 1063 3146 1135 ἐγώ
3181 1075 3430 1142 μαρτυρῶ
3453 1067 3568 1138 (28)
3595 1073 3712 1143 περὶ
3762 1068 3924 1141 ἐμαυ-

544 1151 942 1208 testimonium
953 1150 1129 1220 per/ti
1135 1151 1232 1206 beo
1249 1151 1322 1206 de
1333 1150 1445 1206 mei
1451 1165 1578 1219 pso,
1602 1150 1996 1206 testimonium
2010 1167 2185 1206 metm

2310 1157 2420 1213 τοῦ,
2479 1152 2507 1208 ἡ
2571 1158 2836 1226 μαρτυρία
2902 1173 3002 1224 μοι
3070 1153 3164 1206 οὐκ
3223 1157 3360 1208 ἔστιν
3417 1155 3612 1218 ἀληθής
3664 1175 3677 1187 ’
3745 1156 3794 1210 ἐν
3853 1168 3918 1231 τῇ

542 1256 652 1295 non
682 1247 760 1295 est
794 1255 999 1296 verum
1031 1240 1078 1274 ‘9
1114 1256 1126 1294 :
1175 1240 1234 1293 in
1280 1238 1434 1294 illius
1479 1238 1775 1311 siquidem
1825 1239 2183 1294 enarrationt

2313 1236 2558 1308 ἐξηγήσει
2612 1242 2712 1316 γὰρ
2750 1241 2970 1315 ἐκεῖνον]
3019 1250 3108 1295 καὶ
3165 1251 3318 1297 τοῦτο
3375 1243 3747 1318 ἐμνημονεύθη.
3783 1253 3923 1300 Φασὶ

541 1329 722 1386 etiam
743 1329 921 1401 hujus
951 1329 1108 1384 facta
1139 1335 1227 1384 est
1270 1329 1512 1384 mentio.
1567 1329 1824 1393 Quidam
1867 1345 2003 1384 vero
2035 1330 2175 1384 aiun

2314 1324 2372 1380 δὲ
2405 1347 2537 1390 τινες
2569 1331 2647 1382 ὅτι
2679 1328 2838 1383 ἐκεῖνο
2862 1335 2952 1404 μὲν
2991 1331 3126 1385 εἶπεν
3157 1335 3221 1394 ὡς
3253 1335 3545 1409 ἄνθρωπος,
3582 1343 3734 1389 τοῦτο
3758 1333 3818 1390 δὲ
3852 1340 3925 1400 ὡς

539 1419 698 1492 quod
724 1419 869 1475 illud
897 1423 1192 1490 tanquam
1214 1418 1397 1474 homo
1425 1418 1655 1482 dixerit,
1689 1419 1804 1474 hoc
1840 1424 2039 1474 autem
2073 1423 2180 1474 tan-

2312 1421 2452 1478 Θεὸς.
2488 1416 2742 1491 ἐμφαίνων
2769 1422 2848 1473 ὅτι
2895 1421 2988 1473 οὐκ
3021 1425 3135 1474 ἔστι
3167 1422 3315 1494 ψιλὸς
3346 1426 3636 1500 ἅνθρωπος,
3670 1428 3734 1486 ὡς
3769 1427 3921 1480 αὐτοὶ

537 1525 722 1582 quam
741 1509 917 1574 Deus,
942 1508 1263 1564 ostendens
1276 1524 1336 1564 se
1358 1523 1478 1564 non
1492 1507 1864 1580 nudumjesse
1880 1508 2176 1565 hominem

1144 1508 1263 1563 lens
1276 1524 1336 1564 se
1358 1523 1478 1564 non
1492 1508 1614 1564 nud
1625 1507 1864 1580 umjesse
1880 1508 2198 1574 hominem,
2311 1506 2676 1578 ὑπολαμϐάνω
2685 1529 2785 1562 σιν.

540 1604 718 1672 prout
743 1597 856 1670 ipsi
897 1596 1377 1668 suspicabantur.

610 1689 768 1744 Vers.
804 1688 885 1742 14.
924 1687 1073 1753 Quia
1097 1718 1164 1726 —
1195 1687 1463 1743 venerim.
1498 1694 1542 1742 Α
1567 1686 1738 1743 Patre
1766 1686 1908 1743 Deo.

1695 1703 1738 1742 ιε
1766 1686 1908 1743 Deo,
2378 1681 2498 1735 ’Ὁτι
2529 1715 2596 1722 —
2625 1681 2797 1742 ἦλθον.
2830 1687 2916 1740 Ἐκ
2950 1692 3151 1762 Πατρός
3185 1698 3336 1744 Θεοῦ.

609 1778 776 1833 Vers.
831 1781 912 1832 14.
948 1777 1026 1832 Et
1053 1792 1163 1848 quo
1195 1777 1360 1833 vado.
1395 1776 1483 1831 Ad
1513 1776 1796 1832 eumdem
1829 1777 2028 1848 ipsum
2062 1781 2197 1849 post
2236 1802 2250 1854 ι

2275 1836 2276 1840 η
2384 1777 2482 1824 Καὶ
2538 1781 2638 1825 ποῦ
2700 1776 2902 1847 ὑπάγω.
2937 1777 3020 1837 Εἰς
3053 1779 3163 1849 (29)
3205 1779 3362 1831 αὐτόν
3396 1785 3529 1854 μετὰ
3557 1786 3614 1835 τὸ
3641 1783 3782 1847 τέλος
3816 1795 3916 1848 τῆς

533 1867 718 1922 ﬁnem
766 1866 943 1938 hujus
977 1865 1464 1936 dispensationis.
1494 1865 1642 1928 Quia
1682 1881 1821 1920 vero
1849 1865 1990 1932 scio,
2032 1881 2174 1938 quo<

2307 1861 2603 1934 οἰκονομίας
2634 1867 2850 1926 ταύτης.
2883 1866 3023 1918 Ἐπεὶ
3055 1868 3164 1940 (30)
3217 1865 3278 1921 δὲ
3329 1866 3454 1922 οἶδα
3477 1874 3557 1924 ὅτι
3615 1872 3669 1924 ἐκ
3712 1879 3916 1950 Πατρός

535 1974 568 2012 a
602 1957 772 2012 Patre
801 1956 918 2011 Deo
954 1955 1235 2021 venerim,
1281 1961 1338 2010 et
1367 1955 1442 2010 ad
1474 1970 1607 2009 eum
1641 1955 1833 2027 ipsum
1871 1954 2047 2021 vado,
2088 1955 2176 2010 uti

2307 1959 2440 2004 Θεοῦ
2490 1948 2642 2010 ἦὶθον
2689 1958 2778 2005 καὶ
2823 1953 2894 2016 εἰς
2938 1956 3092 2008 αὑτὸν
3142 1959 3345 2030 ὑπάγω,
3403 1964 3609 2024 πάντως
3656 1966 3775 2024 Υἱὸς
3819 1948 3913 2017 τοῦ

533 2063 647 2119 que
672 2046 850 2102 Filius
877 2047 974 2101 Dei
1009 2061 1141 2100 sum
1160 2050 1216 2099 et
1235 2045 1410 2100 Deus.
1433 2046 1632 2116 Itaque
1656 2044 1775 2100 ﬁde
1813 2043 2032 2115 dignus
2059 2061 2174 2100 sun

2305 2049 2437 2094 Θεοῦ
2478 2042 2585 2113 εἰμι
2641 2047 2731 2095 καὶ
2761 2047 2901 2104 Θεός.
2937 2049 3038 2097 Καὶ
3072 2045 3250 2099 λοιπόν
3303 2048 3612 2114 ἀξιόπιστός
3653 2053 3778 2126 εἰμι,
3821 2061 3916 2108 καὶ

536 2143 594 2194 et
617 2136 754 2209 ipsa
791 2135 964 2201 ﬁdes,
1010 2134 1162 2190 sicut
1186 2139 1242 2190 et
1263 2135 1398 2206 ipsa
1423 2133 1655 2190 veritas.

1487 2133 1655 2189 :ritas.
2303 2131 2636 2196 αὐτόπιστος,
2666 2134 2736 2194 ὡς
2765 2132 3128 2192 αὐτοα).ηθεια,

604 2227 771 2281 Vers.
817 2226 905 2282 14.
952 2225 1057 2280 Vos
1104 2255 1164 2263 —
1207 2225 1376 2280 vado.
1407 2255 1475 2263 —
1515 2224 1782 2290 Nescitis,
1811 2223 1962 2280 sicut
2007 2229 2194 2278 osten-

2371 2219 2536 2292 ’Υμείς
2570 2222 2860 2293 -ὐπάογω.
2895 2254 2962 2262 -
3020 2225 3132 2276 Οὐκ
3189 2224 3387 2296 οἴδατε,
3435 2233 3503 2292 ὡς
3562 2227 3782 2297 δοκεῖτε,
3841 2235 3915 2294 ὡς

535 2315 696 2378 ditis,
729 2315 882 2371 sicut
910 2314 1224 2380 simulatis,
1254 2313 1368 2369 hoc
1395 2317 1501 2379 est,
1538 2313 1769 2368 Nescire
1801 2313 2102 2379 videmini,
2131 2313 2176 2368 in

2301 2312 2560 2381 φαίνεσθε,
2623 2313 2693 2373 ὡς
2740 2316 3116 2386 προσποιεῖσθε
3145 2334 3156 2344 ⁸
3198 2324 3258 2389 τῇ
3312 2320 3410 2393 γὰρ
3447 2317 3660 2393 ἀληθείᾳ
3706 2317 3909 2375 οῖὸατε.

531 2406 776 2461 veritate
803 2409 1002 2460 tamen
1028 2403 1190 2458 scitis
1225 2419 1238 2457 :
1265 2403 1400 2458 ideo
1431 2403 1610 2458 etiam
1640 2402 1912 2474 superius
1939 2401 2105 2469 dixit,
2128 2407 2172 2457 lt.

2301 2403 2387 2450 Διὸ
2417 2405 2506 2450 καὶ
2541 2398 2776 2474 ἀνωτέρω
2818 2400 2953 2454 εἶπεν
3007 2405 3088 2456 ὅτι
3146 2403 3288 2479 Κάμὲ
3333 2404 3531 2476 οῖδατε,
3592 2414 3682 2462 καὶ
3729 2407 3912 2463 οἰὸατε

529 2511 622 2550 me
641 2493 798 2549 scitis
823 2500 874 2549 et
904 2493 1062 2548 unde
1089 2494 1196 2547 sim
1221 2493 1382 2547 scitis
1404 2493 1472 2546 ⁸ο.

965 2493 1062 2548 zde
1089 2494 1196 2547 sim
1221 2493 1382 2547 scitis
1404 2493 1472 2546 ⁸ο.
2298 2489 2450 2540 πόθεν
2482 2487 2606 2560 εἰμί.

606 2583 765 2639 Vers.
805 2587 886 2638 15.
941 2583 1047 2637 Vos
1082 2613 1143 2620 ——
1161 2582 1474 2651 judicatis.
1508 2579 1852 2649 Carnaliter,
1902 2579 2188 2637 sensuali-

2367 2577 2532 2650 ’Υμεῖς
2568 2610 2614 2619 —-
2659 2584 2872 2654 κρίνετε.
2909 2589 3194 2655 Σαρκικῶς,
3235 2584 3524 2654 αἰσθητῶς,
3557 2598 3902 2662 παχυμερῶς,

527 2679 634 2739 ter,
668 2687 869 2728 crasso
902 2671 1084 2726 modo
1117 2671 1192 2725 ad
1225 2671 1280 2724 id
1331 2670 1547 2740 solum,
1583 2671 1740 2741 quod
1795 2677 2066 2743 apparet,
2099 2670 2168 2726 ini

2297 2671 2426 2740 πρὸς
2456 2672 2608 2738 μόνον
2640 2671 2696 2719 τό
2739 2675 3038 2742 φαινόμενον
3069 2669 3360 2744 βλέποντες,
3391 2681 3480 2728 καὶ
3510 2674 3675 2748 μηδὲν
3709 2677 3903 2749 ὑψηλό-

528 2767 776 2832 tuentes,
802 2759 1068 2832 nihilque
1089 2759 1404 2815 sublimius
1421 2759 1812 2832 acjspirituale
1832 2759 2161 2830 cogitantes

2295 2775 2437 2827 τερον
2495 2761 2582 2808 καί
2640 2763 2985 2830 πνευματικὸν
3049 2759 3353 2824 ἐννοοῦντες.
3387 2761 3558 2826 Εἰδὼς
3607 2763 3665 2819 δὲ
3711 2768 3903 2830 αὐτοὺς

529 2852 732 2910 Sciens
755 2856 967 2914 autem,
993 2865 1094 2904 eos
1121 2848 1386 2904 dicturos
1420 2866 1432 2903 :
1456 2850 1747 2920 thuare,
1770 2848 1816 2902 si
1850 2856 2038 2921 potes,
2065 2865 2170 2905 nor

2294 2844 2567 2916 μέλλοντας
2591 2846 2747 2899 εἰπεῖν
2769 2849 2848 2900 ὃτι
2879 2854 2976 2900 Καὶ
3000 2846 3147 2902 διατί
3177 2851 3234 2903 οὐ
3261 2853 3500 2916 κολάζεις
3523 2856 3678 2926 ἡμᾶς,
3707 2861 3903 2930 κρίνον-

528 2941 708 3013 punis
746 2956 875 3005 uos,
909 2939 1005 3011 qui
1037 2939 1117 2996 ita
1159 2939 1518 3010 judicemus,
1553 2939 1636 2993 ait
1670 2955 1681 2993 :

1437 2957 1518 3004 us,
1553 2939 1636 2993 ait
1670 2955 1681 2993 :
2296 2953 2389 2995 τας
2421 2934 2598 3001 οὓτως,
2631 2937 2672 2988 εἰ
2706 2932 2859 3010 δύνῃ,
2895 2944 3071 3010 φησίν·

596 3029 756 3085 Vers.
794 3029 880 3083 15.
913 3030 1040 3099 Ego
1072 3060 1138 3069 —
1166 3044 1535 3100 quemquam.
1572 3031 1698 3083 Non
1752 3027 1951 3098 judico
2003 3044 2179 3083 nunc.

2371 3026 2503 3095 Ἐγὼ
2557 3057 2622 3064 -
2680 3024 2885 3080 οὐδένα.
2957 3027 3032 3079 Οὐ
3091 3035 3249 3104 κρίνω
3297 3039 3403 3084 νῦν.
3459 3037 3560 3086 Καὶ
3601 3035 3768 3086 ὀπίσω
3798 3039 3899 3110 γὰρ

524 3123 670 3176 Nam
721 3126 777 3176 et
811 3119 868 3174 in
913 3119 1321 3191 superioribus
1371 3117 1538 3172 tertio
1591 3117 1778 3188 capite
1828 3116 2012 3172 dixit:
2046 3119 2165 3172 Non

2299 3112 2346 3164 ἐν
2401 3122 2470 3184 τῷ
2517 3119 2675 3188 τρίτῳ
2724 3116 2980 3188 κεφαλαίῳ
3035 3118 3186 3171 εἶπεν·
3233 3120 3307 3172 Οὗ
3368 3123 3468 3194 γὰρ
3530 3120 3821 3176 ἀπέστειλεν
3876 3127 3900 3180 ὁ

521 3209 675 3265 enim
697 3210 852 3266 misit
871 3210 1012 3264 Deus
1033 3208 1253 3264 Filium
1271 3224 1440 3263 suum
1458 3208 1521 3263 in
1539 3207 1846 3273 mundum,
1870 3213 1932 3262 ut
1950 3209 2162 3277 judice

2441 3177 2450 3184 -
2549 3177 2558 3188 ο
2649 3177 2657 3186 I
2789 3177 2798 3188 ι
2953 3177 2962 3188 Ι
3375 3177 3389 3192 Ι
3439 3177 3449 3194 ε
3885 3177 3894 3180 ⁷

2299 3207 2429 3264 Θεὸς
2487 3207 2571 3256 τὸν
2639 3208 2755 3257 Υὶὸν
2815 3206 2974 3258 αὐτοῦ
3025 3207 3091 3268 εἰς
3161 3212 3248 3260 τὸν
3331 3215 3549 3283 κόσμον,
3610 3213 3692 3264 ἱνα
3747 3219 3897 3287 κρίνῃ

519 3299 826 3362 mundum,
859 3299 960 3354 sed
988 3305 1052 3354 ut
1089 3299 1351 3354 salvetur
1388 3297 1642 3352 mundus
1667 3312 1770 3367 per
1801 3297 1980 3368 ipsum
2013 3298 2055 3332 ⁵¹
2084 3314 2102 3362 ;
2127 3313 2157 3353 e

2295 3297 2380 3345 τὸν
2433 3297 2652 3366 κόσμον,
2718 3293 2825 3346 ἀλλ’
2889 3298 2972 3348 ἱνα
3032 3300 3174 3371 σωθῇ
3234 3299 3258 3352 ὁ
3315 3305 3514 3373 κόσμος
3586 3301 3659 3354 ὸι¹
3713 3303 3894 3354 αὑτοῦ·

517 3403 756 3444 rursum
774 3387 901 3458 lege
917 3387 1141 3443 dictam
1156 3387 1238 3442 ibi
1261 3386 1717 3441 enarrationem.
1757 3388 1834 3440 Ne
1857 3386 2157 3456 autemiite

2293 3387 2381 3434 καὶ
2447 3381 2705 3456 ἀνάγνωθι
2756 3383 2909 3436 πάλιν
2967 3391 3060 3445 τὴν
3125 3386 3230 3440 ἐκεῖ
3296 3390 3548 3464 ῥηθεῖσαν
3625 3391 3895 3463 ἐξήγησιν.

516 3494 652 3532 rum
697 3478 941 3534 dicant:
994 3477 1310 3547 Propterea
1358 3475 1504 3531 dicis
1537 3493 1549 3530 :
1579 3478 1705 3531 Non
1753 3474 1984 3546 judico,
2034 3475 2157 3548 quia

2290 3470 2400 3524 Ἵνα
2457 3469 2516 3525 δὲ
2545 3480 2615 3545 μὴ
2651 3478 2737 3526 καὶ
2777 3471 2929 3536 αὖθις
2969 3479 3180 3528 εἴπωσιν
3235 3479 3316 3530 ὅτι
3369 3483 3461 3531 Δια
3504 3488 3656 3532 τοῦτο
3708 3481 3893 3553 λέγεις,

515 3581 625 3623 nos
655 3567 1052 3622 condemnare
1083 3582 1199 3620 non
1241 3565 1447 3630 audes,
1488 3564 1664 3620 infert
1697 3584 1709 3624 :

2291 3562 2366 3614 Οὐ
2423 3567 2602 3635 κρίνω,
2657 3565 2727 3624 ὡς
2801 3568 2872 3636 μὴ
2956 3564 3154 3640 θαρῥῶν
3207 3576 3519 3642 κατακρίναι
3576 3572 3732 3643 ἡμᾶς,
3788 3570 3893 3623 ἐπι-

586 3659 749 3712 Vers.
812 3657 898 3712 16.
963 3655 1125 3723 Quod
1171 3658 1224 3710 si
1276 3685 1345 3694 —-
1404 3661 1503 3709 est.
1557 3685 1627 3694 —
1678 3655 1890 3710 Verum
1947 3661 2052 3720 est,
2107 3655 2175 3709 si-
2289 3655 2443 3723 φέρει-

514 3761 586 3801 ve
636 3750 881 3810 rectum,
935 3750 990 3800 et
1019 3749 1023 3755 ’
1037 3745 1163 3815 jam
1199 3759 1330 3799 vere
1389 3743 1728 3800 condemno
1767 3760 1896 3800 vos.
1955 3744 2155 3799 Deindt

2364 3746 2462 3793 Καὶ
2484 3740 2568 3792 ἐὰν
2603 3775 2656 3783 —-
2686 3740 2847 3797 ἐστιν.
2871 3775 2933 3783 -
2954 3743 3176 3806 Ἀληθής
3197 3743 3356 3810 ἐστιν,
3380 3750 3498 3805 ἤτοι
3520 3748 3662 3821 ὀρθὴ,
3682 3744 3887 3803 δικαία.

493 3834 688 3900 etiam
719 3835 881 3904 dicit,
904 3835 1212 3906 quomodo
1245 3850 1453 3889 verum
1507 3834 1579 3888 sit
1627 3833 1922 3905 judicium
1973 3850 2134 3888 suurr

2286 3831 2390 3884 Καὶ
2415 3830 2592 3883 λοιπόν
2619 3830 2818 3893 ἀληθῶς
2847 3838 3138 3906 κατακρίνω
3164 3836 3318 3908 ὑμᾶς.
3357 3831 3482 3889 Εἶτα
3509 3837 3642 3908 λέγει
3667 3842 3752 3889 καὶ
3781 3848 3891 3901 πῶς

587 3924 752 3980 Vers.
790 3925 872 3980 16.
899 3924 1040 3992 Quia
1058 3955 1123 3964 —
1144 3925 1342 3981 Pater.
1365 3923 1514 3988 Quia
1545 3923 1705 3978 solus
1729 3939 1850 3978 non
1880 3939 2034 3989 sum,
2069 3923 2173 3995 qui

1500 3941 1514 3977 I.
1545 3923 1705 3978 solus
1729 3939 1850 3978 non
1880 3939 2034 3989 sum,
2069 3923 2173 3995 qui
2285 3917 2483 3980 ἀληθής
2523 3918 2660 3972 ἐστιν
2694 3923 2722 3979 ἡ
2757 3925 2929 3994 κρίσις
2960 3923 3141 3978 αὐτοι).

509 4013 734 4086 judico,
762 4014 864 4070 sed
879 4030 990 4085 ego
1021 4020 1077 4070 et
1113 4017 1299 4084 Pater,
1317 4012 1606 4086 siquidem
1623 4012 2018 4069 omnianobis
2037 4029 2147 4068 sun

2351 4007 2469 4062 ’Ὁτι
2520 4043 2574 4051 -
2628 4017 2824 4084 Πατήρ.
2864 4010 2984 4064 ’Ὁτι
3037 4017 3192 4085 μόνος
3249 4013 3342 4066 οὐκ
3391 4014 3496 4088 εἰμί
3538 4020 3745 4090 κρίνων,
3781 4015 3891 4070 ἀλλ’

510 4103 857 4160 communia
882 4123 894 4172 ;
927 4109 1142 4177 etquia
1163 4103 1328 4176 quod
1349 4119 1456 4174 ego
1468 4102 1695 4173 judico,
1738 4103 1851 4158 hoc
1881 4108 1938 4158 et
1959 4105 2124 4158 Pater

2282 4097 2381 4170 ἐγώ
2421 4104 2508 4152 καὶ
2561 4101 2586 4151 ό
2639 4106 2838 4176 Πατὴρ·
2885 4105 3033 4154 κοινὰ
3079 4106 3181 4178 γὰρ
3212 4105 3337 4176 ἡμῖν
3365 4107 3533 4158 πάντα
3561 4123 3573 4134 ⁸
3628 4113 3717 4159 καὶ
3756 4105 3888 4174 ἐπεὶ,

509 4209 628 4250 una
650 4193 808 4250 enim
833 4194 1133 4250 ambobus
1156 4192 1567 4257 estvoluntas,
1594 4197 1657 4246 ut
1682 4191 2028 4262 praedictum
2062 4196 2148 4246 est

2281 4192 2402 4263 ὅπερ
2453 4189 2553 4260 ἐγὼ
2597 4195 2778 4265 κρίνω,
2827 4199 2980 4244 τοῦτο
3033 4198 3122 4244 καὶ
3167 4195 3191 4244 ὁ
3225 4196 3424 4268 Πατάρ·
3468 4195 3518 4247 ἔν
3566 4199 3667 4268 γὰρ
3719 4196 3889 4270 ἀμφο-

508 4288 564 4340 et
594 4283 764 4339 Pater
802 4299 906 4340 vos
937 4282 1317 4350 condemnat,
1342 4281 1447 4355 qui
1474 4297 1595 4338 non
1627 4279 1864 4336 creditis
1891 4281 2031 4337 Filio
2060 4297 2149 4336 sut

2279 4284 2463 4353 τέροις,
2497 4283 2567 4342 ὡς
2595 4285 2920 4354 προείρηται,
2959 4282 3173 4354 θέλημα·
3208 4287 3297 4335 καὶ
3345 4284 3370 4334 ό
3413 4289 3592 4359 Πατήρ
3639 4287 3743 4360 ἄρα
3778 4287 3889 4358 (31)

506 4389 690 4445 quem
722 4373 850 4444 ipse
889 4373 1058 4428 misit.

2279 4377 2577 4442 κατακρινεί
2624 4371 2774 4441 ὑμᾶς,
2823 4368 3175 4434 ἀπιστοῦντας
3222 4380 3293 4444 τῷ
3348 4370 3716 4448 ἀπεσταλμένῳ
3759 4379 3890 4452 παρ’

579 4463 744 4518 Vers.
782 4464 872 4517 t7.
934 4463 1122 4518 Porro
1171 4465 1358 4516 —est.
1397 4462 1602 4515 Vestra
1646 4458 2163 4558 quemadmodum
2198 4504 2220 4558 Ι

1171 4493 1237 4500 -
1259 4465 1358 4516 est.
1397 4462 1602 4515 Vestra
1646 4458 2163 4532 quemadmodum
2198 4504 2243 4558 Β
2279 4457 2438 4510 αὐτοῦ
2471 4461 2575 4530 Υὶῷ
2601 4457 2781 4514 αὐτοῦ.

502 4567 609 4608 vos
633 4552 870 4623 jactatis
900 4568 1070 4622 τοίω]
1096 4567 1190 4607 me
1213 4555 1713 4620 trausgressorem
1743 4548 1962 4605 dicitis.
1993 4551 2143 4615 Quoc

2238 4546 2240 4550 ’
2352 4554 2451 4600 Καὶ
2476 4579 2540 4588 --
2575 4546 2707 4601 ἐστι.
2753 4580 2814 4589 --
2843 4555 2926 4620 Τῷ
2966 4549 3216 4624 ὑμετέρῳ,
3258 4551 3328 4612 ὡς
3364 4550 3513 4604 αὐτοὶ
3546 4549 3879 4627 βρενθύεσοε·

505 4642 555 4697 si
585 4642 845 4698 duorum
872 4642 1187 4697 hominum
1212 4640 1618 4696 testimonium
1648 4654 1854 4693 verum
1885 4644 1992 4706 est,
2026 4637 2146 4693 indi

2279 4640 2572 4710 παράνομον
2633 4641 2734 4709 γὰρ
2787 4636 2872 4709 ἐμὲ
2923 4637 3109 4709 λέγετε.
3165 4639 3223 4692 Εἰ
3283 4636 3341 4692 δὲ
3387 4636 3484 4692 δύο
3535 4639 3816 4717 ἀνθρώπων
3848 4646 3876 4701 ἡ

501 4731 775 4804 colligere
800 4731 913 4804 ipsi
954 4734 1225 4804 potestis,
1250 4729 1418 4802 quod
1454 4728 1638 4784 multo
1675 4727 1870 4799 magis
1901 4727 2142 4783 duoruu

2273 4731 2542 4801 μαρτυρία
2588 4725 2807 4789 ἀληθης,
2864 4729 2922 4779 τὸ
2978 4729 3204 4780 ἐντεῦθεν
3264 4729 3412 4781 αὐτοὶ
3470 4729 3869 4803 συ)λογίσασθε,

495 4820 768 4893 judicum
840 4820 1136 4892 judicium
1216 4835 1424 4875 verum
1487 4823 1578 4873 est
1632 4822 1686 4873 et
1751 4819 2016 4874 maxime
2077 4823 2134 4873 ta

2273 4819 2352 4869 ότι
2378 4815 2546 4886 πολλῴ
2576 4815 2765 4888 μᾶλλον
2808 4812 2905 4868 δύο
2934 4821 3120 4889 κρίτών
3147 4819 3176 4875 ἡ
3209 4821 3381 4890 κρίσις
3403 4817 3611 4885 ἀληθὴς,
3644 4823 3730 4870 καὶ
3758 4824 3870 4872 τότε

496 4887 657 4969 Ῐίιιω.
710 4887 1071 4984 Hujusmodi
1111 4915 1312 4966 autem
1367 4907 1628 4964 obscura
1679 4905 2022 4979 frequenter
2069 4905 2137 4962 lo'

2269 4906 2386 4978 (32)
2438 4906 2706 4960 τοιούτων.
2751 4909 3171 4978 Συνεσκιασμένα
3221 4903 3280 4958 δὲ
3331 4887 3637 4960 τὰτοιαῦτα
3683 4906 3847 4960 πολλα

569 5121 616 5156 ιδ
645 5119 816 5176 Joan.
844 5135 881 5184 ι,
914 5116 967 5174 4.
1045 5117 1092 5153 ⁴⁹
1119 5116 1290 5172 Joan.
1334 5133 1388 5184 ν,
1418 5115 1506 5172 31.
1586 5116 1633 5152 ⁵ο
1664 5114 1838 5171 Joan.
1870 5129 1972 5180 vu,
1995 5116 2086 5168 29.
2161 5113 2206 5149 ⁵⁸

1045 5117 1092 5153 ⁴⁹
1119 5116 1290 5172 Joan.
1334 5133 1388 5184 ν,
1418 5115 1506 5172 31.
1586 5116 1633 5152 ⁵ο
1664 5114 1838 5171 Joan.
1870 5129 1972 5180 vu,
1995 5116 2086 5168 29.
2161 5113 2206 5149 ⁵⁸
2239 5111 2412 5182 Joan,
2448 5129 2522 5179 ut,
2559 5113 2641 5167 17.

1627 5401 1644 5422 ε
1703 5317 1928 5388 Variae
1966 5318 2291 5387 lectiones
2332 5327 2397 5385 et
2430 5325 2636 5386 notae.

563 5550 679 5622 (27)
712 5549 792 5622 De
829 5547 1056 5622 quibus
1075 5559 1261 5618 supra
1284 5561 1386 5622 _vn,
1426 5546 1516 5616 40,
1568 5543 1656 5600 41.

1568 5543 1656 5600 41.
2469 5535 2711 5622 ἐπειδή,
2741 5538 2970 5622 omisso
3002 5537 3080 5608 δὲ,
3124 5547 3186 5597 Α.

565 5616 680 5757 (ἓὸζ
727 5616 957 5676 Inclusa
1004 5616 1224 5676 absunt
1263 5620 1329 5673 A.

565 5693 657 5757 (29
711 5695 844 5757 Πρὸς
882 5691 1059 5745 αὐτόν.

1263 5620 1329 5673 Α.
2351 5617 2443 5682 31)
2477 5617 2788 5686 Κατακρίνει
2813 5617 2877 5666 Α.

2328 5616 2445 5757 ἓ32)
2469 5685 2641 5742 Forte
2668 5688 2760 5738 καὶ
2779 5690 2877 5737 ταῦ

564 5684 680 5771 (29)
711 5695 844 5771 Πρὸς
882 5691 1059 5745 αὐτόν.
2329 5684 2445 5759 (32)
2469 5685 2641 5742 Forte
2660 5684 2760 5738 καὶ
2779 5690 2968 5740 ταῦτα.
