4156 6394
307 343 447 412 MSS

1233 331 1598 403 cometam.
1646 341 1711 402 ΙΝ
1750 325 2104 401 JOANNEM.
2144 374 2212 384 —
2251 339 2408 397 CAP.
2453 324 2603 399 Vm.

3548 335 3686 403 l286

308 487 414 554 χοῦ
442 479 576 552 λέγει
608 476 702 532 διὰ
727 480 820 536 τὴν
854 475 1118 529 ἀσθένειαν
1149 474 1338 538 αὐτῶν,
1372 476 1454 526 ἱνα
1484 473 1691 532 ἐκείνοις
1716 475 1804 545 μὲν
1832 473 1909 530 εἴη

2044 471 2226 538 [uitur
2257 470 2498 540 propter
2538 481 2742 522 eorum
2791 466 3278 535 imbecillitatem,
3317 474 3380 526 ut
3419 470 3533 526 illis
3557 471 3688 544 qui-

311 569 617 641 ἀσυμφανῆ,
648 575 758 630 τοῖς
791 561 1171 639 δυνατωτέροις
1215 561 1272 616 δε
1320 570 1652 636 Χριστιανοῖς
1695 563 1912 634 ἐμφάνῇ.

309 664 406 714 Eni
460 660 664 710 πάντων
710 652 796 708 οὖν
847 663 946 708 τῶν
1003 657 1246 707 τοιούτων
1305 655 1500 710 ταύτην
1549 656 1774 724 γίνωσκε
1821 655 1916 708 τὴν

309 749 502 802 αἰτίαν.

384 838 514 909 Ἐγὼ
565 866 630 876 -
685 833 930 908 ἐμαυτοῦ.
981 833 1139 886 Πάλιν
1185 836 1314 907 πρὸς
1355 837 1412 884 τό
1446 849 1458 860 ⁸
1490 835 1554 883 Σὺ
1600 834 1718 904 περὶ
1766 848 1916 882 σεαυ-

307 934 399 979 τοῦ
431 932 730 1000 μαρτυρεῖς,
774 930 1000 976 ποιεῖται
1045 925 1131 974 τὸν
1172 921 1344 992 λόγον,
1401 920 1532 992 Ἐγὼ
1564 919 1690 992 εἰμι,
1731 918 1910 990 λέγων,

310 1018 336 1068 6
380 1023 656 1090 μαρτυρῶν
709 1018 827 1088 περὶ
875 1011 1120 1085 ἐμαυτοῦ,
1173 1011 1215 1064 εἰ
1268 1017 1358 1063 καὶ
1410 1006 1587 1072 οὐδεὶς
1662 1015 1918 1082 μαρτυρεῖ

310 1109 430 1179 περὶ
480 1102 703 1156 ἐαυτοῡ’
740 1103 835 1173 ἐγὼ
883 1104 972 1172 μὲν
1024 1102 1125 1173 γὰρ
1180 1101 1248 1162 ὡς
1311 1103 1459 1169 Θεὸς,
1510 1095 1681 1158 οὐδεὶς
1744 1093 1804 1150 δε
1852 1099 1916 1156 ὡς

312 1196 605 1266 ἄνθρωπος.

386 1375 487 1424 Καὶ
522 1402 588 1411 -
630 1373 833 1442 Πατήρ.
881 1368 941 1420 Εἰ
971 1373 1042 1440 μὴ
1090 1366 1187 1440 ἐγὼ
1238 1364 1377 1420 δοκῶ
1420 1369 1541 1439 ὑμῖν
1593 1365 1914 1428 ἀξιόπιστος.

310 1466 580 1535 Μαρτυρεῖ
628 1462 728 1533 γὰρ
785 1455 880 1511 διὰ
932 1478 1022 1510 του
1085 1458 1352 1530 προφήτου
1411 1461 1586 1528 λέγων·
1649 1452 1790 1508 Ἰδού
1839 1459 1914 1506 τέο

312 1551 458 1602 θεικὰ
507 1569 564 1602 σε
612 1548 683 1609 εἰς
718 1556 822 1620 φὼς
848 1546 1020 1610 ἐθνῶν,
1063 1547 1248 1619 [ἤγουν
1290 1548 1400 1619 (33)
1442 1546 1513 1608 εἰς
1542 1549 1598 1598 τὸ
1647 1542 1773 1598 εἶναι
1814 1551 1916 1616 φῶς

310 1637 513 1712 ἐθνῶν.]
565 1642 879 1712 Προείρηται
924 1634 982 1689 δὲ
1030 1641 1120 1688 καὶ
1173 1635 1220 1687 ἐν
1270 1644 1339 1706 τῷ
1394 1633 1601 1707 ἑϐδόμῳ
1659 1634 1915 1706 κεφαλαίῳ

308 1735 418 1789 πῶς
458 1729 483 1779 6
531 1731 708 1800 Πατὴρ
742 1733 998 1800 μαρτυρεῖ
1043 1731 1159 1800 περὶ
1212 1725 1390 1796 αὑτοῦ,
1449 1727 1569 1777 ἔνθα
1618 1732 1785 1776 κεῖται
1835 1726 1912 1787 τὸ,

313 1821 410 1869 καὶ
453 1819 478 1869 ὁ
504 1815 716 1890 πέμψας
739 1835 802 1889 με
834 1819 1010 1889 Πατὴρ
1045 1815 1180 1887 (34),
1216 1814 1371 1877 αὐτὸς
1406 1817 1772 1889 μεμαρτύρηκε
1801 1833 1916 1888 περι
1948 1826 1992 1882 Β

315 1903 460 1978 ἐμοῦ.

381 1993 588 2066 Ἔλεγον
612 2025 676 2034 -
701 2001 795 2047 σοῦ
822 2013 834 2059 ;
861 1992 1066 2066 Ἔλεγον
1086 2001 1236 2046 τοῦτο
1257 1997 1693 2069 προσποιούμενοι
1715 1992 1915 2066 ἀγνοεῖν

312 2088 431 2136 τίνα
457 2083 592 2156 λέγει
619 2087 844 2160 Πατέρα,
873 2088 962 2136 καὶ
992 2084 1340 2160 πειράζοντες.

387 2263 664 2336 Ἀπεκρίθη
765 2294 834 2302 —
915 2281 1036 2335 μου.
1129 2261 1234 2336 [Ὠς

309 2359 372 2425 τῇ
423 2351 635 2424 ἀληθείᾳ
661 2354 761 2427 γὰρ
816 2348 1014 2416 οἴδατε,
1049 2355 1220 2413 καθὼς
1263 2358 1351 2404 καὶ
1400 2351 1633 2426 ἀνωτέρω
1679 2349 1916 2410 δεδήλω-

1503 2264 1875 2338 προσποιεισθε
1899 2281 1912 2295 ·

312 2461 416 2497 ται.
468 2440 537 2494 Ἥ
587 2449 740 2494 τοῦτο
797 2438 924 2508 εἶπε,
983 2437 1120 2493 διότι
1185 2449 1588 2515 προσεποιοῦντο
1643 2461 1916 2513 γινωσκειν

309 2531 468 2583 αύτόν
520 2534 630 2582 υἱὸν
682 2540 774 2583 τοῦ
814 2531 1030 2604 Ἰωσὴφ,
1063 2531 1220 2602 λέγων
1255 2549 1267 2560 ’
1305 2532 1363 2584 Εἰ
1406 2531 1568 2594 οὕτως
1609 2529 1806 2596 οἵδατε,
1850 2536 1918 2593 ὡς

310 2622 705 2696 προσποιεῖσθε,
751 2620 884 2672 Οὔτε
922 2619 1009 2692 ἐμὲ
1063 2618 1242 2673 οἴδατε
1266 2639 1277 2651 ·
1311 2621 1370 2672 ού
1401 2623 1498 2694 γὰρ
1541 2623 1636 2692 ἐγὼ
1667 2623 1778 2683 υίὸς
1826 2629 1916 2673 τοῦ

311 2710 509 2782 Ἰωσήφ
541 2728 551 2738 ·
587 2711 703 2762 οὔτε
738 2713 822 2761 τὸν
855 2714 1060 2785 Πατέρα
1089 2730 1189 2782 μου
1217 2730 1228 2741 ·
1261 2709 1372 2782 (36)
1421 2710 1476 2762 ού
1517 2717 1616 2785 γὰρ
1664 2711 1688 2762 6
1723 2712 1915 2783 Ἰωσὴφ

309 2803 450 2857 πατή
457 2819 486 2874 ρ
518 2817 639 2871 μου.

383 2888 444 2941 Εἰ
474 2919 542 2927 —
568 2885 744 2960 ᾔδειτε
774 2889 860 2944 οἶν.
909 2894 1049 2950 Μιάς
1091 2891 1188 2962 γὰρ
1240 2887 1518 2962 ἀμφότεροι
1563 2891 1782 2961 φύσεως.
1824 2893 1917 2941 Καὶ

313 2977 364 3029 ἐν
404 2985 473 3048 τῷ
522 2974 874 3050 ἑκκαιδεκάτῳ
929 2973 988 3030 δὲ
1034 2979 1292 3050 κεφαλαίῳ
1349 2984 1473 3054 πρὸς
1537 2983 1623 3031 τὸν
1669 2979 1916 3032 Φίλιππον

313 3069 513 3139 εἴρηκεν
546 3086 558 3098 ·

635 3064 694 3118 ⁸0
754 3065 991 3139 ἑωρακὼς
1059 3066 1164 3139 ἐμὲ,
1256 3067 1447 3142 ἑώρακε
1525 3072 1611 3121 τὸν
1696 3073 1915 3142 Πατέρα,

2025 558 2163 613 dem
2191 555 2426 612 occulta
2445 554 3028 621 sint,robustioribus
3051 575 3185 614 vero
3207 557 3548 616 Christianis
3562 578 3689 617 ma-

2024 645 2260 702 nifesta.
2293 649 2353 700 In
2387 643 2670 701 omnibus
2699 661 2841 716 ergo
2890 647 3187 704 similibus
3239 665 3482 707 causam
3533 651 3690 707 hanc

2024 735 2359 806 agnoscito.

2096 824 2262 880 Vers.
2301 828 2383 880 18.
2412 825 2538 894 Ego
2563 855 2627 866 —
2651 825 2891 894 meipso,
2921 828 3176 884 Rursum
3205 829 3284 885 ad
3307 831 3380 897 id,
3412 832 3577 904 quod
3603 833 3695 890 di-

2024 922 2270 970 xerant:
2309 915 2396 971 Tu
2435 913 2823 970 testimonium
2873 917 3147 984 perhibes
3199 920 3272 976 de
3302 921 3486 991 teipso
3529 923 3692 980 hunc

2026 1003 2164 1060 facit
2191 1019 2531 1059 sermonem
2573 1004 2780 1058 dicens
2839 1006 3010 1076 :Ego
3050 1008 3439 1066 testimonium
3492 1014 3693 1082 perhi-

2028 1094 2127 1151 beo
2152 1093 2219 1149 de
2248 1095 2479 1164 meipso,
2512 1093 2745 1149 etiamsi
2789 1111 2965 1151 nemo
3011 1098 3319 1168 perhibeat
3347 1101 3422 1156 de
3450 1102 3650 1176 seipso
3671 1123 3689 1176 ;

2024 1197 2137 1252 ego
2164 1183 2463 1255 siquidem
2479 1185 2771 1254 tanquam
2788 1183 2965 1250 Deus,
2984 1201 3163 1243 nemo
3182 1194 3382 1245 autem
3404 1195 3693 1265 tanquam

2025 1272 2230 1329 homo.

2095 1362 2259 1417 Vers.
2293 1365 2376 1418 18.
2411 1363 2486 1417 Et
2515 1394 2583 1402 —
2612 1363 2816 1420 Pater.
2849 1362 2904 1420 Si
2957 1380 3067 1437 ego
3129 1367 3300 1424 vobis
3327 1368 3445 1426 ﬁde
3477 1371 3694 1442 dignus

2027 1465 2148 1506 non
2195 1451 2424 1509 videor.
2476 1450 2606 1507 Fert
2637 1457 2839 1508 autem
2882 1455 3285 1512 testimonium
3335 1459 3542 1515 dicens
3588 1478 3695 1534 per

2027 1540 2381 1610 pr0phetam
2412 1556 2425 1595 :
2451 1540 2632 1596 Posui
2669 1547 2723 1597 te
2751 1540 2813 1597 in
2861 1543 3049 1599 lucem
3081 1545 3350 1614 gentium
3374 1549 3442 1614 ",
3491 1549 3614 1604 sive
3636 1555 3697 1607 ut

2025 1628 2126 1685 lux
2158 1630 2238 1685 sis
2285 1630 2572 1702 gentium.
2629 1630 2982 1687 Praedictum
3039 1638 3125 1689 est
3181 1646 3382 1692 autem
3443 1639 3696 1710 septimo

2026 1717 2203 1774 etiam
2233 1717 2443 1790 capite,
2468 1720 2778 1791 quomodo
2797 1720 2966 1776 Pater
2991 1721 3218 1795 deipso
3249 1723 3396 1782 ferat
3428 1728 3693 1785 testimo-

2028 1807 2220 1878 nium,
2250 1807 2349 1863 ubi
2384 1808 2637 1863 dicitur:
2692 1810 2768 1864 Et
2826 1809 2924 1881 qui
2979 1812 3137 1868 misit
3189 1830 3276 1869 me
3332 1816 3540 1883 Pater,
3572 1819 3699 1888 ipse

2028 1898 2424 1954 testimonium
2473 1899 2768 1967 perhibuit
2801 1900 2867 1956 de
2900 1916 2990 1957 me
3019 1902 3088 1956 ⁵³.

2098 1989 2256 2042 Vers.
2309 1986 2394 2044 t9.
2425 1988 2725 2044 Dixerunt
2774 2021 2842 2029 -
2870 1996 3006 2046 tuus
3048 1991 3076 2044 ‘I
3107 1992 3392 2052 Dicebant
3442 1996 3557 2054 hoc
3583 1999 3696 2055 ﬁn-

2027 2082 2252 2147 gentes,
2287 2093 2352 2133 se
2400 2077 2677 2148 ignorare
2719 2095 3047 2152 quemnam
3091 2081 3308 2141 diceret
3343 2089 3592 2155 Patrem,
3623 2105 3694 2146 ac

2028 2172 2341 2223 tentantes.

2097 2257 2242 2312 Vers
2302 2260 2381 2312 l9.
2419 2257 2742 2327 Respondit
2791 2289 2860 2300 —
2904 2275 3112 2317 meum.
3171 2263 3693 2329 Quemadmodum

2028 2345 2350 2400 simulatis:
2384 2361 2528 2400 nam
2576 2346 2635 2400 in
2667 2347 2910 2403 veritate
2941 2351 3148 2415 nostis,
3173 2355 3694 2424 quemadmodum

2029 2433 2307 2504 superius
2340 2440 2646 2488 ostensum
2698 2441 2802 2490 est.
2861 2438 2975 2493 Aut
3004 2437 3115 2494 hoc
3141 2439 3308 2507 dixit,
3339 2445 3481 2516 quia
3514 2447 3697 2501 simu-
3759 2435 3768 2442 ’

2026 2521 2232 2578 labant
2261 2539 2320 2577 se
2341 2524 2488 2578 scire
2516 2524 2680 2594 quod
2705 2525 2859 2579 ﬁlius
2886 2533 3041 2582 esset
3069 2529 3308 2602 Joseph.
3343 2532 3486 2590 Dicit
3511 2551 3654 2606 ergo
3678 2551 3692 2592 :

2031 2611 2086 2667 Si
2119 2627 2213 2666 me
2244 2611 2326 2667 ita
2353 2613 2734 2682 cognoscitis,
2769 2619 2830 2669 ut
2859 2615 3101 2686 ﬁngitis,
3144 2634 3327 2690 neque
3357 2638 3444 2678 me
3461 2629 3644 2681 nostis
3678 2643 3692 2691 ;

2027 2715 2147 2755 non
2171 2717 2302 2755 sum
2331 2702 2488 2756 enim
2509 2702 2661 2756 ﬁlius
2680 2703 2945 2790 Joseph':
2971 2721 3166 2780 neque
3201 2713 3425 2768 Patrem
3462 2731 3652 2770 meum
3680 2733 3693 2784 ;

2027 2805 2172 2845 nam
2206 2791 2427 2862 Joseph
2461 2807 2581 2846 non
2609 2798 2699 2847 est
2726 2792 2898 2848 Pater
2931 2811 3120 2851 meus.

2103 2881 2257 2934 Vers.
2297 2884 2376 2935 l9.
2412 2879 2480 2935 Si
2508 2911 2577 2921 -—
2608 2880 2808 2952 utique
2855 2887 3289 2954 cognovissetis.
3327 2893 3472 2947 Nam
3523 2895 3695 2950 unius

2030 2984 2238 3023 sumus
2270 2968 2453 3025 ambo
2479 2975 2722 3026 naturae.
2753 2973 2815 3025 In
2843 2972 3079 3030 decimo
3108 2984 3270 3032 sexto
3299 2979 3477 3036 etiam
3502 2991 3695 3055 capite

2029 3057 2172 3113 dixit
2199 3058 2272 3114 ad
2289 3057 2652 3131 Philippum:
2673 3061 2786 3127 Qui
2811 3061 2958 3117 vidit
2976 3079 3087 3129 me,
3121 3067 3260 3122 vidit
3280 3076 3330 3123 et
3356 3072 3593 3129 Patrem
3623 3075 3692 3142 “,

312 3159 474 3226 ἤγουν
505 3155 531 3208 6
577 3160 847 3221 νενοηκὼς,
897 3157 922 3208 6
965 3159 1134 3228 γνούς,
1189 3154 1411 3216 Εἵδησιν
1453 3162 1552 3231 γὰρ
1606 3164 1695 3210 καὶ
1734 3161 1916 3232 ὅρασιν

2044 3148 2157 3202 sive
2209 3149 2506 3220 cognovit,
2539 3148 2841 3205 intellexit.
2888 3154 3037 3208 Nam
3077 3155 3370 3213 visionem
3401 3167 3456 3214 et
3494 3165 3694 3234 cogni-

312 3244 407 3296 ούκ
451 3244 709 3303 αἰσθητήν
745 3264 921 3317 φησιν,
958 3243 1085 3297 ἀλλὰ
1113 3251 1321 3304 νοητήν.
1353 3245 1490 3300 Ἐπεὶ
1524 3244 1582 3300 δε
1629 3246 1714 3319 ἐμὲ
1758 3267 1918 3319 προσ-

310 3335 548 3386 ποιεῖσθε
593 3339 664 3405 μὴ
714 3329 927 3403 εἰδέναι,
974 3333 1265 3397 ἀκολούθως
1309 3341 1398 3388 καὶ
1447 3340 1530 3389 τὸν
1577 3342 1781 3411 Πατέρα
1818 3358 1917 3410 μου

311 3424 686 3498 προσποιεῖσθε
707 3427 778 3495 μὴ
814 3420 1026 3476 εἰδέναι.

383 3519 562 3564 Ταῦτα
604 3542 672 3553 -
716 3512 1107 3584 γαζοφυλακίῳ.
1150 3521 1327 3566 Ταῦτα
1374 3518 1438 3567 τὰ
1467 3514 1916 3590 παῤῥησιαστικά.

313 3607 695 3672 Επεσημὴνατο
733 3605 834 3675 γὰρ
865 3605 952 3654 τὸν
984 3607 1159 3670 τόπον,
1195 3600 1442 3656 δεικνύων
1482 3610 1575 3664 τὴν
1619 3605 1919 3680 παρρησίαν

312 3698 404 3742 τοῦ
434 3688 784 3745 διδασκάλου.
812 3691 1201 3764 Γαζοφυλάκιον
1225 3689 1304 3757 δὲ,
1328 3697 1384 3746 τὸ
1409 3694 1917 3767 θησαυροφυλάκιον,

311 3783 431 3852 περὶ
462 3779 522 3831 οὗ
552 3779 870 3852 πλατύτερον
916 3779 964 3832 ἐν
1007 3790 1079 3852 τῷ
1109 3792 1519 3857 τεσσαρακοστῷ
1550 3791 1737 3860 πρώτῳ
1768 3805 1920 3859 κεφα-

312 3867 444 3940 λαίῳ
477 3875 565 3922 τοῦ
596 3871 728 3922 κατὰ
748 3871 962 3942 Μάρκον
991 3870 1288 3947 εἰρήκαμεν.

389 4043 663 4099 Διδάσκων
694 4046 742 4100 ἐν
767 4055 836 4118 τῷ
870 4049 1008 4122 ἱερῷ.
1035 4055 1274 4122 Δημοσίᾳ
1299 4069 1311 4081 ’
1341 4049 1388 4102 ἐν
1419 4054 1584 4124 τούτῳ
1614 4054 1714 4127 γὰρ
1749 4049 1809 4111 ἦν
1831 4058 1919 4106 καὶ

315 4139 374 4189 τὸ
405 4135 811 4210 γαζοφυλάκιον.

391 4230 490 4278 Καὶ
517 4256 584 4270 -
613 4226 787 4284 αὐτόν.
823 4231 972 4281 Οὕτω
1003 4228 1510 4304 παρρησιαζόμενον.

386 4401 507 4456 Ὀτι
539 4436 604 4446 -
651 4405 831 4461 αὐτοῦ.
864 4405 922 4459 Ἡ
974 4415 1065 4460 τοῦ
1112 4407 1466 4481 συλληφθῆναι
1521 4416 1610 4464 καὶ
1648 4411 1921 4488 ἀναιρεθῆ-

314 4512 400 4544 ναι
439 4493 608 4550 αὐτὸν,
655 4493 804 4550 Ἔδει
831 4499 934 4572 γὰρ
977 4506 1157 4550 τοῦτον
1201 4501 1274 4550 ἔτι
1323 4502 1790 4576 θαυματουργῆσαι
1830 4511 1919 4559 καὶ
1949 4542 1996 4597 D

330 4577 353 4597 ﬁ
392 4577 414 4597 λ
439 4582 481 4597 ιν
637 4588 646 4597 ι
745 4584 759 4596 ι
775 4585 790 4597 ι
847 4589 855 4597 ι
956 4585 967 4597 ε
1089 4591 1097 4597 .
1274 4586 1284 4597 ι
1453 4593 1460 4597 .
1588 4593 1600 4597 -
1733 4595 1740 4597 ξ

318 4577 537 4644 διδάξαι
568 4588 650 4635 καὶ
677 4584 893 4648 πολλοὺς
925 4585 995 4648 εἱς
1038 4591 1214 4639 πίστιν
1265 4586 1685 4660 ἐπισπάσασθαι,
1717 4595 1780 4653 ὡς
1831 4600 1919 4648 καὶ

315 4671 654 4746 προλαϐονςες
677 4673 973 4749 εἱράκαμεν.
1010 4683 1244 4747 Συνεχώς
1269 4673 1327 4729 δὲ
1353 4686 1505 4732 τούτο
1527 4679 1680 4751 λέγει,
1716 4679 1921 4747 δεικνύς

316 4761 398 4812 ὅτι
447 4761 693 4824 πολλάκις
762 4762 1191 4837 ἐπιχειρήσαντες
1259 4766 1352 4818 ούκ
1401 4765 1767 4840 ἠδυνήθησαν,
1834 4777 1923 4825 καὶ

315 4851 397 4902 ὅτι
425 4847 543 4902 οὐδ’
567 4850 782 4928 ὕστερον
813 4855 1102 4927 ἐκράτησαν
1129 4856 1188 4906 ἄν
1216 4855 1391 4925 αὐτὸν,
1425 4857 1468 4909 εἰ
1501 4862 1572 4930 μὴ
1607 4860 1718 4931 (37)
1765 4860 1922 4924 αὐτὸς

315 4939 474 4998 ἠθέλη
484 4959 586 4993 σεν.

391 5191 439 5227 ⁸³
471 5191 586 5249 lsa.
625 5209 778 5264 χιιι,
803 5193 854 5250 6.
933 5193 980 5230 ⁸³
1007 5195 1178 5262 Joan,
1219 5211 1274 5261 v,
1313 5197 1400 5252 37.
1480 5198 1722 5256 l“.loan.
1754 5216 1873 5274 xxv,
1907 5205 1958 5258 9.

2031 3237 2409 3294 tionemdicit
2431 3254 2549 3294 non
2570 3239 2930 3307 sensibilem,
2962 3242 3066 3298 sed
3096 3245 3547 3317 intelligibilem.
3578 3255 3694 3311 Sed

2028 3326 2172 3398 quia
2187 3342 2415 3382 menon
2430 3343 2598 3384 nosse
2631 3344 2735 3384 vos
2766 3329 3079 3398 simulatis,
3106 3349 3484 3409 consequens
3515 3343 3695 3400 etiam

2030 3420 2118 3471 est
2149 3421 2210 3471 ut
2235 3421 2290 3472 et
2320 3416 2552 3473 Patrem
2590 3434 2794 3474 meum
2822 3435 2931 3475 vos
2964 3437 3086 3478 non
3118 3439 3293 3480 nosse
3324 3427 3584 3498 ﬁngatis.

2099 3505 2261 3560 Vers.
2294 3505 2382 3560 20.
2432 3506 2577 3563 Haec
2607 3538 2674 3547 ——
2718 3511 3154 3580 gazOphylacio.
3184 3513 3314 3571 Haec
3343 3518 3525 3575 verba
3545 3520 3692 3579 libe-

2028 3609 2091 3650 re
2121 3594 2302 3651 dicta.
2365 3596 2733 3665 Signiﬁcavit
2793 3605 2994 3656 autem
3054 3601 3278 3670 locum,
3368 3609 3694 3666 ostendens

2029 3683 2267 3739 dicendi
2350 3683 2684 3742 libertatem
2771 3686 2958 3760 ipsius
3023 3691 3306 3749 doctoris.
3389 3697 3696 3772 Gazophy-

2027 3773 2249 3830 lacium
2275 3790 2413 3830 vero
2462 3775 2722 3832 thesauri
2773 3780 3194 3851 repositorium
3242 3790 3386 3856 erat,
3439 3789 3515 3844 de
3571 3806 3694 3862 quo

2028 3863 2205 3920 latius
2223 3863 2485 3920 diximus
2512 3866 2982 3938 quadragesimo
3011 3872 3208 3944 primo
3230 3875 3402 3946 juxta
3432 3880 3696 3938 Marcum

2030 3954 2239 4026 capite.

2103 4045 2259 4099 Vers.
2289 4043 2376 4098 20.
2429 4044 2648 4102 Docens
2710 4047 2773 4104 in
2833 4052 3068 4120 templo.
3118 4052 3356 4112 Publice
3415 4074 3611 4125 ;nam
3634 4061 3696 4118 in

2029 4134 2251 4206 templo
2282 4132 2462 4190 etiam
2502 4141 2628 4192 erat
2661 4139 3182 4212 gazophylacium.

2103 4225 2261 4279 Vers.
2314 4227 2401 4279 20.
2450 4225 2527 4280 Et
2557 4256 2622 4267 —
2674 4242 2828 4287 eum.
2884 4229 3032 4286 Cum
3090 4232 3171 4290 ita
3195 4231 3377 4292 libere
3425 4235 3696 4311 loquere-

2029 4316 2143 4368 tur.

2103 4400 2264 4457 Vers.
2291 4402 2380 4456 20.
2416 4402 2561 4469 Quia
2589 4434 2658 4444 —-
2687 4407 2832 4474 ejus.
2865 4409 2995 4473 Qua
3016 4413 3446 4484 comprehendi
3478 4421 3535 4473 et
3559 4419 3693 4492 capi

2031 4495 2252 4581 posset.
2285 4492 2496 4581 Adhuc
2524 4493 2686 4550 enim
2716 4496 3031 4567 oportebat
3055 4515 3194 4558 eum
3231 4504 3517 4562 miracula
3563 4523 3698 4581 ope-

2031 4579 2146 4635 rari
2177 4596 2246 4636 ac
2276 4580 2512 4647 docere,
2548 4583 2887 4658 multosque
2933 4588 3010 4644 ad
3051 4589 3233 4647 ﬁdem
3266 4595 3580 4663 attrahere,
3607 4579 3695 4654 εἰ·

2032 4674 2132 4724 cut
2189 4669 2251 4725 in
2294 4671 2769 4742 prmcedentibus
2827 4675 3108 4735 diximus.
3157 4680 3442 4741 Continue
3502 4692 3692 4744 autem

2033 4758 2149 4814 hoc
2180 4759 2341 4827 dicit,
2388 4763 2710 4819 ostendens
2735 4765 2902 4838 quod
2931 4767 3273 4842 frequenter
3313 4774 3370 4830 id
3404 4780 3696 4834 tentantes

2032 4862 2154 4902 non
2226 4853 2570 4920 potuerunt,
2622 4857 2679 4908 et
2730 4855 2896 4928 quod
2947 4872 3262 4932 nunquam
3335 4866 3697 4934 potentiores

2028 4935 2108 5026 ad
2145 4951 2285 4994 eum
2315 4941 2896 5012 apprehendendum
2945 4945 3224 5016 fuissent,
3274 4951 3389 5008 nisi
3429 4952 3558 5026 ipse
3593 4970 3692 5013 vo-

2027 5023 2253 5082 luisset.

1535 5377 1750 5448 Varize
1771 5380 2108 5478 lectiones
2151 5395 2217 5453 et
2248 5396 2447 5457 notae.

544 5565 776 5626 Inclusa
802 5569 1150 5630 exciderunt
1169 5574 1235 5629 A.

541 5639 705 5703 Αὐτὸς
734 5641 950 5700 omittit
974 5641 1035 5701 Β.

541 5711 772 5772 Inclusa
796 5713 1018 5774 absunt
1037 5717 1104 5773 Α.

411 5570 478 5625 33

384 5566 503 5786 ii

410 5641 475 5696 34

412 5716 480 5769 35

412 5716 480 5769 35

2123 5583 2212 5730 36;

2123 5657 2186 5712 37

2123 5583 2212 5712 36%
2242 5582 2560 5668 Moufld‘ura
2598 5586 2677 5671 ἂν,
2713 5591 2932 5648 cieteris
2955 5591 3202 5654 omissis
3227 5597 3296 5656 A.

2120 5657 2186 5712 37
2240 5661 2341 5712 Καί
2370 5664 2695 5712 interponit
2723 5665 2795 5712 Α-

2240 5661 2341 5712 Καί
2370 5660 2695 5735 interponit
2723 5665 2795 5721 Α.
