4156 6384
515 373 649 435 tesi
1852 362 2192 432 EUTHYMH
2239 361 2556 430 ZIGABENI
3754 354 3897 421 4988

596 507 755 560 Vers.
785 509 873 558 2t.
917 504 1083 560 Dixit
1120 534 1179 544 ——
1215 506 1380 560 vado.
1408 489 1666 560 Transeo
1703 521 1738 560 a
1768 510 2002 560 terrena
2034 503 2171 558 vita.
2207 503 2237 557 Α

2365 499 2512 555 Εἶπεν
2579 533 2629 543 -
2687 502 2889 572 ὑπάγω.
2955 497 3257 556 Μεταϐαίνω
3316 493 3416 549 ἀπὸ
3496 501 3594 556 τῆς
3662 489 3895 564 ἐπιγείου

589 597 747 650 Vers.
780 596 869 649 21.
915 595 990 649 Et
1038 596 1292 665 quaeritis
1331 612 1435 650 me.
1490 596 1676 650 Etiam
1733 595 2008 667 superius
2061 595 2176 649 hoc
2288 593 2447 656 ζωῆς.

517 683 681 751 dixit,
715 688 771 739 et
794 683 874 738 ibi
905 683 1270 739 declaratum
1317 691 1428 741 est.

2362 687 2460 735 Καὶ
2491 685 2743 744 ζητήσετέ
2773 699 2852 752 με.
2894 683 2991 732 Καὶ
3022 678 3254 750 ἀνωτέρω
3279 681 3431 728 τοῦτο
3454 670 3584 738 εἷπε,
3610 676 3698 726 καὶ
3720 673 3895 747 ἡρμη-

2285 774 2438 828 νεύθη
2471 771 2590 825 ἐκεῖ.

588 863 750 918 Vers.
781 867 867 919 2t.
892 863 956 917 Et
987 893 1055 902 —
1107 861 1459 919 moriemini.
1499 866 1617 934 Ego
1652 863 1805 930 veni,
1861 868 1921 918 ut
1974 878 2081 917 vos
2113 861 2177 914 1i-

2361 866 2460 914 Kai
2520 892 2587 900 —
2650 858 3012 912 ἀποθανεῖσθε.
3085 855 3276 908 Ἦλθον
3343 853 3694 926 ἐλευθερώσων
3776 850 3893 921 (38)

518 953 793 1008 berarem
826 952 902 1007 ab
951 953 1116 1007 omni
1162 957 1406 1025 peccato
1447 960 1645 1008 vestro
1689 953 1870 1025 :quia
1907 968 2048 1007 vero
2075 967 2159 1007 no

2288 953 2424 1023 ὑμᾶς
2464 949 2564 1002 ἀπὸ
2614 951 2786 1010 πάσης
2838 948 3098 1020 ἁμαρτίας
3145 948 3286 1017 ὑμῶν
3319 964 3331 976 ·
3367 942 3475 995 ἐπεὶ
3516 938 3574 994 δὲ
3623 940 3718 993 ούκ
3769 940 3895 1020 ἠθε-

520 1041 726 1110 luistis,
768 1041 896 1111 jam
953 1040 1126 1108 abeo,
1187 1047 1244 1095 et
1271 1040 1556 1113 deinceps
1604 1044 1665 1096 in
1719 1041 1883 1096 omni
1932 1045 2161 1112 peccatc

2287 1039 2504 1107 λήσατε,
2567 1038 2890 1112 ἀπέρχομαι,
2954 1041 3042 1088 καὶ
3101 1035 3276 1087 λοιπὸν
3345 1032 3392 1084 ἐν
3455 1033 3599 1103 πάσῃ
3661 1030 3899 1104 ἁμαρτίᾳ

518 1137 710 1187 vestro
734 1130 1090 1197 moriemini,
1117 1131 1284 1202 quod
1315 1128 1388 1186 ab
1411 1147 1481 1187 eo
1509 1130 1750 1186 liberari
1780 1129 2100 1186 nolueritis.

2288 1133 2429 1202 ὑμῶν
2520 1128 2862 1181 ἀποθανεῖσθε
2968 1131 3039 1198 μη
3143 1124 3450 1184 θελήσαντες
3533 1118 3899 1190 ἀπαλλαγῆναι

2288 1219 2467 1279 αὐτῆς.

588 1310 903 1366 Peccatum
933 1316 1136 1365 autem
1182 1310 1440 1380 intellige
1476 1311 1660 1366 etiam
1690 1309 1752 1364 id
1777 1309 1942 1383 quod
1972 1309 2180 1364 adver-

2357 1308 2643 1382 “Αμαρτίαν
2699 1303 2757 1359 δε
2808 1310 2996 1363 νόησον
3051 1308 3142 1356 καὶ
3210 1307 3305 1361 τὴν
3370 1301 3437 1362 εἰς
3511 1299 3685 1362 αὑτὸν,
3753 1294 3900 1349 διότι

519 1417 620 1456 sus
659 1401 858 1472 ipsum
898 1405 1045 1465 erat,
1070 1402 1213 1471 quia
1256 1401 1616 1456 interfecturi
1643 1401 1842 1472 ipsum
1889 1404 2075 1465 erant,
2118 1399 2160 1454 ir

2289 1398 2490 1472 ἔμελλον
2535 1396 2721 1448 ἀνελεῖν
2775 1396 2948 1462 αὑτὸν,
3001 1393 3137 1466 ἕνῇ
3201 1391 3471 1458 ἀπέθανον,
3518 1393 3636 1447 ἤτοι
3699 1383 3774 1440 δι’
3835 1387 3898 1443 ἣν

518 1506 641 1562 quo
675 1490 887 1544 mortui
923 1495 1086 1552 sunt,
1131 1506 1346 1561 nempe
1395 1495 1641 1562 propter
1687 1489 1833 1544 illud
1867 1489 2159 1560 jugulati:

2289 1489 2697 1559 κατεσφάγησαν
2733 1486 2833 1536 ὑπὸ
2882 1493 2981 1536 τῶν
3017 1482 3304 1555 Ῥωμαίων,
3355 1479 3759 1532 Οὐεσπασιανοῦ
3804 1483 3899 1528 καὶ

518 1578 825 1648 Romanis,
851 1577 1221 1649 Vespasiano
1257 1585 1312 1635 et
1355 1581 1498 1635 Tito.
2288 1580 2465 1630 Τίτου.

588 1669 750 1725 Vers.
784 1673 870 1726 2t.
906 1668 1026 1733 Quo
1077 1701 1145 1709 —
1195 1670 1409 1725 venire.
1473 1672 1604 1726 Haec
1657 1669 1994 1744 frequenter
2018 1670 2176 1736 dicit,

2360 1665 2528 1717 Ὅπου
2571 1696 2637 1704 —
2685 1663 2863 1718 ἐλθεῖν.
2912 1670 3149 1734 Συνεχῶς
3187 1667 3351 1713 ταῦτα
3401 1657 3554 1730 λέγει,
3604 1659 3897 1708 κατασείων

519 1760 755 1815 animas
785 1758 1022 1813 illorum
1050 1758 1395 1814 concutiens
1425 1765 1480 1814 et
1501 1766 1822 1815 exterrens.

1552 1766 1822 1815 (terrens.
2293 1757 2459 1808 αὐτῶν
2492 1758 2583 1816 τὰς
2607 1754 2794 1826 ψυχὰς
2832 1759 2921 1806 καὶ
2951 1751 3193 1826 ἐκφοϐῶν.

589 1849 751 1904 Vers.
785 1851 873 1900 22.
914 1849 1198 1904 Dicebant
1231 1879 1298 1888 —
1336 1850 1557 1905 venerit
1596 1849 1623 1903 ?
1653 1851 1823 1914 Quod
1867 1849 2178 1921 optabant,
2219 1860 2230 1914 1

2364 1846 2572 1916 Ἔλεγον
2631 1877 2697 1884 —
2751 1843 2929 1900 ἐλθεῖν.
2985 1850 3048 1895 ‘0
3106 1840 3372 1894 ἐϐούλοντο
3419 1846 3576 1891 τοῦτο
3634 1840 3724 1888 καὶ
3777 1837 3903 1888 ύπέ-

517 1939 632 1994 boc
679 1939 853 1993 etiam
911 1939 1396 2009 suspicabantur.
1459 1939 1610 2006 Quid
1663 1955 1806 2009 ergo
1854 1941 2158 1995 Christus'

2293 1936 2470 1992 λαϐον.
2519 1941 2582 1988 Τί
2613 1932 2699 1986 οὖν
2727 1937 2751 1986 ό
2804 1938 3031 2008 Χριστός
3058 1950 3072 2000 ;
3099 1934 3330 2006 Ἀναιρεῖ
3356 1935 3448 1988 τὴν
3492 1929 3737 1984 τοιαύτην
3769 1927 3905 1977 ὑπό-

517 2027 1061 2097 Tollithujusmodi
1118 2028 1536 2098 suspicionem,
1607 2029 1987 2102 ostenditque
2017 2045 2158 2102 quor

2292 2027 2472 2097 ληψιν,
2506 2030 2595 2077 καὶ
2628 2021 2893 2078 δείκνυσιν
2933 2025 3013 2076 ὅτι
3038 2021 3271 2095 ἁμαρτία
3308 2019 3423 2072 ἐστὶ
3468 2021 3524 2070 τὸ
3557 2016 3742 2068 ἀνελεῖν
3787 2014 3904 2067 ἑαυ-

519 2123 831 2190 peccatum
869 2117 942 2170 sit
974 2133 1034 2170 se
1062 2115 1259 2187 ipsum
1289 2117 1646 2176 interimere.
2296 2123 2404 2172 τόν.

590 2208 756 2262 Vers.
784 2206 871 2260 23.
900 2207 965 2260 Et
1003 2235 1072 2246 -
1117 2208 1248 2261 estis
1273 2238 1340 2245 —
1366 2208 1465 2263 Ex
1495 2214 1682 2276 terra,
1714 2224 1839 2264 non
1865 2208 2029 2280 quod
2062 2225 2188 2265 cor—

2269 2267 2272 2272 ,
2377 2212 2477 2260 Καὶ
2507 2238 2575 2245 —
2605 2204 2738 2258 ἐστέ.
2760 2235 2825 2244 -
2853 2204 2943 2256 Ἐκ
2971 2210 3067 2264 τῆς
3093 2211 3160 2272 γῆ
3175 2222 3213 2265 ς,
3239 2199 3344 2272 οὐχ
3375 2199 3528 2250 ὅτιτὸ
3551 2204 3704 2267 σῶμα
3733 2193 3905 2246 αὐτῶν

519 2311 633 2368 pus
664 2311 872 2349 eorum
923 2299 1222 2349 terrenum
1276 2302 1448 2359 esset,
1493 2296 1599 2352 sed
1654 2298 1798 2370 quia
1871 2299 2160 2370 prudentia

2299 2295 2354 2348 ἐκ
2377 2304 2464 2356 τῆς
2484 2304 2596 2367 γῆς,
2624 2293 2730 2345 ἀλλ’
2755 2295 2834 2346 ὅτι
2854 2295 2912 2344 τὸ
2936 2296 3173 2364 φρόνημα
3194 2288 3363 2341 αὐτῶν
3384 2291 3562 2358 γήϊνον
3584 2289 3672 2336 καὶ
3689 2281 3903 2355 φαῦλον.

519 2385 756 2440 illorum
795 2390 950 2438 esset
980 2389 1215 2440 terrena
1240 2392 1296 2439 et
1335 2401 1543 2456 prava.
1595 2389 1743 2442 Nam
1777 2392 1832 2442 et
1859 2387 2075 2442 Paulus
2106 2388 2160 2442 di

2301 2392 2401 2440 Καὶ
2433 2388 2457 2438 ὸ
2490 2384 2688 2445 Παῦλος
2717 2386 2842 2458 γὰρ,
2882 2381 3039 2454 λέγων
3074 2399 3084 2410 ·
3113 2379 3224 2431 Ούκ
3259 2377 3374 2430 ἐστὶ
3405 2375 3452 2428 ἐν
3486 2378 3644 2450 σαρκί
3672 2392 3684 2402 ·
3730 2374 3906 2446 σάρκα

519 2490 662 2530 cens
699 2474 864 2530 :Non
891 2473 1051 2530 estis.
1082 2489 1154 2528 ea:
1200 2490 1374 2530 carne
1405 2475 1452 2509 ⁸⁵
1484 2491 1727 2531 carnem
1755 2476 2011 2548 appellat
2050 2493 2160 2548 pru

1433 2477 1452 2509 ⁵
1484 2491 1727 2531 carnem
1755 2476 2011 2548 appellat
2050 2493 2186 2548 pru-
2298 2480 2352 2528 τό
2385 2478 2633 2548 σαρκικόν
2660 2479 2897 2546 φρόνημα
2919 2471 3071 2542 λέγει.

519 2563 788 2619 dentiam
824 2561 1147 2617 carnalem.

593 2652 758 2707 Vers.
787 2654 873 2708 '23.
899 2652 1008 2724 Ego
1037 2683 1103 2692 —
1135 2669 1285 2708 sum.
1332 2654 1419 2708 De
1466 2655 1598 2710 caelo
1635 2673 1647 2722 ;
1705 2670 1825 2710 non
1857 2655 2020 2728 quod
2061 2657 2187 2728 ipse

2370 2654 2504 2724 Ἐγὼ
2536 2685 2594 2693 -
2629 2652 2758 2724 εἰμί.
2789 2682 2857 2691 -
2887 2655 2974 2703 Ἐκ
3016 2654 3107 2700 τοῦ
3157 2645 3396 2721 ούρανοῦ,
3445 2641 3551 2715 οὐχ
3598 2642 3677 2693 ὅτι
3727 2637 3781 2691 ἐκ
3808 2646 3903 2691 τοῦ

520 2742 596 2799 de
621 2742 771 2798 caelo
805 2741 1083 2807 venisset,
1118 2743 1218 2797 sed
1248 2744 1393 2814 quia
1424 2744 1739 2815 prudentia
1769 2745 1898 2816 ejus
1933 2745 2154 2802 caelesti

2299 2744 2518 2817 οὐρανοῦ
2549 2743 2690 2809 ἧκεν,
2725 2739 2832 2793 ἀλλ’
2861 2740 2942 2792 ὅτι
2971 2742 3028 2790 τό
3069 2742 3310 2811 φρόνημα
3352 2733 3508 2786 αὐτοῦ
3536 2730 3771 2805 ούράνιον
3810 2732 3904 2780 καὶ

520 2838 754 2889 essetac
784 2832 1004 2887 divina.
1035 2831 1256 2887 Deinde
1289 2848 1614 2888 sermonem
1663 2851 1839 2890 suum
1882 2835 2160 2908 explanat

1592 2851 1614 2886 1
1663 2851 1839 2890 suum
1882 2835 2183 2908 explanat.
2301 2837 2452 2887 θεῖον.
2493 2829 2620 2887 Εἶτα
2648 2831 2921 2903 σαφηνίζει
2952 2832 3036 2880 τόν
3061 2827 3233 2898 λόγον.

596 2921 758 2976 Vers.
800 2924 890 2976 23.
932 2921 1036 2976 Vos
1067 2952 1132 2960 --
1163 2921 1290 2977 hoc.
1327 2922 1614 2977 Mundum
1644 2923 1738 2978 hic
1769 2924 1907 2979 dicit
1936 2907 2189 2980 munda-

2368 2924 2532 2996 Ὑμεῖς
2607 2953 2672 2962 —
2744 2924 2949 2972 τούτου.
3025 2923 3231 2989 Κόσμον
3307 2913 3528 2986 ἐνταῦθα
3616 2909 3752 2996 λέγει
3843 2907 3902 2957 τὸ

521 3026 683 3073 nam,
715 3026 966 3082 pravam
993 3026 1060 3065 ac
1114 3014 1407 3066 terrenam
1450 3012 1853 3082 prudentiam.
1899 3013 2161 3080 Quemad

2299 3017 2550 3085 κοσμικόν
2600 3016 2690 3063 καὶ
2753 3008 2940 3082 φαῦλον
2994 3012 3083 3058 καὶ
3139 3009 3320 3076 γήινον
3384 3007 3642 3076 φρόνημα.
3699 2995 3902 3067 Ὠσπερ

523 3100 773 3155 modum
806 3100 965 3154 enim
999 3099 1241 3171 spiritus
1273 3099 1508 3168 dicitur,
1542 3102 1864 3172 spiritualis
1894 3103 2164 3175 sapienti:

2298 3107 2398 3178 γὰρ
2430 3111 2632 3174 πνεῦμα
2655 3100 2856 3171 λέγεται
2885 3102 2942 3150 τὸ
2977 3097 3322 3168 πνευματικὸν
3361 3098 3621 3166 φρόνημα,
3651 3090 3736 3138 καὶ
3773 3083 3905 3157 σὰρξ

523 3196 579 3244 et
609 3206 768 3254 caro,
803 3190 1060 3245 carnalis
1094 3191 1211 3244 :ita
1237 3193 1295 3244 et
1337 3195 1490 3246 terra
1535 3208 1604 3246 ac
1645 3193 1930 3259 mundus,
1956 3199 2164 3249 terrena

2298 3198 2353 3246 τό
2388 3197 2636 3265 σαρκικόν
2673 3213 2682 3223 -
2714 3189 2848 3241 ούτω
2877 3192 2965 3239 καὶ
2994 3193 3061 3257 γῆ
3095 3189 3186 3236 καὶ
3216 3188 3415 3254 κόσμος
3457 3183 3516 3232 τό
3568 3183 3769 3250 γηίνον,
3814 3177 3905 3224 καὶ

2832 3274 2853 3278 _
3017 3277 3023 3278 ,
3221 3273 3232 3278 _
3323 3275 3332 3278 _
3416 3271 3428 3278 _
3510 3275 3528 3278 ς
3739 3273 3755 3278 _.
3824 3263 3842 3278 η

522 3295 590 3332 ac
624 3278 952 3334 mundana.
989 3278 1080 3334 Ait
1137 3295 1277 3348 ergo
1312 3303 1322 3333 :
1360 3282 1476 3352 Ego
1508 3297 1630 3337 non
1662 3283 1814 3337 sicut
1843 3299 1952 3338 vos
1994 3283 2163 3356 sapio

2299 3288 2569 3355 κοσμικόν.
2602 3285 2766 3338 Φησὶν
2797 3274 2884 3330 οὖν
2911 3279 2991 3329 ὄτι
3015 3277 3147 3346 Ἐγὼ
3178 3273 3284 3344 οὐχ
3310 3275 3377 3334 ὡς
3407 3271 3549 3342 ὑμεῖς
3597 3273 3782 3340 φρονῶ,
3823 3271 3906 3314 ἱνα

523 3373 588 3423 ut
614 3385 707 3422 me
740 3369 940 3439 ipsum
989 3368 1364 3425 interﬁciam.

1213 3370 1340 3424 ιὶἃω
1353 3412 1364 3425 .
2302 3372 2584 3424 ἀποκτείνω
2611 3369 2828 3442 ἐμαυτόν
2848 3415 2854 3421 .

595 3459 758 3513 Vers.
790 3462 877 3513 21.
911 3458 1046 3514 Dixi
1070 3490 1138 3497 —
1169 3459 1397 3515 vestn's.
1431 3460 1642 3516 Adhuc
1673 3477 1774 3518 eos
1814 3467 2066 3519 exterret
2095 3479 2190 3519 vo-

2372 3459 2530 3516 Εἶπον
2589 3441 2657 3500 -έ
2711 3460 2875 3531 ὑμῶν.
2924 3455 3044 3510 Ἔτι
3089 3451 3291 3525 ἐκφοϐεῖ
3349 3449 3541 3508 αύτούς
3595 3441 3904 3518 βουλόμενος

521 3547 653 3602 lens
680 3548 1062 3618 persuadere.

855 3548 1062 3603 .adere.
2297 3560 2496 3605 πεῖσαι.

595 3637 756 3692 Vers.
785 3636 874 3692 24.
909 3637 971 3692 Si
1025 3637 1181 3694 enim
1223 3670 1292 3678 —
1349 3639 1576 3705 vestris,
1630 3641 1700 3697 Si
1729 3657 1844 3696 non
1873 3642 2186 3699 credideri-

2372 3643 2477 3694 Κᾶν
2506 3640 2619 3711 (39)
2649 3669 2713 3679 --
2745 3639 2907 3709 ὑμῶν.
2939 3634 3057 3687 Ἐἀν
3087 3636 3158 3705 μὴ
3192 3630 3512 3686 πιστεύσητε
3536 3626 3616 3678 ὅτι
3643 3622 3741 3694 ἐγώ
3773 3619 3897 3711 εἰμι,

525 3727 614 3795 tis,
641 3726 796 3795 quod
843 3741 946 3796 ego
995 3727 1122 3792 sim,
1198 3727 1469 3783 videlicet
1497 3727 1760 3785 Christus
1832 3730 2013 3786 Filius
2064 3732 2159 3787 Dei

2303 3707 2569 3789 δηλαδηό
2620 3707 2851 3800 Χριστὸς
2891 3726 2916 3776 ό
2965 3723 3084 3784 Υἱὸς
3125 3728 3217 3774 τοῦ
3266 3724 3414 3783 Θεοῦ,
3466 3712 3808 3767 ἀποθανεῖσθε
3855 3707 3903 3760 ἐν

518 3814 856 3872 moriemini
879 3816 940 3870 in
960 3817 1209 3886 peccatis
1236 3820 1462 3888 vestris,
1499 3818 1721 3874 detenti
1769 3824 1846 3875 ab
1890 3821 1992 3876 eis.
2037 3821 2159 3878 Nan

2297 3829 2415 3881 ταῖς
2444 3819 2726 3891 ἁμαρτίαις
2757 3817 2919 3887 ὑμῶν,
2965 3816 3305 3884 συνεχόμενοι
3350 3802 3644 3880 αύταίςςο
3687 3802 3788 3872 γὰρ
3829 3801 3900 3869 μὴ

521 3903 621 3975 qui
661 3917 783 3959 non
802 3904 1136 3968 crediderit,
1158 3912 1210 3962 et
1243 3923 1347 3978 per
1375 3906 1746 3978 baptismum
1783 3925 1819 3965 a
1850 3910 2027 3966 sorde
2058 3926 2162 3983 pec

2297 3913 2602 3978 πιστεύσας,
2653 3911 2743 3958 καὶ
2801 3901 2894 3957 διὰ
2944 3901 3311 3976 βαπτίσματος
3350 3895 3769 3963 ἀπολουσάμενος
3818 3891 3904 3939 τόν

522 3993 638 4050 cati
678 4009 800 4048 non
840 3993 1081 4049 ablutus
1113 3994 1309 4060 fuerit,
1345 3997 1592 4053 omnino
1623 3998 1682 4054 in
1731 3999 1831 4056 illa
1882 3981 2163 4057 morietur

2296 4000 2460 4076 ῥύπον
2499 4006 2598 4050 τῶν
2625 3996 2912 4069 ἁμαρτιῶν,
2945 3991 2992 4043 ἓν
3024 3991 3162 4060 αὐτῷ
3187 3990 3394 4048 πάντως
3424 3985 3785 4044 ἀποθανεῖται,
3816 3981 3907 4029 καὶ

520 4088 578 4138 et
608 4099 745 4138 cum
773 4098 844 4138 ea
883 4098 1203 4154 resurgens
1256 4085 1426 4141 dabit
1458 4102 1686 4158 pmnas.

1618 4104 1686 4143 ts.
2299 4090 2408 4163 μετ’
2441 4088 2602 4140 αὐτοῦ
2633 4085 2862 4145 ἀναστὰς
2889 4079 3047 4139 δίκην
3080 4077 3259 4132 δώσει.

593 4173 763 4228 Vers.
795 4175 886 4230 24.
943 4173 1239 4229 Dixerunt
1301 4205 1368 4216 —
1408 4157 1468 4232 es
1507 4175 1536 4230 i’
1570 4176 2020 4235 Subsannantes
2077 4181 2191 4236 hoc

2299 4157 2309 4163 -
2372 4178 2584 4250 Ἔλεγον
2615 4208 2683 4216 -
2709 4172 2753 4228 εἰ
2785 4194 2797 4243 ;
2833 4171 3164 4232 Φαυλίζοντες
3206 4175 3360 4220 τοῦτο
3391 4165 3580 4235 ἔλεγον,
3610 4162 3697 4212 καὶ
3727 4157 3909 4232 πειρά-

521 4260 798 4319 dicebant
840 4278 909 4318 ac
942 4266 1261 4319 tentantes.

849 4278 909 4318 ac
942 4266 1261 4319 tentantes.
2304 4273 2490 4332 ζοντες.

595 4351 760 4407 Vers.
789 4352 877 4406 25.
903 4352 980 4408 Ει
1019 4383 1088 4393 -
1117 4353 1290 4409 vobis.
1324 4353 1656 4410 Defectivus
1682 4361 1769 4412 est
1795 4373 1993 4414 sermo
2019 4360 2192 4431 juxta

2376 4363 2475 4412 Καὶ
2534 4390 2601 4398 -
2661 4358 2802 4428 ὑμῖν.
2861 4351 3209 4406 Ἐλλειπτικόν
3268 4349 3326 4400 τὸ
3382 4345 3528 4420 ῥῆμα
3587 4340 3702 4431 κατ’
3763 4333 3907 4431 ἦθος.

526 4446 881 4496 consuetum
914 4440 1196 4513 loquendi
1228 4443 1478 4498 modum
1513 4444 1622 4516 (Ιι).
1655 4445 1790 4502 Tale
1842 4453 1929 4502 est
1965 4428 2164 4505 autem

2299 4449 2366 4503 “0
2398 4446 2456 4501 δε
2494 4448 2628 4519 λέγει
2658 4449 2889 4499 τοιοῦτόν
2940 4441 3071 4494 ἐστι.
3121 4438 3292 4498 Ὀλως
3339 4436 3419 4488 ὅτι
3468 4436 3558 4485 καὶ
3598 4428 3735 4482 λαλῶ
3788 4428 3908 4524 ὑμῖν

525 4546 597 4586 ac
625 4531 672 4585 si
701 4529 921 4586 diceret
955 4547 966 4586 :
992 4533 1245 4588 Omnino
1278 4533 1648 4605 superﬂuum
1679 4542 1768 4592 est
1789 4537 1987 4604 etiam,
2025 4555 2166 4610 quo:

2307 4542 2538 4613 περιττόν
2586 4540 2725 4589 ἔστιν
2755 4553 2767 4565 ·
2816 4533 3015 4595 ἀνάξιοι
3057 4532 3159 4603 γὰρ
3213 4528 3330 4580 ἐστε
3376 4525 3565 4581 παντὸς
3610 4518 3792 4590 λόγον,
3844 4533 3910 4574 ως

527 4620 702 4676 vobis
733 4619 946 4692 loquar
979 4637 992 4688 ;
1027 4637 1168 4678 nam
1213 4624 1377 4678 omni
1435 4640 1714 4681 sermone
1769 4626 2002 4697 indigni
2029 4628 2168 4685 estis

979 4637 1168 4688 ;nam
1213 4624 1377 4678 omni
1435 4640 1714 4681 sermone
1769 4626 2002 4697 indigni
2029 4628 2188 4697 estis,
2303 4632 2610 4705 πειρασταί.

533 4713 732 4781 utpote
775 4714 1114 4766 tentatores.

603 4798 766 4854 Vers.
810 4803 898 4855 26.
955 4800 1142 4857 Multa
1179 4833 1250 4841 —
1278 4789 1566 4874 judicare.
1597 4804 1773 4861 Multa
1824 4806 1897 4862 de
1949 4808 2194 4864 vobisin

2381 4808 2551 4862 Πολλά
2609 4837 2673 4845 —-
2743 4808 2954 4880 κρίνειν.
3039 4797 3209 4852 Πολλά
3274 4791 3507 4866 δύναμαι
3576 4790 3688 4860 περὶ
3761 4790 3899 4853 υμῶν

529 4889 976 4946 accusationem
1016 4889 1212 4947 dicere
1265 4873 1526 4963 possem.
1560 4900 1614 4949 et
1660 4895 1930 4965 judicare
1981 4898 2055 4953 ad
2086 4915 2167 4970 pu

2308 4899 2475 4952 λαλεῖν
2515 4897 2585 4957 εἰς
2627 4897 2965 4966 κατηγορίαν,
3016 4895 3106 4941 καὶ
3158 4890 3346 4958 κρίνειν
3397 4883 3466 4944 εἰς
3518 4882 3572 4931 τό
3631 4873 3854 4970 κολάσαι⁵
3885 4889 3900 4904 ο

533 4977 817 5034 niendum
841 4994 853 5044 ;
879 4979 983 5034 sed
1004 4995 1166 5034 nunc
1188 4980 1343 5052 nolo,
1369 4983 1513 5054 quia
1534 5000 1641 5040 nec
1668 4987 1836 5041 Pater
1861 5003 2032 5043 meus
2055 4959 2174 5044 vult

2313 4990 2415 5042 ἀλλ’
2446 4988 2504 5040 ού
2539 4959 2797 5060 βούλομαι
2826 4990 2934 5046 νῦν,
2987 4976 3125 5032 διότι
3157 4971 3280 5028 mir)“:
3303 4975 3328 5024 ό
3374 4974 3554 5060 Πατήρ
3600 4984 3696 5060 μού
3733 4959 3912 5060 βοῦλι-

534 5067 807 5124 Praadixit
832 5067 1016 5136 enim,
1041 5069 1203 5140 quod
1229 5085 1348 5126 non
1378 5073 1601 5128 miserit
1627 5077 1777 5130 Deus
1796 5075 2004 5132 Filium
2020 5095 2175 5133 suun

2313 5098 2420 5133 ται.
2502 5055 2784 5149 Π-ροείρηκε
2849 5072 2952 5143 γὰρ
3025 5069 3105 5120 ὃτι
3156 5065 3249 5118 οὐκ
3303 5059 3599 5115 ἀπέστειλεν
3671 5055 3696 5106 ὁ
3767 5055 3914 5113 Θεός.

605 5245 652 5278 ⁵⁵
687 5246 854 5300 Rom.
887 5259 1003 5311 vm,
1034 5247 1086 5299 9.

1748 5401 1965 5472 Variae
2011 5405 2346 5477 lectiones
2402 5418 2467 5476 et
2505 5416 2706 5476 notae.

608 5565 721 5641 (138)
747 5567 1122 5641 Ἐλευθερῶσαι
1147 5569 1215 5622 Α.

606 5638 723 5713 (39)
755 5640 897 5697 Vide
927 5638 1221 5698 variantes
1267 5640 1549 5700 lectiones
1578 5643 1757 5700 codd.
1791 5643 2094 5719 Euthymii
2124 5649 2183 5706 in
2220 5650 2418 5724 operis
2443 5647 2740 5723 principio
2772 5649 3025 5704 notatas.

611 5789 901 5863 (h)Ju1'ta
932 5817 995 5829 --
1027 5786 1285 5843 modum.
1312 5789 1378 5842 Et
1408 5792 1693 5855 moratus,
1722 5807 1846 5859 seu,
1903 5792 2005 5864 qui
2042 5808 2238 5851 mores
2268 5793 2562 5869 exprimit.
2593 5793 2884 5867 Interpres
2913 5791 2997 5848 ita
3031 5804 3102 5847 ac
3129 5787 3176 5844 si
3207 5786 3414 5859 legerit
3430 5783 3566 5838 κατὰ
3589 5781 3648 5835 τὸ
3672 5779 3811 5844 ἔθος,
