4156 6398
287 378 431 437 1289

1334 381 1704 437 UOMMENT.
1750 383 1816 437 IN
1856 382 2206 441 JOANNEM.
2253 416 2316 425 -
2358 385 2512 441 CAP.
2561 386 2700 441 VIII.

3535 392 3672 446 1290

286 506 375 555 τόν
405 506 524 557 Υἰόν
555 502 715 556 αὐτοῦ
756 504 826 566 εἰς
854 507 940 557 τὸν
970 507 1165 578 κόσμον
1198 508 1281 558 ἵνα
1335 511 1479 580 κρίνῃ
1531 510 1617 559 τὸν
1670 511 1887 579 κόσμον,

2023 526 2061 565 n
2094 511 2410 573 mundum,
2469 514 2532 565 ut
2556 509 2785 581 judicet
2827 512 3143 581 mundum,
3175 513 3279 570 sed
3308 518 3371 570 ut
3410 515 3669 573 salvetur

288 591 401 645 ἀλλ’
434 594 517 644 ἵνα
550 595 691 665 σωθῇ
726 594 968 666 ὁκόσμος
999 591 1032 646 δ
1039 595 1071 646 ι’
1098 595 1279 650 αὐτοῦ.

363 682 500 736 Ἀλλ’
531 714 599 722 -
630 681 761 737 ἐστι.
797 714 861 724 -
909 684 1123 756 Πέμψας
1165 705 1247 757 με,
1283 689 1353 757 μὴ
1395 693 1568 759 κρῖναι
1608 694 1715 751 νῦν,
1763 685 1892 739 ἀλλὰ

290 780 483 826 σῶσαι.
513 770 580 823 ’Ἠ
611 770 810 833 ἀληθής
840 772 1002 839 ἐστιν,
1036 772 1293 846 ὀνομάσας
1319 794 1381 848 με
1408 783 1512 847 φῶς
1541 782 1631 827 τοῦ
1661 780 1889 847 κόσμου.

288 858 431 915 ’ἰδοῦ
467 864 593 935 γὰρ,
625 866 775 934 φησὶ,
804 864 1006 915 τέθεικά
1030 882 1087 915 σε
1125 863 1191 923 εἰς
1222 872 1324 936 φῶς
1356 861 1530 931 ἐθνῶν,
1564 867 1633 925 ῶς
1656 864 1891 937 ἀνωτέρω

288 947 606 1009 δεδήλωται.

366 1040 521 1113 Κὰγω
586 1072 654 1082 -
718 1045 935 1115 κόσμον.
1002 1042 1246 1095 Ἤκουσα
1304 1043 1427 1117 παρ’
1484 1042 1643 1095 αὐτοῦ
1701 1045 1765 1095 τά
1837 1062 1892 1095 τε

287 1130 439 1195 ἄλλα,
471 1134 561 1181 καὶ
587 1131 666 1181 ὅτι
688 1130 789 1203 εἰμὶ
820 1139 925 1202 φῶς
955 1132 1133 1183 ἐθνῶν
1182 1136 1271 1183 καὶ
1303 1129 1441 1183 εἷπον
1467 1133 1532 1183 τά
1558 1150 1610 1183 τε
1650 1131 1779 1183 ἄλλα
1804 1138 1892 1183 καὶ

286 1222 369 1271 ὅτι
398 1219 496 1291 ἐγώ
539 1219 647 1292 εἰμι
678 1223 733 1271 τὸ
764 1229 869 1292 φῶς
898 1228 990 1273 τοῦ
1019 1226 1243 1293 κόσμου.
1278 1220 1343 1276 Ὀ
1368 1218 1455 1273 οὖν
1482 1224 1707 1286 ἤκουσα,
1740 1228 1890 1272 τοῦτο

288 1307 453 1363 εἶπον.

362 1398 473 1451 Οὐκ
504 1431 571 1438 -
602 1397 790 1470 ἔλεγεν.
838 1398 948 1451 Οὐκ
990 1401 1221 1471 ἔγνωσαν
1266 1400 1345 1452 ὅτι
1386 1405 1501 1475 περὶ
1552 1407 1643 1451 τοῦ
1689 1402 1893 1474 [ἰατρὸς

288 1488 464 1549 αὐτοῖς
512 1487 670 1560 ὒεγε,
746 1496 837 1540 τοῦ
891 1491 1041 1561 φύσει
1098 1493 1303 1563 Πατρός
1351 1489 1531 1543 αὑτοῦ.
1587 1490 1739 1549 Εἰκὸς
1789 1492 1890 1562 γὰρ

290 1579 480 1639 αὐτοὺς
520 1575 790 1649 διαπορεῖν
821 1582 950 1649 πρὸς
998 1576 1270 1645 ἀλλήλους,
1312 1579 1573 1651 λέγοντας,
1615 1583 1707 1639 Τίς
1752 1577 1891 1630 ἐστιν

288 1670 317 1720 ὀ
374 1667 584 1739 πέμψας
629 1668 783 1720 αὐτόν
814 1685 826 1733 ;
860 1672 1034 1720 καίτοι
1080 1668 1322 1729 πολλάκις
1386 1669 1565 1729 αὐτοῖς
1616 1664 1889 1739 διειλέχθη

286 1762 409 1829 ’περὶ
461 1757 672 1811 ἐκείνου.
724 1764 985 1809 Τοσοῦτον
1055 1764 1344 1831 προσεῖχον
1403 1764 1511 1819 τοῖς
1569 1756 1746 1827 λόγοις
1803 1757 1893 1807 αῦ-

2002 602 2263 655 mundus
2294 616 2399 670 per
2429 615 2567 655 eum
2599 601 2667 653 ⁸⁸.

2076 691 2230 744 Vers.
2265 692 2353 743 26.
2385 688 2500 744 Sed
2528 719 2593 729 —
2614 695 2714 745 est.
2740 721 2804 730 —
2832 690 2944 757 Qui
2964 693 3121 748 misit
3146 707 3257 757 me,
3282 708 3403 749 non
3430 701 3669 750 utnunc

1995 778 2281 849 judicem,
2330 777 2435 831 sed
2489 782 2551 832 ut
2590 776 2835 833 salvem.
2875 782 2990 835 Aut
3018 795 3207 837 verax
3236 788 3342 848 est,
3401 798 3540 838 cum
3573 798 3670 837 me

2002 868 2186 922 lucem
2235 866 2445 921 mundi
2484 866 2835 923 nominavit.
2876 868 3047 936 Ecce,
3089 870 3304 942 inquit.
3331 870 3496 941 posui
3528 876 3581 927 te
3604 871 3667 928 in

2002 958 2190 1012 lucem
2222 957 2490 1025 gentium
2526 957 2593 1022 ⁵⁷,
2628 955 2801 1013 veluti
2821 958 3094 1029 superius
3125 959 3523 1027 signiﬁcatum
3553 967 3664 1015 est-

2074 1046 2237 1100 Vers.
2271 1046 2358 1098 26.
2412 1044 2484 1098 Et
2514 1060 2613 1115 ego
2660 1077 2716 1085 -—
2757 1047 2992 1102 mundo.
3036 1047 3247 1103 Audivi
3280 1047 3358 1103 ab
3397 1064 3466 1103 eo
3497 1049 3668 1105 etiam

2002 1135 2116 1190 hoc
2154 1134 2305 1189 inter
2355 1133 2491 1197 alia,
2534 1134 2698 1205 quod
2740 1150 2851 1204 ego
2882 1135 2996 1191 sim
3054 1136 3157 1191 lux
3214 1138 3482 1206 gentium
3540 1156 3553 1204 ;
3611 1143 3669 1195 et

2002 1226 2150 1279 inter
2176 1224 2293 1279 alia
2314 1221 2491 1277 etiam
2519 1223 2632 1278 hoc
2661 1224 2803 1289 dixi,
2829 1226 2994 1297 quod
3022 1240 3133 1295 ego
3159 1226 3273 1282 sim
3294 1227 3397 1282 lux
3431 1228 3661 1283 mundi.

2004 1314 2169 1379 Quod
2196 1326 2339 1381 ergo
2374 1311 2600 1377 audivi,
2635 1312 2748 1368 hoc
2787 1312 2932 1368 dixi.

2074 1403 2235 1458 Vers.
2278 1402 2372 1457 27.
2436 1400 2560 1456 Non
2614 1432 2681 1442 ——
2730 1402 2982 1459 dicebat.
3044 1406 3171 1459 Non
3229 1410 3661 1477 cognoverunt,

2002 1491 2163 1564 quod
2205 1490 2278 1544 de
2328 1489 2498 1544 Patre
2551 1490 2631 1545 eis
2661 1490 2916 1556 dicebat,
2952 1491 3057 1564 qui
3090 1492 3204 1547 sibi
3262 1499 3468 1549 natura
3504 1497 3668 1549 Pater

2003 1587 2174 1637 esset.
2230 1577 2565 1634 Verisimile
2592 1580 2752 1636 enim
2793 1586 2899 1644 est,
2941 1580 3108 1653 quod
3145 1580 3489 1637 dubitantes
3518 1582 3669 1638 inter

2003 1687 2064 1725 se
2102 1668 2398 1741 rogabant
2426 1684 2437 1721 :
2467 1667 2611 1735 Quis
2651 1675 2757 1735 est,
2790 1669 2893 1740 qui
2925 1669 3083 1724 misit
3106 1670 3270 1725 illum
3298 1668 3325 1724 ?
3353 1672 3528 1743 Atqui
3559 1671 3671 1727 fre-

2000 1768 2251 1832 quenter
2299 1764 2382 1817 eis
2434 1762 2509 1817 de
2553 1760 2653 1815 illo
2702 1758 3083 1814 disseruerat.
3138 1759 3308 1828 Vide,
3357 1761 3670 1831 quomodo

286 1854 400 1912 τοῦ,
459 1845 647 1916 μᾶλλον
699 1842 779 1912 δὲ,
836 1855 1083 1899 τοσοῦτον
1148 1843 1283 1904 ἦσαν
1337 1845 1708 1921 φρενοϐλαϐεῖς.
1748 1846 1892 1899 Εἰκό-

2020 1850 2382 1905 sermonibus
2400 1852 2529 1921 ejus
2546 1848 2953 1911 attendebant,
2972 1849 3093 1903 imo
3116 1847 3335 1919 potius,
3358 1849 3668 1919 quomodo

290 1956 393 1997 τως
468 1932 554 1987 οὖν
609 1933 743 1988 εἶπεν
801 1935 996 1998 αὐτοῖς·
1056 1938 1162 1995 Τήν
1219 1934 1416 2009 ἀρχὴν,
1477 1938 1557 1989 ὅτι
1610 1941 1699 1989 καὶ
1758 1935 1892 1988 λαλῶ

290 2027 433 2097 ὑμῖν.

364 2112 516 2167 Εἶπεν
563 2144 633 2155 -
672 2114 797 2187 εἰμι.
851 2113 1012 2168 Ὀταν
1050 2116 1350 2187 κρεμάσητέ
1398 2134 1460 2187 με
1511 2118 1580 2176 ὡς
1626 2116 1894 2187 ἄνθρωπον

292 2202 376 2256 ἰπὶ
409 2211 660 2278 σταυροῦ,
700 2209 813 2256 τότε
864 2206 1128 2275 γνώσεσθε
1158 2207 1239 2257 ὅτι
1287 2203 1387 2276 ἐγώ
1432 2204 1557 2277 εἰμι,
1600 2201 1840 2262 δηλονότι
1870 2206 1894 2255 ό

292 2294 416 2355 Υἱὸς
455 2300 545 2345 τοῦ
596 2300 728 2347 Θεοῦ
775 2299 865 2346 καὶ
915 2298 1059 2353 Θεός.
1112 2292 1201 2356 Ὠς
1256 2297 1381 2354 Θεὸς
1432 2297 1530 2369 γὰρ
1587 2296 1758 2368 εἴρηκε
1814 2296 1894 2363 τὸ,

291 2382 427 2453 Ἐγω
512 2383 637 2455 εἰμι.
699 2385 966 2436 Γνῶσεσθε
1018 2380 1078 2436 δε
1138 2391 1293 2435 τοῦτο
1344 2382 1446 2435 ἀπό
1509 2402 1563 2435 τε
1631 2392 1729 2435 τῶν
1807 2402 1899 2441 τη-

291 2480 514 2524 νικαῦτα
691 2477 1045 2544 γενησομένων
1097 2470 1476 2547 ἀναντιῤῥήτων
1528 2477 1775 2544 σημείων,
1807 2477 1897 2525 καὶ

295 2559 398 2613 ἀπὸ
451 2569 546 2624 τῆς
602 2560 655 2613 ἐκ
711 2570 900 2636 νεκρῶν
963 2560 1293 2621 ἀναστάσεως
1351 2580 1473 2633 μου,
1523 2567 1607 2613 ναὶ
1659 2565 1761 2633 μὴν
1808 2567 1899 2614 καὶ

296 2649 399 2702 ἀπὸ
442 2658 537 2712 τῆς
589 2653 761 2703 ἔκτοτε
804 2650 1235 2723 καταληψομένης
1299 2654 1358 2702 τό
1411 2654 1554 2721 γένος
1604 2660 1704 2702 τῶν
1762 2652 1899 2704 Ἰου-

297 2736 462 2791 δαίων
514 2742 805 2812 θεομηνίας.
849 2742 996 2793 Μετὰ
1036 2743 1134 2812 γὰρ
1188 2744 1247 2792 τό
1297 2742 1665 2814 σταυρωθῆναι
1720 2740 1895 2805 αὐτόν,

295 2835 386 2881 καὶ
424 2831 665 2900 γενέσθαι
713 2832 778 2881 τὰ
818 2828 1009 2901 φοϐερὰ
1046 2827 1213 2881 ἐκεῖνα
1267 2836 1477 2900 σημεῖα,
1527 2833 1715 2902 γράφει
1768 2834 1899 2882 Λου-

296 2926 391 2981 κᾱις
442 2920 521 2971 ὅτι
564 2923 653 2971 καὶ
701 2921 882 2978 πάντες
939 2921 988 2970 οἱ
1033 2924 1546 2992 συμπαραγενόμενοι
1612 2917 1764 2990 ὄχλοι
1817 2916 1899 2969 ἐπὶ

297 3014 393 3065 τήν
496 3010 710 3083 θεωρίαν
800 3012 1016 3074 ταύτην,
1111 3011 1416 3082 θεωροῦντες
1497 3011 1564 3061 τὰ
1634 3014 1898 3081 γενόμενα,

297 3102 573 3159 τύπτοντες
629 3098 821 3151 ἑαυτῶν
878 3101 944 3151 τὰ
1003 3101 1172 3157 στήθη
1231 3101 1564 3172 ὑπέστρεφον.
1633 3097 1901 3170 Ἐγνωσαν

2004 1946 2201 1995 mente
2230 1942 2387 2011 capti
2419 1944 2613 1996 erant.
2654 1938 2850 1994 Merito
2880 1952 3023 2008 ergo
3070 1936 3217 1993 dixit
3248 1936 3358 1992 illis
3401 1955 3414 1992 :
3451 1939 3521 1995 In
3546 1940 3671 2008 pri-

2004 2030 2111 2084 mis
2132 2030 2287 2100 quod
2315 2031 2491 2085 etiam
2527 2030 2744 2100 loquar
2770 2026 2929 2081 vobis
2956 2028 3026 2081 ⁵⁸.

2076 2120 2238 2173 Vers.
2297 2119 2384 2174 28.
2434 2118 2593 2173 Dixit
2649 2146 2720 2157 ——-
2755 2117 2886 2171 sim.
2917 2116 3061 2171 Cum
3114 2115 3544 2187 suspenderitis
3573 2133 3668 2173 me

2004 2208 2177 2281 quasi
2213 2208 2520 2263 hominem
2552 2206 2609 2261 in
2645 2222 2839 2270 cruce,
2874 2210 3015 2259 tunc
3046 2205 3447 2277 cognoscetis,
3499 2206 3667 2277 quod

2005 2313 2138 2366 ego,
2168 2298 2301 2363 sim,
2344 2296 2614 2351 videlicet
2648 2294 2823 2351 Filius
2873 2293 2969 2349 Dei
3024 2300 3081 2349 et
3130 2293 3306 2349 lJeus.
3363 2298 3511 2350 Nam
3540 2300 3671 2351 tan-

2006 2404 2189 2459 quam
2217 2389 2365 2442 Deus
2394 2387 2539 2441 dixit
2572 2408 2584 2441 :
2608 2386 2727 2456 Ego
2757 2384 2888 2439 sim.
2922 2384 3301 2452 Cognoscetis
3329 2392 3531 2439 autem
3554 2384 3671 2440 hoc

2007 2492 2045 2533 a
2094 2476 2301 2546 signis,
2334 2492 2470 2548 quae
2520 2479 2660 2529 tunc
2704 2474 2865 2539 ﬁent,
2899 2473 3112 2543 quibus
3164 2472 3488 2528 contradici
3547 2489 3671 2528 non

2008 2568 2237 2638 poterit,
2291 2572 2346 2620 et
2391 2581 2427 2619 a
2478 2563 2903 2619 resurrectione
2938 2578 3073 2617 mea
3101 2578 3136 2617 a
3182 2562 3471 2617 mortuis:
3506 2562 3675 2617 insu-

2006 2671 2113 2728 per
2142 2655 2320 2710 etiam
2362 2653 2439 2709 ab
2470 2654 2558 2709 ira
2587 2652 2813 2716 divina,
2854 2667 2988 2723 quae
3016 2657 3155 2707 tunc
3186 2667 3374 2721 genus
3406 2667 3676 2723 compre-

2006 2744 2230 2800 hendet
2253 2744 2619 2798 Iudaeorum.
2650 2740 2960 2813 Siquidem
2983 2745 3307 2811 postquam
3330 2740 3497 2795 illum
3531 2757 3671 2795 cru-

2009 2833 2322 2889 ciﬁxerunt
2352 2839 2409 2887 et
2438 2831 2735 2902 stupenda
2760 2830 2860 2885 illa
2892 2829 3067 2898 signa
3099 2828 3258 2885 facta
3288 2834 3440 2896 sunt,
3475 2829 3678 2885 scribit

2010 2923 2284 2987 Lucas",
2306 2921 2473 2992 quod
2502 2936 2712 2975 omnes
2732 2918 2934 2982 turbae,
2950 2933 3087 2989 quae
3101 2918 3279 2972 simul
3300 2922 3677 2973 accesserant

2011 3011 2089 3066 ad
2143 3009 2542 3082 spectaculum
2574 3008 2752 3069 istud.
2787 3012 2842 3062 et
2890 3005 3194 3071 videbant,
3236 3022 3372 3077 quae
3425 3006 3673 3071 ﬁebant,

2012 3098 2408 3170 percutientes
2441 3102 2680 3170 pectora
2708 3112 2819 3151 sua
2845 3094 3313 3151 revertebantur.
3346 3094 3678 3165 Cognosce-

294 3191 390 3261 μὲν
446 3190 546 3261 γὰρ
600 3189 677 3239 ὅτι
741 3190 868 3247 θεῖος
922 3189 1189 3261 ἄνθρωπος
1249 3192 1401 3250 ὅντως
1454 3185 1536 3255 ήν,
1612 3194 1702 3240 καὶ
1773 3206 1901 3259 συμ-

2020 3189 2159 3245 bant
2184 3188 2364 3252 enim,
2415 3186 2581 3259 quod
2629 3201 2763 3240 vere
2810 3184 3049 3238 divinus
3080 3184 3264 3239 homo
3295 3189 3470 3251 esset,
3496 3188 3552 3239 et
3593 3182 3677 3239 illi

293 3279 503 3349 πάσχει
545 3276 683 3347 αὐτῷ
732 3278 761 3335 ἡ
795 3281 985 3344 κτίσις,
1041 3282 1112 3349 μή
1146 3282 1376 3351 φέρουσα
1412 3282 1470 3330 τό
1518 3280 1676 3339 πάθος
1724 3277 1900 3329 αὐτοῦ’

296 3372 369 3440 μή
421 3366 699 3437 τολμῶντες
745 3362 803 3418 δε
851 3366 1017 3419 λαλεῖν
1076 3363 1171 3419 διὰ
1220 3371 1308 3419 τόν
1358 3365 1510 3439 φόϐον
1567 3376 1666 3419 τῶν
1715 3364 1906 3441 ἀρχόν-

296 3474 422 3519 των,
457 3458 673 3508 ἔτυπτον
712 3458 777 3508 τὰ
807 3457 971 3514 στήθη
1020 3455 1207 3527 αὐτῶν,
1254 3461 1586 3527 σημαίνοντες
1632 3461 1726 3514 τήν
1765 3456 1907 3517 ἐντὸς

298 3541 515 3602 ὀδύνην.
584 3543 910 3597 ’Υπώπτευον
966 3548 1063 3616 γὰρ
1131 3547 1211 3597 ὅτι
1264 3549 1421 3597 κακὸν
1491 3544 1771 3603 ἀνήκεστον
1847 3548 1905 3597 τὸ

295 3638 445 3707 γένος
493 3633 629 3686 ἇπαν
666 3639 900 3687 πείσεται
944 3631 1017 3686 δι’
1057 3634 1232 3688 αὐτόν.
1287 3640 1387 3687 Καὶ
1432 3637 1534 3707 γὰρ
1579 3640 1667 3687 καὶ
1720 3637 1745 3686 ό
1793 3634 1906 3687 ἐκα-

295 3728 592 3796 τόνταρχος
646 3728 737 3776 καὶ
774 3726 823 3775 οἱ
866 3725 978 3797 μετ’
1018 3723 1178 3777 αὐτοῦ
1214 3732 1484 3797 τηροῦντες
1537 3728 1622 3777 τὸν
1679 3724 1902 3789 Ἰησοῦν,

300 3812 370 3872 ὦς
426 3831 557 3884 φησι
613 3814 903 3879 Ματθαίος,
966 3809 1164 3874 ἰδόντες
1215 3814 1331 3884 (41)
1389 3816 1455 3865 τὰ
1498 3817 1746 3885 γενόμενα
1797 3811 1907 3884 ἐφο-

301 3899 545 3959 ϐήθησαν
600 3897 827 3977 σφόδρα,
883 3901 1129 3973 λέγοντες
1196 3902 1421 3963 Ἀληθῶς
1475 3911 1607 3956 Θεοῦ
1666 3905 1788 3963 Υἱός
1845 3898 1907 3959 ἧν

300 3990 475 4051 οὗτος.

379 4079 535 4133 Ἀλλὰ
583 4085 672 4133 καὶ
704 4080 853 4133 αὐτοὶ
897 4082 947 4132 oi
993 4082 1250 4155 ἄρχοντες
1296 4090 1396 4133 τῶν
1430 4078 1699 4135 Ἰουδαίων
1749 4084 1909 4153 ἔγνω-

306 4188 405 4223 σαν
432 4174 546 4222 τότε
590 4170 667 4222 ὃτι
715 4177 848 4223 Θεοῦ
898 4173 1019 4231 Υἱός
1064 4167 1145 4237 ἦν,
1180 4175 1271 4222 καὶ
1320 4174 1471 4239 Θεὸς,
1513 4171 1556 4223 εἰ
1612 4176 1702 4223 καὶ
1748 4190 1908 4223 ττεποι⁴

302 4266 505 4317 τήκασι
534 4263 628 4317 τήν
676 4256 983 4318 συνείδησιν
1024 4260 1218 4312 ἑαυτῶν
1271 4256 1344 4312 δι’
1385 4260 1674 4333 ὑπερϐολήν
1722 4262 1908 4332 φθόνον

2014 3282 2452 3348 compateretur
2477 3281 2746 3332 creatura
2776 3290 2786 3329 :
2826 3290 2964 3330 cum
2998 3280 3195 3327 autem
3224 3272 3384 3344 loqui
3420 3289 3541 3327 non
3573 3288 3677 3327 au-

2015 3368 2219 3422 derent
2273 3372 2510 3437 propter
2551 3364 2813 3418 timorem
2872 3361 3221 3433 principum,
3264 3361 3680 3432 percutiebant

2016 3461 2253 3528 pectora
2277 3470 2404 3523 sua,
2432 3453 2837 3523 signiﬁcantes
2866 3450 3138 3506 dolorem
3168 3449 3531 3505 interiorem.
3565 3449 3676 3504 Su-

2017 3543 2402 3617 spicabantur
2434 3556 2692 3612 namque
2732 3540 2999 3594 futurum
3040 3554 3187 3607 esse,
3222 3541 3286 3593 ut
3320 3536 3543 3592 malum
3571 3537 3680 3593 a11-

2015 3635 2177 3707 quod
2193 3631 2621 3688 irremediabile
2638 3636 2877 3702 propter
2889 3628 3042 3683 illum
3056 3643 3227 3683 omne
3243 3643 3433 3697 genus
3448 3626 3474 3680 J
3486 3628 3684 3683 udaeo-

2014 3740 2149 3779 rum
2205 3725 2566 3778 concuteret.
2610 3720 2758 3775 Nam
2793 3724 2849 3774 et
2891 3718 3178 3783 centurio,
3212 3724 3269 3771 et
3295 3716 3393 3788 qui
3426 3732 3564 3771 cum
3610 3732 3682 3771 eo

2015 3817 2203 3878 erant,
2227 3812 2767 3877 servanteslesum,
2788 3812 2850 3864 ut
2870 3807 2950 3863 ait
2974 3806 3300 3873 Mattliaeus,
3333 3821 3472 3861 cum
3501 3805 3682 3860 vidis-

2018 3908 2146 3958 sent
2166 3917 2301 3972 quee
2323 3900 2567 3966 ﬂebant,
2589 3898 2967 3953 vehementer
2987 3896 3164 3953 territi
3191 3901 3347 3961 sunt,
3372 3895 3637 3951 dicentes
3666 3914 3680 3953 :

2025 3991 2166 4049 Vere
2194 3990 2385 4047 Filius
2428 3990 2525 4044 Dei
2552 3994 2674 4043 erat
2712 3987 2822 4043 iste
2859 3988 2928 4040 ⁶⁰.

2092 4081 2200 4137 Sed
2259 4087 2316 4134 et
2360 4077 2473 4149 ipsi
2514 4076 2813 4148 principes
2870 4074 3214 4130 Iudaeorum
3265 4077 3687 4141 cognoverunt

2020 4174 2158 4224 tunc
2188 4166 2352 4240 quod
2383 4166 2479 4221 Dei
2522 4164 2697 4219 Filius
2730 4167 2854 4218 erat
2875 4168 2931 4217 et
2961 4163 3134 4227 Deus,
3160 4177 3511 4233 quanquam
3542 4176 3678 4233 pio-

2020 4260 2214 4332 priam
2244 4256 2748 4313 conculcaverunt
2775 4252 3224 4315 conscientiam,
3258 4250 3692 4305 nimiainvidia

303 4353 397 4401 καὶ
459 4352 666 4421 μανίας.
744 4352 900 4420 Λέγει
968 4351 1069 4422 γὰρ
1146 4349 1299 4401 πάλιν
1356 4350 1382 4401 ό
1450 4352 1719 4412 Ματθαίος
1754 4365 1767 4377 ⁸
1830 4351 1901 4401 ὅτι

2021 4365 2091 4405 ac
2114 4347 2360 4402 insania.
2395 4346 2489 4401 Ait
2513 4345 2675 4400 enim
2706 4358 2936 4397 rursum
2970 4341 3275 4397 Mattheeus
3331 4355 3342 4394 :
3379 4340 3535 4395 Ecce
3563 4338 3689 4409 qui-

306 4435 452 4493 Ἰδού

303 4527 476 4599 πόλιν,
608 4527 930 4599 ἀπήγγειλαν
1053 4535 1164 4589 τοῖς
1258 4528 1594 4604 ἀρχιερεῦσιν

304 4619 375 4669 τὰ
402 4621 666 4689 γενόμενα.
716 4622 816 4669 Καὶ
848 4618 1196 4689 συναχθέντες
1224 4621 1356 4690 μετά
1396 4627 1493 4670 τῶν
1535 4616 1910 4693 πρεσϐυτέρων,

310 4704 628 4778 συμϐούλιόν
703 4724 757 4757 τε
816 4704 1077 4774 λαϐόντες,

309 4977 401 5026 καὶ
432 4974 498 5026 τὰ
526 4972 611 5037 ἐξῆ
622 4994 664 5037 ς.

547 4458 674 4499 τινες
748 4446 844 4500 τῆς
923 4435 1253 4501 κουστωδίας
1337 4438 1563 4502 ἐλθόντες
1661 4440 1731 4502 εἰς
1818 4444 1911 4498 τήν

1708 4530 1913 4582 ἅπαντα

1161 4704 1391 4781 ἀργύρια
1484 4710 1634 4759 ἱκανὰ
1712 4703 1913 4759 ἔδωκαν

308 4801 417 4855 τοῖς
452 4800 816 4870 στρατιώταις,
866 4794 1112 4867 λέγοντες
1169 4799 1379 4863 Εἴπατε,
1432 4797 1512 4849 ὅτι
1561 4798 1628 4853 Oi
1680 4798 1914 4868 μαθηταὶ

308 4883 473 4937 αὐτοῦ
491 4887 677 4947 νυκτὸς
703 4882 951 4949 ἐλθόντες,
973 4883 1189 4957 ἔκλεψαν
1211 4885 1367 4938 αὐτὸν
1394 4887 1423 4944 ἡ
1431 4894 1540 4959 μῶν
1561 4889 1913 4958 κοιμωμένων,

2020 4438 2159 4493 dam
2175 4436 2242 4491 de
2258 4434 2597 4491 custodibus
2616 4437 2901 4489 venerunt
2918 4431 2978 4485 in
2995 4430 3293 4485 civitatem
3309 4434 3361 4483 et
3381 4429 3691 4484 renuntia-

2024 4530 2227 4582 verunt
2247 4521 2620 4593 principibus
2646 4520 3017 4577 sacerdotum
3045 4518 3315 4573 universa
3331 4532 3459 4587 quae
3481 4516 3695 4572 accide-

2022 4620 2158 4671 rant
2182 4629 2194 4667 :
2214 4619 2268 4670 et
2286 4610 2624 4682 congregati
2645 4625 2777 4665 cum
2808 4607 3132 4664 senioribus
3151 4606 3399 4675 accepto
3431 4604 3688 4674 consitio,

2017 4704 2299 4776 pecunias
2330 4702 2547 4756 multas
2568 4699 2857 4755 dederunt
2884 4696 3163 4751 militibus
3191 4696 3449 4751 dicentes
3481 4695 3698 4750 :Diczte

2022 4792 2306 4865 Discipuli
2322 4793 2447 4860 ejus
2468 4796 2631 4845 nocte
2655 4789 2960 4851 venerunt,
2987 4788 3040 4841 et
3060 4785 3261 4855 furati
3277 4791 3414 4840 sunt
3437 4799 3569 4840 eum
3592 4798 3697 4840 no-

2026 4882 2106 4939 bis
2142 4879 2565 4939 dormientibus
2606 4879 2674 4945 ⁸³,
2707 4881 2766 4933 et
2795 4882 3030 4932 caetera.

386 5125 434 5162 ⁵⁸
458 5126 628 5184 Joan.
655 5142 736 5196 IIl,
761 5126 846 5184 t7.
922 5128 970 5165 ⁵⁷
996 5126 1114 5187 Isa.
1141 5144 1296 5197 xux,
1321 5130 1376 5186 6.
1453 5130 1501 5166 ⁵⁸
1539 5094 1713 5188 Joan.
1737 5130 1898 5195 vni,2

2035 5127 2082 5164 ⁵⁸
2112 5126 2251 5184 Luc.
2292 5140 2455 5192 XXIII,
2496 5120 2586 5180 48.
2687 5122 2735 5158 ⁸ο
2759 5117 2967 5178 Matth.
3002 5116 3329 5183 xxxvn,54.
3409 5116 3454 5153 ⁶¹
3483 5111 3693 5175 Matth.

310 5212 513 5265 xxvm,
559 5198 742 5257 tt-t3.

1547 5324 1768 5395 Variae
1798 5323 2126 5394 lectiones
2176 5330 2482 5392 etnotae.
2536 5320 2544 5327 ’

390 5438 502 5583 ἕω)
544 5439 846 5514 Γενόμένων,
878 5446 934 5498 Β.

412 5513 498 5581 41)
534 5516 633 5565 Τὸν
676 5515 911 5583 ,σεισμὸν

412 5512 911 5588 ᾇ1)Τὸν⁷.σεισμόν
963 5516 1054 5566 καί
1104 5513 1287 5570 iidem
1341 5514 1577 5571 codices
1624 5512 1925 5588 Euthymii

317 5584 597 5640 omittunt
613 5582 792 5659 etiam
809 5582 869 5659 in
888 5589 1175 5659 contextu
1188 5587 1349 5659 apud
1369 5588 1726 5643 Matthaaum.
1748 5582 1927 5659 Chry-

320 5660 623 5712 sostomus
643 5655 805 5711 hunc
822 5654 1022 5711 locum
1046 5654 1553 5727 negligentissime
1573 5664 1800 5723 tractat,
1818 5654 1927 5713 Lu-

319 5742 455 5785 cam
482 5726 704 5800 potius,
736 5741 924 5797 quam
953 5726 1273 5785 Mathaiuin
1304 5730 1727 5804 interpretans.
1758 5730 1927 5788 Vide-

650 5823 892 5884 PARTOL.
935 5823 1019 5884 Gn
1032 5869 1046 5887 .
1095 5825 1343 5889 CXXIX.

2039 5446 2184 5497 tom.
2216 5441 2329 5505 νη,
2360 5456 2418 5505 p.
2452 5440 2558 5495 826
2611 5440 2670 5493 E.
2716 5433 2920 5492 Caeteri
2952 5432 3191 5490 codices
3225 5431 3288 5487 N.
3331 5425 3704 5505 ‘Te‘stamenti

2037 5530 2174 5569 cum
2207 5498 2466 5579 schoiiis,
2509 5509 2848 5583 cujusmodi
2889 5506 2966 5583 ad
2999 5520 3218 5583 manus
3246 5498 3704 5583 habuit‘ljJ-uthy-

2036 5587 2216 5653 mius,
2244 5586 2359 5639 ista
2384 5573 2647 5638 servant.
2693 5580 2753 5635 Id
2770 5577 3126 5653 intelligitur
3157 5591 3228 5653 ex
3257 5589 3393 5653 mea
3416 5573 3698 5653 editione.

2039 5646 2523 5729 Ergo'Euthymii
2553 5651 2878 5710 auctoritas
2907 5649 3105 5706 valere
3162 5646 3277 5704 hoc
3311 5646 3445 5703 loco
3474 5646 3700 5716 nequit.

3382 5811 3446 5874 41
