4156 6402
577 366 708 423 1291

647 491 949 555 Praeterea,
984 504 1227 560 quoque
1265 486 1582 559 Josephus,
1623 485 1726 558 qui
1758 489 1812 541 et
1843 485 1970 557 ipse
1995 485 2233 540 Judaeus
2268 489 2310 540 Α

573 585 698 636 erat
723 579 1141 651 peritissimus,
1176 577 1444 632 scribens
1470 575 1840 631 calamitates
1867 575 2230 644 Judaaorum,

571 683 703 740 quas
734 669 812 723 ab
837 684 906 723 eo
933 673 1198 738 tempore
1225 672 1556 738 coeperunt,
1588 681 1657 720 ac
1691 665 2231 737 Hierosolymorum

570 757 991 829 captivitatem,
1027 756 1235 812 fatetur
1250 761 1491 826 propter
1517 756 1806 812 Christum
1827 753 2081 810 effusam
2106 771 2231 809 esse

569 847 857 902 adversus
905 863 1006 901 eos
1037 847 1302 900 divinam
1336 846 1483 900 iram
1516 861 1527 900 :
1563 853 1618 899 et
1643 844 1846 899 occisa
1875 859 2007 899 esse
2048 860 2082 899 a
2125 847 2231 899 Ro-

570 937 765 991 manis
805 943 921 991 tam
965 935 1152 990 multa
1188 934 1453 1006 ipsorum
1487 933 1689 989 millia.
1727 933 1838 998 Qui
1879 935 2059 998 enim,
2094 949 2228 988 cum

568 1040 668 1080 eos
699 1040 905 1080 curare
946 1024 1136 1090 vellet,
1173 1039 1485 1094 agnoscere
1536 1040 1668 1078 eum
1715 1023 2040 1086 noluerunt,
2092 1021 2228 1077 ideo

563 1112 756 1170 affecti
784 1113 1098 1186 supplicio,
1132 1114 1268 1185 quis
1287 1119 1440 1168 esset
1469 1118 1902 1182 cognoverunt.

637 1203 799 1259 Vers.
831 1205 918 1258 28.
949 1203 1022 1258 Et
1057 1235 1122 1244 —
1151 1204 1378 1274 loquor.
1412 1202 1560 1258 Nam
1588 1204 1632 1256 si
1660 1201 1806 1256 illud
1830 1207 1970 1258 tunc
2001 1216 2227 1271 cogno-

561 1292 780 1358 veritis,
832 1293 1080 1347 omnino
1120 1294 1300 1348 etiam
1332 1291 1446 1346 hoc
1486 1290 1706 1356 scietis,
1736 1291 1900 1362 quod
1929 1307 1964 1346 a
1995 1290 2224 1361 meipso

560 1381 715 1437 facio
744 1381 911 1445 nihil,
945 1380 1050 1435 sed
1079 1381 1284 1436 omnia
1320 1397 1455 1452 quae
1484 1380 1608 1434 vult
1638 1381 1805 1436 Pater
1841 1399 1852 1435 :
1879 1396 2014 1435 cum
2064 1380 2221 1435 enim

559 1469 802 1542 aequalis
839 1470 918 1525 illi
951 1469 1074 1533 sim,
1102 1471 1218 1524 haec
1253 1469 1385 1524 volo
1411 1486 1550 1541 quae
1575 1469 1667 1524 ille
1696 1468 1837 1535 vult,
1880 1485 2002 1524 una
2043 1469 2223 1537 siqui-

558 1561 696 1614 dem
729 1567 816 1615 est
863 1564 1157 1627 voluntas,
1190 1559 1345 1614 sicut
1379 1566 1435 1614 et
1467 1575 1585 1614 una
1612 1559 1876 1630 potentia
1925 1576 1936 1612 :
1971 1565 2026 1613 et
2057 1559 2221 1629 quod

559 1664 631 1702 ea
668 1665 802 1717 quae
849 1648 1052 1703 docuit
1111 1664 1225 1712 me,
1281 1649 1403 1703 haec
1454 1649 1711 1719 loquor;
1756 1665 1894 1702 nam
1930 1648 2026 1702 ille
2058 1663 2220 1702 mens

557 1743 664 1801 est,
715 1753 827 1806 ego
879 1743 1076 1791 autem
1141 1737 1414 1791 verbum.
1486 1738 1566 1792 De
1618 1737 1902 1808 operibus
1957 1752 2219 1808 namque

555 1827 699 1882 dixit
725 1827 903 1882 etiam
937 1827 1206 1897 superius
1233 1847 1246 1880 :
1274 1827 1404 1881 Non
1455 1842 1686 1896 possum
1708 1843 1806 1896 ego
1832 1828 2039 1894 facere
2069 1842 2105 1882 a
2132 1841 2220 1882 me
2256 1845 2298 1900 Β

553 1917 862 1987 quidquam
898 1917 943 1952 ⁶²
979 1933 992 1982 ;
1023 1922 1078 1972 et
1095 1916 1222 1985 lege
1245 1917 1424 1972 etiam
1456 1917 1594 1972 dicti
1623 1915 2218 1987 illiusintcrpretatio-

553 2023 714 2062 nem.
751 2009 827 2062 De
858 2007 1236 2061 sermonibus
1280 2023 1422 2062 vero
1453 2007 1665 2062 iterum
1695 2006 1837 2061 dixit
1869 2023 1881 2060 :
1918 2007 2046 2062 Mea
2075 2006 2215 2061 doc-

554 2096 713 2151 trina
732 2112 847 2152 non
877 2104 956 2151 est
987 2111 1110 2152 mea
1159 2097 1258 2152 sed
1311 2098 1436 2166 ejus
1481 2097 1590 2168 qui
1613 2096 1770 2152 misit
1804 2112 1889 2151 me
1930 2097 1976 2131 ⁶³
2013 2112 2026 2160 ;
2061 2101 2115 2150 et
2142 2095 2215 2149 de

553 2187 668 2242 hoc
698 2185 876 2241 etiam
908 2185 1036 2254 lege
1061 2185 1567 2257 explanationem.

625 2278 786 2330 Vers.
815 2280 907 2334 29.
961 2275 1038 2330 Et
1066 2307 1126 2318 ——
1177 2282 1278 2332 est.
1319 2278 1396 2330 Ne
1426 2281 1797 2347 putaremus,
1826 2274 1990 2347 quod
2024 2274 2217 2344 major

551 2370 709 2421 esset
759 2367 808 2421 is
856 2365 959 2437 qui
995 2365 1169 2430 misit,
1203 2370 1372 2420 curat
1409 2365 1759 2436 hujusmodi
1811 2365 2214 2435 suspicionem

549 2455 802 2510 dicens:
856 2456 1055 2526 thui
1105 2455 1253 2510 misit
1331 2472 1434 2520 me,
1495 2470 1721 2511 mecum
1786 2462 1887 2519 est,
1923 2459 2214 2525 tanquam

549 2544 980 2616 inseparabilis,
1015 2544 1253 2599 misisse
1283 2543 1581 2616 siquidem
1604 2543 2069 2615 dispensationis
2102 2547 2212 2606 est,

548 2650 678 2690 esse
705 2638 906 2689 autem
934 2649 1070 2688 cum
1097 2649 1168 2688 eo
1199 2633 1296 2705 qui
1323 2633 1502 2698 misit,
1527 2632 1892 2688 cohaerentia:
1915 2633 2039 2688 sive
2071 2649 2216 2687 con-

549 2723 980 2793 glutinationis.
1021 2726 1168 2779 Nam
1207 2731 1416 2778 sancta
1441 2722 1713 2788 Trinitas,
1746 2739 1875 2796 quae
1916 2723 2217 2795 aequaliter

550 2829 795 2869 omnem
815 2811 1021 2884 implet
1051 2812 1272 2878 locum,
1297 2828 1332 2868 a
1354 2811 1550 2884 seipsa
1590 2828 1711 2868 non
1753 2811 2104 2868 secernitur.

622 2903 785 2959 Vers.
816 2907 903 2958 29.
930 2903 1060 2959 Non
1111 2933 1180 2942 --
1211 2918 1451 2972 semper.
1491 2903 1547 2958 Si
1586 2903 1719 2968 hoc,
1778 2908 1838 2957 ut
1875 2901 2079 2967 homo,
2115 2901 2214 2966 ait,

549 2992 926 3049 tantumdem
958 2995 1050 3046 est
1075 3007 1145 3048 ac
1167 2991 1215 3047 si
1237 2992 1429 3048 dicat:
1455 2992 1623 3057 Quod
1649 3007 1788 3048 cum
1812 2993 1968 3046 Deus
1995 2991 2218 3064 ubique

456 3158 459 3160 _
552 3083 630 3138 sit
660 3083 834 3154 juxta
881 3082 1024 3137 illud
1057 3101 1070 3138 ε
1103 3083 1308 3138 Nonne
1347 3081 1548 3138 calum
1600 3087 1654 3139 et
1711 3089 1925 3138 terram
1965 3097 2068 3153 ego
2114 3082 2217 3137 im-

547 3174 731 3243 pleo“
761 3171 788 3227 τ
816 3174 1007 3243 magis
1046 3178 1247 3228 tamen
1296 3171 1356 3228 in
1390 3171 1486 3228 his
1535 3187 1664 3228 esse
1716 3171 1952 3241 dicitur,
2005 3171 2108 3244 qui
2147 3187 2217 3226 eo
2253 3213 2292 3270 Ε

549 3263 710 3333 digni
752 3269 916 3318 sunt.
986 3263 1043 3316 Si
1102 3267 1324 3329 autem,
1357 3266 1420 3317 ut
1454 3264 1604 3317 Deus
1656 3267 1940 3334 :prOpter
1993 3266 2216 3316 sanctas

547 3352 839 3408 Trinitatis
868 3351 1435 3424 inseparabilitatem
1463 3351 1576 3406 hoc
1607 3350 1765 3419 dicit,
1793 3367 1930 3423 qua;
1958 3350 2214 3423 propriis

550 3442 796 3514 quidem
828 3440 1214 3512 distinguitur
1233 3440 1530 3512 personis,
1559 3439 1765 3496 unitur
1783 3446 1984 3496 autem
2007 3439 2215 3496 divini-

549 3531 686 3588 tatis
716 3547 786 3586 ac
827 3530 1174 3586 substantia:
1214 3529 1538 3586 identitate.

623 3621 683 3675 Id
711 3636 849 3676 vero
908 3636 923 3675 :
969 3622 1106 3685 Quae
1134 3619 1356 3690 placita
1393 3625 1530 3674 sunt
1561 3620 1629 3686 ei,
1669 3619 1824 3690 facio
1849 3635 2093 3689 semper,
2123 3622 2217 3674 aut

551 3698 841 3781 tanquam
857 3708 935 3763 illi
951 3708 1237 3764 obediens
1256 3707 1591 3763 secundum
1604 3707 2035 3764 humanitatem
2054 3707 2212 3772 dicit,

551 3803 656 3854 aut
683 3804 968 3868 tanquam
996 3796 1076 3852 illi
1104 3796 1354 3868 aequalis
1378 3797 1710 3852 secundum
1745 3797 2113 3853 divinitatem
2147 3813 2217 3854 ac

552 3886 939 3943 voluntatem.
1001 3887 1169 3950 Quod
1208 3885 1256 3940 si
1288 3901 1360 3941 ea
1389 3901 1521 3957 quae
1555 3884 1780 3955 placita
1814 3895 1946 3942 sunt
1979 3886 2032 3943 ei
2058 3887 2214 3956 facio

551 3991 794 4044 semzaer,
854 3979 1088 4047 gratum
1134 3974 1212 4030 illi
1274 3976 1472 4048 utique
1504 3981 1590 4032 est
1635 3974 1985 4032 accedentes
2034 3976 2215 4032 etiam

551 4065 815 4122 Sabbato
854 4080 1083 4121 curare.

622 4141 884 4225 lntellige
933 4160 1131 4211 autem
1181 4170 1317 4227 quae
1362 4154 1651 4227 depressa
1703 4155 1820 4210 sint
1871 4154 2052 4210 verba
2088 4158 2217 4210 tan-

551 4262 736 4319 quam
768 4245 1204 4318 dispensatoria
1231 4249 1473 4316 propter
1504 4243 2216 4300 imbecillitatemludeso-

551 4351 706 4399 rum,
732 4335 883 4390 sicut
903 4336 963 4388 in
1004 4333 1415 4406 superioribus
1447 4332 1753 4388 retulimus
1787 4349 1799 4386 :
1833 4349 1977 4388 nam
2016 4332 2214 4403 hujus-

553 4424 719 4481 modi
739 4425 932 4493 magis
948 4423 1166 4495 vulgus
1184 4422 1745 4488 attrahebant,sicut
1759 4427 1815 4479 et
1829 4421 2008 4479 afﬁne
2020 4439 2211 4478 exem-

552 4513 740 4586 plum.
771 4512 918 4568 Vide
946 4512 1126 4581 enim,
1155 4512 1314 4584 quod
1355 4513 1643 4584 sequitur.

627 4601 786 4657 Vers.
826 4601 912 4657 30.
957 4602 1098 4656 Hac
1136 4632 1205 4642 —
1243 4618 1392 4657 eum.
1428 4600 1683 4667 Quando
1719 4600 1793 4656 ad
1837 4599 2213 4657 humiliorem

553 4705 686 4746 sese
729 4689 1079 4745 demittebat
1131 4706 1491 4755 sermonem,
1524 4695 1666 4746 tunc
1695 4688 2057 4754 credebant;
2093 4705 2215 4745 non

551 4785 752 4834 tamen
781 4783 846 4834 ut
874 4779 1208 4850 oportebat,
1262 4779 1600 4847 credebant,
1630 4778 1734 4834 sed
1768 4778 1994 4848 vulgari
2032 4779 2213 4834 modo

551 4867 876 4924 credebant
923 4867 1340 4925 humilioribus
1380 4869 1508 4939 ejus
1541 4867 1936 4934 sermonibus,
1980 4883 2100 4923 non
2129 4884 2216 4922 re-

548 4958 833 5031 cipientes
886 4957 1290 5014 sublimiores.
1333 4957 1504 5024 Quod
1536 4956 1733 5013 sciens
1772 4955 2055 5022 Christus,
2086 4958 2216 5012 niti-

497 5123 507 5135 .
551 5053 647 5106 tur
686 5046 818 5106 illos
839 5050 1151 5119 corrigere,
1180 5047 1348 5120 quod
1391 5063 1570 5104 suum
1600 5053 1688 5110 est
1718 5045 1941 5117 ubique
1966 5045 2209 5114 faciens,

2249 4564 2293 4618 D

626 5255 673 5294 ⁵³
703 5255 882 5315 Joan.
920 5270 981 5320 ν,
1013 5257 1102 5312 30.
1182 5256 1412 5312 63.loan.
1439 5270 1541 5323 vn,
1569 5254 1651 5311 t6.

1899 338 2246 414 EU'rn'YMii
2291 353 2621 414 ZIGABENI

3815 349 3834 406 1
3847 352 3954 408 29:2

2413 485 2527 538 Ἐτι
2556 503 2614 555 γε
2651 488 2754 556 μὴν
2798 487 2887 535 καὶ
2930 485 3024 545 τὰς
3068 485 3240 535 ἔκτοτε
3286 489 3386 533 τῶν
3433 477 3706 535 Ἰουδαίων
3753 501 3952 554 συμφο-

2343 579 2438 647 ρὰς
2491 580 2580 626 καὶ
2637 580 2731 631 την
2779 573 2972 624 ἅλωσιν
3022 581 3121 624 τῶν
3181 571 3552 646 Ἰεροσολύμων
3608 573 3949 646 συγγράφων,

2345 666 2369 715 ό
2407 664 2723 735 λογιώτατος
2775 661 2822 714 ἐν
2875 659 3150 723 Ἰουδαίοις
3198 662 3475 727 Ἰώσηπος,
3541 661 3799 735 ὁμολογεῖ,
3857 657 3954 712 διὰ

2342 758 2427 816 τόν
2478 757 2706 824 Χριστόν
2750 754 2973 824 χεθῆναι
3025 752 3137 823 (42)
3180 753 3292 803 κατ’
3344 751 3511 803 αὐτῶν
3564 756 3658 810 τὴν
3701 753 3951 808 τοιαύτην

2345 846 2637 915 θεομηνίαν,
2675 847 2760 894 καὶ
2803 850 3204 913 κατασφαγῆναι
3249 842 3367 910 (43)
3407 844 3499 903 τὰς
3544 844 3809 901 τοσαύτας
3856 839 3950 891 αὖ·

2340 942 2439 984 τῶν
2464 929 2731 1005 μυριάδας
2765 934 2863 984 ὑπὸ
2888 930 3172 1004 Ῥωμαίων.
3215 931 3356 983 Ἐπεὶ
3398 933 3498 1004 γαρ
3552 933 3950 1002 θεραπευόμενοι

2337 1032 2529 1092 γνῶναι
2559 1022 2714 1074 αὐτόν
2763 1022 2855 1073 οὐκ
2897 1020 3176 1086 ἠθέλησαν,
3210 1019 3547 1094 κολαζόμενοι
3590 1023 3822 1092 ἔγνωσαν
3874 1026 3948 1080 τίς

2340 1109 2420 1170 ἦν.

2414 1207 2510 1255 Καὶ
2590 1234 2652 1242 —-
2721 1201 2875 1258 λαλῶ,
2936 1201 2991 1253 ΙΞὶ
3062 1205 3162 1276 γαρ
3241 1199 3398 1254 ἐκεῖνο
3468 1202 3727 1272 γνώσεσθε
3808 1207 3943 1260 τότε,

2335 1294 2536 1352 πάντως
2601 1297 2690 1342 καὶ
2749 1299 2936 1357 ταῦτα,
3001 1293 3080 1342 ὅτι
3133 1289 3219 1342 ἀπ’
3280 1289 3503 1361 ἐμαυτοῦ
3570 1298 3700 1341 ποιῶ
3770 1287 3944 1355 οὐδὲν,

2337 1379 2464 1431 ἀλλὰ
2505 1383 2692 1445 πάντα,
2727 1379 2760 1432 ἁ
2794 1379 2922 1433 θέλει
2953 1381 2977 1431 ό
3011 1385 3213 1454 Πατήρ.
3259 1378 3402 1440 Ἰσος
3449 1381 3548 1450 γὰρ
3598 1378 3739 1448 αύτῷ
3795 1379 3863 1429 ὠν
3915 1378 3949 1429 οἱ

2337 1472 2466 1522 θέλει
2497 1478 2663 1521 ταῦτα
2714 1469 2859 1522 θέλω.
2908 1469 2995 1522 Ἐν
3036 1473 3138 1543 γὰρ
3185 1471 3310 1541 ἡμίν
3361 1469 3577 1540 θέλημα,
3629 1471 3802 1540 ὥσπερ
3855 1474 3945 1520 καὶ

2333 1565 2430 1630 μία
2477 1556 2701 1630 δύναμις
2779 1564 2870 1611 καὶ
2926 1561 3003 1611 ὅτι
3057 1559 3091 1610 ἁ
3139 1555 3352 1621 ἐδίδαξε
3402 1578 3483 1630 με,
3542 1565 3709 1610 ταῦτα
3756 1557 3895 1609 λαλῶ
3930 1574 3942 1586 '

2332 1657 2451 1711 νοῦς
2499 1652 2588 1720 μὲν
2642 1650 2741 1720 γαρ
2792 1647 3000 1716 ἐκεῖνος,
3052 1647 3200 1718 λόγος
3249 1644 3308 1700 δὲ
3352 1651 3471 1717 ἐγώ.
3534 1652 3659 1720 Περὶ
3710 1650 3800 1718 μὲν
3856 1643 3945 1698 οὖν

2332 1747 2430 1790 τῶν
2486 1741 2646 1810 ἔργων
2701 1734 2808 1790 εἷπε
2865 1742 2954 1789 καὶ
3009 1737 3174 1789 ὀπίσω
3227 1739 3326 1804 ὅτι,
3393 1736 3468 1789 Οὐ
3542 1733 3772 1808 δύναμαι
3839 1734 3945 1806 ἐγὼ

2332 1835 2492 1880 ποιεῖν
2565 1825 2654 1880 ἀπ’
2737 1825 2962 1896 ἐμαυτοῦ
3039 1823 3230 1878 οὐδέν·
3287 1831 3376 1878 καὶ
3458 1823 3716 1896 ἀνάγνωθι
3789 1825 3943 1877 πάλιν

2330 1922 2423 1974 την
2455 1915 2700 1988 ἐξήγησιν
2747 1915 2938 1969 ἐκείνου
2970 1924 3062 1969 τοῦ
3113 1917 3295 1990 pint-09'
3339 1919 3455 1988 περὶ
3510 1911 3568 1968 δε
3625 1923 3725 1966 τῶν
3778 1914 3942 1985 λόγων

2329 2003 2480 2067 αὖθις
2511 2009 2728 2080 εἰρηκεν,
2768 2007 2847 2058 ὅτι
2875 2005 2931 2058 ’Π
2969 2005 3062 2077 ἐμὴ
3100 2003 3307 2077 διδαχὴ
3338 2005 3431 2057 ούκ
3465 2009 3604 2058 ἔστιν
3646 2004 3764 2077 ἐμὴ,
3812 2003 3943 2056 ἁ).λά

2327 2104 2416 2148 τοῦ
2447 2095 2743 2166 πέμψαντός
2767 2114 2828 2168 με
2863 2115 2874 2127 ο
2904 2101 2989 2147 καὶ
3036 2094 3293 2167 ἀνάγνωθι
3340 2100 3429 2147 καὶ
3479 2099 3574 2154 τὴν
3605 2100 3721 2168 περὶ
3752 2098 3941 2148 τούτου

2329 2185 2620 2258 ἑρμηνείαν.

2405 2279 2498 2326 Καὶ
2536 2306 2602 2313 -
2643 2272 2800 2328 ἐστιν.
2834 2273 2947 2328 Ἰνα
2991 2279 3062 2345 μὴ
3109 2280 3402 2347 νομίσωμεν
3443 2276 3521 2326 ὅτι
3566 2277 3757 2347 μείζων
3797 2272 3940 2326 ἐστὶν

2329 2363 2616 2436 όπέμψας,
2665 2365 2931 2436 θεραπεύει
2987 2368 3079 2422 τὴν
3133 2367 3376 2423 τοιαύτην
3435 2363 3684 2434 ὑποψίαν,
3732 2363 3894 2434 λέγων
3923 2381 3935 2390 ·

2333 2458 2430 2506 Καὶ
2470 2455 2494 2504 ό
2524 2452 2731 2525 πέμψας
2761 2472 2824 2524 με
2855 2454 2966 2524 μετ’
2998 2452 3122 2526 ἐμοῦ
3167 2453 3331 2520 ἐστιν,
3383 2457 3446 2514 ὡς
3499 2452 3820 2528 ἀχώριστος.
3867 2457 3938 2506 Τὸ

2329 2547 2417 2616 μὲν
2474 2546 2576 2616 γὰρ
2638 2542 2842 2614 πέμψαι
2895 2552 2989 2605 τῆς
3046 2544 3337 2617 οἰκονομίας
3390 2543 3525 2608 ἐστὶ,
3581 2547 3638 2596 τὸ
3695 2539 3752 2596 δὲ
3804 2546 3939 2614 μετὰ

2329 2642 2422 2686 τοῦ
2455 2634 2766 2704 πεμφθέντος
2805 2631 2954 2699 εἶναι,
2997 2643 3093 2696 τῆς
3139 2632 3513 2706 ἀλληλουχίας.
3559 2633 3616 2687 Ἠ
3656 2636 3757 2706 γὰρ
3808 2633 3938 2704 ἁγία

2326 2725 2502 2794 Τριὰς,
2562 2721 2748 2783 ἐπίσης
2806 2725 2973 2774 πάντα
3049 2728 3205 2776 τόπον
3273 2723 3566 2799 πληροῦσα,
3629 2723 3810 2784 ἑαυτῆς
3877 2723 3936 2775 ού

2330 2809 2623 2870 διέστηκεν.

2402 2899 2512 2952 Οὐκ
2552 2932 2619 2940 -
2665 2903 2906 2956 πάντοτε.
2963 2903 3022 2955 Εἰ
3069 2906 3158 2974 μὲν
3205 2905 3274 2966 ὡς
3331 2904 3600 2977 ἄνθρωπος
3655 2907 3807 2956 τοῦτὸ
3843 2924 3938 2976 φη·

2331 3007 2432 3053 σιν,
2484 2991 2625 3041 ἔστιν
2682 2991 2839 3042 εἰπεῖν
2899 2993 2978 3044 ὅτι
3044 3001 3318 3064 πανταχοῦ
3371 2998 3462 3064 μέν
3519 2995 3659 3046 ἐστιν
3712 2995 3738 3045 ό
3789 2997 3933 3059 Θεὸς,

2328 3080 2462 3130 κατὰ
2539 3084 2596 3131 τό
2627 3097 2638 3109 ·
2699 3081 2842 3152 Οὐχὶ
2892 3085 2978 3134 τόν
3047 3082 3261 3156 οὐρανόν
3335 3088 3425 3135 καὶ
3502 3087 3589 3141 τὴν
3661 3092 3760 3155 γῆν
3834 3082 3935 3155 ἐγὼ

2328 3167 2550 3240 πληρώ;
2585 3169 2774 3240 μᾶλλον
2834 3167 2892 3223 δὲ
2939 3168 3069 3223 εἶναι
3120 3171 3318 3244 λέγεται
3372 3170 3418 3224 ἐν
3473 3179 3582 3235 τοῖς
3636 3171 3799 3236 ἀξίοις
3843 3173 3931 3224 αύ-

2327 3264 2464 3308 τοῦ·
2510 3256 2552 3308 εἰ
2604 3255 2662 3310 δὲ
2718 3262 2782 3320 ὡς
2827 3263 2972 3324 Θεὸς,
3019 3259 3115 3313 διὰ
3165 3264 3222 3314 τὸ
3277 3260 3580 3335 ἀχώριστον
3632 3269 3727 3323 τῆς
3780 3261 3934 3333 ἁγίας

2328 3343 2575 3416 Τριάδος,
2649 3344 2968 3420 διῃρημένης
3057 3354 3147 3422 μὲν
3231 3359 3348 3412 ταῖς
3425 3348 3623 3412 ἱδικαῑς
3704 3353 3933 3404 ὑποστα-

2330 3455 2496 3504 σεσιν,
2555 3438 2816 3510 ἡνωμένης
2878 3435 2938 3492 δὲ
2989 3447 3049 3512 τῇ
3112 3445 3394 3500 ταυτότητι
3449 3449 3542 3503 τῆς
3591 3441 3777 3502 ούσίας
3844 3447 3934 3493 καὶ

2332 3526 2591 3588 θεότητος.

2399 3620 2475 3667 Τα
2538 3615 2732 3690 ἀρεστά
2798 3613 2857 3670 δὲ
2911 3617 3050 3689 αὐτῷ
3103 3628 3236 3672 ποιῶ
3275 3623 3513 3683 πάντοτε,
3557 3624 3587 3679 ἤ
3631 3624 3695 3682 ὡς
3754 3623 3935 3674 πειθό-

2328 3724 2473 3777 μενος
2521 3705 2660 3776 αυὶτῷ
2687 3709 2822 3758 κατά
2850 3712 2942 3766 τὴν
2997 3706 3391 3779 ἀνθρωπότητα,
3429 3714 3458 3768 ἤ
3513 3713 3575 3771 ὡς
3606 3714 3721 3772 ἶσος
3769 3711 3930 3780 αὐτῷ,

2327 3797 2463 3846 κατὰ
2505 3799 2598 3852 τὴν
2651 3797 2869 3854 θεότητα
2910 3803 2999 3850 καὶ
3024 3797 3248 3856 θέλησιν.
3281 3799 3340 3852 Εἰ
3392 3795 3446 3852 Σὲ
3473 3802 3538 3852 τὰ
3567 3798 3763 3873 ἀρίστα
3793 3800 3934 3870 αύτῷ

2327 3892 2459 3935 ποιῶ
2491 3886 2727 3950 πάντοτε,
2785 3885 2999 3960 ἀρεστόν
3048 3887 3184 3958 αὐτῷ
3217 3889 3319 3962 ἄρα
3348 3893 3436 3942 καὶ
3493 3893 3551 3941 τό
3587 3887 3635 3942 ἐν
3686 3888 3933 3959 Σαϐϐάτῴ

2330 3974 2622 4047 θεραπεύειν
2649 3978 2764 4035 τοῦς
2795 3979 3101 4048 παρειμένον
3113 3996 3154 4038 ς.

2399 4158 2565 4226 Δέχου
2599 4150 2658 4206 δὲ
2706 4156 2770 4205 τὰ
2829 4155 2938 4226 (di)
2993 4157 3210 4208 ταπεινά
3263 4157 3476 4231 ῥήματα
3522 4159 3590 4220 ὡς
3631 4157 3936 4232 οἶκονομικά

2328 4240 2422 4295 διὰ
2453 4248 2544 4301 τὴν
2591 4241 2854 4296 ἀσθένειαν
2904 4254 3003 4296 τῶν
3045 4241 3341 4315 Ἰουδαίων,
3391 4248 3454 4306 ὡς
3506 4252 3596 4301 καὶ
3653 4247 3934 4320 προλαϐόν-

2326 4352 2408 4392 τες
2461 4332 2882 4405 παρηγγείλαμεν
2915 4351 2926 4363 ·
2983 4337 3050 4386 τὰ
3096 4343 3315 4388 τοιαῦτα
3373 4339 3474 4409 γὰρ
3528 4337 3719 4410 μᾶλλον
3777 4336 3935 4410 ἐφείλ-

2325 4441 2475 4474 κοντο
2514 4426 2634 4482 τοὺς
2677 4421 2914 4487 πολλοὺς,
2960 4427 3141 4476 καὶτὸ
3187 4421 3529 4500 παράδειγμα
3579 4424 3747 4498 ἐγγύς.
3799 4426 3936 4500 Ὀρα

2323 4514 2447 4586 γαρ.

2395 4608 2575 4654 Ταῦτα
2614 4631 2678 4642 —
2719 4601 2899 4658 αὐτόν.
2951 4599 3074 4655 Ὀτε
3125 4603 3192 4664 εἰς
3249 4607 3307 4656 τὸ
3360 4608 3716 4678 ταπεινότερον
3771 4611 3933 4662 κατή-

2325 4709 2456 4762 γαγε
2486 4694 2571 4742 τὸν
2622 4690 2792 4763 λόγον,
2845 4696 2960 4744 τότε
3004 4690 3317 4745 ἐπίστευσαν
3346 4715 3358 4726 ·
3398 4692 3501 4766 οὐχ
3549 4697 3619 4756 ὡς
3659 4693 3820 4766 ἐχρῆν
3871 4691 3931 4746 δὲ

2324 4779 2660 4844 ἐπίστευσαν,
2718 4778 2824 4832 ἀλλ’
2879 4780 3048 4841 ἁπλῶς
3105 4779 3415 4834 ἐπίστευσαν
3476 4791 3586 4844 τοῖς
3639 4785 3924 4835 ταπειτοτέ-

2323 4887 2434 4942 ροις
2499 4867 2670 4938 λόγοις
2721 4869 2902 4934 αὑτοῦ,
2960 4873 3032 4942 μὴ
3083 4867 3502 4944 παραδεξάμενοι
3557 4875 3670 4931 τοὺς
3729 4868 3923 4940 ὑψηλο-

2323 4962 2522 5032 τέρους,
2583 4960 2704 5034 ὅπερ
2767 4955 2916 5020 εἰδὼς
2987 4961 3013 5010 ό
3073 4953 3306 5032 Χριστός
3385 4966 3626 5035 πειρᾶται
3681 4955 3930 5034 διορθοῦν

2322 5047 2532 5111 αὐτοὺς,
2593 5051 2650 5100 τὸ
2709 5047 2891 5102 ἑαυτοῦ
2944 5055 3222 5121 πανταχοῦ
3269 5057 3452 5116 ποιῶν,
3519 5050 3563 5104 εἰ
3627 5054 3718 5103 καὶ
3783 5050 3930 5103 αὐτοὶ

1731 5256 1778 5291 ⁸⁸
1797 5255 2013 5312 Jerem.
2039 5255 2203 5322 XXIll,
2233 5255 2326 5313 24.

1797 5461 2017 5531 Variae
2036 5459 2366 5532 lectiones
2399 5470 2465 5532 et
2493 5470 2696 5531 notae.

624 5656 736 5734 (49)
776 5653 1037 5732 δεχθῆναι
1060 5659 1123 5717 Α.

623 5727 744 5801 (43)
774 5727 1127 5804 Euthymius
1157 5730 1384 5789 videtur
1409 5727 2016 5804 confunderecaedem
2041 5732 2217 5788 Joan-

554 5803 648 5861 nis
680 5803 954 5879 Baptistae
981 5811 1035 5860 et
1078 5804 1300 5860 caadem
1337 5804 1567 5861 Christi.
1597 5803 1815 5881 Joseph
1837 5803 1976 5860 Vide
2007 5804 2216 5878 Antiq-

2325 5659 2427 5717 lib.
2445 5675 2583 5716 mn
2599 5664 2650 5723 5,
2665 5663 2721 5732 2,
2738 5663 2864 5732 tom
2876 5701 2890 5714 .
2910 5659 2955 5730 Ι,
2970 5674 3108 5732 pag.
3125 5661 3252 5718 883.
3267 5658 3554 5716 Eamdem
3569 5655 3936 5732 sententiam

2322 5731 2528 5802 repetit
2553 5731 2906 5802 Euthymius
2935 5731 3094 5792 intra
3118 5732 3199 5791 ad
3214 5733 3385 5792 Joan.
3411 5748 3494 5801 ιι,
3526 5747 3692 5793 vers.
3731 5731 3933 5798 47,48.

2393 5805 2509 5876 (44)
2549 5804 2624 5857 Τά
2657 5804 2869 5880 omittit
2893 5804 2953 5862 Β.
