  <div class='ocr_page' id='page_1' title='image "/cluster/home/n/w/nwhite01/storage/ocr_20150623/129/coo.31924054870344/656.png"; bbox 0 0 4156 6392; ppageno 0'>
   <div class='ocr_carea' id='block_1_1' title="bbox 236 346 375 420">
    <p class='ocr_par' dir='ltr' id='par_1_1' title="bbox 236 346 375 420">
     <span class='ocr_line' id='line_1_1' title="bbox 236 346 375 420; baseline -0.007 0"><span class='ocrx_word' id='word_1_1' title='bbox 236 359 256 420; x_wconf 73' lang='lat'>1</span> <span class='ocrx_word' id='word_1_2' title='bbox 271 346 375 420; x_wconf 55' lang='grc' dir='ltr'>εῖδει</span> 
     </span>
    </p>
   </div>
   <div class='ocr_carea' id='block_1_2' title="bbox 1236 358 2608 431">
    <p class='ocr_par' dir='ltr' id='par_1_2' title="bbox 1236 358 2608 431">
     <span class='ocr_line' id='line_1_2' title="bbox 1236 358 2608 431; baseline 0.004 -7"><span class='ocrx_word' id='word_1_3' title='bbox 1236 358 1606 424; x_wconf 73' lang='lat' dir='ltr'><strong>COMMENT.</strong></span> <span class='ocrx_word' id='word_1_4' title='bbox 1651 367 1718 423; x_wconf 81' lang='lat' dir='ltr'><strong>IN</strong></span> <span class='ocrx_word' id='word_1_5' title='bbox 1759 367 2110 428; x_wconf 73' lang='lat' dir='ltr'><strong>JOANNEM.</strong></span> <span class='ocrx_word' id='word_1_6' title='bbox 2159 404 2226 412; x_wconf 90' lang='lat'><strong>—</strong></span> <span class='ocrx_word' id='word_1_7' title='bbox 2265 373 2420 431; x_wconf 81' lang='lat' dir='ltr'><strong>CAP.</strong></span> <span class='ocrx_word' id='word_1_8' title='bbox 2461 369 2608 430; x_wconf 86' lang='lat' dir='ltr'><strong>VIII.</strong></span> 
     </span>
    </p>
   </div>
   <div class='ocr_carea' id='block_1_3' title="bbox 3475 373 3616 436">
    <p class='ocr_par' dir='ltr' id='par_1_3' title="bbox 3475 373 3616 436">
     <span class='ocr_line' id='line_1_3' title="bbox 3475 373 3616 436; baseline -0.028 0"><span class='ocrx_word' id='word_1_9' title='bbox 3475 373 3616 436; x_wconf 70' lang='grc'><strong>1294</strong></span> 
     </span>
    </p>
   </div>
   <div class='ocr_carea' id='block_1_4' title="bbox 233 488 1858 576">
    <p class='ocr_par' dir='ltr' id='par_1_4' title="bbox 233 488 1838 569">
     <span class='ocr_line' id='line_1_4' title="bbox 233 488 1838 569; baseline 0.002 -25"><span class='ocrx_word' id='word_1_10' title='bbox 233 495 443 563; x_wconf 84' lang='grc' dir='ltr'>ταχέως</span> <span class='ocrx_word' id='word_1_11' title='bbox 467 488 818 552; x_wconf 81' lang='grc' dir='ltr'>ἀπεπήδησαν</span> <span class='ocrx_word' id='word_1_12' title='bbox 849 497 940 546; x_wconf 83' lang='grc' dir='ltr'>καὶ</span> <span class='ocrx_word' id='word_1_13' title='bbox 969 496 1099 569; x_wconf 87' lang='grc' dir='ltr'>πρὸς</span> <span class='ocrx_word' id='word_1_14' title='bbox 1124 492 1298 566; x_wconf 78' lang='grc' dir='ltr'>ὕϐρεις</span> <span class='ocrx_word' id='word_1_15' title='bbox 1327 493 1519 567; x_wconf 84' lang='grc' dir='ltr'>μᾶλλον</span> <span class='ocrx_word' id='word_1_16' title='bbox 1551 494 1838 569; x_wconf 59' lang='grc' dir='ltr'>ἐξετράπη-</span> 
     </span>
    </p>
   </div>
   <div class='ocr_carea' id='block_1_5' title="bbox 1983 488 3613 576">
    <p class='ocr_par' dir='ltr' id='par_1_5' title="bbox 1989 499 3613 576">
     <span class='ocr_line' id='line_1_5' title="bbox 1989 499 3613 576; baseline 0.005 -23"><span class='ocrx_word' id='word_1_17' title='bbox 1989 503 2080 554; x_wconf 91' lang='lat' dir='ltr'><strong>cet</strong></span> <span class='ocrx_word' id='word_1_18' title='bbox 2120 499 2230 572; x_wconf 86' lang='lat' dir='ltr'><strong>ipsi</strong></span> <span class='ocrx_word' id='word_1_19' title='bbox 2261 499 2432 556; x_wconf 88' lang='lat' dir='ltr'><strong>citius</strong></span> <span class='ocrx_word' id='word_1_20' title='bbox 2475 500 2552 556; x_wconf 90' lang='lat' dir='ltr'><strong>ab</strong></span> <span class='ocrx_word' id='word_1_21' title='bbox 2583 516 2654 556; x_wconf 91' lang='lat' dir='ltr'><strong>eo</strong></span> <span class='ocrx_word' id='word_1_22' title='bbox 2701 501 3086 570; x_wconf 81' lang='lat' dir='ltr'><strong>recedebant,</strong></span> <span class='ocrx_word' id='word_1_23' title='bbox 3139 508 3194 561; x_wconf 90' lang='lat' dir='ltr'><strong>et</strong></span> <span class='ocrx_word' id='word_1_24' title='bbox 3233 503 3312 560; x_wconf 86' lang='lat' dir='ltr'><strong>ad</strong></span> <span class='ocrx_word' id='word_1_25' title='bbox 3360 503 3613 576; x_wconf 86' lang='lat' dir='ltr'><strong>injurias</strong></span> 
     </span>
    </p>
   </div>
   <div class='ocr_carea' id='block_1_6' title="bbox 241 600 358 636">
    <p class='ocr_par' dir='ltr' id='par_1_6' title="bbox 241 600 358 636">
     <span class='ocr_line' id='line_1_6' title="bbox 241 600 358 636; baseline 0.017 -2"><span class='ocrx_word' id='word_1_26' title='bbox 241 600 358 636; x_wconf 85' lang='grc' dir='ltr'>σαν.</span> 
     </span>
    </p>
   </div>
   <div class='ocr_carea' id='block_1_7' title="bbox 310 667 1838 746">
    <p class='ocr_par' dir='ltr' id='par_1_7' title="bbox 310 667 1838 746">
     <span class='ocr_line' id='line_1_7' title="bbox 310 667 1838 746; baseline 0.004 -24"><span class='ocrx_word' id='word_1_27' title='bbox 310 669 515 742; x_wconf 72' lang='grc' dir='ltr'>Ἔλεγεν</span> <span class='ocrx_word' id='word_1_28' title='bbox 547 702 614 711; x_wconf 90' lang='grc'><strong><em>-</em></strong></span> <span class='ocrx_word' id='word_1_29' title='bbox 639 667 949 734; x_wconf 82' lang='grc' dir='ltr'><strong>Ἰουδαίους.</strong></span> <span class='ocrx_word' id='word_1_30' title='bbox 981 677 1115 746; x_wconf 84' lang='grc' dir='ltr'>Πρὸς</span> <span class='ocrx_word' id='word_1_31' title='bbox 1132 677 1244 735; x_wconf 82' lang='grc' dir='ltr'>τοὺς</span> <span class='ocrx_word' id='word_1_32' title='bbox 1267 677 1679 736; x_wconf 80' lang='grc' dir='ltr'><strong>πεπιστευκότας</strong></span> <span class='ocrx_word' id='word_1_33' title='bbox 1709 679 1838 740; x_wconf 75' lang='grc' dir='ltr'>τότε,</span> 
     </span>
    </p>
   </div>
   <div class='ocr_carea' id='block_1_8' title="bbox 240 760 572 834">
    <p class='ocr_par' dir='ltr' id='par_1_8' title="bbox 240 760 572 834">
     <span class='ocr_line' id='line_1_8' title="bbox 240 760 572 834; baseline 0.006 -22"><span class='ocrx_word' id='word_1_34' title='bbox 240 760 312 822; x_wconf 85' lang='grc' dir='ltr'>ὡς</span> <span class='ocrx_word' id='word_1_35' title='bbox 346 763 572 834; x_wconf 84' lang='grc' dir='ltr'>εἴρηται.</span> 
     </span>
    </p>
   </div>
   <div class='ocr_carea' id='block_1_9' title="bbox 316 849 1844 925">
    <p class='ocr_par' dir='ltr' id='par_1_9' title="bbox 316 849 1844 925">
     <span class='ocr_line' id='line_1_9' title="bbox 316 849 1844 925; baseline 0.001 -21"><span class='ocrx_word' id='word_1_36' title='bbox 316 849 432 904; x_wconf 79' lang='grc' dir='ltr'><strong>Ἐὰν</strong></span> <span class='ocrx_word' id='word_1_37' title='bbox 461 881 525 890; x_wconf 95' lang='lat'><strong>—</strong></span> <span class='ocrx_word' id='word_1_38' title='bbox 556 849 694 908; x_wconf 74' lang='grc' dir='ltr'>ἓστέ.</span> <span class='ocrx_word' id='word_1_39' title='bbox 741 851 859 904; x_wconf 83' lang='grc' dir='ltr'><strong>Ἐὰν</strong></span> <span class='ocrx_word' id='word_1_40' title='bbox 910 853 1057 925; x_wconf 76' lang='grc' dir='ltr'>ὑμεῖς</span> <span class='ocrx_word' id='word_1_41' title='bbox 1095 852 1387 925; x_wconf 79' lang='grc' dir='ltr'>ἓμμείνητε,</span> <span class='ocrx_word' id='word_1_42' title='bbox 1420 854 1484 914; x_wconf 85' lang='grc' dir='ltr'>ὡς</span> <span class='ocrx_word' id='word_1_43' title='bbox 1537 861 1638 906; x_wconf 85' lang='grc' dir='ltr'><strong>τῶν</strong></span> <span class='ocrx_word' id='word_1_44' title='bbox 1681 853 1844 906; x_wconf 84' lang='grc' dir='ltr'>ἄλλων</span> 
     </span>
    </p>
   </div>
   <div class='ocr_carea' id='block_1_10' title="bbox 241 938 1846 1015">
    <p class='ocr_par' dir='ltr' id='par_1_10' title="bbox 241 938 1846 1015">
     <span class='ocr_line' id='line_1_10' title="bbox 241 938 1846 1015; baseline 0.003 -26"><span class='ocrx_word' id='word_1_45' title='bbox 241 943 314 1012; x_wconf 82' lang='grc' dir='ltr'>μή</span> <span class='ocrx_word' id='word_1_46' title='bbox 349 938 718 1012; x_wconf 72' lang='grc' dir='ltr'>ἐμμειναντων,</span> <span class='ocrx_word' id='word_1_47' title='bbox 772 947 898 1013; x_wconf 84' lang='grc' dir='ltr'>περὶ</span> <span class='ocrx_word' id='word_1_48' title='bbox 937 942 1005 992; x_wconf 87' lang='grc' dir='ltr'>ὧν</span> <span class='ocrx_word' id='word_1_49' title='bbox 1063 939 1198 995; x_wconf 84' lang='grc' dir='ltr'>εἶπεν</span> <span class='ocrx_word' id='word_1_50' title='bbox 1257 944 1282 994; x_wconf 87' lang='grc' dir='ltr'><strong><em>ὁ</em></strong></span> <span class='ocrx_word' id='word_1_51' title='bbox 1331 942 1724 1015; x_wconf 76' lang='grc' dir='ltr'>εὑαγγελιστὴς,</span> <span class='ocrx_word' id='word_1_52' title='bbox 1765 944 1846 996; x_wconf 82' lang='grc' dir='ltr'>ὅτι</span> 
     </span>
    </p>
   </div>
   <div class='ocr_carea' id='block_1_11' title="bbox 247 1027 1846 1101">
    <p class='ocr_par' dir='ltr' id='par_1_11' title="bbox 247 1027 1846 1101">
     <span class='ocr_line' id='line_1_11' title="bbox 247 1027 1846 1101; baseline 0.003 -21"><span class='ocrx_word' id='word_1_53' title='bbox 247 1028 433 1081; x_wconf 76' lang='grc' dir='ltr'>Πολλοὶ</span> <span class='ocrx_word' id='word_1_54' title='bbox 465 1027 693 1089; x_wconf 81' lang='grc' dir='ltr'>ἀπῆλθον</span> <span class='ocrx_word' id='word_1_55' title='bbox 725 1039 824 1082; x_wconf 80' lang='grc' dir='ltr'>τῶν</span> <span class='ocrx_word' id='word_1_56' title='bbox 850 1033 1099 1101; x_wconf 79' lang='grc' dir='ltr'><strong>μαθητῶν</strong></span> <span class='ocrx_word' id='word_1_57' title='bbox 1127 1032 1303 1096; x_wconf 65' lang='grc' dir='ltr'>αὑτοῦ,</span> <span class='ocrx_word' id='word_1_58' title='bbox 1338 1032 1408 1094; x_wconf 85' lang='grc' dir='ltr'>εἰς</span> <span class='ocrx_word' id='word_1_59' title='bbox 1433 1034 1496 1084; x_wconf 78' lang='grc' dir='ltr'>τὰ</span> <span class='ocrx_word' id='word_1_60' title='bbox 1540 1030 1727 1097; x_wconf 78' lang='grc' dir='ltr'>ὀπίσω,</span> <span class='ocrx_word' id='word_1_61' title='bbox 1756 1038 1846 1084; x_wconf 84' lang='grc' dir='ltr'><strong>καὶ</strong></span> 
     </span>
    </p>
   </div>
   <div class='ocr_carea' id='block_1_12' title="bbox 243 1118 1843 1193">
    <p class='ocr_par' dir='ltr' id='par_1_12' title="bbox 243 1118 1843 1193">
     <span class='ocr_line' id='line_1_12' title="bbox 243 1118 1843 1193; baseline 0.003 -24"><span class='ocrx_word' id='word_1_62' title='bbox 243 1118 340 1169; x_wconf 67' lang='grc' dir='ltr'><strong>οὐκ</strong></span> <span class='ocrx_word' id='word_1_63' title='bbox 365 1121 440 1170; x_wconf 84' lang='grc' dir='ltr'>ἔτι</span> <span class='ocrx_word' id='word_1_64' title='bbox 469 1118 579 1191; x_wconf 83' lang='grc' dir='ltr'>μετ’</span> <span class='ocrx_word' id='word_1_65' title='bbox 607 1119 765 1171; x_wconf 73' lang='grc' dir='ltr'>αὐτοῦ</span> <span class='ocrx_word' id='word_1_66' title='bbox 815 1123 1181 1193; x_wconf 82' lang='grc' dir='ltr'>περιεπάτουν.</span> <span class='ocrx_word' id='word_1_67' title='bbox 1234 1121 1352 1173; x_wconf 76' lang='grc' dir='ltr'><strong>Ἐὰν</strong></span> <span class='ocrx_word' id='word_1_68' title='bbox 1379 1122 1520 1193; x_wconf 75' lang='grc' dir='ltr'>ὑμεῖς</span> <span class='ocrx_word' id='word_1_69' title='bbox 1551 1120 1843 1192; x_wconf 79' lang='grc' dir='ltr'>ἐμμείνητε,</span> 
     </span>
    </p>
   </div>
   <div class='ocr_carea' id='block_1_13' title="bbox 244 1207 1846 1284">
    <p class='ocr_par' dir='ltr' id='par_1_13' title="bbox 244 1207 1846 1284">
     <span class='ocr_line' id='line_1_13' title="bbox 244 1207 1846 1284; baseline -0.002 -19"><span class='ocrx_word' id='word_1_70' title='bbox 244 1212 396 1280; x_wconf 72' lang='grc' dir='ltr'>φησὶ,</span> <span class='ocrx_word' id='word_1_71' title='bbox 430 1216 501 1278; x_wconf 80' lang='grc' dir='ltr'>τῷ</span> <span class='ocrx_word' id='word_1_72' title='bbox 531 1207 666 1280; x_wconf 73' lang='grc' dir='ltr'><strong>λόγῳ</strong></span> <span class='ocrx_word' id='word_1_73' title='bbox 691 1217 763 1280; x_wconf 83' lang='grc' dir='ltr'>τῷ</span> <span class='ocrx_word' id='word_1_74' title='bbox 803 1208 930 1282; x_wconf 80' lang='grc' dir='ltr'>ἐμῷ,</span> <span class='ocrx_word' id='word_1_75' title='bbox 963 1215 1124 1281; x_wconf 78' lang='grc' dir='ltr'>ἤγουν</span> <span class='ocrx_word' id='word_1_76' title='bbox 1177 1219 1238 1284; x_wconf 72' lang='grc' dir='ltr'>τῇ</span> <span class='ocrx_word' id='word_1_77' title='bbox 1290 1207 1620 1282; x_wconf 71' lang='grc' dir='ltr'><strong>διδασκαλίᾳ</strong></span> <span class='ocrx_word' id='word_1_78' title='bbox 1657 1229 1756 1282; x_wconf 86' lang='grc' dir='ltr'><strong>μον</strong></span> <span class='ocrx_word' id='word_1_79' title='bbox 1787 1209 1846 1267; x_wconf 76' lang='grc' dir='ltr'>ἢν</span> 
     </span>
    </p>
   </div>
   <div class='ocr_carea' id='block_1_14' title="bbox 244 1293 1846 1373">
    <p class='ocr_par' dir='ltr' id='par_1_14' title="bbox 244 1293 1846 1373">
     <span class='ocr_line' id='line_1_14' title="bbox 244 1293 1846 1373; baseline -0.001 -25"><span class='ocrx_word' id='word_1_80' title='bbox 244 1293 449 1359; x_wconf 73' lang='grc' dir='ltr'>διδάξω</span> <span class='ocrx_word' id='word_1_81' title='bbox 481 1303 636 1370; x_wconf 70' lang='grc' dir='ltr'>ὑμᾶς,</span> <span class='ocrx_word' id='word_1_82' title='bbox 669 1303 785 1350; x_wconf 79' lang='grc' dir='ltr'>τότε</span> <span class='ocrx_word' id='word_1_83' title='bbox 838 1297 1044 1361; x_wconf 76' lang='grc' dir='ltr'>ἀληθῶς</span> <span class='ocrx_word' id='word_1_84' title='bbox 1081 1301 1314 1372; x_wconf 76' lang='grc' dir='ltr'>μαθηταί</span> <span class='ocrx_word' id='word_1_85' title='bbox 1367 1301 1466 1373; x_wconf 80' lang='grc' dir='ltr'><strong>μού</strong></span> <span class='ocrx_word' id='word_1_86' title='bbox 1521 1299 1658 1356; x_wconf 79' lang='grc' dir='ltr'>ἐστε.</span> <span class='ocrx_word' id='word_1_87' title='bbox 1687 1303 1846 1351; x_wconf 71' lang='lat' dir='ltr'><strong>Osz</strong></span> 
     </span>
    </p>
   </div>
   <div class='ocr_carea' id='block_1_15' title="bbox 241 1384 503 1458">
    <p class='ocr_par' dir='ltr' id='par_1_15' title="bbox 241 1384 503 1458">
     <span class='ocr_line' id='line_1_15' title="bbox 241 1384 503 1458; baseline 0.011 -22"><span class='ocrx_word' id='word_1_88' title='bbox 241 1388 345 1458; x_wconf 68' lang='grc' dir='ltr'><strong>γάρ</strong></span> <span class='ocrx_word' id='word_1_89' title='bbox 370 1384 503 1439; x_wconf 79' lang='grc' dir='ltr'>ἐστε.</span> 
     </span>
    </p>
   </div>
   <div class='ocr_carea' id='block_1_16' title="bbox 321 1475 1840 1551">
    <p class='ocr_par' dir='ltr' id='par_1_16' title="bbox 321 1475 1840 1551">
     <span class='ocr_line' id='line_1_16' title="bbox 321 1475 1840 1551; baseline 0.019 -38"><span class='ocrx_word' id='word_1_90' title='bbox 321 1481 419 1528; x_wconf 72' lang='grc' dir='ltr'><strong>Καὶ</strong></span> <span class='ocrx_word' id='word_1_91' title='bbox 456 1478 720 1546; x_wconf 65' lang='grc' dir='ltr'>γνώσεσθε</span> <span class='ocrx_word' id='word_1_92' title='bbox 749 1481 842 1535; x_wconf 74' lang='grc' dir='ltr'>τὴν</span> <span class='ocrx_word' id='word_1_93' title='bbox 884 1475 1147 1536; x_wconf 80' lang='grc' dir='ltr'>ἀλήθειαν.</span> <span class='ocrx_word' id='word_1_94' title='bbox 1173 1478 1313 1550; x_wconf 80' lang='grc' dir='ltr'>Ἐμέ.</span> <span class='ocrx_word' id='word_1_95' title='bbox 1346 1479 1482 1549; x_wconf 68' lang='grc' dir='ltr'><strong>Ἐγὼ</strong></span> <span class='ocrx_word' id='word_1_96' title='bbox 1666 1481 1840 1549; x_wconf 66' lang='grc' dir='ltr'><strong>φησὶν.</strong></span> 
     </span>
    </p>
   </div>
   <div class='ocr_carea' id='block_1_17' title="bbox 245 1562 1842 1640">
    <p class='ocr_par' dir='ltr' id='par_1_17' title="bbox 245 1562 1842 1640">
     <span class='ocr_line' id='line_1_17' title="bbox 245 1562 1842 1640; baseline 0.003 -26"><span class='ocrx_word' id='word_1_97' title='bbox 245 1562 354 1635; x_wconf 81' lang='grc' dir='ltr'>εἰμὶ</span> <span class='ocrx_word' id='word_1_98' title='bbox 379 1565 406 1622; x_wconf 74' lang='grc' dir='ltr'><strong>ἡ</strong></span> <span class='ocrx_word' id='word_1_99' title='bbox 439 1562 678 1622; x_wconf 75' lang='grc' dir='ltr'>ἀλήθεια,</span> <span class='ocrx_word' id='word_1_100' title='bbox 715 1570 826 1635; x_wconf 76' lang='grc'><strong>(45)</strong></span> <span class='ocrx_word' id='word_1_101' title='bbox 856 1568 1123 1619; x_wconf 83' lang='grc' dir='ltr'>Γνωσεσθε</span> <span class='ocrx_word' id='word_1_102' title='bbox 1148 1571 1242 1625; x_wconf 78' lang='grc' dir='ltr'>τὴν</span> <span class='ocrx_word' id='word_1_103' title='bbox 1274 1566 1514 1624; x_wconf 76' lang='grc' dir='ltr'>ἀληθειαν</span> <span class='ocrx_word' id='word_1_104' title='bbox 1543 1567 1666 1640; x_wconf 87' lang='grc' dir='ltr'>παρ’</span> <span class='ocrx_word' id='word_1_105' title='bbox 1697 1565 1842 1639; x_wconf 82' lang='grc' dir='ltr'>ἐμοῦ.</span> 
     </span>
    </p>
   </div>
   <div class='ocr_carea' id='block_1_18' title="bbox 243 1656 1848 1727">
    <p class='ocr_par' dir='ltr' id='par_1_18' title="bbox 243 1656 1848 1727">
     <span class='ocr_line' id='line_1_18' title="bbox 243 1656 1848 1727; baseline 0.002 -23"><span class='ocrx_word' id='word_1_106' title='bbox 243 1656 323 1704; x_wconf 66' lang='lat' dir='ltr'><strong>Td</strong></span> <span class='ocrx_word' id='word_1_107' title='bbox 351 1656 452 1727; x_wconf 78' lang='grc' dir='ltr'><strong>γὰρ</strong></span> <span class='ocrx_word' id='word_1_108' title='bbox 480 1658 670 1726; x_wconf 79' lang='grc' dir='ltr'>νομικα</span> <span class='ocrx_word' id='word_1_109' title='bbox 713 1659 882 1708; x_wconf 72' lang='grc' dir='ltr'>πάντα</span> <span class='ocrx_word' id='word_1_110' title='bbox 916 1658 1074 1717; x_wconf 79' lang='grc' dir='ltr'>τύπος</span> <span class='ocrx_word' id='word_1_111' title='bbox 1120 1661 1210 1709; x_wconf 85' lang='grc' dir='ltr'><strong>καὶ</strong></span> <span class='ocrx_word' id='word_1_112' title='bbox 1243 1659 1369 1708; x_wconf 81' lang='grc' dir='ltr'>σκιὰ</span> <span class='ocrx_word' id='word_1_113' title='bbox 1419 1661 1509 1708; x_wconf 83' lang='grc' dir='ltr'><strong>καὶ</strong></span> <span class='ocrx_word' id='word_1_114' title='bbox 1557 1656 1705 1709; x_wconf 84' lang='grc' dir='ltr'>εἰκὼν</span> <span class='ocrx_word' id='word_1_115' title='bbox 1754 1664 1848 1718; x_wconf 86' lang='grc' dir='ltr'>τῆς</span> 
     </span>
    </p>
   </div>
   <div class='ocr_carea' id='block_1_19' title="bbox 247 1739 648 1805">
    <p class='ocr_par' dir='ltr' id='par_1_19' title="bbox 247 1739 648 1805">
     <span class='ocr_line' id='line_1_19' title="bbox 247 1739 648 1805; baseline 0.01 -13"><span class='ocrx_word' id='word_1_116' title='bbox 247 1739 495 1805; x_wconf 78' lang='grc' dir='ltr'><strong>ἀληθείας</strong></span> <span class='ocrx_word' id='word_1_117' title='bbox 525 1744 648 1796; x_wconf 80' lang='grc' dir='ltr'>εἰσί.</span> 
     </span>
    </p>
   </div>
   <div class='ocr_carea' id='block_1_20' title="bbox 325 1834 1303 1909">
    <p class='ocr_par' dir='ltr' id='par_1_20' title="bbox 325 1834 1303 1909">
     <span class='ocr_line' id='line_1_20' title="bbox 325 1834 1303 1909; baseline 0.002 -25"><span class='ocrx_word' id='word_1_118' title='bbox 325 1837 422 1884; x_wconf 81' lang='grc' dir='ltr'><strong>Καὶ</strong></span> <span class='ocrx_word' id='word_1_119' title='bbox 457 1865 514 1874; x_wconf 73' lang='grc' dir='ltr'><strong>-ο</strong></span> <span class='ocrx_word' id='word_1_120' title='bbox 545 1835 698 1905; x_wconf 78' lang='grc' dir='ltr'>ὑμᾶς.</span> <span class='ocrx_word' id='word_1_121' title='bbox 731 1834 857 1887; x_wconf 83' lang='grc' dir='ltr'><strong>Ἀπὸ</strong></span> <span class='ocrx_word' id='word_1_122' title='bbox 891 1843 989 1886; x_wconf 80' lang='grc' dir='ltr'>τῶν</span> <span class='ocrx_word' id='word_1_123' title='bbox 1012 1834 1303 1909; x_wconf 79' lang='grc' dir='ltr'>ἁμαρτιῶν,</span> 
     </span>
    </p>
   </div>
   <div class='ocr_carea' id='block_1_21' title="bbox 322 1919 1846 1997">
    <p class='ocr_par' dir='ltr' id='par_1_21' title="bbox 322 1919 1846 1997">
     <span class='ocr_line' id='line_1_21' title="bbox 322 1919 1846 1997; baseline 0.002 -26"><span class='ocrx_word' id='word_1_124' title='bbox 322 1919 706 1997; x_wconf 73' lang='grc' dir='ltr'><strong>Ἀπεκρίθησαν</strong></span> <span class='ocrx_word' id='word_1_125' title='bbox 787 1956 856 1963; x_wconf 91' lang='grc'><strong>-</strong></span> <span class='ocrx_word' id='word_1_126' title='bbox 937 1927 1218 1997; x_wconf 74' lang='grc' dir='ltr'><strong>γενήσεσθε</strong></span> <span class='ocrx_word' id='word_1_127' title='bbox 1284 1941 1296 1990; x_wconf 93' lang='grc'>;</span> <span class='ocrx_word' id='word_1_128' title='bbox 1362 1924 1592 1996; x_wconf 69' lang='grc' dir='ltr'>Ἀενέντες</span> <span class='ocrx_word' id='word_1_129' title='bbox 1669 1923 1846 1990; x_wconf 88' lang='grc' dir='ltr'>εἰπεῖν,</span> 
     </span>
    </p>
   </div>
   <div class='ocr_carea' id='block_1_22' title="bbox 244 2007 1847 2086">
    <p class='ocr_par' dir='ltr' id='par_1_22' title="bbox 244 2007 1847 2086">
     <span class='ocr_line' id='line_1_22' title="bbox 244 2007 1847 2086; baseline -0.001 -24"><span class='ocrx_word' id='word_1_130' title='bbox 244 2016 309 2062; x_wconf 89' lang='grc' dir='ltr'>Τί</span> <span class='ocrx_word' id='word_1_131' title='bbox 356 2007 442 2062; x_wconf 72' lang='grc' dir='ltr'><strong>οὖν</strong></span> <span class='ocrx_word' id='word_1_132' title='bbox 478 2009 714 2083; x_wconf 65' lang='grc' dir='ltr'>;ψευδος</span> <span class='ocrx_word' id='word_1_133' title='bbox 764 2014 789 2064; x_wconf 87' lang='grc' dir='ltr'><strong><em>ὀ</em></strong></span> <span class='ocrx_word' id='word_1_134' title='bbox 837 2018 992 2086; x_wconf 80' lang='grc' dir='ltr'>νόμος</span> <span class='ocrx_word' id='word_1_135' title='bbox 1023 2031 1034 2078; x_wconf 90' lang='grc'>;</span> <span class='ocrx_word' id='word_1_136' title='bbox 1069 2010 1276 2085; x_wconf 69' lang='grc' dir='ltr'>ψευδὴς</span> <span class='ocrx_word' id='word_1_137' title='bbox 1321 2015 1434 2084; x_wconf 65' lang='grc'><strong>(46)</strong></span> <span class='ocrx_word' id='word_1_138' title='bbox 1489 2016 1518 2070; x_wconf 80' lang='grc' dir='ltr'>ἡ</span> <span class='ocrx_word' id='word_1_139' title='bbox 1569 2021 1667 2064; x_wconf 83' lang='grc' dir='ltr'><strong>τῶν</strong></span> <span class='ocrx_word' id='word_1_140' title='bbox 1717 2014 1847 2065; x_wconf 81' lang='grc' dir='ltr'><strong>Ἰου.</strong></span> 
     </span>
    </p>
   </div>
   <div class='ocr_carea' id='block_1_23' title="bbox 249 2096 1849 2175">
    <p class='ocr_par' dir='ltr' id='par_1_23' title="bbox 249 2096 1849 2175">
     <span class='ocr_line' id='line_1_23' title="bbox 249 2096 1849 2175; baseline 0 -23"><span class='ocrx_word' id='word_1_141' title='bbox 249 2096 413 2152; x_wconf 84' lang='grc' dir='ltr'>δαίων</span> <span class='ocrx_word' id='word_1_142' title='bbox 441 2109 635 2172; x_wconf 75' lang='grc' dir='ltr'>γνῶσις</span> <span class='ocrx_word' id='word_1_143' title='bbox 669 2118 684 2168; x_wconf 88' lang='grc'>;</span> <span class='ocrx_word' id='word_1_144' title='bbox 716 2110 871 2155; x_wconf 80' lang='grc' dir='ltr'>τοῦτο</span> <span class='ocrx_word' id='word_1_145' title='bbox 917 2105 1008 2175; x_wconf 74' lang='grc' dir='ltr'><strong>μὲν</strong></span> <span class='ocrx_word' id='word_1_146' title='bbox 1066 2103 1124 2155; x_wconf 69' lang='grc' dir='ltr'><strong>οὗ</strong></span> <span class='ocrx_word' id='word_1_147' title='bbox 1157 2103 1369 2174; x_wconf 72' lang='grc' dir='ltr'>λέγουσι</span> <span class='ocrx_word' id='word_1_148' title='bbox 1408 2120 1419 2131; x_wconf 95' lang='grc'><strong>·</strong></span> <span class='ocrx_word' id='word_1_149' title='bbox 1456 2111 1553 2154; x_wconf 84' lang='grc' dir='ltr'><strong>των</strong></span> <span class='ocrx_word' id='word_1_150' title='bbox 1602 2105 1849 2155; x_wconf 74' lang='grc' dir='ltr'>τοιούτων</span> 
     </span>
    </p>
   </div>
   <div class='ocr_carea' id='block_1_24' title="bbox 241 2188 1850 2266">
    <p class='ocr_par' dir='ltr' id='par_1_24' title="bbox 241 2188 1850 2266">
     <span class='ocr_line' id='line_1_24' title="bbox 241 2188 1850 2266; baseline 0.003 -27"><span class='ocrx_word' id='word_1_151' title='bbox 241 2191 346 2262; x_wconf 68' lang='grc' dir='ltr'><strong>γάρ</strong></span> <span class='ocrx_word' id='word_1_152' title='bbox 385 2189 478 2241; x_wconf 73' lang='grc' dir='ltr'><strong>οὐκ</strong></span> <span class='ocrx_word' id='word_1_153' title='bbox 506 2190 675 2264; x_wconf 82' lang='grc' dir='ltr'>ἔμελεν</span> <span class='ocrx_word' id='word_1_154' title='bbox 707 2191 879 2253; x_wconf 66' lang='grc' dir='ltr'>αὐτοῖς</span> <span class='ocrx_word' id='word_1_155' title='bbox 920 2209 936 2225; x_wconf 86' lang='grc'>⁶</span> <span class='ocrx_word' id='word_1_156' title='bbox 978 2191 1060 2244; x_wconf 79' lang='grc' dir='ltr'>ἐπὶ</span> <span class='ocrx_word' id='word_1_157' title='bbox 1104 2200 1166 2265; x_wconf 74' lang='grc' dir='ltr'><strong>τῇ</strong></span> <span class='ocrx_word' id='word_1_158' title='bbox 1226 2191 1371 2266; x_wconf 71' lang='grc' dir='ltr'>ὕϐρει</span> <span class='ocrx_word' id='word_1_159' title='bbox 1425 2188 1484 2245; x_wconf 79' lang='grc' dir='ltr'><strong>δε</strong></span> <span class='ocrx_word' id='word_1_160' title='bbox 1540 2201 1634 2254; x_wconf 81' lang='grc' dir='ltr'>τῆς</span> <span class='ocrx_word' id='word_1_161' title='bbox 1676 2211 1850 2264; x_wconf 80' lang='grc' dir='ltr'>σωμα-</span> 
     </span>
    </p>
   </div>
   <div class='ocr_carea' id='block_1_25' title="bbox 240 2279 1851 2353">
    <p class='ocr_par' dir='ltr' id='par_1_25' title="bbox 240 2279 1851 2353">
     <span class='ocr_line' id='line_1_25' title="bbox 240 2279 1851 2353; baseline 0.002 -24"><span class='ocrx_word' id='word_1_162' title='bbox 240 2287 390 2339; x_wconf 82' lang='grc' dir='ltr'>τικῆς</span> <span class='ocrx_word' id='word_1_163' title='bbox 465 2279 710 2352; x_wconf 70' lang='grc' dir='ltr'>εὐγενείας</span> <span class='ocrx_word' id='word_1_164' title='bbox 795 2279 1200 2353; x_wconf 78' lang='grc' dir='ltr'><strong>ἀγανακτοῦσιν,</strong></span> <span class='ocrx_word' id='word_1_165' title='bbox 1284 2282 1704 2341; x_wconf 78' lang='grc' dir='ltr'>ὑποπτεύσαντες</span> <span class='ocrx_word' id='word_1_166' title='bbox 1783 2283 1851 2340; x_wconf 83' lang='grc' dir='ltr'><strong>ὡς</strong></span> 
     </span>
    </p>
   </div>
   <div class='ocr_carea' id='block_1_26' title="bbox 245 2362 1850 2444">
    <p class='ocr_par' dir='ltr' id='par_1_26' title="bbox 245 2362 1850 2444">
     <span class='ocr_line' id='line_1_26' title="bbox 245 2362 1850 2444; baseline 0.002 -26"><span class='ocrx_word' id='word_1_167' title='bbox 245 2362 454 2430; x_wconf 76' lang='grc' dir='ltr'>δούλοις</span> <span class='ocrx_word' id='word_1_168' title='bbox 505 2367 777 2444; x_wconf 78' lang='grc' dir='ltr'>ἀνθρώπου</span> <span class='ocrx_word' id='word_1_169' title='bbox 831 2374 972 2432; x_wconf 87' lang='grc' dir='ltr'>τινὸς</span> <span class='ocrx_word' id='word_1_170' title='bbox 1027 2369 1182 2422; x_wconf 86' lang='grc' dir='ltr'>εἰπεῖν</span> <span class='ocrx_word' id='word_1_171' title='bbox 1241 2370 1418 2432; x_wconf 73' lang='grc' dir='ltr'>αὐτοῖς</span> <span class='ocrx_word' id='word_1_172' title='bbox 1486 2371 1568 2422; x_wconf 85' lang='grc' dir='ltr'>ὃτι</span> <span class='ocrx_word' id='word_1_173' title='bbox 1627 2369 1850 2423; x_wconf 85' lang='grc' dir='ltr'>Ἐλευθε-</span> 
     </span>
    </p>
   </div>
   <div class='ocr_carea' id='block_1_27' title="bbox 242 2456 1850 2531">
    <p class='ocr_par' dir='ltr' id='par_1_27' title="bbox 242 2456 1850 2531">
     <span class='ocr_line' id='line_1_27' title="bbox 242 2456 1850 2531; baseline 0.002 -25"><span class='ocrx_word' id='word_1_174' title='bbox 242 2463 406 2530; x_wconf 73' lang='grc' dir='ltr'>ρὼσει</span> <span class='ocrx_word' id='word_1_175' title='bbox 477 2459 632 2530; x_wconf 73' lang='grc' dir='ltr'>ὑμᾶς.</span> <span class='ocrx_word' id='word_1_176' title='bbox 687 2459 912 2521; x_wconf 84' lang='grc' dir='ltr'>Εἰκοτως</span> <span class='ocrx_word' id='word_1_177' title='bbox 959 2456 1046 2512; x_wconf 82' lang='grc' dir='ltr'>οὖν</span> <span class='ocrx_word' id='word_1_178' title='bbox 1103 2460 1129 2510; x_wconf 85' lang='grc' dir='ltr'><strong><em>ὁ</em></strong></span> <span class='ocrx_word' id='word_1_179' title='bbox 1185 2459 1427 2521; x_wconf 77' lang='grc' dir='ltr'>Ἰωάννης</span> <span class='ocrx_word' id='word_1_180' title='bbox 1496 2458 1610 2530; x_wconf 68' lang='grc'>(47)</span> <span class='ocrx_word' id='word_1_181' title='bbox 1664 2457 1850 2531; x_wconf 77' lang='grc' dir='ltr'>ἔλεγε.</span> 
     </span>
    </p>
   </div>
   <div class='ocr_carea' id='block_1_28' title="bbox 247 2543 1854 2624">
    <p class='ocr_par' dir='ltr' id='par_1_28' title="bbox 247 2543 1854 2624">
     <span class='ocr_line' id='line_1_28' title="bbox 247 2543 1854 2624; baseline -0.001 -22"><span class='ocrx_word' id='word_1_182' title='bbox 247 2551 332 2606; x_wconf 74' lang='grc' dir='ltr'><strong>Μὴ</strong></span> <span class='ocrx_word' id='word_1_183' title='bbox 392 2543 579 2611; x_wconf 81' lang='grc' dir='ltr'>δόξητε</span> <span class='ocrx_word' id='word_1_184' title='bbox 641 2548 806 2622; x_wconf 76' lang='grc' dir='ltr'>λέγειν</span> <span class='ocrx_word' id='word_1_185' title='bbox 902 2548 950 2601; x_wconf 83' lang='grc' dir='ltr'>ἐν</span> <span class='ocrx_word' id='word_1_186' title='bbox 1033 2549 1232 2610; x_wconf 82' lang='grc' dir='ltr'><strong>ἑαυτοῖς</strong></span> <span class='ocrx_word' id='word_1_187' title='bbox 1288 2565 1301 2578; x_wconf 91' lang='grc'><strong>·</strong></span> <span class='ocrx_word' id='word_1_188' title='bbox 1376 2553 1583 2624; x_wconf 78' lang='grc' dir='ltr'>Πατέρα</span> <span class='ocrx_word' id='word_1_189' title='bbox 1664 2551 1854 2621; x_wconf 80' lang='grc' dir='ltr'>ἔχομεν</span> 
     </span>
    </p>
   </div>
   <div class='ocr_carea' id='block_1_29' title="bbox 255 2634 1854 2714">
    <p class='ocr_par' dir='ltr' id='par_1_29' title="bbox 255 2634 1854 2714">
     <span class='ocr_line' id='line_1_29' title="bbox 255 2634 1854 2714; baseline 0.001 -24"><span class='ocrx_word' id='word_1_190' title='bbox 255 2641 344 2690; x_wconf 79' lang='grc' dir='ltr'>τὸν</span> <span class='ocrx_word' id='word_1_191' title='bbox 399 2637 658 2714; x_wconf 76' lang='grc' dir='ltr'><strong>Ἀϐραάμ.</strong></span> <span class='ocrx_word' id='word_1_192' title='bbox 721 2645 951 2692; x_wconf 72' lang='grc' dir='ltr'>Τοιαῦτα</span> <span class='ocrx_word' id='word_1_193' title='bbox 1001 2642 1104 2713; x_wconf 75' lang='grc' dir='ltr'><strong>γὰρ</strong></span> <span class='ocrx_word' id='word_1_194' title='bbox 1153 2642 1219 2691; x_wconf 82' lang='grc' dir='ltr'>τὰ</span> <span class='ocrx_word' id='word_1_195' title='bbox 1282 2647 1382 2690; x_wconf 82' lang='grc' dir='ltr'>τῶν</span> <span class='ocrx_word' id='word_1_196' title='bbox 1442 2634 1712 2692; x_wconf 75' lang='grc' dir='ltr'><strong>Ἰουδαίων</strong></span> <span class='ocrx_word' id='word_1_197' title='bbox 1766 2639 1854 2691; x_wconf 70' lang='grc' dir='ltr'><strong>αὖ·</strong></span> 
     </span>
    </p>
   </div>
   <div class='ocr_carea' id='block_1_30' title="bbox 902 2548 1301 2610">
    <p class='ocr_par' dir='ltr' id='par_1_30' title="bbox 902 2548 1301 2610">
     <span class='ocr_line' id='line_1_30' title="bbox 902 2548 1301 2610; baseline 0.003 -9"><span class='ocrx_word' id='word_1_198' title='bbox 902 2548 950 2601; x_wconf 83' lang='grc' dir='ltr'>ἐν</span> <span class='ocrx_word' id='word_1_199' title='bbox 1033 2549 1232 2610; x_wconf 82' lang='grc' dir='ltr'>ἑαυτοῖς</span> <span class='ocrx_word' id='word_1_200' title='bbox 1288 2565 1301 2578; x_wconf 91' lang='grc'><strong>·</strong></span> 
     </span>
    </p>
   </div>
   <div class='ocr_carea' id='block_1_31' title="bbox 252 2725 1853 2802">
    <p class='ocr_par' dir='ltr' id='par_1_31' title="bbox 252 2725 1853 2802">
     <span class='ocr_line' id='line_1_31' title="bbox 252 2725 1853 2802; baseline 0 -23"><span class='ocrx_word' id='word_1_201' title='bbox 252 2732 482 2799; x_wconf 79' lang='grc' dir='ltr'>χήματα</span> <span class='ocrx_word' id='word_1_202' title='bbox 547 2729 795 2800; x_wconf 71' lang='grc' dir='ltr'><strong>(48).Μή</strong></span> <span class='ocrx_word' id='word_1_203' title='bbox 855 2731 1063 2801; x_wconf 71' lang='grc' dir='ltr'>ἔχοντες</span> <span class='ocrx_word' id='word_1_204' title='bbox 1120 2730 1222 2801; x_wconf 70' lang='grc' dir='ltr'><strong>γὰρ</strong></span> <span class='ocrx_word' id='word_1_205' title='bbox 1266 2728 1483 2790; x_wconf 78' lang='grc' dir='ltr'>οἰκείαις</span> <span class='ocrx_word' id='word_1_206' title='bbox 1545 2725 1751 2802; x_wconf 77' lang='grc' dir='ltr'><strong>ἀρεταῖς</strong></span> <span class='ocrx_word' id='word_1_207' title='bbox 1781 2726 1853 2780; x_wconf 78' lang='grc' dir='ltr'><strong>ἐν·</strong></span> 
     </span>
    </p>
   </div>
   <div class='ocr_carea' id='block_1_32' title="bbox 258 2816 1852 2891">
    <p class='ocr_par' dir='ltr' id='par_1_32' title="bbox 258 2816 1852 2891">
     <span class='ocr_line' id='line_1_32' title="bbox 258 2816 1852 2891; baseline 0.001 -22"><span class='ocrx_word' id='word_1_208' title='bbox 258 2819 622 2889; x_wconf 55' lang='grc' dir='ltr'>σεμνύνεσθαι,</span> <span class='ocrx_word' id='word_1_209' title='bbox 692 2823 786 2878; x_wconf 76' lang='grc' dir='ltr'>τὴν</span> <span class='ocrx_word' id='word_1_210' title='bbox 853 2828 953 2870; x_wconf 79' lang='grc' dir='ltr'>τῶν</span> <span class='ocrx_word' id='word_1_211' title='bbox 1031 2822 1298 2891; x_wconf 76' lang='grc' dir='ltr'>προγόνων</span> <span class='ocrx_word' id='word_1_212' title='bbox 1383 2816 1637 2889; x_wconf 68' lang='grc' dir='ltr'>εὐγένειαν</span> <span class='ocrx_word' id='word_1_213' title='bbox 1704 2837 1852 2891; x_wconf 84' lang='grc' dir='ltr'>προε-</span> 
     </span>
    </p>
   </div>
   <div class='ocr_carea' id='block_1_33' title="bbox 257 2904 1859 2980">
    <p class='ocr_par' dir='ltr' id='par_1_33' title="bbox 257 2904 1859 2980">
     <span class='ocr_line' id='line_1_33' title="bbox 257 2904 1859 2980; baseline 0.001 -24"><span class='ocrx_word' id='word_1_214' title='bbox 257 2905 518 2960; x_wconf 64' lang='grc' dir='ltr'>ϐάλλοντο.</span> <span class='ocrx_word' id='word_1_215' title='bbox 549 2913 610 2961; x_wconf 86' lang='grc' dir='ltr'>Τί</span> <span class='ocrx_word' id='word_1_216' title='bbox 641 2904 728 2960; x_wconf 78' lang='grc' dir='ltr'>οὖν</span> <span class='ocrx_word' id='word_1_217' title='bbox 760 2909 783 2959; x_wconf 80' lang='grc' dir='ltr'>ὁ</span> <span class='ocrx_word' id='word_1_218' title='bbox 821 2911 1047 2980; x_wconf 77' lang='grc' dir='ltr'>Χριστός</span> <span class='ocrx_word' id='word_1_219' title='bbox 1078 2925 1090 2975; x_wconf 89' lang='grc'><strong>;</strong></span> <span class='ocrx_word' id='word_1_220' title='bbox 1126 2907 1236 2959; x_wconf 68' lang='grc' dir='ltr'><strong>Οὐκ</strong></span> <span class='ocrx_word' id='word_1_221' title='bbox 1267 2906 1471 2978; x_wconf 72' lang='grc' dir='ltr'>ἤλεγξεν</span> <span class='ocrx_word' id='word_1_222' title='bbox 1513 2906 1702 2968; x_wconf 69' lang='grc' dir='ltr'>αὐτοὺς</span> <span class='ocrx_word' id='word_1_223' title='bbox 1730 2905 1859 2959; x_wconf 91' lang='grc' dir='ltr'>πολ-</span> 
     </span>
    </p>
   </div>
   <div class='ocr_carea' id='block_1_34' title="bbox 255 2994 1858 3070">
    <p class='ocr_par' dir='ltr' id='par_1_34' title="bbox 255 2994 1858 3070">
     <span class='ocr_line' id='line_1_34' title="bbox 255 2994 1858 3070; baseline 0.001 -22"><span class='ocrx_word' id='word_1_224' title='bbox 255 2997 407 3059; x_wconf 77' lang='grc' dir='ltr'>λάκις</span> <span class='ocrx_word' id='word_1_225' title='bbox 463 2994 842 3059; x_wconf 71' lang='grc' dir='ltr'><strong>δουλεύσαντας</strong></span> <span class='ocrx_word' id='word_1_226' title='bbox 902 2998 1202 3070; x_wconf 75' lang='grc' dir='ltr'><strong>Αἰγυπτίοις</strong></span> <span class='ocrx_word' id='word_1_227' title='bbox 1269 3003 1353 3050; x_wconf 81' lang='grc' dir='ltr'><strong>καὶ</strong></span> <span class='ocrx_word' id='word_1_228' title='bbox 1409 2995 1747 3058; x_wconf 77' lang='grc' dir='ltr'>Βαϐυλωνίοις</span> <span class='ocrx_word' id='word_1_229' title='bbox 1769 3002 1858 3050; x_wconf 84' lang='grc' dir='ltr'>καὶ</span> 
     </span>
    </p>
   </div>
   <div class='ocr_carea' id='block_1_35' title="bbox 258 3083 1860 3162">
    <p class='ocr_par' dir='ltr' id='par_1_35' title="bbox 258 3083 1860 3162">
     <span class='ocr_line' id='line_1_35' title="bbox 258 3083 1860 3162; baseline 0 -24"><span class='ocrx_word' id='word_1_230' title='bbox 258 3083 527 3162; x_wconf 76' lang='grc' dir='ltr'>διαφόροις</span> <span class='ocrx_word' id='word_1_231' title='bbox 554 3088 728 3148; x_wconf 70' lang='grc' dir='ltr'>ἄλλοις</span> <span class='ocrx_word' id='word_1_232' title='bbox 771 3090 964 3140; x_wconf 78' lang='grc' dir='ltr'>ἔθνεσιν</span> <span class='ocrx_word' id='word_1_233' title='bbox 1001 3105 1013 3117; x_wconf 87' lang='grc'><strong>·</strong></span> <span class='ocrx_word' id='word_1_234' title='bbox 1050 3086 1176 3139; x_wconf 78' lang='grc' dir='ltr'><strong>ἀλλά</strong></span> <span class='ocrx_word' id='word_1_235' title='bbox 1216 3089 1409 3144; x_wconf 72' lang='grc' dir='ltr'>ταύτην</span> <span class='ocrx_word' id='word_1_236' title='bbox 1457 3089 1546 3158; x_wconf 74' lang='grc' dir='ltr'><strong>μὲν</strong></span> <span class='ocrx_word' id='word_1_237' title='bbox 1585 3091 1678 3144; x_wconf 81' lang='grc' dir='ltr'>τὴν</span> <span class='ocrx_word' id='word_1_238' title='bbox 1732 3083 1860 3139; x_wconf 88' lang='grc' dir='ltr'>δον-</span> 
     </span>
    </p>
   </div>
   <div class='ocr_carea' id='block_1_36' title="bbox 253 3173 1858 3253">
    <p class='ocr_par' dir='ltr' id='par_1_36' title="bbox 253 3173 1858 3253">
     <span class='ocr_line' id='line_1_36' title="bbox 253 3173 1858 3253; baseline -0.002 -24"><span class='ocrx_word' id='word_1_239' title='bbox 253 3176 396 3229; x_wconf 86' lang='grc' dir='ltr'>λείαν</span> <span class='ocrx_word' id='word_1_240' title='bbox 433 3175 765 3253; x_wconf 71' lang='grc' dir='ltr'>παρέδραμεν</span> <span class='ocrx_word' id='word_1_241' title='bbox 801 3180 865 3238; x_wconf 77' lang='grc' dir='ltr'>ὡς</span> <span class='ocrx_word' id='word_1_242' title='bbox 917 3173 1067 3230; x_wconf 67' lang='grc' dir='ltr'>οὐδὲν</span> <span class='ocrx_word' id='word_1_243' title='bbox 1100 3175 1440 3249; x_wconf 74' lang='grc' dir='ltr'>βλάπτουσαν</span> <span class='ocrx_word' id='word_1_244' title='bbox 1483 3180 1577 3234; x_wconf 75' lang='grc' dir='ltr'>τὴν</span> <span class='ocrx_word' id='word_1_245' title='bbox 1615 3175 1858 3248; x_wconf 79' lang='grc' dir='ltr'>ψυχικὴν</span> 
     </span>
    </p>
   </div>
   <div class='ocr_carea' id='block_1_37' title="bbox 253 3263 1857 3343">
    <p class='ocr_par' dir='ltr' id='par_1_37' title="bbox 253 3263 1857 3343">
     <span class='ocr_line' id='line_1_37' title="bbox 253 3263 1857 3343; baseline -0.001 -25"><span class='ocrx_word' id='word_1_246' title='bbox 253 3267 533 3337; x_wconf 65' lang='grc' dir='ltr'>εὐγένειαν.</span> <span class='ocrx_word' id='word_1_247' title='bbox 568 3272 684 3343; x_wconf 87' lang='grc' dir='ltr'>περὶ</span> <span class='ocrx_word' id='word_1_248' title='bbox 736 3263 795 3320; x_wconf 71' lang='grc' dir='ltr'>δὲ</span> <span class='ocrx_word' id='word_1_249' title='bbox 847 3275 943 3328; x_wconf 84' lang='grc' dir='ltr'>τῆς</span> <span class='ocrx_word' id='word_1_250' title='bbox 995 3265 1253 3341; x_wconf 79' lang='grc' dir='ltr'>ἁμαρτίας</span> <span class='ocrx_word' id='word_1_251' title='bbox 1313 3270 1492 3338; x_wconf 74' lang='grc' dir='ltr'>φησὶν,</span> <span class='ocrx_word' id='word_1_252' title='bbox 1527 3268 1640 3326; x_wconf 78' lang='grc' dir='ltr'>ἣτις</span> <span class='ocrx_word' id='word_1_253' title='bbox 1695 3265 1857 3324; x_wconf 64' lang='grc' dir='ltr'>αὐτὴν</span> 
     </span>
    </p>
   </div>
   <div class='ocr_carea' id='block_1_38' title="bbox 256 3353 1860 3429">
    <p class='ocr_par' dir='ltr' id='par_1_38' title="bbox 256 3353 1860 3429">
     <span class='ocr_line' id='line_1_38' title="bbox 256 3353 1860 3429; baseline 0 -23"><span class='ocrx_word' id='word_1_254' title='bbox 256 3355 486 3429; x_wconf 76' lang='grc' dir='ltr'>βλάπτει</span> <span class='ocrx_word' id='word_1_255' title='bbox 514 3353 941 3422; x_wconf 82' lang='grc' dir='ltr'>καταδουλοῦσα,</span> <span class='ocrx_word' id='word_1_256' title='bbox 976 3353 1034 3417; x_wconf 76' lang='grc' dir='ltr'>ἧς</span> <span class='ocrx_word' id='word_1_257' title='bbox 1060 3357 1089 3414; x_wconf 74' lang='grc' dir='ltr'>ἡ</span> <span class='ocrx_word' id='word_1_258' title='bbox 1127 3353 1340 3410; x_wconf 84' lang='grc' dir='ltr'>δουλεία</span> <span class='ocrx_word' id='word_1_259' title='bbox 1367 3354 1742 3428; x_wconf 77' lang='grc' dir='ltr'>χαλεπωτάτη,</span> <span class='ocrx_word' id='word_1_260' title='bbox 1775 3353 1860 3427; x_wconf 72' lang='grc' dir='ltr'><strong>ἀφ’</strong></span> 
     </span>
    </p>
   </div>
   <div class='ocr_carea' id='block_1_39' title="bbox 253 3445 1861 3522">
    <p class='ocr_par' dir='ltr' id='par_1_39' title="bbox 253 3445 1861 3522">
     <span class='ocr_line' id='line_1_39' title="bbox 253 3445 1861 3522; baseline -0.001 -25"><span class='ocrx_word' id='word_1_261' title='bbox 253 3447 317 3504; x_wconf 76' lang='grc' dir='ltr'>ἧς</span> <span class='ocrx_word' id='word_1_262' title='bbox 349 3445 604 3522; x_wconf 82' lang='grc' dir='ltr'>ἐλευθεροῖ</span> <span class='ocrx_word' id='word_1_263' title='bbox 626 3447 731 3519; x_wconf 73' lang='grc' dir='ltr'><strong>οὐχ</strong></span> <span class='ocrx_word' id='word_1_264' title='bbox 754 3447 934 3519; x_wconf 80' lang='grc' dir='ltr'>ἔτερος,</span> <span class='ocrx_word' id='word_1_265' title='bbox 967 3445 1074 3498; x_wconf 74' lang='grc' dir='ltr'>ἀλλ’</span> <span class='ocrx_word' id='word_1_266' title='bbox 1116 3446 1144 3504; x_wconf 77' lang='grc' dir='ltr'>ἦ</span> <span class='ocrx_word' id='word_1_267' title='bbox 1188 3450 1342 3519; x_wconf 81' lang='grc' dir='ltr'>μόνος</span> <span class='ocrx_word' id='word_1_268' title='bbox 1387 3446 1411 3497; x_wconf 87' lang='grc' dir='ltr'><em>ὁ</em></span> <span class='ocrx_word' id='word_1_269' title='bbox 1458 3448 1686 3518; x_wconf 82' lang='grc' dir='ltr'>Χριστὸς</span> <span class='ocrx_word' id='word_1_270' title='bbox 1713 3449 1803 3497; x_wconf 82' lang='grc' dir='ltr'>καὶ</span> <span class='ocrx_word' id='word_1_271' title='bbox 1831 3446 1861 3503; x_wconf 81' lang='grc' dir='ltr'>ἡ</span> 
     </span>
    </p>
   </div>
   <div class='ocr_carea' id='block_1_40' title="bbox 258 3533 805 3594">
    <p class='ocr_par' dir='ltr' id='par_1_40' title="bbox 258 3533 805 3594">
     <span class='ocr_line' id='line_1_40' title="bbox 258 3533 805 3594; baseline -0.004 -4"><span class='ocrx_word' id='word_1_272' title='bbox 258 3533 594 3590; x_wconf 81' lang='grc' dir='ltr'>διδασκαλία</span> <span class='ocrx_word' id='word_1_273' title='bbox 619 3536 805 3594; x_wconf 65' lang='grc' dir='ltr'>αὐτοῦ.</span> 
     </span>
    </p>
   </div>
   <div class='ocr_carea' id='block_1_41' title="bbox 335 3621 1866 3700">
    <p class='ocr_par' dir='ltr' id='par_1_41' title="bbox 335 3621 1866 3700">
     <span class='ocr_line' id='line_1_41' title="bbox 335 3621 1866 3700; baseline -0.001 -22"><span class='ocrx_word' id='word_1_274' title='bbox 335 3627 617 3700; x_wconf 83' lang='grc' dir='ltr'>Ἀπεκρίθη</span> <span class='ocrx_word' id='word_1_275' title='bbox 677 3657 744 3668; x_wconf 91' lang='grc'><strong><em>--</em></strong></span> <span class='ocrx_word' id='word_1_276' title='bbox 803 3625 1082 3700; x_wconf 76' lang='grc' dir='ltr'>ἁμαρτίας.</span> <span class='ocrx_word' id='word_1_277' title='bbox 1146 3629 1415 3678; x_wconf 84' lang='grc' dir='ltr'>Δείκνυσιν</span> <span class='ocrx_word' id='word_1_278' title='bbox 1478 3625 1560 3678; x_wconf 84' lang='grc' dir='ltr'>ὅτι</span> <span class='ocrx_word' id='word_1_279' title='bbox 1627 3621 1866 3676; x_wconf 77' lang='grc' dir='ltr'>δουλείαν</span> 
     </span>
    </p>
   </div>
   <div class='ocr_carea' id='block_1_42' title="bbox 260 3711 1872 3788">
    <p class='ocr_par' dir='ltr' id='par_1_42' title="bbox 260 3711 1872 3788">
     <span class='ocr_line' id='line_1_42' title="bbox 260 3711 1872 3788; baseline -0.001 -20"><span class='ocrx_word' id='word_1_280' title='bbox 260 3715 493 3788; x_wconf 69' lang='grc' dir='ltr'>ἐνέφηνεν</span> <span class='ocrx_word' id='word_1_281' title='bbox 541 3713 776 3786; x_wconf 82' lang='grc' dir='ltr'>ἀνωτέρω</span> <span class='ocrx_word' id='word_1_282' title='bbox 805 3719 900 3774; x_wconf 85' lang='grc' dir='ltr'>τὴν</span> <span class='ocrx_word' id='word_1_283' title='bbox 951 3713 1003 3778; x_wconf 76' lang='grc' dir='ltr'>ἐξ</span> <span class='ocrx_word' id='word_1_284' title='bbox 1032 3713 1313 3788; x_wconf 76' lang='grc' dir='ltr'>ἁμαρτίας,</span> <span class='ocrx_word' id='word_1_285' title='bbox 1350 3713 1408 3766; x_wconf 69' lang='grc' dir='ltr'><strong>οὗ</strong></span> <span class='ocrx_word' id='word_1_286' title='bbox 1462 3719 1556 3772; x_wconf 75' lang='grc' dir='ltr'>τὴν</span> <span class='ocrx_word' id='word_1_287' title='bbox 1605 3716 1660 3766; x_wconf 82' lang='grc' dir='ltr'><strong>ἐκ</strong></span> <span class='ocrx_word' id='word_1_288' title='bbox 1715 3711 1872 3766; x_wconf 68' lang='grc' dir='ltr'>δυνα-</span> 
     </span>
    </p>
   </div>
   <div class='ocr_carea' id='block_1_43' title="bbox 265 3801 1870 3878">
    <p class='ocr_par' dir='ltr' id='par_1_43' title="bbox 265 3801 1870 3878">
     <span class='ocr_line' id='line_1_43' title="bbox 265 3801 1870 3878; baseline -0.002 -20"><span class='ocrx_word' id='word_1_289' title='bbox 265 3810 445 3867; x_wconf 84' lang='grc' dir='ltr'>στείας</span> <span class='ocrx_word' id='word_1_290' title='bbox 473 3803 766 3878; x_wconf 80' lang='grc' dir='ltr'>ἀνθρώπου.</span> <span class='ocrx_word' id='word_1_291' title='bbox 814 3803 925 3857; x_wconf 83' lang='grc' dir='ltr'>Ἰνα</span> <span class='ocrx_word' id='word_1_292' title='bbox 956 3801 1014 3856; x_wconf 70' lang='grc' dir='ltr'>δὲ</span> <span class='ocrx_word' id='word_1_293' title='bbox 1045 3808 1116 3874; x_wconf 83' lang='grc' dir='ltr'>μὴ</span> <span class='ocrx_word' id='word_1_294' title='bbox 1169 3807 1405 3868; x_wconf 83' lang='grc' dir='ltr'>εἴπωσιν,</span> <span class='ocrx_word' id='word_1_295' title='bbox 1439 3804 1516 3855; x_wconf 83' lang='grc' dir='ltr'>ὅτι</span> <span class='ocrx_word' id='word_1_296' title='bbox 1544 3803 1603 3856; x_wconf 87' lang='grc' dir='ltr'>Ὁ</span> <span class='ocrx_word' id='word_1_297' title='bbox 1639 3810 1870 3865; x_wconf 74' lang='grc' dir='ltr'>Μωυσῆς</span> 
     </span>
    </p>
   </div>
   <div class='ocr_carea' id='block_1_44' title="bbox 262 3889 1874 3969">
    <p class='ocr_par' dir='ltr' id='par_1_44' title="bbox 262 3889 1874 3969">
     <span class='ocr_line' id='line_1_44' title="bbox 262 3889 1874 3969; baseline -0.001 -23"><span class='ocrx_word' id='word_1_298' title='bbox 262 3897 406 3966; x_wconf 78' lang='grc' dir='ltr'>ἡμᾶς</span> <span class='ocrx_word' id='word_1_299' title='bbox 432 3893 757 3969; x_wconf 80' lang='grc' dir='ltr'>ἐλευθερώσει</span> <span class='ocrx_word' id='word_1_300' title='bbox 789 3895 1006 3962; x_wconf 76' lang='grc' dir='ltr'>ταύτης,</span> <span class='ocrx_word' id='word_1_301' title='bbox 1050 3889 1288 3946; x_wconf 87' lang='grc' dir='ltr'>δείκνυσι</span> <span class='ocrx_word' id='word_1_302' title='bbox 1320 3889 1413 3944; x_wconf 72' lang='grc' dir='ltr'><strong>διὰ</strong></span> <span class='ocrx_word' id='word_1_303' title='bbox 1463 3891 1766 3964; x_wconf 80' lang='grc' dir='ltr'>παραϐολῆς</span> <span class='ocrx_word' id='word_1_304' title='bbox 1793 3895 1874 3944; x_wconf 82' lang='grc' dir='ltr'>ὅτι</span> 
     </span>
    </p>
   </div>
   <div class='ocr_carea' id='block_1_45' title="bbox 265 3978 1874 4056">
    <p class='ocr_par' dir='ltr' id='par_1_45' title="bbox 265 3978 1874 4056">
     <span class='ocr_line' id='line_1_45' title="bbox 265 3978 1874 4056; baseline -0.002 -19"><span class='ocrx_word' id='word_1_305' title='bbox 265 3984 365 4037; x_wconf 64' lang='grc' dir='ltr'>οὐκ</span> <span class='ocrx_word' id='word_1_306' title='bbox 404 3986 516 4056; x_wconf 75' lang='grc' dir='ltr'>ἔχει</span> <span class='ocrx_word' id='word_1_307' title='bbox 565 3982 753 4046; x_wconf 84' lang='grc' dir='ltr'>ἐκεῖνος</span> <span class='ocrx_word' id='word_1_308' title='bbox 801 3981 1055 4048; x_wconf 75' lang='grc' dir='ltr'>ἐξουσίαν,</span> <span class='ocrx_word' id='word_1_309' title='bbox 1100 3978 1286 4043; x_wconf 72' lang='grc' dir='ltr'>δοῦλος</span> <span class='ocrx_word' id='word_1_310' title='bbox 1333 3981 1420 4052; x_wconf 72' lang='grc' dir='ltr'>ὡν,</span> <span class='ocrx_word' id='word_1_311' title='bbox 1469 3980 1578 4032; x_wconf 82' lang='grc' dir='ltr'>ἀλλ’</span> <span class='ocrx_word' id='word_1_312' title='bbox 1627 3981 1784 4043; x_wconf 70' lang='grc' dir='ltr'>αὐτὸς</span> <span class='ocrx_word' id='word_1_313' title='bbox 1810 3984 1874 4042; x_wconf 85' lang='grc' dir='ltr'>ὡς</span> 
     </span>
    </p>
   </div>
   <div class='ocr_carea' id='block_1_46' title="bbox 265 4077 411 4137">
    <p class='ocr_par' dir='ltr' id='par_1_46' title="bbox 265 4077 411 4137">
     <span class='ocr_line' id='line_1_46' title="bbox 265 4077 411 4137; baseline -0.021 -8"><span class='ocrx_word' id='word_1_314' title='bbox 265 4077 411 4137; x_wconf 83' lang='grc' dir='ltr'>Υἱὸς.</span> 
     </span>
    </p>
   </div>
   <div class='ocr_carea' id='block_1_47' title="bbox 340 4155 1877 4233">
    <p class='ocr_par' dir='ltr' id='par_1_47' title="bbox 340 4155 1877 4233">
     <span class='ocr_line' id='line_1_47' title="bbox 340 4155 1877 4233; baseline -0.001 -18"><span class='ocrx_word' id='word_1_315' title='bbox 340 4162 398 4215; x_wconf 68' lang='grc' dir='ltr'>Ὀ</span> <span class='ocrx_word' id='word_1_316' title='bbox 440 4158 499 4216; x_wconf 74' lang='grc' dir='ltr'>δὲ</span> <span class='ocrx_word' id='word_1_317' title='bbox 530 4159 716 4224; x_wconf 76' lang='grc' dir='ltr'>δοῦλος</span> <span class='ocrx_word' id='word_1_318' title='bbox 761 4195 831 4203; x_wconf 87' lang='lat'><strong>-—</strong></span> <span class='ocrx_word' id='word_1_319' title='bbox 871 4161 1050 4214; x_wconf 83' lang='grc' dir='ltr'>αἰῶνα.</span> <span class='ocrx_word' id='word_1_320' title='bbox 1105 4159 1164 4212; x_wconf 81' lang='grc' dir='ltr'><strong>Ὀ</strong></span> <span class='ocrx_word' id='word_1_321' title='bbox 1217 4155 1398 4220; x_wconf 73' lang='grc' dir='ltr'>δουλος</span> <span class='ocrx_word' id='word_1_322' title='bbox 1464 4158 1521 4211; x_wconf 68' lang='grc' dir='ltr'><strong>οὗ</strong></span> <span class='ocrx_word' id='word_1_323' title='bbox 1567 4159 1877 4233; x_wconf 72' lang='grc' dir='ltr'>κληρονομεῖ</span> 
     </span>
    </p>
   </div>
   <div class='ocr_carea' id='block_1_48' title="bbox 263 4248 1876 4325">
    <p class='ocr_par' dir='ltr' id='par_1_48' title="bbox 263 4248 1876 4325">
     <span class='ocr_line' id='line_1_48' title="bbox 263 4248 1876 4325; baseline -0.002 -21"><span class='ocrx_word' id='word_1_324' title='bbox 263 4257 358 4310; x_wconf 71' lang='grc' dir='ltr'><strong>την</strong></span> <span class='ocrx_word' id='word_1_325' title='bbox 391 4253 556 4304; x_wconf 80' lang='grc' dir='ltr'>οἰκίαν</span> <span class='ocrx_word' id='word_1_326' title='bbox 597 4260 687 4304; x_wconf 77' lang='grc' dir='ltr'>τοῦ</span> <span class='ocrx_word' id='word_1_327' title='bbox 717 4271 902 4325; x_wconf 80' lang='grc' dir='ltr'>κυριου</span> <span class='ocrx_word' id='word_1_328' title='bbox 953 4251 1108 4303; x_wconf 66' lang='grc' dir='ltr'>αὐτοῦ</span> <span class='ocrx_word' id='word_1_329' title='bbox 1142 4267 1152 4278; x_wconf 94' lang='grc'><strong>·</strong></span> <span class='ocrx_word' id='word_1_330' title='bbox 1195 4249 1220 4301; x_wconf 85' lang='grc' dir='ltr'>ὁ</span> <span class='ocrx_word' id='word_1_331' title='bbox 1272 4251 1384 4310; x_wconf 81' lang='grc' dir='ltr'>υἱὸς</span> <span class='ocrx_word' id='word_1_332' title='bbox 1439 4248 1738 4320; x_wconf 86' lang='grc' dir='ltr'>κληρονομεί</span> <span class='ocrx_word' id='word_1_333' title='bbox 1787 4248 1876 4300; x_wconf 69' lang='grc' dir='ltr'><strong>αὖ-</strong></span> 
     </span>
    </p>
   </div>
   <div class='ocr_carea' id='block_1_49' title="bbox 265 4337 1876 4412">
    <p class='ocr_par' dir='ltr' id='par_1_49' title="bbox 265 4337 1876 4412">
     <span class='ocr_line' id='line_1_49' title="bbox 265 4337 1876 4412; baseline -0.003 -17"><span class='ocrx_word' id='word_1_334' title='bbox 265 4348 385 4400; x_wconf 79' lang='grc' dir='ltr'><strong>τὴν.</strong></span> <span class='ocrx_word' id='word_1_335' title='bbox 438 4346 634 4396; x_wconf 82' lang='grc' dir='ltr'>Λοιπὸν</span> <span class='ocrx_word' id='word_1_336' title='bbox 684 4341 869 4404; x_wconf 82' lang='grc' dir='ltr'>ἐκεῖνος</span> <span class='ocrx_word' id='word_1_337' title='bbox 915 4340 1026 4412; x_wconf 78' lang='grc'><strong>(49)</strong></span> <span class='ocrx_word' id='word_1_338' title='bbox 1060 4339 1153 4391; x_wconf 65' lang='grc' dir='ltr'>οὐκ</span> <span class='ocrx_word' id='word_1_339' title='bbox 1202 4341 1315 4410; x_wconf 82' lang='grc' dir='ltr'>ἔχει</span> <span class='ocrx_word' id='word_1_340' title='bbox 1385 4338 1625 4400; x_wconf 78' lang='grc' dir='ltr'>ἐξουσίαν</span> <span class='ocrx_word' id='word_1_341' title='bbox 1683 4337 1876 4390; x_wconf 81' lang='grc' dir='ltr'>ἐλευθε-</span> 
     </span>
    </p>
   </div>
   <div class='ocr_carea' id='block_1_50' title="bbox 263 4426 1871 4509">
    <p class='ocr_par' dir='ltr' id='par_1_50' title="bbox 263 4426 1871 4509">
     <span class='ocr_line' id='line_1_50' title="bbox 263 4426 1871 4509; baseline -0.003 -25"><span class='ocrx_word' id='word_1_342' title='bbox 263 4441 413 4509; x_wconf 75' lang='grc' dir='ltr'>ροῦν,</span> <span class='ocrx_word' id='word_1_343' title='bbox 458 4428 642 4495; x_wconf 68' lang='grc' dir='ltr'>δοῦλος</span> <span class='ocrx_word' id='word_1_344' title='bbox 707 4436 775 4484; x_wconf 81' lang='grc' dir='ltr'>ὧν</span> <span class='ocrx_word' id='word_1_345' title='bbox 840 4450 851 4463; x_wconf 94' lang='grc'>·</span> <span class='ocrx_word' id='word_1_346' title='bbox 893 4429 990 4501; x_wconf 75' lang='grc' dir='ltr'><strong>ἐγὼ</strong></span> <span class='ocrx_word' id='word_1_347' title='bbox 1055 4432 1164 4501; x_wconf 80' lang='grc' dir='ltr'><strong>ἔχω</strong></span> <span class='ocrx_word' id='word_1_348' title='bbox 1231 4427 1469 4490; x_wconf 85' lang='grc' dir='ltr'>ἐξουσίαν</span> <span class='ocrx_word' id='word_1_349' title='bbox 1552 4426 1871 4500; x_wconf 74' lang='grc' dir='ltr'>ἐλευθεροῦν,</span> 
     </span>
    </p>
   </div>
   <div class='ocr_carea' id='block_1_51' title="bbox 1948 587 2592 655">
    <p class='ocr_par' dir='ltr' id='par_1_51' title="bbox 1948 587 2592 655">
     <span class='ocr_line' id='line_1_51' title="bbox 1948 587 2592 655; baseline 0.006 -14"><span class='ocrx_word' id='word_1_350' title='bbox 1948 587 2144 655; x_wconf 82' lang='lat' dir='ltr'><strong>magis</strong></span> <span class='ocrx_word' id='word_1_351' title='bbox 2173 587 2592 645; x_wconf 88' lang='lat' dir='ltr'><strong>deﬂectebant.</strong></span> 
     </span>
    </p>
   </div>
   <div class='ocr_carea' id='block_1_52' title="bbox 2025 675 3613 755">
    <p class='ocr_par' dir='ltr' id='par_1_52' title="bbox 2025 675 3613 755">
     <span class='ocr_line' id='line_1_52' title="bbox 2025 675 3613 755; baseline 0.006 -25"><span class='ocrx_word' id='word_1_352' title='bbox 2025 675 2182 731; x_wconf 86' lang='lat' dir='ltr'><strong>Vers.</strong></span> <span class='ocrx_word' id='word_1_353' title='bbox 2213 681 2300 732; x_wconf 88' lang='lat' dir='ltr'><strong>3t.</strong></span> <span class='ocrx_word' id='word_1_354' title='bbox 2336 677 2499 733; x_wconf 68' lang='lat' dir='ltr'><strong>Dixit</strong></span> <span class='ocrx_word' id='word_1_355' title='bbox 2527 709 2590 718; x_wconf 86' lang='lat'>—</span> <span class='ocrx_word' id='word_1_356' title='bbox 2624 678 2878 736; x_wconf 72' lang='lat' dir='ltr'><strong>Iudaeos.</strong></span> <span class='ocrx_word' id='word_1_357' title='bbox 2913 681 3002 737; x_wconf 85' lang='lat' dir='ltr'><strong>Ad</strong></span> <span class='ocrx_word' id='word_1_358' title='bbox 3033 697 3159 752; x_wconf 89' lang='lat' dir='ltr'><strong>eos,</strong></span> <span class='ocrx_word' id='word_1_359' title='bbox 3185 681 3291 755; x_wconf 89' lang='lat' dir='ltr'><strong>qui</strong></span> <span class='ocrx_word' id='word_1_360' title='bbox 3337 687 3500 751; x_wconf 91' lang='lat' dir='ltr'><strong>tunc,</strong></span> <span class='ocrx_word' id='word_1_361' title='bbox 3551 687 3613 740; x_wconf 87' lang='lat' dir='ltr'><strong>ut</strong></span> 
     </span>
    </p>
   </div>
   <div class='ocr_carea' id='block_1_53' title="bbox 1951 766 2733 831">
    <p class='ocr_par' dir='ltr' id='par_1_53' title="bbox 1951 766 2733 831">
     <span class='ocr_line' id='line_1_53' title="bbox 1951 766 2733 831; baseline 0.005 -12"><span class='ocrx_word' id='word_1_362' title='bbox 1951 766 2176 820; x_wconf 89' lang='lat' dir='ltr'><strong>dictum</strong></span> <span class='ocrx_word' id='word_1_363' title='bbox 2204 770 2305 831; x_wconf 86' lang='lat' dir='ltr'><strong>est,</strong></span> <span class='ocrx_word' id='word_1_364' title='bbox 2340 767 2733 824; x_wconf 79' lang='lat' dir='ltr'><strong>crediderant.</strong></span> 
     </span>
    </p>
   </div>
   <div class='ocr_carea' id='block_1_54' title="bbox 2025 853 3617 931">
    <p class='ocr_par' dir='ltr' id='par_1_54' title="bbox 2025 853 3617 931">
     <span class='ocr_line' id='line_1_54' title="bbox 2025 853 3617 931; baseline 0.006 -23"><span class='ocrx_word' id='word_1_365' title='bbox 2025 853 2188 909; x_wconf 91' lang='lat' dir='ltr'><strong>Vers.</strong></span> <span class='ocrx_word' id='word_1_366' title='bbox 2215 854 2301 908; x_wconf 87' lang='lat' dir='ltr'><strong>3t.</strong></span> <span class='ocrx_word' id='word_1_367' title='bbox 2337 855 2418 909; x_wconf 83' lang='lat' dir='ltr'><strong>Sit</strong></span> <span class='ocrx_word' id='word_1_368' title='bbox 2442 856 2707 911; x_wconf 75' lang='lat' dir='ltr'><strong>—em&#39;tis.</strong></span> <span class='ocrx_word' id='word_1_369' title='bbox 2742 858 2800 913; x_wconf 92' lang='lat' dir='ltr'><strong>Si</strong></span> <span class='ocrx_word' id='word_1_370' title='bbox 2825 873 2928 914; x_wconf 90' lang='lat' dir='ltr'><strong>vos</strong></span> <span class='ocrx_word' id='word_1_371' title='bbox 2954 860 3428 931; x_wconf 85' lang='lat' dir='ltr'><strong>permanseritis,</strong></span> <span class='ocrx_word' id='word_1_372' title='bbox 3463 862 3617 918; x_wconf 84' lang='lat' dir='ltr'><strong>sicut</strong></span> 
     </span>
    </p>
   </div>
   <div class='ocr_carea' id='block_1_55' title="bbox 1954 943 3618 1019">
    <p class='ocr_par' dir='ltr' id='par_1_55' title="bbox 1954 943 3618 1019">
     <span class='ocr_line' id='line_1_55' title="bbox 1954 943 3618 1019; baseline 0.005 -21"><span class='ocrx_word' id='word_1_373' title='bbox 1954 943 2054 998; x_wconf 86' lang='lat' dir='ltr'><strong>alii</strong></span> <span class='ocrx_word' id='word_1_374' title='bbox 2085 960 2205 998; x_wconf 91' lang='lat' dir='ltr'><strong>non</strong></span> <span class='ocrx_word' id='word_1_375' title='bbox 2261 954 2739 1015; x_wconf 84' lang='lat' dir='ltr'><strong>permanserunt,</strong></span> <span class='ocrx_word' id='word_1_376' title='bbox 2782 946 2855 1002; x_wconf 92' lang='lat' dir='ltr'><strong>de</strong></span> <span class='ocrx_word' id='word_1_377' title='bbox 2885 949 3110 1019; x_wconf 88' lang='lat' dir='ltr'><strong>quibus</strong></span> <span class='ocrx_word' id='word_1_378' title='bbox 3159 949 3314 1004; x_wconf 82' lang='lat' dir='ltr'><strong>dixit</strong></span> <span class='ocrx_word' id='word_1_379' title='bbox 3362 965 3618 1019; x_wconf 88' lang='lat' dir='ltr'><strong>evange-</strong></span> 
     </span>
    </p>
   </div>
   <div class='ocr_carea' id='block_1_56' title="bbox 1954 1033 3616 1106">
    <p class='ocr_par' dir='ltr' id='par_1_56' title="bbox 1954 1033 3616 1106">
     <span class='ocr_line' id='line_1_56' title="bbox 1954 1033 3616 1106; baseline 0.004 -18"><span class='ocrx_word' id='word_1_380' title='bbox 1954 1033 2088 1088; x_wconf 81' lang='lat' dir='ltr'><strong>lista</strong></span> <span class='ocrx_word' id='word_1_381' title='bbox 2108 1050 2120 1088; x_wconf 89' lang='lat'>:</span> <span class='ocrx_word' id='word_1_382' title='bbox 2141 1034 2321 1088; x_wconf 77' lang='lat' dir='ltr'><strong>Multi</strong></span> <span class='ocrx_word' id='word_1_383' title='bbox 2342 1034 2726 1102; x_wconf 73' lang='lat' dir='ltr'><strong>exdiscipulis</strong></span> <span class='ocrx_word' id='word_1_384' title='bbox 2741 1038 2868 1106; x_wconf 84' lang='lat' dir='ltr'><strong>ejus</strong></span> <span class='ocrx_word' id='word_1_385' title='bbox 2893 1038 3171 1094; x_wconf 84' lang='lat' dir='ltr'><strong>abierunt</strong></span> <span class='ocrx_word' id='word_1_386' title='bbox 3199 1045 3544 1102; x_wconf 77' lang='lat' dir='ltr'><strong>retrorsum,</strong></span> <span class='ocrx_word' id='word_1_387' title='bbox 3559 1044 3616 1095; x_wconf 88' lang='lat' dir='ltr'><strong>et</strong></span> 
     </span>
    </p>
   </div>
   <div class='ocr_carea' id='block_1_57' title="bbox 1944 1125 3612 1200">
    <p class='ocr_par' dir='ltr' id='par_1_57' title="bbox 1944 1125 3612 1200">
     <span class='ocr_line' id='line_1_57' title="bbox 1944 1125 3612 1200; baseline 0.004 -24"><span class='ocrx_word' id='word_1_388' title='bbox 1944 1125 2078 1192; x_wconf 82' lang='lat' dir='ltr'><strong>jam</strong></span> <span class='ocrx_word' id='word_1_389' title='bbox 2121 1139 2238 1178; x_wconf 86' lang='lat' dir='ltr'><strong>non</strong></span> <span class='ocrx_word' id='word_1_390' title='bbox 2278 1138 2406 1178; x_wconf 85' lang='lat' dir='ltr'><strong>cum</strong></span> <span class='ocrx_word' id='word_1_391' title='bbox 2446 1140 2506 1178; x_wconf 90' lang='lat' dir='ltr'><strong>eo</strong></span> <span class='ocrx_word' id='word_1_392' title='bbox 2533 1125 2924 1182; x_wconf 77' lang='lat' dir='ltr'><strong>ambulabant</strong></span> <span class='ocrx_word' id='word_1_393' title='bbox 2954 1127 3022 1179; x_wconf 75' lang='grc'><strong>⁸⁵.</strong></span> <span class='ocrx_word' id='word_1_394' title='bbox 3061 1157 3126 1167; x_wconf 92' lang='grc'><strong><em>-</em></strong></span> <span class='ocrx_word' id='word_1_395' title='bbox 3152 1128 3214 1183; x_wconf 92' lang='lat' dir='ltr'><strong>Si</strong></span> <span class='ocrx_word' id='word_1_396' title='bbox 3246 1144 3365 1192; x_wconf 85' lang='lat' dir='ltr'><strong>vos,</strong></span> <span class='ocrx_word' id='word_1_397' title='bbox 3399 1129 3612 1200; x_wconf 89' lang='lat' dir='ltr'><strong>inquit,</strong></span> 
     </span>
    </p>
   </div>
   <div class='ocr_carea' id='block_1_58' title="bbox 1956 1212 3616 1280">
    <p class='ocr_par' dir='ltr' id='par_1_58' title="bbox 1956 1212 3616 1280">
     <span class='ocr_line' id='line_1_58' title="bbox 1956 1212 3616 1280; baseline 0.003 -13"><span class='ocrx_word' id='word_1_398' title='bbox 1956 1212 2462 1278; x_wconf 76' lang='lat' dir='ltr'><strong>perseveraveritis</strong></span> <span class='ocrx_word' id='word_1_399' title='bbox 2493 1214 2554 1267; x_wconf 82' lang='lat' dir='ltr'><strong>in</strong></span> <span class='ocrx_word' id='word_1_400' title='bbox 2597 1230 2848 1270; x_wconf 83' lang='lat' dir='ltr'><strong>sermone</strong></span> <span class='ocrx_word' id='word_1_401' title='bbox 2889 1231 3034 1280; x_wconf 88' lang='lat' dir='ltr'><strong>meo,</strong></span> <span class='ocrx_word' id='word_1_402' title='bbox 3071 1216 3195 1272; x_wconf 89' lang='lat' dir='ltr'><strong>sive</strong></span> <span class='ocrx_word' id='word_1_403' title='bbox 3252 1217 3311 1272; x_wconf 91' lang='lat' dir='ltr'><strong>in</strong></span> <span class='ocrx_word' id='word_1_404' title='bbox 3342 1216 3616 1272; x_wconf 82' lang='lat' dir='ltr'><strong>doctrina</strong></span> 
     </span>
    </p>
   </div>
   <div class='ocr_carea' id='block_1_59' title="bbox 1961 1301 3618 1376">
    <p class='ocr_par' dir='ltr' id='par_1_59' title="bbox 1961 1301 3618 1376">
     <span class='ocr_line' id='line_1_59' title="bbox 1961 1301 3618 1376; baseline 0.003 -21"><span class='ocrx_word' id='word_1_405' title='bbox 1961 1318 2112 1366; x_wconf 87' lang='lat' dir='ltr'><strong>mea,</strong></span> <span class='ocrx_word' id='word_1_406' title='bbox 2129 1317 2314 1372; x_wconf 90' lang='lat' dir='ltr'><strong>quam</strong></span> <span class='ocrx_word' id='word_1_407' title='bbox 2338 1317 2450 1372; x_wconf 86' lang='lat' dir='ltr'><strong>ego</strong></span> <span class='ocrx_word' id='word_1_408' title='bbox 2473 1301 2699 1358; x_wconf 90' lang='lat' dir='ltr'><strong>docebo</strong></span> <span class='ocrx_word' id='word_1_409' title='bbox 2721 1320 2844 1368; x_wconf 88' lang='lat' dir='ltr'><strong>vos,</strong></span> <span class='ocrx_word' id='word_1_410' title='bbox 2869 1310 3008 1360; x_wconf 85' lang='lat' dir='ltr'><strong>tune</strong></span> <span class='ocrx_word' id='word_1_411' title='bbox 3034 1321 3160 1362; x_wconf 75' lang='lat' dir='ltr'><strong>vere</strong></span> <span class='ocrx_word' id='word_1_412' title='bbox 3193 1306 3480 1376; x_wconf 80' lang='lat' dir='ltr'><strong>discipuli</strong></span> <span class='ocrx_word' id='word_1_413' title='bbox 3504 1306 3618 1362; x_wconf 85' lang='lat' dir='ltr'><strong>mei</strong></span> 
     </span>
    </p>
   </div>
   <div class='ocr_carea' id='block_1_60' title="bbox 1958 1390 2922 1456">
    <p class='ocr_par' dir='ltr' id='par_1_60' title="bbox 1958 1390 2922 1456">
     <span class='ocr_line' id='line_1_60' title="bbox 1958 1390 2922 1456; baseline 0.005 -9"><span class='ocrx_word' id='word_1_414' title='bbox 1958 1390 2121 1447; x_wconf 83' lang='lat' dir='ltr'><strong>eritis</strong></span> <span class='ocrx_word' id='word_1_415' title='bbox 2152 1391 2200 1426; x_wconf 75' lang='grc'>⁸⁸</span> <span class='ocrx_word' id='word_1_416' title='bbox 2225 1406 2240 1456; x_wconf 88' lang='lat'><strong>;</strong></span> <span class='ocrx_word' id='word_1_417' title='bbox 2270 1391 2537 1447; x_wconf 89' lang='lat' dir='ltr'><strong>nondum</strong></span> <span class='ocrx_word' id='word_1_418' title='bbox 2566 1392 2726 1448; x_wconf 88' lang='lat' dir='ltr'><strong>enim</strong></span> <span class='ocrx_word' id='word_1_419' title='bbox 2759 1394 2922 1452; x_wconf 90' lang='lat' dir='ltr'><strong>estis.</strong></span> 
     </span>
    </p>
   </div>
   <div class='ocr_carea' id='block_1_61' title="bbox 2034 1479 3614 1553">
    <p class='ocr_par' dir='ltr' id='par_1_61' title="bbox 2034 1479 3614 1553">
     <span class='ocr_line' id='line_1_61' title="bbox 2034 1479 3614 1553; baseline 0.006 -21"><span class='ocrx_word' id='word_1_420' title='bbox 2034 1479 2192 1535; x_wconf 87' lang='lat' dir='ltr'><strong>Vers.</strong></span> <span class='ocrx_word' id='word_1_421' title='bbox 2223 1482 2312 1538; x_wconf 85' lang='lat'><strong>32.</strong></span> <span class='ocrx_word' id='word_1_422' title='bbox 2352 1482 2429 1536; x_wconf 82' lang='lat' dir='ltr'><strong>Et</strong></span> <span class='ocrx_word' id='word_1_423' title='bbox 2455 1483 2809 1553; x_wconf 80' lang='lat' dir='ltr'><strong>cognoscetis</strong></span> <span class='ocrx_word' id='word_1_424' title='bbox 2840 1484 3167 1540; x_wconf 73' lang='lat' dir='ltr'><strong>veritatem.</strong></span> <span class='ocrx_word' id='word_1_425' title='bbox 3201 1484 3323 1539; x_wconf 87' lang='lat' dir='ltr'><strong>Hoc</strong></span> <span class='ocrx_word' id='word_1_426' title='bbox 3352 1487 3443 1540; x_wconf 91' lang='lat' dir='ltr'><strong>est</strong></span> <span class='ocrx_word' id='word_1_427' title='bbox 3475 1499 3570 1539; x_wconf 88' lang='lat' dir='ltr'><strong>me</strong></span> <span class='ocrx_word' id='word_1_428' title='bbox 3598 1498 3614 1541; x_wconf 88' lang='lat'><strong>:</strong></span> 
     </span>
    </p>
   </div>
   <div class='ocr_carea' id='block_1_62' title="bbox 1961 1570 3620 1642">
    <p class='ocr_par' dir='ltr' id='par_1_62' title="bbox 1961 1570 3620 1642">
     <span class='ocr_line' id='line_1_62' title="bbox 1961 1570 3620 1642; baseline 0.002 -18"><span class='ocrx_word' id='word_1_429' title='bbox 1961 1570 2089 1639; x_wconf 85' lang='lat' dir='ltr'><strong>Ego</strong></span> <span class='ocrx_word' id='word_1_430' title='bbox 2121 1571 2300 1636; x_wconf 87' lang='lat' dir='ltr'><strong>enim,</strong></span> <span class='ocrx_word' id='word_1_431' title='bbox 2335 1570 2436 1641; x_wconf 87' lang='lat' dir='ltr'><strong>ait,</strong></span> <span class='ocrx_word' id='word_1_432' title='bbox 2464 1587 2588 1628; x_wconf 85' lang='lat' dir='ltr'><strong>sum</strong></span> <span class='ocrx_word' id='word_1_433' title='bbox 2620 1573 2849 1628; x_wconf 76' lang='lat' dir='ltr'><strong>veritas.</strong></span> <span class='ocrx_word' id='word_1_434' title='bbox 2885 1572 3273 1642; x_wconf 88' lang='lat' dir='ltr'><strong>Cognoscetis</strong></span> <span class='ocrx_word' id='word_1_435' title='bbox 3299 1587 3440 1628; x_wconf 89' lang='lat' dir='ltr'><strong>ame</strong></span> <span class='ocrx_word' id='word_1_436' title='bbox 3474 1571 3620 1627; x_wconf 87' lang='lat' dir='ltr'><strong>veri-</strong></span> 
     </span>
    </p>
   </div>
   <div class='ocr_carea' id='block_1_63' title="bbox 1959 1660 3618 1733">
    <p class='ocr_par' dir='ltr' id='par_1_63' title="bbox 1959 1660 3618 1733">
     <span class='ocr_line' id='line_1_63' title="bbox 1959 1660 3618 1733; baseline 0.002 -19"><span class='ocrx_word' id='word_1_437' title='bbox 1959 1665 2158 1714; x_wconf 80' lang='lat' dir='ltr'><strong>tatem.</strong></span> <span class='ocrx_word' id='word_1_438' title='bbox 2193 1662 2334 1714; x_wconf 82' lang='lat' dir='ltr'><strong>Nam</strong></span> <span class='ocrx_word' id='word_1_439' title='bbox 2369 1660 2575 1717; x_wconf 86' lang='lat' dir='ltr'><strong>omnia</strong></span> <span class='ocrx_word' id='word_1_440' title='bbox 2606 1661 2821 1732; x_wconf 85' lang='lat' dir='ltr'><strong>legalia</strong></span> <span class='ocrx_word' id='word_1_441' title='bbox 2842 1662 3056 1733; x_wconf 84' lang='lat' dir='ltr'><strong>ﬁgura,</strong></span> <span class='ocrx_word' id='word_1_442' title='bbox 3092 1663 3301 1718; x_wconf 88' lang='lat' dir='ltr'><strong>umbra</strong></span> <span class='ocrx_word' id='word_1_443' title='bbox 3331 1669 3386 1719; x_wconf 92' lang='lat' dir='ltr'><strong>et</strong></span> <span class='ocrx_word' id='word_1_444' title='bbox 3413 1662 3618 1732; x_wconf 81' lang='lat' dir='ltr'><strong>imago</strong></span> 
     </span>
    </p>
   </div>
   <div class='ocr_carea' id='block_1_64' title="bbox 1959 1749 2398 1804">
    <p class='ocr_par' dir='ltr' id='par_1_64' title="bbox 1959 1749 2398 1804">
     <span class='ocr_line' id='line_1_64' title="bbox 1959 1749 2398 1804; baseline -0.002 -2"><span class='ocrx_word' id='word_1_445' title='bbox 1959 1754 2094 1802; x_wconf 91' lang='lat' dir='ltr'><strong>sunt</strong></span> <span class='ocrx_word' id='word_1_446' title='bbox 2123 1749 2398 1804; x_wconf 88' lang='lat' dir='ltr'><strong>veritatis.</strong></span> 
     </span>
    </p>
   </div>
   <div class='ocr_carea' id='block_1_65' title="bbox 2033 1838 3055 1912">
    <p class='ocr_par' dir='ltr' id='par_1_65' title="bbox 2033 1838 3055 1912">
     <span class='ocr_line' id='line_1_65' title="bbox 2033 1838 3055 1912; baseline 0.007 -22"><span class='ocrx_word' id='word_1_447' title='bbox 2033 1838 2195 1894; x_wconf 83' lang='lat' dir='ltr'><strong>Vers.</strong></span> <span class='ocrx_word' id='word_1_448' title='bbox 2225 1838 2310 1895; x_wconf 77' lang='lat'><strong>3&#39;2.</strong></span> <span class='ocrx_word' id='word_1_449' title='bbox 2337 1839 2409 1893; x_wconf 88' lang='lat' dir='ltr'><strong>Et</strong></span> <span class='ocrx_word' id='word_1_450' title='bbox 2440 1871 2506 1880; x_wconf 92' lang='lat'><em>—</em></span> <span class='ocrx_word' id='word_1_451' title='bbox 2539 1855 2654 1896; x_wconf 80' lang='lat' dir='ltr'><strong>eos.</strong></span> <span class='ocrx_word' id='word_1_452' title='bbox 2697 1841 2741 1894; x_wconf 84' lang='lat' dir='ltr'><strong>A</strong></span> <span class='ocrx_word' id='word_1_453' title='bbox 2778 1841 3055 1912; x_wconf 86' lang='lat' dir='ltr'><strong>peccatis.</strong></span> 
     </span>
    </p>
   </div>
   <div class='ocr_carea' id='block_1_66' title="bbox 2032 1927 3620 2000">
    <p class='ocr_par' dir='ltr' id='par_1_66' title="bbox 2032 1927 3620 2000">
     <span class='ocr_line' id='line_1_66' title="bbox 2032 1927 3620 2000; baseline 0.003 -19"><span class='ocrx_word' id='word_1_454' title='bbox 2032 1927 2195 1982; x_wconf 86' lang='lat' dir='ltr'><strong>Vers.</strong></span> <span class='ocrx_word' id='word_1_455' title='bbox 2239 1932 2324 1983; x_wconf 84' lang='lat'><strong>33.</strong></span> <span class='ocrx_word' id='word_1_456' title='bbox 2360 1930 2791 2000; x_wconf 79' lang='lat' dir='ltr'><strong>Responderunt</strong></span> <span class='ocrx_word' id='word_1_457' title='bbox 2814 1963 2880 1970; x_wconf 90' lang='lat'><strong>—</strong></span> <span class='ocrx_word' id='word_1_458' title='bbox 2905 1931 3243 2000; x_wconf 83' lang='lat' dir='ltr'><strong>efﬁciemini</strong></span> <span class='ocrx_word' id='word_1_459' title='bbox 3275 1932 3302 1985; x_wconf 78' lang='lat'><strong><em>?</em></strong></span> <span class='ocrx_word' id='word_1_460' title='bbox 3338 1929 3620 1986; x_wconf 85' lang='lat' dir='ltr'><strong>Omitten-</strong></span> 
     </span>
    </p>
   </div>
   <div class='ocr_carea' id='block_1_67' title="bbox 1961 2018 3622 2089">
    <p class='ocr_par' dir='ltr' id='par_1_67' title="bbox 1961 2018 3622 2089">
     <span class='ocr_line' id='line_1_67' title="bbox 1961 2018 3622 2089; baseline 0.001 -16"><span class='ocrx_word' id='word_1_461' title='bbox 1961 2023 2048 2073; x_wconf 85' lang='lat' dir='ltr'><strong>tes</strong></span> <span class='ocrx_word' id='word_1_462' title='bbox 2072 2018 2285 2083; x_wconf 81' lang='lat' dir='ltr'><strong>dicere,</strong></span> <span class='ocrx_word' id='word_1_463' title='bbox 2316 2018 2468 2083; x_wconf 85' lang='lat' dir='ltr'><strong>Quid</strong></span> <span class='ocrx_word' id='word_1_464' title='bbox 2499 2035 2640 2089; x_wconf 87' lang='lat' dir='ltr'><strong>ergo</strong></span> <span class='ocrx_word' id='word_1_465' title='bbox 2673 2021 2700 2076; x_wconf 72' lang='lat'><strong>7</strong></span> <span class='ocrx_word' id='word_1_466' title='bbox 2734 2019 2901 2076; x_wconf 86' lang='lat' dir='ltr'><strong>Falsa</strong></span> <span class='ocrx_word' id='word_1_467' title='bbox 2941 2027 3028 2076; x_wconf 85' lang='lat' dir='ltr'><strong>est</strong></span> <span class='ocrx_word' id='word_1_468' title='bbox 3059 2020 3146 2076; x_wconf 86' lang='lat' dir='ltr'><strong>lex</strong></span> <span class='ocrx_word' id='word_1_469' title='bbox 3198 2020 3224 2075; x_wconf 86' lang='lat'><strong><em>?</em></strong></span> <span class='ocrx_word' id='word_1_470' title='bbox 3263 2019 3491 2075; x_wconf 86' lang='lat' dir='ltr'><strong>falsane</strong></span> <span class='ocrx_word' id='word_1_471' title='bbox 3531 2023 3622 2075; x_wconf 87' lang='lat' dir='ltr'><strong>est</strong></span> 
     </span>
    </p>
   </div>
   <div class='ocr_carea' id='block_1_68' title="bbox 1959 2107 3624 2181">
    <p class='ocr_par' dir='ltr' id='par_1_68' title="bbox 1959 2107 3624 2181">
     <span class='ocr_line' id='line_1_68' title="bbox 1959 2107 3624 2181; baseline 0.001 -20"><span class='ocrx_word' id='word_1_472' title='bbox 1959 2107 2300 2162; x_wconf 73' lang='lat' dir='ltr'><strong>Judznorum</strong></span> <span class='ocrx_word' id='word_1_473' title='bbox 2329 2107 2574 2164; x_wconf 85' lang='lat' dir='ltr'><strong>scientia</strong></span> <span class='ocrx_word' id='word_1_474' title='bbox 2601 2109 2629 2164; x_wconf 90' lang='lat'><strong>?</strong></span> <span class='ocrx_word' id='word_1_475' title='bbox 2661 2110 2780 2165; x_wconf 87' lang='lat' dir='ltr'><strong>Hoc</strong></span> <span class='ocrx_word' id='word_1_476' title='bbox 2802 2109 3049 2181; x_wconf 87' lang='lat' dir='ltr'><strong>quidem</strong></span> <span class='ocrx_word' id='word_1_477' title='bbox 3081 2126 3203 2165; x_wconf 89' lang='lat' dir='ltr'><strong>non</strong></span> <span class='ocrx_word' id='word_1_478' title='bbox 3234 2109 3443 2165; x_wconf 91' lang='lat' dir='ltr'><strong>dicunt</strong></span> <span class='ocrx_word' id='word_1_479' title='bbox 3477 2125 3490 2174; x_wconf 89' lang='lat'><strong>;</strong></span> <span class='ocrx_word' id='word_1_480' title='bbox 3527 2124 3624 2163; x_wconf 88' lang='lat' dir='ltr'><strong>ne-</strong></span> 
     </span>
    </p>
   </div>
   <div class='ocr_carea' id='block_1_69' title="bbox 1959 2197 3622 2269">
    <p class='ocr_par' dir='ltr' id='par_1_69' title="bbox 1959 2197 3622 2269">
     <span class='ocr_line' id='line_1_69' title="bbox 1959 2197 3622 2269; baseline 0.001 -19"><span class='ocrx_word' id='word_1_481' title='bbox 1959 2212 2078 2268; x_wconf 92' lang='lat' dir='ltr'><strong>que</strong></span> <span class='ocrx_word' id='word_1_482' title='bbox 2109 2197 2267 2252; x_wconf 90' lang='lat' dir='ltr'><strong>enim</strong></span> <span class='ocrx_word' id='word_1_483' title='bbox 2317 2197 2441 2252; x_wconf 70' lang='lat' dir='ltr'><strong>haec</strong></span> <span class='ocrx_word' id='word_1_484' title='bbox 2490 2197 2602 2253; x_wconf 87' lang='lat' dir='ltr'><strong>illis</strong></span> <span class='ocrx_word' id='word_1_485' title='bbox 2647 2215 2800 2253; x_wconf 83' lang='lat' dir='ltr'><strong>curae</strong></span> <span class='ocrx_word' id='word_1_486' title='bbox 2832 2198 3088 2264; x_wconf 87' lang='lat' dir='ltr'><strong>fuerunt,</strong></span> <span class='ocrx_word' id='word_1_487' title='bbox 3125 2198 3232 2253; x_wconf 88' lang='lat' dir='ltr'><strong>sed</strong></span> <span class='ocrx_word' id='word_1_488' title='bbox 3279 2198 3352 2253; x_wconf 91' lang='lat' dir='ltr'><strong>de</strong></span> <span class='ocrx_word' id='word_1_489' title='bbox 3400 2197 3622 2269; x_wconf 79' lang='lat' dir='ltr'><strong>injuria</strong></span> 
     </span>
    </p>
   </div>
   <div class='ocr_carea' id='block_1_70' title="bbox 1962 2286 3620 2358">
    <p class='ocr_par' dir='ltr' id='par_1_70' title="bbox 1962 2286 3620 2358">
     <span class='ocr_line' id='line_1_70' title="bbox 1962 2286 3620 2358; baseline 0 -17"><span class='ocrx_word' id='word_1_490' title='bbox 1962 2286 2286 2357; x_wconf 81' lang='lat' dir='ltr'><strong>corporalis</strong></span> <span class='ocrx_word' id='word_1_491' title='bbox 2335 2287 2748 2357; x_wconf 79' lang='lat' dir='ltr'><strong>generositatis</strong></span> <span class='ocrx_word' id='word_1_492' title='bbox 2781 2287 3186 2357; x_wconf 84' lang='lat' dir='ltr'><strong>indignantur,</strong></span> <span class='ocrx_word' id='word_1_493' title='bbox 3222 2287 3620 2358; x_wconf 87' lang='lat' dir='ltr'><strong>suspicantes,</strong></span> 
     </span>
    </p>
   </div>
   <div class='ocr_carea' id='block_1_71' title="bbox 1962 2375 3622 2448">
    <p class='ocr_par' dir='ltr' id='par_1_71' title="bbox 1962 2375 3622 2448">
     <span class='ocr_line' id='line_1_71' title="bbox 1962 2375 3622 2448; baseline -0.002 -18"><span class='ocrx_word' id='word_1_494' title='bbox 1962 2375 2126 2448; x_wconf 88' lang='lat' dir='ltr'><strong>quod</strong></span> <span class='ocrx_word' id='word_1_495' title='bbox 2152 2382 2437 2448; x_wconf 85' lang='lat' dir='ltr'><strong>tanquam</strong></span> <span class='ocrx_word' id='word_1_496' title='bbox 2463 2376 2642 2431; x_wconf 86' lang='lat' dir='ltr'><strong>servis</strong></span> <span class='ocrx_word' id='word_1_497' title='bbox 2660 2376 2912 2447; x_wconf 84' lang='lat' dir='ltr'><strong>alicujus</strong></span> <span class='ocrx_word' id='word_1_498' title='bbox 2942 2377 3200 2432; x_wconf 87' lang='lat' dir='ltr'><strong>hominis</strong></span> <span class='ocrx_word' id='word_1_499' title='bbox 3219 2376 3425 2432; x_wconf 76' lang='lat' dir='ltr'><strong>dixerit</strong></span> <span class='ocrx_word' id='word_1_500' title='bbox 3456 2375 3622 2446; x_wconf 87' lang='lat' dir='ltr'><strong>ipsis,</strong></span> 
     </span>
    </p>
   </div>
   <div class='ocr_carea' id='block_1_72' title="bbox 1967 2463 3626 2534">
    <p class='ocr_par' dir='ltr' id='par_1_72' title="bbox 1967 2463 3626 2534">
     <span class='ocr_line' id='line_1_72' title="bbox 1967 2463 3626 2534; baseline -0.001 -16"><span class='ocrx_word' id='word_1_501' title='bbox 1967 2463 2258 2518; x_wconf 73' lang='lat' dir='ltr'><strong>Liberabit</strong></span> <span class='ocrx_word' id='word_1_502' title='bbox 2292 2479 2406 2519; x_wconf 83' lang='lat' dir='ltr'><strong>vos.</strong></span> <span class='ocrx_word' id='word_1_503' title='bbox 2442 2465 2642 2520; x_wconf 85' lang='lat' dir='ltr'><strong>Merito</strong></span> <span class='ocrx_word' id='word_1_504' title='bbox 2672 2480 2810 2534; x_wconf 88' lang='lat' dir='ltr'><strong>ergo</strong></span> <span class='ocrx_word' id='word_1_505' title='bbox 2841 2465 3077 2521; x_wconf 85' lang='lat' dir='ltr'><strong>dicebat</strong></span> <span class='ocrx_word' id='word_1_506' title='bbox 3105 2467 3360 2520; x_wconf 83' lang='lat' dir='ltr'><strong>Joannes</strong></span> <span class='ocrx_word' id='word_1_507' title='bbox 3390 2481 3404 2519; x_wconf 90' lang='lat'>:</span> <span class='ocrx_word' id='word_1_508' title='bbox 3439 2464 3528 2519; x_wconf 88' lang='lat' dir='ltr'><strong>Ne</strong></span> <span class='ocrx_word' id='word_1_509' title='bbox 3546 2463 3626 2519; x_wconf 85' lang='lat' dir='ltr'><strong>vi-</strong></span> 
     </span>
    </p>
   </div>
   <div class='ocr_carea' id='block_1_73' title="bbox 1966 2552 3626 2619">
    <p class='ocr_par' dir='ltr' id='par_1_73' title="bbox 1966 2552 3626 2619">
     <span class='ocr_line' id='line_1_73' title="bbox 1966 2552 3626 2619; baseline 0.001 -12"><span class='ocrx_word' id='word_1_510' title='bbox 1966 2552 2126 2608; x_wconf 85' lang='lat' dir='ltr'><strong>deam</strong></span> <span class='ocrx_word' id='word_1_511' title='bbox 2137 2553 2193 2607; x_wconf 88' lang='lat' dir='ltr'><strong>in</strong></span> <span class='ocrx_word' id='word_1_512' title='bbox 2203 2555 2221 2606; x_wconf 78' lang='lat' dir='ltr'><strong>i&#39;</strong></span> <span class='ocrx_word' id='word_1_513' title='bbox 2231 2553 2424 2610; x_wconf 76' lang='lat' dir='ltr'><strong>dicere</strong></span> <span class='ocrx_word' id='word_1_514' title='bbox 2436 2554 2594 2610; x_wconf 79' lang='lat' dir='ltr'><strong>intra</strong></span> <span class='ocrx_word' id='word_1_515' title='bbox 2611 2556 2964 2619; x_wconf 85' lang='lat' dir='ltr'><strong>vos,Patrem</strong></span> <span class='ocrx_word' id='word_1_516' title='bbox 2979 2553 3171 2610; x_wconf 74' lang='lat' dir='ltr'><strong>habe-1n</strong></span> <span class='ocrx_word' id='word_1_517' title='bbox 3181 2571 3242 2609; x_wconf 81' lang='grc' dir='ltr'><strong>ιιε</strong></span> <span class='ocrx_word' id='word_1_518' title='bbox 3255 2555 3299 2608; x_wconf 83' lang='grc' dir='ltr'><em>Α</em></span> <span class='ocrx_word' id='word_1_519' title='bbox 3309 2553 3626 2609; x_wconf 67' lang='lat' dir='ltr'><strong>bra/iam“.</strong></span> 
     </span>
    </p>
   </div>
   <div class='ocr_carea' id='block_1_74' title="bbox 1975 2632 3626 2712">
    <p class='ocr_par' dir='ltr' id='par_1_74' title="bbox 1975 2632 3626 2712">
     <span class='ocr_line' id='line_1_74' title="bbox 1975 2632 3626 2712; baseline -0.001 -16"><span class='ocrx_word' id='word_1_520' title='bbox 1975 2642 2392 2712; x_wconf 84' lang='lat' dir='ltr'><strong>Hujuscemodi</strong></span> <span class='ocrx_word' id='word_1_521' title='bbox 2440 2659 2583 2699; x_wconf 90' lang='lat' dir='ltr'><strong>sane</strong></span> <span class='ocrx_word' id='word_1_522' title='bbox 2631 2632 2801 2699; x_wconf 85' lang='lat' dir='ltr'><strong>erant</strong></span> <span class='ocrx_word' id='word_1_523' title='bbox 2839 2644 3176 2699; x_wconf 65' lang='lat' dir='ltr'><strong>Judazorum</strong></span> <span class='ocrx_word' id='word_1_524' title='bbox 3224 2641 3626 2712; x_wconf 87' lang='lat' dir='ltr'><strong>gloriationes.</strong></span> 
     </span>
    </p>
   </div>
   <div class='ocr_carea' id='block_1_75' title="bbox 1971 2732 3630 2804">
    <p class='ocr_par' dir='ltr' id='par_1_75' title="bbox 1971 2732 3630 2804">
     <span class='ocr_line' id='line_1_75' title="bbox 1971 2732 3630 2804; baseline -0.001 -17"><span class='ocrx_word' id='word_1_525' title='bbox 1971 2734 2120 2788; x_wconf 86' lang='lat' dir='ltr'><strong>Nam</strong></span> <span class='ocrx_word' id='word_1_526' title='bbox 2153 2749 2290 2787; x_wconf 89' lang='lat' dir='ltr'><strong>cum</strong></span> <span class='ocrx_word' id='word_1_527' title='bbox 2317 2733 2392 2786; x_wconf 93' lang='lat' dir='ltr'><strong>de</strong></span> <span class='ocrx_word' id='word_1_528' title='bbox 2432 2733 2687 2804; x_wconf 86' lang='lat' dir='ltr'><strong>propriis</strong></span> <span class='ocrx_word' id='word_1_529' title='bbox 2725 2732 3040 2788; x_wconf 88' lang='lat' dir='ltr'><strong>virtutibus</strong></span> <span class='ocrx_word' id='word_1_530' title='bbox 3067 2732 3308 2803; x_wconf 82' lang='lat' dir='ltr'><strong>gloriari</strong></span> <span class='ocrx_word' id='word_1_531' title='bbox 3346 2747 3467 2786; x_wconf 93' lang='lat' dir='ltr'><strong>non</strong></span> <span class='ocrx_word' id='word_1_532' title='bbox 3499 2747 3630 2801; x_wconf 81' lang='lat' dir='ltr'><strong>pos-</strong></span> 
     </span>
    </p>
   </div>
   <div class='ocr_carea' id='block_1_76' title="bbox 1968 2818 3630 2894">
    <p class='ocr_par' dir='ltr' id='par_1_76' title="bbox 1968 2818 3630 2894">
     <span class='ocr_line' id='line_1_76' title="bbox 1968 2818 3630 2894; baseline 0 -18"><span class='ocrx_word' id='word_1_533' title='bbox 1968 2827 2115 2887; x_wconf 86' lang='lat' dir='ltr'><strong>sent,</strong></span> <span class='ocrx_word' id='word_1_534' title='bbox 2142 2822 2587 2893; x_wconf 80' lang='lat' dir='ltr'><strong>progenitorum</strong></span> <span class='ocrx_word' id='word_1_535' title='bbox 2619 2822 2986 2878; x_wconf 85' lang='lat' dir='ltr'><strong>nobilitatem</strong></span> <span class='ocrx_word' id='word_1_536' title='bbox 3036 2821 3440 2894; x_wconf 87' lang='lat' dir='ltr'><strong>opponebant.</strong></span> <span class='ocrx_word' id='word_1_537' title='bbox 3476 2818 3630 2886; x_wconf 86' lang='lat' dir='ltr'><strong>Quid</strong></span> 
     </span>
    </p>
   </div>
   <div class='ocr_carea' id='block_1_77' title="bbox 1969 2909 3634 2982">
    <p class='ocr_par' dir='ltr' id='par_1_77' title="bbox 1969 2909 3634 2982">
     <span class='ocr_line' id='line_1_77' title="bbox 1969 2909 3634 2982; baseline -0.001 -16"><span class='ocrx_word' id='word_1_538' title='bbox 1969 2927 2110 2980; x_wconf 87' lang='lat' dir='ltr'><strong>ergo</strong></span> <span class='ocrx_word' id='word_1_539' title='bbox 2137 2911 2448 2967; x_wconf 82' lang='lat' dir='ltr'><strong>Christus?</strong></span> <span class='ocrx_word' id='word_1_540' title='bbox 2478 2915 2605 2966; x_wconf 80' lang='lat' dir='ltr'><strong>Non</strong></span> <span class='ocrx_word' id='word_1_541' title='bbox 2634 2912 2889 2966; x_wconf 87' lang='lat' dir='ltr'><strong>convicit</strong></span> <span class='ocrx_word' id='word_1_542' title='bbox 2915 2927 3038 2975; x_wconf 88' lang='lat' dir='ltr'><strong>eos,</strong></span> <span class='ocrx_word' id='word_1_543' title='bbox 3064 2910 3228 2982; x_wconf 91' lang='lat' dir='ltr'><strong>quod</strong></span> <span class='ocrx_word' id='word_1_544' title='bbox 3265 2909 3483 2981; x_wconf 67' lang='lat' dir='ltr'><strong>saepius</strong></span> <span class='ocrx_word' id='word_1_545' title='bbox 3515 2924 3634 2964; x_wconf 77' lang='lat' dir='ltr'><strong>ser-</strong></span> 
     </span>
    </p>
   </div>
   <div class='ocr_carea' id='block_1_78' title="bbox 1969 2995 3632 3071">
    <p class='ocr_par' dir='ltr' id='par_1_78' title="bbox 1969 2995 3632 3071">
     <span class='ocr_line' id='line_1_78' title="bbox 1969 2995 3632 3071; baseline -0.004 -17"><span class='ocrx_word' id='word_1_546' title='bbox 1969 2999 2191 3054; x_wconf 82' lang='lat' dir='ltr'><strong>vissent</strong></span> <span class='ocrx_word' id='word_1_547' title='bbox 2237 2999 2522 3071; x_wconf 71' lang='lat' dir='ltr'><strong>.Egyptiis</strong></span> <span class='ocrx_word' id='word_1_548' title='bbox 2573 3005 2630 3055; x_wconf 92' lang='lat' dir='ltr'><strong>et</strong></span> <span class='ocrx_word' id='word_1_549' title='bbox 2669 2998 3040 3071; x_wconf 85' lang='lat' dir='ltr'><strong>Babyloniis,</strong></span> <span class='ocrx_word' id='word_1_550' title='bbox 3090 2997 3337 3068; x_wconf 85' lang='lat' dir='ltr'><strong>aliisque</strong></span> <span class='ocrx_word' id='word_1_551' title='bbox 3379 2995 3632 3051; x_wconf 86' lang='lat' dir='ltr'><strong>diversis</strong></span> 
     </span>
    </p>
   </div>
   <div class='ocr_carea' id='block_1_79' title="bbox 1971 3086 3630 3161">
    <p class='ocr_par' dir='ltr' id='par_1_79' title="bbox 1971 3086 3630 3161">
     <span class='ocr_line' id='line_1_79' title="bbox 1971 3086 3630 3161; baseline -0.002 -20"><span class='ocrx_word' id='word_1_552' title='bbox 1971 3088 2266 3158; x_wconf 80' lang='lat' dir='ltr'><strong>gentibus,</strong></span> <span class='ocrx_word' id='word_1_553' title='bbox 2288 3090 2390 3142; x_wconf 85' lang='lat' dir='ltr'><strong>sed</strong></span> <span class='ocrx_word' id='word_1_554' title='bbox 2416 3089 2573 3145; x_wconf 90' lang='lat' dir='ltr'><strong>hanc</strong></span> <span class='ocrx_word' id='word_1_555' title='bbox 2595 3088 2841 3161; x_wconf 86' lang='lat' dir='ltr'><strong>quidem</strong></span> <span class='ocrx_word' id='word_1_556' title='bbox 2873 3087 3247 3159; x_wconf 72' lang='lat' dir='ltr'><strong>praetermisit</strong></span> <span class='ocrx_word' id='word_1_557' title='bbox 3265 3086 3630 3152; x_wconf 86' lang='lat' dir='ltr'><strong>servitutem,</strong></span> 
     </span>
    </p>
   </div>
   <div class='ocr_carea' id='block_1_80' title="bbox 1976 3174 3634 3249">
    <p class='ocr_par' dir='ltr' id='par_1_80' title="bbox 1976 3174 3634 3249">
     <span class='ocr_line' id='line_1_80' title="bbox 1976 3174 3634 3249; baseline -0.003 -17"><span class='ocrx_word' id='word_1_558' title='bbox 1976 3182 2038 3232; x_wconf 91' lang='lat' dir='ltr'><strong>ut</strong></span> <span class='ocrx_word' id='word_1_559' title='bbox 2075 3193 2207 3249; x_wconf 66' lang='lat' dir='ltr'><strong>quae</strong></span> <span class='ocrx_word' id='word_1_560' title='bbox 2241 3177 2387 3233; x_wconf 82' lang='lat' dir='ltr'><strong>nihil</strong></span> <span class='ocrx_word' id='word_1_561' title='bbox 2419 3177 2635 3234; x_wconf 69' lang='lat' dir='ltr'><strong>animae</strong></span> <span class='ocrx_word' id='word_1_562' title='bbox 2680 3176 3057 3248; x_wconf 80' lang='lat' dir='ltr'><strong>generositati</strong></span> <span class='ocrx_word' id='word_1_563' title='bbox 3085 3175 3304 3232; x_wconf 67' lang='lat' dir='ltr'><strong>ofﬁciat</strong></span> <span class='ocrx_word' id='word_1_564' title='bbox 3332 3191 3346 3240; x_wconf 87' lang='lat'><strong>;</strong></span> <span class='ocrx_word' id='word_1_565' title='bbox 3378 3174 3452 3230; x_wconf 91' lang='lat' dir='ltr'><strong>de</strong></span> <span class='ocrx_word' id='word_1_566' title='bbox 3497 3189 3634 3246; x_wconf 90' lang='lat' dir='ltr'><strong>pec-</strong></span> 
     </span>
    </p>
   </div>
   <div class='ocr_carea' id='block_1_81' title="bbox 1975 3262 3637 3341">
    <p class='ocr_par' dir='ltr' id='par_1_81' title="bbox 1975 3262 3637 3341">
     <span class='ocr_line' id='line_1_81' title="bbox 1975 3262 3637 3341; baseline -0.004 -19"><span class='ocrx_word' id='word_1_567' title='bbox 1975 3273 2107 3323; x_wconf 89' lang='lat' dir='ltr'><strong>cato</strong></span> <span class='ocrx_word' id='word_1_568' title='bbox 2138 3284 2276 3323; x_wconf 90' lang='lat' dir='ltr'><strong>vero</strong></span> <span class='ocrx_word' id='word_1_569' title='bbox 2310 3269 2408 3335; x_wconf 88' lang='lat' dir='ltr'><strong>ait,</strong></span> <span class='ocrx_word' id='word_1_570' title='bbox 2437 3267 2602 3341; x_wconf 85' lang='lat' dir='ltr'><strong>quod</strong></span> <span class='ocrx_word' id='word_1_571' title='bbox 2638 3267 2719 3322; x_wconf 88' lang='lat' dir='ltr'><strong>illi</strong></span> <span class='ocrx_word' id='word_1_572' title='bbox 2748 3272 2938 3336; x_wconf 92' lang='lat' dir='ltr'><strong>nocet,</strong></span> <span class='ocrx_word' id='word_1_573' title='bbox 2974 3265 3239 3322; x_wconf 86' lang='lat' dir='ltr'><strong>servituti</strong></span> <span class='ocrx_word' id='word_1_574' title='bbox 3279 3281 3414 3319; x_wconf 86' lang='lat' dir='ltr'><strong>eam</strong></span> <span class='ocrx_word' id='word_1_575' title='bbox 3453 3262 3637 3332; x_wconf 87' lang='lat' dir='ltr'><strong>subji-</strong></span> 
     </span>
    </p>
   </div>
   <div class='ocr_carea' id='block_1_82' title="bbox 1975 3355 3636 3428">
    <p class='ocr_par' dir='ltr' id='par_1_82' title="bbox 1975 3355 3636 3428">
     <span class='ocr_line' id='line_1_82' title="bbox 1975 3355 3636 3428; baseline -0.003 -16"><span class='ocrx_word' id='word_1_576' title='bbox 1975 3355 2155 3422; x_wconf 83' lang='lat' dir='ltr'><strong>ciens,</strong></span> <span class='ocrx_word' id='word_1_577' title='bbox 2203 3357 2375 3428; x_wconf 88' lang='lat' dir='ltr'><strong>cujus</strong></span> <span class='ocrx_word' id='word_1_578' title='bbox 2424 3363 2509 3412; x_wconf 84' lang='lat' dir='ltr'><strong>est</strong></span> <span class='ocrx_word' id='word_1_579' title='bbox 2557 3357 2890 3412; x_wconf 88' lang='lat' dir='ltr'><strong>miserrima</strong></span> <span class='ocrx_word' id='word_1_580' title='bbox 2931 3355 3207 3422; x_wconf 86' lang='lat' dir='ltr'><strong>servitus,</strong></span> <span class='ocrx_word' id='word_1_581' title='bbox 3269 3370 3306 3409; x_wconf 89' lang='lat' dir='ltr'><strong>a</strong></span> <span class='ocrx_word' id='word_1_582' title='bbox 3348 3368 3472 3425; x_wconf 88' lang='lat' dir='ltr'><strong>qua</strong></span> <span class='ocrx_word' id='word_1_583' title='bbox 3514 3366 3636 3407; x_wconf 90' lang='lat' dir='ltr'><strong>non</strong></span> 
     </span>
    </p>
   </div>
   <div class='ocr_carea' id='block_1_83' title="bbox 1978 3442 3634 3519">
    <p class='ocr_par' dir='ltr' id='par_1_83' title="bbox 1978 3442 3634 3519">
     <span class='ocr_line' id='line_1_83' title="bbox 1978 3442 3634 3519; baseline -0.004 -15"><span class='ocrx_word' id='word_1_584' title='bbox 1978 3447 2321 3504; x_wconf 88' lang='lat' dir='ltr'><strong>aliuslibera</strong></span> <span class='ocrx_word' id='word_1_585' title='bbox 2333 3447 2434 3516; x_wconf 87' lang='lat' dir='ltr'><strong>bit,</strong></span> <span class='ocrx_word' id='word_1_586' title='bbox 2457 3455 2667 3519; x_wconf 67' lang='lat' dir='ltr'><strong>praeter</strong></span> <span class='ocrx_word' id='word_1_587' title='bbox 2685 3446 2968 3502; x_wconf 86' lang='lat' dir='ltr'><strong>Christum</strong></span> <span class='ocrx_word' id='word_1_588' title='bbox 3001 3461 3070 3500; x_wconf 89' lang='lat' dir='ltr'><strong>ac</strong></span> <span class='ocrx_word' id='word_1_589' title='bbox 3088 3444 3428 3500; x_wconf 84' lang='lat' dir='ltr'><strong>doctrinam</strong></span> <span class='ocrx_word' id='word_1_590' title='bbox 3455 3442 3634 3497; x_wconf 91' lang='lat' dir='ltr'><strong>illius.</strong></span> 
     </span>
    </p>
   </div>
   <div class='ocr_carea' id='block_1_84' title="bbox 2055 3619 3640 3695">
    <p class='ocr_par' dir='ltr' id='par_1_84' title="bbox 2055 3619 3640 3695">
     <span class='ocr_line' id='line_1_84' title="bbox 2055 3619 3640 3695; baseline -0.004 -14"><span class='ocrx_word' id='word_1_591' title='bbox 2055 3625 2214 3682; x_wconf 90' lang='lat' dir='ltr'><strong>Vers.</strong></span> <span class='ocrx_word' id='word_1_592' title='bbox 2246 3626 2331 3681; x_wconf 72' lang='grc'><strong>34.</strong></span> <span class='ocrx_word' id='word_1_593' title='bbox 2365 3625 2676 3695; x_wconf 79' lang='lat' dir='ltr'><strong>Respondit</strong></span> <span class='ocrx_word' id='word_1_594' title='bbox 2736 3654 2798 3669; x_wconf 79' lang='grc' dir='ltr'><strong>ι-</strong></span> <span class='ocrx_word' id='word_1_595' title='bbox 2827 3630 3075 3694; x_wconf 75' lang='lat' dir='ltr'><strong>peccati.</strong></span> <span class='ocrx_word' id='word_1_596' title='bbox 3129 3621 3420 3687; x_wconf 86' lang='lat' dir='ltr'><strong>Ostendit,</strong></span> <span class='ocrx_word' id='word_1_597' title='bbox 3472 3619 3640 3693; x_wconf 88' lang='lat' dir='ltr'><strong>quod</strong></span> 
     </span>
    </p>
   </div>
   <div class='ocr_carea' id='block_1_85' title="bbox 1984 3713 3643 3787">
    <p class='ocr_par' dir='ltr' id='par_1_85' title="bbox 1984 3713 3643 3787">
     <span class='ocr_line' id='line_1_85' title="bbox 1984 3713 3643 3787; baseline -0.003 -18"><span class='ocrx_word' id='word_1_598' title='bbox 1984 3715 2258 3787; x_wconf 77' lang='lat' dir='ltr'><strong>superius</strong></span> <span class='ocrx_word' id='word_1_599' title='bbox 2321 3714 2739 3785; x_wconf 82' lang='lat' dir='ltr'><strong>signiﬁcaverit</strong></span> <span class='ocrx_word' id='word_1_600' title='bbox 2779 3713 3000 3770; x_wconf 66' lang='lat' dir='ltr'><strong>animae</strong></span> <span class='ocrx_word' id='word_1_601' title='bbox 3032 3715 3373 3768; x_wconf 75' lang='lat' dir='ltr'><strong>servitutem</strong></span> <span class='ocrx_word' id='word_1_602' title='bbox 3413 3727 3482 3766; x_wconf 88' lang='lat' dir='ltr'><strong>ac</strong></span> <span class='ocrx_word' id='word_1_603' title='bbox 3510 3725 3643 3782; x_wconf 86' lang='lat' dir='ltr'><strong>pec-</strong></span> 
     </span>
    </p>
   </div>
   <div class='ocr_carea' id='block_1_86' title="bbox 1983 3803 3645 3876">
    <p class='ocr_par' dir='ltr' id='par_1_86' title="bbox 1983 3803 3645 3876">
     <span class='ocr_line' id='line_1_86' title="bbox 1983 3803 3645 3876; baseline -0.004 -16"><span class='ocrx_word' id='word_1_604' title='bbox 1983 3806 2118 3871; x_wconf 88' lang='lat' dir='ltr'><strong>cati,</strong></span> <span class='ocrx_word' id='word_1_605' title='bbox 2158 3821 2277 3860; x_wconf 90' lang='lat' dir='ltr'><strong>non</strong></span> <span class='ocrx_word' id='word_1_606' title='bbox 2305 3820 2435 3860; x_wconf 85' lang='lat' dir='ltr'><strong>eam</strong></span> <span class='ocrx_word' id='word_1_607' title='bbox 2465 3822 2595 3876; x_wconf 74' lang='lat' dir='ltr'><strong>quae</strong></span> <span class='ocrx_word' id='word_1_608' title='bbox 2630 3805 2682 3859; x_wconf 90' lang='lat' dir='ltr'><strong>vi</strong></span> <span class='ocrx_word' id='word_1_609' title='bbox 2706 3803 2973 3860; x_wconf 86' lang='lat' dir='ltr'><strong>humana</strong></span> <span class='ocrx_word' id='word_1_610' title='bbox 3000 3803 3397 3871; x_wconf 86' lang='lat' dir='ltr'><strong>contingebat.</strong></span> <span class='ocrx_word' id='word_1_611' title='bbox 3431 3804 3510 3856; x_wconf 82' lang='lat' dir='ltr'><strong>Ne</strong></span> <span class='ocrx_word' id='word_1_612' title='bbox 3542 3815 3645 3854; x_wconf 88' lang='lat' dir='ltr'><strong>au-</strong></span> 
     </span>
    </p>
   </div>
   <div class='ocr_carea' id='block_1_87' title="bbox 1985 3887 3638 3962">
    <p class='ocr_par' dir='ltr' id='par_1_87' title="bbox 1985 3887 3638 3962">
     <span class='ocr_line' id='line_1_87' title="bbox 1985 3887 3638 3962; baseline -0.005 -12"><span class='ocrx_word' id='word_1_613' title='bbox 1985 3901 2102 3950; x_wconf 88' lang='lat' dir='ltr'><strong>tem</strong></span> <span class='ocrx_word' id='word_1_614' title='bbox 2129 3894 2392 3950; x_wconf 88' lang='lat' dir='ltr'><strong>dicerent</strong></span> <span class='ocrx_word' id='word_1_615' title='bbox 2413 3911 2424 3948; x_wconf 90' lang='lat'>:</span> <span class='ocrx_word' id='word_1_616' title='bbox 2444 3898 2629 3951; x_wconf 79' lang='lat' dir='ltr'><strong>Moses</strong></span> <span class='ocrx_word' id='word_1_617' title='bbox 2643 3909 2753 3949; x_wconf 87' lang='lat' dir='ltr'><strong>nos</strong></span> <span class='ocrx_word' id='word_1_618' title='bbox 2781 3893 2856 3949; x_wconf 88' lang='lat' dir='ltr'><strong>ab</strong></span> <span class='ocrx_word' id='word_1_619' title='bbox 2878 3891 3280 3949; x_wconf 87' lang='lat' dir='ltr'><strong>hacliberabit</strong></span> <span class='ocrx_word' id='word_1_620' title='bbox 3315 3907 3327 3956; x_wconf 92' lang='lat'><strong>;</strong></span> <span class='ocrx_word' id='word_1_621' title='bbox 3357 3906 3460 3962; x_wconf 88' lang='lat' dir='ltr'><strong>per</strong></span> <span class='ocrx_word' id='word_1_622' title='bbox 3487 3887 3638 3944; x_wconf 89' lang='lat' dir='ltr'><strong>simi-</strong></span> 
     </span>
    </p>
   </div>
   <div class='ocr_carea' id='block_1_88' title="bbox 1983 3977 3645 4056">
    <p class='ocr_par' dir='ltr' id='par_1_88' title="bbox 1983 3977 3645 4056">
     <span class='ocr_line' id='line_1_88' title="bbox 1983 3977 3645 4056; baseline -0.004 -17"><span class='ocrx_word' id='word_1_623' title='bbox 1983 3983 2294 4039; x_wconf 85' lang='lat' dir='ltr'><strong>litudinem</strong></span> <span class='ocrx_word' id='word_1_624' title='bbox 2317 3985 2593 4054; x_wconf 88' lang='lat' dir='ltr'><strong>ostendit,</strong></span> <span class='ocrx_word' id='word_1_625' title='bbox 2623 3983 2790 4056; x_wconf 90' lang='lat' dir='ltr'><strong>quod</strong></span> <span class='ocrx_word' id='word_1_626' title='bbox 2820 3999 2957 4038; x_wconf 91' lang='lat' dir='ltr'><strong>cum</strong></span> <span class='ocrx_word' id='word_1_627' title='bbox 2983 3980 3056 4036; x_wconf 88' lang='lat' dir='ltr'><strong>sit</strong></span> <span class='ocrx_word' id='word_1_628' title='bbox 3087 3981 3181 4036; x_wconf 89' lang='lat' dir='ltr'><strong>ille</strong></span> <span class='ocrx_word' id='word_1_629' title='bbox 3215 3995 3444 4044; x_wconf 89' lang='lat' dir='ltr'><strong>servus,</strong></span> <span class='ocrx_word' id='word_1_630' title='bbox 3468 3977 3645 4033; x_wconf 89' lang='lat' dir='ltr'><strong>talem</strong></span> 
     </span>
    </p>
   </div>
   <div class='ocr_carea' id='block_1_89' title="bbox 1985 4067 3572 4144">
    <p class='ocr_par' dir='ltr' id='par_1_89' title="bbox 1985 4067 3572 4144">
     <span class='ocr_line' id='line_1_89' title="bbox 1985 4067 3572 4144; baseline -0.005 -16"><span class='ocrx_word' id='word_1_631' title='bbox 1985 4089 2104 4128; x_wconf 90' lang='lat' dir='ltr'><strong>non</strong></span> <span class='ocrx_word' id='word_1_632' title='bbox 2137 4072 2358 4128; x_wconf 85' lang='lat' dir='ltr'><strong>habeat</strong></span> <span class='ocrx_word' id='word_1_633' title='bbox 2411 4078 2789 4144; x_wconf 83' lang='lat' dir='ltr'><strong>potestatem,</strong></span> <span class='ocrx_word' id='word_1_634' title='bbox 2823 4071 2927 4126; x_wconf 92' lang='lat' dir='ltr'><strong>sed</strong></span> <span class='ocrx_word' id='word_1_635' title='bbox 2959 4071 3085 4142; x_wconf 89' lang='lat' dir='ltr'><strong>ipse</strong></span> <span class='ocrx_word' id='word_1_636' title='bbox 3141 4074 3340 4140; x_wconf 88' lang='lat' dir='ltr'><strong>utpote</strong></span> <span class='ocrx_word' id='word_1_637' title='bbox 3372 4067 3572 4122; x_wconf 87' lang='lat' dir='ltr'><strong>Filius.</strong></span> 
     </span>
    </p>
   </div>
   <div class='ocr_carea' id='block_1_90' title="bbox 2055 4159 3647 4235">
    <p class='ocr_par' dir='ltr' id='par_1_90' title="bbox 2055 4159 3647 4235">
     <span class='ocr_line' id='line_1_90' title="bbox 2055 4159 3647 4235; baseline -0.006 -17"><span class='ocrx_word' id='word_1_638' title='bbox 2055 4162 2217 4218; x_wconf 86' lang='lat' dir='ltr'><strong>Vers.</strong></span> <span class='ocrx_word' id='word_1_639' title='bbox 2252 4166 2338 4218; x_wconf 74' lang='grc'><strong>35.</strong></span> <span class='ocrx_word' id='word_1_640' title='bbox 2371 4162 2586 4219; x_wconf 84' lang='lat' dir='ltr'><strong>Servus</strong></span> <span class='ocrx_word' id='word_1_641' title='bbox 2611 4167 2804 4235; x_wconf 80' lang='lat' dir='ltr'><strong>autem</strong></span> <span class='ocrx_word' id='word_1_642' title='bbox 2828 4191 2896 4201; x_wconf 88' lang='lat'><strong><em>—</em></strong></span> <span class='ocrx_word' id='word_1_643' title='bbox 2926 4167 3237 4216; x_wconf 68' lang='lat' dir='ltr'><strong>aeternum.</strong></span> <span class='ocrx_word' id='word_1_644' title='bbox 3281 4159 3495 4215; x_wconf 86' lang='lat' dir='ltr'><strong>Servus</strong></span> <span class='ocrx_word' id='word_1_645' title='bbox 3524 4170 3647 4210; x_wconf 90' lang='lat' dir='ltr'><strong>non</strong></span> 
     </span>
    </p>
   </div>
   <div class='ocr_carea' id='block_1_91' title="bbox 1986 4245 3648 4324">
    <p class='ocr_par' dir='ltr' id='par_1_91' title="bbox 1986 4245 3648 4324">
     <span class='ocr_line' id='line_1_91' title="bbox 1986 4245 3648 4324; baseline -0.005 -18"><span class='ocrx_word' id='word_1_646' title='bbox 1986 4252 2202 4324; x_wconf 87' lang='lat' dir='ltr'><strong>accipit</strong></span> <span class='ocrx_word' id='word_1_647' title='bbox 2218 4252 2276 4306; x_wconf 90' lang='lat' dir='ltr'><strong>in</strong></span> <span class='ocrx_word' id='word_1_648' title='bbox 2290 4251 2701 4307; x_wconf 78' lang='lat' dir='ltr'><strong>hrereditatem</strong></span> <span class='ocrx_word' id='word_1_649' title='bbox 2721 4250 2973 4306; x_wconf 88' lang='lat' dir='ltr'><strong>domum</strong></span> <span class='ocrx_word' id='word_1_650' title='bbox 2995 4248 3223 4304; x_wconf 87' lang='lat' dir='ltr'><strong>domini</strong></span> <span class='ocrx_word' id='word_1_651' title='bbox 3248 4245 3361 4310; x_wconf 89' lang='lat' dir='ltr'><strong>sui,</strong></span> <span class='ocrx_word' id='word_1_652' title='bbox 3378 4246 3535 4301; x_wconf 83' lang='lat' dir='ltr'><strong>ﬁlius</strong></span> <span class='ocrx_word' id='word_1_653' title='bbox 3555 4261 3648 4299; x_wconf 88' lang='lat' dir='ltr'><strong>ac-</strong></span> 
     </span>
    </p>
   </div>
   <div class='ocr_carea' id='block_1_92' title="bbox 1986 4335 3649 4412">
    <p class='ocr_par' dir='ltr' id='par_1_92' title="bbox 1986 4335 3649 4412">
     <span class='ocr_line' id='line_1_92' title="bbox 1986 4335 3649 4412; baseline -0.004 -16"><span class='ocrx_word' id='word_1_654' title='bbox 1986 4341 2128 4412; x_wconf 88' lang='lat' dir='ltr'><strong>cipit</strong></span> <span class='ocrx_word' id='word_1_655' title='bbox 2180 4340 2240 4396; x_wconf 90' lang='lat' dir='ltr'><strong>in</strong></span> <span class='ocrx_word' id='word_1_656' title='bbox 2293 4340 2724 4396; x_wconf 71' lang='lat' dir='ltr'><strong>hrereditatem.</strong></span> <span class='ocrx_word' id='word_1_657' title='bbox 2759 4339 2961 4410; x_wconf 89' lang='lat' dir='ltr'><strong>Itaque</strong></span> <span class='ocrx_word' id='word_1_658' title='bbox 3009 4353 3129 4393; x_wconf 90' lang='lat' dir='ltr'><strong>non</strong></span> <span class='ocrx_word' id='word_1_659' title='bbox 3189 4336 3365 4391; x_wconf 85' lang='lat' dir='ltr'><strong>habet</strong></span> <span class='ocrx_word' id='word_1_660' title='bbox 3397 4335 3493 4390; x_wconf 91' lang='lat' dir='ltr'><strong>ille</strong></span> <span class='ocrx_word' id='word_1_661' title='bbox 3541 4349 3649 4406; x_wconf 82' lang='lat' dir='ltr'><strong>po-</strong></span> 
     </span>
    </p>
   </div>
   <div class='ocr_carea' id='block_1_93' title="bbox 1987 4425 3654 4495">
    <p class='ocr_par' dir='ltr' id='par_1_93' title="bbox 1987 4425 3654 4495">
     <span class='ocr_line' id='line_1_93' title="bbox 1987 4425 3654 4495; baseline -0.005 -10"><span class='ocrx_word' id='word_1_662' title='bbox 1987 4428 2588 4494; x_wconf 84' lang='lat' dir='ltr'><strong>testatemliberaudi,</strong></span> <span class='ocrx_word' id='word_1_663' title='bbox 2623 4445 2760 4484; x_wconf 89' lang='lat' dir='ltr'><strong>cum</strong></span> <span class='ocrx_word' id='word_1_664' title='bbox 2794 4428 2868 4483; x_wconf 92' lang='lat' dir='ltr'><strong>sit</strong></span> <span class='ocrx_word' id='word_1_665' title='bbox 2893 4444 3101 4483; x_wconf 86' lang='lat' dir='ltr'><strong>servus</strong></span> <span class='ocrx_word' id='word_1_666' title='bbox 3138 4443 3150 4481; x_wconf 92' lang='lat'>:</span> <span class='ocrx_word' id='word_1_667' title='bbox 3188 4442 3300 4495; x_wconf 87' lang='lat' dir='ltr'><strong>ego</strong></span> <span class='ocrx_word' id='word_1_668' title='bbox 3325 4425 3521 4481; x_wconf 84' lang='lat' dir='ltr'><strong>habeo</strong></span> <span class='ocrx_word' id='word_1_669' title='bbox 3548 4439 3654 4495; x_wconf 89' lang='lat' dir='ltr'><strong>po-</strong></span> 
     </span>
    </p>
   </div>
   <div class='ocr_carea' id='block_1_94' title="bbox 266 4505 1858 4594">
    <p class='ocr_par' dir='ltr' id='par_1_94' title="bbox 266 4518 1858 4594">
     <span class='ocr_line' id='line_1_94' title="bbox 266 4518 1858 4594; baseline -0.004 -19"><span class='ocrx_word' id='word_1_670' title='bbox 266 4524 392 4584; x_wconf 77' lang='grc' dir='ltr'>Υἱὸς</span> <span class='ocrx_word' id='word_1_671' title='bbox 444 4522 510 4574; x_wconf 83' lang='grc' dir='ltr'>ὢν</span> <span class='ocrx_word' id='word_1_672' title='bbox 559 4526 646 4574; x_wconf 83' lang='grc' dir='ltr'>καὶ</span> <span class='ocrx_word' id='word_1_673' title='bbox 693 4524 853 4594; x_wconf 81' lang='grc' dir='ltr'>μένων</span> <span class='ocrx_word' id='word_1_674' title='bbox 910 4518 958 4570; x_wconf 84' lang='grc' dir='ltr'>ἐν</span> <span class='ocrx_word' id='word_1_675' title='bbox 1030 4526 1091 4590; x_wconf 78' lang='grc' dir='ltr'>τῇ</span> <span class='ocrx_word' id='word_1_676' title='bbox 1166 4518 1309 4590; x_wconf 76' lang='grc' dir='ltr'>οἰκίᾳ</span> <span class='ocrx_word' id='word_1_677' title='bbox 1361 4525 1452 4570; x_wconf 74' lang='grc' dir='ltr'>τοῦ</span> <span class='ocrx_word' id='word_1_678' title='bbox 1512 4521 1711 4590; x_wconf 79' lang='grc' dir='ltr'>Πατρός</span> <span class='ocrx_word' id='word_1_679' title='bbox 1767 4536 1858 4589; x_wconf 62' lang='grc' dir='ltr'>μοι</span> 
     </span>
    </p>
   </div>
   <div class='ocr_carea' id='block_1_95' title="bbox 1983 4505 3653 4594">
    <p class='ocr_par' dir='ltr' id='par_1_95' title="bbox 1988 4512 3653 4583">
     <span class='ocr_line' id='line_1_95' title="bbox 1988 4512 3653 4583; baseline -0.005 -9"><span class='ocrx_word' id='word_1_680' title='bbox 1988 4523 2256 4574; x_wconf 87' lang='lat' dir='ltr'><strong>testatem</strong></span> <span class='ocrx_word' id='word_1_681' title='bbox 2280 4518 2595 4583; x_wconf 85' lang='lat' dir='ltr'><strong>liberandi,</strong></span> <span class='ocrx_word' id='word_1_682' title='bbox 2636 4534 2774 4572; x_wconf 87' lang='lat' dir='ltr'><strong>cum</strong></span> <span class='ocrx_word' id='word_1_683' title='bbox 2797 4516 2911 4570; x_wconf 91' lang='lat' dir='ltr'><strong>sim</strong></span> <span class='ocrx_word' id='word_1_684' title='bbox 2945 4515 3152 4580; x_wconf 76' lang='lat' dir='ltr'><strong>Filius,</strong></span> <span class='ocrx_word' id='word_1_685' title='bbox 3186 4521 3242 4570; x_wconf 89' lang='lat' dir='ltr'><strong>et</strong></span> <span class='ocrx_word' id='word_1_686' title='bbox 3280 4530 3559 4570; x_wconf 86' lang='lat' dir='ltr'><strong>maneam</strong></span> <span class='ocrx_word' id='word_1_687' title='bbox 3595 4512 3653 4566; x_wconf 90' lang='lat' dir='ltr'><strong>in</strong></span> 
     </span>
    </p>
   </div>
   <div class='ocr_carea' id='block_1_96' title="bbox 272 4605 1876 4686">
    <p class='ocr_par' dir='ltr' id='par_1_96' title="bbox 272 4605 1876 4686">
     <span class='ocr_line' id='line_1_96' title="bbox 272 4605 1876 4686; baseline -0.005 -22"><span class='ocrx_word' id='word_1_688' title='bbox 272 4610 353 4664; x_wconf 76' lang='grc' dir='ltr'><strong>ἀεὶ</strong></span> <span class='ocrx_word' id='word_1_689' title='bbox 383 4615 471 4664; x_wconf 76' lang='grc' dir='ltr'><strong>καὶ</strong></span> <span class='ocrx_word' id='word_1_690' title='bbox 501 4610 828 4686; x_wconf 83' lang='grc' dir='ltr'>κληρονομών</span> <span class='ocrx_word' id='word_1_691' title='bbox 879 4613 972 4668; x_wconf 82' lang='grc' dir='ltr'>τὴν</span> <span class='ocrx_word' id='word_1_692' title='bbox 1002 4605 1242 4670; x_wconf 81' lang='grc' dir='ltr'>ἐξουσίαν</span> <span class='ocrx_word' id='word_1_693' title='bbox 1282 4606 1461 4661; x_wconf 66' lang='grc' dir='ltr'>αὐτοῦ.</span> <span class='ocrx_word' id='word_1_694' title='bbox 1512 4605 1634 4659; x_wconf 87' lang='grc' dir='ltr'>Εἷπε</span> <span class='ocrx_word' id='word_1_695' title='bbox 1657 4608 1758 4678; x_wconf 77' lang='grc' dir='ltr'><strong>γὰρ</strong></span> <span class='ocrx_word' id='word_1_696' title='bbox 1786 4610 1876 4657; x_wconf 85' lang='grc' dir='ltr'><strong>καὶ</strong></span> 
     </span>
    </p>
   </div>
   <div class='ocr_carea' id='block_1_97' title="bbox 276 4692 1879 4772">
    <p class='ocr_par' dir='ltr' id='par_1_97' title="bbox 276 4692 1879 4772">
     <span class='ocr_line' id='line_1_97' title="bbox 276 4692 1879 4772; baseline -0.005 -18"><span class='ocrx_word' id='word_1_697' title='bbox 276 4699 448 4754; x_wconf 86' lang='grc' dir='ltr'>ὀπίσω</span> <span class='ocrx_word' id='word_1_698' title='bbox 476 4701 557 4754; x_wconf 85' lang='grc' dir='ltr'>ὅτι</span> <span class='ocrx_word' id='word_1_699' title='bbox 602 4705 707 4760; x_wconf 76' lang='grc' dir='ltr'><strong>Τὴν</strong></span> <span class='ocrx_word' id='word_1_700' title='bbox 758 4703 936 4772; x_wconf 88' lang='grc' dir='ltr'>κρίσιν</span> <span class='ocrx_word' id='word_1_701' title='bbox 998 4703 1172 4750; x_wconf 79' lang='grc' dir='ltr'>πᾶσαν</span> <span class='ocrx_word' id='word_1_702' title='bbox 1219 4692 1418 4749; x_wconf 76' lang='grc' dir='ltr'>δέδωκε</span> <span class='ocrx_word' id='word_1_703' title='bbox 1450 4704 1518 4768; x_wconf 80' lang='grc' dir='ltr'>τῷ</span> <span class='ocrx_word' id='word_1_704' title='bbox 1575 4697 1680 4765; x_wconf 78' lang='grc' dir='ltr'><strong>Υὶῷ</strong></span> <span class='ocrx_word' id='word_1_705' title='bbox 1742 4712 1754 4724; x_wconf 91' lang='grc'><strong>·</strong></span> <span class='ocrx_word' id='word_1_706' title='bbox 1789 4699 1879 4747; x_wconf 85' lang='grc' dir='ltr'>καὶ</span> 
     </span>
    </p>
   </div>
   <div class='ocr_carea' id='block_1_98' title="bbox 276 4781 1880 4860">
    <p class='ocr_par' dir='ltr' id='par_1_98' title="bbox 276 4781 1880 4860">
     <span class='ocr_line' id='line_1_98' title="bbox 276 4781 1880 4860; baseline -0.006 -16"><span class='ocrx_word' id='word_1_707' title='bbox 276 4790 432 4844; x_wconf 64' lang='grc' dir='ltr'>πάλιν</span> <span class='ocrx_word' id='word_1_708' title='bbox 488 4807 504 4822; x_wconf 88' lang='grc'>⁶</span> <span class='ocrx_word' id='word_1_709' title='bbox 553 4793 653 4844; x_wconf 77' lang='grc' dir='ltr'><strong>Καὶ</strong></span> <span class='ocrx_word' id='word_1_710' title='bbox 726 4787 966 4851; x_wconf 80' lang='grc' dir='ltr'>ἐξουσίαν</span> <span class='ocrx_word' id='word_1_711' title='bbox 1052 4781 1239 4838; x_wconf 81' lang='grc' dir='ltr'>ἔδωκεν</span> <span class='ocrx_word' id='word_1_712' title='bbox 1315 4785 1455 4857; x_wconf 64' lang='grc' dir='ltr'>αὐτῷ</span> <span class='ocrx_word' id='word_1_713' title='bbox 1535 4789 1626 4837; x_wconf 82' lang='grc' dir='ltr'>καὶ</span> <span class='ocrx_word' id='word_1_714' title='bbox 1710 4789 1880 4860; x_wconf 81' lang='grc' dir='ltr'>κρίσιν</span> 
     </span>
    </p>
   </div>
   <div class='ocr_carea' id='block_1_99' title="bbox 280 4887 470 4938">
    <p class='ocr_par' dir='ltr' id='par_1_99' title="bbox 280 4887 470 4938">
     <span class='ocr_line' id='line_1_99' title="bbox 280 4887 470 4938; baseline -0.005 -5"><span class='ocrx_word' id='word_1_715' title='bbox 280 4887 470 4938; x_wconf 88' lang='grc' dir='ltr'>ποιεῖν.</span> 
     </span>
    </p>
   </div>
   <div class='ocr_carea' id='block_1_100' title="bbox 353 4963 1883 5039">
    <p class='ocr_par' dir='ltr' id='par_1_100' title="bbox 353 4963 1883 5039">
     <span class='ocr_line' id='line_1_100' title="bbox 353 4963 1883 5039; baseline -0.006 -15"><span class='ocrx_word' id='word_1_716' title='bbox 353 4970 472 5024; x_wconf 78' lang='grc' dir='ltr'>Ἐὰν</span> <span class='ocrx_word' id='word_1_717' title='bbox 523 5000 594 5011; x_wconf 89' lang='lat'><em>-</em></span> <span class='ocrx_word' id='word_1_718' title='bbox 645 4969 842 5022; x_wconf 76' lang='grc' dir='ltr'>ἔσεσθε.</span> <span class='ocrx_word' id='word_1_719' title='bbox 902 4973 1010 5020; x_wconf 74' lang='grc' dir='ltr'><strong>Νῦν</strong></span> <span class='ocrx_word' id='word_1_720' title='bbox 1058 4968 1146 5038; x_wconf 75' lang='grc' dir='ltr'><strong>μὲν</strong></span> <span class='ocrx_word' id='word_1_721' title='bbox 1185 4965 1284 5039; x_wconf 71' lang='grc' dir='ltr'><strong>γὰρ</strong></span> <span class='ocrx_word' id='word_1_722' title='bbox 1335 4963 1428 5018; x_wconf 72' lang='grc' dir='ltr'><strong>οὐκ</strong></span> <span class='ocrx_word' id='word_1_723' title='bbox 1497 4963 1702 5026; x_wconf 78' lang='grc' dir='ltr'>ἀληθῶς</span> <span class='ocrx_word' id='word_1_724' title='bbox 1752 4964 1883 5017; x_wconf 71' lang='grc' dir='ltr'>ἐλεύ-</span> 
     </span>
    </p>
   </div>
   <div class='ocr_carea' id='block_1_101' title="bbox 283 5054 1410 5137">
    <p class='ocr_par' dir='ltr' id='par_1_101' title="bbox 283 5054 1410 5137">
     <span class='ocr_line' id='line_1_101' title="bbox 283 5054 1410 5137; baseline -0.006 -23"><span class='ocrx_word' id='word_1_725' title='bbox 283 5063 424 5137; x_wconf 81' lang='grc' dir='ltr'>θεροί</span> <span class='ocrx_word' id='word_1_726' title='bbox 460 5061 595 5128; x_wconf 72' lang='grc' dir='ltr'>ἕστε,</span> <span class='ocrx_word' id='word_1_727' title='bbox 653 5054 1032 5130; x_wconf 76' lang='grc' dir='ltr'>δεδουλωμένοι</span> <span class='ocrx_word' id='word_1_728' title='bbox 1061 5063 1124 5129; x_wconf 77' lang='grc' dir='ltr'><strong>τῇ</strong></span> <span class='ocrx_word' id='word_1_729' title='bbox 1176 5055 1410 5132; x_wconf 75' lang='grc' dir='ltr'>ἁμαρτίᾳ</span> 
     </span>
    </p>
   </div>
   <div class='ocr_carea' id='block_1_102' title="bbox 349 5259 1378 5330">
    <p class='ocr_par' dir='ltr' id='par_1_102' title="bbox 349 5259 1378 5330">
     <span class='ocr_line' id='line_1_102' title="bbox 349 5259 1378 5330; baseline -0.005 -10"><span class='ocrx_word' id='word_1_730' title='bbox 349 5261 398 5300; x_wconf 76' lang='grc'>⁵⁵</span> <span class='ocrx_word' id='word_1_731' title='bbox 426 5260 600 5322; x_wconf 82' lang='lat' dir='ltr'><strong>Joan.</strong></span> <span class='ocrx_word' id='word_1_732' title='bbox 629 5278 709 5330; x_wconf 84' lang='lat' dir='ltr'><strong>v1,</strong></span> <span class='ocrx_word' id='word_1_733' title='bbox 743 5265 830 5321; x_wconf 86' lang='lat'><strong>66.</strong></span> <span class='ocrx_word' id='word_1_734' title='bbox 909 5262 956 5300; x_wconf 76' lang='grc'>⁸⁸</span> <span class='ocrx_word' id='word_1_735' title='bbox 981 5259 1154 5318; x_wconf 85' lang='lat' dir='ltr'><strong>Joan.</strong></span> <span class='ocrx_word' id='word_1_736' title='bbox 1187 5275 1296 5328; x_wconf 71' lang='lat' dir='ltr'><strong>xxv,</strong></span> <span class='ocrx_word' id='word_1_737' title='bbox 1325 5262 1378 5317; x_wconf 87' lang='lat'><strong>6.</strong></span> 
     </span>
    </p>
   </div>
   <div class='ocr_carea' id='block_1_103' title="bbox 1454 5050 1884 5116">
    <p class='ocr_par' dir='ltr' id='par_1_103' title="bbox 1454 5050 1884 5116">
     <span class='ocr_line' id='line_1_103' title="bbox 1454 5050 1884 5116; baseline -0.002 -8"><span class='ocrx_word' id='word_1_738' title='bbox 1454 5069 1468 5086; x_wconf 86' lang='lat'><strong>&#39;</strong></span> <span class='ocrx_word' id='word_1_739' title='bbox 1503 5055 1585 5108; x_wconf 84' lang='grc' dir='ltr'>ὅτε</span> <span class='ocrx_word' id='word_1_740' title='bbox 1613 5050 1671 5108; x_wconf 77' lang='grc' dir='ltr'><strong>δε</strong></span> <span class='ocrx_word' id='word_1_741' title='bbox 1717 5055 1741 5106; x_wconf 85' lang='grc' dir='ltr'><strong><em>ὁ</em></strong></span> <span class='ocrx_word' id='word_1_742' title='bbox 1771 5056 1884 5116; x_wconf 80' lang='grc' dir='ltr'><strong>Υἱὸς</strong></span> 
     </span>
    </p>
   </div>
   <div class='ocr_carea' id='block_1_104' title="bbox 1456 5259 1946 5327">
    <p class='ocr_par' dir='ltr' id='par_1_104' title="bbox 1456 5259 1946 5327">
     <span class='ocr_line' id='line_1_104' title="bbox 1456 5259 1946 5327; baseline 0 -12"><span class='ocrx_word' id='word_1_743' title='bbox 1456 5261 1499 5296; x_wconf 77' lang='grc'><strong>⁸⁷</strong></span> <span class='ocrx_word' id='word_1_744' title='bbox 1533 5259 1736 5318; x_wconf 69' lang='lat' dir='ltr'><strong>manu.</strong></span> <span class='ocrx_word' id='word_1_745' title='bbox 1779 5276 1858 5327; x_wconf 84' lang='lat' dir='ltr'><strong>ut,</strong></span> <span class='ocrx_word' id='word_1_746' title='bbox 1893 5264 1946 5317; x_wconf 87' lang='lat'><strong>9.</strong></span> 
     </span>
    </p>
   </div>
   <div class='ocr_carea' id='block_1_105' title="bbox 1985 4604 3657 4675">
    <p class='ocr_par' dir='ltr' id='par_1_105' title="bbox 1985 4604 3657 4675">
     <span class='ocr_line' id='line_1_105' title="bbox 1985 4604 3657 4675; baseline -0.004 -12"><span class='ocrx_word' id='word_1_747' title='bbox 1985 4609 2169 4663; x_wconf 89' lang='lat' dir='ltr'><strong>domo</strong></span> <span class='ocrx_word' id='word_1_748' title='bbox 2231 4607 2420 4662; x_wconf 85' lang='lat' dir='ltr'><strong>Patris</strong></span> <span class='ocrx_word' id='word_1_749' title='bbox 2499 4606 2613 4662; x_wconf 87' lang='lat' dir='ltr'><strong>mei</strong></span> <span class='ocrx_word' id='word_1_750' title='bbox 2686 4606 2748 4661; x_wconf 91' lang='lat' dir='ltr'><strong>in</strong></span> <span class='ocrx_word' id='word_1_751' title='bbox 2807 4613 3122 4675; x_wconf 68' lang='lat' dir='ltr'><strong>internum,</strong></span> <span class='ocrx_word' id='word_1_752' title='bbox 3197 4609 3254 4660; x_wconf 91' lang='lat' dir='ltr'><strong>et</strong></span> <span class='ocrx_word' id='word_1_753' title='bbox 3315 4604 3657 4659; x_wconf 61' lang='lat' dir='ltr'><strong>haereditate</strong></span> 
     </span>
    </p>
   </div>
   <div class='ocr_carea' id='block_1_106' title="bbox 1987 4691 3655 4770">
    <p class='ocr_par' dir='ltr' id='par_1_106' title="bbox 1987 4691 3655 4770">
     <span class='ocr_line' id='line_1_106' title="bbox 1987 4691 3655 4770; baseline -0.004 -18"><span class='ocrx_word' id='word_1_754' title='bbox 1987 4697 2215 4770; x_wconf 89' lang='lat' dir='ltr'><strong>accipio</strong></span> <span class='ocrx_word' id='word_1_755' title='bbox 2256 4702 2612 4769; x_wconf 82' lang='lat' dir='ltr'><strong>potestatem</strong></span> <span class='ocrx_word' id='word_1_756' title='bbox 2664 4695 2882 4766; x_wconf 89' lang='lat' dir='ltr'><strong>ipsius.</strong></span> <span class='ocrx_word' id='word_1_757' title='bbox 2949 4695 3101 4751; x_wconf 87' lang='lat' dir='ltr'><strong>Nam</strong></span> <span class='ocrx_word' id='word_1_758' title='bbox 3158 4698 3215 4749; x_wconf 91' lang='lat' dir='ltr'><strong>et</strong></span> <span class='ocrx_word' id='word_1_759' title='bbox 3266 4694 3540 4764; x_wconf 87' lang='lat' dir='ltr'><strong>superius</strong></span> <span class='ocrx_word' id='word_1_760' title='bbox 3571 4691 3655 4746; x_wconf 88' lang='lat' dir='ltr'><strong>di-</strong></span> 
     </span>
    </p>
   </div>
   <div class='ocr_carea' id='block_1_107' title="bbox 1990 4782 3656 4858">
    <p class='ocr_par' dir='ltr' id='par_1_107' title="bbox 1990 4782 3656 4858">
     <span class='ocr_line' id='line_1_107' title="bbox 1990 4782 3656 4858; baseline -0.004 -16"><span class='ocrx_word' id='word_1_761' title='bbox 1990 4787 2097 4852; x_wconf 78' lang='lat' dir='ltr'><strong>xit,</strong></span> <span class='ocrx_word' id='word_1_762' title='bbox 2130 4785 2295 4858; x_wconf 90' lang='lat' dir='ltr'><strong>quod</strong></span> <span class='ocrx_word' id='word_1_763' title='bbox 2321 4785 2622 4841; x_wconf 79' lang='lat' dir='ltr'><strong>Judicium</strong></span> <span class='ocrx_word' id='word_1_764' title='bbox 2640 4800 2800 4840; x_wconf 87' lang='lat' dir='ltr'><strong>omne</strong></span> <span class='ocrx_word' id='word_1_765' title='bbox 2817 4783 2972 4838; x_wconf 80' lang='lat' dir='ltr'><strong>dedit</strong></span> <span class='ocrx_word' id='word_1_766' title='bbox 2999 4784 3163 4838; x_wconf 75' lang='lat' dir='ltr'><strong>Filio</strong></span> <span class='ocrx_word' id='word_1_767' title='bbox 3185 4784 3254 4837; x_wconf 74' lang='grc'><strong>⁸⁸.</strong></span> <span class='ocrx_word' id='word_1_768' title='bbox 3275 4782 3356 4836; x_wconf 87' lang='lat' dir='ltr'><strong>Ac</strong></span> <span class='ocrx_word' id='word_1_769' title='bbox 3381 4797 3617 4836; x_wconf 82' lang='lat' dir='ltr'><strong>rursum</strong></span> <span class='ocrx_word' id='word_1_770' title='bbox 3642 4799 3656 4835; x_wconf 92' lang='lat'><strong>:</strong></span> 
     </span>
    </p>
   </div>
   <div class='ocr_carea' id='block_1_108' title="bbox 1991 4868 3658 4945">
    <p class='ocr_par' dir='ltr' id='par_1_108' title="bbox 1991 4868 3658 4945">
     <span class='ocr_line' id='line_1_108' title="bbox 1991 4868 3658 4945; baseline -0.005 -14"><span class='ocrx_word' id='word_1_771' title='bbox 1991 4877 2066 4932; x_wconf 88' lang='lat' dir='ltr'><strong>Et</strong></span> <span class='ocrx_word' id='word_1_772' title='bbox 2095 4880 2441 4945; x_wconf 84' lang='lat' dir='ltr'><strong>potestatem</strong></span> <span class='ocrx_word' id='word_1_773' title='bbox 2469 4874 2628 4929; x_wconf 83' lang='lat' dir='ltr'><strong>dedit</strong></span> <span class='ocrx_word' id='word_1_774' title='bbox 2651 4873 2699 4927; x_wconf 88' lang='lat' dir='ltr'><strong>ei</strong></span> <span class='ocrx_word' id='word_1_775' title='bbox 2725 4874 2898 4928; x_wconf 81' lang='lat' dir='ltr'><strong>etiam</strong></span> <span class='ocrx_word' id='word_1_776' title='bbox 2939 4872 3240 4940; x_wconf 82' lang='lat' dir='ltr'><strong>judicmm</strong></span> <span class='ocrx_word' id='word_1_777' title='bbox 3291 4868 3560 4939; x_wconf 81' lang='lat' dir='ltr'><strong>faciendi</strong></span> <span class='ocrx_word' id='word_1_778' title='bbox 3589 4868 3658 4922; x_wconf 64' lang='lat'><strong>5°.</strong></span> 
     </span>
    </p>
   </div>
   <div class='ocr_carea' id='block_1_109' title="bbox 2071 4955 3662 5022">
    <p class='ocr_par' dir='ltr' id='par_1_109' title="bbox 2071 4955 3662 5022">
     <span class='ocr_line' id='line_1_109' title="bbox 2071 4955 3662 5022; baseline -0.006 -3"><span class='ocrx_word' id='word_1_779' title='bbox 2071 4964 2228 5022; x_wconf 85' lang='lat' dir='ltr'><strong>Vers.</strong></span> <span class='ocrx_word' id='word_1_780' title='bbox 2269 4967 2356 5020; x_wconf 87' lang='lat'><strong>36.</strong></span> <span class='ocrx_word' id='word_1_781' title='bbox 2387 4963 2447 5019; x_wconf 89' lang='lat' dir='ltr'><strong>Si</strong></span> <span class='ocrx_word' id='word_1_782' title='bbox 2482 4992 2542 5003; x_wconf 86' lang='lat'><strong>-—</strong></span> <span class='ocrx_word' id='word_1_783' title='bbox 2575 4962 2760 5020; x_wconf 80' lang='lat' dir='ltr'><strong>eritis.</strong></span> <span class='ocrx_word' id='word_1_784' title='bbox 2798 4965 2954 5018; x_wconf 82' lang='lat' dir='ltr'><strong>Nunc</strong></span> <span class='ocrx_word' id='word_1_785' title='bbox 2976 4961 3136 5016; x_wconf 86' lang='lat' dir='ltr'><strong>enim</strong></span> <span class='ocrx_word' id='word_1_786' title='bbox 3165 4976 3287 5014; x_wconf 89' lang='lat' dir='ltr'><strong>non</strong></span> <span class='ocrx_word' id='word_1_787' title='bbox 3321 4974 3456 5014; x_wconf 91' lang='lat' dir='ltr'><strong>vere</strong></span> <span class='ocrx_word' id='word_1_788' title='bbox 3489 4955 3662 5012; x_wconf 90' lang='lat' dir='ltr'><strong>liberi</strong></span> 
     </span>
    </p>
   </div>
   <div class='ocr_carea' id='block_1_110' title="bbox 1994 5046 3664 5124">
    <p class='ocr_par' dir='ltr' id='par_1_110' title="bbox 1994 5046 3664 5124">
     <span class='ocr_line' id='line_1_110' title="bbox 1994 5046 3664 5124; baseline -0.007 -12"><span class='ocrx_word' id='word_1_789' title='bbox 1994 5055 2155 5119; x_wconf 89' lang='lat' dir='ltr'><strong>estis,</strong></span> <span class='ocrx_word' id='word_1_790' title='bbox 2199 5070 2337 5110; x_wconf 90' lang='lat' dir='ltr'><strong>cum</strong></span> <span class='ocrx_word' id='word_1_791' title='bbox 2378 5052 2534 5110; x_wconf 87' lang='lat' dir='ltr'><strong>servi</strong></span> <span class='ocrx_word' id='word_1_792' title='bbox 2563 5051 2702 5109; x_wconf 85' lang='lat' dir='ltr'><strong>facti</strong></span> <span class='ocrx_word' id='word_1_793' title='bbox 2729 5051 2856 5107; x_wconf 92' lang='lat' dir='ltr'><strong>sitis</strong></span> <span class='ocrx_word' id='word_1_794' title='bbox 2899 5054 3189 5124; x_wconf 86' lang='lat' dir='ltr'><strong>peccato:</strong></span> <span class='ocrx_word' id='word_1_795' title='bbox 3232 5046 3477 5122; x_wconf 89' lang='lat' dir='ltr'><strong>quando</strong></span> <span class='ocrx_word' id='word_1_796' title='bbox 3528 5060 3664 5102; x_wconf 89' lang='lat' dir='ltr'><strong>vero</strong></span> 
     </span>
    </p>
   </div>
   <div class='ocr_carea' id='block_1_111' title="bbox 2024 5256 2916 5327">
    <p class='ocr_par' dir='ltr' id='par_1_111' title="bbox 2024 5256 2916 5327">
     <span class='ocr_line' id='line_1_111' title="bbox 2024 5256 2916 5327; baseline 0.006 -15"><span class='ocrx_word' id='word_1_797' title='bbox 2024 5260 2072 5297; x_wconf 68' lang='grc' dir='ltr'>σε</span> <span class='ocrx_word' id='word_1_798' title='bbox 2099 5257 2269 5317; x_wconf 87' lang='lat' dir='ltr'><strong>Joan.</strong></span> <span class='ocrx_word' id='word_1_799' title='bbox 2303 5276 2357 5327; x_wconf 76' lang='grc' dir='ltr'><strong>ν,</strong></span> <span class='ocrx_word' id='word_1_800' title='bbox 2387 5262 2476 5315; x_wconf 82' lang='grc'><strong>22.</strong></span> <span class='ocrx_word' id='word_1_801' title='bbox 2555 5260 2601 5295; x_wconf 72' lang='grc' dir='ltr'><strong>σε</strong></span> <span class='ocrx_word' id='word_1_802' title='bbox 2637 5256 2788 5315; x_wconf 90' lang='lat' dir='ltr'><strong>ibid.</strong></span> <span class='ocrx_word' id='word_1_803' title='bbox 2823 5258 2916 5317; x_wconf 86' lang='lat'><strong>27.</strong></span> 
     </span>
    </p>
   </div>
   <div class='ocr_carea' id='block_1_112' title="bbox 1523 5455 2438 5528">
    <p class='ocr_par' dir='ltr' id='par_1_112' title="bbox 1523 5455 2438 5528">
     <span class='ocr_line' id='line_1_112' title="bbox 1523 5455 2438 5528; baseline -0.003 0"><span class='ocrx_word' id='word_1_804' title='bbox 1523 5455 1744 5528; x_wconf 74' lang='lat' dir='ltr'><strong>Variae</strong></span> <span class='ocrx_word' id='word_1_805' title='bbox 1774 5456 2104 5526; x_wconf 85' lang='lat' dir='ltr'><strong>lectiones</strong></span> <span class='ocrx_word' id='word_1_806' title='bbox 2138 5466 2206 5525; x_wconf 90' lang='lat' dir='ltr'><strong>et</strong></span> <span class='ocrx_word' id='word_1_807' title='bbox 2233 5465 2438 5526; x_wconf 67' lang='lat' dir='ltr'><strong>notae.</strong></span> 
     </span>
    </p>
   </div>
   <div class='ocr_carea' id='block_1_113' title="bbox 362 5650 1892 5738">
    <p class='ocr_par' dir='ltr' id='par_1_113' title="bbox 362 5650 1892 5738">
     <span class='ocr_line' id='line_1_113' title="bbox 362 5650 1892 5738; baseline 0 -26"><span class='ocrx_word' id='word_1_808' title='bbox 362 5655 477 5738; x_wconf 65' lang='lat'><strong>(45)</strong></span> <span class='ocrx_word' id='word_1_809' title='bbox 497 5650 575 5738; x_wconf 82' lang='lat' dir='ltr'><strong>_&quot;H</strong></span> <span class='ocrx_word' id='word_1_810' title='bbox 631 5653 1128 5738; x_wconf 65' lang='lat' dir='ltr'><strong>interponendum</strong></span> <span class='ocrx_word' id='word_1_811' title='bbox 1155 5653 1406 5738; x_wconf 71' lang='lat' dir='ltr'><strong>videtur.</strong></span> <span class='ocrx_word' id='word_1_812' title='bbox 1444 5654 1542 5713; x_wconf 82' lang='lat' dir='ltr'><strong>Est</strong></span> <span class='ocrx_word' id='word_1_813' title='bbox 1576 5655 1733 5714; x_wconf 89' lang='lat' dir='ltr'><strong>enim</strong></span> <span class='ocrx_word' id='word_1_814' title='bbox 1763 5653 1892 5714; x_wconf 81' lang='lat' dir='ltr'><strong>haec</strong></span> 
     </span>
    </p>
   </div>
   <div class='ocr_carea' id='block_1_114' title="bbox 291 5723 1407 5800">
    <p class='ocr_par' dir='ltr' id='par_1_114' title="bbox 291 5723 1407 5800">
     <span class='ocr_line' id='line_1_114' title="bbox 291 5723 1407 5800; baseline -0.002 -14"><span class='ocrx_word' id='word_1_815' title='bbox 291 5723 410 5786; x_wconf 82' lang='lat' dir='ltr'><strong>alia</strong></span> <span class='ocrx_word' id='word_1_816' title='bbox 429 5723 853 5800; x_wconf 76' lang='lat' dir='ltr'><strong>interpretatio,</strong></span> <span class='ocrx_word' id='word_1_817' title='bbox 876 5723 1116 5785; x_wconf 73' lang='lat' dir='ltr'><strong>diversa</strong></span> <span class='ocrx_word' id='word_1_818' title='bbox 1143 5743 1181 5784; x_wconf 82' lang='lat' dir='ltr'><strong>a</strong></span> <span class='ocrx_word' id='word_1_819' title='bbox 1207 5728 1407 5800; x_wconf 85' lang='lat' dir='ltr'><strong>priori.</strong></span> 
     </span>
    </p>
   </div>
   <div class='ocr_carea' id='block_1_115' title="bbox 367 5796 796 5874">
    <p class='ocr_par' dir='ltr' id='par_1_115' title="bbox 367 5796 796 5874">
     <span class='ocr_line' id='line_1_115' title="bbox 367 5796 796 5874; baseline 0.002 -19"><span class='ocrx_word' id='word_1_820' title='bbox 367 5800 481 5874; x_wconf 81' lang='grc'><strong>(46)</strong></span> <span class='ocrx_word' id='word_1_821' title='bbox 509 5796 650 5855; x_wconf 73' lang='grc' dir='ltr'>Ψεῦδ</span> <span class='ocrx_word' id='word_1_822' title='bbox 653 5819 708 5864; x_wconf 89' lang='grc' dir='ltr'>ος</span> <span class='ocrx_word' id='word_1_823' title='bbox 734 5805 796 5856; x_wconf 79' lang='grc' dir='ltr'><strong>Α.</strong></span> 
     </span>
    </p>
   </div>
   <div class='ocr_carea' id='block_1_116' title="bbox 2097 5727 2575 5798">
    <p class='ocr_par' dir='ltr' id='par_1_116' title="bbox 2097 5727 2575 5798">
     <span class='ocr_line' id='line_1_116' title="bbox 2097 5727 2575 5798; baseline 0 0"><span class='ocrx_word' id='word_1_824' title='bbox 2097 5727 2188 5798; x_wconf 74' lang='grc'><strong>48)</strong></span> <span class='ocrx_word' id='word_1_825' title='bbox 2216 5731 2478 5798; x_wconf 70' lang='grc' dir='ltr'><strong>Σχήματα</strong></span> <span class='ocrx_word' id='word_1_826' title='bbox 2509 5730 2575 5798; x_wconf 52' lang='lat' dir='ltr'><strong>A1</strong></span> 
     </span>
    </p>
   </div>
   <div class='ocr_carea' id='block_1_117' title="bbox 2099 5649 2835 5798">
    <p class='ocr_par' dir='ltr' id='par_1_117' title="bbox 2099 5649 2835 5798">
     <span class='ocr_line' id='line_1_117' title="bbox 2099 5649 2835 5798; baseline -0.004 -87"><span class='ocrx_word' id='word_1_827' title='bbox 2099 5654 2190 5798; x_wconf 65' lang='grc' dir='ltr'><strong>4Ίῖ</strong></span> <span class='ocrx_word' id='word_1_828' title='bbox 2221 5652 2490 5726; x_wconf 86' lang='lat' dir='ltr'><strong>Baptista</strong></span> <span class='ocrx_word' id='word_1_829' title='bbox 2521 5649 2835 5709; x_wconf 78' lang='lat' dir='ltr'><strong>nimirum.</strong></span> 
     </span>
     <span class='ocr_line' id='line_1_118' title="bbox 2099 5727 2575 5798; baseline -0.011 -16"><span class='ocrx_word' id='word_1_830' title='bbox 2099 5727 2166 5782; x_wconf 82' lang='grc'><strong>4-8</strong></span> <span class='ocrx_word' id='word_1_831' title='bbox 2216 5731 2478 5798; x_wconf 78' lang='grc' dir='ltr'>Σχήματα</span> 
     </span>
    </p>
   </div>
   <div class='ocr_carea' id='block_1_118' title="bbox 2073 5654 3206 5874">
    <p class='ocr_par' dir='ltr' id='par_1_118' title="bbox 2073 5654 3206 5874">
     <span class='ocr_line' id='line_1_119' title="bbox 2099 5654 2835 5798; baseline -0.004 -87"><span class='ocrx_word' id='word_1_832' title='bbox 2099 5654 2190 5798; x_wconf 65' lang='grc' dir='ltr'><strong>4Ίῖ</strong></span> <span class='ocrx_word' id='word_1_833' title='bbox 2221 5654 2490 5726; x_wconf 87' lang='lat' dir='ltr'><strong>Baptista</strong></span> <span class='ocrx_word' id='word_1_834' title='bbox 2521 5654 2835 5709; x_wconf 78' lang='lat' dir='ltr'><strong>nimirum.</strong></span> 
     </span>
     <span class='ocr_line' id='line_1_120' title="bbox 2097 5727 3036 5798; baseline -0.006 -16"><span class='ocrx_word' id='word_1_835' title='bbox 2097 5727 2166 5782; x_wconf 82' lang='grc'><strong>48</strong></span> <span class='ocrx_word' id='word_1_836' title='bbox 2216 5731 2478 5798; x_wconf 81' lang='grc' dir='ltr'>Σχήματα</span> <span class='ocrx_word' id='word_1_837' title='bbox 2509 5730 2575 5779; x_wconf 80' lang='grc' dir='ltr'><strong>Α.</strong></span> <span class='ocrx_word' id='word_1_838' title='bbox 3029 5748 3036 5756; x_wconf 69' lang='grc' dir='ltr'>ο</span> 
     </span>
     <span class='ocr_line' id='line_1_121' title="bbox 2073 5654 3206 5874; baseline -0.004 -20"><span class='ocrx_word' id='word_1_839' title='bbox 2073 5654 2189 5874; x_wconf 44' lang='grc' dir='ltr'><strong>ξω)</strong></span> <span class='ocrx_word' id='word_1_840' title='bbox 2221 5801 2407 5855; x_wconf 80' lang='lat' dir='ltr'><strong>Moses</strong></span> <span class='ocrx_word' id='word_1_841' title='bbox 2443 5797 2689 5866; x_wconf 89' lang='lat' dir='ltr'><strong>scilicet,</strong></span> <span class='ocrx_word' id='word_1_842' title='bbox 2722 5799 2785 5854; x_wconf 90' lang='lat' dir='ltr'><strong>ut</strong></span> <span class='ocrx_word' id='word_1_843' title='bbox 2816 5791 2998 5852; x_wconf 88' lang='lat' dir='ltr'><strong>modo</strong></span> <span class='ocrx_word' id='word_1_844' title='bbox 3039 5790 3206 5850; x_wconf 78' lang='lat' dir='ltr'><strong>dixit.</strong></span> 
     </span>
    </p>
   </div>
  </div>
