4156 6380
574 378 711 440 1295

1922 364 2264 435 EUTHYMII
2304 368 2627 434 ZlGABENl

3816 370 3963 430 1296

572 527 677 565 vos
711 508 881 565 Filius
912 507 1266 573 liberaverit,
1316 522 1493 562 nemo
1514 507 1617 579 qui
1651 506 2041 563 contradicat.
2076 507 2231 561 Deus

2346 506 2478 575 υμᾶς
2527 502 2876 575 ἐλευθερώσει,
2957 505 3067 553 τότε
3147 497 3321 562 οὐδεὶς
3369 500 3394 552 6
3455 498 3750 572 ἀντιλέγων.
3828 503 3964 561 Θεός

571 599 676 669 qui
681 599 997 668 justi/teat,
1019 598 1145 668 quis
1166 604 1243 653 est
1266 598 1372 669 qui
1388 598 1719 653 condemnet
1740 598 1789 631 ⁷ο
1820 596 2233 667 ?corporalem

572 686 1214 758 siquidemlibertatem
1245 686 1345 741 dat
1381 687 1557 741 etiam
1605 687 1810 751 homo,
1859 685 2233 756 spiritualem

572 792 710 831 vero
732 776 893 830 solus
919 775 1421 847 Filius,tanquam
1449 776 1686 847 proprie
1722 776 2012 830 Dominus
2051 789 2063 828 :
2094 774 2236 845 quia

578 865 816 937 proprie
835 865 1013 920 etiam
1044 866 1167 919 hzec
1196 870 1283 919 est
1322 865 1587 920 libertas.
1630 864 1857 919 Deinde
1883 864 2096 919 relictis
2127 880 2237 918 cre-

571 954 709 1010 teris
743 970 945 1010 eorum
978 954 1249 1025 peccatis,
1279 956 1719 1023 cogitationem,
1762 970 1947 1026 quam
1980 952 2143 1024 apud
2174 970 2235 1008 se

570 1044 927 1108 tractabant,
963 1045 1020 1099 in
1053 1044 1319 1098 medium
1349 1044 1629 1109 adducit;
1655 1050 1900 1101 noverat
1924 1044 2081 1099 enim
2106 1044 2233 1113 jam

569 1147 668 1187 eos
698 1132 973 1188 resiliisse
1005 1138 1061 1188 et
1089 1132 1312 1189 blande
1343 1132 1485 1187 dicit
1514 1154 1527 1189 :

639 1222 803 1279 Vers.
837 1222 924 1277 37.
958 1222 1113 1278 Novi
1157 1254 1223 1261 —
1250 1222 1601 1293 interﬁcere.
1647 1220 1947 1278 Manifeste
1992 1219 2232 1293 quidem

568 1327 692 1368 non
721 1312 867 1367 dixit
901 1327 912 1366 :
967 1315 1091 1367 Non
1125 1316 1285 1379 estis,
1327 1312 1525 1366 adhuc
1557 1311 1640 1366 eis
1686 1326 1965 1383 parcens,
2020 1326 2230 1365 verum

565 1402 811 1457 latenter
844 1401 960 1456 hoc
991 1399 1377 1470 signiﬁcavit.
1422 1404 1569 1456 Nam
1616 1402 1760 1471 quia
1802 1416 1895 1455 me
1962 1399 2232 1454 occidere

562 1490 849 1563 quaeritis,
882 1506 1005 1545 non
1037 1491 1195 1545 estis.
1224 1490 1322 1545 Ille
1352 1490 1653 1562 siquidem
1678 1489 1980 1545 neminem
2016 1488 2231 1558 injuste

564 1579 831 1651 peremit.
881 1580 1037 1635 Sicut
1076 1579 1234 1633 enim
1277 1578 1521 1633 libertas
1548 1579 1624 1634 ab
1656 1578 1960 1650 operibus,
1985 1594 2119 1649 quae
2152 1577 2227 1631 li-

566 1668 772 1723 berum
821 1669 1051 1732 decent,
1111 1669 1459 1738 ostenditur,
1498 1668 1578 1745 ita
1631 1674 1684 1723 et
1716 1668 2012 1737 cognatio.
2062 1666 2233 1721 Ponit

564 1761 766 1814 autem
797 1762 852 1812 et
881 1757 1061 1812 caedis
1093 1773 1367 1813 causam.

635 1846 800 1901 Vers.
845 1850 931 1901 37.
969 1846 1210 1913 Quia—
1242 1845 1414 1901 vobis.
1465 1847 1671 1903 Sermo
1730 1861 1877 1900 meae
1929 1844 2227 1909 doctrinae,
2260 1855 2305 1911 Β

564 1952 702 1991 cum
735 1935 1130 2003 sitsublimis,
1166 1951 1288 1990 non
1330 1935 1513 1991 habet
1563 1935 1759 1990 locum
1801 1935 1860 1989 in
1903 1934 2094 1999 vobis,
2124 1934 2227 2005 qui

564 2030 823 2081 mentem
838 2024 1075 2080 habetis
1100 2040 1135 2079 a
1154 2025 1443 2097 pravitate
1465 2030 1826 2080 coarctatam
1854 2040 1924 2079 ac
1945 2024 2113 2078 humi
2133 2023 2232 2079 de-

564 2120 834 2170 tractam.
868 2117 1010 2169 Ecce
1041 2114 1200 2169 enim
1230 2113 1551 2184 repulistis,
1579 2130 1709 2185 que
1742 2115 1925 2185 paulo
1978 2120 2112 2169 ante
2135 2128 2232 2168 ex-

564 2204 873 2276 ceperatis,
919 2204 1047 2258 baac
1086 2203 1235 2258 ferre
1286 2218 1407 2258 non
1458 2208 1756 2274 potentes.
1792 2207 1869 2259 Ne
1906 2209 2105 2259 autem
2146 2202 2231 2258 di-

562 2298 701 2350 cant
734 2310 745 2349 :
779 2298 832 2351 A
880 2295 1068 2365 teipso
1102 2293 1229 2349 haec
1256 2292 1537 2365 loqueris,
1577 2294 1893 2364 subjungit
1928 2311 1940 2349 :

630 2385 794 2439 Vers.
828 2386 916 2440 38.
973 2384 1099 2454 Ego
1155 2414 1223 2424 —
1256 2383 1479 2455 loquor.
1535 2383 1704 2448 Quod
1751 2382 2005 2454 cognovi
2069 2382 2229 2456 apud

562 2478 795 2530 Patrem
827 2490 1054 2539 meum,
1088 2473 1252 2545 quod
1287 2474 1364 2528 ab
1397 2488 1467 2528 eo
1497 2471 1701 2527 didici.

554 2586 563 2595 -
634 2564 799 2618 Vers.
829 2567 915 2619 38.
949 2564 1027 2617 Et
1057 2592 1127 2603 ——
1169 2564 1401 2631 facitis.
1461 2560 1862 2616 Homicidium
1910 2561 2179 2617 videlicet
2211 2582 2223 2629 ;

555 2669 702 2709 nam
745 2657 977 2724 patrem
1030 2652 1271 2707 illorum
1341 2652 1637 2721 signiﬁcat
1687 2667 1845 2706 nunc
1898 2651 2222 2706 diabolum.

563 2741 1077 2807 Quemadmodum
1108 2742 1268 2796 enim
1296 2758 1328 2795 a
1354 2742 1713 2812 paternitate
1737 2741 1990 2795 Abrahae
2014 2741 2228 2812 repulit

563 2847 929 2902 eosoperum
954 2830 1406 2897 dissimilitudo,
1440 2830 1524 2885 ita
1555 2830 1632 2885 ad
1665 2830 2227 2902 diabolipaternita-

562 2926 673 2976 tem
700 2921 908 2976 asserit
936 2919 1063 2975 illos
1098 2935 1351 2991 operum
1404 2919 1734 2975 similitudo
1768 2935 1781 2974 ε
1846 2918 2141 2991 siquidem
2170 2925 2225 2975 et

561 3009 656 3066 ille
703 3008 1007 3065 homicida
1036 3013 1125 3065 est
1164 3009 1237 3064 de
1265 3024 1387 3082 quo
1431 3008 1803 3064 manifestius
1851 3008 2008 3064 dicet
2034 3007 2091 3062 in
2140 3024 2226 3063 se-

561 3098 903 3171 quentibus.

633 3187 799 3243 Vers.
841 3188 926 3244 39.
962 3188 1409 3258 Responderunt
1432 3220 1500 3227 —
1527 3194 1631 3243 est.
1664 3187 1794 3244 Non
1813 3186 2220 3260 intelligentes,
2264 3211 2306 3269 ρ

561 3294 745 3349 quem
767 3276 988 3332 diceret
1018 3282 1250 3348 patrem
1270 3277 1568 3349 ipsorum,
1600 3292 1845 3332 rursum
1869 3276 1944 3331 ad
1977 3276 2223 3333 abrahae

561 3368 981 3438 cognationem
1028 3366 1403 3437 confugiunt.
1438 3366 1707 3422 Christus
1742 3367 1941 3439 itaque
1975 3366 2221 3423 manife-

563 3458 706 3512 stius
729 3472 833 3512 eos
857 3456 1161 3527 objurgat.

632 3547 790 3601 Vers.
832 3545 920 3599 39.
954 3544 1054 3600 Ait
1089 3575 1160 3585 —
1204 3544 1502 3613 faceretis.
1536 3544 1863 3601 Justitiam.

632 3634 795 3690 Vers.
825 3637 912 3689 40.
959 3632 1135 3690 Nunc
1158 3655 1223 3665 --
1248 3634 1605 3703 interﬁcere.
1639 3634 2070 3706 Cogitationem
2102 3633 2220 3690 illo-

562 3739 696 3780 rum
728 3722 1067 3794 frequenter
1119 3722 1329 3794 arguit,
1382 3722 1758 3779 confundens
1789 3739 1915 3790 eos,
1954 3727 2016 3779 ut
2047 3724 2224 3779 corri-

564 3818 801 3882 gantur.

634 3899 794 3956 Vers.
832 3904 920 3957 40.
974 3900 1278 3958 Hominem
1309 3932 1379 3945 —
1416 3907 1606 3971 patre.
1640 3902 1827 3959 Verba
1878 3901 2025 3967 heec,
2069 3902 2218 3968 Vidi,

563 3994 622 4047 et
652 3990 887 4058 Audivi,
916 3990 1349 4064 dispensatoric
1378 3991 1732 4065 accipienda
1752 3997 1806 4048 et
1838 3992 2223 4064 intelligenda

564 4085 721 4136 sunt.

633 4173 793 4227 Vers.
838 4174 927 4227 40.
968 4170 1090 4227 Hoc
1158 4201 1224 4212 —
1270 4172 1433 4241 fecit.
1493 4171 1564 4228 Ut
1620 4176 1906 4242 quaereret
1956 4170 2223 4229 occidere

560 4259 893 4327 hominem,
927 4261 1025 4333 qui
1057 4260 1363 4317 veritatem
1409 4261 1642 4318 locutus
1683 4260 1893 4318 fuisset
1926 4278 1995 4317 ac
2053 4262 2227 4318 inno-

563 4354 815 4406 centem.

634 4438 795 4494 Vers.
838 4442 926 4495 4-1.
970 4439 1080 4495 Vos
1116 4468 1181 4482 -
1220 4439 1417 4496 vestri.
1456 4438 1860 4496 Homicidium
1888 4444 1944 4497 et
1977 4441 2025 4497 si
2059 4442 2227 4515 quod

564 4526 734 4583 aliud
761 4532 849 4582 est
891 4527 1140 4583 malum.

636 4613 800 4671 Vers.
825 4618 914 4671 41.
962 4617 1255 4672 Dixerunt
1286 4646 1356 4659 —
1386 4617 1587 4673 Deum.
1622 4618 1762 4683 Quia
1802 4618 1964 4689 justa
2003 4619 2227 4676 ratione

564 4704 821 4760 ostendit
851 4721 950 4760 eos
991 4704 1270 4775 indignos
1310 4722 1441 4761 esse
1482 4708 1833 4781 paternitate
1859 4707 2132 4776 Abrahae,
2167 4710 2226 4766 in

563 4809 685 4865 qua
708 4793 1026 4866 plurimum
1045 4794 1479 4865 gloriabantur,
1503 4796 1843 4866 insipienter
1861 4798 2133 4870 deinceps
2150 4799 2227 4855 ad

564 4881 664 4937 Dei
719 4883 1138 4955 paternitatem
1174 4888 1521 4940 recurrunt:
1571 4901 1641 4941 eo
1673 4886 1830 4957 quod
1880 4886 2042 4943 dicat
2080 4888 2227 4943 Scri-

564 4977 759 5043 ptura,
800 4973 989 5029 Filius
1026 4989 1183 5028 meus
1212 4973 1633 5045 primogenitus
1665 4974 1850 5031 Israel
1899 4978 1970 5031 τι.
2015 4979 2082 5032 Et
2112 4978 2227 5034 hoc

565 5067 767 5117 autem
814 5061 1044 5118 honore
1081 5062 1259 5132 justis
1290 5078 1392 5118 eos
1423 5062 1623 5134 dejicit
1667 5067 2057 5135 argumentis.
2118 5069 2228 5124 Sed

564 5164 837 5223 quonam
862 5150 1042 5208 modo
1072 5151 1188 5224 ipsi
1208 5156 1427 5209 temere
1466 5152 1531 5225 (ι)
1565 5155 1751 5211 Deum
1782 5154 2018 5213 Patrem
2048 5172 2226 5214 suum

638 5304 686 5339 7°
708 5303 879 5362 Rom.
910 5320 1030 5370 vni,
1052 5304 1145 5362 34.
1221 5288 1478 5366 71‘AExod.
1511 5323 1585 5374 1v,
1614 5290 1715 5366 22..

2348 590 2639 655 ὀδικαιῶν,
2699 597 2774 652 τίς
2823 591 3199 665 ὁκατακρίνων
3234 607 3246 657 ;
3287 596 3391 648 Τὴν
3455 593 3544 662 μὲν
3602 593 3702 662 γὰρ
3774 609 3959 661 σωμα-

2346 687 2497 740 τικὴν
2541 681 2827 755 ἐλευθερίαν
2875 685 2963 732 καὶ
2990 681 3260 755 ἅνθρωπος
3312 676 3531 745 δίδωσι,
3588 684 3681 737 τὴν
3727 674 3787 730 δε
3849 677 3959 748 ψυ-

2346 775 2510 842 χικὴν
2567 775 2717 842 μόνος
2766 772 2789 821 ὁ
2837 773 2956 830 Υἱός
3013 772 3076 829 ὡς
3129 774 3324 842 κυρίως
3376 771 3573 842 Κύριος
3632 790 3643 801 ·
3704 766 3815 819 ἐπεὶ
3867 772 3961 819 καὶ

2346 865 2533 935 κυρίως
2582 860 2713 917 αὕτη
2753 858 3031 933 ἐλευθερία.
3088 855 3214 911 Εἶτα
3266 861 3407 930 ἀφεὶς
3455 861 3547 920 τὰς
3588 857 3739 917 οἷλλας
3786 857 3959 908 αὐτῶν

2348 948 2607 1024 ἁμαρτίας
2670 950 2737 1011 εἰς
2815 953 2972 1021 μέσον
3054 950 3170 1020 ἄγει
3232 952 3320 1005 τὴν
3372 948 3721 1021 μελετωμένην

2346 1042 2473 1109 ἔγνω
2517 1043 2617 1111 γὰρ
2665 1039 2851 1099 αὐτοὺς
2909 1035 3015 1096 ἤδη
3076 1034 3553 1104 ἀποπηδήσαντας,
3608 1040 3697 1088 καὶ
3746 1034 3958 1107 ὁμαλῶς

2346 1148 2503 1200 φησιν
2540 1145 2551 1158 '

2418 1214 2559 1270 Οἶδα
2589 1248 2655 1257 -
2683 1216 3000 1270 ἀποκτεῖναι.
3036 1223 3268 1292 Φανερώς
3294 1219 3384 1288 μὲν
3415 1215 3509 1269 οὐκ
3543 1213 3699 1283 εἶπεν,
3730 1216 3810 1267 ὃτι
3842 1213 3957 1265 Οὔκ

2345 1307 2482 1371 ἐστε,
2518 1303 2816 1381 φειδόμενος
2847 1307 3012 1360 αὐτῶν
3044 1308 3115 1359 ἔτι
3166 1326 3177 1338 ·
3205 1306 3492 1368 λεληθότως
3518 1302 3576 1358 δὲ
3605 1313 3754 1358 τοῦτο
3784 1300 3953 1361 δεδή-

2342 1395 2519 1452 λωκεν,
2556 1396 2697 1449 Ἐπεὶ
2724 1400 2826 1470 γὰρ
2851 1397 3054 1457 ζητεῖτέ
3084 1414 3145 1468 με
3180 1394 3499 1464 ἀποκτεῖναι,
3534 1395 3626 1447 οὐκ
3669 1394 3804 1446 ἐστέ.
3843 1392 3956 1444 Οὐ-

2346 1482 2469 1537 δένα
2497 1490 2597 1559 γὰρ
2628 1484 2815 1547 ἐκεῖνος
2843 1486 3129 1538 ἀπέντεινεν
3158 1482 3371 1545 ἀδίκως.
3400 1483 3601 1558 Ὠσπερ
3634 1486 3735 1555 γὰρ
3768 1485 3797 1539 ἡ
3836 1482 3957 1552 (5t)

2344 1574 2605 1648 ἐλευθερία
2644 1574 2743 1626 ἀπὸ
2800 1584 2899 1627 τῶν
2954 1578 3113 1650 ἔργων
3173 1570 3441 1626 δείκνυται
3491 1582 3591 1625 τῶν
3658 1574 3956 1645 πρεπόντων

2344 1663 2607 1737 ἐλευθέρῳ,
2642 1665 2775 1717 οὕτω
2802 1670 2891 1717 καὶ
2925 1666 2954 1722 ἡ
2986 1667 3279 1736 συγγένεια.
3313 1665 3508 1721 Τὶθησι
3536 1660 3594 1716 δὲ
3624 1667 3714 1713 καὶ
3748 1664 3843 1718 τὴν
3877 1658 3957 1709 αἰ-

2342 1758 2457 1805 τίαν
2484 1762 2575 1805 τοῦ
2605 1759 2777 1826 φόνου.

2412 1842 2532 1895 Ὀτι
2565 1875 2624 1883 -
2668 1845 2809 1915 ὑμῖν.
2856 1842 2914 1894 Ὀ
2938 1842 3084 1914 λόγος
3112 1862 3214 1915 μου
3230 1844 3265 1895 ·ό
3314 1839 3715 1907 διδασκαλικὸς,
3748 1843 3955 1915 ὑψηλός

2343 1934 2431 1999 ὢν,
2466 1933 2522 1984 οὐ
2550 1940 2718 2005 χωρεῖ
2738 1932 2784 1984 ἐν
2813 1933 2932 2004 ὑμῖν
2965 1940 3075 1992 τοῖς
3110 1934 3301 2004 ἔχουσι
3328 1932 3445 1984 νοῦν
3477 1930 3814 2005 ἐστενωμένον
3848 1935 3951 1985 ὑπό

2344 2022 2659 2094 φαυλότητος
2682 2027 2771 2073 καὶ
2794 2027 2970 2094 χαμαὶ
3006 2028 3307 2096 συρόμενον.
3340 2018 3482 2075 Ἰδοὺ
3526 2024 3629 2093 γὰρ
3662 2021 3953 2076 ἀπώσασθε

2341 2118 2431 2164 καὶ
2457 2111 2490 2163 ἆ
2519 2116 2618 2187 πρὸ
2652 2120 2844 2186 μικροῦ
2876 2110 3254 2186 παρεδέξασθε,
3291 2117 3489 2183 στέγειν
3520 2112 3654 2163 αὑτά
3682 2117 3754 2183 μὴ
3790 2108 3951 2165 δυνά-

2341 2220 2501 2273 μενοι.
2532 2200 2641 2254 Ἵνα
2682 2198 2741 2254 δὲ
2763 2205 2834 2274 μὴ
2870 2205 3107 2271 εἴπωσιν,
3143 2202 3272 2254 Ἀπὸ
3308 2208 3529 2254 σεαυτοῦ
3552 2208 3720 2253 ταῦτα
3749 2200 3947 2274 λαλεῖς,

2342 2289 2435 2349 ἐπή
2445 2313 2475 2361 γ
2484 2311 2603 2361 αγεν
2641 2308 2652 2320 ·

2412 2381 2543 2452 Ἐγὼ
2575 2413 2642 2420 -
2672 2380 2828 2433 λαλῶ.
2863 2380 2928 2433 ΑΟ
2958 2384 3113 2454 ἔγνων
3144 2383 3288 2457 παρά
3314 2389 3384 2452 τῷ
3410 2384 3577 2456 Πατρί
3610 2399 3732 2454 μου,
3765 2381 3790 2433 ὃ
3816 2383 3951 2454 ἔμα-

2330 2473 2431 2523 ’θον
2466 2471 2551 2522 ἀπ’
2586 2471 2766 2525 αὐτοῦ.

2418 2565 2517 2613 Καὶ
2574 2593 2641 2601 —-
2701 2569 2911 2613 ποιεῖτε.
2964 2564 3032 2613 Τὸ
3089 2559 3564 2633 ἀνθρωποκτονεῖν’
3612 2565 3810 2635 πατέρα
3844 2563 3949 2635 γὰρ

2341 2649 2509 2702 αὐτῶν
2602 2649 2833 2721 ἐμφαίνει
2913 2658 3001 2702 νῦν
3080 2653 3166 2701 τὸν
3251 2645 3514 2705 διάϐολον.
3569 2648 3769 2723 Ὠσπερ
3846 2654 3950 2725 γὰρ

2338 2747 2433 2799 τῆς
2464 2745 2787 2813 πατρότητος
2845 2748 2935 2792 τοῦ
2989 2738 3230 2813 Ἀϐραὰμ
3279 2738 3510 2792 ἐκϐάλλει
3546 2739 3735 2803 αὐτοὺς
3777 2742 3806 2798 ἡ
3841 2750 3945 2793 τῶν

2338 2832 2497 2904 ἔργων
2529 2828 2839 2901 ἀνομοιότης
2876 2850 2886 2861 ·
2924 2830 3083 2889 οὕτως
3124 2830 3227 2902 ἄρα
3271 2837 3332 2901 τῇ
3382 2835 3671 2905 πατρότητι
3704 2830 3816 2899 (52)
3850 2839 3944 2882 τοῦ

2340 2916 2586 2971 διαϐόλου
2620 2918 2841 2971 εἰσποιεῖ
2870 2920 3060 2981 αὐτοὺς
3118 2921 3147 2975 ἡ
3180 2926 3278 2970 τῶν
3322 2921 3482 2993 ἔργων
3513 2921 3761 2992 ὁμοιότης
3799 2937 3809 2949 ·
3845 2919 3943 2971 κά-

2337 3016 2499 3071 κεῖνος
2528 3011 2629 3081 γάρ
2658 3008 3100 3082 ἀνθρωποκτόνος,
3130 3013 3247 3082 περὶ
3275 3008 3335 3060 οὗ
3360 3014 3553 3081 προῖὼν
3588 3009 3690 3082 ἐρεῖ
3721 3016 3943 3083 φανερώ-

2335 3118 2496 3173 τερον.

2411 3188 2794 3262 Ἀπεκρίθησαν
2822 3219 2887 3228 -
2938 3187 3071 3240 ἐστι.
3100 3192 3185 3246 Μὴ
3214 3192 3486 3248 νοήσαντες
3516 3188 3629 3261 (53)
3662 3193 3777 3240 τίνα
3804 3190 3939 3260 ἔλεγε

2335 3281 2534 3351 πατέρα
2583 3278 2751 3329 αὐτῶν
2784 3277 2939 3330 πάλιν
2970 3277 3053 3330 ἐπὶ
3081 3283 3173 3336 τὴν
3227 3286 3317 3330 τοῦ
3351 3277 3591 3353 Ἀϐραὰμ
3638 3282 3936 3349 συγγένειαν

2334 3370 2743 3439 καταφεύγουσι.
2796 3370 2992 3420 Λοιπόν
3023 3363 3110 3419 οὖν
3141 3367 3165 3418 6
3199 3370 3428 3442 Χριστός
3470 3372 3815 3443 φανερώτερον
3847 3367 3937 3420 αὖ-

2334 3465 2432 3508 τῶν
2468 3458 2815 3510 καθάπτεται.

2406 3550 2558 3616 Λέγει
2594 3578 2657 3586 -—
2690 3544 2904 3599 ἐποιεῖτε
2926 3547 3007 3598 ἄν.
3039 3551 3143 3605 Τὴν
3177 3542 3539 3604 δικαιοσύνην.

2403 3642 2511 3687 Νῦν
2532 3666 2599 3674 —
2632 3632 2948 3688 ἀποκτεῖναι.
2980 3642 3218 3707 Συνεχῶς
3239 3634 3441 3708 ἐλέγχει
3470 3640 3560 3694 τὴν
3590 3634 3806 3709 μελέτην
3838 3637 3939 3689 αυ-

2332 3732 2446 3790 τῶν,
2486 3723 2735 3799 ἐντρέπων
2767 3725 2957 3787 αὐτοὺς
2985 3726 3123 3787 ὅπως
3158 3721 3541 3797 διορθωθὼσιν.

2404 3902 2707 3979 ’Ἄνθρωπον
2738 3936 2806 3944 —
2832 3908 3045 3977 πατρὸς.
3094 3906 3162 3959 Τὸ
3185 3903 3389 3978 ἑώρακα
3427 3908 3516 3958 καὶ
3540 3906 3596 3958 τό
3643 3907 3851 3964 ἤκουσα
3877 3907 3940 3967 ὡς

2334 3993 2636 4066 οἰκονομικὰ
2668 3989 2873 4047 δεκτέον
2903 3998 2992 4047 καὶ
3032 3998 3259 4053 νοητέόν.

2405 4178 2569 4224 Τοῦτο
2620 4205 2688 4213 -
2720 4173 2980 4231 ἐποίησεν.
3013 4177 3082 4227 Τό
3129 4174 3303 4235 ζητεῖν
3332 4171 3634 4226 ἀποκτεῖναι
3669 4175 3939 4249 ἄνθρωπον

2337 4260 2430 4320 ἀλή
2442 4264 2579 4315 θειαν
2605 4262 2919 4322 λελαληκότα
2948 4268 3037 4316 καὶ
3071 4262 3257 4319 ἀθῶον.

2406 4438 2575 4514 Ὑμεῖς
2618 4473 2682 4486 -—
2732 4442 2895 4515 ὑμῶν.
2921 4446 2991 4497 Τὸ
3047 4442 3482 4519 ἀνθρωποκτονεῖν
3527 4447 3617 4496 καὶ
3639 4444 3684 4496 εἶ
3710 4449 3760 4495 τί
3786 4461 3939 4502 πονη-

2260 4576 2305 4631 D
2338 4535 2445 4605 ρόν.

2411 4618 2566 4675 Εἶπον
2622 4653 2691 4663 —
2747 4626 2897 4677 Θεόν.
2959 4620 3097 4675 Ἐπεὶ
3149 4622 3371 4695 εὐλόγως
3415 4618 3680 4684 ἀπέδειξεν
3750 4622 3943 4683 αὐτοὺς

2340 4709 2581 4773 ἀναξίους
2632 4717 2726 4772 τῆς
2776 4715 3103 4786 πατρότητος
3159 4719 3251 4764 τοῦ
3306 4711 3570 4784 Ἀϐραὰμ,
3624 4709 3762 4783 ἐφ’ᾕ
3802 4714 3939 4782 μέγα

2339 4800 2655 4873 ἐκόμπαζον,
2723 4801 2901 4854 λοιπόν
2978 4800 3209 4861 ἀνοήτως
3273 4792 3787 4874 ἀνατρέχουσινέπὶ
3839 4800 3931 4854 τὴν

2338 4894 2641 4964 πατρότητα
2672 4898 2761 4943 τοῦ
2804 4897 2956 4957 Θεοῦ,
2995 4888 3089 4943 διὰ
3112 4893 3170 4943 τό
3209 4890 3370 4962 λέγειν
3395 4896 3490 4950 τὴν
3523 4891 3728 4962 Γραφήν
3764 4905 3777 4919 ο
3812 4887 3938 4948 Υἱός

2337 4984 2666 5054 πρωτότοκός
2711 4997 2811 5052 μου
2862 4979 3096 5056 Ἰσραήλ.
3147 4975 3415 5033 Ἐκϐάλλει
3465 4976 3524 5032 δὲ
3593 4982 3683 5031 καὶ
3740 4979 3941 5039 ταύτης

2340 5069 2528 5131 αὐτοὺς
2588 5076 2680 5131 τῆς
2751 5077 2931 5143 τιμῆς,
3010 5068 3237 5141 εὐλόγοις
3314 5070 3506 5142 ὁμοίως
3586 5063 3939 5130 ἀποδείξεσιν.

2340 5157 2494 5211 Ἀλλὰ
2545 5156 2651 5221 πῶς
2706 5158 2853 5213 αὐτοὶ
2884 5157 2975 5233 μέν
3004 5154 3173 5223 ἀδεῶς
3220 5162 3422 5235 πατέρα
3473 5158 3669 5213 ἑαυτῶν
3727 5155 3941 5231 λέγουσι

1750 5497 1758 5507 ε
1807 5453 2028 5523 Varias
2052 5454 2376 5527 lectiones
2400 5465 2466 5525 et
2496 5466 2699 5526 notae.

642 5614 756 5762 £50;
786 5619 885 5671 Τὸν
912 5618 1026 5672 κατ’
1058 5618 1219 5675 αὐτοῦ
1248 5624 1417 5695 φόνον.

667 5691 724 5745 51
786 5688 844 5743 Ἠ
884 5690 1055 5748 abest
1092 5695 1159 5748 A.

667 5688 755 5748 51)
786 5688 844 5743 Ἠ
884 5690 1055 5748 abest
1092 5695 1159 5748 A.

645 5810 712 5889 (ἢ
750 5812 1004 5873 Temere.
1041 5815 1320 5892 Licenter,
1352 5817 1655 5877 audacter.

2412 5626 2527 5702 (5g)
2566 5634 2670 5688 Τῆς
2708 5628 3029 5702 πατρότητος
3054 5631 3118 5702 ΑΔ.

2412 5700 2524 5773 (53)
2548 5704 2634 5760 Μὴ
2667 5698 2947 5764 νοήσαντες
2984 5698 3205 5758 omittit
3237 5700 3295 5756 Β.
