4156 6416
275 340 417 400 1297

1262 339 1632 398 COMMENT.
1675 341 1748 398 IN
1786 339 2138 398 JOANNEM.
2181 372 2250 383 —-
2288 341 2439 400 CAP.
2483 343 2623 399 VIII.

3507 346 3648 404 i298

267 470 354 519 τὸν
409 469 559 534 Θεὸν,
611 475 682 539 τῷ
743 463 803 521 δὴ
855 475 1068 545 Χριστῷ
1101 472 1307 545 Πατέρα
1355 465 1490 522 ῖδιον
1539 467 1736 541 λέγοντι
1788 470 1873 520 τὸν

2001 467 2309 542 appellant,
2335 484 2474 526 cum
2507 469 2732 527 Christo
2759 468 2978 527 dicenti
3025 469 3258 528 Patrem
3297 487 3476 529 suum
3515 488 3646 530 esse

268 559 399 611 Θεὸν
472 556 854 629 ἓχαλέπαινονς
947 562 1088 611 Διότι
1175 557 1360 620 ἐκεῖνος
1443 560 1594 630 φύσει
1668 559 1877 631 Πατέρα

268 646 455 699 ἑαυτοῦ
500 646 663 718 ἔλεγεν
714 647 889 702 αὐτόν.
941 651 1011 700 Τό
1068 645 1148 717 δὲ,
1203 647 1377 720 Ἡμεῖς
1428 646 1482 699 ἐκ
1530 652 1768 722 πορνείας
1816 646 1874 699 ού

269 737 615 809 γεγεννήμεθα
671 737 784 809 (54)
845 744 1038 790 νοεῖται
1093 742 1184 810 μεν
1239 735 1334 791 διὰ
1403 740 1468 789 τά
1542 737 1595 800 ἐξ
1654 735 1877 810 Ἰσμαὴλ

267 830 603 898 καταγόμενα
651 829 790 894 ἔθνη,
856 829 905 887 ὃς
960 828 1016 880 ἐκ
1069 824 1319 891 δουλικῆς
1379 827 1684 893 συμπλοκῆς
1739 826 1875 898 ἐγεν-

266 917 403 974 νήθη
453 923 526 986 τῷ
569 915 826 990 Ἀϐρααμ,
868 914 944 985 [ἐξ
977 917 1086 988 (55)
1145 915 1314 988 ’Ἅγαρ
1360 925 1450 977 τῆς
1505 913 1726 977 δούλης·
1789 916 1877 968 ἅτε

270 1004 440 1057 αὐτῶν
497 1004 550 1068 ἐξ
610 1004 792 1058 Ἰσαὰκ
843 1010 1226 1079 καταγομένων,
1281 1007 1332 1067 ὃς
1388 1006 1440 1070 ἐξ
1497 1006 1729 1078 εὐγενοῦς
1779 1006 1876 1078 γά-

267 1114 371 1166 μου
403 1093 646 1166 ἐγεννήθη
700 1103 772 1167 τῷ
797 1093 1084 1168 ’Δϐραάμ,]
1119 1095 1172 1148 ἐκ
1195 1094 1392 1171 Σάρρας
1429 1104 1525 1157 τῆς
1567 1100 1748 1170 κυρίας
1786 1102 1877 1156 τῆς

267 1182 464 1260 ”Αγαρ.

344 1278 574 1346 Λέγουσι
615 1274 728 1348 (56)
770 1270 831 1328 δέ
872 1294 1005 1338 τινες
1048 1277 1128 1328 ὅτι
1170 1279 1296 1348 πρὸς
1340 1274 1487 1350 ὕϐριν
1517 1274 1677 1328 αὐτοῦ
1724 1281 1876 1327 τοῦτο

270 1360 411 1417 εἶπον
455 1366 505 1416 οἰ
563 1362 773 1435 ἐναγεῖς,
809 1361 902 1417 διά
931 1368 988 1416 τό
1019 1364 1259 1436 λέγεσθαι
1317 1365 1471 1417 αὐτόν
1508 1370 1577 1438 μή
1628 1362 1755 1418 εἶναι
1787 1367 1878 1437 φύ-

271 1472 354 1506 σει
389 1455 496 1505 υἱόν
543 1461 636 1506 τοῦ
685 1454 902 1526 Ἰωσήφ.
951 1453 1072 1506 Ὅτε
1106 1451 1165 1507 δὲ
1200 1453 1514 1518 ἐξευτελίσαι
1571 1463 1747 1507 τοῦτον
1797 1455 1875 1506 θέ-

263 1543 442 1612 λουσι,
483 1549 598 1596 τότε
628 1543 780 1596 αύτόν
836 1545 945 1595 υἱόν
984 1552 1076 1597 τού
1127 1545 1321 1617 Ἰωσήφ
1368 1544 1706 1618 ὀνομάζουσι,
1753 1545 1877 1594 ποτε

264 1636 358 1706 μὲν
410 1642 580 1698 τοῦτο,
638 1636 763 1686 ποτε
809 1629 866 1686 δὲ
920 1631 1076 1686 ἐκεῖνο
1110 1633 1451 1709 φλυαροῦντες
1493 1639 1581 1685 καὶ
1631 1629 1878 1685 οὐδέποτε

264 1733 327 1798 τῇ
400 1722 616 1796 ἀληθείᾳ
668 1724 1040 1795 συντιθέμενοι.
1118 1728 1218 1777 Καὶ
1285 1728 1388 1796 μὴν
1463 1723 1640 1776 πολλοὶ
1709 1723 1874 1774 αὐτῶν

1987 558 2175 613 Deum
2209 557 2662 626 indignarentur
2691 560 2718 615 ‘I
2751 561 2898 626 Quia
2929 559 3026 616 ille
3052 567 3266 617 natura
3309 578 3486 618 suum
3513 576 3646 619 esse

1985 645 2218 703 Patrem
2251 649 2496 703 dicebat.
2528 648 2699 714 Quod
2732 656 2929 706 autem
2960 650 3166 706 dicunt
3200 669 3212 706 :
3240 652 3364 707 Nos
3393 658 3645 722 estupro

1983 739 2116 793 nati
2141 754 2253 792 non
2284 754 2498 809 sumus,
2543 738 2888 809 intelligitur
2908 746 3150 813 propter
3181 748 3389 811 gentes
3415 758 3544 813 qua:
3567 741 3645 798 ab

1987 827 2198 882 Ismael
2249 827 2721 893 descendebant,
2777 831 2883 901 qui
2941 845 3012 885 ex
3069 830 3264 886 servili
3317 845 3646 900 congressu

1984 917 2259 986 Abrahae,
2294 934 2366 973 ex
2395 924 2550 988 Agar
2583 918 2855 976 videlicet
2885 919 3102 975 ancilla
3133 925 3308 975 natus
3334 926 3478 986 erat,
3507 936 3646 976 cum

1983 1005 2096 1078 ipsi
2129 1007 2205 1061 ab
2228 1007 2388 1062 Isaac
2413 1008 2865 1075 descenderent,
2890 1009 2994 1081 qui
3017 1025 3087 1064 ex
3104 1009 3370 1080 legitimo
3396 1010 3648 1066 Abrahae

1985 1095 2395 1162 matrimonio,
2417 1113 2489 1153 ex
2513 1097 2691 1155 Sarra
2711 1097 2960 1155 domina
2985 1099 3174 1172 ipsius
3199 1106 3354 1170 Agar
3371 1107 3496 1156 erat
3515 1115 3648 1172 pro-

1985 1185 2242 1253 genitus.
3005 1186 3007 1188 ’

2057 1274 2266 1330 Dicunt
2305 1279 2505 1331 autem
2548 1275 2752 1349 aliqui,
2797 1277 2964 1350 quod
3006 1277 3084 1334 ad
3125 1276 3490 1335 inferendam
3533 1277 3647 1351 ipsi

1983 1361 2269 1433 injuriam
2301 1365 2414 1420 hoc
2451 1365 2711 1422 dixerint
2763 1367 3156 1423 exsecrabiles
3198 1367 3300 1432 illi,
3357 1383 3428 1424 eo
3479 1367 3646 1440 quod

1983 1453 2243 1509 dicerent
2307 1469 2424 1510 non
2483 1471 2616 1512 esse
2673 1473 2813 1513 eum
2869 1461 3085 1514 natura
3152 1455 3343 1513 ﬁlium
3401 1458 3644 1530 Joseph.

1985 1543 2237 1607 Quando
2301 1551 2502 1599 autem
2584 1549 2890 1602 attenuare
2969 1562 3108 1602 eum
3189 1546 3416 1612 volunt,
3512 1551 3648 1602 tunc

1985 1630 2172 1709 ﬁlium
2197 1632 2420 1705 Joseph
2451 1634 2656 1706 ipsum
2687 1635 3024 1706 appellant,
3069 1635 3370 1691 interdum
3401 1635 3648 1709 quidem

1985 1719 2119 1784 hoc.
2154 1721 2453 1778 interdum
2485 1739 2623 1780 vero
2657 1725 2803 1780 illud
2850 1729 3168 1796 nugantes,
3229 1732 3284 1780 et.
3329 1741 3647 1798 nunquam

268 1811 324 1864 ἐκ
369 1817 604 1888 πορνείας
675 1811 1058 1884 ἐγεννήθησαν·
1116 1812 1336 1875 πολλούς
1383 1816 1484 1887 γὰρ
1545 1817 1877 1886 παρανόμους

2001 1811 2208 1866 veritati
2253 1811 2647 1868 adhaerentes.
2707 1813 2884 1886 Atqui
2945 1814 3110 1870 multi
3152 1830 3411 1870 eorume
3441 1821 3646 1885 stupro

265 1903 474 1974 γάμους
508 1898 759 1955 Ἰουδαῖοι
791 1900 1015 1956 ἐποίουν.
1077 1901 1238 1956 Ἀλλά
1276 1909 1365 1956 καὶ
1395 1911 1548 1956 τοῦτο
1582 1908 1709 1975 σιγᾴ
1748 1905 1876 1978 πρὸς

267 1996 329 2044 τό
356 1992 534 2066 μεῖζον
567 1991 910 2065 ἐπειγόμενος.

346 2173 493 2227 Εἶπεν
529 2204 594 2214 -
632 2172 859 2236 ἐξῆλθον.
890 2172 1219 2245 Ἐγεννήθην,
1247 2176 1277 2232 ἣ
1314 2171 1656 2232 ἀπεστάλην..

347 2268 446 2317 Καὶ
478 2265 609 2322 ήκω.
645 2265 778 2335 Πρός
807 2263 962 2334 ὑμᾶς.

343 2349 484 2405 Ούὸὲ
511 2383 574 2393 --
608 2351 842 2410 ἐλήλυθα,
873 2350 998 2404 Ἀπὸ
1029 2347 1168 2404 ἰδίου
1203 2351 1482 2424 θελήματος
1508 2367 1518 2378 ·
1553 2351 1611 2404 ού
1641 2352 1741 2423 γὰρ
1767 2353 1874 2423 ἔχω

269 2439 410 2496 ἴδιον
439 2441 654 2515 Θέλημα,
689 2443 752 2502 ὡς
782 2439 1027 2501 πολλάκις
1059 2444 1284 2515 εἴρηται.

343 2622 478 2676 Ἀλλ’
539 2655 605 2663 -
668 2620 984 2675 ἀπέστειλεν.
1053 2621 1136 2682 Ὡς
1199 2625 1371 2697 πατὴρ
1435 2622 1566 2686 υἱόν,
1626 2621 1695 2680 ὠς
1755 2626 1874 2682 νοῦς

265 2709 439 2779 λόγον.

341 2801 487 2850 Διατί
517 2829 581 2837 -
602 2802 916 2868 γινώσκετε;
949 2800 1092 2849 Διατί
1116 2798 1182 2848 τὰ
1200 2795 1448 2868 λεγόμενα
1468 2794 1592 2866 παρ’
1614 2793 1737 2867 ἐμοῦ
1763 2794 1870 2865 {57)

269 2888 328 2941 ού
355 2895 541 2952 νοεῖτε;
577 2884 705 2939 Εἶτα
730 2887 1054 2961 προστίθησι
1082 2891 1170 2938 καὶ
1198 2889 1292 2943 τὴν
1323 2885 1494 2936 αἰτίαν
1518 2891 1608 2936 τοῦ
1639 2888 1708 2956 μὴ
1742 2891 1872 2936 νοεῖν

269 2978 456 3038 αύτούς
481 2977 635 3029 σύτά.

339 3067 460 3119 Ὀτι
505 3097 572 3107 -
612 3064 752 3139 ἐμόν,
799 3068 890 3131 Τὸ,
948 3065 1023 3117 Ou’
1079 3061 1328 3129 δύνασθε,
1377 3066 1433 3116 τὸ
1487 3063 1560 3116 Ού
1622 3061 1873 3134 βούλεσθε

267 3161 516 3229 σημαίνει
542 3163 648 3222 νῦν,
683 3157 763 3207 ὅτι
812 3155 870 3207 ού
903 3153 1155 3228 βούλεσθε
1187 3156 1416 3206 συνιέναι
1468 3155 1554 3205 τόν
1600 3150 1749 3222 λόγον
1787 3154 1872 3203 τόν
1909 3192 1949 3248 C

260 3245 405 3318 ἐμόν,
440 3249 526 3296 τόν
558 3250 675 3317 περὶ
709 3241 1005 3316 δογμάτων,
1041 3240 1134 3296 διὰ
1162 3241 1462 3316 φαυλότητα
1491 3241 1674 3313 ψυχῆς
1693 3244 1872 3312 χαμαὶ

259 3338 555 3406 συρομένης
606 3339 696 3386 καὶ
764 3329 930 3405 μηδὲν
980 3332 1178 3404 ὑψηλόν
1256 3335 1665 3405 φανταζομένης.
1729 3330 1870 3382 Ἐπεὶ

259 3422 324 3477 δὲ
377 3423 668 3497 ἐτόλμησαν
739 3423 894 3476 εἰπεῖν
951 3427 1152 3497 πατέρα
1221 3422 1414 3474 ἑαυτῶν
1477 3425 1564 3472 τόν
1639 3423 1760 3473 Θεὸν
1823 3422 1870 3471 οἱ

257 3513 460 3577 ἀνάξιοι
523 3517 612 3565 καὶ
678 3519 774 3574 τῆς
826 3520 915 3564 τοῦ
979 3511 1218 3586 Ἀϐραὰμ
1289 3515 1604 3582 συγγενείας,
1673 3508 1870 3584 παρρη-

258 3604 503 3664 σιάζεται
552 3607 641 3655 καὶ
699 3601 881 3674 ἐπάγει
930 3605 1153 3667 τούτοις,
1217 3603 1284 3663 ὡς
1351 3598 1593 3663 ἀνιάτοις,
1646 3619 1868 3672 φανερω-

255 3695 411 3767 τέραν
441 3691 664 3764 πληγήν,
706 3690 1014 3766 ἀντίρροπον
1047 3690 1159 3762 (⁵ἱ8)
1210 3699 1302 3752 τῆς
1363 3688 1746 3762 ἀναισχυντίας
1781 3688 1870 3740 αύ-

254 3789 383 3845 τὼν,
451 3779 810 3834 καταστέλλων
867 3783 925 3832 τὸ
982 3783 1203 3852 φύσημα
1255 3783 1470 3832 καὶτὸν
1522 3783 1719 3851 κόμπον
1772 3786 1869 3829 τῶν

257 3870 546 3934 ἀλαζόνων.

332 3959 499 4032 ’Υμεῖς
574 3991 639 3999 -
707 3957 838 4012 ἐστέ.
910 3957 1076 4031 ’Υμεῖς
1137 3957 1194 4010 ἐκ
1256 3964 1348 4010 τοῦ
1412 3959 1610 4032 πὰτρὸς
1676 3955 1867 4009 ἐκείνου

257 4047 379 4102 ἐστὲ
444 4055 534 4102 τοῦ
611 4045 892 4101 διαϐόλου·
946 4048 1087 4120 ὑμῶν
1156 4050 1326 4118 πατήρ
1400 4045 1584 4106 ἐκεῖνός
1655 4044 1794 4098 ἐστιν
1843 4046 1868 4096 ό

259 4134 298 4191 δ
305 4136 528 4200 ιοξϐολος.

337 4231 536 4280 Καὶ-
569 4232 750 4279 ποιεῖν.
806 4232 909 4278 Τοῦ
961 4227 1162 4298 πατρὸς
1210 4225 1350 4296 ύμῶν
1383 4223 1598 4276 ἐκεινου.
1662 4223 1866 4276 Ἐπιθυ-

256 4321 380 4390 μίαι
411 4320 522 4384 (59)
556 4312 614 4368 δὲ
657 4315 818 4367 αὐτοῦ
857 4318 915 4366 τό
948 4313 1387 4388 ἀνθρωποκτονείν
1431 4316 1520 4365 καὶ
1550 4316 1606 4364 τό
1652 4308 1865 4383 ψεῦδος,

258 4409 428 4457 εῖτουν
482 4406 507 4458 ό
567 4403 774 4466 σκολιός
827 4394 1336 4476 καὶδιεφθαρμένος
1385 4400 1523 4474 βίος,
1570 4404 1640 4464 ὡς
1691 4400 1868 4474 ἐφεξῆς

259 4494 384 4569 ἐρεῖ.

331 4585 549 4644 Ἐκεῖνος
607 4615 673 4624 -
718 4581 914 4655 ἀρχῆς.
989 4585 1086 4635 Τὸν
1140 4589 1344 4655 πρῶτον
1414 4581 1683 4653 ἄνθρωπον
1736 4580 1868 4633 κτεί-
1903 4551 1947 4606 D

256 4694 368 4742 νας,
434 4677 518 4725 τόν
590 4669 800 4744 Ἀδάμ·
873 4673 1029 4732 αὐτὸς
1065 4674 1196 4746 ,γὰρ
1281 4669 1419 4740 αύτῷ
1500 4672 1587 4722 τόν
1653 4672 1868 4722 Θάνατον

259 4763 595 4839 προεξένησεν
620 4783 631 4794 ·
669 4760 779 4815 εἶτα
809 4767 898 4814 καὶ
927 4765 1014 4814 τὸν
1043 4763 1153 4813 υἱὸν
1179 4761 1342 4812 αὐτοῦ
1364 4764 1450 4812 τὸν
1475 4758 1630 4813 Ἀϐελ
1662 4758 1867 4815 ἀνελών.

260 4853 432 4915 Αὐτός
469 4856 570 4927 γάρ
617 4857 707 4904 καὶ
761 4851 902 4924 αύτῷ
961 4855 1048 4904 τὸν
1107 4847 1326 4923 ἀδελφόν
1379 4851 1505 4902 Κάῑν
1556 4847 1871 4908 ἕπανέστησε

257 4948 483 5006 κινήσας
516 4949 587 5013 τῷ
615 4945 809 5014 φθονῳ.

336 5037 436 5085 Καὶ
487 5063 554 5071 -
610 5032 846 5089 ἔστηκεν.
900 5029 1011 5082 Ούκ
1067 5027 1290 5102 ἐμμένει,
1347 5031 1637 5092 τουτέστιν,
1695 5027 1742 5079 ἐν
1797 5037 1868 5100 τῷ

260 5122 401 5196 ὀρθῷ
448 5119 550 5193 βίῳ
579 5120 673 5172 ούκ
722 5119 1062 5190 ἀναπαύεται,
1119 5117 1245 5171 ἀλλά
1291 5125 1440 5191 μισεί
1488 5121 1582 5176 τήν
1620 5120 1870 5177 τοιαύτην

261 5209 546 5265 πολιτείαν.

1987 1899 2295 1956 natierant
2327 1901 2561 1968 ;multis
2586 1919 2850 1974 namque
2873 1902 3190 1975 illegitimis
3204 1903 3426 1976 nuptiis
3456 1903 3644 1960 ,Ιαάωί

1987 1989 2431 2060 copulabantur
2461 2009 2474 2059 ;
2529 2008 2736 2048 verum
2765 1992 2894 2048 silet
2926 1993 3107 2050 etiam
3148 1993 3282 2058 hoc,
3309 2008 3643 2066 properans

1987 2079 2058 2134 ad
2085 2079 2146 2136 id
2177 2079 2344 2152 quod
2377 2083 2574 2152 majus
2606 2087 2713 2137 est.

2056 2186 2208 2225 vers.
2233 2170 2324 2225 42.
2365 2172 2464 2225 Ait
2491 2201 2560 2210 —
2586 2171 2766 2228 exivi.
2830 2172 3034 2237 Natus,
3068 2171 3160 2228 vel
3200 2172 3424 2227 missus
3483 2188 3644 2229 sum.

2058 2257 2226 2314 Vers.
2266 2258 2354 2315 42.
2395 2260 2474 2316 Et
2507 2259 2656 2316 veni.
2685 2261 2769 2315 Ad
2803 2277 2928 2317 vos.

2056 2350 2216 2404 Vers.
2252 2349 2340 2403 42.
2382 2349 2578 2421 Neque
2628 2381 2697 2390 —
2743 2351 2961 2407 veni.A
3010 2349 3250 2422 pr0pria
3307 2349 3639 2416 voluntate,

1983 2454 2120 2495 cum
2149 2438 2455 2511 propriam
2485 2453 2602 2494 non
2627 2438 2888 2496 habeam
2913 2438 3298 2505 voluntatem,
3327 2445 3388 2496 ut
3419 2441 3641 2513 saepius

1983 2527 2208 2583 dictum
2241 2532 2348 2584 est.

2057 2619 2214 2673 Vers.
2249 2617 2335 2672 42.
2364 2617 2474 2673 Sed
2515 2647 2582 2658 -
2609 2618 2783 2673 misit.
2817 2619 2884 2674 Ut
2934 2622 3103 2692 pater
3132 2617 3347 2685 ﬁlium,
3383 2623 3441 2674 ut
3470 2634 3642 2675 mens

1984 2706 2256 2764 verbum.

2060 2797 2216 2852 Vers.
2255 2800 2343 2854 43.
2390 2797 2580 2866 Quare
2609 2829 2676 2838 -
2715 2798 3033 2869 agnoscitis
3054 2802 3080 2853 .9
3109 2800 3299 2864 Quare
3329 2814 3400 2855 ea
3428 2814 3566 2872 quas
3607 2814 3643 2854 a

1985 2901 2081 2942 me
2098 2886 2400 2956 dicuntur,
2424 2902 2540 2942 non
2574 2886 2895 2957 intelligitis
2925 2889 2952 2943 ?
2983 2887 3200 2943 Deinde
3230 2887 3395 2943 addit
3426 2895 3484 2944 et
3509 2904 3643 2945 cau-

1985 2991 2135 3043 sam,
2168 2990 2273 3030 cur
2304 2975 2414 3046 ipsi
2444 2991 2564 3030 non
2593 2975 2986 3044 inielligerent
3009 2975 3128 3032 illa.

2055 3065 2224 3118 Vers.
2254 3065 2342 3119 43.
2379 3065 2521 3133 Quia
2552 3095 2618 3104 —
2650 3079 2860 3120 meum.
2897 3095 2963 3104 —-
2983 3065 3117 3120 Non
3141 3065 3404 3136 potestis,
3463 3064 3640 3135 signi-

1984 3153 2123 3209 ﬁcat
2149 3169 2326 3219 nunc,
2361 3153 2483 3208 Non
2511 3153 2708 3208 vultis.
2746 3153 2895 3219 Quia
2922 3169 3042 3209 non
3070 3153 3263 3219 vultis,
3303 3154 3516 3227 inquit,
3549 3154 3642 3209 in-

1983 3242 2239 3313 telligere
2267 3259 2602 3298 sermonem
2621 3259 2844 3307 meum,
2877 3245 2979 3316 qui
2998 3244 3066 3298 de
3098 3243 3337 3298 sublimi
3367 3243 3640 3300 doctrina

1981 3336 2085 3397 est,
2121 3336 2362 3404 propter
2375 3332 2591 3388 animae
2616 3336 2822 3387 vestrae
2838 3333 3186 3404 pravitatem
3203 3348 3335 3406 quae
3350 3332 3517 3388 humi
3540 3333 3640 3388 de-

1981 3425 2170 3477 tracta
2196 3427 2307 3490 est,
2342 3427 2394 3476 et
2428 3421 2572 3476 nihil
2613 3421 2868 3477 sublime
2899 3421 3285 3491 imaginatur.
3319 3421 3470 3489 Quia
3501 3437 3639 3478 vero

1979 3510 2175 3566 dicere
2208 3512 2333 3566 ausi
2366 3510 2620 3575 fuerant,
2643 3516 2874 3582 patrem
2899 3528 3075 3567 suum
3108 3527 3233 3566 esse
3261 3512 3468 3577 Deum,
3499 3527 3640 3568 cum

1978 3600 2232 3656 Abrahae
2261 3600 2617 3670 cognatione
2651 3600 2880 3670 indigni
2905 3605 3125 3667 essent,
3147 3599 3330 3655 libere
3359 3600 3638 3672 loquitur,

1980 3697 2035 3746 et
2064 3690 2122 3745 in
2153 3706 2255 3745 eos
2282 3689 3066 3762 tanquamimmedicabiles
3086 3689 3463 3746 manifestius
3491 3689 3642 3746 inﬂi-

1979 3781 2060 3850 git
2091 3781 2325 3844 vulnus,
2362 3779 2525 3849 quod
2557 3780 2822 3851 ipsorum
2847 3778 3233 3852 impudentiae
3261 3780 3639 3852 respondeat,

1980 3868 2340 3924 inﬂationem
2372 3884 2437 3923 ac
2467 3868 2788 3923 elationem
2833 3868 3242 3939 arrogantium
3275 3867 3631 3942 reprimens.

2053 3958 2213 4013 Vers.
2248 3958 2335 4014 44.
2378 3959 2485 4015 Vos
2514 3989 2581 3998 -
2629 3959 2781 4013 estis.
2816 3958 2936 4012 Vos
2977 3973 3048 4013 ex
3102 3963 3270 4030 patre
3315 3957 3415 4013 illo
3472 3957 3640 4027 estis,

1980 4062 2196 4119 nempe
2232 4045 2467 4102 diabolo
2499 4065 2511 4116 ;
2546 4052 2736 4102 vester
2765 4045 2860 4101 ille
2892 4052 3061 4118 pater
3099 4050 3207 4113 est,
3248 4045 3526 4102 diabolus
3558 4046 3643 4102 vi-

1979 4134 2208 4190 delicct.

2052 4227 2207 4280 Vers.
2254 4227 2343 4279 44.
2385 4225 2460 4279 Et
2491 4256 2558 4263 —-
2590 4224 2846 4293 explere.
2891 4222 3080 4277 Patris
3111 4223 3266 4279 illius
3296 4223 3467 4279 vestri
3497 4244 3508 4288 ;
3542 4223 3641 4279 de-

1980 4313 2405 4369 sideriaautem
2421 4313 2578 4368 illius
2603 4320 2742 4368 sunt
2758 4311 3140 4368 homicidium
3159 4319 3214 4368 et
3232 4312 3637 4378 mendacium,

1980 4404 2101 4458 sive
2129 4401 2374 4474 obliqua
2414 4408 2470 4458 et
2515 4407 2798 4474 corrupta
2829 4402 2964 4465 vita,
2997 4402 3176 4457 veluti
3207 4407 3642 4474 consequenter

1979 4493 2155 4548 dicet.

2048 4581 2215 4638 Vers.
2247 4581 2337 4636 44.
2375 4580 2483 4637 Ille
2515 4611 2577 4620 —
2609 4581 2794 4636 initio.
2829 4580 3141 4638 Interfecto
3170 4581 3367 4653 primo
3400 4579 3640 4636 homine

1979 4671 2166 4726 Adam
2205 4690 2216 4729 :
2248 4686 2390 4726 nam
2419 4669 2548 4742 ipse
2591 4673 2845 4726 mortem
2888 4669 2968 4726 illi
3020 4669 3351 4743 propinavit
3381 4687 3394 4725 :
3424 4669 3643 4726 deinde

1979 4761 2156 4815 etiam
2189 4759 2388 4814 occiso
2413 4757 2535 4813 ﬁlio
2584 4757 2738 4814 illius
2788 4758 2953 4828 Abel,
3001 4759 3300 4832 siquidem
3344 4757 3472 4831 ipse
3508 4757 3646 4815 fecit

1979 4849 2217 4905 fratrem
2242 4849 2370 4919 ejus
2401 4848 2541 4905 Cain
2577 4847 2636 4903 in
2667 4864 2804 4905 eum
2836 4848 3166 4919 insurgere,
3193 4865 3332 4905 cum
3366 4848 3532 4921 prius
3564 4847 3644 4904 ad

1978 4938 2266 4994 invidiam
2307 4935 2473 4992 illum
2507 4937 2814 4993 movisset.

2053 5025 2220 5082 Vers.
2255 5028 2340 5081 44.
2376 5025 2738 5082 Et—sletit.
2783 5027 2910 5082 Non
2965 5024 3313 5098 permansit,
3371 5024 3481 5080 hoc
3529 5028 3637 5094 est,

1982 5117 2042 5173 in
2074 5122 2231 5172 recta
2253 5113 2356 5170 via
2394 5130 2513 5171 non
2547 5115 2818 5188 quiescit,
2853 5115 2958 5171 sed
2985 5113 3109 5172 odit
3134 5113 3472 5186 hujusmodi
3501 5128 3641 5169 con-

1987 5206 2406 5261 versationem.
3258 5205 3268 5215 '

1477 5385 1700 5453 Variae
1747 5386 2076 5454 lectiones
2124 5395 2190 5452 et
2232 5393 2433 5451 notae.

334 5584 446 5656 (54)
489 5585 812 5657 Γεγενήμεθα
846 5590 877 5637 Α
893 5627 905 5657 .

361 5659 448 5730 55)
487 5656 722 5730 Inclusa
746 5656 1188 5730 exciderunt__A_.

361 5726 449 5796 56)
492 5730 574 5784 lta
601 5727 882 5800 origenes
915 5732 1059 5800 tom.
1104 5727 1195 5793 IV,
1229 5741 1288 5800 p.
1322 5729 1423 5782 3'27
1459 5726 1517 5782 Β.

361 5799 450 5872 57)
486 5800 615 5875 Παρ’
643 5797 789 5874 ἐμοῦ,
822 5803 961 5874 post
986 5799 1044 5852 ού
1071 5797 1252 5852 vostri.
1286 5805 1320 5850 Β

2055 5581 2171 5655 (58)
2212 5581 2426 5656 Πληγὴν
2480 5580 2866 5656 ἀναντίρρητον⁸
2894 5580 3203 5656 ,Αηῗωὸὶω
3249 5578 3396 5635 Illud
3463 5577 3647 5636 habet

1987 5654 2164 5710 etiam
2190 5655 2495 5726 Chrysost.
2528 5661 2568 5710 ι.
2602 5654 2722 5719 viii,
2755 5670 2816 5726 p.
2842 5654 2948 5708 318
2986 5654 3048 5712 Ε.

2061 5726 2174 5798 (59)
2220 5727 2531 5800 Ἐπιθυμίας
2559 5726 2629 5782 Α.
