4156 6408
512 372 652 430 1299
1839 365 2153 424 EUTHYM]

2274 364 2530 423 [GABEN
2538 366 2560 426 Ι
3757 369 3915 428 1300

584 500 749 556 Vers.
780 499 870 554 44.
901 495 1047 564 Quia
1076 527 1145 536 —
1166 510 1244 552 eo.
1281 493 1397 552 Sed
1429 510 1461 551 e
1481 493 1717 551 diverso
1761 495 2170 552 mendacium.
2204 496 2225 548 ,Α

1890 495 2170 552 Idacium.
2204 495 2250 548 A
2356 489 2479 548 Ὀτι
2511 527 2574 536 -
2613 494 2774 570 αύτῷ.
2796 495 2956 551 Ἀλλὰ
2989 497 3285 551 τούναντίον
3314 493 3531 570 ψεῦδος.

588 592 744 644 Vers.
777 588 872 645 44.
911 588 1058 644 Cum
1085 619 1153 627 -—
1195 586 1477 658 loquitur.
1513 617 1579 626 —-
1605 586 1859 656 Propria
1889 586 2171 658 loquitur.

2359 584 2520 639 Ὀταν
2549 618 2618 626 -
2649 586 2808 642 λαλεῖ.
2843 619 2911 628 --
2958 591 3035 642 Τὰ
3061 583 3177 642 ἴδια
3203 587 3364 644 λαλεῖ.
3419 586 3506 643 Ἰδ
3514 609 3587 642 ιον
3647 591 3748 663 γὰρ
3800 590 3909 642 αῦ-

517 684 664 738 Nam
686 679 998 752 proprium
1022 678 1146 748 ejus
1163 683 1250 732 est
1278 676 1661 732 mendacium
1689 694 1701 732 :
1729 677 2027 750 siquidem
2049 677 2158 749 ipst

2287 684 2379 728 τοῦ
2433 681 2490 728 τὸ
2538 674 2750 747 ψεῦδος.
2828 677 2995 739 Αύτὸς
3069 681 3170 753 γὰρ
3238 687 3438 753 πρῶτος
3494 678 3714 753 [ἐξεῦρεν
3780 682 3910 749 (60)

518 772 749 843 primus
773 769 1071 825 adinvenit
1100 767 1265 835 illud,
1319 771 1376 822 et
1421 768 1651 840 primus
1704 768 1804 823 illo
1857 785 2008 823 usus
2067 773 2152 823 est

2288 766 2434 832 αὐτὸ,
2478 773 2567 819 καὶ
2615 768 2836 841 πρῶτος]
2882 767 3155 841 ἐχρήσατο
3205 768 3342 839 αὐτῷ
3391 769 3715 841 ψευσάμενος
3764 773 3914 843 πρὸς

520 861 766 933 quando
794 861 867 914 ad
917 861 1100 914 Evam
1125 857 1405 913 mentitus
1435 862 1539 922 est,
1575 856 1784 913 dicens
1814 858 1894 913 illi
1924 874 2030 930 per
2061 875 2161 913 ser.

2287 860 2380 912 τὴν
2416 859 2547 907 Εὕαν
2580 858 2662 909 ὁτε
2679 856 2842 928 ἔλεγεν
2875 857 3004 930 αῦτῇ
3036 853 3130 909 διὰ
3154 865 3246 910 τοῦ
3270 861 3449 930 ὄφεως,
3483 860 3564 910 ὅτι
3595 859 3670 912 Οὐ
3692 861 3909 932 θανάτῳ

519 955 760 1024 pentem
783 967 793 1004 :
819 951 940 1005 Non
954 952 1139 1003 morte
1163 947 1517 1014 morie-mini;
1537 951 1590 1002 et
1611 948 1828 1002 :Eritis
1843 948 1993 1004 sicut
2011 948 2092 1003 dii
2105 949 2153 983 ⁷³

1786 948 1993 1004 ἱεειέιιι
2011 948 2174 1003 dii".
2289 943 2653 1013 ἀποθανεῖσθε,
2691 950 2798 1012 καὶ,
2834 947 2914 998 ὅτι
2939 945 3163 999 Ἐσεσθε
3193 949 3262 1008 ὡς
3303 949 3427 1000 θεοί.

593 1041 754 1094 Vers.
785 1040 871 1094 44.
917 1039 1067 1106 Quia
1107 1037 1360 1094 mendax
1389 1045 1488 1093 est.
1523 1039 1601 1092 Ex
1633 1053 1704 1093 eo
1733 1041 2004 1109 tempore,
2033 1043 2088 1093 et
2118 1037 2177 1092 in

2357 1034 2477 1087 Ὀτι
2537 1035 2771 1107 ψεύστης
2831 1034 2990 1092 ἐστίν.
3073 1035 3287 1090 Ἔκτοτε
3348 1042 3438 1090 καὶ
3500 1037 3568 1099 εἰς
3651 1041 3708 1090 τὸ
3777 1037 3907 1101 ἑξῆς

521 1134 820 1202 posterum
863 1130 1178 1184 mentiens.

980 1130 1178 1183 Iliens.
2288 1122 2621 1197 ψευδόμενος.

595 1219 756 1275 Vers.
796 1222 882 1274 44.
917 1221 990 1274 Ει
1028 1223 1205 1288 pater
1235 1217 1442 1286 ipsius.
1472 1217 1782 1284 Mendacii,
1816 1221 1881 1273 ut
1918 1218 2020 1291 qui
2061 1217 2178 1290 pri-

2364 1220 2462 1268 Καὶ
2498 1216 2523 1268 ὁ
2553 1220 2726 1288 πατὴρ
2760 1215 2938 1270 αὐτοῦ.
2993 1221 3088 1269 Καὶ
3115 1217 3140 1269 ὁ
3196 1221 3372 1290 πατὴρ
3406 1217 3587 1284 αὐτοῦ,
3634 1222 3754 1276 ἤτοι
3804 1225 3907 1269 τοῦ

523 1324 658 1366 mus
690 1308 832 1365 illud
862 1307 1185 1373 adinvenit,
1212 1307 1364 1362 sicut
1390 1306 1612 1362 dictum
1644 1311 1748 1363 est.

2289 1301 2540 1375 ψεύδους,
2569 1305 2721 1367 αύτός
2753 1305 2892 1358 ἐστιν
2938 1307 3003 1368 ὡς
3033 1313 3235 1380 πρῶτος
3275 1306 3492 1380 ἐξευρὼν
3525 1307 3673 1377 αὐτὸ,
3719 1309 3908 1370 καθὼς

2292 1398 2516 1470 εἴρηται.

593 1488 763 1545 Vers.
787 1491 874 1545 45.
911 1487 1040 1558 Ego
1073 1519 1138 1527 —
1178 1485 1344 1542 mihi.
1395 1489 1542 1541 Nam
1578 1486 1625 1541 si
1667 1486 2051 1542 mendacium
2097 1487 2180 1542 di-

2366 1485 2494 1555 Ἐγὼ
2556 1515 2617 1524 --
2649 1504 2756 1550 μοι.
2811 1484 2871 1538 Εἰ
2926 1487 3015 1558 μὲν
3068 1485 3234 1557 ἔλεγον
3286 1483 3505 1557 ψεῦδος,
3554 1485 3908 1540 ἐπιστεύσατέ

526 1593 740 1643 cerem,
778 1577 1093 1633 crederetis
1120 1575 1322 1648 utique
1353 1575 1518 1640 mihi,
1548 1579 1834 1648 tanquam
1860 1577 1918 1632 id
1942 1577 2167 1642 dicenti1

2293 1593 2382 1645 μοι
2412 1573 2471 1624 ἂν
2529 1576 2598 1635 ὡς
2627 1576 2684 1626 τὸ
2736 1571 2875 1626 ἴδιον
2922 1582 3013 1628 τοῦ
3055 1579 3249 1650 πατρὸς
3296 1578 3437 1648 ὑμῶν
3491 1575 3691 1647 λέγοντι
3745 1577 3902 1649 (61)·

525 1669 685 1741 quod
718 1668 1025 1740 proprium
1050 1671 1138 1721 est
1159 1665 1342 1738 patris
1363 1665 1572 1733 vestri;
1607 1667 1744 1738 quia
1771 1673 1967 1722 autem
1994 1667 2166 1723 docec

2295 1659 2434 1715 διότι
2475 1659 2533 1716 δε
2581 1668 2675 1722 τὴν
2706 1661 2948 1722 ἀλήθειαν
2987 1661 3255 1732 διδάσκω,
3295 1665 3353 1718 ού
3401 1669 3672 1720 πιστεύετέ
3699 1687 3792 1739 μοι
3835 1669 3911 1728 ὡς

526 1759 855 1821 veritatem,
878 1773 998 1813 non
1022 1756 1254 1812 creditis
1278 1757 1443 1821 mihi,
1479 1761 1680 1829 utpote
1714 1757 1975 1813 alienum
2004 1757 2081 1813 ab
2112 1773 2167 1814 ec

2295 1756 2350 1804 τὸ
2406 1752 2673 1828 ἀλλότριον
2728 1753 2888 1805 αὐτοῦ
2937 1751 3266 1809 διδάσκοντι.
3321 1754 3592 1813 Ἀλήθειαν
3641 1752 3700 1809 δὲ
3756 1756 3911 1809 καλεί

527 1847 781 1904 docenti.
798 1847 1117 1902 Veritatem
1141 1851 1341 1902 autem
1361 1852 1677 1902 vocatcum
1693 1845 1840 1904 alias
1858 1847 2168 1912 doctrinas,

2295 1845 2389 1904 τάς
2419 1863 2471 1895 τε
2498 1842 2650 1903 ἄλλας
2680 1842 2837 1896 αὑτοῦ
2867 1839 3223 1906 διδασκαλίας
3268 1849 3359 1896 καὶ
3401 1849 3494 1903 τὴν
3521 1846 3600 1897 ὅτι
3627 1847 3744 1907 Υἱὸς
3788 1845 3912 1898 ἐστι

524 1943 653 1993 tum
686 1937 847 2010 quod
881 1937 1058 1992 Filius
1083 1936 1212 2009 ipse
1244 1935 1318 1991 sit
1342 1936 1464 1991 Dei.

931 1937 1058 1992 ilius
1083 1936 1212 2009 ipse
1244 1935 1318 1991 sit
1342 1936 1464 1991 Dei.
2295 1939 2386 1984 τοῦ
2420 1940 2572 1985 Θεοῦ.

599 2029 764 2085 Vers.
801 2031 886 2082 46.
923 2027 1058 2094 Quis
1088 2058 1156 2068 ——
1182 2032 1424 2096 peccato
1455 2027 1481 2082 ?
1510 2026 1568 2082 Si
1605 2027 1687 2082 ita
1726 2042 1845 2083 non
1879 2030 1989 2093 est,
2019 2025 2184 2098 quod

2365 2026 2455 2084 Τίς
2486 2053 2553 2061 -
2589 2020 2888 2096 ἀμαρτίας;
2925 2022 2984 2075 Εἰ
3031 2027 3128 2095 μὴ,
3164 2019 3304 2075 διότι
3345 2027 3438 2082 τὴν
3470 2022 3713 2082 ἀληθειαν
3743 2023 3904 2096 λέγω9

528 2118 672 2191 quia
700 2119 1008 2173 veritatem
1041 2116 1196 2180 dico,
1227 2132 1349 2172 non
1372 2117 1605 2172 creditis
1621 2116 1784 2182 mihi,
1815 2116 2010 2182 dicite,
2048 2118 2169 2183 Qui:

2297 2109 2562 2164 ἀπιστεῖτε
2611 2133 2719 2185 μοι,
2773 2115 2963 2178 εἴπατε,
3014 2116 3106 2174 Τίς
3149 2113 3202 2175 ἐξ
3249 2114 3390 2186 ὑμῶν
3431 2111 3634 2184 ἐλέγχει
3681 2133 3744 2184 με
3783 2120 3909 2186 περὶ

530 2214 786 2264 vestrum
813 2208 1015 2276 arguit
1050 2221 1139 2262 me
1169 2207 1239 2261 de
1276 2214 1537 2275 peccato,
1576 2206 1732 2275 quod
1771 2223 1804 2262 a
1847 2223 1941 2262 me
1968 2206 2088 2272 ﬁat,
2126 2222 2171 2261 u‘

2296 2201 2575 2275 ἁμαρτίας,
2611 2203 2717 2272 [ὑπ’
2763 2201 2886 2274 ἐμοῦ
2947 2202 3065 2272 (62)
3104 2206 3398 2275 γενομένης,
3453 2203 3536 2254 ἵνα
3579 2197 3768 2266 δόξητε
3830 2201 3908 2256 δι’

530 2300 774 2368 propter
801 2293 941 2348 illud
975 2294 1296 2350 videamini
1329 2310 1448 2349 non
1473 2294 1712 2350 credere
1731 2295 1758 2350 ?

1159 2294 1296 2348 mini
1329 2310 1448 2349 non
1473 2294 1712 2350 credere
1731 2295 1758 2350 ?
2296 2290 2492 2348 ἐκείνην
2525 2290 2760 2344 ἀπιστεῖν
2788 2310 2800 2360 ;

602 2385 763 2440 Vers.
792 2387 880 2441 46.
906 2384 1092 2439 Porro
1106 2384 1228 2439 si—
1246 2383 1438 2440 mihi?
1467 2383 1521 2440 Si
1540 2400 1733 2456 neque
1751 2383 1908 2450 ideo,
1929 2383 2072 2456 quia
2091 2400 2186 2440 ve-

2372 2380 2430 2432 Εἰ
2462 2376 2521 2433 δὲ
2566 2412 2629 2421 -
2674 2399 2801 2452 μοι;
2854 2381 2913 2434 Εἰ
2965 2384 3081 2433 οὔτε
3136 2377 3275 2434 διότι
3326 2385 3419 2440 τὴν
3475 2381 3716 2441 ἀλήθειαν
3771 2382 3909 2454 λέγω

528 2474 763 2530 ritatem
779 2473 931 2537 dico,
952 2489 1067 2528 non
1085 2473 1315 2528 creditis
1346 2473 1510 2541 mihi,
1529 2489 1720 2545 neque
1751 2473 2068 2546 quisquam
2097 2490 2164 2528 ve

2300 2468 2567 2522 ἀπιστεῖτε
2620 2490 2728 2542 μοι,
2788 2474 2904 2523 οὔτε
2961 2491 3040 2532 τις
3094 2468 3147 2533 ἐξ
3208 2472 3350 2544 ὑμῶν
3412 2469 3617 2544 ἐλέγχει
3673 2491 3735 2544 με
3787 2477 3909 2547 περὶ

531 2568 712 2619 strum
745 2563 937 2632 arguit
967 2578 1063 2618 me
1102 2562 1178 2617 de
1217 2566 1480 2633 peccato,
1517 2579 1661 2617 sane
1693 2558 1993 2619 veritatem
2031 2563 2165 2618 dico

2301 2559 2602 2634 ἁμαρτίας],
2648 2561 2750 2634 οἶρα
2778 2559 3021 2618 ἀλήθειαν
3052 2562 3182 2632 λέγω
3202 2579 3214 2592 ³
3261 2565 3351 2613 καὶ
3383 2560 3427 2613 εἰ
3457 2559 3700 2620 ἀληθειαν
3749 2562 3907 2634 λέγω,

532 2655 602 2710 Si
611 2658 805 2709 autem
823 2652 1128 2708 veritatem
1145 2652 1296 2719 dico,
1312 2667 1495 2721 quare
1509 2668 1605 2708 vos
1619 2669 1737 2707 non
1752 2653 1989 2709 creditis
2005 2653 2173 2710 mihi‘.

2304 2646 2449 2702 διατί
2497 2650 2639 2721 ύμείς
2670 2649 2727 2702 ού
2757 2653 3028 2704 πιστεύετέ
3057 2657 3186 2723 μὸι;
3234 2651 3410 2712 Οὕτως
3463 2649 3672 2724 ἐλέγξας
3718 2651 3910 2716 αύτούς

535 2742 862 2814 Postquam
903 2741 983 2797 ita
1015 2741 1271 2798 convicit
1333 2757 1432 2797 eos
1459 2742 1533 2798 de
1583 2741 1876 2799 industria
1927 2759 2176 2816 peccare

1510 2758 1533 2796 e
1583 2741 1876 2799 industria
1927 2759 2189 2816 peccare,
2303 2737 2633 2800 ἕθελοκοίκους
2663 2742 2735 2792 ἔτι
2768 2739 3151 2812 συλλογίζεται.

535 2831 776 2887 ulterius
794 2829 1193 2886 ratiocinatur.

608 2921 770 2976 Vers.
810 2921 896 2973 47.
929 2920 1041 2986 Qui
1064 2951 1132 2960 —-
1157 2921 1311 2975 estis.
1344 2921 1451 2986 Qui
1494 2937 1560 2976 ex
1593 2921 1709 2976 Deo
1741 2926 1846 2986 est,
1879 2922 2057 2978 verba
2087 2921 2193 2980 Dei

2375 2912 2527 2966 Ὀ-
2564 2913 2698 2968 ἐστέ.
2751 2914 2810 2967 Ὀ
2839 2915 2905 2966 ῶν
2949 2913 3003 2967 ἐκ
3060 2922 3151 2967 ¹τοῦ
3219 2923 3352 2970 Θεοῦ
3420 2917 3486 2969 τὰ
3549 2917 3763 2992 ῥήματα
3815 2928 3907 2971 τοῦ

533 3009 764 3082 recipit,
810 3008 1014 3082 eisque
1071 3014 1239 3082 paret
1274 3026 1416 3076 ;vos
1467 3026 1587 3066 non
1646 3011 1932 3084 recipitis,
1977 3029 2042 3068 ex
2077 3013 2174 3066 Det

2307 3011 2440 3056 Θεοῦ
2487 2999 2724 3076 δέχεται,
2759 3008 2848 3056 καὶ
2895 3006 3159 3057 πείθεται·
3207 3007 3349 3077 ὑμεῖς
3394 3005 3452 3058 ού
3507 3003 3767 3079 δέχεσθεο
3815 3008 3909 3061 οῦιι

534 3099 712 3169 igitur
756 3114 876 3154 nou
907 3098 1049 3153 estis
1079 3117 1091 3154 :
1127 3103 1182 3154 et
1213 3115 1282 3153 ex
1315 3101 1702 3172 consequenti
1740 3101 2073 3156 mentimini
2110 3100 2175 3155 di

2305 3095 2409 3166 ἄρα
2438 3092 2492 3145 ἐκ
2535 3101 2626 3145 τοῦ
2668 3101 2802 3146 Θεοῦ
2834 3093 2968 3149 ἐστε.
3019 3099 3118 3147 Καὶ
3152 3093 3331 3147 λοιπὸν
3379 3092 3639 3166 ψεύδεσθε
3681 3096 3909 3168 λέγοντες

535 3193 731 3244 centes
761 3195 990 3261 patrem
1026 3205 1133 3244 vos
1158 3188 1378 3245 habere
1423 3193 1625 3256 Deum,
1670 3197 1725 3247 et
1769 3207 1840 3246 ex
1882 3191 2002 3247 Deo
2042 3208 2170 3247 esse

2305 3187 2503 3254 πατέρα
2542 3185 2682 3255 ἔχειν
2728 3187 2813 3235 τὸν
2846 3187 2974 3238 Θεὸν
3028 3188 3117 3237 καὶ
3165 3182 3220 3236 ἐκ
3263 3192 3353 3237 τοῦ
3395 3192 3528 3238 Θεοῦ
3578 3181 3720 3238 εἶναι.
3762 3190 3909 3240 Κατὰ

535 3277 1077 3350 Loquendoitaque
1094 3277 1167 3333 de
1197 3278 1516 3345 creatione,
1542 3295 1753 3334 omnes
1777 3296 1844 3334 ex
1876 3279 1995 3336 Deo
2026 3286 2165 3336 sunt

2305 3275 2395 3345 μὲν
2423 3269 2510 3324 οὖν
2535 3277 2620 3324 τόν
2649 3271 2800 3344 λόγον
2826 3281 2912 3333 τῆς
2954 3270 3304 3346 δημιουργίας
3332 3275 3520 3336 πάντες
3551 3273 3607 3326 ἐκ
3649 3283 3740 3327 τοῦ
3773 3283 3905 3328 Θεοῦ

531 3367 703 3439 juxta
735 3366 985 3422 modum
1013 3383 1154 3422 vero
1181 3367 1612 3433 familiaritatis,
1645 3368 1756 3423 soli
1781 3367 1857 3423 illi
1885 3369 1986 3441 qui
2014 3369 2172 3426 verba

2307 3363 2410 3416 εἰσι
2436 3379 2452 3395 ·
2484 3365 2619 3414 κατά
2651 3359 2708 3415 δε
2740 3366 2825 3415 τὸν
2858 3371 2952 3425 τῆς
2983 3363 3302 3437 οἰκειότητος
3331 3369 3477 3437 μόνοι
3524 3365 3574 3416 οἱ
3603 3366 3666 3416 τὰ
3693 3365 3907 3440 ῥήματα

537 3451 639 3506 Dei
677 3451 942 3518 audiunt,
976 3451 1179 3522 eisque
1210 3451 1519 3519 obediunt,
1545 3459 1600 3508 et
1635 3469 1670 3508 a
1705 3453 1998 3516 moribus.
2033 3457 2178 3528 quoc

2308 3451 2468 3503 αὐτοῦ
2502 3448 2780 3524 δεχόμενοι
2809 3457 2899 3505 καὶ
2924 3455 3218 3526 πειθόμενοι
3249 3457 3336 3506 καὶ
3363 3452 3464 3506 ἀπὸ
3491 3460 3583 3506 τοῦ
3626 3459 3818 3527 τρόπον
3848 3458 3904 3508 τὸ

539 3539 825 3595 rationale
852 3545 956 3602 est,
1001 3541 1341 3595 ostendunt.

1250 3545 1341 3595 nt.
2307 3546 2402 3613 7νή
2414 3560 2524 3593 σιον
2553 3537 2891 3604 δεικνύοντες.

611 3630 772 3683 Vers.
807 3632 894 3684 48.
927 3629 1370 3698 Responderunt
1401 3662 1468 3669 —
1495 3629 1668 3686 habes
1689 3629 1717 3684 i’
1747 3633 1850 3686 Per
1877 3631 2202 3704 interroga-

2382 3631 2767 3704 Ἀπεκρίθησαν
2815 3663 2885 3671 ——
2943 3633 3120 3704 ἔχειςς
3180 3631 3307 3685 Κατ’
3373 3631 3630 3707 ἐρώτησιν
3682 3631 3911 3707 ἀναγνω-

541 3717 764 3772 tionem
808 3716 1129 3779 legendum
1151 3718 1574 3774 est.Vocabant
1605 3725 1803 3773 autem
1826 3736 1964 3776 eum
1991 3723 2182 3778 Sama-

2313 3724 2478 3773 στέον.
2548 3725 2870 3794 Σαμαρείτην
2919 3724 3009 3794 μὲν
3073 3717 3160 3773 οὖν
3245 3721 3401 3774 αὐτὸν
3470 3722 3642 3796 ἔλεγον
3712 3726 3781 3786 ὡς
3846 3727 3913 3797 μὴ

538 3806 827 3871 ritanum,
864 3811 1058 3876 utpote
1091 3821 1208 3860 non
1241 3813 1442 3862 exacte
1477 3814 1803 3862 servantem
1838 3809 2051 3879 legem,
2086 3810 2179 3866 sic

2313 3807 2542 3883 ἀκριϐῶς
2600 3817 2860 3883 τηροῦντα
2928 3814 3016 3863 τὸν
3081 3814 3255 3883 νόμον,
3331 3813 3400 3874 ὡς
3482 3812 3661 3874 αύτοῖς
3725 3810 3913 3881 ἐδόκει,

541 3901 606 3948 ut
653 3893 764 3948 illis
799 3893 1130 3960 videbatur,
1176 3911 1370 3966 neque
1427 3896 1777 3952 traditiones
1821 3898 2126 3956 seniorum

2310 3895 2450 3970 μηδὲ
2501 3901 2594 3961 τὰς
2659 3897 2980 3973 παραδόσεις
3052 3909 3150 3952 τῶν
3216 3900 3615 3977 πρεσϐυτέρων’
3693 3911 3918 3956 τοιοῦτοι

539 3983 689 4038 tales
719 3983 1014 4055 siquidem
1057 3990 1224 4040 erant
1254 3985 1628 4041 Samaritaui.
1668 3989 2035 4044 Daemonium
2068 4005 2180 4045 veri

2310 3991 2411 4064 γὰρ
2473 3991 2521 4041 οἱ
2576 3996 2932 4064 Σαμαρεῖται·
2997 3987 3267 4064 δαιμόνιον
3332 3988 3391 4044 δὲ
3442 3993 3654 4064 ἔχοντα,
3711 3995 3781 4055 ὡς
3835 3998 3915 4052 τὴν

539 4072 880 4138 habentem,
918 4078 1201 4145 tanquam
1242 4073 1337 4128 Dei
1393 4075 1683 4130 honorem
1726 4075 1784 4130 in
1814 4077 2076 4149 seipsum
2103 4079 2176 4135 de

2312 4086 2404 4129 τοῦ
2438 4086 2571 4132 Θεοῦ
2595 4083 2751 4152 τιμὴν
2793 4079 2862 4142 εἰς
2903 4079 3080 4132 ἑαυτὸν
3129 4079 3376 4133 ἕλκοντα·
3430 4087 3658 4134 τοιοῦτοι
3717 4084 3819 4157 γὰρ
3872 4085 3917 4136 οἱ

539 4162 873 4227 rivantem;
936 4179 1077 4218 nam
1132 4163 1282 4218 tales
1337 4170 1475 4219 sunt
1533 4165 1888 4221 daemones:
1948 4168 2050 4223 sed
2105 4169 2180 4225 hit

2315 4163 2583 4240 δαίμονες.
2613 4167 2749 4222 Ἀλλ’
2783 4170 2808 4220 ὁ
2851 4172 2943 4242 μὲν
2987 4171 3052 4230 ὡς
3101 4167 3148 4220 ἒν
3206 4168 3417 4244 ἀληθείᾳ
3465 4173 3610 4239 Θεὸς,
3661 4172 3710 4223 οἰ
3742 4167 3801 4225 δὲ
3855 4175 3915 4234 ὡς

541 4255 828 4324 tanquam
858 4253 905 4307 is
928 4251 1028 4324 qui
1055 4252 1108 4307 in
1140 4252 1386 4308 veritate
1411 4255 1561 4308 Deus
1581 4259 1727 4322 erat,
1755 4254 1835 4309 illi
1861 4272 1999 4312 vero
2027 4258 2200 4330 quasi
2311 4255 2620 4320 ἀπατεῶνες.

541 4341 905 4397 seductores.

615 4431 773 4486 Vers.
807 4431 893 4486 49.
945 4431 1268 4500 Respondit
1302 4462 1369 4471 --
1401 4431 1604 4490 habeo.
1636 4434 1822 4490 Deum
1855 4451 1976 4491 non
2017 4437 2200 4495 deho-

2383 4438 2668 4513 Ἀπειιρίθη
2737 4469 2806 4478 —
2857 4439 2987 4510 Ex».
3053 4437 3128 4490 Ού
3175 4439 3273 4514 γὰρ
3324 4436 3565 4512 ἆτιμάζω
3623 4441 3710 4493 τὸν
3765 4444 3907 4509 Θεὸν,

540 4524 731 4585 nesto,
758 4519 911 4575 sicut
949 4519 1272 4589 daemones,
1305 4538 1414 4578 nec
1447 4523 1647 4596 ipsum
1674 4523 1901 4581 honore
1953 4543 2060 4582 suo
2102 4527 2175 4583 de

2269 4529 2376 4625 ἱῶς
2447 4529 2496 4579 οἱ
2559 4526 2818 4601 δαίμονες,
2882 4523 3007 4580 οὐδὲ
3069 4535 3164 4591 τῆς
3232 4536 3388 4602 τιμῆς
3458 4528 3619 4582 αὐτοῦ
3687 4528 3910 4583 ἐκϐάλλω

537 4617 699 4681 jicio.

2237 4617 2277 4629 ”
2313 4617 2376 4669 αύ
2390 4621 2485 4672 τόν.

613 4699 775 4754 Vers.
801 4701 888 4754 49.
918 4699 1028 4757 Sed
1049 4699 1273 4758 honoro
1303 4701 1562 4758 Patrem.
1594 4706 1904 4760 Honorans
1937 4721 2201 4778 namque

2387 4705 2542 4759 Ἀλλὰ
2596 4715 2731 4780 τιμῶ
2810 4710 2897 4758 τὸν
2965 4709 3191 4781 Πατέρα.
3251 4715 3426 4782 Τιμῶν
3503 4710 3605 4783 γὰρ
3668 4711 3755 4761 τὸν
3809 4715 3908 4760 Πα-

542 4787 778 4843 Patrem
806 4789 1078 4856 ostendo,
1116 4806 1221 4846 vos
1269 4807 1388 4846 non
1435 4791 1660 4847 habere
1720 4794 1906 4849 Deum
1944 4801 2183 4866 patrem.

2311 4801 2434 4870 τέρα
2482 4795 2748 4868 ἀποφαίνω
2811 4797 2945 4869 ὑμᾶς
2994 4800 3064 4868 μὴ
3128 4799 3349 4869 ἔχοντας
3399 4803 3601 4871 πατέρα
3650 4801 3731 4850 τὸν
3786 4799 3901 4850 Θεὸν

542 4892 739 4949 neque
767 4894 832 4932 ex
875 4879 990 4934 Deo
1035 4895 1185 4936 esse.
1229 4880 1535 4951 Siquidem
1579 4882 1899 4953 ignominia
1930 4889 2017 4939 est
2047 4885 2176 4955 ejus

2314 4881 2464 4958 [μηδ’
2497 4884 2552 4938 ἐκ
2585 4885 2696 4959 (63)
2740 4893 2830 4938 τοῦ
2887 4894 3021 4939 Θεοῦ
3047 4889 3216 4949 ὄντας.
3264 4889 3478 4961 Ἀτιμία
3529 4891 3624 4960 γὰρ
3678 4892 3768 4938 τοῦ
3826 4906 3904 4959 φι-

542 4965 646 5038 qui
671 4967 945 5022 homines
963 4968 1380 5024 benevolentia
1397 4970 1791 5043 persequitur,
1814 4978 2042 5044 patrem
2069 4991 2183 5030 esst

1958 4990 2042 5028 em
2069 4991 2199 5030 esse
2310 4974 2612 5050 λανθρώπου
2641 4977 2839 5051 πατέρα
2864 4971 2993 5028 εἶναι
3019 4985 3116 5029 τῶν
3146 4975 3599 5052 ἀνθρωποκτὸνων.

542 5053 982 5111 homicidarum.

613 5143 778 5200 Vers.
819 5147 909 5202 49.
963 5147 1030 5201 Et
1085 5178 1153 5186 —
1206 5162 1314 5204 me.
1375 5147 1814 5205 Samaritanum
1871 5166 1940 5206 ac
1978 5151 2200 5208 dmmo-

2388 5159 2487 5208 Καὶ
2553 5186 2622 5195 -
2683 5174 2764 5227 με.
2835 5157 3156 5229 Σαμαρείτην
3224 5160 3312 5209 καὶ
3381 5152 3652 5228 δαιμόνιον
3724 5157 3907 5228 ἔχοντα

541 5233 783 5291 niacum
852 5235 1238 5308 appellantes.
1322 5240 1524 5311 Itaque
1595 5238 1828 5297 Patrem
1891 5241 2182 5298 honorem

2310 5241 2668 5317 ὀνομάσαντες,
2748 5240 2888 5299 διότι
2953 5253 3116 5320 τιμῶν
3203 5249 3290 5299 τὸν
3380 5249 3589 5320 Πατέρα
3679 5242 3908 5318 ἀπέφηνα

649 5413 698 5447 τ’
731 5413 872 5470 Gen.
915 5429 996 5482 ιιι,
1040 5413 1094 5482 4,
1121 5415 1171 5473 5.

1731 5571 1956 5640 Variae
2003 5572 2330 5642 lectiones
2363 5582 2432 5642 et
2471 5586 2676 5645 notae.

612 5740 728 5880 (6οζ
760 5743 992 5831 Inclusa
1015 5748 1235 5804 absunt
1273 5749 1336 5803 A.
2382 5756 2490 5824 (62)
2533 5755 2772 5813 Inclusa
2803 5755 3023 5814 absunt
3047 5764 3110 5813 A.

614 5812 698 5880 (δί
772 5820 1020 5880 Λενοντος
1060 5823 1124 5874 Α.
2379 5827 2492 5880 (63)
2534 5827 2768 5880 Inclusa
2797 5827 3018 5880 absunt
3051 5829 3110 5880 A.

614 5812 668 5881 (6
681 5812 728 5880 ί)
772 5819 1020 5887 Λέγοντος
1060 5823 1101 5874 Α
1112 5861 1124 5874 .

2379 5812 2492 5896 (63)
2534 5812 2768 5886 Inclusa
2797 5812 3020 5886 absunt
3051 5812 3117 5883 Α.
