4156 6390
311 363 438 420 i301
1279 359 1652 417 COMMENT.
1703 358 1772 414 IN
1811 353 2164 412 JOANNEM.
2211 385 2274 397 -
2315 353 2474 412 CAP.
2524 353 2659 410 Vill.
3539 353 3684 418 1302

301 491 440 563 ὑμᾶς
499 493 570 564 μὴ
622 492 838 562 ἔχοντας
884 494 1085 565 πατέρα
1135 491 1221 542 τὸν
1276 487 1478 560 Θεόν.]
1535 488 1824 560 Ἀτιμασαν

2021 481 2273 549 ostendi,
2305 498 2410 536 vos
2429 483 2614 536 Deum
2639 493 2756 536 non
2784 477 3009 536 habere
3040 487 3272 553 patrem
3307 498 3321 538 :
3347 497 3454 539 vos
3474 489 3678 542 autem

302 577 362 633 δε
417 583 503 633 τὸν
568 580 706 642 Υὶόν,
775 581 1066 650 ἠτιμάσατε
1142 583 1228 631 τόν
1299 583 1522 653 Πατέρα.
1595 583 1828 653 ῐΙροείρη¹

2020 571 2231 627 Filium
2264 571 2590 643 ignominia
2650 570 2995 638 afficientes,
3048 570 3276 628 honore
3313 573 3590 645 privastis
3620 579 3677 631 et

296 672 397 744 γὰρ
427 672 502 722 ὅτι
546 671 571 722 ό
617 675 687 742 μὴ
723 679 884 744 τιμῶν
915 673 1001 722 τὸν
1030 672 1146 722 Υὶὸν
1179 669 1237 722 οὐ
1270 675 1398 742 τιμᾷ
1438 673 1524 721 τὸν
1571 672 1775 743 Πατέρα
1821 689 1828 699 ·

2019 661 2258 716 Patrem.
2343 660 2682 716 Praedictum
2753 659 2913 714 enim
2993 667 3102 726 est,
3191 662 3505 734 quod,qui
3551 679 3675 720 non

2016 749 2272 806 honorat
2299 749 2523 815 Filium,
2557 764 2679 806 non
2739 749 2992 805 honorat
3049 750 3306 817 Patrem,
3361 753 3465 825 qui
3514 753 3678 809 misit

297 759 579 833 πέμψαντα
607 760 781 812 αὐτόν.

2013 839 2173 895 illum
2203 842 2274 894 ⁷³.

369 936 498 1008 Ἐγὼ
530 967 596 976 -
623 955 744 1010 μου.
774 941 879 994 Τὴν
906 931 1179 995 ἐκδίκησιν
1209 944 1298 996 τῆς
1330 933 1538 1007 ἀτιμίας
1565 954 1685 1008 μου.

2085 930 2255 989 Vers.
2281 932 2368 986 50.
2403 931 2530 1001 Ego
2562 959 2626 970 —
2657 942 2858 985 meam.
2901 929 3238 987 Vindictam
3288 932 3667 989 contumelias

2014 1035 2182 1076 meae.

364 1111 545 1164 Ἔστιν
593 1145 642 1156 η-
691 1117 898 1186 κρίνων.
931 1112 989 1166 Ὀ
1037 1118 1216 1185 Πατὴρ
1267 1109 1338 1166 δι’
1372 1113 1425 1165 ὃν
1477 1113 1773 1184 ἠτιμάσατέ
1814 1133 1828 1184 ε

2084 1113 2242 1167 Vers.
2283 1112 2370 1166 50.
2407 1113 2498 1166 Est
2530 1140 2596 1150 —
2642 1109 2896 1178 judicet.
2947 1112 3132 1176 Pater,
3183 1119 3428 1185 propter
3480 1129 3663 1186 quem

288 1205 379 1252 καὶ
411 1205 534 1276 πρὸς
565 1202 618 1254 ὃν
644 1203 673 1261 ἡ
711 1201 892 1276 ἀτιμία
921 1211 1013 1256 τοῦ
1045 1205 1166 1256 Υισῡ
1199 1199 1487 1255 διαϐαίνειν
1519 1198 1676 1256 οἶδεν.
1707 1203 1768 1254 Εἰ
1794 1223 1826 1273 7

2016 1199 2234 1256 honore
2267 1217 2362 1255 me
2392 1200 2684 1272 privastis,
2738 1201 2794 1252 et
2842 1197 2918 1253 ad
2946 1215 3128 1270 quem
3163 1200 3281 1256 Filii
3326 1202 3664 1270 ignominia

287 1295 378 1342 καὶ
423 1296 517 1348 τὴν
560 1297 734 1364 κρίσιν
772 1297 945 1345 πᾶσαν
997 1287 1195 1344 δέδωκε
1239 1301 1309 1362 τῷ
1349 1299 1474 1362 Υιῷ,
1524 1291 1630 1343 ἀλλ’
1680 1292 1783 1364 οὐχ

2016 1291 2255 1345 transire
2279 1292 2554 1346 cernitur.
2589 1291 2736 1344 Nam
2791 1288 2901 1343 etsi
2933 1304 3112 1345 omne
3153 1291 3447 1361 judicium
3495 1292 3660 1349 dedit

286 1377 516 1431 ἐκϐαλὼν
547 1381 722 1434 ἑαυτὸν
745 1390 836 1434 τοῦ
862 1387 1068 1457 κρίνειν,
1100 1381 1226 1434 ἀλλὰ
1256 1379 1393 1434 διότι
1437 1386 1604 1452 Λόγος
1635 1390 1724 1433 του
1755 1389 1828 1433 [la

2016 1379 2170 1448 Filio,
2198 1396 2317 1435 non
2351 1386 2570 1444 tamen,
2605 1382 2768 1454 quod
2805 1395 2868 1436 se
2897 1379 3126 1436 honore
3173 1379 3512 1452 privaverit,
3550 1381 3657 1437 sed

283 1470 424 1542 ρὸςό
457 1472 600 1532 Υἱός.

2016 1469 2165 1542 Ῑιιοὰ
2199 1470 2458 1525 Verbum
2490 1472 2670 1527 Patris
2701 1474 2772 1530 sit
2797 1473 2993 1528 Filius.

357 1557 491 1633 Ὀρὰ
535 1556 594 1613 δὲ
641 1569 768 1626 πῶς,
825 1562 906 1613 ὅτε
954 1564 1041 1633 μὲν
1093 1558 1230 1613 εἷπον
1279 1565 1478 1633 πατέρα
1552 1561 1744 1613 ἑαυτῶν
1802 1582 1828 1613 τ

2072 1559 2217 1614 Vide
2249 1565 2464 1624 autem,
2499 1562 2657 1633 quod
2685 1562 2934 1636 quando
2963 1564 3195 1633 patrem
3224 1560 3334 1616 sibi
3377 1560 3654 1617 dixerunt

284 1651 430 1716 Θεὸν,
485 1649 886 1724 ἐπαρῥησιάσθη
947 1656 1036 1702 καὶ
1096 1649 1332 1724 σφοδρῶς
1363 1651 1530 1702 αὐτῶν
1588 1651 1828 1722 καθέψατ

2016 1665 2128 1704 esse
2158 1650 2362 1712 Deum.
2392 1650 2572 1705 libere
2622 1651 2927 1724 respondit
2978 1655 3035 1706 et
3081 1651 3341 1721 graviter
3390 1665 3493 1706 eos
3548 1651 3652 1706 ob-

283 1739 365 1790 ὅτε
434 1736 492 1793 δε
554 1740 708 1792 αὐτόν
765 1741 1052 1812 ἠτίμασαν,
1118 1737 1352 1802 ἐπιεικῶς
1421 1738 1728 1814 ἀπεκρίνατο
1796 1761 1825 1791 κ

2022 1739 2248 1807 urgavit
2303 1759 2315 1795 :
2371 1741 2620 1812 quando
2663 1757 2808 1796 vero
2851 1739 3214 1796 contumelia
3262 1756 3393 1794 eum
3441 1738 3652 1796 affece-

279 1833 478 1904 πράως.
514 1831 740 1882 Ἐτεῦθεν
769 1832 868 1902 ’γὰρ
920 1827 1227 1882 ἐπαίδευσεν
1267 1831 1404 1902 ἡμᾶς
1455 1832 1520 1881 τὰ
1550 1833 1638 1901 μὲν
1689 1831 1754 1890 εἰς
1797 1851 1824 1883 τ

2016 1834 2149 1896 ιυηῐ,
2184 1829 2452 1884 modeste
2485 1829 2793 1900 respondit
2836 1846 2906 1885 ac
2955 1835 3282 1884 mansuete.
3324 1828 3466 1884 Hinc
3495 1829 3646 1884 enim

280 1923 410 1972 Θεὸν
450 1916 692 1989 ἐκδικεῖν,
727 1922 788 1972 τὰ
817 1917 875 1972 δὲ
905 1919 976 1980 εἰς
998 1922 1136 1991 ἡμᾶς
1164 1925 1416 1992 παρορᾷν.
1453 1924 1553 1972 Καὶ
1601 1919 1758 1980 αὐτὸς
1782 1925 1828 1991 γι

2016 1934 2103 1973 los
2135 1918 2349 1988 docuit,
2389 1924 2447 1972 ut
2478 1919 2746 1975 admissa
2802 1919 2856 1975 in
2890 1920 3075 1974 Deum
3135 1917 3528 1986 vindicemus,
3582 1917 3644 1972 in

277 2006 639 2082 παραδραμὼν
671 2014 758 2066 τὴν
792 2009 861 2071 εἰς
895 2009 1074 2061 ἑαυτὸν
1119 2008 1266 2084 ὕϐριν
1319 2008 1401 2060 ἐπὶ
1432 2009 1734 2082 παραίνεσιν
1769 2029 1826 2084 τρ

2016 2022 2103 2062 tos
2135 2013 2335 2062 autem
2365 2007 2762 2078 negligamus.
2809 2012 2954 2064 Nam
3005 2013 3060 2064 et
3117 2007 3245 2079 ipse
3306 2005 3527 2062 factam
3582 2006 3640 2061 in

275 2118 447 2152 πεται.
1991 2111 2055 2150 se
2112 2095 2393 2166 injuriam
2484 2097 2956 2168 praetermittens,
3010 2095 3089 2151 ad
3172 2095 3641 2152 admonitionem

1987 2185 2368 2241 convertitur.

348 2281 519 2350 Ἀμὴν
550 2310 617 2317 --
668 2278 846 2330 αἰῶνα.
906 2283 1145 2336 Ζήτησον
1186 2277 1232 2329 ἐν
1292 2286 1361 2347 τῷ
1407 2275 1564 2347 ἐνάτῳ
1618 2275 1828 2348 κεφαλαί

2061 2277 2222 2332 Vers.
2262 2276 2344 2330 51.
2400 2276 2585 2332 Amen
2651 2307 2718 2316 -—
2782 2283 3084 2332 mternum.
3151 2275 3354 2341 Quaare
3415 2275 3473 2330 in
3525 2274 3641 2332 hoc

274 2373 351 2427 τό,
423 2371 539 2420 Ἐάν
579 2388 651 2428 τις
709 2369 846 2440 φάγῃ
911 2367 964 2419 ἐκ
1022 2371 1207 2420 τούτου
1263 2375 1353 2420 τοῦ
1415 2370 1595 2440 ἄρτου,
1654 2367 1828 2427 ζήσετε

2016 2381 2148 2420 nono
2174 2367 2386 2437 capite,
2423 2365 2524 2420 ubi
2577 2365 2835 2421 dicitur:
2894 2365 2958 2421 Si
3005 2365 3125 2436 quis
3192 2364 3500 2420 comederit
3565 2379 3634 2422 επ

272 2459 338 2519 εἰς
396 2461 481 2509 τὸν
540 2457 702 2510 αἰῶνα
735 2475 746 2486 ³
809 2462 898 2509 καὶ
954 2456 1212 2529 ἀνάγνωθι
1249 2462 1342 2516 τὴν
1397 2456 1648 2527 ἐξήγησιν
1690 2457 1828 2508 αὐτοι

2016 2470 2090 2510 ιοο
2115 2470 2283 2526 pane,
2316 2457 2466 2511 vivet
2498 2456 2560 2510 in
2593 2463 2863 2510 aeternum
2915 2456 2984 2522 τι,
3027 2459 3083 2509 et
3127 2453 3282 2509 illius
3313 2453 3440 2523 lege
3470 2468 3640 2509 enar-

270 2555 494 2608 Νοὴσεις
543 2550 642 2620 γὰρ
702 2549 888 2600 ἐκεῖθεν
940 2553 1056 2622 περὶ
1107 2552 1259 2599 ποίου
1325 2549 1546 2598 Θανάτου
1581 2547 1714 2617 λέγει
1761 2554 1828 2597 νῦε

2016 2548 2295 2601 ationem.
2345 2549 2491 2602 Nam
2536 2561 2605 2600 ex
2654 2545 2768 2600 hoc
2821 2545 3136 2614 intelliges,
3179 2545 3253 2600 de
3301 2560 3424 2617 qua
3475 2559 3637 2600 nunc

272 2642 396 2711 Περὶ
451 2637 510 2689 οὗ
568 2642 639 2710 μὴ
707 2642 984 2698 νοήσαντες
1059 2635 1239 2688 ἐκεῖνοι
1296 2636 1445 2688 πάλιν
1522 2634 1819 2708 ἀτιμαζουσ

2016 2641 2170 2690 norte
2199 2635 2494 2706 loquatur;
2524 2634 2598 2690 de
2625 2646 2749 2707 qua
2773 2650 2911 2690 cum
2935 2634 3014 2689 illi
3043 2650 3163 2689 nou
3183 2632 3634 2700 intellexissent,

268 2727 443 2779 αὐτόν.
1981 2739 2190 2779 rursus
2213 2740 2352 2779 eum
2385 2724 2746 2780 contumelia
2780 2723 3069 2780 afﬁciunt.

344 2814 500 2870 Εἶπον
536 2847 596 2856 —-
644 2818 805 2886 ἔχεις.
850 2823 954 2868 Νῦν
995 2815 1203 2888 μᾶλλον.
1255 2812 1411 2868 Εἶπον
1462 2811 1520 2868 δὲ
1572 2823 1743 2881 τοῦτο,
1800 2818 1828 2866 ό.

2051 2823 2218 2877 Vers.
2260 2826 2345 2877 52.
2403 2823 2679 2878 Dixerunt
2752 2853 2807 2863 —
2875 2821 3112 2878 habeas.
3175 2825 3339 2876 Nunc
3410 2821 3628 2891 magis.

266 2903 455 2957 ἐκείνου
485 2901 641 2965 δῆθεν
672 2913 943 2966 ποιοῦντος
973 2905 1152 2958 ἑαυτὸν
1183 2906 1398 2976 μείζονα
1423 2912 1512 2956 τοῦ
1543 2913 1697 2959 Θεοῦ.

2016 2913 2487 2968 iixeruntautem
2518 2911 2655 2975 hoc,
2691 2911 2866 2984 quasi
2922 2911 3042 2966 Deo
3097 2926 3156 2966 se
3214 2911 3450 2968 fecisset
3499 2911 3630 2984 ipse

1979 3003 2298 3072 majorem.

337 3084 580 3158 Ἀϐραὰμ
621 3117 683 3125 -
713 3093 998 3158 προφῆται.
1035 3087 1100 3136 Οἱ
1129 3089 1446 3160 τηρήσαντες
1477 3088 1562 3136 τόν
1602 3085 1748 3157 λόγον
1777 3106 1828 3138 το

2049 3093 2211 3148 Vers.
2237 3093 2326 3146 52.
2364 3091 2759 3147 Abraham—
2815 3091 3128 3162 prophetia.
3190 3090 3297 3156 Qui
3359 3089 3454 3146 Dei
3512 3106 3636 3147 ser-

261 3182 417 3228 Θεοῦ.

2016 3197 2210 3238 ΙΟΠΘΠ]
2252 3188 2652 3237 servaverunt.

337 3270 436 3317 Καὶ
494 3297 559 3303 —
635 3273 794 3325 ποιεῖς
829 3281 842 3331 ;
878 3263 1181 3318 Ἀκόλουθεν
1231 3267 1320 3330 μὲν
1394 3262 1454 3322 ἦν
1511 3267 1622 3335 (64)
1685 3265 1828 3318 simi:

2051 3271 2208 3326 Vers.
2239 3276 2330 3326 52.
2366 3271 2438 3325 Et
2477 3297 2534 3306 —
2584 3272 2744 3326 Vers.
2802 3275 2888 3327 53.
2939 3271 3092 3340 fac-is
3158 3268 3188 3324 τ
3246 3268 3631 3342 Consequens

260 3357 346 3410 Μὴ
397 3357 461 3405 σὺ
512 3355 702 3426 μείζων
743 3352 789 3406 εἰ
827 3361 917 3406 τοῦ
951 3363 1083 3407 Θεοῦ
1114 3375 1127 3422 ;
1162 3353 1298 3405 Ἀλλ’
1340 3355 1397 3406 οὗ
1437 3353 1650 3426 λέγουσι
1691 3365 1828 3408 τοῦτ-ι

2016 3377 2121 3417 aue
2161 3366 2307 3424 erat,
2352 3367 2415 3414 ut
2453 3359 2711 3415 dicerent
2752 3377 2764 3414 :
2813 3362 2965 3416 Num
3023 3363 3085 3414 tu
3126 3359 3311 3429 major
3342 3375 3404 3413 es
3448 3363 3561 3415 Deo
3602 3357 3631 3414 ?

261 3443 343 3493 ἵνα
368 3447 440 3514 μὴ
477 3448 840 3517 συγκρίναντες
862 3443 1016 3495 αὐτόν
1042 3453 1110 3514 τῷ
1141 3448 1247 3514 Θεῷ
1271 3440 1468 3506 δόξωσι
1495 3445 1682 3516 μᾶλλον
1710 3453 1828 3517 τιμᾲ

2016 3467 2176 3504 erum
2203 3466 2322 3504 nou
2353 3451 2463 3505 hoc
2486 3449 2710 3514 «licunt,
2729 3465 2801 3504 ne
2826 3449 3161 3520 Deoipsum
3186 3454 3626 3519 comparantes,

257 3532 434 3586 αὐτόν.
473 3533 745 3585 Βούλονται
773 3530 832 3586 δε
875 3534 1029 3586 αὐτόν
1071 3533 1309 3585 ἐλάττονα
1357 3539 1446 3585 καὶ
1485 3543 1573 3585 τον
1628 3534 1828 3608 Ἀέῗισααι

2016 3539 2308 3594 iderentur
2333 3555 2470 3593 eum
2533 3539 2732 3610 potius
2803 3538 3116 3594 honorare.
3177 3538 3391 3592 Volunt
3429 3544 3625 3594 autem

255 3619 546 3693 ἀποφῆναι,
601 3628 699 3676 Καὶ
741 3622 834 3674 οὐκ
867 3620 1004 3675 εἷπον
1037 3631 1127 3674 τοῦ
1164 3622 1403 3696 Ἀϐρααμ
1615 3623 1740 3676 ἀλλὰ
1770 3645 1826 3677 το

2016 3645 2102 3683 )so
2130 3631 2306 3684 etiam
2334 3628 2628 3682 Abraham
2653 3629 2944 3682 minorem
2965 3627 3131 3682 illum
3149 3626 3483 3682 ostendere.
3514 3629 3628 3683 Nec

251 3715 452 3785 πατρὸς
504 3713 670 3784 ἡμῶν,
725 3713 1075 3784 κόμη-σίζοντες
1123 3712 1297 3777 πάλιν,
1341 3717 1428 3765 καὶ
1590 3722 1824 3786 συγγενεί

2016 3717 2612 3790 ixeruntsimpliciter
2645 3716 2967 3780 Abraham,
3031 3716 3133 3771 sed
3195 3722 3360 3787 patre
3419 3722 3626 3773 nastro

251 3807 347 3852 τοῦ
387 3801 435 3852 Ἀ
449 3799 508 3875 ϐρ
518 3804 623 3873 αὰμ
654 3801 1122 3874 ἐπισεμνυνόμειοι.

2021 3807 2293 3872 braham,
2329 3822 2568 3860 rursum
2641 3805 2986 3876 gloriantes,
3053 3811 3108 3861 et
3146 3805 3220 3860 de
3271 3806 3626 3875 cognatione

1970 3896 2270 3951 Abraham
2316 3912 2442 3950 sese
2470 3896 2786 3963 jactautes.

327 3980 608 4054 Ἀπεκρίθη
642 4011 710 4022 --
758 3979 918 4035 ἐστιν.
968 3978 1136 4033 Οὐδέν
1181 3980 1340 4045 ἐστιν,
1397 3984 1466 4042 ὡς
1520 3983 1664 4054 ὑμεῖς
1723 3985 1821 4034 ὑπο

2039 3986 2198 4039 Vers.
2242 3988 2330 4038 Si.
2426 3984 2730 4052 Respondit
2807 4014 2871 4024 -—-
2930 3989 3032 4039 est.
3104 3983 3252 4038 Nihil
3309 3988 3416 4047 est,
3455 3983 3625 4039 sicuti

246 4069 556 4143 λαμϐανετε.
593 4073 726 4144 Πρός
748 4075 840 4128 τὴν
871 4070 1073 4123 ἐκείνων
1103 4073 1204 4146 γὰρ
1233 4073 1475 4122 ὑπόνοιαν
1514 4081 1666 4123 τοῦτο
1699 4070 1828 4124 εἶπεν

2016 4091 2070 4129 )s
2124 4075 2562 4142 suspicamini;
2635 4089 2774 4128 nam
2834 4073 2945 4127 hoc
2998 4072 3075 4127 ad
3105 4072 3336 4128 illorum
3397 4073 3624 4142 cogita-

247 4163 367 4211 ἴσον
417 4158 576 4231 λέγων
618 4168 712 4230 τῷ,
770 4159 887 4212 Ἐὰν
929 4160 1028 4231 ἐγὼ
1078 4167 1323 4232 μαρτυρῶ
1373 4165 1487 4233 περὶ
1539 4159 1782 4232 ἐμαυτοῦ,
1823 4182 1828 4211 :

2016 4180 2185 4218 onem
2239 4163 2472 4218 locutus
2521 4169 2631 4227 est,
2692 4162 2883 4217 simile
2938 4161 3015 4216 illi
3073 4161 3332 4217 dicens:
3402 4161 3461 4216 Si
3525 4178 3618 4233 ego

244 4254 517 4324 μαρτυρία
545 4269 645 4320 μου
673 4249 765 4301 οὐκ
793 4252 930 4302 ἔστιν
965 4249 1160 4311 ἀληθής
1194 4269 1205 4282 ο
1251 4251 1372 4323 ὅπερ
1422 4256 1590 4302 κεῖται
1626 4261 1743 4324 περι
1792 4271 1828 4302 ττ

2016 4254 2364 4308 ’StimOnium
2411 4251 2683 4319 perhibeo
2741 4252 2812 4306 de
2877 4267 2964 4306 me
3021 4254 3162 4320 ipso,
3224 4252 3615 4307 testimonium

243 4343 386 4412 μέσα
411 4347 499 4391 του
533 4336 758 4412 ἑϐδόμου
788 4339 1066 4411 κεφαλαίου
1094 4359 1105 4371 ·
1139 4343 1228 4391 καὶ
1260 4337 1516 4410 ἀνάγνωθι
1555 4343 1642 4398 τὴν
1669 4338 1827 4411 ἐξὴγη

2016 4358 2155 4398 reum
2189 4357 2306 4396 non
2336 4349 2420 4397 est
2488 4357 2682 4396 verum
2747 4342 2818 4406 ⁷⁵,
2879 4339 3039 4412 quod
3109 4341 3283 4411 juxta
3345 4339 3619 4396 medium

245 4448 332 4482 σιν
364 4428 543 4481 αὐτοῦ.
1964 4432 2201 4502 septimi
2265 4430 2476 4501 capitis
2533 4430 2784 4501 positum
2832 4435 2944 4494 est,
3001 4434 3057 4484 et
3115 4429 3244 4500 ejus
3295 4429 3419 4500 lege
3452 4445 3615 4484 enar-

1891 4547 1928 4600 ι)
1964 4521 2275 4576 rationem.

318 4605 500 4661 Ἔστιν
555 4637 623 4647 -—
678 4626 759 4679 με.
819 4636 880 4646 -
966 4605 1081 4658 Ἐὰν
1149 4605 1247 4677 ἐγὼ
1316 4606 1603 4678 μεγαλύνω,
1667 4612 1824 4679 φησὶν

2031 4610 2200 4665 Vers.
2239 4609 2327 4664 54.
2358 4609 2464 4664 Est
2496 4637 2564 4648 -—
2594 4624 2696 4662 me.
2740 4607 2807 4664 Si
2845 4623 2973 4678 ego,
3023 4608 3236 4680 inquit,
3294 4608 3617 4679 magniﬁco

242 4695 486 4767 ἐμαυτὸν,
572 4694 711 4748 δοκῶ
780 4697 897 4768 ὑμῖν
971 4692 1263 4766 ψεύδεσθαι
1352 4696 1532 4749 ’Ἐστιν
1611 4698 1822 4770 όμεγα

2016 4716 2039 4752 e
2078 4700 2287 4767 ipsum,
2325 4698 2528 4752 videor
2565 4696 2738 4752 vobis
2779 4697 3050 4752 mentiri:
3087 4698 3190 4753 Est
3239 4709 3406 4770 pater
3433 4714 3614 4768 meus,

240 4787 401 4838 λυνων
455 4805 537 4858 με,
603 4788 627 4838 ό
688 4791 864 4857 Πατήρ
933 4805 1052 4858 μου.
1114 4791 1211 4838 Καὶ
1268 4785 1314 4837 ἐν
1368 4794 1438 4856 τῷ
1493 4787 1703 4860 ῥηθέντι
1740 4791 1828 4857 γὰρ

2016 4791 2058 4842 ti
2085 4789 2427 4858 magniﬁca!
2468 4802 2577 4843 me.
2615 4790 2757 4842 Nam
2796 4787 3083 4858 praedicto
3127 4803 3368 4860 quoque
3422 4789 3617 4858 capite

236 4875 499 4947 κεφαλαίῳ
543 4878 733 4949 ὁμοίως
782 4876 935 4937 εἶπεν,
994 4878 1074 4926 ὅτι
1123 4880 1221 4928 Καὶ
1279 4877 1302 4926 ό
1361 4876 1570 4947 πέμψας
1627 4897 1689 4949 με
1742 4885 1828 4929 Ιῖαη

2016 4877 2220 4933 militer
2245 4877 2391 4933 dixit
2424 4895 2436 4932 :
2468 4877 2539 4932 Et
2567 4877 2670 4948 qui
2701 4877 2856 4932 misit
2904 4893 2992 4933 me
3041 4879 3240 4940 Pater,
3294 4879 3420 4946 ipse
3452 4878 3616 4934 testi-

236 4971 354 5039 τὰρ.
445 4965 594 5026 αὐτὸς
678 4969 1046 5040 μεμαρτύρηκε
1129 4969 1243 5040 περὶ
1339 4964 1462 5037 ἐμοῦ
1573 4968 1828 5038 ¹¹9⁰θερ²“

2016 4966 2213 5022 onium
2241 4965 2539 5035 perhibuit
2570 4966 2638 5022 de
2689 4981 2780 5022 me
2805 4967 2872 5020 7°.
2908 4965 3168 5021 Primum
3199 4970 3390 5021 autem
3450 4966 3613 5022 viam

240 5057 381 5108 πεὺει
441 5051 498 5108 δὲ
560 5055 584 5107 ὁ
635 5054 802 5127 μέλλει
855 5053 1002 5129 ἐρεῖν,
1066 5057 1148 5106 ἱνα
1209 5059 1280 5128 μὴ
1342 5051 1469 5128 δέξῃ
1531 5055 1828 5126 κομπάζειν,

2016 5054 2254 5111 'aestruit
2280 5054 2374 5109 bis
2407 5070 2542 5127 quae
2598 5054 2862 5111 dicturus
2921 5061 3028 5120 est,
3053 5069 3128 5109 ne
3159 5054 3402 5125 gloriari
3449 5052 3620 5108 vide-

308 5253 358 5287 "
386 5253 556 5309 Joan.
586 5268 640 5320 ν,
664 5257 750 5310 23.
855 5254 904 5288 ⁷⁴
933 5254 1106 5310 Joan.
1142 5267 1220 5320 vn,
1250 5253 1335 5306 5t.
1441 5253 1486 5288 ττι
1511 5251 1656 5308 ibid.
1684 5253 1775 5308 3L

2016 5251 2092 5307 id.
2126 5253 2216 5306 37.

1433 5456 1653 5525 Variae
1696 5457 2027 5526 lectiones
2081 5466 2144 5524 et
2187 5464 2390 5525 notae.

304 5654 418 5728 (θὶ)
460 5655 609 5727 Αὐτῷ
641 5655 906 5728 Addit
958 5726 965 5728 _
1252 5726 1262 5728 _
1393 5725 1402 5728 _
1470 5723 1488 5728 Α
1819 5725 1828 5728 Α

2016 5662 2109 5709 ῶν.
2153 5654 2497 5728 Accuratius
2520 5655 2783 5722 dixisset,
2827 5658 2916 5707 καὶ
2946 5653 3052 5727 οὐχ
3078 5651 3251 5715 ἁπλῶς
3281 5649 3444 5718 εἶπον,
3481 5651 3608 5706 ἆ).λὰ

305 5723 420 5800 (65)
463 5723 588 5801 Hoc"
605 5743 722 5782 non
743 5726 996 5801 exclusit
1013 5726 1372 5801 vocabulum
1393 5723 1655 5801 Ἀϐραὰμ,
1671 5725 1828 5797 quod

2016 5728 2078 5778 τὰ
2106 5727 2382 5800 προσθήκη
2396 5747 2435 5788 ς.

231 5798 476 5873 uterque
523 5800 583 5855 in
625 5806 784 5856 textu
821 5798 1017 5864 habet,
1054 5799 1156 5855 sed
1189 5805 1355 5870 urget
1403 5801 1462 5852 τὸ
1491 5798 1601 5851 ’τοῦ
1633 5801 1828 5871 πατρὸς
