4156 6422
521 348 661 409 1303

1850 338 2207 401 EUTHYMII
2259 336 2588 395 ZIGABENI

3794 333 3948 393 1304

524 482 680 534 atur.
708 474 847 532 Vult
873 473 1029 533 enim
1058 476 1345 540 astruere,
1388 468 1555 543 quod
1612 468 1807 539 major
1848 469 1943 536 sit,
1993 483 2181 540 quam

2309 464 2649 539 Βούλεταιγὰρ
2664 462 3063 517 κατασκευάσαι
3083 462 3163 516 ὅτι
3183 461 3375 535 μείζων
3394 462 3506 515 ἔστὶ
3523 468 3611 516 τοῦ
3645 462 3713 515 Ἀ
3722 462 3759 515 ϐ
3760 482 3794 537 ρ
3803 466 3943 535 αάμ.

525 566 826 623 Abraham
865 581 1052 631 ;nam
1085 564 1199 619 hoc
1249 561 1308 616 in
1353 559 1627 632 praesenti
1668 574 1789 615 non
1842 557 2013 626 dixit,
2056 572 2185 629 pro-

525 662 657 729 pter
683 655 947 726 ipsorum
981 652 1444 724 impudentiam.

599 745 887 800 Vers.54.
951 744 1129 810 Quem
1196 772 1263 780 —
1324 740 1481 794 Vers.
1560 740 1651 795 55.
1714 753 1858 794 eum.
1929 767 1984 778 —
2054 736 2185 791 Non

529 834 868 904 cognovistz‘s
909 848 1053 895 eum,
1094 835 1294 901 utpote
1332 827 1615 900 operibus
1670 827 1837 882 illum
1872 832 2183 895 negantes.

531 923 682 979 Dicit
732 921 892 976 enim
949 926 1005 975 et
1057 918 1379 990 Apostolus
1424 934 1438 972 :
1495 917 1858 985 Conﬁtentur
1921 931 1981 971 se
2033 929 2188 971 nosse

531 1014 737 1075 Deum,
779 1010 952 1080 factis
982 1014 1178 1065 autem
1209 1013 1424 1077 negant
1456 1009 1525 1063 ⁷⁷.
1554 1006 1656 1060 Vel
1693 1005 1874 1060 etiam
1921 1020 1991 1058 eo
2023 1002 2187 1075 quod

529 1116 650 1156 non
680 1098 1021 1168 agnoscatis
1045 1097 1249 1152 Filium
1304 1097 1460 1167 ejus.
1522 1094 1749 1149 Dictum
1803 1097 1890 1147 est
1951 1091 2110 1147 enim
2172 1110 2184 1147 :

529 1190 593 1246 Si
628 1204 718 1245 me
746 1187 1181 1257 cognosc-cretis,
1216 1186 1273 1242 et
1308 1186 1548 1241 Patrem
1599 1199 1785 1239 meum
1837 1182 2040 1253 utique
2098 1196 2189 1237 co-

527 1280 884 1349 gnosceretis
941 1278 1010 1331 ⁷⁸.
1048 1276 1146 1331 Vel
1199 1291 1270 1331 eo
1328 1277 1495 1347 quod
1554 1288 1674 1328 non
1738 1271 1981 1327 servetis
2056 1271 2186 1342 ejus

531 1382 836 1423 sermones
866 1385 883 1437 ;
919 1381 1061 1421 nam
1117 1365 1166 1420 si
1196 1362 1626 1434 cognosceretis
1656 1377 1815 1427 eum,
1847 1376 2187 1417 sermonem

532 1456 660 1528 ejus
691 1456 1021 1511 servaretis.

605 1545 765 1601 Vers.
799 1545 887 1599 55.
940 1545 1066 1614 Ego
1119 1548 1305 1600 autem
1364 1543 1507 1597 novi
1563 1556 1713 1597 eum.
1778 1543 1905 1596 Non
1964 1538 2184 1604 solum,

535 1650 671 1690 cum
704 1650 775 1689 ex
806 1634 937 1705 ipso
965 1635 1101 1697 sim,
1148 1640 1203 1688 et
1230 1631 1498 1702 ejusdem
1541 1630 1910 1693 substantiae,
1957 1636 2189 1684 natura;

2297 562 2531 625 Φανερῶς
2588 556 2684 629 γὰρ
2713 561 2801 605 νῦν
2835 552 2928 606 οὐκ
2960 549 3065 606 εἷπε
3096 562 3249 605 τοῦτο
3278 549 3371 605 διὰ
3400 556 3487 611 τὴν
3525 550 3948 625 ἀναισχυντίαν

2299 644 2466 696 αύτών
2477 684 2488 697 .

2368 734 2461 786 Ὃν
2521 765 2589 775 —
2646 732 2821 785 αὐτόν.
2886 764 2953 773 -
2995 732 3105 785 Ούκ
3162 732 3414 805 ἐγνώκατε
3471 732 3650 798 αὐτὸν,
3703 733 3785 793 ὡς
3829 740 3947 795 τοῖς

2298 828 2465 898 ἔργοις
2512 822 2811 896 ἀρνούμενοι
2860 822 3032 875 αὐτόν.
3090 827 3224 881 Φησὶ
3282 825 3384 895 γὰρ
3436 824 3526 873 καὶ
3582 824 3606 873 ο
3649 821 3945 875 Ἀπόστο-

2296 913 2377 972 λος
2460 914 2538 964 ὅτι
2587 917 2714 965 Θεὸν
2773 912 3115 984 ὁμολογοῦσιν
3173 908 3389 980 εἰδέναι,
3442 918 3551 974 τοῖς
3614 909 3682 963 δὲ
3760 914 3951 984 ἔργοις

2300 999 2594 1071 ἀρνοῦνται.
2659 1001 2728 1054 ’Ἡ
2786 1008 2871 1054 καὶ
2932 1005 2996 1063 ὡς
3047 1006 3119 1075 μὴ
3176 1000 3448 1073 ἐγνωκότες
3498 1005 3585 1053 τὸν
3646 1003 3787 1054 Υὶόν
3844 1003 3947 1053 αύ-

2298 1099 2410 1144 τοῦ.
2466 1096 2750 1164 Προείρηκε
2814 1094 2915 1167 γὰρ
2979 1094 3059 1143 ὅτι
3117 1091 3177 1144 Εἰ
3252 1089 3339 1163 ἐμὲ
3418 1087 3615 1164 ᾔδειτε,
3684 1097 3790 1143 xui
3852 1094 3943 1143 τον

2301 1184 2507 1252 Πατέρα
2568 1200 2669 1252 μου
2727 1178 2903 1253 ᾔδειτε
2959 1181 3039 1233 οἷν.
3103 1179 3168 1233 ’Ἡ
3232 1182 3296 1241 ὡς
3351 1184 3424 1253 μὴ
3491 1188 3792 1252 τηροῦντες
3853 1185 3943 1234 τὸν

2298 1268 2448 1338 λόγον
2474 1269 2654 1323 αὐτοῦ·
2689 1270 2733 1323 εἰ
2754 1273 2855 1343 γὰρ
2890 1267 3065 1344 ᾔδειτε
3097 1270 3271 1336 αὐτὸν,
3297 1269 3523 1345 ἐτηρεῖτε
3553 1270 3613 1322 οἷν
3640 1274 3743 1323 τὸν
3781 1270 3943 1343 λόγον

2301 1378 2482 1413 αυτ-ου.

2376 1538 2508 1609 Ἐγὼ
2541 1533 2599 1590 δὲ
2631 1534 2756 1589 οἶδα
2795 1538 2969 1593 αὐτόν.
3018 1541 3092 1591 Οῦ
3124 1542 3277 1611 μόνον
3321 1540 3385 1599 ὡς
3416 1537 3466 1602 ἐξ
3497 1538 3663 1591 αὐτοῦ
3698 1544 3802 1591 καὶ
3845 1546 3943 1599 τῆς

2301 1628 2461 1688 αὐτῆς
2491 1627 2677 1688 οὐσίας
2707 1632 2793 1679 xui
2822 1631 3021 1700 φύσεως
3050 1634 3139 1680 καὶ
3167 1634 3405 1700 γνώσεως
3435 1632 3524 1694 ὧν,
3557 1627 3697 1680 ἀλλὰ
3745 1634 3845 1681 xui
3873 1631 3945 1689 ὡς

535 1730 592 1781 et
620 1723 900 1788 scientiae,
936 1724 1036 1777 sed
1085 1721 1261 1778 etiam
1315 1726 1606 1792 tanquam
1660 1734 2001 1773 sermonem
2061 1719 2188 1786 ejus

2309 1720 2386 1769 τὸν
2409 1716 2554 1788 λόγον
2584 1716 2743 1769 αὐτοῦ
2771 1726 2960 1789 τηρῶν.
2998 1722 3098 1771 Καὶ
3130 1718 3299 1771 ὀπίσω
3331 1715 3389 1771 δε
3420 1714 3575 1783 εἶπεν,
3621 1721 3711 1770 ὅτι
3748 1719 3945 1770 Ἐστὶν

535 1827 799 1870 servans.
828 1815 973 1867 Nam
1004 1816 1060 1867 et
1091 1810 1365 1882 superius
1412 1809 1559 1863 dixit
1612 1826 1625 1863 :
1680 1810 1787 1863 Est
1842 1824 2037 1871 verax,
2088 1809 2191 1877 qui

534 1902 690 1957 misit
726 1917 832 1966 me,
862 1916 1033 1972 quem
1065 1916 1158 1955 vos
1189 1915 1307 1955 non
1334 1898 1513 1953 nostis
1538 1912 1551 1951 :
1589 1913 1692 1968 ego
1722 1912 1856 1953 vero
1880 1897 2019 1952 novi
2038 1912 2189 1963 eum,

536 1992 677 2064 quia
705 1992 779 2047 ab
806 2007 870 2048 eo
899 2006 1028 2047 sum
1049 1992 1121 2043 7°.

606 2081 748 2135 Vers
803 2086 890 2136 55.
948 2082 1013 2135 Et
1073 2109 1141 2121 —
1189 2078 1465 2145 mendax.
1500 2077 1618 2132 Vos
1651 2078 1811 2132 enim
1860 2075 2193 2131 mentimini

536 2170 803 2226 dicentes
843 2170 1030 2224 Deum
1084 2173 1349 2223 vestrum
1400 2183 1551 2234 esse,
1606 2184 1742 2222 cum
1800 2182 1921 2221 non
1972 2182 2196 2236 cogno-

540 2260 717 2315 scatis
757 2276 915 2320 eum,
961 2264 1023 2314 ut
1081 2256 1432 2329 praedictum
1493 2262 1595 2310 est.
1654 2256 1928 2311 Notitiam
1990 2260 2192 2310 autem

538 2353 595 2406 et
622 2349 1024 2419 cognitionem
1057 2346 1217 2411 dicit,
1260 2361 1437 2400 nosse
1464 2345 1832 2416 simpliciter,
1877 2350 1932 2399 et
1976 2360 2193 2415 cogno-

538 2453 700 2493 scere
752 2437 917 2509 quod
974 2437 1044 2491 sit
1106 2437 1260 2490 Deus
1313 2440 1369 2489 et
1425 2435 1609 2497 Pater,
1669 2448 1785 2487 non
1875 2434 2022 2488 scire
2095 2436 2193 2489 Dei

536 2532 833 2582 naturam.
867 2529 1011 2581 Nam
1039 2526 1173 2596 ipsa
1210 2540 1329 2579 non
1372 2524 1571 2577 solum
1635 2523 1915 2592 cognosci
1970 2524 2189 2593 nequit,

538 2632 741 2672 verum
773 2616 948 2669 etiam
980 2614 1226 2670 omnino
1284 2611 1731 2681 inintelligibilis
1781 2617 1867 2667 est
1919 2620 1973 2667 et
2027 2613 2193 2667 inac-

538 2704 848 2771 cessibilis,
878 2720 986 2759 nec
1028 2709 1244 2759 tantum
1277 2701 1644 2768 hominibus,
1706 2702 1811 2757 sed
1862 2708 1918 2758 et
1947 2702 2195 2758 coelesti-

539 2794 650 2849 bus
689 2793 1021 2849 virtutibus.

612 2882 777 2937 Vers.
812 2883 898 2938 56.
959 2882 1070 2938 Sed
1122 2913 1188 2921 —
1244 2897 1433 2938 servo.
1491 2880 1688 2947 Vides,
1723 2880 1883 2953 quod
1944 2881 2042 2936 Dei
2076 2896 2192 2935 ser-

537 2988 781 3028 monem
842 2988 1097 3036 servare,
1152 2970 1391 3041 signum
1447 2972 1516 3027 sit
1570 2971 1736 3043 quod
1798 2971 1935 3042 quis
2006 2974 2190 3026 Deum

538 3068 879 3132 cognoscat.
914 3062 1258 3117 Timeamus
1290 3060 1486 3129 igitur,
1538 3060 1703 3132 quod
1733 3061 1830 3116 Dei
1886 3048 2194 3131 praecepta

536 3167 658 3206 non
691 3168 1016 3216 servamus,
1074 3156 1359 3222 tanquam
1392 3166 1530 3205 cum
1588 3150 1672 3204 eis
1729 3150 2054 3220 constituti,
2088 3148 2193 3221 qui

539 3240 727 3296 Deum
760 3242 1055 3311 ignorant.
1090 3240 1311 3296 Deinde
1357 3230 1585 3312 probat,
1636 3238 1801 3311 quod
1847 3240 2041 3309 major
2096 3238 2190 3305 sit,

537 3345 723 3402 quam
752 3331 1077 3386 Abraham.

610 3419 771 3475 Vers.
853 3425 937 3476 56.
979 3419 1287 3475 Abraham
1345 3450 1413 3459 —
1466 3434 1678 3475 meum.
1737 3448 1807 3461 —
1858 3419 2194 3476 Exsultavit

538 3508 665 3563 sive
718 3507 1078 3580 concupivit.
1112 3507 1274 3564 Diem
1316 3511 1508 3563 autem
1574 3522 1753 3562 suum
1834 3507 1978 3564 dicit
2031 3506 2194 3564 diem

535 3612 857 3671 passmnis.

608 3687 771 3743 Vers.
833 3692 919 3742 56.
972 3687 1049 3741 Et
1105 3685 1277 3752 vidit,
1337 3692 1391 3742 et
1460 3685 1699 3755 gavisus
1769 3692 1873 3742 est.
1935 3685 2192 3742 Gavisus

537 3780 626 3830 est
650 3782 885 3847 propter
939 3774 1187 3829 salutem
1242 3773 1472 3828 mundi.
1544 3774 1958 3844 Przecognovit
2025 3792 2193 3831 nam-

536 3879 654 3936 que
696 3864 1049 3936 mysterium
1092 3864 1493 3918 crucitixionis
1538 3864 1771 3920 Christi.
1829 3865 2194 3922 Desideravit

537 3953 739 4008 videre
778 3953 938 4007 diem
1001 3954 1189 4024 ipsius
1228 3961 1281 4009 et
1324 3954 1467 4008 vidit
1514 3954 1680 4008 illum
1734 3954 2190 4026 praeﬁguratum

537 4042 1063 4105 etadumbratum,
1115 4042 1175 4097 in
1226 4042 1319 4097 die
1374 4059 1495 4113 quo
1544 4043 1731 4098 ﬁlium
1785 4061 1962 4098 suum
2023 4045 2191 4101 Isaac

536 4131 749 4187 obtulit
787 4132 845 4186 in
871 4132 1310 4187 holocaustum.
1360 4132 1562 4187 Didicit
1604 4134 1784 4197 enim,
1833 4134 1990 4204 quod
2044 4135 2193 4190 sicut

536 4220 666 4292 ipse
716 4237 835 4276 non
908 4222 1171 4293 pepercit
1218 4238 1327 4276 suo
1389 4223 1602 4277 dilecto
1678 4231 1920 4293 propter
1978 4224 2189 4291 Deum,

2302 1807 2500 1867 ἀληθὴς
2531 1806 2644 1878 (66)
2676 1806 2933 1879 ὀπέμψας
2969 1826 3051 1879 με,
3085 1807 3138 1859 ὃν
3184 1810 3329 1880 ὑμεῖς
3361 1808 3454 1860 οὐκ
3479 1805 3689 1878 οῖδατε,
3737 1807 3848 1880 ἐγὼ
3883 1804 3943 1860 δε

2303 1892 2427 1949 οἶδα
2458 1896 2634 1967 αὐτὸν,
2671 1899 2746 1949 ὅτι
2779 1897 2902 1972 παρ’
2937 1898 3097 1950 αὑτοῦ
3129 1897 3260 1970 εἰμι.

2380 2079 2479 2127 Καὶ
2537 2106 2603 2115 -
2659 2074 2909 2145 ψεύστης.
2968 2073 3233 2130 Ψεύδεσθε
3292 2079 3393 2149 γὰρ
3467 2077 3614 2149 ὑμεῖς
3691 2076 3943 2149 λέγοντες

2306 2166 2386 2215 ὅτι
2411 2164 2527 2235 (67)
2583 2168 2707 2225 Θεὸς
2757 2166 2899 2237 ὑμῶν
2954 2164 3113 2229 ἐστιν,
3158 2166 3216 2218 ού
3268 2169 3369 2238 γὰρ
3434 2164 3695 2237 ἐγνώκατε
3750 2167 3936 2233 αὐτὸν,

2306 2259 2375 2316 ὡς
2431 2260 2756 2329 προείρηται.
2816 2252 3039 2314 Εῖδησιν
3115 2253 3173 2309 δὲ
3238 2262 3327 2309 καὶ
3398 2262 3592 2328 γνῶσίν
3662 2278 3813 2330 φησι
3881 2262 3940 2309 τό

2306 2343 2499 2398 εἰδέναι
2524 2351 2612 2398 καὶ
2643 2352 2916 2417 γινώσκειν
2948 2346 3117 2407 ἀπλὼς
3147 2348 3227 2398 ὅτι
3257 2345 3370 2400 ἐστὶ
3413 2350 3536 2408 Θεὸς
3571 2353 3664 2399 καὶ
3720 2352 3935 2421 Πατὴρ,

2306 2434 2363 2487 ού
2404 2439 2506 2506 μὴν
2547 2438 2639 2492 τὴν
2674 2435 2784 2505 (68)
2817 2444 2911 2495 τῆς
2943 2437 3142 2507 φύσεως
3190 2444 3282 2487 τοῦ
3332 2442 3485 2489 Θεοῦ.
3534 2438 3679 2495 Αύτη
3727 2440 3835 2511 γὰρ
3879 2437 3937 2489 οῦ

2305 2528 2457 2597 μόνον
2506 2525 2788 2595 ἄγνωστος,
2846 2522 2972 2575 ἀλλά
3023 2529 3113 2576 καὶ
3165 2524 3423 2588 παντελῶς
3476 2524 3785 2587 ἀνεννόητος
3845 2532 3935 2578 καὶ

2308 2612 2728 2686 ἀνεπιχείρητος,
2761 2618 2851 2665 καὶ
2883 2613 2940 2666 ού
2972 2618 3124 2687 μόνον
3157 2612 3465 2688 ἀνθρώποις,
3510 2614 3641 2667 ἀλλά
3670 2620 3770 2668 καὶ
3816 2624 3935 2676 ταῖς

2306 2703 2568 2776 οὐρανίαις
2610 2700 2914 2776 δυνάμεσιν.

2379 2881 2519 2936 Ἀλλ’
2543 2913 2611 2922 -
2641 2889 2803 2957 τηρῶ.
2827 2887 2979 2954 Ὁρᾷς
2997 2882 3076 2934 ὃτι
3098 2884 3154 2934 τὸ
3183 2884 3268 2934 τὸν
3289 2881 3439 2955 λόγον
3467 2890 3557 2936 τοῦ
3586 2891 3727 2938 Θεοῦ
3753 2892 3929 2960 τηρεῖν

2310 2976 2523 3044 σημεῖὸν
2552 2970 2668 3023 ἐοτι
2691 2980 2781 3023 τοῦ
2809 2968 3003 3023 εἰδέναι
3030 2970 3204 3023 αὐτόν.
3225 2971 3367 3030 Φαϐη
3379 2974 3542 3045 θῶμεν
3568 2978 3747 3026 τοίνυν
3775 2976 3826 3026 οἱ
3842 2976 3931 3033 τὰς

2306 3060 2508 3121 ἐντολὰς
2537 3067 2627 3112 τοῦ
2665 3065 2791 3113 Θεοῦ
2823 3064 2894 3132 μὴ
2945 3060 3302 3132 φυλάττοντες,
3336 3063 3405 3121 ὡς
3437 3066 3750 3134 ταττόμενοι
3799 3065 3930 3135 μετὰ

2306 3158 2405 3202 τῶν
2440 3149 2758 3221 ἀγνοούντων
2804 3153 2890 3201 τὸν
2932 3154 3078 3205 Θεὸν.
3122 3147 3250 3203 Εἶτα
3286 3152 3672 3214 κατασκευάζει
3715 3158 3809 3205 xui
3852 3155 3931 3204 ὅτι

2306 3240 2497 3313 μείζων
2530 3239 2643 3291 ἐστὶ
2674 3247 2764 3291 τοῦ
2798 3238 3057 3313 Ἀϐραάμ.

2380 3327 2618 3403 Ἀϐραὰμ
2677 3359 2745 3368 -
2802 3327 2943 3399 ἐμήν,
3010 3360 3076 3369 -
3139 3328 3541 3401 Ἠγαλλιάσατο,
3594 3335 3761 3403 ἤγουν
3817 3330 3925 3383 ἐπε-

2308 3420 2557 3491 θύμησεν,
2636 3417 2882 3492 [Ἠμέραν
2954 3418 3066 3490 (69)
3123 3415 3180 3472 δε
3253 3418 3412 3472 αὐτοῦ
3471 3419 3609 3492 λέγει
3678 3426 3777 3480 τὴν
3835 3428 3923 3473 τοῦ

2308 3516 2560 3582 σταυροῦ.

2379 3692 2479 3741 Καὶ
2537 3683 2664 3752 εἶδε,
2715 3691 2799 3739 xui
2856 3685 3048 3762 ἐχάρη.
3110 3686 3311 3761 Ἐχάρη
3364 3684 3456 3741 διὰ
3505 3692 3600 3749 τὴν
3651 3694 3917 3763 σωτηρίαν

2303 3784 2395 3829 τοῦ
2444 3780 2666 3847 κόσμου.
2718 3780 2977 3849 Προγνοὺς
3018 3778 3118 3851 γὰρ
3172 3780 3229 3829 τὸ
3286 3782 3580 3852 μυστήριον
3636 3788 3729 3841 τῆς
3762 3798 3918 3832 σταυ-

2304 3872 2512 3939 ρώσεως
2555 3873 2646 3917 τοῦ
2711 3873 2946 3938 Χριστοῦ
2998 3865 3343 3939 ἐπεθύμησεν]
3402 3864 3530 3920 ἰδεῖν
3584 3873 3679 3928 τὴν
3720 3871 3915 3941 ἡμέραν

2305 3957 2485 4023 αὐτοῦ,
2549 3960 2638 4007 καὶ
2688 3952 2820 4007 εἶδεν
2872 3954 3027 4013 αὐτὴν
3087 3954 3109 4028 [
3159 3959 3754 4031 προσκιαγραφηθείσαν
3804 3960 3913 4028 (70)

2302 4044 2416 4118 xui]
2447 4041 2869 4097 ὃιατυπωθείσαν
2901 4042 2948 4095 ἐν
2992 4052 3053 4116 τῇ
3102 4046 3270 4117 ἡμέρᾳ
3299 4046 3417 4097 καθ’
3449 4048 3509 4105 ἣν
3542 4046 3790 4118 ἀνήνεγκε
3834 4048 3914 4096 τὸν

2304 4137 2415 4187 υἱὸν
2457 4134 2615 4186 αὐτοῦ
2664 4153 2749 4185 τον
2780 4135 2965 4185 Ἰσαάκ
3019 4134 3091 4194 εἰς
3143 4134 3523 4207 ὀλοκάρπωσιν.
3571 4134 3769 4209 Ἐμαθε
3816 4136 3912 4207 γὰρ

2306 4227 2406 4291 ὅτι,
2458 4225 2629 4294 ὥσπερ
2681 4222 2831 4283 αὐτὸς
2882 4222 2974 4275 ούκ
3015 4225 3251 4295 ἐφείσατο
3309 4233 3401 4276 τοῦ
3450 4226 3567 4277 υἱοῦ
3624 4226 3784 4277 αὐτοῦ
3826 4229 3911 4275 τοῦ

536 4310 616 4366 ita
655 4326 850 4382 neque
890 4311 1040 4365 Deus
1084 4312 1415 4381 parciturus
1470 4316 1626 4366 esset
1690 4311 1831 4367 Filio
1887 4329 1995 4367 suo
2047 4312 2190 4368 dile-

2309 4313 2582 4385 ἀγαπητοῦ
2620 4308 2712 4364 διὰ
2750 4314 2837 4363 τὸν
2878 4314 3027 4379 Θεὸν,
3080 4312 3239 4373 οὕτως
3282 4310 3405 4365 οὐδὲ
3458 4314 3483 4365 ὁ
3523 4316 3643 4375 Θεὸς
3682 4318 3910 4387 φείσεται

538 4407 632 4455 cto
663 4408 903 4471 propter
927 4400 1256 4455 hominem.
1294 4403 1357 4454 Et
1383 4400 1904 4472 quemadmodum
1935 4402 2033 4456 ille
2060 4418 2193 4473 por-

537 4491 680 4544 tavit
718 4489 876 4561 ligna
909 4489 1237 4545 holocausti
1305 4489 1414 4558 sui,
1482 4490 1561 4544 ita
1614 4496 1668 4544 et
1696 4492 1821 4561 ipse
1855 4498 2193 4562 portaturus

538 4583 690 4632 esset
725 4578 959 4647 lignum
1002 4578 1204 4634 mortis
1244 4594 1387 4633 suae.
1434 4580 1872 4646 Verumtamen,
1909 4581 2058 4636 sicut
2097 4581 2194 4636 illo

538 4682 656 4721 non
699 4683 880 4739 passo
913 4667 1254 4740 suppositus
1287 4673 1371 4722 est
1411 4667 1564 4723 aries
1603 4684 1614 4723 :
1650 4669 1731 4724 ita
1790 4674 1846 4725 et
1896 4669 2011 4725 hoc
2064 4687 2196 4727 ma-

537 4761 715 4812 nente
746 4756 1121 4829 impassibili,
1153 4756 1501 4812 humanitas
1526 4760 1656 4828 ejus
1681 4758 1880 4813 occisa
1899 4765 2006 4814 est.
2023 4760 2194 4825 Quod

541 4844 591 4899 si
617 4844 773 4900 diem
807 4846 933 4915 ejus
964 4845 1164 4901 videre
1196 4845 1571 4911 desideravit,
1616 4844 1821 4917 utique
1869 4847 1983 4903 hoc
2046 4854 2189 4920 erat,

538 4938 830 5006 tanquam
872 4935 1140 5007 majoris.

610 5151 653 5185 ἰτ
685 5150 791 5209 Tit.
818 5152 957 5220 1,16.
1058 5150 1304 5207 "Joan.
1333 5165 1446 5219 vui,
1484 5152 1568 5208 t9.
1647 5153 1886 5210 “Joan.
1913 5171 2008 5219 vn,
2037 5158 2125 5211 26.

2306 4411 2397 4455 τοῦ
2432 4404 2551 4455 Υὶοῦ
2583 4401 2742 4453 αὐτοῦ
2782 4408 2872 4453 τοῦ
2903 4399 3178 4472 ἀγαπητοῦ
3221 4398 3314 4454 διὰ
3342 4405 3426 4454 τὸν
3472 4403 3762 4476 ἄνθρωπον.
3811 4403 3905 4453 Καὶ

2308 4496 2481 4563 ὥσπερ
2559 4491 2707 4553 οὗτος
2755 4489 3014 4542 ἐϐάστασε
3065 4494 3129 4542 τὰ
3175 4490 3302 4553 ξύλα
3356 4500 3453 4554 τῆς
3510 4491 3904 4566 ὀλοκαρπώσεως

2310 4582 2488 4646 αὐτοῦ,
2532 4581 2665 4631 οῦτω
2693 4578 2927 4641 κάκεῖνος
2975 4578 3236 4653 βαστάσει
3266 4584 3320 4633 τὸ
3349 4580 3496 4644 ξύλον
3539 4589 3631 4634 τοῦ
3689 4580 3899 4634 θανάτου

2306 4672 2484 4724 αὐτοῦ.
2540 4669 2677 4727 Πλὴν
2731 4670 2964 4741 καθάπερ
3026 4671 3212 4722 τούτου
3278 4674 3539 4742 μείναντος
3598 4669 3821 4727 ἀπαθοῦς
3872 4665 3894 4714 ὁ

2304 4763 2449 4833 κριὸς
2502 4758 2679 4825 ἐτύθη,
2749 4758 2883 4810 οὕτω
2935 4756 3171 4811 κάκείνου
3244 4762 3481 4831 μένοντος
3549 4758 3775 4817 ἀπαθοῦς
3839 4755 3889 4803 τό

2306 4848 2622 4924 ἀνθρώπινον
2690 4848 2849 4900 αὐτοῦ
2920 4849 3407 4920 σφαγιασθίωεται,
3487 4848 3549 4902 Εἰ
3617 4844 3673 4901 δὲ
3723 4842 3888 4897 ἐπεθύ-

2304 4957 2468 5011 μησεν
2519 4934 2647 4990 ἰδεῖν
2701 4941 2793 4995 τὴν
2851 4939 3048 5010 ἡμέραν
3110 4936 3291 5009 αὐτοῦ³
3357 4939 3426 5002 ὡς
3475 4938 3704 5012 μείζονος
3768 4933 3894 4985 πάν-

2303 5048 2423 5089 τως.

1766 5331 1981 5399 Variaa
2020 5331 2350 5401 lectiones
2395 5340 2460 5400 et
2501 5340 2701 5399 notae.

608 5491 721 5564 (66)
758 5492 819 5547 In
863 5494 1163 5555 contextu,
1192 5490 1291 5564 illo
1336 5490 1396 5547 in
1434 5491 1561 5547 loco
1605 5491 1789 5564 codd.
1843 5493 2192 5564 Euthymius

538 5561 764 5633 habent
815 5564 1129 5631 vulgatum
1184 5561 1445 5623 ἀληθινός.
1508 5563 1621 5618 Sed
1673 5561 2192 5633 Chrysostfrefert

542 5632 920 5706 ἀληθήςμτοω.
954 5634 1094 5700 Vill,
1125 5650 1183 5705 p.
1219 5636 1341 5705 294,
1366 5635 1491 5703 295,
1525 5632 1857 5706 aliquoties.

609 5705 723 5775 (67)
748 5702 805 5755 Ὀ
836 5702 1155 5775 interponit
1184 5711 1249 5762 Α.

611 5773 723 5845 (68)
790 5780 895 5832 Τήν
977 5773 1144 5832 abest
1219 5782 1284 5833 Α.
1375 5775 1643 5833 Refertur
1709 5777 1781 5833 ad
1848 5775 2053 5839 εἴδησιν
2101 5783 2190 5834 καὶ

2303 5502 2516 5566 γνῶσιν.

2400 5568 2488 5635 69)
2529 5564 2759 5619 Inclusa
2784 5563 3005 5619 absunt
3033 5565 3098 5617 A.

2400 5568 2488 5635 69)
2529 5568 2759 5619 Inclusa
2784 5568 3005 5619 absunt
3033 5568 3098 5617 A.

2306 5568 2768 5763 θυὲτῖρέιίξέἓίυεδ.
2799 5636 3023 5692 absunt
3062 5638 3127 5691 Α.
3162 5637 3382 5697 Ibidem
3416 5637 3647 5715 legitur,
3690 5629 3898 5715 προδια-
