4156 6402
322 357 462 416 1305

1408 355 1754 414 COMMENT
1794 357 1863 414 IN
1901 356 2252 414 JOANNEM.
2294 389 2362 400 —
2399 358 2556 414 CAP.
2602 356 2697 413 IX.

3554 357 3574 412 1
3588 357 3693 414 306

395 490 497 539 Καὶ
526 518 594 526 -
622 484 850 559 ἑώρακας
878 501 890 551 ;
916 483 1105 559 ’ῼοντο
1132 484 1233 557 γὰρ
1266 483 1418 536 αὐτόν
1450 483 1605 555 ἐγγὺς
1633 482 1761 537 εἶναι
1800 504 1911 537 πεν-

2104 485 2266 541 Vers.
2302 486 2388 540 57.
2418 484 2589 539 Et—
2640 482 2841 540 vidisti
2892 482 2920 538 ?
2974 482 3272 539 Putabant
3335 482 3494 538 enim
3550 500 3691 539 eum

321 581 547 634 τήκοντα
598 575 718 628 ἐτῶν
770 572 863 627 διὰ
912 581 1006 632 τήν
1062 575 1399 646 πολυπειρίαν
1456 573 1637 628 αὑτοῦ.
1684 576 1813 630 Ίὶινά
1862 570 1921 626 δὲ

320 675 419 718 τῶν
473 666 584 737 (7t)
639 665 964 741 ἀντιγράφων
1005 666 1399 738 τεσσαράκοντα
1439 666 1752 739 γράφουσιν,
1796 665 1918 737 ὅπερ

322 752 469 809 δοκεῖ
494 755 875 829 ἀκριϐέστερον.

394 930 543 987 Εἶπεν
597 965 664 974 -
720 934 843 996 εἰμι.
894 933 982 996 ’.Ως
1048 937 1197 996 Θεὸς.
1254 939 1354 987 Καὶ
1412 932 1506 985 οὐκ
1565 929 1722 999 εἶπεν,
1786 931 1919 1002 Ἐγὼ

320 1027 481 1095 ἤμην,
560 1022 664 1075 ἀλλ’
726 1024 856 1095 Ἐγώ
909 1024 1016 1096 εἰμι
1059 1025 1084 1075 ὁ
1146 1022 1223 1076 ἀεὶ
1287 1027 1373 1073 ὤν.
1407 1026 1475 1075 Τὸ
1502 1024 1590 1089 μὲν
1640 1018 1727 1072 οὖν
1785 1023 1920 1092 γενέ-

322 1114 447 1164 σθαι
508 1117 859 1165 κτιστοῦ·τό
955 1110 1013 1166 δε
1079 1113 1199 1184 Εἰμὶ
1278 1110 1528 1164 ἁκτίστου
1579 1112 1596 1183 [
1652 1115 1742 1163 καὶ
1803 1111 1918 1183 (72)

319 1207 537 1255 κτίστου

392 1292 558 1367 Ἦραν
597 1320 650 1332 -
700 1290 878 1344 αὐτόν.
935 1295 1000 1345 Οἱ
1035 1300 1218 1364 ταχεῖς
1260 1295 1385 1366 πρός
1415 1294 1561 1363 φόνον
1594 1312 1604 1324 ·
1637 1290 1917 1364 Ἠγρίαναν

318 1383 421 1454 γὰρ
471 1377 715 1444 δόξαντες
766 1380 1083 1453 ὑϐρισθῆναι
1125 1385 1211 1433 τόν
1272 1380 1508 1455 Ἀϐραὰμ
1552 1398 1562 1409 ·
1599 1380 1709 1452 οἶμα
1738 1376 1796 1433 δὲ
1829 1384 1918 1431 καὶ

318 1476 524 1543 γνόντες
554 1473 633 1524 ὅτι
664 1468 943 1529 ἀιδιότητα
981 1479 1113 1524 Θεοῦ
1138 1472 1467 1544 περιτίθησιν
1496 1469 1677 1540 ἑαυτῷ.

393 1650 599 1712 Ἰησοῦς
658 1648 716 1704 δὲ
764 1649 979 1723 ἐκρύϐη.
1024 1651 1276 1723 Ἀόρατος
1333 1650 1512 1711 αὐτοῖς
1572 1654 1795 1707 κατέστη
1851 1657 1912 1720 τῇ

320 1740 533 1813 ἐξουσίᾳ
562 1748 654 1802 τῆς
695 1742 954 1801 θεότητος.

396 1835 494 1885 Καὶ
527 1833 686 1907 ἱεροῦ.
713 1836 824 1884 Ἵνα
851 1829 1155 1888 κατασταλῆ
1190 1832 1214 1882 ὁ
1250 1831 1412 1903 θυμός
1441 1828 1629 1883 αὐτῶν.

391 2009 605 2063 Διελθών
636 2042 704 2050 -
733 2010 922 2062 αὐτῶν.
978 2014 1064 2068 Μὴ
1111 2009 1407 2081 ἰσχυόντων
1440 2005 1569 2061 ἰδεῖν
1610 2008 1783 2064 αὐτόν.
1820 2014 1916 2065 Καὶ

319 2097 467 2153 διατί
518 2099 613 2152 οὐκ
670 2098 901 2163 ἐξέλυσεν
933 2098 1099 2152 αὐτῶν
1139 2104 1232 2157 τὴν
1284 2096 1504 2170 δύναμιν
1548 2102 1637 2151 καὶ
1696 2107 1922 2170 φανερῶς

318 2188 623 2261 ἀνεχώρησε
645 2206 657 2255 ;
691 2194 833 2242 Διότι
850 2191 958 2243 οὔθ’
982 2190 1141 2250 οὕτως
1164 2188 1365 2260 ἔμελλον
1395 2191 1677 2241 πιστεύειν.
1702 2190 1914 2262 Καὶγάρ

317 2280 366 2332 ἕν
393 2288 464 2349 τῷ
493 2287 660 2353 καιρῷ
691 2286 782 2330 τοῦ
844 2281 1047 2340 Πάθους
1093 2280 1306 2340 ὑπτίους
1338 2280 1449 2349 ('73)
1503 2278 1685 2338 αὐτοὺς
1716 2277 1911 2352 ἔρριψε,

315 2376 406 2421 καὶ
436 2368 692 2440 τὰςὸψεις
722 2368 890 2421 αὐτῶν
913 2367 1173 2433 ἐσκότισε,
1216 2374 1305 2420 καὶ
1335 2368 1427 2420 οὐκ
1459 2366 1790 2422 ἐπίστευσαν.
1814 2368 1914 2419 Οὖ-

317 2454 404 2509 δεν
434 2459 532 2530 γὰρ
565 2464 744 2529 χεῖρον
774 2456 962 2529 ψυχῆς
994 2455 1372 2527 ἀπεγνωκυίας.
1432 2454 1537 2509 Κάν
1584 2459 1686 2530 γὰρ
1721 2464 1915 2527 σημεῖα

313 2543 433 2619 ἴδῃ,
461 2546 555 2599 κᾶν
586 2550 795 2621 τέρατα,
825 2550 963 2619 μένει.
993 2552 1085 2606 τὴν
1114 2547 1274 2605 αὐτὴν
1318 2550 1523 2619 ἔχουσα
1552 2546 1704 2599 πάλιν
1733 2545 1915 2598 ἀναισ-

313 2658 418 2709 χυν
428 2641 557 2691 τίαν.

391 2731 490 2779 Καὶ
519 2734 751 2800 παρῆγεν
773 2727 956 2789 οὕτως.
989 2725 1258 2790 Ἐϐάὸιζεν
1299 2727 1476 2794 οὕτως,
1511 2730 1582 2800 μὴ
1619 2730 1914 2800 φαινόμενος

314 2816 513 2878 αὐτοῖς.

568 2912 712 2959 ΚΕΦ.
757 2903 809 2960 Ι’.
838 2910 961 2980 Περὶ
988 2914 1079 2959 τοῦ
1120 2905 1174 2959 ἐκ
1211 2915 1416 2977 γενετῆς
1446 2906 1660 2978 τυφλοῦ.

387 2999 490 3049 Καὶ
519 3026 587 3035 -
616 3004 840 3067 γενετῆς.
866 2994 1088 3049 Βεϐαιών
1119 2996 1154 3049 ἃ
1184 2993 1310 3063 εἶπε,
1341 3001 1430 3049 καὶ
1459 2998 1799 3068 πιστούμενος
1834 2996 1912 3047 ὅτι

2031 573 2214 630 ferme
2271 590 2403 629 esse
2454 573 3061 646 quinquagenarium,
3142 576 3383 645 propter
3439 573 3688 629 multam

2030 664 2163 737 ejus
2206 665 2480 736 peritiam
2530 670 2586 720 et
2631 664 3077 736 experientiam.
3149 663 3431 729 Quaedam
3489 670 3688 719 autem

2032 754 2397 825 exemplaria
2466 753 2707 819 habent,
2757 753 3187 825 quadraginta,
3232 753 3410 826 {quod
3459 753 3692 809 videtur

2030 858 2157 898 esse
2189 844 2399 898 verius.

2102 933 2262 987 Vers.
2343 936 2427 989 58.
2482 933 2655 989 Dixit
2720 963 2788 972 —
2854 948 3003 988 sum.
3037 935 3349 1004 Tanquam
3394 933 3569 987 Deus.
3626 933 3692 988 Et

2029 1036 2145 1078 non
2198 1022 2366 1087 dixit,
2429 1025 2549 1092 Ego
2591 1038 2756 1079 eram
2798 1041 2815 1094 ;
2851 1022 2975 1089 sed,
3027 1022 3152 1092 Ego
3177 1038 3325 1091 sum,
3383 1023 3481 1093 qui
3537 1038 3695 1077 sem-

2029 1128 2135 1183 per
2166 1129 2323 1167 sum.
2354 1113 2494 1169 Fieri
2524 1113 2815 1184 siquidem
2846 1113 2928 1168 rei
2960 1117 3170 1167 creatae
3201 1116 3320 1180 est;
3350 1113 3496 1169 Sum
3527 1127 3688 1177 vero,

2028 1201 2303 1258 increatre
2366 1206 2421 1258 et
2449 1208 2680 1258 creatas.

2099 1293 2261 1347 Vers.
2298 1293 2383 1348 59.
2426 1294 2717 1349 Tulerunt
2753 1324 2816 1333 -—
2849 1308 2997 1348 eum.
3022 1292 3268 1349 Veloces
3333 1292 3411 1348 ad
3441 1291 3685 1347 caedem.

2030 1382 2368 1454 Exasperati
2403 1389 2540 1439 sunt
2594 1383 2753 1438 enim
2802 1388 3080 1452 putantes
3127 1382 3345 1451 injuria
3409 1380 3688 1437 affectum

2029 1489 2161 1527 esse
2219 1472 2522 1529 Abraham
2576 1490 2589 1525 :
2633 1472 2808 1528 simul
2857 1473 3054 1539 etiam,
3112 1472 3213 1527 ubi
3268 1472 3690 1542 cognovissent

2028 1562 2194 1634 quod
2224 1562 2323 1618 Dei
2354 1563 2735 1617 aeternitatem
2771 1562 2882 1617 sibi
2915 1562 3259 1617 vindicaret.

2101 1653 2265 1708 Vers.
2298 1653 2387 1709 59.
2420 1654 2580 1707 Jesus
2619 1660 2813 1707 autem
2837 1648 3167 1708 occ-tiltatus
3208 1658 3309 1707 est.
3341 1652 3450 1707 Per
3479 1651 3691 1707 divini-

2030 1744 2162 1799 tatis
2188 1743 2516 1816 potentiam
2548 1742 2856 1798 invisibilis
2909 1744 2995 1799 eis
3029 1742 3294 1798 effectus.

1953 1850 1994 1904 Β
2101 1834 2265 1889 Vers.
2294 1834 2382 1888 59.
2427 1834 2504 1889 Et
2535 1864 2601 1873 —-
2651 1832 2876 1901 templo.
2937 1835 3005 1888 Ut
3060 1831 3297 1887 illorum
3332 1832 3565 1887 sedaret
3598 1830 3686 1886 fu-

2029 1938 2223 1978 rorem
2235 1963 2246 1974 .

2102 2014 2267 2069 Vers.
2294 2018 2379 2069 59.
2414 2011 2814 2069 Pm'transiens
2860 2043 2925 2053 —
2953 2012 3215 2067 illorum.
3251 2013 3392 2068 Cum
3427 2010 3506 2066 illi
3548 2026 3686 2066 eum

2028 2103 2227 2159 videre
2272 2118 2391 2158 non
2438 2107 2705 2175 possent.
2772 2104 2836 2156 Et
2877 2118 3062 2173 quare
3096 2117 3216 2156 non
3276 2101 3541 2156 dissolvit
3571 2100 3691 2155 illo-

2026 2209 2161 2247 rum
2193 2193 2491 2255 virtutem,
2526 2197 2581 2247 et
2644 2191 2958 2246 manifeste
3033 2190 3275 2246 recessit
3320 2190 3347 2244 ?
3394 2190 3537 2256 Quia
3582 2205 3691 2245 nec

2028 2282 2112 2337 sic
2161 2282 2438 2337 credituri
2512 2286 2701 2337 erant.
2780 2279 3004 2336 Etenim
3053 2286 3323 2350 tempore
3382 2280 3687 2350 passionis

2026 2373 2275 2445 supinos
2308 2372 2440 2427 illos
2470 2372 2700 2443 dejecit,
2752 2386 3082 2442 eorumque
3146 2375 3418 2440 aspectus
3475 2369 3690 2425 obscu-

2022 2464 2195 2529 ravit,
2242 2469 2297 2519 et
2344 2479 2465 2518 non
2517 2462 2914 2517 crediderunt.
2971 2463 3115 2516 Nam
3174 2460 3375 2516 anima
3427 2460 3689 2531 reproba

2025 2553 2172 2609 nihil
2201 2558 2287 2609 est
2316 2554 2490 2626 pejus
2521 2569 2532 2607 :
2567 2552 2698 2608 licet
2728 2551 2886 2607 enim
2929 2550 3103 2620 signa
3146 2550 3346 2606 videat
3384 2565 3453 2605 ac
3488 2548 3688 2620 prodi-

2024 2644 2137 2713 gia,
2170 2660 2335 2699 suam
2370 2647 2567 2699 tamen
2600 2657 2839 2713 semper
2868 2640 3080 2695 retinet
3109 2638 3576 2711 impudentiam.

2095 2734 2258 2789 Vers.
2296 2734 2363 2789 59
2406 2734 2483 2789 Et
2513 2734 2600 2790 ita
2625 2731 2987 2803 praeteribat.
3031 2729 3401 2787 Ambulabat
3434 2730 3534 2795 ita,
3566 2743 3690 2785 non

2024 2839 2318 2896 apparens
2355 2822 2490 2878 illis.

2381 2914 2532 2969 CAP.
2563 2913 2629 2967 X.
2664 2913 2742 2966 De
2770 2927 2903 2965 cruce
2934 2927 2972 2965 a
2998 2910 3326 2965 nativitate.

2094 3004 2232 3076 Cap.
2282 3003 2380 3057 IX.
2436 3003 2578 3059 Vers
2615 3007 2662 3056 l.
2714 3002 2792 3056 Et
2834 3031 2903 3040 —
2934 3000 3265 3055 nativitate.
3318 2997 3691 3054 Conﬁrman-

312 3090 439 3145 Θεὸς
487 3083 649 3153 ἔστιν,
706 3084 857 3146 εὐθὺς
886 3088 1100 3159 ἔρχεται
1148 3085 1231 3139 ἐπὶ
1287 3088 1462 3157 θαῦμα
1513 3091 1781 3159 μέγιστον,
1823 3090 1911 3136 καὶ

2040 3092 2120 3158 lo,
2170 3093 2334 3166 quod
2399 3093 2647 3155 dixerat,
2703 3091 3007 3161 ﬁdemque
3037 3088 3283 3152 faciens,
3323 3087 3487 3159 quod
3532 3087 3688 3143 Deus

311 3180 470 3242 μήπω
554 3178 718 3247 μέχρι
768 3179 882 3227 τότε
937 3180 1223 3248 γενόμενον.
1282 3174 1475 3249 Τυφλοὶ
1523 3179 1612 3249 μὲν
1665 3178 1765 3249 γὰρ
1823 3180 1911 3227 καὶ

310 3263 460 3316 ἄλλοι
518 3262 795 3334 ἀνέϐλεψαν
840 3281 851 3293 ’
894 3264 1082 3335 τυφλός
1138 3261 1196 3317 δὲ
1254 3264 1302 3317 ἐν
1350 3274 1557 3337 γενετῆς
1587 3267 1697 3335 (74)
1738 3262 1909 3327 οὐδεὶς

309 3354 445 3426 ἄχρι
466 3360 599 3409 τότε.
639 3357 726 3407 Διό
756 3358 845 3405 καὶ
871 3351 1160 3425 ἀναϐλέψας
1192 3355 1357 3427 ἔλεγεν
1409 3374 1420 3388 ⁸
1457 3355 1543 3409 Ἐκ
1574 3364 1664 3407 τοῦ
1724 3356 1912 3416 αἰῶνος

307 3443 402 3497 οὐκ
432 3445 670 3502 ἠκούσθη
696 3445 776 3496 ὃτι
823 3442 993 3507 ἤνοιξέ
1017 3464 1093 3505 τις
1132 3444 1424 3517 ὀφθαλμοὺς
1452 3445 1645 3517 τυφλοῦ
1674 3464 1910 3516 γεγεννη-

308 3536 486 3606 μένου.

384 3807 485 3856 Καὶ
542 3834 609 3844 -
660 3805 880 3875 γεννηθῇ
913 3802 1239 3878 ;”Ερωτῶσιν
1308 3804 1411 3876 οὐχ
1466 3806 1535 3866 ὡς
1584 3812 1737 3857 τοῦτο
1787 3806 1912 3857 πάν-

308 3910 406 3953 τως
462 3894 491 3951 ἣ
553 3895 712 3945 ἐκεῖνο
778 3892 1244 3965 ὑπολαμϐάνοντες,
1299 3896 1531 3969 καθάπερ
1587 3897 1636 3946 οἱ
1701 3892 1912 3952 ἀνόητοι

310 3978 564 4035 Ἰουδαῖοι
590 3997 605 4011 ‘
632 3986 689 4035 τό
719 3985 809 4052 μὶν
860 3984 961 4056 γὰρ
1021 3982 1268 4056 ἁμαρτεῖν
1319 3987 1419 4056 πρὸ
1480 3990 1571 4035 τοῦ
1601 3986 1912 4054 γεννηθῆναι

310 4068 589 4141 ἀδύνατον,
622 4075 679 4123 τό
712 4068 771 4125 δὲ
797 4073 923 4146 ὑπὲρ
955 4080 1055 4123 τῶν
1083 4077 1271 4143 γονέων
1316 4071 1633 4133 κολάξεσθαι
1685 4070 1870 4125 ἄδικον
1896 4090 1907 4103 ⁸

309 4158 416 4212 ἀλλ’
448 4163 591 4213 ἔστιν
626 4162 651 4214 ὁ
678 4165 874 4223 σκοπὸς
922 4168 1014 4214 τοῦ
1044 4161 1200 4232 λόγου
1226 4169 1479 4222 τοιοῦτος,
1536 4161 1594 4214 Ὀ
1619 4164 1708 4233 μὲν
1740 4165 1912 4236 παρά-

306 4248 459 4311 λυτος
490 4247 584 4302 διὰ
624 4253 718 4312 τὰς
763 4249 1020 4323 ἁμαρτίας
1072 4252 1233 4303 αὐτοῦ
1287 4251 1512 4319 ἠσθένει,
1572 4252 1745 4312 καθὼς
1810 4250 1914 4304 ἐκεῖ

307 4340 680 4413 μεμαθήκαμεν
732 4358 746 4373 ο
797 4344 915 4413 περὶ
965 4342 1145 4393 τούτου
1188 4336 1245 4392 δὲ
1301 4340 1412 4407 (75ὶ
1454 4344 1506 4392 τί
1558 4340 1720 4411 λέγεις
1763 4357 1777 4407 ;
1828 4345 1912 4401 Τίς

2020 3188 2178 3239 esset
2217 3183 2416 3238 statim
2491 3182 2652 3237 venit
2703 3180 2780 3235 ad
2828 3178 3185 3234 miraculum
3239 3178 3594 3242 maximum,
3629 3182 3687 3232 et

2020 3288 2210 3345 usque
2242 3272 2316 3328 ad
2348 3272 2406 3328 id
2435 3271 2719 3343 temporis
2751 3284 3067 3340 nunquam
3101 3267 3343 3323 factum.
3378 3266 3685 3339 Siquidem

2020 3366 2076 3417 et
2123 3362 2217 3417 alii
2261 3362 2401 3418 caeci
2444 3361 2638 3417 visum
2695 3363 3062 3429 receperunt,
3105 3372 3312 3411 verum
3346 3357 3446 3428 qui
3500 3373 3532 3412 a
3583 3371 3686 3412 na-

2019 3451 2241 3507 tivitate
2294 3467 2488 3507 ctecus
2541 3451 2767 3517 fuisset,
2821 3447 3019 3503 nullus
3088 3461 3277 3517 usque
3310 3445 3385 3499 ad
3432 3445 3491 3499 id
3545 3448 3689 3499 tem-

2019 3557 2153 3614 pus.
2188 3541 2326 3597 ldeo
2376 3540 2577 3605 etiam,
2637 3539 2739 3610 qui
2771 3537 2967 3592 visum
3029 3536 3096 3607 (λ)
3128 3534 3365 3606 recepit,
3400 3533 3638 3589 dicebat
3669 3533 3688 3577 τ

2020 3632 2067 3686 Α
2102 3631 2315 3685 sarculo
2354 3644 2469 3683 non
2532 3634 2611 3685 est
2654 3628 2948 3690 auditum,
3004 3624 3158 3697 quod
3209 3623 3505 3693 aperuerit
3538 3623 3689 3695 quis-

2019 3720 2181 3790 piam
2214 3720 2403 3775 oculos
2427 3719 2560 3774 caeci
2612 3718 2744 3772 nati
2792 3718 2860 3769 ⁸ο.

2094 3813 2259 3864 Vers.
2336 3813 2387 3863 2.
2446 3809 2525 3863 Et
2572 3813 2898 3863 nasceretur
2946 3805 2974 3861 7
3041 3802 3509 3873 Interrogabant.
3566 3817 3687 3857 non

2022 3899 2186 3970 quod
2238 3899 2349 3954 hoc
2381 3902 2485 3953 aut
2513 3897 2660 3952 illud
2688 3894 2936 3952 omnino
2961 3892 3427 3965 suspicarentur,
3487 3907 3689 3964 quem—

2022 3986 2353 4042 admodum
2421 3986 2769 4057 insipientes
2842 3983 3079 4048 Judaei;
3131 3998 3273 4037 nam
3336 3981 3498 4036 hunc
3555 3996 3689 4053 pec-

2023 4091 2211 4140 casse,
2285 4081 2611 4147 antequam
2670 4078 2847 4129 natus
2917 4075 3089 4135 esset,
3141 4068 3515 4140 impossibile
3564 4074 3689 4125 erat

2022 4182 2202 4238 porro
2228 4181 2334 4236 pro
2378 4164 2731 4234 parentibus
2798 4160 2996 4234 puniri
3031 4160 3318 4230 injustum
3361 4175 3375 4223 ;
3418 4159 3519 4213 sed
3552 4158 3684 4214 ﬁnis

2023 4254 2319 4310 sermonis
2373 4254 2500 4309 talis
2558 4257 2666 4309 est.
2719 4249 3084 4321 Paralyticus
3142 4247 3386 4319 quidem
3446 4251 3688 4319 propter

2021 4347 2271 4415 peccata
2309 4360 2418 4398 sua
2466 4340 2818 4410 aegrotabat,
2879 4340 3029 4394 sicut
3068 4337 3148 4393 ibi
3194 4336 3516 4392 didicimus
3555 4352 3565 4391 :
3613 4335 3685 4390 de

309 4430 556 4502 ἥμαρτεν,
614 4427 760 4489 οὗτος
798 4427 827 4486 ἦ
881 4429 928 4479 οἱ
972 4435 1140 4499 γονεῖς
1208 4427 1365 4480 αὐτοῦ
1424 4430 1616 4500 ςὴμείς
1647 4430 1747 4501 γὰρ
1797 4428 1911 4480 οὔτε

2040 4438 2390 4497 iocantem.
2461 4431 2604 4490 quid
2667 4430 2815 4485 dicis
2864 4428 2891 4483 7
2937 4430 3074 4496 Quis
3121 4428 3402 4494 peccavit,
3462 4425 3578 4489 hic,
3610 4441 3683 4481 an

306 4523 460 4569 τοῦτο
481 4519 597 4569 οὔτε
627 4514 785 4570 ἐκεῖνο
818 4511 1087 4589 δυνάμεθα
1124 4515 1306 4587 λέγειν,
1344 4517 1596 4578 παντελῶς
1627 4515 1912 4591 ἐξαπορού-

306 4624 471 4678 μενοι.

379 4792 427 4828 ⁸ο
446 4792 617 4850 Joan.
651 4809 732 4863 ιχ,
764 4793 851 4850 32.

2018 4527 2289 4591 parentes
2320 4523 2446 4591 ejus
2485 4519 2512 4574 ?
2563 4536 2673 4575 nos
2706 4519 2867 4574 enim
2896 4532 3090 4589 neque
3128 4515 3260 4578 hoc,
3316 4530 3511 4587 neque
3542 4513 3687 4570 illud

2021 4610 2214 4666 dicere
2268 4626 2612 4682 possumus,
2665 4608 2914 4664 omnino
2946 4605 3277 4663 conturbati
3309 4603 3684 4677 consilioque

2021 4699 2304 4757 destituti.

1514 4894 1738 4964 Variae
1768 4895 2098 4964 lectiones
2133 4906 2198 4965 et
2238 4903 2439 4965 notae.

374 5036 486 5108 (Ἠ)
508 5036 738 5092 Scilicet
767 5035 1201 5109 Chrysostomi,
1227 5038 1331 5109 qui
1353 5037 1637 5094 audacter
1663 5039 1744 5095 ita
1773 5054 1897 5095 cor-

302 5109 468 5164 rexit.
520 5109 661 5165 Vide
702 5113 844 5165 tom.
877 5109 1018 5175 Vlll,
1053 5124 1191 5181 pag.
1231 5113 1361 5165 324.
1404 5110 1901 5181 Chrysostomum

300 5181 569 5252 sequitur
598 5196 750 5237 unus
766 5196 838 5237 ex
855 5181 1163 5237 codicibus
1191 5181 1647 5252 Mosquensibus
1670 5183 1900 5238 N.Test.

302 5266 359 5325 ε.
382 5251 484 5324 qui
518 5257 605 5308 est
628 5268 760 5325 cum
805 5252 1069 5308 scholiis.
1112 5251 1416 5320 Origenes,
1471 5252 1574 5325 qui
1605 5259 1752 5309 tom.
1798 5256 1899 5319 XX,

301 5323 359 5378 in
383 5323 673 5379 Joannem
706 5324 835 5380 hac
864 5325 1006 5379 data
1042 5339 1225 5395 opera
1279 5323 1715 5393 interpretatur,
1740 5325 1902 5382 hunc

300 5411 541 5450 versum
600 5402 790 5451 totum
855 5396 1253 5465 praetermisit.
1302 5401 1627 5453 Πεντήκοντα
1660 5404 1903 5452 servant

299 5466 499 5538 Cyrill.
535 5473 572 5523 t.
600 5467 714 5539 lV,
749 5482 806 5537 p.
842 5468 942 5522 585
970 5468 1028 5521 C.
1066 5468 1540 5539 ;7Theophylact.
1578 5484 1635 5539 p.
1677 5469 1782 5524 690
1818 5472 1854 5524 E
1887 5485 1899 5533 ;

346 5554 555 5612 everus
594 5538 653 5594 in
685 5539 908 5595 Catena
959 5538 1240 5606 Corderii,
1283 5538 1341 5612 p.
1365 5538 1476 5595 i243
1528 5558 1542 5609 ;
1577 5538 1633 5597 et
1663 5539 1899 5596 codices

345 5610 675 5667 robatiores
705 5625 930 5666 omnes.

488 5788 597 5857 Qui
627 5788 834 5845 visum.
871 5790 1036 5846 Forte
1066 5786 1349 5863 legit,;6‘u3
1388 5788 1530 5863 καὶξὸ
1584 5789 1896 5866 ἀναϐλέψας,

2079 5042 2193 5109 (7'2)
2228 5039 2462 5095 Inclusa
2502 5038 2723 5095 absunt
2768 5039 2836 5092 Α.
2870 5039 3125 5099 Κτίστης,
3158 5032 3470 5106 quomodo
3501 5033 3681 5109 etiam

2014 5108 2356 5185 Eustathius
2392 5111 2605 5185 scribit,
2638 5110 2743 5182 qui
2802 5125 2940 5165 cum
3000 5112 3185 5185 κτίτης
3212 5108 3544 5176 comparat.
3570 5120 3680 5185 pro

2013 5184 2379 5239 substantive
2412 5180 2674 5256 accipio,
2718 5196 2857 5245 non,
2925 5185 2985 5235 ut
3035 5180 3345 5250 interpres,
3379 5191 3488 5247 pro
3517 5180 3679 5234 adie-

2013 5256 2192 5311 ctivo.

2085 5327 2196 5398 (73)
2217 5328 2300 5383 lta
2327 5325 2677 5398 plerumque
2693 5323 3157 5394 Chrysostomus
3175 5325 3430 5383 oratorie
3452 5322 3680 5388 laudat,

2010 5398 2182 5453 Joan.
2218 5415 2376 5453 xvm.
2409 5403 2460 5461 6,
2486 5402 2670 5451 ἔπεσον
2701 5400 2899 5468 χαμαί.

2081 5470 2472 5537 (74)Γεννητῆς.

2085 5541 2198 5612 (75)
2223 5545 2282 5594 Δὶ
2312 5542 2485 5598 abest
2528 5550 2594 5596 A.
