4156 6384
536 339 668 395 1307

529 559 675 613 catis
700 559 811 615 hos
868 562 1007 620 dicit
1060 582 1188 623 esse
1241 569 1565 636 immunes,
1623 573 1728 628 sed
1788 580 2088 646 quantum
2116 576 2194 631 ad

528 646 609 712 id,
644 653 709 704 ut
738 667 930 707 czecus
961 654 1145 721 ﬁeret,
1207 663 1261 714 et
1289 658 1420 715 illos
1450 665 1506 717 et
1556 661 1718 718 hunc
1778 664 1906 719 sine
1947 671 2193 736 peccato

527 751 658 792 esse
687 741 917 799 asserit.

600 828 741 884 Hinc
773 830 971 904 itaque
1002 834 1310 903 discimus,
1359 841 1525 912 quod
1559 857 1669 914 pro
1709 843 2058 915 parentibus
2087 845 2189 917 qui

523 926 923 986 peccaverunt
944 939 1062 979 non
1087 927 1417 998 puniuntur
1463 930 1589 986 ﬁlii.
1619 934 1976 1004 Quanquam
2029 935 2188 991 enim

522 1002 583 1061 in
639 1007 787 1064 libro
840 1014 1025 1068 Exodi
1070 1016 1142 1071 de
1200 1017 1319 1074 Deo
1368 1021 1658 1093 scriptum
1705 1002 1863 1079 εει-ε
1927 1025 2187 1081 Reddens

517 1106 763 1165 peccata
772 1109 1013 1169 patrum
1044 1105 1107 1160 in
1133 1108 1306 1174 ﬁlios,
1340 1110 1403 1166 in
1443 1113 1680 1169 tertiam
1709 1121 1761 1170 et
1789 1121 2067 1186 quartam
2093 1131 2186 1184 ge-

520 1188 884 1247 nerationem
917 1195 986 1263 εί,
1035 1199 1239 1253 tamen
1289 1207 1533 1274 propter
1573 1202 1734 1259 solos
1779 1204 1909 1260 illos
1958 1205 2182 1260 dictum

519 1279 626 1343 est,
673 1279 777 1349 qui
830 1281 908 1336 ab
956 1283 1235 1342 Israelitis
1285 1293 1600 1360 progeniti,
1634 1299 1831 1349 essent
1873 1293 2046 1349 idolis
2080 1295 2185 1349 im-

519 1365 819 1423 molaturi.
854 1374 1002 1428 Nam
1052 1377 1195 1447 quia
1245 1379 1456 1435 imitati
1519 1380 1760 1438 fuerunt
1816 1383 2180 1456 impietatem

517 1461 838 1526 parentum
888 1478 1158 1528 suorum,
1201 1468 1389 1538 quiin
1426 1470 1649 1541 Egypto
1705 1472 2026 1530 idololatrre
2059 1475 2184 1530 fue-

517 1550 671 1609 rant,
701 1551 911 1606 merito
951 1555 1309 1626 supplicium
1353 1559 1591 1616 illorum
1644 1563 1904 1620 reddidit
1947 1566 2071 1620 eis:
2108 1567 2182 1622 si-

516 1635 761 1706 quidem
816 1657 1074 1711 quorum
1128 1647 1383 1718 aequalia
1432 1650 1593 1705 fuere
1665 1653 1897 1720 delicta,
1959 1656 2178 1712 horum

512 1726 773 1797 aequalia
809 1746 1052 1804 quoque
1087 1742 1225 1791 sunt
1263 1739 1578 1811 supplicia.
1629 1743 2014 1801 Postmodum
2037 1763 2178 1802 vero

513 1814 703 1887 legem
735 1823 1022 1889 statuens,
1077 1825 1157 1880 ait
1219 1843 1326 1898 per
1377 1831 1572 1886 Mosen
1609 1853 1622 1889 :
1653 1834 1789 1888 Non
1845 1837 2179 1892 merientur
2220 1855 2259 1908 Β
2291 1838 2372 1885 σίν
2427 1855 2437 1866 -

509 1905 627 1971 ﬁlii
654 1922 764 1974 pro
817 1912 1114 1981 patribus,
1169 1932 1357 1988 neque
1401 1927 1603 1986 patres
1644 1939 1754 1990 pro
1816 1925 1959 1992 ﬁliis
2008 1928 2074 1978 3’.
2114 1929 2175 1982 Et

511 2010 718 2051 rursus
742 2014 842 2069 per
865 2001 1126 2058 Ezechiel
1157 2006 1338 2063 dicit:
1372 2009 1505 2074 Quae
1543 2012 1703 2067 vobis
1748 2020 1832 2069 est
1876 2016 2174 2082 parabola

511 2084 636 2141 haec
674 2085 736 2140 in
781 2095 944 2146 terra
993 2093 1202 2160 Israel,
1260 2104 1323 2152 ut
1373 2099 1606 2162 dicatis.
1661 2103 1874 2160 Patres
1923 2105 2172 2162 comede-

507 2179 652 2229 runt
683 2192 851 2232 uvam
897 2188 1194 2251 acerbam,
1247 2192 1299 2242 et
1329 2190 1530 2247 dentes
1559 2193 1818 2262 ﬁliorum
1863 2195 2172 2264 obstupue-

508 2271 693 2320 runt?
747 2269 883 2324 Vivo
909 2286 1033 2340 ego,
1060 2274 1203 2330 dicit
1237 2279 1539 2343 Dominus,
1566 2283 1618 2337 si
1641 2283 1754 2338 erit
1775 2284 2050 2353 deinceps
2068 2303 2173 2355 pa-

504 2355 719 2412 rabola
752 2357 896 2423 hcce,
926 2363 1026 2417 sed
1057 2379 1258 2422 eorum
1291 2369 1395 2438 qui
1415 2372 1774 2429 comederint
1808 2391 1981 2430 uvam
2012 2391 2172 2433 acer-

507 2441 634 2500 bam
661 2447 862 2504 dentes
886 2451 1294 2523 obstupescent
1335 2461 1402 2510 ⁸³.

575 2536 739 2592 Vers.
773 2542 825 2592 3.
857 2539 973 2595 Sed
1000 2574 1064 2582 —
1115 2543 1262 2612 ipso.
1321 2549 1515 2620 Opera
1571 2551 1666 2606 Dei
1723 2558 1899 2609 vocat
1951 2553 2171 2611 forma-

502 2626 724 2682 tionem
754 2629 1068 2688 oculorum
1095 2636 1231 2690 caeci
1253 2636 1327 2691 de
1381 2638 1642 2709 pulvere.
1699 2642 1847 2707 Quia
1897 2644 2056 2700 enim
2108 2646 2168 2700 in

503 2718 774 2774 confesso
802 2725 926 2776 erat
954 2738 1110 2793 Opus
1164 2723 1350 2783 fuisse
1410 2728 1510 2783 Dei
1569 2731 1990 2789 formationem
2036 2750 2168 2790 cor-

500 2809 664 2880 poris
697 2809 889 2866 Adam
922 2812 995 2866 de
1052 2815 1292 2884 pulvere
1325 2833 1341 2873 :
1384 2819 1480 2873 hic
1532 2820 1710 2876 etiam
1769 2823 1970 2878 oculos
2001 2825 2162 2889 caci,

503 2897 961 2969 pulcherrimam
1005 2906 1272 2976 corporis
1325 2917 1577 2979 partem,
1628 2911 1844 2967 format
1868 2913 1941 2968 de
1969 2914 2166 2984 pulve-

499 3001 606 3041 re:
641 2989 1131 3049 uthincindubie
1172 2997 1323 3051 Deus
1368 3005 1680 3070 appareat,
1743 3007 1942 3073 utpote
1991 3020 2162 3076 teque

499 3081 729 3146 potens,
761 3086 818 3134 ut
849 3081 1003 3136 Deus
1046 3102 1057 3139 :
1092 3100 1234 3140 nam
1266 3088 1367 3158 qui
1426 3089 1893 3160 pulcherrimam
1929 3100 2158 3165 partem

498 3165 578 3221 ita
607 3165 898 3238 formavit,
933 3179 1133 3243 posset
1173 3181 1228 3232 et
1260 3181 1450 3233 totum
1485 3178 1798 3236 formasse.

566 3347 681 3402 Aut
715 3363 896 3420 opera
955 3351 1053 3406 Dei
1103 3352 1244 3409 dicit
1300 3356 1593 3413 occultam
1652 3357 1978 3416 divinitatis
2035 3379 2160 3418 suae

494 3437 837 3506 potentiam,
894 3457 1026 3513 quae
1074 3446 1215 3498 tunc
1269 3445 1463 3514 magis
1502 3449 1799 3520 apparuit.
1858 3449 2009 3516 Quid
2069 3467 2163 3507 er-

493 3524 768 3597 go?nisi
825 3529 921 3585 hic
998 3531 1220 3588 damno
1295 3535 1543 3591 affectus
1602 3536 1831 3604 fuisset,
1883 3555 2000 3595 non
2058 3557 2161 3613 po-

492 3619 683 3672 terant
744 3617 914 3673 aliter
978 3620 1346 3678 manifestari
1396 3625 1493 3680 Dei
1560 3643 1743 3700 opera
1808 3627 1836 3683 Τ
1891 3629 2160 3690 Poterant

491 3705 759 3778 quidem,
795 3708 902 3763 sed
955 3725 1151 3783 neque
1205 3712 1302 3769 hic
1346 3713 1573 3771 damno
1623 3716 1871 3774 affectus
1897 3725 2003 3786 est,
2035 3721 2157 3777 imo

492 3795 690 3867 potius
720 3795 1070 3854 beneficium
1123 3803 1350 3875 accepit
1403 3820 1415 3859 :
1475 3821 1580 3877 per
1631 3808 1954 3865 caecitatem
2017 3827 2155 3866 ocu-

489 3883 688 3940 lorum
721 3888 985 3958 corporis
1019 3895 1193 3962 aptos
1224 3891 1451 3949 habens
1495 3896 1706 3951 animte
1745 3899 1970 3954 oculos.
2006 3903 2153 3957 Nam

489 3989 627 4046 quae
688 3975 919 4033 illorum
985 3985 1072 4035 est
1127 3981 1368 4051 utilitas,
1423 3985 1472 4039 si
1521 3986 1578 4041 hi
1633 3988 1818 4043 clausi
1869 3989 2154 4045 stnt?Li-

490 4063 670 4119 citum
733 4067 930 4139 itaque
979 4069 1088 4125 fuit
1145 4073 1398 4129 Creatori
1439 4091 1666 4132 caecum
1708 4077 1869 4133 hunc
1927 4095 2146 4144 creare,

488 4169 609 4210 non
637 4156 962 4227 puniendo,
1001 4160 1108 4214 sed
1156 4160 1594 4233 dispensatorio
1628 4166 1830 4234 modo,
1873 4172 1936 4223 ut
1965 4184 2150 4240 opera

487 4244 590 4300 Dei
629 4246 1176 4316 manifestarentur,
1210 4256 1266 4307 et
1293 4252 1389 4308 hic
1437 4270 1509 4309 ex
1566 4270 1635 4310 eo
1693 4261 1933 4327 apertos
1974 4257 2148 4313 habe-

486 4338 573 4390 ret
602 4335 820 4392 animte
849 4338 1072 4394 oculos.

557 4424 815 4490 Quidam
847 4443 988 4484 vero
1032 4429 1349 4488 dictionem
1389 4437 1465 4500 ut,
1518 4451 1637 4491 non
1687 4435 1988 4492 causalem
2017 4453 2144 4492 esse

483 4513 704 4581 dicunt,
727 4515 833 4571 sed
859 4518 988 4589 ejus
1032 4520 1196 4592 quod
1224 4520 1480 4579 futurum
1511 4532 1637 4581 erat
1663 4526 2143 4597 signiﬁcativam,

484 4607 630 4674 puta
660 4607 824 4676 quod
855 4623 1034 4679 opera
1075 4611 1174 4666 Dei
1219 4612 1661 4670 manifestanda
1704 4622 1871 4672 erant
1903 4617 1961 4672 in
1990 4617 2144 4690 ipso.

485 4691 552 4748 Et
598 4693 786 4750 simile
834 4713 963 4753 esse
1013 4699 1158 4766 aiut,
1211 4703 1374 4774 quod
1422 4704 1638 4760 dicitur
1694 4722 1705 4758 :
1759 4708 1826 4762 [η
1846 4708 2144 4778 judicium

481 4798 582 4853 ego
606 4783 670 4839 in
700 4787 990 4843 mundum
1040 4791 1190 4856 veni,
1224 4799 1287 4846 ut
1322 4795 1425 4864 qui
1469 4780 1587 4849 non
1635 4796 1832 4852 vident
1886 4800 2144 4867 videant,

481 4877 536 4928 et
565 4875 670 4946 qui
685 4874 882 4932 vident
917 4879 1054 4933 caeci
1079 4881 1232 4946 ﬁant
1274 4882 1317 4916 ³⁸
1355 4899 1367 4948 ;
1402 4883 1566 4938 aiunt
1595 4887 1753 4940 enim
1785 4887 2146 4957 signiﬁcare,

478 4962 646 5036 quod
675 4964 778 5036 qui
809 4981 930 5022 non
964 4966 1170 5025 vident
1198 4971 1507 5038 videbunt,
1537 4975 1704 5046 etqui
1735 4976 1932 5032 vident
1958 4994 2151 5033 excae-

548 5143 591 5178 ³¹
626 5143 808 5200 Exod.
832 5160 932 5212 xx,
1087 5149 1134 5183 ³³
1151 5147 1316 5204 Deut.
1341 5166 1480 5216 xxv,
1509 5151 1588 5207 l6.

1857 355 2206 414 EUTHYMll
2249 352 2580 416 ZIGABENI

600 467 760 524 Vers.
789 469 841 525 3.
873 473 1197 545 Respondit
1235 510 1304 520 —
1334 481 1482 549 ejus.
1520 479 1648 537 Non
1699 483 1949 539 omnino
1995 501 2030 540 a
2053 500 2197 557 pec-
2229 489 2275 542 Α

1669 5155 1714 5189 ³³
1735 5154 1937 5211 Ezech.
1954 5171 2111 5220 xvm,
2135 5159 2248 5212 2-4.

2380 485 2663 562 Ἀπεκρίθη
2698 523 2764 532 ——
2791 491 2972 546 αὗτοῦ.
3001 493 3076 546 Οὐ
3104 493 3364 559 παντελῶς
3391 494 3789 572 ἀναμαρτήτους
3823 502 3920 554 αὐ-

2304 579 2421 637 τούς
2454 597 2632 650 φησιν,
2679 578 2788 632 ἀλλ’
2835 584 2953 635 ὅσον
2985 583 3056 646 εἰς
3100 586 3157 636 τὸ
3189 584 3519 657 τυφλωθῆναι
3551 607 3752 656 τουτον,
3787 590 3917 645 ἀνα-

2303 672 2603 740 μαρτήτους
2632 668 2901 734 κάκείνους
2936 677 3025 725 καὶ
3057 682 3237 727 τοῦτον
3269 676 3405 747 (76).

2373 845 2628 901 Ἐντεῦθεν
2697 849 2873 904 λοιπὸν
2941 852 3054 925 (77)
3120 856 3442 928 μανθάνομεν

2301 932 2698 1010 ἁμαρτανόντων
2762 941 2821 992 οὐ
2880 941 3186 1003 κολάζονται
3239 942 3448 1007 παῖδες.
3508 947 3566 1000 Εἰ
3592 950 3694 1023 γὰρ
3732 954 3824 1001 καὶ
3855 949 3906 1000 ἐν

3535 859 3611 910 ὅτι
3671 865 3908 933 πατέρων

2298 1033 2359 1096 τῇ
2407 1025 2603 1100 Ἐξὸδῳ
2661 1035 2778 1102 περὶ
2828 1038 2918 1083 τοῦ
2964 1041 3096 1086 Θεοῦ
3157 1037 3446 1108 γέγραπται
3512 1038 3593 1088 ὅτι
3674 1035 3904 1091 Ἀποδι-

2298 1109 2426 1177 (iob;
2473 1115 2728 1191 ἁμαρτίας
2793 1125 3024 1194 πατέρων
3086 1121 3169 1176 ἐπὶ
3230 1128 3382 1176 τέκνα
3431 1124 3508 1177 ἐπὶ
3581 1132 3763 1199 τρίτην
3810 1133 3905 1181 καὶ

2295 1207 2544 1279 τετάρτην
2601 1211 2776 1279 γενεάν
2809 1229 2822 1240 ⁸
2857 1210 2985 1264 ἀλλὰ
3047 1208 3120 1265 δι’
3173 1211 3396 1275 ἐκείνους
3447 1221 3630 1287 μόνους
3694 1219 3903 1291 εἴρηται

2295 1298 2416 1357 τοὺς
2461 1296 2735 1368 μέλλοντας
2787 1299 2841 1351 ἐκ
2882 1309 2980 1353 τῶν
3034 1301 3376 1374 Ἰσραηλιτῶν
3424 1302 3899 1378 εἰδωλολατρῆσαι.

2296 1382 2434 1438 Ἐπεὶ
2489 1389 2587 1462 γὰρ
2634 1387 2901 1449 ἐζήλωσαν
2957 1395 3049 1449 τὴν
3091 1390 3328 1444 ἀσέϐειαν
3395 1402 3495 1446 τῶν
3545 1395 3596 1446 ἐν
3641 1395 3901 1467 Αἰγύπτῳ

2294 1471 2845 1553 εὶδωλολατρησάντων
2911 1484 3098 1551 γονέων
3192 1482 3380 1548 αὐτῶν,
3470 1481 3735 1537 ἀπέδωκεν
3806 1484 3901 1536 αὗ-

2292 1572 2402 1624 τοῖς
2454 1569 2547 1623 τὴν
2599 1572 2853 1641 τιμωρίαν
2898 1568 3099 1622 ἐκείνων
3175 1571 3404 1633 εἰκότως.
3468 1579 3566 1624 *Ων
3614 1576 3714 1646 γὰρ
3777 1576 3899 1625 ἶσαι

2293 1655 2346 1704 αὶ
2379 1653 2631 1730 ἁμαρτίαι
2687 1657 2821 1728 (⁸78),
2875 1661 3074 1720 τούτοις
3114 1663 3227 1712 ἴσαι
3280 1663 3481 1722 πάντως
3531 1667 3618 1714 καὶ
3661 1663 3715 1714 αἱ
3743 1661 3899 1714 κολά-

2293 1763 2413 1804 σεις.
2473 1744 2717 1816 Ὕστερον
2783 1749 2884 1819 γὰρ
2965 1751 3253 1821 νομοθετῶν
3305 1748 3398 1804 διὰ
3461 1754 3734 1820 Μωῦσέως,
3793 1773 3896 1824 φη-

2507 1836 2614 1888 Οὐκ

2287 1921 2410 1976 οὐδὲ
2490 1931 2699 1999 πατέρες

2709 1837 3090 1891 ἀποθανοῦνται
3169 1837 3352 1902 παῖδες
3432 1841 3558 1916 ὑπὲρ
3635 1845 3894 1915 πατέρων,

2783 1930 2908 2000 ὑπὲρ
2969 1925 3172 1980 παίδων
3259 1947 3271 1959 ·
3341 1935 3430 1982 καὶ
3497 1926 3590 1982 διὰ
3640 1931 3894 1991 Ἰεζεκιὴλ

2285 2013 2439 2070 πὴλιν
2487 2014 2659 2086 λέγει’
2715 2022 2778 2069 Τί
2827 2020 3002 2089 ὑμῖνη
3062 2018 3330 2092 παραϐολὴ
3396 2020 3554 2086 αὕτη,
3610 2019 3887 2092 λεγόντων,

2286 2091 2351 2155 bi
2373 2109 2784 2180 πατέρεςὲφαγον
2809 2112 3131 2180 ὄμφακα,καὶ
3152 2111 3201 2161 οἱ
3227 2106 3434 2170 ὀδόντες
3454 2119 3551 2162 τῶν
3579 2113 3890 2178 τέκνωνΠΟ)

2284 2190 2591 2264 (ὁμοδίασαν
2627 2213 2640 2263 ;
2673 2204 2754 2248 Ζῶ
2805 2198 2926 2269 ἐγὼ,
2959 2200 3093 2270 λέγει
3152 2202 3358 2274 Κύριος,
3402 2199 3445 2252 εἰ
3471 2201 3621 2252 ἔσται
3656 2201 3684 2258 ἡ
3721 2220 3889 2272 παρα·

2284 2282 2406 2342 ϐολὴ
2438 2287 2568 2344 αὕτη
2625 2301 2638 2316 ⁸
2677 2285 2802 2339 ἀλλὰ
2827 2298 2926 2340 τῶν
2959 2293 3223 2360 φαγόντων
3278 2292 3362 2342 τὸν
3397 2293 3606 2362 ὄμφακα
3652 2286 3885 2362 ὡμοδια·

2285 2389 2466 2426 σουσιν
2498 2378 2546 2428 οἱ
2587 2372 2809 2438 ὀδόντες.

2355 2551 2471 2606 Αλλ⁹
2526 2586 2594 2596 —-
2658 2576 2823 2629 αυτῳ.
2901 2557 3068 2630 Ἔργα
3119 2566 3208 2610 τοῦ
3260 2567 3392 2612 Θεου
3445 2558 3580 2632 λέγει
3646 2564 3739 2617 τὴν
3779 2558 3885 2612 ἀπὸ

2280 2646 2412 2712 χοὸς
2467 2644 2657 2697 πλάσιν
2712 2656 2810 2698 τῶν
2865 2647 3141 2720 ὀφθαλμῶν
3198 2656 3290 2700 τοῦ
3345 2648 3553 2720 τυφλοῦ.
3603 2651 3743 2702 Ἐπεὶ
3777 2653 3885 2723 γὰρ

2279 2733 2685 2807 ὁμολογούμενον
2730 2740 2878 2809 ἔργον
2937 2745 3071 2791 Θεοῦ
3139 2735 3198 2796 ἧν
3254 2740 3281 2796 ἡ
3342 2737 3441 2791 ἀπὸ
3499 2741 3631 2811 χοὸς
3690 2738 3884 2800 πλάσις

2276 2830 2369 2874 τοῦ
2401 2831 2635 2897 σώματος
2661 2834 2752 2878 τοῦ
2784 2823 2979 2900 Ἀδὰμ,
3037 2826 3138 2880 ἀπὸ
3196 2831 3326 2899 χοὸς
3369 2833 3458 2880 καὶ
3485 2829 3634 2889 αὐτὸς
3664 2827 3882 2882 πλάττει

2276 2916 2396 2974 τοὺς
2422 2913 2714 2987 ὀφθαλμοὺς
2770 2924 2860 2967 τοῦ
2913 2916 3124 2989 τυφλοῦ,
3177 2921 3234 2969 τὸ
3276 2917 3550 2970 κάλλιστον
3600 2920 3754 2989 μέρος
3783 2927 3878 2970 τοῦ

2277 3008 2538 3075 σώματος,
2592 3007 2674 3057 ἵνα
2713 3003 2932 3058 ἐντεῦθεν
2987 3011 3163 3079 φανείη
3223 3007 3333 3077 (80)
3413 3011 3544 3069 Θεὸς
3585 3007 3878 3080 ἀναμφιϐό-

2272 3091 2391 3161 λως,
2425 3089 2510 3145 οἷα
2563 3097 2628 3146 τὰ
2655 3097 2746 3147 ἴσα
2775 3104 2845 3167 τῷ
2879 3104 2990 3167 Θεῷ
3034 3093 3336 3169 δυνάμενος.
3389 3095 3447 3149 Ὀ
3481 3100 3582 3170 γὰρ
3641 3100 3698 3149 τὸ
3747 3096 3874 3149 κάλ-

2199 3181 2447 3263 ρλιστον
2504 3188 2658 3258 μέρος
2711 3185 2846 3237 οὕτω
2919 3186 3142 3251 πλάσας,
3199 3182 3419 3248 δυνατὸς
3473 3192 3561 3239 καὶ
3618 3190 3676 3239 τὸ
3758 3186 3873 3239 ὅλον

2271 3271 2490 3330 πλάσαι,

2342 3361 2408 3427 ’⁸1]
2442 3365 2568 3435 ξογα
2607 3372 2696 3416 τοῦ
2753 3371 2886 3417 Θεοῦ
2939 3383 3071 3437 φησι
3102 3369 3193 3422 τὴν
3249 3368 3606 3439 κεκρυμμένην
3647 3360 3872 3437 δύναμιν

2272 3459 2361 3512 τῆς
2421 3455 2663 3515 θεότητος
2710 3454 2886 3522 αὑτοῦ,
2960 3458 3074 3515 ἣτις
3137 3459 3252 3506 τοτε
3301 3454 3490 3526 μᾶλλον
3558 3453 3736 3526 ἐφάνη.
3808 3459 3873 3507 Τί

2270 3538 2397 3608 oua;
2432 3543 2473 3594 εἰ
2520 3548 2592 3614 μὴ
2627 3542 2883 3602 ἐκολάσθη
2945 3544 3114 3609 οὗτος,
3173 3543 3266 3595 οὐκ
3326 3543 3440 3601 ἐνῆν
3493 3543 3671 3619 ἑτέρως
3722 3563 3873 3616 φανε-

2269 3635 2500 3704 ρωθῆναι
2551 3636 2614 3685 τὰ
2671 3637 2794 3704 ἔργα
2845 3641 2936 3685 τοῦ
2990 3641 3122 3686 Θεοῦ
3175 3651 3187 3700 ;
3242 3635 3388 3692 Ἰἰνῆν
3441 3637 3529 3706 μὲν
3585 3637 3720 3704 (81),
3763 3633 3869 3684 ἀλλ’

2269 3719 2392 3774 οὐδὲ
2423 3723 2566 3784 οὗτος
2607 3722 2888 3791 ἐκολάσθη,
2938 3724 3127 3795 μᾶλλον
3171 3727 3260 3795 μὲν
3309 3719 3395 3774 οὖν
3435 3723 3746 3796 εὐηργετήθη
3777 3719 3870 3775 διὰ

2267 3820 2361 3872 τῆς
2392 3818 2669 3886 πηρώσεως
2700 3822 2797 3864 τῶν
2840 3819 2930 3864 τοῦ
2967 3818 3202 3884 σώματος
3233 3811 3528 3884 ὀφθαλμῶν,
3581 3811 3869 3882 ἀναϐλέψας

2265 3906 2379 3962 τοὺς
2411 3910 2505 3964 τῆς
2532 3901 2737 3973 ψυχῆς.
2776 3906 2839 3954 Τί
2859 3905 2959 3975 γὰρ
2990 3901 3164 3973 ὄφελος
3218 3899 3417 3954 ἐκείνων
3473 3903 3594 3953 ὅταν
3628 3903 3768 3954 οὗτοι
3793 3908 3863 3974 μὴ

2265 3989 2527 4063 βλέπωσιν
2560 4009 2572 4058 ;
2607 3991 2756 4053 Ἐξῆν
2791 3989 2876 4044 οὖν
2905 4001 2975 4062 τῷ
3023 3997 3218 4064 κτίστῃ
3255 3989 3438 4063 τυφλὸν
3480 3990 3635 4042 αὐτὸν
3665 3997 3860 4058 κτίσαι,

2262 4081 2318 4131 οὐ
2351 4081 2693 4144 κολαστικῶς,
2730 4079 2836 4132 ἀλλ’
2877 4081 3229 4152 οἰκονομικῶς,
3267 4081 3348 4131 ἵνα
3389 4099 3443 4132 τε
3491 4083 3556 4132 τὰ
3608 4083 3736 4154 ἔργα
3774 4093 3864 4132 του

2260 4178 2393 4222 Θεοῦ
2430 4173 2694 4244 φανερωθῇ
2735 4186 2747 4198 ⁸
2795 4175 2885 4222 καὶ
2935 4171 3092 4232 αὐτὸς
3145 4166 3370 4222 ἐντεῦθεν
3439 4168 3699 4242 ἀναϐλέψῃ
3771 4174 3863 4226 τὴν

2255 4259 2460 4333 ψυχήν.

2327 4442 2470 4502 Τινὲς
2521 4436 2580 4492 δὲ
2645 4445 2699 4491 τὸ
2757 4440 2840 4491 ἱνα
2918 4438 3011 4491 οὐκ
3085 4437 3431 4510 αἰτιολογικὸν
3485 4437 3729 4510 λέγουσιν
3791 4437 3864 4489 ἐν·

2257 4532 2447 4594 ταῡθα,
2521 4528 2648 4581 ἀλλὰ
2703 4525 2994 4586 δηλωτικὸν
3081 4536 3172 4581 τοῦ
3225 4528 3494 4602 μέλλοντος
3524 4529 3605 4580 ὅτι
3637 4546 3863 4599 φανερω-

2261 4623 2509 4680 θὴσονται
2584 4621 2650 4671 τὰ
2706 4622 2833 4693 ἔργα
2873 4626 2964 4670 τοῦ
3039 4625 3172 4671 Θεοῦ
3255 4616 3302 4670 ἐν
3371 4617 3532 4688 αὐτῷ.
3612 4623 3858 4669 Τοιοῦτον

2261 4708 2318 4763 δὲ
2367 4711 2477 4780 (82)
2523 4707 2654 4762 εἶναι
2678 4714 2850 4760 καὶτὸ
2889 4727 2901 4739 ·
2937 4708 3021 4769 Εἰς
3073 4713 3239 4782 κρίμα
3296 4706 3394 4779 ἐγὼ
3429 4707 3501 4769 εἰς
3528 4708 3612 4758 τὸν
3663 4709 3857 4776 κόσμον

2260 4807 2440 4852 τοῦτον
2523 4795 2697 4861 ἦλθον,
2799 4798 2881 4849 ἶνα
2967 4800 3016 4850 οἱ
3116 4802 3187 4870 μὴ
3269 4796 3544 4870 βλέποντες
3597 4793 3847 4868 βλέπωσι,

2260 4893 2349 4940 καὶ
2402 4889 2450 4939 οἱ
2499 4885 2774 4958 βλέποντες
2829 4886 3033 4960 [τυφλοὶ
3083 4889 3196 4957 (8.3)
3259 4891 3530 4958 γένωνται.
3582 4885 3847 4954 Σημαίνειν

2261 4980 2364 5051 γὰρ
2431 4979 2510 5029 ὅτι
2553 4979 2601 5028 οἱ
2652 4982 2722 5048 μὴ
2799 4975 3072 5050 βλέποντες
3132 4975 3414 5050 βλέψουσι,
3480 4980 3570 5028 καὶ
3627 4975 3676 5026 οἱ
3738 4969 3832 5044 βλέ

2330 5157 2376 5192 ⁸⁸
2393 5158 2564 5213 Joan.
2593 5171 2672 5223 ιι,
2697 5156 2791 5212 39.

1682 5331 1908 5400 Variae
1927 5331 2259 5402 lectiones
2290 5342 2356 5402 et
2396 5342 2599 5403 notae.

544 5518 873 5601 (7‘6)_Credo
926 5522 1271 5581 addendum
1305 5541 1439 5584 esse
1492 5526 1649 5598 λέγει,
1701 5533 1806 5584 aut
1855 5526 2132 5601 ἀποφαίνει

473 5595 577 5663 aut
591 5590 706 5663 tale
724 5594 884 5663 quid.

689 5661 1036 5737 Μανθάνωμεν
1064 5669 1128 5720 Α.

542 5731 656 5798 (78)
686 5736 890 5785 Τούτων
916 5731 975 5790 ιιῖ.

541 5801 659 5873 (79)
682 5802 766 5858 Ita
782 5805 1181 5864 etiamlaudat.
1203 5810 1500 5882 Chrysost.
1531 5817 1671 5869 tom.
1704 5814 1845 5880 Vlll,
1864 5816 2048 5888 p.327
2067 5819 2126 5872 Β.

2315 5531 2428 5603 (80)
2461 5537 2598 5603 Φανῇ
2631 5537 2669 5585 Δ
2681 5572 2695 5586 .

2338 5601 2428 5675 81)
2451 5601 2597 5662 Ἐνῆν
2628 5605 2718 5675 μὴν
2744 5601 2966 5659 absunt
2996 5604 3068 5661 Α.

2337 5671 2427 5728 82)
2449 5671 2640 5728 Τοῦτον
2669 5671 2728 5727 δέ
2761 5681 2814 5728 Β.

2336 5743 2430 5804 83)
2456 5746 2692 5804 Inclusa
2724 5743 3071 5804 exciderunt
3095 5748 3162 5802 A.
