4156 6384
273 375 414 435 1309

1295 373 1667 434 COMMENT.
1720 371 1788 430 IN
1825 369 2171 428 JOANNEM.
2213 404 2279 412 —
2318 370 2477 428 CAP.
2529 369 2621 427 IX.

3523 368 3654 426 t3i0

273 503 472 578 παντες]
538 501 1004 578 τυφλωθήσονται·
1061 502 1120 556 ού
1177 504 1276 579 γὰρ
1340 499 1435 556 διὰ
1501 509 1653 554 τοῦτο
1706 497 1876 565 ἦλθεν,

2013 497 2310 562 :abuntur,
2367 495 2664 570 siquidem
2696 510 2819 552 non
2861 501 3175 569 propterea
3215 495 3398 562 venit,
3431 502 3496 553 ut
3549 497 3650 571 qui

276 596 360 646 ἵνα
408 597 456 644 οἱ
502 592 775 665 βλέποντες
817 593 999 667 τυφλοὶ
1044 598 1312 665 γένωνται.
1367 598 1466 646 Καὶ
1507 594 1531 643 6
1584 591 1781 652 Παῦλος
1822 587 1881 642 δέ

277 703 436 757 φησιν
455 699 468 713 ·
490 689 658 756 Νόμος
682 684 1047 758 παρεισῆλθεν,
1071 685 1151 734 ἵνα
1171 682 1427 755 πλεονάσῃ
1447 684 1503 733 τὸ
1524 683 1876 754 παράπτωμα.

275 772 379 846 [ού
407 775 519 844 (8‘3)
554 777 650 847 γὰρ
699 771 792 826 6:6:
836 780 987 825 τοῦτο
1018 773 1380 847 παρεισῆλθεν,
1429 771 1535 822 ἀλλ’
1585 772 1665 823 ὅτι
1712 769 1881 842 μέλλει

277 862 560 915 πλεονάσαι
593 863 648 914 τὸ
679 861 1058 938 παράπτωμα,]
1098 867 1186 914 καὶ
1216 861 1381 914 πολλὰ
1406 867 1641 913 τοιαῦτα.
1678 857 1882 933 ἰδίωμα

275 955 378 1027 γὰρ
403 957 491 1004 καὶ
515 960 666 1005 τοῦτο
694 961 787 1015 τῆς
817 958 1043 1025 Γραφῆς.

352 1131 471 1202 Ἐμὲ
524 1162 594 1172 —
650 1150 730 1202 με.
783 1131 904 1202 Ἐμὲ
957 1127 1036 1183 δεῖ
1093 1129 1409 1201 ἐργάζεσθαι
1464 1131 1528 1182 τὰ
1581 1132 1707 1202 ἔργα
1766 1129 1880 1199 (85)

279 1222 346 1272 τὰ
376 1217 680 1272 δεικνύοντοὶ
711 1239 772 1292 με
803 1223 920 1273 Υἱὸν
953 1227 1040 1272 τοῦ
1076 1223 1298 1295 Πατρός,
1341 1225 1430 1272 καὶ
1469 1222 1583 1271 ἴσον
1627 1227 1699 1290 τῷ
1744 1227 1875 1288 Θεῷ.

277 1308 398 1382 Ἐμὲ
449 1315 559 1384 χρή
621 1318 865 1385 φανεροῦν
907 1311 1147 1380 ἐμαυτὸν9
1210 1312 1278 1371 ὡς
1330 1308 1708 1382 φιλάνθρωπον,
1777 1309 1879 1374 ἵνα,

281 1395 377 1453 διὰ
422 1407 522 1451 τῶν
574 1402 819 1452 τοιούτων
859 1403 1019 1475 ἔργων
1066 1402 1550 1474 χειραγωγούμενοι
1607 1401 1738 1472 πρὸς
1789 1402 1882 1455 τὴν

282 1489 356 1552 εἰς
384 1489 472 1562 ἐμὲ
502 1493 680 1542 πίστιν
713 1491 762 1541 οἱ
788 1491 1070 1564 ἄνθρωποι,
1114 1494 1184 1561 μὴ
1233 1487 1544 1540 ἀπόλωνται.
1581 1489 1735 1560 Ἐμοῦ
1779 1491 1880 1562 γὰρ

282 1578 771 1652 ἐνανθρωπήσαντος
803 1576 1056 1632 ἀδύνατον
1086 1580 1320 1637 σωθῆναί
1343 1597 1460 1630 τινα
1490 1577 1691 1654 ἑτέρως,
1738 1578 1780 1630 εἰ
1808 1582 1879 1650 μὴ

285 1664 379 1722 διὰ
407 1676 501 1732 τῆς
533 1668 604 1731 εἰς
635 1667 720 1742 ἐμὲ
751 1673 987 1730 πίστεως.

353 1846 486 1909 Ἐως
523 1849 694 1922 ἡμέρα
745 1847 902 1902 ἐστιν.
957 1846 1085 1908 Ἐως
1137 1849 1163 1898 6
1193 1853 1371 1921 παρὼν
1425 1846 1548 1899 αἰών
1581 1846 1741 1913 ἐστιν,
1798 1848 1887 1908 ἕως
1925 1852 1967 1907 Β

287 1938 312 1990 6
354 1936 466 2011 βίος
505 1938 652 1998 οὗτος
697 1942 1032 2007 συνέστηκεν,
1081 1938 1169 1998 ἕως
1231 1937 1398 2000 ἔξεστι
1446 1945 1550 1998 τοῖς
1601 1937 1890 2011 ἀνθρώποις

287 2026 448 2100 ἐργάζ
452 2029 621 2080 εσθαι.

358 2115 614 2190 Ἔρχεται
688 2148 758 2156 -—
842 2115 1178 2188 ἐργάζεσθαι.
1265 2116 1521 2192 Ἔρχεται
1597 2118 1622 2169 6
1699 2117 1890 2188 μέλλων

288 2206 434 2273 αἰὼν,
468 2209 550 2259 ὅτε
603 2203 776 2268 οὐδεὶς
808 2202 1028 2258 δύναται
1084 2205 1400 2278 ἐργάζεσθαι
1428 2208 1484 2258 τὸ
1515 2209 1772 2258 πιστεύειν
1827 2207 1892 2266 εἰς

289 2295 394 2368 ἐμέ.
448 2297 733 2368 Ἐργασίας
787 2297 887 2369 γὰρ
927 2297 952 2347 ὁ
1005 2299 1185 2368 παρὼν
1243 2300 1420 2369 καιρός
1454 2315 1466 2327 ο
1520 2297 1546 2346 6
1591 2292 1650 2348 δὲ
1701 2295 1892 2368 μελλων

289 2382 709 2447 ἁνταποὸόσεως.
759 2383 881 2437 Ὀτι
935 2381 995 2437 6":
1065 2383 1314 2456 ἐργασίαν
1386 2383 1607 2438 ἐνταῦθα
1658 2389 1752 2443 τὴν
1803 2393 1894 2437 τοῦ

288 2477 552 2526 πιστεύειν
579 2473 734 2546 λέγει,
771 2469 929 2532 δῆλον
957 2472 1058 2525 ἀπὸ
1085 2481 1175 2525 τού
1209 2473 1366 2526 εἰπεῖν
1399 2473 1588 2543 ὀπίσω,
1622 2475 1702 2526 ὅτι
1730 2479 1895 2527 Τούτό

288 2564 402 2617 ἐστι
426 2567 482 2616 1'6
513 2566 661 2637 ἔργον
685 2570 779 2616 τοῦ
803 2571 958 2627 Θεοῦ,
981 2565 1064 2616 ἱνα
1087 2566 1408 2622 πιστεύσητε
1435 2563 1504 2626 εἰς
1529 2564 1580 2616 ὃν
1602 2562 1895 2616 ἀπέστειλεν

290 2653 501 2716 ἐκεῖνος.

359 2744 420 2796 Ὀ
449 2747 538 2817 μὲν
579 2741 667 2796 οὖν
705 2745 933 2816 Χριστὸς
989 2744 1186 2818 ἡμέραν
1235 2745 1324 2815 μὲν
1370 2740 1578 2795 ἐκάλεσε
1630 2746 1716 2794 τὸν
1766 2761 1892 2816 παρ-

292 2838 415 2886 όντα
481 2833 645 2886 αἰῶνα
711 2829 804 2885 διὰ
866 2837 925 2884 1'6
992 2830 1230 2904 ἐνεργόν·
1301 2831 1414 2903 (86)
1475 2832 1638 2883 νύκτα
1691 2827 1750 2883 δὲ
1812 2834 1896 2883 τὸν

296 2922 545 2996 μέλλοντα
583 2919 678 2975 διὰ
714 2926 772 2975 τὸ
804 2921 986 2996 ἀεργὸν
1013 2939 1024 2950 '
1080 2923 1106 2973 6
1157 2918 1216 2974 δὲ
1260 2921 1374 2992 (87)
1421 2921 1624 2982 Παῦλος
1680 2921 1897 2973 τούναν-

293 3017 402 3065 τίον
457 3015 619 3065 νύκτα
648 3016 738 3086 μὲν
775 3016 864 3064 τὸν
906 3015 1140 3084 παρόντα
1187 3011 1349 3063 αἰῶνα
1404 3007 1494 3062 διὰ
1556 3015 1648 3068 τὴν
1700 3010 1897 3068 πλάνην

291 3106 383 3154 καὶ
435 3106 528 3160 τὴν
567 3103 780 3172 ἄγνοιαν
828 3105 916 3153 καὶ
973 3105 1030 3152 τὸ
1082 3106 1268 3162 σκότος
1315 3108 1412 3152 τῶν
1463 3101 1661 3165 παθῶν,
1700 3101 1896 3172 ἡμέραν

1991 588 2196 643 vident
2233 587 2370 642 circi
2399 586 2563 642 ﬁant.
2600 588 2886 643 Praeterea
2923 593 2976 642 et
3035 587 3248 642 Paulus
3301 587 3444 643 dicit
3485 606 3496 646 :
3532 589 3654 642 Lex

1986 677 2382 741 subintroivit,
2410 684 2470 731 ut
2495 676 2818 732 abundaret
2840 678 3118 732 delictum
3137 677 3185 712 ⁸⁵
3210 694 3223 743 ;
3259 691 3455 749 neque
3487 677 3645 732 enim

1989 772 2230 838 prOpter
2253 766 2367 821 hoc
2401 765 2796 834 subintroivit,
2833 767 2936 821 sed
2961 765 3219 839 aitquod
3259 765 3646 822 subsecutum

1989 862 2096 921 est,
2125 865 2188 910 ut
2224 856 2543 912 abundaret
2583 855 2878 923 delictum,
2935 861 2991 912 et
3039 855 3228 911 multa
3278 856 3648 927 hujusmodi.

1992 944 2297 1017 Siquidem
2321 949 2377 1000 et
2397 945 2511 1000 hoc
2536 944 2854 1016 Scriptura;
2880 945 3229 1011 idiomaest,
3247 944 3653 1018 loquendique

1986 1035 2339 1105 proprietas.

2063 1124 2222 1178 Vers.
2279 1125 2330 1178 4.
2368 1123 2462 1180 He
2503 1154 2571 1163 —
2620 1139 2730 1180 me.
2766 1124 2855 1179 Me
2904 1129 3138 1197 oportet
3161 1125 3396 1198 operari
3446 1139 3649 1196 opera,

1990 1227 2118 1283 quae
2151 1229 2248 1267 me
2281 1213 2459 1268 Patris
2485 1229 2619 1269 esse
2651 1212 2861 1269 Filium
2899 1214 3219 1270 ostendant
3258 1219 3314 1269 et
3358 1214 3653 1287 aequalem

1992 1304 2133 1368 Deo;
2159 1319 2252 1357 me
2271 1308 2504 1374 oportet
2527 1303 2910 1359 manifestare
2935 1305 3434 1376 meipsum,quod
3464 1304 3654 1360 homi-

1993 1407 2136 1447 num
2157 1392 2268 1447 sim
2297 1400 2550 1457 amator,
2585 1393 2934 1449 uthomines
2959 1409 3063 1464 per
3083 1393 3435 1465 hujusmodi
3469 1410 3654 1465 opera

1992 1481 2068 1536 ad
2099 1481 2305 1548 ﬁdem,
2341 1498 2468 1553 quae
2512 1483 2572 1538 in
2623 1498 2717 1538 me
2748 1486 2855 1548 est,
2908 1483 3158 1549 attracti,
3203 1499 3323 1538 non
3383 1488 3654 1555 pereant.

1993 1571 2494 1643 Quandoquidem
2515 1572 2673 1626 enim
2692 1588 2931 1628 carnem
2952 1573 3268 1644 assumpsi,
3283 1571 3656 1645 impossibile

1993 1664 2082 1715 est
2111 1676 2215 1715 eos
2247 1660 2414 1716 aliter
2453 1660 2653 1717 salvos
2693 1661 2833 1724 ﬁeri,
2880 1661 2992 1717 nisi
3023 1677 3132 1734 per
3160 1661 3366 1728 ﬁdem,
3408 1664 3551 1734 quia
3595 1661 3654 1716 in

1995 1766 2091 1805 me
2117 1749 2376 1806 credent.

2069 1840 2230 1894 Vers.
2277 1844 2327 1896 4.
2381 1841 2572 1897 Donec
2609 1842 2728 1896 dies
2770 1849 2872 1897 est.
2937 1843 3129 1896 Donec
3180 1856 3437 1912 praesens
3481 1840 3656 1896 durat

2002 1929 2520 1996 saeculum,donec
2560 1933 2678 1986 vita
2703 1931 2826 1986 haec
2872 1930 3360 1997 consistit,donec
3397 1930 3657 1985 homini-

2003 2019 2115 2074 bus
2147 2024 2381 2091 operari
2409 2020 2773 2076 conceditur.

2073 2111 2231 2164 Vers.
2264 2113 2316 2164 4.
2349 2111 2507 2165 Venit
2531 2141 2599 2151 —
2633 2112 2882 2182 cperari.
2912 2110 3081 2165 Venit
3115 2109 3380 2166 futurum
3410 2109 3661 2164 retribu-

2004 2197 2177 2254 tionis
2217 2200 2526 2254 saaculum.
2589 2200 2759 2266 Quod
2806 2203 3008 2255 autem
3049 2201 3458 2271 operationem
3499 2199 3660 2254 dicat

2004 2287 2120 2351 hic,
2153 2304 2275 2359 qua
2306 2289 2364 2343 in
2415 2289 2611 2361 ipsum
2666 2289 3020 2354 crederetur,
3054 2305 3124 2344 ex
3175 2305 3246 2344 eo
3278 2288 3656 2344 manifestum

2005 2383 2094 2432 est
2117 2379 2279 2449 quod
2319 2381 2596 2450 superius
2612 2379 2814 2434 dixerit
2851 2396 2863 2434 :
2893 2379 3014 2436 Hoc
3046 2386 3275 2450 estapus
3299 2379 3422 2443 Dei,
3452 2384 3516 2433 ul
3538 2393 3660 2434 cre-

2004 2466 2150 2523 datis
2187 2468 2249 2523 in
2273 2483 2398 2524 eum
2429 2483 2590 2541 quem
2612 2469 2714 2525 ille
2735 2469 2889 2524 misit
2922 2470 2990 2522 ⁸⁸.

2077 2735 2341 2790 Christus
2357 2751 2621 2810 namque
2639 2752 2899 2808 praesens
2915 2734 3203 2791 saeculum
3224 2734 3452 2791 vocavit
3477 2734 3634 2790 diem
3647 2779 3661 2802 ,

2007 2840 2077 2881 eo
2100 2826 2262 2897 quod
2304 2827 2639 2898 operationi
2681 2831 2890 2898 aptum
2923 2831 3012 2882 est
3052 2845 3063 2884 :
3093 2825 3356 2880 futurum
3391 2839 3532 2880 vero
3564 2840 3664 2881 no-

2008 2919 2182 2977 ctem,
2210 2915 2354 2986 quia
2381 2916 2438 2970 in
2480 2931 2552 2970 eo
2591 2931 2710 2971 non
2753 2916 2893 2970 fient
2929 2931 3131 2987 opera.
3195 2913 3415 2968 Paulus
3460 2917 3662 2968 autem

2007 3019 2037 3058 e
2070 3003 2304 3058 diverso
2348 3011 2584 3060 noctem
2628 3005 2774 3060 dixit
2819 3019 3078 3076 praesens
3110 3002 3394 3058 saeculum
3427 3006 3664 3073 propter

2007 3109 2267 3149 errorem
2314 3101 2368 3149 et
2399 3094 2799 3165 ignorantiam
2843 3111 2913 3148 ac
2953 3093 3224 3148 tenebras
3264 3090 3665 3164 perturbatio-

295 3189 354 3244 δὲ
384 3194 472 3244 τὸν
499 3191 748 3264 μέλλοντα
779 3188 874 3243 διὰ
902 3193 960 3242 τὸ
980 3187 1146 3262 μηδὲν
1174 3193 1314 3262 ἔχειν
1343 3192 1538 3241 τούτων
1566 3207 1577 3218 ·
1603 3195 1733 3261 φησὶ
1753 3192 1854 3264 γὰρ
1878 3204 1892 3218 ’

2013 3199 2151 3238 nium
2186 3183 2408 3250 animi;
2451 3183 2611 3240 diem
2655 3200 2807 3253 vero,
2861 3182 3148 3248 futurum,
3182 3198 3252 3237 eo
3300 3181 3462 3253 quod
3517 3179 3662 3235 nihil

291 3282 349 3334 Ἠ
377 3281 471 3344 νὺξ
499 3280 805 3356 προέκοψεν,
838 3281 868 3338 ἡ
901 3276 959 3333 δὲ
986 3283 1156 3356 ἡμέρα
1184 3283 1421 3352 ἤγγικεν.

363 3457 524 3512 Ὀταν
587 3490 654 3499 -
708 3461 932 3531 κόσμου.
990 3462 1090 3510 Καὶ
1149 3460 1260 3530 χρὴ
1317 3459 1431 3516 τοὺς
1497 3458 1896 3526 ἱσκοτισμένονς

292 3549 610 3621 φωτίζεσθαι
661 3545 756 3601 διὰ
796 3551 1037 3611 πίστεως,
1089 3550 1187 3618 πρὸ
1216 3553 1306 3598 τοῦ
1354 3544 1642 3618 μεταϐῆναί
1690 3565 1752 3617 με
1796 3543 1896 3597 ἀπὸ

293 3646 386 3691 τοῦ
421 3643 642 3710 κόσμοῦ.
677 3642 776 3690 Καὶ
821 3635 868 3688 ἐν
916 3644 988 3706 τῷ
1036 3632 1482 3707 πεντεκαιδεκάτῳ
1533 3631 1592 3687 δὲ
1638 3634 1897 3706 κεφαλαίῳ

291 3728 608 3800 πλατύτερον
637 3731 756 3802 περὶ
785 3728 971 3778 τούτου
997 3724 1150 3797 λέγει.
1206 3729 1270 3778 Ti
1327 3722 1452 3790 οὖν;
1506 3723 1553 3776 ἐν
1596 3732 1665 3795 τῷ
1698 3724 1896 3797 ούρανῲ

292 3817 360 3868 ὧν
391 3817 484 3868 οὐκ
514 3820 627 3868 ἔστι
672 3824 773 3888 φῶς
812 3823 903 3867 τοῦ
934 3820 1174 3886 κόσμους
1223 3813 1404 3868 Ἔστιν
1430 3831 1442 3843 ·
1479 3813 1607 3865 ἀλλὰ
1648 3821 1735 3864 νῦν
1779 3819 1897 3886 περὶ

290 3915 386 3968 τῆς
426 3906 472 3958 ἓν
517 3914 578 3978 τῇ
616 3905 729 3978 (88)
778 3912 842 3976 γῇ
896 3901 1176 3976 διατριϐῆς
1218 3904 1378 3956 αὑτοῦ
1428 3923 1606 3975 φησιν,
1665 3901 1774 3974 ἅμα
1807 3906 1896 3974 μὲν

291 3998 695 4070 προτρεπόμενος
748 3992 822 4054 εἰς
894 3996 1074 4044 πίστιν
1149 3989 1260 4062 ἅμα
1313 3987 1372 4043 δὲ
1423 3994 1509 4042 τὸν
1562 3991 1682 4043 ὅσον
1753 3993 1896 4042 οὔπω

295 4085 512 4136 θάνατον
544 4082 701 4135 αὐτοῦ
729 4077 1070 4154 παραδηλῶν.

362 4179 542 4225 Ταῦτα
598 4171 751 4224 εἰπὼν
806 4201 877 4211 -
931 4169 1144 4242 τυφλοῦ.
1205 4173 1354 4221 Διατί
1419 4171 1491 4241 μὴ
1544 4175 1676 4240 χοῦν
1742 4172 1895 4241 μόνον

290 4261 460 4314 λακὼν
513 4260 792 4334 ἔπέχρίσε;
848 4264 991 4313 Διὸτι
1063 4261 1088 4310 6
1137 4266 1272 4332 χοῦς
1329 4259 1448 4311 ἄνευ
1521 4259 1684 4331 ὑγροῦ
1757 4277 1897 4319 τινος

292 4351 386 4404 ούκ
414 4351 734 4424 ἐπιχρίεται.
778 4354 880 4403 Καὶ
906 4346 1056 4403 διατί
1085 4349 1190 4421 οὐχ
1220 4345 1398 4420 ὕδατι,
1449 4346 1577 4399 ἀλλὰ
1623 4349 1897 4420 πτύσματι

290 4440 454 4500 πηλὸν
483 4439 761 4508 incinctis;
803 4439 912 4493 Ἰνα
935 4447 1006 4510 τῷ
1061 4441 1331 4512 πτύσματι
1379 4436 1636 4513 ἐπιγραφῇ
1695 4439 1810 4509 (89)
1837 4441 1895 4490 τὸ

292 4533 487 4605 ϐαΰμα.

366 4625 464 4674 Καὶ
525 4653 596 4662 -
648 4619 873 4692 Σιλωάμ.
933 4617 1213 4690 Νίψασθαι
1269 4620 1359 4690 μὲν
1415 4615 1629 4685 κελεύει,
1691 4611 1897 4677 δεικνὺς

289 4713 370 4764 ὃτι
409 4711 468 4764 ού
511 4715 697 4785 χρείαν
739 4706 851 4782 εἶχε
905 4715 997 4760 τοῦ
1054 4712 1217 4779 χοός⁸
1275 4706 1382 4758 ἀλλ’
1428 4705 1696 4779 ἐχρήσατο
1726 4707 1894 4776 τούτῳ

289 4804 421 4875 πρὸς
444 4803 502 4853 τὸ
543 4796 764 4862 διδάξαι
793 4803 964 4871 μόνον,
1013 4801 1094 4849 ὄτι
1126 4796 1282 4858 αὐτὸς
1325 4795 1466 4848 ἐστιν
1497 4796 1522 4847 6
1575 4794 1690 4846 κατ’
1724 4792 1896 4867 ἀρχὰς

292 4891 345 4945 ἐκ
374 4894 508 4964 χοὸς
534 4890 735 4950 πλάσας
767 4891 822 4941 τὸ
875 4897 1028 4961 σῶμα
1072 4894 1164 4938 τοῦ
1210 4883 1405 4958 Ἀδάμ.
1457 4883 1789 4939 Ἀποστέλλει
1835 4879 1894 4935 δὲ

291 4982 445 5035 αὐτὸν
501 4981 572 5044 εἰς
623 4984 717 5038 τὴν
763 4976 1131 5052 κολυμϐήθραν
1184 4983 1274 5028 τοῦ
1324 4975 1530 5049 Σιλωὰμ
1581 4973 1757 5050 πόῥρω
1810 4969 1893 5025 οὖα

293 5090 410 5139 σαν,
468 5071 551 5122 ἶνα
597 5076 726 5142 φανῇ
783 5070 813 5127 ἠ
868 5071 1046 5128 πίστις
1097 5069 1187 5117 καὶ
1240 5065 1498 5118 εὐπείθεια
1544 5072 1636 5116 τού
1676 5062 1890 5134 τυφλοῦ.

293 5156 436 5214 Οὐδὲ
463 5162 565 5234 γὰρ
615 5157 818 5230 ὑποψία
859 5177 934 5219 τις
986 5153 1068 5224 ἦν,
1127 5156 1206 5207 ὅτι
1259 5157 1288 5214 ἡ
1352 5152 1693 5228 κολυμϐήθρα
1739 5154 1890 5227 θερα-

365 5336 412 5374 θδ
445 5341 612 5397 Rom.
641 5353 698 5406 v,
731 5338 821 5394 20.
897 5338 945 5373 ⁸⁸
979 5339 1148 5393 Joan.
1180 5349 1261 5401 V1,
1293 5338 1382 5390 29.

1461 5335 1508 5368 ⁸⁷
1541 5336 1710 5390 Rom.
1739 5348 1857 5402 xm,
1898 5335 1980 5387 ιε.

2007 3273 2221 3328 horum
2252 3274 2509 3330 habebit.
2543 3274 2805 3329 Aitenim
2841 3290 2852 3328 :
2894 3274 3035 3330 Non:
3067 3271 3380 3344 pr'wcessit,
3413 3271 3537 3327 dies
3559 3285 3663 3326 au-

2009 3368 2121 3419 tem
2149 3364 2637 3436 opprOpinquavit
2665 3364 2732 3417 ³⁷.

2078 3452 2239 3507 Vers.
2270 3455 2324 3508 5.
2362 3453 2644 3520 Quandiu
2669 3485 2737 3492 —
2763 3453 2982 3507 mundi.
3027 3451 3090 3506 Et.
3121 3466 3243 3514 eos,
3289 3449 3392 3522 qui
3423 3448 3664 3505 obtene-

2007 3539 2160 3596 brati
2182 3546 2338 3610 sunt,
2359 3547 2588 3613 oportet
2611 3540 2931 3596 illuminari
2971 3555 3076 3611 per
3089 3538 3290 3602 fidem,
3311 3538 3663 3610 priusquam

2009 3647 2044 3683 a
2076 3631 2305 3686 mundo
2344 3637 2668 3686 transeam.
2704 3630 2948 3685 Decimo
2992 3629 3194 3700 quinto
3244 3634 3440 3684 autem
3474 3626 3662 3697 capite

2009 3719 2183 3774 latius
2214 3722 2283 3775 de
2317 3721 2428 3776 hoc
2456 3721 2736 3792 loquitur.
2774 3719 2926 3786 Quid
2944 3734 3106 3788 ergo,
3128 3735 3263 3773 cum
3291 3716 3350 3771 in
3378 3716 3528 3772 cwlo
3555 3719 3661 3778 est,

2009 3826 2126 3865 non
2151 3818 2238 3865 est
2255 3811 2352 3866 lux
2375 3811 2581 3866 mundi
2602 3809 2630 3864 Ῡ
2653 3812 2749 3865 Est
2767 3811 2992 3882 utique,
3019 3809 3122 3863 sed
3142 3823 3302 3863 nunc
3322 3807 3395 3861 de
3418 3820 3662 3861 conver-

2007 3899 2236 3954 satione
2268 3900 2452 3954 suain
2479 3904 2634 3955 terra
2665 3899 2826 3966 dicit,
2855 3897 3030 3952 simul
3059 3902 3115 3952 et
3137 3897 3213 3952 ad
3236 3896 3421 3951 ﬁdem
3450 3895 3666 3950 adhor~

2011 3995 2161 4058 tans,
2179 3996 2236 4044 et
2252 3989 2658 4062 propinquam
2677 4004 2805 4044 esse
2833 3992 3084 4043 mortem
3103 4002 3277 4042 suam
3293 3984 3661 4056 signiﬁcans.

2077 4169 2236 4222 Vers.
2264 4168 2318 4222 6.
2364 4167 2465 4222 His
2505 4166 2681 4223 dictis
2707 4164 2942 4222 —caaci.
2984 4165 3190 4230 Quaere
3228 4161 3422 4217 solum
3462 4160 3664 4234 pulve-

2004 4272 2130 4312 rem
2175 4262 2474 4328 sumptum
2504 4271 2624 4312 non
2656 4253 2838 4310 illevit
2865 4255 2894 4310 ‘I
2925 4253 3072 4318 Quia
3111 4251 3275 4307 solus
3319 4249 3512 4323 pulvis
3539 4250 3664 4305 sine

2006 4345 2208 4418 aliquo
2252 4347 2504 4401 humore
2553 4359 2672 4400 non
2704 4342 2923 4398 linitur.
2976 4344 3043 4398 Et
3074 4357 3260 4414 quam
3292 4341 3365 4396 ob
3413 4355 3662 4395 causam

2007 4441 2183 4507 sputo
2205 4441 2262 4490 et
2287 4451 2408 4491 non
2429 4451 2589 4507 aqua
2623 4433 2815 4489 lutum
2844 4431 2979 4488 fecit
3000 4433 3027 4488 ?
3060 4433 3128 4486 Ut
3166 4435 3340 4503 sputo
3367 4427 3666 4486 adscribe-

2006 4530 2167 4581 retur
2196 4524 2576 4580 miraculum.

2081 4615 2238 4670 Vers.
2294 4615 2348 4668 7.
2407 4612 2765 4669 Et—siloe.
2823 4610 3031 4666 Lavari
3076 4609 3270 4683 jubet,
3339 4608 3666 4664 ostendens

2005 4705 2167 4776 quod
2191 4703 2355 4760 nulla
2387 4702 2460 4757 sit
2491 4701 2751 4774 pulveris
2773 4701 3099 4756 necessitas
3133 4717 3145 4754 :
3182 4699 3289 4755 sed
3315 4715 3386 4754 eo
3412 4715 3554 4753 usus
3574 4701 3666 4753 est

2005 4796 2222 4858 solum,
2253 4799 2317 4849 ut
2359 4792 2634 4848 ostendat
2665 4807 2725 4846 se
2767 4805 2913 4855 esse,
2971 4790 3071 4862 qui
3119 4790 3192 4844 ab
3231 4788 3397 4844 initio
3446 4801 3666 4858 corpus

2004 4885 2195 4939 Adam
2228 4883 2302 4939 de
2370 4882 2608 4954 pulvere
2639 4880 2936 4936 formavit.
2981 4879 3147 4935 Mittit
3175 4884 3375 4934 autem
3418 4894 3554 4932 eum
3587 4876 3664 4931 ad

2005 4973 2300 5046 piscinam
2338 4972 2510 5038 Siloe,
2546 4987 2679 5044 quae
2711 4969 2885 5039 longe
2911 4967 3191 5032 distabat,
3237 4971 3297 5022 ut
3353 4970 3667 5038 appareret

2002 5061 2152 5116 ﬁdes
2182 5077 2252 5116 ac
2284 5055 3108 5133 prompta-caeciobedientia;
3135 5069 3326 5125 neque
3348 5053 3506 5109 enim
3544 5051 3664 5109 ulla

2005 5155 2131 5207 erat
2167 5149 2534 5224 apparentia,
2559 5147 2724 5222 quod
2741 5144 2973 5219 piscina
3000 5144 3167 5200 illum
3190 5147 3659 5200 essetcuratura.

1364 5541 1587 5612 Varia
1634 5538 1964 5608 lectiones
2000 5547 2065 5606 et
2093 5541 2298 5605 notae.

359 5690 471 5760 (84)
509 5687 745 5746 Inclusa
770 5686 1213 5760 exciderunta.

363 5757 478 5833 (85')
518 5768 622 5815 Τοῦ
646 5759 947 5833 πέμψαντός
985 5776 1046 5831 με
1077 5757 1242 5814 addit
1272 5758 1341 5815 Α.

365 5765 457 5831 (85
518 5768 622 5815 Τοῦ
646 5765 864 5833 πέμψαν

365 5765 479 5906 (86)
517 5837 587 5886 Τὸ
619 5834 771 5906 ἔργον
802 5837 864 5888 Α.

2102 5751 2191 5826 88)
2216 5759 2293 5826 Τῇ
2328 5751 2492 5808 abest
2521 5755 2587 5806 A.

2099 5681 2192 5738 87)
2217 5681 2309 5733 Διά
2328 5682 2423 5738 τὴν
2456 5673 2828 5731 ἀνταπόδοσιν.
2860 5674 2918 5726 Ὀ
2947 5670 3005 5726 δὲ
3035 5678 3098 5731 Α.

2099 5681 2166 5736 87
2217 5681 2309 5733 Διά
2328 5682 2423 5738 τὴν
2456 5681 2592 5731 ἁντατ

2074 5681 2192 5899 ἓθδ)
2328 5751 2492 5808 abest
2521 5755 2587 5806 A.

2101 5825 2168 5881 89
2233 5831 2503 5897 Επιτραφῇ
2538 5827 2592 5876 Β.
