4156 6392
489 344 619 400 1311

494 584 591 618 σου
620 568 760 628 τινὸς
783 566 895 637 (90)
918 565 1239 638 ἀπαλλαγήν.

562 655 726 710 Vers.
760 658 811 709 7.
834 656 1002 723 Quod
1030 687 1089 697 —
1120 658 1349 711 missus.
1381 657 1552 723 Quod
1592 656 1960 713 vocabulum
1987 658 2145 714 Siloe
2176 658 2221 711 A

490 744 780 811 videlicet,
799 746 961 817 quod
977 751 1063 802 est
1078 747 1439 811 Hebraicum,
1464 748 1954 819 interpretatione
1974 752 2148 803 sonat

491 835 735 889 missus:
768 835 916 901 ideo,
952 840 1015 889 ut
1034 837 1267 907 opinor,
1289 837 1450 909 quod
1470 844 1608 892 tunc
1635 854 1825 892 ctecus
1850 836 1948 893 illo
1976 836 2149 892 fuerit

491 922 712 978 missus
741 924 1182 995 ;praesignabat
1199 941 1463 998 namque
1484 926 1727 998 piscinae
1751 925 2148 999 appellatioid

487 1012 654 1084 quod
683 1013 941 1068 futurum
976 1019 1120 1070 erat.

562 1102 723 1157 Vers.
751 1103 804 1157 7.
828 1104 1074 1159 Abiit'—
1097 1105 1321 1161 videns.
1350 1104 1503 1161 Abiit
1524 1105 1667 1161 nihil
1704 1104 2011 1172 haesitans,
2043 1104 2149 1161 sed

491 1191 799 1248 confestim
874 1193 1183 1249 obediens.
1241 1195 1419 1266 Atqui
1476 1195 1877 1251 verisimiliter
1952 1196 2149 1251 dicere

490 1285 719 1353 poterat
749 1282 933 1348 :Quid
968 1283 1080 1339 hoc
1102 1284 1217 1340 sibi
1238 1284 1356 1340 vult
1381 1284 1408 1339 ?
1440 1300 1559 1340 non
1584 1285 1774 1357 potuit
1800 1302 1894 1340 me
1916 1286 2149 1341 curare?

487 1386 635 1427 num
687 1369 957 1428 fortassis
1000 1373 1193 1429 illudit
1223 1390 1339 1441 me,
1387 1375 1721 1447 frustraque
1756 1375 1971 1430 mittit?
2002 1391 2145 1430 nam

488 1460 825 1533 frequenter
855 1461 935 1517 ibi
982 1462 1157 1527 lotus,
1192 1463 1335 1519 nihil
1370 1464 1573 1535 accepi
1605 1464 1891 1520 utilitatis.
1928 1467 2069 1520 Item
2094 1471 2149 1520 et

492 1550 659 1606 aliter
691 1567 702 1604 :
752 1550 807 1607 Si
838 1551 1104 1608 futurum
1158 1558 1265 1622 est,
1301 1558 1362 1609 ut
1409 1554 1601 1609 lutum
1652 1570 1745 1609 me
1775 1558 1964 1624 sanet,
2002 1555 2145 1626 quid

491 1655 643 1711 opus
684 1644 790 1706 est,
816 1644 879 1695 ut
902 1642 960 1697 in
993 1644 1147 1698 dicta
1173 1643 1403 1714 piscina
1439 1643 1601 1698 laver
1630 1642 1658 1699 ?
1687 1643 1735 1697 si
1768 1659 1908 1698 vero
1934 1643 2033 1698 illa
2060 1660 2148 1699 me

492 1733 770 1784 curatura
801 1735 909 1795 est,
942 1748 1078 1803 quae
1119 1730 1224 1789 fuit
1254 1732 1359 1787 luti
1408 1733 1732 1787 necessitas
1763 1734 1790 1787 ?
1831 1732 1946 1789 Sed
2003 1731 2149 1788 nihil

488 1816 831 1889 hujusmodi
857 1826 960 1876 aut
988 1821 1154 1889 dixit,
1182 1827 1285 1877 aut
1315 1822 1595 1892 cogitavit
1628 1838 1639 1877 :
1670 1822 1774 1878 sed
1800 1822 2149 1894 simpliciter

488 1908 757 1973 credens,
772 1910 937 1981 quod
952 1926 1021 1966 ea
1038 1927 1168 1983 quas
1182 1911 1259 1966 ad
1279 1912 1531 1967 salutem
1548 1928 1720 1968 suam
1738 1913 2145 1979 convenirent,

1844 347 2191 404 EU'I‘HYMII
2239 348 2577 408 ZIGABENI

490 475 671 527 πεύσει
731 473 904 529 αὐτόν.
974 475 1178 529 Πολλῶν
1261 477 1359 551 γὰρ
1422 476 1754 535 καθεκάστην
1843 474 1948 530 ἐκεῖ
2004 480 2094 530 καὶ
2183 480 2496 550 νιπτομένων

3728 354 3867 410 1312

2590 478 2679 530 καὶ
2758 477 3064 552 λουομένων,
3158 474 3331 542 οὐδεὶς
3402 480 3517 555 εὖρέ
3603 500 3727 535 ποτε
3786 485 3869 535 νο-

2326 656 2391 709 ”Ο
2452 689 2520 697 -
2568 656 2966 731 ἀπεσταλμένος.
3037 658 3200 734 Ὀπερ
3280 664 3461 733 ὄνομα,
3532 664 3590 714 τὸ
3660 660 3869 731 Σιλωὰμ

2258 744 2519 809 δηλονότι,
2578 747 2848 821 Ἐϐραίκὸν
2924 753 2997 815 ὅν,
3057 749 3388 824 ἑρμηνεύεται
3461 749 3866 822 ἀπεσταλμένος.

2258 834 2423 909 Οἶμαι
2453 834 2547 890 διὰ
2589 841 2675 890 τὸν
2721 837 3102 911 ἀπεσταλμένον
3136 839 3242 892 ἐκεῖ
3291 845 3406 892 τότε
3453 841 3662 911 τυφλόν.
3707 848 3870 915 Προε-

2259 924 2421 985 δήλου
2451 929 2552 1001 γὰρ
2589 930 2618 987 ἡ
2653 936 2749 990 τῆς
2772 928 3139 1003 κολυμϐήθρας
3164 929 3351 992 κλῆσις
3376 934 3433 982 τὸ
3460 930 3659 1003 μέλλον.

2328 1105 2581 1165 Ἀπῆλθεν
2664 1138 2728 1147 -—
2792 1106 3014 1179 βλέπων.
3101 1107 3327 1168 Ἀπῆλθε
3413 1129 3485 1182 μη
3574 1107 3873 1183 διακριθεὶς

2257 1194 2380 1255 ὅλως
2428 1194 2538 1247 ἀλλ’
2585 1196 2765 1257 εὐθέως
2818 1198 3146 1267 ὑπακούσας,
3194 1204 3367 1251 καίτοι
3396 1199 3535 1263 εἰκὸς
3585 1197 3642 1259 ἦν
3685 1200 3870 1269 εἰπεῖν,

2255 1290 2319 1337 Τί
2346 1292 2500 1338 τούτο
2552 1284 2821 1358 βούλεται,
2862 1288 2955 1340 οὐκ
3014 1285 3245 1347 ἠδύνατο
3304 1289 3453 1350 αὐτὸς
3507 1292 3867 1365 θεραπεῦσαις

2257 1380 2458 1445 μήποτε
2540 1375 2708 1447 πλανᾷ
2782 1396 2846 1449 με
2906 1383 2996 1430 καὶ
3080 1381 3250 1450 μάτην
3319 1382 3544 1451 πέμπεν
3624 1379 3872 1441 πολλάκις

2256 1467 2357 1538 γὰρ
2400 1464 2502 1517 ἐκεῖ
2543 1465 2817 1538 νιψάμενος
2861 1463 3013 1519 οὐδὲν
3060 1465 3366 1540 ἀπωνάμην.
3418 1473 3519 1522 Καὶ
3555 1468 3738 1543 ἑτέρως
3785 1464 3869 1533 δὲ,

2258 1554 2317 1607 Εἰ
2362 1556 2386 1605 ὁ
2442 1554 2599 1616 πηλὸς
2650 1558 2974 1628 θεραπεύσει,
3022 1562 3104 1618 τίς
3155 1560 3183 1616 ἡ
3250 1562 3410 1630 χρεία
3465 1566 3556 1610 τοῦ
3607 1558 3874 1629 νίψασθαι

2259 1644 2331 1706 εἰς
2379 1648 2472 1702 τήν
2522 1645 2793 1719 εἰρημένην
2851 1645 3345 1721 κολυμϐήθραν;Εἰ
3390 1644 3449 1700 δὲ
3498 1646 3663 1706 ἐκείνη
3722 1649 3874 1722 θερα-

2261 1736 2458 1799 πεύσει,
2503 1740 2581 1797 τίς
2612 1736 2641 1793 ἡ
2686 1740 2846 1806 χρεία
2888 1744 2980 1787 τοῦ
3011 1736 3216 1802 animi;
3263 1736 3397 1790 Ἀλλ’
3434 1733 3584 1790 οὐδὲν
3632 1744 3871 1790 τοιοῦτον

2258 1826 2287 1883 ἡ
2347 1821 2480 1877 εἶπεν
2541 1825 2568 1883 ἡ
2626 1823 2931 1896 ἐλογίσατο·
2993 1826 3161 1887 ἁπλῶς
3194 1822 3253 1879 δὲ
3306 1830 3617 1895 πιστεύσας,
3669 1828 3752 1880 ὅτι
3806 1830 3873 1879 τὰ

2260 1915 2388 1985 πρὸς
2444 1916 2586 1965 ἴασιν
2658 1914 2818 1966 αὑτοῦ
2884 1919 2974 1967 καὶ
3053 1921 3299 1975 πεποίηκε
3372 1920 3458 1969 καὶ
3529 1916 3869 1989 προσέταξεν,

488 2000 545 2052 et
582 1997 814 2055 fecisset
865 2003 919 2055 et
954 2000 1245 2071 jussisset,
1297 2001 1559 2057 obedivit
1610 2006 1666 2057 et
1708 2001 1873 2067 abiit,
1935 2008 1988 2057 et
2045 2018 2150 2074 per

2263 2000 2475 2060 ἐπείσθη
2531 2008 2620 2055 καὶ
2676 2003 2894 2069 ἀπῆλθε,
2950 2009 3038 2057 καὶ
3090 2014 3184 2065 τῆς
3239 2008 3491 2068 τοιαύτης
3527 2010 3756 2067 πίστεως
3812 2004 3872 2058 οὐ

493 2085 670 2142 talem
700 2086 883 2143 ﬁdem
917 2106 1038 2145 non
1092 2095 1180 2146 est
1231 2107 1343 2147 sua
1376 2107 1482 2162 spe
1520 2091 1859 2147 frustratus.

563 2176 726 2231 Vers.
760 2176 813 2231 8.
859 2180 1055 2235 Vicini
1098 2180 1317 2253 itaque.
1367 2180 1528 2236 Vers.
1572 2182 1660 2235 11.
1694 2181 1879 2237 visum
1929 2182 2141 2250 recepi.

490 2265 640 2330 Quid
671 2267 807 2321 ais?
835 2269 1021 2323 Homo
1051 2269 1186 2325 talia
1207 2269 1397 2325 facere
1416 2275 1603 2342 potest
1628 2270 1656 2325 ?
1687 2270 1959 2325 nondum
1992 2271 2152 2327 enim

489 2359 896 2425 cognoscebat
936 2375 1073 2415 eum
1111 2360 1290 2415 etiam
1310 2377 1443 2416 esse
1477 2364 1683 2416 Deum.
1724 2361 1851 2415 Non
1891 2360 2156 2417 dixitau-

488 2448 606 2500 tem
632 2461 643 2497 :
673 2444 982 2518 Exspuitin
1013 2454 1249 2513 terram,
1274 2465 1417 2505 nam
1446 2454 1584 2505 tunc
1611 2465 1731 2505 non
1755 2449 2003 2516 viderat;
2028 2451 2152 2515 sed,

488 2535 706 2591 Lutum
743 2537 889 2606 fecit
921 2543 974 2593 et
1003 2539 1243 2595 inunxit
1270 2541 1471 2595 oculos
1512 2555 1707 2605 meos;
1741 2539 1856 2595 hoc
1888 2555 2153 2612 namque

492 2629 764 2681 senserat
802 2642 871 2682 ac
901 2642 1077 2683 sensu
1111 2632 1304 2683 tactus
1338 2635 1721 2699 cognoverat.

561 2715 674 2769 Sed
708 2716 867 2772 unde
906 2717 1132 2785 didicit,
1157 2718 1315 2790 quod
1338 2720 1506 2774 Iesus
1537 2718 1832 2775 diceretur
1860 2718 1888 2773 ‘i
1912 2720 2155 2775 Interro-

490 2804 654 2873 gavit
685 2805 893 2876 procul
941 2806 1126 2863 dubio
1165 2823 1268 2863 eos
1298 2808 1400 2878 qui
1430 2813 1567 2863 tunc
1598 2813 1925 2880 prasentes
1955 2813 2148 2865 erant.

492 2894 821 2950 Verisimile
842 2896 1000 2951 enim
1023 2902 1133 2959 est,
1154 2897 1315 2969 quod
1346 2899 1525 2953 etiam
1555 2897 1721 2969 prius
1742 2898 1815 2954 de
1841 2899 2147 2954 miraculis

502 2981 657 3037 illius
685 2985 938 3040 audierit
971 3002 984 3053 ;
1018 2986 1151 3042 ideo
1175 2986 1352 3043 etiam
1386 2987 1795 3043 incunctanter
1826 2988 1904 3043 illi
1934 2987 2149 3060 paruit,

486 3069 573 3129 iut
602 3072 825 3129 dictum
855 3077 957 3128 est.

564 3162 726 3218 Vers.
762 3164 849 3217 12.
901 3164 1197 3220 Dixerunt
1258 3195 1323 3206 —
1376 3164 1528 3221 ille?
1575 3166 1727 3219 Nam
1770 3166 2157 3237 requirebant

489 3252 662 3319 llum,
679 3254 779 3325 qui
797 3253 1098 3309 insaniam
1124 3254 1397 3325 ipsorum
1419 3254 1766 3323 aufugerat;
1794 3258 2043 3329 etquasi
2067 3258 2154 3331 (ιι)

490 3341 685 3397 solum
713 3341 769 3396 id
805 3342 1132 3408 audissent,
1166 3344 1526 3412 investigant
1560 3360 1721 3399 eum.

560 3430 726 3488 Vers.
762 3432 846 3487 12.
875 3432 997 3496 Ait,
1023 3433 1246 3489 Nescio.
1277 3433 1424 3489 Nam
1455 3450 1589 3489 cum
1611 3434 1961 3501 inunxisset,
1995 3441 2052 3493 et
2074 3437 2152 3493 ad

487 3521 781 3594 piscinam
850 3521 1012 3577 abire
1088 3523 1381 3594 jussisset.
1434 3523 1720 3580 continuo
1790 3524 2153 3583 discesserat

490 3610 729 3679 fugiens
746 3610 1027 3683 plausum
1059 3611 1133 3666 de
1164 3612 1475 3667 miraculo.

562 3701 725 3755 Vers.
761 3701 849 3756 13.
898 3701 1232 3756 Adducunt
1279 3732 1347 3741 —-
1385 3702 1547 3756 Vers.
1597 3704 1683 3758 14.
1720 3705 1944 3760 oculos.
2001 3704 2151 3760 Cum

492 3788 660 3845 illum
686 3804 807 3844 non
840 3789 1192 3857 invenirent,
1234 3791 1395 3847 hunc
1436 3791 1747 3849 adducunt
1793 3798 1853 3849 ut
1882 3793 2151 3850 demons-

494 3882 649 3933 trent
677 3879 841 3951 quod
866 3879 1195 3937 Sabbatum
1220 3880 1478 3937 solverit.

568 3967 731 4024 Vers.
758 3970 844 4024 15.
878 3971 1137 4026 Rursum
1168 4003 1225 4011 -
1256 3971 1446 4029 video.
1474 3972 2147 4043 Noninterrogaverunt,

499 4057 813 4123 Quomodo
844 4060 1038 4115 visum
1088 4062 1385 4133 recepisti,
1441 4062 1543 4117 sed
1574 4064 1867 4131 Quomodo
1913 4064 2151 4133 aperuit

497 4148 698 4204 oculos
720 4154 850 4204 tuos
870 4150 897 4204 ?
925 4149 1133 4205 dantes
1154 4151 1531 4207 occasionem
1565 4151 1981 4208 calumniandi
2010 4169 2147 4208 eum

496 4236 571 4292 de
615 4253 790 4309 opere
816 4239 1112 4311 prohibito
1153 4240 1375 4297 scilicet
1413 4242 1468 4297 in
1505 4241 1773 4297 Sabbato
1806 4259 1817 4296 :
1853 4243 1978 4314 ipse
2014 4258 2152 4297 vero

493 4327 672 4399 quasi
698 4328 776 4383 ad
803 4344 906 4383 eos
938 4328 1216 4402 loquens,
1238 4330 1341 4402 qui
1365 4330 1494 4403 jam
1529 4331 1904 4397 audiverant,
1934 4347 2155 4387 sermo-

489 4431 630 4472 nem
668 4416 990 4473 abbreviat.

562 4506 725 4561 Vers.
768 4507 854 4562 16.
882 4507 1165 4564 Dicebant
1196 4540 1262 4549 —
1288 4509 1579 4566 observat.
1600 4540 1669 4551 -
1694 4511 1817 4567 Non
1845 4516 1928 4567 est
1951 4526 1987 4567 a
2009 4514 2143 4578 Deo,

490 4594 710 4650 missus
738 4595 1031 4659 videlicet,
1063 4597 1174 4661 vel,
1200 4600 1325 4654 Non
1365 4604 1452 4653 est
1484 4615 1555 4655 ex
1588 4599 1729 4656 Deo.

563 4686 720 4739 Vers.
754 4686 842 4741 16.
888 4686 1013 4741 Alii
1039 4718 1104 4727 —
1143 4703 1254 4744 eos.
1289 4690 1435 4744 Nam
1485 4689 1583 4760 qui
1608 4704 1680 4744 ex
1714 4691 1830 4744 Deo
1870 4705 1990 4744 non
2035 4694 2141 4755 est,

490 4788 562 4830 ex
599 4773 844 4831 diabolo
875 4779 980 4841 est,
1017 4780 1073 4831 et
1110 4778 1356 4833 omnino
1396 4783 1672 4850 peccator
1708 4784 1815 4833 est.
1844 4778 2143 4834 Dissensio

2264 2088 2570 2165 διήμαρτεν.

2336 2184 2401 2232 Οἱ
2450 2178 2537 2233 οὖν
2593 2186 2816 2253 γείτονες
2880 2213 2947 2223 -
3001 2181 3272 2254 ἀνέϐλεψα.
3350 2188 3412 2236 Τί
3485 2182 3687 2254 λέγεις;
3749 2181 3873 2235 "Av-

2267 2274 2465 2345 Θρωπος
2508 2280 2726 2324 τοιαῦτα
2774 2269 3035 2340 duum-au;
3089 2276 3247 2325 Οὔπω
3300 2276 3402 2345 γὰρ
3449 2272 3719 2345 ἐγίνωσκπ
3774 2272 3876 2324 αύ-

2265 2364 2351 2412 τόν
2376 2366 2465 2413 καὶ
2496 2366 2642 2415 Θεόν.
2693 2361 2803 2413 Ούκ
2848 2358 2955 2415 εἷπε
3016 2359 3092 2429 δὲ,
3150 2364 3229 2414 ὅτι
3256 2362 3487 2415 "Em-ua":
3529 2367 3727 2434 χαμαὶ,
3764 2362 3875 2433 οὐχ

2266 2450 2399 2523 ἐώρα
2426 2454 2527 2525 γὰρ
2553 2456 2685 2517 τότε,
2729 2450 2859 2517 ἀλλ’,
2893 2452 2972 2503 ὅτι
3006 2451 3172 2510 Πηλὸν
3226 2451 3460 2519 ἐποίησε,
3500 2456 3591 2502 καὶ
3621 2450 3875 2526 ἑπέχρισέ

2265 2560 2365 2612 μου
2390 2545 2505 2602 τοὺς
2532 2540 2846 2613 ὀφθαλμούς.
2880 2540 3108 2615 ’ᾙσθετο
3129 2543 3230 2615 γὰρ
3254 2546 3343 2594 καὶ
3369 2544 3498 2613 ἔγνω
3520 2548 3672 2594 τοῦτο
3702 2540 3758 2594 ἐκ
3779 2550 3873 2602 τῆς

2267 2630 2419 2702 ἁφῆς.

2338 2719 2499 2773 Ἀλλὰ
2550 2721 2706 2773 πόθεν
2755 2722 2938 2792 ἔμαθεν
2995 2722 3075 2772 ὅτι
3132 2719 3340 2782 Ἰησοῦς
3394 2720 3667 2791 λέγεταιγ
3704 2719 3870 2795 Ἠρώ-

2266 2828 2393 2867 τησε
2422 2814 2538 2862 τότε
2566 2810 2679 2881 (91)
2729 2812 2933 2871 πάντως
2976 2813 3098 2871 τοὺς
3139 2814 3419 2883 παρόντας.
3452 2808 3603 2871 Εἰκὸς
3632 2811 3734 2881 γὰρ
3778 2814 3872 2862 καὶ

2266 2902 2511 2971 πρότερον
2574 2896 2779 2950 ἀκούειν
2845 2901 2963 2971 περὶ
3028 2905 3128 2949 τῶν
3180 2899 3455 2971 θαυμάτων
3528 2896 3708 2950 αὐτοῦ.
3778 2901 3869 2949 Διὸ

2267 2992 2357 3039 καὶ
2390 2985 2700 3061 ἀπεριέργως
2730 2989 3026 3046 ὑπήκουσεν
3060 2987 3242 3052 αὐτοῦ,
3276 2989 3447 3051 καθὼς
3475 2990 3700 3063 εἴρηται.

2973 3166 3222 3227 Ἐζήτουν
3279 3167 3380 3238 γὰρ
3441 3164 3614 3236 αὐτὸν,
3675 3160 3869 3236 διαφυ-

2263 3258 2425 3324 γόντα
2472 3258 2565 3313 τήν
2609 3261 2797 3327 μανίαν
2861 3255 3050 3323 αὐτῶν,
3115 3260 3204 3307 καὶ
3276 3258 3340 3316 ὡς
3404 3259 3557 3327 μόνον
3610 3258 3865 3321 ἤκουσαν,

2338 3161 2492 3219 Εἶπον
2554 3197 2615 3205 —-
2673 3164 2892 3234 ἐκεῖνος;

2267 3343 2641 3416 ἰχνηλατούσιν
2664 3345 2837 3399 αὐτόν.

2340 3438 2488 3505 Λέγει
2523 3452 2532 3462 ·
2566 3435 2676 3487 Οὐκ
2716 3432 2857 3489 οῖδα.
2906 3435 3226 3509 Ἐπιχρίσας
3252 3436 3353 3509 γὰρ
3392 3439 3481 3487 καὶ
3523 3432 3869 3505 ἐντειλάμενος

2264 3522 2496 3576 ἀπελθεῖν
2554 3523 2624 3585 εἰς
2676 3529 2770 3582 τήν
2829 3523 3217 3597 κολυμϐήθραν,
3275 3522 3607 3597 ἀνεχώρησεν
3677 3522 3869 3574 αὐτίκα

2263 3616 2460 3686 φεύγων
2485 3615 2569 3664 τὸν
2595 3612 2695 3665 ἀπὸ
2732 3620 2822 3665 τοῦ
2851 3615 3115 3685 θαύματος
3142 3618 3345 3687 κρότον.

2330 3702 2586 3774 Ἄγουσιν
2658 3733 2725 3742 -
2810 3703 3128 3775 ὀφθαλμούς,
3201 3708 3285 3761 Μή
3361 3704 3589 3777 εὑρόντες
3656 3700 3864 3767 ἐκεῖνον,

2261 3793 2453 3862 ἁγουσι
2521 3800 2700 3844 τοῦτον
2764 3792 2833 3855 εἰς
2887 3790 3155 3855 ἀπόδειξιν
3200 3802 3293 3854 τῆς
3341 3792 3533 3853 λύσεως
3588 3800 3678 3845 τοῦ
3734 3791 3867 3844 Σαϐ-

2264 3881 2441 3935 ϐάτου.

2337 3971 2495 4024 Πάλιν
2526 4003 2577 4011 -
2614 3970 2808 4044 βλέπω.
2858 3971 2969 4022 Οὐκ
2996 3971 3295 4043 ἠρώτησαν,
3332 3978 3448 4032 Πῶς
3495 3972 3607 4042 (92)
3665 3970 3864 4023 ἀνέϐλε-

2262 4061 2387 4131 ψας,
2450 4060 2595 4125 ἀλλὰ,
2655 4068 2770 4121 Πῶς
2832 4059 3015 4132 ἀνέῳξέ
3069 4080 3162 4112 σου
3219 4064 3342 4122 τοὺς
3394 4060 3725 4133 ὀφθαλμούς;
3788 4056 3867 4111 di-

2265 4147 2436 4210 δόντες
2491 4149 2731 4226 ἀφορμήν
2804 4157 2894 4201 τοῦ
2949 4145 3215 4202 διαϐαλεῖν
3265 4150 3420 4201 αύτὸν
3490 4150 3575 4202 ἐπὶ
3647 4148 3869 4221 ἐργασίᾳ

2263 4239 2586 4313 κεκωλυμένη
2648 4237 2803 4298 δῆθεν
2860 4242 2908 4292 ἓν
2962 4247 3035 4311 τῷ
3088 4237 3354 4311 Σαϐϐάτῳ.
3388 4238 3446 4291 Ὀ
3492 4236 3570 4305 δε,
3631 4242 3700 4300 ὡς
3739 4243 3869 4312 πρὸς

2266 4329 2559 4404 ἀκηκρὸτας
2600 4325 2706 4388 ἤδη
2760 4332 2825 4381 τὰ
2862 4327 2976 4381 κατ’
3035 4329 3191 4381 αὐτὸν
3245 4328 3427 4400 λέγων,
3477 4327 3732 4400 ἐπιτέμνει
3780 4332 3866 4379 τὸν

2262 4420 2432 4491 λόγον.

2326 4509 2533 4581 Ἔλεγον
2573 4541 2636 4549 -
2675 4515 2840 4584 τηρεῖ.
2879 4509 2987 4562 Οὐκ
3025 4510 3138 4561 ἔστί
3169 4510 3314 4582 παρὰ
3340 4516 3495 4576 Θεοῦ,
3545 4506 3866 4580 ἀπεσταλμέ-
3898 4546 3907 4555 .

2255 4619 2337 4661 νος
2366 4595 2630 4668 δηλονότι,
2653 4599 2683 4659 ἢ
2714 4599 2803 4651 οὐκ
2836 4601 2975 4652 ἔστιν
3015 4597 3070 4650 ἐκ
3102 4602 3249 4654 Θεοῦ.

2326 4688 2505 4742 Ἀλλοι
2549 4720 2612 4729 -
2646 4689 2843 4750 αὐτοῖς.
2899 4688 2957 4740 Ὀ
2987 4690 3088 4761 γὰρ
3145 4692 3216 4759 μή
3274 4688 3341 4740 ὧν
3391 4686 3446 4740 ἐκ
3478 4696 3570 4740 τοῦ
3628 4694 3759 4741 Θεοῦ
3808 4685 3863 4738 ἐκ

2254 4786 2345 4831 τοῦ
2401 4775 2650 4831 διαϐόλου
2715 4782 2848 4844 ἐστὶ,
2921 4782 3012 4830 καὶ
3070 4779 3275 4841 πάντως
3348 4776 3647 4853 ἁμαρτωλός
3722 4773 3853 4827 ἐστι.

1739 4983 1965 5051 Variae
1995 4983 2327 5052 lectiones
2363 4994 2427 5051 et
2469 4993 2671 5051 notae.

560 5176 675 5247 (90)
705 5182 850 5238 Τιδός
891 5182 953 5232 Α.

561 5249 675 5317 (91)
718 5255 848 5302 Ποτέ
879 5254 943 5303 Α.

556 5321 673 5391 (92)
711 5322 1188 5392 Chrysostomus,
1240 5330 1301 5377 ut
1347 5323 1513 5389 solet,
1570 5340 1813 5379 versum
1870 5325 1933 5378 t5
1978 5332 2032 5379 et
2080 5326 2148 5379 26

489 5392 775 5465 confudit.
815 5395 949 5465 Vide
983 5398 1127 5449 tom.
1185 5395 1319 5459 VIII,
1353 5412 1414 5463 p.
1452 5399 1555 5450 334
1601 5399 1664 5449 Α.
1702 5399 1862 5451 Hunc
1894 5412 2036 5465 ergo
2064 5414 2151 5451 se—

488 5463 700 5538 quitur_
716 5464 1061 5536 Euthymius
1080 5475 1135 5520 et
1156 5466 1657 5538 Theopbylactus.
1690 5471 1867 5523 etiam
1898 5463 2152 5523 ininter-

489 5535 821 5605 pretatione
865 5535 925 5606 p.
980 5538 1082 5591 697
1144 5539 1201 5593 C.
1265 5535 1483 5593 Similis
1527 5539 1793 5594 confusio
1853 5545 1941 5595 est
1995 5540 2151 5595 infra

490 5620 632 5668 xvu,
673 5611 726 5669 7,
759 5606 811 5670 8,
848 5614 901 5662 et
930 5608 987 5662 in
1021 5608 1161 5663 locis
1190 5615 1428 5665 centum
1471 5609 1617 5665 aliis.
1661 5610 1774 5667 Sed
1803 5610 1988 5667 altero
2022 5611 2148 5667 loco

566 5778 651 5850 (u)
683 5779 757 5834 Et
790 5784 978 5851 quasi,
1013 5786 1124 5841 etc.
1153 5787 1216 5839 Et
1246 5790 1309 5842 ut
1338 5786 1517 5844 modo
1555 5787 1924 5847 audiverant.

2258 5180 2495 5238 codices
2526 5181 2705 5237 etiam
2736 5180 2904 5251 ﬁngit
2931 5185 2988 5237 et
3008 5179 3255 5237 confuse
3278 5194 3381 5235 eos
3410 5178 3637 5235 laudat.
3670 5173 3868 5251 Multos

2260 5254 2389 5319 ties,
2424 5269 2561 5308 cum
2590 5250 2959 5325 interpretes,
2981 5254 3288 5323 Origenes,
3317 5250 3783 5325 Cbrysostomus
3813 5250 3873 5301 et

2261 5317 2627 5390 aliidicunt,
2677 5317 3056 5394 Evangelista
3087 5317 3192 5379 aut
3220 5317 3529 5395 apostolus
3584 5336 3705 5395 non
3737 5317 3867 5395 (ioc,

2260 5398 2363 5452 sed
2390 5397 2551 5473 iitud
2583 5389 2739 5473 dixit
2764 5416 2780 5473 _:
2811 5389 2939 5473 non
2974 5395 3151 5473 illud,
3189 5389 3297 5449 sed
3343 5394 3461 5473 hoc;
3484 5389 3869 5473 probandum

2262 5475 2368 5523 est.
2428 5469 2492 5523 Id
2534 5470 2712 5523 etiam
2763 5468 2878 5523 hoc
2926 5467 3059 5524 loco
3111 5468 3377 5522 fecerunt
3424 5465 3781 5536 Euthymius
3815 5466 3872 5536 et

2260 5540 2760 5611 Tbeopbylactus.
2813 5542 3066 5610 Uterque
3105 5537 3263 5594 enim
3305 5537 3367 5593 in
3414 5532 3695 5593 contextu
3730 5532 3875 5588 Vul-

2261 5610 2465 5681 gatam
2507 5610 2702 5667 Servat
2727 5610 3066 5667 lectionem.
