4156 6384
288 362 421 429 1313

1312 354 1690 423 COMMENT.
1740 351 1808 419 ΙΝ
1848 352 2197 420 JoANNu’M.
2244 395 2302 404 —
2350 358 2510 421 CAP.
2562 364 2663 424 lx.

3523 365 3662 428 1314

283 502 499 571 Σχίσμα
518 499 607 569 μεν
624 495 711 550 οὖν
736 501 821 549 καὶ
843 500 958 549 τότε
986 497 1338 569 καὶπρότερον
1360 490 1573 564 ἐγένετο·
1604 491 1715 544 Οὐκ
1732 489 1886 550 ἦλθον

2029 496 2198 563 taque
2237 495 2292 546 et
2343 496 2480 547 tunc
2512 496 2567 548 et
2593 492 2756 564 prius
2797 491 2949 549 facta
2988 497 3077 551 est
3126 509 3138 562 ;
3172 496 3492 569 siquidem,
3524 501 3659 559 Non

281 590 403 661 γὰρ,
436 592 587 659 φησὶ,
622 584 798 660 βαλεῖν
825 586 1030 659 εἰρήνην
1063 583 1145 637 ἐπὶ
1170 588 1261 641 τήν
1282 590 1402 654 γῆν,
1434 581 1560 633 ἀλλὰ
1590 584 1883 655 μάχαιραν·

283 676 389 728 ἀλλ’
421 676 515 728 οῦκ
545 675 795 749 ἐπέμεινεν
828 676 963 747 (93).
1006 673 1308 731 Ἠνώθησαν
1337 674 1439 743 γὰρ
1480 668 1644 738 αὖθις,
1696 671 1889 723 ἐπικει-

284 770 445 838 μένων
475 774 577 818 τῶν
609 765 901 840 ἀρχόντων.

354 859 586 926 Λέγουσι
612 887 679 895 -
710 855 1038 928 ὀφθαλμούς
1084 858 1311 924 Λέγουσι
1338 858 1490 904 τοῦτο
1522 851 1626 923 οὐχ
1657 853 1705 903 οἱ
1727 851 1892 903 εἰπόν-

283 964 382 1009 τες,
423 946 504 997 ὅτι
535 945 644 997 Οὐκ
675 947 788 997 ἔστι
840 947 978 1018 παρὰ
1015 949 1163 1009 Θεοῦ,
1217 942 1322 994 ἀλλ’
1369 943 1417 993 οἱ
1464 943 1770 1013 σχισθέντες
1803 939 1889 993 ἀπ’

285 1035 474 1090 αὐτῶν.
524 1033 634 1088 Ἵνα
695 1038 797 1108 γὰρ
854 1040 923 1107 μή
987 1031 1184 1097 δόξωσι
1229 1039 1533 1105 συνηγορεῖν
1574 1031 1734 1102 αὐτῷ,
1805 1034 1891 1082 τὸν

283 1124 509 1178 λαϐόντα
553 1133 733 1198 πεῖραν
772 1132 864 1187 τῆς
914 1120 1178 1196 δυνάμεως
1223 1122 1377 1174 αὐτοῦ
1409 1128 1671 1174 ποιοῦνται
1709 1125 1891 1193 κριτήν

284 1223 377 1278 τῆς
406 1213 732 1289 ἀμφιϐολίας.

357 1394 416 1447 Ὀ
470 1426 536 1435 -
608 1393 741 1449 ἔστί.
792 1398 1070 1469 Προφήτας
1119 1392 1330 1445 ἐκάλουν
1387 1395 1508 1453 τοὺς
1577 1393 1743 1453 θείους
1809 1392 1893 1443 οἶν-

288 1481 442 1557 δρας.
476 1483 757 1558 Ἀντικρυς
804 1480 891 1536 οὖν
922 1503 1079 1556 φησιν
1129 1484 1209 1534 ὅτι
1253 1486 1395 1554 παρά
1444 1488 1577 1535 Θεοῦ
1632 1480 1763 1548 ἐστι,
1805 1486 1894 1533 καὶ

287 1574 383 1626 οῦκ
449 1573 676 1647 ἐφοϐήθη
728 1576 814 1626 τὸν
866 1576 1025 1647 θυμόν
1073 1580 1171 1624 τῶν
1222 1571 1470 1643 λεγόντων
1521 1573 1600 1623 ὅτι
1639 1572 1732 1622 οὐκ
1782 1574 1895 1622 ἔστι

286 1666 431 1736 παρὰ
482 1670 634 1717 Θεοῦ.
690 1661 899 1738 Στεῤῥός
940 1664 1042 1736 γὰρ
1092 1658 1152 1720 ἦν
1200 1666 1289 1713 καὶ
1343 1660 1625 1733 φιλαλήθης
1674 1665 1761 1713 καὶ
1813 1659 1896 1712 εῦ-

285 1758 505 1825 γνώμων
518 1797 531 1810 ,

2005 580 2154 643 vem',
2189 578 2403 651 inquit,
2454 587 2514 635 ut
2543 582 2778 637 mittam
2815 598 3021 651 pacem
3050 584 3114 640 in
3147 592 3393 657 terram,
3417 590 3514 646 sed
3532 593 3662 661 gla-

2000 668 2159 723 dium
2175 668 2365 724 “.Sed
2378 684 2498 724 non
2518 674 3186 741 persevcravit.Rursum
3201 677 3350 731 enim
3367 678 3511 735 uniti
3526 684 3663 737 sunt

2003 756 2358 813 instantibus
2385 757 2690 814 Pharisaeis
2722 761 2812 833 (ι).

2072 846 2233 901 Vers.
2266 848 2357 903 17.
2411 848 2599 904 Aiunt
2633 880 2703 891 —
2759 852 3000 908 oculos?
3040 856 3156 909 Hoc
3185 856 3349 911 aiunt
3391 872 3510 913 non
3557 858 3659 925 illi,

2002 935 2106 1006 qui
2137 935 2430 1003 dixerant,
2473 937 2603 993 Non
2645 946 2725 994 est
2752 955 2790 995 α
2827 942 2960 1010 Deo,
2990 943 3094 997 sed
3133 943 3237 1015 qui
3265 944 3342 1000 ab
3370 944 3461 1000 his
3492 946 3664 1002 divisi

2002 1030 2209 1091 erant;
2250 1042 2323 1081 ne
2354 1027 2513 1082 enim
2542 1027 2621 1082 illi
2650 1030 3008 1100 patrocinari
3031 1033 3539 1102 viderentur,eum
3559 1036 3663 1109 qui

2005 1113 2235 1171 virtutis
2261 1118 2385 1186 ejus
2427 1117 2898 1187 experimentum
2932 1127 3291 1194 sumpserat,
3346 1125 3665 1183 constituat

2003 1206 2414 1276 ambiguitatis
2446 1206 2734 1278 judicem.

2082 1386 2239 1441 Vers.
2267 1389 2355 1443 17.
2390 1386 2464 1442 At
2494 1420 2563 1428 —
2592 1394 2693 1445 est.
2739 1389 3064 1460 Prophetas
3095 1391 3391 1450 vocabant
3430 1393 3665 1452 divinos

2005 1474 2177 1530 viros.
2210 1478 2424 1547 Aperte
2450 1495 2592 1549 ergo
2614 1479 2755 1535 dicit
2786 1481 2950 1552 quod
2977 1498 3012 1536 a
3032 1483 3146 1537 Deo
3163 1488 3339 1548 esset,
3375 1500 3482 1540 nec
3514 1486 3666 1542 iram

2007 1566 2196 1621 timuit
2232 1567 2558 1623 dicentium
2598 1569 2763 1641 quod
2796 1586 2916 1625 non
2957 1576 3113 1628 esset
3168 1588 3205 1628 a
3261 1576 3400 1629 Deo.
3434 1574 3667 1630 Firmus

2008 1654 2166 1709 enim
2202 1660 2348 1721 erat,
2377 1664 2431 1712 et
2463 1657 2720 1714 veritatis
2752 1664 2985 1716 amator
3004 1676 3075 1716 ac
3101 1677 3313 1734 aequus
3337 1662 3433 1736 (φη)
3460 1663 3665 1721 homo.

364 1841 475 1893 Οὐκ
515 1872 581 1881 -
615 1839 902 1912 ἀνέϐλεψεν.
937 1843 1002 1893 Oi
1033 1840 1272 1906 εἰπόντες,
1320 1840 1400 1891 ὅτι
1449 1839 1559 1892 Οῦκ
1603 1841 1715 1892 ἔστι
1754 1841 1899 1912 παρὰ

2081 1831 2246 1888 Vers.
2283 1837 2364 1888 18.
2396 1835 2529 1890 Νοη
2569 1866 2621 1876 -
2650 1836 2831 1892 visum
2854 1839 3179 1907 recepisset.
3224 1840 3331 1905 Qui
3371 1841 3667 1913 dixerant,

289 1936 439 1985 Θεοῦ.
473 1930 628 1997 Ἀλλ’,
678 1929 717 1983 ὦ
758 1929 1002 1989 ἀνόητοιέ
1035 1930 1078 1982 εἰ
1122 1930 1251 2002 οὐχὶ
1299 1930 1487 2002 τυφλὸς
1520 1934 1585 1980 ὥν
1636 1928 1895 2001 ἀνέϐλεψε,

287 2030 397 2082 πῶς
437 2017 472 2073 δ
478 2020 740 2074 ιαϐάλλετε
766 2024 851 2073 τὸν
884 2023 1118 2094 Χριστὸν
1149 2020 1215 2080 ὡς
1254 2018 1301 2071 ἓν
1342 2018 1590 2090 Σαϐϐάτῳ
1623 2018 1899 2091 ἰασάμενον

290 2109 448 2163 αὐτόν
475 2127 489 2179 ;

362 2289 496 2353 Ἐως
584 2321 652 2331 -
729 2286 1185 2362 ἐγεννήθη;’ορα
1243 2292 1510 2362 πονηρίαν,

290 2380 547 2453 ἐρωτῶσι,
606 2375 1000 2453 προσδοκῶντες
1056 2377 1285 2450 ἐκφοϐεῖν
1359 2378 1565 2441 αὐτοὺς,
1616 2378 1717 2442 ἱνα,
1786 2380 1902 2428 τοῦ-

1622 2286 1901 2361 Αῦστηρῶς

290 2490 393 2523 των
425 2468 816 2543 ἀρνησαμένων,
869 2467 1187 2539 ἓπισκιασθῇ
1222 2472 1281 2520 τὸ
1324 2469 1519 2540 θαῦμα.
1574 2471 1675 2519 Καί
1723 2482 1896 2537 φασιν·

944 2560 1027 2610 ὅτι
1109 2557 1299 2630 τυφλὸς
1370 2555 1633 2628 ἐγεννήθη,
1711 2552 1904 2626 ψευδό-

292 2666 438 2721 μενοι
467 2643 676 2706 δηλαδή
710 2652 800 2699 καὶ
839 2654 1267 2720 κακουργοῦντες,
1301 2650 1389 2698 καὶ
1430 2654 1500 2717 τῷ
1537 2646 1713 2703 Ἰησοὺ
1746 2642 1903 2707 δόξαν

288 2558 386 2611 Ὀν
456 2560 600 2631 ὑμεῖς
671 2557 863 2629 λέγετε,

289 2739 713 2812 περιποιούμενοι
726 2782 737 2793 ,

366 2833 479 2888 [Ιὼς
518 2859 573 2866 -
613 2825 831 2899 βλέπει;
862 2825 921 2879 Εἰ
954 2825 1139 2897 τυφλὸς
1169 2825 1437 2897 ἐγεννήθη.

364 2916 756 2990 Ἀπεκρίθησαν
786 2946 853 2957 -
887 2916 982 2967 οὐκ
1012 2912 1248 2988 οἴδαμεν.
1296 2920 1425 2990 Τρία
1468 2914 1821 2988 ἐρωτηθέντες,
1860 2914 1904 2966 εἰ

289 3006 440 3067 οὗτος
471 3005 611 3059 ἐστιν
638 3008 663 3059 ό
691 3008 798 3067 υἱὸς
838 3006 1025 3071 αὐτῶν,
1070 3006 1113 3059 εἰ
1142 3005 1331 3078 τυφλὸς
1360 3007 1628 3077 ἐγεννήθη,
1674 3009 1765 3056 καὶ
1802 3012 1903 3064 πῶς

289 3097 414 3169 ἄρτι
453 3094 669 3169 βλέπει⁶
716 3100 782 3149 τὰ
834 3099 923 3168 μὲν
974 3092 1070 3148 δύο
1115 3095 1467 3167 ὁμολογοῦσι·
1520 3103 1629 3156 πῶς
1677 3092 1737 3147 δὲ
1784 3095 1905 3167 οἱρτι

2008 1922 2137 1978 Non
2189 1927 2272 1979 est
2302 1938 2339 1979 a
2374 1925 2515 1981 Deo.
2568 1926 2697 1989 Sed,
2729 1944 2758 1981 ο
2806 1926 3116 1995 insensati,
3176 1930 3223 1985 si
3264 1946 3385 1986 non
3440 1930 3519 1987 ita
3556 1938 3666 1997 est,

2007 2012 2171 2084 quod
2225 2029 2363 2069 cum
2391 2029 2578 2069 cat-cus
2632 2020 2789 2072 esset
2839 2017 3036 2073 visum
3083 2020 3321 2092 recepit,
3356 2022 3668 2093 quomodo

2007 2102 2301 2158 Christum
2388 2103 2859 2171 calumniamini,
2945 2107 3110 2180 quod
3184 2109 3351 2166 illum
3404 2110 3666 2169 Sabbato

2007 2193 2305 2248 sanaverit
2332 2192 2360 2248 Ἰ

2076 2284 2236 2337 Vers.
2294 2282 2382 2337 18.
2418 2284 2603 2342 Donec
2661 2317 2729 2325 —
2769 2287 2933 2341 Vers.
2981 2291 3063 2343 19.
3114 2295 3291 2344 natus
3341 2297 3421 2347 est
3456 2289 3485 2346 ‘i
3524 2291 3667 2347 Vide

2010 2370 2321 2428 malitiam.
2355 2373 2558 2443 Rigide
2591 2375 2977 2444 interrogant,
3015 2383 3295 2449 putantes
3320 2379 3451 2436 illos
3487 2386 3672 2436 exter-

2008 2476 2156 2526 rere,
2201 2467 2261 2517 ut
2292 2463 2439 2518 dum
2491 2463 2551 2518 hi
2594 2472 2937 2535 negassent,
2981 2468 3235 2523 tenebris
3265 2469 3673 2526 oﬂ‘underetur

2011 2550 2623 2610 miruculumetaiunt
2652 2556 2763 2611 :De
2782 2572 2896 2626 quo
2934 2573 3031 2612 vos
3060 2558 3274 2623 dicitis,
3308 2560 3466 2632 quod
3497 2575 3673 2617 cacus

2011 2648 2188 2696 natus
2207 2649 2287 2697 est
2307 2643 2336 2696 9
2353 2632 2702 2701 mentientes
2716 2644 2987 2702 videlicet
3001 2652 3057 2703 et
3074 2647 3277 2704 dolose
3298 2648 3671 2715 simulantes,

2013 2735 2074 2785 ut
2115 2730 2232 2802 ipsi
2272 2730 2413 2787 Jesu
2435 2733 2682 2802 gloriam
2716 2738 3015 2808 quaeratis.

2084 2821 2245 2875 Vers.
2282 2822 2369 2876 49.
2407 2824 2695 2889 Quomodo
2720 2856 2789 2864 —-
2821 2825 2968 2882 videt
3000 2824 3028 2880 ?
3055 2826 3110 2883 Si
3134 2843 3327 2883 caecus
3349 2833 3523 2884 natus
3561 2832 3670 2886 est.

2085 2909 2247 2964 Vers.
2280 2912 2369 2965 20.
2416 2912 2867 2981 Responderunt
2920 2946 2988 2955 -
3018 2914 3183 2971 Vers.
3240 2921 3328 2973 21.
3367 2920 3674 2975 nescimus.

2012 2998 2160 3053 Cum
2210 2998 2284 3054 de
2342 3000 2529 3056 tribus
2586 3003 2929 3073 interrogati
2982 3004 3234 3062 fuissent
3276 3023 3288 3062 :
3326 3013 3523 3062 utrum
3581 3008 3676 3063 hic

2016 3093 2173 3143 esset
2224 3088 2381 3144 ﬁlius
2420 3106 2650 3161 eorum,
2684 3098 2877 3149 utrum
2938 3110 3132 3149 caecus
3182 3100 3358 3152 natus
3411 3101 3584 3163 esset,
3624 3102 3681 3154 et

294 3184 474 3256 βλέπει
501 3184 700 3258 ἀγνοεῖν
738 3186 970 3257 λέγουσι,
1002 3183 1307 3258 φοϐούμενοι
1337 3187 1455 3247 τοὺς
1481 3182 1788 3249 Ἰουδαίους,
1836 3186 1900 3244 ὡς

2029 3178 2327 3248 quomodo
2358 3196 2519 3235 nunc
2564 3180 2792 3238 videret
2845 3200 2858 3249 ;
2894 3184 2968 3239 de
3007 3183 3246 3240 duobus
3295 3186 3673 3243 conﬁtentur.

295 3274 412 3339 ἑξῆς
444 3271 654 3334 δηλωθή
666 3294 832 3328 σεται.

368 3452 533 3514 Αὐτὸς
607 3483 677 3494 -
745 3451 981 3509 λαλήσει.
1061 3449 1199 3513 ’Ἐξω
1258 3447 1503 3503 κινδύνου
1558 3452 1905 3512 καθιστῶντες

298 3541 529 3606 ἑαυτοὺς,
584 3540 667 3595 ἐπὶ
716 3544 802 3594 τὸν
854 3544 1283 3614 τεθεραπευμένον
1337 3545 1751 3616 παραπέμπουσι
1813 3546 1905 3599 τήν

298 3631 576 3707 ἐρώτησιν,
645 3633 711 3693 ὡς
774 3630 1194 3705 ἀξιοπιστότερον
1247 3630 1416 3683 αὐτῶν
1464 3630 1514 3683 ἐν
1564 3638 1635 3702 τῷ
1688 3633 1905 3702 τοιούτῳ

302 3724 585 3794 ζητήματι.

368 3816 549 3863 Ταῦτα
583 3842 636 3851 -
665 3808 1077 3882 ἀποσυνάγωγος
1101 3828 1336 3881 γενηται.
1370 3812 1736 3876 Συνετέθειντο,
1790 3813 1909 3868 ἦτοι

305 3904 691 3972 συνεφώνησαν.
752 3899 1194 3971 Ἀποσυνάγωγος
1238 3896 1296 3951 δὲ
1344 3901 1369 3951 ό
1425 3898 1789 3972 ἐκϐεϐλημένος
1819 3907 1910 3960 τῆς

304 3997 632 4062 συναγωγῆς,

376 4082 471 4132 Διὰ
504 4112 565 4121 --
598 4078 910 4154 ἐρωτήσατε.
945 4083 1015 4133 Τὸ
1048 4078 1169 4132 αῦτό
1202 4078 1354 4131 πάλιν
1375 4078 1509 4151 λέγει
1540 4080 1677 4151 (94),
1722 4076 1911 4132 διασύ-

303 4189 406 4246 ρων
437 4169 627 4232 αῦτοὺς
654 4171 769 4240 (95)
801 4172 868 4231 ὡς
910 4166 1111 4231 δειλοὺς
1140 4174 1230 4221 καὶ
1262 4165 1356 4221 διὰ
1380 4174 1437 4221 τὸ
1469 4173 1541 4242 μή
1571 4168 1912 4240 ἀποσυναγώ-

302 4279 432 4332 γους
453 4262 696 4332 γενέσθαι
724 4262 1200 4335 προσποιουμένους
1234 4261 1322 4331 μὲν
1354 4258 1573 4331 ἀγνοεῖν,
1610 4266 1680 4329 τῷ
1724 4260 1821 4330 υἱῷ
1854 4256 1913 4312 δε

304 4354 394 4404 τὸν
425 4358 601 4423 ἀγῶνα
631 4350 744 4403 ὅλον
771 4348 1219 4425 ἓπιφορτίζοντας.

381 4530 680 4604 Ἐφώνησαν
716 4562 766 4571 -
808 4536 941 4601 Θεῷ.
973 4528 1198 4592 Δόξασον
1220 4532 1305 4582 τὸν
1328 4531 1478 4600 Θεὸν,
1506 4530 1574 4591 ὡς
1604 4528 1727 4602 παρ’
1753 4528 1914 4583 αὐτοῦ

311 4620 493 4685 ἰαθεὶς,
526 4625 615 4672 καὶ
654 4624 725 4692 μή
756 4621 899 4694 παρὰ
922 4627 1014 4671 τοῦ
1047 4619 1243 4677 Ἰησοῦ.

377 4710 550 4784 Ἡμεῖς
607 4742 673 4750 —
730 4708 891 4764 ἔστιν.
949 4709 1191 4770 Ἀπόντος
1248 4718 1400 4763 τοῦτο
1455 4709 1643 4781 λέγετε,
1712 4728 1909 4782 μιαροι.

310 4806 574 4875 Παρόντος
619 4803 742 4874 γὰρ,
801 4805 892 4853 καὶ
940 4799 1295 4875 ἐρωτήσαντος
1355 4802 1486 4873 ὑμᾶς
1538 4803 1774 4871 ἔναγχος,
1831 4805 1915 4861 Τίς

310 4892 367 4955 ἐξ
408 4893 549 4966 ὑμῶν
598 4890 801 4965 ἒλέγχει
830 4909 893 4965 με
935 4895 1049 4966 περὶ
1098 4889 1357 4965 ἁμαρτίας
1396 4906 1410 4919 ⁸
1472 4889 1567 4943 οὐκ
1616 4886 1914 4949 ἠδυνήθητε

387 5098 435 5135 ⁸³
452 5097 657 5157 Matth.
697 5113 756 5165 ι,
781 5100 868 5155 34.

2017 3264 2335 3333 Quomodo
2375 3275 2574 3325 autem
2614 3286 2771 3326 nunc
2820 3273 3038 3337 videat,
3067 3273 3343 3343 ignorare
3364 3266 3424 3330 se
3454 3276 3677 3339 dicunt,

1992 3358 2289 3412 timentes
2320 3359 2574 3425 Judaeos,
2606 3360 2756 3415 sicut
2793 3362 2852 3416 in
2884 3378 3208 3433 progressu
3241 3364 3677 3433 manifestatur,

2085 3446 2249 3501 Vers.
2280 3450 2373 3503 21.
2414 3447 2627 3517 Ιρεε-
2652 3451 2947 3521 loquetur.
2984 3454 3123 3509 Sese
3155 3459 3318 3510 extra
3349 3454 3681 3525 periculum

2014 3536 2462 3603 constituentes,
2485 3538 2562 3594 ad
2587 3556 2722 3595 eum
2738 3542 2842 3613 qui
2864 3548 3104 3598 curatus
3121 3549 3246 3599 erat
3275 3544 3683 3616 interrogatio-

2015 3640 2153 3680 nem
2193 3627 2519 3694 remittunt,
2558 3634 2618 3685 ut
2648 3631 2751 3702 qui
2791 3631 2851 3686 in
2881 3632 3178 3703 ejusmodi
3205 3633 3537 3705 quastione
3568 3632 3682 3690 ﬁde

2014 3714 2252 3785 dignior
2281 3716 2366 3771 eis
2396 3722 2577 3773 esset.

1997 3828 2001 3835 ν
2088 3806 2253 3861 Vers.
2286 3808 2375 3861 22.
2409 3809 2553 3864 Hac
2592 3840 2661 3849 —
2707 3816 2883 3867 extra
2932 3827 3303 3883 synagogam
3343 3813 3681 3886 eiiceretur.

2020 3894 2544 3968 Conspiraverant,
2586 3903 2833 3971 pactum
2866 3900 3146 3959 fecerant.

2103 4075 2259 4133 Vers.
2301 4080 2389 4132 23.
2424 4076 2683 4146 Propter
2728 4109 2796 4120 —
2821 4080 3213 4149 interrogate.
3274 4083 3497 4136 Rursus
3523 4080 3686 4138 idem

2023 4170 2181 4240 dicit,
2216 4168 2623 4241 perstringens
2673 4167 2802 4224 illos
2856 4172 3147 4241 tanquam
3202 4169 3466 4235 timidos,
3500 4174 3554 4226 et
3579 4170 3683 4243 qui

2022 4259 2298 4330 ignorare
2313 4274 2377 4313 se
2404 4257 2844 4323 simulaverant,
2863 4274 2934 4313 ne
2948 4264 3115 4313 extra
3133 4273 3528 4330 synagogam,
3560 4259 3688 4316 sive

2023 4348 2549 4418 congregationem
2576 4348 2956 4419 ejicerentur:
2990 4346 3110 4404 ﬁlio
3138 4353 3341 4405 autem
3364 4349 3541 4405 totius
3567 4364 3689 4405 cer-

2022 4437 2264 4494 taminis
2295 4453 2445 4492 onus
2476 4437 2908 4509 imposuerant.

2092 4528 2260 4583 Vers.
2315 4527 2402 4581 24.
2468 4527 2838 4583 Vocaverunt
2888 4558 2953 4569 —
2994 4527 3131 4584 Deo.
3167 4528 3442 4585 Gloriﬁca
3480 4531 3687 4598 Deum,

1944 4599 1990 4654 D
2024 4622 2222 4689 utpote
2254 4616 2331 4672 ab
2362 4632 2433 4672 eo
2471 4621 2738 4681 sanatus,
2767 4621 2823 4672 et
2852 4633 2974 4672 non
3006 4633 3041 4673 a
3070 4618 3231 4673 Jesu.

2094 4709 2258 4764 Vers.
2311 4707 2399 4762 24.
2460 4708 2580 4763 Νοε
2616 4738 2685 4746 -—
2732 4712 2833 4762 est.
2880 4707 3136 4763 Absente
3166 4708 3266 4764 illo
3305 4708 3420 4765 hoc
3471 4708 3689 4775 dicitis,

2025 4796 2252 4853 scelesti
2284 4811 2459 4863 ;nam
2490 4813 2628 4851 cum
2659 4796 2753 4851 ille
2784 4812 3053 4868 praesens
3084 4803 3255 4864 esset,
3281 4805 3338 4854 et
3383 4815 3487 4854 vos
3511 4798 3692 4871 paulo

2028 4892 2164 4945 ante
2178 4888 2587 4958 interrogaret,
2614 4886 2753 4954 Quis
2782 4902 2857 4944 ea:
2874 4886 3043 4943 vobis
3064 4888 3269 4960 arguit
3288 4904 3378 4945 me
3402 4889 3475 4946 de
3491 4904 3696 4960 pecca-

1520 5302 1749 5374 Variae
1806 5302 2245 5374 lectioneset
2282 5310 2491 5371 natae.

390 5498 505 5574 (93)
543 5503 612 5555 Τὸ
656 5504 889 5574 σχίσμα.

393 5502 480 5574 (93
543 5503 612 5555 Τὸ
656 5504 889 5574 σχίσμα.

393 5502 505 5648 (94;
548 5573 888 5644 Intellige,6
928 5571 1318 5647 εὐαγγελιστής.

421 5750 1122 5831 l)_Phg_riswis._Videtur
1159 5768 1304 5826 ergo
1334 5761 1633 5831 Φαρισαιων
1678 5752 1922 5827 legisse.

395 5751 1078 5899 iﬁfﬁ‘é’ﬁﬁf'elt‘tﬁi‘i

2111 5502 2223 5575 (95)
2243 5506 2377 5565 Τοὺς
2408 5509 2575 5576 γονεῖς
2603 5507 2848 5603 toﬁ/ron
2884 5501 3104 5578 τυφλοῦ,
