4156 6386
543 341 681 398 131ἰὶ

1877 329 2215 395 ΕΒΤΗΫΜΗ
2259 332 2588 396 ZIGABENI

3781 344 3943 406 ,1316

539 471 648 526 to”
670 469 698 526 ‘t
713 484 784 525 ne
799 465 1011 525 mutire
1021 459 1272 540 quidem
1289 466 1582 539 potuistis,
1601 481 1708 522 ora
1721 478 1755 522 a
1774 465 2017 522 veritate
2039 466 2206 522 obtu-

2325 462 2450 518 οὐδε
2471 466 2662 541 γρύξαι
2688 469 2864 539 μόνον,
2895 464 3256 562 ἐμφραγέντων
3295 468 3416 541 {spis
3603 476 3699 522 τῶν
3737 471 3941 542 στομά-

537 567 669 616 rata
705 558 1019 614 habentes.

611 648 774 705 Vers.
808 651 894 702 25.
925 647 1242 716 Respondit
1274 678 1342 685 ——
1373 646 1560 702 video.
1590 649 1714 703 Non
1744 645 1894 701 dixit
1933 645 2214 701 dubitari-

539 740 640 805 do,
673 741 764 793 An
803 744 1072 807 peccator
1101 738 1172 792 sit
1205 738 1414 804 nescio,
1474 736 1578 790 sed
1627 751 1823 806 nugas
1864 726 2212 806 hujusmodi

541 843 705 884 more
745 826 1072 883 dubitantis
1113 825 1422 898 repellens.
1452 826 1604 881 Nam
1633 825 1690 879 in
1725 841 2052 896 progressu
2084 841 2210 880 ma-

537 917 817 974 nifestius
839 916 951 971 hoc
982 915 1263 982 ostendit,
1295 915 1500 970 dicens
1527 931 1544 969 :
1570 915 1798 971 Scimus
1824 915 1982 986 quod
2003 930 2213 985 pecca-

540 1014 692 1063 tores
723 1009 874 1062 Deus
911 1021 1032 1061 non
1062 1005 1273 1060 audiat
1315 1006 1384 1057 9°.

609 1098 770 1152 Vers.
796 1099 881 1151 26.
904 1096 1199 1151 Dixerunt
1222 1096 1498 1150 —ocutos
1530 1093 1554 1147 '?
1581 1095 1726 1150 Cum
1749 1095 1826 1150 ab
1849 1095 2011 1149 omni
2039 1098 2206 1166 parte

537 1185 760 1258 repulsi
790 1189 1006 1250 essent,
1043 1200 1151 1240 nec
1190 1183 1528 1256 quidquam
1575 1199 1802 1248 eorum,
1841 1200 1975 1255 qua:
2007 1183 2210 1238 volue-

538 1280 687 1340 rant,
723 1273 1058 1330 effecissent
1109 1290 1120 1328 :
1169 1289 1406 1328 rursum
1449 1274 1525 1328 ad
1582 1274 1846 1346 primum
1895 1272 2205 1344 qumsitum

537 1370 912 1422 revertuntur
945 1381 957 1418 :
989 1364 1122 1419 ideo
1155 1363 1328 1418 etiam
1362 1363 1412 1417 is
1443 1363 1545 1435 qui
1573 1368 1808 1418 curatus
1861 1362 2055 1418 fuerat
2112 1379 2208 1418 ar-

537 1471 727 1528 guens
759 1454 909 1520 illos,
939 1469 1060 1509 non
1086 1453 1214 1523 jam
1243 1453 1459 1518 timide,
1491 1453 1594 1508 sed
1625 1452 1870 1508 liberius
1899 1452 2205 1526 loquendo

538 1543 879 1616 respondet.

613 1637 768 1689 Vers.
804 1634 890 1688 27.
953 1631 1270 1700 Respondit
1304 1661 1368 1671 -
1396 1631 1670 1687 audistis.
1702 1634 1814 1686 Nec
1848 1629 2201 1686 credidistis.

610 1722 774 1778 Vers.
803 1725 892 1777 27.
929 1722 1078 1790 Quid
1123 1753 1170 1761 -
1205 1722 1439 1777 audire.
1472 1722 1664 1786 Quam
1696 1719 1776 1776 ob
1800 1736 2052 1776 causam
2076 1735 2208 1775 rur-

538 1829 640 1869 sus
672 1813 878 1867 audire
911 1811 1172 1884 quaeritis
1205 1811 1232 1868 ?

609 1902 772 1957 Vers.
804 1904 893 1958 ‘27.
933 1902 1092 1957 Num
1122 1932 1192 1942 —
1219 1902 1372 1969 ﬁeri.
1423 1900 1659 1966 Dicens,
1691 1901 1851 1957 Num
1879 1905 1934 1957 et
1974 1915 2094 1968 vos,
2116 1915 2208 1954 os-

537 1992 745 2058 tendit,
785 1991 951 2064 quod
974 1990 1102 2063 ipse
1127 1990 1305 2063 paulo
1335 1997 1473 2046 ante
1506 1991 1695 2046 factus
1743 1995 1916 2055 esset,
1946 1995 2002 2045 et
2027 1991 2206 2046 conti-

539 2081 1273 2146 denteridfatebatur,non
1303 2088 1576 2136 metuens
1609 2080 1845 2135 illorum
1878 2080 2202 2145 insaniam;

537 2171 690 2228 adeo
721 2170 887 2226 fortis
913 2176 1001 2225 est
1024 2171 1260 2237 veritas,
1305 2176 1366 2224 ut
1395 2185 1498 2225 eos
1529 2171 1795 2225 libertate
1827 2169 2071 2241 repleat,
2103 2167 2204 2240 qui

536 2261 736 2331 ipsam
769 2260 1078 2329 elegerint:
1129 2258 1513 2315 mendacium
1562 2275 1699 2315 vero
1731 2259 1879 2314 adeo
1913 2257 2206 2314 imbecille

537 2356 602 2408 ut
631 2367 730 2407 eos
761 2365 1023 2424 quoque,
1048 2350 1151 2422 qui
1176 2349 1357 2405 fortes
1392 2354 1550 2419 sunt,
1579 2349 1795 2405 reddat
1825 2348 2096 2404 timidos.

609 2529 774 2585 Vers.
795 2528 882 2584 9.8.
909 2527 1240 2584 Conviciati
1261 2558 1328 2568 —
1351 2526 1654 2596 discipuli.
1679 2558 1745 2567 —
1762 2527 1968 2598 Neque
1985 2524 2160 2581 Mosis
2187 2542 2200 2591 ;

537 2635 684 2675 nam
737 2617 786 2672 si
814 2618 988 2673 Mosis
1017 2617 1251 2683 essetis,
1304 2618 1508 2688 utique
1549 2623 1603 2671 et
1629 2615 1839 2672 Christi
1891 2615 2116 2671 essetis.
2144 2615 2208 2673 St

539 2709 871 2773 crederetis,
916 2708 1120 2779 inquit,
1167 2707 1334 2772 Mosi,
1360 2707 1682 2764 crederetis
1725 2707 1924 2778 utique
1947 2705 2098 2761 mihi
2136 2707 2202 2756 19.

611 2888 770 2943 Vers.
804 2891 892 2942 29.
916 2887 1034 2944 Nos
1055 2918 1120 2927 —
1147 2887 1245 2942 sit.
1268 2885 1432 2942 Unde
1457 2885 1678 2941 missus
1714 2885 1808 2941 sit.
1833 2884 2002 2958 Atqui
2025 2884 2204 2941 variis

536 2976 600 3033 in
632 2974 776 3032 locis
805 2976 1005 3031 docuit
1025 2993 1150 3042 vos,
1185 2976 1288 3048 qui
1319 2975 1434 3031 sint
1465 2974 1718 3031 ferentes
1740 2974 1813 3031 de
1845 2991 1907 3030 se
1949 2975 2206 3031 testimo-

539 3066 739 3122 nium:
772 3074 916 3138 puta
931 3067 1213 3133 Joannes,
1233 3080 1415 3136 opera
1434 3081 1567 3137 qua:
1587 3064 1722 3120 facit
1749 3074 1804 3120 et
1827 3067 2015 3130 Pater,
2030 3063 2133 3136 qui
2153 3067 2209 3118 et

541 3156 721 3247 Deus.
775 3159 877 3247 At_
935 3161 1092 3247 certe
1163 3155 1238 3210 de
1305 3155 1461 3210 Mose
1529 3154 1766 3221 auditis,
1802 3169 1943 3247 non
2003 3156 2204 3247 autem
2238 3189 2279 3247 Ο

539 3245 808 3303 videtis:
864 3245 1047 3317 hujus
1102 3260 1239 3299 vero
1287 3260 1468 3316 opera
1514 3259 1635 3300 non
1701 3243 1916 3299 auditis
1984 3241 2204 3308 solum,

541 3351 750 3393 verum
773 3335 950 3390 etiam
974 3334 1207 3400 videtis,
1237 3338 1292 3389 et
1316 3333 1520 3396 nostis,
1555 3331 1721 3404 quod
1752 3331 1908 3388 oculi
1952 3332 2069 3388 sint
2107 3347 2210 3387 au-

539 3425 709 3482 ribus
736 3424 854 3479 ﬁde
877 3421 1205 3493 digniores.

614 3514 776 3570 Vers.
810 3517 897 3569 30.
930 3513 1254 3582 Respondit
1297 3543 1365 3553 —
1411 3514 1631 3569 oculos.
1669 3511 1839 3577 Quod
1866 3528 2005 3567 cum
2035 3509 2208 3566 vobis

541 3604 784 3675 ignotus
808 3602 898 3668 sit,
933 3609 990 3658 et
1019 3602 1328 3673 inglorius,
1367 3619 1530 3658 meos
1550 3600 1784 3674 aperuit
1813 3601 2042 3671 oculos,
2077 3600 2213 3656 tale-

543 3710 654 3764 que
680 3693 858 3748 edidit
888 3691 1264 3748 miraculum.
1317 3694 1461 3747 Nam
1516 3691 1561 3744 si
1597 3691 1669 3746 de
1695 3689 2032 3760 insignibus
2065 3695 2215 3746 esset

544 3789 602 3839 et
631 3781 924 3854 gloriosis,
958 3797 1343 3854 nequaquam
1378 3789 1607 3837 tantum
1641 3787 1796 3836 esset
1837 3779 2209 3836 miraculum.

546 3873 753 3944 Itaque
793 3887 1050 3941 magnus
1088 3870 1397 3944 quispiam
1429 3877 1539 3935 est,
1573 3886 1927 3942 quanquam
1967 3885 2074 3925 vos
2103 3885 2212 3926 ne-

549 3961 750 4017 sciatis
791 3961 950 4016 uude
984 3961 1078 4016 sit.

621 4051 790 4106 Vers.
824 4051 910 4107 31.
942 4051 1170 4106 Scimus
1193 4082 1260 4092 —
1293 4050 1482 4107 audit.
1514 4049 1657 4104 Vide
1675 4052 2090 4105 contexturam
2122 4047 2210 4119 (η)

552 4141 925 4214 etquomodo
955 4140 1300 4196 mirabiliter
1318 4146 1760 4211 argumentetur
1786 4155 1856 4194 ac
1878 4154 2216 4195 sermonem

551 4237 786 4302 augeat.
823 4231 966 4285 Vere
991 4230 1148 4284 enim
1192 4245 1313 4284 non
1341 4227 1730 4283 exterioribus
1758 4233 1989 4282 tantum
2029 4227 2218 4283 oculis

547 4320 918 4377 illuminatus
939 4326 1041 4383 est,
1061 4318 1165 4374 sed
1182 4323 1237 4373 et
1255 4316 1651 4372 interioribus.
1670 4319 1815 4373 Nam
1831 4316 1972 4388 quia
1991 4318 2049 4372 in
2065 4333 2211 4389 prae-

548 4409 896 4466 cedentibus
932 4408 1205 4463 dixerant
1250 4422 1261 4460 :
1294 4407 1417 4462 Nos
1446 4408 1682 4471 scimus,
1715 4407 1875 4477 quod
1918 4407 2014 4463 hic
2044 4406 2212 4462 homo

547 4506 828 4570 peccator
843 4499 978 4554 est”
999 4516 1014 4564 ;
1036 4503 1174 4552 tunc
1199 4496 1440 4566 quidem
1466 4511 1630 4552 more
1648 4494 1970 4551 dubitantis
1987 4511 2217 4551 sermo-

550 4604 691 4644 nem
721 4586 952 4658 repulit,
997 4601 1157 4641 nunc
1191 4602 1328 4641 vero
1359 4591 1646 4658 tanquam
1677 4585 1948 4641 libertate
1979 4585 2213 4657 plenus,

2325 576 2423 609 των
2454 557 2553 608 ὑπὸ
2585 565 2675 617 τῆς
2705 554 2966 619 ἀληθείας.

2399 646 2680 718 Ἀπεκρίθη
2717 677 2779 686 -
2813 645 3007 718 βλέπω.
3055 650 3146 714 Τό,
3193 647 3252 700 Εἰ
3300 646 3600 722 ἁμαρτωλός
3643 647 3813 719 ἔστιν,
3848 649 3942 702 οὐκ

2324 732 2464 799 οἶδα,
2509 735 2566 787 ού
2596 733 2864 796 διστάζων
2895 738 3030 789 εἶπεν
3064 735 3169 788 ἀλλ’
3202 736 3250 790 ἐν
3284 743 3529 810 σχήματι
3561 734 3937 805 διστάζοντος,

2321 830 2789 900 παραπεμπόμενος
2841 830 2926 878 τόν
2971 835 3202 879 τοιοῦτον
3257 825 3535 901 φληναφον.
3590 833 3796 901 Προϊὼν
3841 833 3938 905 γὰρ

2323 920 2664 988 φανερώτερον
2697 914 3032 988 ἀποφαίνεται
3061 916 3238 988 λέγων·
3271 913 3503 990 Οἰδαμεν
3544 913 3603 970 δε
3643 919 3726 970 ὅτι
3774 917 3940 993 ἀμαρ-

2320 1003 2492 1056 τωλῶν
2523 1009 2553 1056 6'
2581 1008 2709 1068 Θεὸς
2749 1005 2843 1057 οὐκ
2872 1004 3068 1060 ἀκούει.

2391 1093 2546 1147 Εἶπον
2623 1125 2692 1136 -
2766 1095 3098 1168 ὀφθαλμούςς
3153 1097 3489 1168 Πανταχόθεν
3545 1095 3937 1170 ἀποκρουσθέν-

2319 1203 2414 1247 τες,
2470 1189 2560 1237 καὶ
2616 1181 2781 1257 μηδὲν
2838 1186 2906 1237 ὧν
2981 1184 3268 1254 ἐϐούλοντο,
3329 1183 3636 1248 δυνηθέντες
3717 1184 3934 1250 ἀνύσαι,

2316 1274 2470 1326 πάλιν
2512 1274 2595 1328 ἐπὶ
2643 1279 2700 1328 τό
2733 1280 2977 1351 πρότερον
3030 1274 3276 1352 ἐρώτημα
3333 1281 3657 1352 στρέφονται.
3714 1281 3808 1330 Διό
3849 1282 3936 1328 καὶ

2317 1369 2604 1436 καταγνούς
2636 1365 2804 1418 αὐτῶν
2835 1367 2860 1417 6
2891 1368 3341 1440 τεθεραπευμένος,
3385 1366 3482 1418 οὐκ
3511 1369 3583 1420 ἔτι
3613 1366 3728 1439 μεθ’
3774 1367 3936 1420 ὑποσ-

2317 1453 2436 1513 τολῆ
2450 1476 2488 1520 ς,
2515 1454 2642 1507 ἀλλὰ
2671 1454 3255 1532 παρρησιαστικώτερον
3283 1455 3637 1532 ἀποκρίνεται.

2390 1634 2674 1708 Ἀπεκρίθη
2717 1665 2769 1676 -
2806 1635 3085 1694 ἠκούσατε.
3121 1636 3232 1689 Οὐκ
3253 1620 3617 1694 ἱπιστευσατε.

2386 1729 2450 1777 Τί
2545 1754 2614 1764 —
2707 1723 2947 1793 mea»;
3001 1730 3152 1787 Τίνος
3236 1727 3396 1779 ἕνεκεν
3479 1725 3634 1779 πάλιν
3727 1729 3933 1789 ζητεῖτε

2241 1828 2283 1884 Β
2317 1812 2525 1866 ἀκούειν
2555 1832 2568 1882 ;

2390 1910 2474 1962 Μὴ
2555 1935 2621 1944 -
2697 1906 2974 1976 γενέσθαι;
3009 1906 3176 1958 Εἰπὼν
3251 1907 3332 1958 ὅτι
3416 1909 3502 1964 Μή
3585 1909 3676 1958 καὶ
3760 1906 3926 1978 ὑμεῖς,

2319 1991 2507 2056 ἔδειξεν
2556 1996 2635 2047 ὃτι
2688 1994 2840 2055 αύτός
2904 1998 3030 2058 τέως
3091 1994 3224 2061 ἐστὶ,
3293 1999 3384 2048 καὶ
3443 1993 3744 2069 θαῤῥαλέως
3796 1997 3932 2061 ὡμο-

2317 2083 2506 2155 λόγησε
2590 2088 2661 2156 μὴ
2745 2079 3016 2146 δειλιάσας
3080 2089 3174 2141 τὴν
3249 2088 3436 2156 μάνίαν
3495 2083 3684 2138 αὐτῶν.
3753 2084 3934 2145 Οὕτως

2321 2173 2545 2246 ἰσχυρόν
2616 2174 2645 2230 ἡ
2733 2171 2968 2240 ἀλήθεια,
3041 2172 3343 2247 παρρησίας

2318 2262 2583 2335 ὓομένονς
2614 2261 2801 2329 αὐτὴν,
2833 2267 2924 2315 καὶ
2967 2262 3010 2314 εἰ
3039 2271 3136 2314 τῶν
3169 2261 3556 2336 ἀπερριμμένων
3594 2258 3690 2314 εἷεν
3723 2281 3736 2296 ο

2316 2348 2509 2424 ψεῦδος
2543 2352 2838 2404 τούναντίον
2871 2350 3099 2417 ἀσθενὲς,
3131 2347 3334 2415 δειλούς
3381 2350 3802 2427 ἀπεργαζόμενον
3844 2355 3928 2403 καὶ

2317 2446 2433 2502 τοὺς
2458 2441 2736 2514 ἰσχυρούς.

2391 2529 2768 2607 Ἑλοιδόρησαν
2811 2562 2875 2571 -
2919 2533 3174 2603 μαθηταί.
3209 2563 3277 2572 -
3321 2527 3462 2585 Οῡδε
3496 2538 3588 2584 τού
3639 2534 3924 2592 Μωύσέως.

2318 2621 2377 2674 Εἰ
2406 2624 2505 2695 γὰρ
2552 2629 2642 2673 τού
2698 2624 2960 2683 Μωύσέως
3003 2617 3112 2686 ἦτε,
3156 2625 3246 2673 καὶ
3288 2629 3379 2674 τοῦ
3429 2629 3664 2696 Χριστοῦ
3697 2620 3760 2672 ἂν
3820 2616 3923 2678 ἦτε.

2319 2710 2378 2762 Ei
2445 2711 2570 2782 γὰρ.
2643 2709 2955 2776 ἐπιστεύετε,
3016 2713 3164 2780 φησὶ,
3229 2715 3464 2775 Μωύσεί,
3519 2707 3817 2762 ἐπιστεύετε
3867 2709 3924 2760 ἄν

3427 2171 3664 2246 ἕμπιπλώ
3672 2192 3745 2224 σα
3822 2175 3931 2232 τοὺς

3784 2264 3840 2314 τὸ
3875 2257 3930 2312 δι

2319 2799 2455 2873 ἐμοί.

3497 2893 3598 2942 Καὶ
3645 2893 3752 2961 μὴν
3811 2883 3926 2940 δια-

2320 2984 2483 3052 φόρως
2531 2974 2772 3041 ἐδίδαξεν
2826 2979 2979 3050 ὑμᾶς,
3025 2983 3156 3040 τίνες
3205 2986 3532 3051 παρτυροῦσι
3580 2984 3701 3052 περὶ
3746 2977 3920 3041 αὐτόν,

2388 2889 2559 2960 ἰιμείς
2611 2919 2678 2928 -
2728 2887 2857 2943 ἐστί.
2916 2890 3074 2941 Πόθεν
3128 2887 3417 2947 ἀπεστάλη.

2319 3072 2400 3122 ὅτι
2457 3071 2482 3120 6
2527 3069 2789 3133 Ἰωάννης,
2842 3070 2922 3120 ὅτι
2961 3071 3023 3120 τὰ
3070 3070 3194 3141 ἔργα
3245 3067 3280 3120 ἁ
3325 3075 3483 3134 ποιεῖ,
3539 3069 3622 3120 ὅτι
3674 3069 3700 3120 6
3750 3071 3922 3137 Πατὴρ

2320 3163 2408 3211 καὶ
2481 3162 2628 3220 Θεός·

2319 3253 2422 3322 μὴν
2451 3247 2662 3321 βλέπετε
2697 3266 2709 3279 ο

2320 3337 2448 3390 ἀλλὰ
2499 3341 2589 3389 καὶ
2644 3334 2878 3408 βλέπετε,
2923 3340 3014 3387 καὶ
3063 3331 3264 3403 οῖδατε,
3325 3336 3404 3388 ὅτι
3471 3335 3732 3408 ὀφθαλμοὶ
3785 3339 3921 3386 ὤτων

2709 3155 2838 3210 ἀλλὰ
2909 3162 3027 3231 περὶ
3091 3161 3354 3220 Μωϋσέως
3427 3161 3518 3230 μεν
3579 3155 3811 3221 ἀκούετε,
3870 3154 3922 3207 οὗ

2758 3249 2825 3298 τὰ
2861 3249 2990 3320 ἔργα
3038 3243 3096 3298 δε
3144 3249 3330 3298 τούτου
3374 3245 3432 3298 ού
3490 3251 3642 3320 μόνον
3702 3245 3921 3312 ἀκούετε,

2320 3431 2637 3498 πιστότεροι.

2392 3517 2672 3588 Ἀπεκρίθη
2770 3546 2836 3555 -
2939 3513 3256 3587 ὀφθαλμούς,
3340 3513 3462 3567 Ὀτι
3519 3515 3640 3587 ύμῖν
3727 3515 3919 3585 ianuas

3471 3603 3788 3677 ὀφθαλμούς,
3836 3606 3919 3654 καὶ

2321 3699 2572 3752 πεποίηκε
2612 3693 2913 3751 τηλικοῦτον
2971 3695 3166 3766 θαῦμα.
3221 3693 3281 3746 Εἰ
3325 3695 3424 3766 γὰρ
3483 3689 3543 3751 ἦν
3601 3702 3701 3745 τῶν
3747 3692 3919 3749 ἐπισή-

2321 3611 2409 3658 καὶ
2466 3602 2658 3668 ἄδοξος
2706 3604 2793 3674 ὢν,
2849 3603 3033 3675 ἀνέῳξε
3097 3624 3198 3676 μου
3264 3608 3385 3666 τούς

2321 3806 2429 3858 μων
2494 3788 2584 3836 καὶ
2633 3781 2872 3847 ἐνδόξων,
2945 3783 3036 3835 οὐκ
3094 3781 3154 3834 ἂν
3193 3791 3440 3836 τοσοῦτον
3490 3779 3551 3842 ἧν
3602 3783 3918 3856 θαυμαστόν.

2320 3874 2480 3927 Ὠστε
2507 3878 2669 3946 μέγας
2701 3877 2776 3934 τίς
2809 3871 2967 3941 ἐστιν,
3002 3872 3044 3924 εἰ
3087 3871 3177 3925 καί
3217 3873 3360 3946 ὑμεῖς
3407 3871 3502 3925 οὐκ
3551 3868 3733 3926 οἴδατε
3780 3872 3920 3924 πόθεν

2323 3964 2483 4018 ἐστίν.

2395 4049 2628 4126 Οἰδαμεν
2683 4083 2750 4091 -
2823 4049 3016 4105 ἀκούει.
3103 4050 3258 4104 Βλέπε
3338 4052 3564 4117 σύνεσιν,
3637 4058 3750 4112 πῶς
3805 4049 3919 4101 θαν-

2324 4147 2525 4216 μασίως
2595 4141 2981 4212 συλλογίζεται,
3045 4146 3131 4193 καὶ
3201 4140 3344 4204 αὔξει
3397 4143 3483 4192 τόν
3538 4139 3711 4210 λόγον.
3767 4139 3917 4209 Ἐφω·

2323 4234 2482 4290 τίσθη
2537 4233 2639 4303 γὰρ
2711 4235 2862 4290 ὄντως
2943 4230 3001 4282 ού
3077 4235 3199 4292 τούς
3250 4229 3344 4293 ἔξω
3400 4234 3552 4302 μόνον
3620 4227 3914 4302 ὀφθαλμούς,

2327 4320 2454 4373 ἀλλὰ
2493 4327 2584 4372 καὶ
2625 4324 2745 4380 τούς
2799 4316 2963 4374 ἔνδον.
3009 4321 3148 4374 Ἐπεὶ
3194 4321 3296 4393 γὰρ
3372 4317 3713 4394 προλαϐόντες
3765 4313 3912 4368 εἶπον.

2323 4411 2495 4482 Ἡμεῖς
2547 4405 2762 4481 οἰδαμεν
2826 4411 2907 4461 ὅτι
2973 4410 2998 4460 6
3070 4410 3340 4483 ἄνθρωπος
3406 4408 3552 4468 οὗτος
3630 4401 3915 4481 ἁμαρτωλός

2326 4501 2456 4552 ἐστι·
2503 4504 2614 4550 τότε
2671 4501 2762 4570 μεν
2812 4496 2859 4549 ἐν
2933 4503 3174 4570 σχήματι
3232 4494 3580 4558 διστάζοντος
3643 4491 3911 4568 παρεκρού-

2328 4608 2456 4641 σατο
2495 4591 2582 4640 τόν
2633 4587 2782 4658 λόγον
2817 4609 2831 4624 ο
2872 4596 2958 4639 νῦν
3010 4583 3068 4640 δε
3116 4586 3415 4662 παρρησίας
3454 4586 3520 4638 ὡν
3575 4589 3759 4658 μεστὸς
3802 4579 3912 4632 ἀπο-

550 4677 805 4734 ostendit
843 4677 1004 4732 hunc
1061 4691 1184 4730 non
1236 4691 1366 4730 esse
1417 4656 1814 4746 peccatorem,
1855 4656 2206 4745 sedpotius

2327 4675 2551 4732 δεικνύει
2625 4685 2805 4729 τοῦτον
2855 4681 2927 4749 μη
2990 4681 3111 4729 ὄντα
3185 4675 3508 4749 ἁμαρτωλὸν,
3571 4674 3616 4727 εἰ
3687 4678 3757 4746 μὴ
3832 4670 3910 4719 καὶ

551 4765 656 4821 Dei
721 4764 1005 4822 cultorem
1064 4780 1134 4819 ac
1184 4763 1282 4819 Dei
1333 4763 1702 4820 voluntatem
1756 4762 2211 4834 adimplentem.

554 4853 859 4927 Siquidem
891 4853 1088 4910 adhuc
1110 4869 1249 4908 eum
1273 4852 1576 4909 hominem
1609 4869 1740 4908 esse
1773 4851 2210 4923 suspicabatur,

554 4950 618 5000 ut
642 4943 924 5000 diximus.
959 4945 1300 5000 Peccatores
1347 4949 1544 4998 autem
1587 4943 1743 4998 Deus
1784 4957 1902 4996 non
1931 4941 2120 5005 audit,
2152 4940 2214 4996 in

551 5036 907 5108 hujusmodi
941 5035 1206 5092 videlicet
1243 5033 1572 5090 miraculis.

624 5126 790 5184 Vers.
818 5131 906 5184 32.
937 5127 986 5182 A
1027 5157 1094 5167 —
1143 5125 1308 5183 Vers.
1367 5128 1455 5180 33.
1497 5123 1846 5196 quidquam.
1875 5122 2215 5196 Quidquam

624 5306 674 5344 ⁸⁹
710 5305 884 5366 Joan.
923 5322 1042 5374 vui,
1078 5307 1170 5362 46.
1244 5305 1293 5342 ⁸ο
1321 5301 1498 5362 Joan.
1525 5319 1607 5370 1x,
1639 5303 1728 5361 31.

1809 5304 1853 5340 ἰ
1880 5304 2052 5361 Joan.
2093 5319 2143 5370 ν,
2170 5302 2262 5361 46.

2324 4767 2513 4840 μᾶλλον
2560 4765 2798 4833 θεοσεϐῆ,
2852 4771 2942 4818 καὶ
2995 4769 3052 4817 τό
3099 4765 3297 4840 θέλημα
3352 4772 3443 4818 τοῦ
3475 4769 3602 4818 Θεοῦ
3656 4767 3900 4815 ποιοῦντα.

2326 4856 2441 4910 "Ere
2464 4858 2565 4929 γὰρ
2606 4857 2874 4931 ἄνθρωπον
2905 4863 3083 4908 τοῦτον
3115 4853 3487 4927 ὑπελάμϐανεν,
3537 4855 3602 4914 ὡς
3632 4852 3898 4925 εἰρήκαμενο

2323 4943 2664 5020 Ἀμαρτωλῶν
2687 4941 2746 4997 δε
2771 4946 2796 4996 6
2821 4947 2952 5008 Θεὸς
2983 4945 3077 4997 ούκ
3096 4943 3288 5008 ἀκούει,
3316 4942 3400 4996 ἐπὶ
3420 4945 3667 5002 τοιούτοις
3690 4939 3900 5008 θαύμασι

2327 5032 2360 5089 δ
2367 5034 2591 5093 ηλονότι.

2397 5124 2485 5178 Ἐκ
2538 5154 2606 5164 -
2655 5120 2828 5178 οὐδέν.
2876 5120 3045 5177 Οὐδὲν
3102 5131 3352 5180 τοιοῦτον.
3411 5121 3616 5196 Τυφλοῡ
3667 5122 3754 5193 μεν
3817 5113 3906 5184 γὰρ

2353 5304 2401 5340 θ’
2431 5300 2602 5361 Joan.
2635 5317 2712 5372 ix,
2744 5301 2835 5358 24.

1810 5482 2036 5554 Variae
2064 5482 2394 5553 lectiones
2427 5491 2492 5552 et
2522 5491 2724 5551 notae.

630 5602 741 5676 (96)
778 5596 944 5657 ’ταῶν
985 5605 1046 5659 Α.

635 5779 717 5852 (η)
746 5779 1201 5838 Contexturam.
1228 5779 1627 5838 Prudentiam.
1662 5779 1828 5840 Forte
1854 5774 2144 5856 interpres
2169 5776 2392 5838 invenit
2425 5776 2664 5834 σύνθεσιν
2691 5784 2795 5838 aut
2826 5776 2989 5838 aliud
3019 5776 3167 5856 quid
3195 5777 3405 5838 simile.
