4156 6420
249 352 388 416 4347
1302 335 1664 406 COMMENT.
1711 338 1777 402 1N
1818 345 1890 400 io

1999 347 2159 399 Nl‘JM.
2201 377 2268 385 —-
2299 343 2453 400 CAP.
2499 342 2599 396 IX.
3502 351 3639 409 i3l8

250 482 462 546 ἤνοιξαν
505 486 596 536 καὶ
640 480 785 534 ἄλλοι
814 479 1109 553 ὀφθαλμούς
1145 477 1259 550 (97)
1294 497 1306 508 ·
1355 474 1548 548 τυφλοῦ
1581 471 1639 526 δε
1689 473 1743 526 ἐκ
1779 492 1860 544 γε-

1990 471 2189 526 ιὶωἰιθ.
2226 470 2368 526 Caeci
2392 485 2655 542 namque
2687 469 2890 527 oculos
2919 472 3016 528 alii
3043 473 3222 531 etiam
3245 486 3631 549 aperuerunt,

252 582 397 634 νετῆς
448 573 562 640 (98)
608 567 798 632 οὐδείς.
851 574 1048 624 Λοιπὸν
1095 573 1263 621 τοίνυν
1308 570 1366 620 τὸ
1406 565 1721 641 ὑπερϐάλλον
1771 571 1862 616 τοῦ

1997 560 2111 615 neci
2164 576 2302 615 vero
2353 576 2389 615 a
2434 559 2739 616 nativitate
2783 561 3001 617 nullus.
3048 564 3390 636 Magnitudo
3437 568 3638 642 itaque

257 666 524 736 θαύματος
557 664 687 715 θεῖόν
720 681 835 712 τινα
861 657 1086 713 δεικνύει
1114 663 1200 710 τόν
1224 657 1442 731 ἐργάτην
1469 656 1645 709 αὐτοῦ.
1679 654 1737 707 Ὀ
1763 658 1863 729 γὰρ

1995 649 2246 705 niraculi
2278 648 2548 704 divinum
2583 651 2933 722 quempiam
2956 667 3085 708 esse
3131 655 3262 726 ejus
3295 656 3636 715 effectorem

257 756 435 827 μεῖζον
465 754 668 805 πάντων
697 760 793 803 τῶν
822 749 1152 823 ἀνθρωπίνων
1182 749 1457 821 θαυμάτων
1486 754 1644 799 ποιῶν
1676 745 1866 818 μείζων

1997 739 2254 794 )stendit.
2291 742 2435 794 Nam
2462 741 2563 811 qui
2595 740 2795 811 majus
2819 741 3065 815 aliquod
3092 744 3213 798 edit
3264 745 3638 814 miraculum,

259 845 365 919 ἄρα
391 844 596 896 πάντων
621 850 719 894 τῶν
751 839 1018 914 ἀνθρώνων
1054 837 1212 891 ἐστίν.

2003 845 2163 902 [nam
2182 829 2295 883 sint
2318 829 2592 884 universa
2611 829 2880 887 humana
2903 831 3210 900 miracula,
3232 835 3434 908 utique
3451 837 3644 908 major

1094 934 1099 940 '
1981 924 2068 974 est
2093 918 2318 974 cunctis
2338 917 2710 974 hominibus.

339 1021 726 1092 Ἀπεκρίθησαν
859 1047 928 1060 —
1009 1018 1180 1088 ἡμᾶςς
1276 1015 1388 1066 Οὐκ
1483 1018 1699 1085 ἤνεγκαν
1784 1016 1869 1064 τόν

2053 1009 2211 1062 Vers.
2264 1009 2350 1064 34.
2394 1008 2845 1078 Responderunt
2891 1042 2957 1052 —
3002 1028 3099 1067 nos
3136 1014 3163 1068 ?
3205 1017 3333 1071 Non
3384 1015 3646 1073 tulerunt

265 1109 502 1184 λαμπρὸν
571 1107 786 1180 ἔλεγχον
845 1111 933 1158 καὶ
1006 1110 1098 1163 τὴν
1165 1112 1414 1177 περιφανῆ
1471 1109 1656 1162 νίκην·
1730 1122 1868 1176 περι-

2003 1098 2359 1154 nanifestam
2381 1098 2854 1168 redargutionem
2868 1117 2938 1158 ac
2956 1102 3293 1174 praeclaram
3309 1105 3644 1162 victoriam:

267 1202 557 1274 τραπείσης
605 1193 664 1249 δι
720 1204 814 1258 τῆς
869 1200 1122 1268 πονηρίας
1177 1196 1312 1245 κατὰ
1386 1201 1479 1254 τῆς
1538 1193 1730 1244 ἑαυτῶν
1795 1211 1873 1244 κε-

1998 1202 2273 1243 3onversa
2302 1194 2503 1243 autem
2545 1187 2766 1243 malitia
2795 1189 2854 1244 in
2908 1207 3086 1247 suum
3133 1192 3404 1264 ipsorum
3437 1199 3639 1268 caput,

269 1287 453 1361 γαλῆς,
524 1286 853 1360 ὀργισθέντες
917 1283 1130 1360 ὕϐριζον
1199 1283 1310 1353 (99)
1384 1282 1556 1349 αὐτόν,
1621 1282 1869 1353 λέγοντες·

2006 1275 2277 1348 ndignati
2306 1281 2446 1331 sunt.
2465 1275 2544 1331 illi
2578 1275 2870 1334 dicentes:
2900 1279 3182 1337 Peccator
3208 1285 3446 1340 omnino
3469 1288 3647 1341 natus

270 1376 582 1450 Αμαρτωλός
664 1379 727 1426 σὺ
802 1375 1076 1446 ἐγεννήθης
1158 1372 1300 1433 ὅλως,
1371 1375 1533 1442 ἤγουν
1617 1377 1704 1429 την
1782 1371 1878 1445 αρ-

2001 1382 2062 1432 as,
2099 1370 2220 1422 sive
2251 1368 2324 1422 ab
2344 1365 2527 1433 initio,
2555 1383 2590 1422 a
2621 1368 2815 1440 prima
2847 1368 3044 1425 statim
3069 1378 3257 1427 aetate.
3289 1374 3642 1446 lnsipienter

266 1472 396 1540 χὴν,
460 1465 516 1518 ἐκ
581 1470 789 1536 πρώτης
844 1463 1066 1524 ἡλικίας.
1126 1460 1503 1534 ’Υπελάμϐανον
1559 1464 1660 1534 γὰρ
1719 1460 1875 1512 αὐτόν

2008 1472 2250 1528 iamque
2281 1456 2702 1528 opinabantur,
2735 1464 2976 1530 propter
3007 1465 3252 1532 peccata
3291 1463 3490 1536 aliqua
3520 1481 3649 1520 esse

271 1555 498 1617 ἀνοήτως
565 1551 637 1607 δι’
698 1552 956 1628 ἁμαρτίας
1007 1555 1144 1612 τινας
1198 1550 1386 1623 τυφλὸν
1443 1553 1753 1622 γεννηθῆναι
1807 1551 1876 1612 εἰς

2004 1552 2195 1600 latum
2212 1562 2459 1610 caecum,
2483 1552 2541 1601 ut
2559 1547 3089 1606 ostenderenteum
3115 1566 3244 1607 esse
3269 1559 3645 1624 peccatorem.

271 1642 539 1708 ἀπόδειξιν
597 1650 689 1695 τοῦ
753 1640 883 1695 εἶναι
945 1642 1101 1694 αὐτὸν
1163 1640 1486 1714 ἁμαρτωλὸν.
1548 1645 1731 1693 Καίτοι
1787 1646 1877 1692 καὶ

2010 1635 2166 1707 ttqui
2197 1635 2432 1691 etiamsi
2452 1642 2728 1708 peccator
2749 1643 2893 1710 erat,
2923 1656 3228 1696 sermones
3245 1643 3373 1713 ejus
3395 1644 3651 1716 probare

271 1733 574 1810 ἁμαρτωλὸς
602 1732 686 1785 ἐὰν
720 1729 801 1799 ἧν,
835 1735 954 1794 τοὺς
983 1731 1168 1804 λόγους
1207 1727 1312 1783 ἔδει
1342 1733 1527 1782 τούτου
1561 1727 1878 1803 δοκιμάσαι,

2015 1726 2265 1798 ψογῐυὶῐ,
2301 1725 2352 1780 si
2376 1727 2493 1782 veri
2521 1732 2741 1782 essent:
2770 1729 2917 1799 quid
2940 1729 3099 1785 enim
3128 1731 3377 1788 absurdi
3404 1732 3656 1792 dixerat?

273 1825 317 1879 εἰ
343 1823 550 1884 ἀληθεῖς
582 1822 684 1875 εἰσι
719 1840 730 1852 ⁸
763 1825 813 1874 τί
836 1823 937 1894 γὰρ
967 1822 1159 1873 ἄτοπον
1192 1817 1324 1872 εἶπεν
1349 1837 1362 1886 ;

2064 1818 2222 1872 Vers.
2255 1815 2344 1871 34.
2374 1817 2448 1871 Et
2475 1847 2538 1855 —
2569 1817 2751 1887 foras.
2783 1817 2871 1873 Ab
2902 1819 3150 1877 ecclesia
3179 1827 3235 1877 et
3261 1824 3543 1880 concione
3568 1840 3655 1880 re-

349 1919 450 1968 Καὶ
496 1945 563 1955 -
613 1912 727 1976 ἔξω.
805 1912 1242 1984 Ἀποσυνάγωυγόν
1313 1909 1564 1968 ἐποίησαν
1638 1914 1722 1963 τὸν
1788 1917 1883 1970 κή-

2014 1903 2276 1961 mlerunt
2318 1921 2660 1977 praeconem
2690 1906 2971 1973 veritatis,
3007 1914 3294 1984 tanquam
3327 1912 3537 1970 Christi
3567 1913 3655 1970 di-

275 2025 411 2079 ρυκα
469 2013 564 2066 τῆς
627 2001 889 2068 ἀληθείας,
947 2005 1016 2064 ὡς
1080 2004 1318 2074 μαθητὴν
1392 1997 1548 2060 δῆθεν
1602 2009 1693 2053 τοῦ
1752 2009 1880 2074 Χρι-

2012 1995 2313 2068 ιοὶρυιιιω.
2344 1995 2490 2050 Cum
2518 1997 2677 2051 enim
2726 1997 3088 2055 miraculum
3135 2000 3492 2058 calumniari
3529 2020 3653 2060 non

280 2102 428 2148 στοῦ.
483 2097 567 2152 Μὴ
622 2089 921 2153 δυνηθέντες
977 2093 1076 2165 γὰρ
1136 2091 1422 2164 ἐπηρεάσαι
1498 2099 1568 2160 τῷ
1634 2093 1883 2163 θαύματι,

2016 2085 2347 2151 )otuissent,
2384 2085 2508 2142 imo
2539 2086 2736 2158 potius
2762 2103 2793 2142 e
2844 2088 3078 2146 diverso
3121 2089 3350 2147 celebre
3400 2092 3537 2149 illud
3567 2111 3657 2150 ve-

284 2184 578 2237 τούναντίον
630 2178 688 2235 δὲ
736 2181 925 2252 μᾶλλον
971 2179 1277 2254 περιϐόητον
1327 2179 1450 2232 αὐτὸ
1506 2176 1600 2232 διὰ
1641 2188 1734 2241 τῆς
1790 2200 1888 2232 πο-

2014 2175 2259 2230 iementi
2315 2191 2385 2231 ac
2441 2176 2679 2233 curiosa
2739 2177 3189 2250 investigatione
3241 2181 3655 2255 reddidissent,

278 2273 742 2349 λυπραγμοσύνης,
768 2275 1099 2337 ποιήσαντες,
1125 2277 1332 2322 κενοὺσι
1355 2270 1434 2342 (1)
1456 2273 1543 2322 τόν
1569 2272 1726 2344 θυμόν
1754 2272 1890 2322 κατὰ

2018 2282 2174 2321 suum
2200 2263 2518 2322 effundunt
2535 2265 2796 2323 furorem
2822 2268 3111 2324 adversus
3134 2285 3273 2326 eum
3297 2272 3396 2342 qui
3415 2280 3659 2330 curatus

282 2370 375 2416 τοῦ
404 2363 822 2434 θεραπευθέντος.

573 2363 822 2422 ευθέντος.
1997 2356 2214 2412 fuerat.

353 2455 612 2510 Ἤκουσεν
687 2484 750 2496 --
809 2458 975 2525 9:00;
1047 2452 1301 2524 Ἐρχεται
1370 2452 1546 2524 μεῖζον
1633 2451 1890 2526 εὐεργετή-

2076 2445 2245 2500 Vers.
2277 2445 2368 2500 35.
2407 2444 2653 2502 Audiuit
2704 2479 2771 2489 —
2805 2447 2954 2503 Dei?
2996 2451 3161 2506 Venit
3191 2455 3254 2507 ut
3302 2451 3495 2523 majus
3525 2468 3665 2509 con-

283 2565 386 2598 σων
418 2548 502 2597 τὸν
543 2541 852 2602 ἐκϐληθέντα
898 2540 970 2595 δι’
1017 2542 1193 2607 αὐτὸν,
1244 2546 1333 2593 καὶ
1379 2538 1580 2594 δίδωσι
1622 2545 1679 2593 τό
1733 2544 1892 2614 κεφά-

2024 2543 2174 2591 erret
2207 2535 2683 2606 beneﬁciumilli,
2718 2538 2820 2608 qui
2843 2543 3081 2611 propter
3104 2556 3164 2596 se
3195 2541 3387 2597 fuerat
3412 2542 3665 2613 ejectus,

279 2634 423 2688 λαιόν
503 2642 602 2685 τῶν
677 2631 907 2704 ἀγαθῶν,
986 2632 1254 2706 ’γνωρίζων
1328 2631 1508 2683 ἑαυτὸν
1581 2631 1743 2701 αὐτῷ,
1804 2635 1892 2683 καὶ

2027 2626 2288 2698 [uodque
2315 2625 2614 2681 bonorum
2648 2634 2831 2699 caput
2874 2635 2966 2685 est
2991 2628 3212 2700 tribuit,
3247 2647 3372 2686 sese
3396 2631 3476 2688 illi
3513 2649 3668 2705 pras-

281 2725 520 2798 μαθητὴν
553 2721 720 2794 ἀγαθῆ
755 2730 915 2775 ποιῶν
941 2738 952 2751 ·
983 2724 1038 2774 τὸ
1067 2717 1126 2774 δὲ
1159 2725 1223 2773 σὺ
1261 2717 1332 2773 δι’
1366 2720 1590 2783 ἐκείνους
1635 2719 1770 2774 εἶπεν
1812 2722 1891 2794 (2)

2022 2730 2154 2770 iens
2168 2715 2676 2784 cognoscendum,
2695 2732 2764 2771 ac
2778 2733 2986 2774 verum
2999 2719 3258 2776 efﬁciens
3276 2721 3663 2794 discipulum.

285 2813 651 2874 ἀπιστοῦντας.

2025 2803 2176 2872 Quod
2207 2811 2408 2860 autem
2436 2805 2554 2860 ait:
2591 2807 2697 2870 Tu,
2731 2813 2974 2880 propter
3006 2809 3140 2866 illos
3190 2811 3355 2877 dixit,
3391 2812 3495 2884 qui
3543 2828 3666 2870 non

2005 2893 2342 2950 credebant.

366 2990 647 3067 Ἀπεκρίθη
709 3022 778 3033 -
829 2990 1023 3058 civit-civ;
1068 2990 1419 3063 Ἀνεπτερώθη
1485 2999 1556 3060 τῷ
1616 2989 1773 3062 λόγῳ,
1833 2993 1897 3052 ὡς

2081 2985 2245 3041 Vers.
2278 2989 2364 3041 36.
2399 2986 2726 3056 Respondit
2768 3019 2837 3028 -—
2865 3004 2993 3046 eum
3023 2990 3051 3044 ?
3099 2991 3209 3062 Spe
3257 2991 3420 3049 bona
3467 2995 3546 3066 (ο)
3591 2995 3671 3051 ad

294 3084 502 3155 ἕτοιμος
546 3081 616 3144 εἰς
646 3085 704 3134 τὸ
735 3090 1041 3144 πιστεῦσαι,
1074 3085 1164 3133 καὶ
1199 3081 1346 3142 ζητεῖ
1392 3083 1573 3153 μαθεῖν
1603 3085 1683 3142 τίς
1733 3079 1896 3132 ἐστιν’

2029 3091 2349 3130 sermonem
2381 3082 2611 3131 erectus
2644 3082 2752 3145 est,
2808 3083 3097 3152 tanquam
3131 3088 3377 3152 paratus
3416 3083 3495 3139 ad
3551 3100 3670 3140 cre-

297 3171 359 3225 οὐ
384 3175 486 3248 γὰρ
519 3171 778 3230 ἠπίστατο
805 3175 885 3233 τίς
915 3169 1076 3225 ἐστιν.

2030 3165 2278 3219 tendum
2311 3181 2321 3218 :
2365 3171 2417 3220 et
2449 3165 2674 3221 discere
2712 3170 2942 3239 quaerit,
2980 3170 3260 3242 quisnam
3303 3172 3419 3242 sit;
3478 3189 3671 3247 neque

2013 3254 2174 3310 enim
2210 3254 2454 3321 sciebat,
2495 3256 2631 3327 quis
2651 3262 2821 3312 esset.

374 3347 499 3402 Εἶπε
558 3381 609 3390 -
644 3347 805 3403 ἐστίν.
861 3380 924 3390 -
981 3348 1236 3422 Ἑώρακας
1288 3347 1464 3412 αὐτόν,
1522 3348 1579 3400 οὗ
1631 3352 1899 3422 πρότερον,

2087 3343 2247 3400 Vers.
2277 3345 2364 3399 37.
2399 3345 2557 3401 Dixit
2601 3377 2666 3385 —
2699 3353 2797 3402 est.
2867 3347 3074 3404 Vidisti
3109 3365 3239 3406 eum
3275 3367 3288 3405 :
3323 3367 3439 3407 non
3482 3352 3700 3424 prius,-

300 3438 432 3491 ἀλλὰ
475 3449 583 3492 νυν.
635 3443 735 3492 Καὶ
776 3437 869 3490 οὐκ
906 3440 1062 3506 εἶπεν,
1111 3443 1242 3509 Ἐγώ
1320 3437 1426 3509 εἰμι
1478 3439 1502 3489 ό
1553 3437 1754 3500 ἀνοίξας
1783 3442 1902 3500 τοὺς

2031 3435 2128 3490 sed
2158 3451 2331 3490 nunc.
2365 3437 2491 3490 Non
2521 3435 2687 3501 dixit,
2737 3439 2854 3508 Ego
2884 3455 3042 3504 sum,
3075 3442 3178 3512 qui
3213 3441 3420 3512 aperui
3465 3443 3672 3501 oculos

301 3527 600 3601 ὀφθαλμούς
655 3547 770 3583 σου.
822 3527 1064 3580 Βούλεται
1111 3531 1210 3599 ’γὰρ
1270 3523 1440 3590 δεῖξαι
1490 3531 1546 3579 τὸ
1606 3525 1906 3600 ἀπερίεργον

2033 3532 2178 3581 tuos.
2222 3523 2355 3580 Vult
2384 3523 2544 3580 enim
2575 3526 3016 3598 simplicitatem
3048 3546 3118 3584 ac
3172 3532 3674 3602 praeparationem

300 3616 402 3679 τῆς
462 3624 690 3679 πίστεως
736 3617 897 3670 αὐτοῦ
967 3621 1098 3690 πρὸς
1151 3616 1391 3688 ὠφέλειαν
1450 3625 1550 3668 τῶν
1620 3625 1909 3674 τηνικαῦτα

2038 3614 2106 3688 ςρ)
2139 3615 2280 3670 ﬁdei
2321 3615 2476 3670 illius
2533 3617 2864 3684 ostendere,
2906 3619 2982 3673 ad
3015 3635 3213 3674 eorum
3259 3620 3364 3692 qui
3420 3637 3679 3694 praesen-

302 3711 594 3779 παρόντων,
657 3712 746 3759 καὶ
799 3705 1048 3779 ἐντροπὴν
1097 3715 1196 3758 τῶν
1259 3710 1346 3757 καὶ
1392 3705 1558 3758 πολλὰ
1617 3702 1909 3778 διδαχθέν-

2039 3721 2112 3760 .es
2159 3710 2327 3761 erant
2358 3705 2687 3772 utilitatem,
2723 3723 2792 3762 ac
2823 3709 3238 3764 confusionem
3286 3727 3518 3779 eorum,
3573 3712 3680 3784 qui

305 3817 430 3861 των,
507 3801 591 3848 καὶ
648 3795 812 3848 πολλὰ
871 3803 1064 3862 σημεῖα
1125 3798 1470 3866 θεασαμένων,
1523 3800 1611 3847 καὶ
1682 3800 1752 3868 μη
1833 3816 1916 3848 πι-

2042 3811 2153 3850 :um
2174 3794 2354 3849 multa
2377 3795 2568 3850 edocti
2583 3799 2808 3867 essent,
2823 3797 3123 3871 multaque
3143 3798 3320 3868 signa
3337 3803 3683 3873 conspexis-

309 3887 636 3938 στευσάντων
693 3887 787 3940 ἔτι.
839 3891 1005 3938 Μόνον
1051 3887 1152 3957 γὰρ
1217 3883 1446 3945 ἀκούσας
1501 3886 1582 3937 ὅτι
1637 3884 1694 3936 Ὁ
1751 3884 1914 3937 λαλῶν

2135 3890 2172 3948 t,
2207 3899 2329 3939 non
2357 3887 2560 3939 tamen
2591 3885 2786 3940 adhuc
2819 3887 3157 3942 credebant.
3206 3888 3354 3944 Nam
3388 3889 3498 3946 hoc
3553 3889 3683 3946 solo

308 3977 441 4047 μετὰ
542 3982 636 4027 σοῦ
748 3975 934 4037 ἐκεῖνός
1055 3972 1219 4037 ἐστιν,
1323 3974 1474 4036 εὐθὺς
1592 3978 1913 4028 ἐπίστευσεν.

2045 3974 2234 4028 indito
2267 3988 2278 4026 :
2311 3973 2507 4044 thui
2528 3975 2796 4044 loquitur
2825 3982 3015 4031 tecum
3047 3978 3170 4046 ipse
3185 3984 3284 4044 est,
3311 3979 3510 4034 statim
3562 3995 3686 4035 cre-

308 4062 519 4135 ’Ήψατο
548 4067 647 4137 ’γὰρ
679 4065 705 4116 ὁ
747 4063 896 4136 λόγος
937 4063 1127 4115 αὐτίκα
1171 4072 1261 4123 τῆς
1309 4063 1470 4115 αὐτοῦ
1498 4062 1705 4134 ψυχῆς,
1758 4066 1917 4137 εὑρὼν

2048 4062 2218 4128 lidit;
2262 4078 2458 4118 sermo
2491 4079 2752 4136 namque
2783 4065 3050 4120 animam
3075 4065 3228 4120 illius
3269 4075 3513 4138 repente
3560 4069 3689 4125 teti-

314 4154 478 4212 αὐτὴν
505 4155 728 4226 ἀγαθὴν,
760 4158 850 4206 καὶ
875 4151 1198 4224 κατέλαμψεν
1227 4153 1388 4210 αὐτὴν
1420 4153 1487 4214 εἰς
1524 4152 1802 4225 ἐπίγνωσιν
1828 4157 1918 4206 καὶ

2046 4154 2133 4222 git,
2167 4168 2421 4224 cumque
2448 4152 2675 4208 bonam
2703 4153 2864 4209 illam
2893 4155 3240 4223 invenisset,
3299 4156 3369 4211 ad
3397 4158 3687 4228 cognitio-

315 4249 521 4300 πίστιν.
551 4242 686 4318 Ὀρα
709 4245 833 4316 γάρ.

2030 4258 2170 4299 nem
2203 4259 2274 4297 ac
2303 4243 2484 4298 ﬁdem
2526 4260 2662 4298 eam
2701 4243 3075 4301 illuminavit.
3120 4245 3259 4302 Vide
3289 4246 3470 4302 enim.

387 4332 445 4386 Ὀ
516 4329 575 4387 δὲ
620 4364 690 4373 -
734 4331 901 4404 αὐτῷ.
961 4333 1344 4407 Προσεκύνησε,
1401 4328 1627 4403 βεϐαιῶν
1680 4333 1760 4384 ὅτι
1812 4331 1922 4384 ἐπί-

2104 4332 2271 4387 Vers.
2305 4336 2390 4388 38.
2410 4334 2490 4388 At
2513 4335 2616 4390 ille
2645 4366 2713 4374 ——
2739 4350 2863 4391 eum
2909 4335 3206 4403 Adoravit,
3234 4336 3596 4394 confirmans
3628 4354 3691 4395 se

320 4442 527 4476 στενσε.

2035 4423 2293 4478 credere.

397 4517 496 4566 Καὶ
554 4543 620 4552 -
668 4515 936 4583 γένωνται.
1022 4514 1122 4564 Καὶ
1173 4514 1276 4583 μὴν
1320 4513 1491 4562 ὀπίσω
1545 4513 1741 4582 εἴρηκεν
1777 4528 1789 4541 ·
1845 4513 1926 4564 ὃτι
1960 4553 2003 4605 D

2109 4514 2268 4566 Vers.
2301 4511 2389 4567 39.
2420 4513 2499 4567 Et
2528 4543 2597 4552 —
2623 4514 2797 4582 ﬁant.
2827 4513 3005 4587 Atqui
3036 4516 3308 4587 superius
3331 4515 3480 4573 dixit
3519 4518 3693 4574 :Non

322 4602 430 4655 Οὐκ
507 4600 804 4655 ἀπέστειλεν
869 4602 895 4653 ὁ
969 4604 1093 4662 Θεὸς
1145 4602 1230 4652 τόν
1300 4599 1418 4652 Υὶόν
1473 4599 1632 4652 αὐτοῦ
1695 4600 1762 4660 εἰς
1840 4599 1963 4653 τὸν⁴

2057 4601 2191 4657 nisit
2208 4601 2361 4657 Deus
2383 4601 2606 4658 Filium
2625 4619 2793 4659 suum
2805 4603 2868 4659 in
2886 4605 3196 4671 mundum,
3218 4612 3283 4662 ut
3300 4607 3698 4678 judicetmun-

321 4695 540 4764 κόσμον,
619 4694 703 4744 ῖνα
748 4695 897 4766 κρίνῃ
969 4694 1056 4743 τόν
1112 4694 1330 4762 κόσμον.
1410 4689 1567 4742 Ἀλλὰ
1622 4697 1787 4762 κρῖμα
1838 4697 1926 4742 νῦν

2059 4691 2176 4746 tum
2196 4692 2264 4756 ³³,
2285 4690 2389 4745 sed
2401 4690 2697 4762 judicium
2716 4697 2886 4748 vocat
2901 4693 2998 4749 hic
3010 4695 3594 4752 condemnationem.
3610 4698 3700 4754 Ad

321 4785 380 4835 τὸ
431 4783 733 4857 κατάκριμα
783 4780 941 4852 λέγει,
999 4782 1081 4832 ὅτι
1131 4779 1220 4840 Εἰς
1267 4781 1570 4852 κατάκριμα
1639 4778 1738 4852 ἐγὼ
1791 4779 1930 4838 ἐνην-

2063 4779 2630 4845 :ondemnationem,
2647 4780 2856 4853 inquit,
2872 4785 3278 4855 quorumdam
3300 4801 3411 4855 ego
3428 4787 3704 4844 incarna-

327 4873 586 4946 θρώπησά
667 4890 838 4926 τινων.
918 4869 1278 4944 Ἐφερμηεύων
1364 4870 1466 4944 γὰρ
1562 4872 1650 4922 τόν
1755 4869 1925 4941 λόγον,

2063 4886 2131 4925 us
2162 4884 2297 4925 sum
2333 4884 2509 4926 :nam
2543 4869 2940 4944 interpretans
2983 4890 3320 4932 sermonem
3365 4875 3576 4935 addit:
3625 4877 3701 4935 Ut

400 5051 448 5085 ’³
475 5036 652 5108 .ῐοιιιι.¹
686 5065 764 5117 ιιι,
807 5055 884 5106 t7.

1574 5172 1793 5244 Variae
1837 5172 2170 5243 lectiones
2197 5183 2263 5242 et
2287 5181 2493 5243 notae.

429 5324 494 5379 97
558 5319 889 5395 Ὀφθαλμούς
909 5317 1126 5378 omittit
1155 5318 1218 5374 Β.
1534 5369 1538 5374 ,

431 5398 499 5450 98
556 5400 809 5456 Γεννητῆς
840 5398 902 5448 Α.

406 5321 522 5542 Ξ99)
559 5463 913 5541 ’Υϐρίζουσινι

909 5317 1126 5378 omittit
1155 5318 1218 5374 Β.
1534 5369 1538 5374 ,
2147 5317 2200 5387 1)
2231 5324 2448 5374 Κινοῦσι
2474 5323 2537 5375 Α.

896 5435 902 5447 ,
2121 5319 2199 5464 ἓὲ)
2237 5394 2370 5454 Τοὺς
2407 5391 2537 5448 vide

431 5391 522 5459 98)
556 5391 775 5452 Γεννητῆ
787 5413 809 5456 ς
840 5398 902 5448 Α.

2121 5391 2199 5459 (2)
2237 5394 2370 5454 Τοὺς
2407 5391 2642 5448 videtur
2679 5391 3049 5451 addendum.

430 5463 522 5541 99)
559 5463 913 5541 ’Υϐρίζουσινι

412 5663 495 5736 (ο)
532 5662 648 5732 Spe
680 5662 849 5730 bona,
881 5663 991 5717 etc.
1047 5657 1319 5716 Elevatus
1361 5661 1449 5715 est
1497 5622 1774 5714 sermone
1803 5658 1937 5724 hoc,

2074 5657 2678 5737 zc‘pijwparqtioneni.
2719 5661 2866 5737 Nam
2899 5658 3290 5737 rbjzmptepyqv
3339 5667 3434 5727 τῆς
3485 5667 3715 5729 πίστεως

337 5729 654 5809 tanquam.
711 5803 748 5809 __
795 5729 841 5809 _’
1117 5805 1127 5809 Δ
1261 5801 1324 5809 ___
1449 5801 1462 5809 _
1777 5806 1784 5809 _
1908 5805 1916 5809 _
2056 5734 2143 5809 est
2179 5729 2310 5809 ejus
2335 5730 2441 5809 qui
2489 5730 2827 5809 simpliciter
2847 5731 3057 5809 credit,
3087 5729 3344 5809 qu'i'sine
3374 5737 3541 5796 omni
3594 5738 3715 5794 hae-

416 5801 499 5884 (p')
537 5803 1006 5877 Simplicitalem,
1076 5805 1185 5859 etc.
1261 5801 1362 5860 Hic
1411 5801 1617 5860 abesse
1691 5805 1940 5880 poterat,
2001 5882 2008 5888 ὴ
2057 5801 2370 5870 εἰίειίίοιιθί
2399 5803 2766 5861 dubitatione
2802 5808 2857 5859 et
2895 5801 3087 5864 nimia
3106 5801 3451 5865 curiositate
3503 5810 3712 5871 credit.
