  <div class='ocr_page' id='page_1' title='image "/cluster/home/n/w/nwhite01/storage/ocr_20150623/129/coo.31924054870344/669.png"; bbox 0 0 4156 6440; ppageno 0'>
   <div class='ocr_carea' id='block_1_1' title="bbox 578 382 713 444">
    <p class='ocr_par' dir='ltr' id='par_1_1' title="bbox 578 382 713 444">
     <span class='ocr_line' id='line_1_1' title="bbox 578 382 713 444; baseline 0.015 -2"><span class='ocrx_word' id='word_1_1' title='bbox 578 382 713 444; x_wconf 68' lang='grc'>4319</span> 
     </span>
    </p>
   </div>
   <div class='ocr_carea' id='block_1_2' title="bbox 1886 391 2633 458">
    <p class='ocr_par' dir='ltr' id='par_1_2' title="bbox 1886 391 2633 458">
     <span class='ocr_line' id='line_1_2' title="bbox 1886 391 2633 458; baseline 0.003 -3"><span class='ocrx_word' id='word_1_2' title='bbox 1886 398 2230 457; x_wconf 85' lang='lat' dir='ltr'>EU&#39;I‘HYMII</span> <span class='ocrx_word' id='word_1_3' title='bbox 2281 391 2633 458; x_wconf 75' lang='lat' dir='ltr'>ZAGABENI</span> 
     </span>
    </p>
   </div>
   <div class='ocr_carea' id='block_1_3' title="bbox 3814 404 3938 461">
    <p class='ocr_par' dir='ltr' id='par_1_3' title="bbox 3814 404 3938 461">
     <span class='ocr_line' id='line_1_3' title="bbox 3814 404 3938 461; baseline 0.016 -2"><span class='ocrx_word' id='word_1_4' title='bbox 3814 404 3938 461; x_wconf 68' lang='lat'>4320</span> 
     </span>
    </p>
   </div>
   <div class='ocr_carea' id='block_1_4' title="bbox 575 512 2215 603">
    <p class='ocr_par' dir='ltr' id='par_1_4' title="bbox 575 512 2215 593">
     <span class='ocr_line' id='line_1_4' title="bbox 575 512 2215 593; baseline 0.004 -21"><span class='ocrx_word' id='word_1_5' title='bbox 575 519 680 588; x_wconf 88' lang='lat' dir='ltr'>qui</span> <span class='ocrx_word' id='word_1_6' title='bbox 700 533 819 573; x_wconf 83' lang='lat' dir='ltr'>non</span> <span class='ocrx_word' id='word_1_7' title='bbox 843 516 1062 585; x_wconf 75' lang='lat' dir='ltr'>vident,</span> <span class='ocrx_word' id='word_1_8' title='bbox 1097 512 1210 575; x_wconf 85' lang='lat' dir='ltr'>hoc</span> <span class='ocrx_word' id='word_1_9' title='bbox 1237 525 1343 585; x_wconf 82' lang='lat' dir='ltr'>est,</span> <span class='ocrx_word' id='word_1_10' title='bbox 1373 523 1468 593; x_wconf 88' lang='lat' dir='ltr'>qui</span> <span class='ocrx_word' id='word_1_11' title='bbox 1487 521 1833 592; x_wconf 88' lang='lat' dir='ltr'>judicantur</span> <span class='ocrx_word' id='word_1_12' title='bbox 1864 526 2005 580; x_wconf 75' lang='lat' dir='ltr'>caeci</span> <span class='ocrx_word' id='word_1_13' title='bbox 2033 529 2215 581; x_wconf 65' lang='lat' dir='ltr'>mente</span> 
     </span>
    </p>
   </div>
   <div class='ocr_carea' id='block_1_5' title="bbox 2327 512 3934 603">
    <p class='ocr_par' dir='ltr' id='par_1_5' title="bbox 2344 526 3934 603">
     <span class='ocr_line' id='line_1_5' title="bbox 2344 526 3934 603; baseline 0.002 -24"><span class='ocrx_word' id='word_1_14' title='bbox 2344 532 2523 598; x_wconf 78' lang='grc' dir='ltr'>φησὶν,</span> <span class='ocrx_word' id='word_1_15' title='bbox 2595 527 2706 581; x_wconf 85' lang='grc' dir='ltr'>Ἰνα</span> <span class='ocrx_word' id='word_1_16' title='bbox 2753 530 2801 580; x_wconf 81' lang='lat' dir='ltr'>oi</span> <span class='ocrx_word' id='word_1_17' title='bbox 2866 533 2937 601; x_wconf 80' lang='grc' dir='ltr'>μὴ</span> <span class='ocrx_word' id='word_1_18' title='bbox 3011 528 3300 601; x_wconf 84' lang='grc' dir='ltr'>βλέποντες,</span> <span class='ocrx_word' id='word_1_19' title='bbox 3377 533 3538 603; x_wconf 74' lang='grc' dir='ltr'>ἤγουν</span> <span class='ocrx_word' id='word_1_20' title='bbox 3616 532 3663 582; x_wconf 85' lang='grc' dir='ltr'>οἱ</span> <span class='ocrx_word' id='word_1_21' title='bbox 3740 526 3934 582; x_wconf 86' lang='grc' dir='ltr'>δοκοῦν-</span> 
     </span>
    </p>
   </div>
   <div class='ocr_carea' id='block_1_6' title="bbox 577 609 2232 681">
    <p class='ocr_par' dir='ltr' id='par_1_6' title="bbox 577 609 2232 681">
     <span class='ocr_line' id='line_1_6' title="bbox 577 609 2232 681; baseline 0.007 -21"><span class='ocrx_word' id='word_1_22' title='bbox 577 609 1267 679; x_wconf 86' lang='lat' dir='ltr'>propterScripturarnm</span> <span class='ocrx_word' id='word_1_23' title='bbox 1302 611 1718 681; x_wconf 83' lang='lat' dir='ltr'>ignorantiam,</span> <span class='ocrx_word' id='word_1_24' title='bbox 1750 614 1846 669; x_wconf 88' lang='lat' dir='ltr'>hic</span> <span class='ocrx_word' id='word_1_25' title='bbox 1879 614 2123 671; x_wconf 83' lang='lat' dir='ltr'>videant</span> <span class='ocrx_word' id='word_1_26' title='bbox 2148 615 2232 671; x_wconf 92' lang='lat' dir='ltr'>lu-</span> 
     </span>
    </p>
   </div>
   <div class='ocr_carea' id='block_1_7' title="bbox 579 697 2232 771">
    <p class='ocr_par' dir='ltr' id='par_1_7' title="bbox 579 697 2232 771">
     <span class='ocr_line' id='line_1_7' title="bbox 579 697 2232 771; baseline 0.005 -21"><span class='ocrx_word' id='word_1_27' title='bbox 579 711 718 751; x_wconf 89' lang='lat' dir='ltr'>men</span> <span class='ocrx_word' id='word_1_28' title='bbox 748 697 1013 753; x_wconf 82' lang='lat' dir='ltr'>veritatis</span> <span class='ocrx_word' id='word_1_29' title='bbox 1047 701 1266 769; x_wconf 86' lang='lat' dir='ltr'>apertis</span> <span class='ocrx_word' id='word_1_30' title='bbox 1295 702 1506 756; x_wconf 69' lang='lat' dir='ltr'>animae</span> <span class='ocrx_word' id='word_1_31' title='bbox 1548 719 1756 758; x_wconf 92' lang='lat' dir='ltr'>eorum</span> <span class='ocrx_word' id='word_1_32' title='bbox 1804 703 2013 771; x_wconf 89' lang='lat' dir='ltr'>oculis,</span> <span class='ocrx_word' id='word_1_33' title='bbox 2042 704 2120 759; x_wconf 90' lang='lat' dir='ltr'>ab</span> <span class='ocrx_word' id='word_1_34' title='bbox 2161 720 2232 760; x_wconf 92' lang='lat' dir='ltr'>ea</span> 
     </span>
    </p>
   </div>
   <div class='ocr_carea' id='block_1_8' title="bbox 576 785 2230 864">
    <p class='ocr_par' dir='ltr' id='par_1_8' title="bbox 576 785 2230 864">
     <span class='ocr_line' id='line_1_8' title="bbox 576 785 2230 864; baseline 0.007 -26"><span class='ocrx_word' id='word_1_35' title='bbox 576 800 711 856; x_wconf 68' lang='lat' dir='ltr'>quae</span> <span class='ocrx_word' id='word_1_36' title='bbox 738 785 799 839; x_wconf 92' lang='lat' dir='ltr'>in</span> <span class='ocrx_word' id='word_1_37' title='bbox 824 804 915 840; x_wconf 90' lang='lat' dir='ltr'>me</span> <span class='ocrx_word' id='word_1_38' title='bbox 946 794 1034 841; x_wconf 92' lang='lat' dir='ltr'>est</span> <span class='ocrx_word' id='word_1_39' title='bbox 1065 787 1198 843; x_wconf 84' lang='lat' dir='ltr'>ﬁde.</span> <span class='ocrx_word' id='word_1_40' title='bbox 1236 790 1344 853; x_wconf 88' lang='lat' dir='ltr'>Qui</span> <span class='ocrx_word' id='word_1_41' title='bbox 1370 796 1573 845; x_wconf 89' lang='lat' dir='ltr'>autem</span> <span class='ocrx_word' id='word_1_42' title='bbox 1620 792 1993 864; x_wconf 90' lang='lat' dir='ltr'>perspicaces</span> <span class='ocrx_word' id='word_1_43' title='bbox 2028 794 2230 849; x_wconf 90' lang='lat' dir='ltr'>viden-</span> 
     </span>
    </p>
   </div>
   <div class='ocr_carea' id='block_1_9' title="bbox 577 876 2231 953">
    <p class='ocr_par' dir='ltr' id='par_1_9' title="bbox 577 876 2231 953">
     <span class='ocr_line' id='line_1_9' title="bbox 577 876 2231 953; baseline 0.006 -26"><span class='ocrx_word' id='word_1_44' title='bbox 577 879 671 927; x_wconf 91' lang='lat' dir='ltr'>tur</span> <span class='ocrx_word' id='word_1_45' title='bbox 711 881 950 945; x_wconf 82' lang='lat' dir='ltr'>propter</span> <span class='ocrx_word' id='word_1_46' title='bbox 981 876 1421 947; x_wconf 84' lang='lat' dir='ltr'>Scripturarum</span> <span class='ocrx_word' id='word_1_47' title='bbox 1455 880 1747 947; x_wconf 77' lang='lat' dir='ltr'>notitiam,</span> <span class='ocrx_word' id='word_1_48' title='bbox 1783 882 1841 936; x_wconf 90' lang='lat' dir='ltr'>hi</span> <span class='ocrx_word' id='word_1_49' title='bbox 1872 882 2068 953; x_wconf 92' lang='lat' dir='ltr'>potius</span> <span class='ocrx_word' id='word_1_50' title='bbox 2118 899 2231 937; x_wconf 88' lang='lat' dir='ltr'>non</span> 
     </span>
    </p>
   </div>
   <div class='ocr_carea' id='block_1_10' title="bbox 576 962 2231 1030">
    <p class='ocr_par' dir='ltr' id='par_1_10' title="bbox 576 962 2231 1030">
     <span class='ocr_line' id='line_1_10' title="bbox 576 962 2231 1030; baseline 0.007 -13"><span class='ocrx_word' id='word_1_51' title='bbox 576 962 830 1030; x_wconf 86' lang='lat' dir='ltr'>videant,</span> <span class='ocrx_word' id='word_1_52' title='bbox 860 964 1082 1021; x_wconf 87' lang='lat' dir='ltr'>clausis</span> <span class='ocrx_word' id='word_1_53' title='bbox 1115 982 1322 1022; x_wconf 89' lang='lat' dir='ltr'>eorum</span> <span class='ocrx_word' id='word_1_54' title='bbox 1352 969 1729 1025; x_wconf 86' lang='lat' dir='ltr'>interioribus</span> <span class='ocrx_word' id='word_1_55' title='bbox 1760 972 1949 1027; x_wconf 87' lang='lat' dir='ltr'>oculis</span> <span class='ocrx_word' id='word_1_56' title='bbox 1979 972 2058 1027; x_wconf 87' lang='lat' dir='ltr'>ab</span> <span class='ocrx_word' id='word_1_57' title='bbox 2100 972 2231 1028; x_wconf 87' lang='lat' dir='ltr'>inﬁ-</span> 
     </span>
    </p>
   </div>
   <div class='ocr_carea' id='block_1_11' title="bbox 575 1051 827 1108">
    <p class='ocr_par' dir='ltr' id='par_1_11' title="bbox 575 1051 827 1108">
     <span class='ocr_line' id='line_1_11' title="bbox 575 1051 827 1108; baseline 0 -1"><span class='ocrx_word' id='word_1_58' title='bbox 575 1051 827 1108; x_wconf 90' lang='lat' dir='ltr'>delitate.</span> 
     </span>
    </p>
   </div>
   <div class='ocr_carea' id='block_1_12' title="bbox 642 1142 2230 1221">
    <p class='ocr_par' dir='ltr' id='par_1_12' title="bbox 642 1142 2230 1221">
     <span class='ocr_line' id='line_1_12' title="bbox 642 1142 2230 1221; baseline 0.006 -24"><span class='ocrx_word' id='word_1_59' title='bbox 642 1142 971 1198; x_wconf 88' lang='lat' dir='ltr'>Dictionem</span> <span class='ocrx_word' id='word_1_60' title='bbox 1003 1160 1141 1201; x_wconf 90' lang='lat' dir='ltr'>vero</span> <span class='ocrx_word' id='word_1_61' title='bbox 1182 1152 1261 1212; x_wconf 91' lang='lat' dir='ltr'>ut,</span> <span class='ocrx_word' id='word_1_62' title='bbox 1301 1162 1496 1220; x_wconf 90' lang='lat' dir='ltr'>neque</span> <span class='ocrx_word' id='word_1_63' title='bbox 1522 1148 1617 1203; x_wconf 89' lang='lat' dir='ltr'>hic</span> <span class='ocrx_word' id='word_1_64' title='bbox 1648 1154 1880 1221; x_wconf 87' lang='lat' dir='ltr'>oportet</span> <span class='ocrx_word' id='word_1_65' title='bbox 1900 1150 2230 1221; x_wconf 82' lang='lat' dir='ltr'>intelligere</span> 
     </span>
    </p>
   </div>
   <div class='ocr_carea' id='block_1_13' title="bbox 572 1232 2228 1310">
    <p class='ocr_par' dir='ltr' id='par_1_13' title="bbox 572 1232 2228 1310">
     <span class='ocr_line' id='line_1_13' title="bbox 572 1232 2228 1310; baseline 0.005 -24"><span class='ocrx_word' id='word_1_66' title='bbox 572 1232 905 1297; x_wconf 86' lang='lat' dir='ltr'>causaliter;</span> <span class='ocrx_word' id='word_1_67' title='bbox 929 1248 1049 1289; x_wconf 92' lang='lat' dir='ltr'>non</span> <span class='ocrx_word' id='word_1_68' title='bbox 1066 1236 1225 1290; x_wconf 91' lang='lat' dir='ltr'>enim</span> <span class='ocrx_word' id='word_1_69' title='bbox 1246 1238 1617 1308; x_wconf 71' lang='lat' dir='ltr'>propterboc</span> <span class='ocrx_word' id='word_1_70' title='bbox 1636 1239 1814 1305; x_wconf 88' lang='lat' dir='ltr'>venit,</span> <span class='ocrx_word' id='word_1_71' title='bbox 1836 1244 1893 1294; x_wconf 90' lang='lat' dir='ltr'>ut</span> <span class='ocrx_word' id='word_1_72' title='bbox 1910 1240 2014 1310; x_wconf 89' lang='lat' dir='ltr'>qui</span> <span class='ocrx_word' id='word_1_73' title='bbox 2030 1240 2228 1296; x_wconf 82' lang='lat' dir='ltr'>vident</span> 
     </span>
    </p>
   </div>
   <div class='ocr_carea' id='block_1_14' title="bbox 570 1323 2230 1400">
    <p class='ocr_par' dir='ltr' id='par_1_14' title="bbox 570 1323 2230 1400">
     <span class='ocr_line' id='line_1_14' title="bbox 570 1323 2230 1400; baseline 0.005 -24"><span class='ocrx_word' id='word_1_74' title='bbox 570 1323 712 1377; x_wconf 66' lang='lat' dir='ltr'>caeci</span> <span class='ocrx_word' id='word_1_75' title='bbox 748 1323 919 1390; x_wconf 82' lang='lat' dir='ltr'>ﬁant,</span> <span class='ocrx_word' id='word_1_76' title='bbox 967 1326 1486 1394; x_wconf 86' lang='lat' dir='ltr'>quemadmodum</span> <span class='ocrx_word' id='word_1_77' title='bbox 1524 1328 1701 1383; x_wconf 90' lang='lat' dir='ltr'>etiam</span> <span class='ocrx_word' id='word_1_78' title='bbox 1726 1328 1799 1383; x_wconf 91' lang='lat' dir='ltr'>de</span> <span class='ocrx_word' id='word_1_79' title='bbox 1836 1330 1985 1393; x_wconf 82' lang='lat' dir='ltr'>ut,in</span> <span class='ocrx_word' id='word_1_80' title='bbox 2011 1345 2230 1400; x_wconf 67' lang='lat' dir='ltr'>praece-</span> 
     </span>
    </p>
   </div>
   <div class='ocr_carea' id='block_1_15' title="bbox 569 1411 2228 1490">
    <p class='ocr_par' dir='ltr' id='par_1_15' title="bbox 569 1411 2228 1490">
     <span class='ocr_line' id='line_1_15' title="bbox 569 1411 2228 1490; baseline 0.004 -25"><span class='ocrx_word' id='word_1_81' title='bbox 569 1411 843 1467; x_wconf 89' lang='lat' dir='ltr'>dentibus</span> <span class='ocrx_word' id='word_1_82' title='bbox 867 1412 1361 1483; x_wconf 85' lang='lat' dir='ltr'>signiﬁcavimus,</span> <span class='ocrx_word' id='word_1_83' title='bbox 1389 1418 1494 1472; x_wconf 85' lang='lat' dir='ltr'>sed</span> <span class='ocrx_word' id='word_1_84' title='bbox 1514 1420 1673 1490; x_wconf 92' lang='lat' dir='ltr'>quod</span> <span class='ocrx_word' id='word_1_85' title='bbox 1698 1417 1876 1473; x_wconf 82' lang='lat' dir='ltr'>futuri</span> <span class='ocrx_word' id='word_1_86' title='bbox 1908 1420 1978 1473; x_wconf 90' lang='lat' dir='ltr'>sit</span> <span class='ocrx_word' id='word_1_87' title='bbox 2003 1418 2228 1486; x_wconf 82' lang='lat' dir='ltr'>signifi-</span> 
     </span>
    </p>
   </div>
   <div class='ocr_carea' id='block_1_16' title="bbox 570 1502 2230 1579">
    <p class='ocr_par' dir='ltr' id='par_1_16' title="bbox 570 1502 2230 1579">
     <span class='ocr_line' id='line_1_16' title="bbox 570 1502 2230 1579; baseline 0.004 -23"><span class='ocrx_word' id='word_1_88' title='bbox 570 1502 781 1567; x_wconf 89' lang='lat' dir='ltr'>cativa;</span> <span class='ocrx_word' id='word_1_89' title='bbox 836 1503 1117 1568; x_wconf 87' lang='lat' dir='ltr'>futurum,</span> <span class='ocrx_word' id='word_1_90' title='bbox 1142 1505 1351 1576; x_wconf 88' lang='lat' dir='ltr'>inquit,</span> <span class='ocrx_word' id='word_1_91' title='bbox 1388 1514 1491 1572; x_wconf 91' lang='lat' dir='ltr'>est,</span> <span class='ocrx_word' id='word_1_92' title='bbox 1532 1515 1595 1563; x_wconf 87' lang='grc' dir='ltr'>ιιι</span> <span class='ocrx_word' id='word_1_93' title='bbox 1627 1508 1729 1579; x_wconf 85' lang='lat' dir='ltr'>qui</span> <span class='ocrx_word' id='word_1_94' title='bbox 1753 1523 1873 1563; x_wconf 86' lang='lat' dir='ltr'>non</span> <span class='ocrx_word' id='word_1_95' title='bbox 1906 1508 2104 1563; x_wconf 83' lang='lat' dir='ltr'>vident</span> <span class='ocrx_word' id='word_1_96' title='bbox 2150 1509 2230 1563; x_wconf 87' lang='lat' dir='ltr'>vi-</span> 
     </span>
    </p>
   </div>
   <div class='ocr_carea' id='block_1_17' title="bbox 569 1589 1572 1663">
    <p class='ocr_par' dir='ltr' id='par_1_17' title="bbox 569 1589 1572 1663">
     <span class='ocr_line' id='line_1_17' title="bbox 569 1589 1572 1663; baseline 0.004 -18"><span class='ocrx_word' id='word_1_97' title='bbox 569 1589 769 1657; x_wconf 81' lang='lat' dir='ltr'>deant,</span> <span class='ocrx_word' id='word_1_98' title='bbox 805 1594 857 1646; x_wconf 83' lang='lat' dir='ltr'>et</span> <span class='ocrx_word' id='word_1_99' title='bbox 877 1591 982 1661; x_wconf 87' lang='lat' dir='ltr'>qui</span> <span class='ocrx_word' id='word_1_100' title='bbox 1006 1593 1198 1648; x_wconf 82' lang='lat' dir='ltr'>vident</span> <span class='ocrx_word' id='word_1_101' title='bbox 1230 1595 1361 1649; x_wconf 74' lang='lat' dir='ltr'>caeci</span> <span class='ocrx_word' id='word_1_102' title='bbox 1399 1597 1572 1663; x_wconf 80' lang='lat' dir='ltr'>ﬁant.</span> 
     </span>
    </p>
   </div>
   <div class='ocr_carea' id='block_1_18' title="bbox 641 1681 2225 1757">
    <p class='ocr_par' dir='ltr' id='par_1_18' title="bbox 641 1681 2225 1757">
     <span class='ocr_line' id='line_1_18' title="bbox 641 1681 2225 1757; baseline 0.005 -24"><span class='ocrx_word' id='word_1_103' title='bbox 641 1682 771 1746; x_wconf 88' lang='lat' dir='ltr'>Aut,</span> <span class='ocrx_word' id='word_1_104' title='bbox 799 1681 863 1734; x_wconf 86' lang='lat' dir='ltr'>In</span> <span class='ocrx_word' id='word_1_105' title='bbox 879 1682 1179 1749; x_wconf 77' lang='lat' dir='ltr'>judicium</span> <span class='ocrx_word' id='word_1_106' title='bbox 1202 1698 1305 1753; x_wconf 79' lang='lat' dir='ltr'>ego</span> <span class='ocrx_word' id='word_1_107' title='bbox 1323 1686 1385 1739; x_wconf 87' lang='lat' dir='ltr'>in</span> <span class='ocrx_word' id='word_1_108' title='bbox 1414 1686 1696 1741; x_wconf 85' lang='lat' dir='ltr'>mundum</span> <span class='ocrx_word' id='word_1_109' title='bbox 1716 1686 1865 1754; x_wconf 86' lang='lat' dir='ltr'>veni,</span> <span class='ocrx_word' id='word_1_110' title='bbox 1896 1688 2004 1740; x_wconf 88' lang='lat' dir='ltr'>hoc</span> <span class='ocrx_word' id='word_1_111' title='bbox 2032 1685 2225 1757; x_wconf 86' lang='lat' dir='ltr'>est,ad</span> 
     </span>
    </p>
   </div>
   <div class='ocr_carea' id='block_1_19' title="bbox 568 1769 2225 1845">
    <p class='ocr_par' dir='ltr' id='par_1_19' title="bbox 568 1769 2225 1845">
     <span class='ocr_line' id='line_1_19' title="bbox 568 1769 2225 1845; baseline 0.002 -19"><span class='ocrx_word' id='word_1_112' title='bbox 568 1769 1053 1835; x_wconf 80' lang='lat' dir='ltr'>discernendum,</span> <span class='ocrx_word' id='word_1_113' title='bbox 1087 1773 1160 1827; x_wconf 89' lang='lat' dir='ltr'>ad</span> <span class='ocrx_word' id='word_1_114' title='bbox 1188 1774 1626 1845; x_wconf 85' lang='lat' dir='ltr'>separationem</span> <span class='ocrx_word' id='word_1_115' title='bbox 1646 1775 1862 1829; x_wconf 89' lang='lat' dir='ltr'>horum</span> <span class='ocrx_word' id='word_1_116' title='bbox 1892 1775 1971 1830; x_wconf 91' lang='lat' dir='ltr'>ab</span> <span class='ocrx_word' id='word_1_117' title='bbox 2002 1774 2139 1840; x_wconf 87' lang='lat' dir='ltr'>illis,</span> <span class='ocrx_word' id='word_1_118' title='bbox 2162 1782 2225 1831; x_wconf 90' lang='lat' dir='ltr'>nt</span> 
     </span>
    </p>
   </div>
   <div class='ocr_carea' id='block_1_20' title="bbox 2342 617 3936 693">
    <p class='ocr_par' dir='ltr' id='par_1_20' title="bbox 2342 617 3936 693">
     <span class='ocr_line' id='line_1_20' title="bbox 2342 617 3936 693; baseline 0.001 -24"><span class='ocrx_word' id='word_1_119' title='bbox 2342 636 2424 678; x_wconf 87' lang='grc' dir='ltr'>τες</span> <span class='ocrx_word' id='word_1_120' title='bbox 2474 617 2656 689; x_wconf 73' lang='grc' dir='ltr'>τυφλοὶ</span> <span class='ocrx_word' id='word_1_121' title='bbox 2709 620 2795 669; x_wconf 85' lang='grc' dir='ltr'>τόν</span> <span class='ocrx_word' id='word_1_122' title='bbox 2851 626 2969 671; x_wconf 86' lang='grc' dir='ltr'>νοῦν</span> <span class='ocrx_word' id='word_1_123' title='bbox 3028 627 3090 691; x_wconf 73' lang='grc' dir='ltr'>τῇ</span> <span class='ocrx_word' id='word_1_124' title='bbox 3171 618 3351 693; x_wconf 76' lang='grc' dir='ltr'>ἀγνοίᾳ</span> <span class='ocrx_word' id='word_1_125' title='bbox 3412 629 3511 672; x_wconf 88' lang='grc' dir='ltr'>τῶν</span> <span class='ocrx_word' id='word_1_126' title='bbox 3570 624 3800 693; x_wconf 75' lang='grc' dir='ltr'>Γραφῶν,</span> <span class='ocrx_word' id='word_1_127' title='bbox 3856 619 3936 671; x_wconf 77' lang='grc' dir='ltr'>ού-</span> 
     </span>
    </p>
   </div>
   <div class='ocr_carea' id='block_1_21' title="bbox 2342 706 3937 780">
    <p class='ocr_par' dir='ltr' id='par_1_21' title="bbox 2342 706 3937 780">
     <span class='ocr_line' id='line_1_21' title="bbox 2342 706 3937 780; baseline 0.001 -23"><span class='ocrx_word' id='word_1_128' title='bbox 2342 726 2419 758; x_wconf 80' lang='grc' dir='ltr'>τοι</span> <span class='ocrx_word' id='word_1_129' title='bbox 2455 706 2693 779; x_wconf 79' lang='grc' dir='ltr'>βλέπωσι</span> <span class='ocrx_word' id='word_1_130' title='bbox 2744 712 2803 759; x_wconf 85' lang='grc' dir='ltr'>τό</span> <span class='ocrx_word' id='word_1_131' title='bbox 2847 716 2950 779; x_wconf 78' lang='grc' dir='ltr'>φῶς</span> <span class='ocrx_word' id='word_1_132' title='bbox 2992 717 3081 769; x_wconf 77' lang='grc' dir='ltr'>τῆς</span> <span class='ocrx_word' id='word_1_133' title='bbox 3130 707 3393 775; x_wconf 72' lang='grc' dir='ltr'>ἀληθείας,</span> <span class='ocrx_word' id='word_1_134' title='bbox 3448 706 3808 780; x_wconf 78' lang='grc' dir='ltr'>διανοιγέντων</span> <span class='ocrx_word' id='word_1_135' title='bbox 3856 708 3937 759; x_wconf 79' lang='grc' dir='ltr'>αύ-</span> 
     </span>
    </p>
   </div>
   <div class='ocr_carea' id='block_1_22' title="bbox 2343 796 3931 871">
    <p class='ocr_par' dir='ltr' id='par_1_22' title="bbox 2343 796 3931 871">
     <span class='ocr_line' id='line_1_22' title="bbox 2343 796 3931 871; baseline 0.002 -25"><span class='ocrx_word' id='word_1_136' title='bbox 2343 804 2450 857; x_wconf 86' lang='grc' dir='ltr'>τοῖς</span> <span class='ocrx_word' id='word_1_137' title='bbox 2480 806 2579 848; x_wconf 87' lang='grc' dir='ltr'>τῶν</span> <span class='ocrx_word' id='word_1_138' title='bbox 2608 796 2856 868; x_wconf 76' lang='grc' dir='ltr'>ψυχικῶν</span> <span class='ocrx_word' id='word_1_139' title='bbox 2890 797 3162 871; x_wconf 70' lang='grc' dir='ltr'>ὀφθαλμῶν</span> <span class='ocrx_word' id='word_1_140' title='bbox 3190 801 3289 852; x_wconf 82' lang='grc' dir='ltr'>ὑπὸ</span> <span class='ocrx_word' id='word_1_141' title='bbox 3320 808 3411 860; x_wconf 88' lang='grc' dir='ltr'>τῆς</span> <span class='ocrx_word' id='word_1_142' title='bbox 3444 799 3516 861; x_wconf 83' lang='grc' dir='ltr'>εἰς</span> <span class='ocrx_word' id='word_1_143' title='bbox 3563 797 3649 871; x_wconf 65' lang='grc' dir='ltr'>ἐμὲ</span> <span class='ocrx_word' id='word_1_144' title='bbox 3690 802 3931 859; x_wconf 84' lang='grc' dir='ltr'>πίστεως·</span> 
     </span>
    </p>
   </div>
   <div class='ocr_carea' id='block_1_23' title="bbox 2342 883 3930 963">
    <p class='ocr_par' dir='ltr' id='par_1_23' title="bbox 2342 883 3930 963">
     <span class='ocr_line' id='line_1_23' title="bbox 2342 883 3930 963; baseline 0.001 -27"><span class='ocrx_word' id='word_1_145' title='bbox 2342 885 2490 937; x_wconf 76' lang='grc' dir='ltr'>αὐτοὶ</span> <span class='ocrx_word' id='word_1_146' title='bbox 2519 883 2577 938; x_wconf 74' lang='grc' dir='ltr'>δὲ</span> <span class='ocrx_word' id='word_1_147' title='bbox 2598 889 2646 938; x_wconf 87' lang='grc' dir='ltr'>οἱ</span> <span class='ocrx_word' id='word_1_148' title='bbox 2664 883 2933 949; x_wconf 80' lang='grc' dir='ltr'>δοκοῦντες</span> <span class='ocrx_word' id='word_1_149' title='bbox 2964 884 3263 963; x_wconf 76' lang='grc' dir='ltr'>ὀξυδερκεῖς</span> <span class='ocrx_word' id='word_1_150' title='bbox 3288 897 3349 962; x_wconf 80' lang='grc' dir='ltr'>τῇ</span> <span class='ocrx_word' id='word_1_151' title='bbox 3376 894 3565 960; x_wconf 79' lang='grc' dir='ltr'>γνώσει</span> <span class='ocrx_word' id='word_1_152' title='bbox 3589 896 3688 940; x_wconf 84' lang='grc' dir='ltr'>τῶν</span> <span class='ocrx_word' id='word_1_153' title='bbox 3711 893 3930 959; x_wconf 79' lang='grc' dir='ltr'>Γραφῶν,</span> 
     </span>
    </p>
   </div>
   <div class='ocr_carea' id='block_1_24' title="bbox 2340 972 3931 1051">
    <p class='ocr_par' dir='ltr' id='par_1_24' title="bbox 2340 972 3931 1051">
     <span class='ocr_line' id='line_1_24' title="bbox 2340 972 3931 1051; baseline 0 -24"><span class='ocrx_word' id='word_1_154' title='bbox 2340 975 2483 1027; x_wconf 77' lang='grc' dir='ltr'>οὗτοι</span> <span class='ocrx_word' id='word_1_155' title='bbox 2512 975 2698 1047; x_wconf 85' lang='grc' dir='ltr'>μᾶλλοι</span> <span class='ocrx_word' id='word_1_156' title='bbox 2725 981 2796 1048; x_wconf 78' lang='grc' dir='ltr'>μὴ</span> <span class='ocrx_word' id='word_1_157' title='bbox 2833 976 3087 1049; x_wconf 75' lang='grc' dir='ltr'>βλέπωσι,</span> <span class='ocrx_word' id='word_1_158' title='bbox 3132 980 3408 1051; x_wconf 85' lang='grc' dir='ltr'>μυσάντων</span> <span class='ocrx_word' id='word_1_159' title='bbox 3436 978 3611 1038; x_wconf 76' lang='grc' dir='ltr'>αὐτοῖς</span> <span class='ocrx_word' id='word_1_160' title='bbox 3656 985 3757 1029; x_wconf 81' lang='grc' dir='ltr'>τῶν</span> <span class='ocrx_word' id='word_1_161' title='bbox 3800 972 3931 1029; x_wconf 79' lang='grc' dir='ltr'>ἔνδον</span> 
     </span>
    </p>
   </div>
   <div class='ocr_carea' id='block_1_25' title="bbox 2340 1064 3049 1138">
    <p class='ocr_par' dir='ltr' id='par_1_25' title="bbox 2340 1064 3049 1138">
     <span class='ocr_line' id='line_1_25' title="bbox 2340 1064 3049 1138; baseline 0.006 -23"><span class='ocrx_word' id='word_1_162' title='bbox 2340 1064 2613 1137; x_wconf 77' lang='grc' dir='ltr'>ὀφθαλμῶν</span> <span class='ocrx_word' id='word_1_163' title='bbox 2646 1067 2744 1138; x_wconf 84' lang='grc' dir='ltr'>ύμό</span> <span class='ocrx_word' id='word_1_164' title='bbox 2778 1066 3049 1130; x_wconf 79' lang='grc' dir='ltr'>ἀπιστίας.</span> 
     </span>
    </p>
   </div>
   <div class='ocr_carea' id='block_1_26' title="bbox 2414 1152 3922 1231">
    <p class='ocr_par' dir='ltr' id='par_1_26' title="bbox 2414 1152 3922 1231">
     <span class='ocr_line' id='line_1_26' title="bbox 2414 1152 3922 1231; baseline 0 -24"><span class='ocrx_word' id='word_1_165' title='bbox 2414 1153 2692 1208; x_wconf 78' lang='grc' dir='ltr'>Κάνταῦθα</span> <span class='ocrx_word' id='word_1_166' title='bbox 2744 1152 2803 1209; x_wconf 65' lang='grc' dir='ltr'>δὲ</span> <span class='ocrx_word' id='word_1_167' title='bbox 2842 1160 2899 1208; x_wconf 89' lang='grc' dir='ltr'>τό</span> <span class='ocrx_word' id='word_1_168' title='bbox 2957 1158 3038 1209; x_wconf 84' lang='grc' dir='ltr'>ἶνα</span> <span class='ocrx_word' id='word_1_169' title='bbox 3104 1158 3162 1210; x_wconf 85' lang='grc' dir='ltr'>ού</span> <span class='ocrx_word' id='word_1_170' title='bbox 3210 1163 3321 1231; x_wconf 81' lang='grc' dir='ltr'>χρὴ</span> <span class='ocrx_word' id='word_1_171' title='bbox 3376 1164 3507 1211; x_wconf 88' lang='grc' dir='ltr'>νοεῖν</span> <span class='ocrx_word' id='word_1_172' title='bbox 3542 1155 3922 1227; x_wconf 76' lang='grc' dir='ltr'>αἰτιολογικόν,</span> 
     </span>
    </p>
   </div>
   <div class='ocr_carea' id='block_1_27' title="bbox 2341 1241 3930 1320">
    <p class='ocr_par' dir='ltr' id='par_1_27' title="bbox 2341 1241 3930 1320">
     <span class='ocr_line' id='line_1_27' title="bbox 2341 1241 3930 1320; baseline 0.001 -24"><span class='ocrx_word' id='word_1_173' title='bbox 2341 1244 2415 1296; x_wconf 83' lang='grc' dir='ltr'>Ού</span> <span class='ocrx_word' id='word_1_174' title='bbox 2465 1248 2562 1316; x_wconf 82' lang='grc' dir='ltr'>γὰρ</span> <span class='ocrx_word' id='word_1_175' title='bbox 2616 1241 2708 1297; x_wconf 78' lang='grc' dir='ltr'>διὰ</span> <span class='ocrx_word' id='word_1_176' title='bbox 2777 1253 2929 1299; x_wconf 86' lang='grc' dir='ltr'>τοῦτο</span> <span class='ocrx_word' id='word_1_177' title='bbox 2971 1243 3136 1311; x_wconf 74' lang='grc' dir='ltr'>ἦλθεν,</span> <span class='ocrx_word' id='word_1_178' title='bbox 3199 1249 3281 1300; x_wconf 86' lang='grc' dir='ltr'>ἶνα</span> <span class='ocrx_word' id='word_1_179' title='bbox 3333 1249 3381 1300; x_wconf 81' lang='grc' dir='ltr'>οἱ</span> <span class='ocrx_word' id='word_1_180' title='bbox 3437 1247 3714 1320; x_wconf 81' lang='grc' dir='ltr'>βλέποντες</span> <span class='ocrx_word' id='word_1_181' title='bbox 3767 1246 3930 1317; x_wconf 77' lang='grc' dir='ltr'>τυφλοὶ</span> 
     </span>
    </p>
   </div>
   <div class='ocr_carea' id='block_1_28' title="bbox 2337 1334 3929 1410">
    <p class='ocr_par' dir='ltr' id='par_1_28' title="bbox 2337 1334 3929 1410">
     <span class='ocr_line' id='line_1_28' title="bbox 2337 1334 3929 1410; baseline 0.001 -25"><span class='ocrx_word' id='word_1_182' title='bbox 2337 1339 2605 1404; x_wconf 74' lang='grc' dir='ltr'>γένωνται,</span> <span class='ocrx_word' id='word_1_183' title='bbox 2664 1334 2791 1388; x_wconf 80' lang='grc' dir='ltr'>ἀλλὰ</span> <span class='ocrx_word' id='word_1_184' title='bbox 2849 1334 3141 1394; x_wconf 73' lang='grc' dir='ltr'>δηλωτικὸν</span> <span class='ocrx_word' id='word_1_185' title='bbox 3189 1345 3281 1390; x_wconf 89' lang='grc' dir='ltr'>τοῦ</span> <span class='ocrx_word' id='word_1_186' title='bbox 3343 1338 3633 1410; x_wconf 88' lang='grc' dir='ltr'>μέλλοντος,</span> <span class='ocrx_word' id='word_1_187' title='bbox 3693 1338 3775 1388; x_wconf 86' lang='grc' dir='ltr'>ὅτι</span> <span class='ocrx_word' id='word_1_188' title='bbox 3824 1336 3929 1408; x_wconf 77' lang='grc' dir='ltr'>μέλ·</span> 
     </span>
    </p>
   </div>
   <div class='ocr_carea' id='block_1_29' title="bbox 2336 1422 3931 1499">
    <p class='ocr_par' dir='ltr' id='par_1_29' title="bbox 2336 1422 3931 1499">
     <span class='ocr_line' id='line_1_29' title="bbox 2336 1422 3931 1499; baseline 0 -24"><span class='ocrx_word' id='word_1_189' title='bbox 2336 1422 2514 1475; x_wconf 91' lang='grc' dir='ltr'>λουσιν</span> <span class='ocrx_word' id='word_1_190' title='bbox 2574 1426 2621 1476; x_wconf 83' lang='grc' dir='ltr'>οἱ</span> <span class='ocrx_word' id='word_1_191' title='bbox 2672 1430 2743 1497; x_wconf 79' lang='grc' dir='ltr'>μὴ</span> <span class='ocrx_word' id='word_1_192' title='bbox 2812 1424 3080 1497; x_wconf 82' lang='grc' dir='ltr'>βλέποντες</span> <span class='ocrx_word' id='word_1_193' title='bbox 3135 1426 3361 1499; x_wconf 79' lang='grc' dir='ltr'>βλέπειν,</span> <span class='ocrx_word' id='word_1_194' title='bbox 3420 1431 3504 1479; x_wconf 82' lang='grc' dir='ltr'>καὶ</span> <span class='ocrx_word' id='word_1_195' title='bbox 3557 1430 3607 1479; x_wconf 82' lang='grc' dir='ltr'>οἱ</span> <span class='ocrx_word' id='word_1_196' title='bbox 3672 1424 3931 1498; x_wconf 82' lang='grc' dir='ltr'>βλέποντες</span> 
     </span>
    </p>
   </div>
   <div class='ocr_carea' id='block_1_30' title="bbox 2336 1514 3931 1592">
    <p class='ocr_par' dir='ltr' id='par_1_30' title="bbox 2336 1514 3931 1592">
     <span class='ocr_line' id='line_1_30' title="bbox 2336 1514 3931 1592; baseline 0.001 -27"><span class='ocrx_word' id='word_1_197' title='bbox 2336 1514 2678 1585; x_wconf 73' lang='grc' dir='ltr'>τυφλοῦσθαι,</span> <span class='ocrx_word' id='word_1_198' title='bbox 2725 1518 2789 1575; x_wconf 88' lang='grc' dir='ltr'>ὡς</span> <span class='ocrx_word' id='word_1_199' title='bbox 2840 1521 2929 1568; x_wconf 87' lang='grc' dir='ltr'>καὶ</span> <span class='ocrx_word' id='word_1_200' title='bbox 2971 1516 3310 1592; x_wconf 83' lang='grc' dir='ltr'>προλαϐόντες</span> <span class='ocrx_word' id='word_1_201' title='bbox 3358 1522 3476 1591; x_wconf 89' lang='grc' dir='ltr'>περὶ</span> <span class='ocrx_word' id='word_1_202' title='bbox 3525 1524 3617 1570; x_wconf 88' lang='grc' dir='ltr'>τοῦ</span> <span class='ocrx_word' id='word_1_203' title='bbox 3679 1518 3761 1568; x_wconf 82' lang='grc' dir='ltr'>ἶνα</span> <span class='ocrx_word' id='word_1_204' title='bbox 3813 1534 3931 1589; x_wconf 86' lang='grc' dir='ltr'>παρ-</span> 
     </span>
    </p>
   </div>
   <div class='ocr_carea' id='block_1_31' title="bbox 2336 1606 2791 1677">
    <p class='ocr_par' dir='ltr' id='par_1_31' title="bbox 2336 1606 2791 1677">
     <span class='ocr_line' id='line_1_31' title="bbox 2336 1606 2791 1677; baseline 0.007 -22"><span class='ocrx_word' id='word_1_205' title='bbox 2336 1606 2791 1677; x_wconf 82' lang='grc' dir='ltr'>εσημειωσάμεθα.</span> 
     </span>
    </p>
   </div>
   <div class='ocr_carea' id='block_1_32' title="bbox 2406 1692 3928 1769">
    <p class='ocr_par' dir='ltr' id='par_1_32' title="bbox 2406 1692 3928 1769">
     <span class='ocr_line' id='line_1_32' title="bbox 2406 1692 3928 1769; baseline 0.001 -22"><span class='ocrx_word' id='word_1_206' title='bbox 2406 1692 2497 1762; x_wconf 79' lang='grc' dir='ltr'>’Ἦ,</span> <span class='ocrx_word' id='word_1_207' title='bbox 2550 1694 2633 1755; x_wconf 85' lang='grc' dir='ltr'>Εἰς</span> <span class='ocrx_word' id='word_1_208' title='bbox 2684 1702 2849 1767; x_wconf 86' lang='grc' dir='ltr'>κρῖμα</span> <span class='ocrx_word' id='word_1_209' title='bbox 2910 1693 3009 1766; x_wconf 76' lang='grc' dir='ltr'>ἐγὼ</span> <span class='ocrx_word' id='word_1_210' title='bbox 3081 1695 3151 1758; x_wconf 87' lang='grc' dir='ltr'>εἰς</span> <span class='ocrx_word' id='word_1_211' title='bbox 3192 1699 3308 1748; x_wconf 56' lang='grc' dir='ltr'>στὸν</span> <span class='ocrx_word' id='word_1_212' title='bbox 3388 1700 3584 1769; x_wconf 80' lang='grc' dir='ltr'>κόσμον</span> <span class='ocrx_word' id='word_1_213' title='bbox 3648 1703 3827 1749; x_wconf 77' lang='grc' dir='ltr'>τοῦτον</span> <span class='ocrx_word' id='word_1_214' title='bbox 3856 1693 3928 1764; x_wconf 87' lang='lat'>(3)</span> 
     </span>
    </p>
   </div>
   <div class='ocr_carea' id='block_1_33' title="bbox 2336 1779 3927 1860">
    <p class='ocr_par' dir='ltr' id='par_1_33' title="bbox 2336 1779 3927 1860">
     <span class='ocr_line' id='line_1_33' title="bbox 2336 1779 3927 1860; baseline 0 -26"><span class='ocrx_word' id='word_1_215' title='bbox 2336 1779 2509 1852; x_wconf 75' lang='grc' dir='ltr'>ἦλθον,</span> <span class='ocrx_word' id='word_1_216' title='bbox 2572 1782 2681 1837; x_wconf 84' lang='grc' dir='ltr'>ἀντὶ</span> <span class='ocrx_word' id='word_1_217' title='bbox 2738 1792 2850 1845; x_wconf 86' lang='grc' dir='ltr'>τοῦ,</span> <span class='ocrx_word' id='word_1_218' title='bbox 2915 1786 2985 1846; x_wconf 85' lang='grc' dir='ltr'>εἰς</span> <span class='ocrx_word' id='word_1_219' title='bbox 3051 1782 3320 1857; x_wconf 77' lang='grc' dir='ltr'>διάκρισιν</span> <span class='ocrx_word' id='word_1_220' title='bbox 3404 1791 3495 1838; x_wconf 79' lang='grc' dir='ltr'>καὶ</span> <span class='ocrx_word' id='word_1_221' title='bbox 3566 1783 3927 1860; x_wconf 70' lang='grc' dir='ltr'>διαχωρισμόν</span> 
     </span>
    </p>
   </div>
   <div class='ocr_carea' id='block_1_34' title="bbox 566 1861 2215 1948">
    <p class='ocr_par' dir='ltr' id='par_1_34' title="bbox 566 1861 2215 1935">
     <span class='ocr_line' id='line_1_34' title="bbox 566 1861 2215 1935; baseline 0.002 -19"><span class='ocrx_word' id='word_1_222' title='bbox 566 1866 855 1932; x_wconf 80' lang='lat' dir='ltr'>appareat</span> <span class='ocrx_word' id='word_1_223' title='bbox 877 1862 960 1932; x_wconf 90' lang='lat' dir='ltr'>(q)</span> <span class='ocrx_word' id='word_1_224' title='bbox 983 1861 1039 1916; x_wconf 89' lang='lat' dir='ltr'>in</span> <span class='ocrx_word' id='word_1_225' title='bbox 1066 1863 1158 1918; x_wconf 89' lang='lat' dir='ltr'>his</span> <span class='ocrx_word' id='word_1_226' title='bbox 1179 1862 1410 1933; x_wconf 90' lang='lat' dir='ltr'>quidem</span> <span class='ocrx_word' id='word_1_227' title='bbox 1432 1869 1778 1935; x_wconf 89' lang='lat' dir='ltr'>prospectus</span> <span class='ocrx_word' id='word_1_228' title='bbox 1804 1863 2004 1919; x_wconf 69' lang='lat' dir='ltr'>liberae</span> <span class='ocrx_word' id='word_1_229' title='bbox 2023 1864 2215 1920; x_wconf 88' lang='lat' dir='ltr'>volun-</span> 
     </span>
    </p>
   </div>
   <div class='ocr_carea' id='block_1_35' title="bbox 2327 1861 3927 1948">
    <p class='ocr_par' dir='ltr' id='par_1_35' title="bbox 2334 1871 3927 1948">
     <span class='ocr_line' id='line_1_35' title="bbox 2334 1871 3927 1948; baseline 0.004 -24"><span class='ocrx_word' id='word_1_230' title='bbox 2334 1876 2525 1925; x_wconf 89' lang='grc' dir='ltr'>τούτων</span> <span class='ocrx_word' id='word_1_231' title='bbox 2558 1893 2610 1926; x_wconf 92' lang='grc' dir='ltr'>τε</span> <span class='ocrx_word' id='word_1_232' title='bbox 2652 1871 2919 1939; x_wconf 81' lang='grc' dir='ltr'>κάκείνων,</span> <span class='ocrx_word' id='word_1_233' title='bbox 2968 1876 3051 1926; x_wconf 83' lang='grc' dir='ltr'>ἵνα</span> <span class='ocrx_word' id='word_1_234' title='bbox 3090 1882 3219 1947; x_wconf 75' lang='grc' dir='ltr'>φανῇ</span> <span class='ocrx_word' id='word_1_235' title='bbox 3276 1884 3375 1927; x_wconf 87' lang='grc' dir='ltr'>τῶν</span> <span class='ocrx_word' id='word_1_236' title='bbox 3419 1878 3509 1948; x_wconf 72' lang='grc' dir='ltr'>μὲν</span> <span class='ocrx_word' id='word_1_237' title='bbox 3563 1877 3592 1934; x_wconf 81' lang='grc' dir='ltr'>ἡ</span> <span class='ocrx_word' id='word_1_238' title='bbox 3638 1876 3691 1939; x_wconf 75' lang='grc' dir='ltr'><strong>ἐξ</strong></span> <span class='ocrx_word' id='word_1_239' title='bbox 3742 1873 3927 1946; x_wconf 80' lang='grc' dir='ltr'>ἀγαθῆς</span> 
     </span>
    </p>
   </div>
   <div class='ocr_carea' id='block_1_36' title="bbox 566 1952 2223 2024">
    <p class='ocr_par' dir='ltr' id='par_1_36' title="bbox 566 1952 2223 2024">
     <span class='ocr_line' id='line_1_36' title="bbox 566 1952 2223 2024; baseline 0.001 -16"><span class='ocrx_word' id='word_1_240' title='bbox 566 1952 725 2020; x_wconf 91' lang='lat' dir='ltr'>tatis,</span> <span class='ocrx_word' id='word_1_241' title='bbox 758 1968 888 2024; x_wconf 65' lang='lat' dir='ltr'>qum</span> <span class='ocrx_word' id='word_1_242' title='bbox 910 1968 945 2007; x_wconf 91' lang='lat' dir='ltr'>a</span> <span class='ocrx_word' id='word_1_243' title='bbox 969 1952 1235 2006; x_wconf 86' lang='lat' dir='ltr'>bonitate</span> <span class='ocrx_word' id='word_1_244' title='bbox 1255 1952 1555 2023; x_wconf 84' lang='lat' dir='ltr'>procedit;</span> <span class='ocrx_word' id='word_1_245' title='bbox 1591 1955 1649 2008; x_wconf 91' lang='lat' dir='ltr'>in</span> <span class='ocrx_word' id='word_1_246' title='bbox 1671 1953 1800 2008; x_wconf 89' lang='lat' dir='ltr'>aliis</span> <span class='ocrx_word' id='word_1_247' title='bbox 1832 1969 1974 2009; x_wconf 90' lang='lat' dir='ltr'>vero</span> <span class='ocrx_word' id='word_1_248' title='bbox 2008 1954 2223 2010; x_wconf 90' lang='lat' dir='ltr'>mentis</span> 
     </span>
    </p>
   </div>
   <div class='ocr_carea' id='block_1_37' title="bbox 566 2041 1750 2115">
    <p class='ocr_par' dir='ltr' id='par_1_37' title="bbox 566 2041 1750 2115">
     <span class='ocr_line' id='line_1_37' title="bbox 566 2041 1750 2115; baseline 0.001 -18"><span class='ocrx_word' id='word_1_249' title='bbox 566 2044 904 2109; x_wconf 66' lang='lat' dir='ltr'>excaecatio,</span> <span class='ocrx_word' id='word_1_250' title='bbox 939 2058 1075 2115; x_wconf 62' lang='lat' dir='ltr'>quae</span> <span class='ocrx_word' id='word_1_251' title='bbox 1106 2058 1140 2096; x_wconf 90' lang='lat' dir='ltr'>a</span> <span class='ocrx_word' id='word_1_252' title='bbox 1168 2041 1398 2097; x_wconf 87' lang='lat' dir='ltr'>malitia</span> <span class='ocrx_word' id='word_1_253' title='bbox 1424 2043 1750 2111; x_wconf 83' lang='lat' dir='ltr'>egreditur.</span> 
     </span>
    </p>
   </div>
   <div class='ocr_carea' id='block_1_38' title="bbox 637 2130 2217 2203">
    <p class='ocr_par' dir='ltr' id='par_1_38' title="bbox 637 2130 2217 2203">
     <span class='ocr_line' id='line_1_38' title="bbox 637 2130 2217 2203; baseline -0.001 -14"><span class='ocrx_word' id='word_1_254' title='bbox 637 2133 798 2189; x_wconf 88' lang='lat' dir='ltr'>Vers.</span> <span class='ocrx_word' id='word_1_255' title='bbox 823 2134 913 2188; x_wconf 76' lang='grc'>40.</span> <span class='ocrx_word' id='word_1_256' title='bbox 946 2135 1097 2187; x_wconf 82' lang='lat' dir='ltr'>Et—</span> <span class='ocrx_word' id='word_1_257' title='bbox 1127 2148 1208 2187; x_wconf 86' lang='lat' dir='ltr'>eo.</span> <span class='ocrx_word' id='word_1_258' title='bbox 1236 2133 1340 2196; x_wconf 91' lang='lat' dir='ltr'>Qui</span> <span class='ocrx_word' id='word_1_259' title='bbox 1365 2132 1670 2203; x_wconf 89' lang='lat' dir='ltr'>quondam</span> <span class='ocrx_word' id='word_1_260' title='bbox 1699 2130 1932 2189; x_wconf 87' lang='lat' dir='ltr'>fuerant</span> <span class='ocrx_word' id='word_1_261' title='bbox 1960 2149 2100 2189; x_wconf 89' lang='lat' dir='ltr'>cum</span> <span class='ocrx_word' id='word_1_262' title='bbox 2132 2149 2217 2199; x_wconf 91' lang='lat' dir='ltr'>eo,</span> 
     </span>
    </p>
   </div>
   <div class='ocr_carea' id='block_1_39' title="bbox 562 2220 2219 2296">
    <p class='ocr_par' dir='ltr' id='par_1_39' title="bbox 562 2220 2219 2296">
     <span class='ocr_line' id='line_1_39' title="bbox 562 2220 2219 2296; baseline -0.004 -17"><span class='ocrx_word' id='word_1_263' title='bbox 562 2224 940 2296; x_wconf 87' lang='lat' dir='ltr'>postmodum</span> <span class='ocrx_word' id='word_1_264' title='bbox 961 2229 1159 2278; x_wconf 90' lang='lat' dir='ltr'>autem</span> <span class='ocrx_word' id='word_1_265' title='bbox 1176 2220 1429 2293; x_wconf 86' lang='lat' dir='ltr'>separati</span> <span class='ocrx_word' id='word_1_266' title='bbox 1449 2227 1744 2286; x_wconf 89' lang='lat' dir='ltr'>erant,aut</span> <span class='ocrx_word' id='word_1_267' title='bbox 1761 2220 1863 2293; x_wconf 86' lang='lat' dir='ltr'>qui</span> <span class='ocrx_word' id='word_1_268' title='bbox 1880 2229 2019 2276; x_wconf 90' lang='lat' dir='ltr'>tunc</span> <span class='ocrx_word' id='word_1_269' title='bbox 2037 2227 2219 2277; x_wconf 85' lang='lat' dir='ltr'>erant.</span> 
     </span>
    </p>
   </div>
   <div class='ocr_carea' id='block_1_40' title="bbox 563 2310 2223 2386">
    <p class='ocr_par' dir='ltr' id='par_1_40' title="bbox 563 2310 2223 2386">
     <span class='ocr_line' id='line_1_40' title="bbox 563 2310 2223 2386; baseline -0.002 -16"><span class='ocrx_word' id='word_1_270' title='bbox 563 2317 712 2371; x_wconf 79' lang='lat' dir='ltr'>Nam</span> <span class='ocrx_word' id='word_1_271' title='bbox 739 2314 989 2386; x_wconf 86' lang='lat' dir='ltr'>quidam</span> <span class='ocrx_word' id='word_1_272' title='bbox 1011 2310 1286 2367; x_wconf 64' lang='lat' dir='ltr'>Pharisaei</span> <span class='ocrx_word' id='word_1_273' title='bbox 1315 2310 1741 2381; x_wconf 88' lang='lat' dir='ltr'>sequebantur,</span> <span class='ocrx_word' id='word_1_274' title='bbox 1787 2315 1846 2365; x_wconf 91' lang='lat' dir='ltr'>ut</span> <span class='ocrx_word' id='word_1_275' title='bbox 1879 2310 2145 2366; x_wconf 86' lang='lat' dir='ltr'>viderent</span> <span class='ocrx_word' id='word_1_276' title='bbox 2166 2317 2223 2367; x_wconf 89' lang='lat' dir='ltr'>et</span> 
     </span>
    </p>
   </div>
   <div class='ocr_carea' id='block_1_41' title="bbox 562 2401 1788 2475">
    <p class='ocr_par' dir='ltr' id='par_1_41' title="bbox 562 2401 1788 2475">
     <span class='ocr_line' id='line_1_41' title="bbox 562 2401 1788 2475; baseline -0.007 -13"><span class='ocrx_word' id='word_1_277' title='bbox 562 2406 854 2474; x_wconf 88' lang='lat' dir='ltr'>audirent,</span> <span class='ocrx_word' id='word_1_278' title='bbox 884 2403 1029 2475; x_wconf 89' lang='lat' dir='ltr'>quid</span> <span class='ocrx_word' id='word_1_279' title='bbox 1060 2402 1279 2457; x_wconf 85' lang='lat' dir='ltr'>faceret</span> <span class='ocrx_word' id='word_1_280' title='bbox 1308 2416 1378 2455; x_wconf 90' lang='lat' dir='ltr'>ac</span> <span class='ocrx_word' id='word_1_281' title='bbox 1431 2401 1788 2471; x_wconf 86' lang='lat' dir='ltr'>loqueretur.</span> 
     </span>
    </p>
   </div>
   <div class='ocr_carea' id='block_1_42' title="bbox 633 2487 2219 2554">
    <p class='ocr_par' dir='ltr' id='par_1_42' title="bbox 633 2487 2219 2554">
     <span class='ocr_line' id='line_1_42' title="bbox 633 2487 2219 2554; baseline -0.006 -4"><span class='ocrx_word' id='word_1_282' title='bbox 633 2495 796 2550; x_wconf 91' lang='lat' dir='ltr'>Vers.</span> <span class='ocrx_word' id='word_1_283' title='bbox 824 2494 912 2548; x_wconf 77' lang='grc'>40.</span> <span class='ocrx_word' id='word_1_284' title='bbox 945 2494 1012 2547; x_wconf 84' lang='lat' dir='ltr'>Et</span> <span class='ocrx_word' id='word_1_285' title='bbox 1038 2523 1104 2533; x_wconf 92' lang='lat'><strong>—</strong></span> <span class='ocrx_word' id='word_1_286' title='bbox 1130 2505 1328 2546; x_wconf 87' lang='lat' dir='ltr'>sumus</span> <span class='ocrx_word' id='word_1_287' title='bbox 1360 2489 1385 2546; x_wconf 66' lang='grc' dir='ltr'><em>ἵ</em></span> <span class='ocrx_word' id='word_1_288' title='bbox 1413 2492 1557 2545; x_wconf 85' lang='lat' dir='ltr'>Nam</span> <span class='ocrx_word' id='word_1_289' title='bbox 1576 2490 1731 2543; x_wconf 89' lang='lat' dir='ltr'>sicut</span> <span class='ocrx_word' id='word_1_290' title='bbox 1760 2487 1898 2543; x_wconf 88' lang='lat' dir='ltr'>alibi</span> <span class='ocrx_word' id='word_1_291' title='bbox 1919 2488 2219 2554; x_wconf 88' lang='lat' dir='ltr'>dicebant,</span> 
     </span>
    </p>
   </div>
   <div class='ocr_carea' id='block_1_43' title="bbox 560 2578 2218 2652">
    <p class='ocr_par' dir='ltr' id='par_1_43' title="bbox 560 2578 2218 2652">
     <span class='ocr_line' id='line_1_43' title="bbox 560 2578 2218 2652; baseline -0.005 -10"><span class='ocrx_word' id='word_1_292' title='bbox 560 2586 784 2643; x_wconf 77' lang='lat' dir='ltr'>Nemini</span> <span class='ocrx_word' id='word_1_293' title='bbox 806 2584 1153 2641; x_wconf 79' lang='lat' dir='ltr'>seruiuimus</span> <span class='ocrx_word' id='word_1_294' title='bbox 1180 2596 1459 2652; x_wconf 84' lang='lat' dir='ltr'>unquam,</span> <span class='ocrx_word' id='word_1_295' title='bbox 1495 2584 1551 2633; x_wconf 90' lang='lat' dir='ltr'>et</span> <span class='ocrx_word' id='word_1_296' title='bbox 1576 2595 1587 2632; x_wconf 92' lang='lat'><strong>:</strong></span> <span class='ocrx_word' id='word_1_297' title='bbox 1617 2579 1671 2633; x_wconf 89' lang='lat' dir='ltr'><em>E</em></span> <span class='ocrx_word' id='word_1_298' title='bbox 1709 2585 1919 2647; x_wconf 83' lang='lat' dir='ltr'>stupro</span> <span class='ocrx_word' id='word_1_299' title='bbox 1940 2578 2072 2633; x_wconf 78' lang='lat' dir='ltr'>nati</span> <span class='ocrx_word' id='word_1_300' title='bbox 2100 2594 2218 2633; x_wconf 79' lang='lat' dir='ltr'>non</span> 
     </span>
    </p>
   </div>
   <div class='ocr_carea' id='block_1_44' title="bbox 560 2666 2219 2742">
    <p class='ocr_par' dir='ltr' id='par_1_44' title="bbox 560 2666 2219 2742">
     <span class='ocr_line' id='line_1_44' title="bbox 560 2666 2219 2742; baseline -0.006 -10"><span class='ocrx_word' id='word_1_301' title='bbox 560 2693 761 2733; x_wconf 85' lang='lat' dir='ltr'>sumus</span> <span class='ocrx_word' id='word_1_302' title='bbox 783 2677 853 2742; x_wconf 73' lang='lat'>9‘;</span> <span class='ocrx_word' id='word_1_303' title='bbox 882 2676 961 2729; x_wconf 89' lang='lat' dir='ltr'>ita</span> <span class='ocrx_word' id='word_1_304' title='bbox 983 2678 1038 2728; x_wconf 92' lang='lat' dir='ltr'>et</span> <span class='ocrx_word' id='word_1_305' title='bbox 1055 2688 1215 2727; x_wconf 89' lang='lat' dir='ltr'>nunc</span> <span class='ocrx_word' id='word_1_306' title='bbox 1238 2671 1313 2725; x_wconf 88' lang='lat' dir='ltr'>ad</span> <span class='ocrx_word' id='word_1_307' title='bbox 1337 2668 1639 2723; x_wconf 83' lang='lat' dir='ltr'>sensibilia</span> <span class='ocrx_word' id='word_1_308' title='bbox 1660 2674 1889 2722; x_wconf 89' lang='lat' dir='ltr'>tantum</span> <span class='ocrx_word' id='word_1_309' title='bbox 1916 2666 2219 2722; x_wconf 85' lang='lat' dir='ltr'>inhiabant</span> 
     </span>
    </p>
   </div>
   <div class='ocr_carea' id='block_1_45' title="bbox 552 2756 2215 2837">
    <p class='ocr_par' dir='ltr' id='par_1_45' title="bbox 552 2756 2215 2837">
     <span class='ocr_line' id='line_1_45' title="bbox 552 2756 2215 2837; baseline -0.008 -14"><span class='ocrx_word' id='word_1_310' title='bbox 552 2773 616 2822; x_wconf 76' lang='lat' dir='ltr'>‘et</span> <span class='ocrx_word' id='word_1_311' title='bbox 641 2767 714 2822; x_wconf 90' lang='lat' dir='ltr'>de</span> <span class='ocrx_word' id='word_1_312' title='bbox 739 2761 1244 2837; x_wconf 88' lang='lat' dir='ltr'>corporalisolum</span> <span class='ocrx_word' id='word_1_313' title='bbox 1294 2759 1557 2814; x_wconf 72' lang='lat' dir='ltr'>caecitate</span> <span class='ocrx_word' id='word_1_314' title='bbox 1587 2757 1719 2812; x_wconf 91' lang='lat' dir='ltr'>illos</span> <span class='ocrx_word' id='word_1_315' title='bbox 1749 2756 2053 2828; x_wconf 88' lang='lat' dir='ltr'>pudebat:</span> <span class='ocrx_word' id='word_1_316' title='bbox 2081 2756 2215 2811; x_wconf 90' lang='lat' dir='ltr'>ideo</span> 
     </span>
    </p>
   </div>
   <div class='ocr_carea' id='block_1_46' title="bbox 559 2846 2215 2922">
    <p class='ocr_par' dir='ltr' id='par_1_46' title="bbox 559 2846 2215 2922">
     <span class='ocr_line' id='line_1_46' title="bbox 559 2846 2215 2922; baseline -0.008 -9"><span class='ocrx_word' id='word_1_317' title='bbox 559 2857 634 2913; x_wconf 92' lang='lat' dir='ltr'>de</span> <span class='ocrx_word' id='word_1_318' title='bbox 653 2856 767 2911; x_wconf 90' lang='lat' dir='ltr'>hac</span> <span class='ocrx_word' id='word_1_319' title='bbox 788 2855 1175 2922; x_wconf 83' lang='lat' dir='ltr'>interrogant,</span> <span class='ocrx_word' id='word_1_320' title='bbox 1195 2852 1648 2920; x_wconf 88' lang='lat' dir='ltr'>cognoscentes,</span> <span class='ocrx_word' id='word_1_321' title='bbox 1669 2846 1832 2919; x_wconf 90' lang='lat' dir='ltr'>quod</span> <span class='ocrx_word' id='word_1_322' title='bbox 1857 2852 2097 2918; x_wconf 89' lang='lat' dir='ltr'>propter</span> <span class='ocrx_word' id='word_1_323' title='bbox 2113 2861 2215 2901; x_wconf 91' lang='lat' dir='ltr'>eos</span> 
     </span>
    </p>
   </div>
   <div class='ocr_carea' id='block_1_47' title="bbox 559 2947 1178 3002">
    <p class='ocr_par' dir='ltr' id='par_1_47' title="bbox 559 2947 1178 3002">
     <span class='ocr_line' id='line_1_47' title="bbox 559 2947 1178 3002; baseline -0.008 0"><span class='ocrx_word' id='word_1_324' title='bbox 559 2947 752 3002; x_wconf 89' lang='lat' dir='ltr'>dictus</span> <span class='ocrx_word' id='word_1_325' title='bbox 780 2949 934 3000; x_wconf 88' lang='lat' dir='ltr'>esset</span> <span class='ocrx_word' id='word_1_326' title='bbox 959 2958 1178 2998; x_wconf 90' lang='lat' dir='ltr'>sermo.</span> 
     </span>
    </p>
   </div>
   <div class='ocr_carea' id='block_1_48' title="bbox 628 3024 2213 3100">
    <p class='ocr_par' dir='ltr' id='par_1_48' title="bbox 628 3024 2213 3100">
     <span class='ocr_line' id='line_1_48' title="bbox 628 3024 2213 3100; baseline -0.007 -9"><span class='ocrx_word' id='word_1_327' title='bbox 628 3036 791 3092; x_wconf 88' lang='lat' dir='ltr'>Vers.</span> <span class='ocrx_word' id='word_1_328' title='bbox 827 3035 914 3088; x_wconf 78' lang='grc'>41.</span> <span class='ocrx_word' id='word_1_329' title='bbox 938 3033 1041 3087; x_wconf 83' lang='lat' dir='ltr'>Ait</span> <span class='ocrx_word' id='word_1_330' title='bbox 1070 3062 1138 3071; x_wconf 96' lang='lat'>—</span> <span class='ocrx_word' id='word_1_331' title='bbox 1158 3034 1489 3100; x_wconf 83' lang='lat' dir='ltr'>peccatum.</span> <span class='ocrx_word' id='word_1_332' title='bbox 1522 3029 1599 3081; x_wconf 90' lang='lat' dir='ltr'>De</span> <span class='ocrx_word' id='word_1_333' title='bbox 1630 3024 1975 3081; x_wconf 87' lang='lat' dir='ltr'>inﬁdelitate</span> <span class='ocrx_word' id='word_1_334' title='bbox 2006 3025 2213 3080; x_wconf 84' lang='lat' dir='ltr'>videli-</span> 
     </span>
    </p>
   </div>
   <div class='ocr_carea' id='block_1_49' title="bbox 558 3114 2211 3193">
    <p class='ocr_par' dir='ltr' id='par_1_49' title="bbox 558 3114 2211 3193">
     <span class='ocr_line' id='line_1_49' title="bbox 558 3114 2211 3193; baseline -0.007 -11"><span class='ocrx_word' id='word_1_335' title='bbox 558 3132 648 3181; x_wconf 88' lang='lat' dir='ltr'>cet</span> <span class='ocrx_word' id='word_1_336' title='bbox 689 3141 702 3180; x_wconf 87' lang='lat'><strong>:</strong></span> <span class='ocrx_word' id='word_1_337' title='bbox 738 3140 879 3180; x_wconf 89' lang='lat' dir='ltr'>nam</span> <span class='ocrx_word' id='word_1_338' title='bbox 910 3120 1275 3193; x_wconf 82' lang='lat' dir='ltr'>respondere</span> <span class='ocrx_word' id='word_1_339' title='bbox 1317 3117 1572 3189; x_wconf 86' lang='lat' dir='ltr'>possetis</span> <span class='ocrx_word' id='word_1_340' title='bbox 1613 3132 1626 3172; x_wconf 90' lang='lat'>:</span> <span class='ocrx_word' id='word_1_341' title='bbox 1682 3116 1813 3170; x_wconf 88' lang='lat' dir='ltr'>Non</span> <span class='ocrx_word' id='word_1_342' title='bbox 1848 3114 2108 3169; x_wconf 89' lang='lat' dir='ltr'>vidimus</span> <span class='ocrx_word' id='word_1_343' title='bbox 2141 3115 2211 3170; x_wconf 87' lang='lat' dir='ltr'>si-</span> 
     </span>
    </p>
   </div>
   <div class='ocr_carea' id='block_1_50' title="bbox 556 3232 698 3287">
    <p class='ocr_par' dir='ltr' id='par_1_50' title="bbox 556 3232 698 3287">
     <span class='ocr_line' id='line_1_50' title="bbox 556 3232 698 3287; baseline -0.014 -15"><span class='ocrx_word' id='word_1_344' title='bbox 556 3232 698 3287; x_wconf 84' lang='lat' dir='ltr'>gna.</span> 
     </span>
    </p>
   </div>
   <div class='ocr_carea' id='block_1_51' title="bbox 628 3294 2212 3364">
    <p class='ocr_par' dir='ltr' id='par_1_51' title="bbox 628 3294 2212 3364">
     <span class='ocr_line' id='line_1_51' title="bbox 628 3294 2212 3364; baseline -0.006 -5"><span class='ocrx_word' id='word_1_345' title='bbox 628 3307 772 3361; x_wconf 89' lang='lat' dir='ltr'>Vers</span> <span class='ocrx_word' id='word_1_346' title='bbox 814 3307 901 3359; x_wconf 80' lang='grc'>41.</span> <span class='ocrx_word' id='word_1_347' title='bbox 943 3302 1113 3358; x_wconf 83' lang='lat' dir='ltr'>Nunc</span> <span class='ocrx_word' id='word_1_348' title='bbox 1143 3330 1210 3340; x_wconf 93' lang='lat'>—-</span> <span class='ocrx_word' id='word_1_349' title='bbox 1237 3298 1517 3353; x_wconf 84' lang='lat' dir='ltr'>videmus.</span> <span class='ocrx_word' id='word_1_350' title='bbox 1551 3295 1666 3351; x_wconf 89' lang='lat' dir='ltr'>Vos</span> <span class='ocrx_word' id='word_1_351' title='bbox 1694 3294 1807 3350; x_wconf 90' lang='lat' dir='ltr'>hoc</span> <span class='ocrx_word' id='word_1_352' title='bbox 1833 3295 2027 3350; x_wconf 90' lang='lat' dir='ltr'>dicitis</span> <span class='ocrx_word' id='word_1_353' title='bbox 2053 3310 2065 3359; x_wconf 90' lang='lat'>;</span> <span class='ocrx_word' id='word_1_354' title='bbox 2100 3309 2212 3364; x_wconf 85' lang='lat' dir='ltr'>ego</span> 
     </span>
    </p>
   </div>
   <div class='ocr_carea' id='block_1_52' title="bbox 556 3385 2209 3454">
    <p class='ocr_par' dir='ltr' id='par_1_52' title="bbox 556 3385 2209 3454">
     <span class='ocr_line' id='line_1_52' title="bbox 556 3385 2209 3454; baseline -0.008 -1"><span class='ocrx_word' id='word_1_355' title='bbox 556 3401 756 3454; x_wconf 88' lang='lat' dir='ltr'>autem</span> <span class='ocrx_word' id='word_1_356' title='bbox 775 3393 983 3449; x_wconf 91' lang='lat' dir='ltr'>non.Si</span> <span class='ocrx_word' id='word_1_357' title='bbox 999 3390 1160 3445; x_wconf 88' lang='lat' dir='ltr'>enim</span> <span class='ocrx_word' id='word_1_358' title='bbox 1175 3386 1454 3452; x_wconf 87' lang='lat' dir='ltr'>videritis,</span> <span class='ocrx_word' id='word_1_359' title='bbox 1471 3385 1787 3440; x_wconf 88' lang='lat' dir='ltr'>crederetis</span> <span class='ocrx_word' id='word_1_360' title='bbox 1800 3400 1945 3439; x_wconf 89' lang='lat' dir='ltr'>sane</span> <span class='ocrx_word' id='word_1_361' title='bbox 1963 3385 2209 3441; x_wconf 88' lang='lat' dir='ltr'>miracu-</span> 
     </span>
    </p>
   </div>
   <div class='ocr_carea' id='block_1_53' title="bbox 553 3474 2213 3559">
    <p class='ocr_par' dir='ltr' id='par_1_53' title="bbox 553 3474 2213 3559">
     <span class='ocr_line' id='line_1_53' title="bbox 553 3474 2213 3559; baseline -0.009 -16"><span class='ocrx_word' id='word_1_362' title='bbox 553 3488 627 3543; x_wconf 90' lang='lat' dir='ltr'>lis</span> <span class='ocrx_word' id='word_1_363' title='bbox 644 3500 900 3559; x_wconf 68' lang='lat' dir='ltr'>quaeego</span> <span class='ocrx_word' id='word_1_364' title='bbox 914 3497 1115 3537; x_wconf 87' lang='lat' dir='ltr'>coram</span> <span class='ocrx_word' id='word_1_365' title='bbox 1129 3479 1299 3534; x_wconf 86' lang='lat' dir='ltr'>vobis</span> <span class='ocrx_word' id='word_1_366' title='bbox 1322 3492 1555 3548; x_wconf 90' lang='lat' dir='ltr'>operor.</span> <span class='ocrx_word' id='word_1_367' title='bbox 1579 3474 1689 3531; x_wconf 90' lang='lat' dir='ltr'>Sed</span> <span class='ocrx_word' id='word_1_368' title='bbox 1705 3483 2001 3546; x_wconf 87' lang='lat' dir='ltr'>quantum</span> <span class='ocrx_word' id='word_1_369' title='bbox 2016 3474 2091 3529; x_wconf 91' lang='lat' dir='ltr'>ad</span> <span class='ocrx_word' id='word_1_370' title='bbox 2108 3490 2213 3544; x_wconf 90' lang='lat' dir='ltr'>ap-</span> 
     </span>
    </p>
   </div>
   <div class='ocr_carea' id='block_1_54' title="bbox 554 3565 2207 3649">
    <p class='ocr_par' dir='ltr' id='par_1_54' title="bbox 554 3565 2207 3649">
     <span class='ocr_line' id='line_1_54' title="bbox 554 3565 2207 3649; baseline -0.01 -15"><span class='ocrx_word' id='word_1_371' title='bbox 554 3577 903 3649; x_wconf 89' lang='lat' dir='ltr'>parentiam,</span> <span class='ocrx_word' id='word_1_372' title='bbox 962 3571 1211 3635; x_wconf 90' lang='lat' dir='ltr'>videtis;</span> <span class='ocrx_word' id='word_1_373' title='bbox 1241 3573 1536 3640; x_wconf 91' lang='lat' dir='ltr'>quantum</span> <span class='ocrx_word' id='word_1_374' title='bbox 1592 3582 1725 3621; x_wconf 85' lang='lat' dir='ltr'>vero</span> <span class='ocrx_word' id='word_1_375' title='bbox 1756 3566 1833 3619; x_wconf 90' lang='lat' dir='ltr'>ad</span> <span class='ocrx_word' id='word_1_376' title='bbox 1878 3565 2207 3631; x_wconf 85' lang='lat' dir='ltr'>veritatem,</span> 
     </span>
    </p>
   </div>
   <div class='ocr_carea' id='block_1_55' title="bbox 551 3655 2211 3731">
    <p class='ocr_par' dir='ltr' id='par_1_55' title="bbox 551 3655 2211 3731">
     <span class='ocr_line' id='line_1_55' title="bbox 551 3655 2211 3731; baseline -0.009 -8"><span class='ocrx_word' id='word_1_377' title='bbox 551 3683 676 3723; x_wconf 90' lang='lat' dir='ltr'>non</span> <span class='ocrx_word' id='word_1_378' title='bbox 761 3664 988 3731; x_wconf 82' lang='lat' dir='ltr'>videtis,</span> <span class='ocrx_word' id='word_1_379' title='bbox 1080 3665 1271 3715; x_wconf 91' lang='lat' dir='ltr'>mente</span> <span class='ocrx_word' id='word_1_380' title='bbox 1358 3655 1652 3711; x_wconf 68' lang='lat' dir='ltr'>exczecati.</span> <span class='ocrx_word' id='word_1_381' title='bbox 1731 3656 1904 3711; x_wconf 86' lang='lat' dir='ltr'>Juxta</span> <span class='ocrx_word' id='word_1_382' title='bbox 1971 3669 2211 3725; x_wconf 91' lang='lat' dir='ltr'>prover-</span> 
     </span>
    </p>
   </div>
   <div class='ocr_carea' id='block_1_56' title="bbox 552 3743 2207 3824">
    <p class='ocr_par' dir='ltr' id='par_1_56' title="bbox 552 3743 2207 3824">
     <span class='ocr_line' id='line_1_56' title="bbox 552 3743 2207 3824; baseline -0.009 -12"><span class='ocrx_word' id='word_1_383' title='bbox 552 3756 724 3812; x_wconf 90' lang='lat' dir='ltr'>bium</span> <span class='ocrx_word' id='word_1_384' title='bbox 756 3767 1019 3824; x_wconf 89' lang='lat' dir='ltr'>namque</span> <span class='ocrx_word' id='word_1_385' title='bbox 1053 3766 1223 3805; x_wconf 89' lang='lat' dir='ltr'>mens</span> <span class='ocrx_word' id='word_1_386' title='bbox 1255 3747 1433 3811; x_wconf 87' lang='lat' dir='ltr'>videt,</span> <span class='ocrx_word' id='word_1_387' title='bbox 1476 3752 1530 3801; x_wconf 89' lang='lat' dir='ltr'>et</span> <span class='ocrx_word' id='word_1_388' title='bbox 1563 3762 1732 3800; x_wconf 92' lang='lat' dir='ltr'>mens</span> <span class='ocrx_word' id='word_1_389' title='bbox 1771 3743 1959 3809; x_wconf 89' lang='lat' dir='ltr'>audit,</span> <span class='ocrx_word' id='word_1_390' title='bbox 1996 3748 2207 3798; x_wconf 57' lang='lat' dir='ltr'>cratera</span> 
     </span>
    </p>
   </div>
   <div class='ocr_carea' id='block_1_57' title="bbox 553 3832 1668 3898">
    <p class='ocr_par' dir='ltr' id='par_1_57' title="bbox 553 3832 1668 3898">
     <span class='ocr_line' id='line_1_57' title="bbox 553 3832 1668 3898; baseline -0.01 -1"><span class='ocrx_word' id='word_1_391' title='bbox 553 3845 753 3898; x_wconf 88' lang='lat' dir='ltr'>autem</span> <span class='ocrx_word' id='word_1_392' title='bbox 786 3839 989 3894; x_wconf 90' lang='lat' dir='ltr'>omnia</span> <span class='ocrx_word' id='word_1_393' title='bbox 1020 3852 1177 3891; x_wconf 68' lang='lat' dir='ltr'>caeca</span> <span class='ocrx_word' id='word_1_394' title='bbox 1216 3837 1355 3888; x_wconf 89' lang='lat' dir='ltr'>sunt</span> <span class='ocrx_word' id='word_1_395' title='bbox 1380 3840 1435 3887; x_wconf 92' lang='lat' dir='ltr'>et</span> <span class='ocrx_word' id='word_1_396' title='bbox 1464 3832 1668 3886; x_wconf 81' lang='lat' dir='ltr'>surda.</span> 
     </span>
    </p>
   </div>
   <div class='ocr_carea' id='block_1_58' title="bbox 628 3920 2208 3992">
    <p class='ocr_par' dir='ltr' id='par_1_58' title="bbox 628 3920 2208 3992">
     <span class='ocr_line' id='line_1_58' title="bbox 628 3920 2208 3992; baseline -0.008 -7"><span class='ocrx_word' id='word_1_397' title='bbox 628 3930 789 3985; x_wconf 91' lang='lat' dir='ltr'>Vers.</span> <span class='ocrx_word' id='word_1_398' title='bbox 820 3932 907 3983; x_wconf 78' lang='grc'>41.</span> <span class='ocrx_word' id='word_1_399' title='bbox 938 3929 1252 3982; x_wconf 78' lang='lat' dir='ltr'>Peccatum</span> <span class='ocrx_word' id='word_1_400' title='bbox 1275 3938 1413 3992; x_wconf 84' lang='lat' dir='ltr'>ergo</span> <span class='ocrx_word' id='word_1_401' title='bbox 1436 3928 1694 3978; x_wconf 83' lang='lat' dir='ltr'>vestrum</span> <span class='ocrx_word' id='word_1_402' title='bbox 1743 3926 1962 3975; x_wconf 84' lang='lat' dir='ltr'>manet.</span> <span class='ocrx_word' id='word_1_403' title='bbox 2023 3920 2208 3973; x_wconf 86' lang='lat' dir='ltr'>Manet</span> 
     </span>
    </p>
   </div>
   <div class='ocr_carea' id='block_1_59' title="bbox 552 4006 2204 4091">
    <p class='ocr_par' dir='ltr' id='par_1_59' title="bbox 552 4006 2204 4091">
     <span class='ocr_line' id='line_1_59' title="bbox 552 4006 2204 4091; baseline -0.011 -13"><span class='ocrx_word' id='word_1_404' title='bbox 552 4021 783 4091; x_wconf 86' lang='lat' dir='ltr'>absque</span> <span class='ocrx_word' id='word_1_405' title='bbox 806 4018 992 4081; x_wconf 88' lang='lat' dir='ltr'>venia;</span> <span class='ocrx_word' id='word_1_406' title='bbox 1012 4016 1154 4089; x_wconf 88' lang='lat' dir='ltr'>quia</span> <span class='ocrx_word' id='word_1_407' title='bbox 1175 4015 1434 4069; x_wconf 89' lang='lat' dir='ltr'>dicentes</span> <span class='ocrx_word' id='word_1_408' title='bbox 1458 4027 1563 4066; x_wconf 86' lang='lat' dir='ltr'>vos</span> <span class='ocrx_word' id='word_1_409' title='bbox 1578 4010 1775 4065; x_wconf 88' lang='lat' dir='ltr'>videre</span> <span class='ocrx_word' id='word_1_410' title='bbox 1799 4026 1906 4064; x_wconf 92' lang='lat' dir='ltr'>nec</span> <span class='ocrx_word' id='word_1_411' title='bbox 1923 4006 2204 4073; x_wconf 84' lang='lat' dir='ltr'>videntes,</span> 
     </span>
    </p>
   </div>
   <div class='ocr_carea' id='block_1_60' title="bbox 522 4098 2206 4167">
    <p class='ocr_par' dir='ltr' id='par_1_60' title="bbox 522 4098 2206 4167">
     <span class='ocr_line' id='line_1_60' title="bbox 522 4098 2206 4167; baseline -0.009 -1"><span class='ocrx_word' id='word_1_412' title='bbox 522 4109 876 4167; x_wconf 83' lang='lat' dir='ltr'>&#39;voluntarie</span> <span class='ocrx_word' id='word_1_413' title='bbox 898 4104 1275 4162; x_wconf 71' lang='lat' dir='ltr'>excaecamini</span> <span class='ocrx_word' id='word_1_414' title='bbox 1294 4103 1370 4157; x_wconf 89' lang='lat' dir='ltr'>ab</span> <span class='ocrx_word' id='word_1_415' title='bbox 1394 4100 1611 4155; x_wconf 84' lang='lat' dir='ltr'>invidia</span> <span class='ocrx_word' id='word_1_416' title='bbox 1638 4107 1694 4155; x_wconf 89' lang='lat' dir='ltr'>et</span> <span class='ocrx_word' id='word_1_417' title='bbox 1726 4098 1966 4153; x_wconf 89' lang='lat' dir='ltr'>malitia.</span> <span class='ocrx_word' id='word_1_418' title='bbox 2002 4099 2206 4153; x_wconf 88' lang='lat' dir='ltr'>Osten-</span> 
     </span>
    </p>
   </div>
   <div class='ocr_carea' id='block_1_61' title="bbox 548 4186 2202 4270">
    <p class='ocr_par' dir='ltr' id='par_1_61' title="bbox 548 4186 2202 4270">
     <span class='ocr_line' id='line_1_61' title="bbox 548 4186 2202 4270; baseline -0.011 -13"><span class='ocrx_word' id='word_1_419' title='bbox 548 4202 635 4257; x_wconf 87' lang='lat' dir='ltr'>dit</span> <span class='ocrx_word' id='word_1_420' title='bbox 663 4215 824 4270; x_wconf 87' lang='lat' dir='ltr'>ergo,</span> <span class='ocrx_word' id='word_1_421' title='bbox 859 4196 1023 4269; x_wconf 89' lang='lat' dir='ltr'>quod</span> <span class='ocrx_word' id='word_1_422' title='bbox 1051 4192 1370 4265; x_wconf 89' lang='lat' dir='ltr'>corporalis</span> <span class='ocrx_word' id='word_1_423' title='bbox 1394 4190 1578 4253; x_wconf 84' lang='lat' dir='ltr'>visus,</span> <span class='ocrx_word' id='word_1_424' title='bbox 1611 4189 1686 4243; x_wconf 91' lang='lat' dir='ltr'>de</span> <span class='ocrx_word' id='word_1_425' title='bbox 1712 4204 1834 4260; x_wconf 90' lang='lat' dir='ltr'>quo</span> <span class='ocrx_word' id='word_1_426' title='bbox 1857 4186 2202 4257; x_wconf 77' lang='lat' dir='ltr'>gloriantur,</span> 
     </span>
    </p>
   </div>
   <div class='ocr_carea' id='block_1_62' title="bbox 545 4276 2205 4351">
    <p class='ocr_par' dir='ltr' id='par_1_62' title="bbox 545 4276 2205 4351">
     <span class='ocr_line' id='line_1_62' title="bbox 545 4276 2205 4351; baseline -0.01 -4"><span class='ocrx_word' id='word_1_427' title='bbox 545 4290 657 4347; x_wconf 90' lang='lat' dir='ltr'>hos</span> <span class='ocrx_word' id='word_1_428' title='bbox 709 4288 1093 4345; x_wconf 89' lang='lat' dir='ltr'>condemnat.</span> <span class='ocrx_word' id='word_1_429' title='bbox 1146 4280 1328 4339; x_wconf 90' lang='lat' dir='ltr'>Simul</span> <span class='ocrx_word' id='word_1_430' title='bbox 1384 4294 1624 4351; x_wconf 90' lang='lat' dir='ltr'>quoque</span> <span class='ocrx_word' id='word_1_431' title='bbox 1654 4294 1816 4346; x_wconf 88' lang='lat' dir='ltr'>eum,</span> <span class='ocrx_word' id='word_1_432' title='bbox 1867 4276 1973 4348; x_wconf 90' lang='lat' dir='ltr'>qui</span> <span class='ocrx_word' id='word_1_433' title='bbox 2027 4281 2205 4331; x_wconf 85' lang='lat' dir='ltr'>antea</span> 
     </span>
    </p>
   </div>
   <div class='ocr_carea' id='block_1_63' title="bbox 546 4364 2202 4440">
    <p class='ocr_par' dir='ltr' id='par_1_63' title="bbox 546 4364 2202 4440">
     <span class='ocr_line' id='line_1_63' title="bbox 546 4364 2202 4440; baseline -0.011 -4"><span class='ocrx_word' id='word_1_434' title='bbox 546 4395 740 4435; x_wconf 70' lang='lat' dir='ltr'>caecus</span> <span class='ocrx_word' id='word_1_435' title='bbox 762 4378 973 4440; x_wconf 89' lang='lat' dir='ltr'>fuerat,</span> <span class='ocrx_word' id='word_1_436' title='bbox 993 4374 1134 4430; x_wconf 86' lang='lat' dir='ltr'>hinc</span> <span class='ocrx_word' id='word_1_437' title='bbox 1156 4369 1515 4434; x_wconf 86' lang='lat' dir='ltr'>consolatur,</span> <span class='ocrx_word' id='word_1_438' title='bbox 1542 4384 1610 4423; x_wconf 89' lang='lat' dir='ltr'>ac</span> <span class='ocrx_word' id='word_1_439' title='bbox 1643 4368 1970 4423; x_wconf 83' lang='lat' dir='ltr'>ﬁrmiorem</span> <span class='ocrx_word' id='word_1_440' title='bbox 1992 4366 2053 4420; x_wconf 92' lang='lat' dir='ltr'>in</span> <span class='ocrx_word' id='word_1_441' title='bbox 2084 4364 2202 4419; x_wconf 83' lang='lat' dir='ltr'>ﬁde</span> 
     </span>
    </p>
   </div>
   <div class='ocr_carea' id='block_1_64' title="bbox 546 4468 2203 4615">
    <p class='ocr_par' dir='ltr' id='par_1_64' title="bbox 546 4468 2203 4615">
     <span class='ocr_line' id='line_1_64' title="bbox 546 4468 2203 4615; baseline -0.01 0"><span class='ocrx_word' id='word_1_442' title='bbox 546 4468 929 4615; x_wconf 44' lang='lat' dir='ltr'>regiltutem</span> <span class='ocrx_word' id='word_1_443' title='bbox 954 4554 1175 4610; x_wconf 87' lang='lat' dir='ltr'>dicant:</span> <span class='ocrx_word' id='word_1_444' title='bbox 1204 4554 1332 4607; x_wconf 86' lang='lat' dir='ltr'>Non</span> <span class='ocrx_word' id='word_1_445' title='bbox 1361 4547 1582 4604; x_wconf 91' lang='lat' dir='ltr'>idcirco</span> <span class='ocrx_word' id='word_1_446' title='bbox 1609 4545 1715 4602; x_wconf 87' lang='lat' dir='ltr'>tibi</span> <span class='ocrx_word' id='word_1_447' title='bbox 1745 4562 1859 4601; x_wconf 90' lang='lat' dir='ltr'>non</span> <span class='ocrx_word' id='word_1_448' title='bbox 1899 4544 2203 4601; x_wconf 90' lang='lat' dir='ltr'>credimus</span> 
     </span>
    </p>
   </div>
   <div class='ocr_carea' id='block_1_65' title="bbox 512 4619 2277 4722">
    <p class='ocr_par' dir='ltr' id='par_1_65' title="bbox 512 4619 2277 4722">
     <span class='ocr_line' id='line_1_65' title="bbox 512 4619 2277 4722; baseline -0.011 -16"><span class='ocrx_word' id='word_1_449' title='bbox 512 4656 515 4657; x_wconf 66' lang='grc'><strong><em>⁷</em></strong></span> <span class='ocrx_word' id='word_1_450' title='bbox 546 4649 709 4722; x_wconf 90' lang='lat' dir='ltr'>quod</span> <span class='ocrx_word' id='word_1_451' title='bbox 733 4662 854 4703; x_wconf 88' lang='lat' dir='ltr'>non</span> <span class='ocrx_word' id='word_1_452' title='bbox 878 4644 1215 4707; x_wconf 86' lang='lat' dir='ltr'>videamus,</span> <span class='ocrx_word' id='word_1_453' title='bbox 1247 4639 1347 4696; x_wconf 92' lang='lat' dir='ltr'>sed</span> <span class='ocrx_word' id='word_1_454' title='bbox 1379 4641 1521 4711; x_wconf 90' lang='lat' dir='ltr'>quia</span> <span class='ocrx_word' id='word_1_455' title='bbox 1543 4644 1602 4693; x_wconf 89' lang='lat' dir='ltr'>tu</span> <span class='ocrx_word' id='word_1_456' title='bbox 1627 4636 1919 4710; x_wconf 88' lang='lat' dir='ltr'>p0pulum</span> <span class='ocrx_word' id='word_1_457' title='bbox 1946 4634 2199 4699; x_wconf 88' lang='lat' dir='ltr'>seducis,</span> <span class='ocrx_word' id='word_1_458' title='bbox 2237 4619 2277 4672; x_wconf 78' lang='grc' dir='ltr'>ί)</span> 
     </span>
    </p>
   </div>
   <div class='ocr_carea' id='block_1_66' title="bbox 546 4723 2202 4808">
    <p class='ocr_par' dir='ltr' id='par_1_66' title="bbox 546 4723 2202 4808">
     <span class='ocr_line' id='line_1_66' title="bbox 546 4723 2202 4808; baseline -0.011 -13"><span class='ocrx_word' id='word_1_459' title='bbox 546 4736 803 4795; x_wconf 84' lang='lat' dir='ltr'>ostendit</span> <span class='ocrx_word' id='word_1_460' title='bbox 825 4751 930 4808; x_wconf 89' lang='lat' dir='ltr'>per</span> <span class='ocrx_word' id='word_1_461' title='bbox 947 4731 1319 4806; x_wconf 84' lang='lat' dir='ltr'>parabolam,</span> <span class='ocrx_word' id='word_1_462' title='bbox 1344 4729 1507 4801; x_wconf 89' lang='lat' dir='ltr'>quod</span> <span class='ocrx_word' id='word_1_463' title='bbox 1536 4743 1651 4782; x_wconf 93' lang='lat' dir='ltr'>non</span> <span class='ocrx_word' id='word_1_464' title='bbox 1676 4726 1953 4781; x_wconf 87' lang='lat' dir='ltr'>seductor</span> <span class='ocrx_word' id='word_1_465' title='bbox 1976 4725 2068 4788; x_wconf 91' lang='lat' dir='ltr'>sit,</span> <span class='ocrx_word' id='word_1_466' title='bbox 2095 4723 2202 4779; x_wconf 90' lang='lat' dir='ltr'>sed</span> 
     </span>
    </p>
   </div>
   <div class='ocr_carea' id='block_1_67' title="bbox 508 4813 2204 4901">
    <p class='ocr_par' dir='ltr' id='par_1_67' title="bbox 508 4813 2204 4901">
     <span class='ocr_line' id='line_1_67' title="bbox 508 4813 2204 4901; baseline -0.009 -16"><span class='ocrx_word' id='word_1_467' title='bbox 508 4836 511 4837; x_wconf 65' lang='grc'><strong><em>⁷</em></strong></span> <span class='ocrx_word' id='word_1_468' title='bbox 545 4830 835 4901; x_wconf 89' lang='lat' dir='ltr'>pastor.Et</span> <span class='ocrx_word' id='word_1_469' title='bbox 856 4826 1115 4896; x_wconf 89' lang='lat' dir='ltr'>primum</span> <span class='ocrx_word' id='word_1_470' title='bbox 1144 4819 1386 4892; x_wconf 90' lang='lat' dir='ltr'>quidem</span> <span class='ocrx_word' id='word_1_471' title='bbox 1411 4818 1580 4886; x_wconf 85' lang='lat' dir='ltr'>signa</span> <span class='ocrx_word' id='word_1_472' title='bbox 1595 4817 1762 4888; x_wconf 91' lang='lat' dir='ltr'>ponit</span> <span class='ocrx_word' id='word_1_473' title='bbox 1788 4813 2115 4870; x_wconf 81' lang='lat' dir='ltr'>seductoris</span> <span class='ocrx_word' id='word_1_474' title='bbox 2133 4829 2204 4869; x_wconf 86' lang='lat' dir='ltr'>ac</span> 
     </span>
    </p>
   </div>
   <div class='ocr_carea' id='block_1_68' title="bbox 546 4902 2204 4989">
    <p class='ocr_par' dir='ltr' id='par_1_68' title="bbox 546 4902 2204 4989">
     <span class='ocr_line' id='line_1_68' title="bbox 546 4902 2204 4989; baseline -0.011 -15"><span class='ocrx_word' id='word_1_475' title='bbox 546 4915 909 4989; x_wconf 87' lang='lat' dir='ltr'>corruptoris</span> <span class='ocrx_word' id='word_1_476' title='bbox 938 4928 952 4968; x_wconf 93' lang='lat'><strong>:</strong></span> <span class='ocrx_word' id='word_1_477' title='bbox 997 4911 1214 4967; x_wconf 91' lang='lat' dir='ltr'>deinde</span> <span class='ocrx_word' id='word_1_478' title='bbox 1256 4911 1690 4978; x_wconf 86' lang='lat' dir='ltr'>consequenter</span> <span class='ocrx_word' id='word_1_479' title='bbox 1719 4903 1970 4976; x_wconf 85' lang='lat' dir='ltr'>pastoris</span> <span class='ocrx_word' id='word_1_480' title='bbox 2002 4908 2058 4958; x_wconf 92' lang='lat' dir='ltr'>et</span> <span class='ocrx_word' id='word_1_481' title='bbox 2086 4902 2204 4957; x_wconf 86' lang='lat' dir='ltr'>Sal-</span> 
     </span>
    </p>
   </div>
   <div class='ocr_carea' id='block_1_69' title="bbox 544 4992 2200 5071">
    <p class='ocr_par' dir='ltr' id='par_1_69' title="bbox 544 4992 2200 5071">
     <span class='ocr_line' id='line_1_69' title="bbox 544 4992 2200 5071; baseline -0.01 -8"><span class='ocrx_word' id='word_1_482' title='bbox 544 5006 784 5071; x_wconf 83' lang='lat' dir='ltr'>vatoris,</span> <span class='ocrx_word' id='word_1_483' title='bbox 821 5009 887 5059; x_wconf 88' lang='lat' dir='ltr'>ut</span> <span class='ocrx_word' id='word_1_484' title='bbox 910 5019 983 5059; x_wconf 82' lang='lat' dir='ltr'>ex</span> <span class='ocrx_word' id='word_1_485' title='bbox 1007 5000 1102 5058; x_wconf 89' lang='lat' dir='ltr'>his</span> <span class='ocrx_word' id='word_1_486' title='bbox 1141 5004 1534 5071; x_wconf 86' lang='lat' dir='ltr'>cognoscatur</span> <span class='ocrx_word' id='word_1_487' title='bbox 1566 5001 1758 5052; x_wconf 88' lang='lat' dir='ltr'>utrum</span> <span class='ocrx_word' id='word_1_488' title='bbox 1800 4994 2077 5051; x_wconf 88' lang='lat' dir='ltr'>seductor</span> <span class='ocrx_word' id='word_1_489' title='bbox 2107 4992 2200 5058; x_wconf 89' lang='lat' dir='ltr'>sit,</span> 
     </span>
    </p>
   </div>
   <div class='ocr_carea' id='block_1_70' title="bbox 544 5101 873 5170">
    <p class='ocr_par' dir='ltr' id='par_1_70' title="bbox 544 5101 873 5170">
     <span class='ocr_line' id='line_1_70' title="bbox 544 5101 873 5170; baseline -0.021 -15"><span class='ocrx_word' id='word_1_490' title='bbox 544 5113 624 5156; x_wconf 86' lang='lat' dir='ltr'>an</span> <span class='ocrx_word' id='word_1_491' title='bbox 648 5101 873 5170; x_wconf 89' lang='lat' dir='ltr'>pastor.</span> 
     </span>
    </p>
   </div>
   <div class='ocr_carea' id='block_1_71' title="bbox 612 5240 1174 5306">
    <p class='ocr_par' dir='ltr' id='par_1_71' title="bbox 612 5240 1174 5306">
     <span class='ocr_line' id='line_1_71' title="bbox 612 5240 1174 5306; baseline -0.009 -6"><span class='ocrx_word' id='word_1_492' title='bbox 612 5242 665 5281; x_wconf 75' lang='grc'><strong><em>⁸⁸</em></strong></span> <span class='ocrx_word' id='word_1_493' title='bbox 704 5242 884 5299; x_wconf 83' lang='lat' dir='ltr'>Joan.</span> <span class='ocrx_word' id='word_1_494' title='bbox 932 5254 1047 5306; x_wconf 80' lang='lat' dir='ltr'>vm,</span> <span class='ocrx_word' id='word_1_495' title='bbox 1085 5240 1174 5296; x_wconf 87' lang='lat'>33.</span> 
     </span>
    </p>
   </div>
   <div class='ocr_carea' id='block_1_72' title="bbox 2336 1961 3928 2039">
    <p class='ocr_par' dir='ltr' id='par_1_72' title="bbox 2336 1961 3928 2039">
     <span class='ocr_line' id='line_1_72' title="bbox 2336 1961 3928 2039; baseline 0.004 -25"><span class='ocrx_word' id='word_1_496' title='bbox 2336 1966 2684 2036; x_wconf 85' lang='grc' dir='ltr'>προαιρέσεως</span> <span class='ocrx_word' id='word_1_497' title='bbox 2711 1961 3010 2035; x_wconf 50' lang='lat' dir='ltr'>amatam,</span> <span class='ocrx_word' id='word_1_498' title='bbox 3060 1973 3160 2017; x_wconf 88' lang='grc' dir='ltr'>τῶν</span> <span class='ocrx_word' id='word_1_499' title='bbox 3193 1961 3251 2017; x_wconf 76' lang='grc' dir='ltr'>δὲ</span> <span class='ocrx_word' id='word_1_500' title='bbox 3282 1967 3310 2023; x_wconf 81' lang='grc' dir='ltr'><strong>ἠ</strong></span> <span class='ocrx_word' id='word_1_501' title='bbox 3355 1964 3411 2017; x_wconf 79' lang='grc' dir='ltr'>ἐκ</span> <span class='ocrx_word' id='word_1_502' title='bbox 3456 1972 3685 2039; x_wconf 80' lang='grc' dir='ltr'>πονηρᾶς</span> <span class='ocrx_word' id='word_1_503' title='bbox 3730 1968 3928 2037; x_wconf 80' lang='grc' dir='ltr'>γνώμης</span> 
     </span>
    </p>
   </div>
   <div class='ocr_carea' id='block_1_73' title="bbox 2336 2050 2721 2125">
    <p class='ocr_par' dir='ltr' id='par_1_73' title="bbox 2336 2050 2721 2125">
     <span class='ocr_line' id='line_1_73' title="bbox 2336 2050 2721 2125; baseline 0.008 -23"><span class='ocrx_word' id='word_1_504' title='bbox 2336 2050 2721 2125; x_wconf 74' lang='grc' dir='ltr'>ἁποτύφλωσις.</span> 
     </span>
    </p>
   </div>
   <div class='ocr_carea' id='block_1_74' title="bbox 2408 2142 3931 2217">
    <p class='ocr_par' dir='ltr' id='par_1_74' title="bbox 2408 2142 3931 2217">
     <span class='ocr_line' id='line_1_74' title="bbox 2408 2142 3931 2217; baseline 0.003 -24"><span class='ocrx_word' id='word_1_505' title='bbox 2408 2146 2508 2194; x_wconf 81' lang='grc' dir='ltr'>Καὶ</span> <span class='ocrx_word' id='word_1_506' title='bbox 2562 2172 2633 2183; x_wconf 92' lang='lat'><strong>-</strong></span> <span class='ocrx_word' id='word_1_507' title='bbox 2692 2142 2873 2195; x_wconf 82' lang='grc' dir='ltr'>αύτοῦ.</span> <span class='ocrx_word' id='word_1_508' title='bbox 2934 2145 3001 2196; x_wconf 86' lang='grc' dir='ltr'>Οἱ</span> <span class='ocrx_word' id='word_1_509' title='bbox 3032 2163 3156 2197; x_wconf 85' lang='grc' dir='ltr'>ποτε</span> <span class='ocrx_word' id='word_1_510' title='bbox 3204 2147 3337 2206; x_wconf 81' lang='grc' dir='ltr'>ὄντες</span> <span class='ocrx_word' id='word_1_511' title='bbox 3386 2144 3499 2217; x_wconf 80' lang='grc' dir='ltr'>μετ’</span> <span class='ocrx_word' id='word_1_512' title='bbox 3552 2144 3737 2209; x_wconf 79' lang='grc' dir='ltr'>αὐτοῦ,</span> <span class='ocrx_word' id='word_1_513' title='bbox 3792 2144 3931 2198; x_wconf 77' lang='grc' dir='ltr'>ὔστε-</span> 
     </span>
    </p>
   </div>
   <div class='ocr_carea' id='block_1_75' title="bbox 2332 2229 3931 2307">
    <p class='ocr_par' dir='ltr' id='par_1_75' title="bbox 2332 2229 3931 2307">
     <span class='ocr_line' id='line_1_75' title="bbox 2332 2229 3931 2307; baseline 0.003 -24"><span class='ocrx_word' id='word_1_514' title='bbox 2332 2251 2420 2307; x_wconf 87' lang='grc' dir='ltr'>ρον</span> <span class='ocrx_word' id='word_1_515' title='bbox 2475 2229 2535 2285; x_wconf 64' lang='grc' dir='ltr'>δὲ</span> <span class='ocrx_word' id='word_1_516' title='bbox 2593 2231 2926 2305; x_wconf 72' lang='grc' dir='ltr'>ἀποστάντες,</span> <span class='ocrx_word' id='word_1_517' title='bbox 3004 2237 3033 2292; x_wconf 81' lang='grc' dir='ltr'>ἧ</span> <span class='ocrx_word' id='word_1_518' title='bbox 3101 2236 3149 2286; x_wconf 79' lang='grc' dir='ltr'>οἱ</span> <span class='ocrx_word' id='word_1_519' title='bbox 3224 2238 3361 2296; x_wconf 83' lang='grc' dir='ltr'>ὄντες</span> <span class='ocrx_word' id='word_1_520' title='bbox 3432 2240 3747 2291; x_wconf 80' lang='grc' dir='ltr'>τηνικαῦτα.</span> <span class='ocrx_word' id='word_1_521' title='bbox 3804 2238 3931 2296; x_wconf 67' lang='grc' dir='ltr'>Τινὲς</span> 
     </span>
    </p>
   </div>
   <div class='ocr_carea' id='block_1_76' title="bbox 2332 2321 3929 2396">
    <p class='ocr_par' dir='ltr' id='par_1_76' title="bbox 2332 2321 3929 2396">
     <span class='ocr_line' id='line_1_76' title="bbox 2332 2321 3929 2396; baseline 0.004 -25"><span class='ocrx_word' id='word_1_522' title='bbox 2332 2324 2433 2393; x_wconf 84' lang='grc' dir='ltr'>γὰρ</span> <span class='ocrx_word' id='word_1_523' title='bbox 2478 2328 2757 2395; x_wconf 82' lang='grc' dir='ltr'>Φαρισαῖοι</span> <span class='ocrx_word' id='word_1_524' title='bbox 2803 2328 3115 2396; x_wconf 75' lang='grc' dir='ltr'>παρείποντο</span> <span class='ocrx_word' id='word_1_525' title='bbox 3161 2321 3432 2395; x_wconf 86' lang='grc' dir='ltr'>βλέποντες</span> <span class='ocrx_word' id='word_1_526' title='bbox 3474 2328 3565 2375; x_wconf 80' lang='grc' dir='ltr'>καὶ</span> <span class='ocrx_word' id='word_1_527' title='bbox 3593 2321 3858 2386; x_wconf 80' lang='grc' dir='ltr'>ἀκούοντες</span> <span class='ocrx_word' id='word_1_528' title='bbox 3885 2332 3929 2377; x_wconf 88' lang='grc' dir='ltr'>τί</span> 
     </span>
    </p>
   </div>
   <div class='ocr_carea' id='block_1_77' title="bbox 2334 2402 2773 2457">
    <p class='ocr_par' dir='ltr' id='par_1_77' title="bbox 2334 2402 2773 2457">
     <span class='ocr_line' id='line_1_77' title="bbox 2334 2402 2773 2457; baseline 0.005 -3"><span class='ocrx_word' id='word_1_529' title='bbox 2334 2410 2473 2454; x_wconf 83' lang='grc' dir='ltr'>ποιεῖ</span> <span class='ocrx_word' id='word_1_530' title='bbox 2500 2407 2587 2454; x_wconf 84' lang='lat' dir='ltr'>xui.</span> <span class='ocrx_word' id='word_1_531' title='bbox 2612 2402 2773 2457; x_wconf 64' lang='grc' dir='ltr'>λαλεῖ.</span> 
     </span>
    </p>
   </div>
   <div class='ocr_carea' id='block_1_78' title="bbox 2409 2490 3928 2569">
    <p class='ocr_par' dir='ltr' id='par_1_78' title="bbox 2409 2490 3928 2569">
     <span class='ocr_line' id='line_1_78' title="bbox 2409 2490 3928 2569; baseline 0.003 -26"><span class='ocrx_word' id='word_1_532' title='bbox 2409 2496 2507 2544; x_wconf 78' lang='grc' dir='ltr'>Καὶ</span> <span class='ocrx_word' id='word_1_533' title='bbox 2560 2523 2627 2531; x_wconf 91' lang='grc'><strong>-</strong></span> <span class='ocrx_word' id='word_1_534' title='bbox 2679 2491 3102 2569; x_wconf 77' lang='grc' dir='ltr'>ἑσμενςὮσπερ</span> <span class='ocrx_word' id='word_1_535' title='bbox 3187 2491 3425 2565; x_wconf 80' lang='grc' dir='ltr'>ἀλλαχοῦ</span> <span class='ocrx_word' id='word_1_536' title='bbox 3481 2492 3689 2565; x_wconf 76' lang='grc' dir='ltr'>ἔλεγονο</span> <span class='ocrx_word' id='word_1_537' title='bbox 3751 2490 3928 2547; x_wconf 82' lang='grc' dir='ltr'>Ούδενὶ</span> 
     </span>
    </p>
   </div>
   <div class='ocr_carea' id='block_1_79' title="bbox 2334 2577 3927 2657">
    <p class='ocr_par' dir='ltr' id='par_1_79' title="bbox 2334 2577 3927 2657">
     <span class='ocr_line' id='line_1_79' title="bbox 2334 2577 3927 2657; baseline -0.003 -25"><span class='ocrx_word' id='word_1_538' title='bbox 2334 2577 2746 2654; x_wconf 69' lang='grc' dir='ltr'>δεδουλεύκαμεν</span> <span class='ocrx_word' id='word_1_539' title='bbox 2818 2588 3025 2635; x_wconf 83' lang='grc' dir='ltr'>πώποτε</span> <span class='ocrx_word' id='word_1_540' title='bbox 3057 2600 3070 2613; x_wconf 84' lang='grc'><em>’</em></span> <span class='ocrx_word' id='word_1_541' title='bbox 3128 2587 3239 2650; x_wconf 85' lang='grc' dir='ltr'>καὶ,</span> <span class='ocrx_word' id='word_1_542' title='bbox 3290 2582 3379 2635; x_wconf 88' lang='grc' dir='ltr'>Ἐκ</span> <span class='ocrx_word' id='word_1_543' title='bbox 3435 2587 3681 2657; x_wconf 86' lang='grc' dir='ltr'>πορνείας</span> <span class='ocrx_word' id='word_1_544' title='bbox 3744 2584 3801 2636; x_wconf 85' lang='grc' dir='ltr'>ού</span> <span class='ocrx_word' id='word_1_545' title='bbox 3854 2603 3927 2655; x_wconf 80' lang='grc' dir='ltr'>γε.</span> 
     </span>
    </p>
   </div>
   <div class='ocr_carea' id='block_1_80' title="bbox 2328 2672 3925 2745">
    <p class='ocr_par' dir='ltr' id='par_1_80' title="bbox 2328 2672 3925 2745">
     <span class='ocr_line' id='line_1_80' title="bbox 2328 2672 3925 2745; baseline 0.001 -21"><span class='ocrx_word' id='word_1_546' title='bbox 2328 2672 2815 2743; x_wconf 83' lang='grc' dir='ltr'>γεννήμεθα·οὖτω</span> <span class='ocrx_word' id='word_1_547' title='bbox 2886 2677 2975 2724; x_wconf 79' lang='grc' dir='ltr'>καὶ</span> <span class='ocrx_word' id='word_1_548' title='bbox 3028 2680 3116 2724; x_wconf 90' lang='grc' dir='ltr'>νῦν</span> <span class='ocrx_word' id='word_1_549' title='bbox 3194 2676 3321 2745; x_wconf 88' lang='grc' dir='ltr'>πρὸς</span> <span class='ocrx_word' id='word_1_550' title='bbox 3399 2676 3465 2725; x_wconf 82' lang='grc' dir='ltr'>τὰ</span> <span class='ocrx_word' id='word_1_551' title='bbox 3535 2673 3774 2731; x_wconf 82' lang='grc' dir='ltr'>αἰσθητὰ</span> <span class='ocrx_word' id='word_1_552' title='bbox 3853 2693 3925 2725; x_wconf 86' lang='grc' dir='ltr'>κι-</span> 
     </span>
    </p>
   </div>
   <div class='ocr_carea' id='block_1_81' title="bbox 2326 2762 3923 2835">
    <p class='ocr_par' dir='ltr' id='par_1_81' title="bbox 2326 2762 3923 2835">
     <span class='ocr_line' id='line_1_81' title="bbox 2326 2762 3923 2835; baseline 0.003 -25"><span class='ocrx_word' id='word_1_553' title='bbox 2326 2766 2529 2834; x_wconf 72' lang='grc' dir='ltr'>χῄνασι</span> <span class='ocrx_word' id='word_1_554' title='bbox 2581 2766 2754 2834; x_wconf 91' lang='grc' dir='ltr'>μόνον,</span> <span class='ocrx_word' id='word_1_555' title='bbox 2815 2768 2903 2815; x_wconf 81' lang='grc' dir='ltr'>καὶ</span> <span class='ocrx_word' id='word_1_556' title='bbox 2962 2766 3053 2821; x_wconf 82' lang='grc' dir='ltr'>τήν</span> <span class='ocrx_word' id='word_1_557' title='bbox 3111 2766 3414 2835; x_wconf 83' lang='grc' dir='ltr'>σωματικὴν</span> <span class='ocrx_word' id='word_1_558' title='bbox 3462 2763 3727 2835; x_wconf 73' lang='grc' dir='ltr'>τύφλωσιν</span> <span class='ocrx_word' id='word_1_559' title='bbox 3791 2762 3923 2831; x_wconf 71' lang='grc' dir='ltr'>ἔπαι-</span> 
     </span>
    </p>
   </div>
   <div class='ocr_carea' id='block_1_82' title="bbox 2330 2849 3921 2926">
    <p class='ocr_par' dir='ltr' id='par_1_82' title="bbox 2330 2849 3921 2926">
     <span class='ocr_line' id='line_1_82' title="bbox 2330 2849 3921 2926; baseline 0.001 -24"><span class='ocrx_word' id='word_1_560' title='bbox 2330 2855 2632 2923; x_wconf 78' lang='grc' dir='ltr'>σχύνονται.</span> <span class='ocrx_word' id='word_1_561' title='bbox 2669 2854 2754 2904; x_wconf 92' lang='grc' dir='ltr'>Διό</span> <span class='ocrx_word' id='word_1_562' title='bbox 2777 2856 2895 2926; x_wconf 73' lang='grc' dir='ltr'>περὶ</span> <span class='ocrx_word' id='word_1_563' title='bbox 2925 2855 3120 2914; x_wconf 80' lang='grc' dir='ltr'>ταύτης</span> <span class='ocrx_word' id='word_1_564' title='bbox 3142 2851 3373 2926; x_wconf 74' lang='grc' dir='ltr'>ἐρωτῶσι</span> <span class='ocrx_word' id='word_1_565' title='bbox 3397 2856 3601 2925; x_wconf 78' lang='grc' dir='ltr'>γνόντες</span> <span class='ocrx_word' id='word_1_566' title='bbox 3628 2854 3714 2906; x_wconf 84' lang='grc' dir='ltr'>ὅτι</span> <span class='ocrx_word' id='word_1_567' title='bbox 3742 2858 3827 2905; x_wconf 87' lang='grc' dir='ltr'>καὶ</span> <span class='ocrx_word' id='word_1_568' title='bbox 3854 2849 3921 2905; x_wconf 83' lang='grc' dir='ltr'>δι’</span> 
     </span>
    </p>
   </div>
   <div class='ocr_carea' id='block_1_83' title="bbox 2326 2941 2996 3014">
    <p class='ocr_par' dir='ltr' id='par_1_83' title="bbox 2326 2941 2996 3014">
     <span class='ocr_line' id='line_1_83' title="bbox 2326 2941 2996 3014; baseline 0.001 -21"><span class='ocrx_word' id='word_1_569' title='bbox 2326 2941 2514 3002; x_wconf 86' lang='grc' dir='ltr'>αύτούς</span> <span class='ocrx_word' id='word_1_570' title='bbox 2541 2945 2743 3014; x_wconf 76' lang='grc' dir='ltr'>εἰρηται</span> <span class='ocrx_word' id='word_1_571' title='bbox 2775 2944 2799 2993; x_wconf 92' lang='grc' dir='ltr'>ό</span> <span class='ocrx_word' id='word_1_572' title='bbox 2830 2942 2996 3013; x_wconf 84' lang='grc' dir='ltr'>λόγος.</span> 
     </span>
    </p>
   </div>
   <div class='ocr_carea' id='block_1_84' title="bbox 2398 3018 3918 3099">
    <p class='ocr_par' dir='ltr' id='par_1_84' title="bbox 2398 3018 3918 3099">
     <span class='ocr_line' id='line_1_84' title="bbox 2398 3018 3918 3099; baseline 0 -25"><span class='ocrx_word' id='word_1_573' title='bbox 2398 3018 2547 3074; x_wconf 85' lang='grc' dir='ltr'>Εἶπεν</span> <span class='ocrx_word' id='word_1_574' title='bbox 2578 3054 2646 3061; x_wconf 92' lang='lat'>-—</span> <span class='ocrx_word' id='word_1_575' title='bbox 2676 3022 2955 3095; x_wconf 79' lang='grc' dir='ltr'>ἁμαρτίαν,</span> <span class='ocrx_word' id='word_1_576' title='bbox 2988 3051 3056 3065; x_wconf 92' lang='grc'><strong><em>-</em></strong></span> <span class='ocrx_word' id='word_1_577' title='bbox 3082 3022 3190 3075; x_wconf 84' lang='grc' dir='ltr'>Ούκ</span> <span class='ocrx_word' id='word_1_578' title='bbox 3217 3022 3277 3073; x_wconf 80' lang='grc' dir='ltr'>ἂν</span> <span class='ocrx_word' id='word_1_579' title='bbox 3309 3026 3475 3095; x_wconf 79' lang='grc' dir='ltr'>εἴχετε</span> <span class='ocrx_word' id='word_1_580' title='bbox 3514 3022 3797 3099; x_wconf 82' lang='grc' dir='ltr'>ἁμαρτίαν,</span> <span class='ocrx_word' id='word_1_581' title='bbox 3844 3021 3918 3075; x_wconf 81' lang='grc' dir='ltr'>ἐπὶ</span> 
     </span>
    </p>
   </div>
   <div class='ocr_carea' id='block_1_85' title="bbox 2324 3108 3919 3185">
    <p class='ocr_par' dir='ltr' id='par_1_85' title="bbox 2324 3108 3919 3185">
     <span class='ocr_line' id='line_1_85' title="bbox 2324 3108 3919 3185; baseline 0 -23"><span class='ocrx_word' id='word_1_582' title='bbox 2324 3118 2386 3183; x_wconf 76' lang='grc' dir='ltr'>τῇ</span> <span class='ocrx_word' id='word_1_583' title='bbox 2427 3109 2650 3183; x_wconf 78' lang='grc' dir='ltr'>ἀπιστίᾳ</span> <span class='ocrx_word' id='word_1_584' title='bbox 2680 3108 2922 3169; x_wconf 76' lang='grc' dir='ltr'>δηλονότι</span> <span class='ocrx_word' id='word_1_585' title='bbox 2947 3127 2958 3140; x_wconf 87' lang='grc'>·</span> <span class='ocrx_word' id='word_1_586' title='bbox 2992 3111 3083 3163; x_wconf 81' lang='grc' dir='ltr'>καὶ</span> <span class='ocrx_word' id='word_1_587' title='bbox 3111 3114 3212 3185; x_wconf 85' lang='grc' dir='ltr'>γὰρ</span> <span class='ocrx_word' id='word_1_588' title='bbox 3257 3108 3528 3170; x_wconf 77' lang='grc' dir='ltr'>ἠδύνασθε</span> <span class='ocrx_word' id='word_1_589' title='bbox 3559 3112 3919 3185; x_wconf 79' lang='grc' dir='ltr'>ἀπολογεῖσθαι</span> 
     </span>
    </p>
   </div>
   <div class='ocr_carea' id='block_1_86' title="bbox 2251 3200 3217 3297">
    <p class='ocr_par' dir='ltr' id='par_1_86' title="bbox 2251 3200 3217 3297">
     <span class='ocr_line' id='line_1_86' title="bbox 2251 3200 3217 3297; baseline 0.001 -45"><span class='ocrx_word' id='word_1_590' title='bbox 2251 3241 2293 3297; x_wconf 76' lang='lat' dir='ltr'>C</span> <span class='ocrx_word' id='word_1_591' title='bbox 2327 3202 2401 3252; x_wconf 84' lang='grc' dir='ltr'>ὅτι</span> <span class='ocrx_word' id='word_1_592' title='bbox 2435 3200 2545 3252; x_wconf 88' lang='grc' dir='ltr'>Ούκ</span> <span class='ocrx_word' id='word_1_593' title='bbox 2578 3200 2872 3275; x_wconf 81' lang='grc' dir='ltr'>ἑωράκαμεν</span> <span class='ocrx_word' id='word_1_594' title='bbox 2904 3202 2970 3253; x_wconf 79' lang='grc' dir='ltr'>τὰ</span> <span class='ocrx_word' id='word_1_595' title='bbox 3005 3208 3217 3272; x_wconf 76' lang='grc' dir='ltr'>σημεῖα,</span> 
     </span>
    </p>
   </div>
   <div class='ocr_carea' id='block_1_87' title="bbox 2394 3287 3917 3363">
    <p class='ocr_par' dir='ltr' id='par_1_87' title="bbox 2394 3287 3917 3363">
     <span class='ocr_line' id='line_1_87' title="bbox 2394 3287 3917 3363; baseline -0.001 -20"><span class='ocrx_word' id='word_1_596' title='bbox 2394 3296 2501 3343; x_wconf 85' lang='grc' dir='ltr'>Νῦν</span> <span class='ocrx_word' id='word_1_597' title='bbox 2561 3321 2623 3331; x_wconf 94' lang='grc'><strong>-</strong></span> <span class='ocrx_word' id='word_1_598' title='bbox 2675 3288 2951 3363; x_wconf 79' lang='grc' dir='ltr'>βλέπομεν.</span> <span class='ocrx_word' id='word_1_599' title='bbox 3009 3288 3178 3362; x_wconf 76' lang='grc' dir='ltr'>Ὑμεῖς</span> <span class='ocrx_word' id='word_1_600' title='bbox 3230 3298 3382 3343; x_wconf 86' lang='grc' dir='ltr'>τοῦτο</span> <span class='ocrx_word' id='word_1_601' title='bbox 3439 3290 3629 3362; x_wconf 75' lang='grc' dir='ltr'>λέγετε,</span> <span class='ocrx_word' id='word_1_602' title='bbox 3712 3290 3811 3363; x_wconf 73' lang='grc' dir='ltr'>ἐγὼ</span> <span class='ocrx_word' id='word_1_603' title='bbox 3865 3287 3917 3343; x_wconf 68' lang='grc' dir='ltr'>δι</span> 
     </span>
    </p>
   </div>
   <div class='ocr_carea' id='block_1_88' title="bbox 2323 3378 3918 3454">
    <p class='ocr_par' dir='ltr' id='par_1_88' title="bbox 2323 3378 3918 3454">
     <span class='ocr_line' id='line_1_88' title="bbox 2323 3378 3918 3454; baseline -0.001 -22"><span class='ocrx_word' id='word_1_604' title='bbox 2323 3381 2407 3436; x_wconf 77' lang='grc' dir='ltr'>οὔ.</span> <span class='ocrx_word' id='word_1_605' title='bbox 2444 3379 2503 3432; x_wconf 83' lang='grc' dir='ltr'><strong>Εἰ</strong></span> <span class='ocrx_word' id='word_1_606' title='bbox 2544 3383 2645 3453; x_wconf 81' lang='grc' dir='ltr'>γὰρ</span> <span class='ocrx_word' id='word_1_607' title='bbox 2705 3378 2954 3449; x_wconf 81' lang='grc' dir='ltr'>ἐϐλέπετε,</span> <span class='ocrx_word' id='word_1_608' title='bbox 3014 3382 3327 3445; x_wconf 66' lang='grc' dir='ltr'>ἐπιστεύετε,</span> <span class='ocrx_word' id='word_1_609' title='bbox 3387 3379 3448 3433; x_wconf 87' lang='grc' dir='ltr'>ἆν</span> <span class='ocrx_word' id='word_1_610' title='bbox 3503 3382 3579 3443; x_wconf 87' lang='grc' dir='ltr'>οἷς</span> <span class='ocrx_word' id='word_1_611' title='bbox 3638 3379 3918 3454; x_wconf 72' lang='grc' dir='ltr'>ἐργάζομαι</span> 
     </span>
    </p>
   </div>
   <div class='ocr_carea' id='block_1_89' title="bbox 2325 3466 3918 3543">
    <p class='ocr_par' dir='ltr' id='par_1_89' title="bbox 2325 3466 3918 3543">
     <span class='ocr_line' id='line_1_89' title="bbox 2325 3466 3918 3543; baseline 0.001 -23"><span class='ocrx_word' id='word_1_612' title='bbox 2325 3470 2588 3541; x_wconf 82' lang='grc' dir='ltr'>θαύμασιν</span> <span class='ocrx_word' id='word_1_613' title='bbox 2636 3468 2847 3521; x_wconf 83' lang='grc' dir='ltr'>ἐνώπιον</span> <span class='ocrx_word' id='word_1_614' title='bbox 2901 3471 3065 3541; x_wconf 77' lang='grc' dir='ltr'>ὑμῶν.</span> <span class='ocrx_word' id='word_1_615' title='bbox 3126 3469 3281 3523; x_wconf 83' lang='grc' dir='ltr'>Ἀλλὰ</span> <span class='ocrx_word' id='word_1_616' title='bbox 3331 3478 3403 3540; x_wconf 84' lang='grc' dir='ltr'>τῷ</span> <span class='ocrx_word' id='word_1_617' title='bbox 3456 3466 3628 3523; x_wconf 74' lang='grc' dir='ltr'>δοκεῖν</span> <span class='ocrx_word' id='word_1_618' title='bbox 3670 3475 3759 3543; x_wconf 71' lang='grc' dir='ltr'>μὲν</span> <span class='ocrx_word' id='word_1_619' title='bbox 3812 3468 3918 3543; x_wconf 81' lang='grc' dir='ltr'>βλί-</span> 
     </span>
    </p>
   </div>
   <div class='ocr_carea' id='block_1_90' title="bbox 2321 3554 3914 3632">
    <p class='ocr_par' dir='ltr' id='par_1_90' title="bbox 2321 3554 3914 3632">
     <span class='ocr_line' id='line_1_90' title="bbox 2321 3554 3914 3632; baseline 0.002 -23"><span class='ocrx_word' id='word_1_620' title='bbox 2321 3577 2456 3623; x_wconf 84' lang='grc' dir='ltr'>πετε,</span> <span class='ocrx_word' id='word_1_621' title='bbox 2488 3566 2549 3630; x_wconf 74' lang='grc' dir='ltr'>τῇ</span> <span class='ocrx_word' id='word_1_622' title='bbox 2584 3554 2643 3611; x_wconf 68' lang='grc' dir='ltr'>δὲ</span> <span class='ocrx_word' id='word_1_623' title='bbox 2672 3558 2889 3631; x_wconf 79' lang='grc' dir='ltr'>ἀληθεία</span> <span class='ocrx_word' id='word_1_624' title='bbox 2914 3559 2973 3611; x_wconf 79' lang='grc' dir='ltr'>ού</span> <span class='ocrx_word' id='word_1_625' title='bbox 3006 3558 3219 3631; x_wconf 81' lang='grc' dir='ltr'>βλέπετε</span> <span class='ocrx_word' id='word_1_626' title='bbox 3249 3558 3624 3632; x_wconf 76' lang='grc' dir='ltr'>τετυφλωμένοι</span> <span class='ocrx_word' id='word_1_627' title='bbox 3670 3564 3757 3612; x_wconf 88' lang='grc' dir='ltr'>τόν</span> <span class='ocrx_word' id='word_1_628' title='bbox 3785 3567 3914 3612; x_wconf 85' lang='grc' dir='ltr'>νοῦν.</span> 
     </span>
    </p>
   </div>
   <div class='ocr_carea' id='block_1_91' title="bbox 2322 3649 3911 3724">
    <p class='ocr_par' dir='ltr' id='par_1_91' title="bbox 2322 3649 3911 3724">
     <span class='ocr_line' id='line_1_91' title="bbox 2322 3649 3911 3724; baseline 0 -24"><span class='ocrx_word' id='word_1_629' title='bbox 2322 3651 2465 3700; x_wconf 84' lang='grc' dir='ltr'>Κατὰ</span> <span class='ocrx_word' id='word_1_630' title='bbox 2493 3651 2591 3722; x_wconf 83' lang='grc' dir='ltr'>γὰρ</span> <span class='ocrx_word' id='word_1_631' title='bbox 2620 3654 2713 3706; x_wconf 84' lang='grc' dir='ltr'>τὴν</span> <span class='ocrx_word' id='word_1_632' title='bbox 2742 3653 3024 3723; x_wconf 77' lang='grc' dir='ltr'>παροιμίαν</span> <span class='ocrx_word' id='word_1_633' title='bbox 3068 3657 3186 3711; x_wconf 89' lang='grc' dir='ltr'>νοῦς</span> <span class='ocrx_word' id='word_1_634' title='bbox 3224 3649 3301 3720; x_wconf 71' lang='grc'>(4)</span> <span class='ocrx_word' id='word_1_635' title='bbox 3333 3650 3431 3724; x_wconf 84' lang='grc' dir='ltr'>όρᾴ</span> <span class='ocrx_word' id='word_1_636' title='bbox 3458 3654 3549 3702; x_wconf 82' lang='grc' dir='ltr'>καὶ</span> <span class='ocrx_word' id='word_1_637' title='bbox 3577 3657 3697 3713; x_wconf 88' lang='grc' dir='ltr'>νοῦς</span> <span class='ocrx_word' id='word_1_638' title='bbox 3728 3649 3911 3703; x_wconf 55' lang='grc' dir='ltr'>ἀκούητ</span> 
     </span>
    </p>
   </div>
   <div class='ocr_carea' id='block_1_92' title="bbox 2318 3733 3312 3813">
    <p class='ocr_par' dir='ltr' id='par_1_92' title="bbox 2318 3733 3312 3813">
     <span class='ocr_line' id='line_1_92' title="bbox 2318 3733 3312 3813; baseline 0.005 -25"><span class='ocrx_word' id='word_1_639' title='bbox 2318 3739 2385 3789; x_wconf 80' lang='grc' dir='ltr'>τὰ</span> <span class='ocrx_word' id='word_1_640' title='bbox 2406 3733 2455 3789; x_wconf 73' lang='grc' dir='ltr'>δ’</span> <span class='ocrx_word' id='word_1_641' title='bbox 2483 3738 2612 3790; x_wconf 84' lang='grc' dir='ltr'>οἴλλα</span> <span class='ocrx_word' id='word_1_642' title='bbox 2638 3740 2807 3791; x_wconf 89' lang='grc' dir='ltr'>πάντα</span> <span class='ocrx_word' id='word_1_643' title='bbox 2832 3737 3001 3810; x_wconf 77' lang='grc' dir='ltr'>τυφλὰ</span> <span class='ocrx_word' id='word_1_644' title='bbox 3028 3743 3118 3790; x_wconf 82' lang='grc' dir='ltr'>καὶ</span> <span class='ocrx_word' id='word_1_645' title='bbox 3148 3740 3312 3813; x_wconf 83' lang='grc' dir='ltr'>κωρά.</span> 
     </span>
    </p>
   </div>
   <div class='ocr_carea' id='block_1_93' title="bbox 2387 3912 3916 3992">
    <p class='ocr_par' dir='ltr' id='par_1_93' title="bbox 2387 3912 3916 3992">
     <span class='ocr_line' id='line_1_93' title="bbox 2387 3912 3916 3992; baseline 0 -23"><span class='ocrx_word' id='word_1_646' title='bbox 2387 3914 2445 3969; x_wconf 81' lang='grc' dir='ltr'>ἸΙ</span> <span class='ocrx_word' id='word_1_647' title='bbox 2526 3912 2614 3969; x_wconf 83' lang='grc' dir='ltr'>οὖν</span> <span class='ocrx_word' id='word_1_648' title='bbox 2690 3916 2924 3992; x_wconf 79' lang='grc' dir='ltr'>ἁμαρτία</span> <span class='ocrx_word' id='word_1_649' title='bbox 2989 3917 3132 3989; x_wconf 85' lang='grc' dir='ltr'>ὑμῶν</span> <span class='ocrx_word' id='word_1_650' title='bbox 3200 3936 3358 3991; x_wconf 83' lang='grc' dir='ltr'>μενει.</span> <span class='ocrx_word' id='word_1_651' title='bbox 3437 3921 3589 3972; x_wconf 81' lang='grc' dir='ltr'>Μένει</span> <span class='ocrx_word' id='word_1_652' title='bbox 3660 3917 3916 3990; x_wconf 74' lang='grc' dir='ltr'>ἀσύγγνω-</span> 
     </span>
    </p>
   </div>
   <div class='ocr_carea' id='block_1_94' title="bbox 2321 4003 3915 4080">
    <p class='ocr_par' dir='ltr' id='par_1_94' title="bbox 2321 4003 3915 4080">
     <span class='ocr_line' id='line_1_94' title="bbox 2321 4003 3915 4080; baseline 0 -22"><span class='ocrx_word' id='word_1_653' title='bbox 2321 4024 2457 4073; x_wconf 87' lang='grc' dir='ltr'>στος,</span> <span class='ocrx_word' id='word_1_654' title='bbox 2504 4003 2667 4078; x_wconf 82' lang='grc' dir='ltr'>διότι,</span> <span class='ocrx_word' id='word_1_655' title='bbox 2721 4007 2952 4079; x_wconf 82' lang='grc' dir='ltr'>λέγοντες</span> <span class='ocrx_word' id='word_1_656' title='bbox 3011 4005 3238 4079; x_wconf 81' lang='grc' dir='ltr'>βλέπειν,</span> <span class='ocrx_word' id='word_1_657' title='bbox 3289 4007 3348 4060; x_wconf 88' lang='grc' dir='ltr'>ού</span> <span class='ocrx_word' id='word_1_658' title='bbox 3410 4006 3645 4080; x_wconf 78' lang='grc' dir='ltr'>βλέπετε,</span> <span class='ocrx_word' id='word_1_659' title='bbox 3698 4008 3915 4061; x_wconf 74' lang='grc' dir='ltr'>ἑθελοτυ-</span> 
     </span>
    </p>
   </div>
   <div class='ocr_carea' id='block_1_95' title="bbox 2318 4095 3913 4172">
    <p class='ocr_par' dir='ltr' id='par_1_95' title="bbox 2318 4095 3913 4172">
     <span class='ocr_line' id='line_1_95' title="bbox 2318 4095 3913 4172; baseline 0.001 -25"><span class='ocrx_word' id='word_1_660' title='bbox 2318 4096 2624 4169; x_wconf 78' lang='grc' dir='ltr'>φλωττοντες</span> <span class='ocrx_word' id='word_1_661' title='bbox 2680 4099 2780 4149; x_wconf 77' lang='grc' dir='ltr'>ὑπὸ</span> <span class='ocrx_word' id='word_1_662' title='bbox 2835 4100 3022 4169; x_wconf 74' lang='grc' dir='ltr'>φθόνου</span> <span class='ocrx_word' id='word_1_663' title='bbox 3074 4103 3164 4151; x_wconf 85' lang='grc' dir='ltr'>καὶ</span> <span class='ocrx_word' id='word_1_664' title='bbox 3220 4102 3491 4172; x_wconf 88' lang='grc' dir='ltr'>πονηρίας.</span> <span class='ocrx_word' id='word_1_665' title='bbox 3560 4095 3766 4161; x_wconf 79' lang='grc' dir='ltr'>Ἔδειξε</span> <span class='ocrx_word' id='word_1_666' title='bbox 3815 4104 3913 4150; x_wconf 82' lang='grc' dir='ltr'>τοί-</span> 
     </span>
    </p>
   </div>
   <div class='ocr_carea' id='block_1_96' title="bbox 2314 4185 3911 4259">
    <p class='ocr_par' dir='ltr' id='par_1_96' title="bbox 2314 4185 3911 4259">
     <span class='ocr_line' id='line_1_96' title="bbox 2314 4185 3911 4259; baseline -0.001 -22"><span class='ocrx_word' id='word_1_667' title='bbox 2314 4206 2401 4237; x_wconf 90' lang='grc' dir='ltr'>νυν</span> <span class='ocrx_word' id='word_1_668' title='bbox 2447 4189 2527 4240; x_wconf 86' lang='grc' dir='ltr'>ὃτι</span> <span class='ocrx_word' id='word_1_669' title='bbox 2575 4189 2605 4244; x_wconf 80' lang='grc' dir='ltr'>ἡ</span> <span class='ocrx_word' id='word_1_670' title='bbox 2661 4192 2935 4257; x_wconf 79' lang='grc' dir='ltr'>σωματικὴ</span> <span class='ocrx_word' id='word_1_671' title='bbox 2998 4188 3198 4259; x_wconf 86' lang='grc' dir='ltr'>ὅρασις,</span> <span class='ocrx_word' id='word_1_672' title='bbox 3251 4185 3326 4259; x_wconf 76' lang='grc' dir='ltr'>ἐφ’</span> <span class='ocrx_word' id='word_1_673' title='bbox 3466 4186 3911 4259; x_wconf 67' lang='grc' dir='ltr'>μεγαλαυχοῦσιν,</span> 
     </span>
    </p>
   </div>
   <div class='ocr_carea' id='block_1_97' title="bbox 2315 4272 3914 4350">
    <p class='ocr_par' dir='ltr' id='par_1_97' title="bbox 2315 4272 3914 4350">
     <span class='ocr_line' id='line_1_97' title="bbox 2315 4272 3914 4350; baseline -0.001 -22"><span class='ocrx_word' id='word_1_674' title='bbox 2315 4276 2446 4334; x_wconf 80' lang='grc' dir='ltr'>αύτὴ</span> <span class='ocrx_word' id='word_1_675' title='bbox 2498 4278 2715 4338; x_wconf 86' lang='grc' dir='ltr'>τούτους</span> <span class='ocrx_word' id='word_1_676' title='bbox 2768 4273 3138 4337; x_wconf 76' lang='grc' dir='ltr'>καταδικάζει.</span> <span class='ocrx_word' id='word_1_677' title='bbox 3188 4275 3330 4348; x_wconf 85' lang='grc' dir='ltr'>Ἀμα</span> <span class='ocrx_word' id='word_1_678' title='bbox 3389 4272 3449 4329; x_wconf 66' lang='grc' dir='ltr'>δὲ</span> <span class='ocrx_word' id='word_1_679' title='bbox 3518 4281 3607 4329; x_wconf 81' lang='grc' dir='ltr'>καὶ</span> <span class='ocrx_word' id='word_1_680' title='bbox 3662 4280 3746 4329; x_wconf 88' lang='grc' dir='ltr'>τὸν</span> <span class='ocrx_word' id='word_1_681' title='bbox 3801 4280 3914 4350; x_wconf 83' lang='grc' dir='ltr'>πρὶν</span> 
     </span>
    </p>
   </div>
   <div class='ocr_carea' id='block_1_98' title="bbox 2313 4362 3911 4439">
    <p class='ocr_par' dir='ltr' id='par_1_98' title="bbox 2313 4362 3911 4439">
     <span class='ocr_line' id='line_1_98' title="bbox 2313 4362 3911 4439; baseline -0.001 -24"><span class='ocrx_word' id='word_1_682' title='bbox 2313 4364 2498 4436; x_wconf 78' lang='grc' dir='ltr'>τυφλόν</span> <span class='ocrx_word' id='word_1_683' title='bbox 2525 4362 2746 4417; x_wconf 79' lang='grc' dir='ltr'>ἐντεῦθεν</span> <span class='ocrx_word' id='word_1_684' title='bbox 2777 4367 3207 4438; x_wconf 84' lang='grc' dir='ltr'>παρεμυθήσατο,</span> <span class='ocrx_word' id='word_1_685' title='bbox 3235 4370 3325 4417; x_wconf 83' lang='grc' dir='ltr'>καὶ</span> <span class='ocrx_word' id='word_1_686' title='bbox 3356 4363 3685 4439; x_wconf 82' lang='grc' dir='ltr'>βεϐαιότερον</span> <span class='ocrx_word' id='word_1_687' title='bbox 3717 4365 3787 4426; x_wconf 87' lang='grc' dir='ltr'>εἰς</span> <span class='ocrx_word' id='word_1_688' title='bbox 3825 4368 3911 4421; x_wconf 74' lang='grc' dir='ltr'>τὴν</span> 
     </span>
    </p>
   </div>
   <div class='ocr_carea' id='block_1_99' title="bbox 2313 4457 2905 4528">
    <p class='ocr_par' dir='ltr' id='par_1_99' title="bbox 2313 4457 2905 4528">
     <span class='ocr_line' id='line_1_99' title="bbox 2313 4457 2905 4528; baseline 0.002 -22"><span class='ocrx_word' id='word_1_689' title='bbox 2313 4459 2494 4506; x_wconf 74' lang='grc' dir='ltr'>πίστιν</span> <span class='ocrx_word' id='word_1_690' title='bbox 2527 4457 2905 4528; x_wconf 82' lang='grc' dir='ltr'>ἀπειργάσατο.</span> 
     </span>
    </p>
   </div>
   <div class='ocr_carea' id='block_1_100' title="bbox 2382 4540 3909 4617">
    <p class='ocr_par' dir='ltr' id='par_1_100' title="bbox 2382 4540 3909 4617">
     <span class='ocr_line' id='line_1_100' title="bbox 2382 4540 3909 4617; baseline -0.001 -22"><span class='ocrx_word' id='word_1_691' title='bbox 2382 4549 2491 4595; x_wconf 85' lang='grc' dir='ltr'>Ἵνα</span> <span class='ocrx_word' id='word_1_692' title='bbox 2558 4540 2617 4595; x_wconf 66' lang='grc' dir='ltr'>δὲ</span> <span class='ocrx_word' id='word_1_693' title='bbox 2673 4548 2744 4616; x_wconf 82' lang='grc' dir='ltr'><strong>μή</strong></span> <span class='ocrx_word' id='word_1_694' title='bbox 2797 4546 3011 4596; x_wconf 86' lang='grc' dir='ltr'>εἴπωσιν</span> <span class='ocrx_word' id='word_1_695' title='bbox 3084 4546 3165 4596; x_wconf 80' lang='grc' dir='ltr'>ὃτι</span> <span class='ocrx_word' id='word_1_696' title='bbox 3220 4544 3330 4597; x_wconf 82' lang='grc' dir='ltr'>Ούκ</span> <span class='ocrx_word' id='word_1_697' title='bbox 3382 4546 3451 4607; x_wconf 83' lang='grc' dir='ltr'>ὡς</span> <span class='ocrx_word' id='word_1_698' title='bbox 3517 4544 3575 4597; x_wconf 88' lang='grc' dir='ltr'>ού</span> <span class='ocrx_word' id='word_1_699' title='bbox 3649 4542 3909 4617; x_wconf 84' lang='grc' dir='ltr'>βλέποντες</span> 
     </span>
    </p>
   </div>
   <div class='ocr_carea' id='block_1_101' title="bbox 2313 4630 3909 4705">
    <p class='ocr_par' dir='ltr' id='par_1_101' title="bbox 2313 4630 3909 4705">
     <span class='ocr_line' id='line_1_101' title="bbox 2313 4630 3909 4705; baseline -0.002 -20"><span class='ocrx_word' id='word_1_700' title='bbox 2313 4631 2653 4705; x_wconf 81' lang='grc' dir='ltr'>ἀπιστοῦμεν,</span> <span class='ocrx_word' id='word_1_701' title='bbox 2695 4632 2800 4685; x_wconf 80' lang='grc' dir='ltr'>ἀλλ’</span> <span class='ocrx_word' id='word_1_702' title='bbox 2851 4636 2921 4695; x_wconf 79' lang='grc' dir='ltr'>ὡς</span> <span class='ocrx_word' id='word_1_703' title='bbox 2959 4633 3249 4696; x_wconf 88' lang='grc' dir='ltr'>πλανῶντός</span> <span class='ocrx_word' id='word_1_704' title='bbox 3305 4653 3399 4687; x_wconf 89' lang='grc' dir='ltr'>σου</span> <span class='ocrx_word' id='word_1_705' title='bbox 3457 4637 3545 4686; x_wconf 85' lang='grc' dir='ltr'>τὸν</span> <span class='ocrx_word' id='word_1_706' title='bbox 3595 4632 3738 4701; x_wconf 85' lang='grc' dir='ltr'>λαὸν,</span> <span class='ocrx_word' id='word_1_707' title='bbox 3794 4630 3909 4683; x_wconf 79' lang='grc' dir='ltr'>ἀπο·</span> 
     </span>
    </p>
   </div>
   <div class='ocr_carea' id='block_1_102' title="bbox 2315 4720 3907 4797">
    <p class='ocr_par' dir='ltr' id='par_1_102' title="bbox 2315 4720 3907 4797">
     <span class='ocr_line' id='line_1_102' title="bbox 2315 4720 3907 4797; baseline -0.003 -22"><span class='ocrx_word' id='word_1_708' title='bbox 2315 4720 2540 4775; x_wconf 79' lang='grc' dir='ltr'>δεικνύει</span> <span class='ocrx_word' id='word_1_709' title='bbox 2618 4720 2712 4774; x_wconf 81' lang='grc' dir='ltr'>διὰ</span> <span class='ocrx_word' id='word_1_710' title='bbox 2768 4722 3072 4797; x_wconf 82' lang='grc' dir='ltr'>παραϐολῆς</span> <span class='ocrx_word' id='word_1_711' title='bbox 3126 4725 3205 4775; x_wconf 82' lang='grc' dir='ltr'>ὅτι</span> <span class='ocrx_word' id='word_1_712' title='bbox 3256 4723 3348 4776; x_wconf 84' lang='grc' dir='ltr'>ούκ</span> <span class='ocrx_word' id='word_1_713' title='bbox 3398 4726 3509 4776; x_wconf 75' lang='grc' dir='ltr'>ἔστι</span> <span class='ocrx_word' id='word_1_714' title='bbox 3559 4724 3745 4784; x_wconf 84' lang='grc' dir='ltr'>πλάνος</span> <span class='ocrx_word' id='word_1_715' title='bbox 3791 4720 3907 4772; x_wconf 79' lang='grc' dir='ltr'>ἀλλὰ</span> 
     </span>
    </p>
   </div>
   <div class='ocr_carea' id='block_1_103' title="bbox 2311 4815 3904 4886">
    <p class='ocr_par' dir='ltr' id='par_1_103' title="bbox 2311 4815 3904 4886">
     <span class='ocr_line' id='line_1_103' title="bbox 2311 4815 3904 4886; baseline -0.003 -20"><span class='ocrx_word' id='word_1_716' title='bbox 2311 4817 2530 4885; x_wconf 73' lang='grc' dir='ltr'>ποιμήν.</span> <span class='ocrx_word' id='word_1_717' title='bbox 2592 4817 2693 4865; x_wconf 82' lang='grc' dir='ltr'>Καὶ</span> <span class='ocrx_word' id='word_1_718' title='bbox 2751 4822 2955 4886; x_wconf 82' lang='grc' dir='ltr'>πρῶτον</span> <span class='ocrx_word' id='word_1_719' title='bbox 3035 4816 3125 4886; x_wconf 74' lang='grc' dir='ltr'>μὲν</span> <span class='ocrx_word' id='word_1_720' title='bbox 3199 4815 3385 4871; x_wconf 85' lang='grc' dir='ltr'>τίθησι</span> <span class='ocrx_word' id='word_1_721' title='bbox 3455 4816 3522 4865; x_wconf 82' lang='grc' dir='ltr'>τὰ</span> <span class='ocrx_word' id='word_1_722' title='bbox 3580 4816 3904 4886; x_wconf 78' lang='grc' dir='ltr'>γνωρίσματα</span> 
     </span>
    </p>
   </div>
   <div class='ocr_carea' id='block_1_104' title="bbox 2317 4902 3898 4976">
    <p class='ocr_par' dir='ltr' id='par_1_104' title="bbox 2317 4902 3898 4976">
     <span class='ocr_line' id='line_1_104' title="bbox 2317 4902 3898 4976; baseline -0.003 -22"><span class='ocrx_word' id='word_1_723' title='bbox 2317 4910 2405 4954; x_wconf 87' lang='grc' dir='ltr'>τοῦ</span> <span class='ocrx_word' id='word_1_724' title='bbox 2443 4902 2637 4954; x_wconf 86' lang='grc' dir='ltr'>πλάνου</span> <span class='ocrx_word' id='word_1_725' title='bbox 2672 4907 2762 4955; x_wconf 84' lang='grc' dir='ltr'>καὶ</span> <span class='ocrx_word' id='word_1_726' title='bbox 2802 4902 3080 4976; x_wconf 74' lang='grc' dir='ltr'>λυμεῶνας,</span> <span class='ocrx_word' id='word_1_727' title='bbox 3114 4904 3228 4955; x_wconf 80' lang='grc' dir='ltr'>εἶτα</span> <span class='ocrx_word' id='word_1_728' title='bbox 3274 4902 3493 4965; x_wconf 83' lang='grc' dir='ltr'>καθεξῆς</span> <span class='ocrx_word' id='word_1_729' title='bbox 3550 4905 3617 4955; x_wconf 79' lang='grc' dir='ltr'>τὰ</span> <span class='ocrx_word' id='word_1_730' title='bbox 3668 4908 3750 4954; x_wconf 88' lang='grc' dir='ltr'>τοῦ</span> <span class='ocrx_word' id='word_1_731' title='bbox 3796 4915 3898 4949; x_wconf 82' lang='grc' dir='ltr'>ποι-</span> 
     </span>
    </p>
   </div>
   <div class='ocr_carea' id='block_1_105' title="bbox 2311 4988 3902 5067">
    <p class='ocr_par' dir='ltr' id='par_1_105' title="bbox 2311 4988 3902 5067">
     <span class='ocr_line' id='line_1_105' title="bbox 2311 4988 3902 5067; baseline -0.005 -21"><span class='ocrx_word' id='word_1_732' title='bbox 2311 4996 2460 5065; x_wconf 81' lang='grc' dir='ltr'>μένος</span> <span class='ocrx_word' id='word_1_733' title='bbox 2485 4997 2575 5044; x_wconf 88' lang='grc' dir='ltr'>καὶ</span> <span class='ocrx_word' id='word_1_734' title='bbox 2603 4999 2855 5066; x_wconf 81' lang='grc' dir='ltr'>Σωτῆρος,</span> <span class='ocrx_word' id='word_1_735' title='bbox 2899 4993 2983 5046; x_wconf 86' lang='grc' dir='ltr'>ἵνα</span> <span class='ocrx_word' id='word_1_736' title='bbox 3011 4991 3099 5046; x_wconf 80' lang='grc' dir='ltr'>ἀπ’</span> <span class='ocrx_word' id='word_1_737' title='bbox 3143 4993 3313 5046; x_wconf 86' lang='grc' dir='ltr'>αύτῶν</span> <span class='ocrx_word' id='word_1_738' title='bbox 3361 4994 3573 5067; x_wconf 70' lang='grc' dir='ltr'>γνῶσθῇ</span> <span class='ocrx_word' id='word_1_739' title='bbox 3607 4995 3706 5046; x_wconf 82' lang='grc' dir='ltr'>εἴτε</span> <span class='ocrx_word' id='word_1_740' title='bbox 3735 4988 3902 5047; x_wconf 79' lang='grc' dir='ltr'>πλάνος</span> 
     </span>
    </p>
   </div>
   <div class='ocr_carea' id='block_1_106' title="bbox 2313 5080 2829 5157">
    <p class='ocr_par' dir='ltr' id='par_1_106' title="bbox 2313 5080 2829 5157">
     <span class='ocr_line' id='line_1_106' title="bbox 2313 5080 2829 5157; baseline -0.004 -22"><span class='ocrx_word' id='word_1_741' title='bbox 2313 5080 2452 5135; x_wconf 75' lang='grc' dir='ltr'>ἔστιν</span> <span class='ocrx_word' id='word_1_742' title='bbox 2479 5085 2580 5136; x_wconf 84' lang='grc' dir='ltr'>εἴτε</span> <span class='ocrx_word' id='word_1_743' title='bbox 2603 5086 2829 5157; x_wconf 82' lang='grc' dir='ltr'>ποιμήν,</span> 
     </span>
    </p>
   </div>
   <div class='ocr_carea' id='block_1_107' title="bbox 1766 5329 2673 5400">
    <p class='ocr_par' dir='ltr' id='par_1_107' title="bbox 1766 5329 2673 5400">
     <span class='ocr_line' id='line_1_107' title="bbox 1766 5329 2673 5400; baseline -0.004 0"><span class='ocrx_word' id='word_1_744' title='bbox 1766 5329 1993 5400; x_wconf 73' lang='lat' dir='ltr'>Variae</span> <span class='ocrx_word' id='word_1_745' title='bbox 2034 5329 2357 5399; x_wconf 87' lang='lat' dir='ltr'>lectiones</span> <span class='ocrx_word' id='word_1_746' title='bbox 2383 5339 2450 5398; x_wconf 92' lang='lat' dir='ltr'>et</span> <span class='ocrx_word' id='word_1_747' title='bbox 2470 5338 2673 5399; x_wconf 75' lang='lat' dir='ltr'>notae.</span> 
     </span>
    </p>
   </div>
   <div class='ocr_carea' id='block_1_108' title="bbox 616 5533 1242 5614">
    <p class='ocr_par' dir='ltr' id='par_1_108' title="bbox 616 5533 1242 5614">
     <span class='ocr_line' id='line_1_108' title="bbox 616 5533 1242 5614; baseline -0.019 -17"><span class='ocrx_word' id='word_1_748' title='bbox 616 5541 890 5614; x_wconf 56' lang='grc' dir='ltr'>,3)Τοῦτον</span> <span class='ocrx_word' id='word_1_749' title='bbox 947 5534 1116 5593; x_wconf 88' lang='lat' dir='ltr'>abest</span> <span class='ocrx_word' id='word_1_750' title='bbox 1176 5533 1242 5614; x_wconf 83' lang='lat' dir='ltr'>A_.</span> 
     </span>
    </p>
   </div>
   <div class='ocr_carea' id='block_1_109' title="bbox 615 5598 2789 5686">
    <p class='ocr_par' dir='ltr' id='par_1_109' title="bbox 615 5598 2789 5686">
     <span class='ocr_line' id='line_1_109' title="bbox 615 5598 2789 5686; baseline -0.007 -18"><span class='ocrx_word' id='word_1_751' title='bbox 615 5598 694 5686; x_wconf 62' lang='lat'>(4}</span> <span class='ocrx_word' id='word_1_752' title='bbox 735 5616 814 5667; x_wconf 88' lang='lat' dir='ltr'>De</span> <span class='ocrx_word' id='word_1_753' title='bbox 843 5611 957 5666; x_wconf 86' lang='lat' dir='ltr'>hoc</span> <span class='ocrx_word' id='word_1_754' title='bbox 986 5604 1304 5680; x_wconf 88' lang='lat' dir='ltr'>proverbio</span> <span class='ocrx_word' id='word_1_755' title='bbox 1337 5600 1474 5659; x_wconf 88' lang='lat' dir='ltr'>vide</span> <span class='ocrx_word' id='word_1_756' title='bbox 1506 5599 1845 5657; x_wconf 88' lang='lat' dir='ltr'>Fischerum</span> <span class='ocrx_word' id='word_1_757' title='bbox 1875 5600 1950 5657; x_wconf 90' lang='lat' dir='ltr'>ad</span> <span class='ocrx_word' id='word_1_758' title='bbox 1988 5600 2216 5657; x_wconf 89' lang='lat' dir='ltr'>Platon.</span> <span class='ocrx_word' id='word_1_759' title='bbox 2238 5598 2523 5657; x_wconf 75' lang='lat' dir='ltr'>Phaadon.</span> <span class='ocrx_word' id='word_1_760' title='bbox 2558 5614 2621 5671; x_wconf 91' lang='lat' dir='ltr'>p.</span> <span class='ocrx_word' id='word_1_761' title='bbox 2661 5599 2789 5655; x_wconf 78' lang='lat'>269.</span> 
     </span>
    </p>
   </div>
   <div class='ocr_carea' id='block_1_110' title="bbox 613 5772 3912 5863">
    <p class='ocr_par' dir='ltr' id='par_1_110' title="bbox 613 5772 3912 5863">
     <span class='ocr_line' id='line_1_110' title="bbox 613 5772 3912 5863; baseline -0.007 -15"><span class='ocrx_word' id='word_1_762' title='bbox 613 5791 695 5863; x_wconf 91' lang='lat' dir='ltr'>(q)</span> <span class='ocrx_word' id='word_1_763' title='bbox 741 5784 1156 5863; x_wconf 77' lang='lat' dir='ltr'>Ut__appareat,</span> <span class='ocrx_word' id='word_1_764' title='bbox 1211 5790 1321 5842; x_wconf 90' lang='lat' dir='ltr'>etc.</span> <span class='ocrx_word' id='word_1_765' title='bbox 1370 5779 1437 5841; x_wconf 92' lang='lat' dir='ltr'>Ut</span> <span class='ocrx_word' id='word_1_766' title='bbox 1470 5776 2365 5863; x_wconf 26' lang='lat' dir='ltr'>appaream-alioi&#39;um”quidem</span> <span class='ocrx_word' id='word_1_767' title='bbox 2403 5794 2473 5837; x_wconf 85' lang='lat' dir='ltr'>ex</span> <span class='ocrx_word' id='word_1_768' title='bbox 2506 5792 2809 5854; x_wconf 87' lang='lat' dir='ltr'>propensa</span> <span class='ocrx_word' id='word_1_769' title='bbox 2847 5774 2926 5835; x_wconf 89' lang='lat' dir='ltr'>ad</span> <span class='ocrx_word' id='word_1_770' title='bbox 2982 5772 3211 5834; x_wconf 88' lang='lat' dir='ltr'>bonum</span> <span class='ocrx_word' id='word_1_771' title='bbox 3262 5774 3567 5835; x_wconf 86' lang='lat' dir='ltr'>voluntate</span> <span class='ocrx_word' id='word_1_772' title='bbox 3616 5772 3912 5833; x_wconf 84' lang='lat' dir='ltr'>restitutus</span> 
     </span>
    </p>
   </div>
   <div class='ocr_carea' id='block_1_111' title="bbox 494 5853 2205 5933">
    <p class='ocr_par' dir='ltr' id='par_1_111' title="bbox 494 5853 2205 5933">
     <span class='ocr_line' id='line_1_111' title="bbox 494 5853 2205 5933; baseline -0.005 -12"><span class='ocrx_word' id='word_1_773' title='bbox 494 5858 497 5859; x_wconf 34' lang='grc' dir='ltr'>ί</span> <span class='ocrx_word' id='word_1_774' title='bbox 540 5853 729 5933; x_wconf 66' lang='grc' dir='ltr'>ῖιέίιὲ,</span> <span class='ocrx_word' id='word_1_775' title='bbox 764 5853 1026 5921; x_wconf 72' lang='lat' dir='ltr'>aliorum</span> <span class='ocrx_word' id='word_1_776' title='bbox 1052 5862 1254 5917; x_wconf 88' lang='lat' dir='ltr'>autem</span> <span class='ocrx_word' id='word_1_777' title='bbox 1281 5873 1353 5917; x_wconf 80' lang='lat' dir='ltr'>ex</span> <span class='ocrx_word' id='word_1_778' title='bbox 1380 5853 1597 5919; x_wconf 73' lang='lat' dir='ltr'>mentis</span> <span class='ocrx_word' id='word_1_779' title='bbox 1626 5856 1915 5933; x_wconf 77' lang='lat' dir='ltr'>pravitate</span> <span class='ocrx_word' id='word_1_780' title='bbox 1948 5853 2205 5915; x_wconf 77' lang='lat' dir='ltr'>caecitas.</span> 
     </span>
    </p>
   </div>
  </div>
