4156 6426
229 380 361 446 4321
1248 378 1619 439 COMMENT.
1665 380 1731 435 IN
1762 372 2103 439 JOANNEM.
2150 413 2210 423 —
2256 381 2409 437 CAP.
2455 381 2522 439 X.
3467 387 3604 443 1322

300 515 464 586 Ἀμὴν
561 539 632 550 -
730 507 945 580 λῃστής.
1040 512 1405 580 Ἀναγωγικῶς
1494 508 1654 580 θύραν
1744 510 1833 580 μὲν

2015 508 2161 580 Cap.
2216 511 2273 563 X.
2317 511 2475 565 Vers.
2511 514 2557 564 1.
2592 510 2776 568 Amen
2809 543 2875 552 —
2916 513 3087 569 latro.
3133 512 3471 584 Anagogice
3510 514 3607 569 hic

229 610 438 675 νοοῦμεν
512 598 734 652 ἐνταῦθα
803 602 923 659 τοὺς
988 601 1198 670 νόμους,
1252 602 1371 655 ἤτοι
1445 599 1538 657 τὰς
1606 599 1831 669 Γραφὰς,

1972 612 2046 652 μοι·
2070 597 2289 653 ostium
2322 597 2706 667 intelligimus
2733 599 2917 668 leges,
2947 602 3073 656 sive
3122 601 3474 673 Scripturas,
3532 618 3604 658 eo

1945 686 2100 757 quod
2138 687 2216 741 ad
2248 687 2349 741 Dei
2389 688 2789 757 cognitionem
2820 690 3128 756 inducant,
3169 695 3223 746 et
3287 693 3605 748 transitum

1946 791 2207 845 omnem,
2243 776 2345 847 qui
2378 777 2661 831 adversus
2688 779 2949 833 divinum
2983 779 3206 835 cultum
3237 785 3343 845 est,
3386 780 3608 836 haereti-

1946 866 2029 919 cis
2047 880 2115 919 ac
2130 865 2407 933 gentibus
2426 866 3185 941 excludant,populumque
3204 870 3604 926 adasmonum

1947 952 2176 1007 insidiis
2205 954 2566 1023 custodiant;
2607 956 2813 1012 caulas
2870 973 3027 1023 vero,
3062 974 3270 1013 curam
3302 974 3371 1014 ac
3411 961 3608 1031 provi-

1948 1043 2214 1097 dentiam
2230 1043 2449 1108 ovium;
2466 1060 2605 1100 oves
2619 1052 2816 1101 autem
2841 1046 3153 1117 lsraelitas,
3172 1048 3464 1119 populum
3478 1049 3602 1105 Dei.

1947 1133 2067 1188 Nos
2084 1132 2781 1203 aulem,inquit,populus
2801 1138 2926 1205 ejus
2943 1143 2998 1193 et
3011 1152 3381 1205 ovespascua’
3393 1140 3518 1207 ejus
3533 1140 3603 1191 ⁵⁵.

1950 1221 2058 1285 Qui
2088 1235 2230 1289 ergo
2262 1236 2377 1276 non
2419 1238 2523 1293 per
2555 1224 2886 1294 Scripturas
2908 1226 2982 1279 ad
3003 1242 3207 1281 curam
3238 1226 3438 1297 populi
3482 1226 3601 1297 Dei,

1948 1310 2298 1378 ingreditur,
2334 1316 2535 1382 utpote
2566 1327 2686 1367 non
2713 1317 2883 1367 utens
2903 1313 3132 1379 eis,nec
3142 1314 3316 1386 juxta
3340 1314 3470 1370 illas
3502 1330 3609 1383 gu-

1949 1397 2233 1463 bernans,
2257 1399 2359 1453 sed
2378 1400 2714 1455 ascendens
2735 1401 2996 1468 aliunde,
3012 1404 3186 1474 quasi
3208 1404 3426 1458 ostium
3454 1410 3608 1459 tran-

1952 1487 2171 1555 siliens,
2200 1494 2302 1543 aut
2325 1504 2429 1559 per
2444 1489 2629 1545 alium
2652 1490 2988 1563 irrumpens
3009 1491 3337 1557 introitum,
3365 1492 3461 1547 ille
3483 1509 3606 1549 non

1954 1582 2176 1648 pastor,
2207 1578 2309 1632 sed
2343 1577 2436 1633 fur
2476 1584 2561 1634 est
2587 1584 2643 1635 et
2680 1580 2827 1636 latro
2854 1596 2867 1632 :
2898 1580 2991 1636 fur
3020 1582 3292 1653 quidem,
3321 1587 3609 1654 tanquam

232 690 323 747 διὰ
369 694 427 743 τό
476 688 703 758 εἰσάγειν
748 689 820 749 εὶς
870 688 1199 758 θεογνωσίαν,
1257 692 1347 739 καὶ
1395 684 1679 739 ἀτοκλείείν
1728 693 1835 739 πᾶ-

235 801 327 834 σαν
372 780 510 831 κατά
537 785 633 838 τῆς
680 775 943 837 εὐσεϐείας
992 773 1223 851 πάροδον
1271 772 1379 837 τοῖς
1428 772 1708 850 αἰρετικοῖς
1746 780 1836 827 καὶ

232 878 335 930 τοῖς
392 867 630 931 Ἕλλησι,
709 871 799 917 xui
871 866 1144 938 φυλάττειν
1222 869 1304 918 τὸν
1378 864 1499 917 λαόν
1569 864 1836 917 ἀνεπιϐού-

230 958 404 1011 λευτον
455 964 562 1017 τοῖς
610 953 880 1027 δαίμοσιν·
936 955 1096 1013 αὐλὴν
1146 952 1206 1007 δὲ
1242 959 1336 1013 τὴν
1398 954 1687 1026 ἐπιμέλειαν
1745 959 1835 1005 καὶ

231 1053 475 1121 πρόνοιαν
526 1052 625 1100 τῶν
678 1043 938 1120 προϐάτον
979 1061 991 1076 ⁸
1049 1043 1289 1119 πρόϐατα
1338 1040 1398 1097 δε
1454 1048 1570 1105 τοὺς
1632 1043 1835 1117 Ἰσραη-

230 1136 398 1199 λίτας,
471 1139 560 1188 τόν
610 1142 701 1187 τοῦ
776 1141 910 1186 Θεοῦ
956 1133 1095 1188 λαόν.
1158 1133 1331 1205 Ἡμεῖς
1379 1130 1456 1199 δέ,
1517 1137 1669 1205 φησὶ,
1715 1133 1839 1193 λαός

232 1226 415 1290 αὐτοῦ,
484 1230 574 1277 xui
646 1222 886 1298 πρόϐατα
952 1232 1109 1296 νομῆς
1185 1223 1362 1277 αὐτοῦ.
1421 1221 1479 1273 Ὀ
1539 1227 1707 1275 τοίνυν
1764 1227 1833 1292 μή

234 1312 329 1369 διὰ
358 1325 456 1366 τῶν
489 1319 701 1389 Γραφών
728 1313 799 1374 εἰς
829 1318 917 1371 τὴν
966 1311 1257 1384 ἐπιμεἿειαν
1302 1320 1393 1363 τοῦ
1432 1311 1558 1363 λαοῦ
1587 1319 1678 1363 τοῦ
1705 1319 1838 1364 eam)

237 1405 626 1480 εἰσερχόμενος,
682 1405 748 1464 ὡς
802 1406 873 1475 μὴ
953 1407 1224 1475 χρώμενος
1280 1401 1483 1471 αὐταῖς,
1531 1397 1668 1473 μηδὲ
1724 1400 1838 1451 κατ’

232 1495 397 1556 αὐτὰς
465 1493 880 1563 πολιτευόμενος,
970 1489 1100 1543 ἀλλά
1178 1489 1463 1542 ἀναϐαίνων
1530 1488 1839 1561 ἀλλαχόθεν,

229 1585 304 1645 ὡς
365 1578 683 1655 ὑπερπηδών
741 1584 832 1653 μὲν
896 1586 991 1639 τὴν
1064 1582 1245 1654 Θύραν,
1298 1584 1490 1652 τέμνων
1551 1575 1610 1631 δε
1669 1579 1842 1653 ἑτέραν

238 1670 472 1738 εἴσοδον,
534 1672 722 1732 ἐκεῖνος
778 1670 836 1721 οὐ
886 1674 1102 1741 ποιμὴν,
1153 1667 1281 1721 ἀλλά
1323 1668 1540 1729 κλέπτης
1587 1666 1700 1720 ἐστὶ
1754 1672 1844 1719 καὶ

229 1763 453 1837 λῃστής·
524 1761 744 1820 κλέπτης
801 1762 890 1832 μὲν
938 1762 1007 1820 ὡς
1064 1756 1373 1831 βουλόμενος
1430 1760 1492 1809 τὰ
1548 1762 1618 1829 μὴ
1679 1776 1844 1831 προσ-

228 1858 428 1912 ήκοντα
472 1856 541 1914 εἰς
605 1850 785 1903 ἑαυτὸν
866 1849 1291 1901 intendo-uerear
1372 1846 1566 1921 λῃστὴς

227 1943 455 2015 λυμεὼν.

302 2034 547 2084 Τοιοῦτοί
602 2029 706 2082 εἰσι
780 2029 860 2099 (5)
920 2031 1021 2101 πρὸ
1090 2026 1249 2079 αὐτοῦ
1324 2029 1413 2099 μὲν

231 2118 466 2185 Θευδᾶς,
523 2118 631 2192 μετ’
691 2118 846 2171 αὐτὸν
905 2114 963 2170 δὲ
994 2119 1041 2169 οὶ
1066 2113 1458 2192 ψευδόχριστοι
1488 2122 1578 2168 καὶ
1625 2118 1650 2168 6
1683 2116 1849 2169 Ἀντί-

227 2230 465 2287 χριστος
510 2214 601 2261 καὶ
666 2212 710 2261 εἶ
756 2227 890 2269 τινες
936 2208 1099 2275 ἕτεροι
1156 2208 1358 2261 πλάνοι.
1410 2207 1744 2279 Παράπτεται
1771 2205 1849 2275 (6)

230 2298 294 2354 δὲ
345 2304 436 2352 καὶ
488 2307 590 2351 τῶν
651 2301 1000 2372 Γραμματέων
1052 2301 1141 2348 καὶ
1216 2300 1534 2371 Φαρισαίων,
1592 2304 1693 2347 τῶν
1770 2292 1851 2347 δι-

1490 2023 1692 2087 Ἰούδας
1758 2032 1848 2079 καὶ

230 2388 545 2443 δασκόντων
617 2383 993 2454 διδασκαλίας,
1054 2385 1348 2459 ἐντάλματα
1403 2385 1707 2459 ἀνθρώπων,
1761 2390 1850 2437 καὶ

227 2482 321 2532 τὸν
352 2484 509 2549 νόμον
539 2475 983 2552 παραϐαινόντων.
1021 2472 1170 2537 Εἶδες
1190 2483 1296 2535 πῶς
1333 2475 1601 2549 ὑπέγραψε
1622 2478 1709 2527 τὸν
1736 2474 1849 2527 κλέ-

227 2588 371 2627 πτην
423 2572 513 2619 xui
570 2570 658 2618 xui
713 2566 915 2639 λῃστὴν
966 2569 1053 2617 xui
1103 2564 1335 2630 πλάνον;
1389 2568 1575 2617 Σκόπει
1632 2568 1851 2617 καὶτοῦ

225 2661 477 2731 ποιμένος
510 2660 578 2709 τὰ
604 2660 968 2730 γνωρίσματα.

302 2748 367 2799 Ὀ
399 2778 461 2788 -
496 2743 786 2819 προϐάτων.
826 2744 1027 2818 Ὥσπερ
1061 2744 1137 2815 (7)
1179 2748 1269 2795 xui
1321 2743 1494 2811 αὐτὸς,
1535 2744 1621 2796 οἷα
1645 2748 1854 2818 χρώμε-

225 2858 317 2899 νος
403 2844 520 2898 ταῖς
577 2841 826 2908 Γραφαίς,
880 2839 969 2886 καὶ
1021 2832 1132 2885 κατ’
1205 2832 1364 2893 αὐτὰς
1438 2833 1851 2905 πολιτευόμενος.

228 2928 294 2980 Εἰ
350 2929 456 3000 γὰρ
506 2930 595 2977 xui
645 2923 693 2976 ἐν
746 2922 993 2994 Σαϐϐάτῳ
1048 2922 1333 2995 εἰργάζετο,
1369 2920 1495 2975 ἀλλά
1549 2924 1662 2975 θεῖα
1691 2924 1849 2995 ἔργω

226 3019 254 3069 6
302 3020 417 3090 γὰρ
468 3018 622 3087 νόμος
669 3016 734 3065 τα
778 3012 1075 3087 ἀνθρώπινα
1122 3011 1396 3081 ἐκώλυσεν,
1447 3016 1563 3070 ἤτοι
1614 3014 1681 3064 τά
1726 3010 1855 3085 βιω-

226 3126 385 3159 τικα.

1651 1843 1710 1899 δὲ
1781 1848 1925 1907 ὡςΒ

1952 1665 2160 1720 volens
2184 1682 2255 1721 ea
2285 1669 2361 1721 ad
2398 1684 2460 1723 se
2490 1668 2776 1735 derivare,
2810 1685 2944 1742 quae
2966 1686 3087 1725 non
3120 1686 3230 1727 sua
3247 1676 3419 1727 sunt:
3457 1671 3609 1729 latro

1957 1758 2175 1820 autem,
2209 1759 2500 1827 tanquam
2533 1757 2880 1813 devastans.

2029 2024 2383 2096 Hnjusmodi
2411 2026 2650 2081 fuerunt
2672 2030 2807 2082 ante
2835 2043 2972 2083 eum
3002 2029 3185 2084 ludas
3225 2034 3280 2085 et
3313 2028 3611 2097 Theudas;

1959 2121 2091 2187 post
2104 2132 2240 2171 eum
2256 2132 2397 2171 vero
2411 2116 2842 2188 pseudochristi
2860 2122 2915 2173 et
2932 2118 3345 2185 Antichristus,
3369 2125 3423 2175 et
3442 2120 3489 2174 si
3510 2123 3614 2193 qui

1962 2210 2101 2261 sunt
2139 2204 2238 2260 alii
2283 2205 2651 2261 seductores.
2685 2207 2931 2277 Attingit
2978 2222 3222 2280 quoque
3262 2209 3493 2264 Scribas
3544 2227 3616 2266 ac

1960 2295 2313 2360 Pharisaeos,
2342 2296 2440 2366 qui
2459 2296 2747 2351 docebant
2765 2296 3091 2361 doctrinas,
3111 2304 3411 2367 praecepta
3434 2300 3618 2354 homi-

1962 2386 2187 2449 num",
2202 2384 2386 2455 legem
2403 2390 2601 2440 autem
2620 2386 3233 2455 transgrediebantur.
3255 2387 3455 2444 Vidisti
3471 2405 3619 2460 quo-

1962 2475 2144 2530 modo
2160 2474 2374 2539 furem,
2399 2474 2689 2530 latronem
2709 2491 2778 2530 ac
2807 2476 3186 2531 seductorem
3209 2477 3619 2549 descripserit?

1961 2563 2273 2620 considera
2296 2563 2475 2619 etiam
2490 2564 2748 2636 pastoris
2774 2565 3053 2635 insignia,
3082 2565 3302 2639 quibus
3341 2566 3619 2636 dignosci

1961 2652 2178 2727 possit.

2035 2743 2195 2798 Vers.
2227 2745 2281 2797 2.
2313 2743 2426 2810 Qui
2463 2774 2527 2785 —
2557 2743 2775 2799 ovium.
2810 2744 3009 2809 Qualis
3061 2745 3191 2817 ipse
3236 2750 3383 2813 erat,
3416 2750 3620 2818 utpote

1966 2832 2281 2903 Scripturis
2300 2838 2491 2898 utens,
2508 2837 2563 2887 et
2578 2832 2910 2888 secundum
2926 2848 3029 2888 eas
3042 2833 3384 2903 gubernans
3405 2850 3624 2907 :quan-

1964 2937 2149 2994 quam
2173 2921 2329 2976 enim
2356 2921 2534 2977 etiam
2557 2922 2616 2977 in
2647 2921 2906 2977 Sabbato
2925 2928 3293 2995 operaretur,
3327 2940 3397 2979 ea
3420 2931 3623 2980 tamen

1964 3010 2162 3067 divina
2187 3015 2356 3066 erant
2387 3025 2586 3080 opera,
2638 3026 2770 3066 cum
2800 3010 2893 3066 lex
2942 3011 3283 3083 prohiberet
3329 3013 3622 3082 humana,

1966 3101 2088 3156 sive
2118 3100 2472 3171 temporalia
2502 3116 2569 3156 ac
2600 3099 2935 3157 saecularia.

304 3196 495 3265 Τούτῳ
543 3194 569 3244 6
629 3194 861 3265 θυρωρὸς
929 3190 1143 3262 ἀνοίγει.
1213 3193 1465 3265 Θυρωρός
1535 3193 1673 3243 κατὰ
1736 3190 1852 3244 ἀνα-

2038 3189 2200 3245 Vers.
2234 3190 2286 3245 3.
2328 3190 2488 3246 Huic
2516 3190 2794 3246 ostiarius
2837 3192 3046 3259 aperit.
3104 3192 3391 3248 Ostiarius
3454 3193 3626 3263 juxta

223 3290 424 3359 γωγὴν
496 3284 522 3334 ό
597 3288 849 3347 Μωυσῆς,
919 3282 987 3342 ὡς
1063 3280 1219 3341 αὐτὸς
1308 3279 1671 3353 ἕμπιστευθεὶς
1743 3284 1857 3342 τοὺς

223 3381 437 3448 νόμους
467 3378 559 3425 τοῦ
596 3378 750 3425 Θεοῦ.
798 3378 881 3440 Τῷ
921 3372 1140 3441 τοιούτῳ
1170 3366 1257 3422 οὖν
1309 3371 1334 3421 ό
1382 3377 1614 3432 Μωυσῆς
1665 3369 1860 3443 ἀνοίγει

225 3467 301 3527 ὡς
345 3465 581 3534 ποιμένι,
613 3465 704 3512 καὶ
751 3456 1056 3531 εἰσδέχεται
1104 3460 1259 3511 αὐτὸν
1305 3460 1376 3522 εἰς
1425 3464 1517 3518 τὴν
1568 3460 1859 3532 ἐπιμελειαν

221 3562 335 3606 τῶν
366 3549 645 3625 προϐάτων
691 3553 758 3612 ὡς
794 3550 1060 3624 γνωρίζων
1091 3549 1264 3605 αὐτόν.
1316 3554 1416 3602 Καὶ
1468 3551 1569 3625 ’γάρ
1636 3550 1860 3625 ἔγραψεν

222 3647 317 3698 ὅτι
346 3642 532 3695 Αὐτοῦ
554 3638 785 3693 ἀκούετε.

302 3736 424 3788 Καὶ
478 3759 547 3773 -
593 3731 792 3783 οἰκούει.
840 3728 1211 3795 ’Υπακούουσι,
1263 3730 1531 3782 πείθονται
1588 3734 1676 3782 xui
1743 3728 1860 3783 ἀκο-

216 3824 544 3877 λουθοῦσινι
602 3818 1013 3890 ἕπιγινώσκουσι
1063 3820 1165 3889 γὰρ
1244 3817 1427 3876 αὑτήν.
1488 3821 1566 3871 Τά
1622 3818 1862 3893 πρόϐατα

220 3911 288 3967 δὲ
319 3908 493 3981 εἶπεν,
528 3912 646 3968 ἤτοι
693 3911 759 3959 τὰ
818 3906 1022 3968 ἀληθῶς
1073 3905 1330 3981 πρόϐατα,
1362 3910 1429 3959 τά
1474 3907 1598 3969 ἄξια
1653 3912 1862 3981 ποιμαί-

216 4003 450 4055 νεσθαι.
481 3997 682 4069 Ὠσπερ
741 3998 843 4069 ’γὰρ
903 3998 928 4047 6
977 3996 1343 4070 εἰσερχόμενος
1383 3993 1478 4048 διὰ
1529 4005 1621 4057 τῆς
1678 3999 1859 4071 θύρας,

216 4091 398 4151 οὗτος
450 4091 647 4159 ποιμήν
696 4086 828 4139 ἔστι·
890 4086 1025 4138 οὕτω
1078 4091 1167 4137 καὶ
1219 4087 1268 4137 οἱ
1319 4094 1411 4146 τῆς
1475 4094 1647 4156 φωνῆς
1702 4087 1863 4139 αὐτοῦ

222 4179 546 4242 ἀκούοντες,
600 4179 671 4238 ὡς
724 4179 943 4246 εἴρηται,
1004 4174 1149 4226 οὗτοι
1204 4173 1445 4249 πρόϐατά
1496 4175 1647 4227 εἰσιν·
1702 4177 1751 4227 οἱ
1805 4172 1865 4228 δὲ

218 4275 301 4344 μὴ
356 4268 533 4328 οὕτως
580 4268 790 4337 ἔχοντες
839 4273 934 4327 τῆς
971 4272 1071 4315 τῶν
1120 4262 1394 4337 προϐάτων
1452 4264 1643 4327 τάξεως
1703 4263 1864 4339 ἀπερ-

219 4361 386 4435 ῥάγη
400 4376 518 4410 σαν.

312 4451 431 4501 Καὶ
495 4474 562 4484 —-
636 4443 752 4497 κατ’
815 4447 992 4516 ὄνομα.
1058 4447 1158 4495 Καὶ
1218 4449 1372 4495 τοῦτο
1436 4445 1537 4517 γὰρ
1592 4449 1869 4518 γνώρισμα

1966 3294 2283 3349 anagogen
2316 3280 2502 3334 Moses
2533 3285 2678 3343 erat,
2713 3286 2776 3334 ut
2804 3281 2896 3334 cui
2928 3281 3285 3337 concredita
3340 3287 3481 3337 sunt
3540 3282 3627 3338 di-

1968 3369 2122 3424 vinae
2143 3369 2323 3438 leges.
2353 3368 2473 3423 Tali
2492 3383 2634 3439 ergo
2659 3371 2847 3425 Moses
2866 3370 3074 3436 aperit,
3104 3375 3159 3425 et
3179 3372 3257 3425 ad
3284 3372 3488 3427 ovium
3521 3388 3627 3427 cu-

1965 3474 2098 3515 ram
2140 3458 2415 3524 admittit,
2451 3463 2653 3528 utpote
2684 3473 3052 3528 cognoscens
3083 3475 3241 3516 eum.
3294 3460 3540 3534 Scripsit
3576 3463 3625 3497 ⁹⁷

1969 3549 2151 3612 enim,
2195 3552 2259 3604 ut
2288 3563 2428 3604 eum
2472 3547 2746 3603 audirent
2786 3547 2885 3619 (ν).

2042 3726 2201 3782 Vers.
2233 3731 2284 3783 3.
2312 3727 2390 3781 Et
2428 3757 2497 3767 —
2525 3727 2799 3782 audiunt.
2834 3726 3145 3792 Obediunt,
3179 3732 3406 3799 parent,
3444 3744 3514 3785 ac
3545 3745 3631 3785 se-

1968 3821 2237 3888 quuntur
2264 3831 2275 3869 :
2306 3820 2644 3885 agnoscunt
2673 3815 2833 3871 enim
2865 3816 3049 3871 illam.
3104 3818 3253 3872 Oves
3294 3822 3491 3873 autem
3547 3819 3633 3874 di-

1970 3905 2064 3971 xit,
2097 3920 2199 3960 eos
2248 3904 2537 3968 videlicet,
2586 3905 2690 3976 qui
2742 3920 2879 3960 vere
2933 3920 3077 3961 oves
3140 3910 3297 3972 sunt,
3363 3908 3529 3977 digni
3568 3914 3634 3963 ut

1970 4002 2315 4067 pascantur.
2347 3997 2495 4049 Nam
2528 3996 2676 4049 sicut
2702 3994 2806 4066 qui
2861 4010 2969 4067 per
3016 3999 3235 4051 ostium
3287 3996 3488 4066 intrat,
3532 3997 3632 4053 hic

1972 4088 2178 4156 pastor
2205 4088 2310 4148 est,
2344 4084 2425 4138 ita
2476 4089 2532 4138 et
2561 4083 2663 4155 qui
2693 4098 2899 4138 vocem
2954 4082 3083 4153 ejus
3141 4084 3413 4149 audiunt,
3450 4091 3513 4140 ut
3549 4085 3634 4140 di-

1974 4179 2135 4228 ctum
2166 4177 2276 4240 est,
2309 4173 2366 4228 hi
2394 4188 2537 4228 oves
2560 4177 2717 4238 sunt;
2742 4172 2844 4244 qui
2871 4188 3013 4227 vero
3035 4188 3156 4227 non
3183 4174 3268 4229 ita
3296 4189 3359 4228 se
3385 4173 3631 4241 habent,

1974 4264 2053 4319 ab
2093 4264 2297 4318 ovium
2329 4263 2539 4319 ordine
2570 4262 2759 4319 avulsi
2803 4268 2961 4316 sunt.

2046 4441 2194 4496 Vers
2227 4445 2278 4497 3.
2311 4443 2379 4497 Et
2409 4472 2478 4481 —
2518 4442 2895 4498 nominatim.
2957 4440 3147 4496 Etiam
3219 4441 3334 4496 hoc
3380 4441 3637 4512 pastoris

218 4539 517 4610 ποιμένος,
578 4539 674 4591 τὴν
746 4532 820 4595 εἰς
880 4533 1099 4585 ἕκαστον
1148 4531 1409 4607 πρόϐατον
1501 4533 1663 4605 άκραν
1722 4552 1852 4607 φρον·

1980 4532 2218 4601 signum
2241 4535 2349 4597 est,
2379 4534 2666 4603 cujusque
2690 4535 2761 4599 (s)
2788 4532 2917 4586 ovis
2946 4530 3290 4601 diligentem
3323 4530 3637 4587 ostendere

216 4623 379 4682 τίδα
414 4620 629 4681 δηλοῦν.
664 4622 740 4674 Οὐ
781 4624 884 4695 γὰρ
924 4620 984 4673 ἂν
1014 4621 1150 4674 αὐτα
1193 4620 1405 4674 καλέσοι
1433 4623 1548 4674 κατ’
1581 4625 1759 4695 ὄνομα,
1794 4628 1864 4695 μὴ

216 4716 525 4788 γνωρίζων
563 4712 782 4764 ἕκαστον
810 4710 1057 4784 ἀκριϐῶς,
1120 4710 1174 4763 ἐκ
1227 4719 1317 4772 τῆς
1348 4711 1417 4772 εἰς
1446 4711 1663 4764 ἕκαστον
1711 4714 1871 4786 ἄκρας

219 4797 560 4880 φροντίδος.

308 4930 369 4965 9³
412 4924 570 4984 Psal.
602 4942 753 4993 χειν,
784 4932 843 4985 7.
974 4927 1021 4963 ⁸⁸
1056 4926 1259 4984 Matth.
1291 4943 1386 4996 xv,
1419 4930 1477 4984 9.

1981 4636 2216 4677 curam:
2242 4636 2437 4691 neque
2454 4620 2613 4675 enim
2633 4620 2764 4676 illas
2785 4625 2961 4675 vocat
2984 4619 3365 4685 nominatim,
3386 4620 3489 4691 qui
3524 4620 3640 4675 sin-

1982 4710 2154 4782 gulas
2184 4709 2493 4781 diligenter
2524 4725 2644 4765 non
2663 4708 2956 4779 agnoscit,
2981 4708 3060 4764 ob
3083 4724 3384 4766 summam
3404 4710 3477 4764 de
3497 4725 3640 4765 una-

1981 4815 2224 4874 quaque
2250 4814 2479 4855 curam.

1620 4928 1661 4961 ⁸⁷
1697 4926 1865 4984 Deut.
1897 4942 2063 4998 xvm,
2100 4928 2183 4981 t‘a’.

1474 5103 1698 5174 Variae
1745 5104 2074 5174 lectiones
2130 5110 2429 5173 etnotae.

308 5310 412 5382 (ὅ)
446 5308 544 5382 Hic
567 5305 800 5382 semina
814 5307 1179 5382 sparguntur
1194 5304 1605 5382 corruptionis.
1633 5321 1803 5362 versu
1824 5306 1877 5360 8.

220 5389 275 5455 ο
289 5372 561 5443 ιὶοήἰιιω
578 5378 738 5458 enim
761 5372 1087 5458 Patreshoc
1106 5372 1489 5458 explicab'ant
1503 5378 1578 5458 _de
1592 5375 1881 5458 imposto:

215 5448 459 5524 fibus,
491 5451 595 5524 qui
626 5455 763 5507 ante
794 5448 1091 5524 Christum
1121 5454 1425 5516 venerant,
1457 5448 1596 5505 ideo
1635 5448 1809 5506 versu
1848 5450 1881 5504 8

214 5520 665 5589 inculcai'unt,
698 5524 799 5596 πρὸ
825 5520 970 5594 ἐμοῦ.

309 5650 411 5725 (r)
457 5647 528 5725 ζζι
559 5663 711 5725 eum,
744 5651 865 5725 etc.
898 5646 1048 5725 Eu_m
1088 5646 1309 5725 audite.

2066 5305 2142 5376 (6)
2184 5302 2518 5376 Καθάπτεται
2551 5299 2904 5376 plerumque
2936 5300 3131 5357 dicere
3162 5298 3325 5376 solet.
3357 5299 3472 5376 ξιεᾴ
3527 5298 3643 5375 hoc

2066 5318 2142 5376 (δ)
2184 5318 2518 5359 Καυαπτεται
2551 5318 2782 5376 plerum
2834 5318 2904 5357 ue
2936 5318 3131 5357 dicere
3162 5318 3325 5356 SOleI.
3357 5318 3472 5356 nea
3528 5318 3643 5375 hoc

1992 5392 2229 5449 quoque
2259 5375 2394 5449 ferri
2429 5318 3006 5449 potestmpd‘iuaem
3034 5377 3126 5429 est
3145 5372 3309 5445 apud
3359 5371 3646 5429 Galenum

1993 5446 2052 5504 in
2086 5447 2305 5503 Glossis
2338 5463 2397 5518 p.
2419 5450 2518 5518 788,
2553 5446 2688 5502 edit.
2724 5446 2924 5517 Steph.

2067 5521 2145 5591 (7)
2185 5516 2505 5574 Hentenius
2535 5518 2762 5573 videtur
2794 5516 3025 5588 legisse,
3058 5516 3180 5577 οἶος.

309 5715 411 5799 (sj
460 5721 784 5790 Cujusque,
816 5724 925 5775 etc.
968 5718 1344 5788 Singularem
1378 5718 1438 5775 in
1471 5718 1733 5791 singulas
1762 5734 1902 5777 oves
1932 5715 2256 5774 ostendens
2289 5730 2516 5775 curam.

555 5817 792 5873 PATROL.
824 5814 930 5873 GR.
974 5814 1221 5874 CXXIX.
