4156 6396
592 373 611 427 1
623 372 729 429 323

1951 342 2295 415 [summa
2338 346 2668 418 ZIGABENI

3828 360 3950 418 i32-i

660 495 826 549 Vers.
860 492 985 547 3Et
1013 491 1206 547 educit
1228 505 1342 545 eas.
1373 488 1461 543 Ad
1489 502 1709 559 pascua
1742 504 1753 541 :
1791 502 2010 557 pascua
2047 494 2224 541 auten

2433 490 2533 539 Καὶ
2565 485 2736 556 ἐξάγει
2768 485 2919 540 αὐτά.
2970 486 3087 541 Ἐπὶ
3112 492 3291 559 νομὴν·
3322 493 3454 560 νομὴ
3508 485 3565 541 δὲ
3606 497 3705 540 τῶν
3747 488 3950 560 λογικῶν

588 584 970 640 rationalium
1001 582 1228 645 ovium,
1261 580 1528 634 doctrina
1555 584 1640 632 est
1660 577 1998 631 divinorum
2025 593 2249 632 sermo-

587 688 758 737 num,
791 688 928 743 quae
957 672 1222 724 animam
1256 668 1437 723 nutrit
1463 684 1531 722 ac
1571 668 1780 737 pascit.

660 763 822 817 Vers.
858 764 908 816 4.
933 761 1006 814 Et
1034 789 1095 800 —
1121 758 1301 814 vadit.
1334 760 1508 812 Recto
1536 772 1635 810 eas
1666 754 1897 809 tramite
1920 753 2245 819 deducens,

588 858 639 906 et
667 867 776 922 pro
806 851 887 905 eis
915 864 1214 922 pugnans.
1241 847 1415 919 Atqui
1442 851 1711 918 pastores
1741 844 2040 899 contrario
2066 846 2249 899 modo

588 941 833 1007 faciunt,
857 944 1172 1010 sequentes
1194 952 1337 991 oves
1360 951 1620 1007 quarum
1646 933 1868 989 habent
1885 949 2111 989 curam.
2142 933 2247 987 Vc-

586 1046 718 1086 rum
734 1026 1013 1100 pascendi
1028 1042 1124 1081 ars
1135 1026 1319 1096 hujus
1336 1025 1588 1096 pastoris
1604 1023 1864 1077 maxime
1887 1021 2246 1078 admiranda

586 1125 669 1174 est
698 1136 711 1174 :
746 1134 885 1173 nam
919 1121 974 1171 et
998 1131 1142 1171 oves
1173 1120 1307 1169 sunt
1331 1112 1673 1169 rationales.
1702 1112 2006 1183 Siquidem
2041 1111 2240 1181 etiam,

582 1206 832 1280 quando
844 1203 1171 1275 discipulos
1187 1201 1758 1266 emittebat,dicebat
1775 1202 1947 1256 :Ecce
1957 1215 2063 1269 ego
2077 1201 2243 1255 mitto

585 1312 701 1358 vos,
719 1302 1001 1367 tanquam
1015 1309 1146 1349 oves
1163 1294 1227 1347 in
1242 1292 1429 1348 medio
1446 1292 1723 1360 luporum
1744 1290 1810 1344 93:
1832 1296 2089 1360 pastores
2105 1306 2241 1345 vero

582 1388 745 1440 extra
765 1384 941 1456 lupos
965 1384 1205 1437 mittunt
1229 1398 1395 1437 oves.
1424 1380 1596 1436 Vadit
1623 1385 1825 1435 autem
1865 1384 2002 1433 ante
2034 1394 2157 1443 eas,
2186 1385 2242 1434 et

582 1479 874 1545 tanquam
901 1473 950 1527 is
976 1472 1079 1543 qui
1106 1472 1330 1542 primus
1359 1471 1834 1525 conversationis
1857 1469 2014 1523 viam
2052 1468 2239 1524 calca-

579 1565 747 1630 vit,et
785 1565 937 1619 sicut
966 1562 1069 1633 qui
1102 1577 1174 1617 ea
1213 1561 1365 1629 fecit,
1398 1576 1530 1631 quae
1562 1561 1749 1614 docet.

650 1739 817 1794 Vers.
849 1741 900 1793 4.
934 1739 1007 1793 Et
1038 1769 1090 1779 -—
1122 1744 1476 1809 sequuntur.
1507 1736 1609 1791 Per
1650 1735 1904 1805 vestigia
1959 1752 2097 1791 eum
2150 1752 2236 1791 se-

2359 575 2629 649 προϐάτοιν
2662 578 2691 634 ἡ
2728 572 3057 629 διδασκαλία
3076 586 3175 630 τῶν
3206 580 3352 631 θείων
3373 578 3560 650 λόγων,
3583 583 3844 652 τρέφουσα
3870 585 3950 632 καὶ

2358 671 2643 718 πιαίνουσα
2668 671 2761 723 τὴν
2790 666 2996 737 ψυχὴν.

2434 760 2528 808 Καὶ
2573 787 2638 796 -
2672 758 2964 830 πορεύεται.
2997 753 3239 829 Ὀδηγῶν
3294 758 3429 811 αὐτὰ
3473 759 3542 819 εἰς
3598 758 3818 823 εύθεῖαν,
3871 764 3951 811 καὶ

2356 848 2696 918 προασπίζων
2746 845 2933 900 αὐτῶν.
3005 852 3104 898 Καὶ
3160 850 3264 919 μὴν
3332 850 3381 899 οἱ
3440 853 3671 920 notabis;
3747 847 3950 899 τούναν-

2354 938 2462 985 τίον
2520 942 2784 1003 ποιούσιν,
2842 936 3055 987 ὄπισθεν
3112 944 3211 987 τῶν
3289 936 3557 1009 προϐάτων
3624 935 3949 989 ἀκολουθοῦν-

2355 1042 2478 1085 τες·
2518 1021 2623 1074 ἀλλ’
2674 1025 2703 1081 ἡ
2756 1028 3069 1095 ποιμαντικὴ
3118 1034 3210 1077 τοι)
3258 1030 3500 1098 ποιμένος
3552 1030 3738 1078 τούτου
3794 1046 3953 1100 παρα-

2356 1106 2634 1173 ὃοξοτάτη·
2689 1108 2829 1164 διότι
2881 1117 2969 1165 καὶ
3037 1114 3102 1164 τὰ
3152 1113 3390 1186 πρόϐατα
3442 1114 3650 1186 λογικά.
3704 1118 3805 1169 Καὶ
3859 1117 3949 1186 γὰρ

2355 1205 2443 1252 καὶ
2503 1203 2586 1253 ὅτε
2624 1205 2746 1261 τούς
2802 1203 3046 1273 μαθητὰς
3098 1200 3401 1256 ἀπέστελλεν
3450 1204 3552 1275 (8),
3599 1203 3787 1275 ἔλεγεν
3823 1200 3950 1257 Ἰδοὺ

2353 1288 2650 1343 ἀποστέλλω
2720 1292 2879 1362 ὑμῆς,
2956 1291 3025 1352 ὡς
3101 1291 3340 1366 πρόϐατα
3416 1295 3465 1345 ἐν
3557 1298 3702 1366 μέσῳ
3773 1292 3946 1346 λύκων·

2351 1382 2401 1431 ὀί
2433 1376 2491 1432 δε
2539 1384 2775 1451 ποιμένες
2824 1380 2920 1442 ἔξω
2971 1380 3138 1433 λύκων
3182 1380 3564 1435 ἀποστέλλουσι
3591 1387 3657 1436 τὰ
3703 1382 3946 1459 πρόϐατα.

2351 1472 2629 1543 Πορεύεςαι
2702 1466 2761 1522 δὲ
2826 1472 3119 1543 ἔμπροσθεν
3192 1471 3377 1540 αὐτῶν,
3443 1477 3533 1525 καὶ
3611 1475 3676 1533 ὡς
3764 1481 3949 1547 πρῶτος

2348 1563 2513 1629 τεμὼν
2565 1564 2657 1617 τὴν
2714 1555 2839 1611 ὁδόν
2892 1568 2986 1622 τῆς
3043 1560 3326 1627 πολιτείας,
3379 1566 3469 1615 καὶ
3506 1567 3736 1623 ποιήσας
3782 1561 3817 1614 ἃ
3862 1558 3944 1615 δι-

578 1832 866 1899 quuntur,
900 1827 1111 1883 eadem
1136 1827 1479 1882 incedentes
1512 1826 1628 1891 via,
1660 1826 1970 1897 ipsiusque
2002 1825 2224 1896 legibus

2347 1826 2506 1887 ζοντα
2574 1832 2668 1885 τήν
2742 1827 2905 1886 αὐτὴν
2984 1825 3108 1882 ὁδόν
3184 1836 3293 1890 τοῖς
3376 1834 3553 1902 νόμοις
3609 1830 3772 1884 αὐτοῦ
3846 1849 3946 1883 πει-

577 1923 875 1988 parentes.

646 2007 810 2063 Vers.
844 2011 896 2063 4.
953 2008 1105 2075 Quia
1138 2037 1206 2047 —-—
1236 2008 1379 2077 ejus.
1441 2007 1584 2071 Quae
1637 2008 1728 2060 est
1769 2021 1838 2060 ex
1894 2004 2230 2077 Scripturis,

574 2097 798 2169 quibus
830 2102 1082 2153 assuetae
1116 2103 1273 2162 sunt,
1307 2113 1376 2151 ex
1408 2095 1661 2165 cognitis
1693 2094 1963 2149 vocibus.

648 2184 815 2242 Vers.
859 2191 908 2241 5.
960 2189 1240 2243 Alienum
1286 2216 1353 2226 -—-
1407 2201 1625 2241 vocem.
1674 2183 1862 2239 Alieni
1922 2190 2079 2248 sunt,
2134 2186 2232 2256 qui

573 2291 695 2332 non
717 2276 936 2331 intrant
958 2292 1063 2349 per
1079 2277 1323 2331 ostium.
1345 2278 1469 2331 Non
1486 2279 1779 2329 noverunt
1796 2280 1993 2328 autem
2026 2290 2228 2328 vocem

571 2365 805 2421 illorum
833 2382 995 2433 oves,
1024 2370 1084 2419 ut
1112 2380 1247 2437 quae
1281 2380 1400 2420 non
1434 2365 1509 2418 sit
1548 2381 1583 2418 a
1633 2364 1968 2433 Scripturis,
2012 2364 2233 2435 quibus

571 2458 820 2509 assueta;
850 2460 1006 2518 sunt,
1040 2458 1100 2508 ut
1130 2454 1353 2508 dictum
1386 2459 1493 2515 est,
1522 2451 1626 2506 sed
1650 2468 1685 2506 a
1714 2456 1913 2506 ventre
1938 2452 2227 2522 ipsorum.

640 2544 870 2599 Vers.6.
901 2544 1013 2599 Hoc
1044 2574 1110 2583 —
1148 2543 1337 2599 Jesus.
1374 2541 1537 2596 Hanc
1571 2540 1945 2612 parabolam.
2098 2538 2105 2541 ’

645 2631 804 2687 Vers.
833 2636 884 2687 6.
921 2633 1025 2687 Illi
1054 2663 1117 2672 —
1148 2632 1309 2699 ipsis.
1346 2631 1610 2686 Obscura
1637 2632 1795 2684 enim
1848 2630 2226 2702 loquebatur,

568 2721 910 2777 attentiores
935 2737 1036 2776 eos
1056 2720 1331 2776 reddens.
1368 2720 1583 2775 Deinde
1608 2720 1723 2776 alio
1754 2721 1930 2775 modo
1956 2722 2224 2792 seipsum

568 2816 624 2867 et
649 2811 901 2881 januam
936 2816 1106 2866 vocat
1134 2816 1190 2865 et
1218 2816 1543 2881 pastorem.

642 2904 803 2959 Vers.
829 2907 882 2957 7.
910 2903 1075 2958 Dixit
1107 2933 1169 2943 —-
1200 2902 1412 2958 ovium.
1447 2902 1550 2956 Per
1579 2901 1746 2973 quod
1789 2901 2221 2971 ingrediuntur,

567 3006 710 3046 oves
734 2991 810 3046 ad
841 3008 1166 3063 supernam
1202 2990 1603 3048 mansionem.
1625 2994 1825 3062 Neque
1865 2991 2024 3046 enim
2056 2993 2225 3063 quis-

565 3097 752 3153 quam
775 3080 943 3137 aliter
962 3082 1316 3151 ingreditur,
1335 3081 1447 3136 nisi
1469 3097 1571 3152 per
1590 3081 1811 3152 ipsum,
1836 3085 1891 3135 et
1915 3098 2018 3152 per
2038 3081 2222 3138 ﬁdem

564 3185 702 3242 quas
728 3170 788 3225 in
813 3170 1008 3242 ipsum
1034 3176 1143 3235 est,
1172 3187 1239 3226 ac
1272 3186 1376 3241 per
1408 3171 1536 3241 ejus
1563 3170 1918 3226 doctrinam.

637 3261 802 3315 Vers.
833 3260 884 3315 8.
922 3261 1131 3317 Omnes
1163 3291 1231 3300 --
1262 3262 1543 3316 latrones.
1576 3261 1874 3332 Quotquot
1926 3276 1962 3316 a
2010 3259 2221 3332 seipsis

561 3356 869 3421 venerunt,
901 3355 1200 3422 quotquot
1230 3354 1540 3415 venerunt,
1584 3366 1701 3405 non
1735 3366 1837 3421 per
1865 3350 2219 3421 praedictum

562 3438 804 3504 ostium,
832 3437 1491 3503 utJudasetTheudas,
1535 3443 1591 3494 et
1640 3440 1691 3494 si
1743 3440 1879 3510 quis
1934 3439 2083 3495 alius
2114 3440 2222 3495 hu-

556 3528 825 3600 jusmodi
851 3544 863 3583 :
891 3528 1182 3599 prophetae
1200 3543 1463 3599 namque
1485 3542 1605 3583 non
1622 3545 1658 3584 a
1679 3528 1891 3600 seipsis
1912 3534 2218 3598 venerunt,

564 3617 669 3673 sed
697 3633 733 3672 a
766 3620 883 3672 Deo
908 3616 1075 3672 missi
1097 3621 1233 3673 sunt
1261 3633 1273 3673 :
1304 3633 1414 3673 nec
1434 3616 1697 3685 aliunde,
1721 3619 1818 3673 sed
1861 3634 1966 3690 per
1997 3618 2219 3674 ostium

562 3706 953 3761 intraverunt.

638 3794 796 3851 Scire
835 3795 996 3851 enim
1027 3800 1279 3867 oportet,
1315 3796 1482 3869 quod
1513 3796 1855 3869 frequenter
1892 3797 2214 3869 Scriptura,

562 3884 961 3941 universalem
992 3891 1425 3957 repraesentans
1478 3887 1749 3951 formam,
1796 3887 2217 3959 particularem

560 3972 829 4030 insinuat
846 3974 1306 4047 intelligentiam.
1324 3979 1459 4032 Nam
1483 3976 1642 4047 quod
1659 3992 1819 4032 nunc
1836 3976 1998 4043 dicit,
2019 3977 2215 4033 Omnes

560 4079 684 4118 non
711 4063 1052 4134 simpliciter
1083 4064 1380 4135 signiﬁcat
1408 4081 1621 4121 omnes
1658 4066 1761 4137 qui
1817 4065 2019 4137 ipsum
2066 4082 2212 4137 pra:-

560 4158 887 4208 cesserunt.
920 4153 1117 4209 Simile
1162 4154 1342 4209 etiam
1370 4160 1477 4221 est,
1507 4154 1670 4226 quod
1696 4155 1777 4210 ait
1804 4154 1988 4209 David
2039 4172 2052 4210 :
2085 4156 2215 4212 Om-

558 4258 655 4300 nes
684 4243 1160 4307 declinaverunt,
1186 4245 1361 4300 simul
1379 4245 1620 4301 inutiles
1635 4244 1790 4314 facti
1805 4252 1944 4299 sunt
1962 4248 2007 4280 ⁹⁹
2034 4262 2046 4301 :
2069 4246 2213 4303 tales

557 4330 854 4402 siquidem
881 4347 998 4387 non
1014 4340 1202 4399 erant,
1227 4333 1330 4404 qui
1347 4333 1528 4389 etiam
1546 4338 1683 4388 tunc
1703 4334 1890 4389 Deum
1910 4335 2210 4402 colebant;

556 4424 611 4476 et
636 4420 781 4475 illud
811 4420 1144 4477 Salomonis
1176 4438 1189 4477 :
1223 4422 1431 4479 Omnia
1469 4428 1607 4479 sunt
1665 4423 1899 4481 vanitas
1930 4425 1945 4459 ¹
1983 4441 2212 4498 :neque

554 4508 713 4564 enim
742 4509 877 4565 talis
903 4516 987 4566 est
1014 4512 1219 4567 virtus.
1882 4570 1883 4573 η

629 4601 725 4654 Est
739 4606 941 4655 autem
958 4600 1055 4655 ubi
1075 4601 1276 4657 Omnis
1293 4601 1452 4657 idem
1470 4602 1782 4673 signiﬁcat,
1798 4602 1962 4675 quod
1978 4603 2207 4670 Nullus,

555 4693 618 4743 ut
648 4688 708 4742 in
733 4688 891 4745 dicto
912 4690 1011 4745 illo
1044 4690 1367 4747 Salvatoris
1400 4707 1412 4747 :
1440 4694 1515 4747 Et
1544 4692 1662 4747 nisi
1683 4692 1934 4748 breviati
1954 4694 2207 4763 fuissent

553 4777 680 4833 dies
708 4777 816 4843 illi,
848 4795 965 4835 non
992 4780 1153 4848 ﬁeret
1184 4782 1357 4837 salva
1386 4779 1566 4836 omnis
1584 4797 1724 4837 caro
1752 4784 1792 4847 ’,
1823 4782 1878 4836 id
1911 4788 2017 4850 est,
2044 4783 2210 4840 nulla

553 4881 713 4922 caro.
748 4867 809 4920 ln
843 4868 941 4922 illo
972 4884 1210 4939 quoque
1237 4869 1520 4925 Davidico
1550 4886 1726 4925 versu
1755 4871 1861 4925 :Et
1888 4887 2005 4927 non
2022 4872 2205 4929 domi-

550 4962 729 5011 netur
756 4956 904 5012 mihi
932 4957 1115 5013 omnis
1140 4958 1437 5029 injustitia
1460 4962 1503 5023 ',
1529 4959 1643 5015 hoc
1670 4967 1777 5027 est,
1806 4960 1987 5017 nulla.
2025 4962 2207 5018 Multa

550 5060 794 5117 quoque
826 5050 967 5101 sunt
995 5046 1231 5104 similia.

624 5135 783 5191 Vers.
815 5139 865 5191 8.
895 5136 1104 5193 Sed—
1141 5152 1293 5195 oves.
1355 5138 1465 5205 Qui
1512 5155 1649 5197 vere
1698 5144 1867 5197 erant
1920 5156 2084 5197 oves.
2138 5141 2203 5197 Et

1800 5347 1816 5383 ¹
1847 5345 2031 5405 Eccle.
2064 5362 2098 5412 1,
2134 5350 2186 5402 2.

616 5341 663 5377 σε
705 5341 904 5401 Matth.
935 5359 997 5417 ι,
1029 5344 1117 5402 16.
1242 5348 1290 5383 9°
1322 5344 1479 5405 Psal.
1519 5363 1617 5413 xu,
1650 5345 1702 5403 3.

2287 5349 2309 5382 ²
2336 5346 2531 5405 Matth.
2559 5363 2709 5416 χειν,
2738 5348 2827 5404 22.

2349 1644 2555 1703 ὃάσκει.

2422 1742 2522 1790 Καὶ
2565 1770 2653 1817 -1
2680 1736 2968 1792 ἀκολουθεῖ.
3027 1739 3151 1792 Κατ’
3212 1742 3365 1811 ἴχνος
3396 1739 3538 1811 αύτῷ
3568 1740 3771 1811 ἕπεται,
3800 1736 3947 1813 βαδι-

2347 1916 2554 1986 θόμενα.

2412 2004 2532 2058 ’Ὁτι
2570 2037 2626 2046 -—-
2678 2006 2861 2062 αὐτοῦ.
2924 2004 3102 2060 Οὖσαν
3152 2006 3206 2060 ἐκ
3236 2016 3335 2062 τῶν
3364 2010 3601 2067 συνήθων
3632 2015 3867 2082 Γραφών,
3898 2012 3945 2061 ἐκ

2342 2103 2440 2147 τῶν
2469 2114 2611 2168 γρωρ
2621 2100 2747 2168 ίμων
2788 2105 2985 2168 φωνῶν.

2414 2182 2692 2257 ’Λλλοτρίῳ
2737 2216 2802 2224 -
2845 2191 3037 2257 φωνήν.
3068 2185 3357 2262 Ἀλλότριοι
3510 2189 3559 2240 οἱ
3588 2191 3660 2259 μὴ
3711 2186 3944 2261 εἰσερχό-

2340 2292 2482 2344 μενοι
2512 2269 2603 2325 dia
2632 2282 2727 2335 τῆς
2779 2276 2956 2348 θύρας·
2988 2274 3079 2327 οὐκ
3120 2272 3304 2329 οἴδασι
3357 2273 3417 2329 δὲ
3445 2276 3611 2329 αὐτῶν
3649 2282 3748 2335 τὴν
3788 2282 3946 2350 φωνὴν

2340 2365 2405 2414 τὰ
2432 2361 2684 2436 πρόϐατα,
2719 2366 2783 2423 ὡς
2809 2368 2879 2433 μὴ
2920 2364 3022 2417 ἀπὸ
3049 2373 3149 2417 τῶν
3182 2368 3417 2423 συνήθων
3450 2372 3684 2441 Γραφῶν,
3713 2370 3781 2430 ὡς
3812 2370 3945 2442 εἰρη-

2338 2470 2446 2516 ται,
2477 2448 2665 2518 οὖσαν,
2693 2451 2799 2504 ἀλλ’
2843 2452 2944 2505 ἀπὸ
2976 2453 3179 2517 κοιλίας
3203 2455 3394 2510 αὐτῶν.

2408 2544 2613 2601 Ταύτην
2641 2574 2709 2582 -
2746 2545 2970 2605 Ἰησοῦς.
2999 2548 3104 2602 Τὴν
3125 2543 3445 2619 παραϐολήν.

2407 2630 2618 2684 Ἐκεῖνοι
2648 2634 2927 2693 -αύτοῖς,
2945 2633 3181 2706 Ἀοαφῶς
3200 2637 3301 2707 γὰρ
3330 2633 3508 2699 ἐλάλει,
3538 2639 3939 2710 προσεκτικωτέ-

2333 2741 2458 2793 ρους
2496 2730 2654 2774 ποιῶν
2678 2723 2885 2785 αύτούς.
2918 2720 3042 2776 Εἶτα
3074 2728 3263 2796 τρόπον
3293 2725 3462 2797 ἓτερον
3497 2724 3678 2778 ἑαυτὸν
3706 2726 3939 2799 ὀνομάζει

2335 2818 2424 2862 χαι
2450 2814 2605 2885 θύραν
2623 2817 2713 2865 καὶ
2740 2815 2978 2884 ποιμένα.

2405 2908 2557 2953 Εἶπεν
2602 2933 2670 2942 -
2728 2901 3020 2974 προϐάτων.
3083 2906 3155 2955 Δι’
3211 2904 3273 2965 ἧς
3327 2903 3661 2975 εἰσέρχονται
3711 2906 3778 2956 τὰ
3822 2906 3937 2977 πρό-

2334 2988 2467 3043 ϐατα
2496 2990 2565 3052 εἰς
2597 2995 2684 3049 τὴν
2715 2992 2818 3042 οἶνω
2857 2987 3115 3066 μάνδραν.
3145 2991 3360 3065 Ἑτέρως
3388 2995 3489 3066 γὰρ
3518 2992 3613 3045 ούκ
3643 2992 3936 3066 εἰσέρχεται

2332 3098 2433 3147 τις,
2466 3079 2510 3131 εἰ
2567 3084 2638 3151 μὴ
2674 3076 2747 3131 δι’
2790 3080 2952 3132 αὐτοῦ
2981 3086 3193 3143 καὶτῆς
3252 3081 3323 3143 εἰς
3380 3081 3535 3134 αὐτὸν
3575 3086 3805 3145 πίστεως
3853 3085 3935 3134 καὶ

2332 3176 2425 3231 τῆς
2466 3168 2626 3221 αὐτοῦ
2657 3165 3033 3232 διδασκαλίας.

2408 3260 2595 3319 Πάντες
2681 3290 2749 3299 ——
2820 3259 3032 3332 λῃσταί.
3100 3258 3259 3312 Ὀσοι
3342 3256 3495 3319 ἦλθον
3569 3259 3655 3333 ἀφ’
3729 3260 3931 3328 ἑαυτῶν,

2332 3348 2449 3399 ὅσοι
2503 3344 2657 3405 ἦλθον
2741 3353 2811 3419 μὴ
2888 3346 2981 3401 διὰ
3045 3356 3139 3411 τῆς
3204 3354 3580 3424 προειρημένης
3640 3352 3823 3423 θύρας,
3874 3353 3935 3411 ὼς

2333 3433 2537 3498 Ἰούδας
2587 3442 2676 3490 καὶ
2710 3433 2907 3498 Θευδᾶς
2946 3443 3035 3490 καὶ
3094 3440 3221 3500 εἴτις
3277 3445 3531 3499 τοιοῦτος.
3562 3440 3628 3491 Oi
3676 3448 3933 3513 προφῆται

2330 3530 2431 3601 γὰρ
2483 3526 2575 3578 οὐκ
2629 3523 2783 3585 ἦλθον
2858 3526 2942 3599 ἀφ’
2992 3527 3209 3592 ἑαυτῶν,
3267 3526 3373 3580 ἀλλ’
3434 3525 3811 3586 ἀπεστάλησαν
3884 3526 3934 3580 ἐκ

2332 3624 2422 3668 τού
2450 3623 2604 3683 Θεοῦ,
2638 3620 2727 3668 καὶ
2751 3616 2836 3689 (9)
2881 3616 2975 3668 ούκ
3030 3615 3269 3675 εἰσῆλθον
3318 3614 3629 3688 ἀλλαχόθεν,
3660 3615 3791 3670 ἀλλὰ
3847 3615 3934 3670 διὰ

2330 3713 2425 3766 τῆς
2458 3707 2635 3778 θύρας.

2402 3798 2515 3870 Χρή
2581 3791 2640 3847 δὲ
2690 3800 2964 3865 γινώσκειν
3004 3796 3079 3847 ὅτι
3118 3794 3365 3857 πολλάκις
3412 3797 3443 3854 ἡ
3498 3800 3675 3869 Γραφὴ
3730 3796 3931 3850 καθολι-

2327 3888 2416 3936 κὸν
2469 3887 2627 3935 τύπον
2689 3884 3112 3955 σχηματίζουσα
3163 3888 3381 3956 μερικὴν
3436 3887 3627 3938 ἔννοιαν
3679 3882 3930 3939 ἐνδείκνυ-

2326 3993 2432 4026 ται.
2472 3977 2543 4027 Τό
2570 3976 2672 4045 γὰρ
2710 3976 2898 4036 Πάντες
2924 3982 3011 4025 νῦν
3043 3974 3100 4027 ού
3145 3977 3342 4034 πάντας
3388 3973 3561 4037 ἁπλῶς
3612 3971 3767 4033 δηλοὶ
3815 3978 3929 4035 τοὺς

2324 4066 2424 4133 πρὸ
2460 4062 2641 4117 αὐτόν.
2696 4069 2940 4116 Τοιοῦτόν
2988 4063 3101 4116 ἐστι
3153 4068 3242 4115 καὶ
3282 4067 3339 4115 τό
3400 4068 3692 4117 Δαυῑτικόν·
3742 4067 3929 4125 Πάντες

2325 4151 2599 4217 ἐξέκλιναν,
2632 4152 2741 4225 ἅμα
2780 4153 3174 4226 ἠχρειώθησαν·
3206 4154 3265 4205 ού
3292 4155 3393 4227 γὰρ
3432 4158 3522 4206 καὶ
3552 4155 3601 4207 0i
3648 4156 3928 4212 τηνικαῦτα

2325 4242 2589 4314 θεοφιλεῖς·
2616 4247 2706 4294 καὶ
2736 4246 2793 4294 τό
2839 4242 3227 4315 Σολομὼντειον·
3280 4244 3459 4296 Πάντα
3508 4248 3818 4315 ματαιότης
3870 4242 3925 4294 ού

2320 4333 2421 4406 γὰρ
2455 4336 2545 4384 καὶ
2578 4334 2605 4390 ἠ
2635 4332 2815 4405 ἀρετή.

2392 4599 2544 4654 Ἔστι
2592 4595 2651 4653 δι
2704 4602 2787 4654 ὅτε
2837 4602 2896 4652 τό
2937 4606 3041 4661 Πᾶς
3078 4602 3137 4652 τό
3191 4596 3383 4663 Οὐδείς
3441 4603 3705 4672 σημαίνει,
3757 4601 3819 4660 ὡς
3862 4600 3917 4651 τὸ

2320 4698 2412 4742 τοῦ
2473 4697 2724 4765 Σωτῆρος·
2803 4693 2903 4742 Καὶ
2964 4688 3009 4741 εί
3054 4693 3125 4761 μὴ
3199 4687 3596 4747 εκολοϐὠθησαν
3664 4692 3719 4742 αῖ
3791 4690 3913 4760 ὴμέ-

2317 4799 2406 4853 ραι
2449 4778 2657 4846 ἐκεῖναι,
2702 4778 2797 4831 οὐκ
2854 4777 2914 4830 ἂν
2972 4777 3143 4835 ἐσώθη
3210 4784 3361 4831 πᾶσα
3420 4777 3571 4852 σὰρξ,
3631 4782 3790 4850 ἤγουν
3832 4776 3911 4829 ού-

2320 4868 2478 4943 δεμία
2523 4869 2655 4943 σάρξ
2669 4888 2678 4898 ’
2727 4872 2816 4920 καὶ
2854 4871 2913 4920 τὸ
2967 4871 3260 4921 Δαυίτικόν’
3300 4873 3399 4921 Καὶ
3448 4873 3521 4942 μὴ
3586 4883 3905 4942 κατακυριεύ-

2320 4965 2462 5013 σάτω
2513 4979 2612 5033 μου
2670 4965 2821 5011 πᾶσα
2893 4957 3100 5031 ἀνομία,
3159 4961 3419 5030 τουτέστι,
3494 4954 3752 5032 μηδεμία.
3812 4957 3905 5009 Καὶ

2315 5050 2480 5104 πολλά
2509 5056 2749 5106 τοιαῦτα.

2386 5139 2519 5193 Ἀλλ’
2564 5169 2632 5181 -
2678 5136 2936 5212 πρόϐατα*
2987 5141 3063 5191 Τὰ
3116 5135 3321 5200 ἀληθῶς
3380 5136 3637 5212 πρόϐατα.
3698 5134 3911 5191 K60155-

2929 5350 2948 5382 ⁸
2972 5343 3127 5405 Psal.
3160 5360 3314 5413 cvm,
3354 5345 3481 5403 133.

1795 5549 2022 5621 Variae
2050 5550 2380 5621 lectiones
2421 5560 2702 5619 etnotae.

612 5772 688 5865 (8)
724 5775 1025 5847 Ᾰπέστειλεν

2373 5776 2451 5865 ‘9)
2478 5778 2575 5830 Καὶ
2605 5773 2773 5834 abest
2809 5773 2877 5833 A.
