4156 6422
214 372 361 444 1325

1237 381 1614 442 COMMENT.
1665 384 1735 440 IN
1775 383 2127 441 JOANNEM.
2170 416 2239 428 --
2279 384 2437 441 CAP.
2480 386 2549 442 Χ.

3470 392 3602 448 1326

220 513 305 565 θεν
336 507 424 565 οὖν
452 505 610 569 δῆλον
649 510 727 562 ὅτι
757 507 817 561 ού
857 509 1235 586 συμπεριίλαϐε
1254 514 1344 563 καὶ
1374 514 1492 571 τοὺς
1521 514 1824 584 προφήτας·

1983 510 2079 568 inc
2119 510 2506 569 manifestum
2538 514 2641 578 est,
2673 514 2841 586 quod
2894 530 3017 572 non
3071 516 3608 589 comprehenderat

218 604 414 654 τούτων
442 602 545 674 γὰρ
569 603 823 658 ἥκουσαν.

297 692 429 761 Ἐγὼ
459 688 568 761 εἰμι
591 691 619 748 ἠ
658 690 898 763 θύρα.Τῷ
924 685 1305 764 διπλασιασμῷ
1322 697 1414 742 τοῦ
1443 690 1604 764 ῥητοῦ
1625 688 1834 763 βεϐαιοῖ

222 783 313 834 τὸν
342 778 511 851 λόγον.

299 869 374 921 Δι’
424 899 493 909 -
548 869 866 926 σωθήσεται.
923 870 1017 921 Διὰ
1056 877 1156 922 τῶν
1205 871 1336 942 ἐμῶν
1370 868 1579 922 ἐντολῶν
1641 868 1727 922 ἐάν
1754 889 1833 931 τις

226 956 449 1031 ὀδεύση,
508 959 831 1027 σωθήσεται,
884 959 1231 1033 ἀνερχόμενος
1282 959 1353 1020 εἰς
1404 964 1498 1017 τὴν
1538 961 1642 1011 ἄνω
1706 961 1833 1031 μάν-

227 1046 382 1122 δραν.

304 1142 404 1192 Καὶ
428 1168 497 1178 —-
537 1135 876 1200 ἐξελεύσεται.
903 1137 992 1200 Εἰς
1008 1139 1177 1191 πάντα
1203 1143 1359 1191 τόπον
1390 1147 1485 1200 τῆς
1506 1138 1832 1211 οἰκουμένης,

228 1228 354 1301 ὅπερ
385 1229 471 1280 ἐπὶ
500 1234 599 1279 τῶν
632 1225 928 1280 ἀποστόλων
958 1231 1156 1300 γέγονε.

303 1321 403 1372 Kui
433 1320 594 1389 νομὴν
622 1317 851 1391 εὑρήσει.
886 1316 961 1369 Ού
991 1316 1235 1389 ψυχικὴν
1274 1322 1428 1389 μόνον
1468 1316 1597 1371 ἀλλὰ
1621 1323 1708 1370 καὶ
1737 1336 1834 1369 σω-

221 1410 451 1478 ματικήν
488 1423 500 1437 '
533 1407 703 1459 πάντα
727 1408 826 1479 γὰρ
858 1408 925 1459 τὰ
962 1415 1062 1458 τῶν
1092 1412 1442 1460 πιστευόντων
1500 1407 1682 1468 αὐτοῖς
1712 1426 1837 1479 προ-

224 1500 389 1547 ἐχεῖτο
420 1494 553 1566 (l0).

299 1583 359 1639 Ὀ
412 1583 637 1645 πλέπτης
694 1616 764 1624 —
822 1583 1075 1658 ἀπολέσῃ.
1138 1585 1249 1638 Ούκ
1306 1588 1518 1661 ἔρχεται
1579 1583 1673 1639 διὰ
1735 1605 1837 1638 σω-

226 1678 416 1747 τηρίαν
446 1682 546 1725 τῶν
595 1674 889 1748 προϐάτων,
936 1678 979 1727 εἰ
1034 1680 1106 1747 μὴ
1143 1672 1237 1729 διὰ
1288 1680 1345 1728 τὸ
1397 1675 1585 1746 κλέψαι
1622 1681 1713 1727 καὶ
1746 1678 1840 1728 θῦ-

232 1783 326 1817 σαι
378 1769 468 1817 καὶ
516 1764 799 1818 απολάσαι.
860 1770 959 1818 Καὶ
1013 1768 1115 1838 γὰρ
1172 1769 1263 1818 καὶ
1322 1766 1371 1817 οἰ
1427 1765 1699 1827 κλαπέντες
1737 1765 1837 1817 ὑπὸ

235 1850 420 1907 Θευδᾱ
458 1858 550 1907 xui
584 1850 765 1907 Ἰούδα
818 1853 1149 1926 ἐσφάγησαν,
1206 1859 1297 1907 καὶ
1342 1853 1602 1908 ἀπώλοντο
1641 1874 1841 1929 παραυ-

228 1961 373 1999 τίκα.

306 2030 399 2105 [”Ο
459 2029 703 2095 διάϐολος
741 2032 947 2086 κλέπτει
998 2032 1111 2106 (Η)
1160 2035 1270 2106 μὲν,
1314 2053 1397 2087 οτε
1451 2033 1700 2107 λαμϐάνει
1746 2038 1839 2091 τὴν

234 2121 424 2193 ψυχὴν
453 2127 542 2176 καὶ
572 2125 798 2196 μεθιστᾴ
846 2126 972 2197 πρὸς
1018 2123 1199 2175 ἑαυτὸν
1256 2127 1346 2175 καὶ
1375 2127 1507 2197 πρός
1561 2125 1627 2175 τὰ
1656 2123 1839 2176 ἑαυτοῦ

237 2210 505 2283 θελήματα
538 2230 554 2245 ⁶
602 2215 711 2266 θύει
747 2208 827 2281 δὲ,
878 2213 960 2265 ὅτε
1018 2213 1207 2285 σφάζει
1262 2217 1357 2271 τὴν
1404 2218 1709 2288 προαίρεσιν
1746 2211 1839 2263 αύ-

236 2308 350 2372 τῆς,
408 2306 499 2354 xui
552 2309 724 2377 νεκροῖ
763 2306 888 2377 πρὸς
929 2306 1018 2360 τὴν
1058 2300 1288 2377 ἐνάρετον
1332 2306 1468 2365 ζωήν
1537 2320 1549 2333 '
1587 2301 1842 2354 ἀπόλλυσι

244 2385 324 2458 δὲ,
354 2390 437 2443 ὅτε
496 2397 587 2445 καὶ
625 2397 719 2451 τὴν
748 2394 885 2445 κατὰ
936 2394 1065 2445 Θεὸν
1122 2397 1330 2464 μνήμην
1380 2392 1541 2454 αὐτῆς
1583 2391 1839 2463 ἀφανίζει,

241 2480 373 2531 ὥστε
424 2485 496 2553 μὴ
539 2477 802 2535 δύνασθαι
845 2484 1179 2555 μνημονεύειν
1232 2490 1327 2542 τῆς
1383 2481 1671 2554 μελλούσης
1732 2485 1843 2555 κρί-

244 2568 424 2643 σεως.]

325 2658 460 2731 Ἐγὼ
484 2693 549 2701 -
582 2662 768 2732 ἔχωσι.
802 2692 869 2701 --
893 2665 1040 2720 Ζωὴν
1071 2662 1291 2713 ἐνταῦθα
1311 2663 1401 2734 μὲν
1424 2665 1517 2719 τὴν
1534 2664 1668 2713 κατὰ
1690 2663 1842 2730 Θεὸν,

240 2757 305 2817 ἧς
338 2755 709 2828 περισσότερον
739 2752 769 2808 ἠ
806 2748 1053 2823 βασιλεία
1081 2758 1180 2803 τῶν
1212 2750 1439 2823 οὐρανῶν
1474 2767 1485 2780 ·
1520 2747 1624 2802 ἐκεῖ
1649 2746 1708 2802 δὲ
1752 2754 1845 2808 τὴν

241 2846 528 2918 μακαρίαν,
579 2841 640 2902 ἧς
670 2844 1040 2915 περισσότερον
1081 2839 1145 2893 Ἃ
1178 2838 1439 2912 ὀφθαλμός
1473 2839 1563 2891 οὐκ
1597 2836 1723 2908 εἶδε,
1755 2844 1845 2891 καὶ

241 2931 332 2995 οὖς
380 2933 474 2984 οὐκ
519 2933 733 2994 ἤκουσε,
814 2934 901 2981 xui
978 2928 1063 2981 ἐπὶ
1133 2926 1357 3004 καρδίαν
1428 2927 1700 3003 ἀνθρώπου
1755 2928 1849 2981 οὐκ

242 3022 421 3091 ἀνέϐη,
477 3021 507 3080 ἣ
547 3024 637 3073 και
684 3021 714 3077 ἡ
774 3018 944 3071 τελεία
998 3017 1280 3090 ἐπίγνωσις
1328 3026 1422 3081 τῆς
1476 3018 1628 3090 ἁγίας
1681 3020 1848 3093 Τριά-

245 3110 355 3175 δός.

316 3204 451 3274 Ἐγώ
493 3230 551 3243 --
602 3198 776 3259 καλός.
828 3229 897 3237 -
932 3196 991 3250 Ὀ
1041 3195 1258 3259 ἀληθής.
1290 3203 1429 3250 ’Ἂνω
1485 3199 1574 3270 μὲν
1628 3195 1714 3249 οὖν
1766 3199 1850 3250 θύ-
1880 3229 1921 3288 C

243 3313 339 3365 ραν
402 3290 582 3343 ἑαυτὸν
634 3288 873 3360 ὠνόμασε
913 3282 1009 3339 διὰ
1056 3291 1149 3345 τὴν
1202 3286 1306 3340 ἐκεῖ
1356 3287 1606 3361 ῥηθεῖσαν
1654 3287 1847 3354 αἰτίαν,

245 3381 471 3433 ἐνταῦθα
519 3374 579 3432 δε
623 3380 845 3450 ποιμένα
906 3378 975 3437 ὡς
1020 3378 1085 3428 τὰ
1139 3383 1227 3428 τοῦ
1275 3379 1517 3448 ποιμένος
1580 3384 1849 3444 ποιοῦντα,

247 3470 282 3524 ἆ
312 3471 736 3544 παρατρέχοντες
795 3466 845 3518 οἱ
898 3468 1130 3537 ποιμένες
1180 3473 1278 3517 τῶν
1334 3462 1604 3519 Ἰουδαίων
1659 3463 1855 3518 ὀνειδι-

250 3564 429 3623 ζονται
480 3554 574 3609 διὰ
623 3563 716 3608 τοῦ
764 3558 1033 3631 προφήτου
1092 3555 1361 3621 Ἰεζεκιὴλ,
1420 3561 1537 3631 περὶ
1590 3556 1656 3606 ὧν
1702 3554 1851 3628 ἐροῦ-

247 3667 340 3723 μεν
370 3647 465 3700 ούκ
507 3645 579 3707 εἰς
626 3646 832 3718 μακράν
869 3646 985 3697 ’ἔτι
1015 3640 1075 3696 δὲ
1126 3648 1216 3697 καὶ
1266 3647 1335 3707 ὡς
1388 3648 1515 3719 πρὸς
1565 3650 1659 3703 τὴν
1717 3645 1853 3697 ἐκεί-

251 3742 337 3792 θεν
385 3732 623 3811 μάνδραν
682 3736 991 3806 συνάγοντα,
1033 3732 1205 3807 λόγοις
1234 3743 1578 3808 ποιμαντικῆς
1640 3734 1856 3793 ἐπιστή-

248 3848 377 3903 μης-

325 3917 407 3970 Ἐν
437 3914 610 3976 ἄλλοις
635 3910 693 3966 δὲ
723 3918 831 3967 xui.
868 3912 1132 3987 Πρόϐατον
1163 3912 1395 3966 καλεῖται
1424 3918 1513 3967 καὶ
1541 3917 1729 3988 Ἀμνός
1765 3920 1856 3968 καὶ

251 4008 476 4080 Σφάονιον
510 4009 601 4058 xui
646 4003 968 4076 Ἀρχεερεὺς,
997 4007 1084 4054 xui
1114 4008 1279 4077 μυρία
1320 4005 1467 4079 ἕτερα
1505 4008 1628 4080 πρὸς
1653 4008 1745 4067 τὰς
1770 4024 1858 4058 πο-

250 4098 542 4171 λυτρόπους
570 4093 869 4165 οἰκονομίας
898 4092 1081 4146 αὐτοῦ.

328 4185 386 4238 Ὀ
424 4188 616 4256 ποιμὴν
641 4213 710 4223 -
739 4180 1032 4254 προϐάτων.
1070 4181 1229 4234 Πάλιν
1245 4180 1377 4253 λέγει
1403 4185 1468 4235 τὰ
1488 4202 1861 4258 χαρακτηρισ-

255 4276 382 4328 τικὰ
401 4281 492 4326 τοῦ
523 4291 578 4327 τε
606 4274 850 4344 ποιμένος
875 4274 966 4323 καὶ
1002 4278 1094 4323 τοῦ
1124 4273 1416 4343 μισθωτοῦ.

329 4363 387 4416 '0
422 4364 688 4436 μισθωτός
717 4392 785 4401 —
820 4359 1079 4433 πρόϐατα.
1112 4360 1432 4435 Ἦρμήνευσε
1461 4365 1542 4423 τίς
1567 4359 1705 4415 ἔστιν
1741 4382 1863 4434 μισ-

258 4455 445 4524 θωτὸς,
484 4454 565 4505 ὅτι
594 4449 654 4503 οὔ
680 4450 773 4503 οὐκ
804 4449 994 4502 εἰσὶτὰ
1021 4448 1260 4524 πρόϐατα
1288 4446 1419 4506 ἰδια.
1450 4453 1622 4513 Λύκος
1654 4447 1712 4503 δὲ
1743 4450 1861 4502 ἀνα·

253 4549 499 4615 γωγικώς
527 4542 552 4592 ὁ
577 4538 777 4612 λυμεὼν
825 4543 915 4590 καὶ
946 4535 1232 4602 κακόδοξος
1273 4544 1363 4591 καὶ
1397 4541 1421 4590 ὁ
1456 4536 1692 4601 διάϐολος
1719 4542 1864 4601 ὅστις

254 4636 351 4683 καὶ
378 4630 501 4683 λέων
554 4628 757 4700 λέγεται
812 4632 903 4679 xui
957 4624 1164 4704 δράκων
1215 4634 1305 4681 xui
1337 4633 1446 4701 ὄφις
1486 4634 1575 4682 xui
1615 4634 1866 4704 σκορπίος

254 4728 351 4773 xui
389 4718 547 4780 ἀσπὶς
575 4723 664 4770 xui
706 4715 1017 4790 βασιλίσκος
1059 4722 1149 4770 xui
1186 4718 1348 4771 πολλὰ
1403 4718 1551 4793 ἕτερα
1601 4723 1728 4792 πρὸς
1774 4723 1864 4782 τὰς

256 4811 667 4882 κακομηχανίας
700 4805 859 4858 αὐτοῦ
883 4806 1017 4879 (1'2).

331 4986 393 5040 '0
460 4983 519 5042 δὲ
583 4987 845 5060 μισθωτὸς
908 5015 978 5027 -
1041 4984 1333 5059 προϐάτων.
1416 4992 1699 5060 Πανταχοῡ
1764 4991 1866 5063 γὰρ

255 5082 356 5138 τὴν
416 5074 559 5129 ἰδίαν
614 5078 876 5151 σωτηρίαν
926 5075 1090 5147 ζητεῖ,
1131 5083 1231 5127 τῶν
1261 5075 1424 5128 ἄλλων
1472 5076 1672 5150 ἀμελῶν
1707 5093 1719 5106 ·
1749 5077 1774 5128 ὁ
1807 5073 1867 5129 δε

358 5229 380 5265 ι
408 5228 430 5284 Ι
459 5225 587 5285 Cor.
609 5242 669 5296 ιι,
701 5228 753 5286 9.

1940 602 2121 657 etiam
2149 600 2466 673 prophetas
2495 620 2508 670 ;
2539 617 2680 658 nam
2712 603 2822 659 hos
2874 604 3213 661 audierunt.

2013 690 2173 745 Vers.
2201 691 2255 746 9.
2310 690 2428 760 Ego
2457 706 2587 747 sum
2644 693 2877 749 ostium.
2916 695 3079 749 Verbi
3110 694 3458 767 repetitione
3492 710 3610 751 ser-

1942 794 2183 834 monem
2216 779 2550 835 contirmat.

2014 868 2180 923 Vers.
2203 869 2255 922 9.
2302 870 2418 924 Per
2464 900 2533 909 --
2578 870 2930 928 salvabilur.
2965 873 3074 929 Per
3113 889 3249 930 mea
3289 877 3605 946 prmeepta,

1944 958 1990 1013 si
2007 958 2141 1029 quis
2164 957 2577 1025 ambulaverit,
2613 960 2937 1018 salvabitur
2954 963 3288 1019 ascendens
3322 963 3382 1019 in
3402 978 3608 1035 super-

1945 1063 2087 1103 nam
2116 1063 2514 1104 ωεωειοηεω.

2021 1136 2182 1192 Vers.
2247 1140 2298 1191 9.
2353 1138 2430 1192 Et
2468 1140 2920 1209 --egredie¢ur.
2978 1141 3065 1198 Ad
3095 1157 3339 1199 omnem
3396 1141 3609 1199 mundi

1946 1227 2141 1282 locum
2178 1226 2375 1298 ;quod
2396 1226 2471 1281 de
2497 1228 2780 1300 apostolis
2810 1230 3035 1287 factum
3069 1237 3180 1289 est.

2020 1315 2180 1371 Vers.
2239 1319 2291 1371 9.
2342 1316 2419 1371 Et
2483 1332 2709 1386 pascua
2764 1320 3035 1377 inveniet.
3096 1324 3222 1377 Non
3280 1321 3611 1394 spiritualia

1945 1405 2164 1470 solum,
2206 1404 2313 1459 sed
2340 1410 2397 1461 et
2427 1407 2775 1478 temporalia
2808 1426 2820 1463 :
2879 1426 3018 1466 nam
3065 1411 3271 1467 omnia
3308 1426 3444 1485 quas
3472 1415 3610 1467 sunt

1946 1495 2323 1559 credentium,
2360 1495 2445 1549 eis
2477 1495 2619 1552 data
2659 1502 2820 1553 sunt.

2020 1584 2180 1639 Vers.
2238 1586 2325 1638 10.
2374 1584 2504 1639 Fur
2565 1616 2626 1624 —
2682 1588 2915 1655 perdat.
2960 1591 3088 1645 Non
3142 1590 3307 1645 venit
3363 1595 3611 1663 propter

1948 1673 2203 1729 salutem
2225 1674 2451 1739 ovium,
2480 1674 2582 1729 sed
2608 1680 2839 1732 tantum
2866 1678 2942 1733 ad
2965 1678 3312 1746 furandum,
3346 1686 3611 1735 mactan-

1948 1764 2111 1828 dum,
2152 1779 2217 1818 ac
2250 1763 2635 1834 perdendum.
2687 1768 2833 1821 Nam
2874 1772 2930 1822 et
2978 1769 3016 1822 ii
3071 1768 3174 1840 qui
3234 1768 3383 1825 furto
3425 1768 3609 1825 ablati

1880 1874 1919 1927 Β
1950 1859 2088 1909 sunt
2125 1869 2161 1908 a
2189 1852 2433 1909 Theuda
2468 1857 2525 1908 et
2569 1853 2740 1919 Juda,
2767 1854 3025 1926 jugulati
3051 1863 3190 1913 sunt
3228 1862 3285 1913 et
3322 1857 3609 1913 continuo

1950 1944 2273 2016 perierunt.

2020 2032 2441 2105 ++Diabolus
2492 2032 2723 2090 furatur
2778 2034 3048 2106 quidem,
3102 2052 3240 2092 cum
3292 2036 3611 2109 prehendit

1951 2123 2227 2179 animum
2250 2124 2600 2178 ettranstert
2628 2123 2707 2178 ad
2737 2140 2798 2179 se
2829 2130 2884 2180 et
2913 2126 2991 2181 ad
3022 2125 3391 2181 voluntatem
3412 2141 3607 2182 suam.

1952 2216 2166 2269 Mactat
2200 2220 2422 2279 autem,
2463 2212 2713 2284 quando
2772 2214 3044 2270 interﬁcit
3077 2215 3342 2270 studium
3381 2217 3511 2286 ejus
3556 2218 3612 2272 et

1955 2302 2271 2358 mortiﬁcat
2296 2307 2563 2373 respectu
2602 2302 2758 2367 vitae,
2788 2319 2925 2375 quae
2956 2308 3045 2359 est
3068 2304 3401 2360 secundum
3433 2303 3612 2358 virtu-

1952 2396 2071 2449 tem
2101 2408 2114 2457 ;
2159 2391 2349 2463 perdit
2375 2407 2535 2456 vero,
2572 2391 2818 2463 quando
2850 2393 3193 2450 memoriam
3215 2393 3312 2449 Dei
3338 2392 3506 2459 tollit,
3536 2405 3612 2449 ne

1952 2481 2245 2538 recordari
2279 2482 2468 2554 possit
2493 2480 2703 2551 judicii
2738 2482 2930 2537 futuri.

2025 2658 2853 2729 Vers.10.Ego-habeant.—
2869 2659 3185 2727 Vitam;hic
3214 2660 3457 2733 quidem
3476 2675 3613 2716 eam

1957 2764 2092 2821 qua;
2125 2748 2453 2803 secundum
2489 2750 2671 2803 Deum
2700 2753 2806 2813 est,
2842 2748 3012 2820 cujus
3054 2750 3616 2822 superabundantia

1958 2843 2313 2906 estregnum
2333 2837 2620 2892 caelorum
2642 2855 2655 2904 ;
2680 2836 2765 2894 ibi
2784 2853 2919 2893 vero
2941 2839 3381 2910 beatam,cujus
3405 2854 3618 2911 super-

1957 2927 2332 2983 abundantia
2380 2930 2533 2994 sunt,
2567 2942 2706 2998 quae
2746 2926 2958 2982 oculus
2986 2942 3110 2983 non
3148 2927 3314 2996 vidit,
3348 2933 3405 2983 et
3450 2927 3617 2984 auris

1959 3032 2077 3072 non
2102 3015 2352 3081 audivit,
2380 3021 2435 3071 et
2464 3016 2525 3071 in
2565 3031 2667 3071 cor
2692 3016 2954 3072 hominis
2985 3033 3108 3072 non
3142 3017 3541 3074 ascenderunt
3570 3019 3614 3085 ‘,

1958 3111 2063 3161 aut
2102 3105 2277 3162 etiam
2320 3104 2582 3177 perfecta
2623 3110 2844 3161 sanctae
2874 3106 3172 3162 Trinitatis
3205 3107 3486 3177 cognitio.

2034 3198 2193 3250 Vers.
2243 3196 2327 3249 11.
2398 3195 2527 3265 Ego
2578 3226 2647 3233 —
2690 3194 2892 3250 bonus.
2956 3226 3025 3235 -—-
3090 3196 3289 3251 Verus.
3340 3197 3621 3269 Superius

1960 3300 2223 3357 namque
2250 3283 2468 3340 ostium
2526 3284 2848 3356 appellavit
2876 3284 3152 3357 seipsum,
3196 3291 3440 3358 propter
3484 3302 3622 3343 cau-

1961 3390 2090 3429 sam
2121 3373 2200 3429 ibi
2243 3372 2465 3430 dictam
2498 3388 2511 3439 ;
2543 3373 2639 3428 hic
2696 3378 2896 3429 autem
2948 3377 3270 3440 Pastorem,
3333 3380 3623 3447 tanquam

1960 3479 2032 3519 ea
2056 3479 2191 3537 quea
2220 3463 2474 3535 pastoris
2502 3467 2640 3518 sunt
2667 3467 3066 3534 praestantem,
3101 3479 3237 3536 quae
3281 3464 3623 3536 praetermit-

1963 3558 2148 3609 tentes
2168 3558 2441 3625 pastores
2458 3551 2483 3606 J
2496 3552 2797 3608 udseorum
2822 3553 3336 3624 reprehenduntur
3360 3570 3465 3626 per
3487 3570 3625 3625 pro-

1962 3645 2205 3717 phetam
2248 3642 2513 3699 Ezechiel
2546 3660 2559 3697 :
2592 3643 2667 3699 de
2705 3642 2927 3717 quibus
2966 3646 3149 3716 paulo
3191 3644 3623 3716 postdicemus.

1965 3733 2255 3788 Praeterea
2271 3732 2449 3787 etiam
2465 3737 2749 3803 tanquam
2764 3734 3141 3788 sermonibus
3154 3733 3294 3789 artis
3319 3733 3626 3805 pascendi,

1965 3822 2043 3881 ad
2074 3837 2401 3893 supernam
2454 3836 2830 3892 congregans
2858 3823 3268 3878 mansionem.

2038 3913 2101 3966 In
2132 3910 2262 3965 aliis
2288 3925 2531 3983 quoque
2586 3909 2735 3965 locis
2781 3910 2914 3966 Oris
2972 3916 3240 3975 vocatur,
3295 3914 3352 3967 et
3398 3912 3628 3982 Agnus,

1970 4017 2039 4058 ac
2082 4001 2329 4057 Victima
2359 4005 2415 4055 et
2444 3999 2742 4068 Pontifex,
2787 4000 3041 4071 aliisque
3074 4000 3231 4055 mille
3260 4002 3626 4069 nominibus,

1964 4094 2135 4163 juxta
2160 4091 2355 4145 varios
2397 4088 2780 4160 dispensandi
2822 4090 3058 4144 modos.

2040 4180 2203 4236 Vers.
2245 4181 2333 4234 lt.
2393 4180 2612 4235 Pastor
2676 4212 2721 4220 -
2780 4178 3002 4236 ovibus.
3048 4180 3305 4235 Rursum
3337 4195 3408 4235 ea
3464 4180 3634 4251 ponit

1968 4287 2105 4343 quin
2138 4279 2260 4325 tum
2298 4275 2622 4341 pastorem,
2648 4275 2773 4323 tum
2790 4270 3225 4324 mercenarium
3259 4269 3594 4339 designent.

2046 4362 2200 4414 Vers.
2266 4359 2352 4413 '12.
2412 4358 2811 4414 Mercenarius
2874 4389 2940 4397 —
2998 4373 3147 4413 oves.
3207 4362 3632 4429 Interpretatur

1972 4448 2105 4521 quis
2131 4447 2366 4503 dicatur
2417 4446 2838 4511 mercenarius,
2893 4446 2942 4501 is
2983 4446 3272 4510 videlicet,
3306 4448 3479 4517 cujus
3508 4463 3631 4503 non

1973 4543 2112 4593 sunt
2141 4552 2283 4592 oves
2342 4536 2619 4608 propriae.
2646 4537 2842 4606 Lupus
2894 4551 3035 4590 vero
3062 4537 3391 4608 anagogice
3444 4535 3493 4590 is
3525 4540 3633 4602 est,

1973 4628 2075 4702 qui
2102 4626 2311 4699 perdit,
2339 4632 2395 4681 et
2418 4625 2608 4697 quide
2641 4625 2798 4681 malo
2817 4625 3098 4693 gloriatur
3123 4626 3288 4697 (t),ac
3324 4625 3626 4697 diabolus,

1974 4716 2280 4789 quietiam
2326 4714 2415 4770 leo
2474 4714 2699 4781 dicitur,
2755 4713 2959 4776 draco,
3016 4730 3280 4786 serpens,
3340 4716 3635 4787 scorpius,

1975 4806 2135 4878 aspis
2198 4821 2268 4861 ac
2326 4803 2656 4872 basiliscus,
2704 4802 3027 4875 multisque
3089 4805 3218 4858 aliis
3267 4804 3639 4869 nominibus,

1969 4899 2134 4971 juxta
2160 4894 2314 4950 illius
2347 4894 2537 4950 varias
2576 4892 2813 4949 malitiae
2860 4892 3176 4948 versutias.

2046 4984 2210 5041 Vers.
2244 4985 2330 5040 l3.
2365 4983 2764 5041 Mercenarius
2832 4998 2966 5039 vero
2996 5012 3063 5024 —
3090 4999 3270 5039 cura}.
3330 4986 3479 5038 Nam
3513 4981 3643 5037 ubi-

1975 5092 2093 5149 que
2110 5075 2416 5148 propriam
2448 5077 2656 5146 quazrit
2682 5072 2959 5139 salutem,
3000 5070 3251 5128 aliorum
3282 5072 3595 5142 negligens
3626 5090 3640 5128 :

1472 5352 1695 5423 Variae
1727 5353 2055 5423 lectiones
2087 5362 2153 5421 et
2184 5361 2388 5421 notae.

478 5555 755 5626 Πρόκειται
786 5554 840 5604 Β.

334 5551 426 5624 (10
478 5555 755 5626 Πρόκειται
786 5554 840 5604 Β.

334 5552 451 5698 (ui
466 5625 598 5681 Haec
622 5624 684 5680 in
706 5620 979 5694 margine
999 5618 1184 5680 habet
1207 5622 1398 5681 codex
1422 5624 1872 5698 uterque.Caret

333 5626 421 5696 (tl

1984 5549 2057 5613 iis
2092 5548 2434 5609 Hentenius.

2055 5624 2173 5697 (12)
2208 5625 2345 5698 Πρός
2373 5624 2465 5683 τὰς
2488 5617 2724 5681 ποικίλας
2747 5618 2994 5693 μηχανὰς
3032 5615 3195 5672 αὐτοῦ
3220 5620 3287 5673 Α.

335 5807 403 5879 (ι)
427 5805 494 5860 Et
519 5800 623 5877 qui
647 5801 720 5859 de
743 5802 904 5860 malo
927 5801 1239 5876 gloriatur.
1270 5799 1572 5868 Κακόδοξος
1596 5803 1657 5861 h.
1684 5802 1723 5860 1.
1758 5818 1851 5880 op]

1981 5808 2084 5860 .tur
2112 5811 2185 5855 τῶ
2213 5796 2494 5878 ὀρθοδόξῳ.
2544 5800 2640 5858 Est
2664 5816 2806 5873 ergo
2836 5798 3162 5867 haereticus,
