4156 6412
612 384 748 445 1327
1957 378 2309 446 EUTHYMII
2348 384 2674 444 ZIGABENI
3878 388 4003 451 1328

609 515 713 588 qui
741 520 936 571 autem
978 529 1110 569 vere
1141 518 1340 585 pastor
1391 516 1498 581 est,
1531 512 1900 569 contrarium
1925 511 2066 567 facit
2101 530 2112 567 :
2141 529 2250 585 pro

2392 512 2591 574 ἀληθὴς
2621 517 2816 584 ποιμὴν
2860 512 3151 567 τούναντίον
3191 525 3349 585 ποιεῖ,
3408 526 3509 581 τῆς
3566 518 3760 571 ἑαυτοῦ
3814 517 4000 591 ἀμελῶν

612 606 788 675 priam
813 602 1142 672 negligens,
1176 604 1378 658 ovium
1412 603 1628 674 quierit
1657 602 1935 656 salutem.
1985 604 2142 657 Duos
2174 604 2253 658 ita

2388 609 2481 661 τὴν
2532 612 2630 655 τῶν
2674 602 2947 675 προϐάτων
2999 604 3165 664 ζητεῖ.
3226 609 3324 659 Δύο
3382 604 3472 660 οὖν
3528 608 3689 665 ἔθηκε
3726 607 3993 680 λυμεῶνας,

609 710 726 766 que
760 693 955 764 posuit
983 698 1361 763 corruptores
1402 708 1506 747 seu
1542 696 1867 747 vastatores
1904 710 1917 745 :
1954 707 2087 746 eum
2119 692 2250 747 vide

2385 697 2473 744 τόν
2530 691 2810 766 ἐρχόμενον
2887 694 2968 744 ἵνα
3032 694 3193 768 κλέψῃ
3262 701 3347 749 καὶ
3408 699 3549 770 θύσῃ
3602 701 3696 749 καὶ
3753 696 3992 770 ἀπολέσῃ,

608 784 763 848 licet,
791 782 887 853 qui
922 781 1077 837 venit
1105 788 1167 836 ut
1224 780 1467 849 foretur,
1512 786 1567 837 et
1620 786 1859 850 mactet,
1900 798 1971 837 ac
2015 782 2228 853 perdat

2385 785 2469 833 xui
2517 786 2605 833 τόν
2669 784 2960 857 θεωροῦντα
3007 786 3091 835 τόν
3124 784 3275 837 λύκον
3337 784 3630 860 ἐρχόμενον
3672 792 3763 840 καὶ
3795 786 3994 860 ἀφιέντα

607 872 859 928 alterum
882 886 1042 935 vero,
1085 870 1188 942 qui
1217 870 1381 925 videt
1428 870 1640 942 lupum
1666 870 2001 926 venientem
2030 876 2085 926 et
2113 871 2248 925 dese

2383 874 2449 922 τὰ
2481 870 2720 945 πρόϐατα
2774 876 2861 923 καὶ
2914 875 3170 943 φεύγοντα
3220 892 3232 903 ’
3265 872 3359 927 διὰ
3405 878 3501 947 μεν
3549 884 3645 929 τοῦ
3670 882 3879 949 πρώτου
3914 883 3990 929 τόν

605 964 678 1017 rit
705 977 842 1017 oves
874 977 941 1015 ac
968 960 1117 1028 fugit
1160 975 1312 1032 :per
1355 960 1619 1031 primum
1676 960 1922 1031 quidem
1964 960 2246 1015 Theudan

2385 957 2592 1012 Θευδᾶν
2644 966 2733 1013 καὶ
2787 960 2989 1014 Ἰούδαν
3041 962 3404 1035 αἰνιττόμενος,
3451 962 3551 1017 διὰ
3606 964 3668 1018 δὲ
3698 974 3791 1018 τοῦ
3832 964 3990 1020 δευτέ-

603 1068 669 1106 ac
706 1050 924 1105 Judam
953 1049 1268 1104 insinuans
1303 1065 1439 1120 ;per
1465 1049 1794 1105 secundum
1812 1056 2012 1105 autem
2042 1050 2244 1104 Judreo

2381 1069 2475 1121 ρου
2501 1054 2621 1112 τοῦς
2668 1048 2937 1103 Ἰουδαίων
2979 1048 3341 1115 διδασκάλους
3389 1054 3871 1129 ἁφροντιστοῦντας
3900 1066 3988 1109 τῶν

605 1158 737 1196 rum
779 1140 1122 1211 magistros,
1152 1155 1351 1195 eorum
1402 1155 1610 1194 curam
1659 1154 1780 1195 non
1826 1140 2137 1207 habentes,
2171 1155 2246 1210 qu

2382 1142 2879 1213 ἐμπεπιστευμένων,
2916 1146 3006 1192 καὶ
3054 1139 3409 1216 προδιδόντας
3460 1148 3522 1196 τὸ
3580 1149 3842 1217 ποίμνιον,
3875 1147 3984 1221 ὅπερ

605 1230 716 1285 sibi
744 1228 1071 1286 concrediti
1122 1236 1313 1294 erant,
1359 1230 1482 1284 imo
1507 1244 1750 1300 gregem
1782 1230 1981 1301 potius
2014 1229 2239 1299 proden

2381 1234 2470 1279 καὶ
2494 1225 2587 1279 διὰ
2616 1236 2706 1281 τοῦ
2745 1234 3008 1301 προφήτου
3044 1231 3307 1297 Ἰεζεκιὴλ,
3338 1236 3406 1293 ὡς
3439 1237 3674 1306 εἴρηται,
3720 1232 3983 1296 ὀνειδίζον-

603 1326 708 1377 tes.
731 1321 900 1386 Quod
928 1318 1107 1375 etiam
1129 1317 1241 1374 illis
1271 1318 1686 1389 exprobratur,
1708 1323 1769 1373 ut
1794 1319 2020 1373 dictum
2040 1323 2145 1381 est,
2170 1335 2241 1389 pe

2381 1337 2467 1369 ται
2496 1318 2726 1389 λέγοντος
2759 1337 2771 1349 ·
2804 1319 2872 1371 Ὠ
2925 1322 2974 1371 oi
3004 1326 3236 1393 ποιμένες
3296 1323 3532 1395 Ἰσραὴλ,
3589 1329 3665 1395 μὴ
3707 1323 3981 1397 ﬂammatus

602 1412 955 1483 prophetam
1004 1408 1263 1465 Ezechiel
1292 1408 1589 1463 dicentem
1640 1423 1653 1460 :
1684 1408 1727 1463 0
1764 1415 2029 1477 pastores
2063 1409 2243 1464 Israel

2382 1408 2595 1469 ἑαυτοὺς
2633 1411 2681 1460 οἱ
2706 1413 2943 1481 ποιμένες
3002 1428 3016 1475 ;
3049 1410 3177 1481 οὐχὶ
3230 1416 3295 1463 τὰ
3342 1412 3586 1486 πρόϐατα
3628 1412 3915 1485 βοσκουσιν
3940 1420 3980 1467 οι

602 1517 741 1556 num
784 1506 1053 1569 pastores
1100 1498 1310 1568 seipsos
1370 1495 1672 1568 pascunt?
1701 1513 1897 1554 nonne
1934 1513 2062 1554 oves
2108 1498 2269 1566 ipsas
2379 1500 2655 1568 ποιμένες;

598 1596 856 1660 pascunt
886 1594 1157 1657 pastores
1189 1589 1209 1621 ⁵
1243 1586 1271 1641 ‘t

674 1678 896 1734 Deinde
946 1692 1130 1748 opera
1179 1691 1426 1748 quoque
1471 1676 1725 1747 pastoris
1795 1679 2084 1743 recenset,
2136 1691 2268 1746 qum

2449 1674 2578 1728 Εἶτα
2628 1677 2897 1750 καταλέγει
2926 1682 3112 1731 καὶτὰ
3162 1682 3290 1754 ἔργα
3334 1688 3426 1733 τοῦ
3488 1686 3756 1755 ποιμένος,
3808 1683 3842 1735 ἃ
3892 1704 3975 1736 πα-

603 1767 1171 1841 praatermittebant:
1205 1765 1347 1838 quia
1397 1781 1587 1837 neque
1645 1771 1937 1821 errantem
1974 1781 2147 1820 ovem
2180 1781 2242 1819 re

2375 1770 2640 1838 ρέτρεχον,
2671 1768 2751 1819 ὅτι
2781 1770 2897 1819 οὔτε
2927 1772 2985 1819 τό
3013 1768 3395 1841 πεπλανημένον
3427 1769 3766 1846 ἐπέστρεφον,
3795 1776 3907 1825 οὔτε
3925 1778 3974 1825 τό

600 1857 924 1922 ducebant,
977 1872 1165 1927 neque
1245 1855 1544 1926 perditam
1613 1855 2014 1926 requirebant,
2070 1870 2241 1925 DCCIIII

2330 1867 2341 1917 ι
2376 1855 2639 1917 ἀπολωλός
2670 1855 2956 1923 ἐξεζήτουν,
2990 1862 3106 1911 οὔτε
3143 1863 3200 1910 τό
3244 1866 3686 1933 συντετριμμένον
3715 1859 3971 1934 ἐδέσμουν,

601 1948 913 2003 contritam
944 1946 1275 2015 alligabant
1301 1945 1404 2017 (ιι),
1432 1961 1629 2017 neque
1650 1944 1907 2001 debilem
1925 1944 2210 2001 curabant

2375 1948 2491 1997 οὔτε
2520 1949 2575 1997 τό
2606 1944 2905 2020 ἀῤῥωστοῦν
2937 1948 3263 2022 ἐθεράπευον,
3298 1946 3482 2008 ἐπειδὴ
3528 1950 3770 2017 ἑαυτοὺς,
3804 1957 3887 2005 καὶ
3925 1954 3974 2004 οὐ

600 2038 745 2110 quia
775 2038 1023 2108 seipsos,
1059 2052 1179 2091 non
1211 2050 1355 2090 oves
1377 2035 1727 2105 pascebant.

1327 2051 1355 2089 s
1377 2035 1727 2105 pascebant.
2375 2038 2440 2087 τὰ
2471 2035 2708 2108 πρόϐατα
2733 2036 2967 2089 ἔϐοσκον.

673 2127 752 2181 De
784 2127 1041 2197 utrisque
1072 2140 1213 2194 ergo
1261 2140 1398 2195 quas
1455 2123 1621 2187 dixit,
1657 2123 1921 2195 seipsum
1954 2122 2013 2178 in
2066 2140 2263 2180 exem-

2446 2125 2527 2177 Ἐν
2563 2126 2639 2185 οἶς
2665 2121 2753 2176 οὖν
2794 2123 2928 2178 εἶπεν
2979 2126 3277 2201 ἀμφοτέρων
3307 2124 3595 2187 διέστησεν
3622 2133 3739 2203 (13)
3765 2131 3933 2185 ἑαυτόν
3961 2150 3968 2160 ·

601 2216 768 2288 plum
796 2216 1118 2271 constituit.
1156 2216 1232 2270 De
1261 2214 1465 2285 primis
1495 2213 1733 2285 quidem
1758 2214 1816 2268 in
1862 2230 1954 2280 eo,
2009 2215 2175 2285 quod
2203 2233 2242 2268 ει

2372 2219 2470 2263 τῶν
2502 2218 2717 2284 πρώτων
2744 2217 2834 2286 μὲν
2861 2213 2909 2266 ἐν
2950 2226 3021 2285 τῷ
3053 2214 3231 2278 ἐλθεῖν,
3264 2219 3346 2268 ἵνα
3389 2218 3675 2290 ζωὴνΗ4)
3707 2223 3874 2291 ἔχωσι
3895 2228 3969 2272 καὶ

600 2306 682 2361 ait
714 2306 961 2369 venisse,
1000 2312 1062 2359 ut
1096 2308 1277 2360 vitam
1326 2303 1601 2371 habeant,
1634 2310 1684 2358 et
1720 2304 2126 2359 abundantius
2156 2304 2241 2360 hat

2372 2306 2622 2373 περισσόν
2654 2306 2824 2374 ἔχωσι
2867 2322 2879 2332 ·
2922 2314 3021 2355 τῶν
3054 2301 3307 2377 δευτέρων
3364 2304 3424 2359 δὲ
3465 2310 3515 2359 ἐν
3556 2318 3631 2379 τῷ
3682 2314 3776 2367 τὴν
3800 2310 3966 2381 ψυχὴν

605 2395 779 2451 beant
810 2395 919 2461 ;de
949 2394 1229 2449 secundis
1262 2410 1400 2448 vero
1418 2394 1476 2448 in
1508 2409 1578 2448 eo
1605 2393 1758 2464 quod
1791 2392 2060 2447 animam
2088 2410 2246 2447 suam

2372 2390 2533 2443 αὐτοῦ
2566 2393 2728 2443 θεῖναι
2754 2394 2880 2465 ὑπὲρ
2930 2396 3031 2445 τῶν
3061 2394 3356 2468 προϐάτων.
3431 2396 3565 2452 Ἀπό
3613 2406 3739 2469 γοῦν
3768 2407 3855 2451 τοῦ
3884 2403 3963 2457 τὴν

598 2490 784 2554 ponat
813 2499 923 2555 pro
953 2483 1184 2538 ovibus.
1221 2481 1529 2554 Siquidem
1563 2499 1632 2537 ex
1664 2482 1779 2537 hoc
1796 2482 1959 2553 quod
1993 2482 2239 2537 animan

2369 2480 2555 2551 ψυχὴν
2588 2481 2746 2533 αὐτοῦ
2801 2484 2961 2534 θεῖναι
3020 2485 3144 2556 ὑπὲρ
3199 2494 3299 2536 τῶν
3352 2485 3633 2559 προϐάτων
3705 2487 3961 2541 ἐϐεϐαίωσε

601 2590 774 2628 suam
804 2578 987 2643 ponat
1038 2588 1145 2643 pro
1198 2571 1435 2637 ovibus,
1492 2570 1810 2626 conﬁrmat
1838 2571 2039 2639 etiam,
2094 2586 2242 2641 qnoc

2369 2575 2457 2621 καὶ
2556 2574 2613 2621 τό
2679 2571 2860 2639 ἐλθεῖν,
2952 2574 3033 2624 ἵνα
3112 2576 3248 2635 ζωὴν
3315 2577 3510 2645 ἔχωσι,
3573 2581 3664 2629 καὶ
3728 2582 3958 2650 περισσόν

604 2664 925 2726 venerit,ut
956 2664 1137 2718 vitam
1160 2660 1434 2725 habeant,
1462 2667 1515 2715 et
1541 2659 1945 2715 abundantius
1977 2660 2255 2717 habeant.
2368 2662 2559 2731 ἔχωσι.

670 2752 995 2807 Dicitenim
1048 2756 1101 2807 et
1150 2750 1369 2806 Paulus
1419 2751 1525 2806 :Si
1551 2767 1684 2806 cum
1714 2750 1944 2805 inimici
1984 2766 2251 2815 essemus,

2438 2755 2575 2807 Φησὶ
2607 2746 2666 2803 δε
2695 2755 2783 2803 καὶ
2824 2750 3022 2811 Παῦλος
3047 2768 3057 2779 ·
3089 2752 3149 2806 Εἰ
3174 2752 3362 2825 ἐχθροὶ
3418 2760 3556 2816 ὄντες
3580 2756 3955 2829 κατηλλάγημεν

599 2841 977 2898 reconciliati
1012 2856 1215 2897 sumus
1266 2842 1388 2896 Deo
1440 2856 1548 2909 per
1614 2846 1861 2897 mortem
1916 2840 2060 2895 Filii
2110 2842 2240 2907 ejus1

2365 2848 2436 2910 τῷ
2470 2848 2584 2909 Θεῷ
2616 2836 2709 2891 διὰ
2737 2849 2829 2891 τοῦ
2859 2843 3081 2893 θανάτου
3108 2850 3199 2893 τοῦ
3230 2850 3351 2895 Υὶοῦ
3379 2846 3564 2909 αυτοῦ,
3599 2846 3769 2916 πολλῷ
3785 2847 3954 2910 μᾶλλον

597 2932 787 2987 multo
809 2931 996 3001 magis
1026 2931 1399 2986 reconciliati
1418 2929 1575 2985 salvi
1588 2930 1807 2986 erimus
1828 2932 1847 2964 °
1871 2946 1883 2995 ;
1902 2934 1960 2984 et
1981 2945 2215 2983 rursum
2236 2949 2238 2981 λ

2363 2929 2762 3001 καταλλαγέντες
2805 2933 3171 3002 σωθησόμεθα.
3204 2939 3301 2985 Καὶ
3328 2934 3607 2997 πάλιν.Ὀς
3635 2955 3694 3007 γε
3723 2946 3812 2988 τοῦ
3831 2933 3952 2988 ἰδίου

597 3020 709 3087 Qui
730 3022 976 3090 proprio
987 3020 1145 3075 Filio
1163 3036 1280 3074 non
1293 3018 1679 3088 pepercit,sed
1698 3034 1810 3086 pro
1823 3018 1989 3074 nobis
2002 3018 2238 3074 tradidii

2368 3020 2487 3070 Υἱοῦ
2516 3018 2609 3070 οῦκ
2640 3020 2902 3091 ἐφείσατο,
2934 3018 3040 3071 ἀλλ’
3089 3023 3215 3093 ὑπὲρ
3270 3025 3417 3095 ἡμῶν
3445 3027 3649 3077 πάντων
3677 3023 3952 3099 παρέδωκεν

592 3110 786 3175 illum,
804 3109 1095 3182 quomodo
1110 3125 1227 3165 non
1242 3124 1377 3165 cum
1392 3109 1501 3165 illo
1522 3108 1722 3165 omnia
1738 3110 1900 3164 nobis
1917 3108 2162 3164 donabit
2182 3108 2202 3142 ⁷
2224 3110 2233 3160 ε

2364 3108 2539 3177 αὐτόν,
2560 3117 2663 3169 πῶς
2696 3108 2822 3180 οὐχὶ
2855 3113 2949 3161 σῦν
2990 3111 3132 3180 αὐτῷ
3166 3114 3231 3162 τὰ
3273 3114 3443 3164 πάντα
3472 3116 3599 3187 ἡμῖν
3630 3116 3745 3183 (15)
3773 3122 3953 3189 χαριεῖ-

2290 3214 2489 3273 Crat;

662 3291 824 3345 Vers.
854 3288 935 3343 14.
973 3289 1100 3357 Ego
1141 3318 1198 3329 —
1249 3288 1452 3343 bonus.
1488 3290 1553 3342 Et
1588 3286 1899 3359 quomodo
1930 3302 2048 3342 non
2082 3285 2247 3342 dixe-

2433 3286 2571 3357 Ἐγὼ
2605 3318 2665 3328 —
2698 3286 2873 3349 καλός.
2911 3293 3011 3341 Καὶ
3042 3297 3151 3351 πῶς
3179 3289 3273 3341 οὐκ
3313 3286 3458 3343 εἷπον
3491 3292 3632 3364 αὐτῷ
3672 3294 3697 3345 ὃ
3721 3298 3809 3344 καὶ
3836 3296 3951 3365 πρό-

586 3385 729 3435 runt
752 3379 856 3446 illi,
888 3379 1054 3450 quod
1085 3384 1142 3433 et
1168 3376 1330 3448 prius
1360 3393 1371 3431 :
1415 3380 1500 3432 Tu
1530 3378 1603 3433 de
1633 3377 1811 3446 teipso
1853 3377 2227 3432 testimoniun

2359 3395 2521 3449 τερον,
2551 3377 2632 3427 ὅτι
2686 3380 2752 3428 Σὺ
2782 3381 2899 3448 περὶ
2934 3386 3151 3430 σεαυτοῦ
3197 3388 3489 3454 μαρτυρεῖς
3519 3397 3532 3445 ;
3566 3387 3708 3434 Διότι
3739 3388 3847 3434 τότε
3873 3385 3950 3437 τὴν

581 3468 857 3537 perhibes
888 3470 910 3502 ⁸
936 3466 963 3521 7
995 3466 1142 3533 Quia
1174 3471 1315 3521 tunc
1370 3466 1827 3538 responsionem
1872 3473 2222 3536 acceperant

2360 3463 2637 3537 ἀπόκρισιν
2688 3465 2867 3518 ἔλαϐον
2925 3466 3375 3540 ἐπιστομίξουσαν
3429 3471 3626 3532 αὐτοὺς
3663 3476 3749 3523 καὶ
3786 3470 3850 3532 εἰς
3901 3473 3947 3520 τὸ

587 3573 724 3630 quas
756 3558 1020 3629 ipsorum
1043 3572 1149 3612 ora
1180 3555 1361 3611 etiam
1392 3554 1672 3625 deinceps
1700 3554 2026 3609 obturaret.
2359 3554 2498 3617 ἑξῆς.

664 3649 821 3703 Vers.
858 3645 941 3701 14.
994 3646 1070 3700 Et
1100 3675 1170 3684 —
1221 3659 1401 3700 meas.
1462 3645 1568 3697 Per
1615 3642 2071 3712 prmscientiam,
2119 3648 2245 3699 tan-

2432 3649 2530 3696 Καὶ
2558 3674 2621 3684 -
2650 3642 2768 3715 ἐμὰ.
2805 3647 2951 3697 Κατὰ
2992 3651 3311 3719 πρόγνωσιν,
3352 3650 3423 3711 ὡς
3482 3654 3632 3711 Θεὸς.
3690 3653 3820 3706 Φησὶ
3854 3650 3941 3719 γὰρ

584 3752 770 3809 quam
804 3736 983 3790 Deus.
1024 3734 1116 3789 Ait
1145 3735 1303 3789 enim
1334 3733 1516 3787 Moses
1551 3753 1563 3784 :
1595 3732 1775 3788 Novit
1811 3734 2105 3797 Dominus,
2140 3749 2217 3804 qu

2354 3740 2588 3793 Μωυσῆς
2622 3752 2633 3763 ·
2669 3733 2839 3804 Ἔγνω
2866 3738 3053 3808 Κύριος
3080 3742 3202 3799 τοὺς
3223 3740 3373 3799 ὄντας
3402 3740 3568 3791 αὐτοῦ
3598 3754 3612 3768 ⁸
3646 3744 3735 3791 καὶ
3764 3740 3788 3790 ὀ
3820 3743 3941 3790 Παῦ-

581 3825 699 3880 sint
731 3827 856 3893 ejus
885 3825 906 3857 θ
942 3838 955 3878 :
984 3828 1040 3878 et
1092 3822 1314 3878 Paulus
1346 3838 1364 3876 :
1394 3822 1530 3878 Non
1559 3823 1778 3891 repulit
1809 3822 2096 3878 Dominus
2139 3838 2222 3891 po

2352 3822 2439 3883 λος
2482 3867 2492 3879 .
2538 3823 2649 3874 Οὐκ
2682 3822 2983 3876 ἀπώσατοό
3041 3829 3168 3887 Θεὸς
3206 3830 3292 3879 τόν
3341 3826 3466 3880 λαόν
3516 3829 3696 3895 αὐτοῦ,
3738 3827 3790 3879 ὃν
3830 3844 3939 3900 προ-

574 3916 790 3986 pulum
812 3930 1003 3981 suum,
1032 3928 1203 3985 quem
1223 3913 1522 3982 praesciuit
1563 3912 1630 3967 1°.
2351 3917 2499 3984 ἐγνω.

649 4005 811 4060 Vers.
868 4006 952 4059 14.
1008 4004 1085 4059 Et
1142 4035 1208 4043 —
1260 4003 1424 4059 meis.
1484 4001 1592 4056 Per
1639 4001 2064 4071 cognitionem,
2117 4007 2238 4058 tan-

2427 4008 2525 4055 Καὶ
2555 4034 2623 4044 -
2654 4002 2807 4075 ἐμῶν.
2854 4005 2979 4058 Κατ’
3044 4004 3343 4078 ἐπίγνωσιν,
3404 4011 3477 4071 ὡς
3538 4018 3774 4064 συνετῶν.
3808 4007 3934 4060 Ἐπέ-

578 4111 763 4168 quam
789 4093 866 4150 ab
893 4093 1371 4163 intelligentibus.
1428 4094 1573 4147 Nam
1606 4108 1737 4147 eum
1769 4098 2219 4161 cognoverunt:

2347 4112 2555 4163 γνωσαν
2586 4095 2687 4166 γὰρ
2748 4094 2903 4145 αὐτόν
2936 4092 3035 4147 ἀπό
3085 4115 3138 4147 τε
3200 4105 3295 4157 τῆς
3359 4105 3659 4175 μαρτυρίας
3724 4098 3935 4151 Ἰωάννου

579 4184 917 4242 testimonio
945 4183 1212 4248 Joannis,
1246 4181 1326 4237 ab
1372 4180 1655 4253 operibus
1686 4180 1894 4251 ipsius,
1929 4187 1984 4235 et
2016 4196 2051 4237 a
2081 4180 2220 4237 testi

2350 4187 2436 4234 καὶ
2494 4190 2594 4233 τῶν
2659 4185 2817 4254 ἔργων
2880 4183 3041 4235 αὐτοῦ
3080 4190 3169 4236 καὶ
3210 4194 3304 4247 τῆς
3362 4196 3457 4240 τοῦ
3504 4192 3707 4263 Πατρός
3754 4202 3934 4259 μαρτν-

577 4274 782 4331 monio
796 4273 1004 4335 Patris,
1036 4273 1110 4327 de
1136 4271 1354 4343 quibus
1384 4270 1641 4341 septimo
1669 4268 1857 4339 capite
1885 4269 2218 4340 prtedictun

2350 4276 2485 4343 ρίας,
2547 4276 2664 4345 περὶ
2722 4274 2788 4322 ὧν
2849 4272 2995 4343 ἐντῷ
3054 4271 3259 4347 ἑϐδόμῳ
3312 4278 3575 4350 κεφαλαίῳ
3627 4281 3929 4355 προείρηται⁸

649 4425 856 4482 Ezech.
886 4441 1077 4494 xxxxv,
1110 4428 1163 4480 2.
1241 4424 1262 4459 ⁶
1294 4425 1463 4479 Rom.
1519 4437 1577 4489 v,
1623 4424 1711 4479 10.
1788 4422 1807 4454 ⁷
1842 4422 2011 4477 Rom.
2066 4438 2179 4488 vni,
2214 4427 2220 4475 ζ

579 4498 626 4534 ¹⁰
655 4500 823 4554 Rom.
853 4515 931 4554 χι.
962 4500 1015 4551 2.

2288 4460 2302 4475 .
2382 4423 2597 4479 8.loan.
2632 4440 2747 4488 vm,
2809 4428 2890 4479 13.
2971 4426 2991 4458 ο
3038 4426 3216 4481 Num.
3245 4442 3358 4496 xw,
3401 4432 3431 4483 5
3483 4429 3583 4495 ;Il
3614 4428 3753 4485 Tim.
3779 4443 3830 4489 ιι,
3857 4420 3927 4475 19.

1799 4646 2017 4715 Varia
2044 4646 2375 4715 lectiones
2408 4657 2473 4715 et
2505 4657 2704 4717 notae.

648 4849 761 4922 (t3)
787 4844 983 4903 Redde
1015 4866 1027 4905 :
1062 4845 1153 4922 his
1184 4844 1726 4922 sermonibus‘ergo
1771 4842 1847 4922 ab
1874 4843 2142 4922 utrisque
2179 4857 2238 4900 se
2272 4842 2317 4898 D
2352 4844 2537 4922 multa
2563 4846 3017 4922 Qhrysostomus
3039 4862 3174 4902 cum
3199 4846 3667 4922 Origene,multa
3692 4840 3913 4922 Cyrinus

573 4913 891 4993 separavit.
937 4918 1163 4983 Nescio,
1211 4919 1355 4990 quid
1376 4917 1514 4993 _loco
1547 4913 1796 4993 διέστησε
1829 4913 2238 4993 legerit'inter-
2350 4913 3347 4993 cumOrigeheetChrysostomoJH
3371 4913 3552 4976 etiam
3578 4913 3911 4975 manifestum

573 4988 732 5068 pres.
775 4995 941 5068 Forte
988 4988 1308 5066 παρέστησε.
1368 4989 1477 5045 Sed
1523 5004 1632 5044 nec
1706 4988 1821 5045 hoc
1872 4988 2236 5045 constructio
2349 4988 2410 5043 ﬁt
2440 5005 2511 5068 ex
2551 4990 2860 5068 codicibus
2881 4991 3464 5068 N.Testamenti,_qui
3492 4998 3909 5068 catenas_,_cou;:

574 5058 851 5124 admittit.
1064 5058 1073 5066 ’
2350 5062 2697 5125 mentarios,
2720 5069 2773 5118 et
2812 5062 3043 5118 scholia
3073 5063 3312 5118 habent.
3338 5058 3401 5117 lii
3427 5060 3768 5132 bujusmodi
3792 5058 3912 5132 locis

677 5138 758 5209 14)
784 5136 1018 5209 simio},
1051 5133 1217 5189 addit
1240 5134 1306 5187 A.
1479 5202 1598 5209 _____
1934 5206 1960 5209 _
2348 5133 2628 5209 _s_tandum
2655 5125 3544 5209 esteriticoprudentietsedulo
3567 5125 3907 5209 codicibusN-

677 5141 758 5209 14)
784 5141 1018 5202 Αἰὼνιον,
1051 5141 1217 5189 addit
1240 5141 1306 5187 A.
2348 5141 2628 5187 standum
2655 5141 3544 5205 estcriticoprudentietsedulo
3567 5141 3907 5209 codicibusn.

644 5141 757 5279 ἒιὸ)
822 5211 895 5261 Ex
916 5205 1271 5279 _Chrysosl._
1316 5210 1452 5279 tom.
1479 5202 1640 5279 Ylll,_
1676 5220 1734 5274 p.
1766 5204 1888 5279 352,
1924 5206 1983 5268 C,
2008 5218 2129 5279 non
2166 5219 2236 5257 ex
2348 5204 2730 5279 Testamenti.
2758 5205 2869 5279 Qui
2902 5207 3059 5260 enim
3089 5206 3285 5279 Patres
3336 5214 3577 5279 propter
3632 5205 3911 5279 Opinloqef

572 5271 749 5335 codd:
781 5281 847 5334 N.
909 5271 1231 5332 Testfhmc
1263 5275 1549 5347 laudavit.
1582 5271 1687 5330 Hic'
1709 5276 1866 5329 enim
1901 5290 2030 5329 mos
2063 5276 2237 5329 inter-
2348 5276 2877 5343 suasdogmaticas
2898 5283 3103 5332 contra
3127 5271 3361 5332 codices
3393 5271 3599 5334 NITest
3631 5271 3913 5347 probant.“

574 5358 809 5423 pretum
825 5350 1189 5423 Grmcorum,
1214 5354 1275 5402 ut
1302 5363 1421 5423 no_n_
1446 5346 1637 5423 solum
1662 5347 2032 5416 superiorum
2057 5347 2239 5401 inter—
2346 5347 2474 5402 sine
2504 5340 2821 5423 ullodubio
2853 5348 3103 5423 et_ﬁde_m
3121 5349 3376 5405 criticam
3405 5340 3649 5423 etﬁdem
3667 5340 3911 5423 _Chris‘tia:

572 5409 806 5495 prelum
821 5409 1266 5495 explicationes,
1292 5418 1395 5473 sed
1411 5419 1540 5473 loca
1566 5409 1911 5495 Litterarum
1931 5434 2234 5495 sacrarum
2346 5435 2479 5473 nam
2498 5418 3205 5495 prodiderunt.Pertidum
3222 5437 3357 5495 vero
3381 5422 3615 5495 etiamet
3631 5409 3910 5495 absprdllfll

572 5484 753 5551 etiam
781 5484 913 5559 ita,'
936 5500 997 5546 ut
1042 5492 1398 5565 superiores.
1457 5496 1747 5565 repetant.
1779 5491 1929 5565 Ergo
1958 5490 2146 5565 multa
2166 5490 2237 5543 si-
2346 5484 3644 5565 est,u'niejusmoditestimoniopluriumvim
3663 5484 3909 5545 tribuere-

573 5567 739 5624 milia
763 5566 940 5622 habet
980 5561 1262 5633 Origenes
1304 5578 1440 5618 cum
1474 5562 1767 5617 Clemente
1815 5561 2234 5630 Alexandrino,

638 5728 720 5802 (u)
749 5725 1081 5784 Contritam
1114 5723 1469 5796 alligabunt.
1518 5724 1738 5781 Laesam
1771 5721 2084 5782 curabant.
2138 5724 2279 5779 Nam

638 5799 831 5859 embra
858 5811 1083 5859 pressa.

2259 5737 2288 5778 τι
2348 5722 2635 5804 συντρίϐειν
2689 5728 2776 5781 est
2792 5738 3062 5797 premere
3109 5720 3367 5800 ;δεσμεῖν
3421 5739 3562 5782 vero
3599 5721 3685 5779 est
3737 5713 3900 5786 ιίθανθ

566 5812 831 5884 memora
854 5812 1083 5877 pressa.
