4156 6426
285 371 429 434 1329

1323 371 1693 430 COMMENT.
1735 371 1806 428 ΙΝ
1839 370 2188 429 JOANNEM.
2231 401 2301 415 —
2339 371 2496 428 CAP.
2538 370 2608 426 X.

3522 371 3544 427 1
3555 369 3663 429 330

290 501 540 556 Δεικνύων
591 497 651 554 δὲ
709 503 803 558 τὴν
856 499 1040 553 ἑαυτοῦ
1094 506 1288 572 γνῶσιν
1337 495 1722 573 διαφορωτέραν
1773 497 1876 550 πολι

2009 501 2109 554 est.
2144 497 2473 555 Ostendens
2520 501 2714 554 autem
2771 497 3176 568 cognitionem
3218 511 3392 553 suam
3429 495 3509 554 ab
3535 497 3662 554 illo-

288 591 360 662 λῷ
401 597 490 651 τῆς
529 593 752 660 ἐκείνων,
787 592 975 642 ἴσωσεν
1020 588 1182 648 αὐτὴν
1227 596 1288 662 τῇ
1327 594 1419 641 τοῦ
1459 591 1661 662 Πατρός
1710 587 1893 660 λέγων’

365 771 550 831 Καθὼς
598 799 669 810 —-
719 771 945 842 Πατέρα.
997 775 1194 822 Γνῶσιν
1239 768 1376 839 λέγει
1405 771 1498 826 τὴν
1545 769 1677 819 κατά
1713 768 1887 840 φύσιν,

286 863 402 933 περὶ
451 858 512 920 ἧς
557 862 647 910 καὶ
702 857 750 910 ἐν
828 866 901 928 τῷ
972 857 1191 928 εἰκοστῷ
1257 857 1515 930 κεφαλαίῳ
1586 864 1677 909 τοῦ
1756 858 1892 908 κατὰ

287 949 555 1002 Ματθαῑον
605 944 759 1000 εἶπεν·
843 943 1019 1009 ούὸεὶς
1087 945 1419 1018 ἐπιγινώσκει
1490 949 1576 998 τόν
1653 949 1770 999 Υἱόν
1847 945 1891 998 εἰ

284 1043 357 1110 μὴ
389 1039 414 1090 ό
446 1042 648 1110 Πατὴρ·
683 1035 807 1091 οὐδὲ
845 1041 932 1090 τὸν
975 1041 1180 1110 Πατέρα
1223 1057 1296 1098 τις
1323 1036 1657 1108 ἐπιγινώσκει
1682 1035 1724 1088 εἰ
1754 1040 1824 1108 μὴ
1862 1034 1887 1086 ὀ

282 1130 421 1188 Υἱός.

361 1222 560 1270 Καὶ-
604 1217 895 1292 προϐάτων,
928 1222 1033 1276 Τὴν
1062 1217 1247 1289 ψυχήν
1283 1237 1382 1288 μου
1428 1217 1633 1289 τίθημι,
1671 1215 1882 1288 ἀφίημι,

285 1305 602 1366 ἀποθνήσκω
641 1308 767 1382 ὑπὲρ
807 1315 907 1359 τῶν
946 1306 1218 1382 προϐάτων
1269 1308 1337 1368 ὡς
1384 1305 1540 1358 ὄντων
1587 1303 1734 1358 ἰὸίων
1763 1321 1882 1378 μου·

283 1398 311 1448 ό
352 1393 413 1449 δὲ
448 1395 635 1457 πλάνος
664 1396 758 1448 οὐκ
787 1398 848 1448 οἶν
878 1395 1040 1449 ἕλοιτο
1089 1394 1362 1448 ἀποθανεῖν
1394 1396 1520 1468 ὑπὲρ
1563 1404 1660 1447 τῶν
1691 1393 1884 1447 πλανω-

283 1489 446 1558 μένων
475 1485 600 1558 παρ’
629 1485 809 1541 αὐτοῦ.

361 1578 463 1627 Καὶ
495 1605 561 1614 -
589 1577 801 1635 ταύτης.
843 1582 947 1636 Τῆς
983 1580 1075 1626 τοῦ
1107 1581 1392 1627 Μωσαῑκοῡ
1423 1578 1602 1645 νόμου.
1638 1577 1792 1644 Λέγει
1829 1570 1888 1625 δὲ

285 1669 404 1738 περὶ
427 1672 525 1716 τῶν
552 1663 604 1726 ἐξ
633 1662 805 1719 ἐθνῶν.

361 1749 583 1805 Κάκεῖνά
630 1771 693 1824 με
742 1749 823 1805 δεῖ
870 1749 1101 1824 ἀγαγεῖν.
1155 1758 1464 1824 Συναγαγιίν
1496 1753 1595 1803 ὑπὸ
1636 1755 1728 1810 τὴν
1760 1750 1885 1823 ἐμὴν

285 1845 651 1914 ποιμαντικήν.

361 1936 458 1984 Καὶ
565 1962 631 1972 —
732 1929 1070 1984 ἀκούσουσιν.
1173 1931 1581 1998 ’Υπακούσουσι,
1667 1933 1887 1991 πεισθὴ-

286 2039 486 2073 σονται.

360 2114 458 2162 Καὶ
491 2141 552 2150 -
582 2114 796 2183 ποίμνη.
840 2109 935 2162 ’Ἐκ
965 2129 1018 2162 τε
1045 2118 1143 2162 τῶν
1175 2105 1446 2163 Ἰουδαίων
1477 2114 1691 2164 καὶτῶν
1733 2109 1885 2164 ἐθνῶν

285 2201 627 2271 συναφθεῖσα.

357 2284 438 2349 Εἷς
475 2295 690 2362 ποιμήν.
722 2291 926 2342 Τούτων
953 2309 1005 2342 τε
1035 2289 1281 2342 κάκείνων
1313 2290 1337 2341 ό
1372 2293 1626 2363 Χριστός.

356 2470 448 2521 Διά
470 2476 622 2522 τοῦτο
665 2499 725 2508 -
757 2489 878 2540 μου.
906 2468 1038 2522 Ὀτις
1059 2467 1375 2528 ἀποθνήσκω
1402 2471 1530 2543 ὑπὲρ
1561 2477 1660 2521 τῶν
1691 2468 1885 2544 προϐά-

279 2576 380 2608 των
409 2565 506 2609 τῶν
537 2557 692 2630 ἐμῶν,
722 2562 886 2611 ε’ῖτουν
922 2567 1016 2610 τῶν
1047 2560 1227 2610 αὐτού·
1272 2560 1352 2610 ὅτι
1392 2559 1498 2630 εἰμὶ
1529 2558 1885 2632 φιλάνθρωπος

279 2650 346 2706 ως
374 2646 550 2708 αὐτὸς.
585 2647 927 2720 Οἰκονομικὸς
950 2651 1040 2720 μὲν
1063 2644 1151 2700 οὖν
1175 2650 1200 2701 6
1221 2647 1390 2720 λόγος*
1417 2646 1648 2720 ἐμφαίνει
1666 2644 1724 2700 δὲ
1746 2651 1885 2721 ὅμως

278 2740 338 2788 τό
373 2733 483 2788 ἶσον
507 2735 695 2808 ἀμφοῖν
707 2777 718 2789 .

349 2917 413 2965 Τί
468 2907 593 2977 οὗν;
635 2913 879 2984 πρότερον
937 2909 1031 2961 οὐκ
1089 2910 1374 2979 ὴγαπάτο;
1432 2912 1571 2963 Πάνυ
1629 2915 1719 2982 μὲν
1772 2909 1880 2980 οὖν,

274 3000 385 3054 ἐπεὶ
423 3006 513 3053 καὶ
555 3000 694 3066 Υἱός,
755 3003 840 3050 καὶ
887 2997 1176 3070 ἀγαπητός,
1226 3003 1316 3050 καὶ
1370 3009 1529 3052 ποιῶν
1573 3004 1630 3052 τό
1687 3001 1884 3073 θέλημα

274 3100 368 3144 τοῦ
424 3095 642 3165 Πατρός.
697 3093 819 3163 Περὶ
872 3088 1030 3140 αὐτοῦ
1081 3091 1179 3163 γὰρ
1231 3085 1365 3141 εἶπεν
1417 3090 1442 3141 ό
1477 3095 1673 3163 Πατήρ·
1719 3091 1883 3153 Οὗτός

2002 603 2136 643 rum
2177 587 2514 656 cognitione
2537 587 2714 660 longe
2743 586 3138 655 differenten),
3181 603 3354 643 suam
3394 588 3662 660 aequavit

2001 676 2326 746 cognitioni
2354 677 2540 732 Patris
2577 677 2785 732 dicens
2811 695 2823 730 :

2075 766 2236 822 Vers.
2290 768 2377 822 15.
2423 767 2596 825 Sicut
2637 798 2704 807 —
2752 766 3012 823 Patrem.
3058 766 3471 836 Cognitionem
3517 766 3662 823 dicit

1999 870 2154 920 eam,
2183 873 2313 928 quae
2339 857 2674 912 secundum
2704 861 3099 918 naturamest,
3132 857 3200 910 de
3227 872 3351 928 qua
3369 856 3549 912 etiam
3577 857 3660 912 vi-

1999 945 2222 1000 cesimo
2247 946 2416 1018 juxta
2437 947 2773 1002 Matthaaum
2797 947 2986 1016 capite
3005 946 3152 1002 dixit
3182 963 3194 1001 :
3226 947 3414 1002 Nemo
3444 961 3659 1016 cogno-

1995 1035 2102 1090 scit
2142 1036 2364 1092 Filium
2383 1037 2497 1091 nisi
2526 1038 2728 1102 Pater,
2752 1051 2934 1108 neque
2963 1038 3206 1093 Patrem
3234 1037 3549 1108 quisquam
3569 1052 3658 1093 co-

1994 1125 2244 1195 gnoscit,
2273 1125 2390 1181 nisi
2417 1125 2605 1181 Filius
2627 1127 2694 1180 “.

2067 1215 2236 1270 Vers.
2268 1220 2349 1270 15.
2381 1217 2462 1270 Et
2496 1245 2556 1255 —
2585 1214 2808 1271 ovibus.
2847 1244 2912 1254 —
2944 1213 3223 1272 Animam
3254 1229 3442 1271 meam
3472 1231 3651 1284 pono,

1995 1301 2290 1376 relinquo,
2323 1304 2541 1359 morior
2571 1319 2679 1375 pro
2704 1303 2941 1368 ovibus,
2978 1308 3177 1375 utpote
3205 1320 3312 1375 pro
3347 1304 3493 1360 meis
3525 1321 3537 1358 :
3567 1320 3656 1360 se-

1996 1391 2209 1450 ductor
2237 1410 2376 1449 vero
2406 1409 2793 1466 nequaquam
2822 1393 2968 1448 mori
3011 1393 3172 1464 eligit
3211 1410 3318 1466 pro
3358 1393 3472 1460 bis,
3491 1394 3595 1467 qui
3623 1410 3654 1450 ε.

1996 1497 2058 1536 se
2084 1481 2475 1538 seducuntur.

2070 1571 2228 1626 Vers.
2278 1571 2359 1627 16.
2388 1573 2467 1628 Et
2512 1603 2577 1612 -
2611 1573 2740 1629 hoc.
2774 1571 2924 1628 Ovili
2955 1572 3223 1628 Mosaicae
3260 1572 3447 1645 legis:
3513 1571 3657 1629 dicit

1996 1669 2194 1718 autem
2216 1663 2291 1718 de
2323 1661 2619 1732 gentibus.

2068 1751 2235 1807 Vers.
2293 1756 2376 1806 16.
2438 1751 2583 1808 Illas
2624 1765 2857 1824 quoque
2910 1759 3140 1822 oportet
3198 1767 3289 1808 me
3339 1751 3654 1812 adducere.

1924 1851 1966 1907 Β
1998 1839 2374 1912 Congregare
2404 1839 2518 1896 sub
2551 1856 2748 1896 meam
2770 1841 3054 1912 pascendi
3082 1842 3438 1898 doctrinam.

2067 1930 2232 1986 Vers.
2275 1931 2355 1985 t6.
2399 1930 2474 1985 Et
2499 1961 2568 1971 —
2595 1930 2864 1988 audient.
2906 1929 3214 1997 Obedient,
3248 1931 3574 2003 parebunt.

2068 2111 2228 2165 Vers.
2286 2109 2371 2164 16.
2421 2109 2501 2165 Et
2552 2141 2621 2149 —
2656 2123 2829 2180 grex.
2874 2112 2955 2166 Ex
2991 2109 3220 2166 Judasis
3268 2115 3325 2166 et
3374 2109 3655 2180 gentibus

1996 2204 2395 2270 congregatus
2408 2241 2420 2254 .

2067 2291 2228 2346 Vers.
2272 2290 2354 2345 16.
2395 2289 2558 2346 Unus
2593 2294 2824 2360 pastor.
2870 2289 3091 2345 Horum
3132 2295 3188 2346 et
3211 2288 3450 2346 illorum
3490 2289 3657 2347 Chri-

1996 2385 2144 2436 stus.

2070 2470 2232 2525 Vers.
2273 2474 2354 2524 17.
2404 2471 2722 2537 Propterea
2749 2501 2816 2508 —
2844 2483 3055 2526 meam.
3097 2470 3246 2535 Quia
3286 2469 3513 2525 morior
3542 2484 3654 2541 pro

1995 2559 2210 2614 ovibus
2225 2559 2392 2624 meis,
2417 2575 2554 2630 quae
2574 2560 2752 2615 etiam
2780 2559 2971 2630 ipsius
2994 2559 3309 2631 sunt,quia
3340 2559 3654 2615 hominum

1993 2654 2228 2704 amator
2267 2665 2424 2712 sum,
2468 2647 2621 2703 sicut
2656 2653 2713 2704 et
2743 2648 2892 2719 ipse.
2927 2647 3415 2718 Dispensatorius
3453 2647 3655 2720 itaque

1994 2753 2192 2793 sermo
2231 2741 2338 2802 est,
2380 2736 2486 2809 qui
2517 2736 2904 2792 nihilominus
2931 2735 3253 2793 amborum
3283 2736 3655 2794 demonstrat

1993 2825 2394 2897 aequalitatem
2409 2870 2421 2881 .

2064 2914 2210 2980 Quid
2227 2929 2368 2984 ergo
2382 2913 2409 2968 ?
2427 2913 2592 2985 prius
2608 2928 2728 2969 non
2742 2912 3102 2986 diligebatur
3116 2915 3144 2970 7
3161 2914 3366 2985 Utique
3379 2913 3652 2980 omnino,

1949 3001 1956 3005 ’
1991 3003 2135 3075 quia
2149 3003 2326 3058 Filius
2339 3002 2676 3069 etdilcctus,
2695 3001 3038 3074 faciensque
3054 3002 3240 3059 Patris
3257 3001 3648 3059 voluntatem.

1993 3095 2138 3148 Nam
2172 3093 2246 3147 de
2266 3108 2336 3148 eo
2350 3092 2673 3147 dixitPater
2697 3107 2708 3145 :
2737 3092 2850 3146 Hic
2876 3099 2958 3148 est
2984 3093 3177 3148 Filius
3203 3108 3366 3148 meus
3382 3093 3646 3160 dilectus,

273 3180 416 3232 ἐστιν
469 3181 494 3231 6
558 3182 670 3240 Υἱός
727 3198 826 3250 μου
886 3180 911 3229 6
987 3176 1274 3249 ἀγαπητὸς,
1361 3177 1408 3230 ἐν
1590 3177 1876 3238 εὐδόκησα.

2009 3183 2049 3237 in
2067 3199 2182 3254 quo
2197 3183 2346 3239 mihi
2358 3184 2780 3251 complacitum
2799 3189 2883 3239 est
2897 3183 2943 3218 ¹²
2959 3198 2975 3246 ;
2994 3183 3097 3238 sed
3111 3183 3224 3238 hoc
3237 3190 3375 3255 tanq
3387 3198 3526 3238 uam
3545 3198 3648 3239 no-

273 3269 431 3321 ’Λλλά
497 3277 648 3321 τοῦτο
701 3272 789 3340 μὲν
844 3269 914 3328 ὡς
989 3273 1246 3340 γνώριμον
1315 3276 1533 3340 παρῆκε·
1617 3266 1882 3342 διαφόρως

269 3362 374 3433 γὰρ
437 3364 553 3432 περὶ
605 3361 792 3410 τούτου
847 3353 1085 3419 ἐδίδαξεν
1141 3355 1188 3408 ἐν
1244 3356 1416 3418 σίλλοις
1469 3377 1522 3410 τε
1569 3364 1657 3410 καὶ
1706 3357 1754 3410 ἐν
1804 3359 1881 3421 οἷς

271 3449 458 3519 ἔλεγεν,
501 3450 581 3500 ὃτι
625 3447 683 3500 Ὀ
733 3451 912 3518 Πατὴρ
968 3446 1098 3518 φιλεί
1153 3450 1239 3498 τόν
1290 3449 1406 3498 Υίόν
1493 3453 1611 3520 περὶ
1670 3445 1728 3500 δὲ
1785 3457 1879 3511 τῆς

271 3536 368 3592 διὰ
424 3541 509 3590 τόν
564 3538 689 3612 ὑπὲρ
748 3545 845 3588 τῶν
896 3534 1177 3610 ἀνθρώπων
1230 3537 1448 3588 θάνατον
1497 3535 1703 3608 ἀγάπης
1749 3542 1879 3609 φησί

267 3636 358 3680 νύν
369 3668 380 3679 .

340 3716 451 3772 Ἱνα
509 3716 661 3770 πάλιν
726 3713 866 3767 λάϐω
929 3714 1111 3773 αύτήν.
1180 3713 1460 3768 Κάνταῦθα
1516 3719 1573 3767 τό
1637 3717 1719 3768 ἵνα
1783 3717 1877 3769 οὐκ

267 3811 408 3861 ἔστιν
448 3807 816 3877 αἰτιολογικὸν,
863 3803 990 3856 ἀλλά
1038 3801 1324 3863 δηλωτικόν
1380 3813 1470 3857 τού
1511 3807 1715 3867 πάντως
1756 3808 1874 3859 ἐσο-

265 3902 441 3970 μένου.
497 3896 572 3949 Ou’
629 3900 730 3968 γὰρ
782 3891 874 3946 διὰ
927 3903 1080 3947 τοῦτο
1134 3896 1344 3952 τίθησιν
1403 3897 1488 3946 ἱνα
1537 3895 1690 3947 πάλιν
1738 3895 1870 3969 λάϐῃ

265 3987 452 4045 αὐτήν·
487 3985 614 4037 ἀλλὰ
643 3986 825 4041 τίθησι
864 3987 954 4055 μὲν
983 3985 1108 4056 ὑπὲρ
1140 3992 1228 4036 τοῦ
1256 3989 1479 4054 κόσμου,
1519 3983 1768 4056 λαμϐάνει
1815 3984 1873 4039 ris

263 4075 429 4134 αὐτὴν
460 4076 585 4149 ὑπὲρ
615 4082 704 4126 τοῦ
736 4081 955 4144 φανῆναι
985 4074 1062 4124 ὅτι
1086 4075 1215 4134 Θεὸς
1244 4070 1402 4126 ἐστιν.

338 4161 532 4226 Οὐδεὶς
567 4195 617 4204 -—
659 4162 805 4234 ἐμοῡ.
847 4159 1116 4224 ”Ακοντος,
1148 4163 1309 4232 ἡγουν
1349 4159 1524 4224 οὐδεὶς
1568 4182 1630 4234 με
1661 4164 1874 4214 θανατοί

260 4258 336 4326 μὴ
369 4251 696 4326 βουλόμενον.

338 4342 470 4394 Ἀλλ’
500 4374 560 4382 ——
603 4339 753 4414 ἐμοῦ,
791 4340 1094 4403 Ἑκουσίως,
1134 4342 1203 4402 ὡς
1235 4340 1609 4416 φιλάνθρωπος.
1657 4337 1866 4394 Ἐνδια-

259 4429 426 4504 τρίϐει
475 4427 534 4483 δὲ
576 4439 647 4500 τῷ
695 4430 851 4501 λόγῳ,
901 4426 1072 4488 δηλῶν
1105 4434 1191 4482 τόν
1242 4427 1335 4482 διὰ
1377 4438 1607 4504 σταυροῦ
1649 4432 1866 4483 θάνατον

259 4521 420 4572 αὑτοῦ
451 4526 537 4572 καὶ
568 4525 658 4578 τὴν
691 4519 745 4571 ἐκ
774 4529 960 4594 νεκρῶν
991 4518 1299 4574 ἀνάστασιν.

336 4695 604 4759 Ἐξουσίαν
653 4727 717 4736 -
751 4695 930 4754 αύτὴν.
981 4695 1248 4758 Ἐξουσίαν
1279 4698 1388 4767 ἔχω
1419 4698 1482 4755 ὡς
1513 4698 1639 4756 Θεὸς
1683 4716 1862 4750 παντε-

259 4785 467 4849 ξούσιος
495 4790 584 4836 καὶ
616 4781 1027 4854 παντοὸύναμος.
1063 4789 1258 4837 Λοιπὸν
1291 4785 1378 4836 οὖν
1403 4786 1620 4856 μάταιος
1651 4787 1676 4836 ό
1708 4792 1864 4849 πόνος

257 4882 369 4936 τοῖς
403 4873 846 4938 ἐπιϐουλεύουσιν,
899 4873 1022 4946 ἐμοῦ
1053 4879 1122 4946 μὴ
1162 4873 1406 4934 θέλοντος.
1454 4874 1497 4926 εἰ
1527 4880 1614 4926 καὶ
1646 4876 1862 4948 ὕστερον

257 4968 307 5016 οἵ
339 4963 578 5016 ἀσύνετοί
604 4960 940 5025 ὀνειδίζοντες
969 4963 1156 5034 ὓεγον·
1193 4962 1410 5025 Ἀλλους
1438 4966 1648 5033 ἔσωσεν,
1681 4964 1860 5018 ἑαυτὸν

258 5053 316 5106 ού
351 5051 570 5104 δύναται
599 5061 790 5105 σῶσαι.

325 5235 531 5290 Ταύτην
563 5261 628 5272 -
654 5250 775 5304 μου.
817 5233 886 5284 Τὸ
919 5233 1080 5283 θεῖναι
1110 5235 1204 5289 τὴν
1234 5231 1419 5302 ψυχήν
1453 5251 1554 5304 μου
1603 5233 1728 5307 ὑπὲρ
1761 5242 1860 5285 τῶν

252 5321 546 5397 προϐάτων,
582 5323 637 5373 τό
670 5319 941 5373 ἀποθανεῖν
973 5322 1098 5393 ὑπὲρ
1148 5329 1240 5372 τοῦ
1286 5325 1510 5392 κόσμου.
1569 5324 1664 5373 Διά
1707 5330 1860 5374 τοῦτο

249 5416 350 5485 γὰρ
395 5411 587 5464 ἀνεῖλον
644 5409 818 5474 αὐτόν,
873 5406 1014 5462 διότι
1061 5407 1316 5463 ἐδίδασκε
1364 5415 1484 5472 τοὺς
1536 5409 1857 5486 ἀνθρώπους,

248 5505 340 5554 καὶ
387 5499 564 5572 ἐξῆγεν
595 5499 778 5561 αύτούς
823 5498 922 5552 ἀπὸ
956 5504 1170 5560 σκότους
1206 5500 1278 5562 εἰς
1318 5507 1436 5571 φῶς,
1468 5499 1569 5553 ἀπὸ
1601 5499 1861 5576 ἁμαρτίας

249 5591 327 5654 εἰς
350 5588 558 5664 ἀρετὴν,
589 5588 690 5641 ἀπὸ
733 5591 953 5642 θανάτου
976 5589 1043 5650 εἰς
1070 5589 1229 5650 ζωήν.

325 5719 367 5754 ¹¹
398 5715 604 5775 Matth.
644 5732 723 5782 xx,
763 5716 850 5771 27.
967 5715 1008 5751 ¹²
1036 5715 1234 5774 Matth.
1266 5732 1348 5782 ιιι,
1379 5717 1465 5773 11.

1897 4565 1944 4620 D

1581 5718 1819 5776 13toan.
1855 5718 1920 5786 V,
1949 5720 2040 5777 20.

1991 3277 2116 3326 tum
2146 3273 2544 3343 praetermisit,
2574 3288 2716 3327 nam
2738 3272 2918 3327 variis
2941 3272 2996 3326 in
3023 3271 3168 3327 locis
3194 3272 3268 3327 de
3292 3272 3403 3327 hoc
3425 3272 3646 3337 docuit,

1993 3367 2114 3416 tum
2130 3361 2274 3416 alibi
2293 3367 2410 3416 tum
2427 3362 2607 3416 etiam
2625 3359 2719 3416 ubi
2735 3360 2883 3417 dixit
2899 3377 2910 3416 :
2927 3361 3110 3418 Pater
3125 3361 3316 3431 diligit
3336 3362 3562 3418 Filium
3575 3363 3644 3414 1⁸.

1986 3452 2155 3505 Nunc
2187 3466 2319 3505 vero
2359 3450 2428 3506 de
2467 3466 2539 3505 ea
2590 3449 2921 3506 dilectionis
2963 3465 3142 3506 causa
3171 3450 3456 3522 loquitur,
3483 3451 3648 3523 quod

1987 3556 2096 3613 pro
2126 3539 2474 3596 hominibus
2520 3539 2825 3596 moriatur.

2058 3719 2224 3776 Vers.
2255 3721 2340 3774 17.
2399 3720 2470 3777 Ut
2525 3719 2740 3775 iterum
2789 3734 3008 3775 sumam
3053 3733 3199 3775 eam.
3250 3719 3317 3773 In
3356 3718 3469 3774 hoc
3493 3734 3641 3791 quo-

1983 3823 2101 3880 que
2125 3807 2254 3864 loco
2283 3810 2351 3866 Ut
2407 3824 2528 3864 non
2554 3814 2638 3864 est
2676 3807 2960 3876 causalis,
2988 3807 3092 3864 sed
3122 3807 3484 3864 declarativa
3513 3808 3643 3879 ejus

1982 3897 2140 3968 quod
2167 3898 2416 3952 omnino
2440 3898 2704 3952 futurum
2728 3903 2833 3952 est.
2856 3900 3054 3970 Neque
3080 3897 3242 3953 enim
3264 3902 3507 3969 propter
3525 3896 3643 3953 hoc

1983 3989 2164 4058 ponit,
2185 3993 2242 4042 ut
2265 3988 2479 4042 iterum
2511 3991 2713 4042 sumat
2732 3987 2915 4050 illam,
2945 3987 3047 4042 sed
3068 3987 3233 4057 ponit
3253 3986 3498 4058 quidem
3530 4001 3640 4058 pro

1981 4075 2211 4130 mundo
2255 4092 2267 4140 ;
2297 4077 2477 4130 sumit
2499 4081 2720 4142 autem,
2757 4081 2819 4130 ut
2849 4091 2910 4130 se
2943 4075 3128 4130 Deum
3163 4075 3526 4134 manifestat.

2051 4166 2211 4219 Vers.
2270 4164 2350 4218 18.
2409 4165 2591 4220 Nemo
2645 4194 2713 4206 --
2765 4179 2874 4220 me.
2932 4165 3134 4233 Invito,
3170 4164 3285 4220 hoc
3314 4170 3423 4229 est,
3456 4179 3637 4220 nemo

1980 4270 2074 4309 me
2111 4253 2282 4308 morti
2318 4253 2490 4309 tradit
2528 4253 2849 4309 nolentem.

2050 4344 2216 4401 Vers.
2248 4347 2326 4399 18.
2356 4343 2466 4400 Sed
2488 4375 2552 4384 —
2578 4344 2819 4414 meipso.
2847 4343 3178 4407 Ultroneus,
3208 4348 3500 4415 tanquam
3530 4343 3637 4399 bo-

1978 4431 2208 4487 minum
2235 4437 2485 4488 amator.
2518 4432 2782 4488 Sermoni
2810 4439 3011 4488 autem
3044 4431 3420 4498 immoratur,
3455 4432 3634 4503 signi-

1975 4520 2164 4576 ﬁcans
2183 4531 2435 4576 mortem
2456 4538 2651 4590 suam,
2670 4537 2805 4594 quas
2837 4537 2941 4591 per
2963 4537 3200 4577 crucem
3222 4521 3421 4578 futura
3445 4527 3552 4591 est,
3580 4526 3637 4578 et

1975 4610 2465 4666 resurrectionem
2509 4628 2582 4667 ex
2609 4612 2884 4667 mortuis.

2043 4698 2205 4755 Vers.
2241 4699 2327 4756 18.
2384 4703 2826 4757 Potestatem—
2880 4717 3079 4758 meam.
3133 4701 3490 4757 Potestatem
3529 4699 3632 4757 ha-

1970 4787 2085 4844 beo
2113 4794 2398 4860 tanquam
2422 4791 2576 4846 Deus
2594 4789 2996 4862 omnipotens,
3017 4806 3382 4862 omnemque
3402 4790 3634 4846 habens

1978 4879 2269 4933 virtutem.
2295 4878 2462 4934 Vane
2483 4880 2663 4949 igitur
2693 4896 2762 4936 ac
2793 4881 3008 4935 frustra
3028 4879 3305 4936 laborant
3329 4878 3634 4935 insidiato—

1971 4981 2082 5032 res,
2115 4982 2206 5021 me
2238 4966 2473 5024 nolente
2495 4984 2507 5022 :
2532 4984 2888 5041 quanquam
2914 4968 3300 5040 postmodum
3323 4968 3632 5023 dementes

1971 5055 2382 5126 exprobrando
2417 5056 2694 5113 dicebant
2735 5075 2747 5112 :
2781 5059 2937 5114 Alios
2982 5057 3170 5114 salvos
3194 5058 3358 5128 fecit,
3383 5057 3632 5128 seipsum

1971 5161 2091 5200 non
2120 5151 2306 5214 potest
2330 5148 2566 5203 salvum
2597 5148 2798 5213 facere
2820 5149 2888 5202 ¹⁶.

2043 5236 2210 5290 Vers.
2249 5237 2337 5292 18.
2379 5237 2506 5292 Hoc
2535 5267 2604 5277 —
2651 5252 2798 5293 meo.
2829 5237 2898 5293 Ut
2927 5250 3154 5308 ponam
3195 5236 3459 5292 animam
3516 5250 3628 5308 pro

1971 5322 2203 5389 ovibus,
2222 5330 2284 5380 ut
2307 5325 2528 5380 moriar
2540 5339 2649 5398 pro
2672 5325 2917 5381 mundo.
2938 5327 3089 5381 Nam
3110 5331 3429 5399 propterea
3459 5324 3629 5382 illum

1970 5413 2336 5479 occiderunt,
2360 5416 2520 5486 quod
2550 5415 2830 5472 homines
2853 5415 3130 5483 docebat,
3163 5423 3220 5472 et
3251 5415 3380 5472 illos
3410 5431 3442 5472 e
3473 5420 3632 5472 tene-

1971 5501 2094 5558 bris
2124 5502 2420 5559 educebat
2447 5504 2523 5559 ad
2551 5504 2769 5574 lucem,
2820 5522 2856 5560 a
2885 5511 3125 5577 peccato
3151 5505 3225 5561 ad
3264 5505 3564 5571 virtutem,
3596 5521 3634 5561 a

1971 5599 2162 5648 morte
2192 5592 2267 5648 ad
2297 5596 2499 5649 vitam.

2155 5720 2203 5767 ν’
2230 5720 2432 5779 Matth.
2474 5737 2646 5789 xxvu,
2679 5725 2766 5778 42.
