4156 6418
547 382 674 441 1331

545 600 745 661 Pater,
789 596 930 669 quia
957 611 1114 666 pono
1152 597 1410 653 animam
1464 613 1653 655 meam
1696 598 1763 665 1⁵,
1807 595 2201 661 voluntatem,

545 704 723 760 quam
750 687 824 742 ad
846 692 1084 740 mortem
1108 686 1370 742 habebat
1410 687 1764 758 significavit
1793 703 1805 752 ;
1838 686 1934 741 hic
1963 702 2100 741 vero
2123 685 2204 740 di-

546 793 687 833 cens
726 794 739 832 :
770 777 896 832 Hoc
921 781 1277 845 praeceptum
1306 779 1753 848 accepiaPatre
1782 792 1927 841 meo,
1948 776 2207 831 ostendit

544 867 728 923 Patris
747 865 1285 921 condemnationen
1310 867 1409 937 (υ),
1432 872 1493 921 ut
1512 868 1630 937 ipse
1654 872 2004 922 moreretm‘.
2030 866 2085 919 Si
2105 882 2207 919 au-

545 962 662 1012 tem
683 959 979 1026 praecepto
999 972 1149 1025 opus
1166 956 1290 1018 fuit,
1309 956 1617 1027 quomodo
1634 956 1872 1012 dicebat
1892 957 2050 1026 :Ego
2063 972 2208 1025 pono

542 1047 713 1102 illam
729 1062 764 1101 a
779 1044 1038 1113 meipso‘?
1055 1046 1492 1113 et,PotestaIem
1514 1045 1695 1101 habeo
1708 1046 1963 1116 ponendi
1979 1061 2103 1100 eam
2121 1047 2166 1080 ¹⁶
2180 1046 2207 1101 ?

546 1141 601 1192 et
633 1141 766 1192 ante
790 1135 923 1202 ista,
942 1136 1065 1203 Ego
1082 1151 1208 1189 sum
1228 1142 1428 1205 pastor
1446 1136 1630 1191 bonus
1648 1138 1695 1171 17
1710 1134 1737 1189 7
1752 1152 1890 1190 nam
1916 1134 2046 1190 talis
2064 1152 2209 1206 prte-

546 1231 717 1297 cepto
746 1240 867 1279 non
896 1223 1138 1294 indiget.
1172 1223 1319 1280 Nihil
1361 1240 1502 1294 ergo
1536 1224 1698 1279 aliud
1729 1224 1987 1280 ostendit
2018 1224 2207 1279 Patris

543 1318 933 1386 praeceptum,
979 1330 1165 1385 quam
1221 1314 1410 1369 solam
1460 1314 1938 1369 conformitatem
1992 1314 2076 1384 (π’)
2131 1313 2207 1369 ad

544 1403 772 1459 Patrem
808 1401 1200 1472 :hujusmodi
1257 1401 1555 1473 siquidem
1589 1402 2028 1473 dispensatoria
2070 1405 2208 1457 sunt

545 1498 789 1566 propter
814 1492 1159 1548 auditorum
1214 1492 1694 1560 imbecillitatem,
1728 1491 1905 1547 veluti
1936 1490 2209 1564 frequen~

548 1586 636 1639 ter
674 1583 957 1639 diximus.

619 1672 783 1726 Vers.
824 1676 903 1727 19.
931 1671 1222 1727 Dissensio
1251 1702 1321 1713 —
1353 1674 1516 1727 Vers.
1560 1671 1645 1728 20.
1680 1670 1900 1727 auditis
1929 1670 1957 1724 7
1982 1672 2209 1726 Daemo-

547 1762 789 1817 niacum
824 1776 893 1816 ac
923 1760 1204 1816 insanum
1241 1776 1376 1816 eum
1417 1760 1712 1821 dicebant.
1765 1760 1940 1832 quasi
1977 1761 2209 1831 majora

544 1850 787 1907 homine
841 1850 1203 1922 loquentem,
1253 1867 1387 1906 cum
1431 1850 1569 1906 hinc
1610 1851 1806 1923 potius
1850 1865 2207 1920 cognoscere
2245 1869 2289 1925 Β
2318 1869 2486 1923 μενον,

544 1942 928 2014 oportuisset,
964 1940 1129 2013 quod
1158 1944 1311 1996 Deus
1340 1946 1513 1998 esset.

620 2032 779 2087 Vers.
814 2032 901 2086 21.
948 2031 1075 2086 Alii
1097 2062 1159 2071 —-
1206 2032 1442 2101 aperire
1474 2031 1500 2085 ‘2
1532 2032 1663 2086 Haec
1721 2029 2056 2098 arguebant
2088 2046 2209 2085 non

550 2136 681 2177 esse
707 2120 1083 2185 daemoniaci,
1118 2136 1150 2176 a
1176 2121 1605 2191 supernaturali
1632 2119 2049 2175 miraculorum
2072 2136 2210 2192 ope-

550 2211 801 2267 ratione.
824 2211 1087 2266 Christus
1104 2227 1240 2267 vero
1262 2227 1380 2267 non
1411 2212 1680 2279 coarguit
1696 2226 1797 2265 eos
1817 2210 1918 2280 qui
1942 2209 2052 2264 sibi
2074 2226 2210 2265 con-

553 2300 861 2356 tumeliam
912 2300 1246 2356 inferebant
1281 2318 1294 2367 ;
1328 2318 1469 2356 nam
1510 2300 1785 2371 superius
1817 2300 2058 2354 abunde
2098 2300 2209 2357 illis

554 2390 885 2461 respondit,
919 2390 1162 2462 quando
1192 2390 1467 2447 dixerunt
1499 2408 1512 2446 :
1542 2392 1751 2447 Nonne
1784 2389 1925 2443 bene
1961 2388 2214 2446 dicimus

555 2495 680 2550 nos,
759 2480 916 2551 quod
989 2480 1409 2537 Samaritanus
1493 2497 1550 2537 es
1619 2488 1703 2545 tu,
1764 2488 1818 2539 et
1872 2481 2213 2537 dwmonium

557 2570 734 2626 habes
756 2571 802 2606 ¹⁸
828 2568 856 2625 ?

629 2661 912 2715 Praeterea
963 2658 1431 2715 contumeliosos
1508 2660 1844 2734 hujusmodi
1908 2677 2217 2718 sermones

558 2765 682 2805 non
719 2764 788 2804 ex
818 2748 1041 2804 directo
1093 2748 1151 2803 in
1191 2748 1356 2804 illum
1406 2748 1813 2817 effundebant,
1847 2752 1951 2808 sed
1978 2752 2127 2808 inter
2156 2766 2218 2805 se

560 2838 658 2894 tali
685 2837 863 2892 modo
894 2837 1298 2906 nugabantur.
1356 2841 1578 2894 'I‘acens
1622 2841 1823 2913 itaque
1856 2841 2057 2896 docuit
2088 2856 2217 2905 nos,

560 2942 635 2984 ne
668 2925 745 2982 ad
787 2926 1033 2997 injurias
1073 2932 1513 2996 convertamur,
1547 2946 1683 3002 qum
1727 2947 1848 2986 non
1890 2930 2109 2986 directe
2159 2930 2221 2987 in

560 3033 674 3073 nos
698 3015 1123 3072 effunduntur:
1157 3033 1277 3073 non
1306 3018 1501 3074 solum
1555 3020 1715 3075 enim
1750 3025 1947 3076 motus
1978 3036 2100 3076 non
2138 3024 2222 3076 est

563 3104 641 3161 ad
672 3104 1021 3176 hujusmodi
1053 3122 1380 3173 sermones,
1439 3105 1545 3162 sed
1577 3124 1771 3180 neque
1796 3108 2089 3164 malorum
2121 3107 2223 3163 ad-

1868 372 2213 433 EUTHYMII
2255 372 2590 431 ZlGABENI

541 506 689 565 Cum
731 520 873 576 ergo
906 504 1176 577 superius
1207 504 1453 563 dixisset
1487 524 1498 563 :
1538 508 1863 577 Propterea
1892 506 2083 577 diligit
2114 519 2205 563 me
2232 501 2277 559 A

3818 374 3961 436 1332

2382 504 2647 578 Ἀνωτέρω
2717 503 2808 575 μὲν
2870 495 2958 555 ὀῦν
3031 499 3211 556 εἰπών·
3281 503 3376 557 Διὰ
3441 510 3587 557 τοῦτο
3662 503 3693 557 ὁ
3766 509 3957 579 Πατήρ

2313 596 2376 669 με
2456 593 2654 665 ἀγαπᾷ,
2732 594 2811 645 ὅτι
2892 591 2989 665 ἐγὼ
3080 595 3266 666 τίθημι
3358 596 3454 653 τὴν
3529 593 3739 666 ψυχὴν
3832 614 3957 667 μου,

2313 688 2371 737 τό
2418 684 2653 737 ἑκούσιον
2701 690 2793 734 τοῦ
2840 684 3062 735 θανάτου
3116 679 3434 742 δεδήλωκεν·
3490 682 3731 736 ἐνταῦθα
3781 681 3847 737 δὲ
3888 685 3962 737 εἰ-

2314 778 2507 847 ρηκὼς,
2566 774 2646 825 ὅτι
2697 772 2906 829 Ταύτην
2971 776 3066 830 τὴν
3132 772 3335 831 ἐντολὴν
3400 772 3579 826 ἔλαϐον
3643 776 3809 847 παρά
3868 782 3957 826 τοῦ

2318 868 2523 935 Πατρός
2566 882 2687 934 μου,
2744 865 2801 913 τὸ
2860 864 2995 914 κατὰ
3047 866 3257 935 γνώμην
3302 870 3393 915 τοῦ
3446 865 3657 936 Πατρός
3725 861 3958 921 ἀποθνή-

2318 973 2457 1006 σκειν
2506 951 2781 1025 ἐσήμανεν.
2844 951 2903 1005 Εἰ
2949 954 3051 1027 γὰρ
3101 950 3310 1014 ἐντολῆς
3361 949 3546 1022 ἐδεῖτο,
3599 960 3730 1014 πῶς
3783 952 3953 1024 ἔλεγεν

2317 1044 2397 1095 ὅτι
2471 1042 2600 1112 Ἐγὼ
2681 1043 2868 1113 τίθημι
2945 1041 3108 1099 αὐτὴν
3177 1039 3265 1093 ἀπ’
3347 1039 3592 1113 ἔμαυτοῦ“
3682 1046 3786 1094 καὶ
3873 1044 3951 1095 ὅτι

2319 1131 2588 1194 Ἐξουσίαν
2645 1132 2755 1202 ἔχω
2815 1132 2976 1182 θεῖναι
3030 1129 3211 1189 αὐτὴν
3268 1135 3360 1183 καὶ
3417 1134 3516 1204 πρὸ
3573 1133 3817 1199 τούτων,
3874 1132 3951 1182 ὅτι

3347 1039 3592 1114 ἔμαυτοῦ“

2316 1222 2450 1293 Ἐγώ
2504 1221 2607 1293 εἰμι
2665 1222 2691 1271 ό
2738 1224 2933 1292 ποιμὴν
2999 1220 3025 1272 ὀ
3079 1219 3273 1287 καλὸς;
3330 1221 3356 1272 ὁ
3412 1226 3653 1283 τοιοῦτος
3718 1222 3831 1294 γὰρ
3874 1219 3949 1271 ἒν-

2316 1310 2467 1370 τολῆς
2519 1310 2577 1362 ού
2624 1306 2812 1363 δεῖται.
2861 1305 3028 1362 Ούδὶν
3063 1305 3150 1361 οὖν
3181 1310 3348 1384 ἕτερον
3379 1311 3409 1368 ἡ
3466 1309 3646 1369 ἕντολὴ
3705 1317 3807 1362 τοῦ
3844 1315 3953 1362 Πα-

2315 1402 2435 1475 τρός
2502 1396 2766 1452 δείκνυσιν
2842 1402 2872 1457 ἧ
2959 1404 3111 1471 μόνον
3178 1403 3272 1458 τὴν
3347 1402 3478 1473 πρὸς
3555 1401 3648 1452 τὸν
3739 1402 3951 1470 Πατέρα

2317 1491 2577 1562 ὁμόνοιαν.
2635 1488 2953 1561 Οἰκονομικὰ
3007 1484 3066 1541 δὲ
3122 1491 3187 1541 τὰ
3246 1496 3465 1541 τοιαῦτα
3530 1486 3630 1541 διὰ
3690 1493 3798 1547 τὴν
3854 1496 3951 1540 τῶν

2319 1579 2607 1632 ἀκουόντων
2640 1577 2928 1649 ἀσθένειαν,
2962 1580 3029 1642 ὡς
3055 1578 3299 1640 πολλάκις
3330 1579 3630 1651 εἰρήκαμεν.

2396 1674 2613 1742 Σχίσμα
2669 1699 2738 1710 -—
2792 1667 3020 1723 ἆκούετε.
3080 1675 3411 1741 Δαιμονῶντα
3476 1673 3567 1721 καὶ
3625 1671 3951 1741 μαινόμενον

2318 1759 2475 1813 αὐτόν
2521 1758 2705 1831 ἔλεγον,
2764 1760 2829 1819 ὡς
2857 1761 3073 1831 μείζονα
3118 1761 3148 1817 ἧ
3201 1758 3337 1810 κατὰ
3397 1760 3677 1834 ἄνθρωπον
3726 1759 3949 1830 φθεγγό-

2584 1845 2697 1901 δέον
2773 1847 2998 1901 ἐντεῦθεν
3082 1847 3272 1921 μᾶλλον
3359 1857 3550 1920 γνῶναι
3636 1849 3729 1901 ὅτι
3822 1852 3949 1908 Θεός

2319 1940 2477 1994 ἐστιν.

2390 2117 2570 2171 ’Ἄλλοι
2612 2150 2676 2158 -
2729 2117 2949 2190 ἀνοίγειν
2979 2138 2992 2184 ;
3026 2117 3427 2190 Συνελογίσαντο
3466 2124 3635 2169 ταῦτα
3682 2121 3761 2190 μὴ
3822 2113 3948 2170 εἶναι

2323 2206 2756 2281 δαιμονιζομένου
2814 2207 2913 2260 ἀπὸ
2961 2205 3052 2268 τῆς
3117 2210 3409 2284 ὑπερφυοῦς
3477 2210 3944 2282 θαυματουργίας.

2319 2304 2378 2349 '0
2434 2294 2492 2351 δε
2536 2302 2767 2371 Χριστὸς
2807 2305 2894 2351 νῦν
2948 2298 3041 2350 οὐκ
3088 2296 3292 2370 ἐλέγχει
3322 2301 3444 2361 τούς
3490 2297 3817 2373 ὑϐρίζοντας
3860 2297 3945 2349 αύ-

2323 2392 2429 2441 τόν·
2472 2388 2743 2461 προλαϐὼν
2785 2391 2885 2464 γὰρ
2938 2390 3120 2449 ἱκανῶς
3150 2388 3512 2459 ἀπελογήσατο
3550 2392 3687 2461 πρὸς
3737 2388 3942 2448 αύτούς,

2326 2479 2408 2531 ὅτε
2439 2475 2596 2531 εἶπον·
2634 2478 2708 2531 Ού
2736 2478 2905 2540 καλῶς
2944 2477 3177 2551 ἰλέγομεν
3215 2479 3384 2551 ἡμεῖς,
3426 2480 3505 2532 ὅτι
3546 2482 3882 2552 Σαμαρείτης
3904 2474 3949 2530 εἴ

2331 2571 2417 2635 σύ,
2447 2573 2537 2621 καὶ
2571 2565 2842 2641 δαιμόνιον
2874 2569 3054 2640 Exue;

2401 2658 2598 2721 ’Ἄλλως
2631 2677 2685 2711 τε
2731 2662 2821 2710 καὶ
2869 2657 2963 2709 οὐκ
3007 2655 3060 2720 ἐξ
3098 2658 3255 2731 ὀρθοῦ
3306 2660 3437 2732 πρὸς
3478 2656 3629 2710 αὐτόν
3686 2657 3943 2711 ἓκένωσαν

2329 2753 2445 2810 τοὺς
2500 2750 2764 2808 τοιούτους
2807 2746 3140 2819 ύϐριστικούς
3196 2747 3401 2820 λόγους,
3456 2746 3585 2800 ἀλλὰ
3635 2747 3766 2800 καθ’
3825 2746 3944 2800 ἑαυ·

2330 2844 2452 2899 τοὺς
2508 2836 2791 2911 ἐφλυάρουν
2843 2837 2998 2889 οὕτω.
3060 2839 3146 2889 Διό
3209 2841 3297 2889 καὶ
3353 2841 3579 2907 σιγήσας
3628 2833 3944 2890 ἕπαὶδευσεν

2331 2931 2471 3000 ἡμᾶς
2520 2932 2591 3000 μὴ
2646 2926 3048 3002 ἐπιστρέφεσθαι
3095 2933 3195 2978 τῶν
3243 2930 3315 2999 μη
3371 2926 3425 2989 ἐξ
3455 2928 3611 3001 ὀρθοῦ
3642 2928 3782 3002 πρὸς
3814 2926 3943 2998 ἡμᾶς

2330 3022 2589 3091 χεομένων
2648 3015 2861 3090 ὕϐρεων·
2911 3014 2970 3068 ού
3013 3020 3165 3089 μόνον
3218 3018 3317 3089 γὰρ
3369 3016 3462 3068 ούκ
3511 3018 3815 3091 ἐπεστράφη
3850 3022 3943 3066 τῶν

2332 3110 2578 3160 τοιούτων
2627 3105 2807 3178 λόγων,
2863 3103 2968 3157 ἀλλ’
3015 3101 3132 3159 οὐδ’
3172 3104 3592 3179 ἐμνησικάκησεν
3623 3103 3833 3172 αὐτοῖς,
3883 3106 3941 3163 ὡς

566 3211 773 3251 versus
800 3211 902 3251 eos
944 3196 1232 3264 meminit,
1270 3198 1424 3251 sicut
1455 3213 1525 3253 ex
1564 3198 1945 3269 sequentibus
1980 3198 2219 3254 manife-

2336 3195 2435 3250 ἀπό
2466 3205 2565 3248 τῶν
2601 3191 2982 3269 ἐφεξῆςδῆλον,

568 3288 725 3341 stum
752 3288 858 3340 est.

642 3374 768 3430 Alio
796 3376 934 3430 item
970 3375 1150 3432 modo
1180 3392 1191 3431 :
1242 3375 1445 3432 Tacuit
1484 3375 1694 3431 videns
1734 3376 1863 3433 illos
1895 3378 1992 3450 qui
2023 3376 2100 3432 ab
2131 3376 2225 3432 his

572 3464 952 3521 dissidebant
992 3481 1101 3537 pro
1134 3481 1197 3520 se
1244 3465 1716 3538 respondentes:
1770 3472 1825 3522 et
1882 3466 2025 3538 quia
2067 3467 2128 3522 hi
2157 3483 2229 3523 ne

574 3570 848 3609 sermone
875 3554 1122 3626 quidem
1154 3560 1323 3610 erant
1347 3554 1528 3624 digni,
1560 3555 1664 3627 qui
1704 3560 1869 3612 tanto
1900 3556 2025 3611 viso
2052 3557 2228 3612 mira-

573 3643 708 3699 culo
734 3643 817 3699 ita
855 3642 1385 3699 calumniabantur.

646 3731 808 3789 Vers.
825 3736 910 3786 22.
940 3732 1125 3788 Facta
1147 3738 1285 3788 sunt
1309 3764 1374 3771 —
1392 3733 1839 3803 Hierosolymis.
1866 3735 2233 3791 Dedicatoria

577 3820 826 3891 templi;
911 3821 1209 3892 siquidem
1290 3823 1613 3895 quotannis
1687 3823 2029 3879 solemniter
2074 3826 2232 3879 diem

576 3909 747 3966 illum
780 3908 1071 3976 colebant,
1113 3926 1236 3982 quo
1287 3911 1498 3967 iterum
1555 3911 1665 3968 sub
1723 3913 2047 3970 Zorobabel
2097 3914 2236 3970 aedi-

578 3999 843 4070 ﬁcatum,
894 4003 1026 4071 post
1082 4001 1323 4056 reditum
1388 4016 1462 4056 ex
1518 4002 1855 4075 captivitate
1907 4003 2234 4075 perfectum

579 4092 689 4145 est.

650 4180 808 4234 Vers.
841 4181 928 4233 22.
976 4179 1053 4233 Et
1106 4178 1288 4235 hiems
1336 4185 1488 4237 erat.
1544 4183 1670 4238 Non
1726 4180 1923 4237 solum
1974 4182 2043 4237 ob
2083 4182 2236 4238 acris

578 4266 1008 4340 intemperiem,
1043 4267 1147 4322 sed
1178 4268 1357 4324 etiam
1398 4268 1477 4324 ob
1515 4268 1943 4326 infidelitatem.
1975 4270 2236 4343 Tempus

578 4361 775 4411 autem
825 4355 1019 4411 innuit
1052 4361 1293 4429 propter
1332 4357 1774 4414 dedicationem
1823 4359 2032 4431 primas
2099 4360 2234 4415 aedi

576 4445 873 4501 ﬁcationis
924 4444 1172 4517 templi;
1236 4462 1377 4501 nam
1430 4446 1531 4504 illa
1597 4448 1824 4504 circiter
1877 4455 2233 4505 autumnum

576 4534 1010 4592 celebrabatur.

648 4625 812 4679 Vers.
875 4622 963 4680 23.
1022 4623 1563 4683 Et—Solomonis.
1593 4629 1739 4684 Nam
1789 4633 1845 4685 et
1901 4628 2027 4701 ipse
2085 4629 2233 4684 festo

576 4714 803 4770 aderat.

649 4804 809 4859 Vers.
842 4803 933 4861 24.
973 4803 1599 4862 Οἰνσαηιάεᾱενιιηί-
1627 4807 1843 4863 Judaei.
1898 4798 2229 4879 Sperantes,

576 4893 654 4949 ab
680 4895 806 4963 ejus
838 4894 1215 4949 sermonibus
1245 4894 1511 4967 aliquam
1545 4912 1605 4950 se
1660 4902 2013 4969 accepturos
2070 4913 2232 4953 com-

576 4982 985 5056 prehendendi
1023 4982 1425 5051 occasionem,
1468 4984 1789 5056 siquidem,
1823 5003 1958 5042 cum
1994 4986 2067 5043 de
2094 5003 2234 5059 ope-

572 5073 742 5129 ribus
784 5071 931 5129 nihil
957 5088 1095 5128 eum
1138 5077 1388 5145 possent
1439 5089 1765 5145 arguere,a
1827 5076 2024 5133 verbis
2078 5092 2232 5149 pra:-

648 5280 692 5317 ¹⁸
717 5279 880 5339 Joan.
914 5295 969 5345 ι,
1006 5279 1087 5335 17.
1203 5280 1248 5316 ¹⁶
1278 5277 1417 5336 ibid.
1454 5280 1536 5345 17,
1569 5280 1652 5336 18.
1769 5282 1810 5315 ¹⁷
1836 5279 1982 5335 ibid.
2021 5284 2111 5337 tl.

2411 3379 2511 3428 Καὶ
2562 3375 2679 3426 καθ’
2733 3372 2896 3447 ἓτερον
2952 3369 3010 3426 δὲ
3061 3376 3251 3449 τρόπον
3310 3370 3576 3444 ἐσίγησεν,
3636 3373 3773 3448 ὀρῶν
3827 3373 3941 3431 τούς

2342 3466 2654 3536 σχισθέντας
2730 3462 2816 3514 ἀπ’
2888 3461 3056 3515 αὐτῶν
3127 3461 3704 3537 ύπεραπολογουγένους
3760 3462 3935 3525 αὐτοῦ,

2338 3559 2429 3606 καὶ
2477 3556 2557 3606 ὅτι
2600 3549 2722 3605 οὐδὲ
2751 3552 2904 3624 λόγου
2954 3548 3086 3611 ἦσαν
3120 3550 3300 3605 ἐκεῖνοι
3322 3551 3482 3617 ἄξιοι,
3517 3554 3649 3625 μετὰ
3697 3550 3940 3609 τηλικοῦ·

2340 3663 2425 3695 τον
2456 3646 2630 3715 θαῦμα
2660 3643 2822 3703 οὕτως
2852 3641 3166 3716 ὑϐρίζοντες.

2413 3737 2637 3805 Ἐγένετο
2676 3766 2732 3774 -
2764 3732 3158 3807 Ἰεροσολύμοις.
3209 3734 3286 3787 Τὰ
3328 3739 3419 3785 τοῦ
3467 3740 3611 3786 ναοῦ.
3644 3731 3940 3809 Ἐώρταζον

2342 3826 2442 3896 γὰρ
2470 3823 2714 3895 λαμπρῶς
2746 3820 2841 3873 ἀνὰ
2870 3828 2972 3873 πᾶν
2999 3824 3106 3885 ἔτος
3138 3826 3231 3881 τὴν
3266 3823 3460 3895 ἡμέραν
3492 3821 3609 3876 καθ’
3632 3826 3695 3882 ἣν
3723 3825 3782 3875 τὸ
3815 3816 3934 3874 δεύ-

2344 3932 2483 3985 τερον
2514 3913 2612 3963 ὑπὸ
2642 3910 2929 3985 Ζοροϐάϐελ
2959 3909 3329 3984 οἰκοδομηθεὶς
3357 3911 3661 3987 ἁπηρτίσθη
3692 3912 3823 3985 μετὰ
3853 3912 3938 3966 τὴν

2346 4000 2399 4053 ἐκ
2431 4010 2525 4063 τῆς
2558 4001 2931 4074 αἰχμαλωσίας
2955 3996 3225 4055 ἐπάνοδον.

2418 4182 2516 4234 Καὶ
2562 4184 2761 4253 χειμὼν
2802 4177 2882 4238 ἦν.
2943 4180 3019 4232 Οὐ
3077 4184 3229 4253 μόνον
3279 4178 3331 4243 ἐξ
3378 4178 3542 4255 ἀέρος,
3595 4179 3722 4234 ἀλλὰ
3770 4182 3854 4231 καὶ
3890 4175 3937 4237 ἐξ

2344 4268 2606 4331 ἀπιστίας.
2673 4275 3150 4344 Παρεσημειώσατο
3210 4266 3268 4322 δὲ
3342 4272 3428 4321 τὸν
3490 4273 3672 4344 καιρὸν
3732 4266 3824 4322 διὰ
3876 4267 3936 4318 τὰ

2343 4363 2579 4433 ἓγκαίνια
2610 4369 2704 4423 τῆς
2750 4366 2961 4433 πρώτης
2998 4354 3285 4432 οἰκοδομῆς
3326 4367 3418 4411 τοῦ
3449 4366 3599 4412 ναούο
3646 4358 3814 4413 ἐκεῖνα
3840 4357 3931 4429 γὰρ

2342 4454 2477 4504 κατὰ
2496 4454 2552 4503 τὸ
2583 4454 2879 4525 μετόπωρον
2910 4449 3248 4525 ἑωρταζοντο.

2418 4630 2518 4680 Καὶ
2572 4655 2640 4666 -
2698 4623 3005 4698 Σολομῶνος.
3085 4630 3265 4697 Παρῆν
3329 4625 3433 4701 γὰρ
3502 4632 3565 4697 τῇ
3636 4622 3784 4699 ἑορτῇ
3855 4621 3933 4672 καὶ

2346 4736 2513 4777 αυτος.

2412 4806 2744 4860 Ἐκύκλωσαν
2846 4837 2914 4845 —
2990 4799 3262 4857 Ἰουδαῖοι.
3357 4799 3762 4877 Προσδοκῶντες
3843 4797 3931 4850 ἀπὸ

2342 4905 2441 4948 τῶν
2480 4896 2643 4968 λόγων
2702 4897 2861 4947 αὐτοῦ
2903 4890 3203 4967 δράξασθαι
3254 4913 3391 4956 τινος
3448 4891 3680 4966 ἀφορμῆς
3728 4890 3793 4951 εἰς
3840 4885 3935 4937 ἐπί-

2346 4989 2506 5041 θεσιν.
2553 4993 2669 5046 Τοῖς
2714 4988 2879 5060 ἔργοις
2932 4986 3032 5059 γὰρ
3084 4983 3241 5036 αὐτοῦ
3307 4979 3473 5056 μηδὲν
3516 4982 3746 5055 ἐγκαλεῖν
3795 4972 3930 5030 δυνά·

2344 5095 2484 5148 μενοι
2516 5077 2803 5148 ἐπεθύμουν
2866 5075 2966 5127 ἀπὸ
3021 5081 3119 5127 τῶν
3168 5073 3414 5149 ῥημάτων
3461 5073 3623 5148 εύρεῖν
3680 5089 3795 5125 τινα
3821 5066 3928 5137 πρὸ·

2231 5281 2277 5316 ”
2309 5280 2484 5337 Joan.
2518 5294 2637 5344 vui,
2668 5280 2756 5335 48.

1744 5457 1962 5527 Variae
1993 5458 2321 5527 lectiones
2357 5466 2422 5525 et
2453 5467 2653 5527 notae.

649 5654 727 5729 (υ)
776 5653 971 5729 Patris
1022 5654 1576 5729 condemnationem.
1608 5656 1874 5729 iVidetur
1904 5659 2230 5729 κατάγνωσιν

574 5722 808 5851 legisse,
853 5724 984 5780 loco
1027 5727 1161 5778 κατὰ
1211 5734 1442 5803 γνώμην.
1504 5722 1726 5793 Redde,
1780 5728 1974 5785 Patris
2025 5722 2232 5786 uolun-

667 5813 775 5853 em.

2415 5656 2505 5725 (ιε)
2548 5656 2740 5711 Solam
2801 5656 3283 5725 conformilatem.
3336 5654 3556 5711 Saltem
3609 5646 3929 5711 addendum

2340 5728 2658 5785 voluntatis
2689 5748 2699 5792 ;
2734 5743 2855 5784 uno
2881 5726 3085 5793 verbo,
3131 5740 3493 5784 consensum.
