4156 6430
324 375 461 436 1333

1391 377 1746 436 COMMENT.
1791 377 1860 434 IN
1898 377 2252 438 JOANNEM.
2295 411 2362 421 —
2393 379 2548 437 CAP.
2583 379 2652 438 X.

3559 380 3582 437 ι
3592 378 3698 437 334

320 519 496 578 φασιν·
553 507 670 558 οὔτε
736 506 838 578 γὰρ
911 505 1061 560 αὐτοὶ
1115 513 1211 570 τῆς
1287 511 1470 569 κακίας
1539 505 1744 580 ἴληγον,
1813 507 1913 560 οὔτ

2037 509 2262 564 textum
2293 507 2559 580 aliquem
2583 507 2848 564 invenire
2889 504 3216 580 cupiebant
3243 523 3256 574 ;
3281 521 3477 581 neque
3527 506 3692 564 enim

319 595 476 658 αὐτὸς
512 602 603 656 τῆς
637 593 964 659 ἀνεξικακίας
977 639 988 652 .

397 778 495 828 Καὶ
525 773 694 848 ἔλεγον
729 775 888 848 αὐτῷ.
909 775 1166 838 ’Υπούλως
1196 781 1285 829 καὶ
1315 772 1558 851 δολερῶς.

391 953 523 1015 Ἐως
608 987 678 996 -
773 959 979 1030 αἵρεις;

318 1048 544 1106 πίστεως
576 1044 688 1117 (l6)
711 1051 800 1098 καὶ
825 1044 1097 1108 ἀπιστίας.

1067 957 1296 1030 Αἰωρεῖς,
1396 955 1642 1033 ἀναρτᾷς,
1725 955 1917 1029 μεταξὺ

395 1223 452 1276 Εἰ
506 1255 572 1266 --
620 1223 916 1300 παρρησίᾳ.
971 1232 1220 1299 Φανερῶς,
1283 1225 1754 1298 ἀπαρακαλύπτως.
1792 1231 1914 1279 Καί-

315 1333 398 1366 τοι
443 1323 615 1387 σαφῶς
649 1316 926 1385 ίγίνωσκον
961 1318 1040 1368 ὅτι
1076 1323 1228 1368 τοῦτο
1273 1316 1426 1388 λέγει·
1467 1319 1554 1369 Διὸ
1595 1320 1684 1368 καὶ
1723 1315 1918 1390 προλα-

317 1403 489 1465 ϐόντες
564 1411 951 1477 συνεφώνησαν,
1031 1405 1162 1469 Ἰνα,
1243 1404 1326 1457 iatn
1401 1425 1481 1467 τις
1555 1405 1712 1458 αὐτὸν
1791 1407 1918 1477 ὁμο-

315 1492 520 1566 λογήσῃ
616 1498 866 1568 Χριστὸν,
967 1492 1373 1567 ἀποσυνάγωγος
1452 1499 1686 1567 γένηται.
1761 1494 1918 1548 Ἀλλὰ

316 1590 404 1634 νῦν
445 1588 608 1654 σκαιᾴ
649 1589 826 1656 γνώμη
885 1592 1036 1636 τοῦτο
1093 1583 1344 1656 ἐρωτῶσι,
1378 1583 1684 1657 βουλόμενοι
1731 1603 1916 1659 προσε-

316 1679 556 1748 ρωτῆσαι
611 1674 763 1725 ποθεν
813 1681 964 1726 τοῦτο
1015 1673 1171 1744 λέγει,
1206 1675 1307 1740 ἶνα,
1338 1673 1725 1749 προϐαινούσης
1782 1675 1916 1726 οὕτω

315 1769 412 1823 τῆς
475 1763 834 1832 συζητῆσεως,
888 1763 1175 1834 φθέγξηταί
1251 1783 1302 1816 τι
1372 1767 1506 1835 μέγα
1584 1763 1737 1815 πάλιν
1800 1768 1917 1835 περὶ

2031 596 2145 670 ipsi
2175 613 2212 654 a
2263 596 2490 654 malitia
2519 597 2855 661 cessabant,
2910 612 3106 670 neque
3153 597 3279 669 ipse
3309 612 3345 653 a
3376 596 3691 654 clementia

2029 686 2402 760 quiescebat.

2101 778 2262 832 Vers.
2314 777 2403 832 24.
2469 777 2542 832 Et
2589 777 2869 834 dixerunt
2916 776 2984 832 ei.
3038 776 3462 834 Fraudulenter
3490 781 3548 834 et
3589 776 3688 834 do-

2025 865 2174 923 lose.

2101 957 2261 1012 Vers.
2334 956 2422 1012 24.
2514 957 2822 1030 Quousque
2877 989 2948 999 —
3016 957 3373 1027 suspendis?
3429 958 3688 1030 Suspen-

2027 1061 2156 1101 sam
2206 1061 2276 1102 ac
2313 1046 2566 1102 dubiam
2612 1053 2774 1103 tenes
2828 1047 2978 1103 inter
3032 1047 3211 1103 fidem
3263 1051 3320 1103 et
3375 1045 3686 1103 inﬁdelita-

2025 1137 2165 1192 tem.

2098 1226 2262 1282 Vers.
2311 1229 2399 1282 24.
2444 1227 2509 1282 Si
2559 1257 2624 1268 -
2683 1227 2880 1284 libere.
2933 1226 3258 1293 Manifeste,
3309 1226 3508 1284 verbis
3560 1240 3685 1282 non

2025 1316 2293 1373 obtectis.
2336 1317 2510 1390 Atqui
2543 1317 2712 1389 plane
2734 1318 3019 1387 sciebant,
3055 1318 3221 1392 quod
3247 1318 3360 1374 hoc
3390 1318 3638 1374 dixisset
3665 1331 3678 1372 :

2023 1406 2162 1462 ideo
2219 1407 2396 1462 etiam
2451 1408 2509 1462 in
2575 1407 2990 1478 superioribus
3043 1409 3346 1464 decretum
3399 1407 3679 1472 fecerant,

2033 1497 2103 1554 Ut
2143 1497 2195 1552 si
2222 1497 2354 1568 quis
2396 1497 2778 1565 conﬁteretur
2823 1511 2949 1553 eum
3001 1511 3120 1553 esse
3152 1497 3479 1568 Christum,
3508 1501 3684 1552 extra

2025 1601 2388 1656 synagogam
2405 1586 2715 1655 ejiceretur
2753 1587 2821 1654 19,
2852 1585 2961 1641 sed
3009 1601 3168 1641 nunc
3198 1585 3438 1641 sinistra
3487 1588 3685 1640 mente

2025 1676 2139 1731 hoc
2163 1675 2550 1746 interrogant,
2580 1675 2781 1731 audire
2801 1676 3063 1731 volentes
3089 1674 3203 1746 (ῃ),
3235 1674 3546 1747 quomodo
3571 1675 3685 1729 hoc

2025 1765 2266 1833 diceret,
2292 1770 2371 1833 ut,
2387 1765 2784 1836 dieputatione
2807 1766 2885 1821 ita
2904 1765 3261 1837 procedente
3279 1764 3508 1835 magni,
3527 1763 3687 1836 quip-

316 1850 521 1916 ίαυτοῡ,
563 1856 654 1904 καὶ
699 1851 928 1904 λάϐωσιν
975 1851 1234 1926 ἀφορμὴν,
1269 1855 1338 1914 ὡς
1378 1856 1600 1925 εἴρηται·
1644 1853 1800 1915 αυτὸς
1835 1850 1913 1918 δὲ,

2037 1855 2189 1927 piam
2216 1870 2454 1910 rursum
2486 1854 2558 1910 de
2581 1855 2772 1926 seipso
2799 1855 3160 1927 loqueretur,
3192 1859 3248 1910 et
3278 1853 3681 1920 occasionem,

313 1947 584 2011 γινώσκων
642 1946 735 2000 τὴν
795 1945 1040 2000 τοιαύτην
1099 1948 1367 2014 μηχανὴν,
1419 1939 1544 1995 οὐδὲ
1572 1950 1660 1995 νῦν
1713 1941 1916 2013 ἐλέγχει

314 2034 528 2092 τούτους
575 2031 934 2103 πειράζοντας,
980 2027 1241 2084 παιδεύων
1289 2036 1359 2104 μὴ
1411 2033 1580 2084 πάντα
1635 2035 1752 2094 τοὺς
1811 2030 1919 2083 ἐπι-

313 2118 649 2180 ϐουλεύοντας
717 2120 969 2192 ἐλέγχειν,
1031 2119 1156 2173 ἀλλά
1218 2123 1567 2196 μακροθύμως
1633 2124 1797 2198 φέρειν
1854 2123 1918 2173 τὰ

312 2210 497 2264 πολλοὶ.

389 2394 483 2443 Καὶ
529 2390 623 2442 οὐκ
673 2388 798 2443 εἰπε*
857 2398 970 2452 Πῶς
1025 2394 1092 2450 ὡς
1146 2391 1259 2461 (17)
1316 2389 1620 2453 ἀξιόπιστον
1678 2389 1914 2465 ἐρωτᾶτε,

313 2481 373 2532 οὗ
428 2484 521 2538 τὴν
573 2485 866 2554 μαρτυρίαν
917 2477 1346 2552 ἀπεδοκιμάσατε
1379 2480 1603 2552 λέγοντες
1645 2497 1657 2510 ·
1705 2484 1770 2532 Σὺ
1806 2485 1920 2554 περὶ

313 2576 537 2622 σεαυτοῦ
608 2576 888 2644 μαρτυρεῖς
957 2586 974 2603 ·
1031 2572 1060 2628 ἡ
1130 2575 1396 2644 μαρτυρία
1457 2589 1552 2622 σου
1616 2569 1710 2622 οὔκ
1758 2573 1918 2640 ξὲστιν

314 2657 512 2722 ἀληθής
541 2676 554 2688 ·
606 2659 660 2710 ὃν
697 2658 972 2712 ἐκαλέσατε
1028 2662 1324 2733 παράνομον
1390 2663 1479 2711 καὶ
1541 2657 1761 2712 ἀντίθεον
1829 2663 1919 2712 καὶ

316 2748 506 2802 πλάνον
543 2755 635 2801 καὶ
679 2749 1003 2823 ἁμαρτωλὸν,
1059 2755 1148 2800 καὶ
1196 2753 1540 2822 Σαμαρείτην,
1591 2755 1681 2801 καὶ
1730 2745 1918 2822 δαιμο-

312 2848 481 2890 νῶντα
553 2844 644 2891 καὶ
715 2844 1038 2911 μαινόμενον,
1089 2843 1180 2892 καὶ
1229 2838 1394 2890 πολλά
1445 2846 1683 2903 τοιαῦτα,
1739 2839 1791 2891 ὃν
1844 2839 1916 2891 λι-

314 2929 499 2988 θάζετε
557 2933 646 2980 καὶ
720 2925 934 2982 διώκετε
999 2934 1090 2981 καὶ
1165 2927 1351 2981 ἀνελεῖν
1422 2928 1725 3000 ἐπείγεσθε;
1777 2929 1913 2982 Ἀλλ’

311 3015 466 3071 οὗδὶν
513 3025 743 3071 τοιοῦτον
797 3014 952 3084 εἶπεν,
1011 3015 1127 3070 οὐδ’
1169 3017 1584 3091 ἐμνησικάκησε,
1641 3015 1915 3071 διδάσκων

311 3107 605 3180 ἀμνηστίαν
676 3116 776 3160 τῶν
846 3109 1149 3180 φθασάντων
1214 3107 1698 3180 καταψηφίζεσθαι·
1757 3113 1917 3182 πραό-

309 3215 442 3250 τατα
482 3194 540 3250 δε
569 3201 697 3272 πρὸς
730 3202 818 3255 τὴν
850 3197 1101 3270 ἐρώτησιν
1140 3199 1492 3272 ἀποκρίνεται.

380 3470 446 3518 Σὺ
479 3463 539 3518 δέ
594 3485 683 3539 μοι
731 3469 912 3518 σκόπει
951 3469 1008 3518 τὸ
1051 3461 1458 3540 διεστραμμένον
1502 3472 1590 3520 καὶ
1626 3466 1908 3538 φιλόνεικον

306 3565 408 3609 τῶν
440 3552 732 3609 Ἰουδαίων.
777 3554 939 3608 Ὅταν
967 3559 1057 3627 μὲν
1088 3559 1186 3630 γὰρ
1234 3553 1512 3629 δημηγορῇ
1548 3561 1637 3608 καὶ
1686 3553 1780 3608 διὰ
1821 3557 1910 3609 λό-

305 3666 412 3717 γων
466 3643 727 3717 διδάσκῃ,
777 3645 1006 3717 λέγουσι.
1045 3651 1108 3698 Τί
1165 3654 1376 3718 σημεῖον
1432 3638 1684 3708 δεικνύεις
1737 3648 1904 3718 ﬁnis;

307 3737 429 3787 ὅταν
463 3730 522 3788 δὲ
550 3736 921 3809 θαυματουργῇ
957 3739 1045 3787 καὶ
1094 3731 1188 3787 διὰ
1229 3743 1328 3786 τῶν
1373 3738 1532 3809 ἔργων
1577 3740 1785 3810 παρέχη
1819 3738 1909 3796 τάς

309 3820 622 3890 ἀποδείξεις,
655 3823 894 3895 λέγουσιν
930 3843 940 3853 ·
974 3824 1031 3878 Εἰ
1079 3828 1144 3877 σὺ
1183 3821 1281 3877 εἷό
1330 3828 1582 3898 Χριστὸς,
1637 3826 1744 3877 εἰπε
1784 3829 1909 3898 ἡμῖν

307 3913 600 3988 παρρησία.
647 3921 757 3965 Τῶν
804 3913 968 3983 λόγων
1024 3910 1408 3980 διδασκόντων,
1454 3918 1581 3989 ἔργα
1637 3918 1859 3978 ζητοῦσι
1893 3932 1907 3948 ⁸

307 4012 409 4055 τὼν
457 4006 617 4077 ἔργων
678 4001 938 4075 βοωντων,
971 4002 1153 4074 λόγους
1203 4004 1435 4067 αἰτοῦσι,
1484 4009 1613 4078 πρὸς
1655 4008 1710 4056 τὸ
1774 4004 1909 4057 ἐνανο

305 4097 412 4145 τίον
467 4091 545 4144 ἀεὶ
590 4093 861 4152 κακοήθως
906 4094 1294 4164 μεθιστάμενοι.
1324 4094 1467 4146 Ἐπεὶ
1501 4090 1588 4145 οὖν
1631 4092 1802 4155 ἀνοίας
1824 4091 1905 4161 ἦν,

305 4191 408 4235 τῶν
473 4184 634 4253 ἔργων
688 4181 1141 4256 ἀνακηρυττόντων
1194 4183 1367 4252 αὐτὸν,
1440 4182 1612 4242 ζητεῖν
1655 4188 1749 4241 τὴν
1807 4183 1907 4236 ἀπὸ

305 4279 407 4325 τῶν
457 4270 621 4342 λόγων
674 4276 962 4344 μαρτυρίαν
994 4287 1007 4300 ·
1039 4273 1135 4345 ὅρα
1190 4280 1301 4334 πῶς
1348 4270 1726 4344 ἀποκρίνεται;
1779 4275 1910 4346 ὁμοῦ

307 4363 397 4434 μὲν
450 4359 704 4433 ἐμφαίνων
761 4361 842 4413 ὅτι
893 4361 998 4432 οὐχ
1049 4361 1194 4413 ἕνεκα
1249 4368 1341 4413 τοῦ
1388 4364 1570 4433 μαθεῖν
1603 4360 1862 4434 ἐρωτῶσιν
1891 4383 1904 4395 ·

304 4449 365 4502 οὐ
413 4453 513 4524 γάρ
547 4453 882 4502 πιστεύουσιν
917 4467 928 4480 ·
981 4452 1111 4522 ἁμοῦ
1144 4447 1203 4503 δε
1235 4446 1406 4509 δηλῶν
1451 4452 1532 4502 ὃτι
1561 4453 1625 4503 τά
1666 4454 1793 4524 ἔργα
1821 4452 1909 4504 αὖ·

306 4547 399 4591 τοῦ
430 4541 606 4610 μεῖζον
636 4549 735 4590 τῶν
773 4540 936 4612 λόγων
966 4543 1300 4613 κεκράγασιν.

381 4809 664 4882 Ἀπεκρίθη
744 4841 810 4849 -
872 4811 1163 4865 πιστεύετε.
1238 4806 1394 4862 Εἶπον
1460 4810 1580 4882 ὑμῖν
1655 4815 1773 4883 περὶ
1850 4810 1911 4863 οὗ

308 4900 550 4972 ἐρωτᾶτε,
608 4898 666 4951 οὐ
719 4903 872 4970 μόνον
926 4895 1020 4951 διά
1061 4898 1245 4970 λόγων,
1306 4897 1434 4951 ἀλλά
1481 4903 1570 4951 καὶ
1614 4895 1686 4951 δι’
1725 4902 1905 4975 ἔργων,

308 5046 354 5081 ¹⁹
385 5043 554 5100 Joan.
599 5059 676 5110 ix,
710 5043 800 5098 22.
878 5042 1119 5106 'ann.
1166 5058 1284 5111 vui,
1319 5043 1405 5100 13.

1487 5043 1529 5079 εί
1563 5043 1730 5100 Joan.
1776 5058 1834 5110 ιι,
1877 5041 1965 5098 18.

2028 1950 2091 2000 ut
2115 1944 2338 2000 dictum
2386 1949 2491 2009 est,
2523 1944 2691 2000 illum
2743 1943 3296 2016 comprehendendi
3330 1943 3682 2016 acciperent.

2029 2039 2160 2106 Ipse
2184 2049 2342 2100 vero,
2376 2034 2729 2105 hujusmodi
2760 2034 3000 2103 cognita
3019 2033 3274 2101 vafritie,
3303 2048 3500 2106 neque
3531 2048 3687 2088 nunc

2024 2124 2137 2180 hos
2170 2128 2460 2181 tentantes
2487 2125 2683 2195 arguit
2713 2143 2726 2181 :
2759 2125 3000 2190 docens,
3036 2140 3157 2180 non
3179 2124 3258 2180 ad
3279 2124 3487 2180 omnia
3516 2139 3686 2182 coar-

2028 2214 2302 2284 guendos
2330 2229 2461 2270 esse
2494 2220 2831 2281 tentatores,
2863 2215 2968 2270 sed
2999 2214 3187 2270 multa
3233 2213 3529 2286 patienter
3558 2228 3688 2270 esse

2028 2304 2292 2361 ferenda.

2100 2396 2301 2466 Neque
2321 2392 2469 2448 dixit
2497 2409 2509 2448 :
2537 2393 2850 2459 Quomodo
2873 2409 2968 2449 me
2987 2397 3280 2466 tanquam
3302 2393 3420 2449 ﬁde
3439 2393 3689 2465 dignum

2029 2483 2422 2554 interrogatis,
2446 2484 2617 2553 cujus
2632 2483 3039 2539 testimonium
3068 2482 3365 2554 repulistis
3396 2482 3685 2539 dicentes:

2037 2575 2122 2629 Tu
2165 2573 2238 2630 de
2285 2572 2468 2641 teipse
2509 2572 2905 2628 testimonium
2955 2572 3242 2642 perhibes,
3295 2571 3690 2628 testimonium

2030 2669 2197 2719 tuum
2229 2678 2347 2719 non
2375 2669 2680 2719 estverum
2703 2665 2968 2734 ’°;quem
3000 2660 3150 2731 legis
3183 2666 3690 2731 transgressorem

2028 2752 2398 2824 appellastis,
2440 2753 2558 2807 Deo
2606 2752 2972 2807 contrarium
3003 2766 3074 2807 ac
3107 2751 3501 2821 seductorem,
3550 2766 3682 2823 pec-

2027 2848 2309 2906 catorem,
2340 2841 2793 2905 Samaritanum,
2818 2841 3261 2896 deemoniacum
3286 2857 3354 2898 ac
3381 2841 3688 2908 insanum,

2025 2931 2364 3002 talibusque
2389 2930 2591 2986 multis
2610 2929 2982 2994 nominibus,
3004 2945 3170 3000 quem
3189 2929 3491 3000 lapidibus
3510 2945 3692 3002 appe-

2025 3018 2145 3076 titis
2176 3024 2230 3075 et
2251 3019 2694 3091 persequimini,
2715 3035 2784 3075 ac
2802 3018 3072 3075 occidere
3103 3018 3393 3074 festinatis
3419 3019 3446 3073 ?
3477 3020 3689 3074 Verum

2027 3109 2173 3165 nihil
2203 3109 2348 3165 dixit
2377 3109 2743 3181 hujusmodi,
2773 3124 2882 3164 nec
2915 3107 3213 3164 malorum
3253 3107 3542 3173 meminit,
3585 3106 3690 3163 do-

1955 3225 1997 3284 Ο
2028 3215 2169 3255 cens
2199 3199 2548 3270 injuriarum
2581 3198 2942 3254 oblivionem
2971 3212 3111 3268 erga
3139 3213 3241 3252 eos
3271 3197 3373 3269 qui
3406 3196 3690 3253 condem-

2031 3304 2172 3344 nare
2186 3293 2576 3360 properarent
2595 3289 2694 3358 (z),
2714 3287 2819 3342 sed
2843 3286 3321 3343 mansuetissime
3344 3287 3422 3342 ad
3440 3285 3687 3343 interro-

2031 3379 2332 3448 gationem
2367 3376 2709 3448 respondet.

2098 3471 2178 3523 Tu
2211 3483 2346 3522 vero
2392 3465 2532 3522 mihi
2565 3465 2879 3522 considera
2929 3480 3276 3537 perversam
3326 3481 3393 3521 ac
3447 3471 3688 3521 conten-

2030 3557 2243 3612 tiosam
2266 3557 2608 3612 Iudaeorum
2635 3560 2918 3610 mentem.
2943 3554 3247 3627 Siquidem
3274 3554 3522 3627 quando
3548 3568 3688 3610 con-

2029 3646 2303 3702 cionatur
2349 3661 2419 3701 ac
2475 3643 2860 3700 sermonibus
2927 3644 3120 3709 docet,
3180 3643 3384 3699 dicunt
3442 3658 3453 3697 :
3521 3643 3688 3711 Quod

2027 3737 2262 3807 signum
2287 3735 2544 3792 ostendis
2563 3735 2718 3791 nobis
2747 3737 2788 3770 ²¹
2827 3734 2854 3788 Ῡ
2882 3734 3130 3806 quando
3157 3750 3294 3790 vero
3327 3732 3686 3790 miraculum

2029 3830 2323 3896 operatur,
2384 3841 2453 3880 ac
2495 3823 3040 3880 demonstrationes
3092 3823 3376 3895 operibus
3428 3822 3685 3891 exhibet,

2028 3915 2279 3970 dicunt:
2312 3915 2377 3971 Si
2419 3921 2482 3969 tu
2527 3929 2584 3970 es
2618 3913 2914 3978 Christus,
2961 3914 3056 3969 dic
3083 3913 3244 3968 nobis
3277 3913 3473 3969 libere.
3536 3912 3685 3968 Cum

2029 4021 2334 4059 sermones
2364 4004 2600 4072 docent,
2639 4019 2825 4075 opera
2871 4003 3222 4074 requirunt;
3256 4001 3542 4073 operibus
3573 4001 3690 4057 cla-

2029 4093 2354 4158 mantibus,
2377 4108 2684 4148 sermones
2703 4096 2926 4164 petunt,
2948 4093 3019 4146 ad
3050 4090 3415 4146 contrarium
3449 4104 3688 4163 semper

2031 4183 2290 4252 maligne
2335 4181 2730 4237 transmutati.
2789 4180 2937 4246 Quia
2976 4196 3114 4251 ergo
3175 4179 3491 4236 dementiae
3536 4183 3680 4244 erat,

2028 4273 2304 4344 operibus
2329 4288 2466 4327 eum
2512 4269 2997 4343 praedicantibus,
3030 4285 3066 4326 a
3096 4267 3476 4324 sermonibus
3523 4283 3686 4342 quas-

2026 4377 2153 4416 rere
2193 4361 2622 4426 testimonium,
2651 4360 2781 4416 vide
2808 4375 2928 4432 quo
2967 4365 3141 4432 pacto
3174 4357 3558 4429 respondeat,
3611 4357 3686 4412 si-

2030 4450 2154 4506 mul
2214 4451 2454 4523 quidem
2533 4449 2918 4506 manifestans
2974 4447 3140 4521 quod
3223 4462 3344 4502 non
3412 4445 3684 4503 discendi

2026 4557 2208 4596 causa
2271 4542 2724 4610 interrogarent.
2803 4537 2980 4593 simul
3065 4537 3245 4593 etiam
3311 4535 3680 4609 signiﬁcans,

1947 4607 1993 4663 D
2022 4645 2206 4701 opera
2229 4645 2339 4686 sua
2363 4607 2619 4701 amplius
2641 4643 2712 4683 ac
2734 4626 3144 4683 vehementius
3187 4607 3447 4682 clamare
3494 4640 3682 4698 quam

2022 4719 2223 4776 verba.

2091 4809 2261 4865 Vers.
2295 4813 2384 4865 25.
2436 4807 2842 4877 Respondit—
2887 4805 3149 4863 creditis.
3202 4804 3334 4861 Dixi
3381 4805 3551 4862 vobis
3608 4805 3682 4862 de

2021 4915 2144 4972 quo
2172 4897 2566 4969 interrogatis,
2617 4911 2740 4952 non
2774 4896 2967 4952 verbis
2998 4895 3214 4960 solum,
3250 4910 3458 4952 verum
3497 4894 3677 4951 etiam

1559 5220 2124 5290 Variaelectiones
2138 5231 2200 5289 et
2229 5229 2428 5289 notae.

377 5421 490 5492 (16)
532 5423 670 5474 Μετά
699 5423 925 5482 πίστεως
959 5427 1010 5472 Β.

374 5600 456 5668 (ν)
485 5597 714 5654 Audire
739 5597 1015 5654 volentes.
1038 5596 1311 5652 Volentes
1328 5596 1694 5667 interrogare
1708 5599 1907 5654 etiam.

382 5671 454 5742 (Ζ)
487 5670 839 5742 Oblivionem
871 5685 1006 5742 erga
1035 5683 1148 5733 eos,
1175 5670 1276 5739 qui
1297 5670 1685 5725 condemnare
1709 5685 1914 5740 prope-

306 5740 535 5799 rarent.
566 5741 934 5796 Oblivionem
963 5740 1280 5796 decernere
1299 5749 1507 5796 contra
1524 5757 1593 5796 ea
1613 5755 1752 5808 quas
1776 5747 1912 5797 ante

309 5819 479 5886 gesta
523 5818 675 5870 sunt.
707 5815 785 5867 Τὰ
815 5813 1104 5886 φθάσαντα,
1139 5817 1276 5869 sunt
1303 5813 1558 5885 injuriae,
1588 5829 1722 5886 quae
1750 5819 1912 5870 ante-

2091 5418 2203 5491 (Π)
2235 5418 2325 5480 Ὠς
2350 5417 2518 5474 abest
2549 5419 2613 5474 Α.
2659 5416 2880 5474 ibidem
2915 5431 3055 5473 mox
3079 5415 3160 5483 οὐ,
3192 5431 3303 5490 pro
3344 5416 3425 5472 οὔ.

2021 5600 2359 5668 cesserant;
2413 5594 2880 5668 καταψηφίζεσθαι
2921 5612 3056 5652 vero
3096 5611 3227 5668 non
3277 5601 3367 5668 est
3407 5595 3683 5668 condem-

2020 5684 2189 5734 nare,
2220 5667 2317 5721 sed
2342 5666 2696 5739 simpliciter
2722 5667 3056 5739 decernere.
3091 5667 3303 5739 Dicitur
3331 5666 3446 5739 hoc
3503 5667 3576 5722 de
3608 5668 3680 5722 iis

2023 5741 2118 5813 qui
2161 5755 2384 5808 magno
2433 5737 2637 5795 animo
2666 5743 2948 5810 acceptas
2981 5738 3231 5813 injurias
3280 5737 3589 5811 negligant
3626 5742 3684 5796 et

2023 5811 2435 5869 contemnunt.
2466 5813 2820 5884 Oppositum
2847 5815 2952 5879 est,
2988 5811 3213 5867 ulcisci.
