4156 6382
556 322 697 383 1335

1894 321 2077 379 EUTH
2088 321 2185 377 YM
2196 321 2243 377 Il
2285 316 2612 379 ZIGABENI

3789 320 3910 381 4336

553 450 839 525 operibus
868 466 881 506 :
930 448 1039 507 sed
1064 464 1184 507 non
1217 448 1456 507 creditis
1490 466 1503 503 :
1538 462 1692 506 vane
1722 464 1864 519 ergo
1899 455 1955 505 et
1979 450 2215 506 curiose

2329 446 2437 500 ἀλλ’
2516 444 2576 498 οὐ
2657 441 2947 498 πιστεύετε.
3004 441 3189 501 Μάτην
3265 441 3353 496 οὖν
3431 440 3649 517 ἕρωτᾶτε
3704 450 3791 500 καὶ
3839 468 3913 501 πε-

552 542 960 612 interrogatis.

625 635 783 687 Vers.
826 632 914 686 25.
947 630 1157 699 Opera.
1195 662 1263 669 —
1290 630 1449 685 Vers.
1475 629 1564 684 26.
1621 630 1693 686 de
1720 645 1819 684 me.
1875 628 2215 685 Testiﬁcan-

553 728 649 779 tur
668 720 833 793 quod
872 736 984 790 ego
1033 721 1161 775 sim.
1198 722 1421 775 Rursus
1465 723 1667 774 autem
1722 719 1888 775 addit
1930 719 2217 775 :Nomine

552 813 759 867 Patris
781 810 909 875 mei,
946 825 1017 863 ne
1045 810 1162 864 Deo
1196 808 1531 863 contrarius
1566 808 1854 863 videatur.

624 900 850 955 Nomen
892 914 1025 953 vero
1058 899 1170 953 hoc
1202 898 1260 952 in
1288 898 1420 952 loco
1473 898 1724 969 quidam
1761 897 2039 953 dixerunt
2070 897 2217 952 divi-

552 991 797 1046 nitatem
833 1005 845 1053 ;
878 988 1121 1060 quidam
1150 993 1369 1052 autem,
1407 987 1816 1042 fortitudinem
1849 1005 1861 1052 ;
1900 986 1997 1042 alii
2052 1002 2213 1051 vero,

553 1081 901 1151 potentiam.
934 1077 1279 1133 Nominatur
1304 1076 1464 1132 enim
1507 1083 1561 1131 et
1596 1077 1775 1141 Deus,
1822 1082 1877 1131 et
1927 1075 2112 1131 Fortis
2162 1081 2219 1131 et

556 1172 790 1234 Potens,
819 1167 1073 1238 aliisque
1116 1166 1301 1221 modis
1338 1165 1656 1220 similibus.
1722 1165 1780 1220 Si
1813 1165 1960 1237 quid
2014 1171 2216 1221 autem

556 1256 744 1312 Patris
793 1260 901 1323 est,
956 1256 1117 1311 idem
1158 1260 1246 1311 est
1303 1260 1357 1311 et
1410 1255 1554 1309 Filii.
1605 1255 1755 1321 Quia
1807 1271 1948 1323 ergo
2002 1271 2036 1309 ο.
2086 1254 2217 1309 solo

557 1345 737 1401 verbo
770 1360 831 1400 se
866 1345 1194 1399 credituros
1218 1359 1349 1398 esse
1372 1342 1760 1408 simulabant,
1795 1342 2000 1399 leniter
2016 1351 2221 1398 osten-

559 1435 647 1491 dit
676 1438 842 1506 quod
858 1433 1064 1489 dolose
1081 1438 1349 1502 agerent,
1373 1448 1442 1487 ac
1474 1433 1521 1487 si
1548 1432 1766 1488 diceret
1800 1450 1812 1486 :
1850 1433 1904 1488 Si
1936 1432 2219 1505 operibus

561 1539 685 1581 non
717 1522 973 1592 creditis,
1015 1522 1319 1594 quomodo
1353 1521 1542 1576 verbis
1570 1522 1819 1576 credetis
1848 1521 1876 1577 ‘P

637 1615 793 1668 Vers.
821 1616 909 1666 26.
950 1612 1098 1679 Quia
1146 1628 1258 1666 non
1286 1642 1353 1651 ——-
1397 1611 1557 1667 meis.
1596 1614 1715 1682 Ego
1762 1611 2064 1682 siquidem
2099 1611 2222 1665 uni-

564 1717 749 1767 versa,
782 1716 915 1772 quae
955 1700 1096 1755 boni
1144 1699 1394 1772 pastoris
1447 1706 1602 1765 sunt,
1636 1700 1881 1772 praestiti
1914 1716 1923 1753 :
1985 1716 2090 1754 vos
2120 1716 2221 1755 au—

2326 556 2568 611 ριεργως.

2397 630 2475 680 Τὰ
2504 629 2627 697 ἔργα
2650 654 2720 664 —-
2761 624 3022 675 πιστεύετε
3072 622 3207 694 (18).
3241 630 3511 698 Μαρτυρεῖ
3556 626 3639 677 ὄτι
3678 628 3773 698 ἐγώ
3802 629 3909 700 εἰμι,

2330 716 2489 769 Πάλιν
2539 712 2597 767 δὲ
2648 717 2727 777 τό,
2758 711 2805 763 ἐν
2852 720 2921 783 τῷ
2953 711 3168 785 ὀνόματι
3218 720 3310 766 τοῦ
3365 719 3569 788 Πατρός
3596 735 3717 789 μου,
3748 720 3823 771 ἱνα
3849 726 3908 793 μὴ

2329 804 2457 877 δόξῃ
2491 803 2739 864 ἀντίθεος.

2398 894 2603 966 ’Ὀνομα
2658 889 2716 946 δὲ
2772 899 2860 943 νῦν
2917 893 3050 953 τινες
3078 895 3169 963 μὲν
3223 896 3317 951 τὴν
3358 895 3583 952 θεότητα
3616 893 3915 962 εἶπον,τινὲς

2329 982 2387 1037 δέ
2438 988 2529 1041 τὴν
2590 983 2770 1054 ἰσχὺν,
2821 980 2963 1033 ἄλλοι
3022 978 3080 1034 δὲ
3128 986 3222 1040 τὴν
3270 981 3530 1045 ἐξουσίαν.
3592 986 3915 1057 Ὀνομάζεται

2325 1076 2427 1147 γὰρ
2490 1078 2580 1125 καὶ
2650 1074 2778 1133 Θεὸς
2828 1076 2918 1123 καὶ
2968 1070 3220 1144 ’ἰσχυρός
3276 1077 3366 1125 καὶ
3418 1072 3799 1138 Ἐξουσιαστής
3840 1086 3915 1130 καὶ

2327 1165 2394 1215 τὰ
2444 1169 2680 1216 τοιαῦτα.
2736 1163 2796 1213 Εἰ
2846 1180 2896 1212 τι
2952 1156 3010 1213 δὲ
3074 1167 3167 1212 τοῦ
3221 1165 3443 1233 Πατρός,
3508 1171 3666 1215 τοῦτο
3712 1170 3915 1219 καὶτοῦ

2329 1255 2480 1306 Υἱοῡ.
2536 1250 2677 1303 Ἐπεὶ
2725 1245 2811 1302 οὖν
2857 1258 3261 1324 προσεποιοῦντο
3306 1254 3589 1310 πεισθῆναι
3644 1251 3747 1306 ἀπὸ
3782 1255 3918 1325 ψιλοῦ

2327 1342 2579 1415 ῥήματος,
2624 1336 2890 1392 δείκνυσιν
2926 1338 3132 1411 ὁμαλῶς
3175 1341 3255 1391 ὅτι
3294 1350 3705 1413 κακουργοῦσιν,
3752 1346 3917 1397 ὡσανεὶ

2328 1430 2487 1501 λέγων
2539 1448 2550 1461 ·
2610 1429 2671 1481 Εἰ
2728 1435 2835 1490 τοῖς
2913 1431 3085 1502 ἔργοις
3157 1427 3217 1481 οὐ
3292 1433 3580 1496 πιστεύετε,
3652 1441 3759 1494 πῶς
3828 1441 3918 1494 τοῖς

2329 1518 2500 1591 λόγοις
2538 1520 2842 1571 πιστεύσετε
2872 1534 2885 1584 ;

2405 1608 2481 1660 Οὐ
2534 1610 2635 1680 γὰρ
2670 1638 2735 1647 -
2768 1607 2919 1678 ἐμῶν.
2949 1607 3085 1679 Ἐγὼ
3141 1611 3231 1679 μὲν
3284 1610 3385 1683 γὰρ
3434 1611 3499 1669 ὡς
3535 1614 3733 1683 ποιμὴν
3782 1611 3919 1673 καλός

2332 1701 2503 1750 πάντα
2560 1700 2625 1749 τὰ
2677 1704 2768 1749 τοῦ
2826 1695 2987 1748 καλοῦ
3041 1701 3278 1769 ποιμένος
3348 1694 3684 1770 ἐνεδειξάμην
3726 1720 3737 1732 ·
3792 1703 3917 1773 ὑμεῖς

565 1798 682 1846 tem
712 1806 748 1845 a
777 1790 1132 1859 cognatione
1158 1788 1365 1845 ovium
1399 1806 1669 1845 mearum
1712 1806 1817 1844 vos
1854 1788 2018 1861 ipsos
2052 1805 2221 1862 sepa-

2335 1785 2394 1841 δι
2466 1785 2785 1861 ἀπερρήξατε
2855 1785 3069 1847 ἑαυτοὺς
3135 1794 3229 1850 τῆς
3306 1796 3403 1840 τῶν
3473 1787 3749 1861 προϐάτων
3813 1808 3920 1861 συγ-

563 1881 758 1938 rastis.

638 1970 802 2026 Vers.
845 1970 936 2025 56.
971 1970 1137 2026 Sicut
1164 1999 1221 2010 —
1263 1970 1426 2025 Vers.
1460 1971 1549 2024 27.
1585 1984 1693 2026 me.
1726 1972 1804 2026 De
1832 1969 1918 2025 his
1950 1969 2224 2042 superius

563 2058 791 2116 dictum
822 2062 934 2116 est.

641 2152 797 2204 Vers.
832 2149 917 2203 28.
978 2150 1042 2203 Et
1086 2163 1190 2218 ego
1222 2180 1287 2189 ——
1341 2155 1647 2205 aeternum.
1702 2150 1765 2203 Et
1823 2149 1898 2205 de
1954 2148 2068 2205 hac
2109 2148 2226 2204 vita

566 2237 900 2309 frequenter
929 2237 1151 2292 dictum
1184 2243 1271 2293 est
1303 2243 1357 2292 et
1384 2240 1519 2293 data
1542 2238 1974 2309 interpretatio.

638 2328 797 2383 Vers.
839 2330 928 2382 28.
958 2329 1065 2383 Nec
1100 2342 1337 2384 —-mea.
1376 2328 1700 2399 Quisquam
1729 2344 1798 2382 ex
1837 2329 1948 2393 bis,
1982 2327 2085 2399 qui
2116 2327 2228 2382 illis

564 2415 947 2472 insidiantur.
973 2415 1217 2471 Manum
1244 2432 1383 2471 vero
1411 2416 1556 2472 dicit
1583 2418 1856 2471 virtutem
1875 2433 1940 2472 ac
1975 2423 2229 2487 potesta-

566 2510 687 2561 tem
721 2522 917 2561 suam.
950 2506 1070 2560 Hoc
1101 2510 1300 2560 autem
1317 2505 1479 2575 dixit,
1504 2506 1644 2577 quia
1664 2510 1991 2561 statuerant
2016 2506 2227 2578 judrei,

567 2600 631 2650 ut
662 2596 711 2651 si
761 2596 891 2666 quis
923 2596 1307 2650 conﬁteretur
1356 2612 1484 2650 eum
1534 2610 1654 2651 esse
1687 2595 1997 2662 Christum,
2053 2600 2226 2653 extra

566 2699 932 2756 synagogam
987 2686 1407 2753 ejiceretur”;
1454 2684 1772 2740 conﬁrmat
1824 2684 2005 2749 enim,
2060 2684 2225 2758 quod

567 2773 790 2828 frustra
820 2772 1112 2827 laborent.

637 2864 723 2932 H-
754 2865 973 2933 Rapere
987 2860 1233 2932 quidem
1251 2878 1321 2916 ex
1349 2861 1564 2918 invicta
1586 2862 1793 2919 dextra
1810 2880 1948 2920 eum
1978 2864 2079 2936 qui
2101 2879 2223 2921 non

578 2950 723 3018 vult,
741 2966 919 3006 nemo
940 2950 1129 3006 hostis
1151 2956 1361 3021 potest;
1387 2957 1576 3023 potest
1596 2957 1793 3007 tamen
1809 2953 2143 3024 deceptum,
2169 2958 2225 3009 et

566 3054 703 3095 eum
736 3043 834 3111 qui
875 3056 937 3095 se
976 3040 1178 3111 ipsum
1208 3040 1406 3111 prodit
1444 3040 1503 3095 in
1534 3057 1791 3097 errorem
1839 3042 2078 3098 ducere.
2106 3046 2223 3099 Hoc

2373 1897 2550 1938 ενειας.

2373 1899 2550 1938 ενιιας.

2333 1899 2367 1950 7
2411 1969 2676 2029 Καθὼς-
2695 1986 2805 2040 μοι.
2846 1969 3062 2040 Εἴρηται
3082 1972 3200 2042 περὶ
3222 1970 3413 2021 τούτων
3435 1966 3692 2042 ἀνωτέρω.

2412 2144 2568 2217 Κάγὼ
2618 2178 2685 2186 -
2732 2145 2913 2203 αἰῶνα,
2966 2150 3065 2199 Καὶ
3110 2150 3226 2218 περὶ
3274 2155 3368 2208 τῆς
3424 2150 3560 2209 ζωῆς
3602 2151 3790 2210 ταύτης
3820 2148 3921 2201 πολ-

2336 2235 2481 2295 λάκις
2512 2239 2715 2307 εἴρηται
2746 2240 2834 2287 καὶ
2864 2237 3208 2309 ἡρμήνευται.

2415 2329 2514 2378 Καὶ
2569 2324 2673 2396 οὐχ
2708 2354 2770 2364 -
2816 2344 2935 2395 μου.
2987 2330 3074 2384 Τὶς
3116 2333 3213 2376 τῶν
3258 2324 3687 2379 ἑπιϐουὶευόντων
3744 2328 3921 2389 αὐτοῖς.

2342 2422 2504 2488 Χεῖρα
2567 2410 2625 2466 δι
2696 2414 2830 2484 λέγει
2886 2418 2979 2471 τὴν
3029 2411 3251 2487 δύναμιν
3307 2420 3393 2467 καὶ
3438 2416 3683 2479 ἐξουσίαν
3738 2417 3920 2469 αὑτοῦ·

2340 2513 2491 2557 τουτο
2552 2500 2609 2556 δὲ
2684 2500 2811 2567 εἷπε,
2884 2500 3024 2555 διότι
3082 2508 3446 2575 συνεφώνησαν
3497 2502 3773 2571 Ἰουδαῖοι,
3833 2508 3920 2567 ἶνα,

2956 2591 3255 2665 ὁμολογήσῃ
3329 2597 3585 2666 Χριστόν,
3686 2594 3925 2648 ἀποσυνά-

2337 2700 2508 2752 γωγος
2560 2685 2812 2752 γένηται’
2868 2680 3074 2754 βεϐαιοῖ
3130 2684 3232 2754 γὰρ
3292 2684 3370 2735 ὅτι
3451 2683 3523 2746 εἰς
3579 2688 3714 2737 κενόι
3783 2704 3925 2737 σπου-

2340 2767 2618 2832 δείξουσιν.

2339 2593 2423 2646 ἐάν
2530 2612 2605 2652 τις
2704 2592 2858 2644 αὐτόν

2408 2859 2699 2933 [Ἀρττάσαι
2750 2861 2857 2930 (19)
2897 2863 2986 2933 μὲν
3035 2859 3090 2913 ἐκ
3119 2868 3213 2921 τῆς
3245 2859 3499 2920 ἀηττήτου
3532 2858 3711 2927 δεξιᾶς
3746 2868 3828 2916 τόν
3859 2869 3919 2936 μη

2337 2948 2649 3022 βουλόμενον
2698 2947 2873 3010 οὐδεὶς
2924 2949 3117 3023 ἐχθρός
3165 2946 3387 3003 δύναται
3420 2968 3430 2980 ·
3461 2950 3828 3013 ἀποπλανῆσαι
3873 2950 3923 3006 δὲ

2333 3042 2419 3092 τόν
2454 3037 2785 3112 ἀπατώμενον
2825 3044 2914 3091 καὶ
2963 3035 3293 3114 προδιδόντα
3331 3040 3512 3093 ἑαυτὸν
3545 3038 3767 3096 δύναται
3798 3060 3810 3074 ·
3846 3050 3923 3095 καὶ

566 3134 789 3193 autem,
822 3145 944 3184 non
978 3145 1082 3200 per
1109 3129 1395 3185 invictam
1423 3130 1714 3196 dextram,
1748 3132 1847 3186 sed
1877 3149 1976 3204 per
2018 3132 2221 3188 volun-

2334 3138 2485 3181 τουτο
2570 3129 2627 3181 οὐ
2686 3131 2829 3202 παρά
2896 3133 2991 3187 την
3055 3131 3268 3201 ἄμαχον
3331 3126 3524 3195 δεξιὰν,
3590 3132 3718 3186 ἀλλὰ
3797 3138 3924 3209 παρά

568 3218 778 3275 tariam
808 3217 1104 3275 levitatem
1136 3218 1264 3289 ejus
1302 3220 1406 3291 qui
1432 3219 1672 3276 recedit.

634 3397 803 3453 Vers.
843 3398 930 3454 29.
956 3397 1135 3454 Pater
1156 3428 1223 3437 —
1245 3404 1348 3453 est.
1383 3398 1570 3469 Major
1601 3399 1884 3454 omnibus
1920 3400 2226 3456 insidiato-

560 3484 743 3551 ribus,
782 3490 843 3541 ut
874 3486 1100 3542 dictum
1134 3489 1240 3540 est.
1277 3485 1501 3541 Rursus
1540 3503 1702 3558 ergo,
1744 3489 1901 3560 quod
1934 3487 2032 3559 ait,
2061 3489 2223 3545 Dedit

558 3574 727 3640 mihi,
759 3575 1269 3647 dispensatorium
1297 3581 1402 3631 est.

629 3665 797 3719 Vers.
866 3668 953 3719 29.
1039 3665 1116 3719 Et
1198 3696 1264 3703 —
1314 3664 1446 3720 mei.
1512 3668 1593 3721 Ne
1640 3670 1864 3735 autem,
1936 3671 2223 3741 tanquam

558 3752 883 3824 impotens,
916 3751 1498 3823 videaturauxilium
1531 3771 1565 3811 a
1593 3756 1758 3812 Patre
1792 3772 2059 3829 poscere,
2092 3758 2223 3814 sub-

560 3840 757 3897 intulit
792 3857 803 3896 :

633 3932 791 3986 Vers.
818 3931 905 3988 39.
924 3932 1042 4002 Ego
1067 3963 1133 3973 —
1156 3949 1375 3988 sumus.
1405 3936 1599 3991 Unum
1626 3938 1905 4008 potentia,
1933 3937 2055 3993 sive
2069 3938 2222 4009 ejus-

560 4020 699 4077 dem
719 4021 994 4092 potentiaa
1017 4038 1028 4075 :
1050 4023 1213 4094 quod
1254 4022 1300 4077 si
1329 4039 1511 4080 unum
1562 4027 2053 4097 potentia,unum
2079 4044 2223 4083 sane

560 4110 929 4165 etdivinitate
943 4116 997 4166 et
1016 4113 1354 4176 essentia,et
1374 4120 1605 4170 natura.
1629 4116 1837 4171 Dicens
1859 4116 2057 4188 itaque
2075 4118 2221 4186 :Ego

560 4205 615 4255 et
642 4199 1183 4263 Paler,dualitatem
1201 4201 1549 4269 significavit
1564 4205 2225 4274 personarum,diversi-

560 4292 743 4343 tatem
765 4287 1159 4359 hypostaseon
1191 4306 1204 4354 ;
1234 4288 1500 4345 subdens
1530 4297 1752 4358 autem,
1787 4294 1978 4349 Unum
1998 4310 2220 4360 sumus,

560 4376 885 4433 divinitatis
923 4377 1229 4447 unitatem,
1266 4378 1631 4437 identitatem
1663 4383 1949 4448 assentire,
1995 4390 2220 4440 natura:

561 4470 617 4522 et
646 4468 947 4537 potentias.

634 4642 1314 4715 Vers.;31.8ustulerunt
1341 4678 1404 4687 —
1427 4663 1572 4704 eum.
1600 4648 1751 4717 Quia
1778 4654 1986 4707 natura
2012 4652 2220 4708 Filium

560 4733 661 4789 Dei
720 4749 784 4788 se
852 4733 1131 4801 dicebat;
1213 4752 1356 4792 nam
1413 4737 1529 4793 hoc
1624 4738 1937 4811 signiﬁcat,
2028 4742 2219 4798 Unum

560 4837 783 4879 sumus.

639 4910 781 4967 Vide
820 4928 979 4983 ergo,
1035 4914 1347 4985 quomodo
1397 4916 1647 4972 convicti
1691 4918 1823 4982 sint,
1882 4918 2043 4989 quod
2097 4935 2214 4973 non

561 4999 829 5056 discendi
855 5018 1038 5058 causa
1069 5004 1519 5075 interrogarent,
1550 5005 1654 5061 sed
1677 5006 2007 5063 occasionis
2045 5008 2221 5062 alicu-

557 5088 657 5160 jus
712 5092 1087 5164 arripiendte,
1144 5110 1267 5165 qua
1320 5111 1457 5150 eum
1510 5096 2103 5167 comprehenderent,
2159 5103 2220 5153 ut

561 5178 847 5237 diximus.

634 5310 676 5347 ²²
710 5310 877 5378 Joan,
906 5325 985 5378 ix,
1028 5309 1118 5368 22.

2334 3223 2428 3276 τὴν
2504 3218 2833 3280 αὐτεξούσιον
2913 3218 3178 3291 εὐχέρειαν
3250 3227 3343 3271 τοῦ
3412 3219 3667 3284 ἑκουσίως
3728 3221 3924 3295 ἀποφοι-

2334 3312 2395 3366 τὴ
2410 3306 2638 3381 σαντος.]

2409 3397 2467 3449 ’0
2522 3402 2701 3472 Πατὴρ
2739 3427 2806 3437 -
2863 3395 2996 3452 ἐστί.
3050 3400 3258 3459 Μείζων
3312 3401 3513 3451 πάντων
3588 3408 3687 3452 τῶν
3736 3397 3923 3453 ἐπιϐου-

2334 3486 2600 3552 λευόντων,
2660 3489 2729 3549 ὡς
2784 3489 3002 3560 εἴρηται.
3061 3487 3219 3540 Πάλιν
3299 3484 3386 3541 οὖν
3458 3492 3515 3541 τό
3567 3485 3769 3543 δέδωκέ
3822 3506 3921 3559 μοι,

2336 3576 2680 3648 οἰκονομικόν.

2410 3670 2509 3717 Καὶ
2537 3696 2608 3705 -—
2631 3686 2752 3737 μου.
2808 3666 2917 3719 Ἰνα
2948 3662 3005 3718 δὲ
3036 3670 3107 3738 μὴ
3159 3662 3286 3740 δόξῃ
3323 3669 3392 3728 ως
3450 3664 3677 3731 ἀσθενὴς
3730 3665 3923 3740 βοηθεῖ-

2337 3755 2462 3807 σθαι
2492 3758 2633 3829 παρα
2663 3762 2753 3807 τοῦ
2780 3756 2893 3828 (20)
2928 3759 3149 3829 Πατρός,
3183 3754 3441 3828 ἐπήγαγεν
3470 3772 3483 3786 ³

2406 3933 2537 4005 Ἐγὼ
2596 3965 2662 3974 —-
2716 3932 2887 4007 ἐσμέν.
2954 3941 3039 3988 “Eu
3113 3938 3247 3987 κατὰ
3318 3940 3410 3994 τὴν
3477 3932 3721 4009 δύναμιν,
3776 3940 3923 4006 ἤγουν

2332 4020 2723 4095 ταυτοδύναμοι
2758 4042 2769 4054 ·
2805 4024 2848 4077 εἰ
2897 4020 2955 4076 δὲ
3008 4023 3056 4076 ἓν
3094 4026 3231 4076 κατὰ
3282 4029 3374 4083 τὴν
3434 4021 3679 4098 δύναμιν,
3739 4026 3786 4078 ἓν
3832 4027 3926 4097 ἄρα

2332 4118 2422 4166 καὶ
2469 4116 2604 4165 κατὰ
2642 4118 2734 4172 τὴν
2782 4115 3001 4171 θεότητα
3046 4118 3135 4166 καὶ
3178 4113 3362 4167 οὐσίαν
3393 4119 3484 4167 καὶ
3514 4118 3691 4187 φύσιν.
3728 4116 3815 4168 Διὰ
3842 4115 3923 4184 μὲν

2333 4199 2420 4255 οὖν
2472 4204 2599 4273 (20’)
2644 4210 2735 4255 τοῦ
2795 4204 2949 4255 εἰπεῖν
2985 4220 2997 4232 ·
3030 4202 3160 4274 Ἐγὼ
3195 4208 3284 4256 καὶ
3328 4206 3353 4256 ὁ
3388 4209 3594 4278 Πατὴρ,
3632 4206 3725 4263 τήν
3758 4198 3923 4256 δυάδα

2334 4289 2565 4351 ἐδήλωσε
2618 4300 2718 4345 τῶν
2766 4298 3080 4363 προσώπων,
3126 4296 3185 4345 τὸ
3252 4290 3502 4367 διάφορον
3551 4302 3650 4345 τῶν
3701 4292 3921 4346 ὑποστά-

2336 4402 2461 4434 σεων
2495 4399 2505 4411 ·
2540 4378 2633 4434 διὰ
2672 4378 2730 4433 δὲ
2769 4390 2880 4448 τοῦ,
2934 4380 3022 4434 Ἐν
3073 4380 3248 4454 ἐσμεν,
3299 4387 3394 4441 τὴν
3437 4379 3647 4455 μονάδα
3684 4392 3777 4445 τῆς
3823 4383 3920 4433 θεό-

2260 4511 2300 4563 D
2333 4491 2509 4535 τητος,
2563 4474 2619 4522 τό
2680 4475 2865 4523 ταυτὸν
2916 4478 3011 4533 τῆς
3050 4471 3233 4534 οὐσίας
3289 4478 3379 4525 καὶ
3442 4474 3639 4545 φύσεως
3690 4477 3779 4525 καὶ
3838 4466 3921 4523 δυ·

2333 4563 2501 4631 νοὶμεω
2514 4582 2551 4622 ς.

2405 4649 2715 4703 [ἐϐάστασαν
2764 4680 2833 4689 -
2872 4650 3046 4703 αὐτόν.
3107 4655 3249 4704 Διότι
3318 4653 3436 4705 Υὶόν
3490 4658 3581 4703 τοῦ
3645 4658 3777 4706 Θεοῦ
3834 4650 3919 4720 φύ-

2334 4760 2415 4792 σει
2492 4738 2624 4792 εἶπεν
2696 4739 2874 4792 ἑαυτόν
2930 4756 2943 4769 ·
3009 4747 3161 4793 τοῦτο
3235 4742 3336 4815 γὰρ
3410 4739 3644 4813 ἔμφαίνιι
3717 4744 3772 4794 τό
3842 4737 3919 4789 Ἐν

2333 4829 2504 4900 ἐσμεν.

2401 4917 2536 4990 ’Ὁρα
2576 4914 2634 4971 δὲ
2692 4927 2794 4979 πῶς
2842 4918 3204 4989 ἠλέγχθησαν,
3269 4919 3374 4991 οὐχ
3430 4921 3556 4994 ὑπὲρ
3611 4927 3703 4972 τοῦ
3752 4920 3920 4991 μαθεῖν

2332 5006 2635 5081 ἐρωτῶντες,
2692 5005 2799 5058 ἀλλ’
2841 5010 2965 5079 ὑπὲρ
3018 5004 3106 5060 τοῦ
3162 5005 3463 5081 δράξασθαί
3513 5029 3651 5071 τινος
3698 5008 3923 5082 ἀφορμῆς

2331 5115 2397 5157 εις
2430 5096 2676 5163 ἐπίθεσιν,
2709 5101 2776 5158 ως
2797 5102 3109 5172 προέφημεν.

1764 5429 1954 5499 Vriae
1994 5430 2323 5498 lectiones
2363 5439 2429 5497 et
2469 5439 2681 5498 notae.

634 5585 746 5725 $18)
776 5588 1096 5669 Hentenius
1142 5590 1342 5647 omisit
1374 5607 1385 5648 :
1421 5590 1562 5647 Ἀλλ’
1593 5593 1733 5665 ὑμεῖς
1765 5592 1822 5645 οὐ
1855 5596 2143 5648 πιστεύετε.

671 5657 753 5725 l9)
792 5662 924 5715 Haec
954 5676 1015 5715 1n
1058 5663 1326 5725 margine
1352 5664 1577 5722 habent
1605 5664 1775 5721 codd.
1807 5670 1871 5725 Α,
1930 5667 1987 5720 Β.
2022 5668 2140 5722 tlen

610 5657 753 5736 ‘(l9)
792 5662 924 5736 Haec
954 5660 1015 5736 in
1058 5663 1326 5733 margine
1352 5664 1577 5722 habent
1605 5657 1775 5721 codd.
1807 5670 1871 5729 Α,
1930 5667 1987 5720 Β.
2022 5668 2225 5723 [lente-

564 5730 698 5783 nius
728 5745 848 5785 non
874 5730 1075 5793 habet.

2405 5595 2514 5661 (20)
2554 5591 2677 5646 ’Υπό
2708 5598 2799 5643 τοῦ
2831 5594 2897 5645 Α.

2405 5665 2537 5736 (30')
2572 5661 2676 5716 0-3»
2708 5664 2878 5720 abest
2907 5666 2974 5718 A.
