4156 6406
290 376 426 436 1337

1350 373 1721 433 COMMENT.
1765 375 1836 430 IN
1870 374 2226 431 JOANNEM.
2268 407 2336 414 —
2376 374 2531 430 CAP.
2576 372 2650 430 X.

3450 398 3457 401 -
3527 370 3667 429 i338

360 505 460 560 Καὶ
494 499 641 558 δεατί
672 498 900 557 δέδωκεν
949 502 1128 565 αὐτοῖς
1172 500 1408 577 ἀφορμήν
1441 518 1455 569 ;
1485 506 1627 556 Διότι
1652 499 1888 554 ἐϐούλετο

2073 502 2139 556 Ει
2166 515 2352 572 quare
2378 499 2540 556 dedit
2557 499 2643 556 eis
2670 497 3098 556 occasionem?
3125 496 3275 565 Quia
3293 496 3531 554 volebat
3557 514 3662 554 eos

282 601 372 645 νῦν
424 593 614 655 αύτούς
662 592 744 665 ὑφ’
804 593 994 645 ἑαυτῶν
1050 591 1365 665 ἐλεγχθῆναι
1411 594 1752 666 πειράζοντας
1801 596 1891 644 καὶ

284 690 726 758 κακουργοῦντας.
778 682 974 744 Ἀλλως
1022 702 1076 735 τε
1130 679 1189 736 δε
1238 683 1331 735 ούκ
1408 680 1516 736 ἔδει
1573 685 1743 735 πάντα
1809 680 1889 733 οἰ-

284 782 575 846 κονομικῶς
624 773 808 844 λέγειν,
862 770 989 824 ἀλλά
1054 779 1142 825 καὶ
1200 780 1429 845 γυμνοῦν
1493 772 1542 825 ἐν
1598 776 1741 845 μέρει
1797 774 1892 828 τὴν

287 862 551 923 ἀλήθειαν.

354 954 642 1026 ’Δπεκρίθη
741 983 807 993 -

285 1048 477 1116 Πατρὶ.

358 1134 452 1184 Διά
481 1163 549 1171 —
579 1151 642 1203 με
674 1148 686 1197 ;
722 1134 815 1184 Διά
839 1138 984 1183 ποῖον
1016 1133 1183 1203 ἔργον,
1213 1136 1283 1203 μὴ
1323 1127 1557 1184 δεικνύον
1586 1151 1649 1204 με
1679 1132 1792 1184 ἶσον
1822 1137 1894 1200 τῷ

284 1229 451 1295 Πατρι
477 1239 489 1290 ;
520 1223 598 1273 Τὰ
627 1224 755 1293 ἔργα
779 1216 865 1273 οὖν
898 1216 1011 1273 ἶσόν
1041 1239 1105 1293 με
1131 1230 1200 1292 τῷ
1233 1225 1400 1296 Πατρὶ
1431 1223 1774 1294 κηρύττουσι,
1800 1219 1895 1272 κᾶν

281 1310 384 1384 ἐγώ
421 1315 679 1369 σιωπήσω
706 1312 841 1382 (21).

1103 952 1407 1005 Δεικνύοντά
1503 971 1565 1025 με
1639 948 1750 1005 ἴσον
1824 959 1894 1022 τῷ

904 972 1025 1025 μου.

361 1492 732 1565 Δπεκρίθησαν
790 1521 860 1531 -
914 1493 1064 1543 Θεόν.
1100 1492 1195 1541 Διὰ
1244 1490 1398 1542 καλὸν
1444 1492 1590 1564 ἔργον
1643 1490 1703 1543 ού
1753 1490 1895 1543 λιθοξ-

285 1581 442 1654 ζομέν
494 1599 573 1648 σε,
640 1579 770 1632 ἀλλά
820 1575 915 1633 διὰ
950 1578 1317 1652 βλασφημίαν.
1374 1583 1506 1641 Τέως
1561 1576 1649 1632 οὖν
1704 1579 1897 1652 ὡμολό-

282 1689 459 1742 γησαν
513 1669 646 1721 καλά
698 1673 764 1721 τὰ
821 1672 946 1743 ἔργα
992 1669 1175 1721 αύτού-
1236 1669 1279 1722 εἰ
1310 1665 1368 1722 δὲ
1398 1668 1530 1721 καλὰ
1567 1672 1631 1728 τὰ
1655 1672 1784 1743 ἔργα
1810 1669 1900 1721 αύ-

280 1768 396 1827 τοῦ,
448 1759 582 1813 αὐτὰ
634 1767 801 1812 ταῦτα
839 1767 1199 1834 μαρτυροῦσιν
1253 1760 1334 1812 ὃτι
1368 1759 1426 1812 ού
1462 1758 1783 1832 βλασφημεῖ,
1812 1759 1896 1812 λέ-

2000 606 2036 646 a
2085 590 2295 661 seipsis
2364 590 2657 654 convinci,

2729 590 2892 661 quod
2940 594 3254 652 tentarent,
3315 590 3662 660 malumque

2001 679 2508 736 machinarentur.
2534 680 2824 735 Praeterea
2859 694 2979 734 non
3019 679 3285 751 oportuit
3314 678 3518 733 omnia
3548 677 3666 733 dis-

2002 770 2549 843 pensatorieloqui,
2585 769 2688 825 sed
2713 770 2889 825 etiam
2921 769 3228 825 denudare
3266 769 3323 823 in
3368 773 3537 841 parte
3572 784 3666 823 ve-

2000 859 2256 917 ritatem.

2076 952 2243 1005 Vers.
2288 954 2373 1005 32.
2421 951 2742 1020 Respondit
2812 981 2872 989 —
2949 965 3092 1007 meo.
3139 950 3281 1016 Quae
3363 965 3457 1005 me
3509 948 3666 1004 Patri

2004 1040 2299 1111 aequalem
2331 1040 2670 1095 ostendunt.

2075 1128 2242 1185 Vers.
2289 1133 2375 1183 32.
2429 1130 2683 1196 PrOpter
2730 1160 2797 1168 —
2846 1144 2956 1185 me.
3010 1131 3251 1200 Propter
3297 1126 3461 1199 quod
3489 1142 3664 1198 opus,

2005 1219 2169 1291 quod
2195 1235 2287 1273 me
2314 1234 2435 1274 non
2458 1219 2735 1274 ostendat
2761 1219 2914 1274 Patri
2947 1235 3074 1274 esse
3105 1218 3389 1291 aequalem
3420 1216 3449 1271 ?
3476 1218 3670 1293 Opera

2005 1324 2148 1377 ergo
2194 1326 2288 1364 me
2333 1309 2487 1364 Patri
2534 1309 2825 1381 aequalem
2867 1324 2999 1365 esse
3044 1308 3394 1381 praedicant,
3424 1308 3528 1365 etsi
3557 1323 3670 1379 ego

2006 1402 2265 1453 taeuero.

2078 1488 2240 1545 Vers.
2285 1492 2370 1546 33.
2394 1489 2840 1559 Responderunt
2873 1519 2938 1530 -
2988 1489 3189 1547 Deum.
3239 1489 3476 1545 Interim
3524 1504 3666 1558 ergo

2006 1577 2168 1639 bona
2198 1595 2330 1634 esse
2374 1579 2505 1649 ejus
2565 1594 2747 1650 opera
2799 1578 3139 1636 fatebantur
3172 1595 3182 1633 :
3219 1578 3375 1650 quod
3408 1578 3459 1632 si
3508 1579 3666 1633 bona

2012 1673 2150 1723 sunt
2177 1668 2305 1738 ejus
2326 1668 2683 1739 opera,haee
2728 1667 2941 1723 eadem
2988 1673 3296 1735 testantur,
3350 1668 3511 1739 quod
3544 1682 3667 1723 non

2009 1758 2620 1830 blasphemet,dicens
2653 1773 2783 1814 sese
2812 1760 2995 1814 Deum
3023 1774 3152 1814 esse
3181 1777 3199 1830 ς
3225 1763 3362 1815 sunt
3380 1758 3540 1814 enim
3565 1757 3667 1812 Dei

282 1868 390 1920 γων
409 1849 597 1903 ἑαυτὸν
628 1853 781 1902 Θεόν·
812 1851 940 1923 ἔργα
953 1851 1055 1921 γὰρ
1087 1848 1193 1902 εἱσι
1215 1856 1373 1916 Θεοῦ,
1405 1854 1495 1902 καὶ
1516 1849 1610 1901 οὐκ
1627 1848 1893 1923 ἀνθρώπου

2020 1864 2213 1921 ψει-ο,
2244 1855 2300 1903 et
2324 1864 2443 1905 non
2473 1849 2604 1921 puri
2636 1847 2915 1904 hominis.

280 1938 322 2011 ψ
331 1938 442 1992 ιλοῦ
450 1982 465 1997 .

358 2027 642 2104 Ἀπεκρίθη
705 2060 774 2068 -
848 2027 1024 2097 ﬁeri;
1093 2032 1265 2101 Νόμον
1324 2028 1408 2082 ἐπὶ
1483 2036 1575 2082 τοῦ
1645 2034 1899 2105 παρόντος

280 2120 377 2175 τὴν
413 2116 591 2190 βίϐλον
622 2127 722 2171 τῶν
777 2118 1000 2191 Ψαλμῶν
1060 2136 1240 2191 φησιν’
1289 2118 1337 2170 ἓν
1377 2118 1541 2192 ἕκείνη
1584 2123 1685 2193 γὰρ
1745 2128 1897 2172 τοῦτο

275 2211 594 2282 γέγραπται⁸
639 2208 751 2261 ἐπεὶ
786 2213 877 2261 καὶ
921 2208 1055 2267 αὓτη
1089 2212 1261 2280 νόμος,
1298 2204 1393 2261 διὰ
1448 2228 1503 2261 τε
1554 2212 1620 2261 τὰ
1668 2210 1715 2260 ἐν
1762 2210 1891 2281 αὐτῇ

279 2298 600 2350 θεόπνευστα
627 2297 800 2369 λόγια,
832 2304 923 2351 καὶ
976 2295 1070 2350 διὰ
1125 2302 1184 2350 τὸ
1234 2295 1593 2371 παιδαγωγεῖν
1637 2304 1727 2352 καὶ
1764 2300 1895 2375 ῥυθ-

274 2387 453 2460 μίζειν
475 2390 596 2450 τοὺς
638 2386 960 2461 ἀνθρώπους.

353 2476 415 2530 Εἰ
445 2507 511 2516 -
556 2476 706 2547 sint;
770 2479 1032 2544 Λυθῆναι,
1066 2477 1180 2531 ἀντὶ
1230 2484 1342 2546 τοῦ,
1394 2486 1588 2542 πεσεῖν,
1640 2478 1896 2540 ἀθετηθῆ-

274 2585 384 2618 ναι.
432 2566 651 2637 Ἠγίασε
711 2563 772 2619 ὃέ
822 2566 936 2618 ἀντὶ
994 2574 1106 2631 τοῦ,
1163 2566 1440 2639 ἀφώρισεν,
1502 2568 1780 2632 ἐξελέξατο.
1832 2569 1896 2622 Ὀ

276 2657 337 2708 δε
415 2654 551 2725 λέγει
624 2660 857 2707 τοιοῦτόν
907 2654 1074 2707 ἐστιν·
1131 2656 1191 2709 Εἰ
1268 2655 1487 2717 ἐκείνους
1563 2655 1670 2710 εἷπε
1754 2660 1895 2719 θεούς

272 2746 300 2796 6
365 2748 515 2809 Θεὸς,
613 2742 912 2817 ἀνθρώπους
985 2749 1155 2807 ὄντας,
1212 2744 1299 2818 ἐμὲ
1372 2747 1521 2818 ὑμεῖς
1579 2746 1751 2818 λέγετε
1818 2749 1895 2802 ὅτι

271 2834 625 2907 Βλασφημεῖς,
694 2830 833 2887 διότι
895 2833 1056 2887 εἶπον·
1100 2837 1221 2896 Υἱὸς
1271 2842 1364 2887 τοῦ
1417 2842 1551 2889 Θεοῦ
1602 2836 1729 2908 εἰμι,
1786 2836 1891 2909 ἐμὲ,

273 2926 327 2977 ὃν
381 2926 406 2976 6
439 2929 616 2997 Πατήρ
662 2922 939 2999 ἀφώρισεν,
976 2922 1237 2987 ἐξελέξατο
1263 2930 1353 2977 καὶ
1385 2922 1679 2978 ἀπέστειλεν
1712 2925 1784 2988 εἰς
1810 2931 1894 2979 τόν

270 3018 477 3085 κόσμον
510 3029 524 3080 ;

346 3100 820 3175 Συγκαταϐατικῶς
905 3099 964 3155 δὲ
1043 3106 1210 3156 ταῦτα
1276 3124 1429 3177 φησι.
1516 3111 1724 3177 Πρῶτον
1790 3107 1892 3177 γὰρ

270 3193 414 3265 γαλᾷ
433 3198 523 3245 καὶ⁵
544 3194 773 3264 καθυφίη
783 3212 833 3245 σι
859 3202 930 3263 τῷ
949 3193 1108 3265 λόγῳ,
1133 3198 1222 3246 καὶ
1240 3199 1573 3268 ταπεινότερα
1584 3197 1885 3267 φθέγγεται,
1933 3226 1973 3283 C

269 3284 741 3357 παραμυθούμενος
786 3286 872 3335 τὸν
927 3285 1089 3357 θυμόν
1143 3283 1332 3337 αὐτῶν·
1381 3286 1559 3338 ἔπειτα
1610 3284 1793 3358 ἐπάγει
1831 3289 1895 3338 τὰ

270 3372 590 3446 ὑψηλότερα.

346 3462 411 3515 Εἰ
445 3494 513 3503 —
551 3465 889 3519 πιστεύσατε.
943 3463 1074 3519 Ἀπὸ
1125 3472 1222 3527 τῆς
1277 3472 1376 3517 τῶν
1424 3467 1584 3541 ἔργων
1653 3467 1894 3527 ἰσότητος

269 3557 368 3606 καὶ
392 3556 712 3614 ταυτότητος
747 3557 840 3612 τὴν
869 3556 1002 3627 πρὸς
1047 3557 1138 3607 τόν
1172 3558 1378 3625 Πατέρα
1405 3554 1623 3613 ἰσότητα
1651 3560 1739 3608 καὶ
1768 3576 1891 3608 ταυ-

270 3646 472 3701 τότητα
503 3638 747 3695 δεικνύει.

342 3730 457 3785 Ἵνα
491 3763 561 3771 -
599 3732 761 3803 αύτῷ.
830 3730 948 3785 ’Ότι
1004 3732 1053 3785 έν
1106 3732 1221 3806 ἐμοὶ
1290 3735 1557 3809 θεωρεῖται
1610 3737 1635 3787 6
1686 3742 1889 3810 Πατήρ.

267 3816 445 3873 Οὐδὲν
478 3823 579 3894 γὰρ
620 3821 742 3875 ἄλλο
770 3820 870 3894 ἐγὼ
909 3823 938 3882 ἦ
988 3822 1110 3898 ὅπερ
1143 3825 1168 3876 6
1206 3808 1407 3899 ﬂarizp,
1438 3829 1601 3896 μένων
1633 3828 1767 3887 Υἱός⁶
1802 3808 1895 3879 καὶ

266 3906 425 3963 οὐδὲν
450 3911 571 3963 ἄλλο
594 3912 619 3963 6
649 3916 828 3983 Πατὴρ
872 3913 900 3971 ἢ
949 3912 1071 3988 ὅπερ
1116 3912 1236 3984 ἐγὼ,
1275 3918 1435 3986 μένων
1468 3920 1661 3989 Πατήρ.
1698 3914 1756 3967 cO
1803 3912 1891 3968 οὖν

264 4003 360 4051 τὸν
408 4002 522 4053 Υἰόν
567 4004 721 4070 γνοὺς
749 4005 836 4053 τὸν
867 4006 1072 4075 Πατέρα
1102 4006 1231 4073 ἔγνω
1276 4021 1287 4033 ·
1329 4008 1420 4055 καὶ
1472 4005 1498 4055 6
1551 4007 1638 4056 τόν
1684 4009 1890 4080 Πατέρα

264 4090 451 4161 μαθὼν
474 4092 558 4141 τὸν
589 4092 711 4142 Υἰόν
739 4092 920 4163 ἔμαθε.

344 4272 443 4320 Καὶ
476 4266 654 4343 ἑτέρως
702 4265 793 4323 δι’
858 4270 916 4321 Ὀ
956 4273 1045 4342 μὲν
1090 4272 1209 4332 Υἱός
1260 4270 1306 4323 ἐν
1352 4278 1424 4342 τῷ
1474 4277 1661 4345 Πατρὶ,
1713 4275 1782 4334 ὡς
1829 4276 1886 4325 τό

266 4365 363 4418 τῆς
395 4356 591 4419 εἰκόνος
614 4357 795 4420 κάλλος
838 4357 908 4430 [ἒν
941 4368 1012 4431 τῷ
1045 4360 1159 4431 (’22)
1185 4358 1467 4433 ἀρχετύπῳ
1501 4378 1513 4391 ⁸
1550 4363 1575 4413 6
1612 4358 1671 4414 δὲ
1702 4367 1884 4436 Πατὴρ

264 4444 314 4497 ἓν
344 4455 420 4517 τῷ
451 4450 576 4518 Υἰῷ,
602 4451 667 4509 ῶς
696 4452 755 4501 τό
793 4457 886 4502 τοῦ
917 4453 1261 4524 πρωτοτύπου
1292 4450 1475 4513 κάλλος
1503 4450 1575 4524 ἐν]
1617 4460 1677 4523 τῇ
1708 4451 1883 4507 εἰκόνι.

2077 2030 2238 2084 Vers.
2270 2032 2357 2086 34.
2400 2028 2721 2098 Respondit
2748 2060 2815 2068 —
2840 2028 2976 2085 estis
3012 2027 3040 2082 i’
3081 2031 3198 2084 Hoc
3224 2028 3281 2083 in
3313 2027 3445 2083 loco
3475 2026 3668 2097 legem

2009 2118 2266 2190 appellat
2290 2119 2509 2174 librum
2560 2117 2919 2174 Psalmorum
2969 2134 3158 2185 ;nam
3186 2118 3245 2173 id
3303 2117 3362 2172 in
3407 2116 3504 2172 illo
3532 2116 3671 2171 scri-

2008 2215 2176 2279 ptum
2200 2212 2306 2264 est.
2369 2211 2481 2264 Lex
2514 2213 2710 2265 autem
2762 2208 2978 2263 dicitur
3045 2208 3193 2263 liber
3249 2208 3378 2273 iste,
3439 2207 3576 2278 quia
3602 2222 3673 2262 ea

2007 2316 2136 2369 qua:
2169 2300 2225 2354 in
2262 2315 2332 2354 eo
2374 2299 2672 2354 habentur
2702 2298 2967 2363 oracula,
2993 2303 3131 2354 sunt
3162 2314 3197 2353 a
3230 2296 3346 2354 Deo
3373 2296 3597 2365 afﬂata,
3617 2301 3674 2352 et

2007 2389 2150 2461 quia
2188 2390 2466 2444 homines
2496 2390 2798 2444 instruunt
2828 2394 2882 2443 et
2916 2388 3240 2457 corrigunt.

2081 2482 2236 2534 Vers.
2290 2479 2378 2536 35.
2428 2479 2495 2535 Si
2540 2513 2579 2520 —
2622 2480 2784 2534 Vers.
2844 2478 2930 2533 36.
2987 2495 3116 2533 sum
3147 2478 3174 2532 ?
3224 2477 3405 2542 Solvi,
3440 2476 3550 2531 hoc
3585 2480 3674 2531 est

2007 2568 2297 2634 excidere,
2321 2570 2526 2640 rejicit.
2554 2570 2967 2637 Sanctiﬁcavit
2991 2574 3214 2627 autem.
3242 2568 3356 2622 hoc
3371 2572 3476 2627 est,
3501 2582 3672 2637 sepa-

2006 2659 2176 2725 ravit,
2213 2660 2407 2729 elegit.
2444 2660 2612 2725 Quod
2648 2665 2849 2715 autem
2882 2660 3025 2713 dicit
3056 2658 3211 2714 idem
3256 2662 3363 2724 est,
3397 2673 3466 2712 ac
3507 2657 3552 2710 si
3586 2656 3672 2711 di-

2006 2755 2160 2804 ceret
2191 2768 2203 2801 :
2234 2751 2291 2805 Si
2322 2750 2474 2804 Deus
2519 2748 2653 2805 illos
2694 2749 2840 2805 dixit
2879 2749 3045 2815 deos,
3079 2764 3210 2803 cum
3260 2747 3539 2802 homines
3584 2763 3671 2801 es-

2005 2842 2155 2905 sent,
2182 2838 2256 2893 de
2292 2855 2383 2893 me
2405 2839 2597 2894 dicitis
2626 2858 2639 2897 :
2674 2838 3087 2907 Btasphemas,
3114 2838 3252 2909 quia
3284 2838 3435 2903 dixi,
3475 2837 3667 2893 Filius

2006 2927 2112 2985 Dei
2139 2945 2265 2983 sum
2299 2930 2326 2985 7
2359 2927 2434 2983 de
2476 2944 2591 2994 me,
2630 2929 2902 3000 inquam,
2933 2942 3115 3000 quem
3146 2928 3319 2982 Pater
3350 2926 3666 2998 separavit,

2004 3018 2179 3085 elegit
2203 3034 2274 3073 ac
2302 3017 2461 3074 misit
2485 3018 2545 3074 in
2569 3018 2868 3074 mundum
2892 3018 2923 3069 ‘I

2077 3107 2364 3162 Humilius
2386 3112 2583 3162 autem
2616 3108 2724 3163 ista
2772 3107 3053 3178 loquitur.
3098 3105 3357 3160 Primum
3402 3119 3671 3177 namque

2006 3197 2278 3269 deprimit
2322 3201 2381 3252 et
2411 3198 2737 3253 concedere
2790 3196 3019 3252 videtur
3065 3212 3417 3261 sermonem,
3447 3212 3516 3251 ac
3562 3195 3671 3250 hu-

2007 3288 2239 3343 miliora
2271 3288 2553 3358 loquitur,
2613 3304 2736 3360 quo
2770 3288 3034 3346 furorem
3088 3284 3672 3342 illorumconsoletur

2004 3394 2071 3433 ac
2104 3378 2329 3447 mitiget
2363 3394 2375 3433 :
2409 3377 2624 3433 deinde
2657 3377 2853 3433 subdit
2904 3377 3078 3432 etiam
3113 3375 3485 3431 sublimoria.

2075 3466 2238 3521 Vers.
2282 3468 2368 3524 37.
2410 3468 2577 3523 Si—
2623 3468 2783 3522 Vers.
2833 3468 2922 3521 38.
2971 3467 3213 3522 credite.
3268 3465 3357 3520 Ab
3414 3478 3667 3536 operum

2003 3555 2340 3627 aequalitate
2371 3556 2768 3629 aequalitatem
2790 3572 2860 3612 ac
2917 3555 3279 3611 identitatem
3330 3570 3467 3609 cum
3503 3554 3666 3609 Patre

2004 3645 2286 3701 ostendit.

2078 3738 2241 3791 Vers.
2303 3740 2385 3791 58.
2438 3737 2603 3793 Ut—
2652 3752 2735 3793 eo.
2774 3741 2833 3791 In
2885 3750 2978 3791 me
3029 3736 3201 3791 Pater
3250 3733 3657 3805 conspicitur;

2002 3824 2148 3881 nihil
2178 3826 2336 3881 enim
2371 3825 2524 3881 aliud
2566 3842 2704 3881 sum
2758 3841 2890 3896 ego,
2938 3841 3123 3897 quam
3156 3825 3321 3897 quod
3354 3825 3523 3878 Pater
3550 3828 3662 3885 est,

2004 3931 2364 3986 permanens
2392 3921 2588 3971 tamen
2624 3915 2821 3981 Filius,
2860 3936 2872 3973 :
2901 3920 2957 3970 et
2985 3914 3127 3970 nihil
3160 3914 3319 3969 aliud
3353 3914 3523 3969 Pater
3553 3917 3659 3977 est,

2000 4020 2187 4075 quam
2232 4004 2395 4075 quod
2431 4005 2628 4070 Filius,
2678 4020 3033 4076 permanens
3075 4008 3275 4059 tamen
3321 4002 3510 4057 Pater.
3555 4001 3663 4066 Qui

2000 4109 2141 4163 ergo
2174 4095 2379 4149 Filium
2400 4096 2580 4160 novit,
2614 4100 2665 4149 et
2702 4095 2934 4149 Patrem
2967 4095 3132 4149 novit
3176 4115 3187 4157 ;
3222 4097 3277 4146 et
3302 4092 3404 4164 qui
3440 4092 3662 4147 Patrem

1998 4185 2299 4254 cognovit,
2350 4184 2551 4239 Filium
2581 4185 2877 4253 cognovit.

2071 4273 2167 4327 Vel
2200 4274 2370 4328 aliter
2401 4292 2412 4328 :
2438 4274 2616 4329 Filius
2647 4273 2817 4329 estin
2854 4276 3040 4337 Patre,
3075 4276 3358 4344 tanquam
3388 4269 3667 4340 imaginis

1997 4362 2374 4433 pulchritudo
2428 4364 2484 4417 in
2538 4363 2866 4435 archetypo
2925 4380 2939 4422 :
2994 4362 3164 4417 Pater
3222 4378 3359 4416 vero
3387 4360 3443 4415 in
3496 4358 3664 4424 Filio,

2000 4457 2287 4523 tanquam
2302 4451 2661 4524 exemplaris
2691 4451 3073 4524 pulchritudo
3096 4452 3154 4506 in
3183 4449 3476 4520 imagine;
3518 4448 3670 4503 ima-

263 4536 457 4589 Εἰκόνα
481 4534 541 4590 δε
580 4545 672 4591 τοῦ
696 4542 900 4611 Πατρός
927 4542 1014 4591 τόν
1037 4538 1151 4610 γίόν
1177 4539 1386 4611 λέγομεν
1408 4545 1516 4612 οὐχ
1548 4540 1739 4607 ἁπλῶς,
1776 4540 1882 4594 ἀλλ’

2020 4541 2199 4611 ginem
2233 4545 2431 4596 autem
2461 4541 2648 4597 Patris
2698 4541 2955 4597 dicimus
2982 4540 3213 4611 Filium,
3245 4556 3367 4595 non
3398 4537 3665 4612 qualem-

264 4623 661 4700 ἀπαράλλακτον
671 4670 684 4683 .

337 4715 583 4776 Ἐζήτουν
637 4748 706 4756 -
760 4715 882 4770 ἐκεῖ.
954 4717 1117 4770 Ὀταν
1192 4721 1283 4790 μὲν
1368 4722 1505 4791 μέγα
1561 4739 1612 4771 τι
1673 4726 1891 4793 σημεῖον

262 4808 488 4878 ποιήσῃ,
550 4808 725 4879 φεύγει
793 4803 888 4858 διὰ
952 4811 1041 4859 τὸν
1098 4812 1287 4879 κρότον
1354 4814 1444 4861 καὶ
1493 4814 1587 4867 τὴν
1632 4809 1889 4882 εύφημίαν

262 4902 356 4946 τοῦ
384 4893 547 4965 ὄχλου
581 4913 592 4925 ·
623 4897 743 4948 ὅταν
788 4893 847 4948 δὲ
877 4901 1015 4969 μέγα
1069 4917 1121 4949 τι
1167 4902 1288 4971 περὶ
1339 4897 1521 4950 ἑαυτοῦ
1576 4900 1882 4971 φθέγξηται,

265 4981 537 5059 ἀναχωρεῖ
607 4980 701 5037 διὰ
762 4988 849 5037 τόν
926 4988 1088 5057 θυμόν
1138 4996 1236 5038 τῶν
1314 4989 1586 5059 φθονερῶν,
1648 4985 1885 5051 ἐνδιδούς

264 5072 407 5142 αύτῷ
454 5073 694 5147 λωφῆσαι
750 5081 839 5129 καὶ
867 5075 1024 5139 λῆξαι
1064 5084 1123 5135 τῆ
1174 5074 1405 5149 ἀπουσίᾳ
1441 5078 1620 5130 αὐτοῦ.
1658 5078 1884 5137 Ἀπῆλθε

266 5157 325 5214 δε
379 5162 446 5224 εἰς
492 5168 579 5216 τόν
626 5168 781 5217 τόπον
821 5166 948 5218 ὅπου
1009 5167 1034 5217 6
1096 5166 1338 5228 Ἰωάννης
1390 5170 1448 5218 τὸ
1478 5172 1723 5242 πρότερον
1766 5166 1883 5220 ἔϐα-

264 5252 462 5319 πτιζεν,
492 5254 575 5306 ἵνα
605 5252 1012 5328 ἀναμνησθῶσιν
1060 5258 1110 5308 οἱ
1158 5260 1409 5331 παρόντες
1465 5265 1558 5310 τοῦ
1609 5262 1881 5330 γεγονότος

262 5341 345 5394 ὅτε
401 5341 691 5403 ἐϐαπτίσθη
754 5350 995 5419 σημείου,
1056 5350 1145 5399 καὶ
1210 5353 1305 5410 τῆς
1360 5346 1599 5400 Ἰωάννου
1667 5368 1876 5422 μαρτυ-

2001 4646 2257 4703 eunque,
2288 4632 2388 4686 sel
2429 4646 2534 4701 per
2572 4631 2779 4687 omnia
2809 4630 3084 4686 similem.

2072 4721 2231 4776 Vers.
2271 4722 2360 4775 39.
2415 4720 2769 4787 Quaerebam
2802 4752 2870 4760 —-
2915 4721 3073 4777 Vers.
3108 4723 3196 4776 40.
3230 4721 3331 4777 ibi.
3391 4722 3491 4778 Ubi
3538 4739 3661 4780 ma-

1999 4824 2178 4878 gnum
2212 4810 2454 4881 aliquod
2498 4809 2739 4879 signum
2796 4810 3047 4874 fecisset,
3102 4811 3360 4881 fugiebat
3415 4817 3659 4884 pr0pter

1997 4898 2202 4971 populi
2236 4900 2516 4970 plausum
2552 4916 2619 4953 ac
2661 4899 2922 4955 laudem.
2966 4900 3071 4956 Ubi
3133 4901 3311 4955 etiam
3363 4917 3652 4971 magnum

1995 4989 2305 5060 quippiam
2322 4991 2394 5043 de
2409 4990 2605 5060 seipso
2638 4990 2871 5044 locutus
2887 4995 3057 5047 esset.
3082 4990 3394 5045 secedebat
3415 4995 3657 5063 propter

1993 5080 2219 5133 rabiem
2263 5078 2601 5133 invidorum
2674 5078 2804 5133 :illi
2838 5078 3193 5145 concedens,
3242 5085 3301 5135 ut
3347 5095 3450 5151 per
3480 5096 3653 5136 suam

1992 5168 2325 5224 absentiam
2373 5175 2633 5224 cessaret
2703 5184 2773 5224 ac
2819 5168 3167 5241 quiesceret.
3243 5168 3399 5225 Abiit
3456 5174 3657 5226 autem

1990 5257 2047 5312 in
2120 5256 2318 5313 locum
2378 5258 2479 5313 ubi
2576 5260 2836 5315 Joannes
2902 5257 3268 5330 baptizabat,
3376 5263 3440 5316 ut
3517 5276 3656 5332 prae-

1990 5348 2250 5404 sentium
2280 5347 2587 5405 memoriae
2640 5353 3054 5419 suggereretur
3093 5349 3331 5419 signum
3381 5348 3549 5422 quod
3574 5348 3658 5407 fa-

1504 5526 1734 5596 Variae
1764 5527 2092 5597 lectiones
2133 5535 2198 5596 et
2228 5536 2429 5595 notae.

333 5715 445 5788 (21)
474 5717 606 5790 Ἐγὼ
638 5721 847 5791 σιγήσω
878 5726 940 5777 Α.

2054 5722 2170 5794 (22)
2209 5721 2445 5781 Inclusa
2462 5722 2811 5780 exciderunt
2832 5725 2896 5778 Α.
