4156 6388
546 354 686 411 1339

1934 353 2233 410 UTHYMII
2274 352 2609 413 ZlGABENI

3805 355 3930 415 1310

549 485 714 538 ctum
754 479 945 539 fuerat
990 498 1135 539 eum
1179 482 1598 556 baptizaretur,
1650 498 1720 540 ac
1760 481 2007 539 Joannis
2053 481 2210 537 testi-

2324 485 2462 556 ρίας,
2496 482 2557 541 ἣν
2612 481 2938 557 ἐμαρτύρησε
2990 486 3109 559 πὲρι
3168 482 3352 552 αὐτοῦ,
3408 489 3501 538 καὶ
3545 486 3921 539 πιστεύσωσιν·

553 572 849 637 monium,
897 588 1016 645 quo
1066 574 1142 627 de
1203 589 1272 628 eo
1322 574 1672 629 testiﬁcatus
1743 572 1958 637 fuerat,
2022 576 2079 628 et
2140 570 2217 625 ita

555 661 865 718 crederent
912 678 927 729 ;
977 662 1143 735 quod
1198 679 1344 719 sane
1405 664 1587 720 etiam
1639 662 1861 720 factum
1915 666 2023 719 est.
2073 659 2217 717 Vide

556 752 738 808 enim.

628 843 797 899 Vers.
824 844 909 898 41.
948 844 1018 899 Et
1052 875 1116 884 —
1142 850 1332 899 erant.
1369 843 1698 900 Considera
1728 843 2035 917 quomodo
2065 842 2218 898 inter

558 947 619 987 se
652 937 1119 1001 argumentatur.
1162 936 1425 991 Joannes
1477 934 1713 1006 quidem
1781 936 2017 1005 signum
2070 936 2213 1004 fecit

553 1024 811 1086 nullum,
848 1023 942 1078 hic
988 1028 1186 1079 autem
1214 1024 1433 1091 multa;
1470 1026 1657 1096 major
1685 1040 1820 1095 ergo
1852 1025 1944 1080 hie
1976 1030 2061 1080 est
2088 1025 2207 1079 illo.

554 1114 775 1168 Deinde
805 1113 966 1169 aliud
994 1130 1235 1187 quoque
1270 1120 1513 1169 sumunt
1538 1115 1901 1171 excellentia:
1930 1115 2206 1184 signum;

545 1204 689 1276 quia
727 1204 925 1270 etiam,
961 1221 1343 1277 quaecunque
1377 1205 1445 1261 de
1463 1205 1578 1260 hoc
1609 1205 1751 1260 dixit
1777 1208 2038 1260 Joannes
2069 1221 2209 1261 vera

547 1301 733 1361 erant,
769 1294 950 1349 rebus
974 1294 1252 1366 ipsisjam
1276 1295 1709 1352 demonstrata.
1728 1295 2203 1351 Dixeratautem:

550 1383 659 1449 Qui
688 1389 811 1454 post
833 1400 923 1439 me
954 1391 1239 1439 venturus
1272 1394 1372 1449 est,
1402 1386 1627 1454 fortior
1648 1401 1731 1441 me
1762 1390 1845 1441 est
1877 1386 1946 1447 ",
1972 1385 2207 1457 aliaque

548 1472 737 1528 multa
776 1478 833 1527 et
867 1488 1105 1542 magna.
1145 1473 1295 1529 Alibi
1329 1474 1506 1528 etiam
1543 1474 1660 1545 (aa)
1703 1474 1777 1528 Et
1839 1489 1942 1543 ego
1983 1474 2109 1530 vidi
2155 1481 2205 1531 et

551 1562 952 1618 testimonium
974 1564 1276 1633 perhibui,
1308 1565 1462 1635 quod
1490 1565 1587 1620 hic
1609 1566 1681 1619 sit
1710 1563 1901 1619 Filius
1938 1566 2035 1619 Dei
2059 1566 2127 1618 ³³.

622 1742 799 1797 Aliter
828 1746 1115 1815 praeterea
1140 1743 1479 1799 declaratur
1496 1743 1845 1815 simpliciter
1865 1744 1961 1799 hic
1986 1759 2202 1799 sermo.

2327 573 2353 623 ὃ
2384 569 2451 630 δὴ
2484 577 2574 624 καὶ
2595 577 2824 645 γέγονεν.
2861 571 2998 649 Ὀρα
3024 576 3151 650 γὰρ.

2398 846 2497 894 Καὶ
2539 873 2605 884 —-
2652 839 2733 902 ἦν.
2798 847 2983 896 Σκόπει
3053 852 3157 905 πῶς
3216 847 3347 918 πρὸς
3410 844 3627 907 ἑαυτούς
3685 844 3928 917 συλλογί-

2321 930 2520 992 ζονταυ
2610 934 2850 996 Ἰωάννης
2921 937 3012 1000 μὲν
3108 942 3321 1000 σημεῖον
3419 933 3665 993 ἐποίησεν
3760 931 3923 1000 οὐδὲν,

2924 1024 3115 1096 μείζων
3174 1026 3277 1098 ἄρα
3329 1025 3477 1086 οὗτος
3530 1024 3752 1078 ἑκείνου.
3814 1022 3929 1078 Εἶτα

2610 934 2818 992 Ἰωάννη
2829 955 2850 996 ς
2921 937 3012 1006 μὲν
3108 942 3321 1006 σημεῖον

2320 1024 2470 1083 οὗτος
2538 1020 2596 1075 δὲ
2642 1024 2802 1075 πολλά
2845 1042 2859 1057 '

2317 1111 2644 1184 λαμϐάνουσι
2692 1118 2782 1165 καὶ
2821 1113 2993 1186 ἕτερον
3054 1122 3273 1186 σημεῖον
3326 1123 3422 1177 τῆς
3479 1116 3758 1191 ὑπεροχῆς
3790 1132 3802 1145 ·
3856 1116 3929 1166 ότι

2316 1208 2404 1255 καὶ
2481 1206 2651 1255 πάντα
2720 1206 2822 1255 ὃσα
2900 1201 3035 1257 εἶπεν
3096 1206 3336 1265 Ἰωάννης
3383 1208 3504 1277 περὶ
3566 1206 3690 1277 ('23)
3756 1204 3926 1271 αὐτοῦ,

2317 1291 2484 1352 ἀληθῆ
2539 1290 2619 1357 ἧν,
2690 1292 2745 1345 ἐκ
2814 1301 2912 1345 τῶν
2990 1292 3419 1364 ἀποτελεσμάτων
3479 1298 3703 1367 φανέντα
3759 1309 3772 1323 ·
3832 1291 3930 1347 εἷπε

2319 1378 2397 1446 δὲ,
2478 1385 2558 1435 ὅτι
2630 1382 2689 1435 Ὀ

2317 1476 2416 1543 μού
2486 1476 2617 1539 ἐστι,
2678 1478 2769 1526 καὶ
2841 1472 2973 1525 ἄλλα
3046 1472 3212 1526 πολλὰ
3267 1480 3357 1525 καὶ
3403 1472 3626 1546 μεγάλα,
3692 1478 3788 1526 καὶ
3858 1475 3929 1525 ότι

2766 1382 2936 1435 ὀπίσω
3022 1402 3123 1456 μου
3212 1382 3495 1457 ἐρχόμενος
3590 1384 3929 1458 ἰσχυρότερός

2320 1561 2477 1634 Κάγὼ
2505 1563 2707 1631 ἑώρακα
2759 1567 2848 1615 καὶ
2889 1567 3270 1638 μεμαρτύρηκα
3300 1564 3379 1615 ὅτι
3410 1562 3557 1623 οὗτός
3587 1562 3737 1616 ἐστιν
3765 1564 3791 1615 ὁ
3820 1564 3929 1624 Υἱός

2317 1662 2409 1704 τοῦ
2452 1660 2607 1708 Θεοῦ.

2388 1741 2753 1817 Ἐρμηνεύετκι
2800 1738 2859 1794 δὲ
2906 1746 2995 1794 καὶ
3049 1741 3234 1815 ἑτέρως
3283 1740 3635 1817 ἁπλούστερον
3686 1743 3714 1794 ὁ
3766 1742 3928 1815 λόγος·

548 1834 799 1889 Joannes
811 1834 1041 1905 quidem
1054 1836 1182 1904 sign
1194 1851 1287 1889 um
1301 1835 1442 1904 fecit
1458 1836 1988 1904 nullum;attamen
2005 1834 2208 1889 omnia

2323 1834 2398 1885 ὅτι
2425 1834 2665 1893 Ἰωάννης
2685 1836 2773 1904 μιν
2799 1839 3013 1905 σημεῖον
3041 1830 3278 1890 ἐποίησεν
3307 1828 3479 1898 οὐδὲν,
3513 1834 3688 1885 πάντα
3706 1829 3767 1886 δέ
3804 1834 3933 1905 ὅμως

548 1938 926 1995 quascunque
949 1924 1023 1978 de
1062 1924 1174 1979 hoc
1215 1924 1382 1991 dixit,
1417 1940 1557 1979 vera
1598 1933 1785 1989 erant,
1818 1930 1874 1981 et
1902 1924 2031 1979 ideo
2058 1925 2208 1981 testi-

553 2014 824 2068 monium
860 2014 990 2085 ejus
1032 2013 1148 2068 ﬁde
1183 2014 1429 2084 dignum
1467 2020 1573 2068 est.

620 2103 782 2157 Vers.
825 2106 912 2157 42.
950 2103 1024 2157 Ει
1085 2134 1151 2143 -
1186 2118 1340 2159 eum.
1386 2102 1593 2158 Vidisti
1642 2108 1933 2175 quantum
1966 2104 2052 2159 eis
2079 2119 2210 2175 pro-

550 2190 726 2247 fuerit
773 2192 959 2255 locus,
993 2196 1048 2248 et
1095 2208 1131 2248 a
1184 2193 1479 2265 perversis
1510 2193 1859 2249 hominibus
1903 2194 2211 2264 separari?

545 2296 690 2337 nam
732 2281 1065 2354 frequenter
1097 2282 1176 2338 ob
1203 2282 1316 2338 hoc
1360 2282 1556 2338 educit
1588 2284 1751 2353 ipsos
1781 2290 1835 2339 et
1867 2284 1944 2338 ab
1974 2283 2208 2338 illorum

548 2372 999 2426 conversatione
1051 2372 1298 2428 abducit
1341 2372 1504 2445 quod
1534 2373 1713 2428 etiam
1767 2374 1827 2428 in
1884 2372 2069 2427 Veteri
2116 2376 2211 2428 Te-

546 2466 842 2517 stamento
876 2460 1085 2516 fecisse
1117 2467 1388 2534 apparet,
1421 2478 1560 2517 cum
1594 2461 1766 2534 longe
1797 2462 1874 2518 ab
1926 2463 2213 2534 Egyptiis

550 2550 608 2605 in
641 2550 878 2605 deserto
899 2550 1181 2607 Hebraeos
1238 2552 1584 2607 informavit
1620 2566 1690 2607 ac
1722 2553 1994 2609 correxit.

1054 2730 1206 2786 CAP.
1242 2730 1319 2784 XI.
1358 2731 1439 2786 De
1466 2730 1711 2786 Lazaro.
1798 2779 1807 2788 .

628 2818 771 2891 Cap.
820 2820 905 2875 XI.
942 2822 1101 2875 Vers.
1156 2822 1206 2875 1.
1242 2821 1607 2891 ίΕρνοιαὸαί
1645 2852 1711 2863 —-
1753 2822 1951 2892 huius.
1991 2822 2214 2878 Deinde

555 2910 731 2966 etiam
754 2910 991 2981 signum
1027 2911 1213 2980 addit,
1244 2927 1367 2983 quo
1399 2911 1581 2967 Maria
1603 2919 2011 2982 cognoscatur.

627 3000 789 3055 Vers.
824 3000 873 3055 2.
911 3002 1144 3056 Erat—
1172 3001 1521 3070 aegrotabat.
1544 3002 1901 3075 Hujusmodi
1925 3019 2079 3076 opus
2112 3021 2215 3061 no-

557 3094 675 3145 tam
697 3106 765 3145 ae
795 3090 1083 3146 celebrem
1121 3090 1416 3146 effecerat.

628 3180 787 3236 Vers.
822 3182 876 3234 3.
921 3182 1203 3237 Miserum!
1250 3213 1319 3221 ——
1374 3196 1526 3237 eum.
1583 3182 1712 3238 Non
1782 3182 2069 3250 abierunt,
2114 3186 2213 3242 sed
2247 3210 2287 3267 ρ

555 3269 861 3337 miserunt,
896 3274 1097 3342 utpote
1137 3270 1424 3325 ﬁduciam
1480 3270 1770 3327 habentes
1812 3288 1825 3325 :
1858 3289 1996 3329 nam
2029 3275 2214 3330 multa

554 3359 664 3414 illis
697 3365 987 3416 eratcum
1030 3376 1102 3415 eo
1156 3359 1550 3415 familiaritas.
1596 3363 1885 3419 Prmterea
1918 3367 2212 3436 tanquam

554 3450 833 3505 mulieres
856 3449 1104 3513 debiles,
1141 3449 1391 3505 etveluti
1418 3450 1573 3507 luctu
1596 3451 2210 3527 detentae.Siquidem,

552 3538 713 3611 quod
773 3554 896 3593 non
947 3539 1340 3610 despicientes
1388 3541 1676 3607 miserint,
1716 3543 2105 3614 postmodum
2141 3544 2215 3598 si-

554 3628 1009 3699 gniﬁcaverunt,
1038 3628 1285 3700 quando
1307 3630 1561 3686 venienti
1589 3631 1776 3687 multa
1807 3648 1938 3689 cum
1982 3632 2216 3688 festina-

551 3718 713 3774 tione
743 3723 1145 3773 occurrerunt.

629 3806 793 3862 Vers.
835 3811 889 3864 3.
924 3808 1181 3864 Dicentes
1218 3840 1279 3850 -
1318 3817 1584 3881 (egrotat.
1623 3812 1739 3866 Hoc
1774 3810 2067 3880 dixerunt,
2118 3828 2217 3868 cu-

554 3896 782 3968 pientes
815 3912 953 3952 eum
1014 3897 1091 3953 ad
1164 3900 1632 3955 misericordiam
1698 3902 2015 3957 attrahere.
2070 3906 2215 3959 Nam

555 3985 1057 4060 adhuctauquam
1084 3988 1389 4044 hominem
1420 3989 1761 4062 audiebant,
1785 4007 2072 4063 magnum
2089 3994 2217 4064 qui-

555 4074 717 4143 dem,
751 4092 872 4132 non
907 4083 1107 4134 tamen
1139 4080 1318 4135 etiam
1374 4083 1573 4135 Deum.

628 4164 790 4220 Vers.
820 4166 872 4221 [ιι.
913 4167 985 4223 Ut
1009 4168 1239 4224 audivit
1274 4201 1340 4210 —-
1363 4175 1623 4225 mortem.
1654 4172 1778 4225 Non
1802 4170 2072 4241 dirigitur
2100 4170 2214 4243 (ob)

552 4254 630 4311 ad
662 4270 795 4311 eam
828 4272 964 4328 quae
988 4259 1224 4329 proprie
1257 4275 1412 4314 mors
1434 4263 1539 4327 est,
1572 4259 1673 4314 sed
1699 4259 1775 4314 ad
1813 4276 2085 4315 somnum
2117 4262 2217 4316 ali-

549 4359 731 4415 quem
759 4362 769 4400 :
796 4361 939 4401 nam
974 4363 1108 4419 qua:
1155 4347 1397 4419 proprie
1441 4364 1601 4403 mors
1645 4349 1877 4417 dicitur,
1912 4367 2099 4422 usque
2140 4350 2213 4406 ad

548 4448 931 4490 communem
986 4436 1261 4492 omnium
1311 4437 1487 4493 durat
1515 4437 2006 4495 resurrectionem
2044 4458 2057 4493 :
2090 4441 2217 4495 hmo

2318 1923 2420 1973 ὅσα
2442 1919 2547 1974 εἶπε
2578 1926 2695 1995 περὶ
2737 1921 2895 1973 αὐτοῦ
2924 1920 3089 1979 ἀληθῆ
3125 1918 3207 1986 ἦν,
3237 1926 3326 1974 καὶ
3377 1918 3471 1973 διὰ
3516 1929 3672 1974 τοῦτο
3699 1920 3932 1985 ἀξιόπισ-

2318 2031 2400 2071 τος
2426 2013 2454 2069 ἡ
2486 2014 2753 2086 μαρτυρία
2788 2011 2969 2063 αὐτοῦ.

2394 2106 2493 2154 Καὶ
2541 2131 2609 2141 —-
2691 2100 2867 2154 αὐτόν.
2952 2097 3103 2160 Τῖδες
3152 2104 3313 2153 πόσον
3394 2100 3584 2163 αὐτούς
3646 2105 3848 2159 ὤνησεν
3913 2102 3934 2153 ὁ

2320 2198 2496 2256 τόπος,
2558 2195 2649 2243 καὶ
2700 2193 2729 2249 ἡ
2802 2200 2901 2243 τῶν
2956 2198 3193 2265 πονηρῶν
3263 2189 3545 2265 ἀνθρώπων
3613 2189 3932 2263 ἀπαλλαγῆς

2321 2278 2417 2333 διὰ
2462 2288 2621 2333 τσῦτο
2666 2283 2769 2353 γὰρ
2836 2279 3082 2342 πολλάκις
3140 2279 3332 2341 αύτούς
3384 2278 3556 2351 ἐξάγει
3605 2286 3699 2333 καὶ
3754 2279 3934 2351 ἀπάγει

2321 2380 2416 2431 τῆς
2470 2369 2667 2422 ἐκείνων
2726 2374 3029 2434 συνουσίας,
3081 2372 3203 2444 ὅπερ
3265 2366 3353 2422 οὖν
3408 2374 3497 2421 καὶ
3545 2368 3631 2423 επὶ
3690 2378 3790 2433 τῆς
3839 2376 3933 2422 Πα-

2320 2460 2470 2521 λαιᾶς
2526 2464 2757 2532 φαίνεται
2804 2465 3051 2527 ποιήσας,
3103 2459 3278 2534 πόρρω
3335 2468 3435 2511 τῶν
3496 2459 3804 2531 Αἰγυπτίων
3859 2458 3932 2511 ἐπὶ

2321 2558 2412 2610 τῆς
2470 2550 2662 2625 ἐρήμου
2721 2554 2836 2610 τούς
2895 2548 3164 2623 Ἐϐραίους
3234 2545 3567 2601 διαπλάττων
3629 2554 3726 2602 καὶ
3806 2549 3924 2625 ῥυθ-

2323 2641 2512 2713 μίζων.

2682 2735 2828 2785 ΚΕΦ.
2863 2726 2966 2782 1Α’.
3004 2733 3125 2802 Περὶ
3171 2736 3264 2780 τοῦ
3301 2728 3570 2801 Λαζάρου.

2393 2819 2490 2872 Ἶῐν
2532 2850 2593 2860 -
2634 2818 2810 2879 αὐτῆς.
2849 2824 2974 2871 Εἶτα
3028 2820 3352 2892 προστίθησι
3409 2822 3499 2871 καὶ
3528 2822 3809 2892 γνώρισμα
3848 2822 3931 2877 τῆς

2324 2914 2555 2984 Μαρίας.

2394 2998 2490 3051 Ἦν
2520 3030 2583 3039 -
2624 3000 2848 3056 ἠσθένει.
2889 3002 3149 3070 Γνώριμον
3201 3002 3290 3049 καὶ
3346 2993 3627 3056 διαϐόητον
3670 2995 3833 3055 αὐτὴν
3879 2996 3930 3045 τὸ

2322 3096 2554 3141 τοιοῦτον
2584 3090 2730 3159 ἔργον
2755 3085 3015 3145 ἐποίησεν.

2397 3177 2729 3232 Ἀπέστειλαν
2836 3207 2903 3218 -
3008 3174 3184 3228 αὐτόν.
3282 3175 3395 3228 Ούκ
3470 3174 3727 3243 ἀπῆλθον,
3824 3170 3921 3224 ἀλλ’

2328 3267 2653 3331 ἀπέστειλαν,
2713 3270 2781 3327 ὡς
2840 3265 3149 3341 θαρῥοῦσαι⁶
3201 3264 3392 3324 πολλὴν
3435 3267 3537 3339 γὰρ
3589 3261 3739 3337 εἶχον
3799 3265 3921 3335 πρὸς

2326 3358 2480 3410 αὐτὸν
2532 3358 2810 3409 οἰκείωσιν.
2868 3356 3058 3417 Ἀλλως
3142 3374 3194 3407 τε
3266 3351 3325 3407 δὲ
3396 3359 3487 3407 καὶ
3563 3356 3633 3416 ὡς
3692 3360 3926 3426 γυναῖκες

2327 3446 2574 3517 ἀσθενεῖς,
2607 3452 2696 3499 καὶ
2722 3450 2790 3507 ὼς
2834 3450 3183 3517 κατεχόμεναι
3220 3453 3292 3515 τῷ
3336 3446 3526 3498 πένθει.
3558 3444 3680 3497 Ὀτι
3726 3445 3827 3516 γὰρ
3866 3440 3919 3493 οὐ

2324 3544 2743 3609 καταφρονοῦσαι
2774 3534 3096 3601 ἀπέστειλαν,
3132 3531 3406 3592 ἐδήλωσαν
3432 3534 3668 3609 ὕστερον,
3701 3535 3920 3588 ὑπαντή-

2328 3647 2492 3679 σασαι
2519 3626 2658 3697 αύτῷ
2698 3630 2827 3698 μετά
2858 3624 3047 3685 πολλῆς
3073 3633 3161 3685 τῆς
3193 3620 3454 3685 σπουδῆς.

2400 3810 2680 3877 Αέγουσαι.
2720 3836 2785 3846 -
2829 3803 3052 3857 ἀσθενεῖ.
3101 3810 3265 3856 Τοῦτο
3320 3800 3481 3868 εἶπον,
3524 3802 3919 3856 επισπάσασθαι

2323 3895 2477 3948 αὐτόν
2527 3896 2599 3958 εἰς
2644 3892 2816 3947 οἶκτον
2849 3892 3179 3966 βουλόμεναι.
3233 3892 3351 3945 Ἔτι
3405 3895 3507 3967 γὰρ
3562 3895 3632 3953 ὡς
3678 3891 3928 3966 ἀνθρώπῳ

2324 3992 2625 4061 προσεῖχον,
2665 3984 2870 4057 μεγάλῳ
2902 3988 3011 4055 μὲν,
3040 3983 3172 4041 πλὴν
3205 3983 3331 4055 ούχὶ
3362 3988 3452 4035 καὶ
3479 3990 3613 4053 Θεῷ.

2397 4169 2655 4227 Ἀκούσας
2709 4197 2775 4204 -
2840 4166 3077 4217 θάνατον.
3136 4163 3210 4215 Ού
3253 4167 3453 4235 γίνεται
3522 4166 3650 4234 πρὸς
3726 4164 3927 4214 θάνατον

2325 4262 2538 4332 κυρίως,
2584 4255 2711 4307 ἀλλὰ
2758 4258 2888 4327 πρὸς
2946 4254 3102 4305 ῦπνον
3150 4258 3283 4304 τινά·
3345 4254 3559 4312 θάνατος
3598 4256 3698 4325 γὰρ
3753 4254 3926 4321 κυρίως

2326 4350 2351 4400 ό
2383 4351 2544 4419 μέχρι
2595 4353 2690 4407 τῆς
2740 4352 2914 4404 κοινῆς
2960 4342 3293 4403 ἁναστάσεης
3327 4359 3340 4372 ·
3384 4342 3531 4402 οὗτος
3575 4338 3634 4394 δὲ
3663 4347 3755 4393 καὶ
3784 4340 3929 4391 θάνα-

2328 4458 2432 4503 τος,
2483 4441 2573 4487 καί
2620 4436 2679 4488 ού
2731 4436 2965 4494 θάνατος’
3012 4435 3070 4484 τό
3120 4436 3208 4499 μὲν
3255 4428 3347 4484 διὰ
3399 4436 3487 4490 τὴν
3540 4428 3809 4494 διάζευξιν
3843 4434 3925 4483 τῆς

549 4538 685 4579 vero
713 4528 770 4579 et
802 4540 961 4580 mors
1003 4525 1120 4581 dici
1147 4530 1363 4597 potest,
1396 4532 1453 4581 et
1480 4543 1596 4583 non
1648 4544 1809 4583 mors
1841 4548 1857 4600 ;
1895 4529 2041 4585 illud
2088 4531 2210 4602 qui-

2327 4528 2511 4600 ψυχῆς
2557 4530 2647 4577 καὶ
2691 4534 2782 4577 τοῦ
2836 4530 3091 4596 σώματος,
3136 4526 3191 4575 τό
3254 4518 3313 4575 δὲ
3370 4519 3464 4575 διὰ
3507 4526 3601 4580 τὴν
3642 4525 3768 4573 ὅσον
3796 4520 3925 4571 οὔπω

546 4612 709 4678 dem,
741 4620 983 4685 propter
1008 4615 1369 4671 divisionem
1423 4617 1637 4673 animas
1680 4623 1736 4673 et
1784 4620 2068 4689 corporis,
2105 4621 2221 4676 hoc

550 4707 773 4769 autem,
807 4710 1047 4776 propter
1097 4721 1233 4760 mox
1273 4704 1535 4761 futuram
1566 4708 2110 4779 resuscitationem.

630 4791 790 4849 Vers.
826 4796 876 4849 4.
905 4794 1022 4851 Sed
1047 4810 1156 4864 pro
1193 4795 1385 4865 gloria
1432 4795 1554 4852 Dei.
1581 4797 1787 4854 Patris.

629 5028 675 5063 ³³
702 5026 898 5085 Matth.
925 5041 1001 5092 ιιι,
1037 5026 1125 5081 Η.
1207 5028 1254 5063 ³⁸
1285 5026 1459 5094 Joan,
1485 5046 1520 5094 ι,
1552 5032 1639 5093 3i,

2330 4621 2619 4670 ἀνάστασιν
2636 4660 2648 4672 ,

2403 4794 2539 4849 Ἀλλ’
2615 4794 2740 4867 ὑπὲρ
2818 4800 2913 4854 τῆς
2989 4787 3149 4854 δόξης
3242 4798 3335 4842 τοῦ
3422 4796 3578 4845 Θεοῦ.
3656 4796 3761 4843 Τοῦ
3834 4792 3923 4839 [Ια-

2330 4890 2448 4959 τρός
2472 4884 2609 4956 (24).

1818 5128 2038 5197 Variae
2060 5128 2392 5198 lectiones
2409 5136 2688 5195 etnotae.

628 5291 740 5363 (23)
770 5291 913 5346 Leve
943 5288 1210 5363 quidem
1239 5294 1347 5363 est,
1405 5288 1507 5363 sed
1535 5306 1615 5363 ex
1637 5290 1956 5363 levioribus
1982 5290 2224 5363 discitur

558 5359 730 5418 cri‘sis
766 5364 830 5418 N.
858 5359 1212 5417 Testamenti
1258 5360 1315 5415 in
1347 5362 1743 5431 gravioribus.
1788 5361 1953 5419 Unde
1981 5360 2078 5416 hic
2129 5365 2225 5413 αύ-

559 5442 667 5506 τοῦ,
733 5434 865 5489 loco
905 5435 1113 5497 τούτου,
1154 5446 1224 5486 ex
1259 5432 1664 5506 Chrysostom.
1698 5439 1847 5490 tom.
1891 5433 2033 5498 VIII,
2081 5449 2219 5506 pag.

562 5479 667 5563 52.2
697 5479 758 5561 ιε’.

632 5578 742 5649 (24)
786 5579 869 5633 Ita
920 5574 1108 5631 codex
1147 5574 1193 5629 Α
1248 5580 1304 5630 et
1364 5580 1579 5634 Heuten
1615 5594 1627 5632 :
1659 5577 1759 5632 sed
1790 5576 1974 5633 codex
2009 5578 2048 5631 Β
2083 5592 2223 5632 con-

635 5720 930 5811 ςᾳᾳὶΑιὶρί
958 5718 1182 5776 etiam:
1236 5720 1329 5777 Et.
1392 5722 1690 5795 interpres
1738 5719 1966 5777 videtur
2009 5719 2226 5791 legisse

564 5813 651 5847 και
672 5811 927 5865 αΛΑαχου.

2330 5288 2538 5363 jungit
2560 5292 2782 5343 textum
2816 5284 2894 5363 ab
2928 5284 3033 5338 ἀλλ’
3064 5287 3190 5363 ῦπὲ
3214 5291 3379 5363 τῆς...
3409 5280 3481 5363 δι’
3512 5283 3691 5347 αὐτῆς.
3723 5276 3931 5363 omittit

2335 5358 2477 5427 ergo
2528 5358 3117 5430 interpretationem;
3147 5360 3249 5430 Τοῦ
3282 5361 3508 5430 Πατρός,
3551 5372 3620 5412 ac
3662 5358 3929 5430 continuo

2336 5376 2477 5427 ergo
2528 5375 3117 5430 interpretationem;
3159 5375 3249 5413 ιου
3284 5375 3395 5409 ιιατ
3433 5377 3508 5426 ος,
3551 5375 3620 5412 ac
3662 5375 3929 5411 commuu

2336 5432 2676 5512 proximum
2702 5429 2995 5486 scholium
3025 5429 3295 5502 subjicit:
3328 5375 3459 5492 Δόξα
3488 5430 3587 5503 γὰρ
3626 5435 3718 5481 τοῦ
3746 5424 3933 5497 Πατρός

2334 5524 2384 5558 κ.
2427 5524 2474 5556 τ.
2518 5516 2563 5557 Λ.

2409 5719 2526 5789 (bb)
2564 5717 2871 5789 Dirigitur.
2902 5717 3006 5785 Fit,
3037 5720 3279 5789 spectat.
3314 5715 3597 5770 Εὐθύνεται
3633 5713 3798 5772 nullo
3820 5722 3930 5766 mo‘

2336 5790 2415 5848 do
2442 5791 2635 5860 legere
2664 5806 2912 5863 possum
