4156 6402
314 384 446 445 1341
1321 370 1690 431 COMMENT.
1736 376 1806 432 IN
1841 375 1955 431 ,ΙοΑ

2048 374 2195 432 tlEM.
2242 410 2305 419 —
2347 378 2499 434 CAP.
2548 379 2642 437 Χῐ.
3549 375 3689 433 1342

381 513 491 569 ’Ῑνα
519 542 585 552 -—
614 508 797 572 αὑτῆς.
838 506 973 571 Δόξα
1024 506 1127 581 γὰρ
1181 509 1273 556 τοῦ
1328 503 1535 577 Πατρός
1583 502 1612 561 ἡ
1666 498 1799 565 δόξα
1824 509 1915 555 τοῦ
1951 506 1997 560 Α

2097 503 2264 561 Vers.
2297 507 2350 560 4.
2386 506 2459 563 Ut
2486 533 2553 548 —-
2599 521 2750 562 eum.
2781 509 2929 563 Nam
2989 502 3178 576 gloria
3231 501 3441 569 Patris,
3494 502 3687 574 gloria

311 606 454 659 Υἱοῦ.
490 599 768 655 Κάνταῦθα
792 595 824 650 δ
830 602 850 651 ε
879 600 937 649 τὸ
960 598 1086 668 ὑπερ
1118 598 1208 646 καὶ
1235 595 1292 645 τό
1321 593 1404 644 ἱνα
1433 591 1526 643 οὐκ
1567 590 1915 663 αἰτιολογικά,

2049 594 2149 649 τὶιὶἱ
2179 599 2287 650 est.
2323 596 2466 651 item
2501 602 2556 652 et
2582 596 2678 651 hic
2709 596 2993 652 dictiones
3032 610 3144 664 pro
3174 599 3230 650 et
3268 600 3354 659 ut,
3388 609 3507 649 non
3553 609 3690 649 cau-

314 693 440 746 ἀλλὰ
471 688 740 750 δηλωτικά
771 696 861 741 τοῦ
904 684 1272 757 ἐκϐησομένου,
1293 683 1373 734 ὅτι
1394 680 1563 754 μελλει
1591 678 1918 745 δοξασθῆναι

2047 684 2183 740 sales
2215 692 2375 753 sunt,
2417 687 2520 742 sed
2553 687 2955 759 signiﬁcativae
2981 687 3110 757 ejus
3140 686 3300 758 quod
3333 690 3688 739 eventurum

310 785 337 837 ὁ
364 786 544 855 Πατὴρ
568 785 657 832 καὶ
688 781 712 830 ὁ
740 780 859 841 Υἱὸς
901 773 973 829 δι’
1003 774 1181 834 αὐτῆς.

2049 780 2175 831 :rat.
2226 778 2363 832 Nam
2413 777 2585 832 Pater
2616 784 2673 834 et
2718 777 2891 833 Filius
2946 775 3320 848 gloriﬁcandi
3359 778 3528 830 erant
3584 788 3690 845 per

2027 880 2188 921 eum.

380 964 525 1023 Τινὲς
581 959 692 1032 (25)
725 954 783 1011 δε
842 953 1000 1019 δόξαν
1052 956 1139 1007 τὸν
1191 954 1416 1026 σταυρὸν
1463 958 1715 1018 νοοῦντες,
1760 952 1916 1027 ἑρμη-

2100 954 2355 1020 Quidam
2398 971 2534 1011 vero
2582 971 2689 1028 per
2714 954 2959 1027 gloriam
3024 954 3362 1025 intelligunt
3422 968 3685 1018 crucem,

308 1055 546 1106 νεύουσιν
598 1051 675 1101 ὃτι
732 1048 859 1121 ὑπὲρ
918 1055 1015 1107 τῆς
1069 1047 1417 1116 σταυρώσεως
1484 1049 1576 1094 τοῦ
1627 1049 1782 1108 Θεοῦ,
1835 1044 1917 1095 ἵνα

2048 1060 2141 1100 ioc
2181 1052 2288 1110 est,
2313 1062 2419 1117 pro
2446 1047 2827 1102 cruciﬁxione
2855 1046 2974 1111 Dei,
3005 1050 3067 1101 ut
3095 1044 3477 1110 cruciﬁgatur
3511 1042 3689 1098 Filius

311 1141 589 1214 σταυρωθῇ
626 1139 802 1199 όΥίός
852 1137 945 1187 τοῦ
999 1140 1132 1187 Θεοῦ
1190 1126 1262 1183 δι’
1318 1132 1505 1194 αὐτῆς.
1544 1131 1787 1204 Ἔμελλον
1810 1135 1912 1206 γὰρ

2048 1135 2128 1191 )ei
2150 1151 2256 1207 per
2285 1151 2443 1191 eum.
2480 1136 2731 1206 Cognita
2756 1152 3021 1209 namque
3062 1152 3096 1191 a
3126 1135 3344 1191 Judaeis
3377 1132 3570 1189 Lazari
3602 1148 3689 1188 re-

309 1234 359 1285 οἱ
388 1227 662 1298 Ἰουδαῖοι,
684 1230 773 1285 τὴν
805 1224 1093 1277 ἀνάστασιν
1122 1230 1214 1274 τοῦ
1260 1223 1509 1296 Λαζάρου
1557 1224 1821 1295 μαθόντες,
1848 1230 1910 1281 τῆ

2047 1225 2437 1291 ιυεοὶιδιίοηθ,
2472 1226 2829 1297 hujusmodi
2872 1225 3279 1298 magnitudine
3315 1222 3583 1279 miraculi
3610 1221 3688 1278 ad

310 1320 567 1397 ὑπερϐολῇ
604 1326 695 1370 τοῦ
740 1319 977 1369 τοιούτου
1011 1316 1275 1385 θαύματος
1306 1310 1586 1384 ἐξαφθῆναι
1615 1315 1740 1387 πρός
1781 1311 1913 1364 ἀκά-

2050 1314 2423 1370 nsanabilem
2446 1320 2793 1372 exarserunt
2824 1315 3143 1375 insaniam:
3179 1319 3232 1371 et
3260 1312 3452 1369 festini
3488 1328 3689 1369 exsur-

310 1414 489 1464 θεκτον
526 1412 736 1482 μανίαν,
770 1411 859 1459 καὶ
891 1401 1240 1462 διαναστῆναι
1274 1399 1579 1465 σπουδαίως
1608 1402 1680 1465 εἰς
1700 1406 1758 1455 τό
1791 1402 1916 1456 ἀπο-

1330 1399 1579 1465 τουδαίως
1608 1402 1680 1465 εἰς
1700 1406 1758 1455 τό
1791 1402 1916 1456 ἀπο·
2024 1408 2305 1460 rexerunt
2332 1410 2393 1461 ut
2422 1404 2585 1461 illum
2614 1406 2971 1463 occiderent.

305 1507 505 1553 κτεῖναι
537 1497 711 1552 αὑτὸν.

378 1590 596 1662 Ἥγάπα
628 1618 689 1628 -—
729 1584 995 1658 Λάζαρον.
1030 1583 1105 1635 Οὐ
1138 1586 1289 1644 μόνον
1340 1578 1435 1634 διὰ
1492 1585 1587 1640 τὴν
1618 1585 1798 1634 πίστιν
1826 1582 1915 1634 αὖ-

2096 1586 2257 1641 Vers.
2313 1589 2363 1640 5.
2412 1583 2712 1655 Diligeth
2773 1613 2842 1624 -
2888 1584 3202 1640 Lazarum.
3267 1582 3398 1637 Non
3457 1583 3687 1636 tantum

301 1688 426 1748 τῶν,
462 1678 589 1731 ἀλλά
618 1681 708 1729 καὶ
736 1672 830 1729 διά
857 1677 951 1736 τὰς
984 1672 1141 1734 me;
1168 1674 1362 1724 τούτων
1403 1670 1607 1746 ἀρετάς.

2047 1682 2266 1749 )ropter
2294 1674 2477 1730 ﬁdem
2525 1689 2753 1739 earum,
2792 1689 3000 1729 verum
3045 1673 3227 1728 etiam
3267 1673 3515 1743 propter
3543 1669 3688 1725 alias

2022 1765 2289 1839 ipsarum
2319 1764 2585 1819 virtutes.

372 1859 462 1922 Ὠς
514 1890 583 1899 —
631 1858 847 1931 ἡμέρας.
891 1858 996 1913 Τὴν
1046 1855 1134 1926 μὲν
1188 1851 1572 1928 ποοῤῥηθείσαν
1634 1851 1910 1927 ἀπόκρισιν
1948 1868 1986 1922 Β

2096 1856 2253 1909 Vers.
2289 1858 2338 1909 6.
2370 1855 2437 1912 Ut
2474 1884 2533 1893 —
2566 1853 2787 1909 diebus.
2848 1851 3197 1907 Praedictam
3229 1850 3386 1905 misit
3437 1863 3682 1919 respon-

302 1948 502 2023 ἔπεμψε
555 1954 868 2021 παρηγορῶν
920 1944 1079 2005 αὑτάς
1141 1960 1154 1973 ·
1212 1942 1371 2004 αὐτὸς
1456 1938 1514 1995 δε
1572 1945 1760 2015 ἔμεινεν
1814 1946 1907 2008 ἔτι,

2043 1944 2268 2007 tionem,
2315 1960 2436 2016 qua
2466 1959 2563 1998 eas
2618 1942 3076 1998 consolaretur:
3129 1957 3257 2011 ipse
3291 1955 3426 1994 vero
3485 1937 3684 1993 adhuc

304 2043 590 2113 περιμένων
635 2038 718 2089 ’ἱνα
780 2033 1078 2107 ἀποπνεύσῃ
1139 2036 1229 2084 καὶ
1302 2039 1460 2105 ταφῇ,
1518 2034 1653 2084 ὥστε
1708 2029 1913 2104 μηδένα

2043 2033 2342 2089 »θνωοηεὶῑ
2371 2039 2721 2105 exspectans
2752 2033 2943 2088 donec
2975 2030 3245 2086 animam
3280 2028 3576 2084 exhalaret
3616 2042 3684 2082 ac

304 2126 571 2183 δύνασθαι
620 2126 784 2197 λέγειν
838 2126 919 2176 ὅτι
966 2124 1059 2175 οὐκ
1119 2121 1445 2174 ἀποθανόντα
1500 2121 1656 2174 αὑτὸν
1701 2120 1909 2179 ἀνέστη-

2041 2123 2385 2196 :epeliretur,
2414 2129 2469 2177 ut
2490 2139 2669 2179 nemo
2691 2122 2887 2178 dicere
2916 2119 3291 2194 possetquod
3312 2121 3507 2190 ipsum
3536 2132 3682 2171 non-

303 2237 414 2282 σεν,
447 2215 578 2268 οἶ).λά
619 2215 934 2289 καρωθέντα,
978 2212 1006 2271 ἦ
1042 2210 1335 2282 ἐκλυθέντα,
1364 2210 1393 2270 ἦ
1428 2212 1656 2283 κάτοχον
1704 2216 1911 2284 γενόμε-

2045 2215 2167 2269 lum
2205 2219 2506 2269 mortuum
2540 2214 2876 2278 excitasset,
2911 2212 3012 2266 sed
3048 2210 3281 2265 ebrium
3313 2213 3416 2263 aut
3460 2205 3686 2261 viribus

296 2327 407 2363 νον.
2020 2303 2339 2368 defectum,
2368 2320 2470 2359 seu
2504 2302 2755 2359 numine
2786 2301 3083 2358 afﬂatum.

369 2394 589 2450 ’Ἐπειτά
637 2424 703 2433 --
735 2393 910 2450 πάλιν.
972 2390 1219 2465 Προλέγει
1262 2397 1415 2443 τοῦτο
1474 2389 1558 2442 ἵνα
1623 2409 1678 2443 τε
1728 2389 1903 2463 ἐλέγξῃ

2093 2396 2232 2449 Vers
2265 2396 2314 2448 '1.
2351 2395 2578 2451 Deinde
2624 2425 2689 2436 -—
2756 2395 2993 2450 iterum.
3055 2391 3334 2451 Praedicit
3384 2390 3517 2455 hoc,
3564 2402 3686 2459 quo

295 2490 394 2546 τήν
435 2485 488 2548 ἐξ
532 2483 781 2544 ἀπιστίας
829 2479 1025 2535 δειλίαν
1092 2480 1283 2543 αὐτῶν,
1332 2485 1421 2533 καὶ
1486 2482 1568 2532 ῖνοι
1612 2483 1910 2553 προμαθόν-

2045 2488 2233 2556 trguat
2255 2484 2487 2540 illorum
2517 2484 2886 2539 timiditatem
2921 2483 2998 2538 ab
3025 2481 3371 2537 inﬁdelitate
3402 2492 3686 2534 emanan-

294 2590 382 2638 τες
434 2579 506 2647 μὴ
566 2574 911 2646 ταραχθῶσιν
971 2570 1158 2645 ἀθρόον
1217 2575 1331 2622 τότε
1379 2578 1451 2641 τῷ
1520 2567 1907 2643 ἀπροσδοκήτῳ

2045 2590 2158 2639 em,
2192 2579 2246 2630 et
2277 2578 2342 2629 ut
2369 2574 2483 2630 hoc
2514 2574 2885 2647 prmcognito
2910 2587 3029 2627 non
3077 2571 3459 2627 turbarentur
3490 2568 3686 2624 subito

296 2672 395 2719 τοῦ
442 2665 869 2738 προστάγματος.
927 2660 1009 2713 Ἐν
1065 2667 1127 2734 τῇ
1183 2655 1419 2732 Ἰουδαίᾳ
1469 2662 1570 2735 γὰρ
1627 2655 1689 2718 ἧν
1746 2662 1777 2719 ἡ
1812 2667 1907 2719 Βη-

1827 2667 1907 2719 ὂη-
2016 2664 2417 2734 reinsperata.
2449 2667 2580 2719 Erat
2613 2668 2813 2720 autem
2848 2662 3129 2718 Bethania
3157 2660 3215 2716 in
3238 2660 3468 2715 Judeea.

301 2757 478 2809 θανία.

376 2847 631 2917 Λέγουσιν
674 2873 743 2881 -
776 2839 880 2894 ἐκεῖ
907 2857 920 2907 ;
948 2846 1057 2894 Νῦν
1088 2838 1201 2893 ἀντὶ
1232 2846 1323 2892 τοῦ
1354 2842 1454 2913 πρὸ
1485 2846 1699 2912 μικροῦ.
1736 2837 1909 2893 Ἐδει-

2090 2846 2254 2900 Vers.
2284 2845 2336 2898 8.
2374 2844 2592 2901 Dicunt
2638 2876 2703 2887 —
2738 2844 2940 2900 illuc?
2977 2843 3178 2910 Nune,
3237 2841 3293 2896 id
3337 2846 3444 2908 est,
3502 2840 3686 2913 paulo

298 2934 427 2989 λίων
452 2936 541 3007 μὲν
570 2934 671 3007 γὰρ
702 2936 791 2984 καὶ
822 2933 948 3003 ὑπὲρ
994 2929 1175 2998 αὑτοῦ,
1232 2932 1289 2982 τὸ
1323 2926 1383 2983 δὲ
1434 2928 1582 2983 πλέον
1635 2932 1760 3005 ὑπὲρ
1796 2930 1908 2983 ἑαυ-

2040 2939 2175 2990 inte.
2200 2934 2351 2990 Nam
2385 2939 2440 2990 et
2489 2950 2593 3005 pro
2652 2933 2755 2991 illo
2806 2931 3168 3001 metuebant,
3219 2936 3275 2986 et
3326 2930 3521 3000 magis
3571 2945 3681 3003 pro

301 3033 431 3081 τῶν.

2020 3024 2249 3097 seipsis.

373 3111 663 3185 Ἀπεκρίθη
731 3140 801 3151 -
855 3111 1015 3181 αῦτῷ.
1077 3111 1172 3162 Διά
1230 3106 1662 3183 παραδείγματος
1744 3130 1910 3186 παρα-

2092 3113 2249 3169 Vers.
2272 3118 2323 3170 9.
2350 3113 2667 3181 Respondit
2692 3143 2746 3152 —
2769 3112 2933 3168 Vers.
2968 3113 3047 3167 t0.
3068 3126 3148 3168 eo.
3175 3109 3452 3182 Exemplo
3482 3126 3686 3166 ecsex-

301 3199 547 3277 θαῤῥῦνει
573 3200 763 3263 αὐτούς
788 3200 889 3268 ὅτι,
915 3200 1087 3272 ὥσπερ
1121 3200 1204 3252 ἑοξν
1228 3219 1301 3260 τις
1347 3208 1605 3273 περιπατῇ
1630 3208 1691 3273 τῇ
1717 3202 1908 3275 ἡμέρᾳν

2044 3206 2289 3259 tortatur
2314 3204 2498 3276 quod,
2523 3201 3033 3276 quemadmodum
3064 3200 3114 3256 si
3131 3200 3262 3271 quis
3289 3199 3685 3256 ambulaverit

297 3295 466 3363 ἤγουν
522 3288 571 3341 ἐν
624 3290 816 3363 ἑκάστη
878 3297 977 3341 τῶν
1020 3285 1231 3341 δώδεκα
1288 3292 1431 3365 ὡρῶν
1480 3298 1574 3352 τῆς
1602 3292 1816 3362 ἡμέρας,
1850 3290 1908 3343 οὗ

2044 3310 2078 3349 n
2109 3294 2224 3359 die,
2248 3293 2524 3349 videlicet
2551 3293 2609 3347 in
2645 3292 2976 3363 unaquavis
3019 3289 3340 3345 duodecim
3364 3289 3477 3344 diei
3509 3289 3685 3346 hora-

295 3384 644 3456 προσκόπτει,
675 3385 765 3432 καὶ
796 3381 865 3432 τά
911 3378 1033 3442 ἑξῆς
1071 3397 1083 3409 ⁸
1116 3379 1250 3431 οὑτω
1282 3383 1373 3431 καὶ
1429 3379 1511 3431 ίοίν
1542 3399 1617 3441 τις
1647 3389 1905 3454 περιπατῇ

2041 3401 2174 3449 'um,
2192 3400 2311 3439 non
2329 3383 2593 3453 offendit,
2617 3387 2890 3438 etctetera
2916 3398 2927 3435 :
2950 3381 3028 3436 ita
3043 3381 3245 3447 etiam,
3264 3379 3308 3435 si
3324 3379 3456 3451 quis
3470 3380 3528 3435 in
3552 3378 3682 3434 luce

296 3469 348 3523 έν
382 3478 453 3523 τῶ
485 3475 615 3542 φωτὶ
646 3478 740 3531 τῆς
790 3472 998 3544 ἀρετῆς,
1050 3468 1107 3521 οὑ
1161 3473 1481 3541 προσκόπτει
1512 3469 1583 3532 εἰς
1646 3468 1907 3537 κίνδυνον,

2043 3474 2248 3529 rirtutis
2280 3473 2568 3543 ambulat,
2600 3487 2715 3528 non
2738 3472 3003 3538 offendit,
3046 3470 3318 3526 incidens
3350 3469 3406 3524 in
3435 3468 3684 3541 aliquod

296 3562 385 3613 ὅτι
462 3562 521 3611 τό
592 3566 694 3631 φῶς
754 3567 851 3621 τῆς
939 3557 1126 3631 ἀρετῆς
1197 3557 1378 3631 βλέπει
1453 3564 1542 3611 καὶ
1611 3557 1906 3632 όδηγεῖται.

2043 3563 2370 3629 iericulum,
2424 3564 2564 3636 quia
2612 3562 2806 3617 lucem
2843 3560 3072 3616 virtutis
3115 3559 3290 3625 videt,
3336 3564 3392 3614 et
3441 3559 3549 3614 via;
3582 3559 3684 3613 du-

298 3649 423 3703 Ἐὰν
483 3645 543 3701 ὁέ
594 3667 670 3709 τις
734 3655 994 3721 περιπατῇ
1062 3646 1109 3700 ἐν
1180 3657 1251 3719 τῷ
1312 3652 1485 3701 σκότει
1544 3657 1638 3710 τῆς
1698 3655 1905 3721 κακίας,

2043 3668 2150 3707 :em
2180 3652 2377 3708 habet.
2412 3652 2476 3709 Si
2513 3654 2641 3724 quis
2695 3657 2889 3708 autem
2925 3648 3316 3706 ambulaverit
3344 3649 3408 3703 in
3436 3647 3684 3704 tenebris

296 3742 645 3814 προσκόπτει,
700 3737 781 3790 ὅτι
819 3741 878 3789 τὸ
919 3746 1025 3810 φῶς
1071 3737 1163 3790 οῦκ
1195 3740 1334 3790 ἔστιν
1389 3736 1436 3790 ἐν
1495 3738 1656 3811 αὐτῷ.
1715 3744 1909 3793 Λοιπὸν

2041 3742 2281 3812 nalitiaa,
2308 3742 2573 3811 o/fendit,
2603 3741 2744 3813 quia
2766 3743 2871 3797 lux
2894 3756 3011 3796 non
3034 3746 3115 3796 est
3141 3740 3201 3794 in
3233 3754 3315 3795 eo.
3340 3740 3457 3793 Vos
3484 3738 3682 3810 itaque

294 3824 391 3882 οὖν
447 3828 594 3899 ὑμεῖς
634 3829 682 3879 ἐν
722 3834 793 3897 τῷ
850 3832 982 3899 φωτὶ
1011 3835 1430 3901 περιπατοῦντες,
1468 3828 1527 3881 οὑ
1566 3830 1907 3904 προσκόψετε.

2044 3850 2077 3888 n
2114 3832 2245 3888 luce
2306 3832 2685 3888 ambulantes
2743 3847 2865 3887 non
2922 3830 3256 3886 oifendetis.
3292 3830 3465 3901 Atqui
3502 3828 3679 3884 etiam

296 3922 407 3972 Καὶ
434 3920 537 3987 μὴν
584 3920 674 3969 καὶ
720 3916 870 3968 αὐτοὶ
902 3916 1252 3989 προσέκοψαν,
1313 3920 1475 3969 εἷτουν
1520 3916 1905 3989 ἐκινδύνευσαν,

2043 3924 2131 3995 psi
2188 3922 2587 3987 offenderunt,
2652 3938 2753 3977 seu
2792 3919 3124 3993 periculum
3177 3918 3340 3990 passi
3382 3922 3539 3981 sunt,
3578 3917 3682 3973 sed

292 4005 409 4058 ἀλλ’
446 4006 505 4059 οῦ
536 4009 667 4061 τότε.
707 4004 1309 4081 Συλλαμϐανόμενοςγὰρ
1340 4003 1474 4059 εἶπεν
1504 4025 1515 4035 ·
1546 4007 1601 4060 Εἰ
1624 4006 1709 4080 ἐμὲ
1741 4010 1911 4069 ζητεῖ-

2037 4027 2138 4066 ion
2183 4015 2343 4067 tunc.
2409 4014 2557 4066 Dum
2616 4010 2777 4066 enim
2827 4008 3436 4081 comprehenderetur
3483 4006 3678 4062 dixit:

290 4114 374 4161 τε,
409 4096 560 4167 ἄφετε
588 4099 806 4157 τούτους
845 4096 1064 4167 ὑπάγειν
1112 4111 1124 4124 ’
1160 4100 1277 4169 περὶ
1318 4095 1510 4148 ἐκείνου
1540 4098 1641 4172 γὰρ
1670 4106 1761 4150 τοῦ
1791 4118 1906 4150 καιο

2042 4101 2185 4158 ςίηιε
2204 4102 2494 4173 quaeritis,
2521 4100 2695 4156 sinite
2721 4100 2824 4156 hos
2855 4099 3109 4155 abire”:
3141 4113 3281 4153 nam
3306 4096 3377 4152 de
3409 4095 3507 4152 illo
3539 4100 3683 4152 tem-

290 4191 395 4262 ροῦ
424 4192 512 4237 νῦν
543 4186 568 4236 ό
593 4184 766 4257 λόγος.

2020 4206 2164 4263 pore
2197 4207 2351 4247 nunc
2376 4207 2572 4247 sermo
2595 4196 2699 4245 est.

371 4281 584 4327 Νοεῖται
617 4271 676 4328 δε
715 4279 805 4327 καὶ
838 4273 1042 4349 ἑτέρως,
1077 4276 1157 4326 ὅτι
1202 4274 1318 4327 Ἐάν
1352 4295 1430 4337 τις
1462 4283 1718 4350 περιπατῇ
1755 4274 1802 4328 ἐν
1843 4284 1903 4349 τῇ

2095 4280 2440 4349 Intelligitur
2489 4286 2687 4335 autem
2730 4283 2787 4335 et
2844 4278 2962 4334 alio
3020 4277 3222 4333 modo.
3269 4276 3333 4332 Si
3379 4276 3509 4348 quis
3552 4290 3678 4331 am-

296 4365 491 4439 ἠμέρᾳ,
526 4364 584 4417 οὐ
614 4368 955 4437 προσκόπτει,
987 4369 1076 4417 καὶ
1103 4367 1167 4416 τὰ
1197 4364 1333 4428 ἑξῆς.
1370 4369 1490 4429 Καὶ,
1511 4365 1628 4419 Ἐοξν
1659 4385 1739 4427 τις
1770 4385 1907 4439 περι-

2041 4370 2315 4425 iulaverit
2384 4369 2447 4426 in
2494 4370 2602 4435 die,
2657 4385 2772 4424 non
2825 4368 3091 4439 o/fendit,
3161 4374 3216 4422 et
3280 4371 3506 4429 caetera,
3566 4364 3682 4421 hoc

296 4460 440 4512 πατῆ
476 4452 524 4505 ἐν
552 4452 687 4526 ἐμοὶ,
730 4456 896 4506 εἶτουν
928 4454 1039 4527 μετ’
1081 4453 1229 4527 ἐμοῦ,
1286 4453 1343 4506 οῦ
1392 4459 1733 4528 προσκόπτει,
1767 4456 1846 4508 ὅτι
1876 4459 1905 4515 ἠ

2040 4464 2124 4523 εει,
2158 4458 2211 4515 Si
2244 4459 2379 4530 quis
2438 4458 2837 4515 ambulaverit
2885 4459 2944 4513 in
2994 4473 3090 4512 me
3141 4460 3246 4512 aut
3290 4470 3547 4520 mecum,
3580 4454 3681 4526 qui

299 4540 523 4615 δύναμίς
556 4563 657 4616 μου
689 4540 877 4615 ὁδηγεῖ
898 4544 1072 4599 αὐτόν.

2042 4564 2157 4603 sum
2189 4547 2284 4603 lux
2309 4553 2363 4603 et
2392 4547 2521 4603 dies
2563 4567 2576 4605 :
2622 4564 2759 4605 nam
2809 4547 3095 4619 quandiu,
3132 4545 3344 4619 inquit,
3369 4545 3431 4600 in
3463 4545 3683 4599 mundo

292 4649 449 4699 sum,
507 4634 617 4690 tua:
663 4650 793 4690 sum
850 4635 1107 4690 mundi:
1160 4650 1283 4689 non
1330 4634 1578 4691 offendit
1629 4635 1703 4690 ad
1753 4634 1938 4693 ullum
1987 4638 2340 4710 periculum,
2405 4639 2671 4710 potentia
2714 4637 3007 4709 siquidem
3052 4652 3123 4693 ac
3169 4636 3353 4693 virtus
3398 4650 3534 4691 mea
3585 4634 3686 4690 de-

298 4722 470 4779 ducit
500 4721 688 4779 illum.

366 4819 546 4866 Τκῦτα
577 4844 645 4853 -
690 4812 845 4885 λέγει.
880 4812 893 4834 ’
924 4819 1124 4874 Εκεῖνος
1174 4817 1264 4887 μὲν
1306 4812 1462 4883 εἶπεν,
1513 4815 1594 4867 ὅτι
1656 4814 1716 4865 ’0
1769 4815 1908 4888 φίλος

2091 4817 2251 4873 Vers.
2320 4822 2401 4872 tt.
2458 4818 2603 4873 Haec
2656 4849 2722 4859 —
2770 4816 2935 4873 Vers.
2984 4817 3066 4873 l3.
3124 4815 3360 4873 diceret.
3411 4815 3541 4887 Ipse
3589 4812 3683 4869 di-

292 4903 462 4975 ἡμῶν,
535 4901 791 4975 ἔμφαινων
855 4903 1142 4975 ἀναγκαίαν
1209 4908 1297 4962 τὴν
1360 4904 1428 4966 εἰς
1483 4904 1635 4957 αὑτὸν
1682 4905 1856 4977 ἄφιξιν
1891 4923 1903 4936 '

2043 4906 2204 4972 :ebat,
2239 4908 2475 4963 Amicus
2512 4914 2730 4973 noster,
2764 4908 3084 4963 ostendens
3117 4904 3522 4961 necessariam
3553 4919 3684 4958 esse

291 4992 444 5045 αὐτοὶ
530 4988 590 5045 δὲ
667 4990 805 5045 εἶπον
879 4994 958 5045 ὅτι
1044 4995 1365 5065 Σωθὴσεται,
1448 4997 1607 5066 ἤγουν
1685 4995 1905 5067 ὑγιανεῖ,

2042 4994 2095 5050 ιὰ
2153 5011 2290 5051 eum
2350 4996 2803 5070 profectionem.
2860 4994 2942 5052 illi
2983 5009 3125 5050 vero
3178 4991 3457 5049 dicebant
3510 4990 3683 5048 :Sal—

405 5117 450 5153 ⁸⁵
477 5118 647 5175 Joan.
680 5133 843 5188 xvui,
863 5120 919 5190 7,
954 5119 1009 5174 8.

1612 5243 1837 5313 Variae
1874 5244 2200 5315 lectiones
2217 5251 2283 5312 et
2310 5253 2512 5313 notae.

372 5440 786 5516 (2_5)70rjgenis
817 5442 894 5499 ad
924 5442 1086 5499 hunc
1115 5441 1317 5516 locum
1372 5442 1778 5516 interpretatio
1818 5444 1904 5498 in-

2037 5460 2084 5499 tx
2113 5442 2311 5516 Cyrill.
2350 5441 2388 5497 1.
2423 5441 2459 5497 1.
2492 5458 2554 5515 p.
2588 5443 2806 5516 676,15,
2840 5442 2917 5498 ad
2963 5459 2974 5497 :
3012 5445 3152 5499 Αὕτη
3192 5442 3221 5499 ἡ
3255 5440 3518 5516 ἀσθένεια,
3548 5460 3598 5496 κ.
3631 5461 3678 5494 τ.

296 5512 550 5588 tercidit.
576 5512 1041 5588 Cghrysostomus
1067 5515 1366 5571 multoties
1408 5512 1565 5577 δόξαν
1609 5516 1683 5571 de
1728 5531 1903 5588 cruce

2048 5558 2059 5570 .
2096 5512 2250 5587 Λέγει
2291 5518 2465 5588 μέντοι
2494 5512 2675 5588 ’ταῦτα
2718 5514 2742 5564 ὁ
2776 5516 2981 5588 Κύριος,
3005 5518 3137 5588 ⁸οὑχ
3175 5516 3261 5565 ἵνα
3293 5512 3594 5574 ἀπελθόντες
3635 5517 3682 5567 οἱ

297 5585 575 5681 Ξῇριίοδί.
591 5582 1007 5681 ,δθξγθάίξιυῃρ
1028 5586 1250 5681 locum,
1281 5588 1606 5681 tomIlVllll,‘
1622 5586 1904 5681 [3.369.93-

2039 5582 2301 5681 ἵνθρώποί
2340 5585 2701 5658 ἀπαγγείλωσι
2759 5582 2875 5646 ταῖς
2907 5656 2918 5673 ν
2957 5582 3201 5655 ἀδελφαῖς
3256 5593 3348 5637 τοῦ
3410 5586 3680 5681 Λαζξὶρου,

2040 5659 2097 5681 λ’.
2192 5662 2203 5673 σ
2234 5679 2243 5681 _
2293 5662 2421 5681 1.44
2470 5657 2623 5681 ___‘.:
2790 5661 2841 5681 -1
2902 5663 3136 5681 __:,,_,-__
3216 5662 3286 5681 ρ.-
3341 5661 3467 5681 __:,
3566 5657 3680 5681 λετ--.

297 5654 663 5733 hil'_reperio.
693 5657 1081 5733 NeoCyrillus
1114 5659 1225 5733 tale
1245 5658 1404 5733 quid
1428 5654 1781 5733 haliet'tom.
1814 5660 1901 5733 iV,

2039 5654 2123 5712 ιλλ⁸
2180 5662 2243 5733 ᾡς
2292 5662 2422 5720 Θεὸς
2457 5654 2747 5733 προλέγων-
2788 5661 2845 5709 τὸ
2900 5654 3172 5733 ἐσόμενον,⁸
3210 5662 3290 5709 ὅτι
3338 5661 3468 5732 πρὸς
3523 5654 3680 5733 δόξαν

297 5742 362 5798 p.
391 5729 492 5806 6_t_37
523 5729 721 5806 A,_q_ui
748 5727 1005 5806 ἰὺίιὺπερ
1048 5738 1143 5806 τῆς
1365 5737 1455 5806 τοῦ
1485 5735 1633 5806 Θεοῦ,
1664 5730 1737 5786 de
1763 5729 1901 5806 Filio
2014 5738 2147 5786 Θεοῦ
2196 5731 2331 5805 ἐώρα
2382 5734 2440 5783 τὸ
2498 5727 2588 5784 τοῦ
2630 5727 2946 5806 ’πράγματος
2990 5727 3349 5803 ἀποτέλεσμα,
3378 5727 3458 5786 ’κ.
3508 5749 3556 5785 τ.
3630 5729 3678 5785 λ.

296 5800 575 5872 explicat.
605 5798 887 5858 Dissentit
914 5798 1055 5872 ergo
1080 5802 1152 5858 ab
1181 5801 1723 5875 Euthymio.0biter
1740 5801 1901 5859 addo
