4156 6402
477 356 617 413 1313
1807 358 2118 414 ΕΠΤΗΥΜΙ

2216 356 2527 412 ΕΙῦΑΒΕΝΙ
3715 358 3857 417 1344

482 499 588 541 vus
643 485 774 552 erit,
856 484 975 542 sive
1031 487 1359 559 sanabitur,
1433 487 1700 544 volentes
1762 488 1890 558 ejus
1942 486 2123 543 consil

2253 484 2560 558 βουλόμενοι
2586 484 2809 558 metu:
2838 490 2930 545 τὴν
2962 486 3131 561 ὁρμὴν
3184 484 3344 539 αὐτοῦ
3366 502 3379 517 ·
3416 488 3560 539 οὔπω
3597 487 3699 560 γὰρ
3733 483 3856 540 ἀπε-

478 573 560 630 lio
590 575 828 631 obstare
860 594 873 628 :
904 576 1173 632 nondum
1190 577 1349 633 enim
1372 582 1596 632 metum
1628 577 1991 650 abjecerant.

1153 577 1349 633 ienim
1372 582 1596 632 metum
1628 577 1991 650 abjecerant.
2250 574 2464 628 ϐάλοντο
2496 580 2582 628 τόν
2613 575 2794 648 φοϐον.

554 665 723 729 Quod
784 671 983 721 autem
1036 667 1224 722 dicit:
1286 668 1358 723 Ut
1389 685 1422 721 a
1456 683 1655 723 somno
1687 667 1931 723 excitem
1982 682 2133 731 eum,

479 750 813 809 facilitatem
882 757 1330 812 resurrectionis
1393 758 1669 812 ostendit.
1737 757 1881 812 Hinc
1934 756 2120 828 itaque

2317 759 2386 807 Τό
2421 751 2500 819 δὲ,
2529 753 2639 808 Ἵνα
2678 754 2938 817 ἐξυπνίσω
2970 754 3148 819 αὐτόν,
3193 754 3251 806 τό
3293 750 3480 829 ῥᾴδιον
3508 763 3599 815 τῆς
3627 756 3858 807 αναστά-

477 841 611 897 illos
658 843 975 913 intelligere
1024 846 1302 917 Oportuit,
1364 845 1530 919 quod
1558 846 1633 901 de
1688 851 1877 902 morte
1925 852 1981 902 et
2045 862 2118 901 rei

2249 863 2377 906 σεως
2405 846 2699 917 ὑποφαίνει.
2743 841 2887 898 Ἔδει
2920 840 2977 897 δὲ
3010 845 3196 905 αὐτοὺς
3223 842 3448 896 ἐντεῦθεν
3470 852 3595 915 γοῦν
3622 848 3860 921 συνιέναι

477 933 840 989 surrectione
897 935 1026 1004 ejus
1071 935 1310 990 diceret.
1365 935 1676 1000 Quomodo
1732 935 1892 990 enim
1936 935 2118 1007 profe-

2245 936 2326 986 ὅτι
2352 940 2469 1008 περὶ
2500 942 2587 987 τοί
2618 936 2837 987 θανάτοῦ
2868 939 2959 986 καὶ
3011 942 3105 995 τῆς
3146 932 3485 995 ἀναστάσεως
3515 933 3675 985 αὐτου
3704 952 3855 1005 φησι.

474 1026 676 1077 cturus
704 1029 828 1078 erat
878 1023 1072 1080 stadia
1122 1024 1491 1096 quindecim,
1544 1031 1607 1081 ut
1645 1041 1781 1081 eum
1843 1043 1877 1082 a
1919 1040 2115 1081 somnc

2244 1024 2387 1096 [Πῶς
2421 1024 2532 1095 (26)
2564 1028 2665 1097 ’γὰρ
2702 1023 2761 1075 ἆν
2815 1023 2986 1097 ἔμελλε
3024 1025 3340 1098 πορεύεσθαι
3372 1019 3570 1075 στάδια
3595 1028 3860 1076 πεντεκαί’

473 1112 752 1168 excitaret
780 1114 808 1169 ‘I
839 1113 943 1168 sed
966 1114 1392 1185 Opinabantur,
1413 1115 1673 1185 aenigma
1695 1115 1942 1188 aliquod
1978 1131 2109 1170 esse

2246 1110 2393 1184 δεκα,
2420 1116 2554 1167 ὥστε
2583 1114 2858 1177 ἐξυπνίσαι
2890 1114 3044 1166 αὐτόν
3075 1133 3089 1181 ;
3134 1112 3268 1167 Ἀλλ’
3295 1117 3539 1185 ενόμισαν
3563 1115 3782 1185 αἴνιγμά
3810 1133 3862 1167 τι

470 1200 664 1272 qualia
706 1202 893 1257 multa
918 1202 1174 1259 dicebat.

2246 1199 2395 1271 εἶναι,
2426 1204 2511 1256 οἵα
2536 1203 2699 1257 πολλὰ
2726 1202 2917 1276 ἔλεγε]

540 1292 705 1346 Vers.
738 1294 814 1347 14.
855 1291 1017 1347 Tunc
1054 1324 1109 1331 ω
1134 1294 1468 1363 manifeste.
1503 1295 1588 1365 -Η-
1615 1296 1847 1367 Aperte.

1641 1301 1847 1367 tperte.
2317 1298 2440 1346 Τότε
2468 1324 2534 1333 -
2564 1292 2856 1369 παρρησίᾳ.
2888 1299 3118 1367 Φανερῶς
3144 1292 3282 1363 ('27).

543 1379 703 1435 Vers.
774 1383 852 1435 14.
912 1383 1166 1437 Lazarus
1219 1413 1285 1423 —
1346 1385 1505 1441 Vers.
1564 1385 1650 1439 15.
1710 1384 1804 1439 ibi.
1865 1382 2134 1452 Gaudeo,

2322 1382 2563 1456 Λάζαρος
2618 1388 2837 1437 -έκεῖ,
2894 1388 2993 1436 Καὶ
3041 1387 3218 1455 χαίρω
3274 1383 3354 1435 ὅτι
3417 1381 3511 1434 οὐκ
3564 1385 3702 1453 ἤμην
3736 1380 3856 1436 ἐκεῖ.

469 1469 638 1540 quod
693 1485 813 1526 non
866 1470 1083 1527 fuerim
1139 1471 1221 1527 ibi
1281 1489 1293 1539 ;
1355 1473 1591 1543 gaudeo
1647 1478 1848 1530 autem
1902 1480 2104 1546 propte

2250 1478 2430 1546 Χαίρω
2463 1469 2521 1525 δὲ
2549 1469 2625 1525 δι’
2654 1474 2805 1545 ὑμᾶς,
2863 1473 2947 1524 ἱνα
2988 1474 3311 1530 πιστεύσητε
3362 1470 3534 1537 πλέον,
3558 1472 3679 1523 ὅταν
3707 1468 3861 1528 ἴδητε

472 1574 595 1627 vos,
656 1565 721 1616 ut
807 1560 1039 1632 plenius
1115 1563 1389 1629 credatis,
1462 1581 1596 1619 cum
1666 1564 1930 1620 videritis
1998 1582 2112 1621 eun

2250 1562 2404 1615 αὑτὸν
2432 1561 2786 1634 ἀνιστάμενον.
2814 1562 2872 1614 Εἰ
2892 1565 2993 1636 γὰρ
3018 1558 3078 1620 ἦν
3104 1560 3224 1626 ἐκεῖ,
3260 1561 3288 1620 ἦ
3319 1560 3413 1613 οὐκ
3430 1559 3489 1612 ἂν
3520 1561 3790 1625 ἀπέθανεν,
3828 1560 3856 1618 ἡ

471 1657 901 1720 resurgentem.
958 1655 1107 1708 Nam
1148 1653 1193 1708 si
1229 1653 1309 1709 ibi
1362 1653 1632 1721 fuissem,
1684 1655 1777 1711 vel
1827 1671 1949 1711 non
2000 1656 2112 1712 tuis

2252 1653 2345 1705 οὐκ
2376 1651 2436 1703 ἂν
2482 1651 2785 1709 τηλικοῦτον
2844 1653 3001 1723 ἐφάνη
3034 1654 3091 1703 τὸ
3127 1653 3320 1723 θαῦμα,
3368 1650 3397 1709 ἢ
3430 1654 3520 1703 καὶ
3546 1650 3858 1707 ὑπωπτεύθη

473 1743 561 1793 set
619 1747 914 1807 mortuus,
974 1740 1071 1797 vel
1140 1758 1260 1798 non
1316 1747 1545 1799 tantum
1607 1745 1984 1816 apparuisset
2036 1748 2114 1802 mi

1222 1758 1260 1797 n
1316 1747 1545 1799 tantum
1607 1745 1984 1816 apparuisset
2036 1748 2141 1802 mi-
2253 1744 2428 1816 ἀν,ὡ;
2457 1749 2858 1820 προειρήκαμεν.

472 1826 766 1896 raculum,
837 1829 922 1887 vel
981 1832 1307 1904 suspicioni
1382 1831 1589 1889 fuisset
1649 1833 2011 1906 subjectum,
2076 1840 2141 1892 ut
2178 1854 2219 1907 Β

471 1918 872 1991 praediximus.

540 2010 705 2064 Vers.
768 2012 855 2065 15.
914 2012 1033 2069 Sed
1092 2043 1157 2053 -—
1216 2029 1367 2070 eum.
1436 2017 1517 2071 Ne
1565 2014 1839 2071 malevoli
1894 2031 2037 2085 erga
2080 2034 2142 2072 a-

2327 2012 2462 2067 Ἀλλ’
2490 2043 2554 2053 -—
2584 2012 2754 2065 αὐτόν.
2784 2010 2892 2066 Ἵνα
2924 2016 2994 2084 μὴ
3031 2007 3262 2083 δόξωμεν
3294 2008 3683 2085 ἀφιλόστοργοι.
3706 2012 3776 2063 Τὸ
3805 2006 3864 2062 δὲ

468 2098 659 2155 micos
726 2100 1057 2161 videamur.
1118 2105 1243 2159 Haec
1295 2110 1520 2171 autem,
1603 2105 1736 2161 Non
1796 2121 1959 2161 eram
2038 2107 2109 2162 ibi

2257 2104 2367 2156 Οὐκ
2397 2106 2559 2174 ἤμην,
2584 2108 2671 2155 καὶ
2702 2106 2759 2154 τό
2797 2107 3055 2173 Ἄγωμεν,
3090 2106 3179 2153 καὶ
3208 2103 3274 2152 τὰ
3298 2107 3534 2169 τοιαῦτα,
3577 2102 3643 2162 ὡς
3666 2100 3866 2172 ἄνθρω-

468 2192 543 2254 et,
573 2190 808 2255 Eamus,
843 2206 912 2247 ac
940 2191 1184 2258 similia,
1222 2199 1513 2266 tanquam
1543 2195 1729 2251 homo
1760 2195 1922 2250 dicit.

895 2208 912 2247 δ
940 2191 1184 2258 similia,
1222 2199 1513 2266 tanquam
1543 2195 1729 2251 homo
1760 2195 1922 2250 dicit.
2254 2211 2351 2252 πος
2380 2192 2536 2263 λέγει.

538 2281 697 2333 Vers.
756 2284 836 2336 16.
904 2282 1065 2337 Dixit
1118 2314 1189 2323 —-
1238 2298 1325 2340 eo.
1382 2289 1649 2356 Apparet
1698 2285 1950 2357 quidem
2012 2303 2143 2341 ma-

2328 2278 2478 2334 Εῖπεν
2510 2310 2571 2321 --
2605 2280 2785 2334 αὐτοῦ.
2846 2286 2993 2332 Δοκεῖ
3021 2283 3111 2352 μεν
3150 2278 3421 2351 εὐτολμίας
3472 2280 3497 2330 ό
3548 2277 3715 2350 λόγος,
3748 2281 3865 2330 ἔστι

464 2383 596 2437 gum
649 2385 846 2425 sermo
887 2371 1181 2438 audaciae,
1236 2389 1444 2428 verum
1508 2374 1707 2444 potius
1771 2378 1863 2429 est
1924 2375 2105 2430 timidi

2259 2367 2318 2423 δὲ
2356 2370 2545 2441 μᾶλλον
2592 2367 2787 2432 δειλίας
2817 2374 2905 2421 καὶ
2937 2368 3205 2431 ἀπιστίας.
3261 2368 3500 2421 Ἠπίστει
3526 2370 3624 2443 γὰρ
3674 2369 3754 2420 ότι
3803 2367 3863 2420 οὐ

467 2458 601 2513 tatis
654 2475 723 2515 ac
790 2460 1199 2531 inﬁdelitatis;
1269 2462 1578 2519 difﬁdebat
1650 2479 1925 2536 namque
1978 2481 2108 2537 quo

2256 2460 2673 2532 προσκόψουσιν,
2735 2463 2803 2521 ὡς
2851 2467 3080 2526 προεῖπε,
3130 2464 3220 2512 καὶ
3247 2455 3340 2511 διὰ
3366 2466 3519 2511 τοῦτο
3560 2453 3866 2530 προσεδόκα

466 2562 588 2603 non
658 2548 1052 2616 offenderent,
1134 2558 1194 2608 ut
1265 2553 1647 2624 praedixerat,
1733 2561 1788 2609 et
1838 2560 2106 2626 proptere

2260 2552 2693 2624 συναναιρεθῆναι
2717 2553 2913 2610 πάντας
2941 2557 3012 2618 τῲ
3042 2545 3355 2619 διδασκάλῳ
3406 2564 3417 2576 ·
3457 2547 3552 2601 οὐκ
3582 2546 3866 2620 ἐπετίμησε

467 2636 875 2708 opinabantur
912 2656 1123 2695 omnes
1171 2642 1347 2698 simul
1398 2659 1537 2697 cum
1569 2648 1943 2715 praeceptore
1991 2660 2108 2700 occ.

2260 2636 2319 2691 δὲ
2341 2640 2479 2709 αὐτῷ
2505 2642 2530 2692 ό
2564 2643 2816 2711 Χριστὸς,
2845 2636 3216 2701 διαϐαστάζων
3244 2641 3319 2690 ἔτι
3348 2641 3440 2696 τὴν
3472 2636 3738 2690 ἀσθένειαν
3766 2636 3866 2688 αὐ-

469 2724 702 2782 dendos
733 2744 883 2783 esse.
941 2732 1065 2785 Non
1125 2736 1323 2787 tamen
1388 2732 1708 2803 increpavit
1770 2748 1909 2787 eum
1984 2734 2110 2789 Chri

2258 2737 2370 2781 του.
2406 2726 2633 2802 Δίδυμος
2658 2726 2717 2781 ds
2748 2728 2943 2800 ἐλεγετο
2972 2724 3066 2780 διὰ
3094 2731 3152 2779 τό
3200 2730 3407 2801 συνάμα
3436 2723 3643 2799 ἀδελφῷ
3689 2746 3866 2799 γεννη-

473 2823 617 2885 stus,
681 2817 940 2874 tolerans
991 2819 1186 2875 adhuc
1244 2821 1371 2891 ejus
1419 2821 1908 2878 imbecillitatem.
1968 2823 2149 2895 Didy_
2263 2821 2433 2878 θῆναι.

474 2920 609 2960 mus
642 2922 781 2962 vero
836 2909 1006 2981 quasi
1060 2910 1337 2978 geminus
1383 2910 1718 2978 dicebatur,
1763 2912 1924 2984 quod
1969 2913 2144 2981 simu]

471 3010 606 3050 cum
638 2995 816 3051 fratre
841 3004 1015 3052 natus
1038 3004 1213 3053 esset.

544 3085 710 3140 Vers.
749 3087 834 3141 17.
870 3087 1016 3143 Cum
1046 3088 1237 3159 igitur
1259 3090 1513 3146 venisset
1545 3121 1612 3130 —
1657 3091 1972 3159 sepultum.
2017 3094 2146 3164 Ipse

2328 3088 2515 3142 Ἐλθὼν
2556 3085 2643 3140 οὖν
2708 3119 2767 3128 —
2815 3086 2862 3139 ἐν
2896 3096 2965 3157 τῷ
3015 3091 3270 3159 μνημείῷ.
3310 3085 3476 3148 Αὐτὸς
3505 3088 3594 3159 μὲν
3622 3084 3864 3152 ἀπέθανε,

474 3174 719 3246 quidem
778 3182 1052 3232 mortuus
1134 3178 1348 3248 fuerat,
1411 3185 1733 3251 postquam
1782 3196 2016 3236 sorores
2066 3198 2115 3236 a4

2255 3180 2380 3249 μεθο
2434 3176 2737 3230 ἀπέστειλαν
2782 3178 2836 3228 αἱ
2877 3172 3097 3247 ἀδελφαὶ
3151 3180 3281 3248 πρὸς
3333 3180 3420 3229 τόν
3462 3178 3713 3249 Χριστὸν,
3744 3176 3867 3226 κατ’

471 3263 769 3320 Christum
832 3266 1139 3331 miserant,
1189 3267 1400 3323 eodem
1448 3284 1593 3324 sane
1648 3268 1743 3324 die
1788 3286 1800 3325 :
1863 3270 1959 3325 hic
2005 3286 2112 3325 veri

2256 3270 2419 3327 αὐτὴν
2450 3270 2554 3342 ἄρα
2578 3273 2671 3325 την
2711 3270 2907 3341 ἡμέραν
2956 3284 2966 3295 ·
3002 3267 3150 3326 οὗτος
3180 3266 3295 3335 (‘28)
3327 3263 3386 3319 δε
3438 3269 3625 3338 ἔμεινεν
3650 3268 3699 3317 ἑν
3803 3262 3865 3323 ἧν

471 3355 683 3411 mansit
737 3355 796 3410 in
850 3356 984 3412 loco
1045 3357 1144 3412 ubi
1197 3365 1322 3413 erat
1400 3357 1642 3413 duobus
1722 3358 1960 3423 diebus,
2045 3359 2112 3415 ill

2254 3365 2393 3430 τόπῳ
2426 3355 2523 3411 δύο
2553 3360 2769 3431 ἡμέρας,
2821 3356 2985 3414 αὐτην
3016 3375 3069 3408 τε
3111 3361 3200 3408 καὶ
3232 3355 3403 3430 ἑτέραν
3447 3373 3457 3385 ”
3488 3359 3623 3409 κατὰ
3663 3352 3721 3407 δὲ
3767 3360 3865 3413 τὴν

469 3442 742 3500 videlicet
790 3461 859 3501 ac
916 3451 1232 3517 sequenti;
1290 3446 1461 3501 tertio
1505 3452 1706 3502 autem
1760 3447 1915 3502 dixit
1975 3448 2110 3503 disci

2256 3454 2437 3521 τρίτην
2474 3446 2580 3500 εἷπε
2611 3455 2721 3508 τοῖς
2772 3448 3037 3518 μαθηταῖς
3075 3446 3157 3497 ὅτι
3187 3446 3434 3519 Λάζαρος
3472 3446 3497 3496 ό
3549 3444 3690 3517 φίλος
3715 3445 3864 3516 ἡμῶν

470 3532 648 3602 pulis,
691 3536 945 3591 Lazarus
982 3534 1205 3590 amicus
1243 3540 1438 3591 noster
1471 3536 1709 3601 dormit,
1772 3542 1827 3592 et
1880 3541 2092 3592 caetera

2257 3543 2586 3609 κεκοίμηται,
2616 3542 2706 3587 καὶ
2738 3538 2804 3587 τὰ
2848 3534 2961 3597 ἑξῆς
3009 3552 3021 3563 ’
3058 3536 3105 3585 ἐν
3148 3532 3206 3587 δε
3267 3542 3328 3607 τῇ
3370 3536 3587 3606 τετάρτη
3642 3532 3861 3599 ἀπῆλθε,

468 3620 527 3677 in
569 3628 786 3695 quarto
816 3622 981 3690 abiit,
1036 3639 1174 3679 cum
1228 3630 1651 3696 exspectasset,
1688 3625 1885 3681 donec
1938 3625 2109 3682 olere]

2256 3633 2554 3702 περιμείνας
2604 3628 2688 3678 ἱνα
2769 3626 2926 3697 όζίση
2984 3627 3119 3677 ὥστε
3172 3624 3321 3677 πλέον
3375 3631 3595 3696 φανῆναι
3666 3626 3723 3674 τό
3776 3642 3866 3695 με·

471 3715 537 3767 ut
561 3713 756 3783 magis
788 3712 1269 3769 maniiestaretur
1294 3731 1413 3770 suae
1441 3714 1789 3784 magnitudo
1828 3715 2106 3786 potentiae

2256 3718 2458 3789 γαλεῖον
2494 3725 2590 3777 τῆς
2648 3716 2808 3768 αὐτοῦ
2841 3711 3129 3787 δυνάμεως.
3175 3714 3346 3769 Αὐταὶ
3401 3710 3461 3768 δε
3490 3713 3661 3767 οὐκέτι
3701 3711 3864 3765 ἀπέσ-

472 3802 717 3857 Sorores
757 3809 957 3858 autem
1002 3818 1126 3858 non
1176 3803 1435 3875 amplius
1491 3804 1570 3860 ad
1629 3821 1768 3861 eum
1826 3805 2113 3862 miserunt

2257 3808 2424 3860 τειλαν
2457 3810 2587 3879 πρὸς
2636 3805 2807 3870 αὑτὸν,
2860 3806 3183 3876 ἀπογνοῦσαι
3234 3804 3411 3857 λοιπόν
3450 3808 3544 3862 τὴν
3593 3804 3731 3864 ζωὴν
3770 3811 3867 3855 τοῦ

472 3889 548 3945 de
574 3889 770 3945 fratris
794 3891 912 3947 vita
940 3892 1067 3962 jam
1096 3891 1507 3964 desperantes.

860 3896 912 3947 ta
940 3892 1067 3962 jam
1096 3891 1507 3964 desperantes.
2258 3893 2501 3968 ἀδελφοῦ.

545 3982 703 4035 Vers.
768 3982 847 4034 18.
909 3982 1062 4038 Erat
1098 4014 1163 4022 —
1225 3982 1392 4039 Vers.
1456 3988 1537 4040 19.
1586 3998 1714 4040 suo.
1768 3984 1969 4040 Graeco
2018 3984 2143 4056 qui-

2327 3985 2422 4038 Ἢν
2452 4018 2516 4024 -
2548 3983 2734 4037 αὐτῶν.
2793 4015 2859 4023 —
2895 3987 3031 4058 Πρός
3081 3986 3169 4043 τὰς
3210 3987 3328 4058 περὶ
3359 3984 3579 4056 Μάρθαν
3632 3986 3721 4033 καὶ
3750 3988 3867 4034 Μα-

472 4068 610 4124 dem
674 4070 909 4136 dicitur,
991 4075 1127 4145 Πρὸς
1198 4076 1291 4135 τὰς
1377 4078 1493 4147 περὶ
1564 4074 1786 4148 Μάρθαν
1861 4078 1950 4126 καὶ
2019 4081 2141 4127 Μα-
2255 4080 2389 4150 ρίαν,
2450 4078 2685 4127 τουτέστι
2720 4076 2849 4147 πρὸς
2888 4075 3106 4148 Μάρθαν
3150 4078 3239 4124 καὶ
3278 4077 3504 4145 Μαρίαν.
3570 4076 3669 4124 Καὶ
3710 4078 3866 4122 τοῦτο

469 4162 631 4231 ρίανξ
711 4166 802 4215 est
879 4166 1080 4217 autem
1155 4163 1473 4219 Graecanici
1542 4163 1838 4218 sermonis
1898 4163 2110 4218 idioma

2254 4167 2355 4237 γὰρ
2391 4161 2589 4236 ἰδιωμα
2607 4164 2781 4234 λόγου.
2807 4162 2965 4217 Ἀλλὰ
2992 4172 3095 4222 πὼς
3117 4159 3867 4234 αὐτὰςπαρεμυθοῦντορίλας

469 4247 631 4305 idem
664 4250 1030 4319 signiﬁcans,
1096 4252 1260 4324 quod
1316 4252 1392 4307 ad
1454 4252 1743 4307 Martham
1784 4258 1841 4308 et
1880 4254 2110 4310 Mariam

2257 4258 2420 4316 οὔσας
2444 4262 2534 4307 του
2568 4253 2746 4310 Ἰησοῦ
2789 4268 2802 4319 ;
2841 4254 3051 4312 Πάντως
3083 4252 3111 4310 ἢ
3144 4247 3238 4303 διὰ
3266 4255 3360 4309 τὴν
3392 4249 3643 4321 εὐγένειαν
3671 4249 3863 4317 αὐτων,

475 4339 716 4409 Verum,
746 4356 867 4412 quo
918 4346 1096 4412 pacto
1149 4341 1619 4398 consolabantur
1679 4342 1828 4407 illas,
1881 4359 2016 4397 cum
2063 4343 2115 4397 in

2256 4346 2284 4403 ἡ
2318 4340 2409 4395 διὰ
2440 4346 2534 4405 τὰς
2563 4342 2721 4402 ἄλλας
2769 4340 2972 4418 ἀρετὰς,
3013 4342 3041 4400 ἦ
3096 4337 3190 4393 διὰ
3238 4344 3295 4393 τό
3340 4341 3554 4411 μέγεθος
3605 4348 3698 4401 τῆς
3731 4358 3864 4410 συμ-

470 4428 652 4486 dubie
701 4436 972 4486 amarent
1013 4432 1265 4487 Jesum?
1313 4438 1427 4487 Aut
1484 4437 1724 4504 propter
1775 4432 2142 4488 nobilitatem
2257 4440 2431 4506 φορᾶς.
3187 4442 3195 4452 ’

469 4518 730 4585 illarum,
794 4525 895 4577 aut
958 4527 1202 4594 propter
1278 4520 1425 4576 altas
1506 4522 1774 4586 virtutes,
1846 4528 1951 4578 aut
2008 4538 2141 4594 pro-
2184 4571 2227 4624 Β

473 4613 606 4682 pter
628 4608 980 4666 calamitatis
1007 4610 1508 4680 magnitudinem.

550 4698 838 4754 Praeterea
919 4716 1036 4754 non
1098 4705 1266 4755 erant
1328 4699 1389 4755 lli
1470 4715 1541 4768 ex
1604 4699 1687 4754 eis
1740 4699 1843 4772 qui
1898 4701 2146 4757 omnino

2329 4700 2526 4761 ’Ἀλλως
2556 4719 2627 4767 τε,
2654 4697 2768 4752 οὐδ’
2791 4696 2925 4757 ἦσαν
2958 4700 3098 4751 οὗτοι
3132 4706 3231 4751 τῶν
3254 4700 3418 4756 πάντη
3465 4704 3701 4772 πονηρῶν
3730 4711 3741 4727 ·
3773 4701 3861 4749 καὶ

475 4786 619 4844 mali
651 4792 841 4854 erant,
876 4787 1039 4859 quod
1068 4804 1139 4843 ex
1174 4805 1242 4843 eo
1263 4788 1643 4843 manifestum
1676 4795 1780 4855 est,
1807 4790 1950 4862 quia
1979 4791 2116 4846 muli

2001 4776 2145 4846 nulti
2258 4798 2411 4843 τοῦτο
2451 4786 2609 4849 δῆλον
2632 4794 2731 4842 απὸ
2772 4797 2863 4841 τοῦ
2903 4796 3188 4841 πιστεῦσαι
3212 4787 3425 4847 πολλοὺς
3456 4786 3642 4841 αὐτῶν.

475 4877 857 4933 crediderunt
886 4878 943 4933 in
976 4893 1135 4932 eum.

544 4968 713 5022 Vers.
766 4967 852 5023 20.
885 4968 1132 5023 Martha
1162 4982 1301 5035 ergo
1340 4998 1398 5007 ——
1429 4968 1687 5022 sedebat.
1734 4969 1868 5040 Ipsa
1902 4968 2051 5032 sola,
2087 4976 2149 5027 ut

2330 4969 2387 5021 Ἠ
2443 4966 2529 5021 οὖν
2588 4970 2778 5041 Μάρθα
2830 5000 2882 5009 -
2952 4968 3241 5027 ἐκαθέζετο.
3305 4966 3447 5025 Αὐτὴ
3514 4970 3642 5039 μόνη
3709 4972 3861 5017 τοῦτο

482 5056 595 5113 hoc
650 5058 893 5113 audivit.
953 5061 1078 5113 Non
1131 5056 1600 5113 communicavit
1664 5063 1863 5112 autem
1938 5061 2121 5115 sorori

2262 5058 2558 5123 ἀκούσασα,
2621 5058 2712 5109 οὐκ
2772 5057 3083 5110 ἐκοινώσατο
3138 5062 3228 5108 καὶ
3289 5059 3413 5128 πρός
3466 5060 3561 5114 τὴν
3614 5052 3859 5127 ἀδελφὴν,

472 5161 548 5202 ne
596 5146 697 5203 illa
746 5163 988 5220 quoque
1047 5150 1324 5212 exeunte,
1385 5145 1711 5201 tumultum
1762 5148 2113 5204 concitareni

2263 5150 2344 5201 ἱνα
2374 5153 2468 5219 μὴ,
2501 5147 2737 5207 κάκείνης
2764 5146 3092 5211 ἐξελθούσης,
3148 5144 3511 5219 θορυϐηθῶσιν
3542 5147 3591 5197 οἱ
3618 5164 3861 5220 παραμυ-

473 5236 574 5308 qui
608 5236 683 5291 ad
716 5234 1158 5293 consolandum
1186 5238 1496 5289 venerant.

882 5234 1158 5292 )landum
1186 5238 1496 5289 venerant.
2266 5240 2523 5309 θούμενοι.

1710 5416 1932 5487 Variae
1969 5416 2298 5485 lectiones
2333 5426 2399 5485 et
2430 5427 2634 5486 notae.

549 5614 663 5687 (26)
693 5612 925 5671 Inclusa
952 5614 1172 5687 absunt
1197 5619 1262 5671 A.
1444 5686 1451 5687 ί
1530 5686 1533 5687 ν
2254 5616 2336 5672 xit
2360 5614 2701 5687 Hentenius.

553 5686 671 5759 (2‘7)
700 5688 817 5742 Hoc
847 5686 1253 5760 praetermisso
1284 5686 1606 5756 vocabulo,
1640 5689 1866 5744 textum
1894 5688 2148 5761 conjun-

1430 5686 1606 5756 ibulo,
1640 5689 1866 5744 textum
1894 5688 2148 5761 conjun-
2330 5687 2441 5761 (28)
2473 5686 2642 5749 Αὐτός
2670 5702 2775 5761 pro
2807 5686 2977 5750 οὗτος,
3008 5686 3071 5742 Α.
