4156 6390
288 366 312 423 1
326 364 429 425 3ιὸ

357 487 507 546 Εἶπεν
539 520 607 530 -
665 491 813 547 Θεὸς.
865 516 933 526 —-
972 483 1031 537 Εἰ
1067 480 1125 545 ἧς
1159 479 1282 549 ὧδε,
1333 482 1358 534 6
1399 477 1621 551 ἁδελφός
1662 497 1762 551 μου
1794 476 1888 528 οὐκ
1926 480 1971 532 Α

287 583 349 636 ἄν
401 580 678 637 ἐτεθνήκει.
735 576 947 633 Ἠτήσω
990 576 1091 648 γὰρ
1152 574 1211 624 ἄν
1260 575 1346 624 τὸν
1408 574 1528 624 Θεὸν
1588 571 1712 642 ὑπὲρ
1774 568 1885 639 ('29)

284 678 378 725 τοῦ
404 674 476 744 μὴ
508 668 782 721 ἀποθανεῖν
810 665 984 730 αὐτὸν,
1018 668 1108 716 καὶ
1140 662 1493 721 εἰσηκούσθης
1533 661 1592 711 ἄν
1622 661 1689 720 ὡς
1721 660 1885 728 θεοφι-

285 761 398 823 λής.
436 762 597 812 Οὔπω
622 759 722 830 γὰρ
749 754 1021 826 ἐγίνωσκεν
1048 755 1126 806 ὅτι
1149 753 1192 805 εἰ
1220 757 1309 804 καὶ
1334 753 1397 812 ὡς
1428 752 1699 823 ἄνθρωπος
1729 745 1885 811 ἀπῆν,

288 848 398 902 ἀλλ’
419 851 484 909 ὡς
513 850 635 908 Θεὸς
664 852 853 919 παρῆν.

363 1031 517 1099 Λέγει
568 1055 631 1066 -
681 1024 867 1097 ἡμέρᾳ.
927 1019 1089 1073 Ὠστε
1132 1025 1221 1072 καὶ
1258 1023 1314 1072 τὸ
1360 1015 1500 1071 Οἶδα
1547 1018 1626 1070 ὅτι
1683 1018 1783 1068 ὅσα
1828 1016 1888 1067 ἄν

288 1118 480 1190 αἰτήσῃ
542 1117 630 1167 τὸν
678 1117 826 1182 Θεὸν,
891 1108 1051 1163 δώσει
1107 1129 1190 1163 σοι
1243 1111 1267 1161 6
1323 1111 1472 1171 Θεὸς,
1527 1107 1585 1159 οὐ
1637 1110 1746 1180 περὶ
1798 1112 1889 1158 τοῦ

289 1205 579 1265 ἀναστῆναι
648 1202 758 1273 (30)
820 1201 975 1253 αὐτὸν
1018 1197 1173 1267 εἶπεν,
1253 1197 1380 1250 ἀλλὰ
1445 1202 1561 1269 περί
1632 1203 1722 1248 τοῦ
1814 1200 1885 1268 μὴ

290 1294 635 1370 ἀπορριφῆναι
695 1292 850 1344 αὐτὸν
903 1298 994 1342 τοῦ
1051 1298 1203 1342 Θεοῦ.
1261 1291 1420 1340 Οὔπω
1467 1289 1565 1361 γὰρ
1614 1283 1726 1357 εἶχε
1772 1291 1889 1360 περὶ

289 1393 381 1438 τοῦ
442 1389 672 1454 Χριστοῦ
731 1386 823 1439 τὴν
878 1384 1255 1454 προσήκουσαν
1309 1376 1587 1447 ὑπόληψιν·
1644 1382 1734 1427 καὶ
1786 1379 1888 1448 γὰρ

286 1471 401 1527 οὐδ’
429 1475 476 1525 οἱ
507 1474 762 1545 μαθηταὶ,
804 1474 976 1522 καίτοι
1023 1475 1253 1521 τοσαῦτα
1290 1472 1380 1518 καὶ
1411 1474 1627 1518 τοιαῦτα
1657 1470 1745 1518 καὶ
1778 1466 1889 1537 (31)

1253 1197 1380 1250 ἀλλὰ
1445 1202 1561 1269 περί
1632 1203 1722 1248 τοῦ

287 1562 603 1624 ἀκούσαντες
632 1565 722 1613 καὶ
751 1556 967 1620 ἰδόντες.

357 1660 508 1706 Εἶπεν
565 1682 627 1691 —
680 1650 811 1711 ζωή.
859 1648 917 1700 Ἠ
975 1644 1201 1720 δύναμις
1228 1654 1322 1708 τῆς
1372 1645 1706 1707 ἀναστάσεως
1736 1649 1825 1697 καὶ
1856 1646 1886 1703 ἡ

284 1746 429 1815 πηγή
489 1748 585 1802 τῆς
624 1741 780 1805 ζωῆς,
828 1740 853 1790 6
904 1736 1126 1789 ἀνιστών
1179 1742 1268 1789 καὶ
1325 1738 1349 1787 6
1404 1736 1569 1799 ζωῶν,
1629 1738 1693 1795 ὡς
1742 1740 1885 1795 Θεὸς,

284 1839 495 1905 Πρῶτον
552 1834 641 1903 μὲν
718 1826 805 1881 οὖν
873 1832 1094 1903 μετρίως
1167 1828 1325 1896 εἶπεν,
1397 1827 1783 1883 Ἀναστήσεται
1864 1824 1889 1875 6
1929 1829 1969 1883 Β

286 1919 507 1994 ἀδελφὸς
562 1937 676 1972 σου·
746 1918 944 1979 ἐκείνης
1016 1914 1075 1970 δε
1164 1920 1235 1988 μὴ
1299 1920 1560 1976 συνιείσης
1627 1913 1891 1966 ἀποκαλύ-

286 2030 402 2065 πτει
458 2011 636 2063 λοιπὸν
695 2013 786 2067 τὴν
853 2010 1208 2081 κεκρυμμένην
1267 2005 1506 2069 ἐξουσίαν
1560 2004 1740 2070 αὐτοῦ,
1801 2009 1890 2056 καὶ

286 2099 466 2172 ἀνάγει
494 2102 579 2152 τὸν
608 2106 724 2151 νοῦν
752 2097 936 2159 αὐτῆς.

356 2190 415 2242 Ὀ
471 2220 541 2231 -
606 2188 783 2241 αἰῶνα.
847 2188 957 2241 Κάν
1026 2186 1258 2259 ἀποθάνῃ
1332 2182 1439 2243 ἤδη
1519 2188 1604 2236 τὸν
1671 2182 1893 2235 ἐνταῦθα

290 2282 529 2347 θάνατον,
582 2282 801 2342 ζήσεται
830 2282 925 2335 τὴν
972 2277 1083 2347 (3'2)
1130 2278 1233 2328 ἐκεῖ
1284 2276 1424 2336 ζωὴν
1470 2279 1563 2331 τὴν
1604 2277 1887 2348 μακαρίαν.

291 2375 395 2424 Καὶ
446 2372 472 2422 6
530 2369 633 2431 ζῶν
672 2371 747 2420 ἔτι
802 2371 896 2425 τήν
954 2366 1172 2418 ἐνταῦθα
1233 2365 1372 2426 ζωὴν
1431 2364 1488 2416 οὗ
1537 2369 1607 2436 μὴ
1655 2363 1888 2436 ἀποθάνῃ

289 2464 377 2513 τὸν
433 2458 537 2511 ἐκεῖ
574 2461 807 2527 θάνατον,
865 2459 952 2508 τὸν
1008 2454 1207 2510 ἄθλιον.
1265 2461 1443 2507 Ταῦτα
1494 2454 1646 2506 εἰπὼν
1705 2450 1894 2515 ἔδειξεν

292 2551 375 2602 ὅτι
426 2549 597 2601 ἐκεῖνά
643 2548 758 2617 (33)
812 2546 941 2599 εἰσιν
984 2544 1177 2605 ἀληθὴς
1224 2544 1328 2604 ζωὴ
1363 2548 1452 2595 καὶ
1501 2542 1697 2604 ἀληθὴς
1745 2544 1896 2594 θάνα-

294 2659 406 2703 τος,
446 2642 515 2699 ὡς
569 2636 881 2689 ἀναλλοίωτα
920 2639 1010 2687 καὶ
1050 2630 1348 2705 ἁδιάδοχα,
1390 2630 1635 2684 κάκείνων
1665 2631 1898 2704 μάλιστα

288 2732 639 2805 φροντιστέον.

376 2909 645 2968 Πιστεύεις
673 2914 825 2959 τοῦτο
848 2922 861 2974 ;
884 2908 954 2959 T6
985 2903 1070 2977 ἐμὲ
1100 2900 1229 2956 εἶναι
1260 2907 1352 2962 τὴν
1380 2901 1664 2954 ἀνάστασιν
1690 2905 1780 2953 καὶ
1807 2905 1898 2959 τὴν

292 3000 454 3073 ζωὴν,
488 3003 578 3050 καὶ
608 2999 673 3049 τὰ
704 2996 834 3060 ἑξῆς.

366 3092 521 3160 Λέγει
595 3117 665 3129 —
766 3085 1061 3160 ἐρχόμενος.

292 3178 480 3231 ἑαυτοῦ
544 3176 657 3248 (34)
708 3173 862 3241 εἶπεν,
945 3177 1091 3245 ἔγνω·

294 3269 543 3339 ἠγνόησε.
590 3268 683 3317 Διά
724 3271 876 3317 τοῦτο
921 3265 1088 3337 ἕτερον
1146 3260 1489 3334 ἐρωτηθεῖσα,
1550 3262 1716 3333 ἕτερον
1776 3257 1901 3311 ἀπο-

1146 3083 1265 3135 ”Οτι
1343 3084 1432 3155 μὲν
1504 3081 1703 3155 μεγάλα
1783 3084 1899 3154 περὶ

1177 3180 1283 3232 πῶς
1360 3167 1418 3223 δὲ
1500 3178 1665 3223 ταῦτα
1743 3166 1895 3234 εἶπεν,
1933 3184 1973 3241 C

293 3362 545 3430 κρίνεται.
599 3353 754 3406 Ἀλλὰ
799 3355 952 3406 πόθεν
1003 3351 1278 3422 ἐγίνωσκεν
1341 3352 1367 3402 6'
1424 3351 1717 3424 ἀπεκρίθης
1770 3350 1899 3402 Ἀπὸ

294 3454 396 3497 τῶν
444 3448 792 3497 πιστευόντων
836 3442 906 3504 εἰς
961 3441 1137 3494 αὐτόν.
1193 3444 1292 3493 Καὶ
1330 3442 1432 3514 γὰρ
1462 3444 1551 3490 καὶ
1604 3440 1725 3511 ὅπερ
1766 3435 1902 3488 ἂνω-

298 3538 429 3607 τέρω
473 3531 599 3604 εἷπε,
666 3536 744 3593 τὸ,
805 3528 949 3583 Οἶδα
1009 3532 1089 3583 ὅτι
1148 3528 1504 3586 ἀναστήσεται
1562 3527 1610 3578 ἐν
1666 3535 1727 3599 τῇ
1786 3525 1905 3578 ἀνα.

303 3625 489 3676 στάσει
555 3622 603 3673 ἐν
661 3630 722 3694 τῇ
792 3620 997 3693 ἐσχάτῃ
1055 3621 1242 3692 ἡμέρᾳ,
1302 3618 1389 3670 ὑπ’
1452 3618 1566 3689 (35)
1636 3616 1796 3669 αὑτοῦ
1852 3635 1907 3669 τε

299 3720 393 3766 τοῦ
442 3719 678 3785 Χριστοῦ
711 3707 1057 3769 διδάσκοντος
1109 3710 1282 3781 ἔμαθε,
1326 3712 1414 3760 καὶ
1468 3706 1567 3759 ἀπὸ
1608 3716 1707 3759 τῶν
1741 3708 1909 3779 μαθη-

302 3812 403 3855 τῶν
456 3802 636 3855 αὐτοῦ.
704 3800 954 3860 Πολλάκις
1005 3801 1106 3874 γὰρ
1165 3798 1288 3873 παρ’
1349 3798 1532 3859 αὐταῖς
1578 3795 1689 3870 μετ’
1740 3796 1908 3849 αὐτῶν

301 3889 679 3964 ἐξενοδοχεῐτο.

377 3987 479 4035 Καὶ
507 4013 574 4022 -
600 3987 754 4053 φωνεί
781 3998 858 4036 σε.
891 3975 1325 4054 Προσδοκήσασά
1353 3996 1405 4028 τι
1446 3975 1639 4047 ἀγαθὸν
1670 3974 1770 4028 ἀπὸ
1809 3983 1910 4028 τῶν

299 4073 467 4144 λόγων
500 4072 678 4137 αὐτοῦ,
712 4074 891 4143 τρέχει
920 4074 1009 4120 καὶ
1039 4067 1186 4119 καλεῖ
1209 4072 1301 4125 τὴν
1334 4063 1560 4139 ἀδελφὴν
1594 4066 1780 4140 λάθρα,
1830 4066 1913 4117 ἵνα

301 4167 375 4236 μὴ
410 4164 458 4214 οἱ
487 4165 732 4236 παρόντες
764 4156 1020 4213 Ἰουδαῖοι
1050 4164 1202 4209 τοῦτο
1232 4164 1419 4228 γνῶσι,
1454 4160 1544 4208 καὶ
1577 4158 1707 4217 ἴσως
1743 4174 1909 4207 κατα-

301 4254 609 4325 μηνύσωσιν
664 4249 821 4301 αὐτὸν
885 4255 988 4308 τοῖς
1037 4245 1476 4298 ἐπιϐουλεύουσιν.
1539 4242 1661 4298 Eius
1705 4240 1781 4314 δε,
1833 4245 1911 4297 ὅτι

305 4348 468 4396 Φωνεί
498 4358 573 4406 σε,
610 4341 692 4392 ἶνα
733 4340 916 4391 θᾶττον
947 4335 1246 4409 ἀπαντήσῃ.

384 4523 565 4579 Εκείνη
601 4549 665 4560 -—
697 4517 873 4571 αὐτόν.
906 4515 1028 4570 ’Υπὸ
1078 4514 1277 4578 πολλῆς
1309 4513 1449 4587 μάλα
1472 4520 1568 4575 τῆς
1596 4515 1726 4587 πρὸς
1758 4513 1913 4566 αὐτὸν
1946 4549 1991 4604 D

307 4618 491 4682 τιμῆς.

383 4702 544 4752 Οὔπω
595 4730 658 4739 —-
712 4699 925 4773 Μάρθα.
974 4695 1072 4749 Ἠν
1102 4696 1178 4747 ἔτι
1226 4695 1329 4747 ἐκεῖ
1367 4689 1641 4746 διδάσκων
1671 4696 1789 4755 τοὺς
1820 4698 1914 4747 σὺν

311 4789 476 4860 αὐτῷ,
515 4800 606 4840 και
632 4789 891 4863 προφάσει
940 4793 1030 4839 τοῦ
1084 4781 1363 4839 διδάσκειν
1412 4787 1691 4856 περιμένων
1731 4783 1910 4854 αὐτὰς,

314 4881 398 4932 ἶνα
427 4882 497 4951 μὴ
550 4874 678 4950 δόξῃ
731 4873 994 4947 ἐπιπηδᾴν
1036 4878 1106 4936 ὡς
1154 4870 1421 4947 φιλόδοξος
1452 4881 1523 4943 τῷ
1566 4875 1813 4945 θαύματι.
1846 4871 1915 4925 ’Ἡ

310 4975 461 5021 τοῦτο
493 4964 626 5020 εἶπεν
658 4968 682 5018 6
705 4965 1075 5038 εὖαγγελιστὴς
1096 4964 1348 5036 ἐμφαίνων
1376 4964 1455 5014 ὅτι
1474 4967 1565 5014 καὶ
1582 4965 1610 5020 ἡ
1627 4962 1915 5032 καλέσασα,

312 5061 404 5110 καὶ
434 5058 463 5116 ἡ
496 5057 749 5115 κληθεῖσα
777 5063 1024 5109 τοσοῦτον
1067 5054 1219 5117 ὀξέως
1249 5050 1496 5127 ἔδραμον,
1525 5053 1595 5114 ὡς
1616 5054 1918 5126 προφθᾶσαι

311 5147 469 5200 αὐτὸν
496 5145 618 5201 ἐκεῖ.

1362 342 1723 409 (ὊΜΜΕΝΤ.
1768 342 1838 405 IN
1878 338 2223 405 JOANNEM.
2264 378 2334 389 -—-
2375 346 2535 405 CAP.
2576 340 2669 403 Xl.

3513 354 3653 409 1346

2071 476 2236 530 Vers.
2264 473 2352 528 21.
2386 474 2551 531 Dixit
2583 504 2652 514 -—
2678 473 2842 529 Vers.
2896 476 2984 529 2'2.
3009 474 3150 531 Deus
3199 469 3259 531 Si
3301 477 3510 547 fuisses
3534 479 3653 546 hic,

1996 567 2191 636 frater
2219 582 2379 622 meus
2414 582 2531 621 non
2557 565 2769 634 fuisset
2800 572 3059 621 mortuus
3091 582 3105 632 ;
3150 569 3463 639 petivisses
3492 587 3657 627 nam-

2000 672 2115 727 que
2146 674 2181 712 a
2217 659 2350 722 Deo,
2386 672 2458 711 ne
2491 656 2615 727 ipse
2668 662 3011 722 moreretur,
3050 661 3106 713 et
3131 658 3375 715 indubie
3418 660 3661 716 auditus

2000 744 2233 810 fuisses,
2284 750 2484 818 utpote
2518 746 2619 800 Dei
2665 745 2918 801 amicus.
2980 746 3259 803 Nondum
3315 749 3470 805 enim
3523 766 3662 821 cog-

1999 835 2299 905 noscebat,
2351 835 2539 907 quod,
2572 835 2705 891 licet
2754 840 2812 891 ut
2850 837 3035 891 homo
3068 836 3291 903 aberat,
3352 843 3550 895 tamen
3604 845 3665 897 ut

2001 927 2152 978 Deus
2179 939 2439 996 praesens
2481 928 2622 978 erat.

2070 1013 2236 1068 Vers.
2270 1018 2352 1068 23.
2393 1014 2489 1067 Ait
2526 1044 2591 1054 -
2623 1013 2790 1069 Vers.
2831 1018 2921 1072 24.
2953 1016 3065 1071 die.
3111 1017 3280 1082 Quod
3311 1034 3450 1088 ergo
3495 1018 3665 1076 dixe-

1998 1108 2087 1158 rat
2120 1120 2132 1157 :
2165 1102 2296 1159 Scio
2322 1104 2482 1174 quod
2518 1118 2878 1174 quaecunque
2932 1109 3267 1175 poposceris
3295 1125 3331 1163 a
3370 1110 3512 1174 Deo,
3551 1111 3662 1167 da-

2001 1193 2079 1247 bit
2111 1192 2220 1246 tibi
2249 1192 2417 1253 Deus,
2453 1208 2571 1247 non
2604 1192 2769 1257 dixit,
2810 1195 2969 1267 quod
3012 1212 3149 1251 eum
3199 1199 3660 1256 resuscitaturus

1998 1287 2170 1343 esset,
2203 1282 2305 1336 sed
2346 1297 2420 1336 ne
2472 1299 2506 1337 a
2556 1283 2672 1337 Deo
2726 1283 3083 1354 abjiceretur
3121 1303 3133 1341 :
3182 1287 3473 1360 siquidem
3508 1306 3659 1345 non-

1999 1372 2143 1426 dum
2203 1371 2653 1427 convenientem
2710 1374 2783 1429 de
2838 1374 3065 1430 Christo
3116 1376 3378 1434 habebat
3429 1380 3658 1450 opinio-

1999 1477 2158 1528 nem,
2194 1462 2347 1516 sicut
2392 1477 2497 1517 nec
2536 1462 2831 1533 discipuli,
2871 1464 2975 1536 qui
3020 1471 3215 1521 tamen
3270 1474 3350 1523 tot
3398 1485 3467 1524 ac
3499 1476 3663 1526 tanta

1998 1555 2055 1606 et
2079 1550 2391 1605 audierant
2415 1556 2470 1606 et
2508 1550 2800 1607 viderant.

2071 1642 2231 1695 Vers.
2264 1643 2351 1693 25.
2380 1640 2545 1695 Dixit
2593 1671 2661 1681 -—
2710 1640 2850 1697 vita.
2899 1642 3098 1697 Virtus
3144 1648 3589 1703 resurrectionis
3611 1654 3668 1706 et

1999 1729 2132 1784 fons
2166 1730 2321 1800 vitta,
2342 1729 2445 1802 qui
2468 1729 2764 1786 exsuscito
2792 1731 3096 1804 vitamque
3130 1734 3341 1804 tribuo,
3377 1741 3667 1811 tanquam

2002 1820 2171 1874 Deus.
2230 1819 2488 1874 Primum
2538 1820 2740 1891 itaque
2812 1821 3083 1877 modeste
3154 1823 3386 1881 locutus
3441 1834 3531 1883 est
3580 1828 3669 1884 di-

2000 1926 2140 1965 cens
2192 1925 2202 1964 :
2256 1909 2536 1979 Resurget
2558 1910 2761 1978 frater
2810 1918 2946 1966 tuus
2997 1917 3123 1983 ;at,
3178 1914 3281 1971 illa
3312 1916 3669 1973 nouintelli-

2000 2005 2193 2069 gente,
2240 1997 2459 2069 detegit
2498 1998 2627 2069 jam
2695 2000 2992 2056 occultam
3053 2018 3227 2058 suam
3287 2009 3667 2076 potestatem,

2001 2094 2056 2144 et
2084 2087 2279 2145 attolit
2311 2093 2572 2143 mentem
2623 2088 2771 2159 ejus.

2072 2177 2235 2231 Vers.
2285 2180 2374 2234 25.
2433 2177 2637 2245 Qui—
2690 2180 2848 2234 Vers.
2901 2183 2988 2237 26.
3054 2187 3366 2240 aeternum.
3421 2185 3673 2263 Etiamsi

2002 2283 2162 2323 nunc
2212 2267 2499 2323 moriatur
2550 2271 2829 2339 praesenti
2889 2277 3099 2333 morte,
3157 2273 3306 2329 vivet
3353 2274 3492 2345 vita,
3548 2294 3669 2350 qua

2003 2357 2061 2412 in
2094 2357 2358 2411 futurum
2390 2358 2621 2425 vivitur,
2672 2357 2785 2413 hoc
2838 2364 2944 2424 est,
2989 2359 3186 2417 beata.
3220 2365 3282 2418 Et
3331 2364 3434 2436 qui
3469 2366 3669 2423 adhuc

2006 2445 2137 2500 vivit
2169 2446 2446 2517 praesenti
2500 2446 2633 2512 vita,
2697 2462 3080 2519 nequaquam
3137 2451 3419 2508 morietur
3468 2455 3673 2513 futura

2009 2542 2216 2601 morte,
2246 2535 2360 2591 hoc
2419 2541 2527 2604 est,
2579 2537 2814 2592 misera.
2876 2538 3009 2593 Haec
3065 2540 3269 2596 dicens
3320 2545 3583 2601 ostendit
3613 2546 3674 2601 il-

2007 2624 2125 2679 lam
2160 2640 2288 2679 esse
2314 2640 2517 2680 veram
2550 2626 2745 2689 vitam,
2800 2643 3125 2701 veramque
3166 2636 3441 2697 mortem,
3476 2638 3677 2706 utpote

2006 2712 2405 2779 iDVuriabiles,
2433 2719 2489 2770 et
2536 2717 2702 2771 omni
2756 2715 2908 2772 inter
2932 2734 2997 2774 se
3042 2720 3415 2778 successione
3473 2740 3679 2781 caren-

2007 2812 2117 2869 tes,
2150 2808 2207 2859 et
2236 2804 2310 2859 de
2340 2804 2455 2861 illis
2497 2806 2759 2861 maxime
2803 2808 3138 2865 curandum
3170 2826 3321 2867 esse.

2079 2895 2245 2949 Vers.
2296 2897 2383 2949 26.
2439 2894 2640 2951 Credis
2682 2926 2749 2935 —
2802 2896 2967 2953 hoc?
3027 2899 3114 2955 Me
3186 2916 3318 2957 esse
3378 2919 3681 2961 resurrec-

2010 2984 2220 3054 tionem
2242 3000 2312 3040 ac
2331 2983 2533 3050 vitam,
2564 2991 2618 3040 et
2651 2993 2882 3041 caetera.

2084 3075 2363 3128 Vers.27.
2420 3073 2619 3129 Ait—
2679 3082 2963 3132 venturus
3023 3084 3169 3134 erat.
3233 3080 3403 3145 Quod
3456 3098 3682 3153 magna

2010 3163 2082 3217 de
2107 3164 2304 3235 seipso
2327 3163 2557 3230 dixerit,
2613 3166 2896 3233 cognovit
2954 3182 2967 3232 ;
3001 3170 3313 3240 quomodo
3349 3176 3550 3228 autem
3608 3189 3682 3230 ea

2010 3253 2240 3319 dixerit,
2303 3253 2619 3322 ignoravit,
2692 3260 2747 3310 et
2818 3264 3132 3327 propterea
3191 3275 3379 3315 unum
3434 3261 3683 3318 interro-

2012 3349 2170 3413 gata,
2235 3342 2395 3398 aliud
2478 3344 2821 3415 respondet.
2901 3347 3014 3402 Sed
3094 3348 3253 3403 unde
3304 3350 3363 3405 id
3434 3352 3677 3419 sciebat,

2013 3433 2173 3505 quod
2207 3432 2573 3505 respondit?
2630 3433 2713 3489 Ab
2765 3434 2856 3490 his
2904 3436 3001 3508 qui
3044 3438 3101 3492 in
3146 3455 3282 3494 eum
3339 3441 3678 3498 credebant.

2016 3525 2164 3578 Nam
2193 3530 2247 3578 et
2277 3523 2439 3595 quod
2468 3523 2740 3595 superius
2784 3524 3016 3581 dixerat
3052 3543 3062 3580 :
3088 3526 3211 3583 Scio
3230 3530 3390 3600 quod
3422 3538 3683 3602 resurget

2016 3614 2078 3668 in
2110 3613 2541 3669 resurrectione
2561 3613 2624 3668 in
2654 3616 2970 3671 novissimo
3018 3617 3132 3685 die,
3167 3618 3245 3674 ab
3274 3620 3402 3691 ipso
3453 3620 3686 3678 Christo

2017 3702 2327 3769 didicerat,
2359 3708 2413 3758 et
2445 3719 2481 3758 a
2528 3702 2837 3776 discipulis
2892 3706 3098 3777 ipsius.
3153 3711 3301 3765 Nam
3353 3708 3689 3783 frequenter

2020 3809 2154 3848 cum
2182 3792 2295 3849 illis
2344 3792 2508 3865 apud
2535 3808 2635 3850 eas
2667 3793 3109 3867 hospitabatur.

2092 3972 2256 4027 Vers.
2286 3974 2374 4026 28.
2417 3972 2497 4028 Et
2539 4003 2608 4012 —
2659 3981 2828 4029 vocat
2861 3979 2930 4028 te.
2986 3975 3346 4049 Exspectans
3402 3995 3689 4053 magnam

2023 4062 2265 4135 aliquod
2294 4063 2518 4117 bonum
2551 4078 2587 4118 a
2617 4064 2994 4119 sermonibus
3027 4066 3177 4135 ejus,
3212 4068 3393 4123 currit
3430 4076 3485 4124 et
3515 4078 3691 4129 vocat

2024 4151 2362 4207 clanculum
2396 4167 2685 4221 sororem,
2709 4169 2782 4207 ne
2808 4152 2911 4224 qui
2945 4161 3263 4223 praesentes
3299 4165 3467 4214 erant
3497 4160 3689 4217 Judaai

2023 4244 2469 4311 cognoscerent,
2503 4257 2573 4297 ac
2596 4241 3042 4298 insidiatoribus
3085 4244 3354 4301 fortassis
3387 4263 3521 4304 eum
3553 4265 3689 4321 pro-

2022 4333 2250 4388 derent.
2281 4330 2429 4387 Dixit
2454 4335 2673 4399 autem,
2721 4331 2898 4389 Vocat
2926 4339 2998 4399 te,
3050 4338 3113 4390 ut
3140 4333 3239 4391 illa
3277 4336 3449 4392 citius
3483 4354 3688 4396 occur-

2022 4424 2194 4477 reret.

2094 4511 2255 4565 Vers.
2322 4512 2409 4565 29.
2470 4509 2592 4565 Ιιια
2654 4540 2723 4551 -
2768 4524 2920 4567 eum.
2970 4509 3097 4568 Prae
3146 4514 3502 4585 vehementi,
3562 4534 3686 4591 quo

2024 4616 2162 4657 eum
2196 4597 2684 4671 persequebatur,
2717 4598 2964 4657 honore.

2093 4689 2257 4745 Vers.
2298 4688 2387 4743 30.
2444 4688 2728 4744 Nondum
2772 4719 2842 4730 —
2871 4690 3137 4747 Martha.
3195 4696 3329 4751 Erat
3353 4695 3553 4753 adhuc
3582 4697 3686 4766 ibi,

2024 4778 2251 4835 docens
2280 4793 2383 4834 eos
2412 4777 2516 4849 qui
2548 4793 2751 4834 secum
2779 4784 2969 4846 erant,
3015 4785 3071 4836 et
3117 4782 3371 4840 docendi
3398 4791 3690 4858 praetextu

2025 4867 2411 4941 exspectabat
2440 4866 2593 4932 illas,
2626 4883 2697 4922 ne
2745 4870 3029 4925 accedere
3063 4870 3378 4944 videretur,
3408 4880 3690 4947 tanquam

2027 4958 2279 5029 gloriam
2307 4972 2343 5012 a
2373 4955 2658 5011 miraculo
2678 4961 2949 5028 captans.
2978 4960 3091 5015 Aut
3111 4959 3225 5016 hoc
3255 4961 3405 5016 dixit
3433 4979 3692 5035 evange-

2025 5048 2185 5115 lista,
2221 5045 2564 5111 ostendens,
2598 5046 2762 5118 quod
2794 5052 2850 5102 et
2892 5064 3025 5119 quas
3057 5050 3308 5117 vocavit,
3356 5058 3410 5107 et
3436 5068 3569 5124 qua:
3592 5070 3690 5110 vo-

2028 5143 2161 5193 cata
2192 5140 2301 5200 est,
2336 5134 2489 5190 adeo
2520 5134 2801 5193 velociter
2828 5145 3232 5207 cucurrerunt,
3288 5144 3348 5196 ut
3375 5156 3515 5198 eum
3548 5141 3687 5199 illuc

2029 5225 2416 5300 prmvenerint

1542 5382 1768 5453 Variae
1794 5381 2121 5452 lectiones
2153 5388 2218 5447 et
2252 5387 2451 5446 notae.

415 5563 504 5635 29)
522 5559 671 5635 Ὑπὲρ
706 5557 869 5616 abest
899 5562 969 5635 A_.

414 5625 505 5701 30)
531 5625 857 5691 Ἀνάστῆσαι
886 5630 1116 5686 videtur
1141 5626 1360 5701 legisse
1384 5625 1724 5686 Hentenius.

417 5706 509 5761 31)
542 5709 642 5758 Καὶ
673 5705 843 5759 abest
870 5706 940 5757 Α.

418 5712 473 5761 31
542 5712 642 5758 Καὶ
673 5712 843 5759 abest
870 5712 940 5757 Α.

418 5712 509 5853 32)
538 5780 643 5838 Τὴν
674 5776 844 5833 abest
874 5776 941 5832 A.

2131 5549 2221 5623 33)
2251 5548 2372 5601 ’Ὁτι
2392 5545 2605 5601 κάκεῖνα
2630 5553 2692 5602 Δ.

2104 5552 2217 5695 (34)
2254 5621 2421 5695 Αὐτοῦ
2455 5627 2516 5673 Α.

2130 5621 2217 5693 34)
2254 5621 2421 5674 Αὐτοῦ
2455 5627 2516 5673 Α.

2106 5693 2218 5767 (35)
2253 5693 2365 5745 Ἀπ’
2418 5697 2478 5748 Α.
