4156 6392
485 317 505 377 1
518 317 622 377 347

1815 305 2166 375 EU'I‘HYMII
2208 304 2540 372 ZlGABENl

3748 313 3902 382 1348

556 447 719 504 Vers.
753 447 842 502 3t.
877 440 1067 503 Judaei
1112 457 1252 516 ergo
1285 477 1349 487 —
1393 442 1493 500 ibi.
1538 443 1738 500 Secuti
1802 447 1940 499 sunt
1983 459 2137 512 eam,

2337 445 2404 496 Οἱ
2470 441 2559 496 οὖν
2632 438 2881 497 Ἰουδαῖοι
2950 473 3020 486 -
3097 441 3220 498 ἐκεῖ.
3295 440 3690 505 Ἠκολούθησαν
3762 452 3886 523 μὲν,

483 537 760 603 veriti,ne
777 537 922 609 quid
952 535 1222 591 fortassis
1237 539 1441 590 contra
1465 534 1725 605 seipsam
1766 537 2148 604 perpetraret.

482 627 648 684 Facti
694 632 832 684 sunt
901 631 1102 682 autem
1183 628 1358 679 testes
1420 621 1719 690 miraculi,
1791 623 1971 678 etiam
2028 639 2150 679 non

482 716 651 772 asciti
692 716 822 788 (cc).

553 807 715 862 Vers.
749 807 836 860 32.
870 806 1058 876 Igitur
1086 804 1287 860 Μανία
1316 835 1380 844 -
1428 803 1640 872 frater.
1664 803 2024 874 Quanquam
2058 819 2150 858 so-

480 913 612 953 rore
643 895 961 952 ferventior
998 900 1122 950 erat
1171 909 1310 964 erga
1343 893 1550 948 Christi
1591 892 1906 960 honorem,
1963 893 2147 966 siqui-

479 987 610 1043 dem
640 986 774 1059 ipsa
800 985 1055 1058 procidit
1084 984 1158 1041 ad
1191 984 1370 1056 pedes
1400 983 1529 1056 ejus
1565 984 1811 1046 :eadem
1842 987 2046 1040 tamen
2069 983 2149 1039 di-

478 1079 573 1143 cit,
608 1077 884 1134 eamdem
933 1076 1007 1132 de
1037 1075 1135 1132 illo
1182 1073 1410 1131 habens
1454 1073 1825 1146 opinionem,

548 1259 709 1313 Vers.
743 1257 831 1313 33.
867 1257 1036 1313 Jesus
1086 1286 1153 1294 ——
1185 1253 1420 1324 spiritu,
1454 1259 1508 1309 et
1555 1254 1820 1309 turbavit
1869 1253 2144 1322 seipsum.

475 1351 601 1404 Non
634 1362 706 1403 ea
755 1346 902 1401 dixit
947 1345 1024 1401 ad
1062 1344 1245 1415 illam,
1295 1359 1426 1415 quas
1487 1345 1676 1399 sorori
1724 1343 1986 1399 dixerat:
2021 1348 2147 1399 tum

476 1443 722 1510 propter
747 1452 851 1492 eos
876 1435 1173 1507 quisimul
1198 1433 1590 1498 advenerant,
1623 1438 1752 1488 tum
1781 1433 1955 1488 etiam
1982 1432 2147 1504 quod

475 1526 651 1582 sciret
678 1525 942 1580 futurum
975 1539 1100 1578 esse
1132 1527 1195 1578 ut
1227 1538 1335 1594 per
1361 1523 1546 1577 otium
1579 1521 1789 1577 eadem
1823 1523 1901 1577 ab
1931 1522 2033 1578 illa
2063 1521 2148 1577 di-

474 1621 680 1672 sceret.
715 1616 844 1670 Jam
877 1619 1077 1670 autem
1128 1618 1433 1668 commota
1465 1613 1522 1666 in
1564 1611 1695 1683 ipso
1735 1613 2005 1668 humana
2045 1628 2148 1668 na-

474 1722 609 1783 tura
637 1704 711 1760 ad
730 1702 1210 1774 compassionem
1226 1701 1442 1772 (solent
1459 1718 1724 1773 namque
1743 1703 1845 1773 qui
1871 1702 2144 1768 humani,

475 1799 632 1860 sunt,
670 1794 818 1851 alios
845 1792 1101 1849 videndo
1135 1791 1558 1864 lacrymantes,
1585 1791 1826 1848 excitari
1857 1791 1935 1849 ad
1961 1791 2144 1847 mise-

472 1885 821 1954 ricordiam)

542 1973 858 2046 Infremuit
904 1973 1148 2042 spiritu,
1182 1971 1297 2028 hoc
1352 1977 1460 2037 est,
1517 1971 1797 2028 affectum
1852 1970 2142 2042 cohibuit,

472 2066 674 2139 ipsum
703 2064 1033 2136 reprimens
1068 2079 1081 2129 ;
1111 2069 1275 2118 torve
1302 2078 1371 2117 ac
1403 2067 1638 2118 austere
1665 2078 1784 2134 prae
1803 2061 2143 2119 turbatione

472 2155 720 2213 intuitus
749 2157 862 2222 est,
891 2169 966 2210 ne
987 2169 1126 2208 cum
1157 2151 1444 2223 lacrymis
1479 2151 1888 2222 interrogaret.

543 2338 690 2391 Nam
705 2333 945 2406 spiritus
972 2332 1186 2388 dicitur
1199 2331 1296 2387 hic
1321 2329 1678 2387 turbationis
1701 2329 1968 2386 affectus.
1996 2334 2139 2388 Cum

471 2431 670 2481 autem
713 2421 1134 2485 infremuisset,
1157 2420 1415 2477 turbavit
1445 2421 1709 2492 seipsum
1740 2421 1863 2476 sive
1893 2436 2142 2477 concus-

471 2514 546 2570 sit
595 2530 607 2570 :
646 2513 928 2583 contingit
986 2511 1168 2577 enim,
1241 2518 1299 2564 ut
1343 2509 1761 2566 concutiantur
1807 2509 2140 2581 superiores

469 2603 735 2678 corporis
765 2609 960 2675 partes
987 2617 1195 2656 eorum
1237 2601 1341 2673 qui
1396 2600 1477 2656 ita
1507 2600 1849 2656 infremunt.

545 2693 798 2759 Quidam
833 2709 974 2748 vero
1006 2690 1281 2763 spiritum
1331 2689 1724 2760 intelligentes
1766 2691 2137 2747 divinitatem

472 2783 621 2854 ejus,
656 2783 1136 2854 interpretantur,
1164 2778 1331 2852 quod
1366 2781 1577 2835 acriter
1603 2780 1884 2836 humanee
1909 2787 2136 2837 naturae

471 2872 876 2928 comminatus
905 2877 992 2927 est
1014 2887 1112 2942 per
1142 2869 1516 2926 divinitatem
1553 2875 1643 2924 :et
1673 2871 1974 2926 concussit
2000 2885 2135 2927 eam

473 2961 942 3017 comminatione
960 2960 1344 3033 perterritam.

541 3051 706 3106 Vers.
731 3054 816 3106 3i.
842 3050 994 3104 Et—
1021 3052 1180 3105 Vers.
1207 3053 1293 3106 35.
1321 3051 1512 3106 Jesus.
1544 3048 1857 3120 Tanquam
1874 3047 2060 3104 homo
2080 3052 2136 3105 et

470 3143 797 3210 interrogat
844 3143 902 3195 et
931 3138 1320 3209 lacrymatur,
1362 3136 1601 3233 aliaque
1649 3137 1810 3203 facit,
1843 3154 2134 3210 quascum-
2173 3180 2212 3233 Ο

467 3245 585 3303 que
617 3245 749 3286 esse
781 3229 1090 3286 hominem
1147 3228 1347 3300 ipsum
1400 3227 1761 3284 conﬁrmant
1793 3250 1805 3282 :
1841 3233 2132 3301 tanquam

470 3320 625 3375 Deus
660 3335 800 3375 vero
819 3317 1285 3391 quatriduanum
1325 3332 1395 3373 ac
1416 3316 1635 3372 olidum
1661 3316 1790 3388 jam
1828 3324 2132 3373 mortuum

469 3407 732 3476 suscitat,
752 3414 1086 3479 caeteraque
1113 3414 1409 3478 operatur,
1443 3422 1817 3480 quaecunque
1845 3411 2134 3463 testantur

467 3514 605 3555 eum
636 3514 764 3555 esse
791 3501 1000 3554 Deum.
1029 3496 1163 3554 Vult
1191 3496 1349 3551 enim
1394 3504 1710 3569 utramque
1734 3497 1827 3552 sui
1856 3503 2132 3553 naturam

468 3589 734 3660 agnosci,
765 3593 821 3644 et
846 3588 982 3644 ideo
1007 3603 1167 3642 nunc
1197 3587 1441 3659 quidem
1459 3586 1724 3643 humano
1747 3603 1931 3652 more,
1973 3602 2134 3642 nunc

464 3694 609 3736 vero
640 3677 866 3743 divino,
909 3678 1072 3732 varia
1101 3677 1488 3733 demonstrat.

537 3768 701 3823 Vers.
752 3771 839 3822 36.
899 3766 1188 3823 Dicebant
1242 3797 1304 3808 —
1357 3782 1510 3823 eum.
1545 3766 1823 3823 Videntes
1863 3782 2004 3822 eum
2051 3765 2134 3824 la-

467 3861 869 3929 crymantem.

539 3948 697 4002 Vers.
730 3945 818 4001 37.
855 3945 1104 4012 Quidam
1145 3977 1196 3986 —
1224 3955 1572 4003 moreretur.
1622 3947 2048 4018 Impotentiam
2079 3947 2131 4003 ei

467 4035 817 4108 exprobant,
844 4043 901 4092 et
922 4036 1145 4092 irouice
1175 4036 1383 4093 dicunt
1412 4054 1424 4092 :
1463 4037 1575 4104 Qui
1601 4037 1735 4093 caeci
1757 4039 1959 4094 oculos
1996 4052 2132 4107 ape-

465 4128 610 4194 ruit,
635 4143 705 4182 eo
735 4127 900 4199 quod
945 4127 1096 4182 istud
1130 4143 1252 4181 non
1298 4128 1520 4194 fecerit,
1574 4143 1684 4183 nec
1734 4128 1880 4182 illud
1925 4128 2131 4183 fecisse

464 4216 840 4276 arbitrantes.
865 4216 1230 4286 lgnorabant
1256 4217 1548 4288 siquidem
1570 4217 1654 4286 id,
1688 4217 1846 4288 quod
1868 4216 2131 4273 facturus

467 4311 572 4375 est,
605 4306 703 4364 illo
737 4305 934 4377 majus
964 4322 1093 4362 esse
1124 4322 1137 4360 :
1172 4322 1315 4362 nam
1346 4307 1545 4376 majus
1572 4311 1659 4362 est
1695 4313 1967 4370 mortem,
1993 4324 2129 4380 quas

460 4396 592 4467 jam
625 4395 934 4452 advenerit
999 4411 1069 4452 ac
1109 4395 1419 4453 dominata
1474 4396 1566 4462 sit,
1600 4396 1895 4468 repellere,
1942 4413 2130 4471 quam

466 4486 852 4543 accedentem
865 4485 1200 4558 prohibere.

537 4578 698 4632 Vers.
747 4574 837 4631 38.
882 4575 1050 4632 Jesus
1096 4606 1166 4616 —
1225 4582 1685 4634 monumentum.
1746 4579 2131 4649 Lacrymatus

465 4665 702 4739 quidem
726 4672 828 4734 est,
864 4667 1066 4722 sinens
1101 4671 1402 4730 naturam,
1440 4682 1572 4737 qum
1599 4683 1710 4724 sua
1749 4673 1905 4733 sunt,
1936 4675 2130 4726 osten-

465 4755 607 4812 dere
641 4772 653 4812 :
688 4756 992 4812 modicam
1021 4754 1403 4827 lacrymaudi
1447 4771 1628 4829 super
1657 4765 1926 4815 mortuos
1966 4775 2129 4816 men-

466 4862 672 4902 suram
701 4847 942 4902 tradens
970 4845 1163 4901 nobis.
1208 4844 1432 4902 Deinde
1479 4863 1718 4904 rursum
1764 4847 2031 4915 infremit,
2057 4866 2128 4906 ac

464 4933 746 4992 aﬂ‘ectum
787 4933 1045 5002 cohibet,
1105 4939 1317 4991 vetans
1365 4950 1439 4991 ne
1504 4936 1658 4993 ultra
1709 4937 1961 4996 modum
1993 4953 2128 5012 pro-

463 5027 790 5098 grediatur.

538 5117 706 5174 Vers.
749 5120 836 5174 39.
864 5116 1018 5174 Erat
1049 5146 1114 5157 —
1155 5115 1434 5187 lapidem.
1495 5119 1688 5184 Quare
1725 5135 1850 5177 non
1880 5121 2126 5178 suscita-

2261 531 2562 595 καθέξοντες
2615 535 2658 585 εἳ
2716 535 2816 586 πού
2893 554 2945 586 τι
3007 533 3181 607 με’λλοι
3250 533 3368 587 καθ’
3413 534 3606 599 ἑαυτῆς
3654 533 3892 613 διαπρά-

2263 621 2476 684 ξασθαι.
2536 627 2789 694 Γεγόνασι
2843 620 2903 677 δὲ
2955 625 3217 700 μάρτυρες
3274 631 3367 678 τοῦ
3427 626 3692 698 θαύματος
3740 626 3892 682 ἀπαρ-

2259 714 2575 786 ράγραπτοι.

2331 801 2387 854 Ἦ
2438 797 2525 854 οὖν
2576 806 2758 875 Μαρία
2809 833 2878 844 -
2932 799 3172 876 ἀδελφός.
3234 803 3294 856 Εἰ
3338 809 3428 857 καὶ
3481 807 3762 882 θερμοτέρα
3813 805 3884 866 ἦν

2259 899 2354 953 τῆς
2409 888 2638 964 ἀδελφῆς
2694 894 2824 965 πρὸς
2891 898 2986 953 τὴν
3059 893 3127 955 εἰς
3185 893 3342 946 αὐτὸν
3394 901 3572 968 τιμήν
3629 903 3718 950 καὶ
3771 901 3881 974 γὰρ

2261 980 2386 1038 αύτὴ
2437 981 2549 1053 (36)
2582 983 2756 1034 ἔπεσεν
2806 981 2875 1044 εἰς
2927 985 3045 1044 τοὺς
3075 979 3241 1044 πόδας
3302 983 3483 1038 αύτού-
3529 984 3656 1038 tum
3701 1006 3761 1059 γε
3808 991 3884 1040 τὰ

2261 1070 2389 1122 αὐτὰ
2417 1070 2573 1142 λέγει,
2615 1075 2708 1130 τὴν
2749 1071 2911 1131 αὐτὴν
2951 1073 3040 1126 καί
3071 1072 3202 1133 αὐτὴ
3239 1078 3360 1149 περὶ
3399 1073 3560 1128 αὐτοῦ
3606 1075 3880 1148 ὑπόληψιν

2261 1159 2483 1232 ἔχουσα.

2331 1248 2534 1312 Ἰησοῦς
2597 1283 2656 1290 -
2719 1253 2976 1324 πνεύματι
3033 1253 3143 1324 (37)
3196 1251 3308 1306 Οὔκ
3365 1260 3472 1308 εἰπε
3529 1257 3656 1330 πρὸς
3709 1260 3880 1316 αὐτὴν

2259 1339 2293 1390 ἆ
2329 1344 2419 1392 καὶ
2467 1342 2597 1414 πρὸς
2633 1345 2725 1399 τὴν
2766 1337 2992 1415 ἀδελφὴν
3049 1338 3144 1395 διὰ
3192 1346 3315 1405 τοὺς
3356 1343 3706 1406 συνελθόντας·
3763 1347 3883 1419 ἅμα

2261 1425 2319 1481 δε
2370 1435 2460 1482 καὶ
2508 1427 2780 1501 ἐγίνωσκεν
2819 1432 2899 1483 ὃτι
2948 1433 3246 1503 μαθήσεται
3301 1439 3469 1485 ταῦτα
3505 1435 3629 1508 παρ’
3679 1433 3879 1500 ὶκεὶνης

2258 1521 2394 1570 κατὰ
2443 1519 2663 1590 σχολήν·
2712 1523 3018 1582 κινηθείσης
3073 1519 3132 1574 δε
3180 1518 3288 1581 ἤδη
3343 1530 3435 1584 τῆς
3491 1521 3540 1575 ἐν
3594 1523 3734 1595 αύτῷ
3783 1524 3881 1578 ἁν-

2261 1609 2520 1680 θρωπίνης
2596 1612 2798 1681 φύσεως
2871 1610 2944 1673 εἰς
3011 1613 3360 1682 συμπάθειαν·
3443 1616 3501 1666 τὸ
3577 1615 3676 1688 γὰρ
3745 1616 3878 1688 όρᾷν

2259 1696 2456 1772 ἑτέρους
2502 1695 2822 1772 δακρύοντας
2871 1699 3120 1776 ἐρεθίζειν
3171 1699 3285 1755 οἶδε
3336 1705 3468 1778 πρὸς
3525 1698 3696 1758 οἶκτον
3748 1709 3877 1768 τούς

2180 1816 2226 1871 Β
2259 1787 2674 1862 φιλανθρώπους.

2326 1963 2736 2041 Ἐνεϐριμήσατο
2790 1975 2863 2038 τῷ
2917 1970 3196 2042 πνεύματι,
3251 1973 3519 2025 τουτέστιν
3585 1974 3874 2046 ἐπετίμησε

2252 2063 2322 2125 τῷ
2367 2057 2542 2122 πάθει,
2581 2054 2940 2128 ἁναχαιτίζων
2997 2057 3141 2111 αύτό·
3179 2055 3342 2135 δριμύ
3386 2080 3432 2114 τι
3479 2065 3568 2118 καὶ
3599 2062 3871 2136 αὐστηρὸν

2251 2140 2480 2216 ἐνέϐλεψε
2508 2153 2570 2217 τῇ
2619 2149 2909 2220 συγχύσει,
2943 2148 3026 2200 ἵνα
3063 2153 3134 2222 μὴ
3173 2151 3307 2222 μετὰ
3355 2145 3599 2224 δακρύων
3638 2158 3871 2211 ποιήση-

2250 2252 2336 2285 ται
2367 2238 2463 2292 τὴν
2495 2233 2658 2310 ἐρώτη
2669 2255 2771 2292 σιν.

2323 2330 2529 2396 Πνεῦμα
2573 2327 2672 2398 γὰρ
2706 2324 2926 2380 ἐνταῦθα
2953 2335 3147 2381 νοεῖται
3197 2330 3256 2381 τὸ
3298 2331 3462 2392 πάθος
3506 2339 3600 2394 τῆς
3656 2334 3870 2404 συγχύς

2253 2431 2394 2473 σεως.
2452 2413 2936 2488 Ἐμϐριμησάμενος
2995 2414 3053 2470 δε
3116 2416 3358 2493 ἐτάραξεν
3413 2419 3613 2491 ἑαυτόν,
3700 2424 3868 2494 ἤγουν

2251 2498 2285 2554 δ
2291 2507 2496 2555 ιέσεισε·
2534 2503 2809 2576 συμϐαίνει
2838 2509 2939 2580 γὰρ
2980 2509 3328 2562 τινάσσεσθαι
3374 2511 3442 2562 τὰ
3467 2507 3704 2585 ἀνωτέρω
3727 2515 3862 2587 μέρη

2249 2599 2348 2644 τῶν
2389 2593 2552 2656 οὕτως
2576 2593 2998 2668 ἐμϐριμωμένων.

2319 2685 2457 2742 Τινὲς
2530 2680 2590 2736 δὲ
2660 2693 2862 2757 πνεῦμα
2932 2690 3021 2744 τὴν
3087 2688 3307 2745 θεότητα
3391 2687 3552 2741 αὐτοῦ
3633 2696 3867 2751 νοοῦντες

2248 2770 2615 2844 ἑρμηνεύουσιν
2656 2774 2736 2824 ὅτι
2799 2773 3179 2848 ἐνεϐριμήσατο
3237 2783 3298 2848 τῇ
3366 2774 3661 2852 ἀνθρωπίνη
3708 2781 3863 2850 φύσει

2248 2858 2295 2911 ἐν
2343 2867 2405 2933 τῇ
2467 2863 2693 2929 θεότητι,
2742 2867 2832 2917 καὶ
2872 2867 3143 2924 εκλὸνησεν
3182 2864 3346 2924 αὐτὴν
3396 2865 3714 2938 φοϐηθεῖσαν
3765 2871 3862 2926 τὴν

2245 2947 2584 3022 ἐμϐρίμησιν.

2319 3044 2417 3092 Καὶ
2471 3071 2539 3080 -
2573 3041 2798 3105 Ἰησοῦς.
2843 3042 2927 3105 Ὠς
2969 3045 3241 3118 ἅνθρωπος
3283 3047 3374 3117 μεν
3423 3050 3513 3098 καὶ
3552 3044 3718 3119 ἐρωτᾷ
3770 3052 3861 3099 καὶ

2245 3124 2461 3203 δακρύει
2513 3134 2602 3183 καὶ
2657 3130 2821 3184 τᾶλλα
2868 3140 3009 3184 ποιεῖ
3045 3134 3145 3185 ὅσα
3185 3131 3492 3207 βεϐαιοῦσιν
3531 3136 3612 3188 ὅτι
3663 3133 3862 3211 ἂνθρω-

2243 3221 2340 3278 πός
2399 3217 2558 3271 ἐστιν·
2609 3223 2676 3282 ὠς
2731 3217 2790 3273 δε
2847 3225 2975 3284 Θεὸς
3029 3220 3220 3294 ἀνιστᾴ
3273 3227 3361 3276 τὸν
3414 3231 3712 3298 τεταρταῖον
3766 3232 3860 3278 καὶ

2245 3304 2490 3361 ὀδωδότα
2518 3313 2716 3385 νεκρὸν,
2756 3314 2844 3362 καὶ
2892 3313 2959 3364 τὰ
3005 3310 3162 3364 λοιπὰ
3205 3311 3396 3388 ἐνεργεῖ
3425 3315 3526 3367 ὅσα
3555 3323 3862 3390 μαρτυρού-

2247 3415 2329 3448 σιν
2379 3400 2458 3450 ὅτι
2506 3405 2636 3460 Θεὸς
2689 3398 2846 3456 ἐστιν.
2910 3401 3152 3454 Βούλεται
3199 3405 3298 3476 γὰρ
3360 3401 3654 3479 ἀμφοτέρας
3692 3404 3859 3458 αὑτοῦ

2243 3489 2332 3548 τὰς
2394 3490 2575 3559 θύσεις
2624 3486 3096 3562 διαγινώσκεσθαι,
3148 3496 3238 3544 καὶ
3287 3489 3380 3545 διὰ
3433 3501 3584 3546 τοῦτο
3637 3496 3703 3546 τὰ
3763 3497 3856 3567 μὲν

2243 3575 2708 3654 ἀνθρωποπρεπώς,
2737 3582 2804 3631 τὰ
2829 3575 2889 3632 δε
2921 3581 3214 3655 θεοπρεποῦς
3239 3578 3619 3638 ὶπιδείκνυται.

2313 3754 2520 3830 Ἔλεγον
2551 3789 2619 3799 —
2661 3757 2837 3811 αὐτόν.
2873 3755 3095 3825 ’ἰδόντες
3124 3760 3280 3815 αὑτὸν
3330 3758 3699 3838 δακρύσαντα,

2312 3938 2456 4000 Τινὲς
2487 3968 2553 3977 -
2605 3936 2863 4012 ἀποθάνῃ.
2917 3935 3244 4014 Ἀδυναμίαν
3296 3938 3655 4004 ὁνειδίζουσνν
3687 3943 3852 4014 αύτῷ,

2239 4031 2330 4078 καὶ
2380 4025 2759 4100 εἰρωνευόμενοι
2808 4028 3067 4096 λέγουσιν·
3126 4029 3184 4082 Ὀ
3238 4030 3445 4094 ἀνοίξας
3493 4036 3616 4094 τούς
3668 4031 3856 4105 ὀφθαλ-

2239 4117 2366 4186 μούς
2407 4122 2499 4166 τοῦ
2555 4115 2772 4188 τυφλοῡο
2836 4115 2936 4169 ἀπὸ
2993 4125 3085 4170 τοῦ
3141 4122 3214 4191 μή
3261 4125 3486 4177 ποιῆσαι
3529 4127 3702 4186 τοῦτο,
3757 4119 3856 4173 κᾶ-

2238 4211 2374 4256 κεῑνο
2428 4200 2622 4276 ψευδὲς
2678 4205 2920 4278 οἰόμενοι.
2996 4209 3273 4280 ’Δγνοοῦσι
3344 4204 3404 4262 δι
3453 4210 3532 4261 ὅτι
3598 4211 3624 4262 ὃ
3683 4210 3854 4283 μέλλει

2238 4302 2463 4352 ποιῆσαι
2507 4296 2686 4367 μεῖζόν
2749 4293 2883 4350 ἐστι.
2946 4303 3049 4350 Τοῦ
3101 4300 3202 4372 γὰρ
3247 4296 3484 4351 κωλύσαι
3528 4297 3736 4352 ἐπιόντα
3771 4303 3859 4352 τὸν

2243 4384 2457 4435 θάνατον
2510 4385 2689 4456 μεῖζον
2746 4388 2804 4438 τὸ
2873 4392 3287 4461 παραγενόμενον
3345 4385 3454 4447 ἤδη
3513 4394 3603 4441 καὶ
3654 4392 3858 4462 κυριεύ-

2243 4491 2404 4525 σαντα
2432 4471 2697 4527 ἀπελάσαι
2731 4474 2905 4530 αὐτόν.

2311 4564 2520 4624 Ἰησοῦς
2593 4595 2658 4604 -
2724 4572 2996 4638 μνημεῖον.
3067 4561 3362 4640 Ἐδάκρυσε
3413 4568 3504 4639 μεν
3567 4566 3710 4640 ἀφεὶς
3767 4573 3856 4628 τὴν

2240 4655 2395 4725 φύσιν
2440 4650 2767 4717 ἐνδείξασθαι
2821 4658 2889 4710 τὰ
2945 4655 3150 4727 ἑαυτῆς,
3213 4655 3384 4728 ὀλίγον
3431 4653 3492 4710 δε
3545 4660 3711 4731 μέτρα
3756 4667 3855 4710 τῶν

2239 4741 2323 4794 ἐπὶ
2376 4751 2574 4817 νεκροῖς
2626 4739 2872 4817 δακρύων
2929 4741 3268 4820 παραδιδούς
3319 4747 3466 4818 ἡμῖν.
3521 4743 3649 4800 Εἶτα
3702 4747 3854 4800 πάλιν

2239 4831 2557 4907 ἐμϐριμᾱται
2603 4841 2677 4906 τῷ
2718 4836 2891 4904 πάθει,
2947 4835 3156 4888 κωλύων
3191 4834 3425 4889 ἐκπεσεῖν
3469 4835 3538 4898 εἰς
3581 4834 3844 4910 ἀμετρίαν.

2306 5120 2403 5175 Ἦν
2461 5153 2529 5163 -
2582 5121 2752 5183 λίθον,
2796 5127 2946 5178 Διατί
2995 5122 3090 5176 οὐκ
3123 5122 3406 5184 ἀνέστησεν
3453 5121 3606 5179 αὐτὸν
3655 5123 3854 5178 ἐπικει-

1702 5299 1912 5371 νιιτίω
1949 5299 2275 5370 lectiones
2318 5310 2384 5370 et
2423 5310 2628 5374 notae.

557 5493 626 5554 36
635 5511 647 5556 )
666 5496 832 5555 Forte
858 5490 1013 5556 αὕτη.

557 5499 626 5554 36
666 5499 832 5555 Forte
858 5499 1013 5556 αὕτη.

534 5499 649 5643 ἓΒἹς
683 5573 784 5623 Καὶ
806 5567 1042 5646 ἕτάραξεν
1073 5566 1274 5640 ἑαυτὸν,
1322 5568 1490 5645 quod
1531 5566 1649 5627 mei
1696 5569 1996 5638 omittunt,
2032 5570 2127 5628 in-

2237 5504 2460 5578 terpres
2513 5499 2834 5578 e_x_pressit._
2875 5496 3253 5578 Vocabulum
3305 5496 3596 5578 ἕκλόνησεν,
3637 5501 3700 5561 in
3728 5501 3849 5560 ﬁne

2237 5571 2465 5640 scholii,
2498 5571 2732 5636 videtur
2762 5573 2942 5632 etiam
2983 5573 3132 5634 tueri
3159 5575 3307 5634 haec.

535 5748 644 5830 (cc)
671 5748 871 5808 Etiam
894 5763 1011 5806 non
1037 5748 1223 5808 asciti.
1250 5747 1494 5808 Minime
1550 5747 1813 5819 fallaces,
1849 5749 2095 5807 minime
2126 5749 2403 5825 suspecti.
