4156 6390
254 337 395 403 1349

1310 320 1683 387 COMMENT.
1730 328 1793 383 [Ν
1836 314 2195 383 JOANNBM.
2236 355 2300 363 —
2336 316 2497 380 CAP.
2543 318 2631 378 XI.

3501 322 3638 381 1350

253 474 408 545 μένου
448 475 540 521 τοῦ
593 465 763 518 λίθου.
790 458 902 515 Ἰνα
952 461 1001 513 οἱ
1048 459 1161 531 (38)
1220 460 1306 512 τὸν
1356 456 1497 510 λίθον
1529 456 1739 528 ἄραντες
1768 458 1857 505 καὶ

2005 451 2057 506 ’ἱῑ
2074 466 2211 506 cum
2230 447 2509 521 imposito
2525 446 2719 520 lapide
2732 449 2761 505 ?
2784 451 2849 505 Ut
2861 447 3240 521 quilapidem
3255 448 3635 517 sustilissent,

253 569 454 636 πρῶτοι
500 564 595 618 τῆς
644 556 815 626 ὀσμῆς
856 550 1228 625 ὀσφρανθέντες
1277 547 1427 600 αὐτοὶ
1479 550 1860 620 μαρτυρήσωσι

255 632 491 724 μαλιστα
545 652 618 716 τῷ
677 645 922 715 θαύματι.
957 642 1052 693 Διὰ
1095 646 1247 691 τοῦτο
1302 640 1403 711 γὰρ
1452 641 1542 687 καὶ
1595 635 1689 687 ούκ
1719 632 1860 685 ἀπὼν

257 723 541 796 ἀνέστησεν
611 733 791 798 αὑτὸν,
862 736 953 783 καὶ
1016 731 1144 803 μετὰ
1206 726 1403 780 πολλῶν
1472 723 1619 784 ἦλθεν
1689 724 1755 784 εἰς
1805 726 1862 775 τὸ

256 834 527 902 μνημεῖον,
578 827 668 877 καὶ
719 819 991 893 δεδεμένον
1034 823 1251 892 κειρίαις
1305 817 1418 888 (39)
1460 820 1549 868 καὶ
1594 810 1863 885 σουδαρίῳ

258 921 465 991 ἤγειρεν
522 913 701 972 αὐτόν.
755 915 845 962 καὶ
914 906 1199 983 προσέταξε
1272 906 1432 958 λῦσαι
1503 903 1680 970 αὐτόν,
1735 905 1863 975 πρὸς

255 990 627 1081 ἀναντίρρητον
683 997 951 1062 ἀπόδειξιν
1008 1005 1095 1050 τοῦ
1156 999 1440 1069 θαύματος,
1476 996 1557 1046 ἱνα
1602 990 1696 1045 διὰ
1740 996 1864 1044 παν-

252 1118 354 1151 των
386 1098 585 1148 τούτων
634 1094 664 1152 ἡ
715 1090 931 1148 ἀλήθεια
978 1088 1316 1160 μαρτυρηθῇ,
1367 1088 1456 1137 καὶ
1496 1089 1566 1157 μὴ
1604 1082 1754 1135 πάλιν
1801 1083 1865 1140 ὡς

256 1186 345 1240 ἐπὶ
375 1192 467 1238 τοῦ
498 1181 692 1255 τυφλοῦ
726 1182 942 1252 γένηταί
966 1198 1047 1239 τις
1081 1175 1382 1250 ἀμφιϐολία.

334 1370 488 1437 Λέγει
538 1394 599 1404 γ-
648 1361 809 1415 ἐστιν.
872 1354 1016 1416 Ἤδη
1052 1358 1178 1428 ὄζει,
1234 1361 1322 1408 καὶ
1365 1355 1560 1421 λοιπόν,
1612 1350 1867 1406 ἀδύνατον

259 1456 556 1516 ἀναστῆναι
625 1452 780 1505 αὐτόν
857 1446 1191 1523 διεφθορότα.
1249 1450 1565 1520 Προείρηται
1629 1446 1730 1515 γὰρ
1789 1444 1869 1496 ὅτι

262 1548 409 1598 οὔπω
456 1548 575 1617 περὶ
629 1542 789 1596 αὑτοῦ
833 1543 926 1598 τὴν
979 1542 1351 1611 προσήκουσαν
1395 1534 1657 1605 ὑπόληψιν
1706 1534 1868 1605 εἶχεν,

268 1631 395 1688 οὐδὲ
419 1633 454 1686 ἃ
488 1636 622 1686 εὶπεν
648 1631 803 1703 αὐτῇ,
835 1632 1058 1687 νενόηκε.

1977 547 2033 596 et
2066 540 2237 612 primi
2278 554 2524 608 gravem
2569 539 2899 594 sensissent
2944 538 3210 604 odorem,
3253 538 3633 611 potissimum

1980 628 2266 685 miraculo
2293 627 2698 684 testimonium
2719 628 3069 684 exhiberent
3097 645 3108 683 :
3135 628 3436 701 siquidem
3454 631 3634 686 etiam

1977 726 2218 791 propter
2250 720 2364 774 hoc
2435 734 2548 772 non
2606 718 2972 773 resuscitavit
3021 734 3161 774 eum
3230 719 3474 786 absens,
3535 719 3640 775 sed

1978 825 2104 864 cum
2159 808 2359 863 multis
2402 806 2563 862 venit
2594 808 2671 862 ad
2699 815 3183 876 monumentum,
3216 813 3273 864 et
3306 811 3637 865 revinctum

1978 899 2180 955 fasciis
2229 897 2657 969 sepulcralibus
2717 914 2787 953 ac
2832 898 3076 954 sudario
3136 899 3429 969 excitavit,
3477 900 3640 972 jusit-

1976 1004 2112 1059 que,
2150 992 2212 1042 ut
2260 986 2563 1042 solverent
2612 1002 2771 1052 eum,
2825 987 2901 1042 ad
2946 987 3321 1044 infallibilem
3376 988 3640 1046 miraculi

1976 1076 2569 1143 demonstrationem,
2586 1080 2645 1131 ut
2660 1076 2737 1131 ab
2751 1075 2842 1131 his
2856 1076 3130 1132 omnibus
3144 1078 3361 1135 veritas
3379 1080 3641 1136 testimo-

1977 1166 2145 1222 nium
2174 1165 2470 1236 acciperet
2504 1187 2515 1217 :
2544 1171 2600 1220 et
2624 1179 2697 1220 ne
2731 1181 2984 1231 rursum,
3023 1167 3536 1237 quemadmodum
3566 1168 3639 1225 de

1978 1269 2165 1318 caeo,
2200 1253 2321 1310 ulla
2357 1269 2666 1309 remanere
2694 1260 2890 1326 posset
2918 1256 3305 1325 ambiguitas.

2052 1343 2469 1399 Vers.39.Dicit
2490 1374 2553 1382 —
2567 1349 2745 1398 est.——
2760 1344 2893 1400 Jam
2912 1345 3107 1408 otet,et
3119 1345 3252 1401 ideo
3267 1346 3346 1402 im
3358 1348 3641 1419 possibile

1980 1439 2066 1490 est
2108 1449 2249 1488 eum
2298 1434 2649 1488 resuscitare
2690 1433 2816 1503 jam
2862 1440 3229 1507 corruptum.
3292 1440 3440 1493 Nam
3489 1455 3641 1510 prae-

1982 1524 2209 1580 dictum
2239 1529 2346 1588 est,
2399 1523 2562 1594 quod
2615 1524 2876 1579 nondum
2932 1524 3007 1580 de
3060 1542 3130 1580 eo
3188 1528 3643 1585 convenientem

1983 1613 2241 1669 habebat
2271 1612 2634 1685 opinionem,
2668 1629 2775 1669 nec
2799 1630 2866 1670 ea
2901 1629 3043 1687 qua
3076 1616 3188 1671 sibi
3242 1616 3338 1673 ille
3390 1618 3644 1690 dixerat,

1984 1702 2292 1759 intellexit.

343 1818 498 1887 Λέγει
554 1843 622 1854 —
671 1816 805 1864 Θεοῦ
833 1826 848 1876 ;
878 1807 1025 1869 Εἰκὸς
1071 1808 1172 1882 γὰρ
1217 1809 1308 1859 καὶ
1336 1811 1489 1859 τοίτο
1528 1803 1684 1858 εἰπεῖν
1717 1802 1871 1876 αὐτῇ·

2057 1793 2227 1849 Vers.
2260 1795 2348 1847 40.
2380 1792 2475 1848 Ait
2504 1823 2569 1834 —
2596 1793 2704 1849 Dei
2730 1794 2758 1848 Υ
2791 1794 3108 1851 Verisimile
3162 1801 3251 1852 est
3297 1797 3477 1864 enim,
3531 1799 3648 1857 hoc

270 1906 301 1965 ἦ
334 1911 484 1958 τοῦτο
513 1908 703 1961 νοῆσαι
729 1896 941 1953 ἐδίδουν
965 1898 1099 1969 (40),
1132 1894 1168 1949 ἃ
1199 1892 1333 1949 εἶπεν
1362 1894 1518 1968 αὐτῇ.

343 2082 507 2155 Ἦραν
558 2109 626 2122 -
680 2081 931 2150 κείμενος.
997 2073 1164 2148 Ἦραν
1223 2072 1378 2126 αὐτὸν
1434 2072 1537 2124 ἀπὸ
1582 2077 1674 2123 τοῦ
1714 2074 1875 2124 τόπου

270 2174 401 2225 ὅπου
435 2167 495 2229 ἧν
519 2172 769 2241 κείμενος.

346 2268 389 2314 0
430 2256 489 2313 δε
544 2258 753 2319 Ἰησοῦς
804 2285 873 2298 -
924 2274 1046 2327 μου.
1095 2252 1226 2328 Ὀρᾴ
1278 2252 1393 2324 (41)
1444 2250 1603 2320 Ἂνω,
1655 2255 1745 2303 καὶ
1776 2250 1879 2304 Εὐ..

272 2354 545 2425 χαριστεῖ,
588 2349 671 2399 ἶνα
698 2346 953 2417 πιστευθῇ
997 2346 1078 2396 ὅτι
1106 2346 1251 2416 παρὰ
1296 2349 1388 2394 τοῦ
1418 2346 1544 2394 Θεοῦ
1589 2339 1876 2398 ἀπεστάλη.

276 2441 445 2500 Αὐτὸς
489 2442 591 2509 γὰρ
645 2440 838 2511 προὶὼν
884 2430 1137 2487 διδάσκει
1181 2434 1377 2491 ταύτην
1403 2428 1532 2484 εἶναι
1562 2436 1655 2490 την
1687 2432 1877 2484 αἰτίαν.

274 2529 486 2601 Ἔλεγον
526 2530 626 2598 γὰρ
680 2527 730 2577 οἱ
769 2520 1044 2592 Ἰουδαῖοι,
1076 2524 1157 2575 ὃτι
1202 2522 1311 2574 Ούκ
1368 2524 1509 2574 ἔστιν
1564 2519 1664 2574 ἀπὸ
1724 2527 1879 2577 Θεοῦ,

276 2618 436 2673 Ἀλλὰ
476 2626 586 2677 πῶς
633 2611 786 2680 εἶπεν,
818 2612 939 2665 Ὀτι
982 2613 1216 2672 ἤκουσάς
1249 2628 1382 2683 ριου;
1419 2610 1476 2662 ού
1524 2613 1624 2684 γὰρ
1664 2610 1877 2672 ηὔξατο,

279 2708 393 2761 Ούκ
432 2706 624 2768 ηὔξατο
677 2705 767 2776 μὶν
820 2701 1077 2774 ἐμφαίνων
1110 2702 1189 2752 ὃτι
1245 2700 1303 2751 οὗ
1367 2697 1539 2752 δεῖται
1582 2699 1834 2761 εὔξασθαι
1867 2719 1879 2731 ⁸

278 2795 388 2852 εἶπε
438 2792 517 2864 δε,
566 2792 686 2846 ’Ότι
716 2794 947 2852 ἤκουσάς
976 2810 1096 2864 μου³
1146 2787 1423 2848 ύποδηλῶν
1466 2792 1524 2842 τό
1578 2792 1762 2842 ταυτὸν
1792 2797 1883 2842 τοῦ

280 2887 587 2959 θελήματος.
614 2883 934 2957 Εὐχαριστῶ
966 2900 1071 2947 σοι,
1104 2882 1183 2934 ὅτι
1214 2880 1474 2942 ἠθέλησας
1501 2879 1526 2932 ὃ
1554 2879 1707 2936 θέλω.

353 3065 487 3138 Ἐγὼ
534 3096 603 3105 -
651 3062 872 3124 ἀκούεις.
918 3064 1145 3115 Πάντοτε
1192 3061 1345 3121 θέλεις
1389 3059 1424 3112 ἃ
1461 3060 1604 3115 θελω.
1650 3064 1720 3112 Τὸ
1758 3059 1885 3113 αὐτό

275 3158 380 3230 γὰρ
426 3154 733 3229 ἀμφοτέροις
792 3153 1008 3225 θελημα,
1058 3153 1088 3210 ἡ
1147 3150 1274 3209 αύτή
1307 3156 1510 3223 γνώμη,
1559 3147 1687 3202 Εἶτα
1723 3169 1885 3223 προσ-
1927 3174 1966 3229 C

278 3248 462 3303 τίθησι
526 3249 616 3297 καὶ
668 3248 761 3302 τὴν
819 3242 990 3295 αἰτίαν
1052 3249 1144 3302 τῆς
1211 3244 1458 3302 τοιαύτης
1514 3240 1883 3315 εὐχαριστίας,

276 3339 370 3389 καὶ
394 3342 493 3387 τῶν
522 3341 770 3386 ταπεινῶν
795 3333 1063 3407 ῥημάτων.

349 3424 509 3478 Ἀλλά
546 3455 605 3464 -
641 3419 801 3476 εἷπον.
860 3425 950 3486 Τό,
1004 3420 1322 3495 Εὐχαριστὼ
1391 3440 1475 3473 σοι
1518 3422 1594 3473 ὅτι
1650 3422 1885 3483 ἤκουσάς

277 3534 404 3589 μου,
440 3510 534 3567 διὰ
560 3517 650 3571 τὴν
681 3511 948 3565 ἀσθένειαν
969 3519 1068 3563 τῶν
1091 3517 1462 3582 περιεστώτων.

352 3691 463 3747 Ἵνα
517 3722 582 3731 --
630 3689 949 3750 ἀπέστειλας.
1018 3696 1183 3743 Τοῦτο
1238 3692 1337 3765 γὰρ
1405 3686 1466 3749 ἦν
1533 3687 1889 3764 ἀναγκαιότα-

281 3802 392 3837 τον.
421 3781 480 3834 Ὀ
526 3782 625 3854 γὰρ
672 3782 955 3839 πιστεύσας
1008 3780 1088 3831 ὅτι
1144 3780 1169 3831 ό
1212 3784 1336 3840 Θεὸς
1389 3779 1543 3832 αὐτὸν
1599 3781 1883 3853 ἀπέστειλε,

280 3874 555 3926 πιστεύσει
608 3872 809 3929 πάντως
848 3873 938 3921 καὶ
990 3876 1101 3930 τοῖς
1148 3868 1323 3940 λόγοις
1367 3869 1545 3936 αὐτοῦ,
1574 3878 1679 3931 τοῖς
1718 3890 1771 3924 τε
1801 3871 1889 3923 ἅλ-

280 3962 395 4024 λοις
441 3965 531 4013 καὶ
585 3966 693 4019 τοῖς
740 3963 859 4031 περὶ
910 3966 1002 4011 τοῦ
1056 3954 1185 4011 εἶναι
1232 3958 1386 4011 αὐτόν
1426 3962 1543 4011 Υἰὸν
1593 3968 1684 4012 τοῦ
1737 3966 1885 4015 Θεοῦ.

276 4052 342 4104 Ὀ
400 4048 460 4103 δε
503 4054 574 4122 μὴ
634 4050 924 4109 πιστεύσας
970 4049 1051 4099 ὅτι
1095 4049 1120 4099 ὁ
1187 4051 1312 4109 Θεὸς
1360 4047 1515 4100 αὐτόν
1568 4047 1886 4118 ἀπέστειλεν,

280 4137 410 4196 οὐδὲ
438 4143 556 4201 τοὺς
589 4137 773 4208 λόγους
802 4138 963 4189 αὐτοῦ
989 4132 1360 4211 παραδέξεται.

362 4234 462 4283 Καὶ
523 4258 591 4268 -
657 4226 772 4290 ἔξω.
821 4257 891 4267 -
950 4232 1091 4299 Φωνῇ
1144 4225 1338 4299 μεγάλη
1409 4228 1749 4301 ἐκραύγασεν,
1809 4227 1890 4281 ὲν-

282 4316 616 4390 δεικνύμενος
668 4318 747 4369 ὅτι
775 4314 917 4368 καλεῖ
948 4320 1041 4376 τὴν
1092 4314 1279 4387 ψυχὴν
1328 4315 1386 4367 ού
1431 4325 1723 4391 παροῦσαν,
1780 4316 1887 4370 ἀλλ’

283 4408 524 4461 ἀποῦσαν
578 4405 775 4481 πόρρω,
820 4410 911 4457 καὶ
969 4406 1054 4457 ἵνα
1109 4408 1294 4465 πάντες
1344 4407 1393 4457 οἰ
1457 4410 1708 4478 παρόντες
1769 4410 1890 4480 (42)

285 4497 558 4550 ἀκούσωσι
587 4499 645 4550 τὸ
699 4495 1095 4558 ἐξουσιαστικὸν
1134 4501 1287 4547 τοῦτο
1331 4494 1608 4569 κέλευσμα,
1635 4502 1726 4550 καὶ
1772 4498 1891 4550 ὅταν

284 4584 478 4640 ἴδωσιν
534 4585 602 4647 εἰς
663 4587 811 4659 ἔργον
880 4582 1053 4653 ἐκϐὰν,
1112 4582 1311 4655 ύψηλόν
1364 4604 1414 4637 τι
1461 4590 1551 4639 καὶ
1620 4588 1893 4662 θεοπρεπὲς

283 4682 408 4751 περὶ
433 4676 593 4728 αὐτοῦ
632 4673 769 4733 ἐννοη
782 4693 964 4728 σωσιν.

365 4766 474 4819 Οὐκ
527 4762 635 4819 εἶπε
669 4761 748 4833 δὲ,
782 4763 1090 4831 ’Δνάστηθι,
1143 4760 1289 4829 ἀλλὰ,
1324 4771 1480 4838 Δεῦρο
1522 4765 1635 4833 ἔξω,
1668 4769 1739 4829 ὡς
1771 4770 1895 4829 ζών-

286 4874 343 4908 τι
388 4862 458 4926 τῷ
504 4855 775 4911 τεθνηκότι
842 4848 1225 4925 διαλεγόμενος.
1296 4857 1445 4927 Παρὰ
1498 4856 1601 4926 γὰρ
1656 4864 1729 4925 τῷ
1780 4863 1895 4926 Θεῷ

286 4949 382 4997 καὶ
420 4946 469 4996 οὶ
519 4947 691 5018 νεκροὶ
742 4942 898 5003 ζῶσι.
959 4948 1123 4994 Τοῦτο
1177 4938 1265 4993 οὖν
1305 4941 1446 4995 ἐστιν
1486 4943 1512 4995 ὃ
1561 4943 1725 5015 ἔλεγεν
1758 4962 1772 4976 ⁸
1814 4947 1897 4998 ὅτι

285 5040 545 5108 Ἔρχεται
593 5034 723 5106 ὥρα,
780 5036 870 5083 καὶ
916 5040 1006 5083 νῦν
1064 5033 1228 5097 ἔστιν,
1282 5032 1365 5085 ὅτε
1418 5035 1468 5085 οἱ
1522 5038 1691 5108 νεκροὶ
1742 5032 1895 5087 ἀκού-

291 5143 475 5177 σονται
523 5124 631 5184 τῆς
674 5128 845 5193 φωνῆς
890 5127 983 5173 τοῦ
1037 5122 1159 5173 Υἱοῦ
1208 5128 1300 5174 τοῦ
1356 5129 1510 5190 Θεοῦ,
1543 5126 1632 5175 καὶ
1666 5125 1713 5175 οἱ
1744 5122 1895 5178 ἀκού-

290 5230 475 5275 σαντες
506 5211 778 5273 ζήσονται.
804 5215 941 5285 Ὅρα
969 5211 1092 5285 γάρ.

362 5340 412 5376 ὀ
450 5337 601 5395 Joan
654 5353 710 5403 v,
738 5340 827 5392 25.

1988 1884 2164 1939 etiam
2193 1899 2331 1939 eum
2354 1883 2581 1939 dixisse
2606 1883 2686 1940 illi
2713 1900 2727 1951 ;
2765 1890 2866 1941 aut
2890 1885 3003 1940 hoc
3031 1885 3139 1941 sibi
3186 1886 3484 1957 volebant,
3509 1906 3645 1963 qua)

1987 1973 2066 2029 illi
2092 1973 2348 2031 dixerat.

2058 2063 2219 2118 Vers.
2258 2066 2346 2118 41.
2386 2062 2773 2120 Sustuterunt
2814 2095 2881 2106 —-
2918 2073 3210 2124 mortuus.
3269 2068 3646 2126 Sustulerunt

1988 2169 2127 2209 eum
2160 2168 2196 2209 a
2219 2152 2352 2208 loco
2381 2153 2440 2208 in
2469 2169 2591 2225 quo
2617 2153 2877 2225 jacebat.

2063 2244 2225 2298 Vers.
2276 2246 2364 2298 41.
2423 2242 2587 2299 Iesus
2639 2250 2854 2301 autem.
2889 2277 2958 2286 --
2989 2262 3094 2303 me.
3142 2248 3284 2304 Vide
3337 2248 3648 2307 dictiones-

1993 2332 2257 2401 Sursum,
2291 2336 2348 2387 et
2376 2334 2614 2389 Gratias
2641 2350 2754 2405 ago
2784 2352 2796 2389 :
2835 2341 2893 2392 ut
2914 2351 2953 2392 a
2975 2339 3092 2393 Deo
3125 2337 3343 2393 missus
3370 2356 3501 2395 esse
3528 2356 3648 2397 cre-

1991 2423 2186 2478 datur.
2223 2422 2355 2494 lpse
2388 2422 2684 2494 siquidem
2718 2426 2777 2479 in
2799 2440 3122 2496 progressu
3146 2428 3495 2485 docethanc
3521 2446 3650 2487 esse

1993 2528 2262 2569 causam.
2299 2512 2587 2568 Dicebant
2614 2516 2772 2569 enim
2801 2514 2977 2584 judaai
3011 2519 3174 2572 :Non
3205 2524 3296 2575 est
3326 2518 3421 2574 hic
3454 2520 3649 2577 aDeo.

1996 2602 2107 2659 Sed
2137 2602 2447 2674 quomodo
2468 2602 2646 2658 dixit:
2667 2602 2819 2670 Quia
2838 2605 3059 2660 audisti
3086 2622 3192 2672 me,
3216 2624 3354 2663 cum
3378 2614 3655 2681 precatus

1995 2706 2116 2747 non
2149 2692 2221 2746 sit
2249 2690 2276 2745 ?
2298 2694 2425 2747 Non
2454 2698 2542 2748 est
2582 2697 2871 2763 precatus,
2910 2696 3230 2753 ostendens
3258 2700 3421 2771 quod
3456 2716 3658 2770 preca-

1994 2781 2154 2836 tione
2181 2796 2330 2853 opus
2355 2780 2435 2836 illi
2465 2798 2585 2837 non
2603 2788 2774 2839 esset.
2806 2783 2959 2840 Dixit
2981 2792 3183 2841 autem
3207 2804 3225 2841 :
3254 2788 3406 2854 Quia
3434 2790 3660 2845 audisti

1995 2885 2106 2937 me,
2187 2869 2500 2925 insinuans
2575 2871 2896 2928 voluntatis
2976 2873 3365 2933 identitatem.
3424 2878 3657 2936 Gratias

1998 2958 2107 3014 tibi
2136 2974 2268 3029 ago,
2298 2975 2442 3031 quia
2465 2957 2701 3016 voluisti
2728 2962 2895 3033 quod
2925 2978 3036 3033 ego
3069 2964 3223 3020 volo.

2068 3048 2239 3105 Vers.
2282 3049 2367 3102 42.
2402 3049 2530 3120 Ego
2569 3080 2637 3090 —
2677 3052 2871 3108 audis.
2915 3054 3162 3125 Semper
3195 3056 3280 3111 vis
3321 3073 3456 3130 quae
3501 3058 3652 3125 volo;

1998 3153 2140 3193 nam
2195 3138 2408 3193 eadem
2464 3138 2691 3212 utrique
2742 3142 3017 3198 voluntas
3066 3150 3159 3200 est
3210 3161 3280 3202 ac
3328 3163 3499 3205 mens
3559 3165 3656 3207 ea-

1997 3227 2156 3283 dem.
2178 3226 2400 3283 Deinde
2418 3229 2580 3284 addit
2609 3234 2924 3286 etcausam
2953 3233 3053 3303 buj
3066 3234 3303 3291 usmodi
3326 3238 3653 3306 gratiarum

1999 3317 2252 3372 actionis
2282 3318 2725 3392 humiliumque
2750 3321 3089 3378 verborum.

2070 3406 2236 3462 Vers.
2282 3407 2371 3462 42.
2431 3408 2543 3465 Sed
2584 3440 2635 3450 —
2690 3410 2836 3466 diri.
2900 3412 3050 3476 Dixi,
3092 3414 3328 3472 Gratias
3380 3418 3489 3473 tibi
3524 3433 3653 3490 ago,

1999 3495 2143 3568 quia
2190 3497 2415 3553 audisti
2462 3513 2572 3569 me,
2609 3503 2854 3572 prOpter
2888 3499 3354 3562 imbecillitatem
3402 3507 3654 3565 circum-

1998 3584 2306 3642 stantium.

2068 3678 2235 3731 Vers.
2269 3679 2355 3732 42.
2424 3677 2493 3734 Ut
2526 3707 2594 3718 —
2625 3679 2875 3735 miseris.
2923 3683 3071 3738 Nam
3121 3682 3236 3739 hoc
3268 3686 3526 3743 maxime
3555 3702 3657 3745 ne-

1998 3766 2322 3822 cessarium
2350 3773 2496 3821 erat.
2531 3767 2640 3831 Qui
2676 3768 2837 3824 enim
2884 3771 3069 3827 credit
3116 3774 3282 3845 quod
3336 3778 3490 3832 Deus
3524 3793 3659 3836 eum

1998 3854 2245 3922 miserit,
2278 3855 2408 3925 ejus
2434 3855 2614 3911 etiam
2639 3859 2839 3914 credet
2881 3863 3276 3929 sermonibus,
3323 3883 3463 3923 cum
3506 3866 3659 3937 aliis,

1999 3947 2125 3998 tum
2153 3942 2243 3998 bis
2267 3943 2483 4015 quibus
2514 3960 2578 4000 se
2628 3947 2729 4002 Dei
2769 3963 2898 4004 esse
2946 3949 3155 4006 Filium
3195 3955 3458 4011 ostendit
3500 3971 3514 4023 ;
3552 3956 3659 4028 qui

1999 4039 2200 4088 autem
2219 4048 2342 4087 non
2368 4033 2733 4106 creditquod
2758 4036 2911 4092 Deus
2942 4054 3078 4095 cum
3108 4041 3354 4108 miserit,
3388 4043 3437 4099 is
3460 4060 3661 4118 neque

1999 4132 2128 4202 ejus
2169 4147 2476 4186 sermones
2514 4134 2812 4205 suscipiet.

2069 4229 2233 4285 Vers.
2263 4233 2351 4286 43.
2384 4231 2463 4286 Et
2491 4261 2550 4271 —
2575 4233 2767 4302 foras.
2808 4265 2877 4275 —
2916 4235 3064 4292 Voce
3105 4252 3320 4309 magna
3345 4240 3654 4312 clamavit,

1999 4318 2343 4385 ostendens,
2362 4319 2529 4392 quod
2542 4322 2808 4378 animam
2829 4331 2996 4380 vocet
3013 4341 3131 4381 non
3152 4336 3525 4399 praesentem,
3553 4334 3660 4389 sed

2000 4408 2210 4481 procul
2263 4407 2622 4465 absentem:
2690 4417 2874 4483 utque
2913 4429 3125 4470 omnes
3188 4416 3289 4489 qui
3337 4425 3659 4490 praesentes

2002 4504 2191 4563 erant,
2218 4496 2664 4555 audirenthanc
2678 4502 3104 4559 auctoritativaa
3128 4509 3661 4581 potestatisjussio-

2006 4603 2141 4643 nem
2165 4603 2177 4641 :
2194 4591 2251 4643 et
2266 4602 2403 4643 cum
2416 4588 2475 4644 in
2494 4604 2649 4659 opus
2662 4589 2984 4648 deductam
3010 4592 3307 4652 viderent:
3329 4599 3664 4660 sublimiter

2004 4677 2078 4734 de
2104 4692 2195 4742 eo,
2238 4680 2532 4749 tanquam
2570 4678 2646 4735 de
2685 4679 2823 4745 Deo,
2866 4682 3169 4740 sentirent.

2074 4768 2203 4823 Non
2223 4765 2371 4821 dixit
2397 4773 2621 4832 autem,
2646 4767 2934 4840 Resurge,
2964 4773 3088 4839 sed,
3134 4775 3277 4831 Veni
3298 4778 3491 4846 foras,
3525 4796 3664 4839 cum

2004 4871 2096 4923 eo,
2126 4855 2228 4927 qui
2262 4861 2534 4911 mortuus
2565 4855 2777 4928 fuerat,
2813 4864 3102 4933 tanquam
3136 4880 3271 4920 cum
3292 4869 3525 4925 vivente
3548 4871 3667 4927 col-

2003 4945 2274 5016 loquens.
2317 4944 2625 5015 Siquidem
2668 4948 2831 5019 apud
2872 4953 3060 5006 Deum
3102 4953 3282 5009 etiam
3323 4958 3540 5013 mortui
3587 4961 3669 5016 vi-

2003 5040 2166 5091 vunt.
2194 5035 2311 5090 Hoc
2338 5049 2482 5104 ergo
2511 5041 2621 5100 est,
2655 5037 2820 5109 quod
2864 5039 3105 5097 dicebat
3136 5060 3149 5096 :
3188 5044 3357 5099 Venit
3414 5053 3663 5120 tempus,

2006 5129 2059 5182 et
2084 5140 2242 5181 nunc
2271 5130 2374 5190 est,
2408 5127 2651 5196 quando
2669 5129 2888 5184 mortui
2907 5131 3147 5187 audient
3170 5148 3356 5192 vocem
3373 5136 3521 5193 Filii
3540 5138 3661 5207 Dei,

2008 5220 2062 5272 et
2076 5215 2181 5288 qui
2196 5213 2506 5288 audierint,
2528 5217 2719 5274 vivent
2744 5220 2811 5276 *5.
2836 5219 2979 5278 Vide
2993 5222 3173 5291 enim,
3194 5224 3342 5297 quid
3358 5233 3645 5301 sequatur

1519 5435 1745 5507 Variae
1782 5438 2111 5511 lectiones
2142 5451 2205 5509 et
2244 5450 2445 5511 notae.

391 5607 485 5665 38)
524 5606 590 5660 Οἱ
626 5604 798 5662 abest
827 5604 895 5660 Α.

391 5611 461 5665 38
524 5606 590 5660 Οἱ
626 5606 798 5662 abest
827 5606 895 5660 Α.

769 5676 835 5805 ἓξ
873 5747 1040 5809 Forte
1069 5743 1256 5811 ἓδίδω.

2236 5609 2561 5698 Ιξςηῑθῐιίιιε
2590 5610 2748 5698 legit,
2780 5602 2885 5698 δρα.
2905 5621 2962 5675 et
3002 5613 3325 5698 εὐχαριστῶ.

2083 5684 2201 5762 (42)
2243 5686 2309 5741 Oi
2340 5690 2590 5766 παρόντες
2619 5684 2835 5746 ἀδευηῖ
2857 5691 2925 5751 Α.
