4108 6384
509 331 635 391 13ΰ1
1842 327 2131 387 EUTUYM

2271 321 2577 386 :lGABENt
3747 334 3893 395 1352

575 462 737 515 Vers.
764 452 852 514 44.
882 448 1032 513 Et—
1052 457 1259 525 fasciis
1277 456 1735 525 sepulcralibus.
1755 456 2015 511 Vinculis
2035 458 2165 528 qui-

2350 462 2451 510 Καὶ
2503 488 2570 496 -
2620 461 2857 530 κειρίαις.
2918 463 3136 530 Δεσμοῖς
3194 460 3629 533 νεκροστολικοίς.
3670 462 3741 516 Ὠ
3792 485 3890 536 με·

503 550 619 606 bus
646 549 1157 605 mortuiobvinciri
1184 547 1393 602 solent.
1412 548 1455 602 Ο
1477 548 1808 601 maximum
1826 546 2125 617 acduplur

2272 551 2461 618 γίστου
2500 552 2589 597 καὶ
2627 542 2817 598 διπλοῦ
2861 548 3161 619 θαύματοςῖ
3198 551 3275 602 Οὐ
3314 556 3469 624 μόνον
3526 558 3771 615 σεσηπώς
3815 555 3889 606 ὢν

504 640 867 695 miraculum
897 638 1057 691 tNon
1082 637 1296 701 solum,
1323 636 1565 707 quijam
1586 635 2126 701 olebat,resurrexil

2275 634 2484 703 ἀνέστη,
2531 635 2657 687 ἀλλα
2716 641 2804 688 καὶ
2838 632 3107 709 δεδεμένος
3156 640 3222 691 ὢν
3274 639 3452 704 ἐξῆλθε
3482 650 3573 695 τοῦ
3602 648 3882 715 μνημείου.

502 730 606 784 sed
634 729 834 792 etiam,
854 728 955 799 qui
986 726 1296 782 obvinctus
1319 732 1463 791 erat,
1489 726 1661 780 exivit
1684 742 1713 780 e
1744 730 2124 780 mouumentc

2270 724 2327 777 Ἠ
2383 728 2472 797 μὲν
2539 722 2626 777 οὖν
2682 732 3006 800 ευχαριστία
3062 737 3155 790 τῆς
3208 729 3521 803 οἰκονομίας,
3580 736 3638 784 τό
3693 730 3751 785 δε
3799 737 3885 785 κέ-

500 817 696 890 ltaque
734 818 1058 885 gratiarum
1102 818 1272 879 actio,
1307 814 1768 885 dispensationis
1791 822 1934 879 erat,
1967 815 2115 884 jussi

2268 814 2470 886 λευσμα
2518 819 2608 867 καὶ
2659 818 2717 867 τό
2767 818 2914 889 ἔργον
2961 824 3053 877 τῆς
3096 817 3340 880 ἐξουσίας
3373 838 3385 849 ·
3435 820 3597 879 ἐκείνη
3646 818 3738 873 δια
3782 828 3884 881 τὴν

497 924 567 963 ac
593 924 765 978 Opus,
792 906 1153 961 auctoritatis
1185 920 1195 958 :
1225 905 1319 959 illa
1351 912 1589 975 propter
1625 910 2010 975 praesentium
2052 905 2119 958 itr

2268 901 2466 955 ἐκείνων
2508 903 2792 969 ἀσθένειαν,
2847 914 3013 959 ταῦτα
3048 904 3108 960 δὲ
3154 905 3189 960 δ
3195 911 3246 960 ιά
3278 914 3371 968 τὴν
3400 915 3587 963 τούτου
3629 908 3876 985 δύναμιν.

493 997 874 1052 becillitatem
919 995 1073 1050 facta
1105 1001 1213 1057 est,
1249 995 1367 1048 hzec
1403 1000 1602 1048 autem
1630 1001 1870 1065 propter
1902 994 2028 1064 ejus
2054 1010 2115 1064 pc

2267 995 2361 1044 Διά
2412 1001 2579 1046 ταῦτα
2633 994 2905 1067 προλαϐὼν
2951 995 3116 1067 ἔλεγεν
3159 1014 3171 1027 ·
3230 998 3292 1050 Εἰ
3343 999 3402 1051 οὗ
3453 1009 3585 1052 ποιῶ
3625 1004 3691 1053 τά
3741 1005 3880 1074 ἔργα

491 1086 731 1142 tentiam
786 1093 849 1140 et
897 1085 1170 1139 virtutem
1208 1082 1438 1139 accidit.
1470 1084 1795 1155 Propterea
1834 1085 1891 1137 in
1936 1097 2113 1153 praeor

2263 1090 2354 1133 τοῦ
2409 1090 2611 1156 Πατρός
2669 1104 2791 1156 μου,
2846 1089 2918 1157 μὴ
2966 1088 3236 1139 πιστεύετέ
3283 1107 3373 1160 μοι
3435 1104 3448 1118 ⁸
3510 1090 3553 1141 εἰ
3604 1086 3663 1142 δε
3714 1110 3872 1155 ποιω,

490 1175 769 1231 dentibus
809 1173 1084 1229 dicebat:
1114 1173 1316 1228 Sinon
1356 1174 1511 1243 facio
1551 1188 1725 1241 opera
1766 1173 1966 1228 Patris
2018 1187 2112 1228 me;

2018 1173 2146 1241 mei,
2262 1169 2355 1222 κᾶν
2380 1170 2492 1244 ἐμοὶ
2518 1178 2588 1246 μὴ
2626 1175 2922 1239 πιστεύητε,
2956 1181 3062 1235 τοῖς
3088 1176 3253 1247 ἔργοις
3283 1180 3615 1232 πιστεύσατε.

488 1266 673 1321 nolite
699 1265 932 1321 credere
962 1264 1111 1319 mihi
1142 1277 1163 1333 ;
1187 1265 1238 1318 si
1259 1270 1449 1318 autem
1490 1263 1669 1329 facio,
1712 1264 1820 1318 etsi
1851 1262 1991 1317 mihi
2030 1280 2147 1319 non

486 1356 669 1411 vultis
696 1355 956 1415 credere,
992 1354 1259 1425 operibus
1286 1353 1506 1408 credite
1525 1354 1593 1406 ³⁷.

559 1447 717 1499 Vers.
744 1448 832 1499 44.
864 1445 936 1499 Ει
970 1474 1031 1482 -
1061 1447 1183 1497 erat
1206 1444 1497 1498 obvincta.
1525 1443 1711 1497 Parva
1741 1442 2004 1507 fasciola,
2033 1459 2148 1513 qua

2335 1445 2434 1494 Καὶ
2481 1472 2550 1481 -
2597 1438 2947 1513 περιεδέδετο.
3016 1444 3273 1517 Φακιολιῳ
3326 1454 3497 1520 μικρῷ
3553 1448 3644 1518 οἴῳ
3696 1457 3876 1522 χρῶν-

489 1534 565 1589 ad
604 1534 721 1588 hoc
750 1549 940 1605 usque
984 1540 1217 1603 tempus
1253 1537 1494 1587 utuntur
1536 1530 1761 1587 Hebraei
1799 1533 1876 1587 ad
1909 1538 2111 1603 tegme:

2026 1548 2146 1587 neu
2258 1548 2346 1581 ται
2373 1535 2539 1604 μέχρι
2568 1536 2657 1583 καὶ
2691 1541 2777 1583 νῦν
2806 1532 3038 1607 Ἐϐραίοι
3077 1533 3379 1607 καλύμματι
3408 1536 3648 1608 κεφαλῆς.

489 1621 732 1693 capitis.

561 1713 722 1766 Vers.
784 1715 870 1766 44.
905 1710 1302 1766 Ait—abire.
1368 1712 1478 1765 Vos
1538 1726 1668 1765 eum
1696 1709 1919 1774 solvite,
1978 1716 2041 1767 ut
2094 1717 2148 1767 et

2332 1713 2484 1782 Λέγει
2536 1742 2604 1752 -
2659 1713 2893 1791 ὑπάγειν,
2943 1712 3113 1786 Ὑμεῖς
3166 1715 3321 1767 αὐτόν
3368 1715 3582 1781 λύσατε,
3640 1718 3722 1769 ἵνα
3778 1725 3871 1771 καὶ

488 1807 680 1858 tactus
707 1801 856 1856 ferat
884 1801 1309 1865 testimonium,
1368 1800 1529 1871 quod
1595 1815 1713 1854 non
1761 1799 2110 1871 phantasma

2257 1801 2287 1857 ἡ
2351 1800 2453 1872 ἁφὴ
2486 1807 2803 1875 μαρτυρήσῃ
2856 1804 2936 1855 ὅτι
2980 1803 3039 1855 οὐ
3084 1806 3287 1877 φάσμα,
3335 1804 3442 1857 ἀλλ’
3485 1805 3668 1868 ἐκεῖνος
3716 1811 3873 1869 ὄντως

489 1892 596 1947 sed
622 1892 751 1962 ipse
782 1905 914 1946 vere
944 1890 1036 1946 sit.
1064 1890 1140 1945 Et
1166 1889 1343 1945 sinite
1367 1889 1552 1953 abire,
1586 1903 1660 1944 ne
1687 1906 1822 1944 cum
1847 1905 1917 1945 eo
1934 1890 2111 1946 ambu

2258 1886 2419 1958 ἐστὶν,
2468 1894 2558 1942 καὶ
2608 1890 2794 1963 ’Ἄφετε
2824 1893 3062 1964 ὑπάγειν,
3114 1894 3196 1946 ἶνα
3241 1898 3313 1966 μὴ
3356 1899 3464 1967 μετ’
3515 1895 3675 1949 αὐτοῦ
3720 1916 3868 1970 περι-

485 1980 619 2037 lans
650 1980 848 2036 laudis
876 1998 945 2036 ac
972 1980 1221 2051 plausus
1251 1996 1435 2035 causa
1451 1980 1573 2047 tiat,
1606 1988 1788 2053 utque
1812 1995 1917 2052 per
1956 1981 2107 2036 otiur

2255 1987 2430 2030 πατῶν
2483 1978 2740 2052 εὐφημίας
2792 1981 2933 2052 αὐτῷ
3002 1988 3092 2035 καὶ
3150 1988 3337 2058 κρότου
3392 1988 3604 2055 γίνηται
3676 1989 3862 2052 αἴτιος,

483 2071 802 2143 perfectius
828 2076 1161 2126 scrutentur
1182 2086 1320 2125 eum
1343 2070 1447 2141 qui
1477 2071 1796 2125 voluerint.

2257 2072 2346 2119 καὶ
2405 2069 2487 2120 ἵνα
2553 2073 2688 2122 κατὰ
2768 2071 2970 2141 σχολὴν
3048 2072 3344 2147 τελεώτερον
3429 2073 3585 2127 αὐτὸν
3665 2095 3868 2149 περιερ-

2252 2160 2521 2227 γάζωνται
2549 2160 2680 2231 (43),
2712 2162 2759 2211 οἱ
2794 2159 3120 2233 βουλόμενοι.

554 2251 785 2307 Utinam
820 2254 1016 2305 autem
1052 2254 1108 2305 et
1140 2265 1308 2305 mens
1344 2265 1476 2304 mea
1507 2249 1565 2304 in
1593 2248 1980 2306 affectionum
2019 2268 2143 2307 mo-

2326 2250 2418 2305 Εῖη
2472 2244 2530 2300 δὲ
2586 2253 2676 2301 καὶ
2727 2253 2812 2301 τόν
2866 2248 2983 2322 ἐμὸν
3039 2258 3178 2319 νοῦν,
3227 2250 3595 2325 ἑντεθαμμένον
3628 2260 3867 2327 μνημείῳ

478 2347 768 2396 numento
801 2339 1055 2409 sepulta,
1082 2355 1407 2411 earumque
1434 2340 1631 2393 fasciis
1665 2339 1928 2408 alligata,
1960 2357 2029 2395 ac
2057 2344 2100 2396 ir

2254 2345 2351 2388 τῶν
2404 2340 2602 2405 παθῶν,
2636 2344 2725 2391 καὶ
2780 2335 3053 2411 δεδεμένον
3109 2346 3330 2415 κειρίαις
3370 2342 3560 2405 αὐτῶν,
3594 2350 3684 2395 καὶ
3721 2344 3866 2397 λίθον

480 2430 885 2485 sensibilitatis
908 2429 1170 2499 lapidem
1203 2430 1643 2500 superpositum
1668 2429 1918 2496 habens,
1944 2430 2102 2500 etjar

2254 2424 2607 2489 ἀναισθησίας
2660 2431 2975 2501 ἐπικείμενον
3015 2432 3227 2501 ἔχοντα,
3259 2435 3349 2483 καὶ
3397 2432 3583 2492 ὄζοντα
3615 2429 3866 2506 δυσωδίᾳ

479 2519 638 2576 olida
663 2518 826 2589 gravi
858 2523 1242 2589 peccatorum
1272 2516 1476 2581 odore,
1518 2518 1691 2573 Verbi
1729 2534 2004 2574 sermone
2055 2536 2101 2574 re

2001 2544 2004 2569 ε
2055 2536 2141 2574 re-
2252 2524 2350 2566 τῶν
2379 2514 2645 2591 ἁμαρτιῶν
2675 2526 2749 2588 τῷ
2779 2517 2916 2589 λόγῳ
2940 2525 3034 2570 τοῦ
3060 2523 3233 2590 Λόγου
3260 2518 3623 2582 ἐξαναστῆναι.

484 2613 753 2677 surgeret
777 2607 789 2662 l

553 2698 716 2751 Vers.
746 2696 1047 2751 45.Multi.
1079 2724 1145 2735 —
1171 2696 1335 2752 Vers.
1358 2695 1445 2751 46.
1480 2697 1667 2751 Jesus.
1691 2699 1813 2751 Non
1846 2700 2139 2768 tanquam

2325 2695 2508 2749 Πολλοὶ
2564 2728 2631 2737 -
2699 2704 2906 2759 Ιησοῦς.
2968 2698 3090 2770 Οὐχ
3164 2702 3235 2762 ὡς
3287 2701 3659 2772 θαυμάζοντες,
3734 2702 3864 2758 ἀλλά

484 2787 869 2854 admirantes,
900 2787 1003 2841 sed
1027 2788 1205 2859 quasi
1233 2787 1307 2842 de
1336 2786 1757 2859 praestigiatore
1773 2787 2106 2844 calumnian

2252 2782 2616 2848 διαϐάλλοντες
2663 2787 2731 2848 ὡς
2784 2792 2974 2858 γόητα.
3025 2786 3187 2841 Οὗτοι
3241 2785 3301 2842 δέ
3350 2790 3481 2842 εἰσιν
3518 2793 3567 2843 οἱ
3594 2792 3817 2853 εἰπόντες
3846 2813 3859 2827 ⁸

484 2882 569 2935 tes
599 2895 612 2944 ;
640 2878 698 2933 hi
726 2885 927 2933 autem
957 2883 1115 2943 sunt,
1149 2880 1251 2950 qui
1275 2878 1552 2933 dicebant
1585 2894 1595 2931 :
1625 2879 1759 2933 Non
1793 2880 1983 2947 potuit
2019 2881 2106 2935 hic

2250 2876 2362 2927 Οὐκ
2430 2872 2663 2933 ἠδύνατο
2742 2877 2912 2943 οὗτος,
2984 2879 3009 2929 ό
3082 2876 3289 2942 ἀνοίξας
3374 2883 3498 2943 τοὺς
3571 2882 3862 2954 ὅφθαλμοὸς

481 2985 583 3041 qui
617 2970 759 3025 caci
787 2971 981 3023 oculos
1012 2969 1265 3040 aperuit,
1291 2969 1514 3038 facere,
1539 2984 1613 3024 ne
1645 2969 1740 3024 hic
1765 2976 2090 3025 moreretur

1387 2983 1514 3034 Fere,
1539 2984 1613 3024 ne
1645 2969 1740 3024 hic
1765 2976 2090 3025 moreretur
2112 2972 2139 3026 ‘I
2249 2973 2339 3016 του
2371 2964 2602 3031 τυφλοῦς
2642 2971 2729 3018 καὶ
2766 2970 2830 3019 τὰ
2870 2966 3009 3029 ἑξῆς,

555 3060 711 3114 Vers.
740 3057 829 3112 47.
868 3059 1427 3127 Congregaveruut.
1466 3089 1537 3097 —
1572 3057 1728 3113 Vers.
1762 3060 1850 3114 48.
1891 3062 2133 3129 gentem.

2321 3060 2611 3125 Συνήγαγον
2687 3087 2756 3095 —
2838 3058 3000 3117 ἔθνος.
3074 3058 3341 3132 Ἀροῦσιν,
3426 3063 3588 3130 ἤγουν
3667 3059 3858 3113 ἀπολέ-

479 3147 719 3214 Tollent,
751 3147 894 3215 sive,
928 3148 1197 3218 perdent.
1249 3146 1595 3218 Speciosum
1638 3153 1835 3203 autem
1894 3156 2101 3219 praete:

2250 3162 2454 3197 σουσιν.
2512 3143 2864 3217 Εὐπρόσωπον
2920 3142 2979 3197 δὲ
3037 3145 3275 3219 ἀφορμὴν
3320 3145 3571 3200 ἐπιθεῖναι
3627 3157 3689 3221 τῇ
3724 3154 3860 3203 κατὰ

476 3243 605 3292 tum
658 3239 969 3309 imponere
1041 3236 1299 3291 volentes
1348 3235 1579 3291 insidiis
1626 3253 1781 3308 quas
1840 3238 2098 3292 adversu

2247 3239 2338 3284 τοῦ
2397 3240 2634 3307 Σωτῆρος
2682 3232 2925 3306 ἐπιϐουλῇ
2990 3235 3237 3305 θέλοντες,
3289 3241 3378 3289 καὶ
3427 3241 3515 3289 τόν
3554 3238 3674 3290 λαόν
3703 3247 3858 3298 κινῆ-

478 3325 846 3381 Salvatorem
888 3325 1215 3389 struebant,
1259 3341 1327 3379 ac
1390 3322 1677 3396 populum
1747 3331 1958 3380 contra
1996 3341 2100 3381 eun

2248 3342 2337 3375 σαι
2420 3322 2536 3374 κατ’
2608 3323 2768 3375 αὑτοῦ
2837 3330 3210 3396 μηχανώμενοι
3278 3331 3694 3399 προφασίζονται
3768 3333 3859 3381 τόν

476 3431 717 3471 movere
780 3415 1112 3479 molientes,
1171 3414 1441 3469 timorem
1484 3415 1887 3469 causabantur
1930 3416 2098 3470 Roma

2246 3411 2400 3483 φοϐον
2448 3421 2547 3464 τῶν
2602 3413 2886 3484 Ῥωμαίων,
2935 3416 3015 3465 ὅτι
3063 3413 3148 3466 ἐὰν
3183 3417 3369 3477 πάντες
3398 3419 3757 3469 πιστεύσωσιν
3788 3418 3858 3479 εἰς

476 3520 715 3570 norum,
748 3506 904 3576 quia,
940 3505 985 3559 si
1017 3520 1222 3559 omnes
1254 3503 1607 3558 crediderint
1649 3504 1706 3558 in
1739 3520 1899 3571 eum,
1944 3505 2098 3560 exist

2245 3500 2420 3565 αὐτόν,
2477 3502 2933 3559 ὑποπτευθὴσεται
2972 3501 3258 3575 τυραννίδα
3309 3504 3542 3577 μελετᾲν,
3593 3512 3680 3559 καὶ
3721 3506 3859 3559 ἐλεύ-

476 3595 763 3660 mabitur,
824 3594 1194 3665 tyrannidem
1245 3594 1517 3649 meditari
1561 3610 1572 3647 :
1626 3593 1986 3665 venientque
2032 3596 2098 3650 Rc

2247 3610 2427 3642 σονται
2480 3593 2529 3642 οὶ
2557 3590 2823 3663 Ῥωμαῖοι,
2874 3596 2965 3644 καὶ
3018 3591 3336 3645 ἀπολέσουσι
3390 3597 3589 3658 πάντας
3640 3599 3704 3657 ὡς
3749 3616 3858 3649 κοι-

478 3685 660 3745 mani,
697 3700 767 3740 ac
801 3684 1052 3755 perdent
1084 3684 1415 3753 universos,
1458 3690 1742 3755 tanquam
1800 3684 2100 3755 tyrannidi

1800 3684 2133 3755 tyrannidis
2242 3683 2433 3741 νωνούς
2462 3688 2552 3741 τῆς
2583 3677 2889 3755 τυραννίδος
2914 3686 3004 3734 καὶ
3039 3681 3383 3744 ἀποστασίας.

478 3790 549 3831 ac
579 3774 926 3829 defectionis
961 3773 1297 3845 participes.

549 3864 729 3935 Atqui
758 3864 885 3935 ipse
906 3862 1295 3919 defectionem
1331 3879 1450 3919 non
1490 3864 1712 3931 docuit,
1752 3864 1900 3936 quin
1932 3864 2133 3935 potius

2317 3863 2418 3912 Καὶ
2469 3862 2571 3932 μὴν
2625 3858 2779 3922 αὐτὸς
2852 3864 2941 3933 μὲν
3003 3860 3330 3915 ἀποστασίαν
3400 3862 3495 3916 οὐκ
3581 3861 3851 3931 ἐδίδαξεν,

478 3968 725 4010 censum
781 3952 993 4009 Caesari
1020 3954 1243 4008 eXsolvi
1283 3952 1549 4024 permisit
1588 3973 1600 4006 :
1635 3970 1893 4026 cumque
1926 3954 2100 4026 popul

2242 3948 2371 4000 ἀλλά
2399 3954 2487 4000 καὶ
2533 3948 2722 4020 μᾶλλον
2764 3949 3009 4024 ἐπέτρεψε
3037 3958 3229 4009 κῆνσον
3272 3950 3561 4005 ἀποδουναι
3601 3960 3850 4029 Καίσαρι,

475 4059 675 4113 regem
701 4043 912 4099 vellent
959 4061 1097 4098 eum
1125 4045 1503 4109 constituere,
1538 4044 1787 4114 aufugit,
1830 4051 1887 4099 et
1936 4044 2097 4113 fruge

2240 4042 2329 4088 καὶ
2386 4036 2714 4110 βουλομένων
2772 4048 2870 4090 τῶν
2920 4040 3093 4111 ὄχλων
3145 4050 3368 4101 ποιῆσαι
3414 4042 3571 4094 αὑτὸν
3604 4041 3851 4116 βασιλέα,

474 4130 606 4189 liter
636 4134 975 4199 oberrabat,
1030 4150 1099 4187 ac
1149 4134 1330 4187 vitam
1363 4133 1784 4203 probissimam
1845 4135 2095 4189 omnibu

2241 4129 2415 4199 ἔφυγε,
2462 4132 2552 4179 καὶ
2633 4127 2840 4188 εὐτελῶς
2903 4135 3245 4204 περιήρχετο,
3305 4136 3395 4183 καὶ
3464 4130 3582 4204 βίον
3634 4134 3852 4207 ἄριστον

474 4223 853 4295 proponebat
886 4242 897 4282 :
923 4238 1058 4295 quas
1080 4221 1270 4292 magis
1296 4228 1384 4278 est
1411 4222 1744 4293 tyrannidis
1771 4222 2039 4278 interitus
2062 4226 2096 4278 A

2241 4216 2529 4281 ὑπετίθετο,
2596 4216 2724 4289 οἷπερ
2787 4216 3052 4291 ἀναίρεσίς
3100 4218 3213 4271 ἔστι
3260 4219 3450 4293 μᾶλλον
3518 4218 3849 4295 τυραννίδος.

474 4313 609 4386 ipsi,
632 4329 985 4385 quanquam
1010 4327 1128 4367 non
1169 4311 1611 4382 exspectabant,
1664 4328 1773 4367 nec
1818 4313 2096 4369 timebant

2240 4303 2424 4377 [Αὐτοὶ
2455 4306 2569 4377 (44)
2602 4303 2680 4371 δὲ,
2716 4308 2758 4358 εἰ
2812 4312 2903 4359 καὶ
2933 4312 3004 4380 μή
3058 4306 3474 4383 προσδοκῶντες,
3501 4308 3607 4361 ἀλλ’
3640 4309 3693 4362 ἐκ
3729 4312 3853 4382 φθό-

476 4402 581 4459 sed
602 4418 726 4475 prae
753 4402 973 4459 invidia
1006 4400 1398 4473 perditionem
1432 4400 1846 4457 Romanorum
1877 4403 1935 4458 in
1985 4419 2098 4475 pres

2240 4413 2327 4445 νου
2375 4400 2795 4469 προεφασίσαντο
2866 4400 2959 4454 τὴν
3027 4396 3292 4469 Ῥωμαίων
3359 4397 3636 4464 ἀπώλειαν,
3710 4401 3849 4472 ὅμως

479 4496 702 4549 textum
727 4490 1156 4548 assumebant:
1181 4506 1251 4545 ea
1273 4495 1471 4547 tamen
1490 4491 1655 4562 passi
1680 4496 1832 4558 sunt,
1849 4509 1979 4564 quae
1994 4508 2101 4548 cau

2240 4485 2555 4536 πεπόνθασιν
2612 4484 2648 4535 ἃ
2692 4490 3153 4558 προεφασίσαντοο
3202 4487 3260 4539 οὐ
3293 4484 3435 4540 διότι
3488 4486 3749 4541 ἐπείθοντο
3780 4499 3851 4560 τῷ

479 4580 792 4651 sabantur,
852 4595 974 4637 non
1025 4580 1168 4651 quia
1200 4581 1426 4637 Christo
1477 4580 1744 4636 obsecuti
1803 4588 1961 4646 sunt,
2022 4598 2101 4638 561

2243 4580 2477 4647 Χριστῷ,
2530 4571 2659 4625 ἀλλὰ
2707 4571 2846 4626 διότι
2899 4575 2993 4626 οὐκ
3055 4575 3335 4631 ἐπείθοντο.
3384 4577 3461 4630 Δι’
3505 4576 3694 4631 ἐκεῖνον
3750 4581 3851 4653 γὰρ

476 4671 624 4744 quia
656 4671 704 4727 ei
737 4687 858 4726 non
892 4676 1241 4742 paruerunt.
1270 4674 1413 4726 Nam
1462 4678 1703 4743 propter
1732 4671 1896 4727 illum
1931 4672 2098 4728 tradit

2240 4657 2627 4734 προεδόθησαν,
2685 4666 2748 4723 ὡς
2801 4670 2891 4716 καὶ
2948 4664 3201 4726 Ἰώσηπος
3249 4666 3362 4737 (45)
3418 4676 3691 4743 μαρτυρεῖ.
3751 4674 3851 4721 Καὶ

478 4766 638 4827 sunt,
665 4765 725 4816 ut
751 4760 931 4815 etiam
966 4764 1209 4815 testatur
1251 4750 1561 4832 Josephus.
1624 4763 1686 4817 Et
1716 4763 1827 4832 ipsi
1884 4762 2100 4834 quidem

2242 4749 2391 4802 αὐτοὶ
2429 4754 2520 4823 μεν
2567 4754 2984 4825 προεφασιςοντο
3024 4752 3211 4807 ἀνελεῖν
3260 4755 3437 4820 αὐτὸν,
3495 4758 3578 4809 ἶνα
3619 4762 3692 4829 μὴ
3746 4756 3849 4819 ἐξο-

474 4856 829 4923 prastextum
861 4855 1250 4920 sumpserunt
1277 4850 1587 4906 occidendi
1620 4851 1809 4919 illum,
1842 4868 1916 4906 ne
1956 4868 1991 4906 a
2021 4853 2096 4907 Ro

2240 4838 2587 4913 λοθρευθῶσιν
2673 4843 2773 4894 ὑπὸ
2857 4842 3123 4914 Ῥωμαίων
3184 4858 3197 4872 ⁶
3287 4843 3396 4897 ἐπεὶ
3497 4842 3557 4898 δὲ
3631 4845 3844 4913 ἀνεῖλον,

474 4938 1079 4995 manisinternecioni
1104 4939 1476 4995 traderentur
1505 4960 1515 4999 :
1551 4941 1695 5012 quia
1725 4957 1867 4996 vero
1899 4941 2096 4997 occide

2241 4927 2691 5004 ἐξωλοθρεύθησαν
2726 4948 2737 4959 ·
2770 4935 2860 4984 καὶ
2916 4933 3069 5007 ἅπερ,
3124 4935 3191 4994 ὡς
3248 4929 3642 5008 διαφευξόμενοι
3694 4939 3847 5009 ἔπρα-

473 5034 634 5095 runt,
668 5028 1050 5084 internecioni
1083 5028 1270 5084 traditi
1302 5035 1459 5100 sunt,
1493 5035 1549 5085 et
1577 5046 1713 5101 quae
1753 5029 2032 5095 fecerunt,
2067 5047 2095 5085 ι]

1847 5036 2032 5095 erunt,
2067 5034 2132 5087 ut
2243 5015 2354 5087 ξαν,
2384 5026 2568 5086 ταῦτα,
2598 5015 2778 5079 ἐπειδὴ
2804 5020 3048 5095 ἔπραξαν,
3078 5020 3137 5075 όν
3169 5018 3204 5074 δ
3210 5022 3465 5097 ιέφυσγον.]

480 5117 827 5189 eﬂugerent,
855 5134 926 5173 ea
946 5117 1090 5189 quia
1123 5116 1411 5183 fecerunt,
1441 5134 1563 5173 non
1596 5118 1953 5188 effugerunt.

547 5207 813 5264 Vers.49.
850 5208 1009 5264 Unus
1035 5239 1097 5249 —-
1131 5207 1455 5279 Caiaphas.
1494 5209 1581 5279 -Η-
1626 5208 1988 5281 Appellatus,
2051 5212 2130 5268 ni-

2051 5212 2130 5268 ni-
2312 5212 2397 5277 Εἶς
2428 5248 2483 5257 -
2515 5218 2768 5291 Καϊάφας.
2797 5218 3233 5295 Ὀνομαξόμενος,
3266 5218 3511 5281 δηλονότι
3538 5222 3670 5297 (46).

472 5313 716 5354 mirum.

542 5389 586 5425 ³⁷
628 5391 801 5447 Joan.
832 5405 889 5455 χ,
919 5389 1009 5445 37.

628 5391 801 5447 Joan.
832 5405 889 5455 χ,
919 5389 1009 5445 37.

1681 5462 1902 5531 Varia:
1934 5463 2262 5535 lectiones
2297 5477 2362 5535 et
2393 5478 2597 5537 notae.

570 5595 659 5734 43)
689 5596 1142 5670 Περιεργάσωνται
1170 5600 1238 5653 Α.

567 5668 635 5719 Iit
690 5667 925 5722 Inclusa
955 5667 1174 5723 absunt
1201 5668 1267 5722 Α.

544 5595 658 5819 {45)
691 5737 836 5793 Vide
861 5754 1042 5815 supra
1072 5739 1149 5796 ad
1179 5755 1313 5814 cap.
1346 5739 1491 5809 VIII,
1524 5756 1676 5800 vers.
1710 5740 1798 5798 28.

2303 5603 2418 5675 (46)
2442 5602 2690 5659 Omissis
2708 5604 2800 5660 his
2827 5604 3070 5662 duobus
3096 5606 3428 5682 vocabulis,
3454 5613 3687 5669 textum
3709 5628 3851 5670 con—

2229 5673 2429 5745 junxit
2452 5678 2794 5732 Hentenius.
2830 5678 3047 5734 Eorum
3078 5678 3213 5736 loco
3244 5687 3447 5739 autem
3478 5682 3540 5740 in
3562 5689 3851 5743 contextu

2234 5752 2369 5819 post
2398 5746 2720 5819 Caiaphas,
2755 5747 2989 5806 addidit
3012 5750 3272 5812 nomine.
3725 5800 3729 5804 .
3808 5798 3811 5803 .

690 5667 925 5746 inclusa
955 5667 1174 5746 absunt
1201 5668 1267 5722 Α.
1346 5739 1469 5746 _____
1721 5745 1724 5746 ν
1757 5740 1771 5746 _
2227 5667 2429 5745 junxi't
2452 5678 2794 5732 Hentenius.
2830 5678 3047 5734 Eorum
3078 5678 3213 5736 loco
3244 5667 3447 5739 autem
3478 5682 3540 5740 in
3562 5667 3851 5743 conicito

567 5736 658 5810 A5)
691 5737 836 5793 Vide
861 5754 1042 5815 supra
1072 5739 1149 5796 ad
1179 5755 1313 5814 cap.
1346 5739 1491 5809 VIII,
1524 5756 1676 5800 vers.
1710 5740 1798 5798 28.
2228 5736 2369 5820 post
2398 5746 2720 5823 Caiaphas,
2755 5747 2989 5806 addidit
3012 5750 3272 5812 nomine.
