4108 6396
275 338 412 406 1353
1241 342 1610 401 COMMENT.
1657 345 1723 400 IN
1761 344 1897 402 JOAL

2022 339 2115 403 ΞΜ.
2156 379 2223 387 -
2263 341 2420 403 CAP.
2462 340 2557 402 XI.
3516 343 3644 402 1354

343 474 651 549 Ἀρχιερεὺς
736 471 802 522 ὡν
867 478 957 523 τοῦ
1034 472 1271 523 ὶνιαυτοῦ
1356 469 1570 523 ἐκείνου.
1652 470 1865 533 Ἐξοκει-
1906 474 1948 527 Α

2057 472 2218 529 Vers.
2252 476 2341 529 49.
2375 472 2523 528 Cum
2546 478 2687 528 esset
2710 472 2997 542 Pontifex
3016 470 3166 529 anni
3190 470 3380 529 illius.
3412 472 3559 526 Cum
3584 473 3645 526 in

269 565 463 617 λάντων
502 566 603 637 γὰρ
656 564 726 623 εἰς
769 562 1170 636 παρανομίας,ό
1221 557 1502 632 δυνάμενος
1548 559 1873 611 ἑνιαυσιαίαν

2024 563 2131 631 θεὶς
2158 562 2697 631 transgressionem
2728 562 3117 633 impegisseut
3158 560 3301 634 (dd),
3334 562 3383 615 is
3412 562 3517 632 qui
3546 576 3646 631 po-

271 654 447 707 ὠνείτο
496 657 589 711 τὴν
646 650 1044 726 ἀρχιερωσύνην
1109 649 1209 702 ἀπό
1281 658 1379 701 τῶν
1451 649 1736 722 Ῥωμαίων,
1786 654 1875 701 xui

2021 657 2271 713 anserat,
2288 668 2323 705 a
2340 651 2621 707 Romanis
2637 651 3039 723 pontiﬁcatum
3057 650 3117 706 in
3132 667 3358 707 annum
3379 648 3643 705 emebat:

270 744 430 805 αὐτὸς
466 746 557 815 μὲν
606 738 767 816 ἦρχεν
826 740 873 792 ἐν
920 748 992 810 τῷ
1023 739 1238 810 ἐνιαυτῷ
1270 740 1451 804 αὐτοῦ,
1492 741 1541 791 οὶ
1587 742 1682 809 πρό
1716 739 1875 791 αὐτοῦ

2024 741 2199 811 tipse
2233 740 2480 813 quidem
2514 740 2917 811 principatum
2955 756 3063 795 suo
3094 756 3256 795 anno
3294 738 3601 794 obtinebat
3633 752 3645 792 :

270 830 332 886 δὲ
382 828 700 906 συνήδρευον
750 835 839 881 καὶ
895 830 1006 902 (47)
1061 828 1420 881 συνεϐούλευον
1475 828 1633 898 αὐτῷ,
1691 828 1877 879 καλού-

2034 831 2089 884 ui
2117 845 2257 885 vero
2288 836 2426 885 ante
2457 846 2593 884 eum
2654 835 2985 896 tenuerant,
3029 828 3375 885 assidebant
3431 828 3534 893 illi,
3579 826 3649 881 si-

268 941 414 995 μενοι
442 926 531 973 καὶ
561 920 709 971 αὐτοὶ
736 920 1019 994 ἀρχιερεῖς,
1050 922 1118 979 ὡς
1146 922 1237 969 καὶ
1266 917 1414 969 αὐτοὶ
1437 916 1879 990 ἀρχιερατεύσαν-

2026 920 2233 991 1ulque
2255 936 2391 974 cum
2419 935 2490 974 eo
2533 918 2975 983 consultabant,
3025 919 3162 975 dicti
3183 925 3236 975 et
3268 918 3385 990 ipsi
3410 915 3648 989 pontiﬁ-

267 1031 365 1071 τες.
397 1010 547 1083 [Περὶ
579 1009 695 1080 (48)
726 1009 792 1059 ὧν
824 1013 913 1059 xui
950 1006 997 1059 ἐν
1030 1016 1099 1078 τῷ
1126 1010 1257 1059 κατά
1285 1008 1552 1059 Ματθαῐον
1582 1005 1877 1077 Εὐαγγεὶίῳ

2028 1025 2107 1077 es,
2139 1008 2303 1081 quod
2348 1008 2525 1064 etiam
2576 1008 2691 1080 ipsi
2739 1009 3145 1080 principatum
3200 1007 3548 1075 tenuissent,
3580 1006 3650 1061 de

268 1097 698 1171 δεδηλώκαμεν.]

2035 1098 2210 1153 uibus
2228 1098 2407 1153 etiam
2441 1098 2499 1152 in
2524 1097 2839 1168 Evangelio
2866 1097 3040 1168 juxta
3065 1096 3403 1154 Matthaaum
3432 1093 3654 1167 signiﬁ-

1988 1187 2261 1245 cavimus
2291 1188 2365 1244 ³⁸.

340 1276 582 1333 Εἷπεν-
620 1273 791 1329 οὐδέν.
841 1272 1008 1329 Οὐδέν
1049 1278 1326 1349 συμφέρον,
1373 1272 1526 1327 οὗδεν
1582 1279 1874 1346 χρήσιμον,

2064 1276 2222 1332 Vers.
2270 1279 2358 1332 49.
2410 1276 2575 1333 Dixit
2626 1307 2692 1317 —
2747 1277 3101 1349 quidquam.
3165 1274 3337 1342 Quod
3384 1273 3521 1331 utile
3555 1273 3649 1341 sit,

267 1370 406 1422 οὕτω
444 1369 693 1443 ῥᾳθύμως
722 1363 1056 1438 διακείμενοι.

1987 1365 2148 1438 quod
2179 1365 2476 1437 expediat,
2520 1365 2673 1421 adeo
2700 1366 2958 1438 segniter
2996 1365 3206 1421 affecti.

342 1454 484 1510 Οὗδε
518 1488 576 1496 -
612 1454 740 1512 εἰπε.
771 1462 957 1521 Τοῦτο,
1008 1462 1156 1507 ποῖον
1194 1472 1207 1522 ;
1253 1457 1322 1506 Τὸ
1351 1453 1463 1506 Ἰνα
1498 1450 1568 1515 εἷς
1609 1455 1880 1528 ἄνθρωπος

2058 1455 2224 1510 Vers.
2272 1456 2361 1510 50.
2406 1456 2532 1511 Nec
2566 1485 2631 1494 —
2685 1454 2846 1511 Vers.
2908 1459 2995 1509 51.
3048 1456 3225 1512 dixit.
3283 1456 3422 1519 Hoc,
3479 1451 3652 1525 quid-

270 1548 506 1619 ἀποθάνη
533 1545 658 1618 ὑπὲρ
700 1553 789 1597 τοῦ
821 1545 969 1599 λαοῦ.

1989 1546 2184 1600 nam?
2216 1545 2285 1602 Ut
2318 1560 2467 1601 unus
2500 1545 2672 1601 homo
2710 1546 3004 1600 moriatur
3027 1560 3137 1614 pro
3162 1545 3400 1615 populo.

351 1637 485 1692 Ἀλλ’
542 1664 607 1678 —
652 1636 845 1696 ἔθνους.
878 1634 998 1705 Οὐχ
1055 1637 1125 1696 ὼς
1154 1634 1295 1696 ἄξιος
1342 1638 1739 1706 προεφήτευσεν·
1772 1631 1878 1683 ἀλλ’

2063 1634 2227 1688 Vers.
2258 1636 2343 1687 51.
2368 1634 2484 1689 Sed
2511 1665 2581 1675 —
2613 1634 2874 1691 natione.
2927 1637 3055 1689 Non
3086 1632 3252 1705 quod
3305 1633 3520 1704 dignus
3568 1647 3656 1687 es-

274 1729 344 1789 ὡς
387 1725 663 1801 ἀρχιερεὺς
693 1725 760 1775 ὡν
786 1732 877 1776 του
908 1723 1144 1775 ἐνιαυτοῦ
1195 1722 1385 1775 ἐκείνου
1413 1743 1424 1755 ·
1480 1724 1537 1774 οὐ
1567 1719 1639 1774 δι’
1689 1722 1880 1774 οἰκείαν

2034 1726 2095 1784 at,
2130 1723 2485 1778 vaticinatus
2516 1728 2622 1790 est,
2650 1724 2756 1779 sed
2799 1722 2963 1795 quod
3008 1722 3268 1794 pontifex
3309 1726 3465 1776 esset
3512 1720 3656 1777 anni

274 1814 477 1888 ἀρετὴν,
512 1813 641 1865 ἀλλὰ
666 1810 760 1865 διὰ
788 1817 847 1865 τό
880 1812 1252 1888 ἀρχιερατικον
1294 1812 1517 1883 ἀξίωμα.
1548 1810 1664 1863 Ἔτι
1707 1814 1805 1883 ’γὰρ
1848 1812 1876 1869 ἡ

2036 1812 2146 1866 lius
2172 1828 2185 1878 ;
2219 1828 2339 1868 non
2364 1820 2605 1884 propter
2633 1813 2938 1885 propriam
2968 1812 3266 1877 virtutem,
3292 1812 3397 1866 sed
3416 1817 3658 1884 propter

278 1908 392 1958 θεία
446 1905 607 1977 χάρις
661 1907 911 1977 παρέμενε
941 1912 1012 1973 τῷ
1059 1910 1184 1971 ναῷ,
1220 1904 1337 1963 ἡτίς
1366 1910 1437 1972 τῷ
1470 1906 1690 1972 στόματι
1724 1900 1882 1952 αὐτοῦ

2036 1901 2397 1958 ontiﬁcalem
2423 1903 2799 1973 dignitatem.
2827 1902 3044 1959 Adhuc
3071 1901 3230 1957 enim
3248 1901 3447 1956 divina
3465 1900 3657 1970 gratia

273 1998 613 2070 χρησαμένη,
643 1990 735 2055 τῆς
764 1989 986 2068 καρδίας
1016 1991 1120 2063 οὐχ
1151 1990 1343 2062 ἥψατο.

2036 2007 2053 2045 ι
2083 1990 2307 2063 templo
2330 1992 2745 2063 permanebat,
2778 2008 2913 2064 quae
2980 2006 3081 2047 ore
3120 1990 3276 2046 illius
3328 1996 3523 2060 utens,
3556 2004 3658 2045 cor

1993 2096 2117 2136 non
2148 2081 2356 2151 tetigit.

349 2178 711 2249 Προεφήτευσε
758 2169 817 2224 δὲ
878 2174 958 2224 ότι
1021 2171 1216 2244 ἔμελλεν
1290 2172 1314 2222 ὁ
1384 2169 1591 2230 Ἰησοῦς
1665 2168 1885 2225 ἀποθνή-

2066 2171 2442 2243 Prophetavit
2473 2176 2671 2227 autem
2699 2170 2865 2243 quod
2893 2169 3160 2225 futurum
3186 2172 3363 2233 esset,
3394 2172 3459 2223 ut
3487 2168 3660 2223 Jesus

278 2282 420 2316 σκειν
481 2264 607 2336 ὑπὲρ
662 2271 750 2315 τοῦ
801 2265 976 2324 ἔθνους
1036 2270 1135 2313 τῶν
1174 2258 1464 2313 Ἰουδαίων.
1512 2260 1660 2331 ’Υπὲρ
1717 2258 1885 2310 αὐτῶν

2039 2267 2329 2315 ioreretur
2358 2277 2463 2333 pro
2492 2260 2733 2315 natione
2767 2258 3135 2315 Judaeorum.
3170 2258 3281 2314 Pro
3322 2256 3467 2330 ipsis
3496 2272 3661 2312 nam-

274 2356 378 2428 γὰρ
430 2352 649 2405 ἀπέθανε
692 2349 1008 2413 σπουδάζων
1069 2360 1239 2402 σῶσαι
1278 2350 1463 2410 αὐτοὺς
1499 2366 1510 2378 ·
1558 2349 1695 2419 ἔλεγε
1734 2351 1835 2421 γὰρ
1868 2362 1883 2378 '

2045 2366 2114 2405 ue
2165 2356 2435 2403 mortuus
2486 2354 2595 2415 est,
2631 2354 2693 2405 ut
2722 2364 2824 2404 eos
2858 2347 3055 2403 salvos
3104 2347 3320 2403 faceret
3375 2362 3388 2413 ;
3422 2345 3662 2401 dicebat

280 2443 391 2494 Οὐκ
445 2441 740 2499 ἀπεστάλην
797 2442 839 2494 εἰ
890 2446 959 2513 μὴ
1032 2442 1100 2502 εἰς
1167 2442 1231 2492 τά
1274 2438 1514 2511 πρόϐατα
1570 2441 1635 2490 τὰ
1680 2436 1887 2489 ἀπολω-

2041 2439 2157 2494 nim
2194 2458 2205 2497 :
2231 2440 2368 2494 Non
2390 2455 2519 2494 sum
2534 2440 2762 2499 missus,
2793 2436 2999 2493 nisi/1d
3020 2452 3151 2493 oves
3164 2437 3431 2506 perditas
3453 2436 3663 2491 domus

277 2530 405 2583 λότα
448 2534 592 2583 οἱκου
661 2530 895 2606 Ἰσραὴλ.
932 2530 1061 2603 [Καὶ
1122 2530 1235 2599 (49)
1316 2528 1469 2581 πάλιν
1529 2528 1666 2597 ἔλεγε
1705 2543 1717 2553 ·
1788 2532 1888 2580 Καὶ

2040 2530 2186 2584 sraet
2215 2530 2283 2581 ³9.
2320 2531 2386 2584 Et
2415 2544 2659 2583 rursum
2696 2544 2707 2581 :
2744 2528 2819 2582 Et
2867 2528 3123 2582 animam
3156 2542 3345 2583 meam
3367 2541 3521 2595 pono
3549 2540 3662 2594 pro

278 2626 372 2679 τὴν
425 2620 606 2693 ψυχήν
673 2640 772 2693 μου
840 2622 1027 2691 τίθημι
1078 2620 1204 2693 ὑπὲρ
1262 2627 1360 2670 τῶν
1435 2615 1724 2690 προϐάτων·
1780 2614 1891 2669 ἰνα

2038 2618 2195 2673 uibus
2219 2619 2289 2672 3°.
2321 2621 2398 2674 Ne
2425 2624 2626 2674 autem
2684 2633 2793 2690 pro
2834 2616 2978 2689 ipsis
3027 2616 3168 2673 solis
3212 2614 3367 2671 mori
3400 2620 3660 2688 putetur,

282 2707 341 2763 δε
400 2715 471 2783 μὴ
535 2707 661 2782 δόξῃ
724 2710 850 2782 ὑπερ
882 2709 1049 2761 αὐτῶν
1102 2712 1267 2779 μόνων
1327 2705 1621 2775 ἀποθανεῖν,
1674 2710 1890 2777 προστίς

984 2718 1049 2760 ῶν
1102 2712 1267 2779 μόνων
1327 2705 1621 2775 ἀποθανεῖν,
1674 2710 1890 2777 προστίς
2000 2708 2166 2763 addit
2192 2707 2606 2779 Evangelista:

284 2798 461 2872 θησι·]

358 2894 457 2943 Καὶ
508 2920 577 2929 -
637 2890 707 2943 ἓν.
758 2888 959 2961 Ὠσπερ
1013 2889 1113 2961 γὰρ
1166 2885 1558 2960 ἐνηνθρὼπησεν
1608 2884 1712 2957 οὐχ
1762 2885 1887 2958 ὑπὲρ

2072 2887 2230 2940 Vers.
2261 2889 2345 2939 52.
2371 2885 2495 2941 Nec
2526 2915 2591 2927 —
2618 2900 2820 2941 unum.
2856 2884 3017 2941 Sicut
3054 2884 3215 2939 enim
3240 2899 3358 2940 non
3380 2899 3490 2954 pro
3521 2882 3664 2938 solis

281 2988 383 3032 τῶν
434 2975 708 3032 Ἰουδαίων
775 2983 959 3050 μόνων,
1022 2976 1149 3028 ἀλλὰ
1214 2981 1303 3027 xui
1355 2977 1480 3050 ὑπὲρ
1560 2982 1661 3027 τῶν
1728 2974 1890 3026 ἄλλων

2040 2975 2223 3031 υόωίε
2253 2976 2593 3031 incarnatus
2623 2980 2730 3040 est,
2794 2991 3002 3031 verum
3029 2975 3209 3030 etiam
3257 2991 3363 3046 pro
3391 2975 3614 3029 creteris
3647 2989 3662 3031 :

282 3069 459 3121 ἐθνῶν
511 3068 673 3129 οὕτως
726 3068 829 3140 ἄρα
886 3071 974 3118 καὶ
1030 3065 1277 3118 ἀπέθανεν
1336 3064 1440 3135 οὐχ
1492 3066 1619 3138 ὑπὲρ
1691 3062 1891 3115 ἐκείνων

2046 3082 2080 3122 a
2108 3080 2252 3121 sane
2278 3070 2335 3120 et
2368 3072 2637 3120 mortuus
2669 3071 2756 3120 est
2785 3081 2907 3119 non
2954 3080 3063 3136 pro
3105 3062 3246 3119 solis
3300 3062 3433 3127 illis,
3468 3062 3571 3117 sed
3611 3065 3668 3117 et

281 3164 470 3232 μόνων,
526 3157 653 3210 ἀλλά
702 3162 787 3209 xui
831 3158 958 3230 ὑπὲρ
1006 3157 1225 3212 τούτων.
1255 3154 1318 3207 Ἀ
1349 3157 1450 3226 γὰρ
1502 3150 1755 3205 ἐδίδασκε
1803 3159 1891 3206 καὶ

2049 3172 2113 3210 ro
2147 3156 2255 3210 his.
2290 3158 2458 3219 Nam,
2493 3170 2628 3226 quas
2660 3154 2913 3210 docebat
2944 3159 3000 3209 et
3038 3153 3312 3217 faciebat,
3346 3153 3523 3208 etiam
3555 3166 3666 3224 pro

283 3247 465 3314 ἐποίει,
522 3251 611 3299 καὶ
664 3248 790 3321 ὑπὲρ
848 3249 1039 3298 τούτων
1108 3241 1263 3311 ἦσαν,
1339 3245 1422 3295 ἶνα
1490 3248 1893 3316 προηγουμένως

2051 3247 2096 3298 is
2125 3250 2313 3308 erant,
2348 3251 2409 3300 ut
2440 3260 2579 3299 cum
2605 3243 2685 3299 illi
2718 3244 2777 3299 in
2826 3243 3031 3314 primis
3089 3242 3460 3307 didicissent,
3492 3241 3666 3296 veluti

284 3336 469 3389 ἐκεῖνοι
524 3338 771 3409 μαθόντες
828 3338 896 3395 ὡς
944 3340 1033 3387 καὶ
1100 3342 1301 3408 πρῶτοι
1364 3333 1526 3385 πάλαι
1606 3337 1690 3384 τόν
1763 3336 1891 3385 Θεόν

2055 3335 2108 3388 ui
2136 3335 2313 3389 etiam
2339 3332 2515 3405 primi
2542 3334 2724 3387 Deum
2754 3337 3173 3403 cognoverant,
3197 3330 3585 3404 postmodum
3614 3334 3671 3385 et

284 3430 591 3497 ἐπιγνόντες,
636 3428 812 3477 ἔπειτα
860 3428 948 3476 καὶ
1005 3426 1217 3483 τούτους
1271 3419 1555 3484 διδάξωσι.
1598 3428 1761 3474 Τέκνα
1805 3426 1893 3494 μὲν

2047 3423 2153 3479 lios
2184 3423 2487 3479 docerent.
2519 3422 2687 3477 Filios
2730 3422 2930 3494 itaque
2976 3421 3099 3487 Dei,
3160 3424 3365 3493 gentes
3404 3419 3669 3476 nomina-

285 3512 375 3569 οὗν
450 3522 542 3567 τοῦ
607 3522 741 3567 Θεοῦ
814 3515 879 3566 τὰ
951 3515 1067 3571 ἔθνη
1146 3513 1430 3585 ὠνόμασεν,
1510 3515 1577 3572 ως
1651 3511 1898 3583 μέλλοντα

1268 3531 1430 3577 ιασεν,
1510 3515 1577 3572 ὡς
1651 3511 1898 3583 μέλλοντα
2007 3513 2109 3578 vit,
2136 3517 2198 3568 ut
2226 3512 2329 3584 qui
2367 3510 2469 3566 ﬁlii
2497 3516 2664 3567 erant
2693 3510 2890 3567 futuri.

284 3606 547 3677 γενέσθαι.

366 3699 465 3747 Καὶ
493 3696 592 3767 γὰρ
623 3696 712 3745 καὶ
739 3694 764 3744 ό
797 3695 1027 3767 Χριστός
1065 3690 1305 3766 πρόϐατα
1341 3690 1501 3743 αὐτοῦ
1532 3698 1698 3743 ταῦτα
1736 3709 1899 3764 προσ-

2082 3692 2147 3745 Et
2171 3689 2279 3743 bas
2302 3687 2599 3761 siquidem
2649 3688 2907 3743 Christus
2946 3703 3088 3743 oves
3118 3702 3276 3750 suas,
3306 3685 3383 3741 ab
3414 3701 3483 3742 eo
3514 3685 3671 3759 quod

287 3787 572 3857 ηγόρευσεν
639 3780 739 3835 ἀπὸ
814 3789 907 3833 τοῦ
972 3780 1255 3854 μεἊλοντος.
1317 3786 1766 3856 Διεσκορπισμένα
1841 3778 1899 3833 δὲ

2051 3786 2275 3835 iturum
2300 3784 2444 3845 erat,
2468 3777 2807 3849 appellavit.
2849 3777 3157 3849 Dispersas
3179 3782 3379 3832 autem
3412 3775 3493 3831 ob
3508 3777 3673 3833 varia

287 3882 399 3936 τοῖς
472 3871 747 3945 διαφόροις
812 3876 930 3944 περὶ
981 3880 1115 3925 Θεοῦ
1166 3868 1420 3945 δόγμασι,
1480 3874 1627 3945 παρά
1703 3876 1761 3923 τό
1824 3874 1895 3942 μὴ

2056 3884 2085 3923 e
2111 3871 2227 3924 Deo
2252 3868 2555 3937 dogmata,
2576 3883 2646 3922 eo
2664 3866 2828 3938 quod
2846 3866 3074 3922 bonum
3105 3882 3225 3921 non
3239 3864 3528 3921 baberent
3550 3883 3673 3937 pas-

286 3966 432 4035 ἔχειν
463 3966 682 4032 ποιμένα
735 3960 889 4013 καλόν
924 3978 935 3989 ·
998 3961 1264 4033 συναγάγῃ
1316 3956 1374 4012 δὲ
1418 3960 1489 4020 εἰς
1534 3959 1582 4012 ἓν
1640 3964 1898 4031 ποίμνιον,

2050 3972 2222 4011 )rem.
2271 3957 2671 4025 Congregaret
2701 3956 2759 4010 in
2792 3970 2982 4009 unum
3014 3970 3274 4025 gregem,
3306 3954 3364 4008 in
3393 3969 3575 4009 unam
3609 3954 3672 4009 ti-

290 4051 367 4114 εἰς
422 4056 544 4124 μίαν
596 4055 799 4104 πίστιν.
835 4051 901 4102 Οἱ
955 4047 1014 4101 δε
1067 4048 1241 4101 λοιποὶ
1302 4050 1407 4120 οὐχ
1464 4051 1528 4109 ὡς
1584 4052 1900 4122 προφητείαν

2053 4063 2170 4103 em.
2204 4044 2398 4100 Casteri
2432 4060 2571 4101 vero
2611 4060 2731 4100 non
2761 4044 2935 4116 quasi
2970 4043 3332 4108 vaticinium,
3375 4042 3478 4097 sed
3502 4043 3672 4114 quasi

291 4140 401 4193 ἀλλ’
457 4144 521 4202 ὡς
578 4138 877 4213 συμϐουλὴν
940 4142 1027 4190 τόν
1094 4138 1245 4209 λόγον
1325 4134 1594 4210 δεξάμενοι
1655 4144 1902 4211 κυροῦσιν

2054 4135 2331 4192 onsilium
2388 4134 2802 4206 suscipientes,
2866 4132 3166 4205 suffragiis
3213 4132 3359 4187 illud
3407 4148 3676 4203 compro-

292 4229 471 4284 αὐτόν.

2014 4226 2181 4282 bant.

370 4319 485 4371 Ἀπ’
521 4351 587 4360 -
618 4318 794 4373 αὐτόν.
831 4322 932 4371 Καὶ
962 4322 1063 4390 μὴν
1108 4321 1198 4369 xui
1226 4320 1469 4391 πρότερον
1500 4316 1716 4377 ἐζήτουν
1749 4316 1903 4369 αὐτὸν

2088 4316 2257 4372 Vers.
2288 4314 2373 4370 53.
2410 4313 2498 4369 Ab
2530 4329 2765 4370 —eum.
2791 4312 2965 4385 Atqui
2991 4312 3171 4367 etiam
3188 4311 3351 4383 prius
3380 4310 3545 4366 illum
3575 4327 3675 4367 oc-

295 4409 621 4479 ἀποκτεῖναι,
660 4411 729 4471 ὡς
781 4413 1109 4483 προείρηται·
1154 4406 1283 4459 ἀλλά
1310 4414 1398 4459 νῦν
1451 4410 1579 4479 μετὰ
1610 4405 1905 4479 συμϐουλῆς

2056 4404 2208 4460 idere
2239 4404 2573 4469 tentabant,
2602 4408 2664 4459 ut
2694 4403 3045 4475 praedictum
3079 4406 3183 4468 est,
3218 4401 3321 4456 sed
3349 4417 3507 4456 nunc
3539 4416 3678 4457 cum

292 4503 388 4551 xui
420 4497 644 4569 σκέψεως
692 4495 957 4570 ἐκύρωσαν
1008 4501 1100 4555 τὴν
1138 4502 1367 4569 γνώμην
1419 4503 1507 4547 νῦν
1564 4498 1693 4569 μετά
1732 4498 1907 4558 πάσης

2052 4493 2265 4551 cnsilio
2288 4500 2342 4550 et
2372 4492 2799 4549 deliberatione
2856 4492 3213 4548 sententiam
3245 4490 3631 4547 decreverunt
3660 4507 3674 4555 ;

296 4591 597 4664 προθυμίας
624 4592 714 4642 καὶ
747 4584 988 4650 σπουδῆς
1020 4586 1387 4661 ἐπεχείρησαν.

2064 4599 2180 4639 unc
2200 4599 2340 4638 cum
2362 4582 2529 4638 omni
2560 4581 2744 4638 animi
2779 4580 3243 4654 promptitudine
3271 4584 3328 4635 et
3350 4580 3545 4636 studio
3572 4594 3681 4636 an-

2017 4673 2127 4729 nisi
2158 4677 2314 4728 sunt.

375 4769 583 4832 Ἰησοῦς
644 4798 713 4812 —
766 4768 949 4825 αὐτοῦ.
1022 4766 1212 4821 Οὐκέτι
1292 4775 1517 4841 φανερῶς
1592 4768 1906 4840 περιεπάτει,

2090 4764 2248 4818 Vers.
2282 4764 2372 4818 53.
2395 4764 2564 4818 Jesus
2595 4791 2663 4801 —
2697 4762 2841 4819 suis.
2874 4763 3006 4817 Jam
3050 4775 3171 4816 non
3217 4758 3529 4815 manifeste
3552 4775 3679 4814 am-

301 4858 433 4912 ἀλλά
488 4858 714 4919 ἀπῆλθεν
774 4857 839 4918 εἰς
897 4860 991 4915 τὴν
1038 4861 1221 4931 χώραν
1261 4861 1355 4914 τήν
1386 4854 1533 4928 ἐγγὺς
1561 4862 1650 4915 τῆς
1689 4854 1906 4929 ἐρήμου,

2063 4852 2286 4919 ulabat,
2321 4852 2425 4907 sed
2453 4851 2599 4908 abiit
2622 4850 2682 4906 in
2708 4851 3035 4921 regionem,
3068 4866 3205 4923 quas
3231 4850 3463 4905 deserto
3490 4848 3683 4905 vicina

300 4953 465 5021 ἤγουν
522 4948 591 5011 εἰς
666 4947 812 5001 πόλιν
889 4946 1111 5021 Ἐφραὶμ
1348 4944 1730 5018 ὀνομαζομένην
1805 4947 1907 4998 ἀπὸ

2062 4947 2164 5009 rat,
2237 4940 2506 4996 videlicet
2596 4940 2655 4995 in
2762 4939 3061 4995 civitatem
3156 4954 3292 5010 qua:
3374 4937 3684 4992 dicebatur

304 5045 397 5092 τοῦ
448 5038 723 5115 φυλάρχου
773 5036 1017 5111 Ἐφραίμ.
1051 5036 1410 5112 ’Δνθρωπίνως
1452 5038 1553 5111 γὰρ
1606 5035 1765 5096 σώζει
1795 5035 1910 5089 ἑαυ-

2060 5032 2305 5106 ρὶιταὶω
2338 5047 2376 5088 a
2402 5029 2672 5105 principe
2702 5029 2887 5087 tribus
2907 5028 3206 5102 Ephraim.
3233 5029 3381 5083 Nam
3411 5026 3682 5083 humano

380 5165 428 5203 "
452 5165 650 5225 Matth.
682 5182 778 5235 xv,
809 5166 899 5224 24.
975 5161 1023 5200 ³³
1051 5161 1197 5221 ibid.
1275 5162 1323 5198 ³ο
1354 5161 1528 5221 Joan.
1556 5176 1612 5227 ι,
1646 5162 1735 5218 15.

1425 5312 1653 5383 VariaI
1687 5310 2016 5381 lectiones
2057 5319 2123 5381 et
2142 5320 2343 5380 notae.

528 5487 912 5563 Συμϐουλευταὶ
952 5479 1109 5548 ἦσαν.

2094 5481 2206 5563 (ξῼ)
2235 5480 2464 5563 Inclusa
2496 5479 2718 5563 absunt
2745 5482 2812 5537 A.

454 5555 486 5633 )’
506 5555 741 5620 Inclusa
774 5562 988 5618 absunt
1008 5565 1051 5615 A
1066 5603 1082 5620 .

1008 5565 1051 5615 A
1066 5603 1082 5620 .
2096 5555 2209 5627 (50)
2238 5555 2529 5625 Ληομένην
2562 5558 2601 5605 Δ
2616 5594 2629 5610 .

384 5686 512 5763 (dd)
541 5686 685 5745 Cum
707 5680 771 5743 in
800 5684 945 5759 legis
975 5685 1499 5758 transgressionem
1532 5682 1930 5756 impegissent.
1969 5684 2117 5741 Cum
2147 5681 2226 5739 ad
2252 5677 2398 5751 legis
2433 5671 2941 5750 transgressiones
2970 5670 3395 5736 declinassent.

607 5787 827 5843 ΡΑτῆοι
863 5786 963 5845 Gn.
1007 5784 1223 5843 CXXIX
1236 5830 1249 5846 .
3335 5775 3405 5831 43
