4108 6436
516 348 655 415 1355

1870 335 2220 409 EUTHYMII
2260 340 2595 415 ZIGABENl

3758 350 3890 412 i356

513 501 679 542 more
711 483 975 555 seipsum
1004 481 1299 546 servabat,
1333 481 1479 536 dum
1536 479 1731 535 adhuc
1782 486 2018 550 tempus
2074 495 2153 535 ex!

2285 485 2372 534 τὸν
2431 482 2689 555 ἀναμένων
2732 485 2807 535 ἔτι
2836 486 2921 535 τὸν
2954 488 3150 560 καιρόν.
3215 491 3327 545 Πῶς
3382 491 3471 536 οὖν
3516 488 3610 537 οῖει
3665 483 3889 559 θορυϐεῖ-

512 579 823 648 spectaret.
896 572 1210 637 Quomodo
1281 585 1424 639 ergo
1489 576 1692 641 putas,
1775 568 2174 625 turbabantur

510 663 786 736 discipuli
816 660 1087 717 videntes
1133 659 1299 715 illum
1353 660 1620 714 humano
1666 673 1831 714 more
1886 674 2017 713 sese
2049 674 2170 714 ser-

635 759 753 808 tem
781 750 809 806 ?

509 772 547 810 ν
592 771 753 809 mem
784 771 808 806 ἴ

552 771 745 898 aVers.
772 842 860 895 55.
898 838 1163 895 Instabat
1193 866 1263 881 —
1286 836 1538 894 Pascha.
1574 838 1654 893 De
1679 836 1921 907 regione
1977 836 2170 894 Hiero-

506 933 888 1006 solymorum.

582 1023 740 1077 Vers.
790 1024 855 1075 55
886 1019 985 1075 .Ut
1010 1017 1408 1087 puriﬁcarent
1455 1032 1533 1074 se.
1568 1014 1909 1072 Secundum
1949 1014 2163 1086 legem.

542 1100 746 1166 'Vers.
781 1113 865 1165 56.
905 1108 1249 1175 Qucerebant
1298 1137 1367 1148 —
1402 1107 1623 1175 festum
1654 1106 1681 1161 ?
1709 1104 1957 1160 Pulchra
2000 1105 2167 1176 puri-

503 1201 701 1257 ﬁcatio
715 1215 851 1255 cum
865 1197 1098 1253 insidiis
1113 1195 1253 1252 etad
1267 1196 1658 1252 homicidium
1673 1194 2161 1267 promptitudine.

504 1290 748 1346 Festum
794 1289 991 1360 itaque
1044 1290 1550 1343 commutaverunt
1578 1286 1639 1341 in
1700 1284 1855 1340 illius
1901 1282 2166 1340 venatio-

503 1396 664 1437 nem.

540 1462 735 1524 'Vers.
766 1472 852 1523 57.
888 1467 1186 1523 Dederant
1215 1497 1283 1507 —
1336 1480 1486 1522 eum.
1531 1463 1964 1520 Admirandum
2019 1479 2163 1536 pon-

504 1558 726 1614 tiﬁcum
752 1555 1423 1630 praeceptum,proditio
1455 1553 1533 1609 ad
1577 1560 1848 1610 mortem.
1895 1557 1938 1609 0
1986 1553 2163 1609 scele-

502 1653 649 1717 stos,
678 1647 898 1720 quibus
931 1645 1267 1717 primordiis
1305 1644 1523 1699 festum
1574 1643 1905 1699 honorant!
1942 1642 2162 1713 quibus

501 1738 721 1794 animis
747 1736 975 1792 caedem
1002 1734 1363 1806 spirantibus
1390 1732 1737 1789 celebraturi
1772 1736 1909 1788 sunt
1943 1733 1953 1784 ι

574 1830 694 1898 Cap
732 1827 850 1881 XII.
905 1825 1121 1879 VersA.
1178 1823 1346 1880 Jesus
1401 1838 1550 1893 ergo.
1610 1854 1678 1863 —
1746 1825 1912 1878 Vers.
1966 1822 2018 1876 :2.
2072 1837 2158 1879 eo.
2194 1847 2237 1901 Β

498 1919 629 1989 Ipse
657 1916 901 1989 quidem
934 1930 1003 1970 eo
1029 1914 1203 1979 venit,
1228 1913 1514 1985 paulatim
1550 1912 2021 1983 Hierosolymam
2055 1928 2156 1984 ap-

498 2007 935 2079 propinquans,
964 2003 1252 2074 cumjam
1298 2019 1421 2059 suae
1461 2002 1757 2074 passionis
1791 2008 2019 2073 tempus
2068 2002 2159 2057 in-

497 2099 677 2150 staret
707 2111 720 2149 :
757 2092 938 2148 simul
969 2098 1171 2147 autem
1199 2098 1262 2147 ut
1285 2092 1570 2163 discipuli
1635 2094 1943 2160 Lazarum,
1976 2092 2077 2162 qui
2121 2107 2156 2146 a

494 2185 744 2240 mortuis
769 2188 1123 2243 surrexerat,
1148 2181 1483 2252 epulantem
1508 2182 1880 2252 inspicerent.
1910 2184 2153 2236 Sorores

493 2289 636 2328 vero
678 2288 912 2327 ccenam
947 2272 995 2326 ei
1020 2274 1402 2343 paraverunt,
1445 2274 1739 2341 tanquam
1780 2269 2069 2340 magistro
2098 2274 2156 2325 et

494 2362 854 2419 benefactori
886 2377 1122 2415 summo
1153 2376 1222 2415 ac
1248 2359 1381 2431 plus
1409 2375 1585 2432 quam
1612 2359 1863 2414 homini.

530 2453 680 2507 CAP.
717 2452 826 2505 XlI.
856 2450 938 2505 De
967 2465 1035 2506 ea
1064 2464 1198 2520 qua:
1230 2450 1405 2505 unxit
1444 2448 1763 2504 Dominum
1798 2454 2112 2517 unguento.

562 2541 730 2597 Vers.
765 2544 814 2595 3.
844 2540 1043 2595 Maria
1068 2554 1200 2610 ergo
1228 2570 1285 2580 —
1307 2539 1597 2607 pretiosae.
1624 2537 1875 2601 Plsticae,
1900 2538 2014 2591 hoc
2040 2542 2148 2602 est,

491 2646 679 2705 purae,
702 2636 758 2685 et
782 2628 859 2684 ad
890 2628 1208 2699 puritatem
1240 2643 1309 2683 ac
1324 2627 1677 2682 munditiem
1693 2627 1976 2682 ordinatae
2007 2643 2017 2682 :
2054 2632 2153 2682 aut

491 2721 674 2776 etiam
710 2716 1031 2790 appellatio
1062 2717 1335 2789 quaedam
1369 2721 1456 2771 est
1484 2715 1613 2772 haec
1642 2716 1949 2785 unguenti.

561 2811 727 2865 Vers.
747 2814 798 2865 3.
830 2808 1012 2865 Unarit
1028 2808 1206 2877 pedes
1231 2807 1745 2878 Jesus.Tanquam
1768 2805 2003 2861 Domini
2037 2805 2147 2871 sui,

488 2905 775 2972 tanquam
817 2897 937 2952 Dei.

560 2989 725 3045 Vers.
753 2987 812 3044 3.
849 2988 925 3043 Et
973 3018 1041 3027 —
1068 2988 1215 3056 ejus.
1258 2984 1587 3041 Ostendens
1651 2985 2148 3054 magnitudinem,

488 3095 612 3152 qua
643 3094 778 3133 eum
802 3076 1298 3149 prosequebatur,
1338 3074 1680 3131 reverentiae
1712 3090 1783 3129 ac
1813 3074 1968 3130 ﬁdei.
2003 3077 2149 3145 Lege

488 3184 728 3240 quoque
752 3166 1196 3237 sexagesimum
1252 3164 1585 3219 secundum
1636 3168 1818 3235 caput
1851 3164 2147 3234 Evangelii

490 3257 817 3313 secundum
864 3254 1218 3321 Matthteum,
1273 3253 1441 3325 quod
1492 3254 1672 3310 etiam
1723 3253 1798 3309 ad
1844 3254 2151 3324 praesentia

489 3347 794 3403 conducit.

560 3435 722 3491 Vers.
756 3434 810 3490 3.
840 3435 1055 3489 Domus
1083 3438 1278 3489 autem
1303 3462 1367 3473 -—
1394 3432 1706 3502 unguenti.
1728 3433 1876 3487 Nam
1897 3437 1951 3487 et
1981 3446 2153 3487 mun-

487 3525 602 3581 dus
629 3525 799 3581 suavi
830 3522 1041 3578 Christi
1079 3522 1221 3576 Jesu
1250 3520 1435 3576 odore
1459 3521 1802 3593 implendus
1833 3529 1978 3577 erat.

866 3611 1019 3667 CAP.
1054 3612 1190 3666 Xlll.
1244 3611 1319 3667 De
1365 3611 1556 3667 verbis
1582 3612 1773 3667 Judw.

558 3703 724 3759 Vers.
748 3704 800 3758 4.
835 3702 988 3758 Dicit
1011 3732 1081 3740 —-—
1114 3700 1277 3756 Vers.
1309 3704 1360 3756 6.
1406 3700 1707 3769 portabat.
1755 3700 1834 3756 De
1885 3700 2001 3756 hoc
2028 3716 2153 3757 ma-

490 3791 704 3849 nifeste
743 3791 963 3847 dictum
991 3794 1077 3845 est
1115 3789 1404 3862 praedicto
1432 3789 1644 3860 capite,
1692 3789 1794 3844 ubi
1848 3789 2103 3845 habetur
2137 3805 2149 3842 :

484 3883 677 3938 Amen
703 3880 833 3936 dico
860 3879 1043 3944 vobis,
1078 3877 1811 3949 ubicunquepraedicatum
1834 3878 2021 3947 fuerit
2045 3879 2155 3935 hoc

485 3970 891 4041 Evangelium,
911 3970 973 4024 in
993 3975 1112 4024 toto
1135 3969 1376 4035 mundo,
1400 3968 1627 4024 dicetur
1642 3974 1691 4023 et
1703 3968 1857 4039 quod
1869 3969 1993 4024 haec
2014 3970 2155 4041 fecit

484 4064 549 4118 in
575 4062 915 4117 memoriam
940 4061 1065 4129 ejus
1098 4060 1142 4095 ³¹
1180 4075 1192 4115 :
1228 4064 1285 4115 et
1313 4074 1522 4115 eorum
1572 4062 1758 4115 totam
1808 4074 2012 4130 quaere
2066 4059 2154 4115 in-

488 4150 987 4223 terpretationem.

554 4334 681 4388 Non
729 4334 929 4385 autem
976 4328 1171 4398 arguit
1203 4326 1472 4382 Christus
1525 4326 1697 4383 Judte
1749 4327 2145 4400 propositum,

482 4436 708 4492 magna
747 4416 1063 4475 clementia
1110 4417 1303 4473 nitens
1325 4432 1464 4472 eum
1495 4420 1855 4473 convertere.
1900 4417 2143 4483 Verum,

482 4508 791 4584 quomodo
818 4507 1215 4579 sciensipsum
1237 4506 1448 4569 furem,
1477 4506 2005 4577 permisitomnino
2028 4522 2145 4563 ser-

480 4614 622 4655 vare
653 4597 1070 4669 marsupium?
1103 4596 1343 4667 Propter
1372 4594 1527 4649 illius
1558 4594 2052 4662 imbecillitatem,
2080 4603 2143 4652 ut

479 4688 618 4744 inde
650 4702 823 4743 suam
844 4687 1055 4743 fovens
1086 4684 1417 4751 avaritiam,
1443 4684 1522 4740 ob
1550 4700 1682 4741 eam
1706 4701 1826 4741 non
1858 4685 2142 4741 incideret

476 4779 536 4834 in
559 4776 941 4848 praeceptoris
974 4774 1423 4847 proditionem.

549 4868 709 4922 Vers.
744 4872 795 4921 7.
831 4866 930 4920 Ait
961 4896 1029 4904 —
1082 4863 1261 4917 istud.
1315 4863 1377 4917 In
1427 4863 1577 4918 diem
1640 4864 1957 4936 sepulturas
1990 4881 2138 4921 meae

476 4956 704 5013 servavi
775 4958 1172 5026 unguentum.
1229 4952 1352 5007 sive
1401 4953 1460 5007 in
1531 4958 1767 5025 tempus
1821 4955 2137 5026 sepulturae

476 5063 647 5112 meae,
690 5051 979 5117 tanquam
1011 5042 1329 5097 vaticinata
1386 5042 1789 5114 propinquam
1821 5060 1949 5100 esse
1982 5060 2135 5101 mor-

473 5141 595 5192 tem
628 5150 861 5191 meam“
892 5132 1013 5188 Hoc
1057 5137 1248 5187 autem
1299 5130 1533 5203 planius
1591 5133 1829 5204 scripsit
1881 5135 2130 5201 Marcus,

475 5225 642 5300 quod
702 5229 759 5281 et
814 5223 891 5281 de
956 5220 1074 5279 alia
1120 5219 1368 5278 muliere
1416 5221 1642 5279 dictum
1682 5226 1792 5281 est.
1833 5224 1927 5280 Ait
1973 5223 2133 5282 enim

549 5381 591 5416 η
626 5376 825 5437 Matth.
848 5393 1007 5443 τινι,
1048 5377 1135 5435 13.

2288 574 2411 623 σθαι
2464 577 2583 635 τοὺς
2641 575 2883 645 μαθητὰς
2934 575 3157 647 ὁρῶντας
3213 575 3366 626 αὐτὸν
3416 572 3746 649 ἀνθρωπίνως
3789 593 3891 624 σω-

2286 662 2496 734 ζόμενον
2528 679 2541 728 ;

2352 838 2447 891 Ἠν
2498 835 2557 890 δὲ
2583 838 2736 911 ἐγγὺς
2783 871 2844 881 -—-
2898 848 2989 893 τοῦ
3041 843 3260 912 Πάσχα.
3313 841 3401 893 Ἐκ
3447 848 3535 899 τῆς
3574 844 3757 915 χώρας
3787 847 3885 891 τῶν

2277 925 2311 980 'l
2320 928 2663 1000 εροσολύμων.

2346 1017 2449 1071 Ἰνα
2476 1018 2764 1088 ἁγνίσωσιν
2791 1018 3021 1081 ἑαυτούς.
3060 1022 3207 1073 Κατὰ
3230 1023 3315 1071 τὸν
3344 1024 3520 1090 νόμον.

2346 1107 2599 1167 Ἐζήτουν
2626 1139 2695 1148 --
2725 1108 2895 1180 ἑορτήν
2931 1126 2943 1175 ;
2972 1109 3137 1171 Καλὸς
3178 1110 3431 1181 ἁγνισμὸς
3454 1110 3587 1181 μετά
3606 1107 3882 1170 ἐπιϐουλῆς

2274 1200 2363 1247 καὶ
2393 1200 2742 1271 προαιρέσεως
2795 1203 3090 1271 μιαιφόνου.
3120 1204 3223 1257 Τὴν
3287 1199 3468 1273 ἑορτὴν
3510 1195 3596 1250 οὖν
3620 1197 3881 1250 ἐποιοῦντο

2278 1287 2533 1359 θήρατρον
2573 1286 2750 1342 αὐτοῦ.

2346 1462 2669 1518 Δεδώκεισαν
2712 1496 2775 1507 -
2827 1466 3001 1519 αὐτόν.
3034 1471 3331 1539 Θαυμαστή
3375 1474 3476 1517 τῶν
3521 1464 3808 1541 ἀρχιερέων
3848 1468 3876 1523 ἡ

2274 1554 2469 1621 ἐντολὴ,
2513 1552 2779 1628 προδοσία
2818 1556 2901 1609 ἐπὶ
2937 1559 3157 1628 Θανάτῳ.
3192 1556 3260 1609 Ὠ
3284 1565 3382 1609 τῶν
3424 1555 3645 1609 ἀνοσίων
3681 1556 3694 1612 Ξ
3754 1558 3882 1617 οἱοις

2272 1648 2361 1716 μὲν
2393 1650 2686 1719 προοιμίοις
2733 1654 2929 1717 τιμῶσι
2958 1652 3049 1704 τὴν
3090 1645 3306 1720 ἑορτὴνῑ
3352 1648 3488 1707 οἱαις
3539 1642 3597 1698 δὲ
3653 1645 3878 1717 ψυχαῖς,

2273 1738 2425 1804 φόνου
2448 1738 2741 1801 πνεούσαις,
2777 1735 3037 1810 ἑορτάζειν
3067 1734 3341 1807 μέλλουσιν
3373 1734 3384 1787 Ξ

2341 1823 2398 1875 Ὀ
2452 1820 2539 1876 οὖν
2592 1824 2792 1884 Ἰησοῦς
2835 1857 2903 1865 -
2958 1825 3117 1896 αὐτῷ.
3170 1824 3333 1886 Αύτὸς
3385 1827 3473 1896 μὲν
3561 1820 3708 1881 ἦλθεν
3755 1822 3875 1889 ἐκεῖ,

2270 1913 2574 1973 πλησιάζων
2644 1917 2778 1965 κατὰ
2848 1918 3033 1989 μικρὸν
3106 1922 3209 1974 τοίς
3269 1913 3666 1988 Ἰεροσολύμοις,
3742 1912 3879 1984 ἐγγί-

2270 2002 2445 2063 ζοντος
2500 1999 2607 2061 ἤδη
2645 2011 2734 2055 τοῦ
2778 2012 2963 2076 καιροῦ
3156 2011 3248 2056 τοῦ
3298 2005 3494 2063 πάθους
3538 2002 3717 2054 αὐτοῦ·
3768 2003 3879 2075 ἅμα

2268 2090 2327 2144 δέ
2382 2094 2464 2143 ἱνα
2685 2095 2732 2144 οἱ
2789 2096 3023 2164 μαθηταὶ
3079 2095 3367 2145 θεάσωνται
3434 2096 3519 2144 τὸν
3570 2092 3625 2143 ἐκ
3685 2102 3875 2165 νεκρῶν

2264 2180 2559 2235 ἀναστάντα
2616 2183 2858 2257 Λάζαρον
2917 2182 3172 2235 ἐσθίοντα.
3226 2185 3290 2236 Αἰ
3320 2179 3541 2254 ἀδελφαὶ
3589 2178 3647 2234 δὲ
3692 2181 3876 2239 ἐποίη-

2268 2291 2361 2322 σαν
2401 2272 2540 2341 αύτῷ
2598 2268 2824 2341 δεῖπνον,
2872 2275 2938 2333 ως
2997 2268 3309 2342 διδασκάλῳ
3361 2277 3450 2323 καὶ
3506 2270 3742 2344 εὐεργέτῃ
3786 2277 3875 2324 καὶ

2265 2362 2391 2432 ὑπέρ
2423 2362 2711 2433 ἄνθρωπον.

2360 2456 2503 2503 ΚΕΦ.
2540 2449 2634 2503 ΙΒ’.
2672 2454 2794 2524 Περὶ
2824 2459 2914 2510 τῆς
2947 2448 3238 2521 ἀλειψάσης
3265 2453 3351 2502 τὸν
3385 2453 3574 2525 Κύριον
3605 2453 3775 2525 μύρῳ,

2334 2544 2391 2590 Ἡ
2418 2536 2505 2590 οὖν
2537 2544 2718 2612 Μαρία
2746 2571 2814 2580 -
2840 2539 3149 2612 πολυτίμου.
3185 2546 3460 2604 Πιστικῦς,
3501 2544 3618 2597 ἦτοι
3642 2538 3873 2613 ἀκράτου

2263 2632 2352 2679 καὶ
2382 2634 2926 2701 καταπεπιστευμένης
2980 2629 3046 2689 εἰς
3089 2631 3443 2703 καθαρότητα·
3498 2630 3526 2687 ἦ
3583 2634 3671 2682 καὶ
3706 2649 3876 2704 προσ-

2264 2722 2458 2789 ηγορία
2485 2738 2561 2780 τις
2590 2714 2651 2776 ἧν
2679 2726 2831 2770 τοῦτο
2862 2721 3049 2793 μύρου.

2334 2806 2546 2878 Ἦλειψε
2574 2812 2695 2870 τούς
2722 2804 2893 2869 πόδας
2923 2816 3013 2860 τοῦ
3046 2808 3250 2863 Ἰησοῦ.
3291 2808 3373 2869 Ὠς
3399 2813 3659 2862 Δεσπότου
3688 2809 3870 2877 αὐτῆς,

2262 2899 2326 2958 ὡς
2357 2903 2501 2951 Θεοῦ.

2336 2992 2435 3039 Καὶ
2487 3018 2557 3028 -
2605 2988 2784 3043 αὑτοῦ.
2831 2984 3219 3059 Ἐνδεικνυμένη
3272 2990 3330 3040 τὸ
3388 2991 3602 3061 μέγεθος
3650 2997 3741 3049 τῆς
3800 2990 3873 3053 εἰς

2262 3076 2417 3128 αὐτὸν
2465 3084 2623 3146 τιμῆς
2666 3082 2755 3128 καὶ
2785 3082 3032 3137 πίστεως.
3066 3076 3381 3150 [Ἀνάγνωθι
3432 3078 3547 3149 (53)
3600 3075 3659 3131 δὲ
3688 3084 3775 3131 καὶ
3810 3085 3867 3132 τὸ

2262 3166 2541 3228 ἔξηκοστὸν
2595 3162 2833 3236 δεύτερον
2903 3166 3173 3239 κεφάλαιον
3235 3174 3327 3219 τοῦ
3385 3171 3519 3219 κατά
3574 3171 3865 3235 Ματθαῐον,

2259 3264 2589 3328 χρησιμεὺον
2621 3256 2687 3316 εἰς
2723 3258 2789 3308 τὰ
2816 3255 3095 3329 παρόντα.]

2332 3434 2389 3487 Ἡ
2443 3432 2501 3488 δὲ
2557 3435 2695 3487 οἰκία
2742 3466 2811 3476 -
2859 3438 3048 3510 μύρου.
3084 3435 3295 3508 Ἔμελλε
3332 3439 3432 3511 ’γὰρ
3482 3442 3569 3491 καὶ
3617 3439 3643 3491 ὁ
3673 3459 3876 3511 κοσμος

2264 3524 2603 3599 πληρωθῆναι
2633 3534 2726 3587 τῆς
2757 3522 2976 3586 εὐωδίας
3002 3533 3093 3577 τοῦ
3123 3526 3320 3583 Ἰησοῦ.

2580 3622 2724 3668 ΚΕΦ.
2769 3615 2868 3667 II".
2905 3620 3028 3688 Περὶ
3055 3636 3120 3667 ων
3162 3613 3297 3668 εἶπεν
3336 3614 3558 3679 Ἰούδας.

2338 3708 2490 3775 Λέγει
2540 3735 2608 3744 —
2667 3703 2971 3765 ἐϐάσταζεν.
3024 3709 3244 3779 Εἴρηται
3292 3711 3411 3776 περὶ
3460 3711 3646 3761 τούτου
3699 3719 3881 3782 σαφῶς

2264 3793 2315 3845 ἐν
2368 3802 2440 3863 τῷ
2501 3790 2787 3851 δηλωθέντι
2841 3794 3118 3865 κεφαλαίῳ,
3154 3797 3273 3848 ἔνθα
3331 3805 3500 3849 κεῖται
3546 3800 3641 3849 τὸ·
3708 3797 3878 3869 Ἀμὴν

2262 3883 2394 3954 λέγω
2452 3885 2593 3955 ύμῖν,
2626 3885 2753 3935 ὅπου
2812 3882 2896 3935 ἐὰν
2949 3887 3198 3958 κηρυχθῇ
3246 3888 3303 3937 τὸ
3358 3886 3671 3958 Εύαγγέλιον
3697 3897 3875 3954 τοῦτο,

2265 3970 2312 4022 ἐν
2353 3972 2450 4043 ὅλῳ
2504 3980 2574 4042 τῷ
2626 3976 2830 4045 κόσμῳ,
2856 3972 3211 4032 λαληθήσεται
3258 3995 3348 4027 και
3396 3975 3420 4028 ὃ
3466 3974 3705 4034 ἐποίησεν
3734 3979 3870 4035 αὕτη

2264 4062 2335 4122 εἷς
2363 4067 2693 4134 μνημόσυνον
2723 4063 2885 4124 αὐτῆς
2914 4078 2927 4093 ·
2961 4068 3052 4116 καὶ
3085 4064 3319 4124 ζήτησον
3350 4071 3443 4125 τὴν
3469 4066 3589 4124 ὃλην
3616 4068 3871 4139 ἐξήγησιν

2262 4151 2440 4205 αὐτοῦ.

2334 4241 2466 4312 [Ούκ
2513 4241 2690 4313 ἤλεγξε
2735 4242 2846 4313 (54)
2905 4239 2963 4295 δὲ
3013 4245 3097 4295 τὸν
3130 4247 3323 4297 σκοπὸν
3353 4253 3442 4298 τοῦ
3470 4242 3649 4299 ’ἰούδα
3679 4249 3704 4299 ὁ
3733 4255 3872 4321 Χρι-

2260 4334 2403 4397 στὸς,
2459 4339 2521 4403 τῇ
2579 4332 2737 4404 πολλῇ
2797 4335 3133 4406 μακροθυμίᾳ
3189 4332 3503 4407 βουλόμενος
3556 4335 3869 4411 ἐπιστρέψαι

2256 4420 2431 4475 αὐτόν.
2495 4421 2649 4474 Ἀλλὰ
2701 4431 2831 4486 πῶς,
2893 4421 3178 4476 κλέπτοντα
3231 4425 3385 4476 αὐτὸν
3441 4421 3614 4494 εἰδὼς,
3674 4425 3875 4498 βαλαν-

2254 4511 2541 4583 τιοφύλακα
2581 4508 2710 4563 εἶναι
2755 4512 2909 4565 αύτόν
2942 4516 3084 4565 εἴασε
3115 4529 3127 4578 ;
3163 4516 3375 4574 Πάντως
3414 4511 3508 4567 διὰ
3564 4520 3658 4573 τὴν
3713 4515 3869 4570 ἀσθέο

2252 4619 2388 4652 νειαν
2455 4599 2672 4666 ἐκείνου,
2735 4602 2818 4652 ἶνα
2894 4607 2989 4659 τὴν
3048 4602 3389 4679 φιλαργυρίαν
3446 4607 3633 4658 ἐκεῖθεν
3690 4624 3870 4680 παρα-

2250 4692 2583 4762 μυθούμενος,
2614 4695 2686 4762 μὴ
2739 4687 2813 4742 δι’
2872 4691 3032 4750 αὐτὴν
3086 4691 3283 4765 ἐμπέσῃ
3328 4694 3394 4755 εἰς
3425 4690 3717 4767 προδοσίαν
3772 4704 3870 4748 τοῦ

2252 4775 2583 4832 διδασκάλου

2320 4864 2469 4922 Εἶπεν
2514 4900 2583 4908 -—
2632 4868 2779 4925 αὐτὸ.
2810 4869 2897 4931 Εἰς
2953 4873 3049 4929 τὴν
3101 4872 3298 4944 ἡμέραν
3360 4879 3451 4924 τοῦ
3502 4872 3859 4945 ἐνταφιασμοῦ

2248 4976 2347 5029 μου
2388 4957 2601 5029 ἐφύλαξε
2651 4960 2707 5009 τὸ
2761 4960 2944 5031 μύρον,
2992 4963 3150 5030 ἤγουν
3206 4961 3272 5020 εὶς
3320 4964 3405 5013 τὸν
3437 4965 3618 5036 καιρὸν
3644 4970 3734 5016 τοῦ
3776 4961 3857 5013 ἐν-

2244 5052 2546 5119 ταφιασμόῡ
2599 5067 2718 5119 μου,
2772 5050 2961 5101 ὡσανει
3027 5052 3433 5124 προφητεύουσα
3496 5056 3582 5104 τὸν
3628 5050 3862 5109 πλησιά-

2246 5136 2401 5197 ζοντά
2462 5156 2561 5209 μου
2619 5138 2856 5191 θάνατον.
2902 5145 3067 5191 Τοῦτο
3122 5135 3181 5191 δὲ
3242 5146 3581 5216 φανερώτερον
3632 5142 3657 5191 ὁ
3713 5144 3867 5215 Μάρ-

2242 5246 2327 5288 κος
2382 5225 2623 5300 ἔγραψεν,
2676 5227 2831 5303 ῥηθὲν
2886 5232 2975 5281 καὶ
3032 5232 3151 5303 περὶ
3206 5228 3303 5293 τῆς
3375 5230 3532 5293 ἄλλης
3587 5238 3867 5313 γυναικός.

1704 5528 1933 5599 Variae
1962 5529 2290 5601 lectiones
2322 5542 2387 5601 et
2418 5542 2619 5602 notae.

540 5702 623 5772 (51
663 5703 765 5755 Καί
794 5697 955 5757 addit
978 5701 1043 5757 Α.

536 5774 651 5856 (52)
680 5774 831 5831 Ante
856 5776 939 5826 ἵνα
967 5772 1134 5830 addit
1161 5775 1253 5826 καί
1282 5774 1346 5831 Α.

2310 5702 2426 5774 (53)
2451 5703 2692 5762 Inclusa
2721 5705 2943 5764 absunt
2983 5713 3044 5763 Α.

2310 5776 2423 5849 (54)
2451 5777 2684 5836 Inclusa
2709 5779 2931 5841 absunt
2953 5782 3052 5841 Α..
