4108 6402
231 359 367 428 135'?

1384 354 1753 423 COMMENT.
1798 365 1868 422 IN
1907 351 2259 424 JOANN'EM.
2302 398 2367 408 —
2410 362 2565 423 CAP.
2610 355 2734 425 xu‘.

3464 372 3602 428 1358

226 499 417 570 Εἱρηκε
442 496 544 569 γὰρ
576 494 654 547 ὅτι
686 491 942 567 Προελαϐε
967 496 1191 566 μυρίσαι
1229 510 1328 563 μου
1373 494 1431 544 τὸ
1465 500 1617 565 σῶμα
1645 493 1713 554 εἰς
1743 496 1829 545 τόν

1963 493 2254 560 9rawem't,
2275 496 2339 548 ut
2361 501 2611 564 ungeret
2630 509 2847 564 corpus
2870 509 3063 552 meum
3080 495 3141 550 in
3158 496 3600 567 sepulturam".

227 585 596 658 ἐνταφιασμόν.
638 582 785 643 Ἔθος
830 587 931 656 ⁴γὰρ
964 579 1024 641 ἦν
1056 584 1241 655 μύροις
1269 579 1588 653 ἐνταφιάζειν
1628 586 1694 634 τὰ
1734 588 1830 635 σεξ.-

226 695 370 748 ματα
414 678 540 747 πρός
570 676 629 725 τὸ
662 670 915 747 διαρκεῖν.

299 767 433 824 Τούς
481 766 824 835 πτωχοὺς-
886 764 1033 834 ἔχετε
1230 779 1240 790 ·
1282 758 1459 833 [Παρὰ
1495 760 1608 832 (56)
1650 758 1709 814 δὲ
1760 770 1832 833 τῷ

226 855 424 928 Μάρκῳ
466 856 639 928 εἴρηκε
695 867 706 880 ·

535 946 625 994 xui
718 943 838 993 ὅταν
926 940 1001 993 θέ)
1012 959 1121 1008 ητε,

229 1042 475 1091 ποιῆσαι.
523 1030 545 1105 ]
585 1031 749 1083 Εἰπὼν
801 1027 859 1082 δὲ
890 1032 970 1081 ὅτι
1023 1030 1143 1101 Ἐμὲ
1188 1024 1246 1080 δὲ
1300 1028 1358 1079 ού
1404 1030 1621 1081 πάντοτε
1662 1032 1830 1099 ἔχετε,

782 854 1007 903 Πάντοτε
1058 854 1177 911 τοὺς
1223 854 1468 921 πτωχούς
1522 852 1667 921 ἔχετε
1720 851 1831 922 μεθ’

229 943 446 1009 ἑαυτῶν,
535 946 625 994 xui
718 943 838 993 ὅταν
926 940 1121 1008 θέλητε,
1207 935 1436 991 δύνασθε
1523 940 1705 1000 αύτούς
1780 936 1832 992 εὖ

228 1125 526 1193 ὑπόμνησιν
576 1120 753 1182 αὐτοῖς
804 1117 999 1172 ἐνέϐαλε
1067 1127 1160 1179 τῆς
1233 1117 1338 1190 μετ’
1398 1117 1567 1189 ὀλίγον
1627 1128 1833 1190 σφαγῆς

229 1206 413 1264 αύτοῦ.

300 1303 474 1371 Ἔγνω
504 1331 571 1340 -—
628 1298 854 1357 Ἰησοῦν.
908 1302 1005 1351 Τόν
1072 1300 1161 1370 μὲν
1193 1299 1421 1371 Χριστόν
1462 1296 1669 1359 ἐξήτουν
1707 1295 1833 1349 ἁπο-

228 1396 449 1454 κτεῐναι,
478 1389 923 1462 προφασιζόμενοι
968 1390 1048 1440 ὅτι
1094 1386 1201 1439 λύει
1234 1390 1292 1438 τό
1321 1385 1603 1450 Σάϐϐατόν,
1636 1391 1725 1438 καὶ
1755 1388 1835 1439 ὅτι

228 1483 347 1532 ἴσον
378 1478 558 1531 ἑαυτὸν
602 1486 743 1531 ποιεῖ
772 1486 843 1549 τῷ
872 1486 1006 1548 Θεῷ,
1041 1482 1128 1528 καὶ
1159 1478 1238 1528 ὅτι
1268 1476 1446 1528 πολλοὶ
1494 1479 1834 1528 πιστεύουσιν

231 1570 300 1630 εἰς
331 1569 485 1621 αὐτόν
514 1586 525 1597 ·
562 1572 645 1620 τόν
677 1564 734 1620 δὲ
764 1568 1010 1639 Λάζαρον
1052 1562 1199 1618 (ituri
1233 1582 1245 1631 ;
1290 1562 1431 1617 διότι
1449 1563 1667 1625 ἀνέζησε
1702 1581 1714 1630 ;
1746 1570 1835 1617 καὶ

229 1666 378 1711 ποῖον
434 1658 668 1729 ἔγκλημα
722 1660 780 1709 τό
831 1656 1097 1716 αναξῆσαι
1156 1672 1170 1721 ;
1224 1657 1415 1713 Φθόνος
1471 1650 1556 1706 οὖν
1606 1658 1662 1705 τό
1711 1661 1832 1706 πᾶν.

229 1748 504 1820 Ἐφθόνουν
534 1750 637 1820 γὰρ
673 1747 731 1799 ού
754 1750 904 1819 μόνον
937 1754 1008 1797 τῶ
1040 1745 1407 1820 εύεργετοῡντι,
1459 1743 1585 1795 ἀλλὰ
1614 1748 1704 1795 καὶ
1733 1750 1837 1804 τοὶς

1940 583 2112 639 Moris
2135 582 2433 655 siquidem
2460 588 2585 639 erat
2608 600 2747 639 cum
2772 583 3091 653 unguentis
3121 584 3369 656 sepelire
3391 602 3601 660 corpo-

1939 687 2027 737 ra,
2072 674 2136 726 ut
2156 678 2669 728 conservarentur.

2013 763 2171 816 Vers.
2228 765 2278 816 8.
2339 764 2642 831 Pauperes
2690 796 2758 810 —
2795 762 3043 820 habetis.
3110 764 3286 836 Apud
3338 767 3599 824 Marcum

1941 865 2081 905 vero
2104 850 2254 906 dixit
2287 869 2297 907 :
2340 850 2580 921 Semper
2625 867 2920 921 pauperes
2949 852 3173 909 habetis
3222 854 3515 912 vobiscum
3545 862 3602 913 et

1942 953 2075 995 cum
2104 940 2429 1005 volueritis,
2456 941 2691 1010 potestis
2714 941 2837 997 illis
2857 941 3199 1011 benefacere
3239 947 3305 1000 ³³.
3340 944 3602 1001 Dicendo

1942 1033 2141 1084 autem
2186 1050 2199 1085 :
2230 1030 2326 1086 Me
2361 1046 2477 1086 non
2500 1046 2727 1100 semper
2757 1031 3001 1099 habetis,
3035 1033 3331 1102 suggessit
3364 1032 3474 1089 illis
3527 1035 3602 1091 de

1942 1119 2103 1174 ctede
2131 1134 2263 1185 sua,
2303 1135 2440 1192 quae
2473 1119 2654 1191 paulo
2681 1124 2816 1192 post
2843 1120 3045 1177 futura
3082 1126 3227 1177 erat.

2016 1298 2181 1355 Vers.
2202 1297 2256 1351 9.
2293 1298 2581 1370 Cognovit
2613 1329 2681 1337 ——
2726 1300 2885 1354 Vers.
2917 1300 2997 1354 tl.
3044 1300 3261 1356 Jesum.
3303 1300 3601 1359 Christum

1943 1386 2211 1442 occidere
2246 1386 2599 1459 quaerebant
2625 1392 2864 1460 sumpto
2894 1392 3193 1460 praetextu,
3226 1390 3385 1463 quod
3420 1392 3603 1449 solve-

1943 1480 2030 1531 ret
2063 1475 2397 1532 Sabbatum
2421 1481 2559 1533 etse
2587 1477 2707 1533 Deo
2734 1477 3031 1550 aequalem
3055 1478 3293 1546 faceret,
3318 1481 3605 1553 quodque

1944 1562 2113 1617 multi
2167 1562 2228 1618 in
2269 1579 2407 1619 eum
2461 1563 2789 1620 crederent.
2830 1565 3117 1622 Lazarum
3164 1582 3305 1624 vero
3361 1585 3549 1641 quare
3578 1570 3605 1625 Ὺ

1946 1668 2021 1707 an
2049 1652 2191 1724 quia
2212 1653 2505 1709 revixerat
2530 1653 2557 1709 ‘I
2572 1653 2737 1721 quod
2760 1670 2898 1725 ergo
2915 1655 3138 1712 crimen
3173 1662 3261 1713 est
3287 1658 3606 1715 revixisse?

1944 1741 2146 1813 Itaque
2161 1746 2280 1797 tota
2298 1758 2391 1797 res
2409 1748 2494 1797 est
2512 1742 2749 1798 invidia.
2771 1746 2919 1799 Nam
2938 1744 3280 1802 invidebant
3294 1762 3413 1803 non
3430 1748 3606 1806 bene-

231 1838 691 1911 εύεργετουμένοις.
738 1839 825 1887 Διὸ
883 1840 967 1887 xui
1043 1838 1128 1886 τὸν
1186 1838 1373 1905 τυφλὸν
1434 1832 1662 1895 ἐξέϐαλον
1718 1832 1830 1897 ἔξω,

1963 1830 2152 1886 "actori
2167 1835 2421 1895 tantum,
2446 1848 2655 1887 verum
2676 1833 2855 1887 etiam
2870 1832 3162 1889 beneﬁcio
3194 1834 3445 1892 affectis.
3468 1838 3606 1894 Ideo

230 1929 447 1978 καὶτὸν
511 1927 752 1997 Λάζαρον
813 1923 999 1976 ἀνελεῖν
1054 1921 1388 1995 βουλεύονται
1428 1940 1439 1951 ·
1500 1923 1659 1983 οὕτως
1700 1918 1832 1979 ἦσαν

231 2016 292 2068 ού
327 2017 562 2088 φθονεροὶ
618 2018 789 2087 μόνον,
847 2012 974 2065 ἀλλὰ
1020 2018 1109 2065 καὶ
1156 2019 1340 2083 ταχεῖς
1398 2012 1468 2072 εἰς
1501 2016 1702 2083 φόνους.
1749 2014 1834 2063 Διό

231 2110 323 2158 xui
356 2107 380 2156 6
409 2109 681 2177 προφήτης
712 2108 827 2177 περὶ
861 2102 1029 2154 αὐτῶν
1082 2105 1245 2173 ἔλεγεν
1280 2119 1291 2130 ⁸
1344 2102 1412 2155 Αἱ
1460 2108 1633 2174 χεῖρες
1669 2100 1835 2152 αύτῶν

234 2196 456 2267 αἵματος
492 2193 720 2267 πλήρεις.
748 2188 971 2245 "Eduxit;
1012 2188 1069 2243 δὲ
1101 2191 1290 2252 αύτούς
1319 2196 1407 2242 καὶ
1434 2195 1514 2258 τὸ,
1548 2198 1634 2250 τῆς
1658 2190 1838 2262 ἑορτῆς

234 2283 573 2355 ἐγγιζούσης,
623 2282 781 2335 πολὺν
836 2281 994 2352 ὄχλον
1041 2280 1242 2353 ἀφεῖναι
1288 2283 1483 2337 ταύτην
1514 2284 1602 2331 καὶ
1632 2283 1836 2353 τρέχειν

232 2376 361 2446 πρὸς
391 2373 564 2426 αύτόν.

305 2465 380 2535 Τῇ
416 2461 659 2534 ἐπαύριον
712 2491 782 2503 -
832 2460 992 2531 αύτῷ.
1043 2459 1154 2513 Ἰνα
1192 2464 1262 2532 μὴ
1308 2456 1379 2512 δι’
1433 2459 1589 2510 αὑτὸν
1621 2456 1838 2510 ἁνελωσι

233 2555 323 2605 τὸν
356 2553 621 2625 Λάζαρον,
646 2553 857 2624 ἔρχεται
882 2554 1013 2623 πρὸς
1031 2552 1095 2601 τὰ
1121 2548 1455 2622 Ἱεροσόλυμα
1483 2569 1494 2580 ·
1529 2548 1640 2620 ἅμα
1669 2544 1726 2600 ὁδε
1758 2549 1840 2599 ἵνα

234 2646 327 2693 xui
357 2642 382 2693 ό
406 2640 565 2713 ὀχλος
595 2643 725 2713 μετὰ
747 2648 844 2692 τῶν
878 2637 1043 2712 βαΐων
1074 2640 1348 2710 ύπαντήση
1370 2638 1530 2703 αὐτῷ,
1563 2642 1652 2689 καὶ
1682 2656 1837 2688 κατα-

233 2731 507 2803 πλαγῶσιν
558 2732 606 2782 οἱ
645 2729 1075 2793 ἐπιϐουλεύοντες,
1135 2733 1225 2780 καὶ
1266 2725 1537 2785 δυνηθῶσι
1590 2731 1835 2779 συνιέναι.

235 2819 456 2873 ’Έλαϐον
484 2815 543 2872 δὲ
580 2822 645 2871 τὰ
679 2817 811 2892 βάῑα
844 2817 1099 2890 σύμϐολον
1148 2822 1260 2876 νίκη
1274 2837 1313 2883 ς,
1346 2820 1546 2877 τούτοις
1590 2816 1744 2868 αὑτὸν
1770 2819 1839 2878 ὡς

234 2914 453 2969 νικητήν
481 2917 570 2962 τοῦ
599 2910 819 2961 θανάτου
850 2912 1193 2982 γεραίροντες.

311 3094 413 3143 Καὶ
453 3118 522 3130 —
558 3086 795 3161 Ἰσραήλ.
853 3093 1018 3140 Τοῦτο
1076 3084 1307 3157 μάλιστα
1354 3086 1480 3146 τούς
1545 3080 1839 3144 Ἰουδαίους

236 3178 507 3251 ἁπέπνιγε,
564 3182 622 3230 τὸ
675 3178 955 3235 πεισθῆναι
1028 3179 1111 3228 τὸν
1179 3174 1335 3246 ὄχλον
1390 3176 1468 3226 ὅτι
1551 3172 1650 3226 ἀπὸ
1706 3181 1838 3227 Θεοῦ

238 3271 473 3345 ἔρχεται.
530 3271 768 3324 Ζήτησον
819 3261 878 3317 δὲ
935 3263 983 3316 ἐν
1032 3272 1105 3334 τῷ
1156 3270 1561 3336 τεσσαρακοστῷ
1622 3267 1837 3334 πέμπτῳ

237 3356 497 3429 κεφαλαίῳ
526 3363 618 3407 τοῦ
644 3357 780 3407 κατὰ
808 3356 1073 3407 Ματθαίον
1100 3357 1155 3405 τό
1181 3372 1194 3383 ·
1239 3354 1303 3404 Οἱ
1331 3348 1388 3405 δε
1416 3351 1567 3423 ὄχλοι
1606 3354 1654 3403 οἰ
1680 3353 1840 3425 προά-

236 3465 411 3518 γοντες
430 3450 519 3498 xui
543 3448 591 3496 oi
621 3443 1015 3503 ἀκολουθοῦντες
1057 3442 1273 3514 ἔκραζον
1312 3441 1541 3511 λέγοντες
1576 3458 1586 3469 ·
1616 3440 1842 3492 Ὡσαννὰ

239 3545 313 3606 τῷ
352 3538 449 3606 υἱῷ
496 3531 678 3590 Διυΐδ⁹
722 3539 811 3585 xui
874 3534 1133 3604 ἀνάγνωθι
1194 3536 1287 3590 τὴν
1345 3531 1614 3605 ἑρμηνείαν
1680 3530 1841 3582 αύτοῡ

238 3646 295 3678 τε
364 3630 454 3678 xui
527 3633 628 3677 τῶν
704 3622 882 3697 ἐφεξῆς
961 3619 1058 3675 δύο
1119 3622 1309 3696 ῥητῶν,
1386 3622 1578 3694 ἄριστα
1629 3618 1842 3672 ἐκτεθει-

241 3719 422 3789 μένην.

709 3808 855 3858 ΚΕΦ.
875 3800 969 3855 ΙΔ’.
1004 3804 1127 3873 Περὶ
1144 3806 1235 3852 τοῦ
1256 3798 1393 3851 ὄνου.

317 3894 491 3966 Εύρών
524 3923 593 3933 -
627 3892 776 3945 αὐτό.
812 3897 1051 3951 Ζήτησον
1082 3891 1129 3943 ἐν
1161 3892 1333 3961 ἐκείνῳ
1364 3888 1516 3942 πάλιν
1545 3892 1632 3947 τὴν
1657 3888 1845 3959 ἐξήγη-

243 4004 330 4037 σιν
357 3992 451 4045 τῆς
474 3982 648 4058 ἀρχῆς
670 3989 761 4035 τοῦ
791 3980 1189 4054 κεφαλαίου,καὶ
1217 3977 1476 4051 ἀνάγνωθι
1498 3985 1670 4031 πᾶσαν
1692 3976 1847 4049 ἀναγ-

240 4074 528 4131 καιοτάτην
555 4069 736 4125 οὖσαν.

318 4163 447 4236 Εὗρε
490 4159 549 4215 δὲ
576 4166 635 4215 τό
682 4160 885 4235 ὀνάριον
925 4158 1087 4233 ἀχθὶν
1141 4160 1240 4215 ὑπὸ
1290 4166 1388 4211 τῶν
1458 4157 1846 4211 ἀποσταλέντων

242 4255 516 4326 μαθητῶν,
588 4254 658 4314 ὡς
733 4252 783 4303 οἱ
845 4249 991 4302 οἱλλοι
1089 4250 1371 4323 ἱστόρησαν
1458 4246 1843 4318 εύαγγελισταί.

243 4343 467 4395 Ἐκεῖνοι
519 4343 619 4413 γὰρ
674 4342 845 4393 πάντα
885 4342 974 4411 μέν
1016 4340 1083 4390 τὰ
1138 4340 1273 4390 κατὰ
1318 4341 1404 4391 τὸν
1450 4336 1711 4410 εἰρημένον
1744 4337 1850 4388 Λά-

245 4434 408 4507 ζαρον
469 4435 559 4483 καὶ
607 4433 673 4482 τὰ
721 4428 901 4502 ἐφεξῆς
939 4429 1075 4503 ἄχρι
1116 4434 1206 4487 τῆς
1263 4431 1378 4479 ὄνου
1433 4431 1522 4479 καὶ
1557 4434 1648 4477 τού
1675 4424 1846 4477 πώλου

241 4516 604 4595 παρέδραμον,
662 4520 835 4592 ὥσπερ
893 4522 983 4570 καὶ
1059 4514 1186 4568 ἀλλὰ
1236 4516 1400 4569 πολλὰ
1470 4518 1709 4588 θαύματα
1758 4518 1848 4566 καὶ

247 4607 584 4682 διδάγματα,
637 4611 735 4661 εἴτε
784 4606 1143 4678 ἐπιλαθόμενοι
1204 4604 1378 4667 ἁπλῶς
1434 4608 1533 4657 εἶτε
1580 4610 1669 4659 καὶ
1717 4606 1853 4657 κατὰ

242 4720 364 4754 τινα
428 4702 683 4773 θειοτέραν
756 4697 1070 4769 οἰκονομίαν,
1124 4698 1194 4757 ὡς
1248 4693 1307 4747 ἂν
1364 4698 1487 4767 ἔχρι
1558 4700 1645 4747 καὶ
1702 4695 1852 4757 οὗτος

245 4791 359 4865 μετ’
393 4789 582 4851 αύτούς
622 4789 836 4864 ’γράφειν
895 4783 1079 4847 ὶὸικῶς
1125 4786 1192 4846 εἰς
1246 4783 1529 4858 βεϐαίωσιν
1568 4792 1660 4838 τοῦ
1692 4784 1853 4858 Εὐαγ-

245 4880 444 4954 γελίου.

327 4966 706 5044 [Ὑπερϐάντες
759 4964 872 5041 (57)
916 4961 974 5019 δι
1021 4964 1187 5019 ταῦτά
1235 4982 1385 5037 φασι,
1449 4965 1718 5025 Ματθαίος
1766 4966 1856 5037 μὲν

324 5178 374 5217 ³³
404 5181 575 5239 Marc.
617 5191 730 5245 XIV,
761 5178 812 5234 8.
891 5177 937 5212 ³³
979 5172 1127 5233 ibid.
1151 5176 1207 5231 7.
1286 5171 1332 5209 "
1356 5173 1530 5240 lsa.1,
1566 5170 1654 5231 l5.

1944 1936 2188 1992 quoque
2219 1936 2438 1976 caecum
2464 1919 2626 1976 foras
2657 1922 2972 1993 ejecerant,
2996 1928 3053 1978 et
3082 1925 3366 1981 Lazarum
3388 1926 3608 1982 interﬁ~

1946 2026 2077 2065 cere
2110 2010 2391 2066 volebant
2425 2026 2436 2066 :
2463 2010 2617 2066 adeo
2650 2016 2820 2067 erant
2859 2027 2981 2068 non
3007 2012 3193 2069 invidi
3221 2020 3471 2081 tantum,
3498 2015 3608 2071 sed

1946 2103 1999 2155 et
2030 2098 2263 2155 veloces
2291 2100 2367 2155 ad
2384 2100 2631 2155 caedem.
2664 2100 2985 2172 Propterea
3006 2102 3425 2176 deeisquoque
3454 2105 3607 2161 dice-

1943 2188 2050 2244 bat
2080 2189 2393 2260 propheta:
2415 2191 2627 2245 Manus
2645 2205 2848 2245 eorum
2862 2194 3146 2261 sanguine
3156 2194 3351 2261 plena
3372 2202 3507 2251 sunt
3524 2196 3570 2229 ³⁴
3585 2234 3600 2249 .

1945 2278 2247 2334 Mordebat
2272 2278 2452 2335 etiam
2478 2278 2634 2345 illos,
2651 2279 2838 2352 quod,
2866 2279 3127 2337 instante
3153 2282 3323 2348 festo,
3346 2283 3609 2355 plurima

1946 2367 2123 2423 turba
2159 2367 2308 2422 illud
2341 2368 2700 2440 relinqueret
2724 2373 2781 2424 et
2830 2369 2905 2425 ad
2945 2386 3083 2425 eum
3115 2377 3391 2428 curreret.

2020 2458 2180 2513 Vers.
2218 2459 2300 2512 12.
2343 2457 2581 2513 Postero
2610 2489 2679 2500 —
2717 2459 2879 2514 Vers.
2914 2459 3001 2513 t3.
3036 2459 3105 2515 ei.
3140 2463 3219 2517 Ne
3272 2468 3509 2534 propter
3543 2480 3607 2521 se

1946 2546 2234 2602 Lazarum
2282 2546 2642 2614 occiderent,
2698 2548 3115 2621 Hierosolyma
3173 2552 3382 2607 venit:
3425 2553 3608 2613 simul

1946 2641 2162 2701 autem,
2226 2640 2288 2691 ut
2334 2635 2588 2708 populus
2642 2653 2771 2693 cum
2804 2638 2988 2694 ramis
3038 2639 3143 2695 sibi
3171 2647 3519 2709 occurreret,
3553 2650 3611 2700 et

1946 2726 3246 2801 consternarenturinsidiatores,possentque
3259 2730 3337 2786 ad
3355 2737 3611 2789 mentem

1948 2831 2159 2872 sanam
2193 2814 3006 2887 redire.Acceperuntautem
3028 2833 3249 2884 ramos,
3273 2820 3331 2874 in
3366 2821 3607 2892 signum

1946 2904 2228 2975 victoriae,
2261 2903 2353 2959 his
2382 2920 2522 2960 eum
2555 2908 2846 2977 tanquam
2881 2906 3089 2963 mortis
3121 2908 3407 2965 victorem
3436 2926 3612 2968 vene-

1947 2997 2167 3049 rantes.

2021 3085 2181 3139 Vers.
2236 3084 2324 3140 l3.
2381 3085 2457 3139 Et
2501 3115 2569 3124 -—
2623 3084 2823 3140 Israel.
2879 3084 3000 3141 Hoc
3045 3086 3306 3143 maxime
3368 3088 3611 3146 Iudaeos

1948 3173 2328 3245 prtefocabat,
2360 3189 2716 3245 persuasam
2758 3189 2893 3229 esse
2932 3173 3192 3241 turbam,
3225 3177 3388 3248 quod
3414 3194 3449 3234 a
3491 3179 3609 3235 Deo

1948 3263 2194 3319 veniret.
2226 3264 2431 3328 Quaere
2462 3268 2660 3319 autem
2682 3263 3151 3335 quadragesimo
3200 3266 3413 3338 quinto
3436 3267 3611 3338 juxta

1949 3354 2287 3409 Matthmum
2335 3354 2548 3426 capite,
2592 3353 2692 3407 ubi
2724 3352 2978 3409 dicitur:
3021 3355 3233 3411 Turbae
3274 3372 3430 3422 vero,
3478 3374 3611 3428 quas

1948 3442 2447 3513 praeibantetquze
2479 3441 2893 3512 sequebantur,
2931 3442 3273 3499 clamabant
3304 3445 3562 3503 dicentes
3593 3463 3605 3502 :

1951 3532 2226 3586 Hosanna
2254 3532 2380 3599 ﬁlio
2412 3531 2608 3588 David
2632 3531 2700 3597 ³⁵,
2740 3536 2798 3587 et
2846 3532 2974 3602 ejus
3004 3531 3132 3601 lege
3180 3532 3609 3605 interpretatio-

1952 3634 2113 3683 nem,
2142 3636 2212 3675 ac
2229 3621 2607 3691 sequentium
2628 3620 2889 3676 duorum
2904 3620 3222 3688 dictorum,
3243 3622 3485 3694 pulchre
3508 3625 3611 3681 ad-

1954 3709 2199 3766 modum
2235 3709 2622 3782 propositam.

2454 3797 2614 3855 CAP.
2634 3798 2781 3854 XIV.
2824 3799 2908 3855 De
2926 3798 3119 3855 asello.

2025 3888 2191 3943 Vers.
2226 3889 2307 3943 14.
2340 3887 2566 3944 Nactus
2594 3917 2662 3927 —
2691 3887 2891 3944 illum.
2921 3890 3171 3944 Rursum
3194 3888 3253 3943 in
3278 3889 3379 3946 illo
3410 3906 3613 3963 qurere

1954 3976 2391 4048 expositionem
2420 3976 2695 4048 principii
2734 3977 2963 4049 capitis,
3006 3982 3314 4050 totamque
3352 3980 3612 4051 perlege,

1956 4082 2095 4120 cum
2128 4066 2199 4120 sit
2220 4065 2550 4137 plurimum
2583 4065 2940 4122 necessaria.

2027 4158 2243 4211 Nactus
2274 4160 2361 4209 est
2390 4159 2591 4210 autem
2626 4153 2897 4221 asellum,
2932 4155 3003 4211 ab
3034 4155 3145 4221 his,
3163 4171 3318 4227 quos
3351 4157 3612 4226 miserat,

1957 4243 2269 4316 discipulis
2303 4244 2653 4309 adductum,
2675 4243 3195 4314 quemadmodum
3220 4247 3412 4302 caeteri
3435 4248 3615 4319 scrip-

1958 4339 2159 4389 serunt
2187 4333 2592 4403 evangelista.
2624 4332 2857 4388 lllivero
2879 4334 3106 4399 omnia,
3138 4352 3271 4405 quae
3293 4336 3366 4390 de
3394 4338 3614 4393 Lazaro

1958 4428 2331 4495 erant,quaaq
2342 4438 2410 4478 ue
2425 4427 2756 4495 sequuntur
2777 4438 2962 4493 usque
2978 4423 3053 4477 ad
3071 4424 3305 4480 asinam
3321 4430 3377 4480 et
3390 4425 3615 4496 pullum

1958 4514 2480 4585 praetermiserunt,
2512 4511 3031 4584 quemadmodum
3056 4512 3248 4569 etalia
3276 4514 3617 4585 multa,tum

1961 4601 2269 4672 miracula,
2314 4606 2440 4657 tum
2479 4602 2773 4672 dogmata
2804 4619 2817 4659 :
2845 4601 2969 4655 sive
2999 4602 3247 4658 omnino
3278 4602 3461 4668 obliti,
3494 4604 3619 4660 sive

1960 4693 2157 4765 potius
2188 4692 2465 4748 diviniori
2494 4691 2698 4763 aliqua
2718 4690 3184 4763 dispensatione,
3208 4696 3269 4747 ut
3308 4692 3620 4751 haberetet

1960 4783 2058 4839 hic
2088 4786 2226 4854 post
2248 4781 2431 4853 ipsos,
2464 4797 2601 4854 quas
2627 4779 2871 4854 propria
2911 4780 3196 4838 scriberet
3224 4781 3282 4837 in
3326 4782 3622 4854 Evangelii

1967 4871 2514 4929 conﬁrmationem.
2980 4930 2987 4937 _

2038 4961 2136 5017 His
2150 4976 2291 5034 ergo
2307 4959 2543 5027 relictis,
2571 4959 2798 5027 dicunt,
2820 4959 3126 5018 Matthwus
3151 4959 3421 5034 quidem,
3453 4960 3623 5035 quod

1733 5173 1780 5209 ⁸⁸
1812 5170 2009 5230 Matth.
2037 5186 2162 5237 xxx,
2203 5171 2259 5227 9.

1412 5438 1421 5452 ι
1459 5374 1685 5449 Variae
1716 5378 2042 5449 lectiones
2070 5385 2137 5447 et
2176 5386 2378 5447 notae.

324 5587 439 5667 (85)
472 5593 656 5652 Nemo
714 5594 1005 5667 opinetur,
1056 5590 1409 5652 Hentenlum
1461 5591 1673 5666 legisse
1704 5594 1855 5659 ἕξετε.

254 5668 372 5725 Sed
403 5668 687 5725 habebitis
716 5668 901 5734 dedit,
928 5668 1283 5724 sententiam
1304 5672 1565 5723 secutus.
1610 5669 1691 5723 De
1722 5683 1859 5724 con-

252 5740 489 5812 fusione
512 5746 849 5812 temporum
871 5754 1054 5812 supra
1066 5738 1161 5795 dis
1170 5740 1391 5810 putavit
1409 5740 1468 5795 in
1486 5738 1859 5798 Prtefatione.

252 5806 398 5869 Vide
430 5806 660 5885 praefat".
677 5812 752 5869 ad
786 5806 1011 5883 Evang.
1044 5806 1242 5871 Matth.
1276 5826 1418 5886 pag.
1450 5812 1573 5867 “8.

440 5668 687 5725 abebitis
716 5668 901 5734 dedit,
928 5668 1283 5724 sententiam
1304 5672 1565 5723 secutus.
1610 5669 1691 5723 De
1722 5683 1861 5724 con-

2043 5592 2156 5737 (ὅϐζ
2178 5590 2412 5649 Inclusa
2441 5586 2662 5649 absunt
2691 5594 2755 5649 Α.

2043 5667 2129 5737 (57
2222 5664 2457 5721 Inclusa
2501 5665 2755 5737 absunt

2043 5657 2156 5739 (2’97)
2222 5664 2457 5721 Inclusa
2500 5661 2876 5739 Aabsunt_A_.
2919 5657 3294 5739 _’i‘mp€u'vr:¢,
3369 5659 3625 5738 intellige

1972 5741 2020 5790 et
2053 5731 2253 5812 ’λοιποι
2311 5731 2697 5812 εὐαγγελισταί,
2757 5735 2973 5793 deinde
3028 5731 3159 5810 φασὶ
3201 5731 3467 5799 Ματθαῐος
3536 5731 3626 5812 μἐν

1971 5836 2039 5851 ε-ι-
2066 5810 2275 5887 Μάρκος
2298 5805 2378 5864 di.
