4108 6396
556 356 693 423 4359

557 581 909 650 Bethphage
934 579 1006 634 ad
1037 584 1288 633 montem
1318 578 1651 640 Oliuarum,
1688 582 1832 630 tunc
1856 577 2025 630 Jesus
2052 576 2211 630 misit

555 670 694 725 duos
720 668 1027 738 discipulos
1076 667 1144 733 ⁸⁸,
1177 672 1233 721 et
1262 670 1501 721 caetera.
1544 665 1773 719 Marcus
1842 674 1975 719 Vero
2004 680 2017 717 :
2057 665 2212 718 Dum

558 757 1046 828 appropinquant
1064 755 1491 824 Hierosolymis
1504 754 1584 809 ad
1608 754 1913 823 Betphage
1935 759 1987 808 et
2002 753 2207 808 Betha-

559 850 740 913 niam,
761 849 950 916 juxta
981 852 1233 900 montem
1261 843 1582 908 Oliuarum,
1614 843 1797 898 mittit
1827 843 1967 897 duos
1991 858 2016 895 e
2042 841 2217 897 disci-

557 936 711 1008 pulis
747 936 866 991 suis
898 936 969 990 ³⁷.
1006 933 1271 991 Similiter
1300 938 1503 990 autem
1527 937 1584 989 et
1624 934 1810 989 Lucas
1837 933 1904 987 ³⁸.

632 1122 885 1189 Apparet
915 1128 1057 1183 ergo
1074 1113 1238 1187 quod
1270 1127 1549 1183 egressus
1572 1110 1805 1167 adomo
1834 1110 2054 1177 Lazari,
2079 1125 2215 1165 cum

560 1206 757 1262 adhuc
799 1204 1105 1260 Bethania;
1125 1207 1305 1271 esset,
1340 1200 1497 1257 misit
1528 1200 1872 1272 discipulos,
1901 1200 2217 1255 duxerunt-

556 1310 674 1366 que
705 1295 939 1349 asinam
967 1299 1022 1347 et
1059 1291 1316 1364 pullum.
1346 1291 1486 1346 Ideo
1531 1290 1725 1345 centeri
1756 1289 2000 1362 quidem
2039 1304 2216 1345 evan-

559 1382 804 1454 gelistae,
851 1388 1147 1454 tanquam
1196 1379 1539 1452 simpliciter
1583 1383 1942 1450 procedente
2006 1393 2217 1434 versus

559 1472 969 1542 Hierosolyma
988 1470 1243 1535 Christo,
1266 1473 1507 1525 narrant
1536 1485 1547 1522 :
1584 1469 2220 1539 noninterrumpentes

559 1576 900 1617 sermonem
948 1559 1170 1615 itineris
1207 1575 1415 1614 versus
1458 1557 1889 1629 Hierosolyma,
1922 1573 2028 1628 per
2058 1572 2216 1621 eam,

560 1666 697 1723 quae
723 1650 799 1705 de
829 1653 1044 1705 Lazaro
1088 1654 1261 1715 esset,
1312 1649 1698 1703 mentionem.
1750 1646 2012 1701 Joannes
2054 1661 2217 1711 vero,

559 1756 697 1812 qum
753 1738 988 1794 silentio
1038 1742 1335 1810 praeterita
1378 1741 1566 1802 erant,
1616 1736 1794 1791 latius
1829 1734 2066 1806 scripsit
2096 1749 2118 1801 ,·
2146 1735 2221 1789 de

1881 350 2235 418 EUTHYMH
2276 348 2603 416 ZlGABENl

564 492 666 550 Sibi
710 491 1281 562 appropinquassent
1338 488 1775 558 Hierosolymis,
1812 486 2211 557 venissentque
2244 487 2290 540 A
2323 488 2402 538 ὅτι
2490 487 2603 558 (58)

2322 670 2435 715 τότε
2501 665 2526 715 ὁ
2585 663 2785 725 Ἰησοῦς
2851 664 3119 720 ἀπέστειλε
3199 664 3294 719 δύο
3364 670 3626 740 μαθητὰς,

3800 354 3938 418 1360

2699 486 2819 539 Ὀτε
2920 492 3145 560 ἤγγισαν
3238 486 3311 551 εἰς
3401 488 3753 564 Ἰεροσόλυμα,
3839 494 3933 540 καὶ

2325 573 2477 633 ἦλθον
2531 576 2602 636 εἰς
2655 576 2767 646 (59)
2818 579 3066 649 Βηθφαγὴ
3125 584 3255 653 πρὸς
3300 582 3355 631 τὸ
3414 584 3533 651 ὅρος
3560 588 3658 630 τῶν
3691 578 3930 640 Ἐλαιῶν,

3704 673 3794 720 καὶ
3868 671 3936 718 τὰ

2326 752 2442 815 ἑξῆς
2470 768 2483 783 '
2514 756 2723 828 Μάρκος
2775 752 2834 807 δὲ
2874 757 2954 808 ὅτι
2983 755 3106 808 Ὀτε
3140 760 3356 829 ἤγγισεν
3390 758 3503 829 (60)
3545 758 3615 819 εἰς
3650 756 3935 828 Ἱεροσολυ⁶

2324 862 2418 914 μα,
2449 843 2515 903 εἰς
2539 845 2781 915 Βηθφαγὴ
2805 850 2891 897 καὶ
2918 848 3175 903 Βηθανίαν
3192 850 3323 920 πρὸς
3347 852 3403 899 τὸ
3424 852 3543 922 ὄρος
3568 855 3666 898 τῶν
3692 846 3932 907 Ἐλαιῶν,

2326 931 2625 985 ἀποστέλλει
2683 930 2779 986 δύο
2835 943 2931 986 τῶν
2987 937 3235 1007 μαθητῶν
3276 936 3439 988 αὐτου
3475 956 3487 968 ο
3523 938 3711 1009 ὁμοίως
3752 933 3811 988 δὲ
3844 940 3937 986 xui

2327 1026 2555 1083 Λουκᾶς.

2398 1116 2637 1163 Φαίνεται
2670 1109 2756 1164 οὖν
2788 1114 2887 1174 ὅτι,
2924 1113 3136 1176 ἐξελθὼν
3176 1115 3278 1168 ἀπὸ
3340 1124 3431 1168 τοῦ
3489 1119 3633 1167 οἴκου
3684 1122 3773 1167 τοῦ
3824 1121 3940 1167 Λα-

2328 1198 2510 1270 ζάρου,
2565 1206 2652 1253 καὶ
2708 1200 2781 1254 ἐτι
2829 1202 2877 1254 ἐν
2923 1206 3153 1277 Βηθανίᾳ
3205 1206 3271 1256 ὢν
3325 1204 3592 1257 ἀπέστειλε
3648 1208 3770 1264 τούς
3834 1224 3940 1277 μα-

2330 1290 2511 1357 θητάς,
2567 1296 2656 1342 καὶ
2712 1296 2907 1363 ἤγαγον
2951 1298 3044 1351 τὴν
3096 1299 3205 1346 ὄνον
3262 1298 3470 1347 καὶτὸν
3518 1293 3705 1347 πῶλον.
3752 1297 3841 1345 Διὸ
3891 1295 3939 1343 οἱ

2328 1382 2417 1449 μὲν
2470 1379 2614 1431 ἄλλοι
2669 1381 3051 1452 εύαγγελισταὶ,
3113 1386 3177 1443 ὡς
3266 1384 3442 1444 ἁπλῶς
3530 1380 3800 1444 ὀδεύοντος
3855 1382 3939 1433 ἐπὶ

2329 1467 2749 1542 τὰἸςροσόλυμα
2804 1480 2893 1523 τού
2926 1480 3181 1543 Χριστου,
3237 1468 3569 1543 διηγοῦνται,
3617 1478 3689 1544 μὴ
3753 1469 3938 1523 διακο-

2329 1556 2519 1626 ψαδτες
2584 1563 2670 1610 τὸν
2720 1559 2869 1631 λόγον
2920 1570 3013 1622 τῆς
3064 1560 3144 1613 ἐπὶ
3203 1565 3269 1614 τὰ
3330 1561 3667 1636 Ἰεροσόλυμα
3728 1566 3941 1633 πορείας

2330 1655 2391 1718 τῇ
2423 1654 2599 1721 μνήμῃ
2653 1657 2714 1721 τῇ
2764 1653 2901 1702 κατὰ
2946 1654 3033 1702 τὸν
3074 1652 3318 1726 Λάζαρον
3354 1669 3365 1681 ·
3400 1654 3425 1703 ὁ
3475 1648 3533 1704 δὲ
3583 1652 3825 1711 Ἰωάννης
3875 1654 3941 1702 τα

2331 1742 2845 1810 παρασεσιωπημένα
2875 1742 2964 1811 μὲν
2998 1740 3310 1813 πλατύτερον
3345 1744 3557 1813 ἱστορεῖ·
3584 1743 3650 1793 τὰ
3683 1743 3821 1791 κατα
3852 1742 3941 1791 τὸν

559 1828 724 1901 pullo
781 1833 982 1882 autem
1036 1843 1103 1882 ac
1156 1825 1425 1898 sequenti
1478 1824 1687 1881 itinere
1729 1825 2218 1897 compendiosius

2336 1827 2497 1878 πῶλον
2531 1824 2587 1879 δὲ
2610 1832 2699 1880 καὶ
2720 1833 2812 1886 τὴν
2831 1829 2947 1891 ἑξῆς
2975 1826 3097 1881 ὁδὸν
3125 1831 3499 1905 ἐπιτομῶτερον
3535 1833 3599 1890 ὡς
3622 1838 3943 1903 προίστορη-

560 1916 724 1990 quod
750 1917 879 1987 jam
926 1918 1263 1988 conscripta
1293 1921 1504 1970 essent.

634 2006 755 2062 Hoc
773 2010 971 2061 autem
1000 2005 1180 2060 etiam
1212 2004 1586 2060 considerare
1614 2009 1867 2075 oportet,
1921 2002 2079 2074 quod
2135 2001 2217 2063 hi,

560 2097 664 2168 qui
694 2095 1025 2167 palmarum
1059 2110 1260 2150 ramos
1291 2094 1622 2164 gestabant,
1656 2094 1925 2148 exierunt
1956 2092 2217 2157 obviam,

561 2184 666 2256 qui
719 2199 860 2238 vero
902 2198 1209 2238 ramorum
1264 2181 1705 2238 multitudinem
1766 2182 1845 2237 ab
1900 2180 2221 2236 arboribus

564 2272 836 2329 cmdeban
848 2278 863 2327 t
875 2288 945 2327 ac
958 2270 1288 2327 sternebant
1301 2272 1355 2326 in
1374 2271 1792 2343 via,postquam
1806 2269 2219 2336 occurrissent,

563 2361 892 2430 caedebant,
922 2362 996 2417 de
1022 2360 1241 2432 quibus
1264 2360 1572 2417 Matthaeus
1594 2361 1897 2431 etMarcus
1923 2359 2217 2414 dixerunt.

634 2452 793 2505 Vers.
835 2455 913 2506 14.
950 2449 1196 2506 Sicut—
1233 2448 1401 2505 Vers.
1436 2455 1519 2505 13.
1574 2452 1782 2505 asinae.
1824 2448 1950 2504 Noli
1991 2449 2219 2517 timere,

563 2556 703 2597 nam
737 2546 1087 2596 mansuetus
1122 2545 1230 2605 est,
1264 2544 1320 2595 et
1343 2555 1464 2595 non
1507 2541 1659 2594 sicut
1712 2539 1904 2605 multi,
1969 2538 2066 2609 qui
2118 2537 2219 2592 tibi

561 2629 857 2687 dominati
908 2635 1065 2700 sunt,
1120 2631 1337 2696 minax,
1370 2635 1424 2686 et
1477 2629 1752 2700 injustus,
1783 2644 1852 2684 ac
1912 2634 2217 2700 tyrannus.

563 2722 771 2785 Qumre
814 2724 1033 2783 autem,
1085 2718 1185 2774 ubi
1230 2718 1511 2791 praedicto
1561 2718 1752 2790 capite
1792 2718 2048 2772 dicitur:
2100 2716 2222 2772 Hoc

561 2820 752 2866 autem
770 2815 955 2865 totum
964 2809 1197 2878 factum
1211 2815 1314 2873 est,
1332 2815 1393 2863 ut
1416 2806 1983 2878 compteretur,quod
2003 2807 2219 2862 dictum

561 2904 643 2955 est
680 2914 788 2968 per
813 2899 1160 2969 prophetam
1183 2901 1228 2933 ’9
1252 2903 1308 2954 et
1345 2903 1558 2954 caetera
1583 2914 1597 2953 :
1629 2896 1711 2953 ibi
1734 2896 2028 2969 siquidem
2048 2896 2223 2951 inter-

560 2988 949 3059 pretationem
978 2988 1260 3044 invenies.

633 3077 805 3142 Quod
838 3077 885 3131 si
913 3080 1173 3133 Joannes
1225 3092 1444 3132 nomen
1478 3077 1820 3131 Mansuetus
1866 3074 2085 3139 omisit,
2146 3088 2219 3128 ne

2332 1920 2476 1987 μένα.

2407 2010 2503 2057 Καὶ
2534 2012 2684 2058 τοῦτο
2717 2002 2775 2058 δὲ
2801 2011 2910 2081 χρὴ
2946 2006 3283 2080 ἐπιτηρῆσαι,
3312 2011 3393 2061 ὅτι
3431 2012 3498 2060 τὰ
3526 2012 3616 2081 μὲν
3667 2006 3799 2080 βοίῑα
3840 2016 3943 2059 τῶν

2332 2100 2570 2165 φοινίκων
2626 2094 2981 2167 βαστάζοντες
3014 2096 3222 2159 ἐξῆλθον
3278 2098 3349 2158 εἰς
3388 2100 3701 2155 ὑπάντησιν.
3744 2097 3849 2158 Οὓς
3882 2094 3943 2149 δί

2332 2186 2543 2235 ἔκοπτον
2571 2182 2796 2246 κλάδους
2818 2186 2918 2237 απὸ
2949 2195 3046 2238 τῶν
3077 2184 3305 2261 δένδρων
3330 2192 3421 2239 καὶ
3448 2186 3761 2259 ἐστρώννυον
3793 2186 3843 2238 ἐν
3873 2196 3939 2258 τῇ

2331 2269 2460 2343 ὀδῷ,
2498 2276 2629 2345 μετὰ
2665 2278 2722 2326 τὸ
2768 2276 3063 2333 ὑπαντῆσαι
3103 2279 3336 2345 ἔκοπτον,
3392 2282 3506 2351 περὶ
3550 2277 3616 2327 ὧν
3671 2278 3943 2336 Ματθαῑος

2330 2368 2420 2413 καὶ
2452 2365 2660 2437 Μάρκος
2687 2360 2875 2437 εἷπον.]

2406 2455 2582 2512 Καθὼς
2613 2485 2680 2492 -
2708 2458 2843 2506 ὄνου.
2879 2454 2968 2513 Μὴ
3003 2454 3181 2527 φοϐοῦ,
3214 2457 3384 2529 πραῢς
3412 2457 3513 2529 γὰρ
3543 2454 3675 2522 ἐστι,
3708 2460 3798 2506 xui
3830 2454 3942 2527 οὐχ

2332 2543 2394 2601 ὡς
2417 2544 2464 2593 οἱ
2502 2542 2680 2594 πολλοὶ
2712 2552 2810 2595 τῶν
2845 2542 3271 2615 βασιλευσάντων
3312 2564 3427 2609 σου,
3462 2543 3666 2605 ἀπηνὴς
3694 2550 3782 2596 καὶ
3814 2541 3943 2596 άδι-

2331 2650 2415 2691 xo;
2445 2636 2535 2683 xui
2560 2634 2825 2705 τύραννος.
2856 2638 3096 2691 Ζητησον
3118 2630 3176 2686 δὲ
3198 2632 3245 2685 ἐν
3269 2642 3340 2704 τῷ
3369 2631 3649 2691 δηλωθέντι
3674 2633 3941 2705 κεφαλαίῳ

2331 2724 2388 2771 τό
2424 2740 2435 2752 ’
2470 2728 2635 2773 Τοῦτο
2677 2719 2735 2775 δὲ
2767 2723 2880 2775 ὅλον
2907 2728 3131 2795 γέγονεν,
3189 2724 3272 2774 ἵνα
3299 2722 3548 2795 πληρωθῇ
3577 2726 3634 2774 τὸ
3662 2723 3819 2796 ῥηθὲν
3846 2720 3943 2775 δια

2332 2818 2422 2861 τοῦ
2454 2817 2745 2882 προφήτου,
2810 2817 2896 2865 xui
2944 2816 3006 2864 τα
3051 2812 3168 2874 ἑξῆς
3208 2830 3218 2841 ’
3254 2816 3358 2865 ἐκεῖ
3401 2815 3502 2885 γὰρ
3548 2814 3787 2887 εὑρήσεις
3844 2817 3941 2870 τὴν

2334 2899 2622 2974 ἑρμηνείαν.

2403 3078 2462 3129 Εἰ
2493 3074 2551 3130 δὲ
2591 3076 2781 3151 ἀφῆκεν
2832 3080 2856 3129 ὁ
2910 3079 3142 3140 Ἰωάννης
3179 3083 3234 3131 τὸ
3267 3083 3459 3152 Πραῦς,
3493 3086 3564 3152 μὴ
3610 3082 3892 3155 θαυμάσῃς
3926 3100 3938 3110 ·

560 3167 903 3224 admireris:
924 3168 1261 3239 frequenter
1279 3165 1441 3221 enim
1466 3165 1756 3220 dictiones
1787 3163 2022 3236 aliquas
2053 3163 2218 3217 Vete-

2336 3166 2580 3228 πολλάκις
2635 3172 2733 3242 γὰρ
2802 3168 2958 3231 λέξεις
3024 3172 3164 3230 τινας
3229 3178 3328 3221 τῶν
3390 3178 3620 3222 παλαιῶν
3677 3171 3943 3244 παραλίμ-

562 3257 645 3313 ris
675 3258 1029 3313 Testamenti
1047 3256 1408 3329 relinquunt,
1443 3261 1545 3311 aut
1564 3254 1738 3326 quasi
1759 3253 2063 3308 memoria:
2096 3267 2214 3307 non

561 3353 961 3411 occurrentes,
978 3352 1081 3402 aut
1099 3346 1271 3418 quasi
1298 3361 1403 3417 per
1415 3361 1485 3401 ea
1515 3360 1650 3416 qum
1674 3348 2002 3415 sequuntur
2026 3342 2219 3398 decla-

561 3444 741 3491 ratas.
786 3440 932 3493 Nam
956 3452 1094 3491 cum
1126 3450 1307 3506 super
1332 3434 1565 3507 pullum
1593 3434 1793 3489 sedeat
1818 3432 2025 3499 asinae,
2053 3448 2221 3487 man-

564 3531 767 3581 suetus
806 3525 1011 3597 utique
1058 3529 1148 3580 est
1177 3540 1246 3579 ac
1296 3524 1628 3579 modestus.
1672 3523 1783 3578 Sed
1807 3528 1863 3577 et
1890 3523 2091 3577 sedens
2149 3537 2219 3577 ac

561 3614 880 3672 ascendens
906 3614 1066 3669 idem
1126 3612 1482 3683 signiﬁcant,
1516 3627 1645 3667 cum
1688 3628 1787 3681 per
1834 3610 2103 3666 eamdem
2134 3611 2217 3665 di-

561 3706 821 3761 ctionem
839 3703 1187 3758 Hebraicam
1201 3699 1928 3770 signiﬁcentur.Rursumq
1938 3716 2007 3753 ue
2022 3699 2219 3771 pullus

562 3794 750 3850 asine:
783 3793 988 3847 asinus
1018 3796 1125 3855 est,
1157 3796 1214 3845 et
1240 3790 1433 3861 pullus
1478 3789 1634 3843 ﬁlius
1665 3788 2020 3859 subjugalis.

633 3884 797 3937 Vers.
832 3883 914 3936 16.
935 3880 1080 3936 Haec
1110 3911 1164 3920 —
1183 3878 1401 3949 primo.
1432 3879 1595 3943 Haec,
1618 3884 1761 3951 puta
1794 3878 1933 3934 talia
1958 3877 2219 3949 prophe-

563 3974 679 4030 tica
703 3971 879 4037 dicta,
905 3986 1026 4025 non
1072 3976 1472 4040 cognoverunt
1496 3974 1633 4025 ante
1654 3982 1907 4032 crucem,
1949 3966 2115 4039 quod
2145 3968 2220 4023 de

562 4078 633 4119 eo
663 4061 942 4134 praedicta
969 4060 1237 4115 fuissent.

635 4152 797 4207 Vers.
835 4155 918 4206 16.
943 4150 1058 4206 Sed
1090 4180 1151 4190 —
1173 4150 1245 4205 ei.
1272 4148 1595 4220 Postquam
1626 4146 1984 4217 gloriﬁcatus
2014 4151 2220 4218 estper

564 4256 801 4298 crucem
827 4239 1413 4305 etresurrectionem,
1444 4244 1583 4291 tunc
1615 4253 1721 4308 per
1752 4237 2002 4307 Spiritus
2033 4236 2216 4291 sancti

562 4330 1022 4388 descensionem
1047 4328 1340 4384 recordati
1368 4332 1523 4390 sunt,
1553 4328 1710 4398 quod
1725 4326 1849 4380 haec
1879 4324 2222 4397 prOphetica

563 4421 768 4481 omnia
799 4424 1041 4492 promer
1086 4434 1225 4473 eum
1275 4417 1495 4489 scripta
1525 4421 1731 4472 essent
1770 4416 1894 4471 sive
1926 4417 2001 4471 de
2047 4432 2139 4482 eo,
2167 4421 2222 4471 et

563 4511 729 4583 quod
774 4509 902 4564 hinc
957 4508 1163 4563 omnia
1214 4522 1350 4579 quin
1404 4506 1625 4578 scripta
1675 4510 1830 4571 sunt,
1860 4504 2122 4561 fecerant
2169 4504 2219 4560 ei

561 4600 587 4654 J
598 4599 771 4655 udaai.
1936 4632 1957 4657 δ

636 4689 806 4743 Vers.
842 4687 929 4741 17.
954 4685 1370 4743 Testimonium
1394 4683 1580 4757 igitur
1605 4684 1957 4755 perhibebat
1978 4715 2043 4727 —
2072 4700 2220 4741 mor-

566 4780 704 4836 tuis.
726 4777 1137 4833 Testimonium
1164 4776 1519 4850 perhibebat
1547 4775 1622 4832 de
1654 4776 1848 4846 signo,
1876 4775 2040 4847 quod
2064 4777 2221 4832 circa

567 4872 849 4927 Lazarum
898 4867 1187 4923 ediderat.

636 4959 810 5017 Vers.
859 4957 946 5012 18.
978 4955 1299 5026 Propterea
1328 4983 1397 4997 -—-
1446 4954 1695 5028 signum.
1728 4954 1929 5013 Turba
1973 4954 2220 5028 quidem

637 5165 685 5201 "
709 5162 909 5222 Matth.
932 5178 1052 5235 xxx,
1076 5161 1128 5218 1.
1207 5161 1249 5198 ³⁷
1284 5162 1461 5221 Marc.
1489 5178 1569 5232 xx,
1606 5167 1656 5223 1.
1734 5163 1779 5199 ⁸⁸
1807 5162 1949 5220 Luc.
1978 5176 2101 5230 χιχ,
2134 5164 2223 5218 29.

2331 3258 2603 3321 πάνουσιν,
2659 3258 2688 3315 ἦ
2750 3259 2815 3317 ὡς
2875 3262 2946 3330 μὴ
2990 3257 3073 3310 ἐπὶ
3116 3265 3326 3331 μνήμην
3372 3258 3553 3320 ἰούσας
3596 3260 3626 3317 ἢ
3661 3262 3728 3322 ὡς
3754 3258 3944 3332 ἐμφαι-

2328 3350 2541 3418 νομένας
2602 3354 2711 3407 τοῖς
2760 3346 2897 3409 ἑξῆς.
2960 3348 3099 3400 Ἐπεὶ
3158 3352 3260 3421 γαρ
3336 3350 3565 3406 κάθηται
3630 3346 3715 3400 ἐπὶ
3765 3348 3941 3399 πῶλον

2330 3440 2465 3505 ὄνου,
2528 3438 2731 3497 πάντως
2783 3438 2954 3510 πραΰς
3008 3436 3122 3489 ἐστι
3187 3442 3274 3489 καὶ
3329 3437 3578 3499 ἐπιεικής.
3635 3436 3791 3491 Ἀλλὰ
3834 3444 3941 3501 xui

2328 3530 2386 3577 τὸ
2441 3528 2740 3597 Καθήμενος
2770 3531 2859 3577 καὶ
2897 3530 2955 3578 τὸ
2993 3526 3348 3587 Ἐπιϐεϐηχὼς
3395 3531 3452 3579 τὸ
3501 3527 3627 3579 αὐτὸ
3686 3524 3938 3593 δηλοῦσι,

2332 3618 2696 3687 σημαινούσης
2755 3616 3022 3689 ἀμφότερα
3070 3625 3162 3677 τῆς
3226 3616 3503 3691 Ἐϐραῑκῆς
3552 3616 3732 3679 λέξεως
3784 3636 3798 3648 ο
3848 3620 3941 3667 καὶ

2330 3701 2479 3766 αὖθις
2505 3706 2529 3756 ὁ
2560 3704 2726 3766 πῶλος
2754 3713 2842 3765 τῆς
2875 3708 2989 3757 ὄνου
3012 3709 3118 3766 ὄνος
3148 3704 3377 3772 ἐστὶ,καὶ
3399 3706 3569 3768 πῶλος
3598 3708 3711 3767 υἱὸς
3738 3706 3941 3765 ὑποξυ-

2327 3798 2466 3865 γίου.

2399 3890 2577 3935 Ταῦτα
2636 3914 2703 3924 —
2742 3891 2960 3957 πρῶτον.
2989 3891 3187 3951 Ταῦτα,
3230 3888 3348 3943 ἦτοι
3388 3888 3455 3937 τὰ
3481 3893 3699 3938 τοιαῦτα
3736 3904 3942 3958 προφη-

2328 3974 2449 4022 ma
2476 3971 2611 4046 ῥητὰ
2649 3972 2741 4024 οὐκ
2769 3975 2997 4044 ἔγνωσαν
3037 3977 3135 4047 πρὸ
3165 3982 3257 4026 τοῦ
3282 3982 3508 4047 σταυροῦ
3531 3976 3611 4027 ὅτι
3636 3979 3752 4047 περὶ
3773 3974 3940 4026 αὑτοῦ

2331 4056 2486 4118 ἦσαν.

2401 4149 2535 4203 Ἀλλ’
2576 4182 2645 4193 —
2676 4152 2836 4223 αὐτῷ.
2878 4151 3001 4204 "Or:
3026 4147 3287 4215 ἐδοξάσθη
3333 4150 3426 4204 διὰ
3450 4159 3542 4205 τοῦ
3577 4160 3806 4225 σταυροῦ
3847 4156 3942 4205 καὶ

2330 4247 2424 4300 τῆς
2445 4238 2799 4306 ἀναστάσεως,
2834 4246 2948 4293 τότε
2978 4239 3071 4293 διὰ
3102 4251 3197 4303 τῆς
3253 4240 3631 4314 ἐπιφοιτήσεως
3659 4250 3749 4293 τού
3778 4242 3939 4312 ἁγίου

2331 4332 2630 4401 Πνεύματος
2660 4329 2992 4401 ἐμνήσθησαν
3025 4333 3105 4382 ὅτι
3133 4338 3295 4383 ταῦτα
3328 4334 3393 4382 τὰ
3438 4333 3737 4404 προφητικὰ
3766 4334 3943 4383 πάντα

2333 4415 2405 4470 δι’
2433 4419 2589 4471 αὐτὸν
2612 4420 2726 4490 (61)
2760 4418 2894 4479 ἦσαν
2933 4424 3286 4494 γεγραμμένα,
3321 4424 3437 4479 ἤτοι
3478 4426 3596 4495 περὶ
3633 4421 3815 4485 αὐτοῦ,
3845 4427 3937 4473 καὶ

2332 4510 2412 4560 ὅτι
2450 4516 2617 4560 ταῦτα
2668 4512 2840 4562 πάντα
2877 4512 2943 4562 τὰ
2988 4512 3322 4583 γεγραμμένα
3380 4509 3632 4568 ἐποίησαν
3686 4510 3829 4579 αὐτῷ
3890 4513 3940 4561 οἱ

2336 4594 2607 4651 Ἰουδαῖοι.

2404 4686 2714 4762 Ἐμαρτύρει
2743 4684 2831 4740 οὖν
2852 4718 2919 4728 ——
2948 4696 3158 4761 νεκρῶν.
3185 4692 3498 4764 Ἐμαρτύρει
3528 4694 3646 4765 περὶ
3676 4697 3769 4742 τοῦ
3802 4693 3941 4742 κατὰ

2330 4780 2417 4830 τὸν
2441 4777 2684 4850 Λάζαρον
2718 4784 2961 4851 σημείου.

2404 4960 2499 5011 Διὰ
2553 4966 2705 5012 τοῦτο
2757 4988 2825 5001 -
2880 4966 3114 5033 σημεῖον.
3164 4958 3224 5011 ’0
3283 4959 3442 5033 ὀχλος
3488 4962 3577 5033 μὲν
3636 4967 3736 5013 τῶν
3796 4980 3941 5019 τηνι-

2302 5163 2347 5199 ³⁹
2390 5162 2586 5221 Matth.
2628 5178 2741 5231 xx},
2774 5166 2827 5221 4.

1817 5368 2044 5440 Variae
2067 5369 2397 5440 lectiones
2442 5379 2509 5440 et
2552 5380 2753 5441 notae.

658 5568 747 5645 58)
776 5569 863 5630 Ita
902 5564 1151 5645 correxi,
1192 5569 1320 5645 loco
1348 5570 1426 5621 ὅτι
1448 5583 1544 5624 τί.

633 5642 751 5718 (59)
792 5646 1077 5716 Βηθσφαγή
1094 5642 1422 5718 legebatur.

640 5710 754 5791 (60)
789 5710 967 5791 Apud
988 5710 1249 5791 Marcum
1272 5718 1377 5791 est.
1410 5710 1734 5791 ζγγίςουσιν.
1771 5711 1887 5791 ljec
1947 5710 2116 5791 aliter
2140 5710 2224 5791 ibi

640 5732 754 5791 (δυ)
789 5732 956 5789 Apua
988 5732 1249 5771 marcum
1272 5732 1377 5775 est,
1411 5732 1734 5837 ἓγιψυσξιςι
1771 5732 1887 5766 nec
1947 5732 2113 5767 auter
2140 5732 2221 5767 lDl

564 5792 624 5853 in
653 5795 929 5849 contextu
954 5789 1180 5844 habent
1202 5783 1378 5841 codd.
1467 5781 1739 5855 uthymn.
1773 5784 1869 5840 Est
1908 5797 2050 5865 ergo
2102 5783 2221 5839 hic.

2336 5570 2768 5653 corruptio-per
2787 5568 3310 5653 ne_gligen.ti_am,ex
3334 5570 3466 5629 loco
3485 5571 3777 5653 parellelor
3798 5573 3946 5653 litat-

2337 5643 2493 5697 thaei.
2528 5645 2593 5696 Et
2622 5643 2947 5697 Hentenius
2969 5644 3217 5714 quidem
3240 5643 3580 5717 ἤγγισαν,“ιιι
3601 5645 3787 5703 habet
3806 5649 3946 5704 Mat-

2337 5714 2551 5777 thmus,
2581 5715 2814 5769 videtur
2843 5712 3086 5784 legisse.

2405 5785 2519 5857 (61)
2559 5785 2643 5846 Ita
2680 5785 2937 5858 explicat
2973 5790 3031 5839 τό
3062 5785 3322 5862 ἐπάὗτῷ.
