4108 6412
277 389 411 446 1361

1273 386 1642 444 COMMENT.
1684 385 1754 443 IN
1792 385 2140 443 JOANNEM.
2184 418 2250 428 -—
2289 385 2445 444 CAP.
2489 386 2608 441 XII.

3501 386 3646 447 4362

272 523 444 570 καῦτα
495 517 885 570 πιστευσάντων
974 513 1269 590 ἐιιωιρτύρει⁹
1335 516 1361 566 ό
1436 513 1590 586 ὄχλος
1664 509 1723 567 δὲ
1775 521 1851 566 τῶι

1992 530 2201 572 eorum
2230 515 2337 587 qui
2360 519 2500 572 tunc
2527 512 2922 580 crediderant,
2939 514 3344 571 testimonium
3374 515 3644 587 perhibe-

272 605 606 660 ἀκουσάντων
636 607 928 665 ὑπήντησεν
961 607 1098 674 αύτῷ
1125 607 1235 678 μετ’
1267 605 1454 657 αὐτῶν.

344 789 410 840 Οἱ
457 793 544 839 οῦν
605 792 881 860 Φαρισαῖοι
932 817 1000 825 —
1048 784 1264 844 ἀπῆλθε,
1323 789 1528 857 Κόσμον
1577 785 1643 835 τὰ
1695 783 1868 841 πλήθη

267 876 530 949 λέγουσιν’
608 877 814 928 Ὀπίσω
897 872 954 928 δε
1035 875 1195 926 αὐτοῦ
1277 873 1520 939 ἀπῆλθεν,
1606 871 1718 926 ἀντὶ
1781 878 1871 924 τοῦ

272 964 572 1020 Ἀκολουθεί
633 965 794 1036 αύτῷ.
850 965 909 1018 Εἰ
979 967 1068 1036 μὲν
1143 961 1230 1016 οὖν
1284 968 1598 1039 Φαρισαίους
1653 961 1873 1015 ἐνταῦθα

265 1061 475 1116 νοήσεις
529 1059 651 1116 τούς
709 1053 1153 1117 ἐπιϐουλεύοντας,
1209 1059 1496 1126 μέμφονται
1548 1053 1750 1113 ἑαυτοῖς
1808 1055 1872 1112 ὡς

265 1145 362 1197 ούκ
413 1143 657 1197 ἀνύουσιν
697 1140 847 1198 οὐδὲν
889 1141 982 1197 διὰ
1009 1143 1288 1218 ῥᾳθυμίαν
1349 1144 1393 1196 εἰ
1429 1139 1707 1215 δὲμᾶλλον
1753 1146 1872 1202 τοὺς

262 1236 644 1296 πιστεύσαντας
695 1236 784 1306 μεν
832 1236 1154 1306 κρύπτοντας
1199 1230 1257 1285 δὲ
1304 1237 1396 1290 τὴν
1440 1237 1619 1285 πίστιν
1660 1228 1754 1284 διὰ
1783 1234 1868 1283 τόν

264 1323 418 1396 φόϐον
446 1331 544 1375 τῶν
584 1322 767 1375 ἄλλωνο
802 1327 1089 1395 μέμφονται
1123 1322 1238 1374 καθ’
1271 1322 1482 1382 ἑαυτοὺς
1510 1329 1620 1383 τοῖς
1663 1320 1868 1374 ἐπιϐου-

259 1412 498 1466 λεύουσιν
555 1415 624 1474 ὡς
677 1414 847 1485 μάτην
900 1408 1272 1473 σπουδάζουσι
1334 1416 1423 1463 καὶ
1471 1411 1563 1462 ούκ
1622 1409 1866 1464 ἀνύουσιν

263 1498 435 1556 οὐδέν.

405 1687 549 1734 ΚΕΦ.
591 1678 688 1734 ΙΕ’.
738 1685 862 1754 Περὶ
902 1688 1000 1732 τῶν
1031 1678 1414 1751 προσελθόντων
1443 1678 1716 1736 Ἐλλώνων.

328 1769 497 1823 Ἦσαν
575 1801 638 1812 -
725 1769 893 1842 ἑορτῇ.
973 1769 1158 1822 Πολλοὶ
1230 1771 1332 1840 γὰρ
1407 1768 1643 1830 Ἓλληνες

251 1858 608 1932 ἀσπαζόμενοι
686 1863 773 1916 τὴν
848 1861 1129 1930 θρησκείαν
1204 1867 1303 1910 τῶν
1394 1855 1686 1922 Ἰουδαίων,

253 1948 479 2010 θέλοντες
494 1950 736 2020 ’γενέσθαι
763 1947 1085 2021 προσήλυτοι
1111 1946 1370 2000 ἀνέϐαινον
1398 1952 1481 2000 καὶ
1505 1950 1854 2021 προσεκύνουν

1747 1769 1858 1841 (62)

248 2041 299 2091 ἓν
329 2046 391 2096 τῆ
435 2037 584 2112 ἆορ
597 2081 608 2093 .

319 2127 480 2180 Οὔτοι
530 2159 597 2167 —
651 2123 806 2181 ἰδεῖν.
847 2129 1187 2187 Ἀκούσαντες
1218 2131 1309 2186 τὴν
1340 2131 1456 2202 περὶ
1486 2126 1646 2179 αὑτοῦ
1678 2131 1853 2199 φήμην

250 2217 484 2270 θέλουσιν
516 2216 670 2269 αὐτὸν
705 2213 855 2268 ἰδεῖν.

315 2312 569 2380 Ἔρχεται
612 2337 674 2346 -
718 2302 956 2380 Ἀνδρέᾳ.
1013 2311 1135 2380 Περὶ
1191 2315 1289 2358 τῶν
1347 2305 1592 2364 Ἑλλήνων
1639 2309 1848 2368 τούτων,

246 2399 311 2456 ὡς
334 2395 446 2468 (63)
475 2401 708 2468 πρώτων.

320 2490 420 2537 Καὶ
454 2485 606 2537 πάλιν
642 2516 702 2524 -
740 2483 1033 2559 ἀνθρώπου.
1078 2483 1217 2538 Ἐπεὶ
1263 2489 1377 2537 τότε
1406 2484 1602 2557 ἔμελλεν
1655 2483 1856 2538 ἀποθα-

243 2580 345 2625 νεῖν
377 2575 456 2626 ὅτε
489 2574 537 2626 οὶ
567 2576 656 2644 μεν
691 2570 941 2626 Ἰουδαῖοι
969 2579 1274 2647 κυρώσουσι
1305 2577 1390 2626 τόν
1423 2574 1582 2626 αὐτοῦ
1614 2577 1852 2642 θάνατον,

245 2666 312 2714 τὰ
380 2659 438 2715 δὲ
509 2664 627 2720 ἔθνη
697 2663 944 2737 ἄρξονται
1015 2664 1412 2737 προσέρχεσθαι
1464 2663 1623 2733 αύτῴ-
1681 2667 1854 2733 γέγονε

245 2748 306 2804 δὲ
337 2747 444 2809 irin
485 2757 757 2804 καὶτοῦτο
811 2749 1034 2804 κάκεῖνο·
1081 2750 1133 2814 ἐξ
1183 2751 1337 2803 ἐθνῶν
1368 2754 1469 2824 γὰρ
1517 2751 1564 2803 οἱ
1613 2752 1856 2825 ῥηθέντες

241 2838 495 2901 Ἕλληνες.
552 2845 733 2900 Φησίνο
786 2840 1057 2899 Ἐλήλυθεν
1117 2842 1142 2892 ό
1190 2845 1386 2916 καιρός,
1450 2842 1532 2892 ἱνα
1588 2839 1850 2895 ἀποθάνω.

246 2933 390 2984 Μετά
441 2933 540 3003 ’γὰρ
610 2933 695 2982 τόν
766 2931 982 2982 θάνατον
1039 2935 1129 2982 καὶ
1202 2935 1290 2987 τὴν
1348 2929 1637 2982 ἀνάστασιν
1684 2929 1853 3003 ἔμελλε

242 3017 580 3082 δοξασθῆυαι
663 3018 710 3070 ἐν
782 3025 915 3071 πᾶσι
958 3027 1066 3080 τοῖς
1113 3021 1300 3084 ἔθνεσι,
1350 3022 1703 3091 κηρυχθέντος
1759 3028 1850 3071 τοῦ

240 3108 554 3180 Εύαγγελίου
611 3107 657 3160 ἐν
721 3107 819 3180 ὅλῳ
874 3116 944 3179 τῷ
1003 3113 1205 3180 κόσμῳ.
1281 3113 1378 3161 Καὶ
1428 3111 1512 3161 ὅτε
1562 3105 1746 3172 ἔδοξαν
1801 3111 1849 3162 οἱ

235 3195 492 3252 Ἰουδαῖοι
543 3197 732 3250 σϐέσαι
759 3203 852 3255 τὴν
885 3194 1044 3260 δόξαν
1097 3198 1280 3262 αὐτοῦ,
1333 3203 1447 3250 τότε
1496 3198 1612 3270 (64)
1655 3199 1845 3272 μᾶλλον
1893 3231 1930 3284 C

233 3287 461 3360 ἔλαμψεν
493 3287 566 3349 εἰς
597 3293 770 3340 πᾶσαν
805 3292 896 3346 τὴν
929 3287 1255 3358 οἰκουμένην.

312 3378 329 3448 [
391 3377 528 3430 Ἐπεὶ
580 3376 692 3449 (65)
751 3377 838 3428 οὖν
887 3373 1144 3429 Ἰουδαῖοι
1191 3380 1278 3450 μεν
1335 3381 1463 3448 μετά
1518 3373 1843 3448 διασκέψεως

233 3465 503 3540 ἐκύρωσαν
556 3469 644 3518 τόν
699 3466 853 3518 αύτου
916 3467 1154 3529 θάνατον,
1204 3469 1271 3518 ιὰ
1319 3469 1436 3524 ἔθνη
1474 3463 1532 3519 δὲ
1580 3467 1844 3526 ἐζήτησαν

233 3555 414 3620 αύτὸν,
466 3553 670 3617 ἀνάξιον
717 3551 776 3612 ἦν
824 3563 918 3616 τῆς
957 3562 1047 3607 τοῦ
1101 3563 1236 3608 Θεοῦ
1285 3551 1628 3615 δικαιοσύνης
1678 3575 1842 3628 παρα·

233 3649 401 3716 μένειν
454 3647 528 3696 ἔτι
573 3651 684 3706 τοῖς
735 3642 966 3705 ἀνιάτοις
1010 3649 1100 3696 καὶ
1148 3651 1391 3719 περιορᾴν
1440 3648 1558 3707 τοὺς
1608 3645 1846 3717 ἑτοίμους

233 3734 308 3796 εἰς
358 3735 647 3808 θεραπείαν.
718 3739 816 3786 Καὶ
884 3729 1029 3785 ὃιατί
1096 3738 1167 3806 μὴ
1239 3732 1424 3806 μετέϐη
1483 3740 1598 3787 τότε
1651 3734 1734 3786 ἐπὶ
1782 3738 1846 3786 τά

231 3825 402 3886 ἔθνη;
458 3825 552 3874 Διά
607 3826 665 3874 τὸ
721 3821 966 3896 περιελεῖν
1019 3829 1191 3875 πᾶσαν
1268 3823 1548 3894 ἀπολογίαν
1603 3821 1843 3894 ἀγνωμο-

233 3912 392 3972 σύνης
436 3921 533 3963 τῶν
579 3907 866 3965 Ἰουδκίων·
921 3912 978 3964 ού
1031 3917 1183 3983 μόνον
1213 3915 1314 3987 γὰρ
1348 3914 1500 3973 αὐτὸς
1530 3913 1588 3965 ού
1630 3912 1840 3984 μετέϐη,

230 3997 342 4051 ἀλλ’
390 3997 513 4052 ούδὲ
543 4004 661 4062 τούς
709 4002 951 4072 μαθητὰς
1001 3999 1192 4072 ἀφῆκεν
1235 4001 1303 4062 εἰς
1349 3999 1471 4054 ὁδὸν
1499 4000 1652 4052 ἐθνῶν
1686 4000 1840 4052 ἀπελ-

229 4091 358 4154 θεῖν,
403 4093 492 4141 καὶ
540 4094 704 4162 μυρία
760 4093 985 4160 πάσχων
1052 4091 1151 4140 ὑπὸ
1211 4099 1310 4140 τῶν
1377 4090 1684 4164 ἀχαρίστων
1747 4092 1840 4142 ούκ

226 4177 387 4237 ἀνῆκε
470 4175 765 4244 διδάσκων,
845 4181 1156 4249 θεραπεύων,
1250 4183 1337 4230 καὶ
1411 4182 1578 4231 πάντα
1648 4185 1836 4255 τρόπον

224 4268 525 4340 εὐεργετῶν,
556 4270 648 4331 ἕως
681 4267 872 4320 ἀνεῖλον
897 4267 1098 4340 αύτὸν.]

297 4356 458 4430 Ἀμὴν
518 4389 581 4399 --
637 4361 796 4430 φέρει.

221 4445 320 4500 διὰ
375 4443 800 4520 παραδείγματος
859 4443 1227 4500 ἀποδείκνυσιν
1295 4450 1375 4500 ὃτι
1431 4453 1690 4522 συμφέρον
1744 4456 1832 4502 καὶ

880 4359 1350 4432 [Ιαραμυθούμενος
1416 4363 1537 4421 τούς
1593 4361 1835 4431 μαθητὰς

221 4535 506 4608 ἀναγκαῖον
570 4536 842 4589 ἀποθανεῖν
910 4537 1082 4590 αὐτόν.
1155 4541 1354 4610 Τρόπον
1417 4541 1518 4610 γὰρ
1598 4542 1745 4591 σίτου
1805 4542 1830 4591 ό

226 4629 444 4688 θάνατος
494 4627 609 4696 (66)
667 4626 827 4678 αύτοῡ
866 4625 1081 4686 πολλοὺς
1135 4633 1539 4700 καρποφορήσει,
1575 4634 1663 4680 καὶ
1693 4649 1830 4699 γονι-

222 4722 463 4789 μώτατος
498 4719 646 4768 ἔσται
691 4720 778 4767 καὶ
815 4711 1105 4789 κερδαλέος.
1161 4719 1256 4768 Διά
1303 4722 1396 4774 τὴν
1444 4717 1827 4792 προρρηθεῖσαν

223 4808 328 4879 γὰρ
379 4805 548 4858 αἰτίαν
593 4809 723 4878 μετά
777 4807 861 4856 τόν
912 4806 1129 4857 θάνατον
1184 4805 1345 4858 αύτοϋ
1397 4806 1599 4878 ἔμελλον
1653 4810 1702 4859 οἱ
1730 4829 1826 4880 μα-

226 4897 386 4954 θηταὶ
442 4896 557 4967 (67)
615 4894 775 4946 αὐτού
833 4893 1192 4952 ἀποσταλῆναι
1250 4895 1318 4957 εἰς
1373 4899 1430 4947 τὸ
1497 4896 1827 4968 μαθητεῦσαι

1987 604 2125 672 bat;
2160 606 2333 662 turba
2360 619 2494 661 vero
2527 620 2731 660 eorum
2769 604 2874 676 qui
2929 603 3265 671 audierant,
3312 603 3548 662 obviam
3588 607 3643 664 ei

1985 711 2124 752 cum
2154 695 2267 752 illis
2302 694 2607 766 processit.

2054 786 2215 842 Vers.
2255 791 2338 842 t9.
2368 785 2660 841 Pharisaei
2685 799 2906 854 ergo—
2936 783 3103 840 abiit.
3132 783 3416 841 Mnndum
3438 784 3646 843 dicunt

1982 874 2607 931 multitudinem.Post
2643 889 2777 930 eum
2827 874 2993 938 abiit,
3047 873 3162 929 hoc
3215 879 3325 942 est,
3376 875 3644 946 sequitur

1983 981 2141 1020 eum.
2176 966 2235 1020 Si
2265 965 2443 1034 igitur
2463 980 2568 1035 per
2599 963 2930 1020 Pbarisaeos
2955 962 3248 1033 intelligas
3267 963 3644 1021 insidiatores

1982 1055 2095 1110 sibi
2120 1055 2263 1127 ipsis
2286 1054 2693 1125 indignantur,
2720 1053 2880 1126 quod
2907 1069 3030 1125 prae
3057 1053 3307 1123 segnitie
3336 1053 3484 1109 nihil
3509 1070 3644 1126 pro-

1983 1144 2186 1200 ﬁciant
2218 1161 2232 1212 ;
2265 1145 2313 1200 si
2339 1160 2482 1200 vero
2533 1159 2662 1211 eos,
2713 1143 2819 1215 qui
2862 1141 3261 1208 crediderant,
3303 1144 3408 1200 sed
3457 1144 3640 1202 ﬁdem

1981 1239 2221 1307 propter
2240 1234 2496 1290 aliorum
2526 1233 2805 1289 timorem
2825 1232 3224 1298 occultabant,
3247 1232 3640 1304 indignantur

1977 1324 2135 1396 apud
2161 1340 2222 1379 se
2261 1322 2729 1389 insidiatoribus,
2779 1322 2947 1396 quod
3006 1321 3227 1379 frustra
3271 1321 3637 1390 laborarent,

1976 1413 2246 1486 nihilque
2269 1412 2646 1486 proﬁcerent.

2185 1610 2337 1664 CAP.
2371 1608 2489 1663 XV.
2521 1609 2605 1665 De
2636 1608 2854 1665 Graecis
2879 1607 2984 1680 qui
3028 1611 3417 1664 accesserunt.

2043 1716 2205 1772 Vers.
2278 1721 2366 1773 20.
2423 1716 2861 1786 Erant-feto.
2921 1713 3076 1772 Multi
3112 1714 3408 1788 siquidem
3453 1713 3638 1772 Graeci

1971 1806 2194 1862 cultum
2212 1807 2521 1862 amantesJ
2531 1805 2862 1874 udmorum,
2885 1807 2941 1860 et
2957 1805 3270 1876 cupientes
3283 1804 3410 1861 ﬁeri
3433 1819 3637 1877 prose-

1768 1864 1857 1969 ῗαὶ
1901 1875 1940 1930 Β
1975 1897 2075 1969 lyti
2098 1895 2578 1952 ascendebantet
2609 1864 2942 1952 adorabant
2985 1864 3055 1950 in‘
3072 1893 3240 1951 festo.

2041 2095 2210 2150 Vers.
2246 2097 2334 2148 2t.
2368 2093 2451 2148 Hi
2473 2124 2538 2133 —
2573 2092 2788 2149 videre.
2817 2091 2964 2148 Cum
2985 2090 3059 2148 de
3087 2091 3219 2164 ejus
3241 2090 3406 2149 fama
3427 2090 3633 2148 audis-

1972 2189 2120 2249 sent,
2144 2183 2394 2255 cupiunt
2423 2199 2561 2238 eum
2587 2182 2804 2238 videre.

2039 2273 2203 2329 Vers.
2260 2273 2347 2326 22.
2409 2273 2573 2328 Venit
2640 2303 2710 2312 -—
2743 2271 3013 2328 Andreae.
3079 2272 3156 2326 De
3210 2269 3429 2326 Graecis
3503 2269 3631 2327 istis

1971 2367 2259 2434 tanquam
2292 2362 2528 2432 majori.

2041 2452 2206 2508 Vers.
2229 2451 2319 2508 22.
2355 2451 2745 2522 Rursumque.
2772 2450 3010 2505 —Vers.
3044 2451 3137 2507 23.
3178 2448 3449 2505 hominis.
3481 2447 3632 2515 Quia

1966 2545 2108 2596 tunc
2135 2540 2400 2596 futurum
2462 2545 2607 2604 erat,
2643 2544 2706 2594 ut
2764 2544 3111 2603 moreretur,
3154 2554 3292 2594 cum
3339 2537 3529 2593 Judaei
3557 2539 3630 2594 de

1967 2631 2096 2702 ejus
2117 2635 2305 2686 morte
2326 2630 2681 2686 sententiam
2706 2629 2993 2695 tulissent,
3013 2632 3220 2700 gentes
3242 2643 3380 2683 vero
3395 2626 3471 2682 ad
3489 2643 3629 2683 eum

1966 2720 2248 2775 accedere
2280 2720 2618 2791 coepissent.
2681 2721 2846 2775 Nunc
2892 2722 3093 2774 autem
3149 2721 3205 2773 et
3251 2717 3366 2773 hoc
3399 2720 3453 2772 et
3483 2715 3630 2772 illud

1964 2807 2187 2864 factum
2229 2814 2316 2863 est
2358 2825 2371 2874 ;
2407 2824 2549 2864 nam
2579 2812 2634 2864 et
2658 2807 2800 2862 dicti
2847 2805 3038 2862 Graeci
3077 2823 3107 2861 e
3137 2805 3413 2875 gentibus
3438 2809 3626 2862 erant.

1963 2897 2058 2952 Ait
2099 2916 2111 2952 :
2147 2897 2318 2952 Venit
2353 2902 2616 2969 tempus,
2649 2901 2709 2951 ut
2735 2896 2970 2960 moriar,
3002 2894 3296 2966 siquidem
3326 2900 3456 2966 post
3475 2908 3629 2950 mor-

1964 2992 2079 3041 tem
2097 3003 2162 3042 ac
2178 2986 2673 3042 resurrectionem
2689 2984 3112 3054 gloriﬁcandus
3131 2989 3252 3039 erat
3269 2982 3328 3038 in
3343 2981 3625 3038 omnibus

1963 3074 2594 3145 gentibus,pra3dicalo
2626 3072 2940 3145 Evangelio
2959 3071 3018 3128 in
3051 3072 3332 3128 universo
3359 3071 3616 3128 mundo.

1962 3163 2231 3237 Cumque
2309 3163 2651 3219 exstinxisse
2679 3162 2789 3218 sibi
2869 3162 2978 3217 visi
3047 3166 3189 3217 sunt
3242 3160 3433 3217 Judmi
3492 3161 3625 3232 ejus

1962 3251 2234 3322 gloriam,
2277 3258 2419 3309 tunc
2447 3253 2506 3308 in
2533 3252 2814 3307 universo
2836 3251 2980 3307 orbe
3013 3251 3204 3322 magis
3223 3249 3612 3322 resplenduit.

2033 3341 2184 3408 Quia
2209 3357 2346 3413 ergo
2366 3341 2558 3398 Judaei
2576 3357 2714 3397 cum
2727 3340 3152 3397 deliberatione
3167 3338 3523 3397 sententiam
3544 3339 3622 3396 de

1958 3450 2087 3520 ejus
2114 3454 2303 3506 morte
2333 3448 2604 3518 tulerant,
2634 3447 2949 3519 indignum
2990 3453 3115 3504 erat
3149 3447 3244 3502 Dei
3271 3446 3522 3518 justitia,
3557 3452 3622 3503 ut

1957 3539 2178 3595 diutius
2207 3539 2372 3611 apud
2403 3537 2761 3595 incurabiles
2789 3541 3182 3610 permaneret,
3228 3552 3475 3608 eosque,
3513 3537 3619 3610 qui

1956 3629 2026 3684 ad
2058 3629 2433 3686 sanationem
2475 3628 2666 3699 parati
2705 3633 2892 3694 erant,
2943 3626 3292 3699 despiceret.
3338 3626 3400 3681 Et
3431 3641 3618 3698 quare

1955 3724 2096 3774 tunc
2127 3718 2205 3774 ad
2253 3724 2456 3791 gentes
2505 3733 2627 3772 non
2684 3717 2952 3772 transivit
3008 3716 3035 3770 ?
3086 3714 3157 3772 Ut
3203 3731 3448 3771 omnem
3506 3715 3614 3788 (ee)

1954 3807 2288 3864 Judmorum
2305 3808 2372 3862 de
2389 3806 2628 3877 perﬁdia
2641 3807 3088 3878 responsionem
3111 3804 3610 3862 circumcluderet:

1956 3913 2078 3952 non
2109 3897 2304 3953 solum
2334 3896 2496 3952 enim
2526 3897 2648 3968 ipse
2677 3911 2800 3951 non
2831 3896 3122 3960 transivit,
3147 3894 3253 3950 sed
3283 3911 3392 3951 nec
3438 3890 3612 3950 disci-

1954 3987 2126 4058 pulos
2148 3987 2209 4042 in
2254 3989 2406 4042 viam
2435 3987 2699 4058 gentium
2727 3985 2892 4042 abire
2941 3985 3226 4057 permisit,
3273 4001 3614 4058 passusque

1952 4075 2030 4132 ab
2061 4075 2306 4150 ingratis
2339 4076 2675 4140 innumera,
2709 4090 2830 4131 non
2880 4073 3115 4146 reliquit
3158 4073 3310 4140 illos,
3358 4073 3606 4138 docens,

1951 4183 2175 4222 sanans
2207 4183 2276 4222 ac
2308 4165 2504 4222 modis
2530 4165 2812 4222 omnibus
2845 4164 3130 4221 beneﬁcia
3149 4167 3466 4237 praestans,
3508 4165 3610 4220 do-

1947 4271 2056 4311 nec
2084 4254 2253 4311 illum
2287 4255 2652 4311 occiderunt.

2017 4364 2182 4419 Vers.
2208 4366 2296 4420 24.
2324 4365 2515 4418 Amen
2547 4392 2608 4403 —
2643 4361 2840 4432 affert.
2877 4360 3210 4432 Discipulos
3237 4359 3598 4428 consolatur,

1941 4451 2264 4508 ostendens
2289 4467 2395 4522 per
2410 4449 2774 4523 exemplum,
2791 4449 2956 4522 quod
2983 4449 3120 4506 utile
3146 4449 3302 4506 sitae
3328 4464 3604 4507 necessa-

1941 4542 2100 4600 rium
2159 4545 2219 4596 ut
2274 4542 2400 4614 ipse
2432 4541 2718 4596 moriatur
2754 4555 2769 4604 ;
2803 4555 2946 4596 nam
3001 4539 3060 4594 in
3120 4539 3360 4596 modum
3425 4539 3602 4596 tritici

1943 4647 2104 4686 mors
2133 4630 2265 4703 ejus
2296 4631 2512 4686 multos
2533 4629 2737 4686 afferet
2762 4628 3012 4698 fructus,
3046 4627 3277 4702 eritque
3307 4628 3510 4686 fertilis
3530 4645 3602 4686 ac

1941 4719 2118 4777 utilis.
2151 4720 2396 4792 Propter
2425 4717 2776 4791 praedictam
2815 4718 2974 4774 enim
3007 4734 3256 4774 causam
3285 4722 3420 4791 post
3449 4735 3602 4776 mor-

1939 4813 2056 4865 tem
2083 4825 2249 4865 suam
2278 4808 2606 4880 discipulos
2636 4824 2777 4865 suos
2802 4808 3091 4865 missurus
3119 4813 3247 4864 erat
3296 4808 3354 4863 in
3387 4824 3601 4865 omnes

1937 4903 2239 4969 gentes,ut
2271 4899 2403 4971 jam
2429 4913 2592 4954 mors
2611 4898 2744 4969 ejus
2773 4897 2885 4952 vita
2921 4902 3076 4954 esset
3132 4897 3425 4968 gentium.
3456 4898 3599 4953 Hor-

1426 5126 1649 5195 Variae
1689 5128 2013 5196 lectiones
2035 5137 2099 5195 et
2129 5137 2330 5196 notae.

289 5376 400 5441 (62)
433 5375 765 5437 Ἠσπάζοντο
795 5377 860 5431 Α.

311 5448 401 5518 63)
459 5453 653 5520 Πρώτῳ
699 5447 1149 5520 corrigendum,
1213 5447 1462 5504 refertur
1519 5449 1676 5504 enim
1745 5448 1821 5504 ad

214 5518 432 5591 ἁνδρέᾳ.
476 5518 664 5591 Atque
694 5518 777 5591 ita
809 5521 1150 5575 Hentenius.

290 5590 403 5662 (64)
437 5590 640 5644 Μᾶλλον
673 5590 836 5647 abest
866 5595 934 5646 A.

2007 5377 2122 5444 (65)
2154 5376 2387 5433 Inclusa
2415 5375 2634 5432 absunt
2658 5381 2722 5434 Α.

2007 5449 2119 5518 (66)
2151 5451 2353 5511 Αύτούς
2380 5450 2607 5504 omisso
2632 5449 2851 5512 πολλούς
2865 5457 2946 5506 Β.“

2005 5521 2117 5593 (67)
2145 5523 2318 5575 Αὐτοῦ
2345 5521 2518 5578 abest
2541 5526 2607 5576 Α.

290 5795 417 5868 ἔδαε)
443 5796 526 5855 tU
548 5812 793 5863 omnem,
824 5800 934 5853 etc.
965 5797 1032 5855 llt
1061 5813 1304 5856 omnem
1334 5797 1705 5872 ingratorum
1742 5797 2086 5857 Judaaorum
2116 5800 2562 5859 excusationem
2587 5797 2827 5859 tolleret.
