4108 6382
550 373 691 430 1363
1869 365 2221 426 EUTHYMII
2262 362 2597 425 ZIGABENI
3786 361 3913 420 4364

549 505 670 557 tem
700 495 1348 569 autemtriticiiutellige
1364 495 1505 553 mihi
1536 495 2171 569 corruptionemipsius

2320 496 2490 548 πάντα
2554 496 2618 547 τα
2674 494 2813 562 ἔθνη,
2872 496 2961 545 καὶ
3020 490 3198 546 λοιπὸν
3254 492 3278 545 ὁ
3332 492 3543 553 θανάτος
3601 490 3762 543 αὑτοῦ
3818 492 3910 552 ζωή

553 589 778 647 Deinde
793 588 925 645 illos
939 603 1181 660 quoque
1195 586 1483 653 accendit,
1510 592 1573 642 ut
1591 592 1841 641 mortem
1856 584 2175 657 despiciant

2321 594 2420 637 τῶν
2446 584 2617 639 ἐθνῶν,
2644 586 2868 636 Θάνατον
2904 579 2961 635 δὲ
2991 586 3140 636 σίτου
3163 586 3264 635 νόει
3289 602 3378 655 μοι
3406 587 3499 641 τὴν
3528 583 3722 654 φθορὰν
3753 580 3914 633 αὑτοῦ.

552 696 665 736 nec
696 680 751 735 in
778 678 1092 751 propositis
1129 678 1407 749 periculis
1464 676 1786 732 retinendae
1836 675 1969 731 vitae
2008 676 2174 747 cupic

2323 672 2448 727 Εἶτα
2515 675 2812 748 παραθήγει
2913 678 3003 725 καὶ
3091 672 3277 733 αὐτούς
3368 671 3450 724 ἐπὶ
3547 674 3603 723 τὸ
3680 690 3920 743 καταφρο-

557 770 695 835 sint,
738 785 919 841 supra
950 766 1152 838 ﬁdem,
1180 783 1309 841 quae
1336 768 1394 822 in
1419 767 1619 839 ipsum
1647 771 1757 823 est.

2320 772 2419 817 νεῖν
2452 770 2540 815 τοῦ
2591 764 2834 823 Θανάτου,
2880 767 2969 814 καὶ
3001 766 3071 834 μὴ
3113 761 3424 833 φιλοψυχεῖν
3456 760 3504 812 ἓν
3534 767 3639 821 τοῖς
3670 764 3919 833 προκειμέ-

2322 872 2430 915 νοις
2459 848 2717 911 κινδύνοις
2747 853 2873 924 ὑπὲρ
2906 859 2997 911 τῆς
3029 851 3101 913 εἰς
3134 851 3289 903 αὐτόν
3320 855 3570 912 πίστεως,

629 949 792 1005 Vers.
837 951 923 1004 25.
959 946 1066 1014 Qui
1093 977 1162 988 —
1188 961 1342 1003 eam.
1394 946 1503 1013 Qui
1533 950 1801 1017 tempore
1843 944 2109 1016 martyrii
2138 943 2219 997 vi-

2395 940 2454 994 Ὀ
2490 972 2553 981 η-
2597 941 2778 998 αὑτήν.
2830 939 2889 991 Ὀ
2944 939 3253 1012 φιλοψυχοῖη
3310 938 3358 990 ἐν
3417 947 3585 1012 καιρῷ
3640 937 3756 1009 (68)
3808 958 3920 1012 μαρ-

552 1042 631 1095 ‘tas
662 1036 985 1094 retinendae
1014 1036 1271 1107 cupidus
1304 1040 1409 1100 est,
1469 1035 1804 1106 obsequens
1839 1036 2053 1089 animas
2097 1049 2174 1087 su.

2326 1036 2529 1104 τυρίον,
2582 1032 2607 1082 ὁ
2638 1031 2985 1105 χαριζόμενος
3026 1038 3086 1102 τῇ
3130 1030 3284 1102 ψυχῇ
3321 1032 3465 1102 παρὰ
3503 1032 3559 1080 τὸ
3610 1024 3749 1090 δέον,
3791 1030 3814 1079 ὁ
3854 1049 3917 1099 φι-

558 1128 695 1201 plus
718 1143 901 1199 quam
926 1130 1216 1197 oporteat,
1241 1140 1454 1181 amans
1476 1140 1609 1180 eam
1631 1124 1786 1180 male
1804 1123 2180 1194 concupiscet

2326 1121 2424 1173 λῶν
2480 1120 2640 1177 αὐτὴν
2716 1118 3072 1191 ἐπιθυμοῦσαν
3121 1126 3316 1180 κακῶς⁸
3376 1123 3461 1176 Μὴ
3549 1120 3771 1191 πορεύου
3823 1118 3917 1183 (69)

560 1220 677 1272 tem
705 1232 719 1270 :
757 1217 846 1271 Ne
874 1214 1197 1286 gradiaris,
1236 1216 1336 1279 ait,
1368 1215 1431 1269 in
1490 1213 1974 1282 concupiscentiis
2006 1211 2182 1267 anim.

2327 1214 2452 1283 γὰρ,
2514 1214 2690 1281 φησὶν,
2750 1208 2798 1260 ἕν
2843 1216 2954 1268 ταῖς
3006 1206 3307 1279 ἐπιθυμίαις
3357 1215 3451 1268 τῆς
3503 1206 3695 1279 ψυχῆς
3749 1226 3856 1259 σου·
3901 1208 3920 1256 ό

554 1306 756 1362 tum“.
787 1305 894 1372 Qui
917 1308 1081 1359 amat
1110 1319 1246 1358 eam
1285 1318 1468 1375 supra
1502 1302 1712 1367 Deum,
1757 1301 1959 1373 perdet
1992 1316 2125 1356 eam
2163 1301 2176 1353 i

2333 1300 2487 1372 φιλῶν
2542 1298 2703 1356 αὐτὴν
2742 1300 2886 1371 παρὰ
2945 1300 3029 1349 τόν
3084 1300 3212 1350 Θεὸν
3255 1295 3495 1349 ἀπολέσει
3544 1297 3710 1355 αὐτὴν
3772 1294 3816 1347 ἐν
3863 1304 3922 1365 τῷ

559 1394 762 1451 futuro
811 1393 1052 1457 saeculo,
1093 1393 1209 1448 hoc
1251 1397 1339 1447 est
1394 1393 1455 1447 in
1513 1391 1874 1464 supplicium
1931 1390 2176 1461 conjicie

2332 1389 2565 1462 μέλλοντι
2614 1388 2783 1455 αἰῶνι,
2839 1386 3133 1460 [τουτέστιν
3170 1387 3305 1458 (ΤΟ),
3349 1387 3419 1447 εἰς
3462 1385 3685 1438 κόλασιν
3716 1384 3920 1458 ἐμϐαλεῖ,

562 1488 629 1541 ut
656 1482 759 1555 qui
786 1482 967 1538 fidem
1004 1481 1338 1551 prodiderit.

2336 1482 2400 1539 ὡς
2422 1473 2823 1552 προδεδωκυῖαν
2856 1480 2948 1534 τὴν
2976 1476 3198 1546 πίστιν.]

636 1574 800 1629 Vers.
831 1574 918 1628 25.
946 1572 1111 1627 Et—
1141 1586 1289 1627 eam.
1340 1570 1447 1636 Qui
1478 1570 1841 1625 contrarium
1902 1568 2061 1639 facit,
2113 1568 2228 1623 hoc

2410 1573 2509 1620 Καὶ
2554 1597 2624 1606 —
2682 1566 2869 1624 αὑτήν,
2917 1572 2975 1617 Ὀ
3026 1564 3318 1616 τούναντίον
3374 1573 3557 1633 ποιῶν,
3600 1568 3761 1635 ἤγουν
3807 1566 3922 1635 ὁμὴ

564 1666 669 1733 est,
726 1661 832 1734 qui
856 1659 1178 1716 retinendae
1202 1660 1330 1715 vita:
1363 1675 1485 1733 non
1518 1659 1695 1713 nimis
1719 1659 1973 1730 cupidus
2005 1662 2109 1723 est,
2173 1673 2186 1711 ι

2338 1656 2667 1730 φιλοψυχῶν,
2700 1660 2788 1707 καὶ
2819 1658 2883 1707 τα
2916 1653 3048 1717 ἑξῆς.
3096 1654 3281 1727 Εἳρηκε
3335 1650 3394 1706 δε
3423 1662 3645 1706 τοιαῦτα
3688 1658 3775 1705 καὶ
3818 1657 3929 1725 πρὸς

568 1758 797 1807 cratera.
815 1750 1042 1806 Similia
1062 1765 1307 1823 quoque
1330 1749 1476 1804 dixit
1499 1749 1667 1820 juxta
1690 1748 1865 1803 finem
1881 1747 2096 1803 decimi
2115 1762 2190 1803 no

2336 1755 2407 1799 τώ
2456 1745 2588 1798 τέλει
2649 1752 2740 1796 τοῦ
2805 1741 3261 1796 ἐννεακαιδεκάτου
3342 1743 3623 1816 κεφαλαίου
3675 1751 3764 1795 τοῦ
3814 1746 3930 1794 κατὰ

566 1842 625 1897 ni
649 1842 823 1912 juxta
853 1839 1190 1896 Matthasum
1221 1838 1454 1909 capitis,
1488 1843 1544 1893 et
1573 1837 1788 1893 aliisin
1830 1837 1998 1893 locis.

1600 1837 1708 1893 tlllS
1732 1840 1788 1892 in
1830 1837 1998 1893 locis.
2264 1858 2306 1912 Β
2340 1834 2609 1889 Μάτθαῖον
2640 1832 2754 1907 [καὶ
2785 1833 2898 1905 (7i)
2932 1832 2979 1884 ἐν
3008 1832 3222 1906 ᾱίλλοις.]

642 1932 806 1986 Vers.
854 1932 945 1986 26.
972 1930 1040 1985 Si
1070 1960 1137 1968 -—
1167 1934 1469 1999 sequatur.
1510 1930 1592 1983 Me
1633 1932 1941 1999 sequatur,
1973 1942 2076 1998 per
2106 1925 2233 1980 imi-

2414 1925 2532 1978 Ἐὰν
2606 1955 2675 1963 -
2758 1921 3120 1976 ἀκολουθείτω.
3214 1922 3360 1975 Ἐαοὶ
3436 1920 3784 1973 ἀκολουθείτω
3854 1915 3931 1971 διὰ

566 2018 874 2084 tationem,
903 2018 1016 2073 hoc
1045 2020 1153 2081 est,
1195 2016 1243 2071 si
1272 2016 1410 2089 quis
1435 2031 1604 2071 meus
1633 2016 1878 2070 voluerit
1906 2030 2036 2069 esse
2069 2014 2187 2069 disc

2344 2018 2635 2087 μιμήσεως,
2710 2016 2975 2065 τουτέστιν
3058 2010 3140 2063 ἐὰν
3218 2010 3331 2084 ἐμοὶ
3415 2012 3778 2082 μαθητεύηταί
3846 2028 3930 2069 τις,

567 2107 767 2181 pulus,
798 2122 893 2161 me
919 2106 1197 2161 imitetur.
1233 2104 1768 2170 Quemadmodum
1800 2103 1959 2159 enim
1990 2118 2189 2158 necess

2346 2103 2430 2176 ἐμὲ
2462 2104 2753 2175 μιμείσθω,
2818 2100 3020 2174 Ὠσπερ
3074 2104 3175 2174 γὰρ
3231 2100 3511 2172 ἀναγκαῖον
3561 2105 3652 2152 τόν
3696 2101 3930 2170 ὑπηρέτην

571 2201 660 2255 est
694 2196 1032 2251 ministrum
1065 2194 1231 2266 sequi
1250 2194 1589 2258 dominum,
1620 2193 1702 2250 ita
1716 2209 1956 2266 quoque
1984 2191 2193 2264 discipt

2348 2194 2564 2246 ἔπεσθαι
2617 2200 2688 2262 τῷ
2745 2195 2930 2264 κυρίῳ,
2995 2191 3128 2242 οὕτω
3178 2194 3390 2243 καὶτὸν
3438 2191 3681 2262 μαθητὴν
3742 2197 3811 2259 τῷ
3863 2184 3932 2239 δι-

570 2284 696 2340 lum
723 2288 947 2357 oportet
981 2284 1149 2356 sequi
1176 2287 1629 2355 praeceptorem.

1004 2284 1149 2356 equi
1176 2287 1629 2355 praeceptorem.
2351 2280 2626 2353 δασκάλῳ.

644 2376 805 2430 Vers.
838 2376 925 2429 26.
986 2374 1064 2430 Et
1116 2374 1345 2430 -erit.
1398 2375 1510 2428 Aut
1559 2371 1720 2428 idem
1761 2387 2003 2428 rursum
2055 2375 2242 2442 prote-

2423 2375 2523 2423 Καὶ
2576 2402 2643 2411 —
2680 2372 2846 2423 ἔσται.
2895 2370 2963 2422 Ἠ
3009 2369 3162 2423 πάλιν
3212 2372 3269 2422 τό
3326 2369 3453 2421 αὐτὸ
3484 2369 3625 2441 λέγει
3661 2364 3935 2439 διαμαρτυ-

573 2468 737 2519 stans
758 2462 915 2529 dicit,
943 2468 1419 2534 aut,'postquam
1435 2462 1507 2517 de
1531 2463 1807 2534 praesenti
1829 2461 2124 2517 malorum
2160 2466 2195 2516 tt

2350 2464 2577 2533 ρόμενος,
2629 2460 2659 2518 ἡ
2726 2464 2843 2533 περὶ
2902 2468 2997 2521 τῆς
3048 2462 3335 2519 ἐνεστώσης
3387 2460 3741 2518 κακοπαθείας
3784 2456 3933 2521 εἰπὼν,

574 2552 824 2608 lerantia
853 2552 1117 2621 dixit,de
1157 2551 1357 2607 futura
1412 2553 1591 2607 etiam
1645 2550 1872 2607 addidit
1918 2549 2196 2605 fruitione

2352 2552 2642 2623 προσέθηκε
2694 2554 2782 2601 καὶ
2838 2554 2956 2621 περὶ
3012 2557 3109 2609 τῆς
3160 2548 3450 2620 μελλούσης
3504 2547 3836 2608 ἀπολαύσεως
3870 2548 3935 2596 ότι

574 2642 682 2708 Qui
715 2658 807 2697 me
835 2641 1103 2714 sequitur
1128 2641 1189 2696 in
1217 2642 1438 2699 ccelum
1469 2640 1847 2695 conscendet.

2351 2640 2409 2689 Ὀ
2440 2637 2553 2711 ἐμοὶ
2586 2636 2879 2689 ἀκολουθῶν
2912 2642 2978 2698 εὶς
3006 2641 3091 2689 τὸν
3122 2637 3337 2711 οὐρανόν
3371 2636 3532 2695 ἀναϐἠ
3546 2656 3713 2691 σεται.

645 2732 806 2787 Vers.
838 2731 926 2786 26.
974 2731 1051 2785 Ει
1086 2761 1152 2770 -
1195 2733 1395 2786 Pater.
1458 2729 1822 2785 Gloriﬁcabit
1892 2745 2053 2794 eum,
2115 2733 2245 2784 tan-

2429 2733 2527 2780 Καὶ
2580 2758 2648 2766 -
2706 2730 2907 2801 Πατὴρ.
2961 2726 3175 2789 Δοξάσει
3230 2726 3407 2792 αὑτὸν,
3459 2729 3523 2786 ὡς
3563 2728 3821 2797 ὑπηρέτην
3864 2731 3938 2775 τοῦ

576 2837 761 2895 quam
781 2819 1119 2876 ministrum
1141 2819 1383 2889 legitimi
1417 2820 1536 2876 Filii
1566 2820 1677 2875 sui.
1702 2820 1820 2875 Hoc
1844 2826 2041 2875 autem
2073 2819 2195 2875 dixi

2352 2822 2573 2888 γνησίου
2601 2816 2722 2869 Υἱοῦ
2764 2815 2944 2869 αὑτοῦ.
2978 2822 3139 2868 Τοῦτο
3181 2812 3240 2867 δὲ
3272 2812 3397 2881 εἷπε,
3433 2812 3575 2867 διότι
3616 2818 3692 2868 ἔτι
3724 2818 3806 2867 τόν
3845 2821 3937 2865 Πα-

577 2910 868 2983 quoniam
898 2909 1096 2965 adhuc
1116 2910 1348 2965 Patrem
1365 2925 1493 2963 esse
1522 2910 1814 2979 majorem
1844 2925 1914 2964 eo
1933 2908 2195 2981 putaban

2351 2911 2473 2981 τέρα
2526 2906 2739 2978 μείζονα
2803 2905 2963 2957 αὑτοῦ
3018 2904 3272 2976 ἐνόμιζον.
3326 2904 3436 2958 Ἰνα
3490 2901 3548 2956 δι
3595 2909 3667 2975 μὴ
3720 2907 3830 2976 εῖττη
3874 2921 3938 2961 τις

578 3000 657 3055 Ne
688 2999 823 3071 quis
854 3004 1055 3055 autem
1083 2998 1261 3066 dicat,
1288 2998 1452 3070 quod
1481 2998 1651 3054 facile
1673 3001 1743 3054 de
1771 3004 1956 3054 morte
1983 2998 2200 3071 philosc

2353 2998 2432 3048 ὅτι
2491 2996 2635 3056 ἐκτός
2700 3002 2791 3055 τῆς
2869 2993 3198 3068 ἀνθρωπίνης
3273 2993 3534 3055 ἀσθενείας
3621 2999 3689 3045 ὧν
3752 2992 3939 3050 εὐκόλως

576 3089 817 3161 phatur,
853 3088 1034 3160 utqui
1060 3094 1228 3144 extra
1276 3089 1606 3144 humanam
1637 3089 1711 3143 sit
1762 3088 2198 3144 imbecillitaten

2355 3088 2469 3159 περὶ
2519 3087 2740 3137 θανάτου
2793 3083 3077 3155 φιλοσοφεῖ,
3156 3079 3423 3136 δείκνυσιν
3489 3085 3569 3135 ὅτι
3650 3089 3739 3136 καὶ
3806 3082 3939 3139 αὑτὸς

580 3178 859 3243 ostendit,
884 3178 1118 3250 quodet
1149 3178 1296 3250 ipse,
1331 3186 1622 3250 tanquam
1653 3178 1858 3243 homo,
1894 3178 2136 3234 indutus
2160 3195 2202 3233 es

2313 3196 2315 3247 ς
2357 3177 2420 3235 ὡς
2466 3176 2735 3246 ἄνθρωπος
2792 3178 3079 3247 περίκειται
3131 3177 3225 3231 τὴν
3278 3172 3544 3226 ἀσθένειαν
3590 3182 3687 3235 τῆς
3742 3175 3935 3245 φύσεως.

581 3273 810 3324 naturas
832 3268 1193 3333 inﬁrmitate,
1229 3266 1364 3322 ideo
1386 3267 1580 3339 primo
1604 3273 1832 3324 natura:
1866 3267 2156 3333 concedit,
2186 3285 2203 3323 ι

2358 3268 2444 3316 Διό
2498 3272 2699 3338 πρῶτον
2778 3265 2868 3335 μὲν
2943 3270 3217 3335 συγχωρεῖ
3281 3271 3345 3335 τῇ
3416 3265 3566 3335 φύσει
3620 3264 3842 3334 πάσχειν
3894 3263 3938 3311 τὸ

582 3357 747 3429 quod
766 3374 937 3412 suum
956 3363 1043 3413 est
1075 3356 1581 3429 patiatur,deinde
1614 3358 1876 3429 seipsum
1893 3357 1970 3412 ad
1998 3357 2204 3412 tolerat

2356 3350 2517 3417 ἴδιον,
2551 3350 2661 3406 εἶτα
2708 3353 3093 3427 παραθαρῥύνει
3136 3352 3314 3404 ἑαυτόν
3363 3352 3433 3414 εἰς
3463 3356 3521 3404 τὸ
3553 3352 3821 3425 ὑπομεῖναι
3865 3346 3941 3402 διὰ

584 3446 727 3502 tiam
755 3445 1061 3509 confortat,
1088 3450 1329 3517 propter
1355 3444 1413 3500 id
1447 3445 1605 3517 quod
1647 3446 2051 3501 necessarium
2071 3451 2156 3502 est
2180 3464 2206 3501 a

2138 3451 2248 3502 tac
2357 3447 2415 3495 τό
2445 3442 2725 3515 ἀναγκαῖον
2754 3446 2843 3493 καὶ
2872 3446 3163 3517 χρήσιμον.
3197 3442 3332 3517 Ὀρα
3369 3445 3471 3515 γὰρ
3505 3447 3556 3495 τί
3591 3459 3760 3515 pum;

583 3535 745 3591 utile.
776 3535 923 3590 Vide
955 3536 1115 3591 enim
1148 3535 1285 3607 quid
1319 3532 1479 3591 dicat
1510 3552 1522 3589 :

657 3625 827 3680 Vers.
859 3626 950 3679 27.
993 3624 1171 3680 Nunc
1209 3656 1279 3666 —
1310 3626 1549 3680 turbata
1592 3631 1694 3679 est.
1740 3632 2009 3680 Humano
2066 3627 2250 3683 modo

2431 3630 2537 3675 Νῦν
2631 3652 2700 3662 —
2781 3623 3115 3696 τετάρακται.
3189 3620 3544 3693 Ἀνθρωπίνως
3628 3617 3942 3693 τεθορύϐηται

588 3718 894 3770 commota
924 3729 1149 3784 angore
1187 3712 1439 3785 trepidat
1467 3718 1709 3787 propter
1734 3713 2054 3770 instantem
2095 3732 2210 3772 m0]

1846 3721 2054 3770 :antem
2095 3732 2250 3772 mor.
2363 3711 2642 3784 ἀγωνιῶσα
2670 3707 2763 3763 διὰ
2801 3714 2887 3763 τόν
2919 3710 3196 3782 ἐγγίζοντα
3232 3712 3468 3763 θάνατον.

590 3807 732 3860 tem.

659 3893 832 3950 Vers.
864 3896 950 3948 27.
980 3887 1060 3948 Et
1089 3892 1237 3965 quid
1256 3893 1452 3949 dicam
1483 3892 1510 3947 ?
1543 3892 1733 3949 Hmret
1764 3909 1881 3965 prie
1917 3894 2152 3953 timore.

2140 3940 2152 3953 ,
2437 3895 2537 3943 Καὶ
2576 3894 2626 3942 τί
2654 3894 2778 3942 εῖπω
2804 3907 2817 3956 ;
2845 3889 3220 3963 Ἀπορούμενος
3258 3891 3357 3942 ὑπό
3385 3897 3475 3951 τῆς
3506 3888 3754 3960 ἀγωνίας.

662 3982 823 4039 Vers.
855 3987 943 4037 27.
972 3982 1152 4039 Pater
1182 4014 1242 4023 —
1270 3982 1403 4039 hac.
1426 3982 1633 4039 Libera
1665 3999 1759 4039 me
1787 4000 1858 4039 ex
1885 3984 1997 4039 hoc
2014 3984 2253 4041 terribili

2436 3982 2603 4053 Πάτερ
2659 4010 2729 4020 -
2780 3982 2996 4042 ταύτης.
3055 3980 3237 4032 Ῥῦσαί
3287 3999 3350 4052 με
3389 3979 3443 4031 ἐκ
3484 3986 3576 4032 τοῦ
3629 3986 3811 4053 καιροῦ
3852 3975 3944 4028 τού-

590 4087 661 4128 ac
694 4071 924 4128 funesto
947 4077 1234 4145 tempore.
1258 4073 1578 4146 Postquam
1606 4073 1831 4136 haec,ut
1865 4074 2064 4140 homo,
2092 4074 2206 4130 dixi

2364 4091 2476 4139 του,
2522 4078 2614 4121 τοῦ
2664 4068 2901 4145 φοϐεροῦ,
2947 4077 3039 4121 τοῦ
3073 4072 3455 4142 θανατηφόρου.
3496 4076 3677 4122 Ταῦτα
3725 4069 3865 4121 εἰπὼν
3893 4067 3947 4123 ὡς

589 4161 862 4218 humana
882 4161 1196 4218 formidine
1223 4162 1651 4230 circumdatus,
1682 4162 1941 4234 seipsum
1969 4162 2211 4219 refocillt

2364 4161 2632 4234 ἄνθρωπος
2688 4164 2777 4211 καὶ
2834 4161 2901 4221 ὡς
2958 4158 3284 4231 ἀνθρωπίνην
3344 4156 3541 4211 δειλίαν
3607 4155 3946 4233 περιϐεϐλημέ-

592 4267 661 4307 ac
691 4250 989 4307 confortat
1014 4251 1221 4306 dicens
1266 4268 1279 4306 :

2364 4270 2466 4313 νος,
2504 4248 2785 4300 ἀνακτᾶται
2817 4248 2995 4300 ἑαυτὸν
3026 4253 3115 4300 καὶ
3149 4248 3479 4323 ἐπιρρωννύει
3512 4247 3691 4319 λέγων·

664 4343 829 4397 Vers.
872 4343 960 4396 27.
994 4341 1109 4396 Sed
1140 4371 1207 4383 —
1238 4342 1410 4397 hanc.
1461 4342 1775 4413 Propterea
1821 4346 2089 4399 servatus
2122 4359 2256 4398 sum

2440 4337 2593 4389 Ἀλλὰ
2645 4370 2713 4377 -
2785 4340 2996 4395 ταύτην.
3054 4340 3147 4390 Διὰ
3217 4345 3369 4390 τοῦτο
3422 4336 3683 4411 ἐτηρήθην
3740 4338 3827 4395 ἕως
3873 4336 3946 4383 τοῦ

593 4431 656 4487 in
686 4430 801 4486 hoc
833 4434 1093 4501 tempus,
1118 4435 1181 4485 ut
1204 4446 1365 4485 nunc
1400 4446 1662 4487 morerer
1694 4450 1707 4499 ;
1737 4432 1865 4502 jam
1894 4432 2095 4503 itaque
2126 4433 2215 4487 vir

2367 4434 2453 4479 νῦν
2493 4436 2677 4501 καιροῦ
2733 4423 2827 4479 δια
2872 4430 2930 4478 τό
2981 4425 3254 4479 ἀποθανεῖν
3306 4426 3352 4478 ἐν
3417 4430 3602 4498 τούτῳ,
3664 4430 3752 4478 καὶ
3795 4423 3946 4475 λοιπὸν

592 4519 727 4574 liter
753 4518 902 4574 ferre
932 4524 1183 4590 oportet.
1216 4518 1432 4575 Relicta
1456 4535 1597 4589 ergo
1641 4520 1813 4575 nobis
1862 4520 2148 4575 naturalis
2194 4526 2214 4575 t

2324 4522 2479 4600 )χρὴ
2550 4522 2714 4590 φέρειν
2775 4520 3039 4586 γενναίως.
3098 4515 3390 4568 Ἀπολιπὼν
3462 4516 3549 4568 οὖν
3602 4518 3728 4588 ἡμῖν
3792 4515 3946 4584 μέτρον

595 4608 779 4663 moris
806 4622 1089 4664 mensura
1113 4623 1182 4663 ac
1222 4608 1581 4665 fortitudinis
1622 4614 2025 4672 monumento,
2056 4625 2217 4665 rursu

2374 4615 2601 4678 φυσικῆς
2662 4602 2881 4675 δειλίας,
2953 4610 3043 4657 καὶ
3116 4607 3460 4679 ὑπογραμμὸν
3524 4602 3756 4679 ἀνδρίας,
3821 4599 3947 4652 πάλιν

598 4696 681 4752 ait
709 4713 723 4751 :

2372 4695 2526 4767 λέγει·

669 4786 835 4841 Vers.
883 4790 973 4841 ‘28.
1043 4787 1227 4842 Pater
1264 4803 1581 4845 —nomen.
1608 4787 1779 4856 Quod
1802 4787 1966 4859 apud
1998 4788 2263 4843 caelestes

2449 4787 2614 4857 Πάτερ
2692 4816 2760 4824 --
2826 4789 3004 4857 ὄνομα.
3072 4780 3453 4855 Δεδοξασμένον
3518 4788 3570 4835 ὄν
3656 4784 3795 4857 παρὰ
3861 4782 3951 4832 ταῖς

595 4874 842 4931 virtutes
913 4875 1311 4945 glorificatum
1380 4881 1492 4941 est,
1555 4876 1827 4946 gloriﬁca
1874 4877 2052 4933 etiam
2120 4876 2217 4932 illu

2377 4874 2643 4947 οὐρανίαις
2677 4871 2954 4946 δυνάμεσι,
3000 4870 3225 4936 δοξασον
3276 4874 3401 4925 αύτό
3451 4879 3541 4925 καὶ
3580 4874 3723 4945 παρά
3750 4876 3847 4929 τοῖς
3883 4864 3950 4916 ἐπὶ

598 4979 804 5020 coram
877 4964 1226 5021 hominibus
1276 4970 1495 5022 terram
1546 4965 1964 5034 incolentibus,
2020 4982 2125 5038 per
2174 4982 2220 5020 ei

2376 4974 2475 5036 γῆς
2531 4963 2817 5037 ἀνθρώποις
2871 4960 2964 5016 διὰ
3016 4972 3115 5014 τῶν
3178 4962 3459 5035 μελλόντων
3526 4962 3609 5015 ἐπὶ
3656 4970 3728 5014 τῶ
3779 4958 3951 5022 θανάτῳ

600 5069 737 5126 quae
756 5054 816 5109 in
837 5058 1024 5111 morte
1048 5070 1183 5111 mea
1210 5055 1409 5111 futura
1439 5061 1576 5111 sunt
1598 5056 1768 5125 signa
1800 5054 2105 5125 ;gloriﬁca
2124 5054 2222 5111 illu

2380 5074 2479 5128 μου
2507 5055 2746 5124 γενέσθαι
2795 5058 3039 5124 σημείων.
3078 5052 3304 5115 Δοξασον
3333 5052 3459 5104 αὑτό
3490 5048 3583 5105 διὰ
3619 5060 3715 5127 τῆς
3744 5055 3827 5101 τοῦ
3851 5044 3952 5117 ἐμοῦ

601 5157 709 5215 per
734 5143 989 5215 gloriam
1028 5144 1290 5201 nominis
1312 5145 1450 5211 mci,
1484 5145 1916 5218 siquidemmea
1944 5145 2135 5216 gloria
2166 5148 2223 5201 tu

1825 5161 1916 5203 lea
1944 5145 2135 5216 gloria
2166 5148 2272 5201 tua
2380 5144 2625 5216 ὀνόματος
2655 5140 2834 5206 δόξης·
2866 5145 2895 5201 η
2928 5144 3029 5216 γὰρ
3063 5141 3159 5215 ἐμὴ
3188 5138 3319 5205 δόξα
3360 5146 3447 5201 σή.

606 5234 714 5289 est.

682 5376 729 5413 ⁸ο
757 5374 931 5435 Eccli.
959 5390 1125 5445 xvm,
1157 5377 1249 5435 30.

1818 5474 2042 5544 Varia
2080 5474 2411 5545 lectiones
2442 5482 2505 5542 et
2535 5480 2736 5541 notae.

684 5617 799 5760 (ὅδὲ
818 5621 1119 5692 Μαρτυρίας
1134 5626 1195 5677 Β.

708 5692 775 5747 69
830 5691 910 5745 Ita
940 5690 1238 5760 Chrysost.
1266 5690 1428 5747 hunc
1488 5688 1683 5747 locum
1717 5688 1944 5746 laudat.
1976 5694 2015 5745 t.
2043 5690 2187 5755 VIII,
2214 5706 2275 5760 p.

2460 5616 2573 5759 (70;
2606 5616 2841 5673 Inclusa
2874 5616 3097 5672 absunt
3129 5617 3194 5671 Α.

1572 5704 1683 5745 :um
1717 5688 1944 5746 laudat.
1976 5694 2015 5745 t.
2043 5690 2187 5755 VIII,
2214 5706 2275 5760 p.
2462 5691 2539 5760 (7t
2604 5688 2834 5746 Inclusa
2864 5688 3086 5745 absunt
3110 5692 3175 5742 A.

708 5688 797 5760 69)
830 5688 915 5745 Ita'
940 5688 1238 5763 Chrysost.
1266 5690 1428 5747 hunc
1488 5688 1683 5747 locum
1717 5688 1944 5746 laudat.
1976 5694 2015 5745 t.
2043 5690 2187 5755 VIII,
2214 5706 2275 5763 p.
2462 5688 2573 5760 (7t)
2604 5688 2834 5746 Inclusa
2864 5688 3086 5745 absunt
3110 5692 3175 5742 A.

615 5762 745 5823 400.
795 5763 857 5822 C.
