4108 6424
300 426 438 484 1365

1316 420 1686 480 COMMENT.
1732 422 1800 478 IN
1844 415 2189 479 JUANNEM.
2234 454 2300 465 —
2340 422 2498 480 CAP.
2542 423 2670 482 XII.

3534 427 3674 486 1366

363 551 549 606 Ἦλθεν
600 583 669 596 -
723 548 952 616 δοξάσω.
1007 547 1273 614 Ἐδόξασα
1325 549 1376 603 ἐν
1426 557 1536 610 τοῖς
1588 567 1884 623 προγεγενη·

2083 552 2249 609 Vers.
2282 553 2369 609 28.
2414 551 2583 610 Venit
2613 580 2681 594 —
2709 549 3082 622 gloriﬁcabo.
3110 548 3445 608 Gloriﬂcavi
3490 551 3550 610 in
3580 553 3674 610 his

293 647 465 716 μένοις
515 647 766 714 σημείοις,
815 647 904 694 καὶ
960 641 1112 695 πάλιν
1159 637 1370 704 δοξάσω
1429 639 1476 692 ἐν
1525 646 1632 702 τοῖς
1691 638 1773 692 ἐπὶ
1830 647 1902 710 τῷ

297 734 499 804 θανάτῳ
542 753 636 785 σου
657 737 1042 804 γενησομένοις.

364 823 422 875 Ὀ
454 818 540 875 οὖν
581 822 738 895 ὄχλος
782 855 849 862 -
887 826 1166 893 γεγονέναι.
1217 819 1290 873 Οὗ
1342 824 1534 882 συνιεὶς
1572 828 1662 880 τῆς
1711 825 1903 892 φωνῆς,

296 911 423 965 ἀλλὰ
448 915 535 965 τὸν
567 921 595 972 ῆ
603 931 702 985 χον
724 911 887 974 αὐτῆς
916 931 1068 984 μονον
1093 916 1401 982 κατασχών.

543 1089 725 1144 ’Ἀλλοι
754 1121 823 1130 -
868 1090 1132 1149 λελάληκε.
1167 1093 1425 1151 Συνιέντες
1455 1087 1644 1150 αὐτῆς.

358 1274 641 1348 Ἀπεκρίθη
683 1302 750 1312 -—
783 1273 934 1344 ὑμᾶς.
967 1301 1036 1312 —
1076 1271 1150 1323 Ού
1185 1267 1257 1323 δι’
1309 1269 1415 1342 ἐμὲ,
1447 1270 1528 1321 ἵνα
1567 1270 1718 1341 μάθω
1750 1269 1775 1321 ὅ
1809 1267 1903 1320 οὒκ

289 1358 433 1415 οἴδα·
461 1366 631 1415 πάντα
659 1365 759 1437 γὰρ
795 1358 918 1414 οῖδα
962 1364 1026 1413 τὰ
1062 1368 1152 1412 τοῦ
1182 1364 1406 1433 Πατρός·
1452 1359 1579 1411 ἀλλὰ
1621 1356 1691 1411 δι’
1743 1359 1899 1430 ὑμᾶς,

289 1455 374 1504 ἵνα
398 1454 618 1524 μάθητε,
644 1457 760 1523 περὶ
791 1452 850 1503 οὗ
881 1449 1244 1524 ἀμφιϐάλλετή
1273 1449 1350 1502 ὃτι
1390 1451 1444 1501 ἐκ
1475 1456 1566 1502 τοῦ
1601 1456 1732 1501 Θεοῦ
1769 1448 1896 1520 εἰμι.

289 1550 408 1604 Πῶς
442 1544 544 1616 γάρ
585 1541 644 1593 ἂν
673 1539 794 1600 ἦλθε
825 1546 960 1612 φωνὴ
1018 1540 1072 1593 ἐκ
1100 1548 1192 1592 τοῦ
1224 1539 1442 1612 ούρανοῦ
1476 1538 1553 1590 ἐπ’
1590 1541 1698 1610 ἐμὲ,
1740 1537 1783 1590 εἰ
1821 1543 1892 1610 μὴ

287 1631 342 1684 ἐκ
374 1627 464 1684 τοῦ
493 1639 625 1684 Θεοῦ
657 1631 763 1703 εἰμι
788 1647 800 1697 ;
829 1638 944 1691 Πῶς
975 1626 1022 1682 δ’
1043 1630 1101 1680 ἂν
1130 1631 1154 1680 ὁ
1179 1633 1306 1690 Θεὸς
1338 1632 1395 1681 τὸ
1429 1632 1588 1700 ὄνομα
1619 1627 1778 1679 αὐτοῦ
1805 1632 1893 1680 καὶ

287 1719 506 1784 ἐδόξασε
534 1725 623 1773 καὶ
645 1721 796 1773 πάλιν
826 1717 1038 1784 δοξάσει
1071 1716 1145 1772 δι’
1183 1719 1307 1792 ἐμοῦ
1341 1738 1353 1786 ;

356 1908 463 1953 Νῦν
518 1931 586 1940 --
641 1902 848 1954 τούτου.
899 1906 1005 1952 Νῦν
1057 1895 1164 1957 ἤδη
1210 1894 1486 1959 ἐκδίκησις
1523 1905 1622 1949 τῶν
1672 1904 1763 1949 τοῦ
1792 1901 1886 1950 κό-
1923 1915 1962 1969 Β

288 2009 423 2062 σμου
481 1992 668 2042 τούτου
711 1988 989 2063 ἀνθρώπων
1049 1986 1143 2040 ὸιά
1197 1996 1285 2047 τῆς
1352 1986 1476 2060 ἐμῆς
1544 1983 1883 2048 ἐκδικήσεως.

282 2087 400 2141 Τοῖς
453 2084 542 2152 μὲν
605 2083 705 2153 γὰρ
770 2079 937 2139 ἄλλοις
1011 2078 1205 2130 ἅπασιν
1265 2076 1554 2153 ἀνθρώποις
1598 2078 1623 2128 ὁ
1677 2077 1889 2135 θάνατος

283 2169 542 2242 ἐπιτίμιον
619 2169 877 2241 ἁμαρτίας
949 2167 1104 2220 ἐστι·
1189 2170 1380 2228 Πάντες
1447 2169 1548 2240 γὰρ
1630 2170 1885 2240 ἥμαρτον,

282 2265 436 2331 φησὶ,
496 2264 584 2310 καὶ
665 2255 758 2310 διὰ
803 2266 898 2318 τῆς
953 2257 1212 2332 ἁμαρτίας
1269 2257 1502 2314 εἰσῆλθεν
1567 2257 1591 2306 ὁ
1647 2257 1883 2316 θάνατος·

280 2347 395 2421 ἐμοὶ
455 2345 513 2400 δὲ
553 2345 816 2419 οὐδαμῶς,
855 2344 994 2399 διότι
1045 2343 1291 2418 οὐδαμῶς
1323 2349 1574 2420 ἧμαρτον,
1620 2345 1760 2396 Ἐπεὶ
1799 2340 1887 2395 οὖν

276 2439 439 2510 κάμοὶ
491 2442 576 2489 τὸν
630 2439 846 2490 θάνατον
906 2438 931 2488 ὁ
983 2433 1227 2498 διάϐολος
1279 2435 1481 2507 ἐπάγει,
1537 2433 1886 2507 ἀναμαρτήτῳ

278 2532 613 2600 μεμενηκότι,
645 2535 732 2579 νῦν
791 2525 838 2578 ἐν
883 2534 954 2596 τῷ
995 2525 1234 2578 ἐνεστῶτι
1282 2545 1446 2600 καιρῳ
1488 2521 1643 2582 δίκην
1686 2520 1885 2575 δίδωσι

276 2626 374 2678 τῆς
423 2615 550 2688 ἐμῆς
600 2613 833 2682 ἀδικίας,
902 2619 995 2673 τὴν
1052 2616 1356 2688 καθαίρεσιν
1410 2621 1500 2673 τῆς
1553 2610 1880 2686 τυραννίδος.

279 2707 422 2764 Αὕτη
487 2703 545 2758 δέ
591 2710 620 2764 ἦ
663 2703 807 2769 δίκη,
844 2708 1007 2757 εῖτουν
1047 2707 1074 2762 ἡ
1107 2704 1342 2768 κόλασις,
1393 2711 1486 2755 τοῦ
1522 2707 1722 2774 κόσμου
1767 2705 1884 2753 τού-

277 2816 372 2847 του
404 2791 680 2856 ἐκδίκησίς
720 2795 850 2848 ἐστι.
897 2797 1092 2846 Λοιπὸν
1131 2794 1241 2864 (72)
1273 2801 1359 2843 νῦν
1417 2795 1446 2850 ἡ
1494 2788 1765 2852 ἐκδίκησις
1794 2800 1883 2851 τῆς

276 2885 346 2945 εἰς
374 2883 458 2955 ἐμὲ
486 2883 722 2959 ἐπηρείας
776 2880 1051 2944 ἐκδίκησις
1082 2881 1190 2935 ἐστι
1224 2889 1313 2942 τῆς
1353 2881 1425 2943 εἰς
1462 2884 1582 2944 τοὺς
1620 2884 1882 2954 γενάρχας

270 2978 364 3026 καὶ
393 2974 504 3026 ὅλον
536 2976 591 3025 τὸ
613 2978 755 3044 γένος
781 2971 1036 3046 ἐπηρείας.

344 3070 452 3116 Νῦν
497 3093 564 3103 --
618 3062 731 3125 ἔξω.
793 3060 929 3124 ’Ἑξω
977 3070 1074 3123 τῆς
1132 3064 1375 3120 τοιαύτης
1433 3059 1628 3133 ἀρχῆς,
1686 3059 1745 3118 ἢν
1805 3057 1878 3112 δι’

267 3150 480 3214 ἀπάτης
543 3151 819 3211 ἐκτήσατο.
869 3151 1008 3204 Ἐπεὶ
1067 3154 1166 3227 γὰρ
1227 3151 1384 3212 αὐτὸς
1436 3147 1529 3202 διὰ
1579 3158 1667 3203 τοῦ
1725 3150 1876 3212 ξύλου

263 3250 360 3302 τῆς
551 3240 796 3314 βρώσεως
836 3241 995 3293 πάλαι
1037 3243 1125 3292 τὸν
1178 3240 1397 3292 παλαιὸν
1449 3237 1624 3312 Ἀδὰμ
1679 3238 1878 3302 ἐξέϐαλε
1915 3273 1956 3330 C

263 3339 366 3393 τῆς
399 3329 668 3403 βασιλείας
699 3337 789 3382 τοῦ
821 3335 1044 3402 κόσμου’
1095 3329 1270 3401 [αὐτὸν
1302 3331 1416 3398 (74)
1460 3326 1553 3381 διὰ
1596 3336 1686 3380 τοῦ
1724 3329 1874 3392 ξύλου

267 3429 368 3482 τῆς
400 3426 743 3496 σταυρώσεως
785 3427 872 3470 νῦν
904 3421 928 3471 ὁ
959 3424 1068 3480 νέος
1096 3416 1269 3492 Ἀδὰμ
1301 3417 1530 3471 ἐκϐάλλει
1572 3427 1665 3480 τῆς
1712 3417 1874 3490 βασι-

263 3510 407 3572 λείας
434 3517 526 3562 τοῦ
566 3507 814 3582 κόσμου],
848 3514 942 3567 την
974 3517 1062 3560 τοῦ
1089 3511 1412 3583 προπάτορος
1461 3513 1728 3582 παρακοήν
1783 3505 1878 3560 διὰ

267 3607 369 3660 τῆς
399 3599 585 3651 ἑαυτοῦ
617 3601 853 3660 ὑπακοῆς
893 3599 1187 3671 ἰασάμενος.

343 3687 500 3759 Κάγώ
549 3719 616 3730 --
667 3686 1048 3760 ἐμαυτὸν,Ἐαν
1097 3686 1316 3759 ἁναχθῶ
1365 3687 1445 3740 ἐπὶ
1495 3690 1582 3740 τὸν
1629 3690 1874 3762 σταυρὸν,

264 3781 467 3838 πάντας
545 3779 872 3850 πανταχόθεν
949 3781 1070 3839 τοὺς
1145 3774 1411 3838 δεκτικοὺς
1483 3786 1576 3839 τῆς
1655 3781 1878 3838 πίστεως

267 3867 468 3920 ἑλκύσω
529 3870 660 3942 πρὸς
714 3865 935 3939 ἐμαυτὸν
987 3864 1061 3919 δι’
1119 3867 1301 3929 αὐτῆς.
1357 3871 1456 3920 Καὶ
1509 3866 1688 3933 οὓτως,
1730 3867 1878 3937 ύψω-

268 3957 376 4016 θεὶς
429 3954 511 4008 ἐπί
564 3963 654 4006 τοῦ
718 3962 964 4026 σταυροῦ,
1016 3965 1214 4030 πρῶτον
1257 3955 1461 4008 εἵλκυσε
1505 3959 1592 4007 τὸν
1651 3956 1872 4028 λῃστὴν,

263 4050 356 4097 καὶ
401 4047 486 4096 τὸν
534 4043 932 4116 ἑκατόνταρχον,
967 4049 1056 4095 καὶ
1099 4048 1221 4106 τοὺς
1271 4045 1382 4116 μετ’
1445 4045 1602 4096 αὐτοῦ
1659 4053 1873 4116 τηροῦν-

261 4153 360 4195 τας
420 4133 596 4198 αύτὸν,
640 4131 864 4186 ἐντεῦθεν
920 4132 1201 4206 ἀρξάμενος
1255 4133 1466 4186 ἐλκύειν.
1515 4132 1746 4186 Ἐλκύσω
1789 4130 1868 4203 δὲ,

262 4227 416 4296 φησὶ,
474 4226 851 4294 κατεχομένους
900 4223 999 4274 ὑπὸ
1050 4231 1141 4274 τοῦ
1207 4224 1480 4296 τυράννου,
1530 4223 1616 4275 ait:
1662 4231 1869 4296 πρῶτον

260 4310 448 4363 ἐκεῖνον
479 4310 782 4363 καταϐαλών
793 4352 804 4363 .

330 4402 538 4458 Ταύτην
593 4397 651 4453 δὲ
699 4403 792 4458 τὴν
846 4399 977 4462 ἕλξιν
1035 4400 1277 4474 ἁρπαγὴν
1345 4399 1576 4453 ἐκάλεσεν
1631 4400 1867 4472 ἀλλαχοῦ

256 4489 466 4560 λέγων··
502 4496 614 4550 Πῶς
662 4486 884 4541 δύναταί
951 4509 1028 4551 τις
1088 4489 1329 4542 εἰσελθεῖν
1397 4491 1467 4552 εἰς
1528 4495 1622 4549 τὴν
1699 4490 1864 4543 οἰκίαν

256 4587 349 4631 τοῦ
412 4579 662 4652 ἰσχυροῦ,
713 4582 913 4630 καὶτὰ
973 4581 1128 4636 σκεύη
1191 4579 1350 4631 αὐτοῦ
1410 4576 1724 4654 διαρπάσαι,
1781 4579 1864 4632 ἐὰν

257 4673 329 4740 μὴ
381 4677 578 4743 πρῶτον
631 4664 771 4740 δήσῃ
831 4671 916 4718 τὸν
962 4667 1204 4740 ἰσχυρὸν,
1258 4673 1346 4720 καὶ
1393 4673 1508 4720 τότε
1560 4674 1652 4726 τὴν
1697 4669 1864 4721 οἰκίαν

259 4757 420 4810 αύτοῦ
477 4754 751 4832 διαρπάση
781 4773 793 4824 ;
825 4756 1026 4809 Ὀπίσω
1060 4760 1149 4828 μὲν
1203 4758 1290 4809 οὖν
1344 4755 1477 4810 εἶπεν
1545 4760 1621 4810 ὅτι
1673 4755 1866 4821 Οὐδεὶς

259 4842 482 4899 δύναται
557 4845 714 4898 ἐλθεῖν
788 4849 919 4920 πρὸς
991 4850 1096 4919 ἐμὲ,

257 4935 472 5008 πέμψας
525 4955 588 5009 με
641 4935 829 5010 Θαύσῃ
903 4936 1056 4989 αὐτόν
1093 4954 1104 4966 ·

1175 4845 1256 4898 ἐὰν
1331 4854 1402 4919 μη
1482 4850 1507 4900 ὁ
1576 4853 1754 4923 Πατὴρ
1839 4851 1864 4901 ὁ

1157 4939 1377 4990 ενταῦθα
1445 4935 1504 4991 δὲ
1569 4938 1723 5010 λέγει,
1783 4941 1888 5013 ὅτις

328 5165 373 5201 ⁴¹
399 5167 568 5222 Rom.
610 5180 692 5234 ιιι,
725 5164 814 5223 23.
848 5181 884 5221 v
910 5171 998 5224 12.
1085 5170 1130 5204 ⁴²
1162 5169 1342 5226 Matth
1370 5186 1468 5237 xu,
1502 5173 1592 5227 29.

2013 659 2147 716 quae
2173 643 2331 700 facta
2360 647 2496 698 sunt
2528 641 2718 715 signis
2749 657 2762 698 :
2805 646 2862 697 et
2885 656 3087 697 rursus
3117 639 3460 711 gloriﬁcabo
3488 642 3550 700 in
3579 642 3672 710 his

2012 749 2150 806 quae
2177 733 2239 789 in
2270 738 2462 788 morte
2501 737 2603 788 tua
2631 731 2794 787 ﬁent.

2086 825 2257 881 Vers.
2301 825 2390 878 29.
2432 823 2626 878 Turba
2652 837 2792 892 ergo
2819 852 2891 866 —
2926 836 3046 878 esse
3057 822 3306 892 factum.
3328 822 3437 888 Qui
3461 836 3672 879 vocem

2014 928 2139 969 non
2170 911 2591 978 intellexerant,
2640 912 2748 968 sed
2797 927 3017 969 sonum
3059 911 3350 968 duntaxat
3373 911 3503 983 ejus
3540 927 3673 986 per-

2016 1006 2318 1074 ceperant.

2087 1093 2251 1148 Vers.
2282 1094 2371 1148 29.
2393 1091 2520 1148 Alii
2549 1122 2616 1133 —
2647 1092 2870 1150 locutus
2893 1098 3002 1150 est.
3055 1091 3166 1161 Qui
3195 1108 3408 1150 vocem
3449 1090 3674 1149 intelle-

2015 1188 2239 1239 xerant.

2087 1273 2253 1329 Vers.
2296 1277 2389 1330 30.
2424 1271 2747 1340 Respondit
2774 1301 2840 1312 —
2879 1286 2995 1328 vos.
3029 1303 3095 1314 —
3123 1273 3255 1329 Non
3277 1278 3522 1344 propter
3556 1286 3664 1336 me,

2013 1367 2078 1418 ut
2105 1363 2339 1418 discam
2361 1362 2526 1434 quod
2553 1377 2675 1417 non
2706 1361 2855 1418 scio.
2890 1364 3039 1418 Nam
3068 1363 3277 1420 omnia
3312 1379 3450 1436 quae
3477 1364 3666 1422 Patris

2011 1458 2148 1509 sunt
2203 1453 2361 1517 novi,
2420 1452 2522 1508 sed
2546 1458 2776 1523 propter
2803 1466 2918 1517 vos,
2953 1455 3016 1508 ut
3042 1451 3100 1508 id
3127 1452 3371 1509 discatis
3417 1453 3492 1509 de
3543 1470 3666 1526 quo

2006 1543 2310 1608 dubitatis,
2331 1549 2469 1614 puta
2495 1542 2661 1614 quod
2681 1558 2716 1598 δ,
2733 1543 2852 1598 Deo
2865 1542 2978 1598 sim
3007 1558 3022 1610 ;
3044 1543 3356 1615 quomodo
3377 1544 3538 1601 enim
3566 1562 3669 1602 su-

2005 1649 2110 1704 per
2136 1648 2231 1686 me
2248 1648 2356 1688 vox
2386 1631 2460 1687 de
2481 1629 2632 1686 coelo
2655 1630 3060 1686 descendisset
3085 1631 3197 1687 nisi
3221 1648 3257 1688 a
3290 1633 3408 1688 Deo
3425 1648 3622 1690 essem
3637 1635 3665 1688 ?

2002 1721 2311 1793 quomodo
2342 1725 2628 1793 praeterea
2653 1723 2808 1776 Deus
2826 1735 3048 1776 nomen
3075 1736 3245 1777 suum
3279 1721 3667 1794 etgloriﬁ-cas-

2001 1815 2086 1866 set
2119 1816 2175 1866 et
2203 1826 2412 1866 rursus
2438 1809 2875 1879 gloriﬁcaturus
2903 1813 3058 1865 esset
3081 1825 3187 1882 per
3225 1826 3322 1867 me
3352 1811 3380 1866 ‘l

2071 1903 2229 1956 Vers.
2264 1901 2351 1956 31.
2404 1900 2583 1955 Nunc
2612 1929 2680 1938 —
2723 1899 2922 1968 hujus.
2973 1900 3104 1954 lam
3143 1915 3304 1956 nunc
3341 1900 3661 1959 hominum

1999 1990 2181 2060 hujus
2214 1989 2417 2044 mundi
2447 1988 2589 2044 ultio
2620 1987 2684 2043 ﬁt
2713 2003 2820 2060 per
2851 2004 3051 2044 meam
3082 1988 3476 2059 punitionem.
3519 1989 3662 2046 Aliis

2001 2079 2298 2152 siquidem
2329 2077 2608 2133 omnibus
2639 2077 2986 2133 hominibus
3015 2093 3186 2143 mors,
3224 2078 3451 2150 peccati
3481 2094 3663 2150 pana

1998 2175 2110 2225 est.
2146 2170 2304 2225 Nam
2332 2167 2775 2238 omnes,inquit,
2797 2174 3210 2236 peccaverunt,
3243 2174 3299 2224 et
3327 2183 3435 2237 per
3454 2183 3663 2239 pecca-

1998 2264 2117 2313 tum
2146 2273 2302 2314 mors
2327 2257 2598 2314 introivit
2619 2258 2663 2292 “
2689 2272 2702 2323 ;
2735 2255 2878 2312 mihi
2915 2271 3052 2311 vero
3080 2271 3487 2328 nequaquam,
3514 2258 3660 2332 quia

1996 2362 2310 2419 nunquam
2334 2347 2596 2418 peccavi.
2633 2349 2779 2403 Cum
2805 2360 2946 2414 ergo
2976 2344 3253 2401 diabolus
3283 2344 3464 2403 etiam
3491 2347 3656 2415 mihi,

1996 2436 2098 2508 qui
2119 2435 2341 2507 peccati
2358 2450 2571 2506 expers
2609 2434 3187 2506 semperpermansi,
3215 2441 3470 2492 mortem
3505 2437 3661 2493 intu-

1995 2525 2060 2580 lit
2091 2543 2104 2592 ;
2131 2540 2289 2580 nunc
2318 2524 2598 2597 praesenti
2635 2529 2906 2595 tempore
2938 2523 3215 2592 irrogataa
3243 2523 3388 2580 mihi
3426 2525 3658 2596 injuriae

1994 2630 2207 2685 pcenas
2233 2613 2357 2682 luit,
2382 2613 2607 2685 quippe
2635 2612 3433 2684 tyrannidissubversionem
3467 2632 3479 2681 ;
3514 2630 3659 2672 nam

1992 2704 2181 2758 multa
2221 2703 2371 2774 ipsa,
2406 2703 2530 2758 sive
2560 2701 2814 2775 punitio,
2859 2701 3071 2757 mundi
3115 2701 3297 2774 hujus
3344 2707 3430 2758 est
3461 2702 3604 2760 ultio
3638 2722 3654 2769 ;

1990 2807 2256 2864 praesens
2307 2792 2511 2863 itaque
2562 2791 2834 2862 repensio
2860 2790 3246 2858 contumelia,
3298 2807 3485 2862 quam
3508 2792 3657 2848 mihi

1989 2881 2202 2950 intulit,
2238 2879 2383 2936 ultio
2422 2885 2528 2947 est,
2558 2883 2614 2934 et
2646 2879 2940 2934 violentiae
2972 2878 3267 2935 adversus
3294 2881 3522 2951 primos
3553 2896 3658 2952 ge-

1988 2970 2147 3026 neris
2177 2973 2606 3042 propagatores
2637 2973 2945 3040 totumque
2976 2983 3164 3037 genus
3194 2968 3489 3039 irrogatae.

2059 3062 2224 3116 Vers.
2276 3060 2362 3113 31.
2395 3059 2568 3114 Νιιηι·
2591 3087 2660 3099 -
2681 3058 2869 3128 foras.
2911 3058 3086 3113 Extra
3113 3056 3458 3128 hujusmodi
3489 3058 3654 3131 prin-

1989 3149 2276 3222 cipatum,
2316 3163 2500 3220 quem
2530 3145 2739 3203 fraude
2769 3146 3102 3218 acquisivit.
3136 3150 3284 3203 Nam
3325 3147 3472 3218 quia
3507 3146 3652 3203 olim

1988 3244 2244 3298 veterem
2259 3238 2448 3292 Adam
2474 3253 2579 3308 per
2591 3236 2732 3307 ligni
2750 3235 2944 3292 cibum
2958 3251 2988 3290 e
3001 3251 3188 3305 regno
3211 3235 3422 3291 mundi
3438 3235 3612 3308 ejecit
3636 3252 3648 3290 :

1987 3344 2180 3384 novus
2235 3343 2394 3382 nunc
2434 3327 2620 3382 Adam
2668 3326 2873 3398 ipsum
2928 3341 3026 3397 per
3085 3325 3276 3380 crucis
3328 3324 3562 3395 lignum
3620 3340 3652 3380 e

1990 3417 2200 3473 mundi
2217 3431 2403 3486 regno
2421 3416 2610 3486 ejecit,
2631 3415 3025 3488 progenitoris
3050 3414 3521 3471 inobedientiam
3543 3429 3654 3471 sua

1989 3523 2208 3563 curans
2249 3505 2612 3562 obedientia.

2057 3689 2215 3742 Vers.
2245 3685 2333 3742 32.
2365 3686 2443 3741 Et
2467 3715 2537 3726 -
2566 3699 2663 3756 ego
2687 3683 2991 3754 meipsum.
3023 3683 3083 3741 Si
3108 3682 3358 3739 adactus
3388 3681 3555 3739 fuero
3585 3682 3648 3738 in

1929 3803 1946 3811 -
1987 3793 2244 3842 crucem,
2263 3791 2473 3832 omnes
2492 3775 2778 3848 undique,
2802 3776 2905 3848 qui
2927 3775 3111 3830 ﬁdem
3133 3772 3516 3845 susceperint,
3540 3787 3648 3844 per

1987 3885 2121 3924 eam
2149 3866 2384 3922 traham
2425 3865 2502 3922 ad
2536 3866 2847 3936 meipsum.
2883 3866 2948 3919 Et
2970 3879 3107 3920 vere
3134 3862 3196 3919 in
3226 3878 3403 3919 cruce
3431 3861 3648 3919 exalta-

1985 3963 2101 4024 tus,
2153 3957 2445 4012 latronem
2491 3956 2756 4027 primum
2805 3954 3060 4023 attraxit,
3113 3957 3172 4010 et
3213 3953 3642 4018 centurionem,

1983 4061 2209 4119 eosque
2239 4044 2346 4117 qui
2366 4061 2428 4100 se
2460 4060 2594 4099 cum
2615 4044 2715 4099 illo
2736 4042 3068 4110 servabant,
3087 4043 3228 4099 hinc
3259 4041 3436 4115 coepit
3459 4045 3643 4098 attra-

1980 4135 2142 4192 here.
2175 4135 2458 4200 Traham,
2482 4134 2694 4206 inquit,
2712 4137 3003 4204 tanquam
3024 4147 3062 4188 a
3078 4132 3640 4203 tyrannodetentos,

1979 4225 2111 4297 ipso
2136 4224 2401 4297 primum
2429 4228 2686 4294 tyranno
2713 4221 2966 4293 dejecto.

2050 4404 2210 4458 Hanc
2227 4405 2424 4457 autem
2439 4399 2852 4457 attractionem
2869 4398 3013 4456 alibi
3032 4403 3277 4466 raptum
3305 4397 3537 4455 vocavit
3553 4397 3643 4453 di-

1976 4507 2150 4548 cens:
2180 4490 2474 4560 Quomodo
2492 4495 2678 4559 potest
2699 4489 2830 4561 quis
2854 4489 3092 4560 ingredi
3121 4489 3183 4544 in
3200 4488 3432 4544 domum
3459 4487 3640 4556 fortis

1975 4598 2046 4638 ac
2062 4597 2200 4638 vasa
2213 4583 2340 4652 ejus
2353 4579 2752 4648 diripere,nisi
2767 4580 3026 4647 primum
3039 4578 3377 4648 alligaverit
3391 4578 3610 4647 fortem
3621 4618 3634 4644 ,

1976 4677 2028 4728 et
2055 4677 2198 4728 tunc
2223 4671 2448 4726 domum
2465 4672 2591 4739 ejus
2613 4668 2907 4738 diripiet"
2932 4667 2959 4722 ‘l
2977 4668 3150 4740 Atqui
3173 4665 3449 4739 superius
3466 4666 3633 4732 dixit,

1973 4762 2148 4817 Nemo
2177 4766 2356 4831 potest
2379 4759 2573 4815 venire
2598 4759 2678 4815 ad
2705 4773 2816 4823 me,
2839 4758 2958 4813 nisi
2991 4757 3185 4822 Pater,
3209 4756 3313 4830 qui
3336 4757 3496 4813 misit
3525 4771 3634 4819 me,

1974 4849 2228 4906 traxerit
2253 4864 2384 4906 eum
2410 4865 2422 4914 ;
2439 4849 2534 4904 hic
2549 4852 2750 4904 autem
2770 4847 2850 4904 ait
2866 4863 2880 4902 :
2897 4845 3098 4903 Omnes
3113 4847 3351 4904 traham
3368 4845 3446 4901 ad
3454 4846 3637 4914 meip-

1971 4941 2174 5006 sum",
2190 4954 2308 4996 non
2329 4937 2626 4995 contraria
2647 4935 3012 5008 signiﬁcans,
3031 4934 3139 4992 sed
3153 4951 3288 5008 quae
3301 4935 3637 4994 Patrissunt

1669 5171 1716 5206 ⁴³
1743 5171 1915 5228 Joan.
1943 5186 2021 5238 v1,
2049 5171 2137 5228 44.

1500 5403 1718 5472 Variae
1747 5402 2078 5473 lectiones
2115 5413 2179 5473 et
2246 5413 2452 5472 notae.

323 5621 434 5692 (72)
467 5620 669 5698 Malim
702 5619 790 5674 οὖν
824 5638 932 5698 pro
961 5631 1068 5691 νῦν,
1098 5640 1234 5698 quae
1261 5625 1382 5682 duo
1414 5626 1556 5683 alibi
1586 5629 1765 5684 etiam
1791 5628 1852 5684 in

246 5693 345 5751 his
386 5693 693 5748 codicibus
727 5693 980 5750 confusa
1021 5693 1155 5751 esse
1185 5698 1600 5754 animadverti.

323 5764 436 5842 (73)
471 5765 718 5842 Durugr
743 5765 876 5842 hoc.
904 5769 986 5822 Ac
1023 5766 1275 5842 fortasse
1305 5770 1520 5842 aliquis
1555 5770 1850 5837 maluerit,

255 5832 352 5891 διὰ
383 5832 478 5900 τῆς
507 5843 600 5889 τοῦ
641 5835 792 5901 ξύλου
826 5836 1090 5916 βρώσεως.
1124 5840 1234 5897 Sed
1263 5832 1554 5900 mox'huc
1591 5832 1855 5910 refertur,

1964 5625 2058 5681 διὰ
2109 5635 2200 5706 τοῦ
2245 5628 2398 5691 ξύλου
2447 5636 2543 5691 τῆς
2607 5634 2970 5706 σταυρώσεως.
3030 5628 3429 5687 Membrorum
3481 5641 3624 5700 ergo

1964 5717 2013 5756 ω
2063 5700 2300 5756 ualitate
2331 5706 2663 5757 excusatur.

2017 5715 2153 5844 Ἱῗίι)
2181 5772 2418 5832 Inclusa
2446 5772 2663 5830 excide]

2059 5773 2153 5844 74)
2181 5772 2418 5832 Inclusa
2446 5772 2791 5831 exciderant
2815 5787 2887 5833 ex
2914 5771 3084 5830 codd.
3110 5773 3170 5827 Β.
