4108 6380
577 374 602 436 1
615 375 716 434 367

581 593 984 668 aequalitatem
1011 607 1113 665 per
1142 591 1280 648 talia
1304 591 1739 646 demonstrans.

654 862 814 917 Vers.
839 860 926 916 33.
957 862 1084 917 Hoc
1118 889 1180 901 —-
1211 865 1352 915 esset
1385 863 1721 914 moriturus.
1750 860 1888 922 Hoc,
1915 852 2239 928 quidnam?

583 952 651 1008 Si
673 952 972 1008 excitatus
996 952 1190 1020 fuero,
1219 947 1510 1020 siquidem
1534 946 1958 1003 exaltationem
1982 945 2036 1000 in
2068 957 2242 1000 cruce

582 1039 868 1096 innuebat
881 1081 894 1094 .

655 1132 813 1185 Vers.
841 1130 930 1184 3i.
954 1128 1350 1198 Respondit—
1368 1126 1615 1182 hominis
1642 1125 1669 1180 εἰ
1692 1125 1877 1180 Etiam
1905 1123 2000 1179 hic
2025 1123 2244 1192 legem,

584 1219 925 1291 simpliciter
970 1218 1242 1273 divinam
1283 1215 1590 1288 appellant
1634 1215 2016 1286 Scripturam.
2073 1216 2242 1276 Nam,

583 1308 992 1380 frequentibus
1021 1308 1150 1377 ejus
1180 1307 1240 1361 in
1271 1306 1419 1362 locis
1471 1304 1891 1361 immortalitas
1923 1301 2249 1357 divinitatis

585 1399 791 1453 Christi
822 1397 1188 1466 signiﬁcatur
1217 1413 1229 1451 :
1272 1393 1791 1468 quemadmodum
1816 1395 1994 1448 etiam
2033 1397 2251 1446 morta-

584 1484 714 1542 litas
739 1485 1130 1543 humanitatis
1158 1486 1309 1557 ejus,
1340 1491 1394 1541 et
1427 1483 1684 1540 maxime
1707 1483 1760 1538 in
1792 1481 2041 1538 Psalmis
2077 1481 2249 1536 Davi-

585 1575 756 1631 dicis.

658 1668 726 1722 Et
771 1665 900 1722 vide
961 1665 1237 1721 dolosum
1281 1679 1492 1720 eorum
1549 1669 1848 1718 conatum-
1906 1661 2051 1716 Cum
2093 1659 2250 1715 enim

586 1756 858 1828 superius
881 1756 955 1811 de
978 1759 1164 1810 morte
1196 1754 1602 1826 disputantem
1629 1751 1941 1808 audissent
1964 1767 2031 1806 ac
2053 1750 2250 1805 dicen-

1930 361 2269 423 EUTHYMII
2309 361 2634 420 ZIGABENI

579 503 693 559 sibi
740 499 1059 560 concilians
1089 515 1159 558 ac
1190 497 1537 557 communia
1566 496 1772 555 omnia
1810 495 2150 561 ostendens,
2180 499 2234 552 et

2363 495 2556 558 Πάντας
2647 493 2844 547 ἑλκύσω

3814 371 3834 424 -Ι
3845 371 3934 428 368

3505 495 3598 549 οὐκ
3672 496 3935 554 ἓναντιολο-

2349 594 2472 658 γῶν,
2535 584 2664 637 ἀλλά
2714 587 2779 636 τά
2825 592 2916 637 τοῦ
2971 589 3171 660 Πατρός
3227 586 3588 659 οἰκειούμενος,
3653 593 3742 641 καὶ
3804 595 3936 644 κοινὰ

2941 495 3068 568 πρός
3157 494 3403 569 ἐμαυτόν·

2349 677 2517 728 πάντα
2563 673 2830 740 δεικνύων,
2877 679 2966 727 καὶ
2998 679 3055 728 τὸ
3103 677 3218 728 ἴσον
3260 672 3354 729 διὰ
3404 685 3502 729 τῶν
3544 680 3783 731 τοιούτων
3816 699 3937 753 παρ-

2351 773 2527 818 ιστῶν.

2421 862 2584 908 Τοῦτο
2638 886 2704 895 -
2758 854 3125 913 ἀποθνήσκειν.
3176 862 3363 921 Τοῦτο,
3423 864 3616 924 ποῖονς
3665 860 3742 912 τό.
3793 857 3934 912 Ὀταν

2351 943 2564 1016 ὑψωθῶ·
2599 940 2862 1002 ὑπεδήλου
2893 947 2994 1018 γὰρ
3027 949 3120 1003 τὴν
3144 944 3226 998 ἐπὶ
3257 953 3347 998 τοῦ
3383 953 3612 1023 σταυροῦ
3639 947 3858 1019 ὗψωσιν.

2427 1124 2707 1200 Ἀπεκρίθη
2764 1155 2832 1165 -
2875 1123 3182 1197 ἀνθρώπου;
3217 1123 3494 1177 Κάνταῦθα
3527 1130 3682 1198 νόμον
3721 1125 3936 1198 λέγουσιν

2358 1213 2531 1274 οἶπλῶς
2583 1218 2675 1272 τὴν
2733 1215 2870 1266 θείτιν
2928 1219 3156 1286 Γραφήν,
3209 1213 3487 1286 Πολλαχοῦ
3542 1218 3644 1288 γὰρ
3699 1216 3854 1278 αὐτῆς
3889 1222 3937 1270 τό

2361 1302 2612 1356 ἀθάνατον
2639 1311 2731 1365 τῆς
2760 1305 2997 1366 θεότητος
3022 1311 3114 1356 τοῦ
3141 1312 3378 1378 Χριστοῦ
3420 1309 3753 1377 σημαίνεται,
3786 1310 3936 1379 ὥσπερ

2360 1395 2530 1446 καὶτὸ
2571 1394 2753 1451 θνητὸν
2793 1402 2884 1454 τῆς
2924 1392 3319 1466 ἀνθρωπότητος
3350 1393 3531 1459 αὐτοῦ,
3558 1400 3648 1448 καὶ
3696 1395 3872 1469 μᾶλλον
3900 1396 3938 1448 ἐν

2361 1489 2470 1545 τοίς
2500 1489 2788 1544 Δαυῖτικοῖς
2815 1482 3064 1555 Ψαλμοῖς.

2431 1660 2568 1735 Ὀρα
2615 1661 2727 1732 (75)
2775 1657 2833 1712 δὲ
2889 1665 3229 1734 κακουργίαν.
3299 1661 3640 1724 Ἀκούσαντες
3683 1665 3782 1737 γὰρ
3835 1662 3941 1715 ἀνω·

2362 1754 2490 1822 τέρω
2541 1754 2655 1822 περὶ
2711 1757 2799 1802 τοῦ
2853 1751 3070 1802 θανάτου
3126 1750 3586 1822 φιλοσοφήσαντος,
3645 1758 3734 1805 καὶ
3797 1773 3942 1827 προσ-

587 1850 704 1902 tem
731 1862 744 1900 :
780 1845 1020 1914 Oportet
1037 1843 1520 1900 exaltariFilium
1539 1840 2248 1912 hominis“(quanquam

2365 1843 2534 1902 θέντος
2614 1841 2694 1892 ὅτι
2758 1846 2842 1892 Δεῖ
2919 1839 3195 1910 ὑψωθῆναι
3261 1844 3347 1893 τόν
3424 1843 3532 1893 Υἱὸν
3595 1850 3686 1894 τοῦ
3763 1841 3941 1917 ἀνθρὼ-

584 1935 702 1991 hoc
725 1933 1092 2004 evangelista
1123 1949 1245 1989 non
1275 1931 1572 1988 addiderit
1599 1947 1612 1986 :
1658 1930 1952 2002 siquidem
1987 1929 2161 1984 variis
2193 1928 2252 1982 in

583 2024 730 2081 locis
755 2024 869 2080 hoc
899 2023 982 2079 eis
1006 2023 1236 2079 locutus
1295 2023 1445 2091 est);
1499 2037 1636 2076 cum
1669 2020 1850 2076 etiam
1885 2034 2046 2074 nunc
2087 2016 2253 2073 addi-

587 2114 753 2177 derit,
791 2115 857 2170 Si
887 2115 1180 2170 excitatus
1201 2114 1394 2183 fuero,
1428 2110 1861 2174 intellexerunt,
1896 2108 2060 2180 quod
2091 2106 2252 2163 exal-

588 2204 874 2260 tationem
919 2204 1134 2258 diceret
1169 2206 1444 2266 mortem,
1477 2200 1609 2256 licet
1641 2215 1758 2254 non
1782 2198 1856 2253 de
1883 2214 1952 2252 ea
1983 2213 2116 2269 quae
2149 2212 2253 2268 per

587 2309 823 2349 crucem
846 2293 1027 2358 ﬁeret,
1055 2291 1435 2362 conciperent
1468 2306 1480 2344 :
1516 2294 1572 2344 et
1602 2289 1738 2344 hinc
1767 2287 2093 2358 sperabant
2114 2302 2253 2342 con-

586 2382 746 2438 vinci
776 2397 953 2454 posse
1002 2381 1201 2452 ipsum
1253 2395 1373 2435 non
1405 2395 1536 2434 esse
1589 2378 1928 2446 Christum;
1960 2383 2250 2447 tanquam

583 2471 849 2527 dicentes
879 2488 891 2526 :
931 2474 1045 2527 Nos
1070 2469 1411 2525 audivimus
1445 2483 1517 2522 ex
1546 2466 1870 2538 Scriptura,
1903 2465 2061 2537 quod
2093 2464 2251 2519 Chri-

587 2565 712 2616 stus
741 2576 860 2616 non
883 2559 1195 2617 moriatur:
1223 2561 1598 2630 etquomono
1622 2561 1675 2610 tu
1694 2554 1854 2619 dicis,
1872 2554 2025 2626 quod
2052 2554 2249 2625 ipsum

592 2650 746 2706 mori
797 2648 1116 2721 Oporteat‘?
1169 2646 1406 2711 Deinde,
1464 2662 1537 2702 ne
1568 2645 1681 2700 hoc
1735 2645 1808 2700 de
1849 2661 1920 2701 eo
1951 2643 2146 2699 dicere
2169 2643 2252 2698 vi-

590 2744 867 2804 deantur,
909 2738 1077 2794 aiunt
1111 2753 1122 2792 :

663 2829 821 2884 Vers.
856 2832 948 2884 34.
1001 2827 1138 2894 Quis
1165 2856 1231 2866 —
1277 2825 1526 2881 hominis
1575 2823 1854 2880 ?Etenim
1905 2823 1951 2878 si
1984 2822 2249 2879 Christus

587 2924 692 2988 est,
727 2934 847 2974 non
881 2920 1130 2972 moritur
1171 2933 1184 2982 ;
1218 2915 1383 2988 quod
1409 2915 1458 2970 si
1500 2914 1768 2978 moritur,
1802 2930 1923 2969 non
1959 2919 2045 2967 est
2085 2913 2249 2968 Chri-

588 3014 740 3066 stus.
781 3008 977 3079 Atqui,
1008 3022 1044 3062 o
1074 3006 1383 3061 dementes
1417 3004 1430 3059 ι
1472 3003 1684 3059 debilis
1710 3009 1796 3059 est
1822 3003 1972 3058 ratio
2009 3008 2200 3057 vestra
2233 3019 2246 3056 :

586 3113 728 3154 nam
750 3101 805 3152 et
833 3097 944 3152 hoc
969 3099 1025 3152 et
1051 3095 1191 3150 illud
1227 3111 1429 3150 verum
1461 3099 1583 3150 est:
1617 3092 1970 3148 immortalis
2001 3091 2248 3164 quidem

2361 1950 2480 1983 που·
2511 1930 2554 1982 εἰ
2606 1935 2694 1982 καὶ
2746 1935 2816 2002 μὴ
2852 1931 3146 2002 προσέθηκε
3177 1937 3328 1982 τοῦτο
3368 1933 3392 1983 ό
3445 1930 3834 2003 εὖαγγελιστὴς
3869 1938 3943 1984 καὶ

2359 2022 2458 2093 γὰρ
2514 2015 2774 2094 διαφόρως
2833 2019 2968 2090 ἔλεγε
3025 2027 3178 2072 τοῦτο
3231 2023 3361 2094 πρός
3431 2020 3622 2082 αὐτούς
3656 2039 3667 2050 ·
3725 2021 3828 2074 ἐπεὶ
3871 2027 3945 2072 καὶ

2360 2116 2446 2160 νῦν
2502 2105 2634 2160 εἶπεν
2700 2111 2780 2161 ὅτι
2835 2107 2996 2160 Ὀταν
3055 2108 3270 2180 ὑψωθῶ,
3331 2117 3558 2168 συνῆκαν
3628 2112 3712 2162 ὅτι
3766 2109 3946 2182 ῦψωσῖν

2361 2201 2445 2250 τόν
2503 2201 2719 2250 θάνατον
2771 2198 2928 2270 λέγει,
2991 2198 3035 2250 εἰ
3108 2203 3198 2251 καὶ
3271 2204 3340 2271 μὴ
3423 2205 3517 2258 τὴν
3578 2199 3664 2252 ἐπὶ
3743 2208 3946 2273 σταυροῦ

2361 2286 2596 2351 ἐνόησαν,
2631 2292 2720 2340 καὶ
2772 2284 3176 2362 προσεδόκησαν
3209 2289 3437 2342 ἐντεῦθεν
3469 2288 3674 2360 ἐλέγξαι
3712 2289 3857 2342 αὐτόν
3885 2294 3942 2360 μὴ

2361 2381 2482 2429 ὄντα
2535 2381 2783 2452 Χριστὸν,
2846 2381 3035 2430 ὡσανεί
3088 2377 3334 2448 λέγοντες·
3393 2380 3724 2451 Ἠκούσαριεν
3769 2377 3820 2430 ix
3872 2388 3946 2438 τῆς

2361 2473 2565 2541 Γραφῆς
2592 2469 2670 2518 ὅτι
2702 2468 2726 2518 ό
2763 2471 2990 2538 Χριστός
3035 2467 3127 2519 οὐκ
3159 2465 3500 2535 ἀποθνήσκει,
3532 2472 3621 2520 καὶ
3668 2477 3774 2530 πῶς
3808 2472 3867 2520 σὺ
3885 2466 3946 2518 λέ·

2358 2576 2469 2627 γεις
2499 2558 2579 2608 ότι
2609 2555 2882 2608 ἀποθανεῖν
2907 2557 3018 2628 (76)
3043 2561 3152 2628 χρὴ
3186 2557 3368 2624 αὐτόν;
3396 2553 3540 2624 Εἶτα,
3569 2560 3654 2610 ἱνα
3673 2563 3743 2631 μὴ
3774 2555 3946 2620 δόξωσι

2359 2651 2476 2720 περὶ
2507 2646 2667 2699 αὑτοῦ
2699 2653 2848 2699 τοῦτο
2874 2646 3056 2718 λέγειν,
3092 2666 3241 2718 φασι.

2429 2830 2520 2887 Τίς
2576 2855 2637 2865 —
2685 2823 3003 2893 ἀνθρώπου;
3056 2825 3115 2878 Εἰ
3167 2828 3256 2897 μεν
3304 2828 3405 2899 γὰρ
3453 2823 3589 2878 ἔστιν
3651 2827 3675 2878 ὁ
3727 2829 3942 2899 Χριστός,

2358 2914 2451 2966 οὐκ
2511 2913 2849 2971 ἀποθνήσκει·
2907 2914 2950 2966 εἰ
3009 2910 3067 2966 δὲ
3148 2913 3488 2983 ἀποθνήσκει,
3558 2915 3655 2968 οὒκ
3725 2919 3858 2968 ἔστιν
3925 2914 3944 2962 ό

2359 3009 2605 3076 Χριστός.
2643 3008 2743 3056 Καὶ
2769 3009 2891 3075 μὴν,
2920 3005 2959 3054 ὠ
2998 3002 3246 3061 ἀνόητοιῐ
3298 3005 3493 3078 σαθρός
3541 3006 3566 3056 ὁ
3611 3003 3765 3077 λόγος
3801 3005 3942 3076 ὑμῶν·

2361 3112 2473 3146 εστι
2510 3097 2607 3167 γὰρ
2659 3099 2748 3145 καὶ
2795 3101 2944 3146 τοῦτο
2989 3092 3212 3159 κάκεῖνο,
3245 3092 3500 3155 ἀθάνατος
3557 3097 3648 3164 μὲν
3700 3103 3760 3166 τῇ
3815 3093 3944 3146 ἀθεό-

587 3191 675 3242 est
720 3184 1042 3251 divinitate,
1112 3182 1379 3238 mortalis
1429 3188 1626 3238 autem
1678 3181 2072 3237 humanitate.
2137 3180 2247 3235 Sed

2363 3203 2501 3248 τητι,
2555 3185 2734 3244 θνητός
2796 3180 2854 3236 δὲ
2904 3192 2966 3255 τῇ
3029 3181 3414 3258 ἀνθρωπότητι.
3468 3183 3602 3236 Ἀλλ’
3660 3186 3684 3236 ὁ
3739 3186 3944 3259 Χριστός

589 3277 852 3333 Christus
880 3291 1038 3331 nunc
1063 3289 1182 3330 non
1201 3274 1422 3340 docuit,
1456 3273 1765 3346 quomodo
1787 3271 2142 3328 immortalis
2165 3287 2250 3326 es-

589 3373 698 3430 set,
723 3367 821 3420 sed
852 3365 1162 3436 quomodo
1185 3361 1451 3418 mortalis
1487 3381 1498 3428 ;
1520 3362 1735 3430 sciens,
1758 3377 1862 3416 eos
1894 3377 2016 3417 non
2041 3376 2250 3415 susce—

585 3461 794 3529 pturos
833 3454 906 3510 de
939 3471 1046 3509 sua
1078 3452 1522 3508 immortalitate
1549 3467 1906 3507 sermonem.

659 3543 982 3602 Considera
1004 3557 1282 3614 namque,
1303 3541 1487 3613 quod,
1513 3557 1650 3597 cum
1665 3541 1845 3596 etiam
1871 3556 2098 3603 vocem,
2117 3555 2253 3611 quae

587 3633 663 3689 de
697 3632 848 3688 caelo
871 3637 1133 3698 venerat,
1177 3630 1483 3686 audissent
1508 3646 1578 3686 ac
1611 3629 1904 3685 dixissent
1954 3645 1964 3683 :
1999 3628 2255 3700 Angelus

588 3724 641 3780 ei
663 3724 892 3779 locutus
915 3728 1018 3791 est,
1040 3721 1239 3777 adhuc
1270 3726 1470 3777 tamen
1487 3719 1922 3790 malignantur.
1961 3719 2097 3774 Ideo
2117 3719 2258 3773 sim.

591 3811 824 3884 pliciter
861 3826 964 3865 eos
996 3810 1301 3866 admonet.

660 3902 825 3956 Vers.
873 3904 959 3956 35.
995 3901 1148 3956 Dicit
1197 3898 1807 3967 -—comprehendant.
1865 3899 2081 3956 Lucem
2115 3900 2258 3956 dicit

590 3990 874 4062 seipsum.
907 3993 1052 4045 Nam
1084 3993 1138 4044 et
1183 3989 1241 4043 in
1274 3987 1745 4059 praecedentibus
1780 3987 2020 4044 dicebat
2075 4005 2086 4043 :
2130 3991 2258 4060 Ego

587 4094 712 4136 sum
736 4080 847 4135 lux
870 4078 1098 4141 mundi,
1129 4077 1232 4148 qui
1260 4076 1524 4147 sequitur
1544 4091 1634 4132 me
1653 4092 1772 4131 non
1790 4077 2060 4133 ambulat
2092 4077 2147 4131 in
2178 4085 2260 4134 te-

589 4170 858 4226 nebris“.
885 4166 1174 4222 Modicum
1225 4171 1423 4221 autem
1453 4169 1688 4236 tempus
1725 4165 1782 4220 id
1805 4164 1966 4230 dicit,
1993 4167 2158 4238 quod
2182 4167 2259 4223 ad

590 4263 844 4314 mortem
905 4271 1092 4328 usque
1144 4253 1366 4309 deerat.
1417 4254 1538 4308 Ριιεξ».
1591 4255 1961 4310 humanitate
2000 4271 2142 4327 ergo
2190 4273 2259 4312 ac

588 4347 956 4416 benignitate
985 4347 1344 4416 protestetur
1369 4359 1438 4398 ae
1469 4342 1920 4412 admonetillos,
1957 4349 2015 4401 ut
2049 4346 2106 4400 in
2130 4345 2260 4402 luce

591 4435 920 4502 ambulent,
950 4433 1062 4488 hoc
1092 4438 1182 4488 est
1205 4439 1530 4504 sequantur
1561 4448 1696 4488 eum
1718 4434 2091 4490 cumlumine
2115 4452 2262 4506 pree-

2362 3272 2456 3324 οὐκ
2510 3269 2722 3335 ἐδίδαξε
2779 3280 2866 3324 νῦν
2927 3281 3031 3334 πῶς
3073 3275 3162 3344 μὲν
3216 3271 3357 3325 ἐστιν
3412 3272 3694 3338 ἀθάνατος,
3751 3281 3848 3332 πῶς
3899 3269 3945 3324 δὲ

2366 3363 2564 3427 θνητός,
2607 3357 2760 3424 εἰδὼς
2792 3360 2980 3423 αὐτοὺς
3032 3362 3090 3414 οὐ
3125 3359 3574 3437 παραδεξομένους
3605 3366 3693 3416 τὸν
3724 3366 3831 3435 περὶ
3867 3369 3945 3421 τῆς

2367 3453 2604 3513 θεότητος
2636 3451 2796 3503 αὐτοῦ
2824 3450 2995 3522 λόγον.

2437 3546 2619 3593 Σκόπει
2669 3543 2767 3613 γὰρ
2826 3543 2903 3593 ὅτι
2961 3545 3050 3593 καὶ
3107 3545 3198 3599 τὴν
3258 3539 3506 3594 ἐλθοῦσαν
3557 3547 3729 3614 φωνὴν
3772 3541 3824 3594 ἐκ
3871 3546 3946 3592 τοῦ

2365 3631 2586 3704 οὐρανοῦ
2637 3629 2988 3691 ἐνωτισθέντες
3040 3636 3129 3682 καὶ
3185 3630 3410 3693 εἰπόντες
3469 3633 3549 3684 ὅτι
3583 3632 3791 3704 ἄγγελος
3830 3629 3946 3697 αὐτῷ

2365 3720 2656 3787 λελάληκεν,
2725 3722 2800 3771 ἔτι
2879 3722 3268 3792 πονηρεύονται.
3329 3723 3416 3773 Διὸ
3491 3728 3733 3794 παραινεῖ
3799 3719 3947 3776 αὐτοῖς

2366 3809 2509 3864 ἁπλῶ
2519 3829 2559 3872 ς.

2439 3907 2590 3952 Εἶπεν
2641 3929 2708 3938 —
2761 3897 3051 3971 καταλὴϐη.
3115 3906 3222 3959 Φῶς
3287 3899 3467 3952 ἑαυτὸν
3521 3898 3678 3970 λέγει.
3734 3904 3828 3953 Καὶ
3865 3899 3946 3968 γὰρ

2367 3994 2456 4043 καὶ
2527 3987 2802 4063 προλαϐὼν
2871 3987 3055 4059 ἔλεγεν·
3112 3987 3244 4059 Ἐγώ
3322 3989 3428 4062 εἰμι
3475 3992 3533 4041 τό
3588 3998 3695 4061 φῶς
3741 3996 3827 4040 τοῦ
3878 3989 3947 4037 κό-

2371 4097 2527 4149 σμου,
2583 4079 2608 4128 ὁ
2664 4076 2954 4129 ἀκολουθῶν
2995 4080 3108 4149 ἐμοι
3175 4077 3234 4129 οὗ
3283 4081 3350 4150 μὴ
3416 4083 3752 4152 περιπατήσῃ
3813 4075 3856 4128 ἓν
3897 4082 3944 4142 τῇ

2372 4172 2576 4239 σκοτίᾳ.
2645 4170 2842 4241 Μικρὸν
2925 4163 2983 4219 δὲ
3070 4171 3262 4239 χρόνον
3349 4187 3481 4239 φησι
3537 4171 3624 4220 τόν
3690 4170 3820 4239 ἄχρι
3875 4171 3948 4216 τοῦ

2372 4257 2590 4309 θανάτου
2647 4256 2829 4308 αὑτοῦ.
2895 4255 3018 4308 Ὑπὸ
3092 4255 3474 4329 φιλανθρωπίας
3522 4261 3693 4309 τοίνυν
3752 4253 3950 4325 διαμαρ-

2370 4349 2598 4421 τύρεται,
2658 4350 2747 4397 καὶ
2822 4350 3113 4416 κατεπείγει
3172 4345 3358 4407 αὐτούς
3432 4347 3504 4409 εἰς
3563 4349 3620 4397 τό
3678 4347 3947 4419 περιπατεῖν

2371 4436 2420 4487 ἐν
2492 4445 2562 4506 τῷ
2619 4440 2768 4506 φωτὶ,
2815 4439 2976 4506 ἤγουν
3035 4433 3332 4487 ἀκολουθεῖν
3391 4435 3531 4505 αὐτῴ
3573 4439 3948 4507 φωταγωγοῦντι

593 4531 835 4582 euntem
863 4523 1135 4594 viamque
1163 4527 1762 4590 commonstrantem,
1781 4530 1837 4578 et
1864 4524 1993 4594 ejus
2016 4525 2252 4580 credant

2370 4529 2459 4576 καὶ
2509 4521 2814 4596 όδηγοῦντι,
2845 4528 2933 4576 καὶ
2984 4527 3243 4576 πιστεύειν
3293 4531 3401 4586 τοῖς
3429 4524 3601 4595 λόγοις
3649 4524 3760 4595 (77)
3790 4521 3944 4572 αὑτοῦ.

594 4613 995 4670 sermonibus.
1031 4615 1138 4667 Per
1183 4612 1457 4666 tenebras
1480 4627 1621 4668 vero
1660 4629 1921 4670 errorem
1970 4614 2258 4684 intelligo,

593 4720 718 4776 quo
749 4719 852 4758 eos
894 4701 1260 4758 seduxerunt
1289 4699 1523 4756 illorum
1576 4701 1904 4772 pontiﬁces,
1946 4711 2259 4776 postquam

597 4793 892 4849 Christum
925 4789 1360 4858 interfecerunt,
1394 4789 1764 4848 afﬁrmantes
1791 4791 1951 4863 quod
1984 4793 2264 4850 seductor

595 4881 815 4938 fuisset.

669 4970 1079 5041 Intelliguntur
1111 4985 1352 5043 quoque
1384 4968 1721 5040 simpliciter
1768 4971 2058 5040 Tenebrz,
2101 4987 2264 5028 error

597 5061 958 5127 Judeorum,
991 5059 1096 5133 qui
1133 5057 1508 5132 corporalem
1555 5058 1778 5116 cultum
1813 5065 2136 5130 servantes,
2167 5078 2258 5119 ar-

673 5294 718 5329 “
749 5293 1023 5358 Joannn,
1055 5294 1109 5361 8,
1135 5307 1254 5366 xw,
1279 5296 1368 5350 28.
1447 5294 1492 5330 ⁴⁵
1513 5295 1680 5352 Joan.
1739 5309 1858 5360 vui,
1890 5297 1976 5362 t2,

2372 4619 2584 4666 Σκοτίαν
2617 4610 2674 4665 δὲ
2722 4622 2820 4665 νοῶ
2850 4617 2944 4671 τὴν
2983 4612 3199 4680 πλάνην,
3232 4613 3291 4671 ἣν
3346 4612 3638 4672 ἕπλάνησαν
3695 4612 3872 4669 αὐτοὺς
3909 4608 3945 4657 οὶ

2371 4705 2624 4778 ἄρχοντες
2657 4702 2823 4754 αὐτῶν
2877 4704 3007 4774 μετὰ
3055 4705 3112 4754 τό
3156 4700 3342 4754 ἀνελεῖν
3401 4705 3486 4755 τὸν
3545 4705 3792 4778 Χριστόν,
3837 4701 3946 4752 aln-

2372 4797 2755 4866 ροφορήσαντες
2780 4794 2859 4844 ὅτι
2889 4791 3077 4854 πλάνος
3103 4788 3182 4850 ἦν.

2443 4979 2654 5024 Νοεῖται
2731 4966 2790 5023 δὲ
2867 4973 3053 5022 σκοτία
3125 4974 3215 5021 καὶ
3289 4970 3319 5026 ἠ
3399 4968 3573 5029 ἁπλῶς
3646 4967 3806 5022 πλάνη
3865 4971 3947 5015 τῶν

2368 5057 2660 5114 Ἰουδαίων·
2735 5065 2828 5118 τὴν
2897 5062 2998 5134 γὰρ
3078 5062 3382 5132 σωματικὴν
3461 5057 3700 5133 λατρείαν
3776 5055 3948 5129 φυλάσ·

1823 5525 2048 5593 Variae
2081 5524 2408 5594 lectiones
2457 5535 2522 5592 et
2554 5533 2756 5591 notae.

765 5721 878 5795 (‘75)
905 5723 1007 5795 Γάρ
1037 5736 1146 5794 pro
1174 5719 1233 5776 δέ
1264 5729 1329 5778 Α.

766 5791 876 5862 (76)
902 5791 987 5846 Δεῖ
1013 5791 1118 5865 p'ro
1147 5800 1256 5870 χρὴ
1287 5799 1352 5852 Α.

2427 5722 2543 5793 (77)
2574 5728 2656 5792 Τῷ
2675 5723 2815 5794 λόγῳ
2845 5727 2904 5774 Α.
