4108 6446
351 384 491 440 1369

353 528 528 571 σοντες
577 500 828 563 δοκοῦσιν
885 504 1176 582 εὐαρεστεῖν
1227 515 1298 579 τῷ
1347 515 1482 579 Θεῷ,
1522 511 1612 560 καὶ
1663 510 1948 572 σώζεσθαι.
1982 508 2028 563 Α

353 604 455 654 Καὶ
501 603 603 667 μὴν
661 597 789 655 αὕτη
843 598 871 654 ἡ
931 602 1118 649 σκοτία
1192 602 1283 650 καὶ
1338 616 1453 649 τοτε
1518 594 1658 669 εἶχεν
1714 598 1904 660 αύτούς
1935 613 1949 628 ⁸

350 689 482 741 ἄλλά
526 690 585 739 τὸ
633 683 900 758 καταλάϐῃ
960 684 1074 738 ἀντὶ
1109 693 1201 738 τοῦ
1258 688 1643 761 καταχυριεύση
1680 691 1843 761 μέχρι
1870 690 1952 740 τέ-

350 778 490 839 λους.

428 870 526 920 Καὶ
584 896 652 905 -
708 864 917 936 ύποίγει.
952 862 1237 935 Πλανᾶται,
1287 868 1628 940 προσκόπτει,
1675 865 1951 939 κρημνίζεο

355 976 463 1011 ται.

422 1044 557 1106 Ἕως
578 1075 647 1085 -
674 1052 793 1116 φῶς.
817 1044 1133 1116 Ἐσαφήνισε
1160 1046 1246 1096 τόν
1271 1043 1439 1116 λόγον.

421 1132 532 1187 Ἰνα
576 1164 646 1174 -
686 1134 926 1205 γένησθε.
981 1137 1080 1186 Καὶ
1120 1132 1170 1185 ἐν
1199 1138 1497 1207 προοιμίοις
1524 1141 1615 1185 τοῦ
1638 1132 1952 1205 Εὐαγγελίου

351 1220 483 1277 εἶπεν
534 1223 679 1283 οὗτος
710 1224 735 1274 6
767 1222 1164 1294 εὐᾳγγελιστὴς,
1216 1225 1299 1275 ὅτι
1334 1229 1491 1275 Ὅσοι
1535 1221 1714 1275 ἔλαϐον
1773 1223 1952 1288 αὐτόν,

352 1309 539 1365 ἔδωκεν
566 1312 742 1373 αὐτοῖς
772 1310 1010 1375 ἐξουσίαν
1048 1316 1200 1364 τέκνα
1232 1320 1365 1365 Θεοῦ
1395 1314 1659 1383 γενέσθαι,
1699 1319 1804 1373 τοῖς
1835 1332 1956 1365 πισ-

351 1404 590 1455 τεύουσιν
621 1402 692 1464 εἰς
721 1404 779 1453 τὸ
816 1405 974 1472 ὄνομα
1000 1400 1181 1455 αὐτοῦ.
1216 1400 1351 1455 Ἀλλ’
1382 1400 1484 1454 ἐκεῖ
1508 1404 1597 1473 μὲν
1633 1409 1844 1474 νοοῦμεν
1875 1404 1955 1455 ὅτι

350 1496 504 1545 τέκνα
523 1498 615 1544 τοῦ
649 1496 847 1566 Πατρός
872 1496 1122 1562 γίνονται,
1147 1490 1368 1544 ἐνταῦθα
1386 1487 1444 1543 δὲ
1466 1493 1546 1544 ὄτι
1568 1493 1670 1544 υἱοὶ
1693 1499 1784 1544 τοῦ
1816 1494 1951 1557 Υἰοῦ,

353 1582 437 1634 ἵνα
474 1582 644 1654 μάθῃς
670 1582 750 1633 ὅτι
779 1585 879 1653 μία
908 1578 1134 1656 ἐνέργεια
1159 1582 1359 1654 Πατρός
1387 1585 1476 1633 καὶ
1514 1583 1657 1652 Υἰοῦ,
1693 1586 1781 1634 καὶ
1809 1584 1957 1634 κοινὰ

354 1671 520 1723 πάντα
552 1670 742 1743 ἀμφοῖν
757 1714 770 1725 .

424 1767 600 1813 Ταῦτα
623 1789 690 1800 -
730 1758 917 1811 αὐτῶν.
959 1764 1127 1831 Ἔγνω
1142 1760 1240 1831 γὰρ
1264 1762 1349 1812 τὸν
1380 1760 1539 1832 θυμὸν
1559 1759 1725 1811 αὐτῶν
1756 1779 1954 1835 ταρασ-

355 1854 567 1923 σόμενον
594 1853 684 1902 καὶ
715 1847 1126 1921 ἀγριαινόμενον,
1156 1854 1245 1902 καὶ
1270 1848 1458 1922 ἐκρύϐη
1480 1851 1563 1902 ἱνα
1590 1854 1661 1923 μὴ
1692 1849 1774 1902 ἐπὶ
1808 1849 1953 1903 πλέον
1990 1867 2028 1921 Β

352 1939 632 2013 ἁναφλεγῇ,
680 1937 981 2012 κατασταλῇ
1031 1934 1090 1990 δε
1136 1938 1327 2012 μᾶλλον
1366 1947 1427 2011 τῇ
1476 1940 1819 2015 ύποχωρὴσει
1864 1939 1954 1991 αύ-

350 2038 441 2082 τοῦ
451 2072 463 2084 .

420 2126 664 2172 Τοσαῦτα
727 2150 795 2158 -
862 2118 1036 2173 αὐτόν.
1111 2150 1176 2159 -
1256 2121 1521 2184 Τοσαῦτα,
1600 2120 1701 2171 ὅσα
1765 2117 1953 2181 ἐκεῖνος

346 2212 437 2282 μὲν
520 2208 780 2277 ἐποίησεν,
849 2209 995 2269 οὗτος
1055 2205 1113 2261 δὲ
1169 2208 1420 2283 παρελιπε
1493 2206 1586 2262 διὰ
1642 2212 1700 2260 τὸ
1757 2208 1952 2271 πλῆθος

348 2299 538 2351 αὐτῶν.

418 2387 530 2441 Ἵνα
580 2417 649 2429 —
708 2386 978 2463 πληρωθῇ.
1048 2388 1324 2441 Κάνταῦθα
1391 2391 1448 2439 τό
1504 2386 1614 2441 Ἰνα
1670 2387 1764 2440 οὐκ
1816 2390 1953 2440 ἔστιν

349 2477 692 2549 αἰτιολογίας,
753 2476 860 2529 ἀλλ’
941 2476 1222 2544 ἐκϐάσεως,
1299 2480 1416 2536 ἤτοι
1481 2477 1795 2551 πληρώσεως
1862 2484 1952 2529 τοῦ

348 2566 633 2641 μελλοντος,
708 2569 789 2619 ὄτι
856 2566 1026 2639 ἔμελλε
1086 2566 1446 2639 πληρωθῆναι.
1514 2572 1615 2620 Καὶ
1676 2574 1952 2639 πανταχοῦ

348 2660 407 2709 τὸ
471 2656 582 2709 Ἱνα
633 2658 659 2709 6
710 2655 863 2728 λόγος
918 2664 1011 2708 τοῦ
1071 2675 1339 2728 προφητου
1407 2656 1679 2728 πληρωθῇ,
1747 2660 1837 2708 καὶ
1894 2660 1951 2708 τὸ

346 2744 460 2799 Ἵνα
507 2748 537 2804 ἠ
598 2750 888 2820 προφητεία
916 2744 1190 2818 πληρωθῇ,
1254 2750 1345 2797 καὶ
1400 2748 1480 2814 τὸ,
1537 2744 1716 2807 Ὀπως
1768 2748 1954 2798 καὶτὰ

348 2842 566 2889 τοιαῦτα
616 2838 863 2894 τοιαύτην
915 2838 1107 2907 ἔχουσι
1148 2839 1241 2893 τὴν
1284 2839 1575 2908 σημασίαν,
1629 2835 1674 2887 εἰ
1702 2839 1791 2887 καὶ
1837 2834 1949 2907 (78)

350 2930 422 2998 μὴ
482 2924 530 2978 ἐν
574 2932 678 2985 τοῖς
720 2924 894 2987 ἄλλοις
944 2924 1340 2996 εύαγγελισταῖς
1371 2932 1525 2977 τοῦτο
1557 2920 1950 2997 δεδηλώκαμεν,

350 3015 427 3067 Ού
473 3017 575 3090 γὰρ
627 3011 763 3068 διότι
830 3011 969 3067 εἶπον
1015 3016 1063 3067 οἱ
1100 3022 1387 3086 προφῆται,
1422 3011 1517 3067 διὰ
1552 3022 1702 3067 τοῦτο
1740 3019 1949 3087 γεγόνα-

352 3124 434 3156 σιν
482 3103 517 3156 ἃ
578 3102 717 3157 εἷπον
785 3119 799 3135 ·
868 3103 994 3155 ἀλλὰ
1061 3100 1201 3156 διότι
1260 3103 1460 3174 ἔμελλον
1538 3106 1800 3176 γενέσθαί,
1856 3102 1951 3157 διὰ

347 3202 501 3247 τοῦτο
580 3191 720 3247 εἷπον
784 3196 833 3247 οἱ
883 3202 1148 3269 προφῆται
1183 3236 1196 3247 .

347 3292 502 3337 τοῦτο
556 3304 650 3348 της
713 3290 942 3357 Γραφῆς,
1007 3286 1076 3344 ὡς
1150 3279 1571 3356 προδεδήλωται,

351 3371 577 3444 ἀψευδὲς
635 3382 728 3435 τῆς
809 3377 1127 3448 προφητείας
1191 3377 1280 3425 καὶ
1357 3375 1415 3424 τό
1471 3374 1677 3434 πάντως
1723 3372 1954 3447 πληρού-

1232 3190 1454 3289 Ἰδίξυμα
1510 3195 1611 3268 γάρ
1651 3194 1768 3265 (79)
1837 3193 1946 3246 ἐστι
1986 3236 2027 3289 C

1652 3281 1843 3341 δηλοῦν
1895 3287 1950 3336 τό

352 3482 516 3521 μενον.

421 3553 514 3606 “Ov
569 3583 637 3594 —
698 3555 864 3625 ἡμῶν.
918 3557 1042 3626 Περὶ
1095 3560 1193 3604 τῶν
1246 3557 1316 3624 μὴ
1364 3554 1753 3605 πιστευσάντων
1802 3560 1953 3605 τοῦτο

352 3647 549 3717 εἴρηκεν
608 3645 633 3695 ό
686 3648 980 3717 προφήτης,
1025 3645 1218 3695 τούτων
1276 3661 1329 3695 τε
1391 3647 1480 3695 καὶ
1526 3650 1623 3694 τῶν
1662 3645 1905 3695 τοιούτων
1938 3658 1950 3670 ·

352 3732 511 3791 ἀκοὴν
550 3732 709 3805 λέγων
766 3736 859 3791 τὴν
910 3736 1025 3804 περὶ
1073 3740 1164 3783 τοῦ
1223 3739 1456 3806 Χριστοῦ
1509 3736 1845 3807 προφητείαν,
1892 3731 1952 3790 ἢν

352 3822 670 3882 ἀκούσαντες
723 3824 773 3874 οἱ
823 3830 1083 3893 προφῆται
1124 3829 1233 3883 τοῖς
1270 3822 1370 3873 ὠσὶ
1410 3829 1509 3874 τῶν
1560 3820 1752 3893 ψυχῶν
1783 3822 1953 3874 αύτών

352 3913 452 3963 ύπὸ
506 3920 596 3964 τοῦ
642 3913 779 3964 θείου
864 3913 1156 3981 Πνεύματος
1212 3908 1581 3982 ἐνηχηθεῐσαν,
1642 3915 1953 3984 προεφήτευ-

354 4020 469 4055 σαν.
521 4004 669 4073 Λέγει
720 3997 779 4053 δε
836 4001 918 4051 ὅτι
964 3995 1139 4059 οὐδεὶς
1205 4007 1304 4051 τῶν
1356 4001 1601 4051 τοιούτων
1650 3997 1951 4051 ἐπίστευσεν

352 4090 505 4163 αὐτῇ.

425 4185 521 4233 Καὶ
558 4211 625 4219 -
670 4177 1030 4250 ἀπεκαλύφθη.
1089 4182 1333 4252 Βραχίων
1376 4184 1465 4229 τοῦ
1514 4175 1774 4250 Πατρόςό
1813 4178 1947 4242 Υἱὸς,

350 4270 418 4330 ὡς
473 4265 691 4341 δύναμις
731 4267 911 4320 αὑτοῦ.
965 4272 1101 4325 Φησὶ
1152 4270 1253 4340 γὰρ
1313 4268 1337 4318 6
1398 4265 1595 4325 Παῦλος
1650 4282 1663 4295 ⁸
1720 4270 1951 4341 Χριστὸς

350 4365 484 4410 Θεοῦ
541 4354 784 4429 δύναμις.
818 4352 1009 4409 Ούδενὶ
1040 4358 1234 4408 τούτων
1267 4354 1555 4428 ἐγνωρίσθη
1590 4354 1647 4407 ού
1677 4358 1819 4430 παρὰ
1856 4360 1950 4415 τὴν

350 4446 532 4499 ἑαυτοῦ
583 4451 931 4521 κρυφιότητα,
984 4442 1112 4496 ἀλλὰ
1155 4446 1300 4520 παρὰ
1334 4448 1428 4502 τὴν
1468 4444 1637 4496 αὐτῶν
1666 4444 1949 4516 τύφλωσιν,

351 4536 518 4598 Αὐτὸς
564 4538 652 4608 μὲν
698 4538 799 4609 γὰρ
834 4532 989 4593 δίκην
1029 4534 1180 4593 ἡλίου
1230 4538 1287 4585 τό
1334 4542 1439 4606 φῶς
1492 4542 1587 4595 τῆς
1615 4533 1805 4596 οἰκείας
1853 4536 1955 4586 θεό-

1383 379 1747 441 COMMENT.
1791 380 1862 437 IN
1900 379 2246 438 JOANNEM.
2289 412 2356 424 —
2395 378 2552 439 CAP.
2585 377 2706 436 XII.

3589 380 3725 438 1370

2061 507 2433 565 bitrabantur
2463 522 2526 563 se
2552 508 2672 563 Deo
2711 505 2942 580 placere
2988 525 3058 566 ac
3116 507 3317 567 salvos
3364 506 3511 564 ﬁeri.
3542 505 3719 580 Atqui

2058 597 2148 653 hae
2176 597 2432 654 tenebrm
2458 597 2585 668 jam
2617 596 2748 654 illos
2783 598 3081 655 habebant
3114 618 3129 669 ;
3165 600 3267 655 sed
3297 599 3377 654 ait
3410 615 3422 653 :
3451 599 3587 654 Non
3618 612 3720 654 vos

2060 687 2579 757 comprehendant,
2622 687 2685 743 id
2723 693 2828 754 est,
2862 704 2937 746 ne
2976 705 3163 763 usque
3214 689 3292 745 ad
3317 688 3499 744 ﬁnem
3530 688 3722 744 domi-

2060 782 2277 833 nentur
2307 776 2495 833 vobis.

2130 868 2288 923 Vers.
2327 872 2417 924 35.
2472 868 2549 923 Et
2597 899 2661 909 —
2693 869 2889 926 vadat.
2956 872 3136 937 Errat,
3188 868 3456 936 offendit,
3516 865 3715 941 praeci-

2059 957 2305 1029 pitatur.

2132 1046 2293 1102 Vers.
2327 1050 2412 1103 36.
2447 1047 2726 1105 Donec—
2763 1050 2964 1105 lucem.
2987 1051 3334 1107 Sermonem
3363 1046 3723 1121 explanavit.

2132 1138 2295 1192 Vers.
2329 1136 2418 1192 36.
2459 1138 2531 1195 Ut
2569 1168 2615 1176 α-
2645 1139 2795 1194 sitis.
2826 1140 2887 1194 In
2922 1140 3262 1210 primordiis
3280 1155 3519 1213 quoque
3538 1140 3727 1193 Evan-

2060 1225 2197 1299 gelii
2223 1226 2371 1285 dixit
2400 1226 2494 1282 hic
2525 1227 2883 1297 evangelista
2909 1245 2920 1284 :
2956 1229 3245 1301 Quotquot
3276 1234 3472 1285 autem
3506 1242 3731 1295 recepe-

2062 1321 2201 1371 runt
2225 1330 2378 1381 eum,
2400 1316 2555 1372 dedit
2582 1319 2662 1372 eis
2678 1324 3009 1386 potestatem
3028 1317 3175 1387 ﬁlios
3211 1318 3315 1373 Dei
3337 1319 3475 1384 fieri
3488 1316 3730 1373 creden-

2064 1405 2218 1461 tibus
2246 1406 2309 1461 in
2324 1422 2532 1461 nomen
2555 1407 2764 1476 ejus“.
2798 1406 3008 1463 Sedibi
3040 1407 3286 1479 quidem
3320 1405 3728 1475 intelligimus,

2063 1495 2221 1565 quod
2246 1495 2352 1551 ﬁlii
2374 1495 2522 1551 ﬁant
2553 1495 2741 1551 Patris
2771 1512 2782 1550 :
2812 1495 2907 1550 hic
2958 1501 3181 1559 autem,
3214 1494 3377 1567 quod
3413 1494 3510 1549 lilii
3540 1493 3729 1566 ipsius

2064 1584 2187 1639 Filii
2216 1600 2228 1638 :
2257 1591 2318 1640 ut
2341 1585 2556 1650 discas,
2588 1584 2751 1657 quod
2784 1601 2901 1640 una
2934 1584 3008 1640 sit
3040 1583 3233 1640 Patris
3281 1590 3336 1640 et
3361 1583 3486 1639 Filii
3516 1597 3728 1655 opera-

2064 1673 2161 1739 tio,
2186 1679 2242 1729 et
2273 1674 2583 1731 amborum
2614 1676 2821 1731 omnia
2852 1691 2987 1730 esse
3010 1675 3377 1730 communia.

2134 1765 2295 1819 Vers.
2318 1767 2408 1820 36.
2442 1767 2582 1820 Haec
2620 1797 2689 1805 ——
2714 1764 2813 1820 eis.
2842 1764 3080 1820 Sciebat
3114 1779 3379 1834 namque,
3416 1762 3565 1819 iram
3602 1762 3723 1818 illo-

2064 1868 2195 1908 rum
2227 1853 2525 1909 turbatam
2553 1869 2683 1908 esse
2701 1869 2770 1908 ac
2792 1854 3076 1909 irritatam
3110 1869 3121 1907 :
3152 1852 3286 1908 ideo
3318 1850 3638 1907 abscondit
3664 1866 3726 1905 se

2064 1957 2138 1997 ne
2170 1942 2425 2013 amplius
2485 1942 2977 2011 inﬂammaretur,
3038 1942 3141 1998 sed
3206 1942 3397 2011 magis
3444 1941 3573 2010 eius
3631 1955 3726 1997 se-

2064 2030 2331 2087 cessione
2365 2033 2693 2089 sedaretur.

2136 2120 2296 2178 Vers.
2333 2126 2418 2178 3‘7.
2460 2123 2601 2179 Tam
2650 2124 2839 2177 multa
2890 2151 2955 2161 —
2996 2136 3146 2176 eum.
3194 2152 3262 2159 —
3314 2120 3452 2176 Tam
3484 2118 3676 2174 multa
3710 2136 3723 2185 ;

2063 2215 2211 2283 quot
2236 2216 2432 2267 autem
2466 2211 2608 2266 illud
2640 2210 2907 2277 ediderit,
2941 2208 3313 2282 praetermisit
3362 2208 3458 2265 hic
3483 2211 3729 2280 propter

2064 2316 2272 2356 eorum
2318 2300 2778 2358 multitudinem.

2136 2389 2301 2445 Vers.
2330 2390 2417 2446 38.
2454 2392 2521 2448 Ut
2548 2422 2615 2432 -—
2645 2392 3061 2460 compleretur.
3096 2389 3279 2446 Etiam
3306 2388 3404 2444 hic
3431 2388 3614 2445 dictio
3641 2389 3730 2453 Ut,

2066 2493 2185 2534 non
2218 2484 2304 2534 est
2329 2480 2585 2536 causalis
2616 2480 2717 2535 sed
2741 2486 3017 2535 eventum
3052 2479 3211 2542 dicit,
3256 2479 3382 2534 sive
3409 2478 3537 2549 ejus
3567 2476 3732 2549 quod

2064 2568 2325 2624 futurum
2343 2576 2446 2635 est,
2478 2570 2961 2641 completionem.
2990 2571 3054 2624 Et
3088 2568 3429 2641 ubicunque
3453 2567 3681 2622 dicetur
3713 2582 3726 2621 :

2072 2659 2143 2715 Ut
2198 2674 2388 2715 sermo
2438 2660 2745 2728 propheta:
2803 2660 3221 2727 compteretur.
3282 2662 3344 2712 ut
3420 2654 3733 2729 prophetia

2064 2748 2452 2817 compleretur
2498 2765 2512 2815 ;
2554 2748 2735 2803 dictio
2797 2749 2886 2813 Ut,
2948 2753 3003 2803 et
3044 2748 3261 2803 Graecae
3312 2746 3599 2803 dictiones
3628 2745 3727 2813 ἵνα,

2063 2838 2279 2899 ὀπωςειο
2299 2836 2541 2902 similes,
2572 2838 2795 2892 dictam
2810 2836 3086 2893 eamdem
3110 2836 3331 2892 habent
3346 2833 3731 2906 signiﬁcatio-

2061 2940 2222 2993 nem,
2261 2941 2614 2997 quanquam
2638 2926 2695 2980 in
2727 2925 2857 2981 aliis
2876 2925 3256 2993 evangelistis
3319 2926 3433 2980 hoc
3458 2940 3578 2980 non
3610 2938 3729 2978 ma-

2061 3013 2710 3086 nifestavimus.Neque
2725 3015 2907 3079 enim,
2936 3014 3077 3087 quia
3103 3012 3725 3084 dixerunt'prophette,

2060 3087 2195 3159 ideo
2228 3104 2380 3159 facta
2408 3110 2545 3160 sunt
2601 3121 2736 3177 quae
2780 3104 3075 3169 dixerant,
3133 3103 3235 3158 sed
3279 3103 3422 3175 quia
3458 3102 3723 3158 futurum

2061 3201 2185 3249 erat
2216 3194 2519 3258 utfierent,
2572 3199 2888 3265 propterea
2942 3193 3344 3263 praedixerunt
3395 3191 3727 3264 prophetat.

2061 3283 2206 3339 Nam
2244 3284 2557 3355 Scriptura:
2586 3284 2805 3339 idioma
2835 3288 2939 3348 est,
2974 3288 3039 3339 ut
3068 3281 3476 3354 praediximus,
3499 3297 3621 3355 quo
3651 3281 3728 3337 si-

2063 3373 2803 3444 gniﬁcatinfallibilitatem
2836 3372 3156 3445 prophetiae
3195 3376 3251 3427 et
3307 3370 3727 3428 omnimodam

2064 3463 2193 3534 ejus
2225 3462 2710 3533 completionem.

2135 3552 2299 3607 Vers.
2331 3554 2418 3607 38.
2445 3553 2623 3620 Quem
2651 3582 2718 3592 —
2748 3555 2969 3607 nostra.
3000 3552 3079 3605 De
3102 3550 3195 3605 his
3234 3549 3339 3622 qui
3359 3550 3453 3623 ([Ῑ)
3469 3565 3584 3605 non
3610 3565 3732 3606 cre-

2065 3640 2363 3707 diderunt,
2394 3642 2508 3697 hoc
2537 3641 2684 3696 dixit
2714 3641 3006 3711 propheta
3032 3658 3045 3708 ;
3083 3640 3357 3696 auditum
3384 3639 3588 3695 dicens
3625 3638 3730 3695 ho-

2066 3747 2197 3786 rum
2230 3747 2299 3786 ac
2325 3731 2631 3795 similium,
2684 3731 3063 3802 prophetiam
3113 3729 3188 3785 de
3225 3730 3478 3793 Christo,
3538 3744 3728 3801 quam

2065 3821 2373 3891 prophetae
2400 3836 2537 3875 cum
2572 3821 2902 3883 audissent,
2928 3818 3174 3875 auribus
3225 3818 3566 3875 animarum
3594 3834 3730 3874 sua-

2062 3925 2195 3965 rum
2238 3909 2500 3965 adivino
2528 3909 2740 3981 Spiritu
2798 3910 3156 3973 immissum.
3198 3908 3723 3975 prophetaverunt.

2064 3998 2214 4054 Dicit
2235 4014 2393 4069 ergo,
2431 3998 2593 4070 quod
2626 3997 2827 4055 nullus
2857 3998 3064 4055 talium
3096 3997 3175 4053 illi
3216 3996 3613 4053 crediderunt.

2133 4177 2298 4230 Vers.
2333 4177 2417 4231 38.
2445 4176 2517 4231 Et
2548 4208 2615 4218 --
2646 4177 2967 4233 revelatum
3012 4182 3095 4232 est
3127 4176 3155 4231 ?
3186 4175 3503 4231 Brachium
3538 4173 3725 4231 Patris

2062 4270 2148 4321 est
2173 4264 2368 4330 Filius,
2413 4271 2611 4337 utpote
2638 4266 2898 4337 potentia
2928 4283 2995 4321 ac
3024 4268 3202 4321 robur
3250 4266 3397 4335 ejus.
3445 4264 3537 4321 Ait
3562 4264 3724 4319 enim

2064 4355 2282 4410 Paulus
2314 4372 2327 4410 :
2364 4355 2630 4412 Christus
2661 4356 2767 4411 Dei
2795 4356 3055 4419 potentia
3104 4356 3173 4408 η.
3203 4354 3355 4410 Nihil
3386 4354 3599 4409 horum
3632 4368 3727 4408 co—

2063 4443 2284 4512 gnitum
2326 4450 2429 4506 est,
2461 4460 2580 4499 non
2634 4451 2877 4516 propter
2932 4444 3021 4498 sui
3077 4443 3563 4507 absconsionem,
3626 4441 3728 4496 sed

2066 4538 2304 4605 propter
2334 4532 2572 4588 illorum
2604 4534 2952 4590 caecitatem.
2999 4535 3130 4604 [pse
3182 4532 3485 4605 siquidem
3513 4533 3570 4587 in
3606 4547 3731 4587 mo-

350 4644 502 4687 τητος
533 4621 759 4677 ἐδείκνυε
801 4629 891 4675 καὶ
919 4620 953 4677 δ
960 4628 1014 4676 ιὰ
1055 4623 1221 4695 λόγων
1252 4629 1342 4675 καὶ
1374 4620 1446 4675 δι’
1474 4625 1634 4693 ἔργων
1662 4639 1677 4655 ο
1712 4623 1860 4676 αύτοὶ
1895 4620 1954 4675 δὲ

2079 4595 2211 4677 tum
2238 4622 2399 4689 solis,
2418 4622 2612 4678 lucem
2640 4640 2761 4678 sum
2793 4595 3119 4678 divinitatis
3146 4595 3523 4691 ostendebat,
3552 4625 3607 4677 et
3629 4637 3734 4694 per

352 4716 710 4787 σαθρωθεῖσαν
750 4721 812 4785 τῇ
847 4718 1074 4786 πονηρίᾳ
1114 4718 1209 4771 τὴν
1254 4714 1437 4786 ὅρασιν
1478 4714 1686 4784 ἔχοντες
1712 4712 1817 4784 οὐχ
1844 4712 1956 4783 (80)

348 4802 686 4879 ἕνετράνιςον.

424 4896 516 4947 Διὰ
567 4901 722 4947 τοῦτο
785 4924 853 4934 --
906 4892 1145 4954 Ἠσαίας.
1200 4891 1478 4946 Κάνταῦθα
1524 4896 1582 4945 τὸ
1652 4894 1747 4945 Διὰ
1799 4899 1952 4945 τοῦτο

424 5074 490 5108 ⁴⁵¹
517 5073 668 5130 Joan
711 5089 751 5143 ι,
796 5075 880 5128 l2.
961 5072 1050 5127 ⁴⁸1
1080 5073 1206 5129 Cor.
1232 5088 1268 5138 ι,
1294 5074 1381 5127 24.

2066 4729 2392 4779 sermones,
2426 4718 2481 4768 et
2511 4729 2613 4785 per
2639 4729 2844 4785 opera.
2896 4713 2979 4769 Illi
3012 4728 3153 4769 vero
3186 4712 3412 4769 malitia
3444 4712 3734 4784 deprava-

2064 4800 2189 4857 tum
2220 4802 2512 4859 habentes
2545 4808 2850 4874 aspectum
2881 4818 3002 4858 non
3048 4801 3511 4858 illustrabantur.

2137 4891 2300 4946 Vers.
2332 4892 2421 4947 39.
2477 4892 2800 4962 Propterea
2831 4922 2897 4933 —
2927 4891 3129 4948 Isaias.
3193 4892 3381 4948 Etiam
3419 4890 3537 4954 hic,
3579 4892 3729 4947 Pro-

1578 5168 1794 5237 Variae
1824 5168 2152 5238 lectiones
2184 5178 2250 5236 et
2282 5178 2483 5237 notis.

421 5344 533 5417 (78)
563 5344 793 5417 Monuit
821 5343 1066 5417 quidem
1091 5342 1154 5399 in
1186 5340 1595 5417 superioribus
1613 5341 1814 5417 etiam,
1839 5356 1947 5396 nec

348 5410 551 5474 tamen
588 5416 673 5472 ita
712 5410 931 5487 aperte.
959 5415 1146 5484 Igitur
1162 5410 1295 5471 moi
1310 5413 1472 5479 dicit,
1500 5410 1945 5486 προδεδήλωεται.

420 5488 530 5562 (79)
576 5491 655 5555 Δέ,
680 5504 785 5560 pro
815 5488 935 5563 γάρ.
971 5492 1034 5542 Α.

418 5663 508 5736 (η’)
534 5666 613 5721 De
633 5663 717 5720 his
741 5663 860 5736 qui,
877 5666 1004 5736 etc.
1028 5662 1109 5719 De
1148 5660 1469 5736 incredulis
1489 5662 1611 5736 hoc
1640 5662 1787 5720 dixit
1815 5678 1949 5736 pro-

346 5733 546 5861 pheta,
571 5743 694 5793 tam
724 5733 798 5791 de
827 5734 921 5791 his
951 5749 1138 5806 quam
1176 5734 1251 5791 de
1281 5733 1411 5791 aliis
1440 5733 1534 5790 his
1589 5733 1946 5808 aequalibus.

374 5813 641 5861 nternres
673 5810 865 5861 τούτων
885 5824 939 5859 τι
963 5810 1053 5859 καὶ
1078 5814 1177 5858 τῶν
1214 5808 1463 5860 τοιούτων
1481 5806 1803 5861 inculcavit
1824 5810 1946 5861 post

374 5813 641 5882 nterpres
673 5810 865 5861 τούτων
885 5824 939 5859 τε
963 5810 1053 5859 καὶ
1078 5814 1177 5858 τῶν
1214 5808 1463 5860 τοιούτων
1481 5806 1803 5865 inculcavit
1824 5810 1953 5877 post

2148 5339 2499 5412 80)ΑΤρανῶς
2540 5335 2849 5412 ἐγίνωσκον,
2904 5338 2983 5393 De
3018 5345 3270 5412 “t’pavoﬁv
3330 5339 3447 5395 hoc
3512 5353 3716 5404 sensu,

2055 5408 2188 5466 vide
2216 5408 2383 5466 Huet.
2428 5408 2505 5464 ad
2528 5408 2686 5479 Orig.
2714 5414 2751 5465 t.
2778 5409 2870 5475 lll,
2908 5426 2967 5482 p.
3014 5408 3138 5477 564,
3172 5415 3312 5467 nota
3345 5431 3396 5465 α.

2054 5659 2233 5788 ἔεζέν.
2262 5657 2544 5716 Tollenda
2577 5674 2718 5729 ergo
2767 5664 2905 5714 sunt
2958 5658 3165 5716 horum
3194 5661 3247 5716 et
3276 5658 3557 5716 similium
3584 5661 3720 5732 post

2101 5748 2121 5788 ι
2190 5746 2278 5786 ns.

2101 5746 2257 5788 mens
2267 5771 2278 5785 .
