4108 6412
505 373 643 430 1371

1854 372 2191 429 EUTHYMll
2229 368 2561 429 ZIGABENI

3746 366 3887 423 13⁸12

502 506 881 569 pterea,non
929 500 1167 559 causale
1218 504 1328 567 est,
1381 500 1485 558 sed
1531 500 1710 557 futuri
1739 500 2160 558 declarativum

2282 497 2377 550 οὐκ
2426 500 2566 550 ἔστιν
2621 494 2960 567 αἰτιολογίας,
3018 492 3144 547 ἀλλὰ
3201 493 3485 568 μέλλοντος,
3544 494 3624 547 ὅτι
3681 491 3886 566 ἔμελλον

507 591 923 663 quiafuturum
942 596 1083 657 erat,
1108 597 1167 647 ut
1190 592 1427 647 credere
1457 607 1575 647 non
1600 597 1867 663 possent,
1893 592 2015 646 sive
2046 607 2169 646 non

506 682 722 737 vellent
752 698 925 737 :narn
942 683 991 737 si
1013 683 1354 749 voluissent,
1382 683 1578 755 utique
1605 682 2009 738 credidissent.
2036 682 2168 736 Non

506 787 699 844 posse,
718 772 1008 843 siquidem
1034 773 1211 827 etiam
1240 772 1535 844 significat
1560 792 1571 830 :
1598 788 1721 827 non
1746 770 1891 826 velle
1933 772 2082 825 sicut
2106 771 2167 825 in

508 859 968 931 praecedentibus
1010 862 1351 919 docuimus.
1402 864 1533 926 Aut,
1588 877 1707 917 non
1736 866 2014 929 poterant
2047 876 2167 916 cre-

506 949 662 1013 dere,
688 949 1015 1020 prohibitia
1046 951 1272 1006 malitia
1292 956 1348 1007 et
1382 952 1642 1006 caecitate
1668 965 1799 1005 sua.
1830 948 1983 1014 Quid
2024 963 2165 1018 ergo

507 1036 718 1093 iterum
739 1038 883 1093 dixit
913 1040 1096 1094 Isaias
1120 1040 1149 1095 ?

576 1126 737 1182 Vers.
768 1130 861 1183 40.
898 1129 1237 1185 Εχεκοαυίι
1272 1159 1337 1171 -
1395 1144 1515 1185 cor.
1577 1131 1642 1186 Et
1680 1128 1795 1185 hoc
1850 1128 2167 1200 Scriptura

504 1218 729 1273 idioma
753 1224 859 1281 est,
890 1220 983 1273 Dei
1016 1218 1501 1291 permiSsionem,
1531 1220 1705 1291 quasi
1728 1235 1882 1291 opus
1912 1220 2041 1290 ejus
2065 1235 2167 1291 ap-

503 1307 738 1380 pellare.
770 1308 1070 1378 Siquidem
1117 1306 1474 1374 Exctecavit,
1510 1313 1566 1363 et
1614 1308 1956 1371 Induravit,
1987 1308 2165 1377 signi-

502 1397 706 1461 ficant,
762 1398 1048 1452 excascari
1104 1414 1169 1453 ac
1219 1395 1483 1453 indurari
1538 1398 1818 1469 permisit,
1878 1403 2166 1470 tanquam

504 1485 910 1541 incurabiles:
957 1486 1257 1541 neminem
1292 1489 1448 1541 enim
1493 1487 1546 1541 vi
1612 1488 1866 1552 attrahit,
1923 1493 2168 1558 propter

502 1574 759 1629 liberum
779 1576 1061 1647 cujusque
1079 1576 1408 1631 arbitrium.
1439 1577 1635 1631 Simile
1660 1577 1835 1631 etiam
1871 1582 1974 1642 est,
2007 1575 2167 1648 quod

505 1664 715 1719 dicitur
755 1681 767 1719 :
808 1665 1108 1720 Indurans
1125 1665 1421 1721 indurabo
1452 1682 1554 1721 cor
1584 1667 1916 1722 Pharaonis
1950 1668 1993 1701 ιτ
2022 1685 2041 1731 ;
2077 1672 2162 1721 et:

508 1753 816 1809 Declinare
835 1755 1021 1825 fecisti
1039 1756 1275 1811 semitas
1298 1762 1532 1811 nostras
1560 1772 1593 1812 a
1618 1758 1715 1812 via
1747 1764 1846 1821 tua
1871 1758 1914 1791 “
1946 1774 1959 1823 ;
1985 1762 2037 1811 et
2058 1758 2168 1811 Er-

2282 589 2339 641 οὐ
2369 584 2629 640 δύνασθαι
2676 589 2959 649 πιστεύειν,
3008 590 3171 638 εῖτουν
3222 586 3280 637 οῦ
3341 584 3645 657 βούλεσθαι.
3696 583 3757 637 Εἰ
3783 586 3885 655 γὰρ

2282 676 2562 745 ἐϐούλοντο,
2599 675 2864 727 ἐπίστευον
2910 677 2990 730 ἄν.
3024 679 3094 727 Τὸ
3139 679 3236 749 γὰρ
3279 680 3349 746 μὴ
3385 671 3648 727 δύνασθαι
3690 678 3887 743 σημαί-

2280 788 2351 820 νει
2428 772 2517 818 καὶ
2574 770 2630 817 τό
2714 771 2782 837 μὴ
2879 764 3183 837 βούλεσθαι,
3244 769 3312 825 ὡς
3386 769 3475 816 καὶ
3544 762 3888 836 προλαϐόντες

2280 854 2617 928 ἐδιδάξαμεν.
2677 854 2745 907 Ἦ
2786 855 2879 906 οὐκ
2934 850 3215 922 ἠδύναντο,
3272 853 3586 925 κωλυόμενοι
3639 854 3738 904 ὑπὸ
3795 860 3888 911 τῆς

2278 952 2466 1008 κακίας
2513 951 2602 997 καὶ
2654 950 2945 1018 πωρώσεως
2998 944 3184 998 αὐτῶν.
3249 949 3312 997 Τί
3370 940 3457 996 οὖν
3523 941 3677 995 πάλιν
3748 937 3886 994 εἶπεν

2275 1033 2491 1095 Ἠσαίας
2525 1052 2537 1101 ;

2348 1123 2673 1196 Τετύφλωκεν
2738 1155 2806 1162 —
2858 1119 3103 1195 καρδίαν.
3163 1118 3386 1194 ’ἰδίωμα
3432 1126 3523 1173 καὶ
3593 1128 3746 1173 τοῦτο
3793 1128 3888 1180 τῆς

2280 1219 2508 1287 Γραφῆς,
2561 1217 2617 1265 τὸ
2676 1217 2769 1271 τὴν
2818 1219 3209 1285 παραχώρησιν
3261 1219 3352 1263 τοῦ
3407 1219 3542 1265 Θεοῦ
3581 1214 3646 1271 ὡς
3696 1210 3886 1283 πρᾶξιν

2280 1302 2438 1355 αὐτοῦ
2482 1302 2665 1374 λέγειν.
2722 1305 2791 1355 Τὸ
2846 1305 2943 1374 γὰρ
3020 1301 3338 1374 Τετύφλωκε,
3421 1306 3509 1353 καὶ
3575 1304 3632 1352 τὸ
3702 1306 3887 1353 Πεπω-

2556 1390 2670 1444 αντὶ
2769 1400 2858 1443 τοῦ
2945 1397 3301 1465 Ιῐαρεχώρησε
3387 1391 3717 1463 τυφλωθῆναι
3792 1392 3889 1439 καὶ

3054 1495 3069 1509 ⁸
3126 1478 3313 1533 οὐδένα
3366 1484 3467 1554 γὰρ
3510 1478 3737 1532 ἀνθέλκει
3790 1474 3889 1529 διὰ

2278 1411 2460 1467 ρωκεν,

2280 1484 2593 1551 πωρωθῆναι
2652 1484 2714 1541 ὡς
2765 1479 2981 1532 ἀνιάτων

2280 1574 2337 1622 τό
2415 1570 2747 1633 αὐτεξούσιον
2836 1570 3079 1623 ἑκάστου.
3142 1574 3387 1622 Τοιοῦτόν
3446 1569 3556 1622 ἐστι
3621 1574 3710 1621 καὶ
3776 1572 3834 1619 τό
3872 1586 3884 1598 ·

2282 1660 2583 1732 Σκληρύτων
2674 1660 2945 1733 σκληρυνώ
3030 1664 3122 1717 τὴν
3203 1656 3429 1733 καρδίαν
3493 1663 3678 1729 Φαραώ
3728 1672 3740 1686 ·
3799 1660 3890 1708 καὶ

2281 1753 2357 1819 τό,
2404 1749 2687 1813 Ἐξέκλινας
2730 1751 2821 1809 τὰς
2867 1747 3074 1822 τρίϐους
3128 1751 3271 1820 ἡμῶν
3322 1747 3422 1800 ἀπὸ
3460 1757 3557 1808 τῆς
3582 1744 3709 1800 ὀδοῦ
3738 1766 3836 1799 σου
3875 1764 3887 1777 ·

505 1843 852 1912 rarefecisti
878 1860 1001 1909 nos,
1032 1845 1284 1911 Domine,
1310 1860 1347 1901 a
1364 1848 1459 1900 via
1479 1852 1581 1901 tua
1610 1847 1657 1879 ‘9
1680 1866 1691 1915 ;
1715 1846 2160 1919 frequentiaque

2280 1844 2470 1903 καὶτὸ,
2500 1840 2829 1899 Ἐπλάνησας
2868 1841 3029 1909 ἡμᾶς,
3087 1841 3242 1909 Κύριε
3292 1838 3427 1907 (81),
3473 1836 3573 1889 ἀπὸ
3612 1845 3709 1898 τῆς
3752 1832 3891 1888 ὁδοῦ

507 1932 1013 2003 sunthujusmodi
1044 1934 1104 1988 in
1138 1934 1326 1989 Veteri
1350 1937 1719 1991 Testamento
1752 1935 2054 1992 idiomata.

572 2110 704 2166 Tale
748 2126 987 2183 quoque
1041 2116 1147 2175 est,
1203 2112 1368 2185 quod
1418 2114 1581 2184 apud
1626 2114 1870 2168 Paulum
1913 2114 2164 2169 dicitur:

516 2198 786 2255 Tradidit
810 2202 946 2257 illos
968 2203 1114 2257 Deus
1137 2202 1199 2257 in
1232 2203 1539 2273 reprobum
1560 2218 1789 2259 sensum
1814 2206 1880 2269 δι,
1902 2209 1989 2259 et:
2026 2206 2170 2259 Tra-

501 2288 653 2344 didit
704 2291 841 2346 illos
886 2292 946 2346 in
1001 2293 1326 2361 a/Tectiones
1380 2294 1719 2362 ignominiae
1746 2295 1811 2347 ⁵¹.
1844 2294 1988 2349 Nam
2018 2295 2170 2348 Deus

502 2392 624 2432 non
644 2379 836 2435 solum
875 2382 1098 2436 nemini
1126 2382 1240 2437 hoc
1264 2381 1421 2449 facit,
1453 2382 1557 2436 sed
1599 2399 1707 2436 nec
1736 2382 2030 2455 relinquit.
2057 2383 2169 2440 nisi

501 2482 635 2523 eum
672 2470 1101 2543 relinquamus.
1136 2472 1227 2527 Ait
1259 2487 1558 2543 namque:
1586 2472 1835 2527 Peccata
1864 2480 2057 2529 vestra
2080 2473 2174 2527 di-

503 2559 778 2615 visionem
800 2560 1037 2629 faciunt
1072 2562 1221 2616 inter
1252 2576 1340 2616 me
1368 2568 1417 2617 et
1450 2577 1549 2615 vos
1576 2564 1644 2613 δε.
1673 2562 2054 2635 Rursumque
2088 2564 2173 2616 di-

503 2650 578 2703 cit
611 2672 622 2703 :
672 2650 969 2718 Ignorasli
996 2651 1171 2721 legem
1208 2651 1312 2706 Dei
1338 2651 1442 2717 tui,
1475 2653 1765 2720 ignorabo
1787 2658 1837 2706 et
1866 2669 1967 2722 ego
2010 2661 2065 2709 te
2095 2654 2165 2708 ⁵³.

504 2740 566 2793 Et
591 2738 774 2793 David
806 2756 818 2793 :
844 2740 1007 2801 Ecce.
1031 2742 1134 2810 qui
1162 2742 1954 2810 elongantseate,peribunt
1984 2744 2051 2796 5‘.
2080 2743 2168 2797 Ad

500 2826 629 2882 haec
644 2826 909 2883 Salvator
926 2830 1048 2899 ipse
1063 2830 1115 2883 in
1134 2830 1462 2899 Evangeliis
1478 2831 1551 2884 ad
1564 2830 1887 2887 Jerusalem
1908 2848 1917 2885 :
1939 2832 2169 2898 Quoties

504 2917 665 2973 volui
684 2932 1042 2989 congregare
1054 2920 1207 2988 ﬁlios
1231 2927 1379 2986 tuos,
1406 2925 1461 2976 et
1488 2925 1699 2976 caetera
1718 2927 1771 2978 et
1792 2923 2063 2978 noluistis
2094 2924 2161 2978 ⁵⁸.

570 3170 739 3225 Vers.
769 3173 856 3226 40.
906 3171 980 3227 Ut
1022 3203 1087 3211 —
1120 3186 1231 3227 eos.
1272 3174 1531 3228 Rursum
1568 3173 1660 3239 Ut,
1687 3190 1807 3229 non
1841 3180 1928 3230 est
1968 3190 2165 3233 causae

498 3259 879 3324 redditivum,
909 3260 1014 3315 sed
1043 3259 1221 3317 futuri
1265 3260 1807 3318 demonstrativum
1855 3266 1991 3334 (gg),
2023 3266 2166 3337 quia

497 3347 765 3405 futurum
793 3354 936 3421 erat,
971 3354 1035 3405 ut
1056 3350 1240 3405 oculis
1279 3367 1399 3407 non
1431 3351 1714 3417 viderent,
1744 3359 1798 3409 et
1828 3354 2005 3409 corde
2044 3370 2163 3410 non

499 3438 1122 3512 intelligerent,nequc
1153 3446 1654 3508 converterentur,
1691 3459 1787 3499 sec
1810 3450 2166 3499 sanarentur

502 3528 717 3584 Oculos
741 3536 941 3585 autem
974 3529 1115 3585 dicit
1144 3529 1571 3587 intellectuales
1608 3549 1618 3586 :
1662 3548 1801 3588 nam
1831 3533 2016 3589 oculis
2044 3550 2161 3589 non

499 3618 721 3683 videre,
755 3618 1089 3675 declaratur
1116 3636 1219 3692 per
1262 3621 1321 3677 id
1372 3621 1537 3693 quod
1592 3622 1862 3679 subditur
1903 3640 1915 3678 :
1976 3625 2166 3680 Corde

502 3724 620 3764 non
647 3709 994 3779 intelligere.

575 3800 707 3853 Haec
739 3804 941 3853 tamen
986 3797 1159 3853 verba
1202 3799 1320 3855 alio
1361 3800 1543 3857 modo
1582 3801 1883 3857 declarata
1946 3804 2165 3859 suntin

503 3888 821 3957 Evangelio
856 3888 1019 3958 juxta
1040 3888 1402 3957 Matthasum,
1444 3891 1560 3947 alio
1583 3891 1741 3947 dicta
1768 3898 2053 3963 tempore.

580 3976 739 4031 Vers.
772 3978 859 4031 41.
893 3976 1033 4033 Haec
1062 4010 1130 4017 —
1160 3995 1241 4033 eo.
1273 3981 1409 4035 Haec
1458 3987 1621 4051 puta,
1691 3981 1766 4035 de
1798 3982 2057 4037 caecitate
2094 3999 2164 4037 ac

504 4064 902 4130 induratione,
946 4070 1002 4120 et
1050 4074 1280 4122 cratera.
1342 4070 1607 4125 Gloriam
1646 4076 1843 4126 autem
1878 4073 2002 4140 ejus
2022 4071 2167 4126 dicit

504 4154 821 4225 gloriosam
851 4154 1013 4211 illam
1046 4156 1348 4219 visionem,
1389 4159 1637 4231 quando
1677 4160 1821 4214 vidit
1857 4161 2164 4215 Dominum

507 4244 808 4300 sedentem
861 4261 1043 4317 super
1108 4245 1328 4301 solium
1382 4248 1683 4304 excelsum
1730 4252 1799 4317 ⁵⁸,
1852 4256 1905 4304 et
1934 4266 2003 4305 ea
2028 4266 2165 4321 quae

504 4335 660 4391 circa
682 4335 883 4408 ipsum
911 4341 1098 4405 erant,
1149 4336 1433 4392 terribilia
1486 4354 1555 4393 ac
1606 4339 1929 4407 magniﬁca
1973 4347 2161 4396 erant.

503 4426 665 4480 Tunc
691 4424 851 4480 enim
892 4425 1095 4480 Filium
1130 4425 1303 4481 vidit:
1338 4433 1394 4483 et
1423 4427 1550 4483 haec
1587 4430 1974 4499 postmodum
2020 4430 2160 4485 dixit

2279 4432 2410 4485 εἶπεν
2486 4434 2699 4507 ὕστερον
2751 4438 2841 4483 καὶ
2917 4432 3133 4489 ἐλάλησε
3200 4437 3313 4505 περὶ
3383 4431 3564 4497 αὐτοῦ,

504 4528 573 4568 ac
596 4511 829 4567 locutus
855 4519 942 4569 est
972 4516 1042 4569 de
1074 4530 1165 4583 eo,
1196 4531 1333 4569 cum
1360 4520 1503 4571 tunc
1525 4516 1653 4571 haec
1678 4518 1754 4572 ab
1781 4533 1851 4573 eo
1880 4520 2162 4575 audisset.

504 4604 651 4657 Nam
684 4601 757 4656 de
781 4600 1009 4657 Christo
1068 4609 1254 4669 erant,
1315 4606 1479 4676 quod
1520 4609 1859 4663 excaacandi
1918 4609 2166 4664 etindu-

502 4691 677 4746 randi
730 4698 899 4747 erant
961 4709 1077 4748 non
1132 4694 1329 4760 visuri,
1391 4711 1499 4750 nec
1570 4696 1940 4763 intellecturi,
1998 4698 2166 4770 quod

502 4781 655 4835 Deus
686 4787 855 4845 esset,
891 4797 1083 4853 neque
1113 4780 1486 4839 convertendi
1518 4786 1594 4841 ab
1648 4802 1864 4854 errore,
1897 4792 1959 4843 ut
1990 4803 2141 4845 sana

503 4875 705 4927 rentur
738 4872 982 4928 vulnera
1036 4874 1377 4929 animarum
1444 4874 1730 4947 ipsorum.

576 5050 620 5084 ‘7
653 5050 836 5106 Exod.
869 5067 940 5118 tv,
976 5057 1064 5108 2i.

506 5120 559 5176 2.
636 5122 683 5158 ⁵³
716 5124 862 5180 Osee
901 5139 975 5195 1v,
1004 5128 1055 5181 6.

1143 5054 1191 5089 ⁴⁸
1264 5054 1410 5110 Psal.
1471 5070 1623 5119 xuu,
1668 5060 1752 5111 19.

1834 5058 1880 5092 ⁸³
1935 5057 2046 5113 Isa.
2089 5074 2242 5124 Lxm,
2300 5063 2388 5116 17.

1134 5125 1181 5161 ⁵⁴
1209 5124 1362 5183 Psal.
1396 5142 1568 5192 Lxxu,
1612 5127 1699 5183 2'7.
1731 5129 1780 5165 ⁸⁵
1805 5130 1962 5186 Matt.
1986 5146 2141 5196 xxm,
2174 5131 2263 5185 37.

2281 1948 2374 1981 σου
2412 1950 2423 1961 ·
2460 1936 2657 1999 συνεχῆ
2698 1926 2756 1981 δὲ
2786 1932 2850 1980 τα
2879 1935 3097 1979 τοιαῦτα
3126 1924 3393 2000 ἰδιώματα
3420 1929 3565 2001 παρὰ
3594 1935 3655 1999 τῇ
3678 1926 3889 1995 Παλαιᾲ

2280 2025 2479 2094 Γραφῇ.

2420 2116 2663 2161 Τοιοῦτον
2720 2106 2777 2161 δὲ
2817 2114 2905 2161 καὶ
2968 2112 3024 2159 τὸ
3064 2110 3208 2182 παρὰ
3260 2106 3447 2178 Παύλῳ
3504 2122 3517 2135 ⁸

3270 2216 3282 2229 ’
3339 2193 3644 2270 Παρέὃωκεν
3700 2196 3889 2256 αὐτοὺς

3578 2102 3888 2181 Παρέδωκεν

2281 2199 2469 2260 αὐτοὺς
2524 2199 2589 2258 εἰς
2644 2195 2897 2269 ἀδόκιμον
2951 2206 3067 2248 νοῦν
3121 2202 3209 2249 καί

2282 2288 2351 2349 εἰς
2404 2290 2543 2345 πάθη
2597 2286 2825 2359 ἀτιμίας.
2889 2287 2947 2339 Ὀ
2973 2290 3073 2360 γὰρ
3130 2290 3251 2347 Θεὸς
3292 2286 3350 2338 οῦ
3392 2286 3501 2355 (8‘2)
3531 2290 3682 2357 μόνον
3734 2282 3887 2337 οὐδέν

2282 2396 2330 2428 τι
2384 2386 2614 2429 τοιοῦτον
2667 2380 2883 2449 πράττει
2914 2394 2925 2404 ”
2970 2376 3077 2427 αλλ’
3127 2373 3250 2428 οὐδὲ
3309 2374 3766 2447 ἐγκαταλιμπάνει,
3800 2373 3886 2426 ἐὰν

2282 2472 2351 2538 μὴ
2383 2466 2802 2537 ἐγκαταλίπωμεν
2848 2466 3022 2517 αὐτόν.
3064 2470 3213 2535 Λέγει
3256 2468 3357 2539 γὰρ
3392 2483 3403 2494 ·
3439 2464 3583 2535 Οὐχὶ
3616 2466 3669 2515 αἱ
3719 2463 3889 2535 αμαρ-

2280 2561 2387 2607 τίαι
2416 2557 2556 2627 ὑμῶν
2604 2552 2882 2607 διιστώσιν
2933 2556 3026 2606 ἀνὰ
3079 2558 3235 2625 μέσον
3279 2558 3403 2626 ἐμοῦ
3450 2558 3540 2605 καὶ
3584 2554 3748 2624 ὑμῶν.
3787 2555 3888 2603 Καὶ

2280 2646 2430 2697 πάλιν
2474 2651 2630 2717 φησίν
2662 2665 2673 2676 ·
2704 2644 2985 2697 Ἐπελάθου
3016 2649 3176 2715 νόμον
3224 2650 3357 2696 Θεοῦ
3403 2663 3518 2707 σου,
3568 2641 3887 2712 ἐπιλήσομαί

2640 2740 2728 2785 καὶ
2758 2738 2782 2785 ό
2812 2731 2976 2785 Δαυίδ
3010 2754 3021 2765 ·
3060 2731 3203 2787 Ἰδοὺ
3227 2736 3632 2808 οἱμακρύνοντες
3668 2732 3886 2791 ἑαυτοὺς

2899 2841 2909 2852 ·
2941 2827 3029 2875 καὶ
3062 2820 3212 2880 αὖθις
3243 2825 3266 2873 ό
3295 2828 3471 2894 Σωτὴρ
3505 2821 3552 2873 ἐν
3584 2828 3688 2881 τοῖς
3720 2820 3889 2889 Εὐαγ-

2284 2755 2375 2787 σου
2408 2756 2438 2785 κ
2452 2735 2549 2806 λγὼ
2586 2757 2596 2766 ·

2281 2824 2380 2875 ἀπὸ
2416 2834 2508 2876 σοῦ
2543 2823 2853 2875 ἀπολοῦνται

2227 2931 2239 2943 ‘
2277 2914 2468 2985 γελίοις
2494 2917 2618 2986 πρὸς
2652 2918 2744 2971 τὴν
2770 2912 3108 2985 Ἰερουσαλήμ
3142 2932 3153 2943 ’
3189 2914 3419 2973 Ποσοίκις
3450 2911 3683 2970 ἠθέλησα
3702 2908 3889 2962 ἐπισυ-

2276 3010 2515 3075 ναγαγεῖν
2547 3006 2611 3055 τὰ
2651 3008 2801 3056 τέκνα
2830 3022 2946 3065 σου,
2995 3008 3082 3054 καὶ
3140 3005 3204 3054 τὰ
3249 3001 3383 3067 ἑξῆς,
3437 3007 3525 3053 καὶ
3567 3000 3659 3053 οὐκ
3693 2998 3885 3057 ὁθελὴ-

2280 3112 2423 3147 σατε.

2345 3182 2454 3236 Ἰνα
2486 3214 2551 3223 -——
2579 3182 2785 3245 αὐτούς.
2823 3181 2979 3235 Πάλιν
3020 3185 3076 3233 τὸ
3106 3179 3217 3235 Ἵνα
3246 3180 3340 3232 οὐκ
3366 3183 3506 3233 ἔστιν
3539 3178 3884 3249 αἰτιολογίας,

2278 3270 2404 3323 ἀλλὰ
2443 3271 2729 3343 μέλλοντος,
2765 3274 2841 3323 ὅτι
2882 3270 3082 3342 ἔμελλον
3134 3276 3202 3341 μὴ
3259 3266 3387 3322 ἰδεῖν
3430 3276 3535 3329 τοῖς
3576 3268 3883 3340 ὀφθαλμοῖς,

2274 3359 2412 3434 μηδὲ
2438 3369 2627 3419 νοῆσαι
2654 3369 2713 3433 τῇ
2757 3358 2977 3433 καρδίᾳ,
3031 3357 3162 3432 μηδ’
3190 3358 3572 3431 ἐπιστραφῆναι
3610 3362 3699 3409 καὶ
3728 3358 3882 3414 ἰαθῆ-

3475 3463 3489 3478 ⁶
3527 3456 3614 3500 τοῦ
3664 3449 3765 3519 γὰρ
3807 3451 3879 3518 μὴ

2279 3538 2406 3593 ἰδεῖν
2431 3549 2538 3602 τοῖς
2572 3540 2858 3613 ὀφθαλμοῖς
2892 3540 3319 3613 ἐφερμηνευτικὸν
3345 3542 3404 3591 τό
3433 3536 3584 3597 Μηδὲ
3604 3547 3795 3597 νοῆσαι
3816 3544 3879 3609 τῇ

2274 3472 2376 3505 ναι,
2408 3450 2733 3523 Ὀφθαλμοὺς
2766 3448 2823 3502 δὲ
2872 3451 3007 3521 λέγει
3037 3454 3159 3511 τοὺς
3207 3452 3425 3510 νοητοὺς

2274 3627 2493 3703 καρδία.

2346 3814 2521 3859 Ταῦτα
2579 3804 2636 3858 δὲ
2689 3808 2753 3857 τὰ
2814 3806 2949 3879 ῥητὰ
3003 3811 3191 3879 τρόπον
3240 3807 3406 3877 ἕτερον
3475 3806 3882 3877 ἡρμηνεῦθησαν

2274 3900 2321 3949 ὲν
2350 3905 2419 3966 τῷ
2447 3898 2580 3947 κατὰ
2620 3897 2906 3958 Ματθαῑον,
2942 3896 3056 3946 καθ’
3084 3898 3250 3968 ἕτερον
3272 3896 3497 3969 ῥηθέντα
3521 3901 3722 3967 καιρόν,

2345 3994 2524 4039 Ταῦτα
2571 4018 2637 4025 -—-—
2698 3986 2877 4036 αὑτοῦ.
2919 4017 2977 4023 -
3025 3990 3221 4049 Ταῦτα,
3275 3988 3339 4035 τὰ
3384 3990 3501 4057 περὶ
3546 3993 3636 4044 τῆς
3682 3985 3882 4056 τυφλώ-

2277 4095 2405 4137 σεως
2456 4080 2544 4127 καὶ
2584 4094 2895 4148 πωρωσεως,
2946 4079 3034 4126 καὶ
3087 4079 3147 4132 τὴ
3216 4074 3347 4136 ἑξῆς.
3418 4074 3576 4136 Δόξαν
3631 4070 3689 4126 δὲ
3721 4074 3883 4126 αὐτοῦ

2277 4171 2406 4236 φησί
2438 4170 2531 4223 τὴν
2554 4161 2759 4227 ἔνδοξον
2794 4164 3051 4215 ὀπτασίαν
3084 4162 3299 4227 ἐκείνην,
3334 4166 3417 4215 ὅτε
3441 4160 3547 4215 εἶδε
3578 4167 3665 4215 τὸν
3691 4167 3881 4237 Κύριον

2275 4258 2565 4327 καθήμενον
2596 4254 2678 4306 ἐπὶ
2707 4256 2887 4325 θρόνου
2920 4253 3143 4323 ὑψηλοῦ,
3176 4259 3267 4304 καὶ
3299 4252 3460 4304 τᾶλλα
3484 4255 3550 4305 τὰ
3576 4258 3690 4325 περὶ
3722 4254 3882 4304 αὐτοῦ

2277 4343 2467 4418 φοϐερὰ
2492 4348 2580 4395 καὶ
2604 4342 2827 4405 ἐξαίσια.
2870 4346 2967 4395 Τὸν
2996 4345 3113 4395 Υἱὸν
3142 4344 3242 4413 γὰρ
3276 4338 3382 4393 εἶδε
3411 4346 3545 4407 τότε,
3582 4348 3670 4394 καὶ
3714 4350 3884 4394 ταῦτα

3654 4430 3883 4492 ἀκούσας

2277 4525 2410 4574 αὐτὰ
2452 4526 2566 4573 τότε
2626 4521 2748 4595 παρ’
2800 4521 2975 4574 αὐτοῦ.
3030 4526 3153 4591 Περὶ
3182 4528 3273 4572 τοῦ
3316 4528 3549 4592 Χριστοῦ
3591 4522 3688 4591 γὰρ
3723 4516 3878 4585 ἧσανν

2277 4614 2353 4663 ὅτι
2378 4610 2580 4684 ἔμελλον
2620 4610 2951 4682 τυφλωθῆναι
2984 4616 3072 4662 καὶ
3102 4612 3437 4681 πωρωθῆναι,
3493 4614 3579 4661 καὶ
3613 4614 3683 4680 μὴ
3726 4606 3879 4673 ἰδεῖν,

2275 4699 2413 4773 μηδέ
2460 4704 2687 4753 συνιέναι
2740 4703 2813 4753 ὃτι
2894 4704 3017 4760 Θεός
3082 4699 3213 4765 ἐστι,
3304 4696 3437 4771 μηδ’
3500 4697 3883 4771 ἐπιστραφῆναι

2277 4790 2377 4842 ἀπὸ
2411 4798 2505 4851 τῆς
2534 4790 2751 4858 πλάνης,
2784 4795 2873 4842 καὶ
2929 4790 3137 4848 ἰαθῆναι
3185 4791 3251 4841 τὰ
3278 4791 3556 4863 τραύματα
3582 4796 3674 4847 τῆς
3703 4786 3884 4857 ψυχῆς

2277 4880 2464 4933 αὐτῶν.

3032 5059 3075 5095 ⁸¹
3114 5057 3259 5113 ibid.
3313 5060 3400 5113 28.
3481 5058 3527 5091 ⁵³
3590 5058 3697 5112 lsa.
3762 5071 3883 5115 LIX,

2472 5060 2523 5101 ⁵ο
2570 5061 2736 5113 Rom.
2795 5077 2828 5128 ι,
2865 5062 2953 5114 28.

2342 5133 2388 5166 ³⁸
2431 5132 2543 5187 lsa.
2576 5148 2650 5193 vr,
2693 5136 2736 5185 Ι.

1733 5334 1949 5405 Variae
1970 5334 2296 5405 lectiones
2338 5344 2401 5405 et
2443 5346 2647 5405 notae.

576 5529 767 5661 (8127A
797 5529 964 5602 ponit
992 5530 1354 5588 vocabulum
1406 5536 1582 5607 Κύριε,
1636 5534 1809 5607 paulo
1848 5538 2002 5606 post,
2032 5539 2170 5591 ante

580 5620 675 5661 νεχ
721 5639 733 5654 .

511 5618 709 5673 συνεχῆ
721 5639 733 5654 .

2353 5535 2466 5608 (82)
2494 5535 2569 5588 Οὐ
2596 5556 2748 5608 μονον
2777 5535 2997 5592 absunt
3025 5541 3085 5592 Α.

583 5753 707 5826 (gg)
755 5754 1312 5813 Demonstrativum.
1351 5756 1469 5813 Hoc
1492 5757 1560 5813 de
1593 5771 1701 5814 suo
1734 5756 1983 5821 addidit,
2012 5773 2081 5814 ac
2117 5759 2160 5815 si

2279 5757 2470 5816 >ererit
2497 5754 2881 5811 ἀποδεικτικὸν.
