4108 6416
285 387 429 448 1373

353 514 534 588 ⁶Ομως
597 546 668 559 -
721 523 875 572 Θεοῦ.
927 515 1038 570 Ούκ
1089 518 1191 591 ἄρα
1241 517 1497 592 ἄρχοντες
1551 514 1707 583 ἦσαν,
1764 515 1894 569 6116
1925 517 1971 570 A

284 602 464 660 δοῦλοι
504 602 666 670 δόξης
717 605 1058 682 ἀνθρωπίνης.
1130 609 1224 659 Διὰ
1273 616 1425 660 τοῦτο
1475 613 1564 660 καὶ
1623 609 1648 659 ό
1703 610 1894 681 Κύριος

284 696 450 767 ἔλεγεν
506 695 701 759 αὐτοῖς·
772 703 888 759 Πῶς
942 693 1170 749 δύνασθε
1235 697 1377 768 ὑμεῖς
1434 704 1741 764 πιστεῦσαι,
1804 693 1891 748 δό-

284 785 374 849 ξαν
448 788 590 860 παρὰ
658 785 886 844 ἀλλήλων
955 785 1323 858 λαμϐάνοντες,
1405 791 1496 838 καὶ
1576 791 1668 845 τὴν
1733 783 1894 850 δόξαν

285 879 382 933 τὴν
407 877 552 950 παρὰ
576 882 666 928 τοῦ
696 880 853 948 μόνον
881 880 1006 928 Θεοῦ
1035 875 1093 928 ού
1126 879 1428 942 ζητοῦντες;

365 963 667 1024 Ἰησοῦς-
722 983 803 1036 με.
853 960 1124 1024 Ἐνδόντος
1173 971 1284 1026 τοῖς
1329 964 1447 1035 (83)
1499 961 1776 1026 Ἰουδαίοις
1805 971 1897 1017 τοῦ

295 1055 484 1126 θυμοῦ,
541 1053 695 1105 πάλιν
758 1052 975 1126 ἀνεφάνη
1043 1058 1134 1105 καὶ
1199 1049 1470 1109 διδάσκει.
1527 1053 1594 1106 Ὀ
1649 1051 1709 1107 δὲ
1762 1055 1898 1127 λέγει

291 1146 526 1194 τοιοῦτόν
637 1141 795 1194 ἐστιν·
869 1142 927 1195 '0
997 1145 1257 1195 πιστεύων
1335 1143 1406 1205 εἰς
1501 1142 1586 1216 ἐμὲ
1661 1147 1898 1197 πιστεύει

297 1231 369 1295 εἰς
419 1235 506 1284 τόν
549 1231 826 1303 πέμψαντά
871 1250 952 1304 με·
998 1235 1058 1284 ού
1101 1237 1252 1305 μόνον
1299 1229 1439 1285 διότι
1491 1239 1588 1306 μία
1618 1237 1773 1306 φύσις
1811 1239 1900 1286 καὶ

298 1323 478 1384 θεότης
512 1323 722 1394 ἀμφοῖν,
778 1321 905 1374 6116
955 1327 1044 1374 καὶ
1093 1318 1233 1374 διότι
1269 1323 1298 1380 ἡ
1335 1322 1401 1383 εἰς
1440 1325 1526 1374 τόν
1574 1322 1902 1396 ἀπεσταλμέ-

291 1431 377 1463 νον
429 1415 556 1484 τιμη
609 1411 680 1474 εἰς
732 1415 816 1464 τόν
871 1411 1252 1464 ἀποστείλαντα
1301 1408 1583 1469 διαϐαίνει.
1626 1417 1694 1466 T6
1751 1410 1809 1466 δὲ
1840 1413 1898 1465 ού

292 1503 530 1553 πιστεύει
597 1500 668 1562 εἰς
734 1503 820 1574 ἐμὲ
899 1499 1046 1554 δοκεῖ
1111 1504 1202 1573 μεν
1291 1499 1576 1574 ἀρνήσεως,
1661 1505 1774 1555 ἔστι
1842 1499 1900 1556 δὲ

292 1589 483 1663 μᾶλλον
552 1600 849 1666 προτροπῆς
915 1590 989 1652 εἰς
1058 1593 1116 1642 τό
1185 1593 1468 1644 πιστεύειν.
1543 1599 1786 1644 Τοιοῦτον
1843 1590 1902 1646 δὲ

293 1678 407 1732 ἔστι
455 1684 544 1732 καὶ
593 1684 671 1732 τό·
729 1686 771 1732 Ο
829 1677 915 1752 ἐμὲ
973 1677 1260 1753 δεχόμενος
1325 1681 1419 1732 ούκ
1497 1680 1584 1754 ἐμὲ
1660 1677 1896 1754 δέχεται,

293 1768 423 1822 6116
520 1773 606 1822 τόν
697 1768 1075 1822 ἀποστείλαντά
1179 1789 1260 1843 με.

293 1862 384 1911 καὶ
421 1857 535 1931 (84)
571 1861 638 1911 τὰ
663 1859 907 1916 τοιαῦτὰ,

1360 1765 1708 1844 Ἰδιωματικὰ
1798 1775 1899 1846 γὰρ

368 1953 483 2023 Χρὴ
545 1945 604 2002 δὲ
671 1954 942 2020 γινώσκειν
1001 1949 1081 2001 ὅτι
1133 1950 1300 2024 ἔτερόν
1354 1947 1465 2002 ἐστι
1522 1953 1580 2004 τό
1636 1954 1900 2004 πιστεύειν

297 2037 458 2109 αὐτῷ,
511 2042 601 2090 καὶ
647 2038 815 2112 ἔτερόν
869 2037 981 2090 ἐστι
1041 2041 1100 2090 1'6
1157 2041 1420 2092 πιστεύειν
1475 2039 1545 2102 εἰς
1610 2041 1784 2094 αὐτόν’
1840 2047 1899 2096 τό

302 2131 392 2200 μεν
417 2129 519 2201 γάρ
551 2127 665 2180 ἔστι
695 2130 753 2180 1'6
801 2129 1062 2180 πιστεύειν
1094 2135 1200 2189 τοῖς
1225 2127 1395 2200 λόγοις
1433 2129 1615 2200 αὐτοῦ,
1647 2132 1672 2183 ὅ
1700 2135 1787 2184 καὶ
1817 2131 1902 2185 ἐπὶ

295 2224 394 2269 τῶν
454 2216 618 2269 ἄλλων
668 2214 948 2290 ἀνθρώπων
996 2216 1218 2288 λέγεται·
1272 2221 1330 2270 1'6
1382 2215 1442 2270 δέ
1487 2217 1600 2271 ἐστι
1641 2224 1903 2274 πιστεύειν

298 2305 371 2368 εἰς
431 2311 528 2364 τὴν
589 2307 808 2364 θεότητα
874 2305 1057 2372 αὐτοῦ,
1126 2308 1246 2380 ὅπερ
1304 2307 1388 2360 ἐπὶ
1446 2312 1572 2361 Θεοῦ
1626 2313 1784 2381 μόνου
1828 2309 1904 2362 λέ-

294 2415 468 2468 γεται.

369 2489 471 2538 Καὶ
520 2515 591 2527 -
634 2503 718 2558 με.
775 2489 1006 2558 Θεωρίαν
1063 2489 1156 2544 τὴν
1203 2481 1296 2538 διὰ
1352 2493 1443 2539 τοῦ
1485 2493 1575 2539 νοῦ
1622 2487 1785 2559 λέγει’
1826 2489 1904 2540 ὄτι

288 2573 350 2626 Ὀ
407 2578 565 2646 γνούς
628 2577 723 2632 τήν
774 2573 902 2647 ἐμὴν
967 2577 1188 2632 θεότητα
1235 2578 1363 2646 ἔγνω
1414 2581 1507 2634 τήν
1558 2585 1650 2628 τοῦ
1702 2582 1903 2652 Πατρός

288 2684 411 2737 μου.
464 2669 577 2718 Μία
617 2667 718 2740 γὰρ
781 2669 871 2716 καὶ
923 2666 949 2722 ἣ
1003 2666 1133 2722 αὑτὴ
1183 2666 1364 2726 θεότης
1397 2664 1447 2717 ἐν
1487 2667 1634 2738 ἡμῖν.
1670 2672 1770 2720 Καὶ
1801 2667 1902 2739 ἐγὼ

296 2755 446 2808 εἰκών
482 2754 589 2828 εἰμι
617 2762 710 2807 τοῦ
752 2758 956 2830 Πατρός
987 2752 1400 2831 ἀπαράλλακτος.

368 2939 566 3007 Θεωρεῖ
612 2931 672 2988 δέ
709 2953 788 2996 τις
839 2937 931 2993 τὴν
979 2940 1071 2986 τοῦ
1125 2941 1362 3005 Χριστοῦ
1403 2937 1624 2994 θεότητα
1668 2936 1761 2988 οὐκ
1802 2935 1902 2989 ἀπὸ

292 3033 386 3085 τῆς
443 3027 640 3096 φύσεως
706 3023 888 3086 αὐτῆς·
947 3014 1278 3098 ἀθεώρητος’
1313 3026 1414 3099 γὰρ
1464 3027 1494 3082 ἡ
1556 3027 1668 3077 θεία
1725 3028 1898 3098 φύσις,

293 3119 388 3166 καὶ
417 3113 673 3174 παντελῶς
728 3113 1022 3176 ἀνεννόητος
1063 3115 1198 3166 κατὰ
1227 3117 1307 3165 τό·
1342 3117 1470 3167 Θεὸν
1509 3111 1684 3177 οὐδεὶς
1713 3115 1904 3190 ἑώρακε

293 3208 520 3257 πώποτε·
580 3202 686 3256 ἀλλ’
746 3201 847 3256 ἀπό
899 3211 998 3256 τῶν
1060 3205 1348 3278 θεοπρεπῶν
1390 3206 1547 3280 ἔργων
1595 3209 1686 3258 καὶ
1739 3204 1903 3278 λόγων
1941 3238 1981 3293 C

299 3293 484 3348 αὐτοῦ.

365 3381 496 3454 Ἐγὼ
575 3413 644 3423 -
706 3380 945 3440 ἐλήλυθα.
1012 3389 1124 3443 Φῶς
1185 3385 1368 3441 νοητόν
1414 3382 1548 3435 λύων
1607 3387 1664 3436 τό
1717 3388 1901 3444 νοητόν

294 3477 498 3535 σκότος,
556 3477 646 3524 καὶ
700 3468 793 3524 διὰ
847 3480 945 3525 τῶν
1023 3474 1312 3547 θεοπρεπῶν
1367 3474 1524 3545 ἔργων
1591 3480 1682 3527 καὶ
1739 3474 1901 3547 λόγων

292 3559 688 3636 παραδεικνύων
742 3564 836 3624 τὰς
883 3563 1091 3623 ἀκτῖνας
1135 3571 1226 3623 τῆς
1274 3565 1516 3625 θεότητος
1559 3571 1665 3625 τοῖς
1703 3566 1904 3636 ὑγιέσιν

296 3652 600 3726 ὀφθαλμοῖς.

362 3741 474 3796 Ἰνα
503 3773 572 3783 -
619 3746 791 3815 μείνῃ.
835 3748 908 3815 Τῇ
960 3749 1056 3804 τῆς
1093 3741 1310 3808 πλάνης,
1364 3749 1426 3814 τῇ
1477 3750 1573 3804 τῆς
1621 3743 1901 3817 ἁμαρτίας.

291 3837 555 3906 Διαφόρως
624 3827 681 3884 δὲ
735 3832 802 3883 1'6
854 3830 988 3883 αύτὰ
1029 3831 1166 3903 λέγει
1234 3829 1738 3908 διαμαρτυρόμενος,
1807 3839 1899 3885 καὶ

291 3931 354 3996 τῇ
392 3925 641 3994 συνεχείᾳ
682 3919 910 3993 μαλάξαι
957 3925 1015 3973 τὸ
1073 3921 1298 3996 σκληρόν
1348 3929 1442 3984 τῆς
1471 3919 1701 3996 καρδίας
1732 3923 1901 3974 αὐτῶν

297 4010 625 4085 βουλόμενος,
672 4013 762 4062 καὶ
809 4016 909 4062 πᾶν
956 4009 1200 4082 εἰσφέρων
1249 4013 1304 4062 τό
1354 4010 1565 4063 ἑαυτοῦ·
1623 4009 1715 4064 δ’ιὰ
1752 4021 1904 4065 τοῦτο

295 4103 395 4176 γὰρ
427 4104 515 4152 καὶ
542 4099 740 4172 ἔκραξε.

371 4194 473 4244 Kal
497 4220 566 4228 —
587 4189 763 4244 αὐτόν.
794 4189 877 4241 Ἐν
908 4195 979 4258 τῷ
1010 4194 1096 4239 νῦν
1128 4187 1295 4242 αἰῶνι.

372 4279 446 4332 Ού
503 4310 572 4318 -
629 4282 846 4350 κόσμον.
893 4273 1016 4331 Εἶπε
1063 4281 1149 4329 καὶ
1205 4275 1252 4328 ἐν
1302 4285 1372 4348 τῷ
1434 4281 1590 4352 τρίτῳ
1647 4278 1906 4352 κεφαλαίῳ

297 4369 381 4422 ὅτι
439 4366 548 4421 Οὐκ
604 4365 896 4420 ἀπέστειλεν
967 4368 992 4418 6
1048 4369 1173 4427 Θεὸς

769 4457 852 4508 ἵνα
927 4461 1074 4530 κρίνῃ
1160 4461 1246 4509 τόν
1332 4460 1549 4529 κόσμον,

1250 4371 1336 4418 τόν
1422 4370 1541 4419 Υἱόν
1616 4367 1777 4419 αὐτοῦ
1837 4367 1908 4430 εἰς

1639 4455 1746 4508 611’

301 4549 444 4619 σωθῇ
474 4549 500 4599 ό
530 4550 723 4618 κόσμος
750 4542 828 4599 δι’
856 4545 1037 4601 αὐτοῦ.
1070 4551 1169 4599 Kal
1217 4547 1476 4618 ἀνάγνωθι
1498 4545 1650 4599 πάλιν
1681 4545 1786 4599 ἐκεῖ
1812 4551 1905 4605 τὴν

298 4635 551 4708 ἐξήγησιν
583 4631 636 4688 εὖ
667 4634 920 4708 ἔχουσαι.

300 4461 386 4512 τὸν
461 4460 680 4525 κόσμον,
769 4458 852 4508 ἵνα
927 4461 1074 4525 κρίνῃ
1160 4461 1246 4509 τόν
1332 4460 1549 4525 κόσμον,
1639 4458 1746 4508 611’
1824 4458 1908 4510 ἵνα

368 4725 427 4779 Ὀ
476 4756 545 4766 -
597 4724 771 4781 αὐτόν,
801 4724 860 4777 '0
910 4724 1132 4778 ἀπειθῶν
1163 4724 1276 4796 ἐμοὶ
1307 4729 1396 4778 καὶ
1421 4730 1492 4798 μὴ
1529 4721 1810 4797 δεχόμενος
1841 4727 1907 4778 τὰ

297 4816 512 4891 ῥήματά
536 4834 636 4887 μου
663 4813 773 4886 ἔχει
814 4818 900 4866 τόν
933 4814 1045 4886 (85)
1077 4819 1474 4889 κατακρίνοντα,
1504 4819 1591 4866 τὸν
1622 4814 1909 4887 ἐλέγχοντα

301 4905 483 4962 αὐτόν.
521 4909 610 4967 Τίς
637 4899 697 4957 δέ
719 4903 858 4956 ἐστιν
895 4903 1065 4973 οὗτος,
1096 4905 1344 4959 ἄκουσον.

371 4999 430 5045 Ὀ
472 4991 626 5066 λόγος
671 5023 742 5036 -
788 4995 974 5068 ἡμέρᾳ.
1021 4998 1112 5056 Τίς
1145 4989 1206 5046 δέ
1251 4994 1276 5046 ό
1323 4993 1474 5067 λόγος
1517 4992 1687 5061 οὗτος,
1731 4992 1906 5046 ἑνωτι-

305 5083 485 5141 σθητμ

375 5260 422 5294 ⁵⁷
442 5260 612 5318 Joan.
643 5275 701 5333 v,
737 5261 826 5318 44.
939 5261 986 5296 ⁵⁸
1029 5259 1210 5318 Marc.
1243 5275 1324 5327 ιι,
1355 5263 1443 5319 37.
1487 5262 1535 5298 ‘9
1561 5263 1728 5319 Joan.
1762 5276 1802 5332 1,
1833 5265 1920 5321 £8.

1357 389 1722 447 COMMENT.
1765 389 1840 446 IN
1877 389 2231 446 JOANNEM.
2275 422 2339 432 —
2381 390 2540 448 CAP.
2573 390 2696 447 XII.

3531 384 3672 444 1374

2077 517 2240 574 Vers.
2266 520 2352 574 42.
2393 515 3056 574 Verumtamen—Vers.
3083 516 3172 574 43.
3198 515 3329 574 Dei.
3359 514 3670 588 Siquidem

2007 607 2285 680 princeps
2318 623 2439 662 non
2454 611 2642 671 erant,
2672 607 2777 662 sed
2802 608 2953 663 servi
2981 606 3184 678 glorise
3206 606 3515 661 humanas.
3542 608 3676 661 Pro-

2006 696 2402 768 ptereaetiam
2435 698 2720 752 Dominus
2761 697 2870 753 illis
2904 696 3161 752 dicebat:
3191 695 3491 764 Quomodo
3511 701 3673 764 pote-

2006 787 2109 842 stis
2141 802 2238 843 vos
2269 786 2522 850 credere,
2551 803 2683 842 cum
2719 788 2970 856 gloriam
3003 805 3036 841 α
3059 787 3218 843 vobis
3240 791 3447 843 mutuo
3473 800 3677 840 suma-

2010 878 2083 932 tis
2117 883 2172 932 et
2199 877 2454 946 gloriam
2489 892 2608 948 quae
2639 892 2677 932 a
2704 879 2830 932 solo
2857 875 2974 932 Deo
2999 883 3080 932 est
3123 892 3238 931 non
3268 874 3550 947 quaeratis
3576 875 3622 910 ⁸⁷
3649 875 3678 928 Ῡ

2078 966 2234 1020 Vers.
2267 965 2524 1021 litJesus
2546 996 2609 1006 —
2630 965 2862 1022 me.Miti
2873 970 3008 1035 gata
3023 965 3369 1020 Juda'orum
3384 964 3471 1019 ira
3496 979 3675 1036 appa-

2007 1055 2126 1111 ruit
2154 1054 2365 1109 iterum
2390 1060 2446 1110 et
2474 1053 2667 1110 docet.
2693 1055 2860 1121 Quod
2887 1061 3081 1110 autem
3112 1054 3271 1122 dicit,
3295 1053 3674 1110 tantumdem

2009 1149 2116 1211 est,
2149 1159 2219 1199 ac
2252 1144 2296 1198 si
2328 1143 2488 1200 dicat
2521 1144 2662 1212 :Qui
2685 1144 2873 1201 credit
2897 1144 2960 1198 in
2982 1160 3084 1209 me,
3111 1144 3300 1200 credit
3319 1145 3380 1199 in
3411 1141 3672 1214 eum,qui

1997 1250 2095 1289 'me
2124 1233 2298 1288 misit:
2317 1249 2437 1288 non
2452 1234 2646 1289 solum
2663 1233 2807 1305 quia
2832 1250 2950 1289 una
2963 1239 3052 1289 est
3073 1237 3355 1290 naturaet
3379 1232 3662 1288 divinitas

2011 1323 2352 1388 amborum,
2381 1338 2590 1378 verum
2622 1323 2822 1389 etiam,
2852 1323 2996 1396 quia
3022 1323 3218 1379 honor
3241 1323 3294 1378 ei
3326 1323 3429 1395 qui
3449 1321 3668 1377 missus

2011 1419 2116 1478 est,
2141 1410 2459 1474 exhibitus,
2488 1411 2785 1468 redundat
2817 1412 2876 1467 in
2906 1427 3043 1467 eum
3076 1412 3178 1484 qui
3211 1411 3386 1466 misit.
3417 1413 3482 1466 Et
3507 1408 3669 1482 quod

2011 1500 2112 1564 ait,
2137 1501 2270 1556 Non
2300 1500 2486 1556 credit
2513 1503 2574 1555 in
2606 1516 2706 1566 me,
2751 1501 2983 1556 videtur
3013 1500 3262 1572 quidem
3305 1499 3661 1569 negationis,

2011 1589 2110 1644 sed
2139 1590 2332 1658 magis
2362 1595 2453 1644 est
2478 1589 2906 1645 exhortationis
2935 1589 3012 1644 ad
3053 1589 3437 1644 credendum.
3470 1587 3670 1644 Simile

2011 1695 2247 1752 quoque
2279 1684 2369 1734 est
2398 1686 2452 1732 et
2478 1679 2622 1733 illud
2648 1695 2660 1733 :
2689 1680 2802 1746 Qui
2826 1681 3135 1750 susceperit
3165 1693 3268 1742 me,
3298 1693 3414 1734 non
3442 1692 3530 1733 me
3552 1693 3676 1733 sus-

2011 1769 2154 1837 cipit
2176 1767 2266 1823 sed
2293 1783 2425 1824 eum
2447 1768 2550 1840 qui
2571 1768 2729 1823 misit
2753 1783 2843 1824 me
2870 1768 2938 1822 ⁵⁸.
2985 1771 3130 1824 Nam
3159 1773 3214 1823 et
3242 1767 3368 1823 haec
3417 1765 3672 1823 idioma-

2012 1858 2085 1912 tis
2123 1862 2261 1913 sunt
2291 1857 2525 1928 aliaque
2547 1857 2924 1929 ,hujusmodi.

2087 1949 2244 2004 Scire
2275 1952 2476 2002 autem
2519 1950 2774 2018 oportet,
2809 1946 2960 2018 quod
2987 1945 3147 2001 aliud
3189 1950 3273 2001 est
3304 1945 3548 2001 credere
3597 1944 3672 2010 ei,

2013 2053 2198 2109 quam
2227 2037 2463 2092 credere
2503 2035 2564 2091 in
2594 2053 2753 2102 eum;
2785 2036 2928 2091 illud
2968 2035 3266 2107 siquidem
3292 2040 3398 2100 est,
3429 2035 3668 2091 credere

2013 2127 2394 2183 sermonibus
2421 2127 2569 2197 ejus,
2597 2125 2763 2198 quod
2783 2126 2857 2180 de
2879 2127 3102 2180 caeteris
3124 2125 3303 2181 etiam
3326 2125 3668 2181 hominibus

2013 2216 2259 2282 dicitur;
2284 2217 2398 2271 hoc
2427 2221 2626 2272 autem
2654 2219 2758 2278 est,
2783 2215 3094 2270 crederein
3131 2214 3497 2271 divinitatem
3516 2214 3668 2285 ejus,

2015 2305 2178 2378 quod
2201 2306 2278 2361 de
2305 2307 2431 2362 solo
2459 2307 2576 2362 Deo
2607 2304 2842 2361 dicitur.

2088 2485 2251 2540 Vers.
2269 2488 2357 2542 45.
2377 2485 2448 2540 Et
2473 2516 2534 2524 —
2556 2500 2664 2540 me.
2685 2483 2983 2539 Visionem
3003 2499 3138 2539 eam
3167 2483 3321 2551 dicit,
3347 2497 3479 2554 quae
3503 2496 3666 2538 men-

2016 2575 2088 2630 tis
2120 2579 2226 2641 est,
2262 2591 2331 2630 ac
2359 2575 2407 2629 si
2439 2575 2639 2630 dicat:
2684 2573 2792 2640 Qui
2829 2589 3027 2629 meam
3073 2573 3344 2641 cognovit
3392 2571 3672 2627 divinita-

2015 2669 2130 2720 tem
2153 2681 2286 2719 eam
2306 2681 2550 2737 quoque
2568 2665 2867 2733 cognovit,
2892 2679 3028 2735 quas
3045 2663 3226 2718 Patris
3247 2667 3366 2731 est;
3391 2677 3530 2717 nam
3555 2676 3679 2717 una

2015 2759 2073 2809 et
2103 2755 2315 2810 eadem
2333 2755 2492 2808 estin
2516 2753 2686 2808 nobis
2709 2752 3004 2808 divinitas:
3030 2759 3086 2808 et
3110 2767 3222 2823 ego
3250 2751 3437 2808 Patris
3468 2751 3671 2821 imago

2017 2861 2172 2909 sum,
2204 2859 2308 2914 per
2338 2843 2637 2899 omniailli
2667 2842 2894 2897 similis.

2086 2933 2255 2988 Videt
2295 2938 2492 2988 autem
2525 2933 2824 3004 quispiam
2874 2931 3088 2987 Christi
3137 2930 3518 2996 divinitatem,
3553 2945 3677 2985 non

2015 3039 2085 3079 ex
2117 3027 2328 3079 natura
2358 3038 2468 3077 sua
2501 3038 2515 3086 ;
2543 3021 2747 3076 divina
2779 3021 3078 3093 siquidem
3112 3025 3326 3078 natura
3356 3018 3670 3076 invisibilis

2015 3118 2122 3181 est,
2152 3129 2221 3168 ac
2239 3110 2892 3184 penitusintelligibilis,
2919 3111 3092 3182 juxta
3113 3109 3278 3169 illud:
3308 3109 3482 3165 Deum
3505 3123 3678 3166 nemo

2016 3203 2158 3259 vidit
2186 3200 2633 3273 unquam“,sed
2659 3217 2730 3257 ex
2753 3201 3035 3272 operibus
3055 3200 3272 3256 divinis
3295 3200 3540 3273 ejusque
3562 3213 3682 3253 ser-

2019 3293 2317 3348 monibus.

2087 3473 2251 3526 Vers.
2285 3472 2373 3526 46.
2406 3471 2532 3539 Ego
2555 3501 2622 3510 —
2648 3471 2794 3526 veni.
2833 3471 2951 3525 Lux
2979 3467 3395 3526 intellectualis
3432 3466 3674 3522 solvens

2016 3561 2286 3617 tenebras
2313 3560 2661 3626 intellectus,
2694 3577 2798 3633 per
2815 3560 3023 3616 divina
3052 3576 3234 3633 opera
3267 3575 3336 3614 ac
3359 3556 3561 3621 verba,
3593 3555 3681 3612 di-

2013 3651 2274 3706 vinitatis
2297 3649 2496 3705 radios
2525 3649 2686 3705 sanis
2718 3649 3036 3706 ostendens
3071 3649 3276 3706 oculis.

2087 3743 2244 3796 Vers.
2271 3743 2355 3796 46.
2399 3741 2472 3797 Ut
2491 3771 2554 3781 —
2572 3747 2829 3796 maneat.
2863 3741 3004 3805 Quae
3029 3744 3169 3794 sunt
3197 3739 3259 3793 in
3282 3752 3478 3793 errore
3531 3749 3676 3808 pec-

2015 3831 2148 3886 cati.
2184 3830 2544 3902 Frequenter
2582 3830 2752 3885 etiam
2799 3829 3012 3886 eadem
3045 3824 3436 3884 contestando
3497 3824 3660 3891 dicit,

2015 3919 2361 3975 assiduitate
2384 3920 2585 3975 volens
2612 3919 2832 3974 durum
2871 3918 3107 3974 illorum
3141 3934 3242 3974 cor
3287 3915 3573 3982 emollire,
3625 3917 3680 3970 et

2014 4008 2305 4081 quidquid
2328 4009 2404 4064 ad
2438 4025 2500 4063 se
2523 4009 2746 4075 attinet,
2778 4009 2838 4063 in
2872 4009 3138 4064 medium
3161 4007 3466 4064 adducens
3496 4021 3507 4060 :
3542 4019 3679 4077 pro-

2015 4103 2217 4170 pterea
2248 4098 2542 4170 siquidem
2574 4098 2753 4154 etiam
2785 4098 3106 4154 clamabat.

2088 4189 2243 4244 Vers.
2273 4191 2359 4243 47.
2388 4188 2466 4243 Et
2510 4219 2577 4228 —
2603 4203 2754 4244 eum.
2786 4189 2852 4245 In
2884 4186 3158 4258 praesenti
3188 4184 3427 4242 steculo.

2087 4277 2252 4332 Vers.
2287 4281 2380 4333 47.
2418 4278 2712 4349 Neque—
2751 4276 3051 4332 mundum.
3089 4275 3243 4331 Dixit
3273 4276 3453 4331 etiam
3506 4271 3677 4329 tertio

2017 4367 2228 4438 capite:
2263 4368 2397 4423 Non
2430 4368 2577 4422 misit
2606 4369 2758 4422 Deus
2779 4366 2993 4422 Filium
3016 4382 3185 4421 suum
3211 4365 3273 4419 in
3297 4363 3674 4430 mundum,ut

2017 4457 2363 4514 condemnet
2411 4457 2712 4525 mundum,
2739 4456 2842 4512 sed
2886 4462 2948 4511 ut
2985 4455 3247 4512 salvetur
3286 4453 3542 4509 mundus
3571 4467 3683 4521 per

2017 4561 2147 4602 eum
2179 4549 2224 4582 ⁸⁸
2258 4563 2268 4600 :
2299 4551 2355 4602 et
2383 4546 2461 4602 ibi
2494 4562 2735 4619 quoque
2770 4545 2897 4616 lege
2937 4547 3378 4601 enarrationem
3410 4559 3548 4616 quae
3583 4557 3684 4615 op-

2019 4636 2155 4691 tima
2179 4642 2288 4691 est.

2088 4725 2249 4781 Vers.
2301 4729 2388 4781 48.
2425 4725 2540 4792 Qui
2576 4753 2644 4764 —
2696 4723 2910 4790 ipsum.
2973 4721 3078 4789 Qui
3131 4719 3271 4776 mihi
3305 4735 3426 4776 non
3486 4722 3679 4792 paret,

2017 4830 2127 4870 nec
2173 4812 2625 4886 suspiciLverba
2651 4828 2805 4877 mea,
2839 4810 3017 4867 habet
3045 4811 3145 4884 qui
3177 4826 3237 4865 se
3269 4809 3582 4865 convincat
3611 4822 3683 4862 ac

2019 4904 2378 4960 condemnet
2412 4920 2424 4970 ;
2458 4903 2592 4974 quis
2624 4902 2694 4958 sit
2718 4907 2918 4958 autem
2950 4900 3024 4967 is,
3059 4899 3286 4956 audito.

2093 4993 2253 5048 Vers.
2289 4996 2376 5049 48.
2419 4992 2625 5048 Sermo
2666 5021 2734 5032 —-
2761 4989 2869 5046 die.
2905 4989 3049 5057 Quis
3084 4993 3278 5045 autem
3309 4987 3383 5043 sit
3411 4985 3507 5042 hic
3557 4998 3677 5042 ser-

2022 5098 2134 5152 mo,
2169 5081 2434 5139 adverte.

2035 5263 2081 5298 ⁶⁹
2103 5261 2278 5319 Joan.
2311 5277 2394 5328 ill,
2438 5262 2527 5329 17,.

1537 5441 1761 5511 Varia
1791 5441 2120 5511 lectiones
2170 5451 2235 5509 et
2266 5449 2467 5508 notae.

399 5634 491 5706 83)
529 5635 855 5692 Genitivum
893 5636 1076 5695 habet
1107 5639 1447 5696 Hentenius.
1493 5640 1604 5698 Sed
1635 5639 1908 5698 dativum

303 5705 540 5762 videtur
582 5708 929 5779 Euthymius
986 5709 1254 5780 elegisse,
1308 5727 1384 5768 ne
1416 5711 1616 5786 plures
1664 5712 1908 5785 genitivi

305 5786 743 5837 concurrerent.

2112 5642 2312 5707 84)Kal
2351 5645 2519 5691 ταῦτα
2551 5645 2611 5692 A.

2112 5642 2312 5707 84)Kal
2351 5645 2519 5691 ταῦτα
2551 5645 2611 5692 A.

2092 5639 2210 5784 l85)
2232 5715 2330 5764 Τόν
2343 5729 2586 5785 κρινοντα
2604 5714 2672 5766 Α.
