4108 6410
485 339 626 397 1375

487 571 620 613 esse
649 571 787 612 eum
818 572 854 612 a
886 558 1023 622 Deo,
1066 561 1120 613 et
1169 562 1483 630 propterea
1513 571 1636 612 non
1683 553 2046 611 obediebant
2070 551 2144 619 ei,

486 645 697 702 aittln
723 646 1054 702 novissimo
1091 646 1187 702 die
1240 662 1461 711 sermo,
1491 661 1667 719 quem
1715 643 1948 700 locutus
2009 658 2147 698 sum

484 734 713 800 dicens,
762 735 920 808 quod
956 750 1028 791 ex
1083 736 1311 808 meipso
1387 751 1504 791 non
1553 751 1688 790 sum
1739 733 1994 797 locutus,
2041 731 2147 786 sed

483 823 781 896 Pater,qui
797 825 1210 895 misitme,ipse
1232 824 1375 880 mihi
1402 828 1762 897 praeceptum
1783 821 1967 888 dedit,
1999 819 2148 892 quid

480 912 675 969 dicam
692 919 746 969 et
771 913 907 986 quid
927 913 1259 985 loquar,ille
1277 912 1705 970 condemnabit
1721 927 1880 974 eum,
1909 909 2038 966 loco
2053 925 2146 964 ac-

477 1002 767 1057 cusatoris
782 1003 1153 1069 constitutus,
1170 1003 1553 1068 convincens,
1569 1017 1918 1074 omnemque
1941 1015 2144 1070 ampu-

477 1095 607 1147 tans
619 1091 1018 1156 occasionem,
1035 1108 1214 1164 quem
1233 1092 1512 1166 operibus
1525 1091 1904 1155 conﬁrmavi,
1930 1106 2001 1144 ex
2017 1105 2142 1144 om-

473 1179 533 1235 ni
568 1187 726 1250 parte
757 1180 1100 1246 ostendens,
1135 1183 1299 1254 quod
1334 1185 1451 1238 Deo
1481 1196 1604 1238 non
1627 1181 1738 1236 sim
1784 1179 2136 1238 contrarius.

549 1270 710 1324 Vers.
745 1273 830 1324 50.
877 1270 953 1326 Et
983 1301 1051 1312 —
1094 1277 1196 1327 est.
1241 1273 1450 1342 Utpote
1480 1271 1662 1326 vitam
1715 1269 2039 1325 concilians
2069 1283 2143 1323 ee-

475 1362 730 1420 ternam,
777 1363 1071 1431 tanquam
1117 1362 1194 1414 ad
1242 1361 1428 1416 vitam
1477 1359 1786 1415 adducens
1832 1363 2137 1414 aaternam.

477 1448 625 1504 Sunt
668 1463 812 1518 ergo
866 1448 1321 1515 inexcusabiles,
1366 1449 1469 1520 qui
1514 1465 1584 1504 ea
1632 1464 1752 1504 non
1785 1447 2135 1520 suspiciunt,

479 1552 616 1610 quae
637 1535 781 1592 mihi
811 1542 1104 1610 praecepta
1131 1542 1286 1606 sunt,
1315 1543 1378 1594 ut
1399 1537 1632 1610 loquar,
1663 1537 1938 1594 videlicet
1959 1537 2140 1592 verba

481 1641 635 1692 mea,
677 1625 1004 1682 doctrinam
1035 1644 1223 1682 meam
1259 1644 1269 1682 :
1305 1633 1360 1682 et
1391 1627 1504 1683 sibi
1534 1629 1680 1700 ipsis
1714 1635 1852 1683 sunt
1889 1627 2136 1693 inimici,

479 1719 680 1786 utpote
704 1716 885 1771 vitam
907 1731 1026 1772 non
1062 1717 1452 1789 suscipientes
1467 1721 1779 1772 aeternam.

1816 334 2160 393 EUTHYMII
2203 332 2525 391 ZIGABEN]

557 468 717 524 Vers.
744 465 833 524 49.
872 465 1024 534 Quia
1065 498 1133 510 —
1182 467 1415 540 loquar.
1470 465 1616 534 Quia
1673 463 1954 521 dicebant
2024 477 2146 518 non
2180 464 2222 518 A

3725 331 3887 389 i376

2325 461 2443 516 Ὀτι
2496 492 2566 503 —
2616 461 2847 520 λαλήσω.
2903 461 3043 515 Ἐπεὶ
3099 460 3266 534 ἔλεγον
3316 459 3393 514 ὅτι
3461 457 3556 512 οῦκ
3612 460 3756 512 ἔστιν
3820 461 3886 512 ὲκ

2256 560 2344 606 τοῦ
2399 560 2554 622 Θεοῦ,
2604 557 2694 604 καὶ
2735 547 2828 604 διὰ
2878 559 3031 605 τοῦτο
3079 551 3173 604 οὐκ
3220 551 3482 604 ἐπείθοντο
3512 548 3676 620 αὐτῷ,
3704 553 3882 622 φησὶν

2256 643 2336 694 ὅτι
2367 642 2448 694 Ἐν
2477 649 2537 714 τῇ
2573 639 2778 714 ἐσχάτη
2831 642 3000 714 ἡμέρᾳ
3025 642 3051 692 ὁ
3080 641 3228 712 λόγος
3258 642 3311 692 ὃν
3338 638 3568 698 ἐλάλησα
3594 638 3757 709 λέγων
3791 638 3881 690 ὅτι

2257 730 2309 794 ἐξ
2355 730 2578 804 ἐμαυτοῦ
2632 731 2724 783 οὐκ
2780 729 3025 798 ἐλάλησα,
3077 728 3182 781 ἀλλ’
3231 731 3256 782 ό
3298 728 3508 801 πέμψας
3549 747 3613 802 με
3653 731 3877 802 Πατήρ,

2255 820 2407 882 αύτός
2453 840 2545 894 μοι
2594 819 2872 874 ἐνετείλατο
2933 825 2986 872 τί
3039 823 3164 872 εἴπω
3203 824 3293 872 καὶ
3323 823 3371 870 τί
3399 817 3633 882 λαλήσω,
3675 817 3877 876 ἐκεῖνος

2253 917 2417 983 κρινεῖ
2472 910 2643 977 αὐτὸν,
2716 909 2765 962 ἐν
2836 911 2980 972 τάξει
3049 913 3346 981 κατηγόρου
3428 909 3701 980 ἱστάμενος
3771 911 3875 958 καὶ

2255 997 2561 1073 διελέγχων,
2644 1005 2734 1052 καὶ
2808 1006 2982 1052 πᾶσαν
3063 997 3341 1069 ἀπολογίαν
3413 1006 3716 1071 περιαιρῶν,
3814 998 3874 1047 ὃν

2253 1089 2514 1142 ἐϐεϐαίουν
2576 1095 2679 1151 τοῖς
2730 1088 2920 1164 ἔργοις,
2969 1089 3294 1160 πανταχόθεν
3346 1083 3593 1139 δεικνύων
3643 1086 3724 1138 ὃτι
3770 1084 3874 1136 ούκ

2252 1179 2356 1253 εἰμὶ
2387 1179 2638 1243 ἀντίθεος.

2325 1274 2426 1323 Καὶ
2483 1299 2551 1310 -—
2608 1269 2770 1323 ἐστιν.
2810 1268 2900 1329 Ὠς
2958 1268 3096 1329 ζωὴν
3146 1266 3350 1318 αἰώνιον
3394 1264 3737 1339 προξενοῦσα,
3799 1266 3873 1324 ὡς

2250 1359 2323 1421 εἰς
2377 1363 2506 1423 ζωὴν
2557 1359 2761 1412 αἰώνιον
2817 1359 3042 1429 ἄγουσα.
3101 1355 3510 1426 Ἀναπολόγητοι
3559 1349 3646 1406 οὖν
3697 1353 3746 1404 οἱ
3790 1357 3867 1424 μὴ

2251 1446 2530 1522 δεχόμενοι
2599 1451 2665 1501 τά
2735 1447 3031 1500 ἔνταλθέντα
3101 1465 3191 1520 μοι
3245 1444 3557 1509 λαληθῆναι,
3621 1442 3736 1500 ἦτοι
3800 1442 3873 1492 τὰ

2247 1541 2454 1616 ῥήματά
2510 1559 2632 1612 μου,
2683 1543 2772 1596 τὴν
2851 1533 3206 1590 διδασκαλίαν
3259 1551 3381 1607 μου·
3439 1538 3529 1586 καὶ
3591 1529 3868 1584 ἐπίϐουλοί

2251 1630 2380 1684 εἰσιν
2413 1629 2604 1683 ἑαυτῶν
2631 1630 2699 1690 ὡς
2738 1633 2806 1701 μη
2844 1623 3123 1700 δεχόμενοι
3157 1629 3249 1683 τὴν
3279 1624 3483 1676 αἰώνιον
3517 1621 3673 1684 ζωήν.

555 1805 690 1860 Ηωο
729 1821 870 1860 vero
904 1822 916 1860 :
968 1805 1118 1871 Quid
1158 1805 1360 1862 dicam
1403 1811 1458 1861 et
1499 1807 1645 1879 quid
1694 1806 1926 1878 loquar,
1978 1805 2138 1862 idem

2319 1813 2388 1863 T0
2446 1805 2522 1861 δέ*
2575 1812 2638 1861 Τί
2696 1811 2822 1860 εἰπω
2874 1811 2963 1858 καὶ
3010 1809 3062 1856 τί
3097 1803 3306 1862 λαλήσω
3335 1806 3393 1855 1'0
3443 1801 3569 1854 αὐτὸ
3607 1796 3864 1859 δηλοῦσι·

480 1894 833 1963 signiﬁcant.
902 1895 1077 1952 Multa
1133 1899 1329 1952 autem
1390 1901 1530 1953 sunt
1581 1896 1934 1968 hujusmodi
1976 1897 2141 1969 apud

483 1999 719 2040 sacram
753 1984 1141 2057 Scripturam.

551 2073 713 2128 Vers.
758 2077 844 2129 56.
880 2075 1015 2142 Quas
1056 2105 1124 2116 —
1172 2075 1394 2147 loquor.
1445 2075 1513 2132 Et
1561 2091 1668 2148 per
1708 2075 2056 2149 pradictam
2087 2083 2143 2130 et

477 2177 586 2234 per
614 2168 978 2234 praesentem
1000 2165 1380 2232 sententiam,
1414 2165 1894 2222 rursuminducit
1933 2181 2034 2220 eos
2066 2165 2142 2220 ad

479 2250 684 2315 ﬁdem,
726 2267 979 2324 parcens
1018 2252 1217 2308 adhuc
1255 2253 1373 2309 illis
1408 2270 1530 2325 praa
1563 2254 1854 2310 immensa
1879 2255 2143 2324 benigni-

479 2345 615 2397 tate.
655 2343 729 2396 De
772 2340 1122 2411 hujusmodi
1181 2348 1382 2400 autem
1442 2343 1772 2400 humilitate
1818 2343 2142 2400 verborum

480 2428 912 2502 dispensatorie
951 2430 1270 2498 dictorum,
1317 2433 1498 2488 variis
1554 2434 1612 2488 in
1674 2433 1817 2488 locis
1860 2431 2142 2488 diximus.

481 2518 584 2575 Illa
610 2535 876 2591 namque
911 2537 922 2575 :
953 2523 1001 2576 A
1031 2524 1237 2594 meipso
1261 2538 1378 2578 non
1404 2524 1541 2578 veni
1569 2524 1610 2558 ⁶¹
1641 2540 1654 2587 ;
1685 2528 1776 2578 et:
1809 2523 1908 2580 Ex
1929 2524 2144 2590 meipso

480 2623 602 2664 non
631 2624 761 2665 sum
795 2610 1022 2664 locutus
1047 2611 1094 2646 ⁶²
1119 2629 1134 2679 ;
1161 2616 1234 2666 et:
1269 2611 1398 2680 Ipse
1411 2611 1560 2668 mihi
1571 2619 1934 2681 praeceptum
1957 2612 2140 2677 dedit,

484 2697 625 2769 quid
649 2698 846 2754 dicam
867 2705 920 2755 et
951 2699 1098 2770 quid
1125 2701 1333 2772 loquar
1393 2702 1462 2769 ⁸³,
1497 2717 1566 2757 ac
1593 2701 1832 2767 similia,
1869 2701 2143 2758 manifes-

484 2785 602 2841 tius
632 2786 878 2858 quidem
904 2787 1282 2854 conﬁrmant,
1316 2790 1481 2862 quod
1514 2790 1629 2846 Deo
1657 2807 1777 2846 non
1816 2790 1888 2846 sit
1920 2795 2145 2846 contra-

485 2875 644 2931 rius:
678 2876 956 2932 secretius
981 2893 1122 2933 vero
1153 2877 1410 2935 innuunt
1451 2878 1617 2952 quod
1662 2879 1813 2936 Patri
1845 2879 1916 2936 sit
1945 2896 2145 2953 aequa-

485 2964 573 3027 lis.

558 3055 720 3112 CAP.
753 3056 888 3112 Xlll.
930 3057 1093 3112 Vers.
1123 3059 1174 3112 1.
1217 3059 1375 3116 Ante
1422 3090 1489 3100 -
1519 3059 1773 3116 Patrem.
1810 3064 1958 3117 Nam
1989 3064 2147 3133 post-

2252 1899 2421 1954 Πολλά
2451 1896 2511 1952 δὲ
2530 1906 2749 1951 τοιαῦτα
2778 1899 2919 1971 παρά
2950 1903 3010 1968 τῇ
3051 1900 3249 1967 Γραφῇ.

2320 2078 2381 2132 Ἀ
2430 2110 2496 2119 -
2543 2076 2701 2133 λαλῶ.
2757 2081 2857 2131 Καὶ
2913 2072 3007 2128 διὰ
3052 2081 3141 2126 τοῦ
3189 2071 3591 2148 προρῤηθέντος,
3635 2073 3725 2121 καὶ
3770 2064 3872 2120 διὰ

2250 2177 2341 2222 τοῦ
2388 2173 2640 2244 παρόντος
2697 2169 2878 2242 ῥητοῦ,
2940 2164 3092 2218 πάλιν
3161 2161 3328 2234 ἐνάγει
3378 2163 3592 2221 τούτους
3650 2158 3721 2221 εἰς
3780 2161 3873 2210 πί-

2253 2279 2384 2324 στιν,
2437 2258 2514 2310 ἓτι
2564 2253 2863 2329 φειδόμενος
2916 2254 3081 2306 αύτών
3137 2254 3236 2304 ὑπὸ
3285 2260 3377 2312 τῆς
3425 2249 3639 2324 ἀπείρου
3689 2246 3870 2319 φιλανο

2255 2351 2504 2423 θρωπίας.
2562 2351 2682 2418 Περὶ
2754 2351 2929 2417 μέντοι
3000 2352 3092 2404 τῆς
3152 2346 3520 2400 ταπεινότητος
3593 2345 3693 2389 τῶν
3750 2355 3872 2388 τοι-

2206 2441 2414 2506 -ούτων
2483 2437 2819 2508 οἰκονομικῶν
2893 2435 3139 2508 ῥημάτων
3229 2427 3490 2502 διαφόρως
3563 2427 3865 2500 εἰρήκαμεν.

2250 2531 2320 2582 Τὸ
2368 2529 2467 2601 γὰρ
2533 2524 2648 2578 Ἀπ’
2706 2524 2930 2596 ἐμαυτοῦ
2994 2522 3086 2574 οῦκ
3139 2519 3380 2585 ἐλήλυθα,
3435 2522 3525 2569 καὶ
3565 2515 3650 2579 Ἐξ
3695 2513 3866 2587 ἐμαυ-

2251 2624 2343 2668 τοῦ
2409 2615 2502 2668 οῦκ
2559 2614 2807 2679 ἐλάλησα,
2894 2617 2983 2664 καὶ
3053 2611 3214 2672 Αὐτός
3263 2629 3353 2682 μοι
3405 2605 3610 2665 ἐντολὴν
3675 2601 3862 2667 ἔδωκε,

2255 2711 2303 2758 τί
2357 2705 2482 2758 εἱπω
2535 2710 2623 2756 καὶ
2680 2708 2730 2755 τί
2793 2702 3025 2770 λαλήσω,
3084 2705 3174 2752 καὶ
3231 2702 3296 2751 τά
3346 2704 3581 2761 τοιαῦτα,
3637 2699 3866 2768 φανερώο

2252 2814 2392 2870 τερον
2454 2798 2542 2866 μεν
2614 2797 2669 2845 τό
2727 2796 2798 2865 μὴ
2856 2788 2984 2842 εἶναι
3042 2789 3196 2841 αὐτὸν
3267 2785 3495 2839 ἀντίθεον
3560 2782 3862 2857 βεϐαιοῦσι,

2253 2889 2594 2959 κρυφιὼτερον
2645 2879 2702 2935 δε
2734 2885 2791 2934 1'0
2836 2877 2962 2934 εἶναι
3007 2879 3162 2932 αὐτόν
3215 2882 3327 2930 ἶσον
3381 2883 3454 2946 τῷ
3503 2877 3671 2949 Πατρί
3724 2873 3862 2924 ὑπο-

2256 2978 2524 3046 φαίνουσι.

2330 3066 2435 3136 Πρὸ
2491 3092 2561 3103 --
2617 3065 2840 3135 Πατέρα.
2903 3057 3200 3111 Ἀποθανων
3269 3058 3371 3129 γὰρ
3446 3058 3535 3105 καὶ
3615 3050 3863 3118 ἀναστὰς,

484 3159 664 3216 quam
686 3150 960 3201 mortuus
993 3151 1078 3202 est
1118 3163 1188 3204 ac
1217 3149 1560 3214 resurrexit,
1595 3165 1630 3205 a
1654 3154 1808 3206 terra
1833 3151 1894 3206 in
1925 3149 2144 3206 caelum

2257 3151 2441 3226 μετέϐη
2477 3151 2575 3203 ἀπὸ
2609 3158 2701 3212 τῆς
2740 3158 2836 3220 γῆς
2867 3149 2937 3209 εἰς
2967 3151 3050 3199 τόν
3082 3147 3318 3220 οὐρανόν.

485 3233 784 3303 migravit.

553 3324 722 3381 Vers.
761 3329 805 3379 1.
838 3325 979 3381 Cum
1009 3325 1302 3382 dilexisset
1334 3358 1400 3368 —-
1426 3343 1540 3385 eos.
1576 3329 1748 3394 Suos,
1772 3333 1946 3384 vocat
1972 3329 2144 3384 disci-

485 3410 681 3483 pulos,
704 3416 910 3485 utpote
931 3413 1294 3472 domesticos
1326 3423 1567 3489 propter
1587 3417 2012 3474 obedientiam.
2045 3419 2142 3476 Sui

485 3505 685 3557 autem
714 3501 998 3574 appellati
1045 3520 1288 3576 quoque
1335 3511 1474 3561 sunt
1516 3523 1727 3563 omnes
1769 3507 1973 3573 Judaei,
2023 3511 2142 3563 tan-

481 3607 667 3665 quam
693 3592 935 3664 cognati
967 3613 980 3651 :
1016 3593 1138 3648 imo
1168 3595 1347 3651 etiam
1390 3612 1602 3652 omnes
1635 3597 1815 3653 simul
1845 3598 2140 3666 homines,

485 3685 772 3752 tanquam
795 3686 1078 3738 creaturae
1094 3683 1299 3755 ipsius.
1323 3685 1567 3741 Addidit
1588 3692 1808 3752 autem,
1839 3687 1951 3754 Qui
1969 3693 2142 3744 erant

483 3769 548 3824 in
579 3769 816 3826 mundo.
855 3770 1001 3826 Nam
1034 3771 1138 3843 qui
1165 3773 1291 3842 jam
1347 3773 1408 3828 in
1462 3773 1670 3830 virtute
1714 3775 1926 3832 mortui
1951 3782 2138 3832 erant.

487 3859 617 3928 ejus
650 3857 832 3912 etiam
863 3859 1086 3931 proprii
1135 3859 1831 3925 dicebantur.Abraham
1881 3863 2146 3920 videlicet

488 3945 660 4002 Isaac
689 3951 742 4001 et
764 3946 967 4013 Jacob,
991 3949 1214 4022 quique
1242 3954 1508 4023 tempore
1536 3952 1772 4008 illorum
1793 3953 1936 4025 justi
1960 3960 2141 4019 erant,

486 4034 626 4090 Cum
655 4033 959 4092 dilexisset
985 4053 1126 4109 ergo
1168 4037 1498 4112 discipulos
1533 4041 1610 4097 ad
1641 4041 1700 4097 id
1749 4059 1940 4114 usque
2001 4049 2142 4098 temv

487 4123 670 4196 poris,
704 4130 844 4181 tunc
875 4126 1069 4199 magis
1090 4127 1292 4183 dilexit
1318 4144 1439 4184 eos.
1469 4133 1639 4200 Nam,
1666 4131 1728 4186 in
1749 4132 1950 4200 ﬁnem,
1987 4132 2142 4186 idem

486 4211 678 4283 signiﬁ
693 4217 778 4269 sat
807 4215 969 4286 quod
1003 4215 1400 4272 vehementer.
1436 4219 1586 4284 Quia
1613 4221 1770 4275 enim
1798 4221 1925 4291 jam
1968 4222 2144 4277 mori-

485 4307 650 4357 turus
715 4309 858 4367 erat,
894 4319 1117 4378 eosque
1160 4305 1494 4371 relicturus,
1519 4308 1899 4366 dilectionem
1955 4311 2143 4368 inten-

484 4389 569 4446 dit
591 4391 666 4446 ad
697 4393 1115 4449 accensionem
1134 4393 1594 4452 vehementioris
1614 4401 1918 4456 memoriae
1935 4401 2138 4472 ipsius.

485 4479 734 4551 Signum
764 4497 905 4538 vero
934 4481 1277 4539 intentionis
1303 4483 1430 4553 fuit,
1463 4485 1607 4543 lotio
1635 4489 1857 4560 pedum
1882 4490 2138 4547 illorum:

484 4583 628 4624 nam
678 4569 781 4642 qui
823 4569 1078 4643 aliquem
1129 4572 1423 4630 ferventer
1467 4582 1651 4644 amat,
1708 4594 1781 4634 ne
1808 4585 2140 4638 extremum

483 4657 727 4729 quidem
752 4660 882 4732 ejus
908 4662 1299 4718 ministerium
1319 4664 1555 4722 devitat.

557 4747 719 4803 Vers.
753 4753 804 4804 2.
835 4750 914 4806 Et
928 4751 1295 4822 ccenafacta.
1323 4755 1386 4808 In
1416 4754 1768 4824 diversorio,
1803 4758 1862 4814 in
1891 4759 2143 4817 instrato

488 4836 799 4893 caenaculo
824 4858 835 4896 :
861 4840 1003 4912 quia
1019 4839 1174 4896 facta
1197 4857 1460 4913 vespera,
1485 4844 1635 4902 sicut
1661 4846 1810 4902 dixit
1835 4849 2141 4906 Matthteus

489 4925 770 4984 accubuit
797 4943 934 4984 cum
964 4928 1278 4987 duodecim
1305 4933 1371 4987 ⁶⁴.
1408 4935 1616 4999 Quaare
1646 4951 1785 5006 ergo
1816 4936 1973 4994 hanc
2013 4955 2141 4995 sen-

489 5015 736 5073 tentiam
788 5017 1163 5088 sexagesimo
1225 5020 1397 5078 tertio
1445 5023 1573 5093 ejus
1625 5025 1839 5098 capite,
1888 5042 1959 5084 ac
2016 5028 2143 5099 lege

489 5120 745 5174 omnem,
779 5123 915 5181 qua
945 5107 1028 5165 ibi
1051 5109 1194 5168 data
1222 5115 1332 5179 est,
1364 5112 1819 5186 expositionem.

558 5285 725 5344 Vers.
750 5289 803 5342 2.
835 5287 983 5345 Cum
1000 5288 1270 5346 diabolus
1290 5320 1358 5332 —
1380 5292 1664 5351 traderet.
1691 5294 1834 5352 Cum
1853 5296 1976 5366 jam
2004 5302 2145 5353 tunc

485 5375 907 5448 cogitationem
929 5376 1296 5445 immisisset,
1321 5381 1569 5453 quando
1610 5391 1976 5459 unguentum
2003 5387 2145 5443 eﬂ‘u-

485 5462 566 5520 dit
591 5480 766 5536 super
802 5468 1140 5536 caputJesu
1173 5468 1403 5532 mulier,
1439 5473 1512 5526 de
1555 5488 1679 5545 qua
1732 5475 1963 5546 scripsit
2011 5479 2146 5532 Mat-

486 5551 696 5610 theus.
728 5552 937 5622 Quaere
959 5570 1102 5626 ergo
1117 5557 1294 5630 juxta
1311 5559 1492 5616 ﬁnem
1522 5563 1880 5634 sexagesimi
1902 5567 2152 5623 secundi

565 5755 608 5792 ει
637 5755 807 5814 man.
835 5771 933 5823 vn,
966 5762 1054 5816 28.
1168 5763 1215 5799 ⁶²
1246 5763 1416 5822 Joan.
1459 5782 1574 5839 xiv,
1601 5776 1686 5833 10.

1803 5772 1846 5807 ⁸³
1871 5771 2019 5829 Joan
2044 5788 2059 5842 ;
2094 5788 2196 5840 xu,
2226 5775 2314 5830 49.

2329 3333 2635 3402 Ἀγαπήσας
2691 3359 2755 3368 --
2811 3328 3018 3387 αὐτούς.
3099 3321 3290 3385 ’ἰδίους
3338 3323 3474 3395 λέγει
3526 3325 3647 3381 τοῦς
3696 3321 3866 3392 μαθη-

2254 3425 2341 3482 τάς
2395 3423 2461 3482 ὼς
2493 3420 2716 3480 οἰκείους
2747 3414 2840 3469 διά
2892 3421 2986 3475 τὴν
3036 3416 3343 3468 εὐπείθειαν.
3386 3409 3546 3466 Ἱδιοι
3599 3407 3658 3462 δὲ
3702 3409 3862 3461 αὐτοῦ

2255 3510 2756 3584 προσηγορεύθησαν
2815 3513 2904 3558 καὶ
2953 3508 3000 3558 οἱ
3058 3506 3240 3564 πάντες
3297 3499 3553 3557 Ἰουδαῖοι
3606 3503 3674 3562 ὡς
3736 3519 3861 3569 συγ-

2251 3609 2426 3671 γενεῖς·
2472 3603 2561 3650 καὶ
2610 3598 2660 3649 οἰ
2732 3599 3017 3668 σύμπαντες
3088 3595 3352 3668 ἄνθρωποι
3405 3594 3473 3652 ὡς
3528 3587 3861 3661 δημιουργὴ-

2253 3707 2394 3760 ματα
2441 3687 2620 3740 αὐτοῦ.
2674 3688 2802 3745 Τοὺς
2860 3683 2907 3736 ἐν
2955 3691 3026 3754 τῷ
3077 3688 3260 3754 κόσμῳ
3315 3678 3373 3734 δὲ
3421 3678 3546 3744 εἷπε,
3601 3674 3741 3730 διότι
3771 3681 3860 3728 καὶ

2251 3780 2300 3830 οἰ
2385 3776 2794 3835 τετελευτηκότες
2879 3772 2926 3824 ἐν
2996 3773 3148 3847 ἀρετῇ
3241 3767 3374 3823 ἴδιοι
3445 3768 3602 3821 αὐτοῦ
3701 3763 3855 3832 ἦσαν,

2255 3865 2491 3939 Ἀϐρααμ
2548 3869 2636 3916 καὶ
2693 3863 2876 3916 Ἰσαάκ
2930 3862 3019 3914 καί
3067 3859 3279 3930 Ἰακὼϐ,
3333 3864 3423 3911 καὶ
3480 3861 3528 3910 οἱ
3583 3854 3856 3908 κατ’ἐκεί-

2251 3976 2365 4017 νους
2431 3952 2651 4008 δίκαιοι.
2709 3954 3016 4025 Ἀγαπήσας
3082 3951 3191 4019 οὖν,
3248 3954 3398 4022 φησὶ,
3451 3951 3570 4009 τοὺς
3616 3947 3858 4019 μαθητὰς

2253 4047 2388 4119 οῖ’χρι
2432 4051 2522 4097 τοῦ
2569 4047 2680 4096 τότε
2731 4049 2936 4113 καιροῦ,
2997 4046 3111 4093 τότε
3169 4039 3358 4112 μᾶλλον
3422 4039 3692 4108 ἠγάπησεν
3759 4033 3856 4085 αὖ·

2252 4138 2388 4195 τούς·
2435 4138 2493 4186 1'0
2537 4136 2635 4206 γὰρ
2689 4133 2768 4192 Εἰς
2808 4131 2949 4193 τέλος
2997 4134 3054 4183 τὸ
3088 4127 3298 4204 σφόδρα
3343 4124 3520 4186 δηλοῖ.
3578 4125 3721 4177 Ἐπεὶ
3757 4126 3853 4196 γὰρ

2254 4223 2449 4297 ἔμελλεν
2503 4219 2610 4281 ἤδη
2672 4223 2945 4274 ἀποθανεῖν
3010 4224 3099 4271 καὶ
3165 4217 3432 4271 ἀπολιπεῖν
3483 4214 3697 4279 αύτούς,
3745 4211 3857 4263 ἑπι-

2252 4318 2402 4366 τείνει
2452 4316 2546 4370 τὴν
2620 4310 2826 4383 ἀγάπην
2898 4309 2964 4369 εἰς
3036 4305 3341 4381 ἐμπύρευμα
3411 4310 3620 4378 μνήμης
3697 4299 3854 4353 αὑτοῦ

2255 4399 2627 4476 σφοδροτέρας,
2676 4407 2888 4472 Σημεῖον
2964 4394 3022 4450 δὲ
3104 4405 3197 4458 τῆς
3252 4395 3539 4455 ἐπιτάσεως
3589 4395 3646 4444 1'0
3705 4389 3855 4459 νίψα-

2252 4497 2368 4554 τοὺς
2419 4487 2585 4552 πόδας
2616 4490 2807 4546 αὐτῶν.
2853 4488 2911 4541 Ὀ
2954 4490 3055 4562 γὰρ
3107 4487 3320 4559 ἀγαπῶν
3364 4503 3479 4536 τινα
3509 4485 3702 4557 θερμῶς
3733 4475 3852 4532 οὐδὲ

2253 4589 2346 4642 τὴν
2374 4581 2608 4655 ἐσχάτην
2640 4582 2930 4655 ὑπηρεσίαν
2957 4577 3117 4630 αύτοῦ
3142 4582 3494 4652 παραιτεῖται.

2328 4768 2428 4817 Καὶ
2537 4757 2748 4814 δείπνου
2830 4761 3123 4830 γενομένου.
3198 4756 3280 4808 Ἐν
3351 4761 3422 4823 τῷ
3502 4750 3846 4822 καταλύματι,

2254 4855 2381 4907 ὅπου
2437 4855 2494 4904 1'0
2553 4849 2868 4924 ἐστρωμένον
2927 4846 3179 4918 ἀνώγεων,
3234 4847 3316 4897 ὅτε
3361 4843 3518 4915 ὀψίας
3560 4843 3848 4913 γενομένης,

2253 4947 2322 5005 ὡς
2362 4939 2468 4996 εἶπε
2517 4942 2805 5008 Ματθαῖος,
2861 4936 3086 4990 ἀνέκειτο
3138 4937 3270 5008 μετά
3315 4942 3414 4986 τῶν
3465 4926 3702 4987 δώδεκα.
3751 4930 3849 4986 Ζη-

2253 5052 2414 5091 τησον
2463 5031 2550 5084 οὖν
2606 5034 2752 5082 τουτὶ
2803 5031 2863 5080 τό
2917 5015 3076 5101 ῥητὸν
3139 5028 3188 5077 ἐν
3235 5032 3306 5095 τῷ
3367 5023 3632 5092 ἑξηκοστῷ
3697 5023 3849 5092 τρίτῳ

2253 5121 2512 5195 κεφαλαίῳ
2562 5119 2744 5183 αὐτοῦ,
2798 5121 2887 5170 καὶ
2941 5115 3199 5188 ἀνάγνωθι
3253 5119 3430 5167 πᾶσαν
3489 5116 3583 5171 τὴν
3623 5109 3726 5163 ἐκεῖ
3760 5109 3851 5183 ῥη-

2258 5212 2433 5263 θεῖσαν
2464 5209 2735 5281 ἐξήγησιν.

2325 5305 2427 5352 Τοῦ
2489 5295 2737 5352 διαϐόλου
2799 5328 2863 5338 ——
2910 5289 3153 5368 παραδῷ.
3207 5283 3352 5351 Ἤδη
3415 5290 3728 5365 βεϐληκότος
3777 5287 3854 5340 λο-

2255 5392 2448 5461 γισμὸν
2478 5393 2613 5452 τότε,
2664 5389 2747 5440 ὅτε
2798 5390 2856 5439 τὸ
2908 5388 3071 5460 μύρον
3118 5385 3364 5456 κατέχεεν
3395 5381 3479 5436 ἐπὶ
3515 5385 3607 5441 τὴν
3638 5377 3854 5451 κεφαλὴν

2255 5485 2344 5530 τοῦ
2390 5485 2625 5551 Χριστοῦ
2683 5479 2712 5535 ἡ
2768 5480 2918 5548 γυνὴ,
2972 5477 3092 5548 περὶ
3145 5473 3207 5535 ἧς
3265 5473 3534 5532 Ματθαῖος
3593 5473 3850 5543 ἱστόρησε.

2261 5573 2502 5627 Ζήτησον
2548 5563 2636 5620 οὖν
2676 5571 2802 5640 πρὸς
2855 5572 2926 5636 τῷ
2979 5562 3110 5615 τέλει
3166 5569 3256 5615 τοῦ
3300 5561 3585 5626 ἑξηκοστοῦ
3618 5556 3854 5633 δευτέρου

2429 5775 2476 5810 ⁶⁴
2509 5772 2710 5832 Matth.
2742 5784 2906 5839 XXVI,
2934 5769 3022 5826 20.
