4108 6392
272 367 404 425 i377

266 494 547 568 κεφαλαίου
633 488 793 542 αὐτοῦ
874 490 953 539 τό·
1045 488 1233 558 Ἀμὴν,

269 588 399 640 ὅπου
420 582 503 635 ἐὰν
526 582 772 654 κηρυχθῇ
796 580 852 629 τό
883 576 1190 648 Εὗαγγέλιον
1212 581 1365 626 τοῦτο
1388 573 1438 625 ἐν
1460 572 1557 645 ὅλῳ
1579 581 1650 643 τῷ
1668 577 1868 647 κόσμῳ,

269 680 361 729 καὶ
415 676 481 725 τὰ
520 670 651 733 ἑξῆς.
698 673 798 721 Καὶ
828 666 1086 739 ἀνάγνωθι
1116 669 1173 717 τὸ
1205 664 1346 724 τελος
1371 670 1461 723 τῆς
1491 661 1596 715 ἐκεῖ
1620 664 1876 736 ῥηθείσης

270 764 428 835 ἑξηγή
441 779 581 820 σεως.

343 859 508 904 Τοῦτο
572 844 631 901 δι
700 843 1033 920 παρενέϐαλεν
1096 846 1121 896 ό
1190 841 1582 915 εὖαγγελιστής,
1661 840 1879 898 ἐκπλητ-

271 946 481 1015 τόμενος
528 942 621 997 τὴν
700 933 1124 1009 ὑπερϐάλλουσαν
1179 940 1271 985 τοῦ
1357 940 1591 1005 Σωτῆρος
1650 930 1881 993 ἀνεξικα-

272 1037 411 1096 κίαν,
446 1032 527 1081 ὅτι
558 1030 648 1079 καὶ
674 1027 860 1078 τούτου
900 1028 1017 1084 τοὺς
1047 1019 1218 1085 πόδας
1248 1021 1407 1093 ἐνιψε,
1441 1020 1741 1093 μελετῶντος
1770 1015 1878 1078 ἤδη

274 1116 567 1194 προδοῦναι
597 1115 773 1168 αὐτόν.

665 1210 808 1257 ΚΕΦ.
848 1201 944 1266 Ις’.
982 1206 1105 1274 Περὶ
1135 1209 1222 1255 τοῦ
1244 1219 1512 1273 νιπτηρος.

352 1295 515 1357 Εἰδὼς
560 1326 627 1335 --
684 1300 886 1367 χεῖρας.
945 1292 1033 1353 Ὠς
1071 1293 1175 1361 Υῐῷ
1214 1294 1417 1363 γνησίῳ
1458 1293 1547 1341 καὶ
1606 1293 1882 1361 μονογενεῖ.

281 1390 758 1461 Ἀνθρωποπρεπῶς
815 1379 874 1435 δὲ
938 1379 1070 1433 εἶπεν
1126 1383 1203 1433 ὅτι
1254 1382 1425 1432 πάντα
1474 1375 1701 1431 δέδωκεν
1747 1377 1887 1446 αὐτῷ

283 1481 308 1530 ὁ
372 1481 545 1551 Πατὴρ
594 1474 666 1535 εἰς
741 1475 830 1533 τὰς
877 1478 1084 1543 χεῖρας,
1152 1472 1468 1542 μιμούμενος
1526 1470 1609 1520 τόν
1664 1470 1889 1539 Χριστόν

286 1575 498 1620 τοιοῦτα
555 1564 770 1636 λέγοντα
821 1565 939 1632 περὶ
985 1563 1167 1612 ἑαυτοῦ
1248 1558 1494 1619 πολλάκις
1570 1558 1685 1609 κατ’
1758 1556 1889 1608 οἰκο-

286 1661 488 1729 νομίαν,
532 1656 600 1716 ὡς
654 1650 919 1725 διαφόρως
967 1650 1261 1723 εἰρήκαμεν.
1302 1647 1501 1720 Ὠσπερ
1553 1643 1613 1699 δέ
1654 1648 1890 1718 ὸιιατὴρ

289 1740 639 1819 παραδίδωσι
687 1749 759 1811 τῷ
809 1743 932 1811 Tia”),
994 1739 1127 1792 οὕτω
1187 1743 1275 1789 καὶ
1329 1739 1354 1788 ὀ
1403 1739 1521 1798 Υἱός
1573 1746 1644 1807 τῷ
1690 1740 1884 1809 Πατρί.

1310 340 1685 414 εοΜΜΕΝΤ.
1736 350 1804 411 IN
1844 353 2194 412 JOANNEM.
2226 387 2292 396 —
2321 355 2473 411 CAP.
2509 354 2651 411 χιιι.

1319 482 1457 556 ἀμὴν
1535 482 1664 555 λέγω
1750 485 1869 557 ὑμῖν

2032 481 2190 555 ipitis
2210 480 2419 553 ipsius,
2446 479 2775 539 ubidicitur
2797 484 3019 541 :Amen
3041 484 3173 542 dico
3193 485 3369 552 vobis,
3398 485 3642 543 ubicun-

1984 589 2095 646 que
2118 572 2509 642 praedicatum
2528 573 2715 641 fuerit
2730 573 2838 630 hoc
2851 575 3247 646 Evangelium
3274 576 3338 631 in
3364 576 3641 633 universo

3500 362 3639 417 1378

1987 663 2207 718 mundo
2224 663 2294 730 ⁸⁸,
2323 665 2381 716 et
2404 668 2636 728 cratera,
2671 670 2727 719 et
2745 663 2875 734 lege
2904 664 3087 721 ﬁnem
3123 665 3276 721 datas
3298 665 3379 721 ibi
3410 665 3646 738 exposi-

1986 752 2186 809 tionis.

2062 844 2180 897 Hoc
2218 849 2418 898 autem
2449 842 2804 915 interposuit
2829 844 3191 914 evangelista
3237 860 3376 901 cum
3410 848 3652 917 stupore

1991 929 2299 988 admirans
2348 931 2734 987 excellentem
2789 932 3002 989 Christi
3050 933 3449 999 clementiam,
3506 933 3655 1006 quia

1990 1022 2172 1091 hujus
2194 1021 2372 1077 etiam
2405 1021 2590 1093 pedes
2617 1020 2774 1089 lavit,
2798 1022 2905 1095 qui
2962 1022 3021 1079 in
3073 1024 3336 1096 proximo
3367 1029 3492 1080 erat
3516 1038 3653 1079 eum

1995 1110 2342 1166 traditurus.

2352 1198 2508 1255 CAP.
2550 1202 2682 1257 XVI.
2718 1203 2801 1259 De
2824 1201 3038 1259 lotione
3049 1203 3285 1273 pedum.

2070 1287 2298 1344 Vers.3.
2323 1289 2519 1347 Sciens
2557 1307 2865 1348 —manus.
2896 1292 3218 1365 Tanquam
3242 1292 3385 1350 Filio
3400 1292 3663 1366 legitimo

1998 1382 2053 1434 et
2096 1380 2415 1448 unigenito.
2474 1384 2748 1438 Humano
2789 1390 2990 1439 autem
3023 1398 3189 1439 more
3236 1384 3380 1439 dixit
3409 1385 3665 1441 :‘Omnia

1999 1468 2157 1524 dedit
2188 1469 2302 1537 ipsi
2328 1471 2511 1527 Pater
2540 1471 2600 1526 in
2623 1486 2857 1538 manus,
2879 1471 3661 1544 Christumipsumimitans,

1999 1557 2103 1628 qui
2126 1556 2462 1630 frequenter
2490 1560 2833 1631 huiusmodi
2864 1560 2940 1617 de
2975 1577 3035 1616 se
3062 1561 3487 1635 dispensatorie
3518 1562 3665 1619 solet

2003 1648 2211 1711 dicere,
2248 1649 2400 1703 sicut
2428 1651 2607 1705 variis
2641 1651 2695 1705 in
2725 1650 2867 1706 locis
2919 1650 3201 1706 diximus.
3252 1652 3410 1708 Sicut
3461 1658 3664 1708 autem

2007 1739 2165 1793 Pater
2197 1738 2374 1793 tradit
2416 1740 2575 1804 Filio,
2635 1741 2719 1794 sic
2770 1746 2828 1796 et
2871 1740 3045 1795 Filius
3104 1741 3281 1796 Patri.
3354 1742 3446 1797 Ait
3501 1742 3662 1797 enim

290 1839 427 1892 Φησὶ
451 1835 552 1905 ’γὰρ
588 1831 808 1892 Παῦλος
832 1829 989 1882 Ὀταν
1024 1824 1247 1900 παραδῷ
1268 1832 1360 1885 την
1393 1825 1665 1899 βασιλείαν
1687 1834 1758 1895 τῷ
1788 1829 1895 1894 Θεῷ

2032 1826 2258 1883 ’aulus:
2299 1828 2445 1884 Cum
2487 1828 2805 1885 tradiderit
2863 1844 3112 1900 regnum
3145 1832 3259 1886 Deo
3290 1836 3345 1886 et
3383 1832 3559 1887 Patri
3594 1832 3662 1885 ⁸⁸.

289 1929 379 1977 καὶ
413 1925 602 1996 Πατρί.

366 2017 468 2065 Καὶ
512 2042 580 2051 —
625 2010 833 2081 ὑπάγει.
889 2008 977 2068 Ὠς
1025 2009 1145 2068 Υἱός
1195 2014 1327 2060 Θεοῦ
1382 2010 1472 2058 καὶ
1528 2009 1668 2066 Θεὸς.
1730 2007 1897 2061 Φησὶν

293 2099 381 2155 οὖν
426 2103 506 2153 ὅτι
550 2096 698 2159 εἰδὼς
743 2098 921 2150 ἑαυτὸν
969 2098 1380 2169 παντοκράτορα,
1431 2100 1520 2147 καὶ
1576 2097 1694 2146 Υἱὸν
1742 2100 1897 2155 Θεοῦ,

291 2197 383 2245 καὶ
446 2192 710 2249 τοσαύτης
768 2190 857 2260 μὲν
926 2185 1185 2252 ἔξουσίας,
1235 2184 1552 2245 τηλικαύτης
1610 2185 1667 2236 ὸε
1730 2182 1897 2247 ἀξιας,

295 2284 432 2354 ὅμως
484 2279 550 2339 εἰς
594 2279 757 2351 ἄκραν
803 2274 1098 2346 συγκατέϐη
1154 2280 1484 2326 ταπείνωσιν·
1520 2273 1629 2344 ἅμα
1679 2274 1767 2345 μὲν
1807 2275 1901 2329 τήν

295 2371 369 2433 εἰς
384 2373 508 2430 τοὺς
530 2369 763 2441 μαθητὰς
782 2364 989 2436 ἀγάπην
1010 2361 1413 2435 ἐνδείκνύμενος,
1434 2363 1543 2434 ἅμα
1565 2359 1623 2414 δὲ
1639 2357 1901 2414 παιδεύων

296 2460 486 2519 αὐτοὺς
516 2462 945 2529 ταπεινοφρονεῖν.

370 2551 654 2620 Ἐγείρεται
702 2577 770 2586 -
832 2546 1034 2617 ἱμάτια.
1098 2542 1173 2594 Οὐ
1228 2543 1416 2605 πάντα,
1451 2539 1577 2593 ἀλλὰ
1624 2543 1682 2593 τὸ
1722 2540 1904 2603 ἔξωθεν

295 2638 644 2713 περιϐόλαιον,
670 2636 699 2693 ἡ
727 2639 817 2686 καὶ
859 2636 915 2685 τό
945 2632 1055 2706 μετ’
1094 2631 1273 2696 ἐκεῖνο,
1302 2635 1429 2704 πρὸς
1471 2635 1529 2683 τὸ
1570 2630 1684 2702 (86)
1717 2630 1907 2682 εὐστά-

295 2729 387 2789 λὴς
424 2724 570 2780 εἶναι.

376 2911 476 2959 Καὶ
522 2902 692 2956 λαϐὼν
744 2932 813 2943 -
866 2899 1065 2954 ἑαυτόν.
1110 2904 1195 2969 Τῷ
1250 2897 1427 2968 λεντίῳ
1488 2892 1736 2959 διέζωσεν
1794 2894 1908 2948 ἐαυ-

300 2997 389 3048 τὸν
441 2997 572 3069 πρός
627 2996 686 3045 τὸ
746 2990 1027 3064 ἐκμάσσειν
1086 2984 1157 3041 δι’
1215 2986 1374 3039 αὐτοῦ
1423 2988 1538 3046 τοὺς
1585 2981 1757 3045 πόδας
1809 2991 1909 3036 τῶν

301 3087 640 3156 νιπτομένων.

2082 2004 2248 2060 Vers.
2276 2009 2325 2062 3.
2354 2006 2434 2062 Et
2464 2037 2533 2047 —
2554 2008 2683 2063 iret.
2713 2008 3015 2079 Tanquam
3042 2007 3222 2063 Filius
3266 2007 3362 2063 Dei
3396 2024 3462 2065 ac
3492 2008 3668 2063 Deus.

2010 2096 2099 2149 Ait
2127 2111 2268 2164 ergo
2331 2117 2342 2151 :
2396 2097 2599 2152 Sciens
2660 2097 2928 2168 seipsum
2977 2096 3445 2168 omnipotentem
3481 2113 3551 2153 ac
3576 2096 3675 2153 Dei

2014 2184 2255 2241 Filium:
2285 2184 2420 2240 licet
2452 2192 2631 2241 tanta;
2662 2191 2819 2242 esset
2863 2186 2995 2258 (Ιιὴ)
3036 2187 3369 2257 potestatis,
3424 2186 3677 2260 talisque

2012 2273 2331 2345 dignitatis,
2362 2274 2437 2329 ad
2464 2279 2790 2330 extremam
2824 2281 3021 2330 tamen
3053 2274 3357 2331 descendit
3382 2275 3681 2331 humilita-

2014 2368 2150 2428 tem,
2184 2368 2311 2417 tum
2334 2362 2713 2419 dilectionem
2761 2378 2905 2433 erga
2963 2363 3292 2435 discipulos
3325 2364 3673 2428 ostendens,

2015 2457 2141 2507 tum
2170 2467 2272 2507 eos
2306 2451 2486 2507 animi
2516 2452 2875 2508 modestiam
2900 2451 3176 2508 edocens.

2088 2541 2248 2597 Vers.
2278 2542 2328 2595 4.
2354 2540 2559 2612 Surgit
2602 2572 2671 2583 -
2709 2545 3070 2599 vestimenta.
3103 2545 3229 2598 Non
3285 2543 3515 2609 omnia,
3572 2543 3677 2599 sed

2016 2630 2365 2685 exteriorem
2441 2630 2752 2697 amictum,
2826 2638 2929 2687 aut
3009 2631 3186 2687 etiam
3238 2632 3675 2701 indumentum,

2015 2718 2181 2792 quod
2204 2720 2345 2775 vesti
2375 2718 2454 2775 illi
2485 2720 2754 2776 exteriori
2786 2720 3148 2786 adhaerebat,
3176 2737 3297 2794 quo
3324 2721 3681 2778 succinctior

2017 2813 2176 2864 esset
2196 2808 2275 2863 ad
2306 2808 2367 2863 id
2404 2808 2567 2879 quod
2594 2808 2786 2864 facere
2818 2810 3088 2881 parabat.

2091 2898 2252 2953 Vers.
2283 2899 2337 2952 4.
2386 2897 2647 2967 Cumque
2693 2897 3003 2968 accepisset
3059 2928 3127 2937 —
3180 2912 3254 2953 se.
3302 2898 3502 2955 Linteo
3552 2913 3682 2955 sese

2020 2986 2333 3058 praecinxit
2359 2986 2435 3042 ad
2458 2986 2853 3055 extergendos
2882 2987 3272 3043 lavandorum
3302 2988 3511 3059 pedes.

376 3170 503 3227 Εἶτα
536 3202 599 3214 -
637 3177 886 3243 νιπτῆρα.
932 3168 1098 3230 Αὐτὸς
1147 3170 1236 3219 καὶ
1279 3168 1336 3219 τὸ
1368 3162 1511 3240 ὕδωρ
1542 3168 1789 3237 κομίσας,
1822 3167 1902 3216 καὶ

2094 3164 2265 3221 Vers.
2308 3170 2358 3220 ὅ.
2384 3164 2596 3221 Deinde
2641 3196 2708 3206 —
2749 3166 2989 3235 pelvim.
3046 3166 3175 3238 Ipse
3230 3166 3409 3222 etiam
3464 3181 3687 3237 aquam

302 3266 475 3317 πάντα
543 3263 673 3334 μετὰ
746 3260 924 3319 πάσης
996 3259 1294 3329 προθυμίας
1375 3254 1767 3327 αὐτουργῆσας,
1831 3254 1913 3305 ἵνα

304 3358 396 3405 καὶ
461 3355 606 3421 ἡμεῖς
665 3346 1019 3407 διακονοῦντες
1073 3347 1243 3399 πάντα
1312 3346 1442 3417 μετὰ
1496 3343 1670 3404 πὰσης
1722 3345 1913 3418 προθυ-

307 3447 433 3515 μίας
509 3442 620 3511 (87)
691 3439 1078 3511 αὐτουργῶμεν,
1138 3437 1207 3497 εἰς
1288 3434 1474 3486 ἐκεῖνον
1529 3432 1911 3501 ἀποϐλέποντες,

308 3536 399 3583 καὶ
453 3534 523 3603 μὴ
567 3528 902 3601 ἐπαιρώμεθα
935 3546 946 3559 ·
1002 3530 1053 3577 τί
1091 3527 1191 3597 γὰρ
1252 3526 1397 3597 ἡμεῖς
1454 3527 1578 3599 πρὸς
1616 3527 1702 3575 τὸν
1743 3527 1913 3590 Θεόν;

310 3623 382 3673 Τὸ
431 3622 607 3692 μέντοι
650 3618 861 3679 λέντιον,
891 3620 981 3667 καὶ
1029 3618 1114 3667 τὸν
1151 3622 1401 3686 νιπτῆρα,
1436 3618 1527 3665 καὶ
1572 3617 1664 3671 τὴν
1704 3609 1913 3687 ὑδρίαν,

313 3706 414 3760 ἀπὸ
466 3714 557 3759 τοῦ
614 3701 991 3758 οἰκοδεσπότου
1054 3704 1261 3765 πάντως
1316 3702 1488 3756 ἔλαϐεν
1542 3703 1611 3765 εἰς
1664 3707 1758 3761 τὴν
1802 3707 1921 3754 τότε

311 3805 532 3872 χρῆσιν.

390 3978 488 4028 Καὶ
537 4004 602 4014 -
656 3976 863 4045 Πέτρον.
921 3971 1063 4024 Ἐπεὶ
1114 3971 1307 4046 ἤρξατο
1359 3974 1577 4036 νίπτειν,
1636 3967 1749 4023 εἶτα
1808 3966 1923 4027 ἦλθε

298 4067 443 4139 ,πρὸς
499 4066 585 4116 τὸν
637 4067 850 4136 Πέτρον,
906 4065 1141 4133 φαίνεται
1208 4062 1288 4113 ὅτι
1345 4060 1458 4132 (88)
1508 4068 1711 4132 πρῶτον
1782 4057 1924 4129 ἕνιψε

313 4157 437 4214 τοὺς
509 4148 682 4213 πόδας
736 4158 827 4203 τοῦ
904 4149 1265 4225 Ἰσκαριώτου,
1319 4151 1430 4221 ἅμα
1502 4151 1592 4221 μὶν
1654 4148 1924 4219 εὐεργετῶν

314 4244 450 4315 ἄχρι
482 4243 705 4295 θανάτου
732 4244 819 4292 καὶ
868 4247 1027 4312 τιμῶν
1075 4242 1161 4291 τὸν
1214 4235 1481 4314 προδότην
1512 4238 1694 4303 αὐτοῦ,
1728 4238 1811 4289 ἵνα
1839 4241 1922 4288 καὶ

316 4334 469 4403 ἡμεῖς
520 4332 711 4403 ὁμοίως
757 4337 1005 4400 ποιῶμεν,
1034 4329 1145 4400 ἅμα
1191 4323 1249 4381 δὲ
1279 4332 1368 4380 καὶ
1419 4326 1731 4399 βουλόμενος
1770 4326 1926 4378 αὐτὸν

316 4426 695 4491 κατανυγῆναι,
731 4425 948 4471 τοιαῦτα
1010 4419 1147 4469 κατὰ
1193 4424 1284 4470 τοῦ
1341 4419 1588 4470 ποιούτου
1640 4412 1928 4488 κηδεμόνος

320 4505 356 4561 δ
362 4528 532 4560 ιανοου
537 4526 703 4581 μενον.

394 4602 494 4650 Καὶ
522 4628 588 4638 --
618 4593 825 4667 πόδας;
859 4600 924 4649 Σὺ
952 4598 976 4648 ό
1004 4598 1121 4657 Υἱὸς
1144 4604 1237 4648 τοῦ
1270 4596 1420 4649 ’Θεοῦ
1447 4613 1465 4667 ;
1506 4594 1795 4668 [ἐκπλαγεὶς
1826 4596 1928 4668 γὰρ

321 4682 430 4740 εἶπε
459 4694 635 4753 τοῦτο,
668 4690 757 4738 καὶ
783 4682 991 4758 σφόδρα
1006 4685 1329 4748 εὐλαϐηθείς.

396 4864 677 4941 Ἀπεκρίθη
710 4895 779 4906 -—
804 4865 943 4939 ἄρτι.
969 4863 1035 4917 Ὃ
1083 4865 1183 4936 ἑγὼ
1223 4860 1471 4918 διδάσκω
1502 4860 1597 4919 διὰ
1624 4866 1809 4917 τούτου
1839 4868 1930 4917 τοῦ

321 4956 653 5033 πράγματος.

396 5163 445 5199 ⁸⁵
475 5161 657 5222 Matth
676 5177 839 5232 xxvr,
876 5163 965 5221 13.
1078 5160 1171 5217 ⁶⁶Ι
1203 5162 1332 5220 Cor.
1364 5177 1460 5231 xv,
1491 5161 1582 5218 24.

2023 3254 2264 3320 ferebat,
2321 3260 2376 3309 et
2428 3255 2708 3311 universa
2756 3272 2894 3311 cum
2975 3256 3143 3311 omni
3218 3254 3689 3327 promptitudine

2024 3344 2280 3416 propriis
2308 3344 2591 3399 manibus
2623 3343 2871 3399 faciebat
2921 3350 2980 3399 ut
3011 3349 3067 3400 et
3106 3359 3217 3399 nos
3260 3343 3687 3410 ministrantes,

2025 3438 2243 3489 cuncta
2273 3449 2409 3488 cum
2438 3432 2603 3488 omni
2634 3433 3109 3505 promptitudme
3135 3448 3242 3505 per
3271 3449 3381 3488 nos
3407 3433 3570 3505 ipsos
3606 3432 3691 3490 fa-

2026 3523 2280 3588 ciamus,
2368 3522 2428 3577 in
2504 3521 2672 3577 illum
2747 3522 3193 3594 respicientes:
3256 3538 3452 3595 neque
3510 3522 3690 3578 extol-

2028 3612 2223 3667 lamus
2276 3611 2467 3683 :quid
2511 3611 2669 3665 enim
2752 3626 2965 3665 sumus
3030 3625 3164 3676 nos,
3239 3612 3288 3665 si
3355 3611 3432 3667 ad
3510 3613 3689 3667 Deum

2028 3702 2414 3757 conferamur
2437 3700 2465 3754 ‘?
2500 3700 2765 3756 Linteum
2799 3699 3019 3771 itaque,
3054 3699 3273 3771 pelvim
3307 3716 3377 3755 ac
3407 3700 3688 3771 hydriam

2030 3808 2063 3845 a
2090 3789 2519 3861 patrefamilias
2548 3788 2753 3861 procul
2800 3789 2989 3845 dubio
3040 3790 3100 3845 in
3131 3805 3271 3845 eum
3327 3796 3467 3845 tunc
3508 3805 3689 3846 usum

2030 3881 2277 3953 accepit.

2104 3971 2269 4027 Vers.
2304 3973 2353 4024 5.
2383 3969 2460 4025 Et
2511 3999 2578 4010 —
2636 3968 2797 4024 Vers.
2857 3970 2913 4025 6.
2964 3968 3225 4024 Petrum.
3289 3968 3439 4034 Quia
3489 3967 3694 4025 lavare

2034 4060 2210 4131 erepit
2242 4074 2312 4113 ac
2370 4057 2745 4129 postmodum
2806 4057 2964 4112 venit
3001 4056 3079 4111 ad
3124 4059 3376 4124 Petrum,
3421 4060 3693 4129 apparet,

2034 4147 2199 4221 quod
2229 4147 2493 4220 primum
2525 4146 2727 4206 laverit
2776 4145 2954 4217 pedes
3008 4144 3327 4210 lscariotae,
3362 4145 3538 4201 simul
3566 4146 3697 4217 qui-

2035 4237 2175 4292 dem
2221 4235 2507 4291 beneticio
2544 4234 2811 4291 afﬁciens
2856 4250 2925 4291 ac
2972 4234 3282 4290 honorans
3330 4234 3698 4306 proditorem

2038 4342 2211 4381 suum
2242 4341 2433 4397 usque
2462 4323 2537 4381 ad
2572 4329 2848 4390 mortem,
2886 4330 2950 4380 ut
2987 4328 3045 4379 et
3074 4339 3184 4379 nos
3225 4323 3493 4380 similiter
3521 4322 3701 4381 facia-

2038 4431 2193 4470 mus.
2257 4413 2444 4470 Simul
2489 4412 2669 4469 etiam
2724 4412 3055 4485 compungi
3106 4412 3311 4469 volens
3356 4412 3546 4478 illum,
3593 4411 3701 4484 qui

2039 4503 2177 4560 talia
2218 4503 2505 4558 adversus
2538 4501 2716 4559 talem
2753 4502 3213 4574 gubernatorem
3247 4502 3553 4572 cogitaret.

2110 4593 2276 4650 Vers.
2318 4596 2370 4649 6.
2402 4593 2482 4648 Et
2519 4623 2588 4633 —
2612 4593 2789 4662 pedes
2822 4594 2851 4646 ?
2886 4594 2968 4647 Tu
3014 4590 3113 4665 qui
3146 4591 3323 4648 Filius
3355 4591 3460 4648 Dei
3492 4607 3556 4648 es
3579 4595 3607 4647 ?
3636 4594 3699 4648 In

2041 4686 2343 4754 stuporem
2381 4697 2590 4737 versus
2644 4680 2760 4737 hoc
2808 4680 2969 4747 dixit,
3017 4696 3088 4737 ac
3132 4680 3511 4737 vehementer
3557 4696 3698 4737 cum

2039 4770 2371 4828 reverentia
2393 4771 2634 4826 veritus.

2114 4861 2275 4917 Vers.
2327 4865 2383 4918 7.
2422 4859 2745 4931 Respondit
2790 4892 2853 4904 —
2892 4859 3083 4917 modo.
3128 4859 3299 4927 Quod
3327 4876 3439 4933 ego
3491 4859 3607 4917 hac
3634 4874 3700 4919 re

2040 4950 2251 5009 doceo.

1561 5338 1789 5410 Variae
1808 5335 2141 5409 lectiones
2171 5346 2237 5409 et
2269 5346 2472 5409 notae.

399 5536 791 5682 ξὸϐἊίὐσταλίς
822 5545 883 5595 Δ.

427 5610 759 5682 87)Αὒτουργ
768 5616 849 5673 iu;
878 5658 883 5665 ι

427 5610 849 5684 87)Αὒτουργίας
878 5617 945 5666 Λ.

2046 5537 2234 5664 4ίὲΘῖ
2261 5538 2359 5594 Est
2394 5536 2522 5595 hac
2579 5532 2990 5609 ChrysOstomi
3028 5533 3251 5610 opinio,
3285 5538 3429 5593 tom.
3472 5528 3611 5607 VIII,
3642 5548 3705 5609 p.

406 5790 533 5865 (ΙιΙι)
572 5788 736 5850 Licet
752 5821 818 5834 —
842 5797 1006 5849 esset.
1030 5784 1096 5849 In
1128 5790 1329 5851 Graeco
1351 5795 1583 5851 tantum
1608 5795 1719 5859 est,
1741 5804 1814 5850 ac
1834 5795 2014 5850 tantae
2030 5786 2344 5865 potestatis.
