4108 6392
470 327 605 390 1379

1770 311 2123 380 EUTHYMII
2166 311 2493 377 ZlGABENI

3715 320 3862 384 1380

534 455 698 514 Vers.
725 461 777 513 6.
804 455 968 512 Scies
995 457 1194 510 autem
1218 455 1444 521 postea.
1499 449 1752 516 Quando
1794 449 1910 506 hoc
1937 447 2122 504 mani-

2315 452 2495 520 Γνώση
2585 442 2645 499 δε
2710 448 2839 519 μετὰ
2917 453 3107 504 ταῦτα.
3166 446 3288 504 Ὅτε
3353 455 3632 525 φανιρὼσω
3701 453 3854 507 adi-0'-

466 549 778 605 festavero.
847 547 994 600 Nam
1026 541 1200 614 paulo
1242 546 1382 612 post
1429 539 1503 596 de
1530 540 1644 595 hoc
1675 539 1939 594 dicturus
1993 541 2124 593 est:

469 638 542 696 Si
569 652 674 710 ego
727 634 849 691 lavi
903 640 1114 689 vestros
1159 631 1330 700 pedes
1385 631 1674 685 Dominus
1722 636 1773 684 et
1819 627 2124 697 Magister,

470 735 521 783 et
545 742 644 784 vos
663 724 881 782 debetis
905 723 1154 777 invicem
1190 720 1300 776 atii
1336 720 1595 775 aliorum
1616 721 1823 774 lavare
1840 718 2015 786 pedes
2056 718 2124 770 δτ.

468 816 568 872 Vel
660 815 810 870 scies
865 817 1093 884 postea,
1149 826 1286 864 cum
1348 824 1444 864 me
1509 809 1727 863 videris
1780 808 1841 862 in
1908 806 2126 862 coelum

469 909 872 977 assumptum,
905 917 1042 957 cum
1075 898 1298 954 venerit
1341 913 1520 970 super
1572 913 1674 952 vos
1726 895 2065 951 Paracletus
2111 910 2123 948 :

467 999 609 1052 tunc
658 992 809 1048 enim
871 990 1040 1059 scies,
1091 987 1285 1059 qualis
1338 987 1514 1059 quale
1573 985 1816 1042 fecerim
1872 1001 2026 1056 opus
2075 990 2130 1040 et

467 1098 675 1158 quare.

543 1173 700 1227 Vers.
739 1173 788 1225 8.
835 1169 936 1224 Ait
988 1197 1054 1207 —
1112 1172 1416 1222 aeternum.
1452 1165 1575 1222 Hoc
1630 1168 1738 1229 est,
1771 1179 2125 1244 nunquam;

471 1259 855 1321 asseverabat
890 1256 1052 1313 enim
1091 1256 1399 1312 honorans
1455 1255 1619 1309 illum
1673 1269 1742 1310 ac
1807 1269 2119 1320 venerans.

540 1351 707 1406 Vers.
750 1352 804 1404 8.
827 1347 1144 1416 Respondit
1172 1377 1238 1384 —
1264 1344 1426 1399 Vers.
1472 1343 1524 1398 9.
1555 1347 1752 1412 caput.
1785 1345 1912 1399 Non
1958 1342 2125 1406 dixit,

473 1456 660 1513 quam
687 1438 1027 1494 obcausam
1060 1437 1172 1490 hoc
1197 1433 1434 1498 faceret,
1471 1433 1662 1488 sciens
1685 1431 1766 1487 illi
1814 1448 1934 1487 non
1949 1447 2128 1503 posse

474 1546 543 1586 eo
572 1528 753 1585 modo
785 1525 1143 1598 persuaderi,
1190 1523 1294 1578 sed
1328 1522 1526 1595 potius
1554 1522 1743 1592 magis
1766 1527 2129 1592 repugnatu-

469 1635 603 1674 rum
635 1635 648 1683 ;
683 1617 787 1672 sed
813 1632 950 1671 cum
1001 1630 1123 1686 prie
1155 1613 1337 1668 nimio
1383 1627 1587 1667 amore
1619 1616 2000 1684 repugnaret,
2055 1626 2126 1664 ex

471 1709 587 1765 hoc
619 1707 699 1762 illi
727 1703 1050 1778 persuadet
1091 1719 1102 1755 ;
1148 1703 1552 1757 comminatus
1583 1716 1846 1772 namque
1885 1699 2126 1756 excisio-

2244 537 2354 590 Οὗκ
2408 536 2474 597 εἷς
2529 539 2734 609 μακρὰν
2789 538 2891 610 γὰρ
2948 535 3052 612 ἐρεῖ
3088 545 3205 614 περὶ
3253 543 3440 594 τούτου
3491 543 3591 597 ὅτι.
3645 543 3705 596 Εἰ
3752 543 3858 615 ἐγὼ

2241 626 2393 698 ἔνιψα
2445 628 2586 698 ὑμῶν
2642 629 2758 686 τοὺς
2814 623 3002 692 πόδας,
3051 628 3076 679 ό
3120 631 3309 704 Κύριος
3360 635 3444 684 καὶ
3506 632 3532 684 ό
3592 628 3857 687 διδάσκο-

2237 715 2339 785 λος,
2428 721 2517 768 καὶ
2601 717 2749 786 ὑμεῖς
2833 715 3051 788 ὀφείλετε
3145 716 3374 776 ἀλλήλων
3461 726 3654 774 νίπτειν
3733 728 3858 785 τοὺς

2238 802 2408 866 πόδας
2458 809 2548 857 καί
2591 807 2656 856 τὰ
2695 804 2825 868 ἑξῆς·
2879 805 2907 864 ἦ
2963 812 3141 880 γνώσῃ
3195 813 3326 881 μετὰ
3374 818 3560 876 ταῦτα,
3604 814 3724 865 ὅταν
3789 834 3854 885 με

2236 891 2360 968 ἴδῃς
2406 893 2886 967 ἀναλαμϐανόμενον
2930 894 2999 957 εἰς
3058 899 3145 949 τόν
3202 898 3438 972 οὐρανὸν,
3503 901 3624 955 ὅταν
3667 900 3788 973 ἔλθη
3823 904 3850 954 ὁ

2239 984 2578 1059 Παράκλητος
2601 984 2676 1057 ἐφ’
2715 985 2870 1056 ὑμᾶς·
2899 989 3010 1038 τότε
3039 989 3140 1062 γὰρ
3162 994 3340 1062 γνώσῃ
3369 989 3542 1052 ἡλίκος
3571 991 3638 1042 ὧν
3669 990 3848 1048 ἡλίκον

2237 1078 2383 1147 ἔργον
2423 1072 2649 1132 ἐποίησα
2672 1079 2762 1126 καὶ
2794 1070 2961 1129 διατί.

2308 1168 2464 1235 Λέγει
2492 1195 2561 1204 ——
2593 1164 2772 1218 αἰῶνα.
2825 1195 2892 1204 -—
2945 1165 3028 1225 Ei;
3074 1167 3158 1218 τόν
3190 1166 3369 1239 αἰῶνα,
3405 1167 3516 1222 ἀντὶ
3564 1176 3656 1222 τοῦ
3694 1176 3846 1223 Hora"

2240 1251 2644 1326 διισχυρίζεται
2671 1256 2772 1329 γὰρ
2805 1263 2967 1326 τιμῶν
3000 1255 3154 1308 αὑτὸν
3178 1261 3267 1310 καὶ
3293 1256 3406 1311 λίαν
3439 1255 3766 1332 αἰδούμενος.

2310 1343 2591 1418 Ἀπεκρίθη
2649 1374 2717 1384 —
2770 1349 3008 1413 κεφαλήν.
3067 1344 3177 1398 Ούκ
3245 1346 3353 1400 εἶπε
3406 1351 3496 1421 μὲν
3549 1352 3688 1411 τίνος
3744 1351 3852 1403 ἕνε-

2237 1452 2321 1484 κεν
2357 1440 2509 1484 τοῦτο
2543 1439 2700 1499 ποιεῖ,
2749 1439 3020 1504 γινώσκων
3079 1435 3234 1488 αὑτὸν
3296 1443 3367 1510 μὴ
3426 1442 3848 1514 πεισθησόμενον

2240 1521 2340 1575 ἀπὸ
2416 1524 2623 1587 τούτου,
2682 1521 2873 1594 μᾶλλον
2937 1526 3027 1595 μὲν
3079 1520 3167 1576 οὖν
3235 1523 3322 1578 ἐπὶ
3376 1526 3524 1581 πλέον
3595 1527 3845 1603 ἐνστησό-

2237 1627 2404 1684 μενον·
2462 1610 2569 1663 ἐπεὶ
2628 1606 2687 1663 δὲ
2746 1611 2845 1663 ἀπὸ
2913 1612 3106 1676 πολλῆς
3164 1613 3374 1685 ἀγάπης
3445 1614 3847 1694 διῑσχυρίζετο,

2240 1700 2340 1752 ἀπὸ
2400 1703 2596 1762 ταύτῆς
2654 1700 2809 1752 αὐτόν
2861 1703 3048 1755 πείθει.
3091 1704 3404 1768 Ἀπειλήσοις
3440 1708 3541 1781 γὰρ
3588 1709 3849 1761 ἔκπτωσιν

473 1813 634 1860 nem,
691 1796 956 1867 protinus
1008 1809 1146 1848 eum
1199 1791 1527 1854 inclinavit,
1574 1789 1848 1862 fecitque,
1912 1794 1975 1844 ut
2029 1788 2122 1843 ille

2240 1789 2422 1854 αὑτῆς,
2490 1789 2681 1841 αὐτίκα
2729 1797 2911 1842 τοῦτον
2976 1791 3256 1864 ὑποκλίνει,
3322 1799 3412 1846 καὶ
3471 1799 3612 1848 πόιεῑ
3654 1797 3847 1869 μᾶλλον

473 1885 730 1957 amplius
756 1889 933 1955 petat,
962 1898 1145 1953 quam
1189 1880 1352 1952 prius
1393 1880 1470 1935 ab
1519 1895 1590 1934 eo
1637 1880 1948 1951 petebatur
2002 1896 2015 1934 :
2068 1883 2126 1933 et

472 1978 706 2030 tantum
741 1991 801 2027 se
828 1971 1036 2027 offerat
1067 1973 1144 2025 ad
1170 1970 1229 2024 id
1259 1969 1655 2025 ministerium
1684 1968 2121 2039 perferendum,

464 2069 750 2136 quantum
783 2061 945 2133 prius
986 2060 1061 2115 ad
1094 2059 1578 2131 repugnandum,
1616 2059 1735 2112 imo
1781 2059 1959 2113 etiam
1990 2073 2124 2113 am-

473 2152 645 2226 plius.
665 2153 799 2207 Non
825 2157 1079 2215 tantum,
1104 2149 1314 2219 inquit,
1332 2148 1520 2217 pedes,
1541 2148 1642 2202 sed
1662 2153 1713 2202 et
1732 2162 1936 2203 manus
1958 2154 2008 2202 et
2028 2162 2121 2202 ca-

463 2247 572 2313 put
608 2259 623 2296 ε
650 2241 733 2296 ita
759 2240 944 2294 nimia
983 2239 1295 2294 dilectione
1318 2244 1371 2292 et
1403 2239 1663 2309 primum
1691 2235 2040 2301 obsistebat,
2071 2242 2126 2290 et

467 2329 860 2404 postmodum
894 2327 1280 2384 concedebat.

543 2422 700 2475 Vers.
736 2421 822 2474 10.
851 2419 1022 2474 Dixit
1055 2449 1120 2458 ~—
1147 2421 1303 2474 estis.
1329 2419 1406 2472 Ne
1431 2416 1817 2488 opinarentur
1841 2415 2126 2470 lotionem

464 2509 642 2573 hanc,
670 2508 1147 2578 puriﬁcationem
1177 2507 1508 2578 quamdam
1543 2523 1693 2571 esse,
1727 2504 1904 2577 quale
1937 2510 1992 2559 et
2017 2504 2123 2559 ba-

466 2599 710 2671 ptisma,
747 2596 1100 2667 hujusmodi
1142 2596 1485 2666 opinionem
1512 2595 1921 2666 exemplariter
1953 2594 2125 2648 solvit

468 2687 676 2743 dicens
710 2705 726 2741 :
768 2687 878 2752 Qui
899 2686 1049 2742 lotus
1079 2692 1186 2753 est,
1212 2700 1329 2740 non
1357 2685 1580 2755 indiget
1600 2684 1816 2754 lavari,
1841 2683 1953 2738 nisi
1971 2684 2125 2738 solos

459 2777 656 2849 pedes,
714 2776 935 2848 quibus
977 2775 1264 2829 calcando
1322 2773 1623 2830 lavacrum
1665 2773 1987 2843 egreditur,
2021 2771 2127 2826 sed

465 2871 553 2923 est
590 2865 855 2921 mundus
888 2870 1063 2931 totus,
1095 2868 1298 2935 utpote
1325 2864 1449 2934 jam
1472 2863 1646 2919 lotus.
1678 2865 1756 2918 Et
1797 2879 1887 2919 vos
1916 2862 2126 2918 mundi

467 2958 618 3023 estis,
646 2971 859 3027 nempe
899 2954 1171 3010 mundati
1217 2955 1345 3023 jam
1404 2970 1508 3024 per
1555 2954 1908 3017 doctrinam,
1939 2968 2124 3023 quam

469 3060 574 3102 vos
612 3045 811 3108 docui,
849 3050 905 3101 et
941 3044 1174 3115 abjecta
1223 3043 1384 3098 omni
1418 3043 1700 3114 pravitate
1754 3059 1824 3098 ac
1873 3041 2122 3098 malitia.

536 3226 685 3280 Nam
709 3228 764 3279 et
795 3223 1257 3294 Chrysostomus
1306 3220 1703 3292 interpretans
1730 3219 1893 3285 illud,
1923 3220 1999 3276 Et
2027 3237 2120 3278 vos

465 3315 667 3372 mundi
689 3316 848 3382 estis,
875 3315 956 3370 ait
979 3315 1154 3369 etiam
1187 3313 1489 3383 adjectum
1515 3328 1666 3379 esse,
1724 3313 1966 3385 Propter
2007 3331 2123 3369 ser-

463 3421 708 3462 monem
740 3421 923 3478 quem
949 3405 1184 3460 locutus
1213 3419 1344 3458 sum
1379 3402 1569 3458 vobis.
1599 3402 1803 3474 Itaque
1851 3403 2124 3460 doctrina

462 3510 586 3552 non
615 3511 770 3566 opus
802 3499 893 3549 est
916 3492 1098 3561 vobis,
1135 3497 1197 3546 ut
1227 3491 1599 3546 mundemini
1645 3491 1715 3545 ab
1769 3491 1859 3547 his
1907 3494 2122 3564 quibus

457 3584 584 3656 jam
613 3583 923 3639 emundati
951 3581 1110 3648 estis,
1135 3580 1245 3636 nisi
1280 3587 1341 3635 ut
1367 3580 1507 3636 solis
1541 3581 1796 3652 pedibus
1821 3581 2119 3648 lavemini,

463 3679 702 3746 propter
721 3688 990 3738 causam,
1006 3687 1191 3743 quam
1205 3686 1364 3725 nunc
1378 3685 1498 3725 non
1513 3671 1693 3739 scitis,
1710 3671 1902 3727 scietis
1922 3677 2121 3728 autem

511 3770 697 3820 ostea.

511 3779 697 3820 osrea.

464 3779 507 3836 Ρ
538 3851 941 3908 Vers.10.Sed
961 3866 1080 3906 non
1115 3865 1327 3906 omnes.
1365 3852 1484 3905 Non
1505 3867 1714 3906 omnes
1730 3851 1938 3908 mundi
1960 3853 2119 3908 estis.

538 3941 697 3998 Vers.
762 3947 845 3996 11.
903 3941 1121 3997 Sciebat
1177 3971 1244 3980 -—
1298 3940 1449 3996 estis.
1494 3943 1746 3998 Noverat
1799 3957 1957 4008 eum,
2017 3943 2122 4014 qui

464 4031 868 4104 praecipitatus
895 4036 952 4087 et
980 4029 1424 4086 contaminatus
1456 4037 1597 4085 erat.

538 4111 698 4166 Vers.
737 4111 815 4165 t2.
845 4110 987 4167 Cum
1028 4143 1096 4150 —
1137 4111 1346 4166 vobis?
1393 4115 1734 4180 lgnorantes
1773 4111 2119 4182 interrogat,

464 4216 587 4274 quo
634 4200 972 4257 attentiores
1015 4199 1228 4255 reddat
1270 4215 1281 4253 :
1329 4215 1474 4255 nam
1523 4209 1845 4272 postquam
1899 4200 2122 4257 factum

464 4295 570 4358 est,
596 4289 722 4348 vult
759 4306 920 4345 nunc
950 4289 1164 4345 docere
1193 4289 1358 4361 quod
1390 4290 1763 4360 ignorabant.

534 4379 697 4436 Vers.
745 4379 842 4434 13..
888 4380 994 4434 Vos
1038 4410 1106 4418 —
1158 4379 1394 4434 etenim.
1451 4381 1593 4433 Sum
1639 4379 1769 4445 ista,
1833 4385 2122 4453 tanquam

463 4469 640 4545 Deus.
670 4472 819 4526 Nam
853 4484 988 4524 cum
1029 4467 1338 4540 discipulis
1379 4468 1632 4539 loquens
1685 4485 1814 4524 sese
1881 4471 2118 4541 detegit.

465 4559 679 4616 Dicens
708 4559 903 4630 itaque
923 4573 946 4614 .'
973 4559 1080 4613 Vos
1108 4558 1302 4613 dicitis
1329 4574 1341 4623 ;
1371 4573 1474 4612 vos
1515 4573 1610 4613 me
1641 4558 1722 4613 ita
1753 4559 2068 4630 appellatis
2105 4578 2115 4615 :

468 4663 810 4705 sermonem
872 4647 1100 4703 invidia
1158 4663 1359 4702 carere
1407 4646 1562 4702 fecit.
1623 4648 1864 4704 Addeus
1918 4656 2117 4706 autem

465 4737 624 4802 Sum,
646 4736 993 4808 hujusmodi
1015 4736 1393 4792 conﬁrmavit
1423 4737 1876 4816 appellationes,
1907 4755 2014 4795 nec
2040 4740 2118 4796 ad

464 4828 742 4899 gratiam,
775 4826 882 4883 sed
921 4829 1163 4898 propter
1195 4826 1503 4881 veritatem
1533 4826 1721 4884 dictas
1751 4828 2118 4886 demonstra-

465 4917 570 4976 vit.
598 4919 730 4975 lam
756 4931 899 4988 ergo
923 4915 1060 4972 hinc
1086 4914 1543 4973 ratiocinemini.

540 5187 588 5226 ⁸⁷
625 5185 799 5246 Joan.
827 5202 946 5258 xm,
970 5187 1060 5247 14.

2240 1884 2399 1931 αἰτεῖν
2432 1880 2458 1930 ὅ
2516 1878 2630 1949 (89)
2663 1883 2784 1952 πρὶν
2838 1888 3140 1952 παρῃτεῖτο,
3200 1887 3292 1935 καὶ
3341 1887 3601 1944 τοσαύτην
3645 1888 3846 1939 ἱκεσίαν

2238 1968 2486 2043 εἰσφέρειν
2549 1969 2676 2025 ὅσην
2733 1973 2978 2044 πρότερον
3033 1971 3283 2044 εἰσέφερεν
3327 1975 3592 2039 ἔνστασιν,
3651 1976 3845 2048 μᾶλλον

2238 2055 2295 2110 δέ
2351 2062 2440 2109 καὶ
2484 2057 2710 2112 πλείονα.
2770 2061 2850 2116 Μὴ
2903 2064 3020 2121 τοὺς
3057 2057 3229 2124 πόδας
3278 2064 3402 2138 γὰρ,
3457 2069 3608 2136 φησὶ,
3665 2069 3844 2138 μόνον,

2236 2143 2364 2197 ἀλλὰ
2435 2151 2524 2198 καὶ
2580 2151 2671 2209 τὰς
2719 2155 2902 2221 χεῖρας
2954 2155 3042 2202 καὶ
3095 2155 3188 2209 τὴν
3241 2152 3484 2226 κεφαλήν.
3547 2153 3698 2206 Ούτω
3768 2151 3842 2206 δι’

2235 2234 2519 2309 ὑπερϐολὴν
2575 2235 2784 2308 ἀγάπης
2833 2244 2924 2291 καὶ
2981 2249 3184 2313 πρῶτον
3245 2240 3448 2308 ἐνέστη,
3486 2247 3576 2296 καὶ
3625 2242 3844 2316 ὕστερον

2236 2321 2469 2380 ἐνέδωκε.

2308 2418 2458 2485 Λέγει
2505 2445 2574 2454 --
2629 2414 2764 2468 ἐστε.
2814 2415 2924 2469 Ἵνα
2969 2422 3039 2489 μὴ
3095 2418 3424 2473 ὑπολάϐωσιν
3476 2423 3557 2476 ὅτι
3613 2423 3641 2480 ἡ
3702 2421 3846 2494 νίψις

2237 2503 2368 2560 αὕτη
2433 2506 2721 2579 καθάρσιόν
2770 2526 2820 2558 τι
2875 2505 3036 2574 ἐστιν,
3114 2510 3219 2561 οἷον
3275 2515 3365 2562 καὶ
3421 2514 3477 2564 τὸ
3539 2509 3842 2585 βάπτισμα,

2235 2592 2342 2645 λύει
2395 2598 2487 2651 τὴν
2564 2597 2810 2653 τοιαύτην
2887 2597 3115 2669 ὑποψίαν
3181 2596 3700 2674 παραδειγματικών,
3765 2601 3848 2656 ὃτι

2233 2681 2291 2734 Ὀ
2341 2682 2633 2756 λελουμένος
2688 2685 2745 2736 ού
2813 2687 3011 2758 χρῄζει
3077 2687 3390 2755 λούσασθαι,
3451 2690 3494 2742 εἰ
3569 2695 3642 2764 μὴ
3721 2696 3844 2754 τοὺς

2235 2768 2406 2834 πόδας
2466 2772 2728 2844 τίψασθαι
2785 2783 2995 2847 μόνους,
3057 2773 3200 2830 διότι
3273 2782 3474 2841 τούτοις
3545 2790 3840 2856 περιπατῶν

2236 2861 2394 2924 ἔξεισι
2433 2871 2524 2914 τοῦ
2575 2863 2812 2938 λουτροῡ’
2869 2863 2977 2917 ἀλλ’
3009 2868 3122 2918 ἔστι
3173 2869 3405 2942 καθαρὸς
3455 2868 3591 2938 ὅλος,
3620 2873 3684 2931 ὡς
3728 2868 3838 2930 ἤδη

2234 2950 2545 3024 λελουμένος.
2637 2959 2737 3006 Καὶ
2817 2955 2964 3026 ὑμεῖς
3057 2958 3249 3032 καθαρί
3347 2957 3480 3023 ἐστι,
3575 2963 3644 3021 ὡς
3729 2958 3837 3019 ἤδη

2234 3042 2630 3113 καθαρισθέντις
2681 3044 2781 3095 ὑπὸ
2813 3053 2907 3106 τῆς
2939 3040 3292 3108 διδασκαλίας
3321 3049 3382 3106 ἣν
3414 3044 3639 3112 ἐδίδαξα
3679 3050 3838 3122 ὑμᾶς,

2234 3135 2323 3182 καὶ
2347 3129 2589 3205 ῥιψαντες
2626 3138 2800 3184 πᾶσαν
2831 3138 3016 3186 κακίαν
3042 3140 3130 3188 καὶ
3163 3141 3433 3209 πονηρίαν.

2303 3221 2621 3294 Ἐρμηνεύων
2677 3225 2778 3296 γὰρ
2838 3225 2863 3275 ὁ
2938 3231 3313 3299 Χρυσόστομος
3389 3231 3469 3280 τὸ·
3543 3232 3643 3282 Καὶ
3697 3230 3841 3302 ὑμεῖς

2232 3313 2450 3385 καθαροί
2497 3310 2628 3364 ἐστε’
2685 3315 3033 3387 προσκεῖσθαι
3087 3316 3202 3387 (90)
3257 3316 3393 3389 λέγει
3444 3323 3530 3371 καὶ
3597 3322 3675 3370 τό·
3745 3321 3843 3371 Διὰ

2230 3403 2314 3452 τόν
2368 3400 2517 3472 λόγον
2585 3401 2638 3453 ὃν
2685 3401 2941 3461 λελάληκα
2997 3405 3136 3477 ὑμῖν,
3191 3408 3354 3458 εἵτουν
3407 3411 3501 3465 τὴν
3577 3403 3843 3461 διδασκα-

2231 3487 2364 3544 λίαν.
2437 3490 2512 3542 Ού
2559 3495 2786 3565 χρῄζετε
2856 3489 2942 3545 οὑν
3011 3496 3402 3569 καθαρισθῆναι
3459 3497 3526 3548 ὧν
3600 3495 3842 3571 ἐκαθαρί-

2236 3580 2414 3645 σϐητε,
2477 3580 2632 3652 εἰμὴ
2711 3584 2833 3643 τοὺς
2898 3579 3071 3645 πόδας
3147 3584 3406 3655 νίψασθαι
3477 3591 3682 3658 μόνους,
3748 3584 3844 3640 διὰ

2231 3674 2452 3740 πρᾶγμα
2519 3669 2545 3721 ὃ
2613 3670 2708 3722 οὐκ
2771 3668 2950 3725 οἴδατε
3017 3674 3159 3746 ἄρτι,
3246 3677 3513 3746 γνώσεσθε
3589 3672 3650 3729 δι
3709 3679 3844 3749 μετὰ

2229 3776 2410 3812 ταυτα.

2305 3846 2438 3899 Ἀλλ’
2466 3847 2594 3920 ούχὶ
2626 3851 2832 3912 πάντες.
2859 3850 2935 3902 Ού
2977 3853 3154 3912 πάντες
3179 3855 3402 3928 καθαροί
3431 3853 3562 3911 ἐστι.

2303 3934 2460 4011 ’ᾙδει
2501 3969 2566 3978 -
2621 3936 2754 3994 ἐστι.
2809 3937 2966 4014 ’ᾙδει
3026 3941 3179 3995 αὑτὸν
3231 3942 3712 4018 ἐκτραχηλισθέντα
3748 3953 3839 4002 καὶ

2230 4026 2550 4101 ρυπωθέντα.

2303 4115 2428 4169 ’Ὀτε
2484 4149 2551 4159 -
2578 4114 2698 4190 ὑμῖν
2729 4135 2742 4185 ;
2794 4118 2994 4194 Ἐρωτᾷ
3024 4120 3347 4194 ἀγνοοῦντας,
3383 4126 3466 4177 ἵνα
3496 4123 3728 4202 διεγείρῃ
3773 4127 3841 4189 εἰς

2231 4212 2527 4281 προσοχὴν.
2561 4210 2707 4261 Μετὰ
2734 4211 2832 4283 γὰρ
2864 4213 2922 4263 τὸ
2948 4220 3190 4280 ποιῆσαι,
3218 4212 3394 4267 λοιπόν
3419 4213 3661 4288 βούλεται
3685 4214 3719 4271 δ
3725 4214 3781 4270 ιδ
3785 4220 3840 4270 οἱ·

2233 4295 2317 4359 ξαι
2347 4300 2404 4348 τό
2436 4295 2790 4369 ἀγνοούμενον.

2301 4385 2470 4458 Ὑμεῖς
2523 4418 2590 4426 —
2646 4389 2769 4459 γάρ.
2827 4386 2948 4460 Εἰμὶ
2992 4397 3177 4456 ταῦτα,
3230 4393 3299 4454 ὡς
3353 4396 3499 4454 Θεός.
3541 4399 3674 4468 Πρὸς
3718 4399 3840 4458 τοὺς

2231 4477 2473 4547 μαθητὰς
2576 4478 2677 4550 γὰρ
2764 4473 3126 4549 διαλεγόμενος
3210 4480 3521 4536 ἱκκαλύπτει
3630 4483 3834 4540 ἔαυτόν.

2231 4565 2400 4617 Εἰπὼν
2457 4567 2547 4637 μὲν
2627 4561 2714 4616 οὑν
2788 4568 2867 4618 ὅτι
2917 4567 3082 4639 Ὑμεῖς
3140 4575 3348 4641 φωνεῖτέ
3394 4591 3478 4643 με,
3528 4575 3674 4646 ὑμεῖς
3744 4594 3836 4626 κα-

2229 4653 2360 4706 λεῖτε
2411 4673 2473 4725 με
2525 4655 2700 4720 οὑτως,
2732 4653 3003 4728 ἀνεπαχθῆ
3054 4662 3138 4712 τόν
3191 4659 3342 4731 λόγον
3405 4661 3634 4736 ἐποίησε·
3676 4682 3840 4738 προσ-

2233 4745 2336 4804 θεὶς
2394 4739 2453 4795 δὲ
2505 4745 2586 4795 ὅτι
2615 4743 2758 4817 Εἰμὶ,
2816 4743 3094 4798 ἐϐεϐαίωσε
3139 4766 3193 4801 τε
3237 4752 3328 4812 τὰς
3370 4753 3608 4812 τοιαύτας
3637 4771 3839 4826 προση-

2228 4837 2405 4904 γορίας
2460 4837 2550 4884 καὶ
2599 4837 2670 4904 μὴ
2705 4837 2830 4906 πρὸς
2882 4833 3064 4908 χάριν,
3108 4834 3233 4890 ἀλλὰ
3291 4842 3423 4912 πρὸς
3469 4838 3712 4898 ἀλήθειαν
3751 4841 3838 4894 λε-

2227 4925 2444 4994 γομένας
2499 4919 2755 4987 ἀπέδειξε.
2825 4927 3021 4978 Λοιπὸν
3071 4931 3240 4979 τοίνυν
3308 4926 3532 4984 ἐντεῦθεν
3593 4929 3836 5003 συλλογί-

2231 5011 2396 5072 Carm.

1673 5314 1891 5400 Variae
1932 5315 2260 5389 lectiones
2302 5327 2368 5388 et
2415 5329 2616 5392 nota.

536 5509 654 5587 (89)
690 5506 763 5587 :H
794 5514 914 5587 πρὶν
940 5513 1313 5587 παραιτεῖσθαι
1341 5515 1403 5567 Α.

533 5584 652 5656 (90)
677 5584 978 5657 Chrysost.
1009 5584 1153 5640 tom.
1182 5585 1321 5651 Vlll,
1351 5601 1416 5657 p.
1446 5586 1548 5640 416
1578 5585 1636 5640 Β.
1661 5601 1778 5640 non
1810 5584 1966 5649 dicit,
1992 5586 2116 5643 haec

461 5655 830 5730 προσκεῖσθαι,
861 5655 966 5730 sed
1018 5673 1088 5712 ea
1141 5655 1556 5730 explicationis
1592 5674 1776 5712 causa
1810 5657 2001 5730 infert
2045 5676 2116 5730 ex

459 5727 634 5794 Jban.
667 5743 765 5801 xv,
808 5730 860 5786 3.
904 5727 1058 5784 Dum
1096 5727 1240 5801 ergo
1277 5727 1465 5801 addit,
1507 5728 1736 5784 videtur
1787 5729 2005 5800 dicere,
2054 5729 2116 5787 id

2225 5518 2744 5598 1:9_oq3zsto9ai._Aut
2788 5534 2860 5575 ex
2913 5517 3209 5598 vocabulo
3265 5515 3631 5598 inﬁxaytv‘id
3659 5518 3837 5581 colle-

2226 5589 2712 5668 gitAEuthymius,
2755 5607 2876 5668 quo
2908 5593 3302 5668 tamen__haud
3329 5589 3482 5652 adeo
3523 5595 3839 5668 diligenter

2226 5661 2424 5730 utitur,
2461 5661 2523 5718 ut
2551 5677 2623 5718 ex
2657 5661 2858 5719 multis
2889 5663 3177 5738 exemplis
3201 5672 3452 5725 constat.
