4108 6408
243 341 377 408 1384
451 319 460 326 ’

320 474 380 528 Εἰ
405 505 474 516 -
497 471 692 537 πόδας.
729 473 838 526 Ούκ
877 492 1011 526 ιιπεν
1043 473 1123 524 ὅτι
1157 471 1270 524 Ἐὰν
1301 469 1400 542 ἐγὼ
1429 471 1454 522 6
1481 472 1634 543 φύσει
1667 473 1851 544 Κύριος
1883 473 1926 524 Α

244 563 401 636 ἔνιψα
429 566 572 637 ύμών
611 572 710 616 τῶν
741 566 894 636 φύσει
924 559 1122 614 δούλων
1143 563 1262 622 τούς
1301 556 1487 626 πόδας,
1521 559 1690 630 πολλῷ
1721 560 1850 632 μάλ-

243 652 333 706 λον
355 655 504 726 ὑμεῖς
529 655 578 706 οἰ
603 649 885 725 ὁμόδουλοι
910 650 1127 723 ὀφείλετε
1149 649 1376 708 ἀλλήλων
1400 654 1595 701 νίπτειν
1620 654 1846 711 τοὺςπό-

245 739 347 805 δας
377 761 390 773 ·
414 739 530 795 οὐδ’
561 745 640 795 ὅτι
679 742 797 796 Ἐὰν
823 739 1091 813 ἐγωένιῲα
1107 743 1227 800 τούς
1257 747 1347 791 τού
1365 735 1646 810 προδότόυ,
1681 739 1849 809 πολλῷ

243 831 438 905 μᾶλλον
464 834 606 904 ὑμεῖς
635 836 758 892 τοὺς
780 839 877 883 τῶν
909 829 1187 882 ἐπιϐούλων
1223 846 1234 858 ·
1279 827 1406 880 ἀλλὰ
1445 825 1479 880 δ
1485 830 1539 880 ιὰ
1565 837 1662 880 τῶν
1692 831 1850 902 ἔργων

242 929 412 977 ταῦτα
443 917 709 986 δηλώσας,
756 919 922 993 ἀφῆκε
957 923 1049 978 τὴν
1078 916 1349 991 διάκρισιν
1388 917 1556 970 αὐτῶν
1587 925 1648 990 τῇ
1685 937 1853 970 συνει-

247 1008 284 1064 δ
288 1017 406 1070 itaret
429 1019 528 1064 τῶν
553 1010 909 1086 ἀκροωμένων.

318 1097 641 1174 Ὑπόδειγμα
692 1132 759 1140 -
810 1101 952 1171 ὑμῖν.
1009 1094 1334 1170 ’Υπόδειγμα
1404 1105 1499 1158 τῆς
1573 1096 1623 1149 ἐν
1666 1099 1845 1171 ἀγάπῃ

242 1195 597 1251 ταπεινώσεως
668 1186 842 1242 ἔδωκα
901 1191 1021 1262 ύμῖν
1099 1184 1193 1240 διὰ
1254 1194 1349 1248 τῆς
1415 1190 1660 1247 τοιαύτης
1711 1188 1850 1260 πρά-

245 1281 387 1343 ξεως.

315 1369 426 1423 Ἰνα
489 1400 557 1410 -
608 1377 811 1428 ποιῆτε.
866 1367 955 1430 Ἐξ
1020 1366 1231 1438 ἀγάπης
1287 1367 1695 1438 ταπεινούμενοι,
1761 1372 1850 1419 καὶ

247 1454 611 1519 διακονοῦντες
659 1464 768 1519 τοῖς
820 1455 1194 1514 ύποϐεϐηκόσι.
1232 1459 1416 1508 Καίτοι
1464 1473 1520 1526 γε
1551 1455 1708 1517 αύτός
1760 1459 1849 1528 μὲν

246 1545 310 1606 ἦν
365 1550 489 1623 ὑπὲρ
548 1550 740 1600 ἔννοιαν
789 1553 878 1599 καὶ
929 1546 1075 1618 λόγον
1110 1565 1122 1578 ο
1155 1547 1301 1617 ἡμεῖς
1360 1541 1419 1597 δέ
1456 1543 1606 1617 ἐσμεν
1652 1554 1716 1617 γῆ
1763 1551 1850 1598 καὶ

247 1634 464 1704 σποδός,
506 1642 597 1690 καὶ
636 1641 816 1711 τέφρα,
857 1641 946 1688 καὶ
985 1641 1147 1705 κόνις,
1186 1639 1275 1687 καὶ
1329 1637 1372 1686 εἴ
1423 1654 1475 1685 τι
1525 1637 1719 1688 τούτων
1769 1635 1851 1687 εύ-

245 1727 558 1800 τελέστερόν.
609 1725 765 1778 Ὀταν
799 1723 857 1778 δε
899 1725 957 1777 ού
997 1729 1148 1796 μόνον
1198 1723 1256 1775 ού
1311 1725 1687 1796 ταπεινούμεθα
1726 1728 1850 1799 πρὸς

1710 1819 1925 1882 ’καὶΒ

247 1906 306 1958 ού
355 1910 506 1978 μόνον
559 1905 617 1958 ού
656 1908 899 1977 νίπτομεν
947 1908 1066 1965 τοὺς
1120 1899 1290 1963 πόδας
1339 1911 1438 1954 τῶν
1487 1899 1706 1969 δούλων,
1741 1901 1846 1954 ἀλλ’

243 1821 368 1877 τοὺς
423 1815 708 1886 ἐλάττονας,
750 1815 855 1866 ἀλλ’
915 1811 1038 1866 ούδε
1094 1816 1223 1887 πρὸς
1273 1816 1393 1874 τοὺς
1427 1814 1666 1884 μείζονας

247 1992 373 2048 ούδε
425 2004 522 2047 τῶν
576 1993 750 2067 φίλων,
807 1996 856 2046 οἱ
898 1999 985 2046 καὶ
1045 1998 1159 2054 τούς
1211 2001 1311 2042 τῶν
1351 1991 1632 2043 ἐπιϐούλων
1655 1997 1848 2044 νίπτειν

246 2084 528 2156 ὁφεῢοντες
583 2105 596 2119 ·
647 2089 801 2145 ποίας
852 2083 946 2134 ούκ
999 2082 1058 2134 ἂν
1111 2085 1280 2154 εἴημεν
1341 2080 1481 2143 ἄξιοι
1529 2077 1846 2142 καταδίκης.

248 2174 306 2227 ού
347 2177 499 2246 μόνον
555 2174 613 2226 ού
663 2176 972 2246 μιμούμενοι
1021 2177 1077 2224 τό
1129 2169 1278 2225 δοθὲν
1338 2168 1652 2243 ὑπόδειγμα,
1725 2171 1851 2224 ἀλλὰ

246 2269 337 2317 καὶ
402 2263 456 2326 ἐξ
531 2262 758 2324 ἐναντίας
840 2265 1128 2335 ἱστάμενοι,
1191 2267 1282 2314 καὶ
1359 2265 1493 2313 κατὰ
1570 2259 1850 2334 διάμετρον

247 2352 595 2427 ἐπαιρόμενοι,
626 2359 716 2407 καὶ
772 2358 866 2411 τὴν
918 2353 1123 2425 ὀφειλὴν
1169 2351 1263 2404 ούκ
1331 2348 1695 2414 ἀποδιδόντες.
1751 2357 1852 2405 Καὶ

247 2445 396 2516 ὑμεῖς
459 2446 584 2517 γὰρ,
642 2447 823 2516 φησὶν,
887 2442 1109 2514 ὀφείλετε
1167 2440 1394 2500 ἀλλήλων
1471 2446 1658 2494 νίπτειν
1733 2445 1851 2502 τούς

249 2530 437 2594 πόδας.

321 2623 486 2695 Ἀμὴν
517 2653 572 2664 —-
604 2623 779 2676 αὐτόν.
807 2625 1004 2676 Λοιπὸν
1027 2617 1134 2692 οὖν,
1163 2621 1206 2673 εἰ
1231 2619 1329 2692 ἐγὼ
1350 2622 1375 2672 6
1391 2625 1726 2695 ασυγκρίτως
1743 2626 1852 2694 μεί-

249 2713 352 2774 ζων
383 2712 542 2772 οὕτως
573 2710 940 2779 ἐταπεινώθην,
963 2710 1132 2781 πολλῷ
1161 2710 1350 2782 μᾶλλον
1381 2711 1546 2783 ὑμεῖς.
1583 2716 1683 2763 Καὶ
1699 2719 1851 2764 τούτο

248 2799 309 2855 δὲ
333 2809 427 2863 τῆς
477 2801 674 2874 ἀφάτου
726 2807 1084 2860 ταπεινώσεως
1130 2800 1311 2866 αύτοῡ,
1357 2803 1415 2852 τό
1457 2797 1642 2852 δοῦναι
1673 2800 1850 2854 ἑαυτὸν

241 2888 607 2965 παράδειγμα,
640 2894 726 2943 τὸν
759 2892 1002 2948 Πλάστην
1038 2897 1146 2950 τοῖς
1177 2889 1498 2962 ’πλάσμασι,
1544 2895 1634 2942 καὶ
1664 2895 1850 2964 τρόπον

243 2983 364 3034 τινὰ
391 2982 763 3053 συγκρίνεσθαι
781 2983 866 3032 τόν
890 2977 1224 3052 ἀσύγκριτον.

319 3067 442 3123 Εἶπε
473 3067 532 3122 δὲ
570 3073 630 3122 τὸ
681 3074 854 3142 νόημα
892 3077 1046 3121 τοῦτο
1076 3073 1166 3120 καὶ
1219 3068 1269 3120 ἐν
1307 3075 1380 3138 τῷ
1416 3066 1852 3142 ἐννεακαιδεκάτῳ

242 3159 503 3233 κεφαλαίῳ
531 3166 622 3211 τοῦ
666 3161 802 3211 κατὰ
845 3159 1108 3212 Μαι·θαίον
1158 3173 1169 3184 ⁶
1217 3163 1306 3210 καὶ
1349 3157 1581 3218 ζήτησον
1614 3157 1718 3211 ἐκεῖ
1743 3165 1801 3213 τό
1836 3179 1848 3191 ·
1885 3147 1923 3200 C

244 3249 357 3302 Οὐκ
383 3252 496 3302 ἔστι
524 3252 766 3322 μαθητὴς
794 3250 920 3322 ὑπὲρ
947 3251 1033 3300 τὸν
1058 3243 1386 3300 διδάσκαλον
1416 3248 1526 3318 (91)
1558 3248 1736 3318 αὑτοῦ,
1761 3256 1851 3304 καὶ

242 3341 310 3392 τὰ
340 3337 473 3401 ἑξῆς.

315 3427 458 3501 [(92)
511 3427 621 3480 Ούκ
674 3429 784 3480 ἔστι
838 3423 1044 3489 δοῦλος.
1074 3425 1206 3488 Ἕως
1237 3425 1295 3478 ἂν
1328 3428 1353 3479 ό
1524 3425 1634 3481 ἐστι
1665 3425 1850 3491 δοῦλος

240 3520 452 3582 τούτου,
481 3519 506 3568 ό
539 3514 597 3570 δὲ
635 3516 918 3577 ἀπόστολος
948 3515 1161 3570 ἐκείνου.
1191 3516 1501 3577 Ἐλάττωσις
1525 3519 1626 3592 γὰρ
1667 3537 1753 3569 και
1790 3521 1848 3569 τό

243 3603 525 3672 δουλεύειν,
553 3611 642 3659 καὶ
675 3611 730 3658 τό
763 3605 1220 3678 ἀποστέλλεσθαι.]

318 3695 377 3749 Εἰ
400 3729 465 3736 —-
494 3695 646 3760 αύτά,
687 3695 748 3748 Εἰ
773 3703 938 3748 ταῦτα
967 3692 1166 3763 οἴδατε,
1199 3698 1264 3747 τὰ
1287 3695 1506 3769 ῥηθέντα
1536 3713 1546 3725 ·
1577 3693 1756 3749 οἴδατε
1789 3693 1847 3750 δε

242 3786 400 3851 αύτὰ,
431 3785 554 3860 παρ’
590 3784 715 3858 ἐμοῦ
742 3787 989 3857 μαθόντες
1017 3802 1030 3814 ·
1062 3786 1328 3859 Μακάριοί
1359 3783 1495 3848 ἐστε,
1534 3783 1618 3837 ἐὰν
1664 3794 1847 3845 ποιῆτε

243 3873 396 3928 αύτά.
446 3874 557 3927 Ούκ
597 3871 748 3950 ἀρκιῖ
807 3878 908 3948 γὰρ
955 3871 1150 3927 εἰδέναι
1205 3879 1381 3947 μόνον,
1423 3872 1550 3926 ἀλλὰ
1591 3879 1699 3951 χρὴ
1758 3881 1847 3930 καὶ

239 3972 428 4019 ποιεῖν.

317 4053 394 4106 Ού
428 4083 498 4093 —-
524 4053 674 4125 λέγω.
707 4059 775 4106 Τό
805 4073 816 4085 '
849 4053 967 4106 Ἐὰν
994 4061 1176 4113 ποιῆτε
1207 4054 1360 4111 αύτά,
1399 4059 1523 4128 Περὶ
1548 4063 1643 4107 τοῦ
1671 4052 1850 4108 Ἰούδα

239 4145 345 4218 γάρ
375 4150 530 4195 τοῦτο
553 4142 741 4216 ἔλεγεν,
769 4143 824 4203 ὃς
849 4143 907 4196 ού
927 4149 1080 4216 μόνον
1113 4144 1207 4196 οὐκ
1233 4144 1403 4217 ἔμελλε
1428 4150 1666 4203 ποιήσειν
1693 4145 1845 4213 αὐτὰ,

244 4230 358 4284 ἀλλ’
375 4229 487 4284 οὐδ’
525 4231 643 4284 πῖλλο
664 4251 716 4284 τι
741 4241 840 4284 τῶν
872 4231 1258 4306 ἐντεταλμένων,
1285 4230 1393 4291 ἤδη
1439 4237 1532 4292 τὴν
1556 4230 1847 4306 προδοσίαν

242 4321 485 4394 μελετῶν.

317 4410 446 4482 Ἐγώ
501 4441 564 4453 -
623 4409 946 4482 ἐξελεξάμην.
1004 4408 1164 4477 Οἶδα,
1225 4415 1290 4473 ὡς
1341 4415 1480 4476 Θεὸς,
1563 4415 1692 4475 τίνες
1757 4415 1846 4484 μὲν

240 4508 345 4552 τῶν
396 4500 518 4571 παρ’
567 4498 694 4570 ἐμοῦ
738 4499 1038 4571 ἐκλεγέντων
1081 4505 1396 4559 ποιήσουσιν
1449 4501 1604 4568 αὐτὰ,
1655 4506 1734 4564 τίς
1788 4498 1846 4555 δὲ
1881 4477 1922 4530 D

242 4591 304 4641 ού
354 4593 580 4648 ποιήσει.
628 4594 728 4642 Καὶ
779 4588 1010 4663 ἀνωτέρω
1071 4587 1129 4642 δε
1195 4591 1348 4642 εἰπὼν
1408 4592 1489 4642 ὅτι
1534 4595 1635 4643 Καὶ
1704 4591 1846 4662 ὑμεῖς

1288 4696 1303 4710 '
1347 4679 1515 4733 καὶέν
1579 4676 1848 4752 διαφόροις

244 4765 305 4821 δὲ
371 4776 570 4843 καιροῖς
631 4769 794 4821 πολλά
864 4777 1086 4821 τοιαῦτα
1165 4769 1528 4841 φθεγξάμενος,
1599 4771 1850 4822 νύττοντα

242 4862 398 4931 μόνον
425 4860 482 4910 1'6
513 4864 604 4910 τοῦ
643 4853 908 4930 προδότου
958 4854 1218 4926 συνειδὸς,
1278 4863 1368 4911 καὶ
1415 4857 1526 4929 ἅμα
1573 4861 1663 4930 μεν
1692 4854 1726 4910 δ
1732 4855 1849 4910 ιδά-

242 4966 438 4999 σκοντα
493 4948 568 4999 ὃτι
635 4946 693 4999 ού
754 4946 990 4999 λανθάνει
1055 4945 1415 5012 ἐπιϐουλεύων,
1467 4945 1578 5018 ἅμα
1635 4943 1693 5000 δὲ
1759 4952 1849 5000 καὶ

242 5036 312 5097 εἰς
373 5035 707 5109 μεταμέλειαν
786 5040 876 5089 καὶ
949 5032 1236 5112 διόρθωσιν
1319 5035 1684 5109 ἐκκαλούμενοι,
1754 5036 1848 5090 ούκ

243 5143 436 5179 επεισε.

241 4681 465 4752 καθαροί
518 4678 655 4748 ἐστι,
720 4677 826 4730 ἀλλ’
885 4680 1012 4750 ούχὶ
1059 4681 1242 4741 πάντες

315 5356 362 5394 ⁸⁸
390 5356 587 5414 Matth.
614 5371 672 5426 κ,
700 5358 790 5414 24.
922 5357 1132 5416 “Joan.
1163 5373 1286 5426 xm,
1319 5357 1406 5415 10.

1315 332 1685 401 COMMENT.
1728 343 1796 400 lN
1836 332 2192 401 JOANNEM.
2224 377 2292 386 —
2318 333 2472 402 CA‘P.
2505 335 2650 404 χιιι.

3483 349 3621 407 1382

2031 469 2192 528 Vers.
2219 475 2304 528 14.
2320 472 2390 529 Si
2408 504 2476 514 —
2491 473 2690 543 pedes.
2718 477 2844 531 Non
2862 474 3029 541 dixit,
3051 474 3107 532 Si
3130 490 3260 548 ego,
3282 476 3386 548 qui
3405 480 3618 534 natura

1962 560 2252 616 Dominus
2283 578 2437 627 sum,
2463 562 2584 618 lavi
2615 568 2844 620 vestros
2875 565 3080 636 pedes,
3102 565 3204 638 qui
3234 571 3448 623 natura
3468 566 3619 622 servi

1962 649 2121 716 estis,
2159 651 2345 706 multo
2388 651 2583 722 magis
2612 668 2720 709 vos
2758 653 3016 710 invicem
3047 656 3343 726 conservi,
3393 655 3618 712 debetis

1962 738 2538 798 aliialiorumlavare
2580 742 2785 813 pedes.
2809 746 3009 816 Neque
3036 744 3177 800 dixit
3210 760 3222 800 :
3256 745 3310 802 Si
3344 760 3453 814 ego
3484 761 3620 819 pro-

1960 827 2166 883 ditoris
2188 827 2306 884 lavi
2335 829 2539 901 pedes,
2568 829 2754 887 multo
2781 832 2974 902 magis
3006 849 3114 888 vos
3153 833 3571 891 insidiatorum
3603 850 3616 891 :

1962 917 2065 972 sed
2095 917 2220 973 haec
2245 933 2351 990 per
2388 935 2574 992 opera
2612 920 2974 991 signiﬁcans,
3016 922 3234 979 horum
3264 921 3617 995 disputatio-

1960 1021 2098 1062 nem
2131 1006 2366 1080 reliquit
2394 1008 2741 1066 auditorum
2782 1010 3187 1068 conscientiae.

2033 1097 2288 1151 νει-δήὸ.
2341 1098 2695 1168 Exemplum
2732 1101 2984 1157 —vobis.
3027 1102 3378 1176 Exemplum
3419 1102 3618 1175 dejec-

1963 1184 2135 1242 tionis
2161 1186 2222 1244 in
2252 1185 2582 1260 dilectione,
2612 1189 2728 1246 hoc
2758 1205 2934 1264 opere
2965 1190 3184 1247 tradidi
3217 1191 3406 1249 vobis.

2031 1365 2193 1421 Vers.
2257 1367 2342 1424 15.
2406 1368 2477 1424 Ut
2517 1369 2848 1439 —faciatis.
2897 1372 2979 1427 Ex
3011 1369 3322 1427 dilectione
3377 1371 3610 1443 dejecti,

1960 1471 2030 1512 ac
2057 1455 2308 1514 subditis
2342 1457 2765 1516 ministrantes.
2789 1463 2857 1516 At
2883 1476 3022 1517 vero
3049 1460 3174 1533 ipse
3213 1461 3458 1534 quidem
3491 1467 3616 1519 erat

1959 1548 2172 1617 major,
2214 1562 2399 1618 quam
2439 1547 2681 1619 intelligi
2710 1564 2780 1605 ac
2807 1549 2924 1605 dici
2962 1559 3165 1622 posset
3208 1567 3219 1606 :
3264 1567 3369 1606 nos
3415 1557 3613 1608 autem

1961 1651 2174 1690 sumus
2203 1641 2356 1691 terra
2383 1640 2439 1692 et
2463 1637 2628 1703 cinis,
2657 1638 2855 1710 pulvis
2883 1643 2937 1695 et
2965 1655 3220 1706 caenum,
3257 1646 3360 1696 ant
3390 1641 3436 1696 si
3468 1643 3617 1715 quid

1959 1724 2052 1779 his
2083 1724 2256 1780 vilius
2297 1731 2400 1781 est.
2431 1727 2681 1792 Quando
2723 1744 2862 1784 vero
2893 1744 3014 1785 non
3043 1734 3275 1786 tantum
3316 1731 3393 1788 ad
3428 1733 3616 1789 mino-

1960 1830 2053 1870 res
2121 1830 2242 1870 non
2295 1815 2610 1887 dejicimus
2694 1832 2823 1883 nos,
2883 1817 2992 1874 sed
3048 1835 3242 1892 neque
3287 1820 3357 1876 ad
3426 1823 3614 1894 majo-

1957 1916 2048 1954 res
2082 1917 2094 1955 :
2126 1917 2228 1956 nec
2251 1900 2445 1956 solum
2478 1901 2661 1972 pedes
2691 1918 3004 1959 servorum
3031 1919 3152 1959 non
3180 1903 3474 1973 lavamus,
3509 1907 3611 1962 sed

1957 2005 2152 2061 neque
2204 1989 2553 2056 amicorum,
2595 2008 2730 2047 cum
2756 1993 2934 2048 etiam
2967 1993 3379 2050 insidiatorum
3409 1995 3613 2051 lavare

1957 2079 2316 2134 debeamus:
2339 2097 2482 2152 qua,
2501 2081 2770 2146 obsecro,
2791 2082 3293 2138 condemuatione
3312 2083 3476 2154 digni
3499 2101 3612 2141 non

1958 2169 2180 2223 erimus
2226 2168 2253 2223 ?
2288 2169 2391 2241 qui
2433 2185 2554 2225 non
2615 2170 2803 2226 solum
2859 2171 3072 2227 Christi
3133 2189 3250 2228 non
3306 2172 3614 2230 imitamur

1958 2263 2011 2314 et
2034 2275 2104 2314 ex
2126 2258 2421 2314 diametro
2463 2259 2817 2327 extollimur,
2847 2277 2954 2316 nec
2981 2262 3144 2333 quod
3195 2261 3462 2318 debitum
3526 2269 3615 2321 est.

1957 2347 2344 2404 exsolvimus.
2369 2350 2444 2403 Et
2471 2364 2588 2420 vos,
2608 2349 2820 2422 inquit,
2845 2350 3063 2407 debetis
3087 2351 3327 2408 invicem
3340 2355 3452 2409 alii
3471 2353 3613 2410 alio-

1958 2453 2092 2494 rum
2125 2438 2333 2494 lavare
2361 2438 2546 2509 pedes.

2029 2527 2189 2583 Vers.
2229 2533 2311 2584 16.
2353 2529 2540 2585 Amen
2592 2561 2659 2570 —
2700 2529 2891 2586 illum.
2935 2529 3141 2604 Itaque
3198 2532 3246 2587 si
3307 2547 3438 2603 ego,
3505 2532 3611 2605 qui

1957 2617 2505 2690 incomparabiliter
2535 2620 2730 2691 major
2761 2637 2917 2690 sum,
2964 2620 3266 2692 meipsum
3299 2621 3451 2677 adeo
3509 2623 3615 2678 de-

1953 2707 2088 2778 jeci,
2134 2707 2321 2763 multo
2353 2709 2545 2779 magis
2601 2725 2728 2765 vos.
2771 2711 2838 2765 Et
2883 2710 2998 2766 hoc
3039 2716 3239 2767 autem
3292 2711 3610 2767 ineftabilis

1959 2797 2304 2852 humilitatis
2329 2798 2518 2870 ipsius
2539 2804 2644 2865 est,
2673 2799 2836 2870 quod
2866 2816 2994 2856 sese
3020 2801 3248 2856 dederit
3271 2801 3614 2873 exemplum

1961 2889 2296 2942 Creatorem
2345 2887 2620 2944 videlicet
2662 2889 2946 2944 creaturis
2991 2906 3004 2944 :
3054 2894 3111 2946 et
3157 2891 3612 2963 quodammodo

1960 2992 2023 3031 se
2062 2976 2522 3048 comparaverit,
2552 2979 2654 3050 qui
2688 2978 3179 3051 incomparabilis
3218 2986 3324 3035 est.
3531 2984 3536 2988 '

2033 3066 2186 3120 Dixit
2219 3071 2420 3121 autem
2461 3071 2516 3122 et
2572 3067 2728 3122 hanc
2777 3067 3135 3124 sententiam
3194 3068 3429 3124 decimo
3457 3084 3613 3124 nono

1961 3156 2148 3226 capite
2174 3155 2344 3226 juxta
2378 3156 2709 3211 Mattheeum
2740 3171 2754 3212 :
2789 3156 2870 3212 ibi
2901 3172 3043 3226 ergo
3086 3172 3286 3228 quaere
3329 3157 3492 3228 quod
3526 3156 3614 3212 di-

1960 3246 2112 3301 citur
2137 3264 2148 3304 :
2182 3246 2318 3302 Non
2347 3251 2429 3302 est
2458 3246 2776 3318 discipulus
2806 3262 2983 3319 supra
3014 3247 3364 3318 magistr-um
3421 3263 3608 3313 suum,

1959 3339 2016 3392 et
2042 3341 2256 3393 caetera
2286 3337 2358 3393 “.

2027 3425 2115 3496 -Η-
2129 3426 2266 3482 Νοη
2298 3431 2381 3482 est
2410 3441 2634 3482 servus.
2675 3425 2949 3488 Quandiu
2981 3424 3074 3481 ille
3104 3425 3347 3499 quidem
3379 3429 3470 3483 est
3499 3442 3615 3482 ser-

1958 3531 2066 3570 vus
2095 3516 2296 3587 hujus,
2328 3515 2426 3570 hic
2457 3515 2763 3588 apostolus
2804 3515 2950 3586 ejus.
2984 3515 3280 3570 Inferioris
3323 3515 3484 3571 enim
3527 3520 3616 3572 est

1956 3603 2340 3670 conditionis,
2374 3605 2480 3660 sed
2503 3611 2559 3660 et
2586 3604 2888 3668 servire,et
2916 3605 3194 3658 nuntium
3223 3603 3394 3660 mitti.

2028 3693 2190 3750 Vers.
2227 3699 2307 3748 t7.
2345 3693 2409 3748 Si
2450 3725 2519 3734 -—
2566 3711 2650 3750 ea.
2689 3693 2744 3748 Si
2776 3694 2902 3749 haec
2956 3694 3220 3758 novistis,
3271 3710 3408 3766 quae
3453 3692 3614 3751 dicta

1957 3791 2116 3852 sunt,
2146 3783 2393 3840 novistis
2426 3789 2626 3839 autem
2653 3799 2744 3850 ea,
2795 3800 2934 3838 cum
2982 3799 3018 3839 a
3065 3799 3162 3839 me
3212 3783 3540 3840 didiceritis
3593 3799 3613 3841 :

1956 3873 2132 3928 Beati
2183 3874 2347 3929 erilis
2390 3873 2441 3926 si
2490 3873 2764 3943 feceretis
2812 3889 2894 3939 ea,
2966 3888 3160 3946 neque
3215 3872 3376 3929 enim
3433 3888 3613 3930 nosse

1959 3960 2194 4027 sufﬁcit,
2230 3961 2334 4016 sed
2363 3965 2419 4015 et
2444 3961 2636 4017 facere
2676 3965 2927 4032 oportet.

2029 4051 2185 4105 Vers.
2228 4053 2308 4105 18.
2350 4050 2484 4105 Non
2530 4079 2596 4089 —
2646 4049 2797 4107 dico.
2861 4050 3030 4115 Puta,
3085 4049 3149 4105 Si
3194 4050 3460 4119 feceritis
3516 4065 3607 4107 ea.

1956 4142 2102 4197 Nam
2137 4139 2204 4194 de
2233 4139 2387 4194 Juda
2410 4139 2526 4194 hoc
2559 4138 2813 4203 dicebat,
2841 4140 2944 4212 qui
2969 4155 3085 4194 non
3110 4139 3303 4194 solum
3328 4155 3398 4195 ea
3426 4139 3610 4196 factu-

1955 4245 2058 4284 rus
2087 4245 2210 4284 non
2235 4233 2380 4293 erat,
2412 4231 2516 4284 sed
2545 4245 2651 4284 nec
2679 4227 2842 4284 aliud
2867 4229 3199 4301 quidquam
3230 4244 3436 4284 eorum
3467 4245 3605 4302 quas

1955 4324 2247 4392 praecepta
2281 4323 2469 4388 erant,
2501 4318 2575 4374 de
2607 4317 2940 4390 proditione
2957 4319 3086 4388 jam
3113 4334 3318 4373 curam
3349 4318 3603 4374 habens.

2025 4409 2188 4465 Vers.
2227 4412 2314 4464 18.
2348 4409 2476 4479 Ego
2505 4438 2575 4448 —
2603 4407 2895 4478 elegerim.
2924 4408 3084 4473 Novi,
3114 4412 3400 4481 tanquam
3424 4408 3603 4476 Deus,

1955 4498 2205 4572 quinam
2224 4514 2295 4554 ex
2312 4498 2510 4553 electis
2534 4495 2683 4552 meis
2708 4495 2913 4552 facturi
2957 4501 3200 4562 suntea,
3217 4501 3290 4562 et,
3317 4496 3523 4569 etquis
3537 4497 3610 4552 sit

1954 4588 2059 4662 qui
2082 4603 2203 4643 non
2221 4588 2410 4644 faciet.
2431 4587 2707 4659 Superius
2729 4601 2965 4659 quoque
2983 4585 3160 4644 dixit:
3183 4587 3261 4641 Et
3285 4601 3384 4643 vos
3400 4586 3615 4642 mundi

1956 4678 2114 4742 estis,
2139 4677 2238 4733 sed
2259 4693 2376 4732 non
2398 4677 2644 4732 omnes69
2671 4692 2684 4742 ;
2711 4674 3007 4746 variisque
3032 4677 3399 4747 temporibus
3423 4676 3613 4733 multa

1957 4766 2307 4838 hujusmodi
2329 4766 2561 4822 locutus
2583 4769 2688 4831 est,
2713 4781 2845 4836 quae
2876 4763 3060 4819 solius
3101 4763 3422 4836 proditoris
3461 4781 3612 4836 puu-

1955 4862 2159 4928 gerent
2180 4855 2621 4922 conscientiam,
2647 4853 2946 4926 simulque
2959 4855 3261 4922 docerent,
3281 4854 3448 4927 quod
3471 4870 3612 4911 eum

1956 4962 2079 5003 non
2119 4945 2324 5003 lateret
2354 4945 2641 5018 proditor,
2681 4948 2740 5000 et
2759 4943 2926 5001 illum
2967 4943 3044 4999 ad
3083 4942 3497 5016 paenitentiam
3539 4959 3611 5001 ac

1959 5036 2388 5093 correctionem
2431 5038 2749 5092 evocarent
2803 5050 2816 5091 :
2866 5049 3076 5091 verum
3127 5047 3252 5090 non
3301 5048 3613 5107 persuase-

1958 5131 2112 5183 runt.

1459 5558 1686 5631 Variae
1724 5560 2051 5631 lectiones
2093 5573 2158 5631 et
2201 5571 2400 5632 notae.

313 5702 426 5854 (94;
459 5701 628 5760 Αὐτοῦ
659 5699 830 5762 abest
853 5705 918 5763 A.

313 5782 402 5854 (92
457 5779 592 5836 Haec
629 5779 918 5853 uterquei

312 5782 402 5856 (92

457 5779 592 5836 Haec
629 5783 881 5853 uterque
904 5779 966 5835 in
996 5779 1267 5852 margine
1304 5776 1508 5838 habet.
1540 5781 1708 5839 Caret
1736 5777 1810 5836 iis
1848 5777 2183 5839 Hentenius.
