4108 6384
594 352 731 409 1383

664 482 775 535 Cur
796 481 995 533 autem
1031 475 1209 531 etiam
1264 476 1628 548 proditorem
1659 473 1923 544 elegerit,
1979 472 2243 529 diximus

589 568 986 637 octavojuxta
1012 566 1275 620 Marcum
1328 566 1543 637 capite,
1586 570 1641 619 et
1692 564 1772 619 ibi
1824 578 2023 635 quaere
2081 563 2239 634 quod

587 658 803 712 dicitur
836 671 848 709 :
882 655 959 709 Et
1004 654 1264 709 ascendit
1318 654 1378 708 in
1436 658 1708 717 montem,
1752 658 1804 708 et
1845 651 2071 707 vocavit
2101 667 2239 721 quos

584 742 704 816 ipse
726 745 910 801 voluit
939 744 1008 809 7°,
1039 750 1093 797 et
1125 749 1358 807 caetera,
1388 747 1693 814 totamque
1742 740 1979 796 illorum
2029 740 2239 796 verbo-

581 850 716 891 rum
737 833 866 903 lege
896 836 1331 888 enarrationem
1344 874 1356 887 .

652 926 810 979 Vers.
844 922 925 978 18.
954 921 1070 978 Sed
1097 952 1165 960 —
1193 936 1390 976 suum.
1427 920 1612 976 Etiam
1644 919 1704 977 in
1743 919 1859 975 hoc
1890 919 2020 974 loco
2061 918 2235 975 dictio

577 1020 663 1079 ut,
694 1010 1127 1068 manifestativa
1155 1016 1243 1066 est
1266 1010 1395 1081 ejus
1423 1010 1585 1081 quod
1618 1009 1884 1064 futurum
1924 1012 2067 1063 erat.
2116 1010 2235 1063 Hoc

573 1117 812 1176 quoque
872 1101 1027 1156 sicut
1076 1106 1133 1156 et
1184 1099 1304 1155 alia
1358 1104 1600 1172 propter
1652 1098 2020 1171 proditorem
2072 1096 2230 1152 dicit.

573 1194 722 1248 Nam
754 1190 1018 1247 futurum
1068 1194 1213 1255 erat,
1250 1195 1313 1245 ut
1362 1188 1756 1260 compleretur
1789 1187 2092 1259 Scriptura
2125 1188 2234 1242 Da-

573 1280 787 1344 vidica,
816 1295 953 1351 quae
978 1280 1057 1334 ait
1082 1296 1093 1333 ;
1124 1280 1235 1343 Qui
1258 1278 1508 1334 comedit
1528 1292 1703 1348 panes
1725 1291 1879 1332 meos
1918 1276 2231 1345 ampliavit

576 1370 892 1427 adversum
924 1384 1014 1424 me
1041 1369 1592 1437 supplantationem
1620 1367 1689 1420 τί.

653 1459 1043 1530 Septuaginta
1091 1472 1233 1526 ergo
1291 1472 1362 1513 ex
1415 1455 1698 1511 Hebraico
1745 1470 1927 1511 sensu
1965 1454 2121 1511 hanc
2152 1455 2233 1511 ita

581 1546 939 1620 interpretati
970 1551 1108 1601 sunt
1136 1562 1148 1597 :
1200 1546 1462 1601 Christus
1490 1561 1625 1600 vero
1670 1544 1946 1600 eamdem
1980 1560 2135 1599 nunc
2160 1560 2230 1599 ex

579 1637 792 1693 eodem
814 1637 1250 1709 interpretatus,
1272 1634 1403 1690 aliis
1430 1634 1785 1689 dictionibus
1802 1634 2080 1689 eamdem
2111 1632 2231 1688 viui

577 1724 983 1783 obtinentibus
1029 1724 1233 1779 eadem
1262 1731 1317 1777 et
1364 1724 1490 1795 ipse
1529 1722 1688 1777 dicit.
1732 1721 2035 1793 Siquidem
2069 1721 2229 1777 idem

578 1815 690 1871 sibi
747 1814 971 1879 volunt,
1031 1814 1144 1880 Qui
1193 1813 1328 1880 edit,
1380 1828 1515 1866 cum
1583 1812 1969 1881 evangelista,
2022 1811 2231 1866 Christi

575 1904 760 1960 verba
797 1903 1077 1967 referens,
1114 1903 1335 1958 habeat
1380 1900 1437 1953 '0
1470 1906 1711 1974 τρώγων;
1742 1906 1816 1965 et,
1849 1900 1957 1965 Qui
1982 1900 2231 1956 comedit

578 2009 717 2049 cum
748 1992 1137 2065 Septuaginta
1168 1991 1368 2048 dicant
1422 1991 1447 2041 ὁ
1498 1992 1683 2043 ἐσθίων
1734 1996 1839 2046 :et
1881 1989 2229 2059 Ampliavit,

573 2099 718 2156 qua.

642 2172 736 2227 Ait
760 2187 901 2243 ergo
926 2170 999 2225 de
1031 2170 1207 2237 Juda,
1240 2171 1349 2235 Qui
1374 2171 1539 2239 apud
1566 2184 1656 2225 me
1675 2170 1957 2238 pascitur,
2001 2168 2107 2240 qui
2155 2167 2229 2222 de

571 2261 785 2316 eadem
820 2276 1026 2315 mensa
1059 2276 1294 2314 mecum
1319 2261 1738 2323 communicat,
1774 2274 1970 2329 neque
2009 2257 2087 2312 ob
2114 2256 2229 2312 hoc

570 2350 769 2421 ipsum
812 2365 908 2405 me
960 2354 1281 2415 reveretur,
1329 2348 1653 2418 Ampliavit
1684 2363 1752 2402 ac
1802 2346 2059 2409 sustulit,
2118 2345 2231 2400 hoc

576 2445 689 2505 est,
706 2439 1096 2507 Conﬁrmavit
1116 2440 1237 2493 sive
1248 2445 1427 2493 movit
1446 2444 1760 2493 adversum
1781 2451 1870 2491 me
1886 2435 2231 2491 calcaneum

571 2537 620 2584 et
636 2528 1206 2598 supplantationem,
1233 2528 1353 2581 sive
1373 2527 1581 2581 dolum
1602 2542 1669 2581 ac
1689 2524 1957 2588 insidias,
1977 2541 2047 2580 eo
2066 2526 2225 2596 quod

575 2635 713 2675 cum
738 2615 991 2673 inimicis
1021 2616 1373 2671 sitlocutus.
1406 2614 1607 2671 Solent
1638 2631 1920 2686 namque,
1967 2614 2069 2686 qui
2102 2630 2231 2669 cur-

573 2714 770 2765 rentes
794 2706 1045 2777 dejicere
1097 2706 1383 2771 nituntur,
1416 2704 1698 2760 calcaneo
1741 2703 2029 2758 insidiari.
2090 2703 2230 2759 Ideo

573 2796 890 2854 calcaneus
912 2811 980 2850 ac
1013 2793 1421 2866 supplantatio
1451 2793 1655 2849 dolum
1685 2809 1754 2849 ac
1776 2793 2026 2848 insidias
2047 2794 2231 2847 deno-

571 2892 675 2943 tat.

640 2975 806 3030 Vers.
845 2977 925 3029 19.
954 2972 1134 3028 Nunc
1166 3002 1232 3013 —
1265 2988 1415 3028 sum.
1449 2972 1515 3027 Ut
1548 2988 1686 3027 cum
1716 2970 1890 3026 fuerit
1934 2970 2229 3042 completa

564 3063 914 3138 hujusmodi
940 3064 1260 3134 Scriptura,
1286 3062 1563 3128 credatis,
1593 3061 1757 3134 quod
1799 3077 1911 3131 ego
1952 3078 2105 3129 sum,
2151 3061 2229 3116 de

561 3169 684 3226 quo
723 3153 824 3210 illa
846 3152 1306 3209 vaticinabatur.

633 3243 799 3299 Vers.
827 3245 914 3299 20.
948 3243 1139 3298 Amen
1164 3274 1229 3282 —
1256 3256 1364 3297 me.
1397 3243 1567 3297 Juxta
1592 3240 1772 3296 ﬁnem
1795 3254 2038 3312 quoque
2072 3238 2221 3294 deci—

560 3333 801 3389 minoni
827 3332 1035 3404 capitis
1062 3330 1358 3399 Evangelii
1384 3330 1718 3385 secundum
1751 3329 2091 3385 Matthaaum
2138 3328 2221 3382 di-

558 3422 685 3477 xit:
720 3422 828 3490 Οιιὶ
859 3421 1065 3490 recipit
1090 3436 1203 3485 ros,
1240 3434 1331 3475 me
1352 3418 1563 3486 recipit
1599 3438 1610 3476 :
1647 3426 1699 3474 et
1734 3420 1839 3489 qui
1869 3432 1957 3473 me
1986 3417 2219 3485 recipit,

561 3513 768 3582 recipit
798 3525 951 3580 eum,
990 3511 1095 3580 qui
1135 3523 1225 3564 me
1264 3508 1427 3563 misit
1465 3509 1533 3563 τ’.
1564 3510 1726 3562 Nunc
1779 3511 1979 3561 autem
2040 3508 2220 3562 etiam

561 3600 723 3657 idem
752 3599 916 3665 dicit,
961 3598 1169 3654 volens
1203 3597 1466 3669 amplius
1519 3596 1653 3651 illos
1692 3594 2009 3660 consolari,
2056 3596 2222 3666 quod

565 3688 832 3751 futurum
858 3693 1012 3744 esset
1036 3693 1098 3741 ut
1126 3686 1309 3758 paulo
1342 3691 1474 3758 post
1526 3690 1929 3756 percurrerent
1954 3684 2183 3739 orbem.

638 3779 800 3833 Vers.
823 3780 911 3831 2t.
945 3776 1081 3833 Hac
1108 3805 1168 3818 -—
1201 3776 1441 3844 spiritu.
1472 3774 1755 3845 Spiritum
1778 3773 1919 3829 dicit
1939 3772 2219 3829 affectum

564 3866 841 3925 maeroris
874 3883 943 3922 ac
977 3865 1353 3930 turbationis,
1386 3880 1509 3937 quo
1540 3865 1897 3919 movebatur
1921 3864 2000 3919 ob
2022 3863 2217 3936 prodi-

560 3958 705 4013 toris
738 3956 1127 4028 perditionem
1168 3972 1180 4020 ;
1224 3970 1365 4010 nam
1417 3970 1533 4025 prae
1564 3954 1750 4009 nimia
1801 3953 2221 4025 compassione

560 4046 935 4104 turbabatur.
978 4044 1373 4100 Vehementer
1419 4047 1579 4098 enim
1635 4059 1806 4114 super
1854 4058 1924 4098 eo
1955 4041 2218 4098 dolebat.

560 4139 640 4193 De
682 4138 896 4192 Lazaro
922 4136 1103 4191 etiam
1134 4136 1362 4189 dictum
1395 4132 1545 4189 illud
1581 4132 1976 4197 declarantes,
2030 4132 2223 4202 Infre-

558 4225 705 4281 muit
734 4224 953 4296 spiritu
976 4224 1049 4295 ⁷³,
1082 4224 1354 4296 spiritum
1398 4221 1663 4279 diximus
1697 4222 2051 4277 turbationis
2082 4220 2222 4277 aﬂ'e-

559 4320 743 4372 ctum.

634 4404 892 4459 Vers.2t.
953 4403 1029 4458 Et
1070 4415 1277 4459 —me.
1333 4399 1693 4457 Testiﬁcatus
1742 4406 1846 4465 est,
1903 4399 2027 4457 sive
2080 4415 2221 4472 pro-

562 4497 815 4550 testatus
844 4492 919 4547 de
952 4490 1313 4564 proditione.

636 4581 801 4638 Vers.
837 4583 925 4635 22.
968 4579 1349 4649 Aspiciebant
1380 4610 1447 4621 —
1477 4579 1717 4636 diceret.
1762 4578 2075 4652 Siquidem
2116 4578 2223 4635 mi-

564 4686 766 4727 serum
796 4668 1069 4725 nondum
1111 4668 1419 4741 publicare
1448 4669 1701 4735 volebat,
1736 4673 2091 4741 exspectans
2131 4668 2227 4724 ad-

564 4760 684 4817 huc
722 4758 849 4830 ejus
888 4757 1365 4814 conversionem.

634 4849 798 4904 Vers.
840 4846 927 4903 23.
960 4847 1351 4904 Recumbebat
1378 4854 1574 4904 autem
1618 4877 1681 4887 —
1712 4845 1898 4902 Iesus.
1942 4847 2071 4919 Ipse
2102 4850 2228 4903 erat

562 4938 667 5012 qui
701 4941 828 4994 hate
859 4936 1177 5003 scribebat,
1210 4936 1370 4992 velut
1401 4935 1758 5006 signiﬁcavit
1796 4935 1954 4991 idem
2014 4937 2075 4992 in
2104 4936 2225 4992 ﬁne

561 5025 876 5099 Evangelii.
908 5026 1077 5082 Hunc
1105 5030 1308 5083 autem
1332 5023 1615 5096 diligebat
1645 5023 1835 5089 Jesus,
1874 5024 2009 5097 plus
2058 5024 2225 5081 vide-

629 5259 681 5299 ’³ο
711 5259 895 5318 Marc.
926 5275 1007 5328 ιιι,
1040 5258 1131 5319 13.
1270 5256 1316 5297 τί
1350 5256 1506 5315 Psal.
1540 5273 1627 5325 XL,
1666 5260 1750 5315 tO.

1916 342 2259 402 EUTHYMII
2301 327 2632 403 ZIGABENI

1872 5258 1920 5296 τ’
1952 5258 2149 5317 Matth.
2182 5276 2245 5329 x,
2272 5262 2361 5319 40.

3823 347 3846 406 1
3857 346 3947 407 384

2428 478 2579 526 Διατί
2610 469 2668 525 δε
2699 470 2955 535 ἒξελέξατο
2998 478 3087 525 καὶ
3123 476 3209 525 τὸν
3261 470 3544 549 προδότην,
3603 474 3877 549 εἰρήκαμεν
3905 476 3944 528 ίν

2353 572 2423 634 τῷ
2471 560 2644 635 ὀγδόῳ
2674 562 2929 635 κεφαλαίῳ
2988 570 3080 615 τοῦ
3110 565 3247 615 κατὰ
3278 566 3488 639 Μάρκον
3522 584 3534 596 ·
3590 569 3685 618 καὶ
3728 566 3944 626 ζήτησον

2352 652 2454 705 ἐκεῖ
2503 658 2562 705 τό
2588 670 2599 683 ⁸
2636 657 2733 704 Καὶ
2768 650 3029 703 ἀναϐαίνει
3060 652 3130 714 εἰς
3172 657 3229 705 τό
3261 657 3392 726 ὅρος,
3448 659 3536 706 καὶ
3578 654 3945 728 προσκαλεῖται

2350 743 2436 805 οὓς
2468 742 2641 801 ἤθελεν
2679 744 2855 807 αὐτὸς,
2884 745 2975 793 καὶ
3001 744 3065 794 τὰ
3090 741 3207 805 ἑξῆς

2348 830 2597 903 ἐξήγησιν
2629 840 2727 883 τῶν
2758 833 3005 883 τοιούτων
3032 831 3225 904 ῥητῶν.

2422 921 2554 973 Ἀλλ’
2586 952 2651 962 -
2673 922 3141 973 αὑτοῦ.Κάνταύθα
3169 924 3226 974 τὸ
3251 920 3361 974 Ἵνα
3392 918 3692 980 δηλωτικόν
3733 922 3845 975 ἐστι
3864 932 3941 975 τοῦ

2345 1010 2613 1082 μέλλοντος
2644 1031 2657 1044 ’
2691 1011 2815 1076 οἷον,
2859 1010 2973 1081 (93)
3025 1009 3179 1064 Ἀλλὰ
3210 1006 3305 1063 διὰ
3352 1015 3439 1063 τόν
3484 1009 3758 1087 προδότην
3808 1022 3941 1064 τοῦτο

2345 1100 2493 1172 λέγω.
2524 1099 2706 1153 Μελλέι
2736 1102 2837 1171 γὰρ
2870 1102 2899 1157 ἠ
2931 1104 3106 1172 Γραφὴ
3161 1099 3502 1174 πληρωθῆναι
3541 1106 3570 1158 η
3611 1107 3884 1169 Δαυίτικὴ,
3916 1104 3936 1160 ἡ

2342 1188 2586 1261 λέγουσα·
2613 1187 2674 1241 Ὀ
2694 1188 2877 1241 ἐσθίων
2899 1189 3089 1265 ἄρτους
3116 1209 3217 1263 μου
3256 1188 3555 1262 έμεγάλυνεν
3588 1191 3669 1244 ἐπ’
3693 1191 3781 1264 ἐμὲ
3810 1210 3941 1264 πτερ-

2278 476 2323 529 Α

3256 763 3267 774 ·
3302 747 3393 795 καὶ
3427 741 3691 814 ἀνάγνωθι
3717 748 3808 802 την
3836 744 3943 802 ὅλην

2342 1284 2545 1351 νισμόν.

2415 1459 2480 1509 Οἱ
2511 1459 2599 1529 μὲν
2630 1452 2718 1508 οὖν
2770 1453 3159 1528 Ἐϐδομήκοντα
3188 1457 3347 1518 οὕτως
3401 1456 3502 1511 ἀπὸ
3550 1467 3646 1511 τοῦ
3678 1457 3937 1533 Ἑϐραὶκοῦ

2348 1549 2401 1598 τὸ
2440 1547 2597 1620 ῥητὸν
2629 1548 2963 1619 ἡρμηνευσαν
3006 1565 3019 1577 ·
3056 1549 3081 1598 ό
3115 1544 3172 1599 δι
3210 1550 3459 1621 Χριστὸς,
3507 1547 3611 1600 ἀπό
3670 1558 3763 1601 τοῦ
3794 1554 3935 1601 αὑτοῦ

2341 1638 2397 1687 τὸ
2430 1639 2555 1687 αὐτὸ
2578 1642 2665 1686 νῦν
2686 1638 3097 1708 μεθερμηνεύων,
3119 1639 3186 1688 τὰ
3225 1640 3360 1689 αὐτὰ
3388 1642 3478 1689 καὶ
3505 1641 3667 1699 αὐτὸς
3714 1638 3845 1709 λέγει
3872 1635 3937 1691 δι’

2344 1725 2525 1796 ἐτέρων
2578 1722 2911 1796 ἰσοδυνάμων
2940 1724 3138 1786 λέξεων.
3170 1732 3313 1778 Ἴσον
3343 1729 3443 1801 γὰρ
3475 1731 3534 1779 τὸ
3583 1730 3610 1779 6
3644 1727 3829 1780 ἐσθίων
3857 1732 3937 1778 καὶ

2264 1843 2311 1900 Β
2344 1815 2400 1864 τὸ
2434 1814 2710 1885 ὀτρώγων,
2762 1819 2851 1865 καὶ
2894 1818 2952 1866 τὸ
2984 1814 3257 1887 έμεγάλυνε
3300 1820 3389 1868 καὶ
3427 1820 3485 1869 τό
3519 1815 3681 1892 ἐπῆρε
3717 1835 3727 1846 ·
3768 1818 3854 1869 καὶ
3882 1820 3939 1868 τὰ

2342 1901 2500 1953 λοιπὰ
2529 1899 2587 1954 δὲ
2614 1904 2805 1975 ὁμοίως
2837 1905 3049 1974 ἔχουσι.

2267 1989 2421 2046 sicut
2453 1991 2719 2056 Sustulit,
2758 1992 3094 2065 eodemque
3135 1994 3320 2051 modo
3360 2010 3424 2051 se
3454 1994 3688 2052 habent
3726 2000 3783 2051 et
3818 1996 3935 2052 reli-

2412 2173 2548 2227 Φησὶ
2576 2166 2635 2222 δὲ
2662 2175 2779 2244 περὶ
2804 2178 2894 2223 τοῦ
2925 2167 3106 2225 Ἰούδα
3137 2174 3216 2224 ὅτι
3236 2171 3294 2225 Ὀ
3325 2177 3629 2246 τρεφόμενος
3662 2174 3787 2248 παρ’
3814 2173 3933 2245 ἐμοὶ,

2340 2258 2648 2310 όκοινωνών
2701 2280 2792 2331 μοι
2839 2262 3121 2330 τραπέζης,
3156 2258 3270 2313 οὐδ’
3325 2266 3452 2314 αὐτὸ
3481 2271 3635 2316 τοῦτο
3684 2260 3937 2323 αἰδεσθεὶς

2340 2345 2614 2417 ἐμεγάλυνε
2664 2353 2755 2400 καὶ
2805 2347 3008 2422 ἐπῆρεν,
3038 2354 3198 2421 ἤγουν
3251 2350 3575 2423 έκραταίωσε
3606 2357 3699 2404 καὶ
3744 2351 3936 2408 ἐκίνησε

2338 2436 2452 2487 κατ’
2486 2436 2612 2507 ἐμοῦ
2660 2441 2880 2513 πτέρναν
2923 2444 3013 2490 καὶ
3074 2444 3410 2515 πτερνισμὸν,
3469 2444 3637 2493 εἶτουν
3678 2439 3934 2497 ἐπιϐουλὴν

2338 2528 2427 2575 καὶ
2461 2521 2743 2591 δόλον,διὰ
2768 2532 2825 2579 τὸ
2856 2527 3184 2587 συλλαλῆσαι
3199 2537 3309 2591 τοῖς
3330 2528 3565 2602 ἐχθροῖς,
3598 2530 3931 2603 Εἰώθασιγὰρ

2339 2615 2386 2664 οἱ
2432 2618 2554 2676 τοὺς
2597 2620 2885 2687 τρέχοντας
2928 2618 3287 2681 ὑποσκελίζειν
3346 2625 3655 2692 πειρώμενοι
3706 2616 3799 2673 διὰ
3849 2627 3932 2679 τῆς

2338 2706 2558 2775 πτέρνης
2589 2702 2955 2764 ἐπιϐουλεύειν.
2973 2711 3059 2760 Διό
3091 2712 3284 2781 πτέρνα
3308 2713 3398 2761 καὶ
3420 2712 3742 2783 πτερνισμός
3764 2710 3793 2767 ἠ
3826 2707 3931 2761 ἔπι-

2338 2790 2494 2850 ϐουλὴ
2524 2797 2613 2844 καὶ
2636 2795 2661 2844 6
2695 2790 2865 2856 δόλος.

2408 2971 2632 3047 ’Λπάρτι
2662 3004 2729 3012 -—
2780 2972 2904 3046 εἰμι.
2956 2973 3086 3042 Ἵνα,
3155 2977 3275 3027 ὅταν
3324 2975 3573 3050 πληρωθῇ
3645 2980 3673 3036 ὁ
3730 2977 3927 3031 τοιαύτη

2338 3066 2537 3133 Γραφη,
2570 3065 2890 3122 πιστεύσητι
2919 3065 2996 3116 ὅτι
3022 3063 3122 3136 ἐγὼ
3155 3065 3260 3138 εἰμι
3291 3071 3407 3140 περὶ
3432 3066 3492 3119 οὗ
3522 3065 3691 3127 ἐκείνη
3720 3070 3928 3141 προεφή-

2335 3169 2532 3205 τευσεν.

2260 3238 2300 3294 C
2406 3239 2577 3311 Ἀμην
2609 3272 2675 3281 -
2705 3261 2787 3313 με.
2823 3247 2922 3295 Καὶ
2951 3246 3076 3317 πρὸς
3103 3252 3175 3313 τῷ
3206 3244 3336 3297 τέλει
3364 3252 3455 3298 τοῦ
3486 3243 3927 3299 ἐννεακαιδέκατον

2331 3328 2608 3400 κεφαλαίου
2635 3338 2727 3382 τοῦ
2757 3334 2893 3383 κατὰ
2914 3335 3181 3385 Ματθαῐον
3214 3330 3348 3386 εἶπεν
3380 3354 3391 3366 ο
3416 3334 3473 3387 Ὀ
3502 3332 3786 3409 δεχόμενος
3811 3336 3930 3406 ὑμᾶς

2332 3417 2418 3490 ἐμὲ
2445 3415 2663 3490 δέχεται
2685 3438 2695 3449 ·
2732 3426 2820 3472 καὶ
2850 3422 2875 3473 6
2906 3419 2992 3493 ἐμὲ
3021 3418 3300 3494 δεχόμενος
3329 3420 3547 3496 δέχεται
3578 3429 3668 3477 τόν
3699 3425 3926 3477 ἀποστεί-

2330 3506 2489 3559 λαντά
2518 3528 2599 3580 με.
2639 3515 2736 3563 Καὶ
2766 3517 2852 3560 νῦν
2885 3506 2944 3562 δὲ
2973 3514 3032 3563 τό
3062 3515 3189 3563 αὑτό
3236 3512 3389 3583 λέγει,
3425 3523 3745 3590 παρηγορῶν
3762 3514 3927 3569 αὐτοὺς

2333 3595 2415 3649 ἐπὶ
2455 3598 2620 3665 πλέον,
2654 3598 2924 3670 μέλλοντας
2955 3601 3075 3653 ὅσον
3108 3605 3251 3654 οὔπω
3282 3599 3585 3677 διατρέχειν
3623 3610 3720 3664 τὴν
3766 3602 3927 3655 οἰκου-

2332 3690 2508 3759 μένην.

2403 3782 2581 3827 Ταῦτα
2623 3807 2681 3817 -
2703 3780 2979 3850 πνεύματι.
3015 3786 3222 3853 Πνεῦμα
3254 3784 3357 3833 νόει
3385 3785 3441 3834 τὸ
3471 3783 3637 3843 πάθος
3668 3790 3757 3843 τῆς
3780 3781 3926 3837 λύπης

2333 3868 2423 3916 καὶ
2465 3868 2793 3936 συγχύσεως,
2852 3876 2948 3928 τῆς
3007 3867 3091 3921 ἐπὶ
3142 3878 3204 3942 τῇ
3262 3868 3490 3943 ἀπωλείᾳ
3531 3879 3621 3924 τοῦ
3654 3868 3922 3947 προδότου.

2331 3953 2453 4006 ’Υπὸ
2484 3956 2586 4027 γὰρ
2613 3962 2707 4017 τῆς
2738 3958 2870 4027 ἄγαν
2904 3960 3233 4029 συμπαθείας
3259 3957 3555 4034 ἐταράχθη,
3574 3960 3927 4036 ὑπεραλγήσας

2336 4047 2523 4100 αὐτοῦ.
2566 4049 2665 4097 Καὶ
2696 4044 2781 4097 ἐπὶ
2816 4054 2907 4098 τοῦ
2938 4048 3188 4121 Λαζάρου
3221 4045 3280 4101 δε
3312 4053 3370 4101 τό
3405 4048 3813 4124 Ἐνεϐριμησατο
3861 4052 3925 4114 τῷ

2333 4133 2978 4206 πνεύματι,ἱρμηνεὺοντες
2996 4146 3196 4210 πνεῦμα
3224 4141 3282 4190 τό
3308 4140 3473 4201 πάθος
3502 4147 3596 4201 τῆς
3626 4140 3925 4211 συγχύσεως

2340 4222 2635 4296 αἰρήκαμεν.

2408 4407 2507 4455 Καὶ
2539 4432 2606 4443 -—
2636 4422 2718 4475 με.
2772 4404 3183 4479 Ἐμαρτύρησιν,
3212 4409 3375 4478 ἤγουν
3407 4402 3787 4483 διεμαρτύρατο
3817 4405 3921 4474 περὶ

2335 4497 2393 4548 τῆ
2407 4509 2427 4549 ς
2449 4486 2758 4563 προδοσίας.

2401 4578 2649 4632 Ἔϐλεπον
2680 4612 2749 4621 ’“
2776 4581 2932 4654 λέγει.
2967 4586 3127 4636 Οὔπω
3151 4586 3252 4657 ’γὰρ
3285 4584 3433 4644 ἤθελε
3460 4582 3815 4660 δημοσιεῦσαι
3845 4584 3917 4633 τόν

2336 4668 2535 4739 ἄθλιον,
2567 4667 2826 4743 ἀναμένων
2858 4674 2933 4724 ἔτι
2956 4677 3049 4731 τὴν
3080 4672 3400 4748 ἐπιστροφὴν
3430 4680 3613 4732 αὐτοῦ.

2256 4598 2298 4652 D

2406 4846 2505 4901 Ἦν
2538 4844 2597 4901 δὲ
2628 4850 2957 4923 ἀνακείμενος
3015 4881 3078 4891 -
3118 4852 3337 4912 Ἰησοῦς.
3380 4852 3553 4914 Αὐτὸς
3596 4850 3657 4911 ἧν
3694 4854 3719 4905 ό
3770 4854 3920 4902 ταῦτα

2332 4939 2565 5012 γράφων,
2618 4940 2688 4999 ὡς
2752 4941 2909 5000 αὐτὸς
2965 4939 3049 4993 ἐπὶ
3078 4939 3250 5001 τέλους
3304 4949 3394 4993 τοῦ
3426 4942 3744 5015 Εὐαγγελίου
3775 4932 3917 4992 δεδή-

2332 5026 2479 5082 λωκε.
2512 5033 2706 5081 Τοῦτον
2731 5024 2791 5082 δι
2815 5029 2998 5101 ἠγάπα
3028 5031 3053 5082 ό
3082 5030 3316 5098 Ἰησοῦς,
3370 5031 3521 5085 πλέον
3565 5028 3822 5093 δηλονότι,
3860 5025 3920 5083 ὡς

2482 5262 2530 5297 ⁷³
2556 5263 2723 5320 Joan.
2765 5278 2842 5320 χι.
2870 5267 2966 5321 33.

1772 5463 1996 5532 Varias
2035 5464 2365 5536 lectiones
2398 5478 2463 5536 et
2493 5475 2694 5538 notae.

566 5686 755 5827 digit)
793 5684 990 5746 Redde
1019 5699 1034 5745 :
1061 5687 1267 5748 veluti.
1322 5688 1436 5747 Sed
1456 5686 1560 5747 hoc
1582 5695 1832 5762 propter
1856 5690 2226 5760 proditorem

2411 5692 2525 5770 (94)
2553 5699 2656 5747 Τοῦ
2680 5694 2738 5751 Β.
