4108 6386
143 332 292 392 1385

1196 329 1567 399 COMMENT.
1613 342 1682 400 IN
1719 343 2070 406 JOANNEM.
2118 381 2179 390 -
2221 351 2553 408 CAP.XIII.

3389 354 3526 410 1386

150 459 298 522 ἄξιον
339 457 647 528 ἀγαπᾶσθαι
678 460 826 515 πλέον
859 460 953 516 διὰ
981 463 1271 530 πλεονεξίαν
1309 467 1495 542 ἀρετῆς
1526 471 1755 542 μεγάλης

1891 473 2001 530 icet
2020 475 2266 543 caeteris,
2298 481 2363 533 ut
2393 478 2498 550 qui
2521 478 2657 549 plus
2686 478 2850 550 diligi
2881 478 3100 550 dignus
3133 483 3280 546 erat,
3309 480 3386 537 ob
3404 481 3527 537 vir-

157 548 214 606 ἣν
238 547 389 608 αὐτός
420 547 686 624 ἀπέκρυψε
717 548 810 604 διὰ
835 559 1296 629 μετριοφροσύνην,

232 730 449 797 Λέγεται
503 724 563 781 δὲ
601 734 692 782 καὶ
744 739 992 784 τοσοῦτον
1046 733 1099 785 ἐκ
1147 739 1378 797 νεότητος
1440 737 1756 812 ἐπιμελῆσθε,

163 817 285 866 σθαι
330 818 709 892 καθαρότητος,
768 824 833 882 ὡς
881 827 952 894 μὴ
988 824 1140 875 ἐᾶσαί
1188 845 1311 878 ποτε
1340 825 1480 899 μηδὲ
1504 829 1756 902 λογισμόν

161 903 386 974 αἰσχρὸν
433 905 685 966 ἀναϐῆναι
747 911 818 972 εἰς
865 917 958 970 τὴν
990 911 1214 988 καρδίαν
1270 917 1430 969 αὐτοῦ
1463 935 1474 946 ·
1505 919 1757 992 λογισμόν

162 990 220 1045 δὲ
259 994 485 1068 αἰσχρόν
514 997 572 1048 οὐ
608 1004 700 1056 τὴν
734 1006 959 1071 φυσικὴν
999 1007 1205 1060 κίνησιν
1245 1004 1462 1072 οἰητέον,
1511 1006 1634 1060 ἀλλὰ
1667 1015 1758 1069 τὴν

160 1091 522 1158 προαιρετικὴν
579 1095 886 1159 φαντασίαν.
948 1095 1034 1143 Διό
1092 1099 1181 1145 καὶ
1238 1097 1487 1167 παρθένος
1545 1100 1759 1172 ὕστερον

161 1170 526 1245 ἐπωνομάσθη.
568 1183 730 1230 Τοῦτο
785 1175 843 1231 δὲ
881 1185 1184 1257 προτέρημα
1245 1190 1335 1238 καὶ
1395 1195 1456 1259 τῇ
1522 1195 1760 1263 Θεοτόκῳ

159 1271 379 1333 προσῆν.

233 1357 384 1424 Λέγει
414 1350 471 1406 δὲ
502 1356 526 1406 ό
700 1365 1082 1433 Χρυσόστομος
1121 1364 1198 1415 ὃτι
1222 1365 1405 1435 ἠγάπα
1427 1367 1580 1420 αὐτὸν
1612 1368 1760 1421 πλέον

161 1447 249 1494 καὶ
276 1438 350 1493 δι’
380 1444 802 1517 ὑπερϐάλλουσαν
849 1457 1320 1527 ταπεινοφροσύνην
1351 1461 1441 1507 καὶ
1467 1463 1760 1532 πραότητα,

162 1530 289 1606 οἷπερ
321 1531 576 1590 ἐκτήσατο
594 1539 720 1607 μετα
746 1541 804 1589 τό
837 1538 1208 1612 ἐπιτιμηθῆναι
1227 1540 1322 1595 διὰ
1338 1549 1429 1604 τὴν
1458 1545 1758 1622 προεδρίαν.

162 1627 339 1673 Ταῦτα
367 1624 468 1696 γὰρ
501 1629 588 1676 καὶ
619 1628 704 1676 τὸν
744 1629 972 1687 Μωυσῆν
999 1629 1236 1701 ὕψωσαν.

235 1803 419 1852 Σκέπει
447 1796 614 1854 δὲκαὶ
641 1811 793 1856 τοῦτο
842 1807 920 1858 ὅτι
953 1811 1043 1859 καὶ
1079 1816 1188 1869 τοῖς
1243 1813 1434 1864 πάθεσι
1465 1821 1557 1865 τοῦ
1597 1812 1762 1868 διδα-

169 1888 362 1940 σκάλου
393 1895 548 1960 μόνος
577 1899 676 1942 τῶν
733 1896 980 1964 μαθητῶν
1030 1902 1326 1972 παρέμεινεν
1359 1903 1522 1974 άχρις
1561 1903 1620 1955 ἂν
1661 1905 1764 1968 ἐξέ-

166 1995 372 2030 πνευσε.
409 1982 503 2030 Διά
531 1989 696 2032 ταῦτα
729 1979 816 2034 οὖν
837 1989 926 2036 καὶ
957 1986 1198 2056 ηγαπᾶτο
1222 1989 1388 2052 πλέον,
1423 1998 1510 2044 καὶ
1542 1992 1766 2048 ἀνέκειτο

167 2070 298 2118 κατὰ
336 2073 424 2119 τόν
456 2073 636 2144 καιρόν
669 2069 854 2124 ἐκεῖνον
887 2073 932 2125 ἐν
956 2083 1026 2145 τῷ
1057 2076 1229 2148 κόλπῳ
1260 2080 1436 2151 αὐτου,
1471 2084 1534 2143 ὡς
1565 2092 1688 2147 παῖς
1718 2086 1767 2138 ἐν

168 2155 337 2228 κόλπῳ
370 2163 588 2233 πατρὸς,
621 2161 879 2235 ἀναλόγως
907 2162 1125 2236 ἐγγίζων
1156 2167 1296 2239 αὐτῷ
1321 2167 1412 2221 διὰ
1430 2176 1515 2229 την
1553 2171 1652 2226 ἀπὸ
1679 2184 1769 2237 τῆς

172 2243 356 2318 ἀρετῆς
391 2246 669 2319 ἐγγύτητα.
707 2253 857 2307 Εἰκὸς
886 2257 987 2328 γὰρ
1016 2255 1170 2308 αὐτόν
1199 2262 1385 2328 γνόντα
1415 2257 1519 2318 ἤδη
1547 2267 1634 2314 τόν
1674 2267 1770 2316 θά-

171 2354 316 2388 νατον
346 2345 441 2389 τοῦ
481 2335 811 2394 διδασκάλου
854 2341 1061 2417 σφοδρά
1093 2349 1508 2421 σκυθρωπάζειν,
1553 2357 1641 2404 καὶ
1679 2351 1772 2407 διὰ

173 2434 322 2478 τοῦτο
371 2431 505 2500 μετὰ
534 2434 616 2482 τὸν
647 2441 875 2506 νιπτῆρα
919 2435 1314 2507 προσκληθῆναι
1375 2445 1466 2492 καὶ
1499 2439 1770 2496 ἀναπεσεῖν

174 2513 275 2568 ἐκεῖ
299 2520 465 2593 χάριν
489 2527 836 2595 παρηγορίας.
854 2522 1089 2597 Ἔγραψε
1106 2530 1196 2598 μὲν
1221 2528 1306 2578 οὖν
1329 2537 1514 2597 ταῦτα,
1545 2533 1603 2583 οὐ
1636 2534 1772 2605 φιλο·

175 2609 480 2679 τιμούμενος
513 2626 524 2638 ·
560 2615 644 2662 καὶ
702 2613 802 2687 γὰρ
863 2616 1059 2686 φεύγων
1117 2619 1201 2667 τόν
1233 2622 1452 2689 κόμπον,
1495 2625 1553 2673 τό
1587 2622 1771 2676 ἑαυτοῦ

176 2707 483 2769 παρεσιωπη
493 2719 576 2752 σεν
603 2705 782 2774 ὄνομα.

242 2875 376 2930 Ἀλλ’
410 2875 590 2938 ἐπειδὴ
633 2879 968 2958 παρέδραμον
1031 2887 1079 2938 οἱ
1135 2887 1280 2940 ἄλλοι
1311 2889 1677 2962 εὖαγγελισταὶ
1710 2896 1774 2946 τὰ

172 2971 404 3038 περὶτοῦ
459 2967 772 3042 ἐμϐάφέντος
805 2972 1017 3046 ψωμίου
1068 2981 1154 3028 καὶ
1203 2974 1440 3042 δοθέντος
1471 2990 1540 3052 τῷ
1573 2980 1772 3050 Ἰούδα,

173 3055 357 3126 μέλλων
386 3053 749 3130 διηγήσασθαι
779 3071 949 3128 τοῦτο,
1006 3062 1298 3136 ἀναγκαίως
1344 3067 1544 3122 ἐνέπεσε
1582 3078 1671 3124 καὶ
1702 3074 1774 3136 εἰς

1867 563 2004 619 tutis
2035 580 2273 635 magnae
2304 567 2786 640 praerogativam,
2829 584 3016 642 quam
3043 569 3176 643 ipse
3211 569 3525 628 modestia;

1865 667 2052 710 causa
2080 656 2415 712 occultavit.

1939 743 2160 799 Dicitur
2199 750 2400 801 autem
2443 751 2662 804 tantam
2689 763 2725 804 a
2767 763 2954 820 puero
2993 764 3198 806 curam
3242 749 3526 806 habuisse

1867 832 2159 902 puritatis,
2195 839 2257 890 ut
2300 851 2373 891 ne
2412 839 2652 908 turpem
2698 837 2945 909 quidem
2976 838 3393 910 cogitationem
3415 853 3528 895 un-

1868 935 2050 992 quam
2075 923 2134 978 in
2157 938 2259 978 cor
2285 941 2462 980 suum
2485 926 2808 983 ascendere
2836 929 3199 999 permiserit:
3219 930 3410 998 turpis
3429 943 3531 984 au-

1873 1012 1986 1064 tem
2020 1010 2320 1079 cogitatio,
2345 1013 2554 1070 nonde
2579 1020 2744 1071 motu
2767 1016 3024 1073 naturali
3049 1017 3399 1090 accipienda
3416 1021 3522 1081 est,

1869 1098 1971 1152 sed
1998 1098 2072 1153 de
2086 1099 2399 1170 phantasia
2424 1103 2802 1170 voluntaria;
2826 1105 2961 1162 ideo
2986 1105 3168 1163 etiam
3187 1121 3356 1176 Virgo
3368 1111 3531 1179 post-

1870 1190 2122 1245 modum
2163 1192 2620 1261 cognominatus
2657 1201 2763 1250 est.
2807 1198 2927 1253 Hoc
2975 1212 3114 1254 vero
3152 1197 3531 1270 privilegium

1872 1277 1969 1332 Dei
1993 1293 2237 1351 quoque
2266 1280 2539 1338 Genitrici
2567 1282 2774 1340 datum
2801 1290 2945 1342 erat.

1941 1367 2085 1423 Dicit
2163 1373 2363 1426 autem
2416 1371 2898 1445 Chrysostomus,
2951 1375 3114 1448 quod
3169 1376 3349 1434 etiam
3394 1391 3530 1434 am-

1873 1455 2027 1527 plius
2058 1473 2196 1514 eum
2234 1457 2546 1532 diligebat,
2602 1469 2845 1536 propter
2900 1464 3285 1522 excellentem
3343 1464 3532 1521 animi

1872 1546 2272 1604 humilitatem
2294 1565 2365 1605 ac
2387 1553 2936 1620 mansuetudinem,
2964 1571 3118 1628 quas
3145 1554 3534 1626 adeptuserat

1875 1642 2199 1708 postquam
2229 1638 2305 1693 de
2340 1643 2787 1711 praeminentia
2843 1650 3149 1716 correptus
3179 1643 3392 1702 fuerat.
3450 1644 3535 1702 Si-

1875 1725 2113 1795 quidem
2143 1727 2237 1782 hae
2263 1728 2504 1785 virtutes
2525 1731 2702 1788 etiam
2733 1735 2928 1788 Mosen
2956 1733 3389 1791 exaltaverunt.

1804 1819 1846 1875 Β
1948 1814 2272 1874 Considera
2287 1834 2428 1874 vero
2441 1821 2645 1886 ethoc,
2670 1822 2973 1893 quomodo
2990 1821 3154 1878 solus
3177 1812 3535 1895 edisoipulis

1876 1903 1938 1958 in
1977 1907 2246 1975 magistri
2275 1906 2697 1966 afﬂictionibus
2733 1912 3152 1983 permanserit,
3193 1911 3384 1968 donec
3417 1913 3537 1984 spi-

1878 1996 2056 2049 ritum
2083 1996 2452 2053 exhalasset:
2477 1998 2556 2054 ob
2577 1999 2706 2056 haec
2726 2016 2869 2071 ergo
2900 2004 3078 2058 etiam
3107 2001 3366 2074 amplius
3394 2017 3536 2058 eum

1877 2084 2180 2156 diligebat,
2223 2103 2293 2142 ac
2325 2093 2591 2160 tempore
2617 2090 2716 2146 illo
2742 2091 2800 2146 in
2829 2090 2964 2146 sinu
3003 2092 3132 2162 ejus
3157 2090 3538 2148 recumbebat

1879 2178 2167 2245 tanquam
2198 2175 2356 2232 ﬁlius
2387 2177 2445 2233 in
2487 2179 2620 2234 sinu
2653 2181 2840 2252 patris
2868 2198 2882 2248 ;
2924 2181 3426 2254 appropinquans
3463 2180 3538 2235 si-

1879 2263 2094 2319 militer
2106 2266 2158 2320 ei
2176 2272 2419 2337 propter
2441 2267 2668 2324 virtutis
2680 2270 3212 2342 propinquitatem.
3233 2269 3538 2342 Siquidem

1879 2352 2193 2408 verisimile
2207 2360 2314 2424 est,
2329 2356 2513 2427 quod,
2530 2359 2898 2428 praecognita
2904 2359 3032 2427 jam
3046 2358 3315 2429 magistri
3327 2362 3538 2424 morte,

1881 2448 2130 2498 maestus
2159 2444 2493 2502 admodum
2524 2454 2672 2514 erat,
2708 2455 2764 2504 et
2794 2454 3107 2522 propterea
3145 2453 3284 2521 post
3313 2450 3540 2521 pedum

1880 2531 2165 2588 lotionem
2194 2537 2416 2598 ascitus
2437 2535 2650 2603 fuerat,
2683 2537 2882 2611 ibique
2912 2540 3268 2595 recubuerat
3292 2555 3305 2594 :
3326 2553 3544 2595 conso-

1879 2620 2118 2677 lationis
2149 2639 2292 2694 ergo
2323 2626 2515 2695 gratia
2535 2628 2627 2700 (ι’ἱ)
2647 2627 2776 2684 Ι]ωο
2803 2629 3058 2703 scripsit,
3079 2644 3202 2685 non
3241 2627 3544 2699 gloriatio-

1881 2711 1974 2766 nis
2009 2728 2022 2767 :
2057 2728 2198 2768 nam
2247 2713 2482 2785 fugiens
2509 2716 2874 2789 jactantiam,
2927 2718 3021 2775 sui
3075 2719 3263 2791 ipsius
3317 2731 3543 2774 nomen

1883 2801 2183 2858 conticuit.

1955 2891 2172 2947 Verum
2204 2909 2343 2948 cum
2371 2894 2565 2950 caeteri
2600 2895 2975 2966 evangelista;
3024 2895 3545 2968 praetermisissent

1885 2995 2018 3051 quae
2045 2981 2113 3036 de
2129 2981 2474 3039 intinctione
2491 2988 2549 3040 et
2565 2984 2750 3041 offula
2772 2986 2938 3042 Judaa
2968 2986 3105 3043 data
3131 2985 3539 3057 contigerant:

1886 3077 2233 3126 narraturus
2261 3072 2394 3139 hoc,
2422 3073 2628 3130 incidit
2666 3077 3008 3133 necessario
3037 3077 3098 3132 in
3124 3077 3339 3132 horum
3379 3091 3545 3132 enar-

173 3150 261 3203 τὴν
288 3150 484 3199 τούτων
514 3147 999 3221 ἀπαγγελίαν.Ἐπεὶ
1019 3157 1117 3230 γὰρ
1146 3155 1770 3235 αὐτός,ἐπιτραμεὶςπαρὰ

1891 3161 2195 3216 rationem.
2239 3163 2407 3228 Nam,
2451 3164 2596 3236 quia
2645 3164 2885 3222 hortatu
2938 3165 3086 3222 Petri
3120 3165 3271 3221 clam
3299 3165 3546 3221 interro-

175 3242 262 3286 τοῦ
286 3241 505 3311 Πέτρου,
543 3238 781 3312 ἠρώτησε
811 3248 1039 3314 κρυφίως
1076 3250 1153 3307 τίς
1192 3244 1330 3298 ἐστιν
1381 3250 1405 3299 ό
1445 3249 1774 3323 παραδιδοὺς

176 3325 320 3378 αὐτόν
356 3344 368 3356 '
409 3324 689 3398 ἀναγκαῖον
722 3326 781 3388 ἦν
831 3332 988 3384 εἰπεῖν
1038 3343 1137 3386 που
1195 3335 1516 3410 ἀνακείμενος
1543 3337 1774 3400 ἠδύνατο

173 3412 354 3486 ἐρωτᾷν
390 3421 634 3489 κρυφίως,
686 3424 776 3472 καὶ
808 3430 913 3482 πῶς
967 3421 1168 3498 ἐθάρρει
1226 3424 1328 3478 ἐκεῖ
1379 3447 1429 3479 τε
1469 3427 1775 3488 ἀνακεῖσθαι

170 3508 255 3556 καὶ⁵
280 3504 480 3580 ἐρωτᾷν
511 3517 796 3578 μυστικῶς.

239 3593 304 3646 ’Ἡ
338 3597 404 3646 τὸ
461 3599 552 3667 μεν
610 3595 915 3652 ἀνακεῖσθαι
946 3599 994 3652 ἐν
1060 3612 1131 3673 τῷ
1177 3607 1348 3681 κόλπῳ
1399 3613 1560 3666 αὐτοῦ
1618 3635 1771 3687 φησι,

175 3678 337 3741 δηλῶν
397 3688 492 3742 τὴν
555 3687 896 3763 ὑπεράπειρον
957 3698 1268 3747 ταπείνωσιν
1322 3709 1411 3751 τοῦ
1471 3708 1564 3761 τὴν
1617 3702 1774 3767 δόξαν

175 3773 518 3848 ὑπεραπείρου
579 3792 592 3804 °
648 3780 706 3828 τό
783 3774 841 3830 δὲ
927 3779 1233 3851 ἀγαπᾶσθαι
1303 3788 1455 3862 λέγει,
1529 3789 1775 3847 δεικνύων

177 3861 350 3915 ἑαυτόν
413 3883 470 3916 τε
545 3863 862 3941 εὐχάριστον
951 3870 1184 3926 κάκεῖνον
1266 3877 1772 3953 φιλανθρωπότατον.

179 3956 276 4004 Καὶ
302 3954 382 4004 ὅτι
429 3956 521 4026 μὲν
561 3956 802 4025 ἠγαπᾶτο
852 3959 1089 4030 ὁμολογεῖ
1121 3980 1133 3992 ⁸
1170 3961 1314 4017 διατί
1355 3965 1411 4020 3's
1449 3971 1690 4042 ἠγαπᾶτο
1715 3974 1774 4027 οὗ

177 4045 540 4114 προστίθησιν,
631 4043 963 4121 εὐχαριστῶν
1044 4054 1134 4123 μὲν
1209 4054 1320 4127 οἶμα
1398 4064 1487 4111 καὶ
1574 4082 1778 4139 μετριο-

179 4139 388 4204 φρονῶν.

245 4224 394 4274 Νεύει
455 4252 520 4263 -
579 4222 736 4295 λέγει.
815 4226 973 4289 Αὐτὸς
1021 4233 1110 4301 μὶν
1173 4233 1266 4285 οὐκ
1324 4234 1608 4311 ἐθάρρησεν
1649 4240 1775 4316 ἐρω-

176 4315 333 4366 τῆσαι
386 4309 483 4364 διὰ
531 4315 623 4371 τὴν
675 4314 845 4368 αἰτίαν
895 4316 954 4375 ἣν
995 4320 1268 4395 εἰρήκαμεν
1314 4323 1360 4376 ἐν
1391 4336 1463 4397 τῷ
1514 4329 1778 4403 ἑξηκοστῷ

177 4402 398 4473 τετάρτῳ
440 4402 698 4474 κεφαλαίῳ
754 4413 844 4458 τοῦ
897 4412 1033 4461 κατὰ
1077 4415 1344 4466 Ματθαῖον
1377 4436 1388 4447 ·
1434 4427 1505 4490 τῷ
1568 4419 1776 4481 Ἰωάννη

1885 3255 2132 3320 gaverat
2159 3251 2443 3323 quisnam
2474 3259 2626 3310 esset
2677 3255 2780 3324 qui
2811 3271 2948 3311 eum
2988 3255 3266 3320 traderet,
3304 3269 3546 3310 necesse

1884 3345 2007 3395 erat
2031 3339 2249 3406 dicere,
2303 3342 2614 3414 quomodo
2661 3342 3049 3413 recumberet,
3095 3349 3156 3400 ut
3183 3344 3338 3400 clam
3369 3347 3546 3400 caste-

1884 3430 1964 3485 ris
2004 3435 2204 3502 posset
2234 3430 2622 3501 interrogare,
2663 3438 2717 3488 et
2746 3449 2869 3506 quo
2899 3439 3076 3506 pacto
3133 3450 3316 3491 ausus
3345 3438 3435 3490 est
3461 3431 3543 3489 ibi

1884 3517 2222 3574 recumbere
2250 3536 2320 3576 ac
2352 3527 2576 3577 secreto
2596 3522 2974 3593 interrogare.

1956 3612 2069 3664 Aut
2094 3609 2434 3665 recubuisse
2465 3627 2526 3666 se
2565 3611 2708 3667 dicit
2732 3614 2792 3667 in
2820 3613 2954 3668 sinu
2979 3614 3138 3684 ejus,
3187 3612 3547 3668 immensam

1888 3697 2043 3752 illius
2069 3699 2457 3756 manifestans
2487 3700 2902 3768 humilitatem,
2943 3704 3047 3776 qui
3073 3702 3388 3758 immensae
3418 3706 3549 3758 erat

1887 3786 2083 3857 gloriae
2117 3805 2131 3841 :
2161 3803 2225 3843 se
2251 3805 2386 3845 vero
2406 3789 2571 3858 diligi
2595 3790 2697 3853 ait,
2737 3791 3082 3861 signiﬁcans
3120 3796 3178 3848 et
3216 3807 3277 3846 se
3308 3795 3548 3861 gratum

1885 3883 1939 3932 et
1969 3875 2124 3932 illum
2151 3877 2512 3934 humanum.
2539 3879 2856 3936 Conﬁtetur
2880 3897 3041 3953 ergo,
3071 3880 3236 3953 quod
3265 3879 3548 3951 diligeba-

1885 3971 1979 4021 tur
2001 3983 2015 4033 ;
2038 3983 2286 4023 causam
2301 3984 2438 4024 vero
2449 3985 2554 4024 cur
2570 3969 2913 4042 diligeretur
2932 3986 3054 4028 non
3080 3970 3262 4035 addit,
3295 3968 3472 4024 simul
3495 3972 3550 4026 et

1883 4063 2086 4127 gratus
2125 4062 2182 4114 et
2219 4057 2555 4117 modestus.

1958 4236 2472 4292 Vers.24.1nnuit
2519 4239 3010 4313 -—dicerel.lpse
3061 4241 3309 4314 quidem
3363 4260 3549 4301 ausus

1889 4341 2010 4381 non
2041 4332 2128 4382 est
2151 4326 2539 4396 interrogare,
2563 4334 2807 4400 prOpter
2827 4346 3074 4387 causam
3101 4348 3288 4405 quam
3311 4350 3550 4405 sexage-

1893 4416 2046 4472 simo
2067 4423 2283 4489 quarto
2291 4418 2470 4487 juxta
2490 4419 2826 4474 Matthasum
2847 4422 3038 4491 capite
3051 4421 3314 4478 diximus
3339 4439 3352 4488 ;
3377 4424 3551 4480 Joan-

180 4481 236 4538 δὲ
264 4497 418 4542 τοῦτο
471 4489 761 4564 ἐπέτρεψεν,
815 4498 884 4557 ὡς
919 4498 1238 4573 ἠγαπημένῳ
1295 4505 1526 4576 μάλιστα
1571 4519 1641 4581 τῷ
1690 4508 1770 4563 δι-

190 4569 211 4590 α
341 4577 371 4590 ι.
577 4585 584 4590 -
648 4580 660 4590 ε
810 4588 816 4590 -
877 4589 880 4590 ν

1891 4507 1952 4562 ni
2011 4523 2150 4563 vero
2198 4507 2312 4562 hoc
2386 4507 2683 4564 commisit
2749 4513 3043 4582 tanquam
3092 4528 3126 4568 a
3185 4519 3551 4586 praeceptore

178 4569 450 4651 δασκάλῳ,
505 4585 594 4632 καὶ
640 4580 950 4658 ἀνακείμένῳ
985 4597 1275 4647 τηνικαῦτα
1311 4595 1361 4646 ἐν
1388 4605 1457 4668 τῷ
1483 4597 1656 4672 κόλπῳ
1687 4602 1780 4654 αὐ-

173 4670 283 4721 τοῦ.

248 4756 539 4812 Ἐπιπεσὼν
593 4757 653 4814 δὲ
704 4762 892 4826 ἐκεῖνος
962 4771 1126 4834 οὕτως
1198 4804 1266 4813 -
1323 4773 1462 4829 ἐστιν
1515 4795 1528 4846 ;
1586 4783 1779 4851 Οὕτως,

180 4845 242 4905 ὡς
272 4845 520 4916 ἀνέκειτο,
563 4856 805 4905 τουτέστι
857 4860 930 4927 μὴ
993 4857 1242 4928 ἀναστὰς,
1302 4862 1432 4916 ἀλλὰ
1496 4872 1647 4938 μόνον
1691 4890 1785 4942 με-

179 4943 512 5011 ταστραφείς.
567 4939 626 4994 Ὁ
655 4944 745 5015 μὲν
795 4940 883 4995 οὖν
949 4947 1184 5011 Ἰωάννης
1240 4950 1293 5016 ἐξ
1344 4953 1632 5021 ἁπλότητος
1693 4967 1783 5014 καὶ

180 5021 383 5095 ἀγάπης
413 5031 673 5088 ἐπέπεσεν.
742 5036 902 5087 Οὔπω
939 5040 1040 5112 γὰρ
1082 5043 1230 5112 φύσει
1282 5047 1404 5096 Θεὸν
1469 5046 1622 5100 αὐτόν
1677 5047 1786 5121 ἐγί-

178 5131 368 5168 νωσκεν
404 5137 419 5152 ο
471 5120 629 5183 αὐτὸς
685 5119 743 5176 δὲ
794 5125 1050 5198 ἠνέσχετο
1088 5128 1182 5181 κᾶν
1236 5136 1401 5206 τούτῳ
1440 5134 1782 5211 ψυχαγωγῶν

182 5201 331 5256 αὐτόν
346 5251 358 5265 ,

1892 4597 2155 4658 maxime
2179 4595 2410 4663 dilecto,
2442 4597 2549 4669 qui
2588 4605 2727 4654 tunc
2782 4599 2842 4655 in
2897 4601 3032 4656 sinu
3062 4602 3190 4672 ejus
3236 4603 3554 4661 recumbe-

1890 4686 2012 4744 bat.

1963 4775 2129 4832 Vers.
2161 4776 2249 4834 25.
2307 4779 2456 4834 Cum
2514 4794 2654 4849 ergo
2705 4779 2810 4835 ille
2838 4779 3202 4836 recumberet
3226 4783 3312 4839 ita
3333 4812 3401 4824 ——
3425 4782 3552 4838 est?

1893 4870 1996 4933 lta,
2030 4868 2199 4924 sicuti
2229 4867 2634 4933 recumbebat,
2665 4868 2780 4924 hoc
2808 4874 2918 4936 est,
2974 4885 3096 4925 non
3136 4869 3416 4936 elevatus,
3445 4870 3553 4928 sed

1893 4960 2125 5013 tantum
2151 4974 2503 5014 conversus.
2542 4959 2800 5013 Joannes
2839 4958 3039 5030 itaque
3069 4975 3142 5014 ex
3173 4959 3554 5032 simplicitate

1894 5063 1962 5103 ac
1986 5047 2301 5104 dilectione
2326 5048 2719 5104 recumbebat
2753 5064 2767 5114 ;
2821 5048 3095 5105 nondum
3147 5048 3307 5105 enim
3338 5055 3555 5108 natura

1894 5141 2081 5194 Deum
2131 5153 2263 5194 esse
2320 5138 2766 5208 cognoscebat;
2822 5138 2947 5210 ipse
2976 5154 3118 5194 vero
3149 5139 3549 5211 permittebat,

1895 5231 2075 5285 etiam
2113 5229 2173 5284 in
2197 5228 2314 5285 hoc
2339 5227 2613 5284 animum
2640 5227 2796 5283 illius
2820 5227 3148 5286 obiectans.

1398 5405 1621 5476 Varias
1663 5407 1988 5480 lectiones
2029 5420 2093 5478 et
2124 5421 2325 5479 notae.

288 5530 401 5604 (95)
429 5530 582 5591 Tom.
616 5534 754 5606 VIII,
784 5553 845 5611 p.
882 5536 984 5596 4'94
1008 5539 1080 5600 A.

291 5654 380 5729 (ii)
415 5659 580 5734 Χάριν
597 5667 946 5740 παρηγορίας,
980 5667 1156 5739 male,
1188 5672 1251 5727 ut
1275 5669 1534 5739 videtur,
1559 5675 1770 5751 interpr

1891 5678 2072 5736 retulit
2103 5677 2181 5736 ad
2211 5679 2520 5752 sequentia
2542 5678 2736 5756 ἔγραψε
2765 5685 2948 5746 ταῦτα,

509 5758 748 5818 ΡΑῃτοι.
794 5762 878 5819 Gn
893 5807 906 5821 .
957 5763 1204 5826 CXXIX.

3248 5777 3318 5848 it
3464 5833 3482 5856 ι
