4108 6386
561 357 584 413 1
595 355 697 413 387

555 573 730 645 juxta
763 570 1106 625 Matthaeum
1155 568 1367 640 capite,
1404 568 1503 624 ubi
1553 568 1810 623 dicitur:
1857 568 1988 622 Dico
2029 573 2220 621 autem

561 662 731 729 vobis,
760 659 913 733 quod
950 674 1065 712 non
1099 657 1291 714 bibam
1315 674 1389 714 ea:
1415 659 1519 714 hoc
1549 659 1756 726 fructu
1790 658 1925 713 vitis
1954 672 2134 728 usque
2161 657 2222 710 in

561 753 714 808 diem
741 749 977 805 iitum"
998 752 1054 802 et
1075 752 1308 813 caetera,
1333 753 1384 802 et
1401 747 1525 818 lege
1544 753 1729 803 totam
1749 747 2218 802 enarrationem:

563 857 706 897 nam
737 840 797 895 in
829 853 899 894 ea
929 836 1107 892 dehis
1137 841 1194 892 et
1214 837 1284 892 iis
1315 852 1450 909 quae
1482 845 1828 910 sequuntur,
1858 837 1934 892 ad
1972 836 2220 891 verbum

562 931 788 986 dictum
814 932 919 982 est.

636 1019 796 1074 Vers.
822 1018 914 1073 '27.
955 1017 1031 1071 Et
1062 1047 1129 1056 —
1158 1016 1440 1073 Satanas.
1473 1017 1536 1072 In
1569 1016 1686 1072 ﬁne
1710 1015 1864 1072 illius
1900 1015 2224 1071 enarratio-

563 1110 656 1165 nis
687 1107 762 1164 de
800 1106 914 1162 hoc
945 1106 1122 1177 plane
1153 1105 1438 1160 invenies.
1471 1108 1780 1176 Ingressus
1811 1111 1903 1161 est
1931 1110 2130 1160 autem
2165 1105 2224 1160 in

563 1198 752 1262 illum,
777 1210 896 1250 non
916 1193 1080 1266 quod
1098 1199 1159 1248 ut
1183 1193 1621 1250 daemoniacum
1647 1195 1915 1264 agitaret,
1932 1193 2036 1248 sed
2058 1197 2222 1266 quod

563 1286 970 1342 dominaretur
987 1300 1055 1338 ac
1079 1283 1337 1339 servituti
1360 1300 1496 1339 eum
1523 1284 1857 1356 subjiceret,
1891 1282 2066 1339 veluti
2099 1300 2228 1356 sep-

564 1373 902 1444 tuagesimo
925 1379 1092 1427 sexto
1114 1373 1302 1443 capite
1324 1373 1621 1445 Evangelii
1641 1374 1978 1430 secundum
2004 1373 2222 1429 Lucam

565 1464 847 1520 diximus.
869 1461 970 1517 Vel
988 1462 1165 1517 etiam
1186 1476 1290 1534 per
1311 1463 1700 1534 cogitationes
1722 1464 1780 1518 in
1807 1462 1973 1518 illum
2005 1461 2227 1532 ingres-

569 1570 673 1608 sus
702 1558 808 1608 est.

638 1644 798 1698 Vers.
831 1643 921 1694 21.
982 1642 1085 1696 Ait
1139 1671 1205 1680 --
1264 1641 1425 1696 Vers.
1473 1644 1560 1695 29.
1612 1643 1814 1698 Daret.
1871 1645 1932 1696 In
1965 1657 2035 1697 ea
2056 1656 2228 1696 enar-

566 1733 796 1789 ratione
827 1731 1004 1786 etiam
1045 1730 1172 1786 haec
1201 1732 1408 1786 omnia
1451 1731 1695 1801 pulchre
1732 1731 2028 1787 declarata
2065 1735 2223 1786 sunt.

640 1824 796 1876 Vers.
840 1825 934 1876 30.
968 1821 1222 1889 Accepta
1251 1851 1314 1860 —
1346 1821 1548 1877 exivit.
1588 1821 1864 1877 Similiter
1889 1826 1944 1876 et
1969 1821 2102 1876 hoc.

636 1913 798 1966 Vers.
827 1915 916 1966 30.
947 1910 1096 1964 Erat
1134 1939 1204 1949 -—
1254 1912 1416 1966 Vers.
1458 1914 1550 1965 31.
1598 1911 1825 1968 Exivit.
1869 1909 2230 1979 Signiﬁcavit

565 2005 804 2072 tempus
843 1996 1236 2069 evangelista,
1295 1999 1635 2066 ostendens,
1692 2000 1856 2072 quod
1890 2015 2079 2070 neque
2110 2015 2226 2054 nox

566 2105 704 2145 eum
733 2087 991 2143 retinuit.

639 2178 797 2232 Vers.
827 2177 915 2232 31.
949 2175 1050 2231 Ait
1099 2208 1166 2216 —
1209 2177 1483 2244 hominis,
1515 2177 1805 2249 Superius
1850 2177 2000 2233 dixit
2035 2177 2228 2249 capite

566 2267 802 2324 decimo
823 2266 1032 2338 quinto
1065 2282 1078 2321 :
1105 2267 1268 2322 Venit
1291 2271 1516 2336 tempus
1549 2274 1612 2323 ut
1643 2269 2017 2339 gloriﬁcelur
2033 2269 2229 2323 Filius

567 2357 822 2413 hominis
853 2357 920 2410 ⁷⁵.
956 2356 1299 2411 Hicautem:
1324 2358 1504 2413 Nunc
1533 2359 1900 2428 glori/iectus
1927 2361 2010 2414 est
2037 2358 2229 2413 Filius

567 2447 844 2503 hominis.
888 2447 952 2499 Et
983 2445 1116 2512 hoc,
1160 2445 1371 2518 inquit,
1419 2453 1688 2518 tempore
1731 2446 2096 2516 glorificatus
2144 2451 2228 2501 est

567 2534 994 2591 afﬂictionibus
1013 2551 1120 2606 pro
1139 2536 1368 2591 mundo
1399 2536 1656 2591 toleratis
1681 2553 1692 2591 :
1715 2553 1854 2592 nam
1885 2537 2076 2606 gloria
2095 2543 2230 2592 sunt

572 2624 824 2680 domino
845 2621 1220 2690 aﬂlictiones,
1271 2640 1424 2697 quas
1462 2641 1572 2698 pro
1608 2626 1793 2681 servis
1835 2626 2055 2682 tolerat.
2085 2629 2229 2682 Tan-

572 2729 760 2786 quam
808 2711 1029 2767 factum
1073 2719 1276 2768 autem
1319 2714 1459 2769 dicit
1506 2715 1564 2770 id
1598 2717 1762 2787 quod
1789 2716 2054 2771 futurum
2097 2722 2226 2785 est;

566 2804 709 2874 quia
726 2801 908 2874 paulo
923 2807 1054 2874 post
1069 2804 1673 2875 comprehendendus
1699 2811 1755 2862 et
1778 2822 2063 2878 passurus
2082 2811 2224 2862 erat.

565 2891 730 2957 Quod
750 2889 801 2944 si
830 2889 1081 2947 domino
1100 2891 1287 2961 gloria
1304 2903 1442 2949 sunt
1461 2893 1814 2951 aﬂlictiones
1837 2895 2095 2951 toleratae
2120 2911 2228 2967 pro

568 2981 780 3047 servis,
815 2979 1002 3036 multo
1040 2981 1234 3052 magis
1279 2985 1465 3040 servis
1506 2985 1696 3056 gloria
1749 2991 1905 3051 sunt,
1947 3002 2083 3058 quae
2120 3001 2229 3058 pro

563 3071 815 3127 domino
846 3070 1155 3126 sustinent.

638 3161 801 3214 Vers.
839 3158 928 3213 3t.
968 3159 1042 3214 Et
1080 3191 1150 3201 —
1188 3176 1340 3217 eum.
1386 3161 1557 3218 Pater
1610 3163 1976 3234 gloriﬁcatus
1997 3170 2086 3220 est
2126 3182 2232 3238 per
2264 3193 2304 3249 ρ

566 3249 796 3315 Filium,
866 3265 971 3320 per
1022 3253 1553 3316 conversationem.
1605 3270 1728 3326 qua
1780 3260 2068 3327 tanquam
2126 3256 2232 3311 ho-

565 3355 667 3396 mo
707 3355 816 3412 pro
869 3339 1058 3396 salute
1107 3341 1423 3398 hominum
1477 3349 1864 3400 conversatus
1918 3351 2024 3400 est.
2083 3349 2232 3401 Nam

565 3430 720 3485 sicut
748 3430 890 3486 Filio
915 3431 1110 3502 gloria
1130 3435 1216 3487 est
1239 3431 1460 3487 habere
1491 3433 1668 3488 talem
1689 3434 1951 3498 Patrem,
1977 3435 2056 3490 ita
2085 3451 2232 3490 sane

565 3523 621 3574 et
653 3520 803 3575 Patri
835 3519 1024 3589 gloria
1063 3522 1154 3574 est
1183 3519 1405 3576 habere
1439 3521 1614 3578 talem
1674 3522 1904 3578 Filium.
1942 3523 2233 3580 Prmlerea

564 3623 808 3682 quoque
822 3609 1096 3665 homines
1115 3609 1385 3665 videntes
1411 3611 1771 3668 admiranda
1800 3629 1935 3684 quae
1954 3613 2228 3680 faciebat,

565 3696 985 3767 gloriﬁcabant
1016 3699 1225 3764 Deum,
1266 3699 1786 3771 quemadmodum
1816 3702 2024 3759 dicunt
2053 3718 2234 3760 evan-

564 3785 809 3858 gelistaa.

639 3875 808 3932 Vers.
841 3877 932 3934 32.
968 3877 1136 3945 Quod
1159 3877 1210 3932 si
1243 3909 1300 3920 -
1333 3879 1607 3948 seipsum.
1632 3879 1996 3938 Gloriﬁcabit
2023 3883 2232 3940 Filium

565 3981 674 4039 per
722 3967 1006 4040 seipsum,
1061 3967 1246 4023 edens
1315 3969 1583 4041 prodigia
1615 3975 1877 4042 tempore
1915 3974 2230 4044 passionis,

565 4056 878 4113 tremenda
899 4073 965 4112 ac
986 4058 1284 4128 stupenda
1304 4059 1509 4128 signa:
1531 4061 1709 4116 etiam
1727 4061 1865 4116 hinc
1880 4063 2228 4129 ostendens,

563 4144 731 4216 quod
757 4144 1058 4217 legitimus
1090 4151 1245 4201 esset
1268 4147 1392 4217 ejus
1427 4147 1618 4203 Filius.
1653 4151 1802 4205 Nam
1830 4157 1884 4205 et
1916 4158 2233 4223 propterea

563 4233 627 4289 in
679 4234 1082 4306 uperioribus
1135 4234 1324 4291 dixit:
1358 4236 1506 4293 Cum
1553 4238 1960 4296 exaltaverizis
2012 4242 2230 4298 Filium

567 4321 838 4387 hominis,
931 4327 1074 4380 tunc
1139 4328 1486 4394 cognoscetis
1562 4328 1722 4397 quod
1799 4344 1902 4400 ego
1971 4331 2081 4387 sim
2158 4334 2226 4399 7°,

564 4411 668 4468 ubi
692 4411 966 4469 latiorem
1006 4429 1077 4470 ac
1106 4414 1576 4472 manifestiorem
1607 4417 1875 4476 dedimus
1901 4422 2232 4479 enarratio-

564 4516 727 4557 nem.

638 4589 798 4646 Vers.
847 4595 934 4648 32.
978 4592 1043 4646 Et
1089 4621 1144 4634 -
1195 4607 1348 4649 eum.
1407 4595 1699 4654 Continuo
1745 4597 1804 4653 in
1851 4599 1985 4670 ipsa
2031 4617 2226 4658 cruce.

565 4677 691 4733 Hoc
732 4684 932 4736 autem
975 4679 1140 4748 dixit,
1182 4697 1255 4737 ne
1305 4681 1379 4738 de
1422 4683 1607 4754 gloria
1664 4687 1764 4743 illa
1809 4690 2221 4760 Opinarentur,

562 4783 746 4840 quam
790 4768 1039 4826 habebit
1085 4769 1143 4824 in
1190 4772 1455 4828 secundo
1505 4769 1617 4832 suo
1655 4777 1938 4844 adventu,
1982 4779 2057 4834 de
2101 4797 2224 4853 qua

562 4857 903 4930 frequenter
942 4874 1047 4914 eos
1092 4859 1311 4916 docuit.
1367 4861 1502 4918 Haec
1548 4879 1690 4921 vero
1738 4865 1966 4937 dicens,
2017 4876 2223 4927 monet

565 4951 868 5004 stertentes
889 4963 1097 5004 eorum
1121 4951 1527 5021 cogitationes,
1553 4955 1852 5022 etsuadet,
1874 4973 1993 5013 non
2023 4959 2219 5016 solum

563 5052 638 5094 ne
688 5037 936 5094 moleste
985 5038 1196 5105 ferant,
1234 5041 1340 5096 sed
1378 5047 1434 5098 et
1462 5043 1766 5112 gaudeant
1809 5053 2052 5121 propter
2098 5049 2223 5121 glo-

561 5125 714 5184 riam
745 5129 900 5201 ejus,
933 5144 1064 5201 qua)
1084 5129 1267 5202 paulo
1294 5136 1432 5202 post
1463 5131 1662 5190 futura
1684 5139 1791 5192 est.

667 5322 718 5360 ἠ
746 5323 1090 5392 Matth.xv1,
1129 5330 1181 5392 9,
1298 5329 1346 5365 ⁷⁵
1376 5328 1548 5388 Joan.
1580 5348 1681 5402 xu,
1722 5335 1811 5391 23.

1909 340 2266 407 EUTHYMII‘
2292 333 2614 406 ZIGABEM

601 503 604 506 ·
631 485 791 538 Vers.
820 479 1257 548 26.Respondet
1282 479 1686 535 -Ῑεεανίοιεε,
1719 480 1923 543 Quaere
1940 477 2221 548 prmdicto
2254 476 2294 530 A

3804 348 3928 406 4388

2409 476 2768 549 Ἀποκρίνεται
2799 506 2866 515 —
2917 475 3247 549 Ἰσκαριώτη.
3287 482 3526 534 Ζήτησον
3567 474 3615 528 ἐν
3649 485 3719 548 τῷ
3773 473 3926 535 δηλω-

2337 567 2471 618 θέντι
2502 565 2760 637 κεφαλαίῳ
2791 572 2881 616 τοῦ
2921 567 3056 616 κατὰ
3097 567 3362 618 Ματθαῖον
3396 567 3507 637 (96)
3558 571 3616 618 τό
3653 586 3664 598 ·
3703 572 3847 634 Λέγω
3877 565 3927 620 δὲ

2334 656 2454 727 ὑμῖν
2483 657 2560 707 ὅτι
2586 655 2643 707 οὐ
2675 659 2743 726 μὴ
2784 659 2886 706 πίω
2941 653 3133 729 ἀπάρτι
3165 655 3218 706 ἐκ
3258 659 3444 708 τούτου
3480 663 3571 708 τοῦ
3623 661 3926 728 γεννήματος

2334 753 2426 807 τῆς
2459 744 2707 816 ἀμπέλου,
2733 744 2826 804 ἕως
2861 751 2948 804 τῆς
2971 746 3170 817 ἡμέρας
3199 744 3412 813 ἐκείνης,
3447 751 3535 798 καὶ
3562 743 3820 816 ἀνάγνωθι
3844 751 3925 804 τὴν

2335 835 2456 894 ὅλην
2489 834 2735 906 ἐξήγησιν
2771 853 2782 863 ·
2827 834 2873 886 ἐν
2907 836 3036 908 αὐτῇ
3091 839 3192 906 γὰρ
3234 841 3351 909 περὶ
3376 839 3568 888 τούτων
3608 855 3664 887 τε
3712 841 3800 886 καὶ
3838 845 3924 887 τῶν

2336 925 2510 997 ἐφεξῆς
2541 924 2732 999 ἐρρήθη
2765 927 2900 977 κατὰ
2928 925 3099 996 λόγον.

2410 1021 2510 1068 Καὶ

2335 1104 2529 1165 ἐκείνης
2585 1105 2819 1175 εὑρήσεις
2851 1109 2967 1177 περὶ
3028 1107 3215 1156 τούτου
3255 1113 3450 1176 σαφῶς.
3515 1102 3740 1162 Εἰσῆλθε
3787 1100 3922 1165 δεεὶς

2579 1045 2635 1054 —-
2707 1021 2951 1076 Σατανᾶς.
3027 1015 3106 1067 Ἐν
3160 1022 3232 1085 τῷ
3299 1014 3428 1067 τέλει
3498 1022 3592 1076 τῆς
3651 1011 3924 1085 ἐξηγήσεως

2337 1194 2541 1259 ἐκεῖνον,
2576 1193 2680 1265 οὐχ
2729 1195 2862 1245 ὥστε
2911 1190 3164 1265 ὃαιλαονᾲν
3206 1195 3382 1258 αὐτὸν,
3441 1193 3548 1245 ἀλλ’
3605 1195 3741 1246 ὥστε
3783 1213 3924 1244 κατα-

2337 1287 2588 1356 κυριεύειν
2646 1288 2734 1335 καὶ
2802 1280 3150 1355 δουλαγωγεῑν
3213 1284 3389 1354 αὐτὸν,
3471 1286 3539 1345 ὡς
3609 1288 3698 1335 καὶ
3770 1281 3815 1334 ἐν
3867 1293 3925 1353 τῳ

2338 1371 2713 1446 ἑϐδομηκοστῷ
2770 1373 2898 1444 ἕκτῳ
2952 1373 3209 1445 κεφαλαίῳ
3277 1378 3369 1426 τοῦ
3421 1375 3555 1425 κατὰ
3616 1379 3820 1425 Λουκᾶν
3872 1374 3926 1424 ει-

2337 1469 2588 1536 ρήκαμεν.
2635 1462 2697 1515 Ἥ
2747 1467 2836 1514 καὶ
2892 1459 2984 1514 διὰ
3015 1471 3111 1515 τῶν
3141 1463 3405 1536 λογισμῶν
3449 1462 3684 1522 εἰσῆλθεν
3714 1463 3779 1523 εἰς
3810 1461 3928 1514 ἐκεί-

2337 1573 2420 1604 νον
2454 1553 2588 1624 (97).

2414 1645 2566 1712 Λέγει
2598 1673 2657 1682 -
2691 1637 2790 1711 δῷ.
2819 1641 2900 1694 ’[εἰν
2933 1640 3096 1714 ἐκείνῃ
3118 1650 3178 1714 τῇ
3204 1642 3450 1713 εξηγησει
3481 1647 3570 1694 καὶ
3592 1649 3760 1694 ταῦτα
3777 1644 3928 1694 πάντα

2341 1728 2594 1804 διρμηνεύ
2604 1732 2664 1790 θη
2676 1751 2768 1783 σαν
2796 1733 3008 1803 οἶριστα.

2269 1837 2307 1891 Β
2415 1821 2600 1874 Λαϐὼν
2633 1853 2693 1860 -
2727 1820 2946 1883 ἐξῆλθεν.
2999 1820 3218 1893 Ὀμοὶως
3250 1826 3338 1873 καὶ
3371 1828 3544 1876 τοῦτο.

2411 1910 2506 1962 Ἦν
2537 1941 2605 1950 ——
2635 1909 2860 1972 ἐξῆλθεν.
2926 1911 3321 1982 Ἐπεσημὴνατο
3352 1915 3437 1963 τὸν
3467 1914 3650 1985 καιρὸν
3685 1910 3929 1984 ὁεῦαγγε-

2339 1999 2539 2064 λιστὴς,
2567 1996 2812 2052 δεικνύων
2840 2003 2920 2052 ὅτι
2941 1997 3064 2052 οὐδὲ
3097 2003 3124 2058 ἡ
3158 1999 3252 2063 νὺξ
3282 1999 3501 2072 ἐπέσχεν
3531 2001 3710 2054 αὐτὸν.

2413 2184 2565 2251 Λέγει
2631 2211 2698 2220 -
2755 2178 3050 2253 ἀνθρώπου.
3108 2179 3370 2255 Ἀνωε-ἐρω
3423 2182 3512 2252 μὲν
3570 2176 3708 2233 εἶπεν
3767 2183 3813 2232 ἐν
3866 2188 3926 2250 τῷ

2341 2267 2785 2339 πεντεκαιδεκάτῷ
2849 2269 3106 2340 κεφαλαίῳ
3154 2289 3166 2301 ·
3227 2269 3496 2326 Ἐλήλυθεν
3563 2272 3593 2326 ἡ
3666 2272 3793 2343 ὥρα,
3859 2271 3928 2321 ἵνα

2343 2357 2577 2431 δοξασθῇ
2640 2361 2664 2409 ὁ
2721 2362 2840 2420 Υἱὸς
2888 2367 2978 2410 τοῦ
3033 2357 3305 2433 ἀνθρώπου
3339 2376 3352 2389 ·
3388 2357 3609 2410 ἐνταῦθα
3665 2356 3726 2412 δέ
3790 2366 3927 2412 ’Νῦν

2341 2445 2603 2511 ἐδοξάσθη
2655 2450 2679 2500 ὁ
2731 2451 2846 2509 Υἱὸς
2895 2456 2984 2501 τοῦ
3027 2447 3320 2522 ἀνθρώπου.
3386 2447 3514 2501 Ἀπο
3568 2457 3660 2501 *οὐ
3709 2456 3794 2500 νῦν
3831 2445 3928 2500 ἐδο-

2343 2538 2511 2600 ξάσθη
2547 2539 2682 2607 (98),
2713 2544 2862 2610 φησι,
2902 2546 3004 2598 τοῖς
3035 2539 3160 2612 ὑπὲρ
3208 2546 3299 2589 τοῦ
3324 2543 3524 2610 κόσμου
3557 2540 3769 2592 πάθεσι.
3813 2538 3927 2600 Δόξα

2339 2632 2440 2702 γὰρ
2465 2636 2534 2698 τῷ
2568 2624 2821 2700 δεσπότῃ,
2854 2631 2918 2680 τὰ
2949 2629 3075 2702 ὑπὲρ
3107 2636 3204 2678 τῶν
3238 2623 3436 2680 δούλων
3467 2629 3633 2687 πάθη.
3685 2627 3769 2688 Ὠς
3799 2647 3927 2698 γεγο-

2339 2722 2424 2779 νὸς
2453 2715 2510 2770 δὲ
2547 2717 2683 2788 λέγει
2709 2721 2764 2770 τὸ
2796 2721 3159 2788 γενησόμενον,
3195 2714 3289 2769 διὰ
3326 2720 3384 2768 τὸ
3425 2719 3544 2770 ὅσον
3576 2725 3720 2770 οῦπω
3750 2717 3927 2790 μέλλειν

2345 2807 2701 2880 συλληφθῆναι
2741 2811 2827 2858 καὶ
2884 2809 3135 2878 πάσχειν.
3172 2806 3231 2858 Εἰ
3264 2803 3322 2858 δὲ
3351 2815 3422 2878 τῷ
3455 2803 3688 2880 δεσπότῃ
3725 2803 3848 2869 δόξα
3874 2810 3928 2857 τα

2341 2899 2467 2971 ὑπὲρ
2501 2905 2599 2948 τῶν
2640 2893 2836 2948 δούλων
2853 2899 3015 2961 πάθη,
3038 2896 3205 2967 πολὶῳ
3237 2895 3426 2968 μᾶλλον
3447 2903 3551 2958 τοῖς
3580 2895 3788 2959 δούλοις
3814 2893 3928 2958 δόξα

2339 2991 2405 3039 τὰ
2425 2989 2550 3058 ὑπὲρ
2579 2994 2670 3038 τοῦ
2697 2983 2978 3040 δεσπότου.

2417 3165 2794 3235 Καὶ-αὐτῷ.
2852 3163 2912 3219 Ὀ
2970 3169 3150 3238 Πατὴρ
3183 3162 3445 3227 ἐδοξάσθη
3493 3163 3541 3216 ἓν
3601 3171 3673 3235 τῷ
3724 3165 3821 3234 Υὶῷ
3847 3157 3926 3214 διὰ

2343 3263 2433 3316 τῆς
2461 3255 2721 3317 πολιτείας
2747 3255 2809 3314 ἦν
2839 3257 2902 3315 ὡς
2934 3257 3204 3327 ἄνθρωπος
3233 3252 3316 3307 ἐπὶ
3350 3258 3589 3328 σωτηρίᾳ
3634 3263 3730 3307 τῶν
3754 3251 3925 3325 ἀνθρώ-

2344 3365 2452 3396 πων
2484 3343 2872 3396 ἐπολιτεύσατο.
2904 3343 3105 3418 Ὠσπερ
3133 3347 3232 3416 γὰρ
3275 3352 3344 3414 τῷ
3397 3345 3499 3415 Υἱῷ
3532 3340 3667 3407 δόξα
3696 3347 3752 3396 τὸ
3802 3345 3925 3413 ἔχειν

2344 3442 2576 3486 τοιοῦτον
2629 3438 2855 3506 Πατέρα,
2918 3433 3081 3494 οὕτως
3120 3435 3224 3506 οἰρα
3276 3438 3468 3502 καὶτῷ
3520 3439 3689 3508 Πατρὶ
3721 3429 3844 3493 δόξα
3878 3433 3924 3481 τὸ

2345 3526 2484 3594 ἔχειν
2512 3531 2742 3576 τοιοῦτον
2796 3525 2934 3577 Υὶον.
2969 3522 3168 3585 ’Ἄλλως
3206 3541 3278 3586 τε,
3312 3527 3399 3574 καὶ
3431 3523 3478 3574 οἱ
3529 3524 3792 3597 ἄνθρωποι
3821 3519 3926 3593 βλέ-

2343 3632 2523 3673 ποντες
2578 3612 2613 3664 ἂ
2647 3611 3006 3687 ἐτερατούργει
3051 3618 3140 3664 καὶ
3198 3608 3501 3680 ἐδίδασκεν,
3563 3609 3810 3674 ἐδόξαζον
3855 3611 3927 3661 τὸν

2345 3705 2494 3768 Θεὸν,
2531 3705 2600 3763 ὡς
2630 3704 2677 3754 οἱ
2705 3701 3072 3773 εὐαγγελισταί
3093 3721 3241 3774 φασι.

2416 3881 2475 3933 Εἰ
2505 3911 2567 3922 ——
2619 3879 2804 3951 ἐαυτῷ.
2851 3880 3066 3943 Δοξάσει
3123 3883 3209 3932 τὸν
3257 3881 3375 3932 Υἰόν
3423 3875 3496 3932 δι’
3550 3879 3751 3944 ἑαυτοῦ,
3804 3895 3929 3950 τερα-

2345 3979 2578 4044 τουργὼν
2601 3973 2649 4022 ἐν
2675 3978 2744 4040 τῷ
2772 3977 2938 4042 καιρῷ
2970 3977 3061 4022 τοῦ
3082 3978 3310 4044 σταυροῦ
3329 3973 3391 4021 τὰ
3409 3968 3599 4041 φοϐερὰ
3627 3976 3715 4022 και
3745 3967 3929 4031 ἐξαίσια

2345 4068 2561 4132 σημεῖα,
2601 4065 2691 4112 καὶ
2721 4056 2971 4111 δεικνύων
3003 4059 3228 4112 ἐντεῦθεν
3268 4061 3348 4111 ὅτι
3394 4063 3609 4130 γνήσιος
3644 4061 3761 4120 Υἱὸς
3787 4056 3928 4108 αὖτοῦ

2343 4151 2478 4203 ἐστι.
2517 4152 2612 4202 Διά
2641 4157 2794 4201 τοῦτο
2823 4152 2924 4224 γὰρ
2957 4154 3046 4200 καὶ
3066 4147 3338 4223 προλαϐὼν
3361 4146 3514 4201 εἶπεν·
3539 4147 3705 4201 Ὅταν
3735 4146 3928 4218 wear-

2342 4259 2396 4292 τε
2433 4244 2518 4292 τὸν
2559 4242 2674 4291 Υιὸν
2704 4248 2793 4291 τοῦ
2824 4238 3119 4312 ἀνθρώπου,
3147 4244 3262 4291 τότε
3291 4240 3552 4310 γνώσεσθε
3578 4240 3660 4290 ὅτι
3701 4238 3793 4309 ἐγώ
3814 4235 3922 4306 εἰμι·

2342 4332 2463 4382 ἔνθα
2529 4329 2849 4404 πλατύτερον
2925 4330 3054 4402 ὁμοῦ
3108 4333 3197 4381 καὶ
3289 4332 3603 4402 σαφέστερον
3683 4323 3926 4397 ἐξηγησά-

2341 4423 2493 4492 μεθα.

2261 4551 2304 4605 D

2427 4605 2528 4653 Καὶ
2559 4631 2624 4642 -
2674 4598 2848 4652 αὐτόν.
2883 4596 3069 4664 Εὐθὺς,
3117 4596 3166 4650 ἓν
3210 4597 3351 4668 αὐτῷ
3393 4605 3466 4668 τῷ
3525 4604 3754 4673 σταυρῷ.
3785 4595 3926 4650 Τοντο

2345 4687 2404 4744 δὲ
2431 4689 2568 4743 εἶπεν
2593 4691 2675 4742 ἰνα
2705 4694 2774 4761 μὴ
2805 4687 3138 4740 ὑπολάϐωσιν
3185 4689 3261 4740 ὅτι
3302 4691 3420 4760 περὶ
3447 4695 3539 4749 τῆς
3566 4683 3726 4750 δοξης
3755 4683 3927 4739 ἐκείνης

2343 4781 2500 4852 λέγει,
2559 4789 2650 4841 τῆς
2691 4778 2738 4830 ἐν
2795 4787 2858 4850 τῇ
2923 4775 3138 4853 δευτέρᾳ
3171 4780 3440 4852 παρουσίᾳ
3497 4775 3681 4841 αὐτοῦ,
3734 4777 3842 4846 περὶ
3875 4768 3927 4828 ἧς

2339 4868 2618 4944 διαφόρως
2654 4865 2894 4931 ἐδίδαξεν
2948 4869 3156 4928 αὐτούς.
3188 4874 3367 4920 Ταῦτα
3397 4863 3456 4918 δὲ
3511 4865 3668 4938 λέγων
3698 4866 3927 4916 ἀνίστησι

2333 4964 2840 5028 νιαταπεπτωκόεάςξ¹
2861 4962 2980 5020 τοὺς
3009 4958 3295 5030 λογισμοὺς
3347 4955 3536 5024 αὐτῶν,
3564 4960 3652 5008 καὶ
3682 4954 3836 5007 πείθει
3863 4951 3923 5020 μὴ

2332 5057 2486 5124 μόνον
2509 5055 2580 5124 μὴ
2615 5047 2917 5123 δυσφορεῖν,
2958 5047 3085 5101 ἀλλὰ
3117 5047 3308 5121 μᾶλλον
3337 5051 3544 5122 χαίρειν
3577 5042 3671 5098 διὰ
3699 5047 3789 5102 τὴν
3813 5038 3928 5114 μετὰ

2334 5141 2532 5216 βραχὺ
2556 5137 2713 5202 δόξαν
2743 5143 2922 5194 αὐτοῦ.

1925 5338 1973 5374 ’⁷⁸
2006 5338 2171 5396 Joan.
2199 5355 2316 5406 vin,
2359 5340 2450 5395 28.

1676 5509 1900 5582 Variae
1955 5514 2284 5584 lectiones
2333 5523 2400 5584 et
2458 5526 2657 5584 notae.

632 5697 741 5769 (96)
771 5703 874 5753 Τοῦ
901 5700 1036 5753 κατὰ
1065 5703 1332 5756 Ματθαῖον
1359 5701 1572 5764 omittit
1601 5712 1666 5766 Α.

635 5768 750 5852 (97)
780 5771 867 5835 Ei:
891 5772 1067 5828 αὐτὸν.

2407 5713 2518 5787 (98)
2554 5710 2880 5777 Ἐὃοξοξσθην
2923 5716 2978 5766 Β.
