4108 6434
159 365 283 423 1389

218 494 402 544 Τεκνία
450 516 516 530 -ο
571 488 695 562 ἑίριι.
757 488 916 541 Πάλιν
986 488 1222 564 προλέγει
1281 489 1455 550 αὐτοῖς
1504 489 1569 541 τὰ
1629 489 1826 562 μέλ-Α

153 582 318 647 λοντα,
372 581 454 632 ἱνα
505 599 559 631 τε
620 580 751 650 μετά
807 586 975 631 ταῦτα
1036 581 1554 652 ύπομιμνησκόμενοι
1602 586 1752 650 γινώ-

156 690 321 724 σκοιεν
366 671 443 722 ὅτι
486 676 698 741 προεῖπε
742 670 912 720 πάντα
963 677 1140 740 σαφῶς
1196 665 1370 737 εἰδὼς,
1412 674 1502 721 καὶ
1551 670 1634 721 ἵνα
1681 673 1750 739 μὴ

157 760 336 836 ἀθρόον
395 757 672 810 ἐπελθόντα
721 753 1110 831 ὃιαταράξωσιν
1167 758 1350 818 αύτούς
1408 758 1466 810 ού
1521 754 1760 833 προσδο-

156 859 361 910 κῶντας.
394 852 580 900 Τεκνία
611 844 668 899 δὲ
699 845 909 898 ἐκάλεσε
933 849 1149 909 τούτους
1175 847 1233 899 ού
1261 852 1412 920 μόνον
1440 850 1509 908 ὡς
1533 851 1760 908 ποιητὴς

161 939 344 1004 αύτών,
371 937 498 988 ἀλλά
523 940 612 988 καὶ
639 939 702 996 ὡς
734 933 1080 998 διδάσκαλος.
1117 937 1283 989 Εἰπὼν
1326 933 1404 1001 δὲ,
1446 942 1650 999 Τεκνία,
1686 939 1760 988 ἔτι

158 1031 340 1101 μικρὸν
379 1033 570 1100 χρόνον
628 1026 739 1098 μεθ’
782 1026 923 1098 ὑμῶν
995 1026 1121 1098 εἰμι,
1187 1023 1531 1100 σφοδρότερον
1586 1025 1762 1085 αύτοῖς

161 1118 360 1181 ἐξάπτει
380 1120 466 1169 τὸν
496 1118 674 1170 πόθον.

230 1300 491 1356 Ζητήσετέ
521 1315 601 1369 με.
637 1297 782 1348 Μετά
810 1298 868 1348 τὸ
914 1293 1183 1348 ἀποθανεῖν
1228 1315 1315 1368 με,
1355 1301 1475 1356 Τοῖς
1518 1293 1606 1368 μέν
1633 1294 1764 1347 Ἰου-

165 1384 335 1448 δαίοις
398 1386 593 1439 εἰπών’
648 1389 913 1443 Ζητήσετέ
969 1403 1068 1454 με·
1113 1386 1432 1458 προσέθηκεν
1512 1387 1592 1437 ὅτι
1667 1389 1767 1437 Καὶ

163 1478 266 1549 οὐχ
315 1478 559 1551 εὑρήσετε
593 1493 605 1504 ·
652 1473 734 1526 ἐπὶ
791 1472 850 1526 δὲ
904 1483 1002 1526 τῶν
1065 1477 1309 1547 μαθητῶν
1367 1475 1424 1526 ού
1479 1476 1770 1550 προσέθηκε

165 1575 334 1637 τούτο,
401 1562 542 1618 διότι
595 1564 796 1636 ἔμελλον
851 1565 1013 1638 εὑρεῖν
1073 1565 1228 1617 αὐτόν
1282 1564 1427 1616 οὗτοι
1496 1567 1627 1637 μετά
1676 1569 1770 1622 τὴν

165 1656 492 1708 ἀνάστασιν·
541 1658 638 1706 Καὶ
693 1652 901 1715 ἐκείνοις
958 1656 1068 1725 μὲν,
1141 1655 1608 1727 παραμυθούμενος
1684 1659 1770 1712 την

165 1751 372 1820 μανίαν,
403 1746 536 1797 εἶπεν
566 1745 646 1795 ὅτι
676 1747 942 1801 Ζητήσετέ
970 1762 1054 1815 με,
1086 1747 1292 1806 τούτοις
1320 1740 1378 1796 δὲ
1405 1745 1561 1797 πόθον
1590 1743 1773 1817 ἐμϐάλ-

169 1837 266 1888 λων
292 1835 519 1888 πλείονα.

240 1930 344 1979 Καὶ
398 1953 468 1968 -
511 1923 651 1999 ἄρτι.
711 1922 846 1974 Ἀλλ’
902 1925 1108 1983 ἐκείνοις
1164 1926 1253 1995 μὲν
1308 1923 1414 1975 εἷπε
1489 1931 1640 1976 τοῦτο
1709 1926 1778 1986 ὡς

171 2015 398 2077 ἀναξίοις
423 2021 515 2066 τοῦ
541 2018 703 2066 τόπου
749 2011 964 2082 ἐκείνου,
994 2016 1196 2073 τούτοις
1231 2008 1290 2065 δε
1321 2015 1384 2073 ὡς
1411 2016 1553 2065 οὔπω
1583 2013 1778 2066 ἀποθα-

170 2109 452 2175 νουμένοις.

243 2193 480 2252 Ἐντολὴν
513 2223 578 2234 ——
632 2191 902 2253 ἀλλήλους.
948 2196 1048 2244 Καὶ
1079 2196 1181 2265 μὴν
1222 2192 1420 2245 παλαιά
1451 2192 1625 2252 ἐντολὴ
1671 2190 1729 2252 ἦν
1764 2215 1778 2228 ·

173 2285 493 2356 Ἀγαπήσεις
521 2286 606 2334 τὸν
637 2281 864 2339 πλησίον
915 2300 1009 2333 σου
1057 2283 1123 2343 ὡς
1174 2287 1390 2334 σεαυτόν
1422 2305 1431 2316 ι
1471 2281 1577 2334 ἀλλ’
1631 2285 1662 2341 ἡ
1694 2291 1782 2334 νύν

175 2370 430 2446 διδομένη
465 2372 657 2444 μείζων
690 2370 880 2431 ἐκείνης
916 2391 928 2404 ·
963 2371 1143 2443 ἐπάγει
1166 2373 1268 2444 γάρ
1303 2391 1318 2406 ·

248 2555 436 2615 Καθὼς
470 2583 537 2592 -
580 2550 849 2613 ἀλλήλους.
882 2557 1045 2603 Τοῦτο
1076 2552 1105 2609 ἡ
1141 2554 1403 2613 καινότης.
1456 2551 1649 2610 Ἐκείνη
1695 2555 1785 2624 μὲν

175 2648 274 2718 γὰρ
332 2643 551 2696 ἐκέλευεν
601 2639 808 2712 ἀγαπᾷν
866 2644 952 2691 τὸν
996 2639 1217 2698 πλησίον
1272 2643 1340 2701 ὡς
1394 2640 1596 2706 ἑαυτὸν,
1653 2643 1784 2700 αὕτη

178 2733 236 2788 δὲ
266 2739 358 2786 καὶ
402 2734 528 2806 ὑπὲρ
579 2731 780 2786 ἑαυτόν.
828 2729 885 2780 Ὀ
912 2732 1012 2804 γὰρ
1047 2733 1276 2802 Χριστός
1309 2731 1471 2791 ούτως
1515 2732 1788 2803 ἠγάπησεν

176 2827 344 2897 ἡμᾶς,
373 2825 442 2884 ὡς
482 2817 621 2896 μηδὲ
653 2819 836 2872 ἑαυτοῦ
867 2823 1169 2892 φείσασθαι,
1218 2818 1324 2872 ἀλλ’
1358 2819 1630 2874 ἀποθανεῖν
1661 2823 1788 2895 ύπερ

178 2915 350 2988 ἡμῶν.

248 3005 397 3064 Τινὲς
457 2997 515 3054 δὲ
581 2999 762 3075 ἑτέρως
821 2998 1190 3072 ἑρμηνεύουσιν
1259 3001 1358 3066 ὅτι,
1426 2997 1609 3059 ἐπειῖὴ
1697 3022 1795 3053 παπ

176 3093 298 3146 λαιὰ
383 3090 555 3148 ἐντολὴ
643 3085 702 3146 ἦν
735 3109 747 3122 ·
804 3088 1125 3160 Ἀγαπήσεις
1199 3092 1286 3141 τόν
1371 3089 1592 3147 πλησίον
1676 3110 1794 3161 σου,

179 3189 268 3236 καὶ
311 3185 564 3255 μισήσεις
610 3182 696 3231 τόν
748 3177 939 3250 ἐχθρόν
1001 3197 1093 3230 σου
1129 3199 1141 3212 ·

188 3295 269 3327 σιν
324 3273 535 3346 ἀγαπᾷν
592 3273 806 3337 πάντας,
857 3273 1019 3341 ἤγουν
1071 3277 1157 3323 καὶ
1220 3275 1340 3334 τοὺς
1394 3272 1633 3345 ἐχθρούς.
1699 3279 1798 3327 Καὶ

186 3365 343 3426 αύτός
383 3365 486 3436 γὰρ
531 3362 778 3433 ἠγάπησε
821 3365 942 3422 τοὺς
989 3363 1230 3433 μαθητὰς
1280 3364 1493 3428 πάντας,
1548 3364 1616 3423 ὡς
1662 3360 1799 3434 μηδὲ

187 3459 272 3507 τόν
329 3448 544 3507 Ἰούδαν
593 3458 828 3523 μισῆσαι
875 3448 1271 3503 ἐπιϐουλεύοντα
1325 3452 1484 3522 αὐτῷ,
1541 3451 1670 3505 ἀλλὰ
1712 3458 1802 3506 καὶ

187 3543 382 3616 μᾶλλον
439 3541 778 3614 ταραχθῆναι
829 3548 901 3610 τῷ
952 3542 1224 3612 πνεύματι,
1275 3546 1514 3594 τουτέστι
1577 3552 1648 3613 τῴ
1705 3544 1802 3595 πά-

192 3636 266 3686 θει
316 3641 418 3692 τῆς
467 3630 631 3690 λύπης
683 3633 772 3681 καὶ
823 3631 1132 3700 συγχύσεως
1181 3639 1270 3691 τῆς
1324 3630 1406 3684 ἐπὶ
1578 3631 1805 3706 ἀπωλείᾳ

189 3723 373 3776 αὑτοῦ.

261 3813 348 3865 Ἐν
402 3839 470 3851 —
519 3807 781 3869 ἀλληλοις.
842 3808 1028 3870 Καθὼς
1058 3813 1148 3861 καὶ
1179 3807 1278 3881 ἐγὼ
1311 3813 1441 3886 πρός
1489 3812 1619 3884 ὑμᾶς
1653 3833 1665 3846 ’
1700 3811 1807 3864 ἐπεὶ

191 3906 283 3955 καὶ
344 3901 592 3974 μαθητὴς
635 3896 832 3959 ἀληθὴς
879 3898 903 3948 ὁ
954 3901 1266 3971 μιμούμενος
1323 3904 1408 3953 τὸν
1459 3898 1805 3956 διδάσκαλον.

191 3999 361 4046 Τοῦτο
393 3992 565 4060 σαφὴς
589 3990 864 4060 χαρακτὴρ
898 3994 988 4038 τοῦ
1027 3992 1371 4058 Χριστιανοῡ,
1418 3999 1565 4044 τοῦτο
1598 3994 1809 4064 φανερόν

192 4087 482 4154 γνώρισμα
517 4097 530 4110 ο
568 4079 596 4135 ἡ
634 4075 832 4136 ἀληθὴς
859 4078 962 4150 γὰρ
1011 4074 1187 4148 ἀγάπη
1223 4081 1395 4140 πάσης
1444 4079 1585 4133 ἐστὶν
1625 4083 1811 4156 ἀρετῆς

194 4169 502 4242 κεφάλαιον.

268 4265 332 4312 Τί
375 4253 468 4310 οὖν
499 4275 515 4328 ;
549 4256 606 4308 ού
653 4254 824 4325 πολλῷ
873 4253 1063 4326 μᾶλλον
1102 4258 1166 4308 τὰ
1219 4258 1460 4330 θαύματα
1515 4255 1816 4314 δεικνύουσι

191 4353 280 4403 τόν
335 4354 434 4400 τοῦ
487 4352 719 4420 Χριστοῦ
776 4345 1066 4416 peremnia;
1130 4342 1432 4418 Οὐδαμῶς·
1495 4352 1666 4421 εἴρηκε
1715 4353 1816 4425 γάρ

195 4442 324 4513 πρὸς
363 4443 442 4507 τῷ
487 4435 616 4488 τέλει
665 4440 756 4486 τοῦ
809 4435 958 4486 ἕκτου
1013 4434 1292 4506 κεφαλαίου
1346 4445 1437 4489 τοῦ
1494 4443 1630 4492 κατά
1676 4448 1819 4493 Ματ-

1152 353 1532 420 (ΖΟΜΜΕΝΤ.
1581 361 1649 417 IN
1691 361 2044 424 JOANNEM.
2089 401 2149 410 —
2197 371 2357 427 CAP.
2408 371 2561 430 XIII.

3385 373 3526 431 1390

1939 496 2095 552 Vers.
2143 501 2231 554 33.
2283 498 2488 554 Filioli
2543 530 2612 539 ——
2667 515 2818 556 sum.
2872 500 3095 556 Futura
3142 500 3354 557 iterum
3410 501 3524 556 illis

1864 585 2149 655 praedicit,
2177 593 2236 642 ut
2257 594 2466 660 postea
2489 589 2782 645 recordati
2805 595 3196 661 cognoscant,
3216 589 3379 662 quod
3399 606 3527 646 om-

1864 675 1965 729 nia
1987 676 2303 732 manifeste
2327 682 2518 733 sciens
2545 678 2884 749 praedixerit
2917 695 2930 734 :
2967 684 3023 735 et
3051 695 3127 736 ne
3158 685 3399 751 repente
3431 695 3528 734 su-

1866 765 2267 836 pervenientia
2290 767 2527 822 turbent
2545 767 2675 823 illos
2699 785 2816 825 non
2839 773 3271 840 exspectantes.
3295 768 3526 825 Filiolos

1867 869 2008 908 vero
2064 856 2296 911 vocavit
2347 873 2473 925 eos,
2529 873 2651 912 non
2701 858 2894 914 solum
2955 864 3248 930 tanquam
3301 864 3530 914 creator

1871 958 2099 1010 eorum,
2133 961 2336 1000 verum
2378 947 2552 1002 etiam
2589 952 2877 1019 tanquam
2918 948 3201 1017 magister
3231 949 3527 1020 ipsorum.

1871 1031 2085 1088 Dicens
2105 1041 2306 1090 autem
2332 1055 2344 1094 :
2366 1036 2591 1101 Filioli,
2611 1035 2801 1092 adhuc
2819 1037 3044 1093 modico
3066 1043 3320 1108 tempore
3345 1037 3528 1094 vobis-

1873 1137 2007 1176 cum
2078 1138 2229 1190 sum,
2291 1124 2693 1181 vehementius
2769 1125 3084 1198 suspendit
3168 1125 3534 1182 desiderium

1874 1226 2097 1267 eorum.

1949 1303 2109 1356 Vers.
2133 1306 2219 1359 33.
2258 1303 2541 1370 Quaretis
2563 1320 2672 1361 me.
2698 1306 3021 1378 Postquam
3047 1309 3316 1362 mortuus
3342 1304 3535 1363 fuero.

1874 1391 2092 1446 Judaeis
2126 1408 2265 1448 vero
2296 1410 2434 1449 cum
2475 1394 2713 1449 dixisset
2747 1411 2759 1448 :
2790 1394 3072 1459 Quaeretis
3101 1411 3210 1459 me,
3247 1393 3479 1450 addidit
3520 1409 3535 1449 :

1877 1481 1955 1536 Et
2006 1497 2124 1537 non
2157 1483 2579 1551 invenietis";
2637 1484 2944 1556 discipulis
2997 1488 3198 1540 autem
3250 1484 3365 1539 hoc
3417 1498 3542 1539 non

1880 1570 2114 1627 addidit
2143 1589 2155 1627 :
2183 1588 2321 1628 nam
2352 1572 2412 1628 hi
2437 1573 2732 1628 inventuri
2753 1590 2890 1629 eum
2921 1579 3092 1630 erant
3117 1578 3253 1645 post
3277 1587 3542 1628 resurre-

1883 1660 2166 1716 ctionem.
2197 1663 2260 1716 Et
2285 1661 2397 1718 illis
2419 1662 2665 1734 quidem
2693 1662 2996 1719 insaniam
3021 1661 3322 1732 mitigans,
3355 1661 3502 1718 dixit
3529 1677 3543 1716 :

1887 1750 2159 1816 Quaeretis
2190 1767 2281 1808 me
2306 1768 2318 1806 :
2346 1750 2441 1808 his
2472 1758 2672 1808 autem
2706 1752 3012 1809 ardentius
3041 1751 3368 1808 immittens
3398 1750 3550 1807 desi-

1811 1842 1852 1918 β
1886 1841 2143 1896 derium.

1957 1931 2120 1985 Vers.
2163 1934 2250 1986 33.
2309 1931 2383 1988 Et
2433 1961 2503 1970 —-
2555 1946 2736 1987 nunc.
2793 1929 2907 1986 Sed
2961 1929 3072 1986 illis
3122 1929 3364 2002 quidem
3421 1935 3553 1985 tan-

1887 2036 2064 2090 quam
2095 2018 2356 2089 indignis
2385 2019 2499 2076 hoc
2539 2019 2686 2076 dixit
2717 2037 2729 2076 :
2773 2020 2865 2076 his
2905 2035 3042 2077 vero
3073 2025 3365 2094 tanquam
3395 2034 3554 2075 non-

1889 2111 2030 2166 dum
2062 2111 2382 2166 morituris.

1961 2202 2126 2257 Vers.
2154 2201 2240 2256 34.
2265 2201 2640 2268 Prwceptum
2658 2232 2726 2242 —
2754 2199 3022 2256 invicem.
3045 2200 3212 2273 Atqui
3229 2203 3401 2256 vetns
3431 2203 3557 2255 erat

1891 2295 2259 2363 praeceptum
2294 2307 2306 2345 :
2348 2291 2574 2360 Diliges
2609 2290 2954 2360 proximum
2987 2294 3174 2354 tuum,
3216 2290 3372 2346 sicut
3417 2287 3559 2357 teip-

1893 2394 2056 2444 sum;
2092 2393 2320 2444 verum,
2363 2378 2528 2450 quod
2580 2393 2742 2433 nunc
2799 2377 2995 2444 datur,
3052 2377 3250 2448 majus
3281 2376 3381 2432 illo
3420 2383 3556 2440 est;

1895 2467 2102 2524 subdit
2127 2466 2310 2523 enim.

1967 2560 2126 2613 Vers.
2159 2558 2248 2612 34.
2272 2557 2440 2613 Sicut
2467 2588 2534 2596 —
2559 2556 2831 2614 invicem.
2857 2558 2990 2612 Haec
3017 2560 3104 2612 est
3127 2555 3382 2611 novitas.
3408 2553 3564 2612 Illud

1897 2647 2194 2720 siquidem
2213 2647 2592 2718 praecipiebat
2609 2646 2954 2719 praximum
2983 2645 3248 2716 diligere,
3276 2649 3566 2716 tanquam

1900 2737 2162 2808 seipsum
2187 2753 2200 2802 ;
2228 2735 2341 2790 hoc
2384 2741 2605 2801 autem,
2668 2736 2846 2792 etiam
2879 2735 3014 2808 plus
3043 2749 3234 2808 quam
3275 2734 3563 2806 seipsum.

1900 2830 2048 2884 Nam
2075 2826 2155 2881 ita
2177 2825 2370 2881 dilexit
2401 2842 2511 2881 nos
2542 2824 2826 2892 Christus,
2857 2830 2918 2881 ut
2937 2840 3049 2881 nec
3075 2824 3187 2880 sibi
3221 2823 3334 2895 ipsi
3363 2838 3569 2894 parce-

1901 2921 2008 2985 ret,
2037 2915 2140 2970 sed
2172 2931 2280 2985 pro
2313 2914 2486 2970 nobis
2510 2919 2857 2970 moreretur.

1975 3003 2231 3070 Quidam
2264 3020 2405 3059 vero
2433 3002 2604 3058 aliter
2637 3003 3117 3074 interpretantur.
3148 3000 3320 3067 Quod
3351 2999 3571 3056 scilicet

1905 3100 2071 3150 vetus
2097 3098 2459 3166 praiceptum
2483 3098 2607 3148 erat
2631 3105 2643 3145 :
2678 3092 2905 3162 Diliges
2928 3093 3269 3160 proximum
3293 3097 3484 3153 tuum,
3514 3095 3568 3144 et

1191 3184 1280 3231 καὶ
1327 3187 1414 3230 νῦν
1469 3180 1584 3251 (99)
1629 3177 1795 3232 δίδω-

1915 3185 2031 3239 πίιό
2062 3183 2300 3239 habebis
2330 3182 2635 3238 inimicum
2669 3188 2830 3236 tuum
2861 3182 2932 3247 τε,
2965 3196 3127 3235 nunc
3159 3184 3360 3235 autem
3395 3177 3571 3234 tradit

1907 3289 2118 3329 omnes
2149 3289 2281 3328 esse
2333 3271 2692 3343 diligendos,
2727 3271 3001 3326 videlicet
3047 3270 3227 3326 etiam
3257 3267 3569 3332 inimicos;

1909 3362 2204 3434 siquidem
2239 3361 2364 3432 ipse
2413 3376 2623 3416 omnes
2653 3359 2850 3416 dilexit
2880 3358 3227 3430 discipulos,
3287 3361 3348 3413 ut
3377 3372 3575 3428 neque

1906 3454 2122 3509 Judam
2147 3451 2261 3506 sibi
2279 3456 2590 3522 parantem
2618 3449 2866 3505 insidias
2888 3448 3028 3504 odio
3045 3447 3310 3512 haberet,
3332 3446 3435 3501 sed
3467 3461 3577 3517 po-

1912 3543 2024 3598 tius
2058 3541 2393 3597 turbaretur
2424 3540 2650 3610 spiritu,
2681 3539 2794 3594 hoc
2819 3543 2927 3603 est,
2960 3537 3178 3594 affectu
3208 3535 3482 3593 mceroris
3510 3549 3578 3590 ac

1912 3632 2180 3699 tristitiae,
2209 3635 2445 3702 propter
2478 3628 2633 3684 illius
2664 3628 3083 3701 perditionem.

1987 3813 2146 3867 Vers.
2180 3810 2270 3866 35.
2305 3809 2375 3865 In
2403 3841 2466 3849 —
2501 3814 2792 3864 multum.
2838 3807 2999 3864 Sicut
3029 3809 3086 3863 et
3115 3821 3226 3878 ego
3253 3819 3396 3873 erga
3425 3819 3533 3858 vos
3568 3821 3582 3861 :

1917 3901 2061 3972 quia
2091 3916 2264 3955 verus
2309 3897 2642 3970 discipulus
2682 3900 3109 3969 praeceptorem
3163 3894 3447 3950 imitatur.
3484 3893 3584 3948 Hic

1921 3989 2273 4046 manifestus
2345 3993 2429 4044 est
2484 3986 2796 4043 Christiani
2866 3986 3192 4049 character,
3250 3983 3364 4038 hoc
3411 3982 3587 4054 plane

1921 4079 2152 4149 insigne
2188 4097 2200 4133 :
2230 4095 2371 4135 nam
2404 4093 2543 4134 vera
2580 4076 2811 4132 dilectio
2843 4076 3114 4131 omnium
3147 4077 3327 4144 caput
3354 4079 3446 4126 est
3475 4071 3591 4126 vir-

1923 4173 2137 4224 tutum.

1997 4253 2146 4319 Quid
2173 4267 2335 4323 ergo,
2367 4267 2443 4308 an
2471 4267 2592 4307 non
2626 4251 2814 4307 multo
2835 4249 3031 4319 magis
3057 4247 3464 4302 demonstrant
3484 4241 3593 4298 mi-

1928 4343 2132 4398 racula
2209 4341 2418 4396 Christi
2481 4339 2902 4411 discipulum?
2980 4339 3386 4407 Nequaquam.
3447 4331 3596 4387 Dixit

1928 4433 2086 4487 enim
2115 4431 2286 4502 juxta
2325 4429 2508 4485 ﬁnem
2539 4428 2724 4501 quinti
2767 4427 2975 4499 capitis
3028 4422 3331 4492 Evangelii
3378 4437 3595 4476 secun-

197 4531 348 4582 θαίον
413 4527 494 4579 ὅτι
557 4523 740 4576 Πολλοὶ
796 4525 978 4596 ἐροῦσί
1043 4544 1132 4596 μοι
1194 4522 1242 4576 ἐν
1292 4528 1454 4599 ἐκείνη
1510 4537 1571 4601 τῇ
1629 4531 1795 4605 ἡμέρᾳ

1931 4522 2075 4578 dum
2108 4521 2443 4575 Matthaeum
2471 4535 2482 4573 :
2515 4519 2695 4574 Multi
2715 4517 2910 4573 dicent
2935 4514 3084 4570 mihi
3106 4515 3165 4568 in
3196 4512 3299 4568 illo
3323 4512 3455 4606 die:
3485 4511 3598 4606 Do-

201 4621 388 4693 Κύριε,
478 4615 654 4687 Κύριε,
723 4611 780 4664 ού
845 4620 916 4684 τῷ
1004 4621 1079 4685 σῷ
1153 4613 1368 4687 ὀνόματι
1442 4622 1820 4692 προεγητεύσα-

200 4725 337 4781 piso;
399 4707 492 4757 καὶ
546 4711 620 4774 τῷ
703 4709 778 4772 σῷ
860 4701 1074 4775 ὀνόματι
1161 4699 1410 4777 δαιμόνια
1482 4706 1822 4780 ἐξεϐάλομενς

202 4801 298 4849 καὶ
372 4802 448 4865 τῷ
533 4798 609 4862 σῷ
696 4789 910 4864 ὀνόματι
988 4788 1236 4866 δυνάμεις
1305 4794 1496 4859 πολλὰς
1537 4797 1827 4857 ’ἐποιήσα-

203 4903 356 4960 μενς,
422 4885 515 4936 καὶ
570 4885 684 4934 τότε
763 4879 1074 4954 ὁμολογήσω
1155 4883 1333 4946 αὐτοῖς
1407 4887 1488 4938 ὅτι
1567 4885 1830 4941 Οὐδέποτε

204 4980 370 5048 ἔγνων
404 4974 542 5047 ὑμᾶς
575 4975 700 5025 ⁹καὶ
751 4969 1012 5043 ἀνάγνωθι
1062 4977 1155 5032 την
1205 4973 1309 5026 ἐκεῖ
1350 4976 1600 5051 ῥηθεῖσαν
1657 4985 1830 5032 πᾶσαν

204 5067 377 5138 ἓξήγη
388 5084 494 5120 σιν.

283 5159 395 5209 Καὶ
476 5156 578 5226 μὴν
649 5153 716 5205 τὰ
775 5153 1019 5224 θαύματα
1089 5153 1322 5225 μάλιστα
1381 5159 1469 5214 τὴν
1532 5157 1834 5232 οἰκουμένην

209 5245 520 5317 ἓπηγάγετο
557 5262 570 5276 ·
601 5238 908 5296 tamenn
934 5250 1176 5320 προύπῆν
1206 5251 1318 5311 τοῖς
1349 5247 1838 5321 θαυματουργοῡσιν

211 5337 242 5397 ἡ
282 5334 498 5409 ἀγάπη.

291 5511 338 5554 ετ
375 5513 552 5571 Joan.
583 5527 685 5580 vn,
714 5511 800 5570 34.
842 5509 892 5549 ⁷⁸
923 5514 1124 5575 Matth.
1157 5531 1216 5588 v,
1244 5517 1341 5574 43.

1933 4626 2110 4676 mme,
2138 4610 2401 4675 Domine,
2438 4623 2636 4664 nonne
2661 4622 2772 4676 per
2791 4621 3003 4661 nomen
3037 4609 3197 4658 tuum
3227 4599 3601 4673 prophetam-

1933 4717 2084 4770 mus,
2127 4706 2180 4756 et
2212 4714 2318 4769 per
2343 4713 2556 4754 nomen
2585 4702 2748 4752 tuum
2781 4693 3074 4751 daemonia
3104 4691 3392 4763 ejecimus,
3419 4695 3470 4744 et
3495 4703 3603 4757 per

1937 4804 2151 4846 nomen
2183 4795 2348 4843 tuum
2375 4789 2622 4843 virtutes
2641 4786 2862 4841 multus
2879 4783 3132 4854 fecimus
3147 4783 3174 4838 ?
3190 4788 3241 4838 el
3262 4787 3404 4835 tunc
3426 4778 3604 4845 conﬁ-

1943 4879 2243 4937 tebom‘llis
2269 4877 2361 4933 :N
2364 4891 2626 4948 unquam
2649 4875 2790 4930 novi
2807 4887 2903 4930 vos
2935 4874 2982 4908 ἰθ
3014 4876 3103 4927 :et
3121 4871 3252 4940 lege
3265 4873 3450 4926 totam
3467 4880 3606 4938 quae

1943 4971 2023 5027 ibi
2059 4970 2252 5042 posita
2279 4974 2386 5034 est,
2417 4963 2878 5023 enarrationem.

2019 5148 2190 5222 Atqui
2212 5145 2503 5203 miracula
2522 5142 2785 5200 maxime
2802 5139 3011 5196 orbem
3028 5137 3376 5194 allexerunt.
3400 5137 3611 5190 Verum

1949 5242 2008 5299 id
2041 5244 2189 5304 erat,
2239 5237 2382 5311 quia
2421 5233 2658 5296 dilectio
2711 5247 2814 5288 eos
2857 5229 2958 5302 qui
3003 5227 3264 5286 edebant
3305 5223 3613 5298 miracula,

1950 5329 2341 5407 praecedebat.

1458 5515 1509 5555 ⁷⁸
1544 5516 1762 5576 Matth.
1786 5532 1886 5588 vn,
1916 5515 2006 5573 22.
2030 5516 2096 5571 23

1465 5668 1683 5738 Variae
1719 5668 2052 5739 lectiones
2094 5675 2159 5736 et
2189 5669 2372 5732 notae

319 5808 445 5897 (99)
479 5814 694 5884 Καινήν,
721 5827 832 5888 pro
858 5813 948 5868 καὶ
967 5819 1076 5890 νῦν,
1108 5810 1174 5870 Α.
1206 5815 1373 5872 Forte
1400 5815 1582 5877 καινὴν
1609 5820 1721 5876 νῦν.
