4108 6392
543 351 674 419 1391

613 492 773 544 Vers.
808 491 893 543 36.
928 486 1091 541 Dizit
1121 516 1187 525 —
1217 499 1321 539 me.
1360 485 1563 539 Petrus
1600 480 1846 553 quidem
1874 478 2197 544 interroga-
2231 474 2275 526 A

543 579 642 642 vit,
685 593 804 632 non
834 580 1062 631 tantum
1108 574 1253 629 scire
1284 573 1512 637 volens,
1547 577 1840 643 quantum
1874 568 2043 638 sequi
2096 583 2201 620 cu-

540 667 730 740 piens.
768 665 1034 721 Christus
1068 675 1263 718 autem
1293 662 1590 730 cognitam
1620 659 1853 715 habens
1879 659 2008 725 ejus
2040 670 2203 709 men-

543 765 682 819 tem,
704 756 775 810 ad
797 770 934 808 eum
962 752 1296 824 respondit;
1319 766 1438 805 non
1462 749 1608 803 dixit
1634 750 1816 814 enim,
1843 762 1965 819 quo
1992 745 2198 808 abiret,

543 845 645 900 sed
682 862 694 899 :
730 844 858 899 Non
896 849 1057 911 potes
1084 857 1167 896 me
1202 855 1362 895 nunc
1389 840 1547 909 sequi
1578 856 1590 906 ;
1617 836 1963 893 insinuabat
2000 840 2201 890 autem

541 934 613 988 de
645 938 853 988 morte.

614 1023 773 1076 Vers.
808 1021 897 1077 37.
939 1018 1096 1074 Dicit
1130 1048 1196 1059 --
1226 1032 1459 1088 ponam.
1519 1016 1669 1081 Quid
1727 1013 1876 1084 agis,
1910 1029 1946 1069 o
1980 1013 2143 1068 Petre
2172 1011 2199 1065 ?

540 1112 687 1167 Cum
718 1110 810 1165 ille
850 1110 1049 1164 dicat:
1112 1108 1243 1163 Non
1278 1113 1454 1173 potes,
1490 1110 1552 1159 tu
1610 1103 1759 1159 dicis
1801 1121 1813 1158 :
1850 1106 2035 1171 Quare
2082 1118 2201 1157 non

538 1216 777 1269 possum
815 1199 841 1254 ?
872 1196 1120 1252 Proinde
1162 1195 1527 1268 experientia
1558 1200 1610 1249 te
1658 1193 1911 1256 docebit,
1950 1208 2023 1247 ne
2065 1207 2199 1247 con-

540 1290 817 1345 tradicas.

610 1380 772 1434 Vers.
808 1380 895 1435 38.
938 1376 1351 1446 Respondit—
1402 1382 1509 1431 ter.
1567 1376 1773 1439 Quaere
1827 1372 2204 1441 sexagesimo

538 1469 755 1537 quarto
791 1464 961 1534 juxta
1008 1461 1341 1518 Matthaaum
1383 1461 1595 1531 capite,
1640 1459 1740 1513 ubi
1779 1458 1992 1513 dicitur
2025 1474 2035 1513 :
2072 1459 2204 1513 Res-

538 1554 805 1623 pondens
862 1557 1055 1608 autem
1111 1552 1310 1607 Petrus
1369 1550 1527 1605 dixit
1582 1550 1721 1607 illi:
1778 1550 1854 1603 Et
1907 1550 1959 1603 si
2005 1564 2203 1603 omnes

539 1644 932 1712 offendantur
968 1657 1076 1711 per
1132 1648 1201 1711 te,
1259 1655 1362 1710 ego
1414 1646 1613 1695 tamen
1663 1654 1965 1708 nunquam
2015 1639 2203 1706 offen-

538 1733 651 1789 dar
680 1734 748 1797 ⁸ο,
782 1739 837 1786 et
865 1732 995 1799 lege
1024 1730 1105 1785 ibi
1135 1730 1357 1784 dictam
1399 1729 1860 1791 enarrationem,
1916 1734 2201 1798 praeterea

541 1828 745 1887 eteas,
779 1836 913 1893 quae
945 1825 1277 1890 sequuntur
1324 1833 1503 1888 usque
1556 1817 1631 1871 ad
1680 1833 1815 1872 eum
1868 1818 2065 1871 locum
2099 1816 2194 1871 ubi

2315 1817 2559 1889 ῥηθεῖσαν
2610 1814 2859 1885 ἐξήγησιν
2891 1835 2903 1846 ·

536 1911 792 1965 habetur
832 1926 843 1963 :
889 1908 1169 1964 Similiter
1208 1914 1407 1963 autem
1446 1910 1501 1962 et
1549 1922 1741 1962 omnes
1784 1906 2066 1975 discipuli
2112 1906 2199 1960 di-

533 2004 755 2052 xerunt
784 1995 853 2047 εί.

606 2083 776 2149 Quod
798 2083 845 2138 si
867 2082 1259 2138 variationem
1292 2080 1558 2152 aliquam
1591 2079 1787 2135 ferunt
1817 2080 2016 2146 verba,
2054 2080 2199 2136 nihil

536 2174 773 2229 mirum.
820 2175 950 2227 Haec
988 2170 1283 2243 siquidem
1324 2170 1483 2225 dicta
1513 2176 1650 2225 sunt
1690 2171 2042 2242 priusquam
2083 2173 2201 2225 exi-

534 2269 666 2319 rent
696 2264 754 2317 in
786 2267 1051 2317 montem
1090 2260 1416 2325 Olivarum,
1466 2259 1567 2315 illa
1609 2275 1750 2315 vero
1781 2268 2103 2332 postquam
2136 2261 2199 2315 il-

535 2354 634 2408 luc
688 2353 1042 2407 exiverant:
1089 2366 1229 2405 nam
1281 2366 1421 2405 cum
1482 2350 1565 2403 bis
1624 2350 1947 2404 obstitisset
1976 2350 2195 2417 Petrus,

534 2444 618 2496 bis
667 2442 741 2496 de
791 2440 1107 2510 negatione
1160 2444 1519 2510 protestatus
1592 2446 1679 2493 est
1748 2439 1825 2493 illi
1889 2439 2195 2505 Christus;

531 2531 684 2587 etde
715 2530 904 2601 prima
942 2528 1189 2600 quidem
1220 2527 1650 2599 repugnatione
1680 2544 1750 2583 ac
1778 2531 2197 2599 protestatione

532 2619 894 2690 scripserunt
942 2617 1242 2673 Matthmus
1268 2623 1325 2671 et
1372 2616 1604 2671 Marcus
1648 2618 1690 2652 ⁸³
1748 2634 1760 2683 ;
1817 2618 1889 2673 de
1932 2620 2198 2675 secunda

531 2725 667 2764 vero
702 2712 885 2763 Lucas
912 2708 959 2741 ⁸³
989 2713 1045 2761 et
1064 2706 1344 2761 Joannes.

604 2802 747 2869 Cap.
807 2798 937 2850 XIV.
974 2797 1137 2851 Vers.
1196 2801 1247 2850 1.
1295 2796 1383 2852 Ne
1442 2826 1508 2836 -
1564 2812 1683 2851 cor.
1751 2802 1895 2853 Cum
1950 2799 2196 2855 dixisset

527 2889 809 2943 Dominus
838 2886 915 2941 ad
946 2887 1175 2941 Petrum
1212 2886 1635 2941 :.Postmodum
1677 2904 1767 2943 me
1804 2889 2061 2958 sequeris
2091 2890 2138 2923 ει
2177 2906 2190 2957 ;

526 2985 581 3033 et
624 2994 636 3032 :
684 2978 791 3032 Ter
818 2991 910 3032 me
945 2975 1178 3045 negabis
1210 2976 1277 3041 ⁸⁵,
1320 2980 1559 3046 propter
1615 2980 1933 3048 utrumque
1977 2978 2191 3033 turbati

526 3074 686 3131 sunt,
724 3065 994 3120 timentes
1024 3080 1098 3119 ne
1137 3065 1383 3135 quando
1415 3064 1519 3135 ipsi
1547 3064 1619 3120 ab
1673 3081 1744 3121 eo
1812 3074 2194 3138 amputaren-

1868 348 2209 409 EUTHYMII
2260 322 2588 405 ZIGABENl

3787 347 3934 405 4392

2384 478 2537 544 Λέγει
2595 506 2662 514 -
2738 491 2852 544 μοι.
2910 471 2968 523 Ὀ
3038 475 3127 543 μὲν
3193 476 3384 547 Πέτρος
3455 471 3745 547 ἠρώτησεν,
3822 473 3936 543 οὐχ

2311 565 2445 615 οὕτω
2490 562 2798 635 βουλόμενος
2843 564 3043 634 μαθεῖν,
3100 565 3163 621 ὡς
3219 561 3480 635 ἐπιθυμῶν
3536 562 3927 621 ἀκολουθῆσαι.

2308 654 2366 705 Ὀ
2400 650 2457 705 δὲ
2508 657 2753 724 Χριστὸς,
2802 656 2895 709 τήν
2942 648 3177 703 διάνοιαν
3223 653 3384 704 αὐτοῦ
3426 656 3595 723 γνούς,
3653 657 3784 726 πρὸς
3841 653 3936 704 αύ-

2312 748 2406 801 τὴν
2434 742 2716 813 ἀπεκρίθη,
2769 745 2879 793 Ούκ
2910 738 3017 793 εἷπε
3055 745 3156 815 γὰρ
3189 750 3287 793 πού
3319 744 3525 812 ύπάγει,
3576 741 3685 794 ἀλλ’
3728 745 3809 794 ὅτι
3852 742 3932 793 0-5

2312 830 2537 883 δύνασαί
2569 850 2657 902 μοι
2684 838 2771 881 νύν
2816 829 3199 888 ἀκαλουθῆσαι.
3248 828 3529 889 ’Υπεδήλου
3578 827 3637 883 δὲ
3680 836 3797 905 περὶ
3832 841 3935 892 τῆς

2312 929 2534 993 σφαγῆς.

2382 1016 2530 1080 Λέγει
2584 1041 2645 1050 -
2699 1011 2864 1067 θήσω.
2922 1013 2984 1061 Τί
3031 1016 3215 1075 ποιεῖς,
3273 1006 3311 1059 ὧ
3369 1008 3792 1082 ΠέτρεῙέκείνου
3858 1011 3930 1062 εἰ-

2308 1105 2513 1164 πόντος,
2570 1101 2650 1150 ὅτι
2706 1099 2781 1150 Ού
2850 1096 3099 1162 δύνασαι,
3160 1102 3223 1149 σὺ
3277 1099 3439 1169 λέγεις
3507 1100 3586 1150 ὅτι
3646 1105 3791 1150 Διατί
3865 1100 3925 1151 ού

2312 1187 2582 1262 ὃύναμαις
2626 1191 2826 1240 Ούκούν
2871 1190 2899 1245 ἡ
2972 1196 3125 1261 πεῖρα
3173 1184 3380 1250 διδάξει
3440 1207 3495 1239 σε
3572 1194 3643 1260 μὴ
3724 1188 3927 1240 ἀντιλέ-

2309 1298 2436 1351 γειν.

2385 1368 2666 1440 Ἀπεκρίθη
2758 1398 2814 1406 -
2876 1370 3006 1437 τρίς.
3090 1371 3328 1424 Ζήτησον
3388 1366 3434 1417 ἐν
3507 1374 3578 1436 τῷ
3654 1366 3927 1436 ἑξηκοστῷ

2312 1460 2539 1529 τετάρτῳ
2595 1456 2852 1528 κεφαλαίῳ
2924 1464 3014 1507 τού
3081 1460 3213 1508 κατὰ
3290 1458 3555 1509 Ματθαῖον
3608 1462 3703 1509 ro"
3767 1458 3927 1510 Ἀπο·

2311 1550 2507 1620 κριθεὶς
2594 1544 2651 1598 δὲ
2735 1548 2759 1598 6
2837 1550 3024 1619 Πέτρος
3103 1543 3237 1597 εἶπεν
3321 1548 3507 1616 αύτῷ·
3586 1546 3645 1599 Εἰ
3736 1550 3930 1609 πάντες

2315 1634 2866 1693 σκανδαλισθήσονται
2961 1634 3007 1687 ἐν
3123 1641 3225 1700 σοὶ,
3312 1634 3410 1706 ἐγὼ
3512 1632 3569 1688 δε
3669 1633 3930 1688 ούδέποτε

2316 1723 2890 1797 σκανδαλισθήσομαι·
2979 1731 3066 1776 καὶ
3138 1724 3396 1797 ἀνάγνωθι
3476 1731 3564 1777 καὶ
3638 1731 3732 1784 τὴν
3819 1725 3929 1779 ἐκεῖ

2960 1817 3034 1866 ἔτι
3080 1812 3138 1866 δὲ
3176 1820 3261 1866 καὶ
3306 1818 3398 1875 τὰς
3450 1824 3547 1867 τῶν
3596 1815 3775 1887 ἑφεξῆς
3816 1817 3925 1890 ῥη-

2309 1913 2407 1955 τῶν
2440 1906 2570 1978 ἄχρι
2612 1912 2703 1956 τοῦ
2736 1926 2747 1937 υ
2775 1904 2997 1975 Ὀμοίως
3031 1900 3088 1956 δὲ
3117 1909 3204 1957 καὶ
3352 1907 3539 1966 πάντες
3582 1908 3629 1957 οἱ
3680 1907 3921 1976 μαθηται

2309 1990 2467 2047 εἷπον.

2382 2084 2441 2134 Εἰ
2494 2079 2552 2135 δὲ
2608 2088 2697 2134 καὶ
2772 2083 3109 2155 παραλλαγήν
3174 2103 3289 2134 τινα
3348 2087 3559 2154 φέρουσι
3617 2085 3681 2135 τὰ
3754 2084 3919 2157 ῥητὰ,

2308 2178 2482 2224 καινόν
2536 2170 2705 2228 οὐδέν.
2767 2180 2943 2225 Ταντα
3004 2177 3091 2245 μὲν
3148 2175 3245 2245 γαρ
3305 2172 3593 2246 ἐρρήθησαν
3653 2176 3753 2246 πρὸ
3827 2181 3923 2224 τοῦ

2310 2262 2523 2325 ἐξελθεῖν
2577 2262 2766 2323 αύτούς
2808 2264 2883 2333 (2)
2935 2263 3004 2324 εἰς
3049 2267 3106 2314 τό
3152 2267 3266 2336 dbo;
3306 2272 3405 2313 τὼν
3447 2262 3658 2314 Ἐλαιῶν
3689 2283 3700 2295 ·
3748 2262 3923 2314 ἐκεῖνα

2310 2350 2369 2405 δὲ
2412 2357 2540 2424 μετα
2584 2357 2639 2405 τὸ
2689 2352 2899 2415 ἐξελθεῖν
2954 2352 3073 2405 ἐκεῖ.
3134 2357 3219 2413 Δὶς
3263 2355 3365 2425 γὰρ
3413 2351 3648 2404 ἐνστάντι
3701 2360 3772 2422 τῷ
3819 2358 3923 2405 Πέ-

2307 2462 2411 2515 τρῳ
2445 2440 2526 2502 δὶς
2574 2448 2685 2515 περὶ
2732 2452 2823 2503 τῆς
2880 2444 3144 2514 ἀρνήσεως
3186 2439 3570 2515 διεμαρτύρατο
3602 2444 3625 2492 6
3663 2448 3917 2515 Χριστός.

2310 2538 2409 2585 Καὶ
2440 2537 2555 2607 περὶ
2582 2537 2669 2604 μὲν
2696 2541 2786 2592 τῆς
2810 2532 3098 2593 ἐνστάσεως
3120 2537 3210 2583 καὶ
3232 2529 3619 2603 διαμαρτυρίας
3652 2534 3919 2594 Ματθαῖος

2305 2626 2393 2673 καὶ
2425 2625 2631 2693 Μάρκος
2666 2622 2918 2695 ἔγραψαν,
2948 2627 3065 2693 περὶ
3097 2618 3155 2673 δε
3176 2628 3265 2681 τῆς
3298 2617 3545 2694 δευτέρας
3586 2627 3794 2684 Λουκάς
3821 2628 3917 2674 καὶ

2304 2710 2514 2768 Ἰωάννη
2526 2732 2564 2771 ς,

2374 2806 2459 2858 Μὴ
2516 2830 2583 2841 -
2649 2796 2864 2872 καρδία.
2930 2800 3173 2861 Εἰπόντος
3244 2808 3335 2851 τοῦ
3396 2805 3586 2873 Κυρίου
3642 2805 3768 2874 πρὸς
3824 2805 3915 2852 τόν

3110 2888 3481 2952 ἀκολουθήσεις
3570 2910 3659 2961 μοι
3716 2911 3727 2923 ·
3821 2895 3914 2943 καὶ

2305 2895 2495 2962 Πέτρον
2593 2892 2673 2941 ὅτι
2763 2897 3007 2964 Ὕστερον

2302 2981 2382 3031 ὅτι
2427 2981 2731 3053 Ἀπαρνήσῃ
2780 2997 2841 3050 με
2891 2984 2998 3052 τρίς
3034 2999 3045 3011 ο
3093 2978 3467 3050 ἐταράχθησαν
3510 2976 3579 3031 δι’
3623 2977 3911 3051 ἀμφότερα,

2303 3065 2602 3129 δεδοικότες
2667 3076 2868 3140 μήποτε
2921 3069 3070 3119 αὐτοὶ
3124 3067 3462 3125 ἀπεκόπησαν
3517 3069 3697 3135 αὐτοῦ,
3749 3074 3911 3141 μόνου

526 3164 620 3211 tur
667 3155 759 3209 vel
815 3154 1173 3221 exciderent,
1208 3152 1335 3209 solo
1388 3153 1561 3208 Petro
1606 3162 1912 3226 sequente,
1968 3162 2071 3211 aut
2118 3174 2191 3212 ne

2315 3167 2392 3209 τού
2454 3162 2646 3231 Πέτρου
2700 3156 3164 3222 ἀκολουθήσοντος,
3216 3163 3304 3209 καὶ
3368 3162 3569 3229 μήποτε
3616 3162 3705 3209 καὶ
3764 3159 3914 3211 αύτοὶ

523 3245 772 3317 quando
812 3244 926 3315 ipsi
967 3258 1207 3315 quoque
1238 3258 1377 3298 eum
1444 3251 1743 3314 negarent,
1800 3247 2191 3316 quemadmo-

522 3334 669 3389 dum
715 3338 771 3389 et
831 3348 1040 3388 eorum
1082 3331 1420 3403 praefectus.
1474 3332 1830 3404 Reprimens
1879 3351 2021 3405 ergo
2070 3338 2195 3395 illo-

520 3439 656 3479 rum
690 3423 1070 3486 anxietatem,
1115 3421 1377 3493 primum
1408 3422 1657 3493 quidem
1691 3424 1965 3481 timorem
2010 3444 2194 3499 nega-

524 3512 698 3567 tionis
731 3510 1092 3575 consolatur,
1135 3510 1351 3565 deinde
1392 3512 1569 3566 etiam
1599 3511 1673 3567 de
1715 3513 1927 3570 timore
1973 3533 2051 3573 an
2085 3535 2191 3590 pu-

522 3601 766 3658 tationis
805 3600 928 3656 sive
959 3600 1296 3655 excisionis.

594 3693 755 3745 Vers.
786 3695 830 3744 t.
891 3690 1126 3745 Credite
1159 3719 1211 3729 —
1244 3688 1481 3745 credite.
1530 3688 1765 3747 Credite
1818 3693 2064 3751 ﬁrmiter
2126 3698 2188 3753 in

520 3781 708 3835 Deum
736 3779 979 3836 Patrem
1009 3777 1149 3833 etin
1179 3794 1293 3841 me,
1328 3793 1397 3833 ac
1433 3778 1601 3846 ﬁdes,
1644 3796 1780 3852 quae
1822 3783 1881 3838 in
1909 3800 2019 3840 nos
2058 3786 2183 3852 erit,

522 3867 787 3924 servabit
808 3883 913 3923 vos
940 3866 1386 3939 insuperabiles.

594 3959 755 4012 Vers.
804 3962 855 4012 2.
912 3957 983 4012 In
1029 3987 1083 3998 —
1143 3963 1300 4011 sunt.
1342 3956 1486 4024 Quae
1533 3957 1834 4016 sufﬁciant
1882 3963 1959 4019 ad
2000 3965 2187 4021 susci-

517 4048 806 4120 piendum
839 4062 963 4112 vos,
997 4053 1060 4101 ut
1084 4062 1320 4117 semper
1351 4048 1475 4102 sitis
1514 4050 1855 4106 nobiscum.

594 4138 753 4192 Vers.
823 4137 875 4189 2.
947 4136 1115 4202 Quod
1159 4136 1210 4191 si
1241 4152 1497 4193 secus—
1550 4139 1727 4194 vobis.
1772 4142 1942 4205 Quod
1984 4143 2030 4197 si
2062 4160 2185 4200 non

521 4232 717 4284 essent
776 4226 978 4282 multae
1042 4227 1392 4283 mansiones
1446 4244 1516 4283 ac
1573 4230 1957 4300 splendidum
2012 4234 2186 4290 habi-

517 4317 806 4383 taculum,
839 4317 1118 4372 dixissem
1164 4317 1357 4385 vobis,
1411 4319 1575 4389 quod
1635 4321 1788 4375 vado
1843 4322 1920 4376 ad
1965 4339 2181 4394 paran-

520 4409 667 4462 dum
728 4407 1058 4463 mansionis
1109 4406 1309 4461 locum
1367 4408 1559 4475 vobis,
1611 4411 1707 4479 qui
1766 4412 1880 4466 mei
1929 4414 2071 4468 estis
2128 4420 2183 4471 et

2304 3256 2481 3300 τούτον
2550 3247 2973 3321 ἀπαρνήσωνται,
3036 3251 3101 3308 ως
3166 3250 3190 3298 6
3249 3255 3545 3321 κορυφαῖος.
3612 3249 3912 3301 Rumori).-

2302 3338 2398 3389 λων
2430 3334 2516 3389 οὖν
2554 3342 2647 3395 τὴν
2680 3336 2906 3389 ἐντεῦθεν
2941 3336 3167 3407 ἀγωνίαν
3230 3337 3418 3401 αύτών,
3470 3345 3651 3410 πρῶτα
3678 3342 3767 3410 μὲν
3795 3344 3914 3410 περὶ

2302 3436 2392 3479 τού
2425 3427 2581 3498 φόϐου
2608 3435 2704 3489 τῆς
2736 3427 3075 3498 ἀπαρνήσεως
3113 3429 3520 3500 παραμυθεῖται,
3557 3424 3664 3479 εἶτα
3685 3433 3774 3479 καὶ
3798 3432 3917 3503 περὶ

2298 3525 2388 3569 τού
2421 3516 2578 3589 φόϐου
2610 3525 2705 3577 τῆς
2736 3515 3025 3577 ἀποκοπῆς.

2370 3699 2642 3748 Πιστεύετε
2694 3728 2762 3736 -
2835 3699 3123 3750 πιστεύετε.
3194 3700 3471 3749 Πιστεύετε
3549 3694 3776 3768 βεϐαίως
3842 3698 3912 3759 εἰς

2297 3790 2381 3838 τὸν
2413 3790 2617 3860 Πατέρα
2645 3791 2733 3837 καὶ
2766 3786 2835 3845 εἰς
2875 3788 2959 3857 ἐμέ
2984 3806 2996 3819 ·
3030 3790 3120 3837 καὶ
3155 3785 3333 3838 λοιπὸν
3367 3787 3396 3843 ἡ
3446 3785 3518 3847 εἰς
3548 3787 3688 3856 ἡμᾶς
3724 3790 3911 3846 πίστις

2298 3880 2617 3951 συντηρήσει
2648 3878 2781 3947 ὑμᾶς
2814 3874 3122 3936 ἀηττήτους.

2364 3965 2443 4018 Ἐν
2491 3997 2559 4005 -
2603 3966 2751 4017 εἰσιν.
2784 3965 2977 4018 Ἰκαναὶ
3009 3962 3262 4027 δέξασθαι
3293 3969 3383 4017 καὶ
3427 3966 3575 4037 ὑμᾶς,
3628 3969 3908 4036 συνεσομέ-

2292 4075 2411 4116 νους
2440 4057 2565 4127 ἡμῖν
2598 4055 2694 4107 ἀεί.

2366 4146 2425 4198 Εἰ
2453 4142 2512 4198 δέ
2536 4150 2606 4217 μὴ
2637 4176 2703 4187 -
2743 4147 2883 4217 ύμῖν.
2938 4145 2996 4197 Ei
3037 4141 3094 4197 δὲ
3129 4150 3199 4217 μὴ
3236 4141 3369 4203 ἦσαν
3416 4144 3523 4197 ἐκεῖ
3569 4143 3755 4196 πολλαὶ
3803 4163 3908 4215 μο-

2293 4241 2395 4305 ναὶ,
2453 4240 2543 4287 καὶ
2608 4232 2857 4305 δαψίλεια
2907 4240 3271 4306 καταγωγίων,
3330 4231 3468 4286 εἶπον
3528 4233 3588 4285 ἂν
3642 4235 3763 4304 ύμῖν
3824 4236 3909 4286 ὁτι

2292 4328 2579 4399 πορεύομαι
2636 4324 2912 4396 ἑτοιμάσαι
2974 4330 3130 4376 τόπον
3197 4333 3359 4397 μονῆς
3404 4327 3524 4396 ύμῖν
3578 4331 3688 4383 τοῖς
3742 4322 3904 4395 ἐμοῖς,

2292 4420 2381 4465 καὶ
2436 4418 2535 4486 πρὸ
2588 4416 2791 4465 πάντων
2864 4417 3049 4466 τούτου
3098 4416 3304 4476 πάντως
3348 4414 3408 4465 ἂν
3464 4413 3761 4487 ἐφρόντισα,
3824 4414 3909 4465 ἵνα

520 4496 803 4552 omnibus
842 4496 1143 4565 digniores
1193 4512 1206 4550 :
1252 4496 1367 4551 hoc
1418 4499 1667 4553 omnino
1711 4516 1850 4555 sane
1908 4503 2054 4558 mihi
2081 4521 2176 4559 cu-

2315 4506 2420 4555 ἕπου
2472 4503 2578 4575 εἰμὶ
2608 4502 2706 4574 ἐγὼ
2733 4507 2821 4554 καὶ
2854 4506 2999 4575 ύμείς
3031 4499 3139 4561 ἧτε.
3172 4508 3456 4575 ΙΙροείρηκε
3485 4506 3585 4577 γὰρ
3619 4501 3795 4563 αὐτοῖς
3826 4505 3907 4553 ὅτι

519 4601 602 4641 rae
670 4590 775 4650 est,
825 4589 890 4639 ut
946 4584 1047 4639 ubi
1105 4600 1238 4640 sum
1293 4600 1405 4655 ego
1450 4593 1506 4642 et
1555 4602 1664 4643 vos
1710 4589 1855 4645 sitis.
1910 4591 2183 4649 Praedixit

521 4675 680 4731 enim
730 4673 816 4729 eis
863 4673 1109 4731 dicens:
1160 4675 1268 4731 Ubi
1298 4690 1422 4731 sum
1464 4692 1587 4746 ego,
1632 4678 1762 4734 illic
1808 4688 1863 4736 et
1915 4682 2185 4739 minister

519 4779 681 4821 meus
711 4763 840 4820 erit.
1536 4768 1539 4769 '

596 4853 757 4908 Vers.
819 4856 870 4908 3.
922 4852 999 4907 Et
1050 4882 1117 4891 —
1170 4853 1319 4909 sitis.
1382 4856 1501 4910 Hoc
1549 4855 1731 4912 etiam
1758 4857 2047 4916 dixissem
2084 4878 2186 4917 vo-

520 4942 613 4998 bis
671 4958 689 4997 :
740 4941 904 5006 Quod
970 4944 1024 4997 si
1068 4943 1290 5006 abiero,
1359 4950 1425 4998 ut
1490 4960 1818 5016 praeparem
1882 4951 2043 5006 vobis
2098 4953 2179 5007 ιο-

521 5047 655 5087 cum
690 5031 759 5101 “,
818 5035 876 5087 et
913 5036 1125 5087 caetera
1172 5046 1184 5086 :
1238 5032 1439 5104 itaque
1490 5048 1601 5089 nec
1664 5036 1748 5092 sic
1800 5039 2063 5110 oportuit
2117 5058 2175 5096 a-

508 5250 515 5269 ,
591 5208 639 5244 ⁸ο
715 5207 916 5264 Matth.
947 5224 1063 5278 xv1,
1095 5211 1184 5265 33.

519 5281 612 5336 38.
723 5280 769 5315 ⁸⁵
798 5280 971 5337 Joan.
1004 5295 1102 5346 xu,
1145 5284 1236 5339 26.

1298 5211 1342 5247 ⁸¹
1378 5211 1520 5269 lbid.
1554 5214 1643 5270 55.

1752 5430 1977 5499 Variae
2010 5432 2444 5551 lectioneset
2479 5443 2677 5515 notat.

590 5567 668 5639 (l)
711 5571 811 5621 Καί
839 5568 1010 5624 abest
1038 5571 1103 5623 A.

591 5642 667 5705 (2)
710 5646 743 5691 Α
756 5640 873 5691 ύτόν
905 5643 969 5694 Α.

590 5710 668 5785 (3)
707 5712 795 5765 Ab
827 5711 929 5763 ἐκεῖ
953 5712 1029 5768 ad
1060 5712 1227 5779 ἔσται,
1262 5710 1320 5767 in
1362 5728 1550 5785 marg.
1587 5728 1621 5768 a
1654 5729 1815 5770 man.
1849 5721 2065 5771 recent.
2113 5715 2173 5773 in

518 5781 655 5842 cod.
699 5785 759 5841 Β.
793 5786 929 5841 Nam
960 5800 996 5842 a
1035 5800 1221 5842 manu
1268 5785 1462 5857 prima
1501 5781 1639 5842 'erat
1672 5801 1686 5845 :
1741 5789 1841 5841 Καὶ
1884 5789 2031 5863 ὑμεῖς
2060 5786 2170 5863 ἦτε,

1756 5216 1803 5251 ⁸³
1830 5217 2005 5273 Marc.
2036 5234 2156 5287 xiv,
2192 5218 2279 5275 29.

2290 4592 2457 4645 Ὀπου
2532 4593 2638 4665 εἰμὶ
2703 4591 2801 4663 ἐγὼ
2859 4592 2963 4644 ἐκεῖ
3019 4593 3100 4663 (3)
3156 4596 3244 4645 καὶ
3301 4593 3326 4643 6
3376 4588 3618 4652 διάκονος
3678 4591 3703 4642 6
3786 4593 3906 4662 ἐμὸς

2292 4686 2462 4736 ἔσται.

2370 4865 2470 4913 Καὶ
2527 4890 2596 4901 —
2660 4856 2770 4918 ἦτε.
2822 4864 2921 4913 Καὶ
2980 4856 3118 4912 εἷπον
3168 4858 3228 4910 ἆν
3286 4858 3407 4931 ύμῖν
3457 4862 3757 4924 καὶτοῦτο,
3818 4860 3901 4911 ὅτι

2292 4951 2407 5002 Ἐὰν
2511 4951 2759 5023 πορευθῶ
2844 4949 3119 5022 ἑτοιμάσαι
3226 4950 3346 5019 ύμῖν
3455 4953 3611 5002 τόπον
3714 4956 3893 5019 μονῆς,

2286 5040 2437 5091 πάλιν
2540 5043 2769 5114 ἔρχομαι
2853 5045 2942 5091 καὶ
3044 5037 3428 5111 παραλήψομαι
3527 5040 3663 5111 ὑμᾶς
3764 5041 3897 5111 πρὸς

2394 5220 2441 5254 ⁸³
2477 5218 2621 5274 Luc.
2665 5233 2809 5287 λιιι,
2846 5221 2933 5275 33.
3050 5218 3287 5277 “toan.
3314 5233 3426 5284 xm,
3461 5221 3548 5275 36.
3686 5216 3893 5273 “Ibid.

2904 5520 2916 5546 ς
2996 5522 3003 5531 .

2248 5640 2253 5643 _
2285 5576 2448 5647 quod
2481 5592 2577 5647 per
2595 5591 2856 5631 errorem
2889 5593 2957 5631 ex
2979 5575 3386 5648 superioribus
3408 5580 3537 5631 erat
3556 5575 3893 5646 repetitum.

2286 5648 2456 5775 suo?
2490 5663 2597 5729 nos
2628 5648 2927 5717 dedimus,
2960 5649 3142 5705 habet
3180 5650 3312 5703 cod.
3357 5651 3403 5703 Α
3442 5650 3502 5703 in
3532 5654 3809 5704 contextu
3843 5656 3898 5704 et

2334 5735 2404 5775 en
2435 5735 2629 5775 emus.
3778 5772 3783 5775 _
