4108 6376
167 388 307 446 1393

1234 385 1580 444 COMMENT
1620 384 1690 442 IN
1727 382 2076 441 ῘΟΑΝῚΕΜ.
2116 415 2186 427 -
2222 385 2380 442 CAP.
2422 384 2568 443 XIV.

3403 388 3542 450 i394

168 517 406 590 ἐμαυτὸν,
459 521 547 570 καὶ
575 519 642 570 τὰ
671 517 807 580 ἑξῆς.
839 517 1000 571 Ὠστε
1029 513 1152 570 οὗδέ
1181 517 1344 577 οὑτως
1375 511 1482 568 ἔδει
1531 511 1766 585 ἀθυμεῖν.

1891 510 2052 566 nimo
2109 510 2370 582 dejectos
2424 527 2554 568 esse
2588 526 2601 578 ;
2632 509 2778 585 quia
2825 525 2965 568 vero
2991 507 3121 583 jam
3179 510 3320 569 olim
3384 529 3540 588 prm-

169 607 310 662 Ἐπεὶ
337 604 397 662 δὲ
433 608 595 662 πάλαι
642 611 1065 682 παρεσκεύασται
1108 611 1163 660 τό
1212 606 1402 666 πλῆθος
1433 613 1532 657 τῶν
1579 611 1768 675 μονῶν,

166 702 258 750 καὶ
288 697 740 772 ἀποκεκλήρωνται
785 706 892 762 τοῖς
923 697 1104 768 ἀξίοις,
1136 702 1246 772 χρὴ
1295 695 1519 770 θαρρεῖν,
1566 697 1655 745 καὶ
1694 695 1766 763 μὴ

169 786 564 858 ἀπογινώσκειν.

241 877 394 930 ’Ἐστι
435 876 494 931 δὲ
534 883 624 930 καὶ
664 878 845 951 ἑτέρως
894 878 1068 944 εἰπεῖν,
1103 878 1184 929 ὅτι
1243 879 1343 928 Καὶ
1402 874 1484 926 ἐὰν
1532 872 1770 944 πορευθῶ

166 968 444 1040 ἑτοιμάσαι
497 971 616 1040 ὑμῖν
670 974 847 1036 τόπον,
902 972 1064 1038 ἤγουν
1119 966 1414 1039 ἐγκαινίσαι
1466 965 1586 1036 ὑμῖν
1649 962 1767 1013 ἄνο-

167 1054 262 1110 δον
295 1061 422 1130 πρὸς
451 1059 538 1110 τὸν
580 1057 817 1132 οὐρανὸν,
861 1057 920 1115 ἣν
953 1054 1127 1116 οὐδεὶς
1175 1053 1381 1108 οὐδέπω
1425 1062 1523 1106 τῶν
1571 1051 1766 1124 ἀνθρώ-

164 1165 276 1198 πων
320 1144 524 1205 ἀνῆλθε,
579 1145 731 1198 πάλιν
781 1147 1009 1219 ἔρχομαι
1062 1147 1194 1196 κατά
1233 1148 1326 1200 τὴν
1380 1138 1624 1214 δευτέραν
1668 1159 1767 1210 μου

164 1240 482 1310 παρουσίαν,
553 1240 642 1287 καὶ
711 1234 1086 1308 παραλήψομαι
1159 1236 1292 1302 ὑμᾶς
1368 1235 1492 1306 πρὸς
1549 1229 1767 1302 ἐμαυτὸν

164 1322 485 1385 ἀναστάντας
538 1324 592 1376 ἐκ
647 1333 856 1396 νεκρῶν,
919 1323 1432 1396 συμϐασιλεύσοντάς
1489 1341 1579 1394 μοι
1641 1319 1767 1372 uico-

161 1420 300 1474 νίως.
345 1415 403 1468 Εἰ
448 1417 549 1486 γὰρ
601 1420 688 1468 καὶ
743 1416 1086 1476 ἀποθανόντες
1140 1419 1266 1489 πρὸς
1314 1413 1468 1465 αὑτὸν
1527 1409 1762 1476 ἀνῆλθον,

163 1503 274 1556 ἀλλ’
325 1503 382 1556 οὑ
410 1507 538 1576 μετά
589 1513 687 1556 τῶν
751 1507 1026 1576 σωμάτων,
1086 1510 1175 1556 καὶ
1231 1503 1274 1556 εἰ
1324 1506 1551 1555 σύνεισιν
1603 1501 1763 1571 αὐτῷ,

163 1593 273 1646 ἀλλ’
336 1593 393 1646 οὗ
454 1593 941 1666 συμϐασιλεύοντες.
999 1594 1140 1647 Ἐπεὶ
1196 1590 1254 1646 δὲ
1309 1589 1455 1652 εἰδὼς
1508 1595 1573 1644 τὰ
1619 1595 1770 1648 κινή-

161 1704 306 1756 ματα
367 1692 464 1736 τῶν
517 1680 751 1757 καρδιῶν
807 1684 996 1749 αὑτῶν,
1048 1686 1173 1754 ἔγνω
1240 1682 1617 1754 ἐπιθυμοῦντας
1670 1699 1766 1752 μα-

165 1775 269 1826 θεῖν
317 1782 417 1826 ποῦ
472 1775 680 1844 ὑπάγει,
741 1779 830 1825 καὶ
883 1779 976 1832 τὴν
1033 1770 1155 1826 ὁδόν
1203 1777 1296 1830 τὴν
1346 1773 1578 1844 ἄγουσαν
1637 1772 1765 1823 ὅπου

161 1865 372 1935 ὑπάγει,
415 1868 545 1936 φησί
570 1880 582 1892 ·

236 1958 340 2006 Καὶ
380 1985 448 1993 -
478 1950 695 2016 οἴδατε;
747 1953 834 2015 Ἐξ
885 1953 952 2004 ὧν
1000 1949 1262 2027 διαφόρως
1317 1949 1455 2005 εἶπον
1511 1953 1653 2023 ὑμῖν,
1687 1953 1762 2002 οἰ-

164 2039 290 2095 δατε
349 2047 439 2094 καὶ
506 2041 790 2115 ἀμφότερα,
855 2041 897 2094 εἰ
963 2041 1346 2113 ἀναμνησθῆτε.
1417 2047 1610 2109 Ὑπῆγε
1675 2043 1764 2112 μεν

161 2129 248 2185 οὖν
288 2135 415 2205 πρὸς
467 2135 553 2184 τόν
608 2136 811 2207 Πατέρα
866 2131 950 2204 ἀφ’
999 2132 1058 2182 οὗ
1087 2137 1176 2183 καὶ
1235 2130 1457 2194 ἐξῆλθεν.
1498 2127 1654 2190 Ὀδὸς
1707 2125 1766 2182 δέ

1801 1909 1846 1965 Β

162 2218 303 2272 ἔστιν
350 2221 525 2286 αὐτὸς,
560 2219 632 2274 δι’
676 2221 736 2274 οὑ
783 2222 1048 2295 ἐρχόμεθα
1093 2225 1219 2293 πρὸς
1279 2224 1364 2272 τόν
1420 2224 1640 2294 Πατέρα,
1697 2222 1766 2282 ὡς

161 2315 358 2382 προῖὼν
390 2311 513 2384 ἐρεῖ.

235 2404 389 2472 Λέγει
432 2432 498 2440 -
529 2397 757 2466 εἰδέναις
819 2399 970 2473 ”ῼετο
1020 2403 1121 2474 γὰρ
1176 2400 1428 2458 αἰσθητὸν
1486 2396 1617 2452 εἶναί
1652 2419 1768 2450 τινα

160 2494 318 2542 τόπον
349 2491 478 2542 ὅπου
509 2491 716 2562 ὑπάγει,
744 2496 829 2542 καὶ
858 2486 980 2542 ὁδόν
1013 2491 1199 2561 ὁμοίως
1224 2492 1490 2548 τοιαύτην.

235 2674 390 2740 Λέγει
443 2701 503 2709 -
537 2669 667 2729 ζωή.
721 2665 880 2731 Ὀδός
931 2671 1020 2741 μὲν
1074 2670 1153 2720 ὅτι
1213 2665 1285 2720 δι’
1345 2667 1468 2740 ἐμοῦ
1509 2669 1762 2740 ἔρχεσθε⁶

161 2757 381 2816 ἀλήθεια
431 2755 509 2827 δὲ,
553 2762 633 2810 ὅτι
679 2757 933 2824 ἀληθεύω,
985 2764 1074 2810 καὶ
1119 2760 1319 2820 πάντως
1364 2761 1512 2809 ἔσται
1559 2765 1762 2808 ταῦτα’

162 2848 266 2908 ζωὴ
328 2845 408 2915 δε,
455 2851 534 2900 ὅτι
587 2854 676 2900 καὶ
729 2857 819 2901 τοῦ
880 2851 1100 2902 θανάτου
1151 2850 1394 2922 κυριεὺω.
1437 2845 1609 2900 Είοῦν
1669 2845 1767 2917 ἐγὼ

161 2937 261 3008 εἰμι
293 2940 329 2995 ἡ
366 2935 510 3006 ὁδὸς,
565 2935 822 3009 ὁδηγήσω
867 2940 1039 3010 ὑμᾶς·
1091 2937 1133 2990 εἰ
1166 2934 1225 2990 δε
1281 2942 1370 2989 καὶ
1426 2935 1660 3000 ἀλήθεια,
1707 2935 1764 2986 οὑ

157 3025 432 3099 ψεύδομαι
457 3046 468 3057 ·
505 3027 547 3080 εἰ
593 3024 651 3079 δε
678 3032 764 3079 καὶ
793 3027 924 3096 ζωὴ,
984 3024 1107 3080 οὐδὲ
1143 3029 1168 3078 6
1215 3028 1431 3086 θάνατος
1482 3021 1767 3083 διαστήσει

159 3117 290 3188 ὑμᾶς
324 3116 468 3189 ἐμοῦ.

232 3204 426 3267 Οὐδεὶς
483 3238 552 3248 —
592 3206 735 3279 ἐμοῦ.
807 3208 886 3260 Ἐν
942 3215 1012 3276 τῷ
1072 3205 1230 3278 ἐνάτῳ
1276 3203 1334 3258 δε
1378 3205 1635 3278 κεφαλαίῳ
1695 3201 1766 3256 εἶ-

1883 605 2093 672 parata
2115 607 2202 656 est
2221 600 2600 657 multitudine
2621 600 3032 668 mansionum,
3057 617 3128 658 ac
3154 601 3353 674 dignis
3382 608 3539 662 sorte

1881 691 2207 747 distributae
2237 697 2395 759 sunt,
2445 691 2731 748 ﬁduciam
2787 691 3011 749 habere
3042 698 3296 766 oportet,
3331 698 3387 751 et
3416 711 3539 752 non

1879 779 2217 852 desperare.

1953 869 2156 927 Potest
2213 875 2269 926 et
2337 869 2508 926 aliter
2563 871 2681 927 dici
2737 890 2749 930 :
2807 871 2976 940 Quod
3040 872 3273 928 etiamsi
3339 873 3536 930 abiero

1879 965 1945 1015 ut
1982 975 2314 1028 praeparem
2345 961 2499 1016 vobis
2537 962 2751 1026 locum,
2805 961 3094 1026 videlicet,
3151 967 3215 1018 ut
3252 962 3536 1018 innovem

1878 1048 2051 1104 vobis
2084 1065 2406 1106 ascensum
2439 1051 2499 1106 in
2553 1051 2794 1119 cmlum,
2826 1067 2949 1124 quo
3009 1051 3208 1108 nullus
3262 1067 3534 1124 unquam

1876 1139 2192 1194 hominum
2237 1141 2518 1206 ascendit,
2564 1157 2796 1196 rursum
2845 1142 3086 1197 veniam
3140 1142 3396 1198 secundo
3435 1141 3539 1196 ad-

1877 1237 2080 1299 ventu,
2135 1236 2191 1287 et
2248 1248 2557 1288 assumam
2614 1249 2717 1288 vos
2768 1233 2844 1289 ad
2900 1234 3220 1306 meipsum,
3276 1232 3540 1289 resusci-

1878 1323 2032 1376 tatos
2088 1337 2155 1376 ex
2205 1321 2477 1386 mortuis,
2533 1326 2597 1376 ut
2648 1323 3022 1392 conregnetis
3077 1323 3224 1379 mihi
3277 1322 3336 1378 in
3370 1327 3539 1378 aeter-

1877 1427 2047 1468 num.
2081 1410 2441 1483 Quanquam
2492 1411 2652 1467 enim
2693 1412 2916 1468 mortui
2955 1417 3092 1470 ante
3145 1427 3285 1469 eum
3333 1429 3538 1471 ascen-

1877 1501 2116 1570 derunt,
2157 1501 2259 1556 sed
2287 1517 2407 1556 non
2440 1517 2578 1558 cum
2597 1502 2951 1570 corporibus
2981 1520 2995 1569 ;
3029 1507 3084 1558 et
3109 1502 3158 1557 si
3185 1503 3362 1558 simul
3393 1519 3534 1560 cum

1877 1607 1948 1648 eo
1981 1596 2139 1656 sunt,
2173 1595 2233 1646 at
2263 1606 2382 1646 non
2445 1590 2621 1646 simul
2671 1596 2946 1661 regnant.
2989 1592 3135 1658 Quia
3164 1607 3302 1648 vero
3343 1593 3534 1648 sciens

1877 1687 2077 1736 motus
2138 1680 2408 1736 cordium
2464 1681 2746 1751 ipsorum,
2803 1682 3082 1750 cognovit
3133 1696 3350 1753 cupere
3399 1681 3532 1737 illos

1877 1771 2025 1826 scire
2055 1786 2178 1843 quo
2232 1770 2357 1836 iret,
2412 1774 2467 1826 et
2507 1769 2669 1826 viam
2709 1786 2837 1837 quas
2863 1786 2934 1826 eo
2959 1770 3204 1826 duceret
3247 1787 3370 1843 quo
3400 1771 3530 1838 iret,

1878 1861 1960 1915 ait
1988 1876 2001 1915 :

1946 1950 2108 2005 Vers.
2143 1952 2192 2005 4.
2257 1950 2330 2004 Et
2361 1949 2635 2004 -—-scitis.
2695 1949 2780 2004 Ex
2841 1949 2950 2014 his,
3001 1965 3138 2022 quin
3191 1949 3534 2022 frequenter

1875 2038 1996 2094 dixi
2026 2038 2216 2104 vobis,
2245 2045 2301 2094 et
2329 2038 2440 2094 hoc
2467 2044 2523 2094 et
2569 2037 2715 2094 illud
2764 2039 2972 2104 nostis,
3005 2039 3053 2094 si
3103 2039 3530 2096 recordamini.

1874 2127 1960 2183 Ad
1993 2129 2222 2184 Patrem
2257 2143 2519 2200 namque
2571 2127 2698 2184 ibat
2727 2144 2763 2185 a
2809 2143 2932 2201 quo
2989 2128 3172 2184 etiam
3219 2128 3529 2185 exiverat:

1874 2218 1972 2273 via
2026 2223 2226 2273 autem
2284 2218 2410 2290 ipse
2466 2222 2578 2284 est,
2612 2233 2717 2289 per
2747 2233 2928 2292 quem
2976 2219 3133 2274 imus
3163 2217 3242 2273 ad
3269 2217 3529 2284 Patrem,

1874 2307 2049 2361 veluti
2081 2306 2139 2362 in
2173 2307 2562 2378 sequentibus
2595 2307 2854 2363 dicturus
2885 2311 2995 2362 est.

1947 2397 2109 2450 Vers.
2140 2401 2190 2453 5.
2228 2397 2380 2452 Dicit
2410 2429 2477 2437 —
2507 2399 2658 2455 scire
2683 2398 2710 2454 ‘I
2738 2398 2992 2454 Putabat
3045 2412 3306 2468 namque
3347 2395 3533 2453 sensi-

1875 2483 2057 2540 bilem
2100 2485 2363 2558 aliquem
2421 2486 2621 2543 locum
2676 2503 2831 2552 esse,
2873 2503 2989 2560 quo
3017 2486 3145 2551 iret,
3200 2491 3257 2542 et
3316 2487 3528 2543 eodem

1877 2575 2061 2630 modo
2089 2575 2244 2631 viam
2277 2592 2407 2633 esse
2447 2577 2721 2639 similem.

1953 2666 2169 2719 Vers.6.
2203 2665 2308 2721 Ait
2331 2697 2396 2706 —
2417 2667 2557 2723 vita.
2583 2667 2690 2722 Via
2716 2667 2978 2738 quidem,
3008 2667 3147 2741 quia
3166 2682 3272 2740 per
3291 2683 3386 2722 me
3405 2679 3536 2737 gra-

1876 2753 2108 2820 dimini;
2167 2757 2384 2810 veritas
2436 2760 2660 2819 autem,
2715 2757 2859 2828 quia
2907 2773 3044 2814 vera
3099 2756 3335 2829 loquor,
3379 2762 3436 2813 et
3465 2772 3538 2813 ea

1876 2841 2261 2898 infallibiliter
2293 2855 2486 2910 erunt;
2521 2845 2641 2900 vita
2670 2861 2831 2911 vero,
2870 2847 3012 2917 quia
3061 2847 3237 2902 morti
3290 2862 3537 2920 quoque

1876 2931 2165 2988 dominor.
2223 2933 2281 2988 Si
2333 2949 2476 3003 ergo
2525 2949 2637 3003 ego
2687 2934 2784 2990 via
2853 2951 3008 2999 sum,
3064 2937 3284 2992 ducam
3334 2937 3536 3006 utique

1878 3037 1998 3087 vos;
2034 3022 2079 3076 si
2123 3023 2299 3078 etiam
2360 3023 2603 3087 veritas,
2654 3039 2778 3079 non
2833 3025 3133 3092 mentior;
3167 3023 3333 3097 quod
3384 3025 3433 3080 si
3480 3029 3538 3081 et

1875 3112 2018 3176 vita,
2051 3127 2247 3184 neque
2280 3129 2439 3169 mors
2467 3129 2574 3169 vos
2604 3129 2639 3170 a
2671 3130 2766 3169 me
2797 3115 3115 3185 separabit.

1950 3202 2108 3256 Vers.
2149 3207 2200 3257 6.
2245 3204 2428 3259 Nemo
2467 3234 2534 3243 —
2563 3218 2672 3260 me.
2723 3205 2888 3259 Nono
2940 3219 3078 3260 vero
3125 3204 3317 3277 capite
3348 3204 3532 3264 dixit:

167 3315 251 3347 πεν
277 3317 288 3329 ·
326 3295 517 3358 Οὐδεὶς
558 3293 780 3350 δύναται
811 3297 968 3349 ἐλθεῖν
992 3301 1119 3368 πρὸς
1147 3297 1252 3368 ἐμὲ,
1291 3296 1372 3348 ἐὰν
1406 3301 1475 3366 μὴ
1527 3297 1551 3346 6
1587 3300 1765 3369 Πατὴρ

1891 3290 2062 3346 Nemo
2087 3296 2280 3361 potest
2311 3293 2508 3348 venire
2570 3292 2650 3348 ad
2693 3309 2801 3359 me,
2851 3293 2966 3348 nisi
2994 3263 3327 3366 Pater,.qui
3384 3295 3538 3350 misit

168 3386 434 3458 ὀπέμψας
473 3407 535 3458 με
566 3387 753 3460 ἐλκύσῃ
807 3387 996 3439 αὐτόν’
1033 3390 1058 3438 6
1107 3392 1195 3459 μεν
1227 3389 1326 3460 γὰρ
1387 3386 1570 3454 ελκὺει,
1627 3387 1653 3436 6
1709 3381 1767 3437 δὲ

169 3473 383 3548 ὁδηγεῖ·
424 3482 514 3529 καὶ
553 3477 833 3550 ἀμφότεροι
875 3485 1213 3552 συνεργοῦσιν
1262 3475 1334 3536 εἰς
1375 3479 1468 3534 τὴν
1506 3477 1768 3549 σωτηρίαν

167 3575 262 3617 τῶν
289 3567 595 3640 ἀνθρώπων.

237 3657 296 3708 Εἰ
360 3687 430 3696 -—
490 3655 755 3726 ἐγνώκειτε
837 3658 917 3709 οἶν.
979 3655 1244 3730 Ἀνωτέρω
1310 3658 1399 3728 μεν
1482 3655 1635 3707 εἰπὼν
1691 3655 1772 3705 ὅτι

169 3743 242 3814 (4)
293 3750 398 3799 Καὶ
441 3747 569 3797 ὅπου
630 3748 815 3817 ὑπάγω
870 3743 1070 3811 οἴδατε,
1104 3752 1193 3798 καὶ
1223 3751 1316 3804 τὴν
1375 3741 1498 3797 ὁδόν
1551 3740 1768 3796 οἴδατε·

169 3829 428 3892 ἐδήλωσεν
469 3837 548 3886 ὄτι
581 3841 671 3888 καὶ
717 3839 802 3888 τόν
851 3840 1058 3909 Πατέρα
1105 3833 1287 3888 οἴδασι
1330 3840 1419 3888 καὶ
1463 3834 1656 3886 αὑτόν·
1701 3831 1772 3883 ἐν·

169 3926 334 3976 ταῦθα
387 3920 446 3976 δὲ
503 3923 798 3996 ἐπαγαγὼν,
855 3927 937 3976 ὅτι
998 3926 1056 3977 Εἰ
1108 3924 1371 3996 ἐγνώκειτε
1424 3943 1506 3996 με,
1557 3927 1647 3974 καὶ
1685 3925 1771 3973 τόν

170 4017 374 4087 Πατέρα
464 4033 565 4086 μου
668 4013 933 4086 ἐγνώκειτε
1033 4017 1114 4080 ἄν,
1182 4015 1410 4086 ἐνέφηνεν
1509 4015 1588 4064 ὅτι
1684 4016 1773 4063 καὶ

169 4101 320 4154 αὐτόν
383 4101 632 4176 ἀγνοοῦσι
688 4109 772 4154 καὶ
826 4107 913 4155 τόν
965 4108 1184 4174 Πατέρα.
1241 4109 1338 4156 Καὶ
1383 4103 1654 4173 πολλαχοῦ
1714 4097 1773 4152 δε

168 4200 314 4244 τοῦτο
367 4200 526 4247 ποιεῖ.
578 4194 724 4246 Ἐπεὶ
779 4197 879 4268 γὰρ
933 4193 1210 4264 ἐγίνωσκον
1264 4196 1353 4266 μὲν
1407 4197 1496 4244 καὶ
1555 4191 1773 4264 ἀμφότέ·

167 4297 302 4350 ρους,
357 4282 461 4354 οὑχ
507 4285 571 4343 ὡς
605 4291 871 4355 προσῆκον
928 4279 1019 4335 δέ’
1081 4284 1295 4358 ὕστερον
1343 4284 1445 4356 γὰρ
1504 4281 1776 4351 ἐπιφοιτῆ-

170 4386 261 4419 σαν
321 4375 384 4424 τό
435 4373 687 4443 πανάγιον
751 4380 958 4444 Πνεῦμα
1024 4376 1404 4424 κατεσκεύασεν
1467 4371 1646 4431 αὑτοῖς
1699 4389 1772 4422 τε·

165 4453 298 4510 λείαν
354 4466 449 4519 τὴν
492 4470 721 4532 γνῶσιν·
789 4466 911 4514 ποτε
962 4465 1054 4534 μεν
1113 4465 1192 4514 ὅτι
1243 4468 1568 4534 γινώσκουσι
1616 4459 1773 4530 λέγει,

171 4541 306 4602 διότι
342 4547 695 4609 ὁπωσδήποτε
723 4558 1049 4623 γινώσκουσι
1075 4569 1086 4581 ·
1123 4555 1244 4604 ποτε
1276 4550 1334 4604 δὲ
1383 4553 1463 4604 ὅτι
1518 4551 1576 4602 οὑ
1624 4554 1776 4621 γίνω-

173 4655 381 4705 σκουσι,
413 4638 550 4692 διότι
582 4643 650 4702 ὡς
684 4641 848 4715 ἐχρῆν
881 4641 938 4693 οὑ
969 4648 1312 4713 γινώσκουσι,
1348 4649 1454 4694 Νῦν
1486 4637 1546 4693 δε
1576 4658 1733 4712 φησιν
1759 4655 1771 4668 ·

177 4726 231 4777 Εἰ
282 4728 551 4801 ἐγνώκειτέ
606 4750 688 4801 με,
750 4733 819 4791 ὡς
869 4736 1003 4803 χρὴ,
1062 4737 1141 4792 τίς
1199 4732 1302 4803 εἰμι
1371 4735 1428 4783 τὸ
1483 4734 1772 4803 νοούμενον,

169 4821 256 4869 καὶ
321 4824 408 4872 τὸν
495 4824 696 4893 Πατέρα
783 4839 883 4892 μου
974 4819 1238 4892 ἐγνώκειτε
1307 4823 1404 4872 οἶν·
1499 4820 1607 4873 ἐπεὶ
1671 4825 1773 4894 γὰρ

174 4900 282 4968 ἶσος
340 4909 456 4982 ἐμοὶ
495 4914 584 4960 καὶ
643 4907 1037 4983 ἀπαράλλακτός
1095 4910 1254 4975 ἐστιν,
1311 4912 1336 4962 6
1393 4916 1645 4972 νενοηκὼς
1690 4911 1776 4983 ἐμὲ

171 5000 374 5056 νενόηκε
405 5000 484 5070 (5)
509 5002 595 5051 τὸν
624 5003 848 5074 Πατέρα.

245 5179 345 5228 Καὶ
378 5209 442 5218 —-
483 5177 657 5232 αὐτόν.
701 5177 842 5232 Ἐπεὶ
890 5181 975 5251 ἐμὲ
1027 5184 1325 5250 γινώσκετε,
1360 5179 1402 5232 εἰ
1455 5186 1543 5234 καὶ
1595 5185 1663 5254 μὴ
1704 5184 1771 5244 ὡς

174 5266 306 5333 χρὴ,
337 5265 516 5321 λοιπὸν
547 5272 830 5339 γινώσκετε
862 5273 953 5321 καὶ
982 5268 1137 5321 αὐτὸν
1168 5271 1435 5330 ὡσαύτως.

246 5531 287 5566 ⁸⁷
319 5537 487 5595 Joan.
525 5554 600 5602 vx,
646 5537 737 5594 44.
857 5537 902 5572 ⁸⁸
942 5537 1115 5594 Joan.
1149 5554 1266 5603 xlv,
1308 5543 1361 5595 4.

1806 4608 1850 4664 D

1880 3396 1989 3444 me,
2041 3382 2302 3438 traxerit
2359 3397 2491 3438 eum
2541 3383 2632 3436 87:
2681 3381 2776 3437 ille
2831 3382 3132 3456 siquidem
3191 3384 3387 3450 trahit,
3439 3384 3534 3441 hic

1881 3477 2082 3526 autem
2137 3471 2298 3528 ducit
2354 3477 2411 3528 et
2441 3473 2623 3528 ambo
2673 3481 3074 3545 cooperantur
3113 3473 3189 3530 ad
3221 3475 3537 3532 hominum

1883 3561 2164 3617 salutem.

1953 3653 2113 3706 Vers.
2171 3652 2222 3705 7.
2281 3651 2350 3706 Si
2377 3682 2442 3691 —
2498 3653 2704 3723 utique
2759 3652 3188 3723 cognovissetis.
3249 3653 3537 3726 Superius

1882 3741 2131 3814 quidem
2179 3741 2386 3797 dicens
2421 3742 2678 3813 :thuo
2726 3757 2830 3812 ego
2863 3743 3016 3798 vado
3073 3742 3253 3812 scitis,
3285 3749 3339 3800 et
3380 3745 3538 3800 viam

1882 3832 2044 3888 scitis
2102 3831 2170 3897 ⁸⁸,
2223 3831 2601 3899 signiﬁcavit,
2631 3831 2797 3902 quod
2855 3836 2907 3888 et
2939 3832 3172 3888 Patrem
3231 3836 3290 3889 et
3333 3848 3394 3888 se
3445 3849 3541 3889 co-

1882 3925 2261 3994 gnoscerent.
2312 3922 2414 3976 Hic
2440 3926 2641 3977 autem
2692 3921 2979 3992 adjiciens
3014 3939 3027 3977 :
3058 3923 3128 3979 Si
3167 3925 3540 3993 cognovisse-

1883 4011 1959 4064 tis
1990 4026 2098 4073 me,
2149 4013 2202 4065 et
2229 4011 2457 4066 Patrem
2492 4025 2683 4066 meum
2736 4013 2942 4083 utique
2978 4011 3405 4081 cognovisselis,
3448 4027 3542 4068 os-

1883 4100 2086 4164 tendit,
2128 4099 2292 4170 quod
2326 4103 2381 4155 et
2420 4115 2481 4154 se
2534 4105 2589 4154 et
2644 4103 2870 4155 Patrem
2912 4099 3277 4168 ignorarent.
3329 4101 3392 4155 td
3437 4116 3542 4157 au-

1883 4193 2003 4244 tem
2031 4188 2232 4244 multis
2279 4189 2334 4243 in
2387 4189 2532 4245 locis
2586 4189 2776 4244 facit:
2829 4205 2970 4246 nam
3027 4189 3172 4262 quia
3217 4195 3541 4264 utrumque

1883 4277 2350 4348 cognoscebant,
2405 4283 2464 4334 at
2512 4294 2655 4344 non,
2709 4284 2768 4334 ut
2807 4279 3204 4336 conveniebat
3253 4279 3541 4351 (postmo-

1883 4366 2030 4421 dum
2088 4369 2251 4421 enim
2301 4367 2676 4422 descendens
2729 4367 2977 4439 Spiritus
3035 4372 3301 4434 sanctus,
3353 4367 3540 4438 perfe-

1884 4462 2040 4511 ctam
2071 4455 2154 4510 eis
2185 4456 2438 4528 praebuit
2469 4456 2922 4526 cognitionem),
2966 4456 3266 4513 interdum
3297 4456 3540 4528 quidem

1885 4546 2048 4613 dicit,
2098 4545 2265 4618 quod
2323 4551 2714 4615 cognoscunt,
2775 4546 2920 4619 quia
2974 4550 3278 4619 utcunque
3321 4561 3542 4615 cogno-

1888 4641 2060 4694 scunt
2092 4654 2104 4691 :
2133 4633 2498 4707 quandoque
2539 4651 2698 4705 vero,
2766 4635 2927 4707 quod
2970 4651 3091 4692 non
3145 4639 3540 4706 cognoscunt,

1886 4731 2028 4800 quia
2060 4746 2200 4795 non,
2237 4736 2296 4784 ut
2322 4731 2568 4802 oportet,
2611 4731 3002 4795 cognoscunt.
3035 4729 3200 4782 Nunc
3235 4741 3376 4782 vero
3415 4725 3496 4782 ait
3526 4742 3541 4783 :

1887 4822 1956 4876 Si
1985 4818 2384 4891 cognovissetis
2412 4831 2518 4882 me,
2549 4821 2612 4871 ut
2669 4821 2916 4886 Oportet,
2950 4815 3087 4888 quis
3142 4814 3279 4879 sim,
3341 4830 3543 4888 quan-

1890 4917 2010 4967 tum
2049 4909 2125 4964 ad
2178 4907 2558 4971 intellectum,
2611 4911 2663 4962 et
2690 4906 2923 4962 Patrem
2967 4920 3158 4961 meum
3214 4905 3412 4974 utique
3450 4919 3543 4960 co-

1883 4999 2209 5072 gnovissetis
2243 5015 2255 5065 ;
2286 5012 2424 5052 nam
2453 5011 2588 5051 cum
2647 4994 2788 5050 mihi
2820 4993 2896 5049 sit
2946 4992 3215 5065 aequalis,
3282 4996 3342 5048 et
3371 5007 3409 5048 a
3445 5007 3542 5048 me

1884 5085 2321 5160 inseparabilis,
2342 5085 2446 5158 qui
2474 5100 2568 5140 me
2591 5083 2888 5154 cognovit,
2912 5087 2967 5138 et
2984 5084 3214 5137 Patrem
3241 5081 3540 5152 cognovit.

1959 5179 2117 5234 Vers.
2175 5184 2228 5233 7.
2288 5176 2366 5232 Et
2426 5206 2495 5216 —
2568 5189 2714 5231 eum.
2782 5174 2927 5229 Cum
2993 5186 3090 5228 me
3146 5170 3537 5242 cognoscatis,

1885 5284 2240 5343 quanquam
2300 5280 2416 5322 non
2467 5269 2533 5321 ut
2583 5266 2836 5336 oportet,
2894 5275 3275 5334 consequens
3325 5265 3417 5317 est
3478 5264 3542 5317 ut

1886 5363 1942 5416 et
1971 5359 2159 5431 ipsum
2190 5356 2456 5414 similiter
2484 5353 2886 5428 cognoscatis.

1395 5674 1618 5744 Variae
1653 5674 1981 5743 lectiones
2022 5682 2090 5740 et
2119 5680 2321 5741 notae.

247 5808 322 5880 (4)
361 5813 483 5871 Ὀτι
513 5813 682 5875 abest
712 5817 770 5872 Β.

1954 5818 2035 5891 (5)
2065 5820 2164 5872 Καὶ
2197 5817 2431 5876 videtur
2456 5814 2772 5874 excidisse.
