4108 6382
577 384 600 446 1
612 383 717 442 395

578 608 745 677 puta,
813 618 933 658 non
988 606 1118 674 post
1200 601 1458 657 multum
1518 606 1772 673 tempus,
1860 600 2234 672 cognoscetis

580 708 720 749 eum
783 696 846 748 ut
882 695 1128 763 oportet,
1163 691 1266 746 ubi
1296 705 1472 762 super
1523 705 1630 746 vos
1685 689 1926 761 Spiritus
1990 693 2234 744 sanctus

581 781 973 838 descenderit.

655 871 818 925 Vers.
879 872 936 927 7.
998 869 1075 924 Et
1145 868 1367 924 vidistis
1429 884 1580 925 eum.
1645 867 1830 924 Etiam
1904 867 2235 940 potentiam

583 961 712 1028 ejus
765 959 986 1014 vidistis
1044 974 1152 1030 per
1214 974 1407 1014 meam
1460 959 1812 1030 potentiam,
1874 974 1978 1028 per
2035 957 2239 1012 divina

584 1051 776 1124 signa,
809 1067 945 1124 quae
992 1049 1149 1106 dedi.
1206 1052 1353 1106 Nam
1415 1066 1547 1120 quae
1609 1064 1721 1120 ego
1776 1065 2049 1121 possum,
2110 1048 2238 1104 haac

585 1147 640 1197 et
670 1141 784 1195 ille.

657 1232 810 1285 Vers.
843 1232 896 1287 8.
931 1230 1081 1286 Dicit
1110 1260 1174 1270 -—
1204 1228 1384 1285 nobis.
1428 1260 1481 1269 —-
1528 1229 1605 1284 Et
1673 1229 1897 1298 sufﬁcit
1947 1227 2123 1293 vobis,
2179 1231 2242 1282 ut

586 1319 690 1392 qui
718 1319 919 1391 tejam
951 1324 1127 1374 antea
1157 1318 1569 1388 cognovimus.
1633 1319 1781 1384 Quia
1827 1334 1966 1388 ergo
2024 1316 2243 1391 (ιιιωεὶ-

587 1408 672 1464 vit
713 1423 889 1464 nosse
952 1409 1204 1473 Patrem,
1260 1408 1526 1464 ostendit
1568 1407 1831 1464 Christus
1886 1408 2042 1480 quod
2104 1422 2241 1462 eum

586 1498 716 1569 jam
747 1503 968 1554 nosset.

662 1587 826 1642 Vers.
860 1589 912 1642 9.
940 1588 1041 1644 Ait
1067 1619 1136 1628 —
1165 1588 1446 1658 Philippe
1468 1587 1494 1641 ?
1529 1587 2012 1659 lnterrogationis
2043 1602 2242 1643 sermo

592 1681 680 1733 est
712 1698 723 1730 :
761 1679 948 1733 Tanto
978 1683 1238 1747 tempore
1287 1679 1581 1734 vobiscum
1633 1694 1781 1742 sum,
1839 1677 2043 1734 divina
2073 1678 2246 1748 signa

593 1781 873 1838 operans,
909 1772 962 1822 et
990 1767 1064 1822 ab
1128 1766 1222 1822 his
1279 1783 1397 1822 non
1442 1768 1770 1837 cognovisti
1801 1783 1915 1833 me,
1958 1768 2093 1840 quis
2132 1766 2243 1821 sim

1903 379 2256 440 EUTHYMII
2308 378 2636 441 ZIGABENI

649 511 1113 586 Chrysostomus
1171 526 1328 577 vero,
1382 508 1737 582 Cognoscetis
1799 509 2229 580 interpretatur,
2264 508 2308 560 Α

3827 401 3848 456 1
3861 402 3951 459 396

2419 510 2478 564 Ὀ
2571 509 2630 566 δὲ
2704 519 3086 591 Χρνσόστομος
3160 519 3237 593 (6)
3308 525 3573 578 Γνὼσεσθε
3684 524 3951 600 ἑρμηνεύιί

2351 605 2512 672 ἤγουν
2581 605 2700 656 ὅσον
2750 608 2892 657 οὔπω
2949 613 3209 679 γνώσεσθε
3280 612 3454 680 αὐτὸν,
3530 617 3599 678 ὡς
3671 636 3952 692 προσηκον,

2351 691 2782 765 ἐπιφοιτήσαντος
2814 697 2934 768 ὑμῖν
2959 706 3049 750 τοῦ
3083 699 3234 772 ἁγίου
3278 706 3596 776 Πνεύματος.

2427 877 2524 924 Καὶ
2591 873 2846 948 ἑωράκατε
2904 878 3079 945 αὐτὸν,
3139 885 3238 932 Καὶ
3301 881 3563 956 ἑωράκατε
3639 887 3740 941 τὴν
3814 883 3956 937 δύνα-

2352 981 2437 1032 μιν
2471 961 2628 1014 αὑτοῦ
2662 960 2754 1015 διὰ
2780 973 2873 1027 τῆς
2904 965 3028 1038 ἐμῆς
3074 965 3362 1042 δυνάμεως,
3396 968 3489 1024 διὰ
3519 981 3618 1024 τῶν
3671 976 3954 1048 θεοπρεπῶν

2354 1057 2580 1124 σημείων
2631 1054 2698 1104 ὧν
2748 1053 2994 1114 ἐποίησα.
3059 1064 3117 1110 "A
3167 1062 3270 1134 γαρ
3326 1059 3425 1133 ἐγὼ
3485 1059 3748 1136 δύναμαι,
3806 1072 3958 1116 ταῦτα

2353 1139 2556 1194 κάκεῖνο
2567 1162 2606 1202 ς.

2432 1236 2577 1303 Λέγει
2625 1264 2690 1272 ——
2724 1235 2866 1304 ἡμῖν.
2920 1267 2988 1275 —
3051 1243 3149 1291 Κὰὶ
3191 1237 3344 1312 ἀρκεῖ
3393 1242 3539 1312 ἡμῖν,
3597 1243 3671 1304 ὡς
3731 1246 3791 1295 σὲ
3850 1247 3958 1304 τέως

2356 1319 2655 1391 ἐγνωκόσιν.
2727 1322 2869 1377 Ἐπεὶ
2919 1321 3006 1378 οὖν
3060 1325 3286 1390 ἐζήτησε
3338 1339 3531 1400 γνῶναι
3582 1335 3674 1384 τὸν
3740 1338 3955 1408 Πατέρα,

2359 1408 2619 1464 δείκνυσιν
2651 1414 2675 1465 6
2701 1418 2934 1486 Χριστὸς
2957 1417 3038 1468 ὅτι
3068 1413 3206 1469 οἶδεν
3236 1419 3408 1473 αὐτόν.

2430 1596 2583 1664 Λέγει
2635 1626 2704 1634 -
2751 1595 3002 1666 (hilarus;
3062 1598 3185 1651 Κατ’
3241 1598 3497 1674 ἐρώτησιν
3551 1603 3576 1654 6
3639 1602 3819 1674 λόγος.
3877 1613 3962 1658 Το-

2362 1690 2547 1735 σοῦτον
2606 1690 2798 1757 χρόνον
2867 1689 2980 1758 μεθ’
3067 1691 3209 1761 ὑμῶν
3273 1690 3402 1758 εἰμι,
3500 1693 3822 1766 Θεοσημείας
3884 1697 3962 1769 ἐρ-

2357 1776 2664 1845 γαζόμενος,
2715 1781 2804 1828 καὶ
2843 1777 2935 1829 οὐκ
2967 1779 3193 1849 ἔγνωκάς
3235 1800 3299 1852 με
3331 1779 3430 1833 ἀπὸ
3471 1785 3690 1849 τούτων,
3742 1791 3826 1846 τίς
3868 1784 3964 1856 εἰμι

591 1855 878 1926 dignitate
910 1863 965 1912 et
1003 1857 1322 1929 potentia?
1380 1857 1541 1929 quod
1601 1860 1753 1913 Deus
1809 1855 2239 1929 omnipotens?

2359 1867 2452 1920 την
2493 1862 2638 1926 ἀξίαν
2683 1870 2769 1917 καὶ
2799 1870 2891 1924 τὴν
2943 1864 3202 1941 (iuventua;
3255 1872 3334 1922 ὅτι
3367 1875 3491 1933 Θεὸς
3538 1871 3959 1946 παντοδύναμος.

595 1947 749 2002 Sane
787 1947 1037 2002 omnino
1069 1947 1398 2017 cognovisti
1433 1963 1548 2012 me,
1581 1952 1637 2003 et
1689 1962 2068 2019 consequens
2101 1961 2242 2016 ergo

592 2039 698 2099 est,
740 2039 804 2090 ut
851 2041 906 2091 et
959 2036 1194 2092 Patrem
1247 2037 1648 2108 cognoveris;
1705 2052 1848 2093 nam
1902 2037 2104 2106 imago
2137 2051 2244 2108 per

591 2125 796 2180 omnia
817 2124 1023 2180 similis
1055 2143 1186 2181 sum
1214 2142 1325 2194 ego
1358 2126 1566 2182 Patris.

663 2217 822 2270 Vers.
858 2215 910 2271 9.
941 2215 1052 2281 Qui
1087 2247 1155 2255 —
1182 2218 1446 2273 Patrem.
1523 2217 1632 2283 Qui
1679 2231 1878 2272 meam
1963 2215 2243 2285 cognovit

590 2303 944 2375 dignitatem
1021 2308 1078 2361 et
1163 2306 1512 2378 potentiam,
1599 2305 1878 2375 cognovit
1942 2312 1997 2360 et
2057 2305 2242 2360 Patris

588 2393 934 2464 dignitatem
993 2411 1062 2450 ac
1112 2396 1440 2468 potentiam
1514 2415 1526 2454 :
1572 2412 1782 2450 sumus
1833 2410 2099 2466 namque
2143 2410 2245 2466 per

588 2486 794 2541 omnia
824 2484 1067 2551 similes,
1096 2491 1153 2541 et
1201 2501 1357 2541 unus
1412 2501 1517 2558 per
1574 2485 1826 2542 alterum
1861 2489 2069 2540 mutuo
2103 2499 2240 2554 cog—

587 2573 922 2629 noscimur.

658 2663 820 2718 Vers.
852 2665 902 2718 9.
939 2662 1018 2717 Et
1064 2693 1132 2702 -—
1162 2665 1400 2719 Patrem
1453 2661 1482 2717 ἦ*
1505 2663 1822 2728 Quomodo
1879 2678 2242 2734 cognoscere

585 2753 774 2825 cupis,
807 2767 986 2826 quem
1026 2752 1143 2822 jam
1177 2752 1509 2823 cognovisti
1559 2753 1586 2807 ‘l
1644 2753 1953 2826 quomodo
1997 2755 2241 2826 quaeris,

584 2841 748 2915 quod
779 2842 986 2898 habes.
1019 2843 1046 2897 ?

655 2932 1036 3005 Alioquoque
1065 2933 1247 2988 modo
1267 2931 1677 3002 intelliguntur
1702 2932 1831 2988 haec
1855 2932 2057 2998 verba,
2081 2933 2240 3005 quod

581 3022 887 3093 quaerebat
909 3021 1210 3094 Philippus
1228 3022 1428 3078 videre
1447 3022 1681 3077 Patrem
1697 3022 2080 3078 sensibilibus
2100 3038 2241 3077 ocu-

579 3111 669 3181 lis,
705 3112 956 3166 audiens
999 3111 1265 3168 fortassis
1304 3128 1337 3166 a
1393 3111 1594 3167 multis
1649 3107 1991 3185 frequenter
2042 3111 2237 3166 visum

2358 1958 2460 2004 Ναὶ
2491 1956 2690 2015 παντως
2737 1958 2957 2026 ἔγνωκάς
3009 1977 3103 2030 με·
3165 1964 3254 2012 καὶ
3307 1959 3350 2012 εἰ
3381 1964 3611 2032 ἔγνωκάς
3661 1983 3750 2036 με,
3794 1964 3960 2016 λοιπον

2357 2044 2584 2114 ἔγνωκας
2618 2047 2698 2096 τὸν
2730 2049 2935 2119 Πατέρα
2961 2065 2971 2077 ·
3007 2047 3152 2100 εἰκὼν
3182 2050 3282 2124 γὰρ
3314 2050 3720 2123 ἀπαράλλακτος
3748 2053 3848 2125 ἐγὼ
3879 2060 3961 2104 τοῦ

2359 2137 2580 2206 Πατρός.

2426 2221 2484 2274 Ὀ
2500 2254 2568 2262 -
2593 2228 2816 2297 Πατέρα.
2840 2223 2898 2277 ⁸0
2921 2225 3156 2298 ἐγνωκὼς
3173 2231 3261 2286 τὴν
3284 2227 3410 2301 ἐμὴν
3435 2228 3583 2293 ἀξίαν
3606 2236 3699 2284 καὶ
3723 2228 3958 2304 δύναμιν,

2357 2314 2543 2382 ἔγνωκε
2564 2319 2658 2371 την
2687 2323 2778 2366 τοῦ
2812 2321 3011 2390 Πατρός
3037 2335 3048 2346 ·
3097 2316 3488 2393 ἀπαράλλακτοι
3517 2323 3620 2396 γὰρ
3663 2323 3840 2393 ἡμεῖς,
3879 2326 3958 2372 καὶ

2358 2399 2429 2454 δι’
2460 2401 2688 2461 ἀλλήλων
2719 2406 3113 2479 γνωριζόμενοι.

2433 2658 2528 2706 Καὶ
2572 2686 2639 2694 -
2672 2658 2914 2730 Πατέρα;
2979 2663 3091 2718 Πῶς
3147 2655 3306 2718 θῦ.εις
3353 2667 3546 2731 γνῶναι
3590 2659 3643 2713 ὃν
3695 2663 3955 2734 ἔγνωκας;

2357 2751 2461 2804 πῶς
2489 2744 2660 2807 ζητεῖς
2686 2745 2711 2798 ὃ
2743 2748 2886 2818 ἔχεις
2910 2763 2923 2813 ;

2425 2929 2682 2975 Νοοῦνται
2743 2921 2802 2978 δὲ
2868 2929 2951 2976 καὶ
3020 2926 3196 2999 ἑτέρως
3265 2929 3330 2979 τὰ
3383 2928 3540 3002 ῥητὰ,
3609 2930 3688 2981 ὅτι
3746 2928 3955 2990 ἐζήτησε

2354 3015 2443 3084 μὲν
2507 3014 2532 3064 ὁ
2591 3013 2844 3076 Φίλιππος
2889 3011 3021 3068 ἰδεῖν
3079 3020 3164 3068 τὸν
3234 3021 3442 3090 Πατέρα
3513 3025 3619 3078 τοῖς
3687 3019 3956 3076 αἰσθητοῖς

2355 3101 2657 3174 ὀφθαλμοῖς,
2717 3106 2843 3164 ἴσως
2898 3103 3095 3157 ἀκούων
3154 3107 3408 3178 ὁραθῆναι
3461 3107 3665 3170 πολλοῖς
3723 3107 3956 3166 πολλάκις

579 3218 708 3257 esse
747 3201 1072 3274 prophetis,
1111 3201 1306 3272 specie
1356 3217 1426 3258 ac
1469 3201 1665 3270 ﬁgura
1708 3201 1991 3266 humana,
2047 3201 2238 3256 addit-

2354 3200 2451 3243 τῶν
2517 3203 2791 3268 προφητῶν
2863 3193 2909 3245 ἐν
2974 3194 3272 3268 ἀνθρωπίνῳ
3339 3193 3464 3250 εἴδει
3535 3203 3623 3250 καὶ
3692 3203 3950 3270 σχήματι.

577 3307 690 3363 que
722 3307 735 3346 :
770 3291 846 3346 Et
877 3291 1104 3360 sufﬁcit
1134 3291 1321 3358 nobis,
1354 3296 1416 3347 ut
1455 3290 1548 3363 qui
1600 3291 1798 3362 ipsum
1853 3291 2060 3346 Filium
2107 3291 2236 3361 jam

574 3380 798 3436 videret
823 3396 893 3436 ac
921 3383 1141 3435 nosset.
1202 3380 1460 3436 Christus
1503 3385 1704 3436 autem
1751 3381 2022 3446 ostendit,
2072 3380 2234 3452 quod

574 3485 771 3542 neque
792 3486 855 3525 se
875 3470 1107 3526 vidisset
1124 3485 1316 3542 neque
1337 3474 1538 3525 nosset
1555 3469 1888 3524 secundum
1912 3470 2232 3526 divinitatis

574 3564 874 3615 naturam.
913 3558 1061 3614 Dicit
1087 3574 1229 3628 ergo
1261 3559 1313 3613 ei
1341 3558 1574 3630 prolata
1594 3558 1864 3628 negative
1893 3559 2185 3615 sententia
2218 3574 2229 3611 :

582 3651 772 3704 Tanta
799 3655 1060 3716 tempore
1085 3649 1380 3703 vobiscum
1407 3663 1532 3703 sum
1559 3653 1614 3704 et
1640 3663 1753 3703 non
1782 3649 2098 3718 cognovisti
2122 3663 2232 3715 me,

576 3736 858 3804 Philippe
891 3753 903 3801 ;
935 3751 1074 3790 nam
1106 3734 1310 3790 divina
1357 3741 1572 3791 natura
1620 3736 1802 3791 videri
1850 3753 1964 3792 non
2016 3742 2230 3808 potest,

577 3842 687 3884 nec
730 3826 1030 3896 cognosci.
1082 3826 1192 3892 Qui
1221 3826 1361 3883 vidit
1391 3841 1501 3892 me,
1543 3826 1689 3882 vidit
1721 3833 1774 3882 et
1820 3828 2052 3884 Patrem
2085 3845 2103 3892 ;
2131 3827 2234 3899 qui

576 3931 716 3971 vero
749 3930 843 3970 me
872 3915 1068 3970 videre
1097 3931 1215 3970 non
1247 3919 1459 3987 potest,
1515 3931 1707 3988 neque
1758 3916 1989 3972 Patrem
2031 3916 2233 3972 videre

575 4008 791 4077 potest.
828 4007 889 4060 Et
917 4005 1226 4076 quomodo
1267 4012 1327 4060 tu
1354 4005 1504 4060 dicis
1541 4025 1552 4064 :
1600 4006 1848 4062 Ostende
1897 4007 2064 4062 nobis
2129 4007 2239 4062 Pa-

578 4100 749 4162 trem,
781 4111 918 4150 cum
951 4110 1060 4150 nec
1088 4111 1181 4150 me
1210 4094 1446 4156 videris,
1477 4110 1587 4150 nec
1627 4097 1999 4164 cognoveris,
2043 4112 2234 4168 quan-

577 4200 764 4258 quam
791 4187 844 4239 te
878 4183 1144 4254 Opinaris
1171 4188 1224 4238 et
1251 4183 1473 4239 vidisse
1505 4189 1559 4238 et
1589 4184 1943 4255 cognovisse
1975 4201 2068 4240 me
2103 4185 2131 4239 ἲ)

653 4275 814 4328 Vers.
843 4273 928 4327 10.
975 4273 1112 4328 Νοη
1163 4303 1228 4312 -—
1261 4277 1342 4328 est
1373 4271 1402 4326 ?
1451 4273 1616 4338 Quod
1675 4279 1882 4329 mutuo
1936 4290 2089 4330 unus
2133 4290 2239 4346 per

583 4362 831 4419 alterum
873 4361 1302 4431 cognoscimur
1339 4366 1630 4434 tanquam
1688 4364 1938 4419 omnino
1989 4364 2236 4420 similes.

585 4453 794 4517 Quaere
848 4456 1048 4507 autem
1109 4450 1266 4507 circa
1326 4450 1506 4506 ﬁnem
1571 4451 1786 4507 decimi
1857 4455 2069 4526 capitis
2142 4455 2242 4510 ubi

585 4539 802 4595 dicitur
852 4556 864 4596 :
933 4541 1007 4597 Ut
1063 4541 1427 4610 cognoscatis
1480 4550 1531 4596 et
1589 4542 1865 4612 credat-is,
1923 4544 2078 4614 quod
2133 4545 2240 4599 Pa-

588 4635 675 4686 ter
697 4629 760 4685 in
790 4645 876 4686 me
913 4635 1016 4696 est,
1044 4635 1097 4687 et
1130 4645 1232 4701 ego
1283 4630 1347 4686 in
1405 4645 1467 4686 eo
1499 4632 1567 4694 ⁸³,
1619 4635 1678 4687 et
1727 4632 1856 4703 lege
1906 4634 2034 4705 ejus
2066 4650 2240 4690 enar-

587 4718 901 4775 rationem.

665 4809 821 4862 Vers.
861 4811 940 4862 10.
998 4807 1186 4864 Verba
1222 4840 1278 4850 —
1317 4809 1547 4880 loquor.
1589 4801 1713 4866 Sed
1742 4826 1778 4866 a
1819 4811 1989 4867 Patre
2037 4831 2050 4868 :
2083 4813 2244 4886 quod

591 4898 638 4952 si
682 4913 716 4952 a
750 4897 937 4966 Patre,
979 4898 1238 4970 utiquea
1280 4899 1508 4969 meipso
1539 4915 1552 4963 ;
1593 4915 1734 4954 nam
1758 4916 1895 4972 quae
1933 4919 2064 4957 mea
2085 4907 2243 4971 sunt,

593 4986 770 5042 etiam
803 4985 960 5042 illius
997 4991 1138 5042 sunt
1172 5002 1185 5053 ;
1227 4991 1283 5042 et
1320 5003 1457 5058 quae
1498 4987 1674 5053 illius,
1722 4991 1897 5045 etiam
1939 5009 2064 5047 mea
2087 4997 2243 5049 sunt.

596 5075 810 5132 Omnia
849 5075 1140 5148 siquidem
1187 5075 1536 5132 communia
1580 5087 1638 5132 et
1671 5079 1928 5151 aequalia
1985 5082 2245 5152 posside-

597 5180 753 5220 mus.
824 5164 1034 5222 Dicens
1074 5169 1274 5222 autem
1312 5163 1386 5221 de
1433 5167 1833 5238 sermonibus,
1889 5169 2031 5228 dicit
2069 5171 2250 5230 etiam

595 5253 671 5310 de
720 5252 1018 5326 operibus.

670 5375 718 5414 ”
748 5375 916 5435 Joan.
964 5393 1024 5445 Χ,
1059 5378 1146 5432 38.

2276 4597 2323 4654 D

2357 3287 2451 3334 Καὶ
2516 3285 2838 3354 προσέθηκεν
2897 3285 2976 3336 ὅτι
3047 3291 3146 3338 Καὶ
3226 3284 3373 3361 ἀρκεῖ
3442 3289 3586 3359 ἡμῖν,
3667 3289 3737 3351 ὡς
3813 3287 3954 3339 αὐτὸν

2354 3375 2479 3434 τέως
2519 3375 2648 3447 ὁρῶν
2679 3378 2767 3425 καὶ
2799 3371 2972 3434 εἰδώς.
3020 3381 3258 3427 Δείκννσι
3289 3372 3348 3428 δὲ
3392 3378 3417 3428 6
3451 3381 3682 3450 Χριστὸς
3729 3381 3808 3431 ὅτι
3846 3380 3951 3429 οὔτε

2352 3462 2505 3513 αὐτὸν
2539 3458 2670 3515 εἶδεν
2720 3459 2844 3515 οὐδὲ
2891 3459 3002 3516 οἶδε
3050 3468 3185 3517 κατὰ
3240 3469 3333 3524 τὴν
3367 3468 3522 3538 φύσιν
3555 3475 3650 3529 τῆς
3700 3470 3946 3526 θεότητος.

2350 3556 2502 3620 Λέγει
2561 3549 2648 3604 οὖν
2697 3552 2838 3623 αὐτῷ
2896 3555 3032 3606 κατὰ
3090 3553 3388 3627 ἀπόφασινο
3453 3563 3715 3609 Τοσοῦτον
3770 3561 3948 3632 χρόνον

3719 3648 3946 3701 Φίλιππε.

2367 3732 2591 3792 Αθέατος
2633 3735 2733 3804 γὰρ
2777 3735 2804 3790 ἡ
2867 3735 2980 3785 θεία
3042 3736 3197 3805 φύσις
3263 3740 3352 3786 καὶ
3414 3737 3834 3809 οἷγνωστος.[’0
3881 3737 3949 3806 (⁸7)

2347 3820 2585 3892 ἑωρακὼς
2639 3819 2725 3892 ἐμὲ
2787 3821 2978 3895 ἑώρακε
3035 3826 3120 3875 τὸν
3194 3828 3434 3898 Πατέρα·
3502 3827 3528 3878 6
3584 3821 3644 3878 δὲ
3717 3826 3805 3899 ἐμὲ
3861 3828 3924 3896 μὴ

2348 3905 2628 3982 δυνάμενος
2698 3908 2825 3963 ἰδεῖν
2901 3909 3022 3964 οὐδὲ
3082 3916 3167 3964 τὸν
3233 3918 3442 3989 Πατέρα
3510 3910 3736 3968 δύναται
3810 3911 3945 3968 ἰδεῖν.

2345 3643 2458 3714 μεθ’
2527 3643 2668 3714 ὑμῶν
2753 3643 2879 3715 εἰριι,
2945 3648 3034 3696 καὶ
3097 3645 3189 3696 οὐκ
3259 3647 3487 3714 ἔγνωκάς
3561 3667 3644 3718 με,

2349 4002 2451 4051 Καὶ
2499 4008 2603 4060 πῶς
2649 4003 2713 4052 σὺ
2768 4000 2952 4072 λέγεις.
3023 4002 3193 4065 Δεῖξον
3251 4005 3377 4075 ἡμῖν
3443 4007 3528 4056 τὸν
3590 4009 3818 4078 Πατέρα,
3872 4002 3946 4074 ἐμὲ

2348 4091 2419 4160 μὴ
2459 4085 2604 4155 ἰδὼν,
2637 4095 2768 4162 μήτε
2810 4094 2979 4163 γνοὺς,
3035 4092 3077 4144 εἰ
3122 4097 3211 4145 καὶ
3266 4092 3648 4167 ὑπολαμϐάνεις
3682 4091 3811 4147 ἰδεῖν
3867 4096 3946 4144 καὶ

2349 4182 2538 4250 γνῶναί
2563 4198 2626 4250 με
2651 4195 2662 4244 ;
2686 4179 2702 4249 ]

2423 4267 2498 4318 οὖ
2532 4299 2598 4308 -—
2637 4267 2813 4335 ἐστιν;
2863 4269 2980 4322 Ὀτι
3031 4267 3105 4322 δι’
3158 4270 3388 4330 ἀλλήλων
3444 4273 3827 4346 γνωριζομεθα,
3883 4273 3945 4328 ὡς

2353 4355 2762 4432 ἀπαράλλακτοι.
2807 4365 3046 4417 Ζήτησον
3085 4356 3142 4413 δὲ
3173 4364 3303 4436 πρὸς
3337 4370 3410 4433 τῷ
3465 4362 3595 4414 τέλει
3651 4370 3745 4416 τοῦ
3806 4360 3943 4416 (iusi-

2353 4466 2442 4498 του
2483 4447 2759 4519 κεφαλαίου
2791 4453 2847 4501 τό
2873 4470 2884 4481 ο
2939 4448 3047 4503 Ἱνα
3084 4459 3246 4521 γνῶτε
3285 4457 3375 4504 καὶ
3423 4456 3742 4511 πιστεύσητε
3785 4455 3862 4505 ὅτι
3902 4448 3943 4500 ἐν

2355 4536 2466 4609 ἐμοὶ
2523 4539 2547 4589 6
2615 4543 2813 4612 Πατὴρ,
2876 4537 3022 4611 κάγὼ
3074 4538 3121 4591 ἐν
3175 4539 3348 4612 αὐτῷ’
3403 4547 3493 4594 καὶ
3554 4540 3816 4614 ἀνάγνωθι
3861 4545 3943 4597 τὴν

2357 4626 2608 4698 ἐξήγησιν
2641 4627 2820 4682 αὐτοῦ.

2427 4808 2502 4858 Τὰ
2543 4804 2758 4880 ῥήματα
2788 4837 2852 4846 --
2889 4807 3040 4860 λαλῶ.
3105 4807 3241 4862 Ἀλλ’
3292 4807 3392 4861 ἀπὸ
3451 4817 3540 4862 τοῦ
3581 4814 3808 4885 Πατρός.
3857 4809 3947 4860 Καὶ

2358 4895 2401 4948 εἰ
2432 4894 2530 4947 ἀπὸ
2571 4904 2662 4948 τοῦ
2700 4900 2923 4970 Πατρός,
2981 4900 3084 4971 ἄρα
3143 4896 3231 4950 ἀπ’
3294 4897 3651 4970 ἐμαυτοῡοτὰ
3705 4899 3806 4972 ἐριὰ
3856 4899 3944 4970 γὰρ

2358 4985 2570 5053 ἐκείνου,
2602 4993 2689 5038 καί
2731 4989 2793 5038 τὰ
2823 4986 3014 5039 ἐκείνου
3049 4987 3146 5059 ἐμοί
3171 5007 3182 5018 ·
3221 4989 3386 5040 πάντα
3415 4992 3515 5064 γὰρ
3560 4991 3709 5041 κοινὰ
3738 4994 3826 5042 καὶ
3866 4985 3946 5039 ἶσα

2357 5077 2664 5147 κεκτήμεθα.
2694 5075 2858 5128 Εἰπὼν
2883 5072 2940 5129 δὲ
2959 5081 3075 5151 περὶ
3102 5085 3202 5129 τῶν
3227 5076 3409 5149 λόγων,
3440 5077 3575 5150 λέγει
3601 5082 3688 5129 καὶ
3711 5082 3828 5152 περὶ
3862 5081 3948 5127 τὼν

2361 5168 2545 5241 ἔργων.

1833 5562 2050 5634 Variae
2080 5565 2407 5637 lectiones
2440 5574 2506 5634 et
2546 5576 2747 5635 nota.

678 5753 956 5828 (6)‘Tom.
1003 5757 1145 5822 VIII,
1188 5773 1246 5828 p.
1281 5759 1480 5816 432.C.
1515 5760 1691 5816 Recte
1739 5766 1939 5818 autem
1959 5761 2099 5818 dixit
2147 5764 2258 5819 hoc

604 5824 736 5882 loco
747 5823 801 5880 in
811 5823 1449 5900 terpretaturfFaciiius
1463 5834 1618 5888 enim
1633 5835 1757 5890 erat
1768 5832 1849 5890 ita
1860 5833 2253 5909 interpretari.

2368 5765 2518 5833 Ergo
2559 5769 2782 5836 textum
2811 5763 3062 5836 mutavit
3092 5763 3574 5836 Chrysostomus.

2440 5836 2519 5907 (7)
2547 5835 2783 5892 Inclusa
2803 5835 3024 5892 desunt
3053 5839 3121 5892 A.
