4108 6398
208 378 242 434 1
256 377 380 435 397

1225 372 1597 430 COMMENT.
1642 371 1715 428 IN
1755 370 2108 430 JOAN-NEM.
2152 406 2220 416 —
2258 377 2409 433 CAP.
2454 379 2591 434 XIV.

3476 380 3616 440 1398

293 504 362 559 εΟ
394 500 452 558 δὲ
492 507 670 578 Πατὴρ
704 534 770 546 -
803 505 946 578 ἔργα.
1001 506 1137 578 Πρὸς
1167 510 1238 574 τῷ
1265 502 1396 556 τέλει
1427 505 1516 575 μὲν
1556 508 1648 554 τοῦ
1685 499 1821 574 εἰρη·

2024 507 2184 562 Vers.
2250 510 2332 563 10.
2381 507 2562 562 Pater
2626 509 2826 563 autem
2891 537 2961 547 —
3035 521 3236 575 opera.
3279 506 3364 564 Ad
3422 507 3605 566 ﬁnem

204 598 385 668 μένου
427 594 703 666 κεφαλαίου
736 591 890 648 εἶπεν·
924 594 982 647 Εἰ
1020 594 1078 647 οῦ
1106 603 1237 646 ποιῶ
1268 597 1333 646 τὰ
1364 596 1490 666 ἔργα
1514 599 1604 643 τοῦ
1636 591 1837 662 Πατρός

201 705 354 758 μου,
402 689 472 756 μὴ
509 688 776 738 πιστεύετέ
811 702 920 756 μοι’
957 683 1174 736 ἐνταῦθα
1205 681 1263 736 ὃίε
1294 683 1429 754 λέγει
1460 684 1540 734 ὅτι
1561 680 1620 732 ¢0
1653 683 1833 750 Πατήρ

202 782 370 829 ποιεῖ
407 777 472 826 τὰ
510 777 657 849 ἔργα,
699 775 733 826 ἅ
760 774 1052 849 ἐργάζομαι
1093 770 1356 831 δηλονότι.
1392 777 1492 824 Καὶ
1519 776 1635 823 τότε
1660 766 1718 821 δὲ
1745 773 1835 820 καὶ

203 872 309 916 νῦν
346 867 404 917 τὸ
438 864 563 916 αὐτὸ
616 864 864 937 ἐνέφηνεν,
931 866 1011 915 ὅτι
1054 866 1118 915 τὰ
1169 865 1304 915 αὐτὰ
1343 867 1429 913 καὶ
1465 857 1715 912 δύνανται
1743 862 1832 910 καὶ

207 953 487 1007 θέλουσιν.
539 952 600 1008 Ὀ
641 959 809 1006 τοὶνυν
870 959 1048 1025 Πατὴρ
1101 952 1244 1005 λαλεῖ
1284 955 1373 1024 μὲν
1425 948 1519 1003 διὰ
1548 957 1639 1002 τοῦ
1685 950 1828 1014 Tim),

203 1046 280 1104 ὡς
315 1040 416 1095 διὰ
460 1040 628 1116 [ἰδίου
675 1044 750 1115 (8)
783 1042 959 1114 λόγου·
1007 1041 1283 1116 ἐργάζεται
1323 1038 1382 1093 δὲ
1412 1037 1504 1092 διὰ
1534 1046 1624 1092 τοῦ
1684 1039 1828 1101 Υὶοῦ,

202 1135 286 1194 ὡς
347 1129 467 1206 διὰ]
519 1128 659 1193 ἰδίας
696 1129 985 1204 δυνάμεως.
1039 1136 1107 1185 Τὸ
1157 1129 1214 1183 δὲ
1266 1131 1325 1183 Ὁ
1384 1129 1430 1181 ἐν
1491 1132 1604 1202 ἐμοὶ
1644 1131 1824 1201 μένων,

202 1220 336 1276 ἀντὶ
372 1231 482 1288 τοῦ,
523 1221 580 1275 Ὀ
621 1226 691 1294 μὴ
725 1226 1113 1295 κεχωρισμένος
1153 1225 1181 1280 ἤ
1227 1223 1251 1273 ὁ
1287 1217 1360 1273 δι’
1391 1219 1515 1292 ἐμοῦ
1553 1237 1827 1294 χαρακτη-

197 1313 510 1387 ριζόμενος.

286 1494 572 1544 Πιστεύετε
653 1523 722 1531 ——
792 1491 927 1564 ἐμοὶ.
1002 1493 1278 1544 Πιστεύετε
1332 1509 1422 1562 μοι
1478 1488 1677 1560 λέγοντι
1745 1490 1825 1540 ὅτι

195 1579 310 1652 ἐγὼ
374 1579 421 1632 ἐν
468 1588 539 1651 τῷ
597 1585 782 1655 “arpi,
838 1585 927 1633 καὶ
986 1582 1010 1632 ὁ
1077 1585 1255 1653 Πατὴρ
1322 1582 1370 1632 ἐν
1429 1578 1543 1651 ἐμοὶ
1608 1580 1824 1650 θεωρού-

191 1671 370 1742 μεθα.

277 1759 347 1812 Εἰ
409 1755 468 1812 δε
515 1765 586 1832 μὴ
652 1791 717 1800 ——
775 1781 884 1834 μοι.
937 1761 997 1814 Ei
1052 1757 1110 1812 δε
1158 1764 1228 1832 μὴ
1289 1761 1557 1811 πιστεύετέ
1598 1777 1688 1829 μοι
1729 1752 1822 1808 διὰ

1948 595 2218 668 praedicti
2284 597 2489 669 capitis
2541 595 2822 666 dixit;Si
2872 611 2992 651 non
3037 597 3204 666 facio
3268 613 3446 671 opera
3495 599 3607 656 Pa-

1947 689 2056 742 tris
2101 689 2232 750 mei,
2289 687 2473 744 nolite
2527 686 2760 743 credere
2814 686 2964 744 mihi
3023 688 3109 755 9°;
3156 687 3247 744 hic
3286 704 3424 744 vero
3473 689 3600 744 ait:

1945 779 2118 833 Pater
2145 776 2285 832 facit
2318 793 2524 849 opera,
2581 792 2719 848 quae
2767 775 3038 832 videlicet
3073 791 3185 846 ego
3238 793 3474 849 operor.
3539 781 3604 834 Et

1947 871 2084 922 tunc
2124 871 2345 933 autem,
2399 871 2454 921 et
2499 882 2658 921 nunc
2721 865 2882 921 idem
2942 866 3318 936 signiﬁcavit,
3383 883 3601 942 nempe

1942 957 2106 1028 quod
2167 957 2379 1012 eadem
2420 963 2477 1011 et
2533 955 2758 1026 possint
2829 961 2885 1011 et
2953 955 3153 1011 velint.
3217 956 3392 1013 Pater
3455 973 3598 1027 ergo

1941 1045 2204 1118 loquitur
2255 1061 2360 1118 per
2429 1044 2658 1109 Filium,
2741 1049 3030 1116 tanquam
3087 1062 3190 1118 per
3243 1062 3421 1102 suum
3479 1063 3599 1103 ser-

1940 1151 2234 1200 monem;
2292 1140 2567 1206 operatur
2623 1151 2761 1190 vero
2823 1151 2928 1206 per
2995 1135 3227 1201 Filium,
3300 1140 3591 1210 tanquam

1939 1240 2044 1296 per
2093 1241 2264 1282 suam
2315 1224 2670 1298 potentiam.
2724 1225 3014 1281 Praeterea
3062 1226 3124 1282 in
3187 1241 3278 1283 me
3323 1241 3590 1294 manens,

1934 1314 2050 1371 hoc
2105 1319 2210 1382 est,
2263 1331 2299 1372 a
2341 1331 2437 1371 me
2481 1330 2606 1371 non
2654 1320 2994 1387 separatus,
3029 1315 3118 1371 vel
3150 1331 3255 1388 per
3305 1331 3402 1372 me
3433 1315 3592 1373 desi-

1935 1410 2172 1473 gnatus.

2005 1495 2167 1550 Vers.
2205 1500 2287 1551 11.
2343 1495 2574 1552 Credite
2615 1510 2824 1552 —me.
2875 1493 3106 1552 Credite
3154 1495 3302 1552 mihi
3375 1495 3589 1553 dicen-

1933 1585 1995 1652 ti,
2042 1587 2196 1658 quod
2242 1601 2353 1659 ego
2406 1585 2467 1641 in
2518 1586 2704 1651 Patre,
2793 1588 2850 1641 et
2927 1588 3092 1642 Pater
3157 1585 3215 1642 in
3281 1601 3378 1642 me
3447 1602 3587 1642 con-

1933 1675 2196 1745 spicitur.

2005 1765 2164 1820 Vers.
2222 1766 2303 1820 11.
2349 1764 2592 1836 Alioqui
2650 1795 2715 1804 -—
2749 1763 2916 1820 mihi.
2970 1765 3030 1821 Si
3087 1780 3232 1822 vero
3279 1780 3402 1822 non
3461 1780 3583 1821 cre-

194 1851 333 1910 τοῦς
394 1848 580 1920 λόγους
626 1871 746 1923 μου,
799 1852 893 1902 κᾶν
945 1847 1037 1902 διὰ
1088 1853 1154 1902 τα
1202 1853 1328 1922 ἔργα
1371 1848 1505 1900 αὐτὰ
1551 1849 1820 1899 πιστεύετέ

1947 1852 2067 1908 litis
2113 1854 2257 1910 mihi
2303 1859 2544 1926 propter
2596 1869 2904 1909 sermones
2954 1871 3144 1921 meos,
3205 1854 3298 1911 vel
3347 1860 3584 1927 prapter

196 1957 318 2008 μοι,
394 1941 626 2013 ὑπερφυῆ
684 1947 772 1992 καὶ
842 1943 1094 2013 θεοπρεπῆ
1157 1945 1293 1992 ὄντα.
1360 1937 1485 2011 [Καὶ
1543 1940 1667 2008 πρὸς
1744 1937 1820 2006 (9)

196 2036 276 2097 τῷ
325 2028 464 2081 τέλει
519 2025 576 2082 δε
624 2031 814 2101 ὁμοίως
869 2038 958 2082 τοῦ
1013 2026 1325 2089 δηλωθέντος
1355 2026 1633 2100 κεφαλαίου
1676 2029 1818 2099 εἴρη-

197 2137 311 2171 κεν’
399 2119 478 2171 ὅτι
550 2120 654 2173 Κοῐν
740 2119 851 2192 ἐμοὶ
926 2124 996 2191 μὴ
1076 2122 1378 2187 πιστεύητε,
1465 2137 1574 2177 τοις
1653 2119 1821 2188 ἔργοις

195 2212 549 2264 πιστεύσατε.
588 2211 606 2280 ]

277 2299 458 2371 Ἀμὴν
518 2331 582 2339 -
660 2305 886 2358 ποιήσει.
939 2298 1052 2350 Οὐκ
1122 2297 1255 2351 εἶπεν
1313 2300 1391 2350 ὅτι
1443 2303 1543 2351 Καὶ
1608 2299 1822 2370 μείζονα

198 2389 270 2439 ὧν
326 2388 662 2462 εἰργασάμην
728 2385 958 2460 δύναμαι
1015 2387 1363 2461 ἐργάσασθαιο
1419 2386 1527 2439 ἀλλ’
1584 2389 1608 2438 ὅ
1652 2386 1822 2457 πολλῷ

200 2480 663 2553 θαυμασιώτερον,
745 2479 824 2530 ὃτι
915 2484 1003 2530 καὶ
1080 2481 1265 2552 ἕτεροις
1355 2475 1513 2529 δώσω
1604 2485 1824 2528 τοιαῦτα

197 2567 552 2640 ἐργάζεσθαι·
625 2565 747 2621 Εἶτα
826 2570 1152 2642 προστίθησι
1217 2573 1307 2620 καὶ
1373 2570 1429 2619 τὸ
1488 2570 1563 2619 ἔτι
1619 2566 1819 2639 μεῖζον,

195 2657 368 2729 λέγων
380 2676 390 2687 ’

277 2753 387 2801 Καὶ
451 2778 516 2788 —-
561 2753 791 2807 ποιήσει.
851 2755 1014 2800 Τοῦτο
1065 2743 1122 2798 ὃὶε
1161 2756 1258 2808 τῆς
1303 2743 1571 2818 δυνάμεως
1610 2753 1700 2797 τοῦ
1741 2741 1823 2797 δε-

198 2835 450 2900 δωκότος
505 2837 644 2891 ἐστὶν
703 2834 986 2900 ἀπόδειξις.
1048 2837 1105 2889 οῦ
1163 2845 1254 2896 τῆς
1301 2843 1392 2888 τοῦ
1432 2843 1720 2897 ποιοῦντος.
1779 2841 1822 2886 0

195 2932 303 3002 γὰρ
358 2927 413 2981 ἐν
477 2936 550 2997 τῷ
604 2928 817 3000 ὀνόματι
870 2935 960 2980 τοῦ
1019 2935 1255 2999 Χριστοῦ
1311 2930 1523 2998 μείζονα
1574 2934 1672 2977 τῶν
1729 2932 1821 2975 τοῦ

197 3025 452 3092 Χριστοῦ
505 3020 632 3091 ἔργα
674 3026 852 3084 ποιῶν,
904 3022 996 3075 τὴν
1045 3026 1134 3068 τοῦ
1178 3025 1408 3089 Χριστοῦ
1451 3013 1672 3088 δύναμιν
1706 3012 1825 3066 ἀνα-

197 3114 484 3185 κηρύττει.

1930 1959 2112 2014 opera
2155 1943 2287 2015 ipsa
2328 1943 2549 1999 credite
2592 1943 2755 2008 mihi,
2801 1960 2938 1998 cum
2966 1943 3441 2015 supernaturalia
3465 1944 3584 2000 sint

1929 2048 2000 2088 ac
2045 2034 2264 2089 divina.
2325 2033 2602 2089 Similiter
2661 2048 2905 2105 quoque
2949 2033 3027 2089 ad
3087 2033 3270 2089 ﬁnem
3314 2033 3580 2106 praedicti

1929 2122 2135 2194 capitis
2165 2123 2312 2178 dixit
2365 2140 2377 2178 :
2440 2122 2604 2189 Quod
2650 2123 2700 2178 si
2749 2123 2899 2180 mihi
2929 2139 3047 2180 non
3079 2123 3341 2190 creditis,
3387 2121 3584 2194 operi-

1931 2212 2033 2266 bus
2063 2213 2278 2269 credite
2297 2215 2365 2265 91.

2001 2305 2167 2360 Vers.
2252 2309 2331 2360 t2.
2397 2305 2587 2360 Amen
2652 2334 2722 2343 —
2780 2303 2980 2374 faciet.
3032 2303 3162 2358 Non
3216 2302 3365 2360 dixit
3414 2303 3583 2359 :Ma-

1925 2395 2060 2466 jora
2113 2394 2306 2449 facere
2366 2410 2618 2464 possum
2681 2393 2773 2448 his
2840 2408 2976 2464 quae
3042 2392 3174 2456 feci,
3241 2392 3346 2449 sed
3415 2392 3580 2465 quod

1918 2484 2263 2548 mirabilius
2310 2488 2418 2549 est,
2491 2486 2671 2538 etiam
2738 2481 2866 2536 aliis
2944 2482 3229 2550 tribuam,
3307 2487 3370 2538 ut
3449 2482 3585 2538 talia

1931 2579 2267 2646 operentur.
2311 2573 2531 2629 Deinde
2570 2573 2756 2638 addit,
2799 2572 2965 2644 quod
3005 2571 3198 2627 adhuc
3250 2571 3447 2643 majus
3499 2575 3590 2628 est

1932 2664 2135 2721 dicens
2190 2679 2201 2718 :
2707 2651 2709 2654 ’

2005 2755 2164 2808 Vers.
2230 2753 2312 2808 12.
2378 2753 2454 2807 Et
2520 2783 2587 2792 —
2636 2750 2838 2822 faciet.
2894 2752 3025 2809 Hoc
3075 2755 3275 2807 autem
3339 2750 3588 2806 demon-

1934 2843 2134 2898 stratio
2174 2846 2262 2897 est
2289 2841 2571 2914 potentiae
2624 2856 2774 2911 ejus,
2833 2839 2936 2912 qui
3013 2839 3196 2903 dedit,
3275 2855 3395 2895 non
3463 2841 3589 2909 ejus

1932 2933 2037 3004 qui
2088 2933 2259 3000 signa
2313 2930 2433 2986 edit
2487 2947 2500 2998 ;
2551 2945 2696 2984 nam
2749 2930 2853 3001 qui
2931 2945 3038 3000 per
3103 2929 3312 2986 Christi
3361 2942 3585 2984 nomen

1934 3023 2165 3092 majora
2197 3021 2338 3077 facit
2363 3036 2559 3091 opera,
2595 3034 2782 3090 quam
2815 3018 3082 3074 Christus
3123 3017 3396 3088 ediderit,
3424 3017 3585 3073 Chri-

1935 3112 2008 3168 sti
2040 3112 2362 3184 potentiam
2390 3110 2692 3182 praedicat.

272 3200 402 3254 Ὀτι
473 3233 541 3241 -
586 3203 892 3275 πορεύομαι.
938 3198 1121 3270 ’Υμῶῃ
1176 3203 1355 3269 φησὶν,
1409 3199 1519 3248 ἐστι
1572 3204 1661 3248 τοῦ
1719 3194 1820 3247 λοι-

2006 3205 2163 3256 Vers.
2225 3201 2306 3254 12.
2362 3200 2504 3265 Quia
2563 3230 2629 3241 ο-
2683 3199 2856 3266 vado,
2919 3199 3191 3253 Vestrum
3239 3196 3450 3270 inquit,
3499 3200 3590 3252 est

201 3299 306 3342 ποῦ
387 3295 448 3342 τὸ
513 3295 600 3343 καὶ
671 3292 1103 3363 θαυματουργεῖν,
1182 3285 1320 3340 ὀιοτι
1390 3285 1485 3356 ἐγὼ
1541 3289 1668 3358 πρὸς
1734 3288 1820 3336 τὸν

204 3385 422 3455 Πατέρα
475 3400 575 3450 μου
629 3382 935 3454 πορεύομαι,
1004 3383 1094 3430 καὶ
1143 3377 1208 3437 εἰς
1262 3381 1356 3435 τὴν
1414 3377 1604 3428 οἰκείαν
1661 3372 1819 3437 δόξαν

739 3475 916 3520 Ταῦτα
998 3465 1056 3520 δὲ

202 3469 665 3540 ἀποκαθίσταμαι.
739 3475 916 3520 Ταῦτα
998 3467 1056 3520 δὲ
1132 3468 1303 3518 πάντα
1359 3467 1819 3538 παραμυθούμενος

201 3560 398 3622 αὐτοὺς
483 3559 638 3628 57.37:,
719 3558 1197 3630 σκυθρωπάζοντας
1249 3560 1339 3608 καὶ
1405 3552 1814 3628 δυσφοροῦντας,

202 3646 298 3702 διὰ
347 3653 407 3702 τὸ
458 3653 619 3721 μήπω
669 3654 940 3720 γινώσκειν
994 3650 1116 3707 τοὺς
1180 3651 1292 3719 περὶ
1347 3655 1437 3706 τῆς
1491 3644 1819 3704 ἀναστάσεως

201 3740 366 3792 αὐτοῦ
392 3739 604 3810 λόγους.

275 3834 380 3882 Καὶ
446 3859 514 3869 —-
570 3833 798 3885 ποιήσω.
859 3826 925 3880 Ὀ
980 3828 1040 3879 ἄν
1106 3827 1361 3884 αἰτήσητε
1427 3824 1818 3896 ἐπικαλούμενοι

201 3923 260 3970 τὸ
301 3921 470 3992 ὄνομά
499 3938 620 3990 μου.
659 3921 870 3975 [locisz
921 3913 1000 3982 δὲ,
1046 3917 1171 3982 εἷπε,
1217 3913 1422 3977 δεικνὺς
1453 3919 1545 3974 τὴν
1578 3914 1815 3977 ἐξουσίαν

202 4008 389 4063 αὐτοῦ.

273 4098 387 4152 Ἵνα
434 4129 502 4138 ——
543 4098 666 4168 Υὶῴ.
705 4096 835 4160 Δόξα
859 4098 959 4168 γὰρ
1000 4103 1070 4166 τῷ
1113 4101 1298 4169 Πατρὶ,
1332 4097 1390 4146 τὸ
1421 4089 1815 4164 παντοόύναμον

205 4198 296 4255 τοῦ
326 4192 479 4243 Υἰοῦ.

278 4278 398 4332 Ἐὰν
441 4310 493 4318 -—
535 4281 760 4334 ποιήσω.
806 4276 938 4346 Ἐγὼ
969 4277 1038 4335 ὡς
1085 4270 1484 4346 παντοδύναμος
1514 4272 1696 4333 ἐπίσης
1744 4280 1815 4342 τῷ

207 4374 395 4440 Πατρί.
432 4371 504 4420 Τὸ
545 4366 671 4418 αὐτὸ
705 4361 764 4418 δε
790 4365 944 4435 λέγει,
983 4363 1206 4435 βεϐαιῶν
1238 4362 1468 4435 μάλιστα
1513 4366 1599 4414 τόν
1643 4362 1812 4431 λόγον.

206 4456 348 4510 Ἐπεὶ
383 4455 444 4510 δὲ
477 4455 700 4516 ἐκείνους
745 4459 855 4526 χρὴ
898 4453 1075 4520 αἰτεῖν,
1129 4456 1247 4514 τοῦς
1287 4455 1594 4523 ἀγαπῶντας
1638 4451 1813 4516 αὐτὸν,

206 4543 488 4611 διδάσκεὶ,
539 4555 648 4606 πῶς
677 4549 786 4616 χρὴ
832 4543 1034 4615 ἀγαπᾷν
1067 4543 1238 4608 αὐτὸν,
1270 4544 1351 4595 ὄτι
1386 4541 1444 4594 οὐ
1474 4541 1610 4613 λόγῳ
1640 4546 1812 4613 μόνον,

205 4634 335 4688 ἀλλὰ
360 4641 455 4689 καὶ
485 4639 636 4709 ἔργῳ.

278 4726 398 4778 Ἐὰν
452 4755 521 4766 ——-
570 4729 853 4797 τηρήσατε.
909 4729 1011 4775 Τοῦ
1066 4721 1272 4792 ἀγαπᾷν
1317 4742 1379 4793 με
1425 4724 1526 4793 γὰρ
1577 4729 1813 4792 σημεῖον,

209 4814 238 4870 ἡ
285 4819 513 4888 τήρησις
550 4823 648 4866 τῶν
705 4812 916 4865 ἐντολῶν
973 4821 1070 4864 τῶν
1123 4811 1272 4884 ἐμῶν.
1321 4819 1554 4883 Τηρησις
1612 4807 1670 4863 δὲ
1720 4811 1816 4862 αὐ-

209 4912 328 4974 τῶν,
382 4906 411 4962 ἡ
480 4904 750 4979 πλήρωσις
798 4904 827 4961 ἡ
881 4901 1102 4976 ἐργασία
1157 4902 1345 4957 αὐτῶν.
1390 4901 1531 4954 Ἐπεὶ
1581 4898 1639 4952 δὲ
1680 4901 1815 4961 εἰκὸς

212 4994 396 5053 αὐτοὺς
435 4991 699 5053 ἐπιζητεῖν
763 4997 855 5050 τὴν
925 4995 1227 5058 σωματικὴν
1294 4991 1454 5044 αὑτοῦ
1533 4995 1814 5043 συνουσίαν

210 5086 294 5132 καὶ
329 5084 420 5143 τὰς
454 5084 694 5143 συνήθεις
720 5081 944 5153 ὁμιλίας,
978 5084 1052 5133 ἔτι
1078 5081 1545 5154 παραμυθούμενος
1570 5083 1626 5131 τὸ
1657 5080 1815 5152 ἀλγος

213 5169 380 5222 αὐτῶν
412 5176 560 5244 φησί’

287 5265 383 5314 Καὶ
435 5293 504 5306 -
557 5263 698 5335 ὑμῖν.
761 5261 1016 5314 Ἐντεῦθεν
1091 5263 1316 5334 ἄρχεται
1380 5266 1650 5337 γνωρίζειν
1710 5269 1818 5322 τοῖς

286 5439 334 5473 ⁸ο
362 5441 536 5498 Joan.
572 5448 632 5509 Α,
665 5443 755 5499 27.
889 5441 934 5477 ⁹¹
968 5440 1121 5500 Ibid.
1161 5444 1248 5497 38.

1932 3292 2207 3362 deinceps
2241 3289 2529 3345 miracula
2565 3288 2816 3361 operari,
2867 3287 3012 3359 quia
3062 3302 3174 3355 ego
3227 3286 3306 3343 ad
3354 3287 3588 3342 Patrem

1934 3397 2135 3438 meum
2169 3379 2347 3448 vado,
2394 3383 2454 3434 ut
2506 3377 2568 3433 in
2615 3377 2921 3449 propriam
2979 3375 3257 3432 restituar
3313 3375 3585 3444 gloriam.

1932 3472 2064 3526 Haec
2091 3475 2288 3526 autem
2321 3468 2526 3524 omnia
2568 3468 2643 3522 ad
2687 3465 3128 3522 consolandum
3177 3481 3281 3521 eos
3326 3464 3587 3532 dicebat,

1929 3561 2092 3632 quod
2175 3559 2370 3616 tristes
2440 3561 2660 3622 essent,
2725 3572 2792 3611 ac
2839 3555 3100 3626 graviter
3158 3553 3398 3617 ferrent,
3452 3554 3590 3624 quia

1929 3666 2237 3706 sermones
2292 3648 2368 3703 de
2439 3646 2868 3703 resurrectione
2945 3645 3076 3716 ejus
3132 3659 3252 3701 non
3305 3643 3590 3716 intellige-

1928 3739 2098 3796 bant.

2003 3829 2168 3885 Vers.
2205 3828 2288 3883 t3.
2320 3829 2398 3882 Et
2424 3857 2492 3867 —
2527 3826 2780 3896 faciam.
2831 3855 2900 3866 —-
2949 3822 3252 3894 Quidquid
3303 3821 3591 3894 petieritis

1929 3917 2205 3974 invocato
2237 3916 2479 3973 nomine
2510 3929 2664 3970 meo.
2695 3913 2847 3969 Dixit
2875 3917 3072 3969 autem
3115 3911 3376 3978 Faciam,
3417 3927 3588 3967 suam

1928 4007 2253 4063 ostendens
2307 4004 2661 4077 potentiam.

2002 4097 2164 4151 Vers.
2225 4100 2304 4152 13.
2370 4096 2441 4152 Ut
2472 4125 2541 4134 —
2565 4093 2805 4149 Filium.
2843 4090 3036 4147 Patris
3071 4089 3369 4157 siquidem
3401 4089 3592 4160 gloria

1928 4190 2016 4242 est
2047 4186 2167 4242 Filii
2197 4183 2651 4255 omnipotentia.

1999 4278 2168 4333 Vers.
2202 4278 2286 4330 14.
2319 4274 2380 4329 Si
2393 4304 2462 4314 —
2485 4272 2738 4344 faciam.
2774 4273 2896 4342 Ego
2925 4274 3220 4342 tanquam
3248 4285 3388 4324 cum
3417 4268 3590 4326 Patre

1929 4365 2234 4438 aequaliter
2246 4365 2648 4434 omnipotens.
2672 4363 2828 4416 Idem
2845 4364 3046 4416 autem
3067 4359 3231 4425 dixit,
3248 4373 3589 4415 sermonem

1929 4455 2191 4510 maxime
2212 4454 2602 4510 conﬁrmans.
2622 4449 2773 4519 Quia
2795 4465 2930 4504 vero
2958 4448 3091 4504 illos
3117 4453 3314 4521 petere
3337 4451 3584 4519 Oportet,

1928 4546 2030 4616 qui
2057 4560 2194 4599 eum
2226 4543 2500 4612 diligunt,
2543 4540 2718 4596 docet
2759 4537 3068 4610 quomodo
3125 4537 3290 4594 illum
3344 4537 3590 4608 diligere

1927 4637 2216 4705 oporteat,
2248 4632 2387 4705 quia
2419 4646 2537 4686 non
2570 4629 2696 4685 solo
2728 4628 2931 4698 verbo,
2965 4626 3068 4682 sed
3101 4633 3158 4684 et
3191 4643 3403 4700 opere.

1998 4723 2162 4778 Vers.
2215 4728 2304 4778 15.
2350 4721 2410 4776 Si
2461 4726 2774 4775 —servate.
2831 4719 2980 4772 Nam
3034 4717 3370 4773 dilectionis
3442 4732 3589 4773 meae

1924 4814 2164 4882 signum
2231 4815 2323 4866 est
2372 4808 2712 4866 observatio
2768 4810 3196 4878 prmceptorum
3255 4821 3525 4863 meorum
3573 4819 3586 4858 :

1923 4918 2131 4957 eorum
2165 4917 2306 4956 vero
2335 4897 2675 4955 observatio
2694 4900 2780 4951 est
2819 4895 3138 4966 completio
3173 4899 3276 4950 aut
3314 4895 3588 4967 operatio

1925 4991 2187 5047 illorum.
2211 4988 2360 5056 Quia
2371 4991 2572 5043 autem
2588 4982 2904 5041 verisimile
2919 4987 3048 5039 erat
3061 4983 3434 5056 corporalem
3452 4984 3587 5054 ejus

1925 5080 2450 5142 conversationem,
2472 5091 2568 5131 ass
2577 5077 2833 5145 uetaque
2850 5071 3151 5144 colloquia
3171 5087 3276 5128 eos
3291 5074 3571 5144 expetere

1925 5171 2122 5229 adhuc
2149 5167 2491 5224 consolatur
2518 5163 2749 5221 illorum
2777 5160 3066 5232 dolorem,
3087 5161 3293 5218 dicens
3324 5178 3339 5218 :

2000 5261 2166 5316 Vers.
2236 5259 2324 5313 16.
2379 5257 2454 5313 Et
2499 5283 2570 5296 —
2615 5251 2793 5309 υοὸιε.
2845 5249 2992 5308 Hinc
3049 5251 3256 5326 incipit
3294 5249 3594 5324 discipuli

1451 5620 1668 5690 Variae
1694 5620 2023 5691 lectiones
2065 5629 2132 5686 et
2155 5626 2357 5685 notae.

290 5813 365 5886 (8)
400 5817 632 5877 Inclusa
661 5818 1009 5876 exciderunt
1044 5826 1102 5873 A.

2003 5817 2085 5890 (9)
2115 5814 2355 5874 Inclusa
2383 5812 2621 5872 omittit.
