4108 6392
519 383 655 442 1399
1844 374 2135 432 EUTHYM

2278 374 2571 435 IGABENI
3758 384 3897 444 1400

516 512 791 569 notitiam
819 510 962 568 dare
985 510 1053 567 de
1084 508 1304 583 Spiritu
1334 511 1568 566 sancto:
1600 506 1816 570 Alium,
1849 506 2138 578 inquit,Pa

2288 506 2547 574 μαθηταῖς
2596 508 2660 559 τὰ
2709 512 2826 582 περὶ
2884 514 2975 562 τοῦ
3024 508 3173 582 ἁγίου
3238 514 3552 585 Πνεύματος.
3610 511 3799 570 Ἀλλον
3840 510 3901 569 δε

516 604 828 667 racletum,
849 608 1137 673 tanquam
1166 616 1278 667 me,
1312 600 1432 654 sive
1461 598 1899 654 admonitorem
1933 613 1999 651 ac
2031 610 2138 666 pra

2293 595 2645 667 Παράκλητον,
2692 600 2761 660 ὡς
2807 598 2909 670 ἐμὲ,
2964 604 3102 665 ἤτοι,
3153 607 3466 676 παραινέτην
3511 609 3600 657 καὶ
3653 604 3900 663 ἀλείπτην

502 692 821 763 'ceptorem
881 692 938 747 in
972 689 1401 746 certaminibus
1458 688 1734 742 virtutis:
1789 687 2062 742 solatium
2109 702 2124 741 ε

2290 687 2336 736 ἐν
2384 694 2493 746 τοῖς
2549 687 2728 748 ἄθλοις
2781 699 2873 752 τῆς
2950 690 3157 763 ἀρετῆς,
3228 699 3317 745 καὶ
3372 695 3483 766 (10)
3540 694 3901 767 ψυχαγωγίαν

520 782 859 837 subsidium
888 782 947 836 in
979 779 1420 835 afﬂictionibus.
1466 778 1678 832 Dicens
1724 776 1925 847 itaque
1975 776 2142 830 alium

2290 773 2337 825 ἐν
2394 783 2505 835 ταῖς
2567 777 2774 848 θλίψεσι
2824 784 2913 831 καὶ
2962 779 3251 853 ἀντίληψιν.
3312 784 3483 835 Εἰπὼν
3528 788 3615 856 μὲν
3656 782 3762 849 οὖν,
3818 787 3902 838 ὅτι

502 872 783 927 ostendit
811 886 1202 943 personarum
1235 867 1651 923 differentiam.
1692 866 1949 921 Dicendo
1978 870 2124 920 aute!

2290 864 2458 931 ἄλλον,
2520 863 2685 930 ἔδειξε
2732 878 2832 920 τῶν
2894 872 3231 924 ὑποστάσεων
3286 878 3343 926 τὸ
3391 871 3658 948 διάφορον·
3725 882 3902 948 φήσας

531 963 928 1025 Paracletum,
945 961 1067 1015 sive
1082 956 1763 1022 Consolatorem,docuit
1778 960 2002 1011 naturae
2018 955 2153 1010 iden

2292 951 2370 1019 δὲ,
2431 958 2511 1007 ὅτι
2572 959 2931 1030 Παρείκλητον,
2991 957 3203 1025 ἐδίδαξε
3254 970 3349 1025 τῆς
3399 966 3600 1035 φύσεως
3651 968 3708 1016 τὸ
3772 986 3896 1017 ταυ-

503 1053 747 1107 ‘titatem
782 1070 793 1105 :
851 1050 1142 1123 siquidem
1192 1048 1599 1105 consolatores
1632 1050 1775 1101 sunt
1831 1052 1887 1102 et
1918 1045 2096 1100 Filius

2289 1049 2394 1098 τόν.
2448 1047 2780 1118 Παρείκλητοι
2822 1053 2922 1122 γὰρ
2982 1055 3070 1103 καὶ
3119 1053 3142 1103 6
3195 1055 3315 1115 Υἱὸς
3353 1058 3441 1105 καὶ
3489 1060 3547 1107 τό
3593 1062 3800 1128 Πνεῦμα
3840 1060 3899 1109 τὸ

528 1140 779 1211 Spiritus
815 1145 1071 1195 sanctus.

837 1145 1071 1195 Lanctus.
2292 1135 2459 1205 ἅγιον.

512 1255 522 1271 ι
598 1231 723 1285 Non
752 1236 955 1285 tamen
983 1230 1133 1285 dixit
1186 1228 1473 1295 :Mittam,
1523 1242 1596 1281 ne
1648 1226 1746 1281 Dei
1805 1225 2134 1282 adversarii

2368 1225 2475 1276 Οὐκ
2530 1224 2636 1279 εἰπε
2686 1224 2762 1292 δε,
2821 1230 2900 1281 ὅτι
2953 1230 3169 1303 Πέμψω,
3225 1232 3305 1283 ἵνα
3344 1236 3416 1305 μὴ
3488 1232 3717 1294 ἀντίθεος
3770 1232 3902 1285 εἶναι

510 1334 656 1376 ‘esse
698 1319 1013 1382 videretur,
1065 1322 1123 1373 et
1168 1317 1344 1389 quasi
1398 1316 1649 1385 alicujus
1700 1316 1938 1371 alterius
1972 1317 2132 1371 virtu

2297 1308 2424 1386 δόξῃ
2471 1335 2566 1380 τις,
2602 1322 2689 1370 καὶ
2729 1320 2798 1380 ὡς
2838 1318 2937 1372 ἀπὸ
2984 1320 3146 1383 ἄλλης
3189 1325 3326 1383 τινὸς
3371 1321 3608 1385 ἐξουσίας
3636 1324 3903 1375 ποιεῖσθαι

526 1409 722 1465 facere
753 1425 1059 1464 sermones
1094 1424 1105 1462 :
1140 1407 1243 1463 sed
1275 1423 1434 1461 nunc
1460 1405 1701 1478 quidem
1734 1412 2081 1474 rogaturum
2120 1424 2147 1459 s

2295 1408 2414 1464 τοὺς
2470 1404 2668 1474 λόγους,
2744 1408 2900 1461 Ἀλλὰ
2956 1418 3041 1461 νῦν
3092 1414 3180 1483 μὲν
3235 1410 3499 1483 ἐρωτῆσαι
3556 1415 3643 1464 τὸν
3697 1417 3908 1486 Πατέρα

529 1500 760 1556 Patrem
793 1498 1081 1570 promisit,
1115 1502 1169 1553 et
1200 1502 1439 1569 propter
1483 1496 1703 1551 dictam
1733 1512 2002 1558 causam,
2036 1501 2091 1551 et
2125 1513 2151 1550 υ

2298 1492 2658 1564 ἐπηγγείλατο,
2715 1492 2807 1549 διαί
2875 1518 2924 1551 τε
2980 1504 3073 1557 τὴν
3128 1501 3379 1574 ῥηθεῖσαν
3436 1500 3628 1568 αἰτίαν,
3677 1508 3764 1554 καὶ
3824 1504 3912 1554 ἶνα

526 1589 648 1643 ﬁde
679 1590 893 1657 dignus
924 1588 1263 1643 haberetur.
1299 1589 1359 1641 In
1393 1584 1778 1657 sequentibus
1810 1590 2012 1640 autem
2053 1601 2148 1656 prc

2297 1581 2515 1656 λογισθῇ
2570 1584 2893 1649 ἀξιόπιστος.
2945 1594 3145 1662 Προϊὼν
3196 1587 3255 1642 δὲ
3307 1594 3363 1642 τὸ
3412 1590 3596 1643 οἰκεῖον
3635 1595 3912 1664 ἐμφανίζει

530 1678 723 1750 priam
748 1677 1367 1747 ostenditdignitatem
1382 1676 1586 1731 dicens
1605 1692 1617 1729 :
1636 1676 1703 1731 Si
1720 1692 1815 1746 ego
1830 1692 1947 1731 non
1966 1676 2152 1731 abierc

2300 1673 2523 1746 ἀξίωμα,
2579 1676 2755 1747 λέγων·
2811 1678 2924 1730 Ἐὰν
2968 1678 3066 1749 ἐγὼ
3117 1687 3188 1751 μὴ
3242 1679 3462 1745 ἀπέλθω,
3502 1683 3526 1733 ὁ
3570 1682 3914 1757 Παράκλητος

530 1770 878 1824 Paracletus
898 1784 1017 1823 non
1050 1769 1239 1823 veniet
1259 1767 1332 1821 ad
1360 1783 1453 1823 vos
1477 1783 1489 1833 ;
1523 1767 1572 1821 si
1596 1772 1787 1821 autem
1814 1766 2035 1830 abiero,
2056 1767 2152 1821 mil

2300 1764 2391 1815 οὐκ
2447 1763 2706 1817 ἐλεύσεται
2755 1770 2880 1839 πρὸς
2919 1769 3069 1839 ὑμᾶς.
3141 1768 3257 1822 Ἐὰν
3313 1766 3371 1821 δε
3418 1773 3673 1845 πορευθῶ,
3720 1773 3915 1844 πέμψω

534 1866 649 1914 tam
689 1858 849 1913 vobis
880 1874 1010 1913 eum
1046 1860 1115 1910 θ’.
1160 1858 1225 1911 Et
1252 1872 1490 1912 rursum
1536 1872 1547 1910 :
1591 1857 1853 1924 Accipite
1890 1857 2156 1925 Spiritum

2302 1854 2452 1904 αὑτὸν
2519 1860 2649 1929 πρὸς
2730 1858 2886 1928 ὑμᾶς.
2978 1863 3077 1910 Καὶ
3158 1858 3329 1910 πάλιν*
3420 1859 3618 1913 Λάϐετε
3702 1868 3917 1934 Πνεῦμα

527 1954 792 2004 sanctum
833 1948 903 2002 ⁸³.

844 1948 903 2002 ’8,
2302 1945 2466 2014 οἶγιον.

604 2038 716 2095 Sed
747 2036 1057 2110 quomodo
1088 2036 1164 2091 ab
1191 2036 1306 2091 alio
1338 2036 1514 2092 datur
1543 2052 1610 2092 ac
1630 2035 1897 2100 mittitur,
1926 2035 2027 2107 qui
2059 2034 2191 2091 ubi-

2373 2034 2530 2086 ’Δλλὰ
2576 2042 2680 2094 πῶς
2737 2036 2859 2110 παρ’
2927 2035 3080 2089 ἆλλου
3141 2034 3353 2090 δίδοται
3394 2043 3483 2091 καὶ
3540 2044 3797 2112 πέμπεται
3849 2044 3910 2093 τὸ

530 2145 649 2200 que
687 2144 957 2199 presens
1009 2133 1116 2191 est,
1148 2143 1375 2198 suaque
1429 2126 1638 2181 dividit
1688 2125 1957 2193 singulis,
2013 2142 2152 2197 prOL‘

2301 2132 2577 2195 πανταχοῦ
2626 2128 2790 2199 παρὸν
2854 2132 2942 2179 καὶ
3004 2123 3244 2201 διαιροῦν
3304 2125 3417 2200 ἰδίᾳ
3475 2129 3675 2201 ἑκάστῳ
3733 2133 3912 2192 καθὼς

530 2217 658 2273 vult
684 2218 1047 2273 charismata
1086 2218 1133 2251 9‘
1163 2218 1190 2271 ?
1222 2219 1346 2271 Non
1375 2221 1663 2287 tanquam
1689 2232 1895 2270 servus
1917 2215 2091 2270 datur
2122 2232 2152 2269 a

2304 2212 2549 2284 βούλεται
2610 2217 2675 2266 τὰ
2722 2220 3072 2288 χαρίσματα;
3131 2216 3252 2287 Οὐχ
3310 2220 3378 2279 ὡς
3428 2214 3632 2285 δουλον,
3686 2218 3793 2271 ἀλλ’
3847 2224 3911 2281 ὡς

530 2304 798 2373 mittitur,
835 2307 936 2362 sed
973 2312 1260 2379 tanquam
1293 2304 1566 2376 ejusdem
1599 2310 1847 2367 naturm,
1880 2309 1937 2360 et
1976 2305 2152 2358 eadez

2303 2302 2538 2373 ὁμοφυες,
2599 2309 2687 2355 καὶ
2736 2308 2797 2355 τὰ
2852 2305 2985 2357 αὐτὰ
3028 2315 3098 2376 τῷ
3148 2312 3314 2379 Πατρὶ
3344 2310 3434 2358 καὶ
3472 2316 3541 2378 τῷ
3589 2311 3691 2379 Υὶῷ
3724 2309 3910 2382 βουλό-

529 2397 737 2451 volens
767 2413 903 2451 cum
937 2398 1106 2451 Patre
1135 2412 1202 2451 ac
1234 2394 1393 2451 Filio.
1427 2396 1552 2449 Non
1586 2394 1745 2449 enim
1779 2394 1932 2448 sicut
1970 2394 2098 2449 hac
2131 2394 2144 2448 i

2303 2410 2468 2462 μενον.
2526 2392 2601 2443 Οὐ
2659 2396 2758 2468 γὰρ
2810 2396 2981 2469 ὥσπερ
3038 2396 3122 2448 ἐπὶ
3167 2404 3267 2447 τῶν
3316 2406 3558 2461 κτιστών,
3616 2399 3751 2451 οὕτω
3818 2406 3908 2451 καὶ

532 2487 815 2543 creaturis
856 2486 1211 2556 significant,
1253 2486 1334 2540 ita
1391 2490 1447 2540 et
1478 2485 1537 2538 in
1576 2483 1853 2539 Trinitate
1907 2485 2154 2539 increata

2304 2480 2386 2531 ἐπὶ
2439 2490 2528 2541 τῆς
2586 2481 2835 2535 ὰκτίστου
2890 2481 3115 2557 Τριάδος
3166 2488 3232 2537 τὰ
3278 2494 3495 2538 τοιαῦτα
3556 2492 3899 2559 σημαίνουσι,

531 2576 787 2631 Etdatur
816 2576 1060 2648 quidem
1097 2592 1131 2630 a
1169 2577 1359 2638 Patre,
1389 2580 1584 2645 utpote
1608 2573 1801 2629 abillo
1836 2574 2153 2646 procedens

2307 2575 2405 2622 Καὶ
2446 2568 2656 2623 δίδοται
2709 2576 2797 2643 μεν
2851 2576 2905 2625 ἐκ
2954 2582 3043 2625 τοῦ
3106 2578 3329 2649 Πατρός,
3375 2578 3440 2636 ὡς
3478 2575 3530 2638 ἐξ
3570 2577 3728 2629 αὐτοῦ
3759 2576 3911 2631 ἐκπο-

532 2665 779 2719 mittitur
817 2681 958 2720 vero
989 2680 1024 2719 a
1054 2663 1202 2718 Filio
1232 2662 1402 2734 quasi
1432 2678 1764 2733 cooperans
1806 2669 1862 2717 et
1902 2668 2019 2718 non
2050 2679 2154 2718 con

2301 2665 2592 2732 ρευόμενον·
2650 2668 2907 2734 πέμπεται
2966 2661 3023 2715 δὲ
3078 2669 3226 2737 Παρὰ
3278 2674 3370 2717 του
3411 2669 3555 2733 Υἱοῡ,
3612 2671 3675 2727 ὡς
3730 2687 3908 2742 συνερ-

530 2754 770 2809 trarius.
802 2758 966 2810 Nunc
986 2753 1182 2824 itaque
1209 2753 1334 2807 dari
1361 2768 1429 2807 ac
1459 2752 1605 2807 mitti
1635 2752 1717 2807 ait
1741 2752 2019 2824 Spiritum
2054 2770 2152 2809 san

2300 2753 2391 2819 γὸν
2444 2756 2533 2802 καὶ
2588 2751 2681 2803 οὒκ
2746 2750 2994 2808 ἐναντίον.
3056 2761 3162 2805 Νῦν
3211 2758 3301 2825 μὲν
3354 2750 3439 2806 οὖν
3509 2752 3762 2809 δίδοσθαι
3820 2764 3908 2811 καὶ

531 2848 690 2899 ctum
727 2843 825 2899 :in
861 2842 1243 2913 sequentibus
1270 2847 1469 2897 autem
1505 2842 1681 2896 etiam
1708 2842 1890 2912 hujus
1932 2842 2153 2897 ostendi

2299 2842 2596 2911 πέμπεσθαί
2651 2861 2780 2912 φησι
2826 2846 2881 2893 τὸ
2938 2850 3147 2915 Πνεῦμα
3194 2847 3251 2895 τὸ
3297 2844 3466 2916 οῐγιον·
3509 2844 3797 2919 προϐαίνων
3850 2844 3908 2900 δὲ

528 2938 880 3004 potestatem
922 2932 1127 2987 dicens
1162 2948 1173 2986 :
1212 2934 1355 2987 Cum
1384 2936 1579 2987 autem
1613 2933 1838 2987 venerit
1868 2933 1968 2987 ille
2026 2933 2097 2998 9‘,
2134 2949 2150 2988 ε

2298 2934 2388 2980 καὶ
2423 2934 2515 2986 τὴν
2568 2934 2751 2982 τούτου
2792 2928 3055 2984 δείκνυσιν
3097 2932 3353 2999 ἐξουσίαν,
3408 2934 3585 3005 λέγων·
3646 2935 3806 2989 Ὀταν
3847 2934 3905 2989 δε

526 3026 758 3078 caetera.

2300 3023 2345 3086 (l
2365 3020 2410 3087 Ι)
2442 3018 2561 3092 ἔλθη
2596 3020 2797 3080 ἐκεῖνος.

596 3113 761 3168 Vers.
791 3115 872 3167 16.
899 3112 967 3168 Πι
998 3142 1061 3151 -
1084 3116 1379 3167 aeternum.
1408 3110 1516 3175 Qui
1540 3125 1646 3165 nec
1663 3114 1798 3180 post
1823 3115 2075 3167 mortem
2094 3127 2186 3166 ve-

2367 3106 2475 3160 Ἰνα
2534 3141 2600 3149 -—
2655 3110 2837 3166 αἰῶνα.
2896 3108 3049 3169 Μηδὲ
3104 3115 3234 3184 μετα
3312 3118 3407 3171 τὴν
3464 3112 3699 3173 τελευτὴν
3762 3117 3904 3187 ὑμῶν

465 3220 479 3229 α
526 3204 711 3257 stram
738 3205 1064 3272 separetur.
1094 3199 1316 3256 Deinde
1335 3200 1513 3255 etiam
1535 3199 1726 3267 docet,
1756 3199 1888 3271 quis
1921 3203 1997 3256 sit
2029 3201 2085 3255 al

2298 3195 2663 3269 ἀφιστάμενος.
2725 3206 2851 3251 Εἶτα
2906 3196 3177 3270 διδάσκει,
3226 3207 3314 3253 καὶ
3367 3208 3443 3263 τίς
3496 3201 3635 3255 ἐστιν
3685 3206 3709 3256 6
3752 3205 3906 3267 ἄλλος

524 3267 879 3347 Paracletus.
1779 3267 1793 3271 _

1779 3267 1793 3271 _
2218 3267 2258 3325 Ο
2297 3267 2407 3359 Παρ
2416 3267 2606 3346 ακλητο
2619 3310 2657 3350 ς.

595 3381 756 3436 Vers.
795 3386 878 3435 l7.
912 3380 1194 3441 Spiritum
1220 3380 1497 3436 veritatis.
1531 3381 1649 3435 Hoc
1676 3384 1781 3443 est,
1817 3395 2023 3436 verum
2057 3381 2179 3437 sive

2362 3382 2432 3429 Τὸ
2490 3386 2695 3451 Πνεῦμα
2747 3388 2837 3440 τῆς
2888 3380 3147 3441 ἀληθείας.
3198 3386 3267 3434 Τὸ
3329 3381 3589 3449 ἀληθινὸν,
3659 3390 3776 3443 ἦτοι
3838 3390 3893 3439 τὸ

523 3471 919 3542 praecipuum,
949 3474 1244 3541 quantum
1263 3470 1338 3524 ad
1358 3469 1510 3525 alios
1539 3468 1799 3539 spiritus.
1821 3472 1967 3524 Nam
1999 3474 2055 3525 et
2080 3486 2145 3524 an

2293 3467 2542 3541 ἐξαίρετον
2609 3473 2734 3541 πρὸς
2812 3474 2876 3521 τὰ
2953 3470 3081 3523 ἄλλα
3151 3474 3437 3543 πνεύματα.
3518 3480 3725 3546 Πνεῦμα
3794 3480 3892 3547 γὰρ

523 3558 687 3629 gelus
717 3559 932 3614 dicitur
958 3559 1189 3629 spiritus
1217 3563 1273 3614 et
1307 3558 1515 3613 anima
1546 3563 1602 3611 et
1633 3562 1845 3611 ventus
1874 3573 1959 3613 .ac
1986 3559 2145 3628 plera

2290 3556 2491 3627 λέγεται
2541 3564 2629 3609 καὶ
2678 3561 2702 3609 6
2734 3559 2967 3630 ἄγγελος.
3004 3565 3091 3613 καὶ
3120 3562 3149 3618 ἡ
3183 3560 3337 3633 ψυχὴ
3384 3567 3470 3615 καὶ
3514 3565 3539 3614 6
3581 3565 3767 3635 ἄνεμος
3807 3571 3896 3617 καὶ

524 3665 642 3720 que
673 3648 809 3703 alia.
836 3652 913 3703 Ne
942 3654 1144 3702 autem
1166 3648 1351 3702 alium
1378 3646 1655 3717 spiritum
1686 3646 2019 3711 audientes,
2045 3664 2146 3702 sus

2290 3648 2434 3719 ἕτερα
2476 3647 2700 3701 πλείονα.
2761 3649 2869 3702 Ἰνα
2946 3646 3004 3701 δε
3084 3656 3154 3721 μὴ
3231 3654 3549 3715 ἀκούσαντες
3605 3654 3683 3705 ὅτι
3744 3654 3897 3707 ἄλλον

524 3738 799 3809 picentur
820 3738 996 3792 etiam
1020 3736 1188 3791 illum
1226 3751 1355 3791 esse
1389 3735 1448 3790 in
1477 3750 1675 3803 carne,
1700 3751 1769 3791 ac
1796 3737 2141 3794 sensibilibu

2290 3737 2641 3809 παράκλητον,
2674 3739 3045 3792 ὐποπτεύσωσι
3070 3739 3300 3792 κάκεῖνον
3326 3743 3572 3817 ἔνσαρκον
3602 3749 3691 3795 καὶ
3713 3745 3900 3817 ὁρατὸν

523 3826 812 3883 visibilem
847 3825 1057 3894 oculis,
1100 3825 1179 3880 ait
1222 3842 1234 3881 :

2292 3827 2567 3887 αἰσθητοῖς
2595 3828 2892 3899 ὀφθαλμοῖς,
2930 3834 3106 3901 φησίν·

596 3917 755 3971 Vers.
790 3919 875 3971 17.
913 3916 1089 3981 Quem
1115 3947 1183 3955 —
1210 3915 1496 3984 accipere.
1527 3918 1652 3971 Non
1693 3919 1886 3988 potest
1912 3917 2180 3990 accipere

1961 3917 2180 3990 ccipere
2360 3915 2425 3967 Ὀ
2462 3916 2713 3969 -).αϐεῐν.
2744 3918 2818 3969 Ou’
2851 3914 3073 3971 δυναται
3099 3916 3267 3972 λαϐεῖν
3300 3921 3583 3983 αἰσθητῶς.

528 4005 905 4062 sensibiliter.

597 4097 758 4151 Vers.
802 4096 883 4151 l7.
928 4095 1073 4161 Quia
1105 4127 1172 4135 —
1201 4112 1350 4152 eum.
1382 4095 1793 4167 Corporaliter,
1824 4112 1962 4152 cum
1994 4097 2067 4153 sit
2096 4098 2181 4153 in-

1994 4097 2067 4153 sit
2096 4098 2181 4153 in-
2360 4094 2481 4147 Ὀτι
2508 4129 2573 4136 -
2606 4097 2749 4150 αὐτὸ.
2784 4105 3091 4171 Σωματικῶς
3126 4099 3427 4171 Ἀσώματον
3465 4103 3588 4174 γαρ.

523 4185 873 4259 corporalis.

595 4278 754 4330 Vers.
810 4280 892 4329 t7.
944 4275 1067 4331 Nec
1126 4276 1415 4345 cognoscit
1444 4288 1591 4330 eum.
1634 4276 1780 4330 Cum
1839 4275 2007 4331 illum
2057 4292 2179 4333 non

1778 4325 1780 4329 ,
1839 4275 2007 4331 illum
2057 4292 2179 4333 non
2362 4272 2502 4327 Οὐδὲ
2531 4282 2776 4348 γινώσκει
2802 4277 2945 4347 αὐτὸ,
2978 4282 3062 4335 Μὴ
3095 4274 3220 4329 ἰδὼν
3251 4279 3400 4333 αὑτό.

522 4364 737 4420 videat.

596 4452 940 4524 Intelligitur
963 4458 1162 4509 autem
1185 4458 1240 4509 et
1257 4452 1452 4509 aliter:
1472 4454 1635 4525 quod
1659 4454 1707 4509 is
1749 4456 1843 4509 cui
1870 4456 2181 4512 mundana

2360 4461 2571 4506 Νοεῖται
2617 4451 2674 4507 δὲ
2731 4459 2821 4506 καὶ
2864 4455 3063 4530 ἑτέρως,
3094 4456 3196 4508 ῖὸτι
3246 4458 3271 4508 ὁ
3323 4457 3555 4529 κοσμικα
3594 4466 3789 4531 φρονῶν
3840 4456 3897 4509 οὐ

523 4558 676 4598 ουτω
709 4548 870 4605 sunt,
898 4558 1016 4598 non
1068 4542 1452 4613 potestillum
1503 4544 1823 4614 suscipere,
1867 4546 2009 4617 quia
2057 4562 2145 4600 no}

2292 4538 2512 4595 δύναται
2556 4542 2913 4607 ὑποδέξασθαι
2955 4546 3098 4609 αὐτὸ,
3133 4547 3210 4597 ὅτι
3242 4546 3299 4598 οὐ
3334 4548 3509 4617 θεωρεῖ
3538 4546 3685 4607 αὐτὸ,
3728 4566 3900 4604 πεπη-

521 4631 853 4694 videteum,
888 4631 1187 4702 siquidem
1230 4639 1560 4687 excaecatus
1599 4640 1685 4687 est
1716 4633 1896 4688 oculis
1920 4634 2143 4690 intellec

2289 4638 2509 4706 ρωμένος
2565 4640 2631 4685 ὥν
2680 4640 2799 4696 τοὺς
2846 4640 3061 4697 νοητοὺς
3110 4635 3420 4706 ὀφθαλμούς·
3472 4632 3595 4688 οὐδὲ
3646 4644 3901 4704 γινώσκει

522 4719 785 4776 tualibus
831 4736 841 4772 :
881 4735 989 4775 nec
1020 4721 1326 4790 cognoscit
1371 4738 1532 4788 eum,
1564 4738 1701 4777 cum
1742 4723 1887 4779 nihil
1922 4724 2141 4779 sublim

1742 4723 1887 4779 nihil
1922 4724 2179 4781 sublime
2291 4724 2435 4789 αὐτὸ,
2464 4721 2629 4796 μηδὲν
2656 4724 2855 4795 ὑψηλὸν
2889 4723 3069 4777 ἐννοεῖν
3110 4724 3332 4796 ἰσχύων.

522 4810 714 4882 possit
743 4809 1086 4875 intelligere.

594 4900 757 4956 Vers.
805 4898 890 4955 l7.
941 4901 1036 4954 Vos
1066 4930 1135 4940 —
1185 4916 1333 4956 eum.
1382 4900 1829 4973 Propemodum
1868 4903 2033 4959 illum
2082 4920 2179 4960 co-

2360 4900 2527 4973 ’Υμεῖς
2546 4932 2610 4942 --
2638 4902 2779 4955 αὑτό.
2817 4908 3097 4955 Γινώσκετε
3122 4905 3243 4955 ὅσον
3268 4906 3430 4957 οὔπω.
3464 4902 3574 4956 Οὐκ
3600 4903 3665 4964 εἰς
3692 4906 3899 4979 μακρὰν

521 4989 824 5057 gnoscitis.
860 4992 1008 5045 Nam
1040 4994 1173 5061 post
1236 4989 1415 5047 breve
1462 4996 1700 5063 tempus
1746 4991 2069 5049 descendet
2107 5010 2142 5050 a

1678 5008 1700 5046 Β
1746 4991 2069 5049 descendet
2107 5010 2177 5050 ac
2287 4994 2387 5063 γαρ
2425 4992 2753 5062 ἐπιφοιτήσει
2783 4997 2872 5043 καὶ
2904 4989 3111 5055 διδάξει
3142 4995 3300 5065 ὑμᾶς.

520 5078 755 5135 docebit
793 5095 923 5133 vos.

590 5169 711 5233 Vel,
745 5169 1105 5239 cognoscitis
1145 5185 1284 5225 eum
1316 5186 1387 5226 ex
1417 5170 1535 5226 mei
1592 5172 1949 5242 cognitione.
2011 5173 2177 5229 Sicut

2358 5179 2419 5228 Ἢ
2474 5179 2753 5246 γινώσκετε
2806 5173 2932 5225 αὐτὸ
2992 5172 3092 5226 ἀπὸ
3150 5180 3241 5226 τοῦ
3280 5177 3551 5245 γινώσκειν
3604 5171 3708 5245 ἐμέ.
3764 5172 3901 5227 Ὠσ-

591 5368 636 5403 ”
675 5369 843 5425 Joan.
875 5383 996 5437 xvr,
1028 5373 1081 5423 7.
1222 5369 1269 5403 9'
1301 5369 1471 5426 Joan.
1500 5386 1598 5436 xx,
1624 5373 1710 5426 22.
1851 5372 1899 5407 "
1931 5373 1949 5427 l
1977 5372 2107 5427 Cor.
2139 5388 2237 5436 xu,
2278 5377 2361 5429 lt.

1718 5550 1945 5618 Variae
1987 5550 2319 5621 lectiones
2366 5561 2432 5620 et
2476 5563 2679 5621 notae.

590 5746 702 5817 (10)
760 5747 881 5801 Hoc
925 5749 1014 5797 καὶ
1045 5760 1163 5802 non
1206 5746 1477 5815 agnoscit
1503 5746 1767 5804 Hentenii
1811 5748 2022 5804 versio.
2059 5750 2168 5806 Sed

1131 5760 1163 5799 ιι
1206 5746 1477 5815 agnoscit
1503 5746 1767 5804 Hentenii
1811 5748 2022 5804 versio.
2059 5750 2168 5806 Sed
2284 5750 2579 5817 corrigere
2605 5754 2753 5817 πρὸς.

590 5768 702 5817 μυ)
761 5768 881 5801 nou
925 5768 1014 5797 και
1046 5768 1163 5802 non
1206 5768 1477 5815 aguoscu
1503 5768 1767 5804 uenienti
1811 5768 2022 5804 verSIo.
2059 5768 2168 5806 beo
2284 5768 2436 5807 corn
2483 5768 2579 5805 ere
2605 5771 2644 5803 π
2681 5771 2754 5811 ος.

514 5832 624 5876 nec
656 5818 735 5874 sic
775 5817 1147 5891 acquiescere
1179 5833 1450 5890 possum.
1486 5819 1695 5877 Malim
1726 5835 1868 5892 ergo
1899 5820 2028 5877 loco
2059 5826 2167 5887 καὶ,
2354 5768 2479 5895 (Ηξ
2510 5826 2571 5875 Ai
2600 5768 2773 5879 aiiest
2794 5824 2860 5878 Α.
