4108 6446
288 414 423 472 1401
1280 404 1652 464 COMMENT.
1696 404 1766 460 IN
1803 402 1910 459 ,1οΆ

2055 403 2158 458 ΞΜ.
2201 436 2269 445 -
2308 405 2460 462 CAP.
2506 404 2649 461 XIV.
3538 402 3677 460 1402

285 562 381 617 περ
429 542 531 616 γὰρ
585 540 611 592 ό
649 542 900 600 νενοηκὼς
948 535 1034 610 ἑμὲ
1074 539 1278 594 νενόηκε
1318 538 1405 587 τόν
1457 535 1664 606 Πατέρα
1696 552 1710 565 ·
1764 531 1899 584 οὕτω

2049 530 2172 586 nim
2209 531 2313 603 qui
2345 531 2512 588 novit
2536 547 2654 601 me,
2695 530 2863 587 novit
2904 535 2962 587 et
2990 530 3248 596 Patrem;
3285 529 3367 587 ita
3399 543 3671 586 rursum!

285 632 441 684 πάλιν
496 632 520 682 ό
578 634 823 689 νενοηκὼς
900 626 985 701 ἐμὲ
1056 630 1262 683 νενόηκε
1334 627 1393 677 τό
1469 630 1677 695 Πνεῦμα
1710 643 1722 656 ·
1773 628 1899 694 μιᾶς

2058 620 2113 675 υἱ
2141 622 2303 677 novit
2334 620 2621 687 me,novit
2644 626 2699 677 et
2729 622 3010 695 Spiritum
3043 625 3338 677 sanctum.
3370 622 3522 676 Nam
3557 625 3672 677 tres

284 725 390 796 γὰρ
431 723 480 774 οἰ
535 727 671 793 τρεῖς
719 718 904 780 οῦσίας
959 721 1048 770 καὶ
1102 719 1303 789 φύσεως
1356 719 1446 766 καὶ
1486 709 1755 785 δυνάμεως
1810 717 1900 764 xai

2054 711 2188 765 nius
2220 718 2355 767 sunt
2395 712 2744 768 substantiae
2770 727 2841 767 ac
2866 715 3117 776 naturae,
3163 709 3444 784 potentiae
3487 726 3559 768 ac
3588 710 3670 766 di-

290 809 460 873 ἀξίας.

2010 802 2282 872 gnitatis.

359 899 481 951 Ὅτι
537 930 605 939 -
658 902 815 971 μένει.
867 896 1067 969 Ὠσπερ
1126 897 1228 970 γὰρ
1306 896 1331 946 ό
1385 897 1560 967 Πατὴρ
1625 911 1717 963 μετ
1773 891 1898 964 ἐμοῦ

2076 891 2238 946 Vers.
2270 896 2348 947 l7.
2384 891 2523 958 Quia
2556 923 2621 933 —
2647 897 2867 949 manet.
2919 891 3083 947 Sicut
3126 891 3286 947 enim
3334 892 3501 948 Pater
3540 905 3670 946 me-

288 988 432 1043 ἐστιν
458 1010 470 1023 ·
495 989 629 1041 οὕτω
650 991 739 1039 καὶ
770 990 827 1039 τὸ
860 993 1071 1059 Πνεῦμα
1102 1007 1113 1019 ·
1153 984 1452 1058 ἀχώριστος
1476 986 1573 1055 γὰρ
1602 983 1631 1041 ἡ
1663 985 1901 1054 μακαρία

2048 996 2146 1034 um
2216 985 2324 1047 est,
2384 981 2467 1036 ita
2519 985 2576 1037 et
2633 982 2882 1051 Spiritus
2931 984 3194 1037 sanctus.
3263 980 3670 1052 Inseparabile

285 1081 467 1153 Τριάς.
2009 1068 2305 1142 siquidem
2334 1076 2421 1126 est
2448 1070 2622 1127 beata
2652 1070 2928 1126 Trinitas.

364 1173 464 1221 Καὶ
491 1166 540 1220 ἐν
582 1169 702 1238 ὑμῖν
732 1169 901 1219 ἔσται.
948 1170 1034 1223 Μὴ
1085 1163 1417 1223 ἀποθνῆσκον
1461 1162 1599 1232 (12),
1659 1163 1723 1221 ὡς

2079 1159 2241 1215 Vers.
2310 1165 2394 1215 17.
2428 1163 2503 1215 Et
2537 1160 2602 1216 in
2636 1160 2792 1217 vobis
2821 1161 2958 1217 erit.
3010 1163 3134 1216 Non
3179 1159 3463 1225 moriens,
3511 1160 3668 1217 sicut

289 1254 432 1311 Οῦὸἐ
471 1260 573 1330 γὰρ
629 1255 1019 1329 ἐνηνθρωπησεν
1072 1257 1140 1315 ὡς
1194 1253 1308 1325 ἐγώ.
1362 1252 1503 1306 Ἐπεὶ
1553 1248 1613 1303 δὲ
1663 1256 1899 1301 τοσαῦτα

2047 1264 2120 1319 go
2154 1266 2168 1305 :
2201 1265 2397 1322 neque
2432 1251 2591 1305 enim
2620 1250 2964 1306 incarnatus
2992 1254 3098 1315 est,
3133 1248 3289 1305 sicut
3333 1265 3464 1320 ego.
3517 1248 3669 1318 Quia

289 1348 444 1401 εἰπὼν
475 1350 618 1399 οῦπω
647 1349 733 1403 τὴν
767 1344 992 1416 ἀθυμίαν
1018 1344 1185 1395 αὐτῶν
1218 1341 1467 1409 ἐξέϐαλεν,
1498 1337 1897 1412 ἀδημονούντων

2045 1354 2141 1394 ero
2170 1355 2309 1394 cum
2367 1345 2489 1395 tam
2543 1339 2729 1395 multa
2768 1339 3027 1404 dixisset,
3062 1339 3335 1395 nondum
3369 1338 3664 1395 tristitiam

289 1440 365 1491 ἔτι
395 1441 483 1489 καὶ
513 1435 888 1507 ἀλγυνομένων,
942 1437 1005 1495 ὡς
1035 1433 1263 1506 ὀρφανῶν
1298 1428 1405 1491 ἤδη
1446 1429 1898 1502 καταλιμπανομέ-

2045 1428 2246 1484 lorum
2277 1428 2589 1500 repulerat,
2622 1430 2766 1501 quia
2794 1430 3050 1499 graviter
3079 1428 3277 1484 adhuc
3300 1428 3570 1485 ferebant
3596 1443 3667 1484 ac

287 1547 407 1596 νων,
442 1527 709 1599 θεραπεύει
737 1527 792 1576 τό
822 1531 1059 1575 τοιοῦτον
1084 1522 1259 1594 ἄλγος.

2046 1520 2443 1587 imrebantmt
2473 1520 2573 1591 qui
2602 1519 2731 1589 jam
2749 1518 3521 1591 orphanirelinquerentur,
3557 1517 3668 1573 hu-

2000 1606 2268 1678 jusmodi
2300 1614 2467 1663 curat
2508 1608 2876 1664 mcestitiam.

362 1705 472 1758 Οὐκ
503 1735 570 1746 —
609 1705 881 1778 ὀρφανούς.
916 1709 1179 1775 Πατρικῆς
1219 1700 1609 1771 εὐσπλαγχνίας
1637 1702 1695 1751 τὸ
1725 1699 1892 1773 ῥῆμα.

2076 1698 2237 1753 Vers.
2275 1699 2364 1753 18.
2406 1698 3250 1767 —Non0rphanos.Paternee
3266 1696 3665 1752 miserationis

286 1795 710 1865 πολλὴν”εἰσάγον
736 1793 1065 1869 παράκλησιν
1087 1796 1176 1843 καὶ
1201 1790 1578 1863 ψυχαγωγίαν.
1605 1788 1680 1841 Οῦ
1702 1790 1895 1842 παντά-

2043 1788 2253 1843 erbum
2311 1786 2689 1858 est,multam
2739 1786 2995 1842 efferens
3045 1787 3515 1842 consolationem
3594 1802 3665 1841 ac

286 1905 449 1940 πασιν
476 1884 662 1957 ἀφήσω
691 1884 825 1946 ὑμᾶς
855 1885 921 1935 τά
944 1886 1119 1935 τεκνία
1143 1901 1265 1953 μου.

2046 1877 2485 1933 blectationem.
2515 1878 2907 1950 Nequaquam
2936 1892 3040 1931 vos
3080 1876 3418 1949 relinquam
3448 1876 3664 1948 orpha-

2004 1983 2117 2023 nos
2145 1967 2249 2039 qui
2277 1967 2376 2023 ﬁlii
2419 1968 2534 2022 mei
2564 1966 2721 2022 estis.

358 2064 624 2139 Ἔρχομαι
678 2065 809 2138 πρὸς
865 2063 1017 2135 ὑμᾶς.
1072 2059 1341 2134 Ἔρχομαι
1405 2059 1558 2113 παλιν
1616 2062 1745 2133 μετά
1799 2062 1894 2118 τὴν

2079 2057 2236 2111 Vers.
2285 2061 2366 2113 18.
2426 2058 2666 2113 Veniam
2715 2058 2796 2112 ad
2821 2071 2936 2112 vos.
2973 2054 3213 2111 Veniam
3260 2069 3495 2110 rursum
3526 2057 3663 2126 post

284 2160 563 2229 τριήμερον
595 2152 903 2221 ἀνάστασιν,
937 2153 981 2204 εὶ
1009 2155 1098 2203 καὶ
1128 2154 1198 2223 μὴ
1229 2154 1295 2212 ὡς
1326 2153 1384 2202 τό
1413 2154 1658 2225 πρότερον
1684 2153 1895 2201 συνεσό-

2032 2146 2156 2203 ertii
2177 2146 2295 2202 diei
2311 2147 2821 2210 resurrectionem,
2842 2161 3199 2219 quanquam
3222 2161 3362 2207 non,
3385 2148 3450 2200 ut
3468 2144 3654 2217 prius,

286 2264 456 2317 μενος.

2004 2251 2387 2293 conversaris.

233 2323 245 2327 ν
358 2333 476 2387 Ἔτι
503 2365 567 2375 —
600 2335 794 2408 θεωρεῖ.
828 2332 1181 2385 Ἀποθανόντα
1207 2332 1271 2391 ὡς
1294 2331 1583 2404 ἄνθρωπον.

2072 2328 2234 2383 Vers.
2275 2328 2350 2383 19.
2378 2326 2594 2383 Adhuc
2622 2358 2689 2368 —-
2718 2326 2957 2384 videbit.
2978 2325 3127 2382 Cum
3160 2330 3448 2398 tanquam
3468 2324 3654 2381 homo

2004 2433 2243 2473 moriar.

357 2509 526 2582 ’Υμεῖς
605 2540 674 2548 -
764 2528 849 2578 με.
934 2507 1355 2580 Ἐπιφαινόμενον
1438 2508 1559 2580 ὑμῖν
1642 2504 1696 2558 ἐκ
1777 2502 1893 2559 δια-

2077 2510 2234 2562 Vers.
2268 2512 2350 2563 19.
2383 2508 2488 2562 Vos
2516 2537 2576 2547 —
2606 2507 3135 2577 me.Apparentem
3166 2503 3338 2559 vobis
3364 2503 3656 2574 perinter-

282 2598 598 2672 λημμάτων,
660 2602 903 2661 συνόντος
976 2599 1096 2670 ὑμῖν
1165 2596 1242 2649 ἀεὶ
1321 2604 1413 2649 τοῦ
1479 2596 1635 2649 οῖλλου
1714 2604 1890 2670 Παρα-

2035 2597 2191 2653 nissa
2210 2603 2497 2669 tempora,
2534 2599 2923 2652 conversante
2940 2609 3178 2666 semper
3200 2592 3516 2648 vobiscum
3538 2591 3657 2649 alio

284 2689 379 2748 κλή
389 2709 478 2743 του
487 2733 499 2745 .

2002 2696 2302 2751 Paracleto
2318 2739 2328 2751 .

2070 2786 2239 2842 Vers.
2281 2791 2363 2842 19.
2395 2786 2546 2853 Quia
2577 2801 2682 2855 ego
2715 2786 2925 2842 vivam.
2957 2785 3167 2840 Vivam
3193 2799 3403 2839 rursus
3435 2798 3471 2838 a
3496 2798 3654 2839 mor-

348 2869 471 2924 Ὀτι
500 2869 597 2942 ἐγὼ
628 2870 722 2931 ζῶ.
747 2876 847 2935 Ζῶ,
873 2868 1025 2921 πάλιν
1053 2866 1278 2927 ἀναστὰς
1306 2865 1358 2918 ἐκ
1388 2874 1597 2939 νεκρῶν,

873 2868 1025 2921 πάλιν
1053 2866 1278 2927 ἀναστὰς
1306 2865 1358 2918 ἐκ
1388 2874 1597 2939 νεκρῶν,
1999 2875 2115 2932 tuis
2146 2891 2483 2946 resurgens.

353 2965 453 3014 Καὶ
505 2961 647 3033 ὑμεῖς
702 2960 945 3023 ζήσεσθε.
1000 2962 1086 3016 Μὴ
1142 2956 1501 3032 ἀναιρούμενοι
1558 2955 1750 3007 αὐτίκα
1794 2958 1886 3007 σὺν

2070 2965 2236 3022 Vers.
2284 2970 2371 3022 19.
2442 2966 2522 3021 Et
2571 2980 2661 3019 vos
2716 2964 2938 3021 vivatis.
2981 2963 3110 3019 Non
3151 2961 3351 3018 statim
3417 2977 3652 3018 mecum

273 3048 411 3122 ἐμοὶ,
448 3049 554 3102 ἀλλ’
582 3051 682 3101 ὑπό
712 3058 802 3110 τῆς
829 3047 956 3121 ἐμῆς
982 3044 1253 3120 δυνάμεως
1291 3045 1362 3119 ἐφ’
1399 3049 1570 3098 ἰκανὸν
1604 3048 1887 3120 συντηροῦ-

2030 3055 2303 3120 ῑιῑετίθοῐί,
2333 3055 2435 3110 sed
2498 3071 2631 3110 mea
2657 3054 2867 3110 virtute
2923 3054 3110 3108 multo
3146 3052 3346 3108 adhuc
3384 3055 3652 3123 tempore

273 3160 441 3213 μενοι.
468 3139 538 3192 "ll
569 3144 659 3192 xai.
689 3140 836 3212 ὑμεῖς
884 3138 1112 3199 ζήσεσθε
1142 3138 1273 3210 μετά
1319 3138 1535 3189 θανατον
1573 3140 1667 3194 τὴν
1717 3155 1885 3208 μακα-

2029 3146 2349 3201 onservati.
2389 3145 2513 3210 Vel,
2576 3160 2680 3200 vos
2731 3142 2938 3199 vivetis
2990 3144 3168 3199 etiam
3208 3148 3338 3214 post
3396 3145 3649 3196 mortem

271 3234 392 3303 ρίαν
428 3233 585 3291 ζῶήν.

830 3316 838 3317 7
1557 3313 1568 3317 Δ
1914 3258 1957 3317 C
1994 3234 2112 3289 vita
2151 3235 2345 3290 beata.

348 3318 429 3373 Ἐν
464 3349 529 3358 —-
562 3339 685 3392 μου.
720 3318 799 3372 Ἐν
823 3316 986 3391 ἐκείνῃ
1010 3325 1071 3390 τῇ
1107 3319 1293 3391 ἡμέρᾳ,
1325 3324 1386 3389 τῇ
1420 3323 1515 3378 τῆς
1548 3313 1883 3375 ἀναστάσεώς
1925 3313 1955 3317 ’⁷

2064 3325 2226 3379 Vers.
2248 3328 2336 3379 20.
2363 3324 2431 3380 In
2445 3355 2511 3363 —
2524 3338 2667 3379 meo.
2693 3325 2755 3377 In
2788 3322 2889 3378 illo
2906 3321 3023 3389 die,
3042 3318 3490 3376 resurrectionis
3505 3334 3649 3374 meae

271 3429 374 3481 μου
413 3406 676 3475 δηλονότι,
705 3410 969 3480 γνώσεσθε
1013 3409 1093 3459 ὅτι
1140 3405 1240 3478 ἐγὼ
1268 3405 1316 3458 ἐν
1350 3414 1423 3477 τῷ
1454 3410 1622 3480 Πατρί
1646 3425 1767 3477 μου,
1801 3406 1882 3457 ὅτι

2025 3413 2281 3482 'idelicet,
2302 3416 2699 3483 cognoscetis,
2727 3411 2891 3485 quod
2919 3427 3032 3481 ego
3059 3428 3091 3467 a
3124 3412 3291 3467 Patre
3322 3424 3457 3465 meo
3496 3408 3647 3464 indi-

271 3501 374 3570 ἑγὼ
406 3495 701 3573 ἀδιαίρετος
748 3505 840 3551 τοῦ
875 3501 1075 3572 Πατρός
1104 3517 1225 3570 μου,
1261 3496 1308 3548 ἓν
1338 3504 1409 3567 τῷ
1452 3498 1517 3547 τὰ
1545 3495 1678 3548 αῦτά
1706 3494 1880 3565 ἐκείνῳ

1545 3495 1678 3548 αὖτά
1706 3494 1880 3565 ἐκείνῳ
1990 3503 2156 3559 visus
2190 3504 2322 3568 sim,
2357 3503 2569 3559 eadem
2610 3507 2821 3575 potens
2861 3518 2998 3558 cum
3032 3501 3154 3557 illo.

273 3584 557 3644 δύνασθαι.

347 3683 445 3731 Καὶ
470 3710 539 3718 —-
567 3679 713 3750 ὑμῖν.
758 3682 857 3730 Καὶ
884 3678 964 3729 ὅτι
992 3682 1081 3729 καὶ
1112 3675 1253 3750 ὑμεῖς
1294 3674 1341 3728 ἓν
1368 3674 1481 3749 ἐμοὶ
1507 3678 1879 3749 φρουρούμενοι

2065 3684 2228 3739 Vers.
2258 3686 2346 3738 20.
2366 3684 2443 3739 Et
2469 3682 2735 3739 —vobis.
2792 3683 2859 3737 Et
2875 3681 3030 3754 quod
3065 3696 3170 3736 vos
3196 3680 3374 3736 etiam
3422 3679 3483 3735 in
3526 3694 3640 3748 me,

268 3773 360 3820 xai.
397 3771 720 3842 νευροῦμενοι
754 3789 765 3801 ·
809 3766 955 3838 κάγὼ
1012 3766 1060 3819 ἐν
1114 3767 1229 3839 ἐμοὶ
1284 3773 1517 3841 φρουρῶν
1559 3771 1649 3818 καὶ
1690 3772 1877 3837 νευρῶν

2022 3772 2260 3829 ustoditi
2293 3790 2362 3829 ac
2391 3773 2655 3828 roborati
2698 3790 2711 3827 :
2755 3777 2811 3828 et
2840 3787 2952 3841 ego
2984 3772 3042 3826 in
3076 3770 3263 3841 vobis,
3297 3767 3640 3826 custodiens

268 3859 427 3929 ὑμᾶς.
461 3859 729 3910 Γνὼσεσθε
766 3854 824 3910 δὲ
862 3863 1046 3921 ταῦτα,
1079 3865 1179 3909 τῶν
1230 3855 1435 3928 ἐχθρῶν
1474 3854 1877 3927 καταστελλομέ-

2017 3879 2050 3918 ιο
2070 3862 2362 3918 roborans
2392 3878 2521 3919 vos.
2550 3862 2683 3918 Haec
2706 3868 2905 3917 autem
2929 3860 3324 3932 cognoscetis,
3355 3858 3639 3931 repressis

267 3967 385 4012 νων,
441 3949 584 4019 ὑμῶν
645 3946 1171 4021 παρρησιαζομένων,
1221 3954 1312 3998 τοῦ
1366 3948 1706 4018 κηρύγματος
1756 3944 1873 3996 καθ’

2016 3952 2259 4016 nimicis,
2280 3953 2573 4025 vobisque
2588 3952 2770 4008 libere
2791 3951 3194 4024 loquentibus,
3226 3966 3296 4006 ac
3320 3948 3638 4021 Evangelia

269 4036 491 4095 ἑκάστην
524 4035 797 4098 ἀνθοῦντος
826 4040 920 4093 τὴν
943 4036 1157 4109 ἡμέραν.

880 4046 920 4093 iv
943 4036 1157 4109 ἡμέραν.
1983 4040 2043 4096 in
2083 4042 2209 4097 dies
2238 4041 2502 4098 ﬂorente.

336 4125 395 4179 Ὀ
420 4130 509 4198 μὲν
541 4122 627 4179 οὖν
670 4128 899 4198 Χριστὸς
946 4127 994 4177 ἐν
1024 4144 1095 4195 τῳ
1144 4128 1332 4197 Πατρὶ,
1383 4126 1520 4176 κατά
1560 4123 1709 4195 λόγον
1757 4122 1872 4176 ἰσο-

2056 4132 2535 4204 Cbristusitaque
2568 4130 2626 4187 iu
2657 4133 2842 4196 Patre,
2876 4130 3097 4186 ratione
3132 4128 3405 4199 ejusdem
3435 4133 3639 4200 poten-

268 4211 568 4287 δυναμίας·
601 4218 651 4267 οἱ
699 4212 759 4268 δε
807 4213 1088 4267 ἀπόστολοι
1145 4216 1194 4265 ἐν
1245 4213 1405 4284 αὐτῷ,
1461 4218 1550 4265 καὶ
1603 4212 1761 4274 αῦτός
1824 4211 1872 4264 ἓν

2015 4222 2109 4287 ite;
2146 4221 2398 4293 apostoli
2434 4238 2572 4277 vero
2600 4222 2659 4277 in
2691 4237 2762 4277 eo
2788 4222 2990 4292 etipse
3021 4220 3078 4274 in
3112 4219 3246 4283 illis,
3282 4218 3505 4274 ratione
3535 4234 3637 4273 au-

266 4305 464 4369 αὐτοῖς,
520 4308 655 4357 κατά
705 4304 857 4377 λόγον
934 4302 1200 4376 βοηθείας.
1259 4299 1387 4355 Οἵδε
1438 4305 1538 4376 γὰρ
1606 4305 1635 4361 ἠ
1695 4308 1868 4377 Γραφή

2021 4310 2124 4366 ilii.
2170 4311 2476 4383 Siquidem
2508 4313 2669 4366 novit
2699 4311 3037 4383 frequenter
3069 4310 3369 4381 Scriptura
3407 4307 3637 4364 eisdem

264 4394 511 4457 πολλάκις
560 4402 667 4456 τοῖς
696 4394 874 4456 αὐτοῖς
903 4399 1131 4466 ρήμασιν
1162 4397 1245 4445 ἐπὶ
1278 4400 1412 4446 Θεοῦ
1457 4397 1546 4445 καὶ
1590 4392 1870 4465 ἀνθρώπων

2006 4400 2178 4455 verbis
2195 4406 2250 4455 et
2267 4400 2340 4455 de
2358 4402 2473 4456 Deo
2490 4405 2545 4456 et
2564 4400 2806 4455 homine
2840 4400 3065 4471 positis,
3085 4415 3205 4455 non
3225 4390 3491 4455 similiter
3521 4399 3628 4454 uti.

264 4488 517 4558 κειμένοις
589 4485 696 4556 οὐχ
744 4486 931 4557 ὁμοίως
990 4484 1310 4557 κεχρῆσθαι.
1369 4487 1469 4535 Καὶ
1544 4484 1569 4534 ό
1640 4487 1871 4558 Χριστὸς

2017 4492 2129 4545 lam
2160 4496 2216 4545 et
2246 4490 2507 4545 Christus
2540 4495 2595 4546 et
2620 4506 2730 4546 nos
2780 4490 2887 4546 ﬁlii
2948 4490 3047 4545 Dei
3102 4505 3171 4545 ac
3224 4489 3317 4544 dei
3359 4487 3639 4551 dicimur,

262 4577 386 4647 γὰρ,
444 4580 534 4627 καὶ
600 4577 749 4647 ἡμεῖς
802 4578 907 4627 υἱοὶ
955 4581 1088 4626 Θεοῦ
1145 4577 1234 4625 καὶ
1292 4574 1395 4625 θεοὶ
1452 4572 1721 4645 λεγόμεθα,
1780 4578 1869 4626 καὶ

2018 4580 2262 4647 timago
2291 4596 2360 4635 ac
2386 4579 2573 4650 gloria
2612 4580 2715 4634 Dei
2749 4580 2889 4635 :sed
2924 4594 3147 4649 magna
3176 4585 3265 4635 est
3285 4577 3640 4643 differentia,

266 4664 412 4717 εἰκὼν
442 4670 590 4730 Θεοῦ,
623 4669 713 4716 καὶ
760 4661 892 4727 δόξα
929 4671 1061 4717 Θεοῦ
1100 4684 1113 4697 ο
1162 4661 1289 4714 ἀ)λά
1318 4661 1447 4714 πολύ
1502 4665 1559 4715 τὸ
1596 4659 1864 4737 διάφορον.

1799 4682 1864 4717 ον.
1899 4659 1944 4674 ³³
1981 4674 2035 4725 et
2068 4668 2253 4725 multa
2295 4669 2469 4724 variis
2498 4669 2557 4724 in
2599 4668 2741 4725 locis
2772 4669 2991 4725 similia
3020 4668 3421 4725 inveniuntur.

266 4759 367 4807 Καὶ
389 4754 549 4806 πολλά
573 4752 841 4825 πολλαχοῦ
863 4761 1097 4808 τοιαῦτα.

334 4844 391 4897 Ὀ
435 4876 498 4886 --
532 4864 619 4917 με.
674 4843 783 4895 Οὐκ
831 4843 978 4917 ἀρκεῖ
1018 4846 1117 4917 γὰρ
1171 4846 1228 4897 τό
1280 4847 1421 4916 ἔχειν
1475 4844 1640 4907 αῦτάς
1691 4847 1865 4917 μόνον,

2052 4848 2217 4903 Vers.
2250 4851 2338 4904 2t.
2373 4849 2483 4915 Qui
2521 4879 2588 4891 --
2617 4864 2721 4905 me.
2750 4851 2950 4921 Neque
2968 4848 3127 4906 enim
3156 4847 3375 4904 sufﬁcit
3412 4863 3486 4904 ea
3515 4852 3640 4904 tan-

261 4934 391 4987 ἀλλά
418 4939 528 5009 χρὴ
561 4939 651 4987 καὶ
680 4941 842 4987 ποιεῖν
873 4933 1049 4995 αὐτοῖς.
1084 4934 1255 4987 Εἰπὼν
1305 4932 1365 4987 δε
1403 4942 1555 4987 τοῦτο
1602 4939 1694 4988 καὶ
1738 4939 1870 5010 πρό·-

2015 4955 2107 4994 um
2137 4938 2381 5004 habere,
2417 4939 2524 4994 sed
2555 4944 2612 4994 et
2636 4938 2828 4995 facere
2858 4939 2961 4995 illa
2981 4944 3227 5011 Oportet.
3258 4938 3405 4995 Cum
3436 4942 3637 4993 autem

262 5044 427 5100 τερον,
458 5024 591 5097 λέγει
634 5024 761 5077 αὐτὸ
792 5028 882 5076 καὶ
927 5031 1035 5089 νῦν,
1090 5022 1345 5097 ἐμφαίνων
1395 5027 1475 5077 ὅτι
1522 5033 1619 5086 τῆς
1656 5024 1866 5096 ἀγάπης

2016 5043 2092 5083 ,οε
2132 5027 2395 5099 primum
2418 5027 2679 5092 dixisset,
2711 5043 2870 5083 nunc
2910 5042 3148 5083 rursum
3182 5026 3513 5093 idemdicit,
3545 5042 3638 5081 os-

262 5115 422 5168 αῦτοῦ
454 5121 689 5188 σημεῖον,
730 5114 789 5166 οὗ
822 5116 880 5166 τό
913 5112 1126 5186 ἀθυμεῖν
1164 5113 1249 5167 ἐπὶ
1279 5122 1350 5185 τῷ
1376 5122 1637 5189 χωρισμῷ
1666 5115 1825 5169 αὐτοῦ
1851 5137 1863 5150 ·

2015 5116 2228 5172 andens
2251 5116 2416 5189 quod
2439 5117 2772 5173 dilectionis
2789 5116 2978 5189 ipsius
3008 5116 3247 5187 signum
3266 5130 3391 5172 non
3411 5119 3502 5172 est
3530 5114 3637 5172 do-

257 5212 410 5258 τοῦτο
437 5207 540 5278 γὰρ
573 5201 770 5267 δειλίας
792 5202 984 5277 μᾶλλόν
1016 5202 1155 5257 ἔστιν
1184 5225 1196 5238 ο
1234 5202 1362 5257 ἀλλὰ
1388 5208 1444 5257 τὸ
1476 5205 1756 5277 φυλάσσειν
1777 5209 1865 5266 τὰς

2015 5221 2096 5262 ire
2124 5206 2200 5263 de
2226 5207 2601 5279 separatione
2634 5207 2795 5279 ejus;
2833 5222 2971 5262 nam
2992 5205 3054 5261 id
3084 5204 3413 5261 timiditatis
3443 5204 3637 5277 potius

259 5293 469 5356 ἐντολὰς
496 5294 653 5347 αὐτοῦ
664 5337 675 5348 .

1978 5300 2087 5355 est.
2132 5296 2234 5352 sed
2267 5300 2563 5368 praecepta
2607 5297 2737 5368 ejus
2774 5310 3026 5351 servare.

330 5383 391 5437 Ὀ
442 5415 510 5424 -
575 5383 750 5438 αὐτόν.
818 5387 919 5437 Καὶ
983 5385 1083 5455 ἐγὼ
1134 5386 1202 5445 ὡς
1269 5386 1400 5456 μετά
1465 5388 1523 5438 τὸ
1577 5385 1865 5444 ἀναστῆναι

2050 5388 2209 5442 Vers.
2243 5391 2335 5444 2t.
2378 5388 2485 5452 Qui
2515 5417 2583 5426 —
2624 5403 2772 5444 eum.
2804 5386 2870 5441 Et
2894 5401 3026 5456 ego,
3060 5390 3351 5456 tanquam
3378 5388 3512 5455 post
3546 5399 3638 5440 re-

260 5474 632 5535 ἀποκαταστάς
679 5473 753 5537 εἰς
792 5476 849 5526 τὸ
885 5477 1132 5549 πρότερον
1180 5471 1401 5547 ἀξίωμα.
1453 5472 1592 5550 Ὀρα
1634 5472 1693 5528 δὲ
1744 5478 1866 5529 θαυ-

2010 5476 2405 5533 urrectionem
2450 5492 2511 5533 in
2542 5476 2858 5550 pristinam
2906 5476 3209 5554 restitutus
3250 5472 3632 5544 dignitatem.

1487 5653 1714 5724 Variae
1738 5652 2069 5726 lectiones
2097 5664 2164 5723 et
2194 5664 2399 5725 notae.

336 5848 447 5921 (12)
475 5847 703 5908 Ἀποθνή
714 5866 870 5915 enim,
906 5854 970 5904 Δ.
