4108 6394
509 347 639 403 1403

1842 339 2187 396 EUTHYMII
2240 338 2575 397 ZIGABENI

3753 350 3898 407 1404

505 475 829 532 Considera
861 490 997 531 vero
1036 471 1527 547 consequentiam
1571 466 2010 527 admirabilem.
2055 468 2139 533 Qu

2274 472 2483 539 μαστὴν
2522 466 2832 523 ἀκολουθίαν
2864 487 2875 500 ⁸
2904 468 2963 524 Ὀ
3003 480 3171 547 τηρῶν
3214 475 3303 537 τὰς
3345 471 3546 537 ἐντολάς
3574 496 3701 549 μου,
3732 484 3891 551 φησι,

505 570 721 635 servat,
742 566 955 638 inquit,
979 570 1278 638 praecepta
1302 579 1455 628 mea,
1478 560 1807 631 diligitme:
1842 557 1941 629 qui
1961 562 2161 612 autem

505 655 696 726 diligit
723 671 837 719 me,
862 654 1126 724 diligitur
1155 672 1187 709 ιι
1220 655 1385 709 Patre
1416 668 1546 709 meo
1582 666 1795 723 gquem
1832 663 1964 702 vero
1998 649 2165 701 Pater

506 745 790 807 dilexerit,
824 750 879 800 et
910 761 1016 813 ego
1050 744 1295 799 omnino
1336 744 1602 814 diligam,
1634 744 1831 811 utpote
1861 736 2162 792 ambobus

505 835 718 891 eadem
750 840 804 888 et
840 833 1175 889 volentibus
1208 837 1265 887 et
1295 830 1776 903 suscipientibus.

579 927 731 979 Vers.
766 926 852 978 2!.
888 924 962 979 Et
1003 955 1069 963 -—
1102 924 1399 991 meipsum.
1434 920 1734 976 Interdum
1769 918 2013 991 quidem
2056 917 2162 971 hu-

508 1030 686 1069 mano
706 1030 889 1078 more,
915 1016 1284 1085 quandoque
1304 1028 1442 1068 vero
1456 1012 1661 1067 divino
1678 1010 2010 1083 splendore.
2041 1006 2159 1062 Hoc

498 1108 696 1159 autem
719 1103 971 1158 audiens
990 1103 1170 1158 Judas
1192 1102 1418 1168 Jacobi,
1448 1101 1545 1172 qui
1575 1107 1632 1156 et
1655 1099 1900 1157 Lebteus
1919 1097 2159 1154 diceba-

498 1198 591 1247 tur
619 1198 677 1247 et
706 1193 1032 1249 Tbaddaaus
1079 1193 1328 1265 putavit,
1360 1191 1522 1263 quod
1556 1190 1739 1245 veluti
1793 1189 2010 1245 mortui
2053 1204 2157 1242 sae-

496 1282 626 1354 pius
658 1283 901 1346 faciunt,
932 1283 991 1338 in
1024 1282 1275 1338 somniis
1302 1281 1794 1337 manifestaturus
1818 1284 1971 1334 esset
2003 1278 2155 1349 seip-

493 1389 628 1427 sum
663 1373 959 1445 :ideoque
989 1372 1283 1438 turbatus,
1319 1387 1441 1427 non
1489 1375 1581 1427 est
1619 1386 1802 1426 ausus
1833 1368 2151 1439 explicare,

490 1462 652 1534 quod
676 1461 936 1527 volebat,
960 1466 1106 1533 puta
1135 1477 1148 1516 :
1177 1461 1278 1517 Hei
1308 1460 1500 1525 nobis,
1527 1460 1671 1531 quia
1695 1458 1979 1523 morieris,
2012 1462 2068 1513 et
2092 1457 2153 1512 in

492 1550 744 1607 modum
786 1553 1004 1607 mortui
1055 1550 1531 1607 manifestandus
1562 1566 1643 1618 es,
1680 1550 1782 1605 sed
1814 1550 1931 1605 alio
1973 1548 2151 1604 modo

490 1656 597 1712 per
622 1641 1146 1711 interrogationem
1179 1656 1351 1696 suam
1372 1639 1626 1696 ostendit
1658 1638 2075 1695 turbationem.

558 1731 725 1786 Vers.
760 1736 846 1785 2'2.
897 1732 1051 1787 Dicit
1106 1762 1174 1772 —-
1213 1730 1428 1785 mundo
1479 1730 1505 1785 ?
1566 1729 1707 1794 Quid
1736 1728 1960 1784 factum
2002 1732 2095 1783 est
2124 1728 2151 1783 ?

488 1822 742 1891 graviter
770 1820 1009 1875 ferentis
1031 1825 1117 1876 est
1146 1836 1215 1875 ac
1248 1820 1487 1875 turbati.
1525 1818 1671 1885 Quid
1706 1819 1940 1885 accidit,
1984 1817 2149 1891 quod

488 1910 661 1966 nobis
697 1910 1162 1966 mamfestandus
1186 1926 1250 1965 es
1273 1910 1333 1966 in
1364 1909 1631 1974 somniis,
1686 1916 1740 1963 et
1772 1926 1889 1965 non
1920 1911 2148 1966 mundo

487 2006 775 2057 consueto
806 2017 970 2057 more
990 1999 1018 2055 Ῡ
1044 2017 1185 2055 nam
1216 2001 1361 2073 quia
1392 2000 1677 2055 nolebant
1702 2006 1765 2055 ut
1797 2007 2145 2069 moreretur,

484 2088 904 2147 admirandam
930 2107 999 2145 ac
1015 2090 1395 2161 desperatam
1414 2089 1711 2160 putabant
1727 2100 1974 2146 mortem
1993 2092 2041 2162 ej
2055 2108 2145 2146 us.

559 2180 723 2234 Vers.
753 2185 840 2236 23.
877 2180 1194 2249 Respondit
1222 2210 1290 2220 —
1312 2181 1628 2249 faciemus.
1650 2210 1705 2222 —
1735 2181 1832 2236 Ad
1861 2197 2014 2248 eum,
2045 2182 2147 2254 qui

484 2283 577 2323 me
609 2268 814 2338 diligit,
851 2285 961 2339 ego
994 2273 1050 2324 et
1088 2270 1253 2324 Pater
1282 2271 1595 2337 veniemus,
1623 2269 1737 2326 hoc
1786 2275 1890 2335 est,
1927 2272 2008 2325 ita
2045 2286 2149 2343 ap-

482 2359 831 2431 parebimus
863 2360 1014 2415 sicut
1044 2360 1213 2415 Pater
1244 2376 1434 2424 meus,
1478 2366 1529 2413 et
1560 2376 1681 2415 non
1728 2360 1879 2415 sicut
1910 2361 2145 2425 mortui,

481 2455 538 2505 et
551 2449 905 2505 mansionem
922 2449 1088 2517 apud
1101 2464 1232 2504 eum
1252 2448 1537 2516 faciemus
1558 2466 1573 2503 :
1599 2464 1759 2503 more
1773 2449 1830 2504 di
1841 2449 1975 2505 vino
2000 2449 2056 2505 in
2077 2466 2147 2506 eo

480 2537 844 2604 habitantes,
869 2536 1035 2613 quod
1075 2538 1448 2595 somniorum
1481 2554 1603 2594 non
1636 2544 1740 2594 est.

557 2717 719 2773 Vers.
742 2720 830 2773 24.
862 2718 975 2786 Qui
1007 2749 1070 2758 —
1090 2718 1306 2774 Patris.
1337 2717 1618 2786 Ostendit,
1650 2718 1882 2790 quodis
1904 2720 2008 2792 qui
2029 2736 2146 2775 ser-

489 2823 699 2863 mones
729 2824 871 2863 suos
900 2824 1019 2863 non
1039 2813 1255 2872 servat,
1292 2824 1399 2863 nec
1432 2825 1513 2873 se,
1551 2824 1659 2864 nec
1676 2810 1905 2865 Patrem
1932 2809 2142 2880 diligit.

486 2897 578 2953 Ait
602 2897 780 2953 enim:
818 2897 930 2963 Qui
954 2914 1072 2953 non
1112 2898 1300 2969 diligit
1327 2913 1437 2960 me,
1484 2914 1777 2955 sermones
1821 2914 1975 2955 meos
2025 2916 2143 2955 non

483 2993 695 3044 servat.
725 2989 866 3053 Qum
888 2994 1088 3045 autem
1111 2988 1268 3057 dico,
1300 3004 1423 3044 non
1456 3004 1589 3043 mea
1618 2995 1776 3057 sunt,
1816 2990 1921 3044 sed
1966 2990 2144 3045 Patris

485 3078 622 3133 mei.
661 3081 880 3149 Itaque,
906 3080 1008 3151 qui
1040 3095 1208 3135 meos
1248 3094 1369 3134 non
1411 3084 1602 3134 servat
1652 3095 1979 3145 sermones,
2033 3096 2143 3137 nec

486 3167 668 3223 Patris
694 3176 887 3225 servat
914 3184 1219 3225 sermones
1249 3185 1260 3224 :
1296 3168 1398 3239 qui
1428 3184 1566 3223 vero
1592 3169 1777 3224 Patris
1797 3184 1920 3223 non
1948 3175 2139 3226 servat

2265 3176 2432 3241 tor/66;
2484 3178 2575 3222 τοῦ
2632 3174 2878 3242 Πατρός·

484 3272 1019 3331 sermones,neque
1032 3260 1257 3314 Patrem
1277 3257 1793 3331 diligit,siquidem
1810 3258 2140 3315 dilectionis

483 3346 723 3415 signum
777 3352 865 3403 est
920 3348 1255 3404 observatio
1304 3351 1765 3418 praeceptorum.
1822 3349 2140 3416 Quomodo

483 3441 684 3492 autem
739 3452 957 3500 sermo,
1020 3453 1198 3509 quem
1248 3436 1524 3509 loquitur,
1594 3436 1665 3492 sit
1720 3438 1848 3508 ejus
1910 3444 1965 3494 et
2016 3455 2139 3494 non

484 3524 556 3580 sit
584 3526 733 3596 ejus,
764 3526 887 3596 jam
912 3527 1317 3598 praediximus.
1352 3526 1569 3581 Verum
1599 3526 1740 3598 quia
1766 3526 2010 3591 sciebat,
2038 3544 2138 3583 eos

482 3614 757 3684 quaedam
776 3632 896 3671 non
918 3616 1330 3686 intelligere,in
1344 3615 1713 3687 quibusdam
1741 3623 1941 3672 autem
1959 3617 2139 3673 etiam

482 3704 780 3769 dubitare,
814 3706 1095 3777 promittit
1139 3712 1195 3759 et
1226 3722 1437 3761 eorum
1487 3722 1625 3777 quin
1666 3706 2047 3778 ignorabant,
2084 3712 2140 3762 et

484 3808 692 3849 eorum
722 3794 796 3850 de
826 3794 1048 3867 quibus
1079 3795 1489 3863 ambigebant,
1524 3795 1993 3865 intelligentiam.

552 3883 717 3938 Vers.
746 3884 835 3939 25.
860 3884 1003 3942 Haec
1038 3915 1101 3923 —
1128 3900 1402 3940 manens.
1440 3916 1487 3925 -
1520 3885 1675 3951 Haec,
1710 3901 1843 3956 quae
1878 3885 2140 3941 obscura

481 3970 773 4027 videntur.
807 3972 1042 4028 Addidit
1066 3980 1267 4029 autem
1294 3974 1500 4042 :Apud
1536 3990 1631 4030 vos
1654 3990 1913 4039 manens,
1960 3975 2134 4030 etiam

481 4060 621 4116 hinc
646 4061 969 4118 ostendens
1017 4063 1179 4135 quod
1214 4064 1395 4135 paulo
1428 4071 1563 4135 post
1593 4064 1719 4120 abit
1757 4065 1834 4119 ad
1879 4066 2133 4121 Patrem.

553 4150 709 4206 Vers.
752 4156 838 4207 26.
870 4151 1213 4209 Paracletus
1244 4159 1435 4209 autem
1469 4184 1537 4192 —-
1568 4154 1777 4209 omnia.
1808 4155 1947 4219 Quae
1978 4154 2136 4209 vide-

479 4239 615 4295 licet
651 4240 729 4297 ad
759 4257 862 4296 vos
902 4246 1171 4312 spectant
1196 4242 1324 4313 (jj).
1350 4242 1597 4298 Nomine
1648 4259 1772 4299 meo
1817 4250 2040 4309 autem,
2075 4244 2133 4299 id

477 4334 570 4387 est
602 4334 664 4386 ut
684 4330 778 4386 hic
801 4347 896 4387 me
912 4331 1146 4401 referat,
1170 4332 1389 4388 etmeis
1406 4331 1690 4403 fungatur
1714 4333 1963 4389 vicibus.
1987 4334 2131 4389 Nam

474 4419 619 4491 quia
647 4419 777 4491 ipse
803 4420 1103 4491 completa
1132 4420 1581 4492 dispensatione
1615 4422 1881 4478 ascendit
1915 4424 1991 4477 ad
2025 4424 2135 4480 Pa-

476 4514 647 4575 trem,
671 4508 970 4581 reliquum
993 4515 1122 4565 erat
1162 4510 1368 4566 utloco
1394 4512 1523 4581 ejus
1549 4510 1934 4567 descenderet
1960 4513 2135 4584 Spiri-

477 4603 572 4652 tus
600 4605 864 4664 sanctus,
892 4616 965 4656 ne
996 4600 1360 4667 Paracletus,
1413 4601 1530 4656 sive
1572 4602 1930 4671 exhortator,
1965 4604 2134 4659 nobis

474 4686 771 4753 deﬁceret,
803 4688 949 4744 sicut
980 4689 1063 4744 ait
1084 4689 1402 4759 Gregorius
1436 4690 1788 4761 Theologus.

550 4775 613 4831 Et
634 4792 820 4848 quare
848 4784 984 4833 tunc
1024 4794 1143 4834 non
1158 4779 1380 4847 docuit,
1402 4781 1629 4853 quaead
1656 4781 1785 4837 illos
1808 4781 1934 4851 (kA)
1962 4782 2133 4853 perti-

475 4866 703 4923 nebant
722 4866 750 4922 ?
769 4868 916 4934 Quia
934 4868 1191 4941 amplius
1216 4869 1366 4926 ferre
1392 4888 1513 4927 non
1544 4876 1836 4943 poterant,
1873 4872 2023 4929 sicut
2045 4872 2131 4929 di-

474 4963 566 5012 cet
596 4955 656 5012 in
686 4957 1099 5029 sequentibus.

550 5045 708 5103 Vers.
744 5048 835 5103 26.
868 5048 945 5104 Et
974 5080 1041 5088 —
1111 5048 1289 5105 vobis.
1325 5048 1640 5107 Perfectius
1669 5051 1744 5107 ad
1777 5052 2132 5109 memoriam

2275 555 2456 628 ἀγαπᾴ
2482 578 2546 630 με
2579 580 2591 592 ·
2640 561 2665 611 6
2708 556 2766 612 δὲ
2807 559 3020 631 ἀγαπῶν
3070 582 3151 635 με,
3206 562 3609 635 ἀγαπηθήσεται
3656 568 3755 618 ὑπὸ
3795 576 3891 620 τοῦ

2276 654 2479 722 Πατρός
2511 669 2608 720 μου
2646 666 2656 677 ·
2692 649 2745 700 ὃν
2787 647 2845 702 δὲ
2888 649 3206 724 ἀγαπήσειό
3252 659 3430 727 Πατήρ
3471 676 3590 727 μου,
3644 662 3732 709 καὶ
3783 660 3888 729 ἐγὼ

2274 736 2534 807 ἀγαπήσω
2579 740 2873 803 πάντως,ὠς
2906 739 3203 817 ἀμφοτέρων
3234 746 3300 795 τά
3337 744 3472 796 αὐτά
3507 745 3748 798 θελόντων
3792 752 3887 798 καὶ

2274 824 2695 901 ἀποδεχομένων.

2347 925 2445 973 Καὶ
2498 951 2565 958 -
2622 922 2863 991 ἐμαυτόν.
2923 925 3051 975 [Ιοτε
3100 925 3188 994 μὲν
3239 922 3707 999 ἀνθρωποπρεπῶς,
3752 931 3879 979 ποτε

2272 1004 2329 1061 δὲ
2373 1006 2446 1060 δι’
2500 1008 2817 1081 ἐλλάμῷεως.
2870 1018 3033 1063 Τοῖτο
3083 1009 3142 1064 δὲ
3185 1011 3415 1074 ἀκούσας
3446 1010 3647 1075 Ἰούδας
3694 1017 3718 1067 ό
3771 1016 3884 1070 Ἰα-

2266 1098 2438 1151 κωϐου
2470 1100 2494 1152 6
2525 1104 2609 1153 καὶ
2656 1098 2905 1163 Λεϐϐαῖος
2938 1102 3055 1173 (13)
3093 1108 3184 1155 καὶ
3215 1099 3491 1164 Θαδδαῖος
3541 1103 3876 1177 καλούμενος,

2266 1192 2497 1260 ἐνόμισεν
2581 1192 2682 1259 ότι,
2752 1191 2821 1251 ὡς
2871 1193 2920 1243 οἱ
2972 1196 3143 1266 νεκροὶ
3220 1192 3467 1255 πολλάκις
3532 1196 3578 1245 ἐν
3643 1194 3878 1269 ὀνείροις,

2903 1285 2989 1332 Διό

2265 1388 2403 1439 μησι
2459 1373 2549 1441 μὲν
2600 1369 2756 1422 εἰπεῖν
2821 1370 2845 1422 ὃ
2895 1370 3150 1438 ἐϐούλετο,
3204 1370 3310 1424 οἷον
3383 1373 3518 1425 Οὐαὶ
3592 1371 3731 1447 ὑμῖν,
3798 1377 3881 1427 ὅτι

2265 1280 2533 1352 ἓμφανίσει
2618 1280 2816 1334 ἑαυτόν.
2903 1285 2989 1332 Διό
3081 1286 3170 1334 καὶ
3248 1285 3538 1355 συγχυθεὶς
3595 1285 3689 1337 οὐκ
3740 1284 3883 1338 ἐτόλ-

2266 1458 2633 1526 ἀποθνὴσκεις,
2734 1463 2822 1511 καὶ
2904 1467 3084 1535 νεκροῦ
3194 1467 3383 1533 τρόπον
3498 1461 3881 1535 ἐμφανίζεσθαι

2263 1548 2479 1621 μελλεις,
2512 1549 2686 1621 ἑτέρως
2727 1544 2785 1601 δε
2818 1546 2893 1601 δι’
2920 1552 3217 1625 ἐρωτήσεως
3243 1556 3333 1610 τὴν
3364 1554 3629 1624 σύγχυσιν
3654 1555 3884 1627 ὑποφαί-

2262 1659 2356 1696 νει.

2336 1734 2491 1799 Λέγει
2521 1760 2586 1770 -
2618 1734 2797 1801 κόσμῳ
2826 1748 2839 1797 ;
2873 1732 2962 1794 Τὸ,
2995 1734 3058 1781 Τί
3087 1733 3296 1802 γέγονε;
3334 1727 3719 1805 δυσφοροῦντός
3761 1730 3881 1786 ἐστι

2192 1814 2235 1868 Β
2264 1824 2351 1870 καὶ
2374 1823 2749 1891 συγχεομένου.
2793 1825 2855 1871 Τί
2886 1818 3206 1891 συμϐέϐηκεν
3238 1823 3317 1873 ότι
3347 1823 3470 1893 ἡμῖν
3503 1824 3791 1895 ἐμφανισθὴ
3806 1842 3873 1896 σῃ

2263 1912 2311 1960 ὲν
2338 1908 2570 1982 ὀνείροις,
2602 1913 2687 1960 καὶ
2726 1908 2852 1980 οὐχὶ
2884 1918 2954 1978 τῷ
2993 1916 3175 1981 κόσμῳ
3214 1912 3484 1977 συνήθως
3519 1911 3617 1963 ὑπὸ
3647 1912 3749 1984 γὰρ
3781 1920 3876 1963 τοῦ

2260 2005 2331 2071 μὴ
2360 1999 2515 2052 θέλειν
2550 2002 2630 2051 ἶνα
2659 2000 2891 2072 ἀποθάνῃ
2928 1996 3227 2073 παράδοξον
3258 2006 3346 2054 καὶ
3375 1999 3680 2055 ἀνέλπιστον
3708 2007 3873 2073 ᾤοντο

2259 2096 2345 2143 τόν
2379 2092 2593 2143 θάνατον
2617 2090 2796 2145 αὐτοῦ.

2332 2179 2614 2250 Ἀπεκρίθη
2688 2212 2737 2220 -
2817 2186 3125 2253 ποιήσομεν.
3206 2184 3337 2255 Πρός
3421 2183 3504 2233 τόν
3584 2180 3872 2253 ἀγαπῶντά

2259 2290 2321 2341 με
2374 2273 2473 2341 ἐγὼ
2530 2276 2619 2322 καὶ
2678 2271 2701 2321 ό
2776 2275 2955 2345 Πατήρ
3029 2291 3128 2343 μου
3194 2271 3522 2344 ἐλευσόμεθα,
3574 2276 3868 2335 τουτέστιν,

2259 2358 2417 2419 οὕτως
2471 2361 2930 2432 ὶμφανισθὴοομαι
2979 2364 3047 2423 ὡς
3101 2363 3126 2412 6
3186 2366 3364 2433 Πατήρ
3422 2381 3545 2433 μου,
3613 2366 3703 2413 καὶ
3760 2361 3870 2433 οὐχ

2260 2450 2323 2507 ὡς
2373 2452 2420 2499 οί
2477 2454 2664 2520 νεκροί.
2748 2455 2846 2503 Καὶ
2910 2454 3070 2522 μόνην
3143 2449 3263 2522 παρ’
3343 2451 3483 2521 αὖτῴ
3556 2455 3867 2523 ποιήσομεν,

2259 2538 2517 2601 οἰκοῦντες
2574 2550 2620 2591 εν
2684 2540 2824 2611 αὐτῷ
2879 2543 3187 2614 θεοπρεπῶς,
3247 2543 3368 2615 ὅπερ
3431 2541 3702 2617 ὀνειράτων
3772 2542 3869 2594 οὐκ

2259 2630 2417 2682 ἔστιν.

2327 2715 2385 2768 Ὀ
2440 2748 2503 2757 -
2555 2724 2776 2791 Πατρός.
2835 2716 3235 2773 Ἀποὸείκνυσιν
3293 2723 3375 2772 ὅτι
3430 2721 3454 2771 ό
3512 2722 3628 2780 τοὺς
3682 2719 3868 2792 λόγους

2258 2809 2417 2859 αὐτοῦ
2448 2812 2519 2880 μὴ
2565 2817 2753 2881 τηρῶν,
2789 2813 2904 2862 οὔτε
2959 2809 3114 2862 αὐτὸν
3146 2808 3329 2881 ἀγαπᾴ
3358 2813 3475 2862 οὔτε
3515 2813 3601 2862 τὸν
3638 2814 3863 2885 Πατέρα.

2258 2902 2413 2968 Λέγει
2472 2901 2594 2972 γάρ,
2665 2902 2744 2951 ὅτι
2813 2898 2870 2951 Ὀ
2937 2904 3008 2971 μὴ
3082 2898 3293 2970 ἀγαπῶν
3370 2918 3435 2971 με
3503 2903 3622 2960 τοὺς
3682 2899 3867 2971 λόγους

2255 3010 2355 3062 μου
2409 2990 2466 3041 οὗ
2518 2998 2662 3063 τηρεῖ
2692 3008 2702 3019 ·
2764 2990 2798 3041 ἃ
2850 2986 2907 3041 δὲ
2952 2990 3082 3060 λέγω
3138 2993 3232 3042 οὔκ
3279 2990 3408 3043 sicis
3458 2992 3574 3063 ἐμά,
3610 2988 3736 3041 ἀλλά
3770 2999 3862 3042 τοῦ

2255 3084 2459 3152 Πατρός
2487 3101 2497 3111 ·
2533 3085 2603 3151 μὴ
2635 3090 2804 3151 τηρῶν
2834 3076 2891 3132 δὲ
2942 3084 3060 3141 τοὺς
3090 3080 3271 3151 λόγους
3302 3099 3422 3151 μου,
3458 3080 3516 3132 οὐ
3549 3088 3695 3152 τηρεῖ
3740 3086 3865 3143 τοὺς

2928 3175 2998 3241 μὴ
3051 3178 3218 3242 τηρῶν
3267 3166 3325 3222 δὲ
3373 3173 3490 3231 τοὺς
3536 3169 3720 3241 λόγους
3773 3179 3862 3222 τοῦ

2254 3265 2477 3332 Πατρός,
2555 3256 2677 3312 οὐδὲ
2734 3264 2819 3311 τόν
2886 3264 3089 3331 Πατέρα
3150 3257 3344 3329 ἀγαπᾷ.
3401 3264 3691 3331 Τεκμήριον
3757 3262 3860 3333 γὰρ

2254 3350 2365 3421 (14)
2410 3348 2617 3420 ἀγάπης
2668 3352 2695 3407 ἡ
2730 3355 2949 3421 τήρησις
2990 3358 3088 3400 τῶν
3141 3347 3372 3402 ἐντολῶν.
3418 3355 3527 3408 Πῶς
3560 3346 3618 3401 δε
3656 3349 3863 3420 όλογος

2252 3439 2305 3491 ὃν
2335 3438 2469 3510 λέγει
2499 3445 2588 3491 καὶ
2637 3438 2795 3491 αὐτοῦ
2828 3438 2965 3503 ἐστι,
2994 3442 3082 3489 καὶ
3130 3437 3222 3489 οὐκ
3270 3440 3406 3489 ἔστιν
3447 3437 3629 3503 αὐτοῦ,
3680 3458 3864 3512 προει-

2252 3534 2500 3600 ρήκαμεν.
2565 3528 2700 3581 Ἐπεὶ
2760 3524 2818 3579 δὲ
2876 3530 3150 3597 ἐγίνωσκεν
3209 3526 3399 3589 αὐτοὺς
3450 3530 3567 3578 τινά
3639 3530 3729 3599 μὲν
3786 3534 3857 3600 μὴ

2254 3623 2541 3680 συνιέντας,
2574 3620 2623 3671 ἓν
2672 3637 2785 3669 τισι
2824 3614 2881 3669 δε
2910 3622 2999 3669 καὶ
3045 3615 3473 3689 ἀμφιϐάλλοντας,
3520 3618 3864 3688 ὑπισχνεῖται

2251 3711 2339 3758 καὶ
2372 3711 2464 3765 τὴν
2495 3716 2593 3758 τῶν
2640 3705 2991 3779 ἀγνοουμένων
3024 3711 3111 3758 καὶ
3142 3710 3234 3764 τὴν
3266 3715 3363 3757 τῶν
3406 3703 3863 3779 ἀμφιϐαλλομένων

2254 3792 2629 3849 διδασκαλίαν.

2321 3893 2497 3937 Ταῦτα
2529 3918 2595 3925 -—
2622 3889 2803 3957 μένων.
2838 3892 3036 3951 Ταῦτα,
3067 3888 3129 3937 τά
3162 3880 3418 3936 δοκοῦντα
3461 3883 3635 3957 ἀσαφῆ
3669 3905 3680 3916 ·
3715 3889 3773 3937 τό
3804 3882 3863 3939 δὲ

2252 3973 2381 4048 Παρ’
2414 3977 2533 4047 ὑμῖν
2555 3980 2715 4047 μένων
2738 3977 3078 4046 προσέθηκεν,
3098 3977 3351 4047 ἐμφαίνων
3376 3973 3641 4027 κάνταῦθα
3666 3976 3745 4027 ὅτι
3770 3984 3861 4028 τοῦ

2247 4064 2430 4117 λοιποῦ
2462 4066 2640 4117 ἄπεισι
2672 4069 2800 4137 πρὸς
2832 4068 2917 4116 τόν
2952 4069 3173 4139 Πατέρα.

2318 4154 2375 4205 ’0
2435 4151 2492 4207 δὲ
2540 4154 2877 4229 Παράκλητος
2957 4186 3024 4193 -
3078 4156 3267 4209 πάντα.
3328 4156 3404 4205 Τά
3460 4157 3861 4229 προσιστάμενα

2248 4246 2368 4315 ὑμῖν
2444 4240 2676 4302 δηλαδή.
2746 4248 2814 4296 Τὸ
2875 4240 2951 4304 δὲ,

2246 4333 2353 4386 ἀντ’
2404 4332 2547 4406 ἐμου,
2606 4339 2849 4406 σημαίνει
2908 4332 3148 4388 ἐνταῦθα.
3196 4334 3336 4387 Ἐπεὶ
3388 4336 3489 4406 γὰρ
3543 4333 3694 4393 αὐτὸς
3725 4333 3856 4391 πλη-

3031 4243 3113 4295 Ἐν
3186 4252 3256 4314 τῷ
3316 4243 3529 4315 ὀνόματί
3584 4263 3707 4316 μου,
3774 4246 3853 4304 τό,

2244 4430 2422 4499 ρωσας
2492 4428 2585 4481 τήν
2656 4428 2948 4495 οἰκονομίαν
3018 4422 3200 4481 ἀνῆλθε
3273 4426 3400 4494 πρὸς
3457 4426 3542 4474 τόν
3627 4428 3849 4495 Πατέρα,

2244 4514 2420 4567 λοιπόν
2467 4514 2572 4566 ἀντ’
2629 4514 2787 4566 αὑτοῦ
2836 4513 3060 4572 κατῆλθε
3103 4517 3160 4565 τό
3210 4520 3415 4585 Πνεῦμα
3453 4516 3511 4565 τό
3561 4512 3726 4583 οἷγιον,
3774 4514 3856 4563 ἱνα

2248 4604 2589 4676 Παράκλητος
2636 4606 2759 4673 ἡμῖν
2808 4608 2875 4676 μὴ
2912 4603 3085 4676 λείπῃ,
3134 4605 3303 4663 καθὼς
3349 4622 3508 4675 φησιν
3550 4601 3575 4653 ὁ
3608 4602 3855 4672 Θέολόγος

2170 4678 2215 4732 Ῑ)
2246 4699 2552 4769 Γρηγόριος.

2322 4790 2418 4838 Καὶ
2470 4781 2615 4836 διατί
2680 4784 2773 4836 οὐκ
2826 4783 2979 4844 αὐτὸς
3028 4778 3239 4844 ἐδίδαξε
3287 4785 3402 4834 τότε
3452 4784 3517 4833 τά
3564 4784 3858 4855 προσιστά-

2244 4892 2406 4947 ptem;
2442 4879 2581 4928 Διότι
2606 4874 2700 4927 οὐκ
2726 4870 2980 4932 ἠδύναντο
3010 4872 3298 4945 βαστάζειν
3337 4872 3529 4939 πλεῖον,
3560 4875 3626 4935 ὡς
3658 4877 3853 4946 προῖὼν

2246 4965 2369 5038 ἐρεῖ.

2320 5060 2419 5107 Καὶ
2478 5086 2541 5093 ——
2598 5054 2736 5126 ὑμῖν.
2797 5053 3109 5125 Ἀναμνὴσει
3163 5052 3459 5128 τελεώτερον
3521 5052 3856 5125 τελεωτέρους

1684 5248 1907 5318 Variaa
1954 5251 2284 5321 lectiones
2332 5263 2397 5319 et
2439 5262 2640 5319 notae.

545 5468 661 5541 (13)
701 5467 923 5531 Λιϐαἵος
958 5468 1027 5527 Α.

545 5648 645 5719 (Ῑῇ
685 5647 899 5732 Αιίνυοδ
954 5653 1241 5732 spectant.
1280 5651 1362 5732 ςΓὰ
1399 5650 1821 5732 προσιστάμενάι
1850 5671 1950 5732 τινι
1988 5656 2129 5732 sunt

474 5736 545 5777 ea
570 5735 706 5793 quae
737 5719 1180 5793 aliquemmale
1199 5719 1593 5793 habent,'qum
1625 5719 1678 5777 ei
1705 5722 1954 5779 molesta
1967 5730 2126 5787 sunt,

474 5794 535 5849 in
557 5790 777 5867 quibus
802 5790 1069 5849 offendit.
1102 5794 1284 5865 Ergo,
1323 5810 1420 5851 vos
1448 5790 1782 5865 oﬂendunt.

2310 5475 2423 5546 (M)
2456 5477 2535 5541 Δί,
2569 5490 2680 5549 pro
2709 5476 2836 5548 γὰρ,
2870 5478 2936 5532 Α.

2241 5730 2259 5781 ι
2311 5654 2436 5725 (kk)
2477 5655 2618 5721 Quae
2649 5655 2730 5712 ad
2775 5654 2932 5721 illos,
2975 5655 3054 5709 Ea
3085 5653 3145 5711 in
3184 5654 3407 5727 quibus
3462 5652 3858 5712 oﬁ‘endeban-

2266 5742 2355 5781 ur.

2266 5742 2355 5783 lll‘.
