4108 6442
296 398 445 457 1405

1292 389 1663 450 COMMENT.
1707 389 1777 446 IN
1805 388 2145 447 JOANNEM.
2194 422 2255 434 --
2297 391 2453 451 CAP.
2498 395 2641 454 XIV.

3548 383 3684 457 1466

292 527 623 600 γενομένους.
704 521 877 598 [Εἰκὸς
947 520 1063 593 (15)
1151 521 1249 595 γὰρ
1323 518 1512 580 αύτούς
1570 516 1897 571 ἐπιλαθέσθαι

2028 519 2267 577 reducet
2305 522 2414 596 (ιιι-ἰ-
2456 524 2907 596 perfectioribus
2937 525 3152 599 factis).
3184 528 3335 581 Nam
3366 520 3684 580 verisimile

294 638 476 671 τινων.

378 705 605 779 Εἰρήνην
664 701 857 776 ἀφίημι
887 704 1033 775 ὑμῖν,
1090 703 1154 753 Oi
1184 703 1273 773 μὲν
1304 699 1450 751 ἄλλοι
1479 699 1746 764 ἄνθρωποι
1789 696 1915 749 ἀπο-

298 799 619 856 θνήσκοντες
672 796 933 867 χρήματα
965 796 1056 843 καὶ
1086 795 1329 862 κτήματα
1355 795 1465 850 τοῖς
1513 788 1726 848 οἰκείοις
1757 785 1911 858 ἀφιᾶ-

298 906 391 938 σιν
426 906 437 918 ⁸
473 886 498 937 6
531 882 590 937 δὲ
616 887 842 959 Χριστὸς
881 882 1085 955 εἰρήνην
1112 887 1222 941 τοῖς
1254 875 1410 940 ἰδίοις
1434 876 1644 950 ἀφῆκεν,
1680 877 1909 951 εἰρήνην,

292 980 363 1029 τὸ
388 975 553 1047 γλυκύ
587 979 677 1026 καὶ
699 979 919 1047 πρᾷγμα
943 976 1030 1024 καὶ
1062 969 1490 1045 ὄνομαΕἰρήνην,
1515 971 1694 1040 φησὶν,
1720 966 1913 1039 ἀφίημι

293 1066 447 1138 ὑμῖν,
484 1065 565 1115 ἶνα
592 1062 886 1138 εἰρηνεύητε
918 1064 1047 1137 πρὸς
1070 1058 1317 1119 ἀλλήλους
1360 1057 1471 1128 (16)
1504 1061 1593 1108 καὶ
1617 1059 1748 1129 πρὸς
1771 1054 1858 1128 ἐμέ
1895 1070 1910 1085 ⁸

290 1158 397 1205 καὶ
440 1153 619 1205 λοιπὸν
653 1149 804 1204 οὐδὲν
840 1153 970 1224 ὑμᾶς
1018 1152 1047 1209 ἡ
1081 1156 1173 1201 τοῦ
1226 1153 1427 1220 κόσμου
1467 1150 1679 1221 ταραχή
1717 1143 1911 1218 βλάψει

292 1240 422 1296 οὐδ’
440 1238 739 1316 ἐμποδὶσει.

378 1333 598 1408 Εἰρήνην
622 1362 692 1371 -—-
718 1332 859 1403 ύμῖν.
896 1334 1001 1388 Τήν
1032 1327 1146 1402 ἐμοὶ
1185 1326 1533 1400 πεφιλημένην
1564 1330 1659 1383 τὴν
1689 1323 1772 1376 ἐπὶ
1800 1330 1908 1385 τοῖς

288 1422 690 1496 ψυχωγελέσιν,
726 1424 783 1473 ού
801 1424 894 1480 τὴν
918 1426 1009 1473 τοῦ
1035 1423 1236 1492 κόσμου
1262 1421 1357 1476 τὴν
1388 1416 1472 1469 ἐπὶ
1496 1422 1607 1477 τοῖς
1626 1412 1904 1486 ψυχοϐλα-

288 1510 468 1568 ϐέσιν.

344 1691 450 1743 ’ού
482 1723 549 1731 -
575 1692 717 1763 ὑμῖν.
780 1689 838 1743 Ὀ
896 1708 986 1763 μιν
1015 1691 1115 1761 γὰρ
1157 1690 1370 1760 κόσμος,
1405 1690 1568 1758 ἤγουν
1599 1687 1647 1738 οἱ
1675 1686 1907 1757 κοσμικά

287 1788 623 1854 φρονοῦντες,
650 1780 857 1853 εἰρήνην
908 1776 1157 1832 διδόασιν
1188 1777 1298 1849 (17)
1324 1776 1565 1837 ἀλλήλοις
1593 1775 1678 1828 ἐπὶ
1709 1784 1854 1846 κακῷ
1890 1793 1900 1803 ·

282 1870 397 1943 ἐγω
426 1868 483 1924 δὲ
506 1871 707 1946 εἰρήνην
748 1867 952 1942 δίδωμι
977 1870 1096 1941 ὑμῖν
1121 1867 1197 1920 ἐπ’
1228 1866 1434 1938 ἀγαθῷ.

370 1960 441 2013 ἾΙ
492 1960 604 2032 (18ὶ
659 1963 683 2012 6
765 1964 855 2033 μὲν
916 1964 1111 2031 κόσμος
1190 1962 1449 2031 χρήματα
1500 1961 1589 2008 καὶ
1660 1960 1907 2028 κτήματα

286 2046 499 2104 δίδωσι
552 2057 663 2113 τοῖς
710 2050 869 2102 αὐτοῦ
927 2067 940 2079 ·
994 2047 1093 2121 ἐγὼ
1154 2044 1212 2100 δὲ
1280 2046 1487 2120 εἰρήνην
1529 2042 1731 2118 δίδωμι
1783 2048 1904 2117 ὑμῖν

282 2148 405 2201 τοῖς
467 2140 627 2214 ἐμοῖς.
699 2140 838 2194 Ἐπεὶ
918 2135 976 2191 δε
1060 2142 1119 2190 τὸ
1203 2137 1421 2209 Ἀφίημι
1473 2138 1615 2208 ὑμῖν,

280 2250 455 2305 ρήσιν
510 2230 769 2305 ἐμφαῖνον,
824 2232 1093 2303 σύγχυσιν
1151 2226 1360 2281 πλείονα
1404 2226 1582 2289 αὐτοῖς
1615 2224 1900 2289 ἐνεποίησε,

284 2326 427 2394 φησί
458 2338 473 2351 ⁸

369 2416 456 2469 Μή
492 2442 558 2452 -
591 2407 854 2463 δειλιάτω.
885 2408 1042 2485 Ὀρᾶς
1073 2410 1154 2461 ὅτι
1210 2409 1269 2461 ού
1302 2414 1576 2461 τοσοῦντον
1631 2405 1733 2459 ἀπὸ
1764 2406 1904 2479 φιλο-

285 2506 566 2577 στοργίας,
600 2503 721 2554 ὅσον
764 2498 863 2553 ἀπὸ
889 2496 1088 2560 δειλίας
1118 2502 1376 2570 ἔπασχον,
1410 2497 1634 2570 οἰόμενοι
1662 2493 1901 2550 διασπα-

1937 1904 1974 1958 Β

1692 2134 1903 2207 ἀναχώ-

278 2592 673 2668 ραχθήσεσθαι
713 2592 856 2664 παρὰ
879 2597 979 2642 τῶν
1010 2588 1214 2661 ἐχθρῶν
1256 2588 1435 2641 αὑτοῦ.

365 2771 659 2824 Ἠκούσατε
702 2802 770 2810 -
837 2770 991 2842 ὑμᾶς.
1044 2767 1154 2820 Οὐκ
1224 2765 1362 2820 εἶπον
1412 2769 1492 2820 ὅτι
1542 2765 1750 2838 Ὑπάγω
1810 2769 1903 2838 μό-

275 2881 401 2928 νον,
433 2860 547 2931 ἀλλ,
584 2860 666 2913 ὅτι
692 2864 780 2913 καὶ
823 2858 1097 2933 Ἔρχομαι
1123 2860 1254 2933 πρὸς
1284 2858 1437 2930 ὑμᾶς.
1472 2860 1668 2911 Λοιπὸν
1707 2855 1761 2907 τί
1791 2851 1903 2907 δει-

273 2951 437 3005 λιᾶτε
470 2971 483 3018 ;

360 3040 426 3092 Εἰ
464 3072 523 3082 —-
581 3042 807 3113 Πατέρα.
869 3034 1081 3096 Ἐπειδὴ
1114 3041 1256 3090 οὔπω
1316 3040 1434 3108 περὶ
1486 3044 1581 3097 τῆς
1642 3035 1768 3107 ἐμῆς
1810 3053 1897 3087 πε-

274 3130 698 3204 πληροφόρησθε
787 3126 1076 3201 δυνάμεως,
1163 3134 1251 3180 καὶ
1342 3124 1484 3179 διότι
1558 3124 1893 3187 ἀποθνήσκω,

275 3220 526 3293 νομίζετε
574 3238 636 3293 με
702 3224 773 3291 μή
845 3215 1106 3270 δύνασθαι
1172 3220 1299 3289 μετὰ
1355 3218 1568 3269 θάνατον
1625 3220 1896 3286 συντηρεῖν

279 3312 425 3382 ὑμᾶς
480 3314 494 3337 ⁸
555 3307 775 3381 ὀφείλετε
852 3312 1083 3380 χαίρειν,
1169 3309 1247 3359 ὅτι
1333 3306 1491 3369 εἶπον,
1601 3306 1896 3377 Πορεύομαι

278 3402 424 3473 πρὸς
476 3402 563 3451 τὸν
623 3401 849 3471 Πατέρα,
905 3400 990 3449 τὸν
1073 3394 1355 3469 δυνάμενον
1442 3394 1700 3458 ἐξελέσθαι
1761 3395 1897 3465 ὑμᾶς

1169 3309 1247 3359 ὅτι
1333 3304 1491 3369 εἶπον,

278 3492 468 3550 πάσης
528 3486 820 3551 ἐπιϐουλῆς,
882 3485 1161 3548 ἐννοοῦντες
1207 3489 1286 3539 ὅτι
1338 3484 1642 3562 πρεσϐεύσω
1690 3484 1896 3545 πάντως

279 3581 419 3652 ὑπὲρ
446 3579 608 3650 ὑμῶν.

356 3668 569 3720 ’Ὁτι-
600 3666 732 3721 ἐστι.
767 3698 834 3707 —
865 3666 1071 3728 Μείζων
1120 3669 1223 3741 μού
1272 3665 1406 3734 ἐστι,
1435 3673 1496 3739 τῇ
1560 3661 1801 3736 δυνάμει,
1832 3665 1896 3723 ὡς

277 3762 438 3831 ὑμεῖς
486 3755 705 3822 δοκεῖτε,
767 3756 856 3809 ἅτε
913 3762 1340 3833 περιφανέστερον
1402 3755 1451 3808 ἐν
1506 3763 1616 3816 ταῖς
1670 3761 1894 3827 Γραφαῖς

278 3848 792 3920 ἆνακηρυττόμενος,
867 3854 1045 3899 Ταῦτα
1103 3844 1161 3899 δὲ
1205 3849 1375 3898 πάντα
1442 3846 1581 3918 λέγει
1637 3864 1895 3915 συγκατα-

278 3939 476 3992 ϐαίνων
544 3946 605 4009 τῇ
666 3936 924 4006 ὑπολήψει
990 3942 1079 3988 καὶ
1147 3935 1388 4009 ἀσθενείᾳ
1458 3945 1558 3988 τῶν
1622 3939 1888 4007 μαθητῶν,

274 4034 374 4081 καὶ
403 4027 458 4089 ἐξ
498 4027 661 4089 αὐτῆς
690 4034 779 4086 τῆς
836 4026 929 4077 οὑκ
996 4028 1155 4100 ὀρθῆς
1196 4027 1363 4078 αὐτῶν
1422 4025 1722 4096 ὑπολήψεως
1761 4024 1894 4096 ἐλέγ-

274 4138 400 4190 χων
459 4115 667 4176 αύτούς.
726 4117 872 4168 Κατὰ
908 4116 1010 4189 γὰρ
1052 4118 1137 4166 τὸν
1179 4114 1343 4173 ἀληθῆ
1413 4114 1583 4184 λόγον,
1634 4116 1659 4166 6
1710 4117 1891 4187 Πατήρ

275 4207 478 4280 μείζων
508 4208 619 4279 μὲν,
656 4204 762 4256 ἀλλ’
793 4204 850 4255 ού
895 4212 955 4277 τῇ
1012 4200 1232 4276 δυνάμει
1275 4209 1457 4277 ςμονῳ
1488 4201 1547 4257 δε
1594 4213 1663 4275 τῷ
1720 4203 1892 4276 αἰτίῳ,

276 4298 364 4349 ὅτι
407 4298 574 4357 αἴτιος
617 4302 688 4365 τῷ
712 4298 816 4364 Υἰῷ
846 4302 935 4354 τῆς
958 4300 1265 4365 γεννήσεως.
1309 4295 1396 4347 Ἐκ
1427 4302 1517 4345 τού
1561 4298 1761 4369 Πατρός
1789 4295 1891 4366 γὰρ

277 4386 304 4436 ὁ
340 4386 484 4446 Υἱός.

356 4478 462 4527 Καὶ
505 4505 571 4513 -
602 4475 939 4531 πιστεύσητε.
985 4476 1184 4546 Εῖρηκα
1229 4474 1348 4545 ὑμῖν
1403 4476 1465 4525 τὰ
1490 4478 1606 4548 περὶ
1636 4481 1731 4534 τῆς
1763 4472 1895 4526 ἀπο-

277 4559 485 4636 δημίας
517 4567 606 4615 καὶ
640 4562 793 4615 πάλιν
843 4559 1129 4636 ἐπιδημίας
1183 4582 1307 4636 μου,
1366 4568 1454 4615 καὶ
1510 4567 1575 4616 τα
1628 4569 1746 4638 περὶ
1801 4572 1890 4617 τοῦ

274 4652 439 4705 οἴλλου
492 4652 856 4726 Παρακλήτου,
894 4654 975 4705 ἶνα
1024 4657 1144 4706 ὅταν
1198 4658 1426 4726 γένηται,
1458 4657 1777 4714 πιστεύσητε
1814 4657 1892 4708 ὅτι

273 4745 453 4795 πάντα
481 4748 571 4795 καὶ
596 4739 719 4795 οἰδα
754 4747 841 4794 καὶ
870 4739 1121 4816 δύναμαι.
1183 4744 1362 4806 Οὕτως
1389 4741 1476 4796 οὖν
1498 4747 1891 4819 παραμυθησά-

273 4853 429 4904 μενος
457 4832 665 4897 αὗτούς,
698 4831 850 4884 πάλιν
878 4831 1010 4903 λέγει
1037 4835 1102 4884 τὰ
1132 4832 1363 4907 λυπηρὰ,
1404 4841 1467 4905 τῇ
1497 4839 1744 4907 συνεχείᾳ
1773 4838 1891 4889 τού-

272 4940 379 4974 των
400 4922 681 4995 γυμνάζων
710 4920 899 4983 αύτούς
927 4922 999 4983 εἰς
1028 4926 1085 4974 τὸ
1118 4927 1188 4994 μή
1249 4922 1606 4996 θορυϐηθῆναι
1635 4928 1773 4977 κατὰ
1800 4930 1887 4978 τὸν

274 5014 462 5084 καιρὸν
491 5019 590 5063 τῶν
636 5008 836 5064 δεινῶν.
892 5015 961 5064 Τὸ
1014 5014 1115 5086 γὰρ
1171 5009 1536 5085 προσδοκηθεν
1568 5013 1886 5089 ὁμαλώτερον

278 5103 428 5154 εῖωθε
455 5100 822 5175 προσϐάλλειν.

355 5191 468 5243 Ούκ
532 5193 605 5244 ῖτι
664 5221 737 5231 —
790 5192 993 5266 ἄρχων.
1054 5189 1302 5246 Ἐνταῦθα
1370 5197 1569 5266 κόσμον
1620 5197 1710 5267 μὲν
1751 5195 1888 5268 λέγει

277 5284 375 5338 τὴν
401 5286 588 5334 κακίαν
622 5302 637 5315 ο
671 5283 909 5357 ἄρχοντα
951 5277 1009 5334 δὲ
1040 5285 1126 5334 τὸν
1158 5278 1193 5335 δ
1198 5281 1401 5335 ιάϐολον
1430 5301 1442 5313 '
1479 5283 1537 5335 ού
1582 5287 1685 5359 γὰρ
1737 5286 1888 5364 ούρα-

2026 617 2130 676 θεῐ,
2164 626 2267 666 eos
2299 615 2581 685 quaedam
2613 615 2894 672 oblivioni
2927 615 3268 672 tradidisse.

2095 701 2259 757 Vers.
2294 707 2382 757 27.
2428 707 2641 762 Pacem
2690 707 2958 778 relinquo
3012 705 3187 762 vobis.
3250 703 3363 760 Alii
3430 700 3680 775 quidem

2023 790 2295 847 homines
2338 794 2667 850 morientes
2688 796 2974 868 pecunias
3029 812 3100 851 ac
3130 793 3549 868 possessiones
3576 789 3686 846 do-

2025 881 2291 936 mesticis
2323 884 2673 957 relinquunt
2702 902 2715 951 ;
2746 886 3009 942 Christus
3040 901 3183 940 vero
3205 899 3412 956 pacem
3450 881 3575 936 suis
3597 895 3685 935 re-

2023 968 2260 1042 linquit,
2277 987 2508 1044 pacem,
2527 976 2703 1049 cujus
2728 980 2887 1030 etres
2905 980 3191 1030 etnomen
3207 972 3410 1028 dulce:
3441 971 3683 1035 Pacem,

2022 1059 2236 1132 inquit,
2256 1062 2528 1135 relinquo
2545 1066 2791 1130 vobis,ut
2814 1065 3043 1136 paciﬁci
3068 1080 3211 1134 erga
3235 1080 3340 1117 vos
3370 1065 3581 1116 mutuo
3608 1059 3685 1112 si-

2021 1149 2097 1204 tis
2145 1156 2201 1206 et
2230 1166 2374 1220 erga
2402 1169 2515 1221 me,
2559 1159 2614 1208 et
2646 1153 2728 1209 ita
2758 1155 2930 1210 vobis
2961 1154 3124 1209 nulla
3176 1150 3386 1209 mundi
3417 1146 3681 1206 turbatio

2018 1239 2351 1313 quidquam
2382 1242 2637 1310 nocebit,
2671 1259 2867 1317 neque
2898 1243 3331 1316 impedimento
3358 1240 3483 1294 erit.

2091 1330 2247 1384 Vers.
2291 1332 2383 1388 27.
2419 1333 2629 1389 Pacem
2678 1363 2746 1373 —
2787 1335 2957 1389 vobis.
2998 1335 3141 1399 Quae
3187 1347 3222 1388 a
3277 1346 3371 1386 me
3419 1331 3675 1391 amatur,

2017 1434 2155 1490 quae
2187 1426 2430 1493 propter
2449 1421 2551 1477 illa
2579 1438 2716 1495 quae
2749 1425 2966 1479 animus
2998 1426 3271 1494 prosunt,
3292 1420 3676 1475 conceditur:

2016 1526 2138 1567 non
2197 1511 2408 1566 mundi
2438 1527 2650 1584 pacem
2678 1529 2813 1586 quae
2839 1512 2918 1568 ob
2947 1529 3015 1568 ea
3046 1527 3175 1585 quae
3190 1516 3404 1566 nocent
3435 1510 3687 1565 animm,

2019 1607 2309 1657 servatur.

2090 1696 2254 1748 Vers.
2287 1693 2374 1747 27.
2407 1694 2544 1748 Non
2570 1724 2640 1733 —
2672 1693 2849 1749 vobis.
2888 1692 3195 1766 Siquidem
3230 1691 3495 1747 mundus
3553 1690 3678 1745 sive

2016 1784 2330 1838 mundana
2352 1770 2664 1854 sapientes,
2681 1798 2892 1855 pacem
2916 1790 3126 1838 mutuo
3141 1782 3288 1837 dant
3303 1780 3443 1835 mali
3457 1794 3673 1835 causa:

2016 1889 2127 1941 ego
2162 1889 2298 1927 vero
2340 1889 2549 1945 pacem
2575 1872 2654 1928 do
2672 1872 2843 1928 vobis
2871 1872 3013 1928 boni
3047 1887 3257 1927 causa.

2087 1961 2381 2017 Autaliter
2404 1979 2416 2016 :
2436 1962 2700 2017 mundus
2719 1962 3004 2033 pecunias
3024 1978 3093 2015 ac
3111 1959 3532 2032 possessiones
3553 1957 3676 2013 suis

2014 2051 2284 2124 largitur,
2337 2068 2446 2122 ego
2474 2068 2613 2108 vero
2663 2067 2872 2123 pacem
2900 2051 2980 2106 do
3021 2050 3212 2114 vobis,
3246 2050 3337 2121 qui
3364 2049 3477 2104 mei
3510 2047 3672 2104 estis.

2015 2143 2164 2208 Quia
2195 2147 2394 2197 autem
2416 2142 2673 2197 dicendo
2699 2158 2712 2197 :
2746 2142 3231 2211 Pacemrelinquo
3260 2140 3570 2210 vobis,quo
3588 2153 3676 2192 se-

2013 2232 2386 2300 parationem
2419 2229 2737 2296 indicabat,
2761 2230 3053 2301 majorem
3074 2229 3156 2285 eis
3174 2229 3457 2300 injecerat
3476 2225 3675 2284 turba-

2014 2321 2257 2385 tionem,
2287 2321 2366 2377 ait
2409 2338 2421 2375 :

2083 2413 2243 2466 Vers.
2308 2415 2395 2465 27.
2464 2412 2553 2467 Ne
2616 2442 2683 2451 —
2733 2410 3035 2480 formuiet.
3070 2408 3264 2473 Vides,
3316 2407 3481 2480 quod
3550 2422 3673 2463 non

2011 2503 2243 2557 tantum
2263 2502 2483 2556 amoris
2498 2500 2909 2565 magnitudine
2936 2499 3357 2565 mouebantur,
3375 2500 3674 2569 quantum

2012 2589 2335 2646 formidine
2368 2607 2381 2646 :
2415 2596 2703 2662 putantes.
2739 2606 2799 2645 se
2832 2588 3257 2662 discerpendos
3279 2586 3529 2643 abillius
3555 2585 3675 2641 ini-

2011 2680 2203 2735 micis.
2749 2683 2751 2685 ’

2083 2768 2396 2825 Vers.28.A
2408 2770 2615 2825 adistis
2634 2801 2687 2810 —-
2709 2773 2958 2825 vos.Non
2975 2768 3172 2825 solum
3186 2766 3304 2822 dixi
3323 2766 3487 2839 quod
3502 2767 3670 2832 vado,

2012 2858 2115 2913 sed
2149 2859 2505 2931 etiamquod
2534 2860 2701 2915 venio
2727 2859 2802 2915 ad
2815 2874 2925 2915 vos.
2946 2856 3102 2924 Quid
3123 2871 3265 2927 ergo
3283 2854 3622 2913 formidatis
3644 2855 3672 2908 ?

2083 3042 2242 3095 Vers.
2274 3042 2361 3094 28.
2390 3039 2449 3094 Si
2476 3071 2541 3079 —
2573 3041 2828 3096 Patrem.
2882 3037 3029 3105 Quia
3073 3035 3147 3091 de
3206 3050 3341 3091 mea
3396 3033 3669 3089 nondum

2009 3130 2285 3185 certiores
2318 3130 2454 3186 facti
2489 3131 2626 3185 estis
2656 3128 2943 3201 potentia,
2979 3135 3032 3183 et
3053 3126 3195 3198 quia
3228 3124 3469 3189 morior,
3506 3128 3673 3195 puta-

2010 3219 2102 3288 tis,
2126 3236 2218 3274 me
2236 3228 2371 3292 post
2398 3225 2644 3277 mortem
2672 3234 2790 3275 non
2816 3234 2993 3283 posse
3016 3234 3123 3272 vos
3149 3228 3500 3270 conservare
3527 3230 3541 3277 ;
3571 3212 3671 3268 de-

2011 3310 2157 3365 betis
2190 3316 2390 3365 tamen
2415 3311 2697 3382 gaudere,
2726 3308 2892 3381 quod
2915 3306 3166 3361 dixerim
3196 3322 3210 3358 :
3268 3305 3430 3359 Vada
3455 3302 3537 3359 ad
3560 3302 3668 3358 Pa-

2010 3408 2179 3465 trem,
2205 3401 2305 3472 qui
2330 3406 2540 3472 potens
2572 3404 2661 3454 est
2677 3415 2780 3453 vos
2807 3397 2884 3452 ab
2907 3395 3193 3452 omnibus
3218 3393 3455 3449 insidiis
3482 3390 3666 3462 eripe-

2008 3505 2089 3554 re,
2133 3498 2588 3558 cognoscentes,
2616 3489 2778 3561 quod
2834 3486 3076 3542 omnino
3112 3484 3407 3555 legatione
3453 3480 3671 3551 fungar

2007 3594 2116 3650 pro
2146 3578 2335 3634 vobis.

2076 3669 2238 3723 Vers.
2267 3669 2353 3723 28.
2390 3669 2541 3736 Quia
2574 3700 2639 3707 —
2706 3674 2812 3724 est.
2846 3698 2913 3707 —-
2943 3666 3144 3735 Major
3171 3677 3263 3718 me
3292 3667 3393 3729 est,
3446 3662 3509 3715 ut
3559 3671 3670 3714 vos

2005 3758 2242 3829 putatis,
2271 3764 2560 3830 tanquam
2594 3756 2971 3812 manifestius
2995 3756 3050 3810 in
3074 3746 3670 3824 Scripturispromul‘

2006 3852 2201 3920 gatus.
2239 3851 2369 3903 Haec
2391 3854 2592 3902 autem
2620 3847 2824 3903 omnia
2841 3846 2979 3901 dicit
3003 3843 3318 3911 indulgens
3348 3838 3668 3913 suspicioni

2006 3954 2075 3993 ac
2107 3937 2497 3993 imbecillitati
2519 3937 2777 4001 illorum,
2808 3942 2864 3991 et
2893 3952 2961 3990 ex
2986 3935 3121 4006 ipsa
3145 3948 3262 3988 non
3280 3937 3437 3987 recta
3458 3945 3670 3986 eorum

2005 4028 2288 4099 opinione
2308 4042 2568 4096 arguens
2589 4026 2740 4081 illos.
2761 4028 2907 4081 Nam
2933 4025 2990 4079 in
3008 4022 3254 4079 veritate
3282 4022 3452 4077 Pater
3475 4019 3671 4089 major

2005 4118 2249 4191 quidem
2278 4122 2384 4183 est,
2437 4122 2497 4172 at
2540 4132 2657 4172 non
2712 4114 2994 4187 potentia,
3045 4113 3148 4169 sed
3205 4111 3335 4167 solo
3390 4106 3669 4181 principii

2006 4208 2210 4273 modo,
2232 4208 2367 4277 quia
2387 4207 2524 4263 Filio
2542 4206 2895 4277 principium
2916 4208 3005 4260 est
3026 4201 3418 4275 generationis
3444 4216 3456 4255 :
3484 4198 3668 4272 siqui-

2007 4299 2143 4355 dem
2177 4315 2245 4353 ex
2280 4299 2449 4355 Patre
2475 4300 2564 4352 est
2589 4295 2793 4351 Filius.

2079 4479 2239 4533 Vers.
2274 4478 2361 4532 29.
2387 4479 2544 4532 Et—
2576 4477 2853 4532 credatis.
2882 4474 3003 4529 Dixi
3051 4472 3236 4538 vobis,
3262 4487 3397 4545 quae
3431 4474 3567 4525 sunt
3595 4470 3666 4524 de

2008 4585 2140 4624 mea
2172 4567 2554 4640 profectione,
2591 4582 2659 4621 ac
2686 4581 2925 4620 rursum
2956 4565 3027 4619 de
3059 4578 3195 4618 meo
3245 4562 3434 4618 reditu
3495 4566 3553 4616 et
3591 4559 3667 4617 de

2006 4659 2122 4714 alio
2182 4657 2504 4720 Paracleto,
2558 4661 2621 4712 ut
2669 4672 2808 4711 cum
2857 4654 2982 4710 ﬁeri
3028 4653 3315 4723 videritis,
3385 4649 3664 4714 credatis,

2003 4749 2167 4821 quod
2191 4748 2395 4803 omnia
2413 4760 2469 4802 et
2493 4748 2759 4801 noverim
2786 4750 2841 4800 et
2864 4745 3112 4816 possim.
3136 4745 3224 4801 Ita
3245 4742 3667 4798 consolaturus

2003 4854 2127 4902 eos,
2161 4853 2398 4892 rursum
2432 4836 2616 4892 tristia
2664 4835 2824 4901 dicit,
2876 4835 3093 4890 horum
3149 4831 3483 4905 frequentia
3531 4828 3664 4885 illos

2003 4944 2304 4993 exercens,
2352 4943 2425 4982 ne
2480 4925 2879 4999 periculorum
2935 4929 3203 4995 tempore
3264 4921 3663 4986 turbarentur,

2001 5018 2291 5092 siquidem
2313 5016 2471 5089 quod
2487 5020 2899 5088 exspectatum
2922 5020 3008 5070 est
3028 5012 3212 5069 levius
3237 5011 3374 5068 ferri
3397 5009 3560 5067 solet.

2069 5201 2229 5253 Vers.
2263 5200 2354 5253 30.
2383 5197 2522 5253 Jam
2545 5210 2660 5251 non
2676 5226 2739 5235 —
2755 5194 3054 5264 princeps.
3082 5187 3666 5262 Mundum'appellat

1997 5288 2111 5353 hic,
2147 5286 2434 5343 malitiam
2466 5303 2480 5353 ;
2515 5285 2851 5358 principem
2883 5298 3045 5348 vero,
3107 5278 3421 5337 diabolum
3473 5296 3487 5335 :
3539 5293 3663 5335 non

1487 5480 1712 5552 Variae
1753 5483 2078 5552 lectiones
2121 5492 2185 5551 et
2224 5491 2429 5552 notae.

354 5692 467 5777 (t5)
518 5693 752 5776 Inclusa
814 5698 1056 5777 uterque
1108 5694 1167 5752 in
1205 5696 1497 5769 margine.
1552 5696 1893 5773 Τελεωτέρους

282 5771 577 5840 γενομένους
600 5768 883 5840 omiserat
906 5768 1211 5840 interpres.

359 5838 473 5911 (16)
513 5840 594 5891 Ἐν
621 5836 877 5900 ἀλλήλοις.
909 5840 981 5893 Α.

2229 5694 2475 5769 nam”,
2512 5700 2576 5753 Α.
2611 5700 2776 5755 Forte
2808 5693 3055 5769 διδοῦσιν
3084 5695 3295 5753 voluit.

2220 5771 2353 5827 Post
2390 5771 2420 5829 ἣ
2455 5770 2619 5829 addit
2652 5771 2942 5844 interpres
2973 5768 3158 5831 ἄλλως.

2073 5698 2187 5843 iiii
