4108 6432
464 362 605 425 1407

1817 368 2108 428 EUTHYM
2118 369 2167 427 ΙῙ
2213 367 2528 429 ZIGABEN
2532 372 2554 427 Ι

3705 371 3861 428 1408

464 495 625 552 enim
655 494 807 553 caelo
836 512 903 554 ac
932 501 1101 555 terrae
1165 499 1532 564 dominatur,
1585 498 1689 554 sed
1734 497 1977 554 malitiae
2001 497 2121 568 (ιι),

2243 502 2324 546 νοῦ
2352 502 2442 549 καὶ
2470 504 2566 567 γῆς
2598 498 2776 571 ἄρχει.
2812 499 2953 551 Ἐπεὶ
3001 500 3171 552 πάντα
3218 496 3278 551 ἃν
3309 496 3551 575 ἀνέτρεψε
3581 502 3671 552 καὶ
3696 502 3862 552 κατέ-

464 586 629 658 quod
657 587 864 644 omnia
895 589 1164 646 straverit
1194 606 1263 645 ac
1322 589 1677 661 perverterit,
1738 589 1870 660 Ipse
1925 592 2126 641 autem

465 675 675 731 dicitur
703 677 879 733 etiam
914 680 1189 750 princeps
1239 680 1645 741 tenebrarum.
1703 678 1824 732 sive
1872 676 2123 749 peccati.

450 764 559 819 ,Ait
585 781 727 834 ergo
764 790 775 821 :
813 770 974 824 Venit
1005 770 1324 825 adversum
1381 786 1476 824 me
1507 768 1787 824 diabolus
1822 784 1955 823 cum
1988 781 2125 837 per—

465 853 652 909 versis
677 855 919 923 Judaeis,
945 859 1084 912 data
1124 859 1230 912 sibi
1266 876 1295 912 e
1329 858 1602 929 supernis
1628 862 1942 929 potestate.
1979 858 2127 911 Nam

450 946 523 1001 ,et
547 944 708 1014 apud
743 947 959 1000 Lucam
987 947 1136 1002 dixit
1193 948 1270 1002 ad
1314 963 1435 1011 eos,
1491 947 1596 1020 qui
1629 962 1690 1001 se
1743 944 2131 1016 comprehen-

466 1032 690 1088 debant
721 1052 733 1089 :
784 1037 921 1091 Haec
950 1044 1023 1091 est
1056 1038 1207 1093 hora
1250 1041 1439 1094 vestra
1483 1044 1535 1094 et
1566 1040 1817 1108 potestas
1862 1034 2130 1093 tenebra-

467 1137 602 1178 rum
631 1126 699 1177 ³⁸.

539 1213 698 1267 Vers.
733 1218 818 1270 30.
846 1216 918 1269 Et
940 1246 1009 1257 —
1032 1218 1374 1289 quidquam.
1417 1220 1479 1273 In
1513 1216 1645 1273 aliis
1677 1216 1916 1289 quidem
1939 1213 2129 1271 homi-

467 1302 647 1358 nibus
682 1310 995 1374 peccatum
1024 1312 1115 1363 est
1140 1323 1323 1362 causa
1354 1307 1583 1374 mortis,
1612 1305 1809 1362 nullus
1827 1304 2126 1376 siquidem

454 1394 695 1464 :peccati
725 1410 936 1466 expers
966 1400 1072 1461 est,
1110 1397 1242 1453 ideo
1272 1397 1475 1452 nullus
1508 1395 1863 1452 immortalis
1893 1412 1906 1461 ;
1942 1394 2000 1449 in
2033 1409 2128 1449 me

443 1497 611 1538 ivero
641 1499 761 1538 non
794 1484 977 1541 habet
1003 1486 1184 1542 ullam
1228 1486 1435 1541 mortis
1470 1502 1718 1541 causam
1750 1501 1763 1550 ;
1810 1499 1922 1556 ego
1968 1483 2128 1539 enim

470 1570 703 1643 absque
724 1578 973 1643 peccato
1001 1591 1160 1639 sum,
1184 1580 1240 1630 et
1270 1581 1585 1646 propterea
1605 1572 2125 1637 condemnabitur,

470 1660 622 1716 sicut
652 1662 816 1732 prius
842 1662 1079 1719 decimo
1100 1664 1309 1736 quinto
1339 1664 1529 1736 capite
1556 1662 1990 1726 enarravimus,
2026 1661 2126 1716 ubi

470 1749 685 1807 dicitur
716 1754 1220 1823 :Nuncjudicium
1247 1760 1329 1810 est
1349 1754 1530 1824 hujus
1556 1753 1784 1822 mundi,
1803 1752 2130 1823 nunCprin-

470 1853 604 1907 ceps
646 1842 820 1910 hujus
846 1843 1061 1899 mundi
1080 1845 1347 1913 ejiciatur
1364 1844 1529 1913 foras
1557 1844 1623 1896 ³⁷.

541 1930 702 1985 Vers.
733 1932 819 1987 31.
840 1932 959 1989 Sed
985 1963 1051 1973 —
1071 1934 1333 1989 Patrem.
1366 1932 1477 1988 Sed
1514 1931 1757 1995 morior,
1792 1935 1855 1986 ut
1877 1947 2130 2001 cognos-

457 2024 609 2082 cant
639 2036 868 2086 omnes,
897 2021 1060 2093 quod
1092 2022 1341 2093 diligam
1374 2022 1617 2088 Patrem,
1652 2020 1943 2077 obediens
1971 2020 2129 2076 illius

468 2108 761 2165 voluntati
796 2128 809 2176 ;
842 2110 1118 2167 voluntas
1140 2117 1337 2168 autem
1373 2128 1502 2182 eius
1532 2116 1642 2181 est,
1677 2115 1740 2166 ut
1771 2110 1994 2166 moriar
2026 2126 2128 2182 pro

471 2198 663 2255 salute
684 2200 1021 2258 hominum.

543 2288 699 2343 Vers.
739 2293 796 2345 3t
837 2291 911 2344 Et
941 2321 1008 2330 —
1036 2290 1207 2360 facio.
1266 2293 1334 2347 Ut
1363 2295 1750 2361 cognoscant,
1791 2291 1952 2362 quod
1986 2304 2130 2361 prte-

468 2382 707 2449 ceptum
739 2380 867 2450 ejus
901 2381 1161 2436 moriens
1200 2380 1588 2452 adimpleam.

539 2468 699 2523 Vers.
734 2473 822 2525 3t.
855 2469 1109 2539 Surgite,
1142 2486 1341 2527 eamus
1368 2471 1528 2527 hinc.
1565 2471 1781 2525 Videns
1799 2468 2128 2539 discipulos

467 2556 800 2614 admodum
834 2564 1189 2626 metuentes,
1239 2566 1296 2615 et
1326 2561 1530 2632 sejam
1583 2559 2012 2632 comprehendi
2058 2574 2129 2615 ac

468 2645 712 2702 interfici
730 2648 1148 2717 imaginantes,
1166 2656 1221 2705 et
1242 2655 1559 2723 propterea
1581 2650 1784 2705 crebro
1804 2654 2125 2704 retrorsum

470 2753 533 2792 se
580 2739 1003 2806 convertendo,
1055 2755 1176 2795 non
1232 2740 1373 2796 satis
1420 2740 1514 2796 his
1562 2755 1698 2813 quae
1748 2738 2120 2804 dicebantur,

468 2826 776 2883 advertere
801 2846 814 2883 :
840 2828 1134 2901 siquidem
1156 2830 1486 2885 maximum
1512 2830 1625 2885 illis
1648 2844 1935 2898 angorem
1960 2828 2128 2884 indu-

468 2915 657 2980 cebat,
691 2921 814 2972 tum
849 2918 1018 2973 locus
1052 2919 1352 2989 publicus,
1386 2925 1511 2975 tum
1566 2935 1684 2974 nox
1746 2924 1800 2973 et
1822 2918 2124 2990 praecipue

467 3005 632 3077 quod
657 3007 942 3064 dixisset:
980 3010 1145 3066 Venit
1170 3012 1443 3079 princeps
1486 3010 1699 3064 mundi
1748 3009 1816 3075 ⁸⁸,
1850 3007 2128 3064 transfert

467 3094 598 3151 illos
635 3095 697 3151 in
724 3096 914 3153 locum
948 3099 1131 3154 alium
1165 3099 1457 3164 tutiorem,
1485 3115 1606 3171 quo
1637 3098 2043 3153 existimantes
2067 3097 2124 3153 in

471 3191 594 3243 tuto
619 3202 765 3253 esse,
794 3187 1024 3261 absque
1054 3188 1173 3244 ullo
1200 3195 1359 3244 metu
1387 3188 1665 3244 audirent
1692 3204 1705 3243 :
1735 3204 1875 3244 nam
1903 3203 2126 3258 magna

466 3274 723 3333 audituri
750 3282 920 3334 erant
948 3278 1253 3348 dogmata.
1288 3278 1506 3335 Deinde
1532 3294 1768 3334 rursum
1798 3277 1879 3333 ait
1908 3296 1919 3333 :

538 3457 681 3528 Cap.
721 3457 828 3511 XV.
862 3456 1028 3512 Vers.
1071 3459 1120 3512 1.
1185 3460 1300 3529 Ego
1349 3489 1414 3499 —
1457 3472 1616 3515 vera.
1642 3458 1702 3512 Id
1745 3462 1834 3511 est
1884 3456 2125 3523 eximia,

465 3543 924 3618 incorruptibilis
957 3546 1315 3618 spiritualis:
1350 3546 1640 3621 siquidem
1684 3547 1810 3602 haec
1853 3546 2130 3618 frequen-

466 3639 552 3690 ter
582 3635 876 3705 signiﬁcat
914 3652 1134 3691 nomen
1168 3636 1429 3695 ἀληθινόν.

460 3746 465 3749 “
538 3723 715 3781 Aliter
739 3740 984 3798 quoque
1009 3725 1243 3791 dicitur,
1290 3726 1432 3782 Vitis
1459 3741 1622 3790 vera,
1643 3726 1786 3797 quia
1813 3741 1923 3796 pro
1937 3723 2130 3780 fructu

467 3813 691 3885 profert
712 3814 1041 3871 veritatem.

542 3904 824 3977 Seipsum
838 3905 1038 3978 itaque
1052 3907 1229 3962 vitem
1247 3907 1518 3963 nominat
1535 3912 1738 3977 utpote
1764 3906 2127 3979 praebentem

465 3991 843 4051 dulcedinem
875 4011 944 4051 ac
974 3996 1224 4052 humani
1242 3997 1439 4051 cordis
1465 3997 1742 4062 laetitiam,
1768 3998 1961 4069 ipsam
1980 3996 2133 4051 vide-

464 4081 601 4139 licet
631 4084 1138 4155 praedicationem,
1171 4102 1353 4158 quam
1386 4086 1565 4142 etiam
1587 4087 1891 4157 Scriptura
1922 4087 2126 4142 vinum

465 4173 746 4246 appellat,
772 4179 1134 4247 ettanquam
1163 4174 1423 4230 radicem
1478 4175 1912 4247 discipulorum
1945 4193 1957 4231 :
1998 4176 2128 4248 pal—

467 4263 638 4318 mites
670 4280 809 4320 vero
838 4264 1179 4336 discipulos,
1213 4264 1383 4336 quasi
1415 4281 1487 4320 ex
1539 4265 1669 4335 ipso
1722 4266 2130 4335 germinantes

468 4368 743 4409 sermone
774 4354 1075 4419 doctrinae,
1109 4360 1165 4409 et
1204 4370 1311 4425 per
1330 4370 1467 4410 eum
1501 4354 1752 4410 nutritos
1782 4355 1860 4410 ab
1892 4354 2130 4409 fructifi-

467 4442 766 4498 cationem
796 4448 1169 4499 maturorum
1196 4443 1526 4512 botrorum,
1564 4444 1687 4500 sive
1720 4445 2022 4509 virtutum,
2071 4447 2133 4499 ut

467 4535 528 4585 et
555 4531 663 4601 ipsi
696 4532 968 4588 similiter
994 4533 1305 4604 praebeant
1333 4534 1541 4589 vinum
1575 4534 1879 4591 doctrinae.

541 4620 704 4677 Vers.
742 4623 791 4675 I.
825 4622 904 4677 Et
952 4624 1132 4679 Pater
1183 4654 1252 4663 —
1309 4630 1407 4680 est.
1461 4625 1732 4686 Curator,
1787 4639 1909 4678 non
1942 4628 2134 4678 tamen

466 4710 706 4778 radicis,
736 4710 842 4768 sed
869 4711 1213 4783 palmitum.
1254 4715 1398 4769 Vere
1425 4714 1553 4768 haec
1586 4713 1719 4785 vitis
1755 4713 1975 4769 eximia
2027 4717 2133 4771 est,

467 4801 531 4857 in
553 4818 677 4874 qua
698 4802 773 4857 de
803 4801 943 4858 solis
969 4801 1318 4875 palmitibus
1362 4804 1573 4858 curam
1619 4802 1842 4858 habere
1864 4806 2093 4875 oportet
2121 4820 2134 4870 ;

540 4980 591 5017 9'
620 4982 798 5039 Joan.
832 4998 948 5049 xvn,
984 4986 1067 5040 t3.
1181 4984 1229 5019 ⁰⁶
1252 4983 1390 5039 Luc.
1424 4997 1564 5053 xm,
1593 4981 1678 5038 53.

2169 3326 2209 3383 C

2169 4595 2210 4649 D

1793 4983 1836 5016 ⁸⁷
1867 4982 2042 5038 Joan.
2074 4996 2174 5049 xu,
2203 4980 2291 5035 31.

2236 582 2403 639 ϐάλεν,
2432 584 2490 637 Ὀ
2520 586 2668 647 αὐτὸς
2697 582 2755 639 δὲ
2785 592 2875 639 καὶ
2907 589 3089 661 ἄρχων
3120 596 3214 640 τοῦ
3264 593 3481 650 σκότους
3510 588 3855 660 ὀνομάζεται,

2236 677 2397 745 ἤγουν
2421 684 2516 737 τῆς
2541 675 2823 750 ἁμαρτίας.
2860 682 3023 734 Φησὶν
3055 678 3141 729 οὖν
3173 680 3251 730 ὅτι
3280 676 3538 751 Ἔρχεται
3566 676 3681 729 κατ’
3715 676 3858 749 ἐμοῦ

2238 765 2263 815 ὁ
2292 760 2531 824 διάϐολος
2562 769 2691 837 μετὰ
2719 775 2819 817 τῶν
2873 775 3111 839 πονηρῶν
3143 763 3437 836 Ἰουδαίων,
3474 763 3721 828 δοθείσης
3752 767 3857 819 αὖ·

2237 862 2346 915 τοῖς
2386 853 2621 917 ἐξουσίας
2647 857 2857 909 ἄνωθεν.
2901 853 3048 927 [Εἷπε
3091 860 3192 930 γὰρ
3234 862 3322 910 καὶ
3370 858 3483 928 (⁷19)
3518 856 3565 909 ἐν
3605 866 3677 928 τῷ
3707 858 3858 907 κατά

2238 950 2446 997 Λουκᾶν
2490 945 2787 1017 Εὐαγγελίῳ
2827 951 2958 1020 πρὸς
2998 950 3116 1009 τοὺς
3167 946 3617 1019 συλλαμϐάνοντας
3644 947 3807 999 αὐτόν
3838 967 3850 978 ·

2222 1036 2316 1086 ’ὅτι
2341 1035 2482 1092 Αὕτη
2525 1036 2666 1107 ὑμῶν
2721 1034 2859 1088 ἐστιν
2900 1039 2928 1095 η
2985 1038 3095 1112 ὥρα
3143 1042 3232 1089 καὶ
3287 1040 3316 1095 ἡ
3353 1036 3567 1100 ἐξουσία
3600 1045 3691 1089 τοῦ
3726 1039 3855 1088 σκό-

2236 1144 2380 1186 τους.

2312 1220 2412 1267 Καὶ
2440 1248 2506 1255 -
2536 1211 2707 1270 οὐδέν.
2765 1218 2883 1270 Ἐπὶ
2922 1220 3011 1289 μὲν
3037 1224 3138 1268 τῶν
3173 1216 3336 1269 ἄλλων
3371 1216 3651 1291 ἀνθρώπων
3682 1218 3856 1269 ιίίτιον

2237 1313 2329 1358 τοῦ
2382 1306 2495 1374 (20)
2551 1307 2769 1358 θανάτου
2801 1308 2829 1365 ἡ
2867 1307 3102 1381 ἁμαρτία
3135 1324 3145 1335 ·
3190 1304 3363 1369 οὐδεὶς
3402 1309 3500 1379 γὰρ
3546 1305 3858 1381 ἀναμάρτη-

2237 1416 2344 1463 τος,
2380 1392 2465 1448 διὸ
2487 1400 2575 1448 καὶ
2607 1392 2776 1456 οὐδεὶς
2808 1394 3058 1457 ἀθάνατος
3114 1412 3127 1425 ·
3176 1395 3224 1447 ἐν
3257 1394 3369 1467 ἐμοὶ
3401 1393 3460 1448 δὲ
3492 1396 3585 1447 οὐκ
3615 1399 3728 1467 ἔχει
3763 1395 3859 1448 οὖ-

2240 1482 2325 1537 ὃεν
2366 1489 2531 1537 αἴτιον
2592 1486 2815 1537 θανάτου
2850 1505 2863 1517 ·
2910 1488 3278 1558 ἀναμάρτητος
3320 1488 3419 1559 γὰρ
3481 1484 3602 1557 ἐγώ.
3643 1488 3729 1537 Διὸ
3758 1491 3857 1537 καὶ

2238 1578 2706 1648 κατακριθήσεται,
2766 1576 2961 1646 [καθὼς
3012 1576 3122 1647 (21)
3156 1576 3636 1650 προεξηγησάμεθα
3686 1578 3733 1627 ἐν
3776 1585 3856 1645 τῷ

2241 1662 2684 1736 πεντεκαιδεκάτῳ
2714 1664 2993 1736 κεφαλαίῳ,
3026 1667 3148 1717 ἔνθα
3199 1673 3362 1717 κεῖται
3392 1669 3449 1717 τό
3485 1679 3497 1691 ·
3532 1672 3639 1717 Νῦν
3670 1669 3860 1740 κρίσις

2241 1756 2355 1808 ἐστὶ
2382 1762 2472 1808 τοῦ
2505 1760 2706 1827 κόσμου
2731 1758 2939 1819 τούτου,
2971 1762 3057 1806 νῦν
3090 1757 3115 1807 ὁ
3140 1757 3325 1827 ἄρχων
3357 1762 3448 1807 τοῦ
3488 1758 3690 1827 κόσμου
3722 1758 3855 1807 τού-

2240 1866 2331 1898 του
2364 1845 2515 1904 ἐκϐλη
2527 1848 2742 1897 θύσεται
2774 1844 2922 1917 ἔξω.]

2314 1934 2448 1989 Ἀλλ’
2490 1966 2557 1974 —
2590 1940 2808 2007 Πατέρα.
2839 1933 2977 1987 Ἀλλ’
3004 1933 3340 2002 ἀποθνήσκω,
3397 1936 3479 1987 ἵνα
3529 1942 3693 2006 γνῶσι
3720 1937 3856 1987 πάν-

2240 2045 2321 2087 τες
2352 2027 2432 2077 ὅτι
2462 2023 2649 2095 ἀγαπῶ
2675 2027 2760 2075 τὸν
2812 2027 3037 2097 Πατέρα,
3072 2025 3347 2075 ὑπακούων
3384 2024 3543 2076 αὐτοῦ
3592 2032 3663 2094 τῷ
3701 2023 3852 2081 θελή-

2240 2135 2385 2187 ματι.
2414 2115 2622 2177 Θέλημα
2650 2110 2708 2166 δὲ
2732 2113 2891 2165 αὐτοῦ
2924 2111 3195 2165 ἀποθανεῖν
3225 2133 3287 2185 με
3318 2114 3443 2189 ὑπὲρ
3477 2122 3566 2175 τῆς
3586 2118 3854 2185 σωτηρίας

2240 2213 2339 2257 τῶν
2371 2203 2430 2256 ἀν
2439 2206 2673 2278 θρώπων.

2314 2300 2415 2347 Καὶ
2444 2326 2512 2333 -
2550 2302 2702 2345 ποιῶ·
2736 2297 2837 2346 Καὶ
2871 2295 2951 2344 ἵνα
2981 2301 3171 2364 γνῶσιν
3202 2295 3281 2345 ὅτι
3304 2292 3487 2367 πληρῶ
3517 2297 3610 2352 τήν
3641 2292 3850 2352 ἐντολήν

2242 2383 2401 2435 αὐτοῦ
2425 2381 2791 2453 ἀποθνήσκων.

2315 2474 2622 2545 Ἐγείρεσθε,
2684 2474 2888 2543 ἄγωμεν
2934 2470 3177 2526 ἐντεῦθεν.
3232 2470 3431 2524 Βλέπων
3466 2475 3583 2532 τοὺς
3608 2473 3850 2542 μαθητὰς

2242 2560 2451 2635 σφόδρα
2476 2559 2779 2621 δειλιῶντας
2801 2566 2889 2612 καὶ
2922 2561 3337 2633 φανταζομένους
3363 2557 3469 2619 ἤδη
3503 2564 3619 2621 τοὺς
3656 2560 3847 2619 συλλη-

2236 2654 2495 2726 ψομένους
2551 2658 2640 2704 καὶ
2702 2650 3098 2726 ἀναιρήσοντας,
3154 2655 3243 2702 καὶ
3297 2647 3390 2703 διὰ
3466 2658 3619 2703 τοῦτο
3671 2654 3847 2704 πυκνά

3160 2736 3475 2812 δυναμένους
3555 2744 3843 2812 προσέχειν

2237 2746 2716 2816 μεταστρεφομένου
2728 2763 2765 2807 ς,
2844 2744 2927 2791 καὶ
2998 2746 3068 2810 μὴ

2237 2842 2347 2894 τοῖς
2396 2832 2681 2904 λεγομένοις
2732 2846 2746 2859 ⁸
2781 2834 2870 2882 καὶ
2911 2833 3012 2901 γὰρ
3064 2829 3320 2881 ἑνεποίουν
3369 2830 3548 2892 αὐτοῖς
3593 2828 3840 2901 ἀγωνίαν,

2236 2924 2380 2975 καὶὸ
2424 2928 2601 2984 τόπος,
2633 2917 2931 2981 κατάδηλος
2958 2920 3044 2985 ῶν,
3099 2924 3188 2971 καὶ
3249 2922 3275 2977 ἡ
3318 2919 3427 2987 νὺξ,
3468 2925 3555 2970 καὶ
3594 2924 3650 2971 τὸ
3683 2920 3841 2972 εἰπεῖν

2237 3015 2317 3065 ὄτι
2342 3011 2596 3085 Ἔρχεται
2627 3011 2651 3061 ὁ
2693 3016 2784 3061 τοῦ
2839 3013 3041 3079 κόσμου
3096 3009 3277 3082 ἄρχων
3315 3024 3331 3040 ⁸
3364 3010 3575 3079 μετάγει
3624 3010 3843 3070 τούτους

2238 3103 2305 3163 εἰς
2334 3103 2499 3175 ἕτερον
2544 3104 2700 3152 τόπον
2741 3100 3140 3170 ἀσφαλέστερον,
3200 3098 3298 3158 ἵνα,
3333 3102 3639 3169 νομίσαντες
3670 3096 3716 3149 ἐν
3749 3098 3842 3149 ἀσ-

2238 3192 2420 3265 φαλείᾳ
2470 3196 2818 3255 καταστῆναι,
2851 3190 2981 3259 μετά
3034 3183 3215 3247 ἀδείας
3271 3184 3565 3243 ἀκούσωσι,
3613 3192 3713 3239 Καὶ
3739 3190 3841 3259 γὰρ

2239 3282 2440 3355 ἔμελλον
2494 3278 2725 3353 μεγάλων
2776 3276 3095 3329 ἀκούσεσθαι
3161 3273 3462 3349 δογμάτων,
3514 3274 3625 3329 εἶτα
3689 3276 3842 3329 πάλιν

2241 3378 2425 3447 φησὼ.

2311 3465 2445 3532 Ἐγὼ
2530 3491 2597 3499 -
2683 3456 2920 3515 ἀληθινή.
2985 3456 3043 3509 Ἠ
3120 3455 3397 3528 ἐξαίρετος,
3464 3459 3493 3515 ἡ
3558 3458 3842 3531 ἄφθαρτος,

2239 3555 2268 3612 ἡ
2343 3553 2683 3623 πνευματική.
2768 3554 2949 3599 Ταῦτα
3014 3550 3112 3620 γὰρ
3181 3546 3430 3609 πολλάκις
3485 3550 3543 3598 τὸ
3605 3545 3844 3604 ἀληθινὸν

2240 3640 2412 3700 δηλοῖ.

2314 3734 2437 3802 [Καί
2468 3729 2649 3803 ἑτέρως
2689 3726 2800 3798 ('22)
2855 3722 2913 3778 δὲ
2957 3725 3211 3799 Ἄμπελος
3274 3724 3513 3797 ἀληθινὴ]
3542 3728 3570 3785 ἡ
3605 3730 3695 3784 τήν
3727 3724 3841 3784 ἀλήσ

2243 3824 2380 3875 θείαν
2413 3824 2842 3893 καρποφοροῦσα.

2310 3908 2570 3981 ’Ἄμπελον
2622 3910 2710 3978 μὲν
2743 3902 2830 3957 οὖν
2871 3904 3048 3956 ἑαυτὸν
3096 3904 3359 3977 ὀνομάζει,
3425 3907 3494 3966 ὡς
3545 3908 3845 3976 παρέχοντα

2240 4003 2298 4050 τὸ
2350 4002 2595 4069 νόστιμον
2648 4000 2737 4047 καὶ
2815 3994 3082 4067 εὐφραῖνον
3137 3990 3360 4065 καρδίαν
3423 3992 3698 4067 ἀνθρώπου
3752 4000 3845 4051 κή-

2240 4087 2486 4163 ρυγμα,ὃ
2518 4091 2607 4137 καὶ
2637 4083 2769 4137 οἶνον
2789 4086 2818 4142 ἡ
2844 4088 3018 4156 Γραφή
3049 4086 3445 4155 προσαγορεύει·
3472 4089 3561 4135 καὶ
3592 4085 3661 4143 ὡς
3692 4084 3843 4157 ριζαν

2242 4187 2340 4230 τῶν
2386 4178 2628 4250 μαθητῶν
2660 4195 2671 4206 ·
2707 4174 2940 4246 κλήματα
2969 4174 3082 4242 (‘23)
3136 4169 3194 4224 δὲ
3227 4176 3350 4233 τοὺς
3405 4174 3646 4244 μαθητὰς
3698 4175 3766 4233 ὡς
3794 4172 3846 4235 ἐξ

2241 4267 2402 4319 αὐτοῦ
2461 4264 2869 4338 βλαστήσαντας
2917 4261 3154 4334 τῷλόγῳ
3195 4270 3290 4323 τῆς
3346 4258 3722 4323 διδασκαλίας,
3755 4267 3844 4313 καὶ

2244 4354 2317 4410 δι’
2350 4357 2509 4408 αὐτοῦ
2536 4358 2876 4428 τρεφομένους
2894 4353 2962 4413 εἰς
2984 4356 3338 4425 καρποφορίαν
3359 4350 3595 4424 βοτρύων
3622 4354 3841 4425 ὡραίων,

2243 4445 2409 4495 εῖτουν
2441 4439 2650 4515 ἀρετῶν,
2681 4444 2771 4490 καὶ
2796 4441 3036 4511 παροχήν
3094 4438 3283 4508 ὁμοιως
3316 4444 3406 4488 τοῦ
3460 4432 3844 4489 διδασκαλικου

2244 4535 2403 4585 οἴνου.

2318 4620 2431 4692 (24)
2461 4620 2518 4671 Ὀ
2551 4622 2727 4692 Πατὴρ
2768 4648 2836 4658 -
2868 4615 3029 4669 ἐστιν.
3061 4615 3118 4668 Ὀ
3151 4614 3483 4687 ἐπιμελητὴς,
3510 4614 3643 4673 πλὴν
3662 4614 3719 4666 οὗ
3753 4623 3844 4678 τῆς

2246 4712 2417 4786 ῥίζης,
2452 4708 2580 4761 ἀλλά
2608 4717 2707 4760 τῶν
2738 4703 2963 4759 κλάδων.
3008 4704 3296 4778 Ἐξαίρετος
3360 4707 3459 4777 γὰρ
3507 4708 3658 4764 ὅντως
3714 4707 3841 4763 αὕτη

2248 4802 2278 4860 ἡ
2321 4798 2568 4872 ἄμπελος,
2617 4800 2749 4850 κατά
2810 4800 2931 4856 τοὺς
2984 4792 3207 4854 κλάδους
3260 4797 3412 4866 μόνον
3466 4790 3681 4866 δεομένη
3738 4792 3843 4846 ἐπιο

2406 4980 2454 5014 9⁸
2476 4979 2648 5034 Joan.
2682 4993 2802 5045 xw,
2829 4980 2915 5033 30.

1668 5161 1889 5230 Variae
1919 5161 2249 5230 lectiones
2280 5169 2344 5227 et
2387 5169 2586 5225 notae.

541 5362 654 5499 $19?
696 5360 932 5417 Inclusa
969 5360 1195 5417 absunt
1223 5364 1291 5415 Α.

564 5438 633 5488 20
689 5435 815 5499 Τοῦ,
847 5433 1015 5488 abest
1040 5438 1101 5487 Δ.

564 5433 654 5499 20)
689 5435 815 5499 Τοῦ,
847 5433 1015 5488 abest
1040 5438 1101 5487 Δ.

545 5502 659 5574 (21)
691 5502 929 5559 Inclusa
953 5504 1179 5559 absunt
1204 5504 1270 5559 A.

542 5574 653 5644 (22)
691 5574 926 5630 Inclusa
956 5576 1179 5631 absunt
1206 5576 1272 5630 Α.

550 5646 661 5720 (23)
727 5646 892 5719 Ὑμεῖς
937 5649 1005 5700 τὰ
1051 5646 1311 5721 κλήματα,
1365 5662 1437 5704 ex
1500 5661 1672 5703 versu
1728 5649 1778 5709 5,
1838 5644 1965 5712 Hic,
2022 5660 2132 5717 pro

2246 5373 2408 5413 more
2462 5372 2592 5421 suo,
2662 5354 2838 5411 infert
2877 5352 3184 5426 Chrysost.
3253 5357 3296 5410 t.
3369 5352 3516 5417 VIII,
3552 5366 3613 5424 p.
3646 5354 3751 5408 446
3784 5353 3844 5417 Β,

2242 5434 2442 5572 44(ρῆ
2459 5504 2576 5567 Καί,
2609 5502 2745 5555 ante
2777 5499 2801 5550 6
2836 5500 3038 5572 Πατὴρ,
3071 5496 3239 5568 quod
3271 5494 3588 5553 Hentenius
3615 5510 3847 5568 expres-

2243 5569 2333 5637 sit,
2361 5569 2571 5628 neuter
2621 5585 2899 5627 meorum
2928 5569 3133 5625 habet.

543 5817 642 5890 (tt)
662 5817 774 5875 Sed
800 5817 1067 5883 malitiae,
1107 5822 1214 5875 etc.
1246 5817 1551 5891 Siquidem
1580 5815 1789 5875 omnia
1806 5817 2089 5875 everteret
2117 5813 2473 5886 etdejiceret.
