4108 6376
170 339 307 402 i409

1160 327 1531 396 COMMENT.
1574 325 1642 394 1N
1678 334 2031 396 JOANNEM.
2071 368 2142 381 —
2181 326 2339 393 CAP.
2380 330 2498 391 xv.

3404 333 3545 393 1410

170 471 390 545 μελείας.
417 473 501 539 Τῷ
527 469 696 539 Πατρὶ
721 462 778 518 δε
803 464 898 524 τὴν
920 461 1208 538 ἐπιμέλειαν
1240 465 1408 517 αὐτῶν
1441 463 1767 531 ἀνατίθησιν,

1926 460 2037 517 atri
2064 465 2263 518 autem
2286 475 2491 516 curam
2513 473 2723 516 eorum
2755 455 3042 530 attribuit,
3071 461 3365 533 tanquam
3397 465 3540 532 Deo,

173 562 236 620 ὡς
266 565 410 629 Θεῷ·
458 553 665 617 δεικνὺς
696 557 776 608 ὃτι
810 561 1049 627 συνεργεῖ
1090 563 1196 615 τοῖς
1241 561 1636 629 καρποφοροῦσι
1684 558 1774 606 καὶ

171 648 378 710 κολάζει
403 650 519 706 τοὺς
549 651 619 716 μὴ
653 653 1134 720 καρποφοροῦντας.

245 742 352 790 Πᾶν
405 767 466 776 -
507 738 642 809 αἴρει
695 735 842 790 αὐτὸ.
888 740 995 786 Πᾶν
1040 734 1217 807 κλῆμα
1274 732 1321 785 ἐν
1380 734 1496 806 ἐμοὶ
1547 731 1776 806 βλαστῆ-

178 847 294 895 σαν,
338 831 427 878 καὶ
481 822 576 877 διὰ
603 829 828 886 πίστεως
886 826 1140 896 ἡνωμένον
1171 843 1283 896 μοι,
1329 827 1400 895 μὴ
1448 827 1596 895 φέρον
1650 842 1774 895 καρ-

175 920 291 984 πὸν,
354 919 513 987 ἤγουν
581 913 780 987 ἀρετὰς,
843 911 1081 965 ἐκκόπτει
1147 912 1273 964 αὐτὸ
1340 915 1408 974 ὡς
1472 913 1771 984 ἄχρηστον,

177 1011 265 1058 καὶ
315 1007 482 1076 πυρός
533 1003 698 1066 ἄξιον.
751 1006 945 1055 Λοιπὸν
1005 998 1092 1054 οὖν
1139 1007 1241 1064 πᾶς
1292 1004 1604 1074 Χριστιανὸς
1662 1006 1774 1073 μεν,

178 1096 410 1166 ἄκαρπος
458 1089 536 1160 δὲ,
565 1091 872 1144 ἐκκέκοπται
903 1092 1016 1160 (23)
1043 1098 1133 1143 τοῦ
1161 1098 1414 1164 Χριστοῦ,
1441 1095 1532 1142 καὶ
1585 1091 1628 1142 εἰ
1664 1089 1777 1161 (26)

181 1180 328 1236 δοκεῖ
361 1184 620 1254 συνῆφθαι
664 1181 804 1250 αὐτῷ
847 1177 940 1232 διὰ
966 1189 1062 1242 τῆς
1097 1185 1335 1246 πίστεως,
1370 1185 1459 1232 καὶ
1493 1187 1561 1250 τῷ
1591 1179 1779 1252 αἰωνίῳ

183 1277 305 1348 πυρὶ
336 1278 637 1346 τετήρηται,

256 1369 354 1416 Καὶ
401 1394 469 1403 -
501 1365 648 1435 φέρῃ.
705 1362 954 1434 Καθαίρει
997 1359 1123 1411 αὐτό
1172 1355 1266 1412 διὰ
1307 1367 1407 1410 τῶν
1458 1365 1778 1433 πειρασμῶν,

182 1460 513 1526 παραχωρῶν
566 1449 851 1522 ἐπάγεσθαι
910 1451 1120 1509 τούτους
1171 1448 1330 1518 αὐτῷ,
1365 1454 1464 1500 πᾶν
1518 1451 1607 1520 μὲν
1659 1445 1785 1519 βλα-

185 1542 328 1617 ϐερὸν
374 1539 700 1604 ἀποξέοντας,
739 1544 913 1591 πᾶσαν
969 1535 1028 1590 δὲ
1087 1536 1408 1612 στερρότητα
1437 1542 1525 1588 καὶ
1577 1539 1786 1607 γόνιμό-

184 1651 318 1689 τητα
368 1629 600 1691 πλείονος
656 1627 844 1702 ἀρετῆς
893 1627 1253 1700 ἐμποιοῦντας.
1285 1625 1396 1679 Ἰνα
1441 1623 1500 1678 δὲ
1546 1631 1618 1698 μὴ
1651 1627 1784 1677 υπο-

184 1719 414 1772 λάϐωσιν
478 1718 746 1794 ἀκάρπους
809 1715 937 1769 εἶναί
999 1737 1142 1778 τινας
1221 1716 1408 1781 αὐτῶν,
1473 1721 1562 1767 καὶ
1633 1715 1785 1767 πάλιν

1884 552 2206 608 ostendens
2226 549 2381 622 quod
2411 548 2505 604 his
2532 549 2630 620 qui
2661 547 3017 606 fructiﬁcant
3040 549 3252 606 auxilio
3278 559 3383 620 est,
3413 569 3545 610 eos-

1885 656 2002 712 que
2033 639 2205 712 punit
2233 639 2339 710 qui
2371 638 2625 694 fructum
2657 653 2780 695 non
2813 639 3033 696 ferunt.

1955 729 2124 785 Vers.
2149 733 2200 783 '2.
2238 731 2555 784 Omnem—
2582 728 2762 783 ιοιιιτ.
2792 728 3046 783 Omnem
3076 727 3407 800 palmitem,
3440 730 3545 804 qui

1883 834 1955 874 ex
1986 834 2083 873 me
2131 817 2500 888 germinavit,
2545 814 2813 888 mihique
2854 832 2958 888 per
2985 816 3165 872 ﬁdem
3209 820 3408 874 unitus
3438 825 3544 886 est,

1885 923 1995 963 nec
2027 910 2284 963 fructum
2315 905 2501 970 affert,
2525 905 2809 962 exscindit
2837 912 3120 978 tanquam
3173 907 3445 965 inutilem
3476 924 3547 965 ac

1886 996 2137 1066 dignum
2179 994 2336 1064 igne.
2365 994 2572 1050 Omnis
2594 995 2799 1066 itaque
2827 995 3210 1064 christianus,
3230 997 3334 1068 qui
3361 997 3549 1053 infru-

1889 1092 2135 1141 ctuosus
2166 1089 2274 1150 est,
2311 1101 2348 1140 a
2378 1083 2608 1140 Christo
2637 1085 2877 1141 excisus
2916 1091 3026 1151 est,
3061 1101 3412 1159 quanquam
3443 1102 3550 1159 per

1890 1173 2068 1230 fidem
2097 1173 2181 1229 illi
2209 1174 2571 1245 conjunctus
2601 1190 2734 1230 esse
2767 1173 3032 1231 videatur
3069 1180 3128 1231 et
3166 1180 3391 1232 aeterno
3431 1174 3550 1246 igni

1889 1268 2222 1320 reservatus
2242 1270 2353 1320 est.

1965 1353 2129 1410 Vers.
2163 1355 2215 1407 2.
2247 1353 2319 1408 Et
2369 1384 2438 1394 —
2475 1353 2706 1423 afferat.
2757 1353 2976 1424 Purgat
3011 1371 3150 1411 eum
3203 1369 3309 1426 per
3368 1359 3552 1413 tenta-

1893 1445 2107 1507 tiones,
2138 1442 2491 1514 permittens
2509 1449 2573 1498 ut
2591 1445 2652 1498 in
2678 1459 2820 1499 eum
2845 1444 3225 1500 inducantur.
3245 1443 3365 1500 Illas
3387 1460 3554 1501 nam-

1893 1549 2012 1606 que
2032 1533 2193 1604 quod
2211 1532 2506 1589 damnum
2528 1531 2721 1600 affert,
2745 1533 3070 1606 expoliunt,
3096 1549 3165 1589 ac
3179 1549 3359 1590 omne
3375 1534 3557 1590 robur

1899 1623 2310 1695 majoremque
2358 1623 2642 1679 virtutum
2680 1622 3043 1696 fertilitatem
3095 1628 3427 1680 accersunt.
3475 1626 3556 1680 Ne

1899 1719 2100 1768 autem
2130 1712 2366 1784 aliquos
2394 1729 2465 1767 ex
2489 1711 2632 1784 ipsis
2657 1712 3063 1769 infructuosos
3093 1729 3222 1769 esse
3251 1714 3560 1786 suspicen-

190 1808 524 1882 θορυϐηθώσι
553 1812 670 1880 περὶ
711 1807 898 1859 ἑαυτῶν
932 1807 1069 1878 (27),
1100 1812 1406 1880 προαναιρεῖ
1430 1810 1518 1857 τὸν
1557 1814 1785 1857 τοιουτου

1925 1817 2013 1866 ur,
2045 1808 2226 1874 atque
2248 1801 2323 1856 de
2357 1803 2567 1874 seipsis
2595 1803 2808 1857 iterum
2839 1801 3172 1870 turbentur,
3209 1802 3558 1873 hujusmodi

192 1898 428 1971 θόρυϐον,
457 1896 616 1969 λέγων
639 1915 651 1926 ·

258 1983 455 2046 ’Ἡδην.
505 2018 575 2027 -
613 1988 755 2059 ὑμῖν.
799 1986 1266 2060 Περικαθαρθέντες
1295 1993 1364 2056 τῷ
1421 1980 1790 2054 διδασκαλικῷ

187 2078 321 2150 λόγῳ
388 2097 510 2150 μου.
573 2074 726 2148 Ὁρᾷς
789 2078 867 2128 ὅτι
931 2075 974 2126 εἰ
1035 2079 1124 2126 καὶ
1176 2073 1405 2146 οῖμπελός
1453 2073 1612 2138 ἐστιν,
1665 2072 1791 2124 ἀλλά

189 2173 274 2218 καὶ
328 2169 576 2240 γεωργός.
632 2170 786 2222 Κοινὴ
819 2167 920 2237 γὰρ
977 2167 1005 2222 ὴ
1057 2166 1274 2221 τοιαύτη
1323 2167 1555 2237 γεωργία
1601 2167 1690 2214 καὶ
1720 2170 1792 2232 τῷ

193 2261 358 2330 Πατρὶ
400 2260 491 2307 καὶ
528 2263 601 2325 τῷ
640 2257 766 2326 Υἰῷ,
796 2257 970 2327 ὥσπερ
1014 2250 1078 2311 δὴ
1109 2259 1199 2305 καὶ
1239 2253 1417 2305 ref/lu.
1449 2251 1558 2305 Ἵνα
1608 2249 1667 2305 δὲ
1717 2257 1788 2325 μὴ

191 2347 287 2398 ὑπὸ
336 2353 430 2406 τῆς
474 2343 664 2404 πολλῆς
704 2341 902 2404 δειλίας
956 2342 1336 2415 ἀποσχισθώσι
1367 2351 1462 2403 τῆς
1516 2343 1588 2405 εἰς
1639 2342 1793 2394 αὐτὸν

193 2440 418 2497 πίστεως
452 2439 541 2486 καὶ
588 2437 838 2506 σχέσεως,
886 2435 1285 2504 κεχαυνωμένην
1335 2432 1502 2484 αὐτῶν
1546 2428 1652 2490 ἤδη
1699 2451 1794 2489 την

191 2524 374 2597 ψυχὴν
407 2523 722 2596 ἐπισφίγγει,
760 2527 850 2575 καὶ
877 2523 1044 2593 ἑαυτῷ
1080 2522 1360 2593 συγκολλᾴ,
1395 2521 1548 2574 εἰπών
1573 2538 1586 2550 ·

262 2621 484 2668 Mei-Iure
519 2645 580 2654 -—
603 2615 743 2685 ὑμῖν.
777 2614 994 2667 Μείνατε
1025 2611 1073 2663 ἐν
1105 2610 1240 2684 ἐμοὶ,
1272 2611 1686 2683 συγκολλὼμενοί
1705 2630 1796 2683 μοι

195 2703 524 2780 βεϐαιότερον
584 2701 677 2756 διὰ
736 2707 959 2763 πίστεως
1024 2699 1349 2754 ἀδιστάκτου
1411 2706 1501 2753 καὶ
1561 2706 1795 2773 σχέσεως

195 2794 481 2870 app-(mou,
519 2793 666 2865 κάγὼ
697 2801 829 2864 μενώ
863 2791 910 2843 ἐν
942 2793 1086 2864 ὑμῖν,
1122 2796 1286 2844 συνὼν
1334 2798 1395 2864 τῇ
1445 2788 1665 2863 δυνάμει
1707 2796 1797 2843 καὶ

192 2889 447 2960 περιέπων
485 2886 516 2942 ἤ
554 2886 788 2953 συνέχων
828 2884 985 2954 ὑμᾶς,
1026 2884 1091 2942 ὡς
1134 2881 1361 2954 ἄμπελος
1395 2881 1657 2954 κλήματα,
1708 2885 1797 2934 καὶ

193 2977 553 3047 καρποφόρους
584 2971 1020 3046 ἀπεργαζόμενος.

268 3155 452 3215 Καθὼς
479 3183 548 3193 -
574 3155 798 3224 μείνητε.
834 3146 974 3202 Οὐδὲ
1009 3151 1154 3222 ὑμεῖς
1177 3146 1406 3203 δύνασθε
1430 3156 1794 3223 καρποφορεῖν,
1829 3185 1871 3244 C

198 3240 280 3295 ἐὰν
312 3241 687 3314 ἀποσχισθῆτε
713 3248 808 3301 τῆς
841 3245 1120 3312 συναφείας
1142 3260 1264 3312 μου.

264 3335 400 3403 Ἐγὼ
478 3362 547 3372 —
584 3330 760 3384 πολύν.
839 3331 1114 3402 Σαφηνίζει
1157 3334 1249 3388 τὴν
1320 3327 1642 3403 παραϐολὴν,
1708 3335 1798 3382 καὶ

204 3427 383 3474 σκόπει
441 3427 547 3481 πῶς
608 3415 780 3472 εἶπεν·
850 3417 907 3471 Ὀ
983 3424 1145 3491 μένων
1204 3417 1252 3470 ἐν
1328 3417 1460 3491 ἐμοὶ,
1531 3421 1677 3490 κάγώ
1752 3423 1800 3470 ἐν

202 3511 361 3582 αὐτῷ,
432 3510 583 3571 οὗτος
650 3514 788 3583 φέρει
849 3512 1047 3583 καρπὸν
1122 3511 1301 3563 πολύν.
1390 3508 1640 3569 Πολλάκις
1699 3512 1801 3583 γὰρ

203 3605 336 3672 μένει
389 3603 482 3671 μέν
513 3619 595 3660 τις
638 3598 685 3650 ἐν
716 3607 787 3671 τῷ
832 3606 1070 3673 Χριστῷ,
1135 3602 1460 3671 συνημμένος
1516 3600 1654 3671 αὐτῷ
1713 3597 1808 3653 διὰ

203 3698 294 3752 τῆς
347 3696 587 3754 πίστεως,
650 3689 708 3740 οὗ
760 3693 898 3760 μένει
946 3685 1004 3740 δὲ
1052 3693 1141 3740 καὶ
1190 3690 1215 3740 ὁ
1261 3693 1489 3763 Χριστὸς
1543 3693 1591 3742 ἐν
1641 3690 1804 3761 αὐτῷ,

206 3778 654 3853 ἀποστρεφόμενος
734 3779 910 3844 αὐτὸν,
990 3781 1056 3840 ὡς
1134 3778 1354 3842 ἀναξίως
1431 3779 1590 3832 αὑτοῦ
1663 3779 1808 3832 πολι-

206 3873 494 3942 τευόμενον.
552 3867 718 3927 Οὗτος
758 3872 895 3939 φέρει
951 3869 1041 3940 μὲν
1111 3873 1330 3942 καρπὸν,
1401 3868 1572 3940 ὀλίγον
1631 3866 1711 3934 δὲ,
1761 3871 1809 3922 ἓν

207 3976 257 4008 τι
315 3956 598 4029 ἀγαθὸν,ἣ
651 3962 738 4008 καὶ
788 3953 884 4008 δύο
932 3977 1032 4009 που
1090 3954 1532 4031 διαπραξάμενος,
1583 3959 1810 4033 Ὀρῶμεν

210 4043 267 4100 δὲ
322 4053 412 4100 καὶ
464 4044 511 4098 ἐν
561 4044 803 4120 ἀμπέλοις
851 4053 1070 4098 τοιαῦτα
1121 4046 1382 4120 κλήματα,
1441 4047 1477 4100 ἂ
1545 4053 1616 4122 μή
1683 4071 1815 4123 χαι-

210 4146 410 4210 ρουσῶν
471 4135 649 4199 αὐτοῖς
697 4145 796 4188 τῶν
850 4135 1087 4208 ἀμπέλων
1141 4135 1403 4212 βοτρύδια
1468 4137 1652 4212 οἰκτρά
1699 4160 1816 4193 τινα

211 4231 473 4299 φέρουσιν.

278 4313 396 4368 Ὀτί
455 4343 516 4355 σ-
563 4311 732 4370 οὑδέν.
788 4314 986 4392 Ὠσπερ
1040 4312 1156 4369 οὐδ’
1196 4319 1244 4369 οἰ
1287 4316 1508 4390 βλαστοὶ
1567 4325 1638 4394 μὴ
1691 4319 1817 4374 ἀπο-

213 4402 453 4466 λαύοντες
487 4400 751 4470 δυνάμεως
801 4404 856 4457 ἐκ
907 4415 1000 4468 τῆς
1045 4407 1220 4481 ῥίζης.
1252 4407 1418 4461 Εἰπὼν
1471 4406 1529 4462 δὲ
1583 4409 1816 4486 ἀνωτέρω

215 4497 296 4547 ὅτι
351 4497 428 4548 Οὐ
517 4493 744 4548 δύνασθε
823 4505 1189 4573 καρποφορεῖν,
1281 4497 1364 4551 ἐάν
1426 4505 1498 4573 μὴ
1573 4499 1621 4554 ἐν
1701 4501 1811 4575 ἐμοὶ
1847 4544 1897 4603 D

289 4589 298 4600 .
529 4593 543 4600 -
613 4584 665 4603 κ,
867 4591 876 4602 .
956 4589 965 4600 .
1100 4584 1176 4603 ,ιι
1421 4597 1436 4603 -
1523 4594 1532 4603 .
1606 4589 1618 4603 ς
1726 4592 1738 4603 .
1792 4600 1810 4603 _.

215 4589 422 4656 μείνητε
447 4603 459 4614 ’
486 4593 574 4636 νῦν
613 4584 748 4657 λέγει
797 4591 885 4639 καὶ
915 4589 1002 4640 τὸν
1055 4584 1294 4640 κίνδυνον
1348 4597 1438 4641 τοῦ
1468 4594 1540 4663 μὴ
1599 4589 1646 4643 ἐν
1678 4592 1818 4666 αὐτῷ

216 4679 473 4746 μένοντος.

288 4765 406 4817 Ἐὰν
433 4795 501 4804 -
531 4763 726 4838 κλῆμα.
747 4763 836 4826 Ὠς
863 4768 919 4818 τὸ
950 4764 1126 4839 κλῆμα
1154 4769 1211 4820 τὸ
1233 4768 1530 4843 ἄχρηστον.

293 4948 389 4997 Καὶ
416 4943 694 5018 ἐξηράνθη.
749 4949 844 4998 Καὶ
878 4943 1137 4998 ἀπώλεσεν
1178 4945 1239 5005 ἣν
1281 4946 1420 5020 εἶχεν
1448 4946 1502 5001 ἐκ
1535 4956 1630 5012 τῆς
1670 4949 1822 5026 ῥίζης

223 5029 426 5104 ἰκμάδα
455 5035 695 5107 χάριτος.

295 5126 394 5175 Καὶ
437 5125 752 5193 συνάγουσιν
805 5125 954 5176 αὑτά.
993 5128 1093 5177 Καὶ
1152 5127 1442 5198 συνάγουσι
1489 5130 1557 5181 τὰ
1607 5134 1826 5182 τοιαῦτα

221 5209 466 5286 κλήματα
494 5214 542 5265 όὶ
573 5212 786 5286 ἄγγελοι
815 5216 951 5268 κατά
979 5217 1064 5267 τόν
1087 5219 1268 5292 καιρόν
1296 5225 1392 5280 τῆς
1419 5220 1663 5291 κρίσεως.

1901 1890 2188 1963 praevenit
2221 1891 2564 1956 tumultum,
2599 1891 2798 1946 dicens
2832 1909 2846 1950 :

1975 1981 2144 2038 Vers.
2177 1984 2232 2036 2.
2272 1982 2410 2036 Jam
2438 2011 2508 2019 —
2544 1979 2713 2035 vobis.
2769 1980 3012 2050 Purgati
3063 1995 3215 2046 meo,
3266 1996 3388 2053 quo
3448 1997 3558 2038 vos

1900 2071 2102 2141 docui,
2134 2085 2430 2125 sermone.
2460 2069 2647 2136 Vides,
2695 2069 2863 2141 quod
2894 2070 3028 2126 licet
3059 2069 3193 2126 vitis
3225 2070 3317 2136 sit,
3356 2074 3446 2126 est
3478 2078 3562 2127 ta-

1904 2175 2039 2215 men
2082 2161 2260 2215 etiam
2313 2159 2580 2229 agricola
2627 2177 2640 2226 ;
2700 2166 2788 2214 est
2818 2160 2973 2215 enim
3023 2161 3154 2215 haec
3196 2159 3564 2229 agricultura

1903 2248 2246 2305 communis
2287 2249 2445 2305 Patri
2484 2257 2540 2305 et
2571 2251 2731 2316 Filio,
2786 2248 2964 2305 veluti
3023 2265 3167 2305 sane
3218 2257 3275 2306 et
3303 2249 3438 2306 alia.
3481 2253 3562 2307 Ne

1904 2345 2106 2396 autem
2153 2355 2276 2411 prae
2331 2339 2522 2394 nimia
2559 2339 2877 2394 formidine
2907 2339 3248 2395 exciderent
3277 2356 3312 2396 a
3341 2339 3458 2397 ﬁde
3491 2355 3563 2397 ac

1903 2430 2134 2495 habitu,
2163 2444 2286 2500 quo
2303 2444 2446 2500 erga
2468 2444 2529 2484 se
2561 2427 2754 2484 affecti
2779 2433 2969 2497 erant,
2993 2428 3253 2485 laxatam
3282 2429 3406 2500 jam
3434 2431 3566 2486 ani-

1905 2534 2070 2574 mam
2100 2519 2396 2590 astringit,
2429 2518 2659 2590 sibique
2685 2518 3080 2589 conglutinat,
3107 2517 3314 2573 dicens
3339 2535 3353 2574 :

1979 2609 2138 2662 Vers.
2178 2609 2232 2661 4.
2264 2608 2496 2663 Moneta
2517 2637 2589 2646 —
2616 2607 2787 2662 vobis.
2817 2635 2889 2646 —
2935 2607 3176 2664 Manete
3219 2608 3281 2663 in
3329 2624 3444 2675 me,
3473 2607 3566 2664 fir-

1907 2696 2080 2751 miter
2108 2695 2254 2751 mihi
2307 2697 2688 2767 conglutinati
2745 2712 2852 2768 per
2899 2695 3084 2752 ﬁdem
3139 2695 3564 2766 indubitatam,

1905 2785 2301 2857 habitumque
2312 2785 2814 2851 indissolubilem,
2829 2791 3010 2855 etego
3025 2788 3285 2844 manebo
3300 2789 3359 2842 in
3377 2787 3565 2854 vobis,

1907 2873 2175 2946 potentia
2198 2875 2514 2930 vobiscum
2533 2890 2916 2944 permanens,
2931 2890 3156 2947 vosque
3179 2875 3568 2947 amplectens,

1909 2966 2340 3020 autcontinens
2353 2979 2484 3033 vos,
2505 2964 2652 3020 sicut
2669 2965 2800 3020 vitis
2823 2963 3114 3036 palmites,
3143 2980 3215 3020 ac
3238 2964 3570 3022 fructiferas

1909 3055 2188 3111 reddens.

1985 3148 2141 3201 Vers.
2176 3148 2229 3200 4.
2261 3144 2420 3200 Sicut
2453 3173 2520 3185 ——-
2552 3145 2902 3202 mansen'tis.
2928 3147 3129 3217 Neque
3175 3160 3281 3200 vos
3321 3143 3574 3200 fructiﬁ-

1911 3253 2046 3294 care
2077 3239 2338 3308 potestis,
2373 3237 2420 3291 si
2459 3253 2496 3293 a
2525 3237 2643 3291 mei
2675 3236 3096 3306 conjunctione
3135 3235 3571 3293 distrahamini.

1981 3327 2144 3382 Vers.
2182 3332 2231 3384 5.
2265 3328 2392 3398 Ego
2423 3356 2491 3368 —
2547 3327 2823 3382 multum.
2877 3326 3164 3398 Explanat
3192 3323 3569 3397 parabolam.

1913 3419 1979 3475 Et
1999 3417 2314 3473 considera
2352 3416 2658 3489 quomodo
2678 3415 2912 3471 dixerit:
2941 3416 3052 3483 Qui
3080 3421 3282 3472 manet
3311 3415 3375 3470 in
3400 3429 3492 3470 me
3517 3419 3572 3470 et

1913 3525 2014 3580 ego
2038 3508 2102 3563 in
2116 3523 2193 3578 eo,
2224 3507 2321 3564 hic
2334 3507 2456 3577 fert
2475 3508 2745 3577 fructum
2760 3506 3036 3561 multum.
3064 3508 3210 3561 Nam
3243 3503 3576 3577 frequenter

1917 3603 2122 3654 manet
2149 3597 2286 3670 quis
2325 3596 2682 3667 conjunctus
2711 3596 2770 3650 in
2792 3595 3020 3651 Christo
3049 3611 3153 3668 per
3181 3594 3361 3651 ﬁdem
3395 3609 3412 3662 ;
3451 3607 3576 3649 non

1919 3693 2120 3743 manet
2133 3692 2332 3742 autem
2348 3685 2613 3741 Christus
2628 3686 2688 3740 in
2700 3699 3088 3749 eo,aversans
3101 3683 3269 3739 illum
3285 3690 3578 3756 tanquam

1918 3777 2165 3846 indigne
2195 3791 2256 3831 se
2281 3782 2578 3846 gerentem
2605 3789 2629 3831 .'
2653 3774 2750 3830 hic
2790 3774 2902 3830 fert
2929 3773 3176 3846 quidem
3208 3773 3490 3837 fructum,
3521 3774 3582 3828 at

1921 3865 2439 3930 modicum,unum
2455 3871 2558 3920 aut
2571 3863 2812 3919 alterum
2827 3879 2979 3935 opus
2995 3863 3206 3918 bonum
3222 3859 3582 3934 obiter(mm)

1922 3955 2252 4028 perﬁciens.
2285 3953 2566 4010 Videmus
2597 3960 2796 4009 autem
2827 3959 2885 4008 et
2913 3954 2972 4008 in
3005 3953 3190 4008 vineis
3228 3950 3584 4023 hujusmodi

1924 4045 2220 4118 palmites,
2247 4045 2351 4116 qui
2379 4045 2525 4099 dum
2556 4043 2669 4098 illis
2699 4057 2821 4098 non
2852 4042 3117 4112 gaudent
3160 4042 3370 4108 vinem,
3403 4042 3582 4098 mise-

1924 4134 2142 4191 rabiles
2163 4133 2464 4206 quosdam
2488 4132 2685 4189 ferunt
2701 4133 3060 4188 racemulos.

1998 4314 2160 4370 Vers.
2267 4312 2413 4381 Quia
2437 4313 2730 4382 —facers.
2771 4314 3084 4384 Tanquam
3123 4310 3411 4381 germina,
3444 4325 3582 4384 quas

1925 4407 2141 4462 virtute
2185 4420 2218 4458 a
2261 4404 2458 4460 radice
2517 4402 2877 4474 procedente
2927 4416 3046 4456 non
3085 4399 3383 4456 fruuntur.
3436 4403 3586 4458 Cum

1929 4502 2128 4552 autem
2156 4493 2427 4566 superius
2447 4491 2655 4548 dixerit
2678 4492 2844 4548 :Non
2867 4493 3109 4560 potestis
3128 4491 3294 4562 ferre
3304 4493 3585 4561 fructum,

1931 4585 2050 4642 nisi
2073 4586 2132 4640 in
2163 4599 2252 4639 me
2276 4581 2622 4646 manseritis,
2651 4597 2812 4637 nunc
2859 4579 3032 4637 etiam
3081 4581 3416 4653 periculum
3447 4580 3591 4640 dicit

1929 4674 2060 4746 ejus
2089 4672 2194 4745 qui
2231 4672 2292 4727 in
2325 4686 2390 4727 se
2419 4685 2544 4727 non
2574 4669 2886 4727 manserit.

2006 4763 2164 4818 Vers.
2224 4765 2276 4818 6.
2307 4761 2806 4830 Nisi—palmes.
2859 4761 3166 4832 Tanquam
3219 4763 3592 4819 sarmentum

1928 4852 2156 4910 inutile.

2005 4945 2167 4999 Vers.
2211 4945 2262 4999 6.
2293 4941 2372 4998 Et
2412 4944 2734 4999 exarescet.
2767 4936 2834 4996 Et
2861 4937 3089 5011 perdet,
3111 4953 3295 5012 quem
3323 4937 3595 4998 habebat

1932 5030 2007 5090 ex
2028 5032 2227 5089 radice
2266 5030 2472 5104 gratias
2511 5030 2851 5087 humorem.

2006 5122 2169 5179 Vers.
2203 5126 2257 5178 6.
2284 5121 2368 5179 Et
2387 5122 2672 5192 colligent
2687 5135 2800 5177 eos.
2822 5121 2889 5174 Et
2912 5117 3368 5190 congregabunt
3392 5114 3594 5191 angeli

1933 5212 2289 5286 hujusmodi
2328 5217 2634 5270 sarmenta
2660 5211 2724 5268 in
2760 5209 2851 5268 die
2878 5207 3110 5282 judicii.

1402 5421 1631 5496 Varia:
1677 5422 2008 5495 lectiones
2044 5432 2344 5494 etnotae.

298 5640 411 5713 (25)
443 5641 780 5698 Ἐκκόπτεται
810 5647 866 5700 Β.

323 5717 408 5782 '26}
444 5715 609 5771 Forte
641 5716 686 5769 εἰ
713 5721 825 5782 καὶ,
852 5723 955 5774 aut
981 5713 1078 5772 κᾶν
1105 5715 1260 5782 δοκῇ.

323 5717 408 5782 '26}
444 5716 609 5771 Forte
641 5716 686 5769 εἰ
713 5721 825 5782 καὶ,
852 5723 955 5774 aut
981 5716 1078 5772 κάν
1105 5716 1221 5774 δοκὶ

296 5716 465 5861 imm)
496 5787 715 5847 Obiter.
748 5791 938 5850 Forte.
1209 5777 1221 5796 ‘

2014 5647 2130 5724 (27)
2169 5644 2242 5703 Δι’
2270 5654 2458 5719 αὐτῶν,
2489 5651 2556 5708 Α.
2589 5644 2759 5706 Forte
2799 5644 3093 5711 δι’ἐαυτοὺς
3123 5647 3322 5709 voluit.

2783 5793 2796 5820 ζ
