4108 6386
533 304 662 365 illi

605 437 775 493 Vers.
807 437 865 498 6.
894 432 973 494 Et
1007 468 1074 480 —-
1105 437 1444 511 conﬁcient.
1479 436 1800 494 Gebennas.

602 528 770 584 Vers.
789 532 840 584 6.
862 529 938 584 Et
951 528 1261 585 ardebant.
1281 526 1842 593 lnﬂammabuntur,
1857 541 1977 581 non
1994 529 2195 581 tamen

531 616 975 673 comburentur.
999 618 1128 673 Non
1150 623 1460 673 manentes
1481 622 1680 672 autem
1707 616 1766 671 in
1801 631 1882 681 se,
1906 615 2048 670 dicit
2078 629 2194 669 non

533 721 636 762 eos
667 706 886 779 solum,
919 708 1022 780 qui
1050 707 1242 764 abillo
1270 712 1409 762 sunt
1447 705 1741 778 amputali
1791 710 1892 760 aut
1919 704 2194 773 abscissi,

532 795 639 853 sed
683 801 739 852 et
783 795 912 852 illos
942 797 1048 869 qui
1091 813 1210 852 non
1243 796 1490 852 ﬁrmiter
1521 811 1658 851 cum
1691 809 1762 851 eo
1809 793 2190 865 copulantur.

601 886 763 942 Vers.
795 891 856 944 7.
893 887 961 942 Si
993 917 1059 927 —
1095 885 1274 942 vobis.
1307 886 1456 942 Nihil
1487 885 1641 940 enim
1670 884 1980 954 indignum
2011 887 2190 956 petet,

529 976 632 1048 qui
661 974 722 1031 in
757 975 850 1031 Dei
896 977 1202 1048 praeceptis
1234 982 1528 1031 versatur.
1569 973 1897 1031 Considera
1922 989 2059 1028 vero
2079 973 2192 1028 hoc

528 1079 660 1120 esse
693 1064 985 1120 Christum
1014 1064 1074 1120 in
1106 1064 1410 1137 discipulis
1449 1079 1713 1128 manere,
1747 1062 1932 1120 verba
1957 1062 2088 1133 ejus
2129 1062 2191 1118 in

527 1153 640 1210 illis
670 1169 932 1220 manere,
968 1154 1090 1210 sive
1120 1155 1362 1222 servari,
1400 1158 1502 1210 aut
1532 1169 1705 1226 opere
1724 1151 1951 1225 perﬁci.

601 1241 763 1298 Vers.
797 1247 849 1299 8.
882 1243 955 1298 In
983 1273 1052 1286 —
1082 1243 1362 1312 a/Temtis.
1407 1275 1471 1284 —
1501 1243 1871 1311 Gloriﬁcatus
1914 1247 2017 1308 est,
2074 1242 2190 1298 hoc

528 1337 632 1398 est,
656 1332 1118 1389 Gloriticabitur.
1147 1334 1212 1389 Ut
1243 1331 1524 1399 aﬁ'eratis,
1553 1331 1611 1388 id
1639 1337 1749 1398 est,
1780 1333 1825 1387 si
1855 1331 2185 1389 attuleritis.

526 1423 704 1480 Multa
725 1423 1022 1495 siquidem
1050 1428 1184 1479 sunt
1230 1423 1396 1496 apud
1425 1424 1789 1496 Scripturam
1835 1420 2187 1494 huiusmodi

530 1511 838 1569 idiomata.

601 1670 758 1744 Vers.
820 1689 875 1746 8.
927 1690 1004 1745 Et
1037 1720 1105 1730 -—
1169 1690 1473 1760 discipuli.
1519 1688 1770 1748 Perfecti
1819 1687 2184 1747 etﬁciamini.

1861 294 2210 363 EUTHYMII
2250 293 2583 360 ZlGABENl
3774 309 3903 368 4m

2227 435 2274 490 Α
2379 439 2574 488 Καὶ-
2601 432 2878 507 βάλλουσι.
2908 438 2977 489 Τὸ
3007 442 3101 498 τῆς
3131 438 3358 508 γεέννης.

2379 529 2479 576 Καὶ
2531 528 2752 578 καίεται.
2791 527 2891 576 Καὶ
2951 523 3240 596 φλέγονται,
3276 523 3333 576 οὐ
3364 528 3467 596 μὴν
3514 529 3901 582 κατακαίονται.

2305 611 2380 662 Οὐ
2403 616 2648 683 μένοντας
2675 610 2732 665 δὲ
2758 612 2806 664 ἐν
2825 613 2963 684 αὐτῷ
2993 614 3128 686 λέγει
3151 615 3209 666 οὐ
3237 620 3391 686 μόνον
3407 617 3525 674 τοὺς
3550 613 3901 680 ἀποκοπέντας

2303 701 2330 759 ἦ
2403 700 2831 774 ἀποσχισθέντας
2895 704 3075 769 αὐτοῦ,
3145 702 3274 755 ἀλλά
3333 708 3423 756 καὶ
3484 707 3600 764 τοὺς
3661 701 3900 776 μηδολως

2304 811 2470 864 σνναφ
2479 794 2654 852 θέντας
2685 793 2846 863 αὐτῷ.

2374 881 2490 934 Ἐὰν
2543 912 2611 922 —-
2676 883 2822 954 ὑμῖν.
2885 880 3054 935 Οὐδὲν
3113 884 3214 956 γὰρ
3285 881 3492 945 ἀνάξιον
3554 882 3896 942 αἰτήσεταιὸ

2299 977 2414 1031 ταῖς
2444 968 2670 1032 ἐντολαῖς
2700 979 2790 1023 τοῦ
2823 979 2957 1024 Θεοῦ
2988 969 3469 1044 ἐμπολιτευόμενος.
3505 977 3692 1025 Σκόπει
3739 969 3797 1025 δὲ
3825 975 3898 1026 ὅτι

2299 1065 2447 1112 τοῦτό
2479 1059 2592 1113 ἐστι
2615 1064 2671 1113 τὸ
2705 1066 2869 1133 μένειν
2900 1065 2984 1114 τὸν
3013 1065 3242 1136 Χριστὸν
3288 1060 3336 1113 ἐν
3379 1068 3484 1124 τοῖς
3520 1064 3803 1134 μαθηταῖς,
3843 1068 3896 1115 τὸ

2297 1152 2364 1201 τὰ
2409 1150 2622 1224 ῥήματα
2666 1151 2826 1204 αὐτοῦ
2869 1154 3035 1223 μένειν
3067 1151 3114 1203 ἐν
3160 1151 3347 1214 αὐτοῖς,
3402 1154 3567 1204 εἶτονν
3605 1153 3894 1224 τηρεῖσθαι,

2298 1237 2635 1314 ἐνεργεῖσθαι.

2367 1327 2446 1382 Ἐν
2504 1361 2572 1371 -
2621 1333 2824 1402 φέρητε.
2878 1333 2947 1382 T6
3005 1332 3097 1402 μὲν
3145 1325 3429 1394 ἐδοξάσθη,
3485 1328 3595 1382 ἀντὶ
3652 1337 3766 1395 τοῦ,
3819 1327 3898 1384 δο-

2299 1417 2532 1480 ξάζεται.
2557 1421 2625 1471 Τό
2660 1415 2717 1471 δὲ
2749 1419 2830 1470 ἵνα
2862 1423 3065 1494 φέρητε,
3100 1417 3215 1471 ἀντὶ
3245 1426 3335 1471 τοῦ
3367 1421 3451 1472 ἐὰν
3494 1423 3701 1493 φέρητε.
3738 1419 3898 1472 Πολλά

2297 1511 2399 1582 γαρ
2423 1515 2640 1561 τοιαῦτα
2675 1504 2939 1580 ἰδιώματα
2967 1510 3110 1583 παρὰ
3137 1516 3200 1582 τῇ
3236 1515 3436 1583 Γραφῇ.

2371 1694 2471 1743 Καὶ
2514 1721 2581 1728 -
2627 1689 2881 1762 μαθηταί.
2922 1689 3436 1764 ’Δπαρτισθὴσεσθε.
3498 1693 3894 1763 Παρατηρητέον

534 1777 994 1834 Observandum
1021 1779 1218 1851 igitur,
1250 1780 1416 1852 quod
1464 1778 1514 1834 is
1571 1780 1676 1852 qui
1726 1779 1977 1836 fructum
2016 1778 2185 1835 affert

2298 1778 2384 1833 οὖν
2437 1781 2517 1832 ὅτι
2564 1780 2589 1830 ὁ
2646 1783 2843 1853 καρπόν
2897 1779 3053 1830 πολὺν
3109 1781 3292 1853 φέρων,
3348 1778 3498 1840 οὗτος
3561 1778 3897 1852 ἀπαρτίζεται

527 1867 862 1940 copiosum,
889 1867 983 1923 hic
1012 1868 1304 1944 perfectus
1330 1869 1576 1924 efﬁcitur
1603 1870 1805 1926 Christi
1836 1868 2184 1941 discipulus.

527 1955 849 2013 Gloriticari
893 1965 1093 2014 autem
1141 1958 1288 2014 dixit
1317 1961 1547 2014 Patrem
1579 1964 1635 2014 et
1672 1960 1954 2028 gaudere,
2000 1959 2058 2013 in
2087 1974 2188 2014 co-

525 2046 698 2117 piosa
719 2045 1174 2102 fructiﬁcatione
1206 2053 1261 2103 et
1291 2047 1551 2120 perfecto
1577 2047 1940 2120 discipulatu
1967 2047 2181 2120 ipsius,

526 2134 856 2192 adhortans
895 2153 997 2192 eos
1023 2137 1101 2192 ad
1128 2136 1284 2192 hanc
1322 2153 1469 2200 rem,
1497 2143 1784 2210 tanquam
1819 2137 1898 2194 ad
1929 2136 1990 2193 id
2019 2138 2186 2210 quod

529 2225 782 2281 Domino
809 2231 1046 2295 gratum
1098 2231 1211 2283 est.

600 2311 762 2370 Vers.
795 2315 848 2368 9.
874 2315 1045 2371 Sicut
1079 2348 1139 2356 —
1170 2330 1285 2372 vos.
1344 2317 1424 2371 Eo
1469 2316 1651 2372 modo
1691 2332 1807 2388 quo
1833 2333 1930 2373 me
1984 2315 2188 2372 dilexit

529 2404 717 2469 Pater,
781 2409 1067 2477 tanquam
1127 2404 1392 2461 videlicet
1440 2404 1758 2462 facientem
1821 2406 2184 2462 voluntatem

528 2510 702 2550 suam
757 2515 769 2547 :
838 2493 920 2550 ita
961 2499 1016 2549 et
1070 2509 1182 2564 ego
1231 2495 1407 2550 dilexi
1451 2512 1578 2560 vos,
1622 2501 1911 2568 tanquam
1967 2495 2188 2552 scilicet

527 2584 812 2641 facientes
861 2583 1228 2639 voluntatem
1259 2599 1471 2640 meam.

546 2743 550 2748 ν
596 2674 657 2729 In
676 2673 1153 2745 praecedentibus
1199 2673 1447 2744 quidem
1489 2673 1630 2730 data
1657 2678 1743 2730 est
1770 2691 1806 2730 a
1857 2675 2032 2732 nobis
2069 2675 2187 2731 dis-

525 2761 728 2819 tinctio
753 2762 828 2817 de
857 2765 1027 2827 sicut,
1069 2764 1559 2834 quemadmodum
1592 2769 1647 2820 et
1672 2764 1987 2831 similibus,
2018 2766 2187 2838 quod

526 2868 662 2908 cum
677 2851 750 2907 de
765 2851 955 2916 Patre,
977 2851 1116 2908 Filio
1130 2869 1197 2908 ac
1217 2853 1432 2923 Spiritu
1449 2860 1655 2910 sancto
1669 2854 1966 2921 dicuntur,
1983 2871 2183 2928 aequa-

523 2940 751 2998 litatem
781 2940 1122 3010 signiﬁcant
1145 2957 1159 3008 ;
1179 2959 1317 2997 cum
1346 2958 1486 2999 vero
1513 2941 1585 2998 de
1609 2946 1724 3000 Deo
1739 2949 1795 2999 et
1816 2944 2184 3014 hominibus,

525 3030 979 3087 similitudinem
1027 3029 1386 3102 designant:
1427 3047 1632 3088 verum
1674 3031 2005 3089 similitudo
2062 3049 2186 3090 non

525 3119 752 3190 ubique
776 3134 878 3190 per
906 3119 1112 3176 omnia
1141 3119 1402 3193 quadrat
1441 3120 1593 3194 (nn).

596 3210 762 3266 Vers.
796 3215 848 3268 9.
881 3210 1116 3268 Manete
1144 3241 1214 3274 _,—
1254 3228 1394 3267 mea.
1449 3213 1705 3268 Rursum
1759 3211 2030 3284 astringit
2060 3211 2186 3269 illos

525 3299 605 3357 ad
635 3316 718 3356 se.

595 3388 762 3446 Vers.
795 3394 880 3447 10.
905 3389 976 3447 Si
1007 3421 1072 3431 —
1110 3390 1444 3448 dilectione.
1505 3393 1566 3448 Et
1595 3393 1906 3464 quomodo
1934 3392 2185 3449 moreris

523 3479 684 3536 velut
713 3479 900 3536 homo
933 3496 1141 3536 carens
1168 3481 1393 3537 auxilio
1424 3480 1451 3536 ?
1481 3482 1633 3547 Quia
1683 3482 1805 3538 vult
1851 3483 1967 3539 hoc
2020 3486 2187 3540 Pater

524 3573 578 3625 et
627 3585 761 3640 ego,
794 3585 902 3642 pro
953 3569 1271 3626 hominum
1326 3570 1538 3627 salute:
1583 3573 1726 3644 quia
1754 3572 1909 3628 hanc
1950 3588 2188 3644 quoque

521 3675 649 3716 rem
680 3659 835 3716 duco
875 3659 1149 3730 gloriam.
1185 3660 1342 3717 Sicut
1367 3677 1512 3731 ergo
1533 3677 1644 3732 ego
1670 3661 1919 3719 dilectus
1946 3679 1981 3720 a
2023 3667 2187 3719 Patre

524 3753 726 3806 tamen
756 3764 860 3820 pro
886 3748 1054 3804 vobis
1075 3749 1323 3814 morior,
1347 3749 1431 3804 sic
1461 3755 1516 3806 et
1543 3767 1646 3806 vos
1674 3751 1756 3807 ita
1776 3767 1812 3808 a
1841 3768 1937 3808 me
1965 3753 2183 3820 dilecti,

521 3838 863 3894 moriemini
913 3843 1114 3894 tamen
1161 3854 1272 3911 pro
1305 3855 1419 3896 me.
1464 3841 1615 3896 Nam
1642 3840 1988 3913 hujusmodi
2032 3859 2186 3899 mors

516 3926 693 4002 juxta
704 3927 1144 4002 beneplacitum
1160 3935 1393 4000 est,non
1408 3947 1478 3987 ex
1497 3931 1631 3987 odio
1643 3937 1744 3988 aut
1762 3933 2182 3990 imbecillitate.

594 4016 756 4072 Vers.
785 4017 872 4072 11.
895 4017 1036 4074 Ηίεσ
1053 4050 1120 4059 -
1140 4026 1401 4076 maneat.
1428 4021 1974 4079 Heacconsolatoria
1999 4023 2186 4081 verba

522 4105 757 4163 locutus
811 4123 946 4163 sum
994 4108 1183 4176 vobis,
1220 4110 1324 4182 qui
1367 4111 1446 4166 ob
1491 4127 1688 4167 meam
1738 4112 2184 4169 discruciamini

523 4201 812 4264 mortem;
845 4197 1233 4268 utgaudium,
1265 4199 1430 4271 quod
1448 4206 1574 4256 erat
1615 4207 1856 4273 propter
1882 4218 2000 4267 me,
2021 4202 2185 4274 quod

522 4285 599 4341 de
620 4302 716 4341 me
746 4287 1120 4356 gaudebatis,
1170 4288 1359 4344 donec
1389 4289 1741 4345 advenirent
1791 4289 1922 4345 haec
1973 4292 2180 4359 tristia,

521 4390 647 4432 non
676 4380 1130 4448 corrumpatur;
1160 4377 1266 4433 sed
1291 4377 1350 4433 in
1378 4377 1548 4434 vobis
1594 4385 1855 4445 maneat,
1894 4396 2034 4436 cum
2064 4397 2185 4438 cer-

521 4463 702 4522 tiores
743 4465 878 4522 facti
891 4465 1040 4536 sitis,
1065 4466 1230 4540 quod
1241 4483 1361 4524 non
1375 4468 1709 4540 relinquam
1739 4484 1835 4525 vos
1860 4470 2179 4541 orphanos,

517 4553 620 4613 sed
647 4557 868 4612 iterum
908 4555 1143 4614 veniam
1175 4557 1256 4614 ad
1282 4573 1410 4618 vos.

593 4804 754 4862 Vers.
794 4805 877 4862 H.
905 4805 987 4863 Et
1013 4839 1079 4849 —
1119 4809 1512 4879 compleatur.
1559 4812 1623 4864 Et
1648 4815 1706 4867 ut
1747 4812 2035 4882 gaudium
2087 4828 2182 4872 ve-

523 4899 736 4968 strum,
754 4896 918 4969 quod
937 4896 1012 4952 de
1028 4914 1122 4954 me
1146 4903 1256 4965 est,
1272 4899 1665 4971 compleatur,
1683 4901 1921 4958 sicutab
1935 4904 2180 4960 exordio

521 4985 651 5056 ejus
667 4986 1131 5058 exspectabatis,
1166 4995 1477 5059 sperantes
1524 5005 1762 5063 semper
1784 5009 2020 5048 mecum
2043 5009 2180 5050 con-

520 5075 769 5134 versari.

593 5164 755 5221 Vers.
813 5169 894 5221 l2.
939 5163 1060 5224 Hoc
1096 5182 1302 5225 --vos.
1357 5163 1427 5225 Ut
1478 5165 1736 5240 diligatis
1778 5189 1881 5228 vos
1929 5173 2179 5231 invicem

521 5253 676 5310 adeo
703 5253 1103 5321 vehementer,
1138 5261 1202 5312 ut
1229 5256 1399 5314 etiam
1421 5275 1529 5331 pro
1560 5261 1726 5318 vobis
1775 5263 2028 5318 invicem
2056 5280 2178 5320 mo-

522 5341 761 5400 riamini
801 5356 962 5415 :ego
1022 5344 1182 5401 enim
1232 5344 1316 5402 sic
1348 5345 1530 5406 dilexi
1583 5366 1709 5416 vos,
1742 5357 1802 5407 ut
1855 5353 2036 5408 etiam
2078 5369 2183 5424 pro

2297 1872 2538 1943 μαθητὴς
2590 1877 2681 1920 τοῦ
2720 1875 2975 1942 Χριστοῦ.
3008 1866 3328 1930 Δοξάςεσθαι
3387 1863 3466 1935 δὲ,
3526 1872 3646 1927 ἤτοι
3695 1871 3896 1940 χαίρειν

2295 1964 2380 2012 τὸν
2409 1963 2613 2031 Πατέρα
2667 1954 2820 2027 εἶπεν,
2853 1955 2900 2009 ἐν
2932 1965 2992 2030 τῇ
3023 1957 3182 2029 πολλῇ
3229 1962 3559 2031 καρποφορίᾳ
3601 1961 3696 2009 καὶ
3740 1957 3896 2028 τελεία

2295 2050 2554 2122 μαθητείᾳ
2589 2046 2769 2111 αὐτοῦ,
2802 2051 3213 2121 προτρεπόμενος
3242 2045 3434 2108 αὐτοὺς
3464 2045 3548 2099 ἐπὶ
3577 2049 3634 2098 τὸ
3661 2051 3893 2121 πρᾶγμα,

2296 2141 2366 2201 ὡς
2394 2142 2476 2191 επὶ
2504 2133 2852 2190 εὖαπόδεκτον
2878 2145 2947 2208 τῷ
2977 2144 3108 2208 Θεῷ.

2371 2321 2556 2380 Καθὼς
2603 2348 2670 2359 -
2701 2319 2856 2390 ὑμᾶς.
2887 2315 2982 2370 Ὃν
3013 2320 3202 2389 τρόπον
3248 2316 3496 2389 ἠγάπησε
3525 2334 3588 2389 με
3618 2317 3644 2367 ὁ
3698 2320 3892 2390 Πατὴρ,

2297 2411 2360 2468 ὡς
2403 2414 2650 2459 ποιοῦντα
2696 2402 2904 2464 δηλαδὴ
2938 2408 2996 2457 τὸ
3057 2407 3256 2478 θέλημα
3304 2405 3464 2457 αὐτοῦ
3491 2421 3504 2434 ⁸
3567 2405 3705 2457 οὕτω
3761 2403 3893 2476 κάγὼ

2297 2499 2556 2569 ἠγάπησα
2585 2498 2739 2569 ὑμᾶς,
2767 2498 2834 2558 ὡς
2867 2503 3141 2557 ποιοῦντας
3171 2498 3229 2547 1'6
3263 2495 3461 2568 θέλημά
3488 2514 3612 2566 μου.

2369 2584 2788 2662 Προδιέσταλται
2815 2582 2872 2638 δε
2903 2587 3027 2658 ἡμῖν
3055 2586 3135 2636 ὅτι
3169 2587 3226 2637 τὸ
3257 2585 3427 2644 καθὼς
3454 2589 3545 2637 καὶ
3572 2585 3639 2636 τὰ
3664 2590 3892 2647 τοιαῦτα,

2297 2679 2416 2730 ὅταν
2447 2680 2536 2749 μὲν
2565 2675 2648 2729 ἐπὶ
2686 2683 2776 2728 τοῦ
2824 2679 3028 2750 Πατρός
3070 2680 3160 2728 καὶ
3198 2681 3288 2726 τοῦ
3334 2676 3458 2727 Υίοῦ
3487 2677 3703 2726 καὶτοῦ
3750 2673 3892 2746 ἁγίου

2301 2770 2591 2840 ΙΙνεύματος
2632 2767 2902 2838 λέγωνται,
2935 2765 3158 2824 ἰσότητα
3210 2760 3461 2822 δηλοῦσιν
3488 2785 3500 2796 ο
3533 2765 3654 2817 ὅταν
3713 2760 3771 2818 δὲ
3816 2762 3892 2815 ἐπὶ

2297 2865 2430 2911 Θεοῦ
2475 2862 2561 2910 καὶ
2619 2855 2919 2930 ἀνθρώπων,
2970 2858 3258 2928 ὁμοιότητα
3314 2859 3701 2927 σημαίνουσιν·
3754 2855 3782 2913 ἡ
3839 2850 3892 2906 δὲ

2297 2950 2539 3020 ὁμοιότης
2566 2947 2623 2999 οὐ
2650 2948 2983 3000 παντάπασιν
3019 2944 3432 3020 ἀπαράλλακτος.

2368 3204 2586 3254 Μείνατε
2624 3231 2681 3239 -
2714 3196 2831 3271 ἐμῇ.
2864 3195 3023 3250 Πάλιν
3054 3194 3353 3269 ἐπισφίγγει
3379 3195 3589 3257 αὐτούς.

2369 3379 2486 3433 Ἐὰν
2531 3410 2599 3420 -—-
2646 3377 2845 3449 ἀγάπη.
2900 3382 3000 3430 Καὶ
3057 3384 3161 3437 πῶς
3209 3374 3580 3443 ἀποθνήσκεις,
3636 3375 3763 3427 ὡσεὶ
3808 3373 3893 3424 οἶν-

2300 3474 2496 3544 θρωπος
2543 3467 2873 3535 ἀϐοήθητος;
2924 3471 3066 3519 Διότι
3122 3465 3249 3518 θελει
3303 3473 3457 3517 τοῦτο
3512 3469 3602 3516 καὶ
3638 3466 3664 3516 6
3721 3467 3889 3535 Πατὴρ

2296 3559 2441 3632 κάγὼ
2487 3562 2613 3634 ὑπὲρ
2669 3565 2762 3619 τῆς
2823 3561 3080 3631 σωτηρίας
3136 3564 3236 3608 τῶν
3296 3553 3595 3628 ἀνθρώπων,
3653 3553 3762 3606 ἐπεὶ
3810 3555 3892 3604 καὶ

2298 3647 2455 3714 δόξαν
2509 3653 2566 3702 τὸ
2629 3654 2850 3723 πρᾶγμα
2908 3650 3134 3719 ἥγημαι.
3187 3645 3389 3718 Ὠσπερ
3432 3640 3519 3696 οὖν
3573 3642 3692 3716 ἐγὼ,
3743 3643 3892 3701 οὕτως

2299 3739 2631 3812 ἀγαπώμενος
2673 3739 2772 3789 ὑπὸ
2827 3743 2918 3788 τοῦ
2975 3739 3196 3810 Πατρός,
3264 3736 3403 3797 ὅμως
3453 3732 3771 3791 ἀποθνήσκω
3823 3727 3890 3783 δι’

2295 3832 2430 3903 ὑμᾶς
2455 3849 2467 3861 '
2495 3828 2630 3880 οὕτω
2655 3832 2745 3878 καὶ
2785 3828 2950 3898 ὑμεῖς,
3009 3825 3173 3886 οὕτως
3225 3821 3558 3896 ἀγαπώμενοι
3591 3823 3716 3896 παρ’
3751 3820 3889 3885 ἐμοῦ,

2295 3921 2434 3991 ὅμως
2487 3916 2831 3969 ἀποθανεῖσθε
2895 3911 2969 3967 δι’
3027 3916 3131 3987 ἐμέ.
3206 3913 3333 3966 Κατ’
3405 3908 3648 3964 εὐδοκίαν
3719 3913 3817 3983 γὰρ
3867 3909 3890 3959 6

2926 4005 2984 4057 οὗ
3037 4006 3171 4056 κατά
3245 4000 3579 4076 ἀποστροφὴν
3648 4002 3676 4059 ἡ
3750 3999 3892 4052 ἀσθέ-

2293 4016 2527 4070 τοιοῦτος
2606 4008 2843 4072 θάνατος,

2292 4117 2448 4151 νειαν.

2362 4193 2541 4239 Ταῦτα
2585 4217 2647 4227 -—
2677 4189 2847 4257 μείνῃ.
2897 4190 3076 4236 Ταῦτα
3104 4185 3170 4235 τά
3224 4181 3636 4256 παραμυθητικά
3684 4181 3889 4255 ῥήματα

2291 4276 2548 4334 λελάληκα
2578 4277 2697 4347 ὑμῖν
2754 4273 3048 4346 ἀνιωμένοις
3101 4271 3184 4326 ἐπὶ
3212 4279 3282 4343 τῷ
3345 4273 3544 4343 θανάτῳ
3574 4289 3696 4343 μου,
3753 4269 3882 4324 ἰναή

2291 4370 2440 4440 χαρὰ
2494 4368 2522 4424 ἡ
2579 4361 2652 4416 δι’
2706 4363 2810 4436 ἐμὲ,
2865 4363 2924 4422 ἢν
2977 4361 3216 4436 ἐχαίρετε
3268 4361 3347 4414 ἐπ’
3408 4360 3522 4433 ἐμοὶ
3576 4363 3742 4432 μέχρι
3795 4366 3886 4408 τῶν

2297 4458 2618 4531 σκυθρωπῶν
2649 4457 2863 4520 τούτοιν,
2896 4457 2967 4526 μὴ
3003 4452 3286 4526 ἀφανισθῇ,
3488 4449 3536 4502 ἐν
3583 4451 3705 4521 ὑμῖν
3743 4452 3882 4522 μείνῃ

2296 4544 2683 4618 βεϐαιωθεῖσιν,
2739 4543 2955 4596 ὅτιούκ
3001 4541 3187 4615 ἀφήσω
3240 4544 3377 4614 ὑμᾶς
3435 4540 3709 4615 ὀρφανοὺς,
3770 4535 3887 4589 ἀλλά

2291 4635 2446 4689 πάλιν
2477 4637 2704 4710 ἔρχομαι
2725 4637 2850 4708 πρὸς
2881 4634 3036 4705 ὑμᾶς.

2365 4821 2466 4871 Καὶ
2505 4813 2864 4892 -πληρωθῇ,
2901 4819 3001 4869 Καὶ
3033 4814 3116 4866 ἵνα
3144 4813 3174 4872 ἡ
3217 4815 3366 4886 χαρά
3409 4813 3552 4885 ὑμῶν
3599 4811 3629 4870 ἡ
3674 4809 3750 4863 ἐπ’
3781 4806 3885 4882 ἐμοὶ

2290 4906 2562 4980 πληρωθῇ,
2593 4909 2662 4969 ὡς
2699 4905 2746 4958 ἐν
2805 4904 2947 4981 ἀρχῇ
2982 4904 3142 4965 αὐτῆς
3173 4899 3549 4977 προσεδοκᾶτε,
3604 4900 3886 4963 ἐλπίζοντες

2292 4996 2370 5050 ἀεί
2401 5015 2490 5070 μοι
2522 5004 2766 5051 σύνεῖναι.

2363 5175 2505 5234 Αὕτη
2585 5205 2652 5216 -
2719 5173 2874 5248 ὑμᾶς.
2954 5169 3066 5227 Ἵνα
3131 5170 3368 5245 ἀγαπᾶτε
3440 5167 3691 5232 ἀλλήλους
3758 5165 3884 5220 οὕτω

2294 5261 2556 5340 σφοδρῶς,
2590 5268 2658 5327 ὡς
2681 5269 2772 5317 καὶ
2802 5265 2928 5337 ὑπερ
2960 5262 3190 5321 ἀλλήλων
3220 5259 3568 5320 ἀποθνήσκειν
3589 5276 3601 5289 ·
3632 5259 3762 5311 οὕτω
3789 5257 3882 5328 γὰρ

2289 5355 2437 5429 κάγὼ
2475 5356 2735 5428 ἠγάπησα
2781 5354 2939 5427 ὑμᾶς,
2970 5355 3040 5417 ὡς
3068 5356 3158 5405 καὶ
3204 5352 3329 5426 ὑπὲρ
3360 5351 3502 5426 ὑμῶν
3549 5347 3883 5409 ἀποθνήσκειν

1744 5558 1962 5630 Variae
2004 5561 2326 5635 lectiones
2361 5571 2427 5633 et
2473 5571 2676 5633 notae.

593 5741 720 5830 (nn)
761 5743 1055 5820 Quadral.
1084 5746 1330 5822 Similis,
1364 5765 1489 5812 non
1527 5749 1843 5818 absimilis.
