4108 6404
194 342 352 405 1413
1268 330 1628 396 (ιιιΜιιΕΝΤ.
1675 333 1743 394 IN
1783 330 2130 394 JOANNEM.
2173 370 2240 380 —
2283 331 2443 395 CAP.
2490 326 2610 393 xv.
3442 328 3586 391 {tu

192 471 343 533 ἤδη.
405 480 642 543 Συνεχως
702 466 760 522 δὲ
825 470 889 520 τά
958 476 1177 521 τοιαῦτα
1241 468 1392 539 λέγει,
1457 466 1813 531 ἀνεξάλειπτον

1968 464 2103 522 obis
2122 465 2251 538 jam
2276 462 2526 521 moriar.
2550 463 2913 537 Frequenter
2941 463 3146 521 autem
3166 460 3309 519 talia
3338 460 3499 529 dicit,
3522 465 3590 517 ut

188 572 330 626 ταῖς
358 558 606 637 καρδίαις
637 559 804 611 αὐτῶν
837 557 1161 630 ἐγκολοίπτων
1187 563 1281 617 τὴν
1309 558 1535 629 ἀγάπην,

1967 557 2216 612 ordibus
2241 572 2452 612 eorum
2478 554 2831 611 charitatem
2852 552 3245 610 indelebiliter
3271 551 3589 623 insculpat.

282 653 421 728 ’Ὀρα
460 649 518 704 δὲ
569 652 865 722 θαυμασίαν
914 651 1114 722 supr/Iw
1161 645 1425 701 δέδεικται
1479 651 1577 720 γὰρ
1632 650 1711 700 ὅτι
1762 651 1816 699 τὸ

2000 646 2142 702 Vide
2180 651 2380 702 autem
2423 645 2849 702 admirandum
2888 643 3243 710 vinculum;
3295 642 3591 714 siquidem

194 752 386 817 μεῖναι
431 741 477 793 ἐν
514 748 586 811 τῷ
638 748 853 813 Χριστῴ
893 744 1091 810 γίνεται
1125 739 1226 790 ἀπὸ
1262 745 1352 790 τοῦ
1384 737 1589 809 ἀγαπᾷν
1642 739 1815 790 αὐτόν·

1974 740 2238 792 stensum
2286 741 2394 801 est,
2437 735 2600 808 quod
2655 736 2892 791 mansio
2936 734 2998 791 in
3042 731 3275 791 Christo
3326 731 3596 805 procedit

192 836 268 885 τὸ
343 828 401 884 δὲ
452 829 658 901 ἀγαπᾷν
711 828 866 880 αὐτὸν
946 827 1043 879 ἀπὸ
1097 836 1186 879 τοῦ
1240 830 1332 889 τὰς
1390 826 1593 887 ἐντολὰς
1661 828 1814 879 αὐτοῦ

1971 843 2004 881 x
2034 826 2166 896 ejus
2223 825 2537 881 dilectione
2591 829 2647 881 et
2695 824 3109 881 observatione
3162 821 3593 879 mandatorum

194 928 409 994 τηρεῖν
453 921 481 977 ἡ
543 918 715 975 ἐντολὴ
766 914 823 969 δὲ
872 917 1051 983 αὐτοῦ,
1106 920 1187 969 ἵνα
1232 916 1508 989 ἀγαπῶμεν
1550 916 1816 979 ἀλλήλους·

1975 914 2126 983 lius;
2161 919 2526 987 praeceptum
2550 930 2687 971 vero
2714 914 2848 986 ejus
2882 918 2988 976 est.
3016 919 3081 970 ut
3135 912 3457 983 diligamus
3487 926 3597 967 nos

198 1014 352 1063 ὥστε
383 1013 439 1061 τὸ
490 1006 696 1079 ἀγαπᾷν
743 1006 991 1069 ἀλλήλους
1029 1011 1194 1079 μένειν
1240 1005 1287 1057 ἐν
1316 1015 1384 1077 τῷ
1416 1012 1633 1080 Χριστῷ
1686 1006 1820 1073 ἐστι,

1975 1008 2209 1060 ivicem.
2254 1006 2458 1077 Itaque
2488 1004 2858 1073 diligerenos
2877 1003 3135 1060 invicem
3153 1010 3247 1058 est
3271 1001 3331 1057 in
3365 1000 3597 1058 Christo

196 1106 306 1153 καὶ
378 1099 583 1170 ἀγαπᾷν
658 1101 743 1150 τὸν
808 1102 934 1150 Θεὸν
1018 1097 1149 1161 ἐστι,
1219 1103 1307 1149 καὶ
1388 1097 1818 1170 ἀναπεπλεγμέναι

1976 1109 2182 1149 Janere
2200 1110 2212 1159 ;
2229 1099 2285 1149 et
2304 1110 2542 1150 servare
2562 1094 2660 1150 Dei
2683 1097 3004 1166 praecepta,
3019 1098 3108 1149 est
3124 1092 3370 1163 diligere
3387 1092 3598 1158 Deum;

197 1193 348 1264 πρὸς
408 1188 629 1249 ἀλλήλας
698 1188 827 1240 εἰσὶν
882 1191 911 1246 ἦ
989 1207 1043 1239 τε
1104 1191 1233 1259 πρὸς
1291 1190 1419 1240 Θεὸν
1473 1192 1562 1240 καὶ
1614 1190 1643 1245 ἡ
1700 1192 1819 1260 πρὸς

1981 1188 2196 1256 untque
2224 1182 2375 1238 inter
2402 1198 2467 1238 se
2489 1199 2773 1239 connexa:
2831 1181 3068 1239 dilectio
3113 1196 3251 1255 quas
3308 1183 3397 1238 est
3457 1194 3603 1251 erga

198 1279 471 1340 ἀλλήλους
548 1277 745 1350 ἀγάπη.
826 1278 991 1329 Εἰπὼν
1057 1274 1113 1329 δὲ
1185 1280 1265 1329 ὅτι
1339 1279 1506 1337 καθὼς
1570 1277 1820 1347 ἠγάπησα

1975 1284 2148 1339 leum,
2165 1279 2221 1329 et
2241 1289 2377 1347 quae
2399 1278 2486 1330 est
2510 1288 2651 1343 erga
2671 1290 2781 1329 nos
2799 1273 3074 1330 invicem.
3102 1273 3313 1329 Dicens
3344 1276 3546 1328 autem
3584 1283 3597 1325 :

198 1372 373 1441 ὑμᾶς,
406 1365 595 1430 ἔδειξεν
628 1369 707 1419 ὅτι
740 1366 988 1427 ἑκουσίως
1022 1365 1341 1424 ἀποθνήσκει
1367 1363 1459 1418 δ’ιά
1496 1371 1589 1425 τὴν
1622 1367 1820 1438 ἀγάπην

1984 1363 2102 1417 icui
2128 1363 2315 1419 dilexi
2335 1378 2452 1429 vos,
2482 1362 2743 1419 ostendit
2772 1363 2939 1436 quod
2981 1361 3318 1420 voluntarie
3367 1366 3604 1433 propter

199 1458 404 1511 αὐτῶν.
1940 1451 2176 1509 illorum
2223 1452 2607 1509 dilectionem
2642 1453 2951 1510 moriatur.

282 1547 519 1607 Μείζονα
567 1577 632 1585 —
673 1545 853 1600 αὐτοῦ.
888 1546 1116 1606 Μείζονα
1168 1549 1359 1607 ταύτης
1411 1554 1505 1606 τῆς
1562 1546 1695 1597 οὕτω
1746 1565 1828 1618 μευ

2010 1543 2173 1597 Vers.
2216 1544 2303 1598 13.
2335 1543 2626 1613 Maiorem
2658 1572 2728 1583 —
2756 1545 2899 1599 suis.
2953 1541 3236 1616 Majorem
3283 1540 3420 1605 hac,
3466 1555 3603 1613 quae

196 1637 384 1711 γάλης
443 1639 513 1696 ὡς
565 1640 656 1687 καὶ
704 1639 799 1693 τὴν
842 1635 1029 1707 ψυχὴν
1088 1635 1288 1708 ἀφεῖναι
1337 1639 1462 1710 υπὲρ
1518 1645 1613 1688 τῶν
1646 1636 1818 1706 φίλων,

1981 1632 2094 1687 deo
2140 1647 2427 1703 magnam
2455 1637 2564 1698 est,
2598 1638 2662 1688 ut
2691 1633 2870 1689 etiam
2902 1632 3110 1689 anima
3136 1647 3246 1705 pro
3272 1631 3483 1689 amicis
3511 1644 3603 1686 re-

196 1729 392 1787 καθὼς
444 1725 542 1797 ἐγὼ
595 1734 727 1778 ποιῶ
782 1734 892 1778 νῦν.
942 1729 1137 1777 Λοιπὸν
1188 1722 1274 1777 οὖν
1314 1726 1407 1777 οὐκ
1457 1725 1509 1788 ἐξ
1565 1724 1818 1787 ἀσθενείας

1987 1728 2192 1794 uquat,
2256 1723 2406 1779 sicut
2454 1737 2565 1794 ego
2612 1737 2775 1778 nunc
2830 1722 3009 1779 facio.
3072 1722 3281 1795 Itaque
3330 1737 3456 1778 non
3531 1735 3604 1775 ex

201 1817 368 1891 ἐμῆς,
427 1815 530 1868 ἀλλ’
598 1815 653 1878 ἐξ
715 1814 925 1886 ἀγάπης
980 1817 1119 1887 ὑμῶν
1175 1814 1503 1881 ἀποθνήσκω,
1554 1822 1643 1868 καὶ
1697 1816 1823 1868 οἰκο-

1981 1810 2364 1876 nbecillitate,
2388 1812 2491 1868 sed
2525 1827 2597 1868 ex
2637 1811 2817 1868 vestri
2871 1811 3186 1868 dilectione
3235 1810 3482 1878 morior,
3532 1824 3603 1865 ac

198 1914 442 1975 νομικῶς
504 1907 646 1977 ὑμῶν
722 1905 1047 1977 χωρίζομαι,
1107 1910 1197 1957 καὶ
1244 1909 1314 1977 μὴ
1372 1904 1632 1978 ἀθυμεῖτε.
1686 1908 1820 1957 Ἐπεὶ

1986 1901 2373 1973 ispcnsatorie
2400 1918 2436 1958 a
2465 1902 2635 1958 vobis
2662 1917 2905 1974 separor
2945 1918 2959 1968 ;
2984 1901 3161 1958 nolite
3191 1916 3335 1971 ergo
3384 1899 3606 1956 contri-

205 1994 272 2049 δὲ
326 1995 502 2068 φίλους
533 1983 840 2066 αὐτοῦ’(ἓὸ)
890 1991 1217 2060 ὑπεδήλωσε,
1251 1994 1385 2067 λέγει
1433 2003 1538 2055 πῶς
1570 1996 1672 2047 εἰσι
1699 1995 1827 2067 φίλοι

1983 1992 2102 2045 tari.
2128 1991 2353 2064 thuia
2379 1992 2608 2046 amicos
2633 2008 2735 2046 eos
2766 1991 3045 2057 ostendit,
3071 2006 3232 2046 nunc
3260 1990 3439 2045 etiam
3464 1987 3605 2044 dicit

204 2085 407 2137 αὐτοῦ.

1940 2082 2250 2153 quomodo
2282 2080 2400 2136 sint
2421 2080 2600 2136 amici
2641 2081 2750 2136 sui.

283 2175 459 2246 Ὑμεῖς
517 2206 581 2213 —
645 2175 785 2245 ὑμῖν.
859 2172 929 2225 ’Ὠ
1004 2181 1093 2234 τῆς
1175 2172 1479 2226 ἀνεικοίστου
1546 2175 1830 2249 φιλανθρω-

2012 2171 2178 2225 Vers.
2213 2171 2300 2238 14,
2341 2172 2449 2227 Vos
2480 2202 2542 2212 —
2597 2169 2771 2227 vobis.
2822 2172 2866 2227 Ο
2922 2168 3461 2242 incomparabilem
3492 2167 3606 2223 hu-

204 2264 394 2326 πίαςῑ
460 2262 532 2336 ἐφ’
586 2264 731 2335 ἡμῶν
783 2266 872 2335 μὲν
943 2263 1036 2314 οὐκ
1094 2266 1154 2315 οἶν
1214 2268 1337 2316 ποτέ
1389 2284 1464 2324 τις
1516 2267 1601 2316 τὸν
1651 2264 1826 2335 εὐγνώ-

1980 2259 2316 2316 ianitatem!
2345 2263 2662 2333 Nunquam
2685 2260 2990 2333 quispiam
3014 2276 3256 2315 servum
3274 2260 3602 2329 benignum

206 2375 355 2428 μονα
387 2349 572 2406 δοῦλον
616 2357 814 2425 ποιήσῃ
868 2352 1032 2424 φίλον·
1091 2354 1115 2403 ὁ
1157 2349 1216 2404 δὲ
1266 2357 1495 2426 Χριστὸς
1543 2359 1632 2406 καὶ
1684 2364 1828 2406 τοῦτο

1979 2350 2079 2404 icit
2105 2349 2217 2405 sibi
2240 2350 2502 2404 amicum
2531 2366 2543 2416 ;
2574 2351 2837 2406 Christus
2877 2354 3074 2405 autem
3104 2350 3281 2405 etiam
3302 2349 3415 2404 hoc
3441 2346 3601 2413 facit,

204 2449 379 2511 ποιεῖ²
436 2442 623 2515 μᾶλλον
685 2438 742 2493 δὲ
791 2445 879 2492 καὶ
942 2438 1159 2513 ἀδελφὸν
1229 2442 1385 2493 αὐτὸν
1458 2442 1826 2517 ἀπεργάζεται·

1978 2440 2135 2509 magis
2153 2445 2351 2495 autem
2368 2447 2423 2494 et
2435 2438 2674 2495 fratrem
2690 2455 2829 2495 eum
2846 2439 3051 2494 efﬁcit:
3067 2439 3374 2505 Nuntiate,
3388 2437 3600 2509 inquit,

207 2531 607 2602 Ἀπαγγείλατε
671 2533 793 2605 γὰρ,
868 2536 1019 2602 φησι,
1088 2539 1192 2592 τοῖς
1260 2528 1503 2603 ἀδελφοῖς
1574 2552 1694 2597 μου,
1754 2540 1829 2584 Eva

1982 2528 2129 2585 ratri
2135 2530 2234 2584 bus
2251 2529 2394 2585 meis
2415 2536 2479 2584 ιιι
2493 2530 2710 2586 abeant
2734 2528 2799 2584 in
2824 2529 2961 2584 Gali
2966 2530 3137 2585 laeam
3151 2530 3198 2563 9°
3226 2544 3239 2594 ;
3258 2532 3436 2600 atque
3452 2526 3604 2582 Patri

208 2621 517 2673 ἀπέλθωσιν
592 2620 657 2680 εἰς
731 2624 822 2678 τὴν
902 2620 1194 2672 Γαλιλαίαν·
1247 2628 1336 2672 καὶ
1386 2624 1605 2674 υἱοθετεῖ
1652 2631 1830 2674 τοῦτον

1989 2634 2102 2674 unc
2130 2618 2189 2673 in
2230 2619 2439 2674 Filium
2480 2619 2737 2687 asciscit,
2792 2618 3089 2691 simulque
3119 2617 3284 2688 regni
3324 2616 3605 2674 caelorum

207 2720 286 2783 τῷ
348 2715 538 2783 Πατρὶ,
572 2714 661 2762 καὶ
704 2712 932 2781 καθιστᾷ
974 2709 1392 2786 σνγκληρονόμον
1436 2720 1528 2771 τῆς
1560 2708 1829 2782 βασιλείας

974 2709 1392 2786 σνγκληρονόμον
1436 2720 1528 2771 τῆς
1560 2708 1836 2782 βασιλείας
1942 2708 2239 2765 heredem
2267 2708 2588 2765 constituit.

207 2810 317 2854 τῶν
348 2800 602 2874 οὐρανῶν.

288 2889 408 2943 Οὐκ
462 2892 535 2941 ἔτι
590 2921 659 2931 -
716 2885 949 2950 δούλους.
1015 2895 1113 2942 Καὶ
1153 2895 1275 2943 πότε
1327 2889 1512 2951 αὐτοὺς
1562 2898 1665 2943 εἷπε
1707 2888 1834 2943 δού-

2015 2887 2180 2942 Vers.
2216 2888 2301 2942 15.
2346 2889 2485 2944 Jam
2530 2903 2644 2943 non
2689 2918 2757 2927 —
2805 2902 3019 2944 servos.
3082 2888 3149 2943 Ει
3171 2886 3419 2959 quando
3473 2886 3604 2943 illos

210 2980 379 3047 λους;
424 2977 547 3031 "Ora
604 2975 878 3031 διδάσκων
929 2978 1255 3033 ἀπεκάλυπτε
1301 2983 1395 3037 τήν
1438 2980 1674 3043 ἐξουσίαν
1742 2989 1832 3043 τῆς

1988 2977 2111 3041 ixit,
2146 2976 2392 3034 servos?
2418 2976 2675 3042 Quando
2705 2978 2929 3033 docens
2959 2976 3299 3032 occultabat
3328 2976 3436 3049 (oo)
3479 2993 3603 3031 suae

213 3070 413 3123 ἑαυτοῦ
466 3070 725 3131 θεότητος.
784 3073 885 3122 Καὶ
964 3069 1233 3142 προλαϐών
1317 3066 1375 3121 δὲ
1446 3072 1601 3123 εἶπενο
1665 3070 1835 3143 Ὑμεῖς

1984 3067 2274 3122 ivinitatis
2332 3068 2683 3139 potentiam.
2741 3067 2805 3123 In
2883 3065 3351 3138 praecedentibus
3423 3067 3606 3123 etiam

215 3161 440 3232 φωνεῖτέ
477 3178 540 3229 με
587 3160 611 3210 ὁ
665 3161 854 3233 Κύριος
902 3164 991 3211 καὶ
1045 3160 1070 3210 ὁ
1124 3156 1469 3220 διδάσκαλος·
1526 3166 1614 3212 καὶ
1671 3160 1835 3221 καλῶς

1991 3158 2046 3212 ix
2055 3157 2121 3212 it:
2141 3157 2247 3212 Vos
2258 3159 2476 3213 vocatis
2488 3171 2580 3213 me
2599 3156 2901 3212 dominum
2915 3162 2972 3212 et
2982 3156 3169 3227 magis
3177 3162 3335 3212 trum
3345 3162 3419 3224 ,ει
3436 3156 3606 3213 bene.

209 3248 415 3321 λέγετε’
459 3247 563 3321 εἰμί
593 3250 712 3321 γάρ.

1948 3246 2143 3302 dicitis
2172 3263 2185 3301 :
2216 3262 2347 3302 sum
2363 3246 2577 3302 etenim
2602 3246 2644 3300 ¹.

284 3337 418 3390 ’Ὁτι
449 3369 514 3376 -
544 3340 748 3413 Κύριος.
778 3342 841 3390 Τί
867 3344 1004 3390 ποιεῖ
1031 3336 1343 3413 ἀπορῥητον,

2017 3336 2180 3391 Vers.
2210 3340 2293 3390 15.
2325 3335 2558 3403 Quia—
2584 3333 2880 3391 dominus.
2905 3332 3059 3399 Quid
3081 3333 3263 3391 faciat
3282 3332 3606 3389 occultum.

283 3425 453 3500 ’Υριᾶς
514 3459 572 3467 συ-
623 3428 763 3499 ὑμῖν.
823 3427 1130 3499 Ἀνήγγειλα
1169 3430 1290 3500 ὑμῖν
1335 3430 1402 3489 ὡς
1447 3428 1614 3501 φίλοις
1644 3432 1832 3495 πάντα,

2018 3427 2175 3482 Vers.
2207 3430 2294 3482 15.
2331 3427 2437 3482 Vos
2466 3457 2535 3467 -—
2563 3424 2741 3481 vobis.
2782 3424 3132 3480 Renuntiavi
3188 3422 3358 3479 vobis
3405 3426 3611 3482 omnia

213 3520 319 3569 ὅσα
374 3513 649 3575 ἠδύνασθε
715 3515 1003 3589 βαστάζειν
1089 3514 1349 3589 δηλονότι,
1437 3520 1535 3570 ὅσα
1612 3518 1834 3571 ἀκοῦσαι

1987 3532 2232 3589 inquam
2264 3515 2492 3580 amicis,
2540 3528 2918 3586 quaecunque
2971 3512 3242 3570 videlicet
3295 3512 3446 3570 ferre
3506 3529 3609 3585 po-

212 3608 356 3679 ὐμᾶς
386 3606 538 3665 εἰκός.
572 3612 654 3676 Τῷ
686 3606 813 3679 φίλῳ
844 3609 941 3680 γὰρ
997 3627 1095 3672 τις,
1128 3606 1184 3659 οὗ
1227 3614 1297 3679 τῷ
1348 3604 1535 3681 δούλῳ,
1569 3626 1834 3661 καταπισ-

1984 3605 2169 3674 ιίειὶε,
2235 3620 2608 3677 quzecunque
2710 3618 2954 3675 aequum
3048 3606 3195 3668 erat,
3279 3607 3341 3658 ut
3437 3603 3606 3659 audi-

215 3699 355 3749 τεύει
388 3698 452 3748 τά
485 3693 773 3770 ἀπόρρητα.

1984 3696 2082 3751 etis
2111 3711 2124 3750 :
2157 3694 2351 3752 amico
2374 3709 2639 3766 namque
2678 3697 2874 3749 etnon
2902 3707 3074 3748 servo
3102 3690 3289 3748 credit
3303 3691 3606 3765 quispiam

1948 3800 2190 3842 arcana.

295 3881 400 3929 Καὶ
448 3879 552 3948 μὴν
605 3872 839 3949 ἀνωτέρω
886 3874 1060 3927 εἰπὼν·
1128 3875 1297 3948 Ὑμεῖς
1356 3876 1491 3949 φίλοι
1540 3880 1640 3950 μού
1697 3876 1832 3944 ἐστε,

2016 3873 2194 3945 Atqui
2220 3871 2487 3944 superius
2518 3886 2659 3927 cum
2688 3870 2941 3929 diceret:
2982 3871 3079 3927 Vos
3110 3870 3287 3928 amici
3311 3870 3428 3928 mei
3452 3869 3604 3938 estis,

218 3964 305 4018 ἐάν
377 3973 565 4023 ποιῆτε
627 3965 727 4016 ὅσα
809 3964 909 4035 ἐγὼ
999 3963 1289 4038 ἐντέλλομαι
1374 3967 1513 4038 ὑμῖν
1606 3966 1835 4039 ἐνέφηνεν

1983 3965 1997 4019 i
2005 3963 2281 4032 feceritis,
2300 3976 2664 4033 quaecunque
2680 3976 2785 4029 ego
2796 3960 3077 4030 praecipio
3090 3959 3250 4016 vobis
3268 3963 3311 4025 ³,
3328 3960 3605 4026 ostendit,

221 4057 303 4107 ὅτι
330 4058 477 4107 οὔπη
525 4054 674 4120 εἰσὶν,
710 4053 836 4105 ἀλλά
886 4058 999 4106 τότε
1046 4056 1176 4107 εἰσὶν
1218 4056 1301 4107 ὅτε
1340 4064 1572 4108 ποιοῦσι·
1608 4067 1716 4119 πῶς
1749 4053 1835 4109 οὖν

1989 4053 2108 4109 uod
2162 4051 2436 4107 nondum
2501 4053 2688 4115 erant,
2741 4048 2845 4104 sed
2898 4049 3079 4104 futuri
3134 4055 3294 4115 tunc,
3350 4065 3489 4105 cum
3536 4065 3610 4108 ea

222 4143 451 4197 ἐνταύθά
504 4162 681 4213 φησιν·
749 4142 907 4215 ’Υμᾶς
965 4141 1023 4196 δε
1067 4148 1250 4217 εἴρηκα
1298 4145 1494 4217 φίλους,
1551 4148 1630 4198 ὅτι
1671 4148 1838 4199 πάντα

1985 4147 2211 4198 merent
2263 4163 2275 4195 :
2330 4139 2641 4213 quomodo
2693 4154 2836 4208 ergo
2883 4138 2979 4194 hic
3036 4139 3118 4194 ait
3174 4155 3187 4192 :
3252 4139 3360 4195 Vos
3413 4145 3607 4195 autem

223 4232 257 4284 ἆ
315 4237 529 4292 ἤκουσα
597 4235 742 4308 παρά
787 4240 878 4284 τοῦ
951 4238 1154 4306 Πατρός
1209 4253 1309 4306 μου
1374 4232 1633 4307 ἐγνώρισα
1679 4238 1833 4308 ὑμῐν;

1984 4232 2076 4289 ixi
2104 4232 2344 4296 amicos,
2372 4231 2518 4302 quia
2545 4228 2747 4285 omnia
2772 4243 2907 4299 quae
2933 4227 3143 4284 audivi
3170 4243 3207 4284 a
3232 4227 3412 4285 Patre
3459 4242 3606 4294 meo,

222 4326 294 4375 Τὸ
350 4322 489 4389 ἔστε,
542 4320 655 4374 ἀντὶ
715 4330 804 4375 τοῦ
852 4318 1137 4395 διαμένετε,
1170 4328 1379 4391 νόησον,
1414 4326 1494 4375 ὅτι
1544 4326 1684 4385 ὀντες
1727 4322 1836 4383 ἠδη

1993 4329 2090 4378 ola
2112 4322 2235 4392 feci
2260 4321 2410 4375 vobis
2457 4318 2794 4383 iVerbum,
2838 4318 3015 4383 Estis,
3074 4317 3197 4373 sive
3258 4318 3452 4383 Eritis,
3503 4334 3612 4389 pro

224 4417 317 4464 καὶ
376 4411 447 4472 εἰς
490 4414 547 4462 τὸ
611 4411 727 4474 ἑξῆς
782 4408 1068 4485 διαμένετε,
1107 4411 1190 4465 ἐὰν
1238 4421 1421 4472 ποιῆτε
1461 4414 1562 4466 ὅσα
1611 4412 1709 4487 ἐγὼ
1768 4414 1840 4466 ἐν·

1991 4410 2378 4467 ermanebitis
2404 4408 2685 4481 accipito,
2718 4423 2789 4464 ac
2829 4406 2878 4463 si
2905 4407 3067 4463 dicat
3098 4425 3110 4466 :
3146 4409 3295 4464 Cum
3312 4406 3440 4478 jam
3463 4406 3612 4474 sitis,

225 4501 475 4575 τέλλομαι
514 4502 655 4575 ὑμῖν.

1995 4501 2131 4557 tiam
2169 4500 2231 4557 in
2286 4498 2555 4555 futurum
2613 4495 3065 4571 permanebitis,
3134 4495 3184 4552 si
3234 4495 3511 4566 feceritis,
3558 4500 3617 4555 et

1953 4595 2183 4647 caetera.

301 4681 433 4733 Εἶτα
456 4681 641 4738 τίθησι
663 4685 750 4733 καὶ
782 4680 901 4732 ἄλλο
926 4685 1203 4757 τεκμήριον
1223 4688 1312 4734 τοῦ
1343 4682 1483 4754 ἔχειν
1511 4680 1698 4743 αὐτοὺς
1729 4682 1842 4755 (29)

2025 4678 2250 4735 Deinde
2281 4681 2339 4735 et
2360 4677 2525 4735 aliud
2554 4676 2724 4751 ponit
2748 4676 3015 4750 signum,
3042 4675 3209 4749 quod
3235 4690 3338 4733 eos
3366 4673 3617 4740 haberet

229 4766 415 4839 φίλους
440 4768 642 4823 ἑαυτοῦ.

1955 4770 2180 4827 amicos
2199 4784 2360 4824 suos.

303 4857 429 4930 Οὗχ
484 4890 554 4900 —
607 4861 759 4933 ὑμᾶς.
805 4862 951 4913 Κατά
1007 4858 1334 4934 ἀπόφαοινὸ
1399 4859 1567 4933 λόγος,
1620 4863 1699 4914 ὅτι
1743 4860 1844 4935 ἐγὼ

2026 4860 2189 4917 Vers.
2216 4860 2307 4917 16.
2338 4858 2472 4916 Νοη
2502 4889 2567 4898 -
2607 4872 2729 4915 vos.
2761 4856 3040 4927 Negative
3074 4854 3203 4929 (pp)
3231 4870 3431 4913 sermo
3480 4869 3614 4928 pro-

304 5037 352 5071 ”
385 5037 586 5095 Matth.
616 5055 808 5107 xxvm,
834 5043 923 5097 10.
1037 5041 1053 5076 ¹
1088 5041 1258 5097 Joan.
1290 5057 1412 5110 xm,
1449 5046 1530 5099 l3.
1667 5044 1689 5077 ²
1718 5043 1888 5100 Joan.
1917 5057 2018 5108 xv,
2044 5041 2130 5096 14.

1473 5219 1692 5291 Variae
1720 5220 2051 5291 lectiones
2078 5229 2145 5288 et
2171 5227 2374 5289 notae.

308 5412 420 5484 (28)
473 5414 684 5492 ᾼύτούς,
736 5420 806 5473 Α.
868 5416 955 5472 Ita
992 5414 1333 5492 Hentenius.
1382 5422 1514 5478 Mox
1558 5418 1639 5477 ad
1666 5419 1851 5477 ﬁnem

1092 5418 1333 5476 itenius.
1382 5422 1514 5478 Mox
1558 5418 1639 5477 ad
1666 5419 1851 5477 ﬁnem
2033 5417 2147 5492 (29)
2172 5415 2372 5480 Αὐτοὺς
2400 5411 2619 5474 omittit
2642 5412 2714 5472 Β.

236 5494 447 5540 versus
474 5488 540 5543 15
570 5493 896 5562 utrumque
918 5490 1053 5563 conj
1064 5492 1324 5562 ungitur.

307 5660 423 5742 (oo)
439 5664 802 5742 poenitebat
835 5666 997 5742 imo,
1032 5669 1361 5742 aperiebat,
1399 5668 1717 5729 revelabat.
1757 5666 1849 5728 Vi:
1956 5668 2061 5725 sed
2091 5684 2127 5725 a
2184 5664 2390 5725 Grmco
2445 5664 2710 5742 recessit.
2771 5659 3166 5738 Κατ’ἁπὸφασιν
3228 5668 3320 5742 est
3367 5663 3612 5742 directe,

239 5728 651 5810 deturilegisse
676 5728 1011 5795 ἐπεκάλυπτί.
1063 5728 1092 5748 ’⁵
1260 5728 1263 5729 ⁷
1345 5728 1360 5741 ’
1662 5728 1691 5729 η
1957 5742 2199 5798 Rectum
2231 5745 2315 5797 est
2334 5738 2821 5810 pronuntiatum,
2843 5728 3458 5810 recte'pronuntiavit.
3502 5736 3617 5806 Qui

309 5803 441 5881 (pp)
453 5808 755 5884 Negative,
771 5818 880 5871 etc.
899 5813 1262 5872 Sententiam
1275 5814 1522 5890 quidem
1537 5814 1846 5891 expressit;
1958 5814 2120 5871 enim
2148 5803 2477 5883 interrogat
2500 5808 2751 5887 obliqua
2768 5803 3005 5867 videtur
3025 5803 3294 5869 oratione
3314 5810 3421 5871 uti.
