4108 6388
517 312 653 371 1415

1844 304 2193 368 EUTHYMII
2235 304 2563 368 ZIGABENI

3751 300 3898 361 1416

511 438 886 497 nuntiandus
900 444 1013 505 est,
1026 456 1145 497 non
1160 439 1580 510 interrogative
1598 461 1609 493 :
1634 440 1742 495 Vos
1779 453 1898 494 non
1916 437 2151 508 elegistis

2287 437 2486 511 εἱλόμην
2533 438 2668 510 ὑμᾶς
2713 426 2907 509 pacat,
2948 430 3048 508 ἑγὼ
3082 440 3144 509 τῇ
3198 432 3342 508 φιλίᾳ
3385 435 3527 507 ὑμῶν
3568 425 3892 507 ἕπέδραμον.

512 546 615 597 me,
648 530 750 587 sed
778 545 875 603 ego
900 530 1047 601 elegi
1073 546 1168 586 vos
1196 530 1257 585 in
1287 530 1514 586 amicos
1547 544 1561 597 ;
1590 544 1703 600 ego
1733 528 1810 585 ad
1838 526 2167 584 amicitiam

516 626 775 675 vestram
796 620 1043 675 accurri.

585 710 748 765 Vers.
783 714 865 764 16.
909 709 984 764 Et
1023 708 1192 779 posui
1231 724 1349 765 vos.
1414 707 1758 780 Explantavi
1790 722 1899 763 vos
1930 707 1989 762 in
2024 705 2167 762 dile-

512 800 703 855 ctione
726 814 882 864 mea,
907 798 965 853 in
997 798 1117 854 tide
1134 814 1270 870 quae
1295 798 1355 854 in
1388 814 1483 854 me
1509 805 1614 854 est.

586 889 739 944 Vers.
802 888 887 943 16.
971 888 1045 944 Ut
1097 904 1194 945 vos
1250 888 1417 945 eatis.
1487 889 1554 944 Ut
1584 885 1994 943 extendamini
2046 901 2165 941 cre-

511 984 759 1035 scentes.

530 1074 541 1121 ἕ
580 1070 737 1124 Vers.
773 1071 858 1123 16.
889 1067 963 1123 Et
990 1067 1252 1137 fructum
1292 1067 1586 1137 a/feratis.
1642 1065 1828 1121 Veluti
1886 1064 2164 1137 superius

510 1157 911 1228 signiﬁcatum
937 1160 1041 1211 est.
1094 1158 1207 1211 Aut
1252 1155 1534 1225 fructum,
1598 1154 1924 1227 spiritualia
1976 1153 2165 1210 chari-

510 1251 707 1303 s’mata
737 1263 749 1302 :
774 1250 879 1302 aut
894 1245 1338 1302 multitudinem
1356 1262 1568 1301 eorum
1584 1245 1682 1317 qui
1709 1244 1907 1300 studio
1924 1243 2163 1300 illorum

510 1335 780 1393 salvandi
812 1340 977 1391 sunt.

578 1426 746 1482 Vers.
778 1430 861 1480 16.
893 1425 972 1480 Ει
1000 1428 1577 1482 —maneat.Maneat
1606 1424 2002 1496 incorruptus,
2033 1439 2166 1496 per-

507 1521 744 1588 petuus.

584 1606 741 1659 Vers.
775 1607 857 1660 t6.
890 1604 963 1660 Ut
994 1634 1062 1643 —
1089 1604 1269 1660 vobis.
1298 1602 1548 1658 Nomine
1573 1617 1729 1668 meo,
1758 1602 1873 1659 hoc
1893 1606 2000 1672 est,
2030 1607 2165 1671 tan-g

508 1709 695 1766 quam
725 1693 863 1760 mei,
893 1699 1185 1765 tanquam
1215 1693 1549 1748 Christiani.

581 1782 684 1839 Vel
714 1782 987 1837 invocato
1030 1782 1275 1837 nomine
1310 1788 1473 1847 meo,
1503 1782 1657 1837 sicut
1686 1782 1865 1837 etiam
1896 1781 1957 1836 in
2006 1797 2158 1852 prae-
2194 1791 2239 1847 Β

507 1872 853 1928 cedentibus
876 1871 1314 1929 declaravimus
1343 1871 1444 1926 ubi
1463 1870 1702 1927 dicebat
1729 1887 1740 1924 :
1771 1872 1843 1926 Et
1868 1872 2162 1943 quidquid

504 1960 787 2032 petieritis
812 1963 1045 2017 nomine
1068 1976 1206 2025 meo,
1238 1960 1341 2015 hoc
1357 1960 1586 2030 faciam
1614 1961 1660 2017 ³.
1704 1962 1782 2015 Ac
1813 1976 2019 2015 rursus
2056 1976 2067 2014 :
2097 1960 2162 2016 Si

508 2050 653 2123 quid
678 2050 957 2122 petieritis
984 2054 1222 2106 nomine
1252 2064 1397 2115 meo,
1422 2050 1531 2105 hoc
1541 2050 1763 2121 faciam
1789 2051 1830 2115 ‘,
1847 2067 1914 2104 ex
1940 2050 2157 2122 quibus

504 2147 745 2197 ostensa
769 2147 860 2196 est
884 2142 1165 2212 potentias
1192 2138 1502 2212 aequalitas
1530 2139 1717 2196 Patris
1750 2145 1805 2197 et
1832 2140 1977 2197 Filii.

576 2318 734 2373 Vers.
780 2322 864 2373 l7.
919 2318 1056 2372 Haec
1086 2347 1151 2356 -—
1194 2315 1460 2372 invicem.
1510 2317 1651 2372 Haec
1705 2315 1918 2388 loquor
1964 2317 2153 2385 vobis,

505 2414 675 2479 puta,
697 2406 863 2479 quod
906 2406 1127 2463 morior
1144 2421 1253 2478 pro
1281 2406 1472 2468 vobis,
1502 2405 1736 2477 etquod
1766 2420 1878 2474 ego
1906 2406 1984 2461 ad
2012 2408 2146 2462 ami-

501 2496 704 2552 citiam
731 2504 987 2551 vestram
1032 2496 1284 2563 accurri,
1311 2511 1427 2549 non
1452 2494 1892 2566 improperans,
1927 2498 2031 2551 sed
2073 2496 2158 2552 in-

500 2586 691 2641 citans
716 2602 826 2641 vos
854 2586 933 2641 ad
965 2591 1227 2641 mutuam
1258 2585 1412 2641 inter
1443 2600 1545 2639 vos
1572 2584 1969 2641 dilectionem.
2009 2589 2157 2653 Quia

497 2691 640 2731 vero
671 2673 1068 2731 turbabantur
1081 2678 1371 2745 tanquam
1390 2674 1518 2744 jam
1532 2674 1618 2731 ,ab
1632 2675 1913 2731 omnibus
1929 2676 2154 2732 Iudaeis

498 2764 638 2821 odio
705 2764 911 2828 habiti,
976 2763 1258 2836 deinceps
1316 2763 1659 2820 consolatur
1717 2768 1896 2820 etiam
1947 2782 2156 2823 eorum

501 2853 810 2910 tristitiam.

572 2943 734 2999 Vers.
764 2943 851 2998 18.
893 2943 1048 2999 Si—
1113 2943 1246 2999 odio
1291 2942 1589 2999 habuerit.
1650 2942 1935 2999 Mundum
1993 2945 2153 3016 dicit,

494 3042 695 3099 malos
720 3043 961 3097 Iudaeos
991 3061 1003 3097 :
1041 3043 1142 3111 Sit,
1171 3041 1381 3113 inquit,
1409 3042 1654 3097 vobisin
1685 3043 2154 3100 consolationem

497 3131 664 3204 quod
688 3147 800 3202 ego
832 3132 991 3203 prius
1021 3148 1201 3203 quam
1236 3146 1363 3197 vos,
1412 3130 1625 3186 fuerim
1651 3131 1793 3188 odio
1841 3133 2087 3189 habitus
2143 3152 2155 3189 :

495 3228 555 3277 et
583 3222 835 3291 gaudete
866 3220 1084 3291 magis,
1116 3221 1254 3293 quia
1290 3237 1526 3276 mecum
1581 3222 1642 3276 in
1671 3221 1812 3277 odio
1861 3223 2159 3279 malorum

497 3310 978 3367 communicatis.
1013 3310 1233 3366 Deinde
1249 3310 1427 3366 aliam
1447 3326 1691 3383 quoque
1715 3311 1881 3383 ponit
1899 3314 2161 3370 consola-

496 3401 740 3466 tionem,
782 3400 949 3474 quod
980 3400 1029 3455 si
1058 3416 1089 3455 e
1122 3416 1373 3456 numero
1401 3399 1700 3457 malorum
1758 3408 1977 3471 essent,
2020 3404 2142 3461 mal

497 3493 694 3563 utique
726 3506 826 3547 eos
846 3490 1182 3560 diligerent.

562 3581 729 3637 Vers.
763 3582 849 3636 19.
891 3580 950 3635 Si
977 3610 1047 3621 —
1073 3580 1369 3650 diligeret.
1411 3580 1581 3645 Quod
1611 3596 1788 3637 suum
1823 3587 1995 3651 esset,
2045 3584 2157 3641 hoc

492 3674 598 3736 est,
626 3670 740 3726 sibi
762 3669 998 3735 simile;
1027 3669 1249 3739 gaudet
1268 3685 1533 3741 namque
1560 3671 1738 3725 simili
1765 3672 1976 3729 simile.

566 3758 728 3815 Vers.
758 3760 845 3813 19.
880 3758 1028 3825 Quia
1066 3789 1123 3799 —
1171 3759 1447 3814 mundus.
1514 3762 1712 3831 Itaque
1764 3760 1907 3818 odio
1946 3763 2155 3821 haberi

491 3840 603 3905 v03
630 3864 667 3904 a
689 3848 865 3904 malis
885 3849 1320 3904 demonstratio
1347 3855 1435 3903 est
1478 3850 1730 3915 virtutis,
1762 3853 2156 3923 quemadmo-

493 3939 665 4003 dum,
697 3938 876 3994 etiam
908 3954 944 3994 a
974 3938 1194 3994 talibus
1224 3940 1435 4009 amari,
1472 3940 1709 4011 signum
1742 3950 1831 3997 est
1887 3943 2149 3999 malitiae.

494 4025 644 4093 Quia
664 4041 806 4083 vero
836 4026 1137 4100 abjectam
1164 4043 1373 4083 eorum
1390 4036 1649 4084 mentem
1674 4031 1859 4085 erexit
1885 4048 2153 4088 :rursum

490 4117 655 4189 ipsos
680 4115 760 4172 ab
785 4116 876 4172 his
904 4130 1042 4190 quas
1067 4124 1274 4172 contra
1304 4134 1366 4173 se
1390 4117 1636 4182 ﬁebant,
1680 4120 2041 4177 consolatur.

565 4206 734 4264 Vers.
798 4210 885 4261 20.
919 4207 1269 4263 Mementote
1304 4237 1372 4248 —
1403 4208 1586 4263 vobis.
1640 4211 1705 4264 Et
1752 4209 1885 4281 quis
1928 4211 2002 4267 sit
2053 4211 2149 4268 ille

490 4311 710 4365 sermo,
732 4297 994 4352 adverte.

492 4418 499 4425 ~
560 4386 725 4442 Vers.
750 4391 838 4442 20.
860 4386 985 4442 Non
1013 4417 1083 4427 —
1120 4402 1247 4442 suo.
1293 4388 1442 4443 Nam
1508 4387 1667 4444 hunc
1714 4404 2053 4447 sermonem
2085 4392 2145 4447 in

2352 708 2450 756 Καὶ
2481 705 2643 761 ἔθηκα
2692 703 2841 775 ὑμᾶς.
2905 706 3004 755 Καὶ
3036 700 3290 774 ἐφύτευσα
3324 699 3439 771 (30)
3493 700 3629 772 ὑμᾶς
3673 698 3746 759 εἰς
3796 702 3894 755 τὴν

2278 798 2402 867 ἐμὴν
2432 793 2662 866 ἀγάπην,
2691 795 2761 855 εἰς
2790 799 2884 853 τὴν
2914 795 2984 855 εἰς
3015 792 3099 865 ἐμὲ
3132 797 3331 847 πίστιν.

2345 884 2454 937 Ἰνα
2506 886 2653 957 ὑμεῖς
2704 885 2961 955 ὑπάγητε.
3032 881 3142 935 Ἰνα
3197 881 3489 939 ἐκτείνησθε
3557 880 3670 951 (3t)
3730 878 3891 942 αὖξα·

2274 978 2494 1047 νόμενοι.

2351 1071 2449 1117 Καὶ
2506 1067 2705 1137 καρπὸν
2759 1068 2962 1136 φέρητε.
3018 1061 3131 1135 [Ὠς
3187 1063 3304 1132 (32)
3361 1059 3594 1133 ἀνωτέρω
3647 1054 3893 1116 δεδηλω-

2274 1172 2378 1207 ται’
2410 1154 2466 1227 ἡ]
2496 1158 2713 1229 καρπὸν,
2742 1157 2805 1205 τὰ
2833 1155 3159 1224 πνευματικά
3187 1156 3524 1225 χαρίσματα,
3549 1153 3579 1207 ἦ
3610 1151 3679 1200 τὰ
3706 1148 3886 1204 πλήθη

2273 1252 2373 1297 τῶν
2399 1245 2702 1317 σωζομένων
2734 1242 2788 1295 ἐκ
2813 1250 2906 1305 τῆς
2932 1242 3103 1295 αὐτῶν
3137 1237 3397 1300 σπουδῆς.

2350 1429 2445 1477 Καὶ
2482 1455 2546 1464 -
2572 1428 2720 1498 μένῃ.
2757 1428 2856 1476 Καὶ
2889 1426 2970 1475 ἵνα
3000 1425 3123 1495 μένῃ
3163 1419 3465 1493 ἀνώλεθρος,
3510 1416 3772 1479 διηνεκὴς.

2342 1602 2453 1656 Ἵνα
2491 1634 2559 1643 —
2603 1603 2743 1674 ὑμῖν.
2794 1601 2875 1653 Ἐν
2927 1609 2999 1672 τῷ
3057 1599 3271 1672 ὀνόματί
3319 1618 3442 1671 μου,
3502 1600 3769 1649 τουτέστιν
3818 1597 3890 1657 ὡς

2273 1691 2407 1765 ἐμοὶ,
2437 1696 2501 1753 ὡς
2531 1695 2862 1767 Χριστιανοί.

2344 1782 2410 1835 ’Ἦ
2473 1781 2863 1853 ἐπικαλούμενοι
2921 1782 2976 1831 τὸ
3031 1781 3190 1850 ὄνομα
3242 1790 3364 1851 μου,
3422 1779 3491 1839 ὡς
3547 1781 3636 1828 καὶ
3692 1775 3891 1847 προλαο

2273 1874 2445 1933 ϐόντες
2492 1874 2913 1945 ἡρμηνεύσαμεν,
2965 1871 3085 1921 ἔνθα
3140 1868 3291 1940 ἔλεγεο
3350 1873 3449 1920 Καὶ
3516 1869 3541 1919 ὅ
3594 1885 3645 1917 τι
3698 1867 3759 1916 οἷν
3802 1865 3889 1915 αἰ-

2272 1970 2471 2022 manu
2522 1962 2569 2013 ἐν
2606 1970 2677 2031 τῷ
2708 1961 2923 2028 ὀνόματί
2961 1978 3082 2031 μου,
3123 1966 3275 2010 τούτο
3314 1962 3542 2015 ποιήσω.
3592 1954 3722 2027 [Καὶ
3767 1955 3887 2023 (33)

2272 2052 2442 2104 παλιν⁸
2507 2053 2626 2103 Ἐὰν
2679 2070 2729 2102 τι
2773 2050 3029 2107 αἰτήσητε
3081 2046 3129 2100 ἐν
3187 2056 3259 2118 τῷ
3316 2046 3531 2119 ὀνόματί
3588 2063 3709 2117 μου,
3781 2042 3887 2114 ἐγὼ

2269 2146 2496 2200 ποιήσω.
2554 2140 2672 2213 Ἀφ’
2739 2141 2805 2190 ὧν
2856 2136 3124 2192 δείκνυται
3187 2141 3243 2190 τὸ
3305 2133 3622 2207 ἰσοδύναμον
3684 2137 3890 2206 Πατρός

2270 2237 2359 2284 καὶ
2391 2231 2558 2301 ﬁci]

2340 2329 2519 2374 Ταῦτα
2548 2352 2614 2360 -
2664 2318 2932 2381 ἀλλήλους.
2984 2325 3162 2371 Ταῦτα
3202 2318 3316 2389 (34)
3353 2315 3490 2367 λαλῶ
3530 2316 3669 2385 ύμῖν,
3704 2315 3761 2364 τὸ
3805 2314 3889 2364 ὃτι

2272 2411 2586 2469 ἀποθνήσκω
2627 2410 2753 2481 ὑπὲρ
2805 2411 2970 2480 ὑμῶν,
3002 2410 3175 2459 καὶτὸ
3207 2408 3288 2458 ὅτι
3322 2408 3421 2477 εγὼ
3449 2411 3509 2476 τῇ
3542 2403 3685 2476 φιλίᾳ
3739 2403 3887 2473 ὑμῶν

2270 2498 2579 2573 ἐπέδραμον,
2634 2500 2727 2551 οὐκ
2788 2495 3077 2561 ὀνειδίζων,
3114 2495 3219 2548 ἀλλ’
3276 2493 3468 2565 ἐνάγων
3529 2495 3665 2565 ὑμᾶς
3717 2496 3789 2553 εὶς
3826 2494 3885 2543 τὸ

2269 2589 2475 2662 ἀγαπᾷν
2518 2588 2781 2648 ἀλλήλους.
2839 2589 2980 2639 Ἐπεὶ
3026 2583 3085 2639 δὲ
3126 2583 3465 2657 ἐθορυϐοῦντο
3504 2584 3569 2642 ὡς
3608 2578 3714 2640 ἠδη
3747 2587 3888 2633 πᾶσι

2267 2688 2376 2742 τοῖς
2423 2675 2697 2738 Ἰουδαίοις
2740 2682 2958 2750 μισητοὶ
3011 2680 3295 2748 γενόμενοι,
3351 2673 3741 2745 παραμυθεῖται
3790 2674 3885 2721 καὶ

2268 2776 2360 2829 τὴν
2401 2769 2625 2822 ἐντεῦθεν
2667 2767 2913 2841 ἀθυμίαν.

2346 2950 2402 3002 Εἰ
2446 2982 2512 2989 -
2542 2936 2820 3021 μεμίσηκε.
2868 2952 3073 3017 Κόσμον
3108 2943 3243 3014 λέγει
3286 2944 3409 3003 τοὺς
3438 2942 3696 3013 πονηρούς
3745 2939 3884 2992 Ἰου-

2275 3036 2475 3099 ὃαίους.
2528 3037 2724 3101 Ἔστω,
2781 3040 2960 3108 φησιν,
3008 3036 3129 3106 ύμῖν
3175 3033 3246 3094 εἰς
3292 3032 3630 3104 παραμυθίαν
3669 3032 3727 3080 τὸ
3779 3033 3882 3102 πρὸ

2203 3144 2245 3203 C
2274 3132 2413 3202 ὑμῶν
2461 3128 2545 3201 ἐμὲ
2598 3128 2912 3200 μισηθῆναι,
2949 3130 3037 3175 καὶ
3076 3127 3290 3195 χαίρετε
3329 3120 3538 3193 μᾶλλον,
3573 3121 3653 3170 ὅτι
3690 3138 3881 3169 κοινω-

2272 3224 2401 3271 νεῖτέ
2439 3238 2532 3291 μοι
2560 3224 2649 3269 τνῡ
2681 3218 2821 3291 παρα
2846 3224 2944 3266 τῶν
2971 3219 3206 3287 πονηρῶν
3238 3216 3444 3284 μίσους.
3476 3205 3601 3262 Εἶτα
3625 3208 3761 3279 λέγει
3790 3211 3883 3258 καὶ

2273 3309 2444 3383 ἑτέραν
2491 3307 2849 3381 παραμυθίαν,
2895 3306 2996 3367 ὅτι,
3036 3300 3120 3354 ἐὰν
3150 3300 3205 3353 ἐκ
3238 3308 3335 3351 τῶν
3370 3307 3602 3374 πονηρῶν
3634 3293 3788 3361 ἦσαν,
3832 3297 3883 3348 οἰ

2272 3403 2489 3471 πονηροὶ
2518 3398 2578 3448 οἷν
2610 3394 2812 3469 ἐφίλουν
2845 3394 3053 3453 αύτούς.

2343 3578 2398 3631 Εἰ
2442 3609 2507 3619 --
2549 3574 2727 3649 ἐφίλει.
2778 3577 2847 3627 Τὸ
2881 3574 3075 3646 ὅμοιον·
3118 3575 3293 3644 χαίρει
3336 3571 3436 3643 γὰρ
3489 3575 3558 3639 τῷ
3605 3568 3765 3639 ὁμοίῳ
3818 3568 3878 3617 τὸ

2266 3669 2464 3741 ὅμοιον.

2335 3757 2453 3809 Ὀτι
2484 3788 2549 3797 -
2582 3758 2839 3827 ὁκόσμος.
2870 3752 3031 3805 ’Ὥστε
3051 3753 3109 3803 τὸ
3136 3750 3409 3824 μισεῖσθαι
3431 3748 3565 3820 ὑμᾶς
3591 3747 3733 3822 παρά

2266 3856 2365 3899 τὼν
2420 3855 2655 3922 πονηρῶν
2716 3840 2981 3905 ἀπόδειξίς
3033 3840 3171 3893 ἐστιν
3213 3838 3413 3912 ἀρετῆς,
3469 3843 3643 3911 ωσπερ
3683 3840 3774 3886 καὶ
3816 3838 3876 3886 τὸ

2266 3940 2525 4015 φιλεῖσθαι
2556 3938 2699 4010 παρὰ
2726 3943 2825 3986 τῶν
2856 3935 3096 3985 τοιούτων
3135 3933 3342 3990 κακίας.
3385 3928 3611 4001 Ἐπάρας
3653 3921 3740 3976 οὖν
3776 3924 3875 3975 αύ-

2263 4013 2361 4085 τών
2392 4032 2717 4082 καταπίπτον
2748 4027 2806 4076 τό
2853 4027 3113 4096 φρόνημα,
3152 4019 3304 4073 πάλιν
3350 4015 3450 4070 ἀπὸ
3480 4024 3578 4067 τῶν
3610 4014 3727 4067 καθ’
3758 4013 3877 4065 ἐαυ-

2262 4126 2348 4175 τὸν
2388 4124 2603 4179 τούτους
2632 4120 2943 4189 παρηγορεῖ.

2332 4210 2688 4282 Μνημονεύετε
2717 4236 2785 4244 --
2821 4205 2963 4275 ὑμῖν.
2999 4204 3100 4254 Καὶ
3132 4200 3243 4272 (36)
3285 4200 3432 4259 ποῖός
3463 4194 3603 4247 ἐστιν
3632 4193 3819 4255 ἐκεῖνος
3846 4193 3874 4245 ὁ

2257 4300 2427 4372 λόγος,
2458 4300 2704 4351 ἄκουσον.

2330 4369 2442 4443 Ούκ
2498 4419 2564 4428 ——-
2621 4385 2801 4437 αὐτοῦ.
2851 4388 3040 4434 Τοῦτον
3108 4379 3206 4451 γὰρ
3261 4379 3347 4429 τὸν
3395 4375 3545 4445 λόγον
3600 4369 3872 4445 προλαϐὼν

485 4475 965 4549 praecedentibus
995 4475 1144 4532 dixit
1172 4476 1297 4542 eis;
1330 4492 1439 4532 nec
1464 4477 1526 4532 id
1570 4479 1773 4545 semel,
1826 4480 1930 4536 sed
1966 4481 2143 4539 variis

2287 4477 2392 4532 ἷπεν
2434 4478 2627 4539 αὐτοῖς,
2658 4480 2747 4526 καὶ
2786 4472 2890 4544 ούχ
2930 4469 3089 4534 ἅπαξ,
3125 4466 3252 4519 ἀλλὰ
3286 4464 3564 4539 δικφόρως.
3600 4466 3748 4533 Λέγει
3780 4457 3869 4513 οὖν

486 4565 549 4622 in
570 4564 737 4621 locis.
762 4564 857 4620 Ait
885 4580 1028 4635 ergo
1060 4583 1073 4622 :
1101 4566 1233 4621 Non
1264 4567 1405 4621 estis
1426 4583 1531 4622 vos
1564 4584 1658 4623 me
1685 4570 1978 4626 meliores.

560 4655 729 4714 Vers.
760 4658 850 4711 20.
902 4655 969 4711 Si
996 4684 1065 4696 —
1092 4662 1537 4728 persequentur.
1565 4656 1956 4732 Consequens
1979 4662 2138 4718 enim

565 4838 585 4871 ³
610 4834 783 4893 Joan.
812 4851 928 4903 xu,
964 4838 1055 4893 13.
1090 4836 1112 4871 ⁴
1138 4835 1290 4893 Ibid.
1329 4839 1412 4895 14.

2256 4572 2355 4634 ὅτι,
2390 4568 2499 4621 Οὐκ
2530 4566 2652 4639 ἐμοῦ
2684 4568 2950 4637 κρείττους
2989 4560 3151 4631 ὑμεῖς.

2328 4660 2387 4712 Εἰ
2440 4689 2505 4701 -
2566 4653 2866 4717 διώξουσιν.
2916 4649 3224 4703 Ἀκόλουθον
3290 4647 3392 4722 γὰρ
3457 4646 3563 4715 εἴγε
3630 4642 3870 4714 μαθηταί

1682 4970 1906 5039 Variae
1943 4970 2273 5073 lectiones
2323 4981 2388 5038 et
2423 4978 2625 5037 notas.

557 5122 676 5197 (39)
702 5123 791 5197 Ita
816 5125 978 5197 ἔθηκα
997 5122 1240 5197 exponit
1270 5124 1573 5197 Chrysost.
1610 5128 1750 5178 tom.
1781 5124 1893 5197 Vn,
1918 5140 1977 5197 ρ.
2013 5125 2134 5197 452.

486 5196 545 5269 β.
575 5195 1001 5269 Τὴθορῠγιᾶοίι.
1026 5195 1091 5268 ρ.
1119 5196 1221 5269 78'2
1269 5202 1334 5269 ᾼ.
1391 5195 1455 5250 Β.
1515 5197 1757 5269 Τνθέναικ
1786 5196 1859 5251 de
1884 5195 2138 5268 palmiti-

481 5268 601 5323 bus
629 5268 714 5340 ita
741 5268 921 5322 habet
950 5268 1221 5340 Xenoph.
1259 5268 1474 5340 OEcon.
1508 5282 1627 5331 xxx,
1659 5269 1712 5331 7,
1737 5268 1795 5340 9.

556 5339 672 5412 (31)
702 5339 789 5395 Ita
815 5338 1308 5412 ChrysostItonit
1330 5338 1462 5401 VIII.
1487 5355 1551 5412 _p.
1578 5343 1688 5397 ,452
1721 5339 1781 5392 C.
1810 5338 2134 5412 'l‘lieophyl.

482 5423 544 5481 p.
569 5409 680 5465 782
709 5416 776 5493 A‘.
833 5409 1204 5493 Cyri‘l..__ltom.
1238 5410 1330 5493 l‘V,
1363 5425 1444 5493 ρ..
1478 5409 1580 5465 892
1608 5412 1701 5493 .M,
1728 5412 1837 5481 qui
1872 5409 1988 5493 per
2016 5409 2137 5493 ἀνά.

481 5480 592 5568 γειν
624 5480 898 5552 explicat.
931 5483 1140 5539 Nititur
1175 5480 1384 5537 autem
1430 5482 1557 5536 haec
1605 5480 2007 5561 interpretatio
2046 5490 2137 5534 τοῦ

484 5554 651 5611 rem“
678 5558 735 5609 et
784 5553 1015 5612 ὑπάγητε
1068 5552 1355 5612 proximis
1410 5552 1735 5612 vocabulis.
1804 5556 1999 5612 καρπὸν
2055 5558 2136 5612 φέ-

519 5570 651 5611 sum
678 5570 735 5609 et
784 5572 1015 5625 υπαγητε
1068 5570 1355 5626 proximis
1410 5570 1735 5613 vocanuus.
1804 5573 1999 5628 καρπον
2055 5573 2136 5625 φε-

519 5642 629 5683 ητι.
666 5624 882 5679 Vereor
911 5633 1112 5682 tamen
1175 5639 1253 5681 ne
1310 5625 1538 5691 doctior
1599 5640 1785 5691 quam
1818 5625 2011 5681 verior
2060 5626 2138 5681 sit

527 5693 985 5765 ωο,ειρ1ἱοαιίο.
1018 5696 1411 5765 Evangelistse
1437 5696 1594 5752 enim
1620 5693 1787 5751 haud
1813 5697 1963 5752 adeo
2015 5694 2138 5752 dili-

481 5774 691 5849 genter
711 5765 1034 5831 observant
1049 5765 1345 5831 vocabula
1367 5767 1671 5826 translata.
1688 5768 1834 5826 Sunt
1850 5769 1967 5827 alia
1984 5765 2135 5827 loca.-

2248 5123 2349 5179 1ὼὶ
2389 5137 2567 5177 nemo
2610 5120 2808 5172 τιθέναι
2864 5108 3506 5185 interpretabilunmp‘t
3548 5106 3861 5185 φυτεύσεως.

2246 5196 2389 5251 Vide
2424 5192 2597 5248 Rom.
2644 5207 2722 5254 1v,
2749 5191 2834 5253 l7,
2870 5181 3045 5241 Hebr.
3082 5203 3119 5247 ι,
3158 5187 3209 5237 2.
3241 5181 3480 5251 ’Υπάγιιν
3511 5183 3711 5254 autem
3738 5181 3864 5232 sine

2246 5248 2516 5335 éx‘eluplo
2546 5248 2870 5335 explieatur
2901 5257 3237 5335 ἐκτείνεσθαι,
3270 5248 3498 5324 ἀνάγειν,
3533 5248 3723 5311 αὔξειν.

2343 5331 2435 5407 3ἳὶ
2473 5331 2703 5390 Inclusa
2741 5331 2966 5387 absunt
3003 5331 3070 5382 A.

2343 5412 2433 5471 33)
2468 5406 2703 5462 Inclusa
2733 5405 2972 5459 absunt.

2317 5340 2433 5551 134)
2474 5478 2704 5551 Scilicet
2727 5476 3024 5551 Chrysost.
3059 5474 3070 5526 1

2343 5405 2433 5471 33)
2468 5406 2703 5462 Inclusa
2733 5405 2972 5459 absunt.

2344 5463 2433 5547 3i)
2474 5478 2700 5533 Scilicet
2727 5476 3024 5547 Chrysost.
3059 5474 3204 5527 tom.
3234 5468 3379 5547 VIII,
3410 5481 3472 5539 p.
3506 5468 3609 5545 452
3747 5477 3861 5547 pro

2246 5536 2557 5623 ἐντέλλομαι,
2619 5547 2794 5603 infert
2840 5536 3132 5607 'lelalpxa,
3216 5556 3287 5596 ex
3338 5536 3471 5595 1060
3523 5536 3718 5600 simili,
3796 5544 3865 5593 ut

2247 5625 2419 5682 solet.

2318 5694 2419 5765 (35]

2318 5696 2431 5844 {ﬁl

2461 5691 2605 5759 Ὑπὸ,
2640 5707 2746 5765 pro
2774 5690 2939 5765 παρά,

2461 5758 2694 5823 Οωὶεέο
2720 5766 2829 5831 καί,
2851 5758 3077 5833 legitur
3106 5758 3282 5819 ὁποῖος
3313 5761 3373 5809 Α.
