4108 6386
150 318 292 383 441⁸7
1152 310 1522 377 COMMENT.
1574 312 1644 375 IN
1681 318 1772 375 J0.

1907 312 2025 374 ΕΜ.
2066 350 2134 358 -
2173 315 2333 373 CAP.
2389 310 2505 374 XV.
3388 317 3529 374 1418

150 457 253 527 μού
283 450 420 505 ἐστε,
453 448 755 521 Εύψυχεῖτε
784 444 872 500 οὖν
896 447 965 501 τὰ
992 448 1149 520 ὅμοια
1175 456 1249 519 τῷ
1280 444 1591 518 διδασκάλῳ
1612 448 1759 499 πάσ-

1907 450 1974 517 st,
2008 450 2074 500 ut
2099 444 2149 499 si
2180 442 2303 516 (qq)
2336 442 2451 498 mei
2479 440 2620 498 estis
2648 439 2945 517 discipuli,
2974 440 3141 501 bono
3166 442 3291 501 sitis
3319 445 3526 502 animo

150 560 337 615 χοντες
367 544 455 591 καὶ
477 542 591 591 κατ’
622 543 773 611 ἴχνος
797 537 1193 600 ἁκολουθοῦντές
1221 558 1331 610 μοι.

1910 534 1948 589 d
1981 532 2201 590 similia
2229 548 2367 588 cum
2419 536 2781 605 praeceptore
2810 532 3173 601 suﬁ’erenda,
3205 536 3264 591 et
3301 548 3401 607 per
3427 548 3528 592 ve-

1871 624 2044 694 stigia
2068 640 2166 679 me
2197 622 2595 694 sequendum.

229 720 289 771 Ei
341 751 409 761 -—
468 723 789 791 τηρήσουσι.
858 723 999 775 Μήτε
1066 714 1373 790 διωκόμεδοι
1432 712 1756 787 δυσφορείτε,

1942 713 2110 769 Vers.
2144 716 2233 768 20.
2262 712 2325 767 Si
2352 742 2418 752 —
2445 711 2791 771 servabunt.
2846 714 3053 787 Neque
3094 714 3352 785 graviter
3377 714 3528 771 fera-

153 814 287 883 μήτε
336 816 428 861 τοῦ
483 808 639 879 λόγου
692 810 834 880 ὑμῶν
888 806 1250 878 ἀθετουμὲνου.
1304 805 1367 859 Ἃ
1414 807 1516 878 γὰρ
1560 804 1631 865 εἰς
1675 802 1760 875 ἔμε

1905 805 1960 872 is,
1994 802 2158 874 quod
2188 817 2296 857 vos
2329 806 2788 874 persequantur,
2814 807 2918 858 aut
2946 804 3113 876 quod
3132 808 3357 860 vestros
3388 819 3527 860 con-

153 896 487 961 ἐνεδείξαντο,
566 905 734 949 ταῦτα
802 902 891 949 καὶ
962 897 1030 956 εἰς
1095 898 1225 968 ὑμᾶς
1282 892 1615 957 ἕνδείξονται,
1668 896 1759 944 καὶ

1901 899 2133 947 emnant
2165 906 2474 948 sermones
2503 911 2516 944 :
2547 907 2685 963 quas
2706 892 2867 948 enim
2904 892 2965 948 in
2988 909 3085 949 me
3115 893 3523 958 ostenderunt,

152 990 411 1061 Ἀρκετόν,
446 992 597 1059 φησι,
637 995 707 1057 τῷ
767 982 956 1057 δούλῳ,
1008 987 1090 1037 ἱνα
1135 990 1345 1057 ’γένηται
1398 988 1464 1046 ὡς
1504 987 1529 1036 ὁ
1586 986 1762 1056 κύριος

1900 997 1997 1037 ιδεο
2015 982 2192 1037 etiam
2208 980 2270 1036 in
2286 996 2390 1035 vos
2409 981 2754 1038 ostendent:
2776 987 2831 1039 et
2852 983 3097 1053 sufﬁcit,
3118 982 3328 1055 inquit,
3343 998 3522 1050 servo,

152 1077 313 1128 αὐτοῦ
324 1119 335 1130 .

1868 1076 1934 1127 ut
1950 1073 2024 1127 sit
2042 1072 2190 1127 sicut
2218 1072 2486 1127 dominus
2510 1074 2638 1141 ejus
2659 1074 2702 1125 ⁸.

225 1164 380 1218 Ἀλλὰ
408 1197 477 1205 -
516 1185 636 1237 μου.
660 1173 839 1219 Ταῦτα
867 1166 1055 1229 πάντα,
1090 1161 1363 1225 διώκοντες
1404 1160 1636 1229 δηλαδὴ,
1670 1168 1759 1216 καὶ

1940 1162 2102 1217 Vers.
2135 1166 2224 1217 2t.
2257 1161 2377 1217 Sed
2396 1192 2463 1203 -
2500 1176 2705 1218 meum.
2760 1163 2893 1218 Haec
2951 1163 3173 1230 omnia,
3206 1169 3354 1236 puta
3400 1178 3526 1237 per-

150 1258 239 1306 τὸν
284 1255 433 1326 λόγον
476 1256 617 1327 ὑμῶν
657 1260 728 1328 μὴ
778 1263 1072 1328 τηροῦντες.
1130 1255 1190 1306 Ei
1247 1254 1335 1305 οὖν
1392 1252 1627 1325 ἀγαπᾶτέ
1672 1273 1754 1325 με,

1904 1256 2204 1324 equenles,
2238 1256 2294 1306 et
2323 1265 2662 1306 sermonem
2690 1256 2955 1307 vestrum
3010 1267 3133 1309 non
3199 1258 3526 1311 servantes.

150 1348 417 1418 χαρήσετε
452 1347 676 1410 πάντως,
730 1347 812 1397 ὅτι
870 1341 942 1397 δι’
1001 1342 1087 1416 ἐμὲ
1143 1351 1307 1395 ταῦτα
1350 1345 1609 1413 πάσχετε,
1650 1342 1757 1395 ἐπεὶ

1904 1340 1929 1396 ηί
1948 1355 2092 1410 ergo
2121 1340 2360 1411 diligitis
2390 1356 2494 1408 me,
2528 1340 2868 1410 gaudebitis
2898 1341 3171 1412 omnino,
3210 1343 3355 1415 quia
3400 1343 3526 1400 hac

149 1432 299 1503 κάγὼ
328 1430 401 1485 δι’
453 1434 589 1506 ὑμᾶς
622 1450 633 1461 '
676 1438 765 1486 καὶ
813 1436 960 1505 ὑμεῖς
1006 1437 1096 1505 μὲν
1143 1436 1270 1507 υπερ
1318 1436 1598 1498 Δεσπότόυ,
1658 1431 1756 1503 ἐγὼ

1906 1434 2110 1502 ιτοριοι·
2135 1446 2230 1485 me
2272 1428 2566 1501 patimini,
2597 1429 2742 1502 quia
2783 1434 2841 1487 et
2869 1445 2982 1501 ego
3030 1438 3270 1504 propter
3296 1448 3438 1489 vos:
3471 1436 3528 1490 et

152 1518 212 1573 δὲ
243 1523 369 1597 ὑπὲρ
402 1519 620 1579 δούλων,
656 1521 783 1576 Εἶτα
810 1524 992 1580 τίθησι
1021 1527 1110 1575 καὶ
1136 1522 1293 1579 ἀλλην
1325 1524 1682 1596 παραμυθίαν.

1902 1535 1972 1574 'os
2014 1518 2257 1591 quidem
2308 1534 2419 1590 pro
2482 1518 2759 1589 Domino,
2810 1534 2924 1589 ego
2978 1536 3119 1577 vero
3160 1535 3271 1594 pro
3319 1522 3524 1579 servis.

1870 1608 2085 1663 Deinde
2114 1609 2281 1680 ponit
2297 1613 2352 1663 et
2373 1607 2552 1662 aliam
2583 1608 3081 1665 consolationem.

220 1699 344 1752 Ὀτι
370 1732 437 1740 -
466 1720 550 1773 με.
580 1700 701 1753 Ὀτι
732 1702 978 1753 ἀθετοῦσι
1007 1703 1093 1751 τὸν
1126 1698 1502 1751 ἀποστείλαντά
1532 1720 1612 1772 με,
1639 1720 1755 1752 του-
1786 1732 1832 1788 Β

1938 1696 2104 1751 Vers.
2136 1701 2225 1751 2t.
2262 1698 2411 1763 Quia
2460 1726 2527 1737 —
2568 1711 2676 1753 me.
2734 1697 2887 1763 Quia
2938 1702 3333 1756 contemnunt
3386 1716 3525 1757 eum

150 1793 323 1840 τέστιν
350 1789 627 1864 ὑϐρίζουσι
651 1795 736 1841 καί
783 1794 869 1841 τὸν
909 1793 1132 1860 Πατέρα.
1166 1793 1362 1841 Λοιπὸν
1399 1794 1570 1841 τοίνυν
1603 1788 1757 1860 ἀγαλ-

1905 1786 1967 1841 ἰιί
1992 1801 2088 1841 me
2117 1785 2488 1853 amandavit,
2516 1786 2631 1842 hoc
2652 1791 2764 1854 est,
2788 1786 3022 1843 Patrem
3044 1803 3290 1861 quoque
3321 1794 3527 1846 contu-

150 1877 336 1930 λιᾶσθε
364 1878 696 1951 ὑϐριζόμενοι
721 1880 832 1949 μεθ’
865 1881 1030 1949 ἡμῶν.
1071 1877 1290 1930 Ἔπειτα
1328 1877 1607 1952 ἀποστερεῖ
1643 1883 1759 1939 τοὺς

1904 1875 2049 1931 nelia
2077 1874 2364 1930 afﬁciunt.
2408 1874 2669 1932 Gaudete
2698 1877 2900 1949 itaque
2956 1877 3274 1935 nobiscum
3333 1878 3526 1936 affecti

153 1963 442 2029 Ἰουδαίους
500 1966 712 2028 ἁπάσης
770 1973 1085 2040 συγγνώμης
1153 1966 1601 2034 ἐθελοκακοῦντας,
1669 1973 1759 2020 καὶ

1904 1965 2246 2020 ontumelia.
2281 1964 2421 2020 Post
2455 1965 2584 2020 haec
2625 1964 2862 2021 Judaaos
2895 1966 3057 2022 omni
3095 1967 3291 2038 privat
3328 1968 3523 2035 venia,

151 2064 373 2109 τοιαῦτα
402 2054 899 2130 διαπραττομένους.

1905 2054 2033 2126 ξιιοά
2065 2054 2139 2109 de
2170 2052 2463 2110 industria
2492 2068 2810 2127 perperam
2841 2055 3069 2128 operati
3092 2056 3226 2123 sint,
3269 2056 3527 2131 taliaque

1868 2144 2357 2216 perpetraverint.

219 2236 281 2289 Εί
312 2268 379 2277 --
424 2236 612 2291 αὐτῶν.
662 2236 722 2288 Εἰ
765 2240 836 2307 μὴ
890 2233 1115 2298 ἐδίδαξα
1158 2236 1347 2297 αύτούς
1377 2236 1636 2310 ἁμαρτίαν
1666 2236 1759 2288 οὐκ

1939 2234 2101 2288 Vers.
2134 2237 2221 2287 22.
2254 2232 2317 2287 Si
2345 2264 2409 2276 -—
2437 2248 2563 2290 suo.
2598 2234 2655 2290 Si
2692 2248 2815 2290 non
2847 2233 3192 2291 docuissem
3219 2249 3346 2300 eos,
3378 2249 3527 2307 pec-

151 2324 319 2398 εἶχον,
376 2322 645 2385 διώκοντες
674 2330 764 2377 καὶ
803 2324 1099 2397 ὑϐρίζοντες
1130 2324 1215 2397 ἐμέ
1258 2345 1311 2377 τε
1340 2331 1427 2377 καὶ
1460 2328 1591 2397 ὑμᾶς
1638 2332 1762 2390 τούς

1908 2326 2068 2378 atum
2102 2336 2219 2377 non
2249 2321 2542 2379 haberent
2584 2323 3006 2396 persequendo
3053 2340 3124 2380 ac
3162 2324 3530 2382 contumelia

151 2414 329 2488 ἐμούς,
356 2418 421 2475 ὡς
452 2421 585 2487 μήτε
613 2421 689 2476 τίς
720 2414 825 2486 ἐίμι
853 2414 1086 2486 λέγοντα,
1119 2421 1251 2487 μήτε
1283 2414 1384 2467 ἀπὸ
1415 2424 1513 2467 τῶν
1547 2422 1760 2491 Γραφών

1909 2410 2187 2467 ﬂiciendo
2244 2416 2302 2467 et
2343 2427 2441 2468 me
2488 2417 2545 2467 et
2598 2428 2726 2479 vos,
2780 2412 2884 2484 qui
2934 2413 3052 2469 mei
3117 2414 3277 2482 estis,
3323 2418 3529 2487 utpote

150 2511 303 2557 τοῦτο
334 2501 656 2558 δεικνύοντα.

1908 2517 1994 2557 ,οτι
2032 2500 2327 2557 dicentem
2385 2502 2520 2573 quis
2564 2516 2781 2572 essem,
2838 2516 2948 2557 nec
3014 2500 3078 2557 id
3128 2516 3164 2558 a
3220 2501 3530 2576 Scripturis

1872 2590 2304 2648 ostendentem.

218 2682 277 2735 Ὀ
343 2712 410 2723 -
461 2689 625 2755 μισεῖ.
691 2682 965 2755 Σαφηνίζει
1016 2687 1107 2735 καὶ
1165 2682 1309 2745 αὔξει
1358 2686 1451 2740 τὴν
1504 2682 1762 2758 ἁμαρτιαν

1943 2679 2216 2735 Vers.23.
2249 2680 2364 2746 Qui
2385 2710 2455 2721 —-
2484 2679 2630 2736 odit.
2675 2678 2971 2751 Explanat
2996 2682 3053 2735 et
3099 2684 3279 2751 auget
3322 2695 3534 2753 pecca-

153 2774 345 2843 αὐτῶν,
378 2771 537 2843 λέγων
587 2773 665 2824 ὅτι
702 2778 792 2824 καὶ
842 2774 871 2829 ἡ
910 2780 1000 2823 τοῦ
1044 2774 1167 2823 Υἱοῦ
1217 2770 1382 2845 ὕϐρις,
1433 2780 1525 2823 τοῦ
1566 2778 1763 2847 Πατρός

1911 2785 2001 2825 um
2031 2768 2258 2825 illorum
2293 2769 2518 2835 dicens,
2545 2769 2711 2841 quod
2770 2770 2893 2825 Filii
2933 2769 3173 2841 injuria,
3219 2770 3407 2827 Patris
3444 2775 3533 2829 est

152 2861 286 2915 ἐστιν
334 2860 502 2933 ύϐρις.
556 2861 722 2914 Εἰπὼν
768 2858 828 2914 δὲ
874 2866 991 2936 περὶ
1032 2869 1125 2922 τῆς
1180 2858 1530 2922 διδασκαλίας
1579 2862 1757 2932 αὐτοῦ,

1909 2859 2114 2930 ajuria.
2147 2860 2468 2931 Postquam
2500 2863 2703 2915 autem
2728 2858 2878 2916 dixit
2898 2860 2971 2915 de
2992 2859 3266 2916 doctrina
3288 2875 3417 2927 sua,
3450 2861 3531 2917 di-

151 2952 279 3023 λέγει
306 2957 399 3003 xui
428 2958 543 3023 περὶ
577 2960 675 3003 τῶν
711 2956 941 3022 σημείων
975 2952 1155 3006 αὑτοῦ.
1505 2947 1511 2955 ’

1034 2956 1155 3006 ιτοϋ.
1505 2947 1511 2955 ’
1800 3008 1837 3023 η
1873 2950 1949 3005 cit
1977 2950 2154 3005 etiam
2182 2950 2255 3004 de
2286 2948 2474 3018 signis
2514 2948 2656 3003 suis.

219 3041 277 3094 Εἰ
339 3071 408 3079 -
457 3038 621 3111 εἶχον.
673 3045 773 3093 Καὶ
826 3043 983 3101 ὄντως
1040 3039 1190 3091 αὐτοὶ
1240 3042 1431 3092 τούτων
1486 3043 1758 3114 μαρτυρες,
1797 3008 1839 3065 C

1945 3040 2110 3095 Vers.
2145 3038 2233 3094 24.
2285 3008 2373 3093 διυ
2403 3068 2474 3079 -—
2532 3037 2835 3094 haberent.
2892 3039 2960 3093 Et
3007 3054 3143 3094 vere
3192 3038 3308 3109 ipsi
3352 3042 3533 3095 testes

150 3130 386 3201 λέγοντες
428 3130 509 3181 ὃτι
540 3125 806 3181 Οὐδέποτε
832 3129 995 3191 οὕτως
1020 3130 1177 3201 ἐφάνη
1225 3128 1273 3181 ἐν
1304 3138 1376 3200 τῷ
1409 3130 1641 3205 Ἰσραὴλ,
1673 3136 1762 3183 καὶ

1907 3133 2042 3185 rant
2066 3128 2334 3183 dicentes
2360 3142 2373 3181 :
2396 3126 2720 3198 Nunquam
2740 3126 3025 3196 apparuit
3067 3126 3235 3183 sicin
3267 3126 3458 3184 Israel
3482 3128 3527 3193 ⁹,

156 3221 299 3292 ἕτερα
319 3226 558 3272 τοιαῦτα.

1871 3218 2109 3290 aliaque
2132 3217 2366 3272 similia.

224 3316 331 3362 Νῦν
362 3340 431 3348 -
453 3307 735 3381 ἑωράκασι.
767 3311 844 3359 Τὰ
873 3316 1090 3360 τοιαῦτα
1118 3310 1257 3382 ἔργα.

1943 3310 2103 3363 Vers.
2132 3310 2220 3361 24.
2252 3307 2426 3361 Nunc
2458 3336 2529 3346 —
2573 3306 2873 3362 viderunt.
2919 3304 3274 3376 Hujusmodi
3323 3321 3528 3379 opera.

226 3404 327 3451 Kui
372 3428 437 3438 —
467 3417 588 3469 μου.
633 3397 894 3471 Ἀνωτέρω
942 3402 1043 3470 ’γὰρ
1090 3395 1247 3465 εἶπεν,
1305 3400 1385 3450 ὅτι
1430 3398 1489 3450 Ὀ
1520 3398 1605 3471 ἐμὲ
1650 3400 1763 3469 (37)

1941 3397 2103 3451 Vers.
2136 3398 2224 3450 24.
2256 3396 2330 3450 Et
2363 3426 2413 3437 --
2462 3410 2676 3450 meum.
2703 3392 2989 3466 Superius
3032 3410 3298 3466 namque
3341 3394 3527 3451 dixit:

155 3497 318 3559 μισῶν
353 3488 467 3557 (38)
511 3490 600 3538 καὶ
644 3490 731 3538 τὸν
779 3490 985 3560 Πατέρα
1027 3507 1125 3559 μου
1174 3495 1337 3560 μισεῖ.
1391 3494 1489 3541 Καὶ
1530 3487 1763 3561 ἀλλαχοῦ

1907 3486 1982 3548 lui
2004 3501 2096 3541 me
2124 3485 2269 3551 odit,
2294 3484 2345 3539 is
2370 3490 2423 3540 et
2456 3486 2697 3539 Patrem
2735 3498 2923 3539 meum
2967 3482 3092 3537 edit
3152 3484 3219 3536 ¹ο.
3283 3486 3349 3539 Ει
3401 3499 3529 3539 rur-

156 3577 303 3629 ποίλιν
339 3596 353 3609 ο
388 3575 446 3627 Ὀ
473 3580 543 3647 μὴ
577 3584 740 3648 τιμῶν
770 3579 857 3628 τὸν
886 3577 1024 3639 Υἰον,
1059 3577 1117 3629 ού
1156 3584 1285 3649 τιμᾷ
1313 3582 1400 3629 τόν
1444 3582 1649 3651 Πατέρα
1675 3582 1763 3631 τὸν

1910 3590 2006 3629 um
2036 3572 2181 3630 alibi
2210 3592 2222 3632 :
2260 3572 2369 3638 Qui
2397 3589 2517 3628 non
2546 3572 2802 3629 honorat
2834 3571 3076 3638 Filium,
3114 3587 3236 3628 non
3280 3572 3532 3630 honorat

156 3666 436 3738 πέμψαντα
465 3664 639 3719 αὐτόν.

1873 3664 2123 3728 Patrem,
2154 3663 2261 3734 qui
2286 3661 2444 3717 misit
2471 3662 2645 3717 illum
2674 3662 2742 3716 ιι.

221 3754 367 3807 Ἀλλ’
422 3784 489 3794 -
548 3750 767 3827 δωρεάν.
812 3753 1092 3808 Κάνταῦθα
1137 3758 1196 3808 τὸ
1243 3755 1355 3809 Ἰνα
1400 3757 1494 3808 οὐκ
1546 3757 1765 3811 αἰτιολο-

1943 3754 2105 3809 Vers.
2130 3753 2218 3806 25.
2278 3751 2391 3808 Sed
2431 3781 2499 3791 ——
2550 3750 2755 3820 gratis.
2807 3750 2996 3807 Etiam
3055 3750 3151 3807 hic
3211 3750 3388 3808 dictio
3443 3756 3528 3817 ut,

155 3847 320 3915 γικὸν,
388 3841 515 3894 ἀλλὰ
574 3839 886 3907 δηλωτικὸν,
943 3852 1034 3896 τοῦ
1107 3845 1391 3916 μέλλοντος,
1447 3848 1527 3898 ὅτι
1596 3846 1766 3919 μέλλει

1916 3859 1995 3900 on
2047 3847 2135 3897 est
2190 3840 2468 3903 causalis,
2495 3841 2600 3895 sed
2652 3839 2832 3896 futuri
2895 3839 3308 3911 signiﬁcativa,
3366 3840 3533 3914 quod

158 3933 498 4005 πληρωθῆναι
541 3934 566 3983 ό
619 3932 771 4004 λόγος
828 3929 994 3994 οὗτος.
1042 3939 1214 4005 Νόμον
1268 3931 1328 3987 δὲ
1374 3936 1510 4005 λέγει
1547 3942 1641 3994 τὴν
1683 3935 1766 4007 βί-

1912 3938 2140 3989 iturum
2172 3931 2265 3996 sit,
2298 3934 2365 3985 ut
2382 3930 2479 3985 hic
2502 3945 2700 3985 sermo
2726 3928 3120 4001 compleatur.
3153 3930 3369 4000 Legem
3393 3946 3534 3987 vero

159 4021 271 4074 ϐλον
309 4030 413 4074 τῶν
464 4022 688 4094 Ψαλμῶν
744 4023 794 4073 ἐν
938 4026 1248 4097 γέγραπται,
1305 4026 1381 4075 ὅτι
1436 4030 1536 4077 Καὶ
1597 4024 1767 4095 λόγοις

1916 4024 2012 4077 icit
2046 4022 2260 4076 librum
2294 4018 2706 4081 Psalmorum,
2739 4018 2800 4072 in
2830 4033 2954 4090 quo
2986 4018 3275 4089 scriptum
3302 4022 3389 4073 est
3416 4036 3429 4074 :
3455 4019 3533 4074 Et

157 4116 341 4181 μίσους
411 4109 705 4162 ἐκύκλωσαν
763 4130 844 4183 με,
904 4117 993 4163 καὶ
1049 4110 1370 4183 ἐπολέμησαν
1432 4132 1495 4184 με
1543 4110 1763 4185 δωρεάν,

1913 4109 2238 4168 ermom’bus
2270 4108 2391 4163 odii
2416 4107 2935 4164 circumdederunt
2963 4121 3052 4163 me
3077 4115 3128 4163 et
3156 4122 3535 4177 oppugnave-

158 4199 452 4271 Ἐμίσησαν
510 4195 597 4250 οὖν
655 4199 810 4251 αὑτὸν
870 4196 1087 4272 δωρεὰν,
1144 4204 1262 4259 ἤτοι
1314 4203 1504 4272 μάτην,
1559 4200 1767 4255 ἀνευλό-

1911 4207 2019 4256 unt
2055 4216 2144 4256 me
2168 4199 2354 4270 gratis
2385 4200 2454 4249 η.
2507 4197 2769 4253 Oderunt
2794 4211 2936 4265 ergo
2980 4196 3145 4251 illum
3197 4195 3384 4265 gratis
3410 4196 3533 4253 sive

155 4309 253 4359 γως
279 4288 418 4360 (39),
452 4284 543 4340 διὰ
570 4292 663 4347 τὴν
697 4292 948 4362 πονηρίαν
971 4289 1158 4345 αὐτῶν.

1909 4294 2117 4356 rustra,
2147 4289 2377 4360 absque
2400 4286 2651 4349 ratione,
2706 4290 2949 4357 propter
2998 4301 3167 4340 suam
3217 4284 3531 4341 malitiam.

224 4376 333 4431 Ἵνα
369 4373 428 4430 δὲ
472 4382 544 4450 μὴ
595 4381 808 4431 εἴπωσιν
858 4380 905 4431 ei
951 4378 1271 4431 ἀπόστολοι·
1325 4380 1388 4433 Εἰ
1436 4382 1493 4432 σε
1545 4378 1764 4444 ἐδίωξαν

1948 4381 2029 4433 Ne
2055 4382 2255 4433 autem
2282 4375 2484 4431 dicant
2510 4373 2760 4445 apostoli
2792 4390 2805 4428 :
2834 4373 2892 4429 Si
2952 4378 3003 4428 te
3031 4374 3322 4445 persecuti
3372 4379 3528 4442 sunt,

157 4470 244 4518 καὶ
284 4471 373 4519 τὸν
422 4466 573 4537 λόγον
628 4486 722 4519 σου
771 4467 865 4519 ούκ
924 4466 1203 4543 ἐτήρησαν,
1248 4469 1291 4521 εἰ
1339 4477 1556 4522 τοιαῦτα
1600 4465 1764 4521 διδα-

1913 4474 1934 4524 t
1988 4482 2325 4523 sermonem
2385 4471 2554 4518 tuum
2604 4476 2726 4518 non
2782 4468 3171 4518 servaverunt
3232 4478 3246 4529 ;
3299 4462 3348 4518 si
3404 4478 3535 4519 cum

159 4557 372 4625 χθέντες
411 4561 502 4608 καὶ
543 4564 764 4609 τοιαῦτα
794 4557 1074 4632 ἑωρακότες
1105 4555 1257 4611 οὐδὲν
1298 4557 1585 4629 ἀπώναντο,
1634 4559 1677 4611 εἰ
1707 4561 1766 4612 σε

1914 4557 2018 4614 alia
2073 4556 2268 4611 edocti
2324 4559 2482 4619 sunt,
2538 4552 2798 4624 taliaque
2862 4551 3158 4616 viderunt,
3220 4551 3367 4607 nihil
3422 4551 3536 4608 illis

158 4649 247 4696 καὶ
296 4649 387 4698 τὸν
441 4650 649 4718 Πατέρα
710 4666 804 4699 σου
864 4652 1209 4720 μεμισήκασι,
1264 4648 1510 4722 μέλλουσι
1559 4645 1619 4701 δὲ
1672 4652 1762 4700 καὶ

1917 4646 2091 4704 roiuit
2143 4646 2241 4711 ;si
2289 4651 2343 4699 te
2398 4648 2457 4699 et
2504 4644 2735 4698 Patrem
2789 4646 2957 4697 tuum
3010 4642 3284 4707 oderunt,
3321 4642 3539 4699 similia

162 4732 232 4795 εἰς
296 4737 433 4807 ἡμᾶς
509 4738 576 4787 τὰ
632 4737 787 4808 ὃμοια
858 4733 1209 4803 ἐνδείξασθαι,
1274 4744 1407 4800 τίνος
1470 4741 1628 4791 ἕνεκεν
1698 4740 1765 4799 είς

1920 4751 2116 4807 noque
2139 4734 2465 4790 adversum
2482 4746 2595 4786 nos
2614 4729 3129 4797 demonstrabunt,
3150 4746 3336 4803 quam
3359 4729 3540 4802 igitur

161 4825 428 4887 τοιούτους
508 4822 839 4887 ἀποστέλλεις
930 4829 1128 4899 ἡμάςς
1211 4830 1427 4900 Ἐπάγει
1519 4846 1764 4900 παραμυ-

1918 4827 1955 4881 b
1993 4840 2243 4880 causam
2274 4822 2353 4878 ad
2387 4820 2537 4877 tales
2594 4834 2706 4876 nos
2758 4818 2992 4875 mittis?
3048 4818 3277 4875 inducit
3324 4834 3539 4876 conso-

1117 4872 1128 4896 ν

235 5013 257 5049 ³
284 5005 483 5071 Matth.
508 5019 565 5073 ι,
600 5005 692 5063 25.
803 5007 824 5041 ⁸
856 5005 1054 5063 Matth.
1085 5022 1157 5075 ix,
1186 5010 1273 5065 33.
1389 5008 1437 5043 ¹⁰
1465 5008 1749 5064 Joan.xv.
1778 5007 1867 5064 23.
2000 5006 2042 5041 “
2069 5004 2238 5059 Joan.
2272 5018 2326 5071 ν,
2358 5006 2448 5057 23.
2566 5001 2629 5054 l2
2672 4998 2823 5055 Psal.
2857 5015 3007 5067 cvm,
3037 5002 3091 5053 2.

1376 5159 1601 5231 Variae
1649 5160 1977 5231 lectiones
2019 5168 2085 5225 et
2123 5167 2327 5225 notae.

257 5334 348 5403 37)
386 5340 578 5409 Μισῶνὲ
602 5330 708 5409 ἐμέ.
744 5337 809 5409 A.
952 5406 959 5409 _
1218 5404 1251 5409 _
1341 5403 1356 5409 _
1538 5408 1544 5409 ,

1957 5330 2069 5402 (39)
2104 5326 2429 5409 Hentenius
2468 5324 2715 5406 fortasse
2768 5322 2988 5409 reperit
3043 5340 3160 5374 ανευ
3206 5320 3383 5394 λόγου,
3424 5321 3543 5381 Sed

257 5335 348 5403 37)
388 5340 571 5389 Μισῶν
602 5335 708 5403 ἐμέ.
744 5337 809 5388 Α.

166 5335 481 5533 Οιὲὸξῗᾶἑὶἱο
507 5405 674 5462 addit
698 5403 909 5471 codex,
932 5406 998 5459 A.
1022 5411 1189 5474 μισεῖ.
1215 5403 1400 5462 Paulo
1424 5408 1554 5477 post
1579 5408 1775 5461 autem

1957 5335 2069 5402 (39)
2104 5335 2425 5384 Hentenius
2468 5335 2715 5381 fortasse
2769 5335 2988 5395 reperit
3043 5340 3090 5374 an

1468 5408 1554 5461 est
1579 5408 1775 5461 autem
1886 5403 2003 5460 hoc
2028 5415 2273 5475 quoque
2304 5399 2558 5472 probum
2589 5397 2629 5452 i.
2652 5411 2705 5452 e.
2730 5396 2823 5448 οὐκ
2854 5394 3090 5467 εὐλόγως.

239 5654 359 5728 (qq)
408 5656 480 5714 Ut
508 5688 573 5696 —
606 5656 680 5737 si.
714 5654 1044 5726 Siquidem.
1294 5700 1297 5703 .

492 5758 723 5812 PATBOL.
766 5754 870 5809 Gn.
907 5755 1150 5810 CXXIX.
3157 5742 3227 5801 45
