4108 6392
565 305 705 365 "19

1892 299 2183 364 EUTHYM
2194 301 2237 362 ll
2278 298 2607 363 ZlGABENl

3804 302 3959 368 ΠΜ

561 432 873 502 lationem,
899 430 1125 500 dicens,
1148 430 1598 505 quodSpiritus
1640 436 1884 491 sanctus
1942 447 2221 506 coopera-

2347 433 2472 495 θίαν,
2542 431 2702 503 λέγων
2759 432 2840 485 ὅτι
2901 435 2962 485 τό
3015 429 3230 505 Πνεῦμα
3296 436 3356 487 τό
3421 434 3574 507 ἅγιον
3643 454 3959 511 συνεργησει

564 522 727 580 bitur
750 521 884 579 illis.

997 610 1149 668 CAP.
1183 610 1342 666 XVll.
1371 612 1459 667 De
1482 612 1819 668 Paracleto.

566 740 569 743 ι
638 700 806 758 Vers.
828 704 917 757 26.
943 700 1316 756 Cum—me.
1364 701 1445 756 De
1502 717 1637 758 mea
1685 702 2016 757 divinitate.
2075 704 2224 759 Nam

566 805 705 847 cum
728 790 900 846 Pater
918 788 1311 845 multifariam
1326 790 1734 846 testimonium
1758 791 2123 863 perhibuerit
2150 791 2224 847 de

566 878 934 951 me,Spiritus
945 883 1190 934 sanctus
1204 895 1449 951 quoque
1459 879 1824 936 multifariam
1840 880 2222 935 testimonium

566 968 812 1025 omnino
864 966 1218 1039 perhibebit.
1289 968 1714 1024 Testiﬁcabitur
1757 974 1957 1025 autem
2015 968 2223 1023 lucens

566 1060 626 1114 in
658 1058 942 1114 cordibus
967 1058 1183 1114 vestris
1215 1058 1284 1113 ad
1338 1060 1631 1130 majorem
1682 1060 2118 1123 certitudiuem,
2168 1062 2227 1115 et

563 1146 858 1204 miracula
884 1161 1144 1218 operans
1194 1146 1271 1202 ad
1302 1162 1522 1203 nomen
1576 1163 1799 1203 meum.
1844 1148 1983 1203 Vide
2023 1152 2222 1203 autem

565 1236 732 1311 quod
745 1236 920 1294 mittit
938 1235 1186 1308 quidem
1205 1250 1342 1292 eum
1359 1242 1415 1293 et
1435 1236 1630 1300 Filius,
1646 1243 1938 1309 tanquam
1951 1237 2224 1308 ejusdem

563 1343 705 1384 eum
734 1329 897 1383 Patre
921 1326 1169 1382 honoris
1198 1343 1208 1381 :
1232 1340 1443 1381 verum
1470 1326 1527 1380 id
1568 1343 1603 1382 a
1630 1326 1821 1391 Patre,
1846 1331 1990 1397 puta
2021 1342 2226 1397 proce-

564 1415 829 1475 dentem.
854 1414 1123 1472 Procedit
1151 1414 1353 1486 itaque
1380 1431 1419 1471 a
1446 1418 1635 1485 Patre,
1671 1420 1957 1487 tanquam
1991 1416 2064 1471 de
2096 1416 2225 1487 ejus

567 1504 927 1567 substantia.
958 1503 1097 1559 Ideo
1122 1504 1301 1560 etiam
1331 1504 1538 1560 omnia
1562 1520 1693 1577 quae
1724 1505 1907 1561 Patris
1930 1509 2069 1561 sunt
2114 1520 2227 1561 no-

562 1594 668 1659 vit,
693 1592 843 1649 sicut
872 1599 927 1648 et
956 1591 1151 1648 Filius.

640 1681 812 1748 Quod
842 1681 893 1737 si
923 1686 1091 1751 roget
1112 1681 1268 1752 quis,
1298 1697 1406 1737 cur
1440 1682 1619 1738 etiam
1652 1683 1831 1738 Filius
1854 1698 1974 1739 non
2008 1683 2225 1738 dicitur

2335 540 2534 583 αυτοις.

2660 618 2805 666 ΚΕΦ.
2842 611 2938 666 ΙΖ’.
2976 616 3100 684 Περὶ
3133 620 3223 664 τοῦ
3259 612 3625 685 Παρακλήτου.

2403 700 2564 753 Ὀταν
2608 732 2678 741 -
2720 700 2865 773 ἐμοῦ.
2905 708 3027 773 Περὶ
3070 711 3164 763 τῆς
3211 701 3337 775 ἐμῆς
3390 705 3647 766 θεότητος.
3696 711 3801 757 Τοῦ
3848 708 3953 779 γὰρ

2336 794 2539 863 Πατρός
2591 787 2855 865 διαφόρως
2910 797 3347 866 μαρτυρήσαντος
3390 797 3508 864 περὶ
3557 792 3703 865 ἐμοῦ,
3754 799 3847 846 καὶ
3892 800 3954 848 τό

2336 886 2544 951 Πνεῦμᾶ
2614 883 2671 933 τό
2744 880 2893 951 ἇγίον
2965 879 3224 954 διαφόρως
3305 887 3635 956 μαρτυρήσει
3723 886 3951 946 πάντως,

2334 974 2676 1042 Μαρτυρήσει
2761 967 2820 1022 δέ
2896 971 3151 1042 ἐλλάμπον
3231 978 3342 1031 ταῖς
3391 968 3640 1043 καρδίαις
3684 974 3829 1045 ὑμῶν
3884 976 3954 1035 εἰς

2334 1057 2686 1131 πληροφορίαν
2763 1058 3096 1131 τελειοτέραν,
3153 1064 3244 1111 καὶ
3315 1068 3689 1134 τερατουργοῦν
3742 1060 3824 1115 ἐπὶ
3878 1072 3954 1134 τῷ

2336 1146 2550 1218 ὀνόματί
2604 1167 2723 1219 μου.
2792 1146 2946 1223 [Ὅρα
3005 1149 3116 1218 (40)
3195 1145 3253 1200 δὲ
3304 1150 3384 1200 ὅτι
3436 1152 3628 1221 πίμπει
3682 1152 3773 1221 μεν
3824 1151 3954 1204 αὐτὸ

2333 1242 2422 1289 καὶ
2453 1240 2595 1305 Υἱός,
2648 1240 2718 1299 ὡς
2766 1236 3019 1309 ὁμότιμος
3064 1245 3137 1308 τῷ
3190 1242 3381 1312 Πατρὶ,
3422 1241 3565 1312 παρὰ
3604 1246 3696 1291 τοῦ
3746 1243 3957 1310 Πατρός

2336 1322 2415 1391 δὲ,
2466 1328 2533 1387 ὡς
2584 1328 2729 1401 παρὰ
2776 1334 2867 1379 τοῦ
2916 1330 3118 1401 Πατρός
3173 1329 3596 1402 ἐκπορευόμενον.
3659 1330 3816 1400 Παρὰ
3864 1334 3957 1379 τοῦ

2336 1419 2542 1489 Πατρός
2604 1411 2663 1467 δὲ
2732 1414 3086 1488 ἐκπορεύεται,
3156 1418 3223 1477 ὡς
3281 1414 3337 1467 ἐκ
3403 1423 3497 1476 τῆς
3554 1415 3738 1478 οὐσίας
3792 1416 3957 1467 αὐτοῦ

2336 1508 2408 1557 ὄν.
2438 1508 2527 1556 Διό
2571 1508 2661 1556 καὶ
2707 1501 2819 1556 οἶδε
2847 1507 3019 1557 πάντα
3060 1507 3126 1557 τὰ
3156 1512 3249 1558 τοῦ
3298 1508 3524 1579 Πατρός,
3564 1507 3739 1579 ὥσπερ
3792 1508 3885 1556 καὶ
3931 1504 3956 1554 6

2334 1595 2471 1653 Υἱός.

2406 1682 2466 1735 Εἰ
2514 1679 2573 1735 δέ
2625 1702 2705 1745 τις
2748 1681 2916 1755 ἐρωτᾷ
2961 1691 3071 1744 πῶς
3124 1682 3184 1735 οὗ
3240 1682 3445 1755 λέγεται
3488 1689 3577 1736 καὶ
3631 1687 3692 1735 τό
3741 1690 3959 1754 Πνεῦμα

563 1770 693 1843 ipse
719 1771 987 1843 Spiritus,
1020 1786 1157 1825 cum
1184 1770 1365 1826 etiam
1395 1771 1472 1827 ab
1515 1773 1728 1827 eodem
1788 1772 1861 1827 sit
1905 1776 2091 1837 Patre,
2137 1772 2220 1826 di-

2347 1769 2469 1835 Γῖός,
2527 1774 2611 1824 οἷα
2666 1774 2720 1823 ἐκ
2775 1780 2867 1824 τοῦ
2916 1773 3077 1824 αὐτοῦ
3134 1779 3337 1847 Πατρός
3396 1777 3470 1843 ὅν,
3536 1772 3747 1846 ἐροῦμεν
3812 1769 3958 1825 διότι

562 1875 790 1924 camus,
817 1858 961 1931 quia
981 1874 1105 1915 non
1136 1864 1312 1914 natus
1336 1865 1443 1925 est,
1469 1860 1989 1932 quemadmodum
2020 1861 2218 1930 Filius,

565 1951 668 2006 sed
690 1949 811 2005 alio
838 1948 1019 2004 modo
1042 1947 1332 2020 procedit.
1365 1949 1501 2004 Ideo
1522 1950 1669 2006 Nati
1686 1950 1934 2021 quidem
1964 1950 2226 2005 vocabu-

561 2039 689 2095 lum
743 2037 885 2096 Filio
929 2037 1227 2105 convenit,
1304 2038 1680 2094 Procedentis
1736 2055 1877 2094 vero
1963 2040 2221 2111 Spiritui.

563 2129 826 2183 Rursum
854 2126 899 2181 si
946 2134 1157 2198 pergat
1201 2126 1595 2197 interrogans,
1629 2128 1776 2200 quid
1829 2129 1901 2183 sit
1940 2128 2037 2185 illa
2094 2145 2224 2201 pro.

562 2217 770 2279 cessio,
799 2230 1117 2288 pergamus
1153 2219 1211 2271 et
1236 2231 1347 2272 nos
1374 2216 1658 2283 dicentes,
1694 2217 2045 2274 invertendo
2075 2233 2222 2290 pau-

562 2304 775 2371 lulum,
802 2304 969 2377 quod
994 2304 1076 2359 ait
1100 2304 1416 2374 Gregorius
1430 2305 1765 2375 Theologus
1790 2324 1801 2361 :
1839 2307 1940 2362 Dic
1968 2312 2033 2360 tu
2052 2322 2228 2376 gene-

560 2394 859 2451 rationem
890 2392 1040 2457 Filii,
1070 2397 1129 2450 et
1152 2408 1266 2449 nos
1296 2399 1575 2450 naturam
1602 2394 1954 2465 eloquemur
1993 2410 2227 2466 proces-

562 2484 752 2541 sionia
787 2482 1139 2555 Spirituszet
1162 2498 1232 2538 ex
1262 2498 1434 2554 aequo
1448 2483 1856 2555 pugnabimus
1880 2484 2015 2555 (rr),
2039 2485 2097 2539 in
2122 2484 2223 2540 Dei

560 2572 848 2644 mysteria
878 2575 1168 2643 tanquam
1203 2586 1310 2642 per
1334 2577 1723 2627 transennam
1775 2573 2220 2643 prospicientes.

634 2663 827 2725 Quare
866 2664 1068 2717 autem
1113 2659 1290 2716 Filius
1347 2665 1405 2715 et
1458 2660 1708 2732 Spiritus
1764 2678 1885 2717 non
1944 2662 2223 2718 dicuntur

561 2750 793 2819 fratres,
818 2763 957 2804 cum
987 2748 1269 2805 eumdem
1292 2748 1555 2805 habeant
1576 2752 1805 2807 Patrem
1836 2751 1864 2807 ‘2
1920 2751 2070 2817 Quia
2099 2767 2220 2808 non

562 2838 777 2895 eodem
798 2838 982 2895 modo
1008 2854 1082 2893 ex
1111 2836 1209 2895 illo
1233 2844 1372 2895 sunt
1405 2855 1419 2906 ;
1456 2838 1756 2912 siquidem
1804 2840 1901 2897 ille
1931 2842 2218 2907 nascitur,

560 2926 656 2984 hic
678 2942 815 2984 vero
840 2926 1129 2999 procedit.

633 3019 793 3074 Vers.
818 3018 1007 3073 27.Et
1033 3047 1101 3057 —
1132 3016 1292 3074 estis.
1332 3017 1529 3074 Testes
1580 3034 1929 3075 sermonum
1988 3026 2043 3076 et
2083 3035 2222 3093 ope-

2333 1862 2394 1915 οὐ
2460 1868 2702 1933 γεννᾶται
2755 1864 2824 1923 ὡς
2875 1862 2900 1912 6
2966 1864 3101 1932 Υἱός,
3169 1860 3277 1913 ἀλλ’
3354 1862 3681 1936 ἐκπορεύεται
3759 1866 3956 1935 τρόπον

2334 1951 2520 2023 ἕτερον.
2583 1954 2670 2003 Διό
2728 1959 2800 2020 τῷ
2851 1959 3079 2020 γεννητῷ
3145 1955 3235 2021 μεν
3310 1950 3498 2013 κλῆσις
3549 1953 3691 2013 Υἱός,
3739 1958 3815 2020 τῷ
3875 1950 3956 2002 ἐκ·

2336 2048 2568 2113 πορευτῷ
2610 2036 2669 2091 δὲ
2723 2046 2949 2111 Πνεῦμα,
3008 2040 3070 2091 Εἰ
3120 2036 3178 2092 δὲ
3237 2045 3630 2114 προσερωτήσει
3682 2046 3763 2101 τίς
3813 2039 3957 2092 ἔστιν

2336 2128 2465 2186 αῦτη
2533 2130 2562 2186 ἡ
2638 2131 2965 2202 ἐκπορευσις,
3027 2136 3382 2202 προσεροῦμεν
3449 2131 3475 2181 6
3525 2148 3683 2202 φησιν
3740 2130 3861 2201 (41)
3932 2131 3957 2180 6

2337 2218 2591 2289 Θεολόγος
2649 2222 2952 2291 Γρηγόριος,
3016 2221 3202 2294 μικρὸν
3261 2218 3641 2282 ῦπαλλάξαντες
3697 2221 3778 2271 ὅτι
3833 2219 3959 2271 Εἰπὲ

2337 2311 2403 2359 σὺ
2426 2312 2519 2365 τὴν
2549 2311 2789 2377 γέννησιν
2818 2315 2909 2359 τοῦ
2933 2315 3078 2372 Υὶοῦ,
3102 2313 3192 2359 καὶ
3222 2309 3368 2379 ἡμεῖς
3391 2307 3841 2380 φυσιολογήσομεν
3862 2312 3956 2365 τήν

2336 2395 2639 2469 ἐκπόριυσιν
2662 2404 2752 2448 τοῦ
2785 2398 3104 2468 Πνεῦματος,
3128 2401 3218 2449 καὶ
3244 2396 3742 2472 παραπληκτίσομεν
3764 2399 3923 2456 sum
3938 2419 3958 2459 ς

2335 2487 2406 2547 εἰς
2437 2490 2563 2538 Θεοῦ
2596 2490 2866 2561 μυστήρια
2895 2488 3338 2558 παρακύπτοντες.

2407 2668 2506 2716 Καὶ
2565 2659 2712 2715 διατί
2760 2664 2784 2715 6
2847 2665 2967 2723 Υἱός
3032 2669 3122 2715 καὶ
3176 2667 3233 2716 τό
3304 2670 3512 2736 Πνεῦμα
3578 2663 3636 2716 οὗ
3712 2663 3952 2736 λέγονται

2333 2749 2564 2824 ἀδελφοὶ,
2593 2756 2678 2805 τόν
2706 2755 2861 2804 αὐτόν
2891 2755 3101 2823 ἔχοντες
3132 2757 3339 2828 Πατέρα
3366 2770 3379 2819 ;
3410 2757 3548 2805 Διότι
3579 2752 3638 2805 οὐ
3666 2755 3755 2805 τόν
3792 2753 3951 2806 αὐτόν

2329 2848 2518 2914 τρόπον
2542 2842 2672 2895 εἰσιν
2699 2841 2751 2904 ἐξ
2776 2842 2936 2894 αὐτοῦ
2956 2860 2967 2872 ·
3003 2843 3028 2893 6
3058 2845 3149 2913 μεν
3177 2844 3277 2918 γὰρ
3304 2848 3565 2915 γεννᾶται,
3594 2844 3650 2894 τό
3683 2837 3743 2894 δὲ
3765 2840 3952 2914 ἐκπορ-

2334 2950 2525 2987 ευεται.

2407 3026 2507 3074 Καὶ
2550 3052 2618 3061 -
2656 3018 2769 3073 ἐστέ
2784 3063 2798 3076 .
2849 3025 2948 3073 Καὶ
3000 3021 3146 3091 ὑμεῖς
3188 3023 3449 3095 μάρτυρες
3494 3028 3596 3073 τῶν
3642 3020 3809 3091 λόγων
3859 3025 3948 3072 καὶ

558 3122 694 3163 rum
728 3120 1024 3171 meorum,
1061 3122 1131 3163 ac
1155 3122 1306 3163 mea:
1335 3107 1556 3163 divinas
1587 3110 1862 3179 potentiae
1888 3109 2006 3164 ﬁde
2033 3109 2217 3179 digni,

2347 3112 2493 3183 ἔργων
2544 3130 2665 3182 μου,
2712 3115 2800 3162 καὶ
2848 3117 2944 3172 τῆς
2973 3108 3103 3181 ἐμῆς
3146 3112 3458 3184 θεοπρεποῦς
3506 3107 3777 3182 δυνάμεως
3811 3109 3953 3172 ἀξιό-

562 3195 708 3268 quia
729 3195 807 3251 ab
832 3194 998 3250 initio
1023 3194 1464 3266 praedicationis
1520 3212 1911 3268 meorumque
1973 3197 2224 3254 miracu-

560 3284 759 3343 lorum
788 3298 1025 3341 mecum
1055 3284 1215 3350 estis,
1249 3290 1305 3340 et
1326 3285 1579 3341 omnino
1634 3285 1852 3341 multos
1902 3287 1979 3341 ad
2040 3288 2221 3343 fidem

558 3373 888 3436 adducetis.
916 3388 1113 3445 neque
1143 3372 1302 3429 enim
1335 3390 1545 3430 omnes
1586 3374 1851 3430 Similiter
1891 3376 2032 3432 mali
2061 3382 2219 3432 sunt.

634 3464 782 3519 CAP.
813 3462 950 3518 XVI.
992 3464 1150 3517 Vers.
1185 3466 1232 3517 l.
1290 3463 1433 3519 Haec
1484 3494 1554 3504 ——
1602 3464 2013 3533 o/fendamz'ni.
2077 3466 2222 3521 Cum

560 3551 759 3609 malos
788 3550 1050 3608 videritis
1083 3556 1510 3624 persequentes
1556 3569 1688 3622 vos,
1750 3569 1819 3608 ac
1850 3554 2070 3625 injuria
2092 3553 2221 3611 aiﬁ-

561 3640 782 3697 cientes
812 3640 916 3695 sed
949 3646 1377 3711 cognoscentes
1404 3644 1528 3709 (ss),
1553 3641 1719 3713 quod
1753 3641 2086 3698 Paracletus
2118 3660 2221 3699 vo-

558 3729 655 3786 bis
687 3729 1026 3793 auxilietur,
1059 3728 1225 3784 bono
1253 3729 1378 3784 sitis
1400 3730 1624 3801 animo,
1650 3746 1720 3786 ac
1744 3731 1983 3809 viriliter
2004 3733 2216 3802 agatis.

635 3820 793 3874 Vers.
827 3817 879 3874 2.
913 3817 1110 3875 Extra
1141 3833 1477 3889 synagogas
1507 3850 1576 3860 —-
1606 3834 1725 3875 vos.
1753 3820 2105 3878 Praedictum
2133 3829 2221 3880 est

561 3907 722 3965 enim
752 3908 820 3974 1³,
844 3906 1010 3980 quod
1037 3911 1373 3963 statuerunt
1393 3907 1601 3974 Judaei,
1649 3914 1710 3965 ut
1741 3910 1792 3967 si
1846 3912 1980 3982 quis
2033 3913 2221 3968 confi-

561 4002 781 4054 teretur
808 3997 1009 4070 ipsum
1074 4012 1203 4053 esse
1252 3997 1569 4065 Christum,
1616 4003 1782 4055 extra
1836 4002 2219 4072 Synagogam

561 4085 891 4159 ejiceretur.

632 4177 792 4231 Vers.
825 4180 877 4231 2.
909 4175 1021 4233 Sed
1068 4202 1139 4215 -—-
1192 4174 1328 4231 Deo.
1384 4176 1500 4231 Sed
1525 4177 1886 4249 procedente
1929 4182 2214 4250 tempore,

560 4263 774 4337 inquit,
834 4264 988 4321 adeo
1032 4264 1353 4330 insanient,
1400 4269 1688 4338 tantoque
1732 4267 1931 4323 studio
1960 4273 2218 4324 vestram

562 4354 931 4411 affectabunt
968 4359 1245 4417 mortem,
1301 4360 1363 4409 ut
1411 4371 1549 4411 eum
1602 4355 1706 4426 qui
1763 4373 1865 4411 vos
1915 4358 2216 4423 occiderit,

2332 3218 2534 3261 πιστοι,
2600 3195 2739 3250 διότι
2792 3199 2883 3250 ἄπ’
2937 3196 3115 3270 ἀρχῆς
3169 3207 3260 3250 τοῦ
3312 3202 3655 3273 κηρύγματος
3709 3203 3798 3250 καὶ
3850 3207 3953 3249 τῶν

2336 3290 2614 3359 Θαυματων
2685 3288 2795 3359 μετ’
2863 3284 2988 3359 εἰμοῦ
3037 3289 3171 3357 ἐστε,
3233 3292 3323 3340 καὶ
3369 3287 3590 3350 πολλοὺς
3656 3289 3769 3357 (ἆὲ)
3823 3290 3952 3339 πάν-

2331 3396 2428 3438 τως
2460 3376 2737 3450 ἀγρεύσετε
2772 3382 2903 3449 πρὸς
2933 3381 3026 3435 τήν
3057 3382 3238 3429 πίστιν
3272 3395 3284 3407 ’
3317 3378 3375 3430 οὐ
3401 3380 3503 3451 γὰρ
3533 3380 3719 3439 πάντες
3759 3376 3955 3449 ὁμοίως

2331 3470 2574 3541 πονηροί.

2401 3562 2581 3608 Ταῦτα
2616 3586 2687 3595 —
2742 3551 3189 3614 σκανδαλισθῆτε.
3240 3554 3401 3608 Ὀταν
3453 3552 3609 3613 ἴδητε
3667 3559 3790 3617 τοὺς
3845 3575 3949 3608 πο-

2329 3648 2512 3717 νηροὺς
2544 3641 2824 3705 διώκοντας
2852 3645 2985 3716 ὑμᾶς
3025 3648 3115 3695 καὶ
3145 3652 3454 3712 κακοῦντας,
3490 3643 3598 3696 ἀλλ’
3635 3646 3717 3697 ἱνα
3741 3650 3949 3715 γινώσ-

2328 3753 2500 3796 κοντες
2532 3735 2612 3786 ὃτι
2643 3736 2667 3785 6
2702 3734 3041 3808 Παράκλητος
3065 3733 3331 3808 ἐπικουρεῖ
3371 3736 3510 3806 ὑμῖν,
3540 3733 3827 3806 εὔψυχείτε
3855 3739 3947 3787 καὶ

2331 3821 2667 3895 ἀνδρίζεσθε.

2404 3913 2872 3984 Ἀποσυναγὼγους
2905 3943 2971 3953 --
3004 3912 3160 3985 ὑμᾶς.
3204 3917 3519 3988 Προείρηται
3565 3915 3666 3985 γὰρ
3698 3913 3782 3965 ότι
3814 3932 3948 3967 συν-

2330 4004 2497 4055 έθεντο
2523 4006 2572 4053 οἵ
2600 3997 2869 4073 Ἰουδαῖοι,
2898 4002 2999 4067 ἵνα,
3033 4002 3118 4054 ἐάν
3150 4022 3231 4065 τις
3262 4002 3421 4055 αὐτόν
3451 4001 3750 4076 ὁμολογήσῃ
3779 4012 3951 4078 Χρισο

2329 4095 2436 4158 τὸν,
2466 4090 2880 4164 ἀποσυνάγωγος
2914 4095 3149 4163 γένηται.

2402 4180 2535 4233 Ἀλλ’
2565 4212 2635 4221 --
2666 4189 2799 4252 Θεῷ.
2840 4180 3001 4235 Ἀλλὰ
3053 4186 3325 4255 προίόντος
3362 4189 3453 4233 τοῦ
3494 4186 3712 4254 χρόνοι),
3766 4187 3947 4253 φησὶν,

2329 4278 2575 4321 τοσοῦτον
2620 4268 3002 4342 ἐκμανήσονται
3046 4276 3137 4322 καὶ
3186 4266 3648 4343 περισπούδαστον
3702 4276 3955 4329 ποιήσον-

2328 4378 2417 4411 ται
2463 4362 2548 4411 τόν
2601 4361 2817 4411 θάνατον
2875 4360 3038 4430 ὑμῶν,
3095 4361 3226 4411 ὥστε
3279 4363 3369 4411 τόν
3407 4357 3775 4412 ἀποκτείνοντα
3832 4360 3949 4429 (43)

561 4448 769 4517 putent
794 4442 1153 4499 sacriﬁcium
1194 4458 1265 4498 ac
1290 4442 1598 4499 victimam
1645 4445 1934 4501 obtulisse
1984 4449 2122 4513 Deo,
2166 4454 2221 4503 et

2347 4450 2465 4520 ὶμᾶς
2525 4445 2697 4501 δοκεῖν
2755 4451 2939 4501 Θυσίαν
2989 4453 3296 4521 προσφέρειν
3345 4457 3417 4519 τῷ
3469 4457 3601 4520 Θεῷ,
3654 4454 3745 4501 καὶ
3798 4455 3951 4521 νομί-

562 4534 882 4606 opinentur
902 4532 1153 4587 coluisse
1178 4548 1315 4587 eum
1357 4532 1569 4605 magis,
1596 4534 1779 4607 eique
1798 4534 2115 4606 placuisse,
2160 4544 2221 4592 ut

561 4621 1034 4696 quiseductores
1058 4638 1128 4677 ac
1160 4622 1468 4693 pestiferos
1527 4624 1828 4681 occiderit.
1890 4627 2217 4698 Postquam

560 4712 835 4786 pradixit
861 4712 1075 4777 tristia,
1103 4710 1269 4768 addit
1292 4711 1507 4769 iterum
1536 4714 2037 4771 consolationem.

574 4843 578 4847 ’
635 4852 685 4890 ³³
722 4851 894 4909 Joan.
938 4867 1018 4919 ix,
1050 4856 1138 4909 20.

2334 4540 2438 4600 ζειν
2488 4537 2714 4590 εὐσεϐεῖν
2762 4537 2953 4609 μᾶλλον
2997 4543 3085 4591 καὶ
3144 4539 3437 4600 εὐαρεστεῖν
3484 4538 3644 4608 αὐτῷ,
3697 4541 3761 4597 ως
3822 4536 3949 4590 ἀπο-

2330 4631 2595 4679 κτείνοντα
2675 4626 2921 4695 πλάνους,
2976 4632 3063 4680 καὶ
3122 4627 3405 4699 λυμεῶνας,
3462 4631 3552 4679 καὶ
3621 4629 3946 4698 θεοστυγεῖς.

2331 4720 2596 4789 Προειπὼν
2647 4712 2706 4769 δὲ
2750 4720 2816 4770 τὰ
2866 4716 3097 4793 λυπηρὰ,
3140 4719 3321 4790 ἐπάγει
3373 4716 3527 4770 πάλιν
3578 4719 3945 4793 παραμυθίαν.

1778 4953 1994 5023 Varias
2032 4954 2363 5026 lectiones
2408 4966 2473 5025 et
2506 4966 2711 5026 nota.

658 5095 752 5165 40)
779 5093 1017 5150 Inclusa
1047 5093 1268 5151 absunt
1294 5097 1361 5151 A.

657 5169 721 5243 417
756 5165 1236 5243 LocusAGregorii
1266 5166 1541 5243 Nazianz._
1566 5165 1625 5221 in
1672 5172 1822 5223 orat.
1873 5168 1947 5243 d_e
2002 5170 2221 5243 Spiritu

559 5236 789 5303 sancto,
832 5253 891 5309 p.
945 5238 1071 5301 221,
1114 5237 1247 5295 init.
1298 5238 1389 5309 ita
1446 5238 1627 5294 habet
1675 5258 1687 5292 :
1740 5244 1832 5300 Τίς
1867 5236 1954 5292 οὖν
1994 5236 2220 5299 ἡ’ἐκπό-

557 5324 797 5387 ρευσιςς
834 5307 953 5362 *εἰπε
1008 5312 1073 5361 σὺ
1138 5313 1233 5387 τήν
1288 5307 1598 5387 ἀγεννη-σίαν
1651 5319 1742 5363 τοῦ
1803 5317 2024 5387 Πατρός,
2072 5313 2219 5387 κάγὼ

557 5381 652 5440 τὴν
703 5384 944 5453 γέννησιν
1009 5387 1102 5433 τοῦ
1130 5383 1258 5434 Υἱοῦ
1311 5381 1702 5454 φυσιολογήσω,
1768 5388 1857 5436 καὶ
1917 5381 2020 5444 ’τήν
2071 5381 2221 5439 suis.

591 5558 752 5647 (ης)⁸
774 5560 852 5615 Ει
878 5574 947 5615 ea:
973 5574 1135 5647 aequ
1151 5559 1546 5647 pugnabimus
1576 5562 2121 5647 -—_prospicientes.
2154 5567 2219 5647 Et

557 5630 843 5701 similiter,
890 5631 1064 5708 quasi
1099 5631 1442 5702 delirantes,
1497 5630 1947 5691 conabimu‘r—
1993 5636 2221 5711 prospi-

556 5717 711 5763 cere.

2330 5118 2507 5175 ρευσιν
2554 5107 2646 5153 τοῦ
2677 5107 2995 5174 Πνευματος,
3028 5103 3113 5154 καὶ
3142 5099 3643 5176 παραπληκτισομεν
3683 5122 3839 5177 αμφω
3874 5103 3948 5167 εἰς

2331 5179 2465 5226 Θεοῦ
2534 5178 2767 5243 υστήρια
2790 5176 3234 5246 παρακύπτοντες.

2402 5193 2725 5389 ἒ42ἷξ1άλιν,
2767 5261 2877 5335 pro
2903 5245 3122 5307 πολλούς
3148 5252 3203 5299 Β.

2426 5319 2491 5373 43
2564 5323 2949 5372 Αποκτειναντα
2968 5320 3035 5385 Α,
3075 5322 3138 5375 ut
3159 5322 3234 5374 831

2402 5244 2516 5389 £42;
2546 5245 2725 5315 Πάλιν,
2767 5244 2877 5317 prd
2903 5245 3122 5307 πολλούς
3148 5252 3203 5299 Β.

2426 5319 2491 5373 43
2546 5316 2949 5372 Ἀποκτείναντα
2968 5320 3035 5385 Α,
3075 5322 3138 5375 ut
3159 5334 3203 5374 e:

2426 5316 2516 5389 43)
2546 5316 2949 5393 Ἀποκτείναντα
2968 5320 3035 5385 Α,
3075 5322 3138 5375 ut
3159 5320 3250 5374 est
3274 5316 3335 5373 in
3366 5320 3548 5375 textu.

2397 5566 2503 5638 (ss)
2552 5568 2671 5625 Sed
2688 5574 3128 5643 cognoscentes.
3159 5566 3269 5624 Ἵνα
3292 5582 3418 5626 non
3449 5567 3740 5643 expressit
3769 5571 3951 5629 mter-

2328 5654 2485 5714 pres,
2507 5656 2579 5698 ac
2603 5640 2942 5700 redundare
2966 5641 3227 5701 videtur.
