4108 6382
168 320 290 387 “si

1180 319 1546 383 COMMENT.
1587 312 1659 382 1N
1696 310 2042 381 JOAN‘NEM.
2079 355 2147 367 —
2177 319 2333 381 CAP.
2376 320 2532 382 XVI.

3398 323 3539 382 H22

235 457 335 509 Καὶ
365 484 431 495 -
459 452 566 527 ἐμέ.
618 452 692 507 Δι’
722 451 809 514 οὓς
836 459 1006 505 ταῦτα
1045 452 1434 511 ύποστὴσεσθε.
1479 456 1579 506 Καὶ
1619 450 1767 526 ἀρκεῖ

1953 451 2116 507 Vers.
2170 455 2223 507 3.
2250 450 2417 506 Et—
2470 465 2581 509 me.
2636 450 2884 526 Propter
2931 436 3088 527 quos
3123 451 3253 509 haec
3283 452 3539 511 sustine-

168 547 280 618 ὑμῖν
320 544 387 605 εἰς
418 543 750 619 παράκλησιν
783 547 841 595 τὸ
875 539 947 596 δι’
975 544 1116 615 ἡμᾶς
1146 550 1314 595 ταῦτα
1343 546 1594 615 πάσχειν.
1652 541 1765 594 Ούκ

167 637 389 708 ἔγνωσαν
421 630 482 687 δι
505 637 590 686 τὸν
628 638 833 706 Πατέρα
884 630 1008 686 οὐδὲ
1049 632 1135 705 ἔμε
1182 633 1400 703 ἑκόντες,
1433 635 1499 693 ὡς
1529 631 1764 685 ἐθελοκα-

168 732 382 785 κοῦντες.

234 902 387 958 Ἀλλά
415 936 473 945 —
500 905 643 975 ύμῖνέ
671 900 803 966 Ἵνα,
832 903 952 955 ὅταν
984 900 1104 974 ἔλθη
1135 902 1159 952 ό
1201 904 1387 975 καιρός
1415 910 1510 962 τῆς
1541 898 1767 963 διώξεως

167 998 252 1046 καὶ
278 992 586 1067 ἀναιρέσεως
626 994 788 1064 ὑμῶν,
823 994 1178 1063 μνημονεύητε
1224 992 1390 1043 αὐτῶν
1430 992 1497 1041 ὧν
1540 988 1606 1048 δὴ
1651 990 1766 1061 (Ui)

168 1082 416 1140 λελάληκα
462 1083 606 1154 ύμῖν,
638 1085 800 1153 ἤγουν
834 1082 916 1132 ἶνα
980 1083 1335 1153 μνημονεύητε
1389 1082 1468 1132 ὃτι
1500 1080 1599 1150 ἐγὼ
1628 1076 1768 1131 εἶπον

170 1174 284 1245 ὑμῖν
306 1174 496 1237 πάντα,
531 1174 601 1232 ὡς
630 1172 803 1223 πάντα
842 1167 1011 1235 εἰδὼς,
1063 1175 1153 1221 καὶ
1182 1172 1265 1221 ἵνα
1295 1172 1396 1221 ἀπὸ
1434 1177 1525 1229 τῆς
1552 1168 1771 1229 ἀληθοῦς

169 1264 583 1333 προαγορεύσεως
612 1268 711 1312 τῶν
745 1261 857 1331 (45)
890 1260 1215 1333 σκυθρωπῶν
1258 1260 1463 1329 ἡγῆσθέ
1487 1276 1551 1330 με
1580 1261 1769 1310 πιστόν

167 1348 252 1403 καὶ
276 1348 359 1402 επὶ
406 1357 519 1410 ταῖς
554 1348 770 1421 ἀγαθαῖς
801 1348 1148 1420 ἐπαγγελίαις.
1188 1348 1248 1399 Ὀ
1305 1350 1405 1421 γὰρ
1464 1346 1674 1399 ἀπατῶν
1710 1346 1769 1399 ού

166 1438 400 1514 προλέγει
429 1442 496 1492 τά
527 1437 795 1510 ἀπάγοντα
818 1446 913 1500 τῆς
941 1439 1059 1509 (46)
1098 1436 1319 1503 ἀπάτης,
1356 1435 1483 1488 ἀλλά
1536 1440 1669 1509 μόνα
1705 1438 1771 1489 τά

166 1528 390 1583 ἕλκοντα.

232 1714 408 1762 Ταῦτα
447 1704 507 1761 δί
536 1714 625 1760 καὶ
675 1710 740 1760 τὰ
770 1716 988 1760 τοιαῦτα
1040 1715 1269 1779 συνεχῶς
1314 1706 1488 1767 αὐτοῖς
1528 1705 1768 1776 ἐπιλέγει,

1872 539 2011 596 bitis
2043 559 2055 595 :
2090 547 2145 597 et
2186 540 2326 597 satis
2365 544 2453 597 est
2498 540 2668 597 vobis
2725 542 2802 598 ad
2846 540 3343 611 consolationem,
3377 542 3539 616 quod

1872 628 2001 684 haec
2032 634 2273 701 propter
2302 643 2413 685 nos
2452 630 2785 700 patiamini.
2825 631 2963 688 Non
2994 637 3287 688 noverunt
3340 635 3539 689 autem

1874 720 2138 782 Patrem,
2172 733 2358 788 neque
2382 734 2490 784 me,
2541 718 2717 792 idque
2743 720 3093 789 voluntarie,
3137 726 3349 794 sponte
3377 721 3541 778 vide-

1874 806 2009 863 licet
2073 807 2362 863 deteriora
2417 812 2730 865 sectantes.

1945 897 2104 951 Vers.
2157 898 2214 952 4.
2244 894 2356 951 Sed
2380 927 2448 937 -—
2477 897 2655 953 vobis.
2719 901 2807 969 Ut,
2839 913 2973 956 cum
3012 899 3240 956 venerit
3295 903 3538 972 tempus

1876 985 2302 1057 persecutionis
2378 1001 2448 1041 ac
2515 987 2720 1042 mortis
2788 993 3012 1055 vestrae,
3065 988 3538 1045 reminiscamini

1875 1088 2082 1129 eorum
2112 1090 2249 1146 quae
2290 1074 2560 1131 videlicet
2590 1076 2827 1134 locutus
2852 1094 2986 1135 sum
3017 1078 3185 1135 vobis
3228 1096 3242 1133 :
3286 1080 3428 1145 sive,
3470 1081 3536 1135 ut

1879 1164 2291 1230 recordemini,
2325 1165 2492 1237 quod
2545 1181 2657 1235 ego
2708 1167 3084 1239 prazdixerim
3132 1168 3303 1225 vobis
3333 1167 3539 1226 omnia

1878 1260 2169 1325 tanquam
2220 1256 2499 1311 universa
2556 1271 2927 1326 cognoscens
2960 1275 2973 1313 :
3007 1264 3064 1314 et
3096 1262 3157 1315 ut
3195 1274 3231 1314 a
3261 1274 3400 1314 vera
3442 1258 3540 1314 trio

1879 1343 2063 1398 stium
2094 1346 2613 1415 praenuntiatione,
2644 1344 2885 1402 ﬁdelem
2918 1362 3013 1403 me
3042 1346 3319 1404 habeatis
3350 1348 3536 1405 etiam

1878 1433 1940 1488 in
1960 1432 2259 1490 bonorum
2292 1434 2809 1505 promissionibus.
2828 1436 2976 1493 Nam
3002 1437 3285 1509 deceptor
3313 1437 3538 1511 (tt)non

1879 1532 1951 1574 ea
1980 1517 2266 1589 prmdicit,
2309 1534 2445 1591 quin
2477 1535 2513 1575 a
2540 1520 2894 1593 deceptione
2941 1520 3275 1589 abducunt,
3330 1522 3437 1579 sed
3468 1537 3539 1580 ea

1879 1610 2109 1663 tantum
2141 1622 2273 1680 qum
2301 1608 2624 1664 attrahunt.

1952 1696 2085 1751 Haec
2116 1712 2255 1752 vero
2286 1702 2341 1753 et
2380 1694 2596 1753 similia
2639 1696 2977 1770 frequenter
3001 1700 3085 1755 eis
3124 1700 3397 1767 inculcat,
3451 1705 3535 1767 ut,

168 1800 267 1866 ἶνα,
303 1800 425 1851 ὅταν
454 1800 715 1869 πάσχωσι
744 1800 816 1869 μὴ
874 1796 1214 1869 θορύϐωνται,
1246 1792 1545 1867 προειδότες
1598 1802 1768 1859 τοῦτο,

1898 1784 2026 1840 ium
2052 1786 2211 1856 passi
2242 1785 2479 1851 fuerint,
2502 1802 2625 1842 non
2650 1786 2976 1851 turbentur,
3005 1804 3146 1845 cum
3162 1790 3277 1846 hoc
3298 1791 3541 1863 praesci-

168 1883 305 1957 μηδέ
334 1886 730 1959 μαλακίζωνται
768 1892 1112 1957 γινώσκοντες
1145 1887 1224 1937 ὅτι
1257 1881 1350 1937 δῖα
1379 1887 1465 1936 τόν
1494 1886 1623 1935 Θεὸν
1675 1886 1772 1935 πά-

172 1977 549 2048 σχουσι.Μέγα
574 1979 676 2050 γὰρ
706 1978 975 2050 φάρμακον
1008 1974 1054 2025 ἐν
1082 1981 1189 2035 τοῖς
1219 1976 1343 2047 ὑπὲρ
1370 1979 1555 2047 αρετῆς
1578 1973 1766 2044 ἀγῶσι,

172 2069 230 2117 τὸ
260 2072 537 2136 γινώσκειν
568 2066 695 2138 ὑπὲρ
749 2070 886 2125 τίνος
925 2068 950 2117 ὁ
979 2063 1136 2134 ἀγών.
1195 2068 1295 2115 Καὶ
1336 2064 1472 2135 ἡμᾶς
1502 2059 1610 2130 οὖν,
1643 2064 1769 2136 ὑπὲρ

170 2154 327 2206 καλοῦ
357 2156 692 2226 πάσχοντας,
716 2155 1129 2227 παραμυθείσθω
1149 2160 1204 2205 τό
1233 2158 1508 2223 γινώσκειν
1534 2154 1613 2203 ὅτι
1643 2153 1769 2225 ὑπὲρ

169 2243 327 2296 καλοῦ
352 2246 635 2317 πάσχομεν
665 2262 679 2276 ο
716 2243 758 2296 εἰ
803 2245 904 2317 γὰρ
937 2245 1064 2315 ὑπὲρ
1096 2242 1372 2313 ἀγαπητοῦ
1422 2261 1495 2302 τις
1545 2244 1772 2313 πάσχων

168 2336 369 2407 χαίρει,
434 2332 604 2403 πολλῷ
661 2332 852 2405 μᾶλλον
908 2334 1037 2405 ὑπὲρ
1112 2339 1202 2384 τοῦ
1269 2338 1404 2384 Θεοῦ
1477 2335 1567 2383 καὶ
1644 2331 1770 2402 ὑπὲρ

170 2420 321 2495 ἀρετῆ
336 2441 375 2483 ς.

234 2516 419 2564 Ταῦτα
448 2541 519 2551 -
558 2514 719 2581 ἤμην.
759 2510 881 2563 Ὀτι
932 2510 1046 2583 μεθ’
1093 2511 1237 2582 ὑμῶν
1284 2513 1375 2561 καὶ
1414 2509 1508 2561 ούκ
1547 2508 1773 2581 ἐμέλλετε

165 2599 299 2652 οὕτω
319 2601 527 2667 παθεῖν,
561 2600 654 2662 ἕως
686 2600 800 2672 μεθ’
829 2602 971 2672 ὑμῶν
1002 2603 1161 2670 ἤμην.
1195 2605 1302 2651 Νῦν
1330 2594 1388 2651 δέ
1425 2605 1589 2650 ταῦτα
1617 2598 1769 2669 λέγω,

166 2684 306 2742 διότι
336 2689 649 2762 χωρίξομαι
670 2690 834 2762 ὑμῶν,
890 2693 982 2740 xui
1042 2687 1342 2760 ἐγγίζουσιν
1390 2684 1497 2745 ἤδη
1531 2689 1597 2739 τὰ
1628 2683 1774 2738 δεινά

167 2778 309 2849 ὑμῖν.

237 2872 338 2920 Καὶ
392 2871 499 2940 μὴν
542 2871 632 2919 καὶ
671 2866 724 2929 ἐξ
753 2865 950 2942 ἀρχῆς,
991 2867 1074 2918 ὅτε
1140 2864 1372 2917 ἐκάλεσεν
1430 2864 1634 2929 αύτούς,
1683 2868 1773 2915 xui

161 2955 259 3029 [εἰς
309 2956 433 3029 (47)
488 2954 783 3018 ἀποστοξὴν
837 2954 1055 3023 ἔταξεν,]
1114 2951 1250 3007 εἶπεν
1310 2954 1479 3014 αὐτοῖς
1520 2954 1631 3024 (48)
1694 2954 1775 3005 ὅτι

166 3042 306 3099 Ἰδού
509 3044 804 3097 ἀποστέλλω
887 3046 1019 3116 ὑμᾶς
1089 3046 1156 3105 ὡς
1227 3042 1468 3117 πρόϐατα
1522 3042 1569 3093 ἐν
1632 3046 1775 3113 μέσῳ

161 3134 330 3187 λύκων

166 3228 255 3277 xui
348 3223 400 3276 ἓν
474 3228 593 3286 ταῖς
682 3230 1017 3294 συναγωγαῖς
1090 3221 1258 3273 αὐτῶν
1346 3226 1777 3294 μαστιγώσουσιν

168 3312 376 3386 [ὑμᾶς’
439 3314 554 3385 (49)
616 3317 706 3364 xui
768 3314 847 3364 ὅτι
902 3312 1018 3365 Ἐπὶ
1081 3314 1340 3384 ἡγεμόνας
1391 3316 1476 3363 xui
1540 3310 1780 3383 βασιλεῖς

168 3400 485 3473 ἀχθήσεσθε
535 3402 693 3454 ἕνεκεν
745 3400 871 3474 ἐμοῦ
898 3440 909 3452 .
944 3405 1033 3453 xui
1099 3403 1179 3453 ὅτι
1220 3400 1443 3453 Ἐσεσθε
1472 3404 1779 3473 μισούμενοι

165 3491 266 3543 ὑπὸ
296 3494 506 3544 πάντων
552 3487 646 3543 διὰ
678 3494 737 3542 τό
786 3493 947 3563 ὄνομά
978 3509 1077 3562 μου
1109 3509 1120 3521 ·
1155 3494 1244 3541 xui
1283 3492 1361 3542 ὅτι
1417 3494 1501 3547 Μὴ
1550 3488 1781 3561 φοϐῆσθε

167 3578 268 3633 ἀπὸ
323 3589 429 3633 τῶν
461 3579 865 3633 ἀποκτεινόντων
905 3583 962 3632 τό
997 3588 1148 3652 σῶμα
1181 3595 1192 3608 ⁸
1222 3583 1238 3645 ]
1278 3584 1369 3631 καὶ
1414 3578 1576 3631 πολλά
1603 3586 1777 3631 τοιαῦ-

164 3687 249 3725 τα.

238 3765 360 3822 Πῶς
388 3755 482 3812 οὖν
512 3755 648 3811 εἶπεν
678 3760 759 3813 ὅτι
790 3766 970 3813 Ταῦτα
1009 3760 1131 3831 ύμῖν
1162 3758 1215 3822 ἐξ
1268 3757 1445 3833 ἀρχῆς
1475 3757 1567 3811 ούκ
1596 3754 1734 3810 εἷπον
1762 3772 1776 3823 ;

165 3853 308 3902 Διὸτι
332 3848 562 3902 ἐνταῦθα
588 3852 645 3900 τό
671 3856 849 3902 Ταῦτα
886 3850 1034 3923 ἔτερα
1069 3850 1189 3924 παρ’
1222 3848 1387 3901 ἐκεῖνα
1444 3845 1617 3911 δηλοῖ,
1648 3852 1780 3920 φημὶ

166 3936 200 3990 δ
205 3942 235 3997 ὴ
268 3944 327 3991 τό
360 3957 375 3969 ·
408 3938 550 3991 Ἀλλ’
604 3940 817 4010 ἔρχεται
867 3941 995 4014 ὥρα,
1049 3941 1212 3991 εἶτουν
1259 3937 1490 4009 Ἐγγίζει
1519 3956 1531 3969 ·
1560 3941 1727 3989 καὶτὸ
1763 3951 1777 3967 ⁸

162 4026 275 4082 Ἰνα
302 4035 414 4090 πᾶς
446 4029 472 4079 ὀ
504 4026 809 4090 ἀποκτείνας
846 4029 978 4099 ὑμᾶς
998 4025 1151 4100 [δόξῃ
1204 4028 1322 4096 (50)
1352 4026 1587 4100 λατρείαν
1613 4045 1780 4100 προσ-

166 4125 338 4193 φέρειν
366 4126 444 4190 τῷ
472 4118 627 4189 Θεῷ.]
652 4123 833 4170 Ταῦτα
876 4119 978 4192 γὰρ
1019 4124 1107 4168 νῦν
1152 4113 1286 4168 εἶπεν
1326 4115 1518 4180 αὐτοῖς,
1563 4115 1784 4190 φοϐερώ-

163 4226 292 4280 τερα
322 4207 534 4260 ὶκείνων
561 4211 701 4261 ὄντα.

240 4304 356 4350 Νῦν
417 4328 489 4336 --
544 4294 758 4367 ύπάγεις
814 4311 827 4362 ;
877 4291 1026 4348 Ἰδὼν
1079 4294 1271 4357 αὐτοὺς
1330 4293 1488 4355 οὕτως
1538 4295 1638 4346 ὑπό
1696 4300 1787 4355 τῆς

166 4384 410 4458 ἀθυμίας
470 4385 1011 4451 καταπαλαισθέντας,
1077 4387 1147 4447 ὡς
1218 4383 1449 4457 ἀφώνους
1522 4385 1785 4455 γενέσθαι,

163 4480 256 4529 καὶ
283 4480 379 4549 μὴ
408 4472 677 4528 δύνασθαι
702 4474 844 4546 αύτῷ
874 4474 1205 4549 προσλαλεῖν,
1257 4470 1504 4534 ὀνειδίζει
1553 4478 1646 4531 τὴν
1684 4476 1788 4526 απὸ

162 4574 258 4627 τῆς
325 4567 587 4627 τοιαύτης
642 4563 867 4637 ἀθυμίας
918 4569 1094 4637 σιγὴν,
1144 4563 1301 4637 λέγων
1344 4582 1357 4594 ·
1416 4568 1525 4617 Νῦν
1574 4563 1687 4636 (51)
1729 4560 1788 4617 δε

230 4718 287 4755 ιι
329 4716 536 4775 Matth.
567 4733 626 4783 ι,
672 4721 755 4773 t6.
888 4715 933 4749 ιε
964 4714 1110 4773 ibid.
1142 4716 1231 4781 l7,
1270 4718 1354 4781 l8,
1385 4719 1473 4772 22.

1879 1876 2068 1931 verint
2107 1893 2121 1931 :
2156 1892 2348 1948 neque
2385 1882 2726 1948 torpescant
2770 1878 3040 1945 scientes,
3091 1880 3257 1952 quod
3294 1886 3541 1953 propter

1880 1966 2070 2022 Deum
2103 1966 2341 2038 passuri
2381 1968 2515 2023 sint.
2557 1969 2835 2038 Magnum
2871 1968 3171 2041 siquidem
3202 1970 3538 2028 remedium

1881 2060 1966 2110 est
1996 2055 2087 2110 his
2113 2054 2218 2127 qui
2250 2072 2357 2126 pro
2397 2057 2609 2112 virtute
2638 2057 2958 2128 decertant,
3024 2073 3383 2130 cognoscere
3428 2076 3540 2133 pro

1880 2158 2003 2215 quo
2043 2144 2115 2199 sit
2139 2149 2461 2201 certamen.
2497 2148 2564 2200 Et
2593 2145 2769 2202 nobis
2808 2162 2950 2218 ergo
2981 2162 3089 2219 pro
3136 2148 3391 2206 honesto
3432 2165 3541 2221 pa-

1880 2232 2161 2288 tientibus
2187 2235 2580 2291 consolationi
2602 2236 2692 2300 sit,
2721 2251 3083 2306 cognoscere
3104 2237 3272 2309 quod
3291 2254 3402 2310 pro
3433 2239 3541 2295 ho-

1881 2327 2050 2378 nesto
2075 2322 2205 2395 (uu)
2244 2324 2527 2395 patimur.
2568 2326 2719 2381 Nam
2746 2326 2793 2379 si
2832 2341 2943 2397 pro
2982 2325 3195 2383 dilecto
3250 2328 3386 2399 quis
3418 2328 3541 2400 pati

1884 2411 2125 2481 gaudet,
2160 2412 2347 2468 multo
2380 2413 2576 2483 magis
2601 2430 2710 2485 pro
2742 2417 2860 2470 Deo
2899 2419 2954 2470 et
2986 2430 3094 2486 pro
3124 2415 3363 2472 virtute.

1954 2503 2113 2556 Vers.
2145 2501 2197 2555 4.
2240 2502 2375 2559 Hac
2403 2533 2474 2543 —
2503 2518 2693 2561 eram.
2746 2504 2889 2569 Quia
2931 2504 3238 2561 vobiscum
3276 2520 3443 2563 eram
3482 2509 3540 2564 et

1882 2590 1963 2647 ita
2002 2592 2241 2662 passuri
2272 2607 2395 2648 non
2426 2593 2621 2660 eratis,
2653 2593 2924 2666 quandiu
2971 2594 3283 2651 vobiscum
3321 2611 3537 2655 essem.

1882 2683 2048 2737 Nunc
2080 2686 2279 2738 autem
2319 2682 2448 2738 haec
2485 2683 2642 2751 dico,
2696 2684 2840 2757 quia
2869 2699 3116 2757 separor
3152 2703 3188 2741 a
3238 2685 3432 2753 vobis,
3482 2690 3542 2743 et

1876 2768 2003 2842 jam
2032 2770 2258 2828 instant
2282 2772 2457 2827 vobis
2478 2773 2761 2844 pericula.

1955 2859 2131 2931 Atqui
2162 2860 2341 2916 etiam
2380 2860 2459 2916 ab
2487 2860 2679 2927 initio,
2722 2874 2865 2917 cum
2910 2862 3150 2919 vocavit
3202 2879 3327 2933 eos,
3380 2870 3436 2921 et
3481 2865 3543 2921 in

1885 2948 2288 3019 apostolatum
2321 2949 2641 3015 ordinavit,
2676 2950 2816 3006 dixit
2857 2952 2943 3006 eis
2976 2969 2988 3006 :
3041 2954 3177 3009 Ecce
3225 2968 3330 3023 ego
3373 2955 3542 3010 mitto

1887 3051 2005 3104 vos,
2055 3043 2337 3111 tanquam
2366 3054 2498 3094 oves
2528 3039 2586 3093 in
2623 3039 2810 3096 medio
2838 3042 3116 3110 luporum
3147 3043 3216 3094 ιι.
3247 3044 3313 3098 Et
3344 3060 3357 3095 :
3398 3043 3541 3098 Tra-

390 3152 405 3165 ’
446 3138 538 3186 xui
580 3136 659 3186 ὅτι
715 3132 1135 3209 Παραὸὼσουσιν
1189 3133 1321 3205 ὑμᾶς
1380 3132 1451 3193 εἰς
1504 3128 1773 3203 συνέδρια,

1898 3128 2129 3185 ientvos
2147 3130 2228 3185 ad
2243 3130 2519 3199 concilia,
2534 3136 2588 3187 et
2601 3129 2662 3185 in
2677 3130 2998 3202 synagogis
3018 3133 3142 3188 suis
3161 3132 3543 3188 verberabant

1886 3236 2006 3290 vos,
2032 3223 2083 3276 et
2110 3219 2189 3275 ad
2228 3234 2392 3289 reges
2422 3226 2475 3275 et
2523 3220 2800 3289 praesides
2831 3221 3133 3277 ducemim‘
3173 3228 3416 3292 promer
3452 3238 3545 3279 me

1886 3315 1939 3369 et
1990 3309 2152 3366 eritis
2207 3310 2337 3365 odio
2391 3309 2582 3366 habiti
2605 3310 2673 3364 ab
2720 3310 2986 3366 omnibus
3026 3317 3273 3382 propter
3329 3327 3541 3368 nomen

1886 3415 2073 3457 meum
2109 3400 2175 3452 ¹⁶,
2212 3402 2473 3470 Itemque
2506 3416 2517 3452 :
2552 3400 2642 3454 Ne
2662 3399 2810 3455 vobis
2843 3400 2919 3456 ab
2950 3400 3041 3456 his
3084 3402 3411 3466 timueritis,
3445 3412 3545 3472 qua

1887 3490 2164 3547 occidunt
2196 3503 2411 3559 corpus
2442 3490 2510 3554 ¹⁶,
2553 3505 2622 3544 ac
2650 3488 2839 3547 multa
2862 3488 3226 3560 hujusmodi.

1962 3756 2280 3824 Quomodo
2306 3772 2449 3827 ergo
2477 3756 2559 3813 ait
2586 3771 2599 3809 :
2628 3756 2764 3814 Haec
2787 3756 2950 3814 vobis
2968 3758 3038 3815 ab
3052 3758 3351 3815 initionon
3369 3758 3499 3817 dixi
3520 3759 3550 3814 Υ

1892 3847 2042 3913 Quia
2058 3846 2238 3902 dictio
2256 3847 2398 3917 haec,
2420 3847 2481 3901 in
2516 3848 2783 3917 praesenti
2831 3846 2948 3904 alia
2963 3848 3041 3904 ab
3064 3848 3176 3904 illis
3206 3848 3501 3920 signiﬁcat
3533 3865 3546 3905 :

1891 3936 2025 3992 dico
2056 3946 2220 3999 sane,
2250 3934 2356 3990 sed
2387 3935 2551 3991 Venit
2584 3934 2707 3990 sive
2725 3936 3176 4007 appropinquat
3207 3943 3453 4008 tempus,
3482 3945 3548 3995 ut

1894 4025 2157 4098 quisquis
2175 4023 2541 4093 interfecerit
2560 4040 2676 4091 vos,
2706 4024 2985 4081 videatur
3005 4027 3230 4082 cultum
3264 4036 3565 4095 praestare

1897 4118 2012 4172 Deo
2043 4132 2054 4169 :
2076 4130 2218 4169 nam
2230 4114 2358 4169 haec
2379 4112 2525 4169 dixit
2541 4129 2720 4181 nunc,
2737 4130 2871 4187 qua:
2890 4115 3362 4187 praecedentibus
3383 4122 3553 4175 erant

1895 4203 2385 4261 formidabiliora.

1970 4296 2130 4349 Vers.
2163 4294 2215 4347 5.
2256 4293 2433 4348 Nunc
2460 4324 2525 4333 —
2564 4293 2690 4349 abis
2714 4293 2742 4347 ?
2800 4290 3019 4349 Videns
3058 4310 3159 4349 eos
3199 4295 3259 4350 in
3317 4298 3551 4352 tantum

1900 4381 2131 4439 tristitia
2179 4382 2495 4453 absorptos
2530 4382 2659 4453 (vv),
2705 4387 2766 4437 ut
2795 4382 2943 4437 muti
3005 4381 3399 4447 efﬁcerentur,
3443 4370 3553 4441 nec

1900 4482 2257 4543 responsum
2277 4469 2483 4525 eidare
2510 4474 2781 4541 possent,
2805 4471 3122 4543 exprobrat
3150 4470 3233 4527 eis
3255 4472 3553 4529 silentium

1901 4577 1938 4618 a
1965 4560 2067 4617 tali
2112 4559 2347 4615 tristitia
2388 4563 2605 4624 ortum,
2650 4559 2855 4616 dicens
2899 4577 2912 4615 :
2952 4561 3129 4618 Nunc
3183 4567 3378 4618 autem
3410 4562 3555 4620 abeo

1597 4715 1647 4751 ¹⁶
1685 4712 1833 4772 ibid.
1864 4716 1957 4771 '28.

1435 4892 2002 4961 Variaalectiones
2025 4900 2306 4959 etnotae.

240 5068 366 5134 (44)
398 5061 639 5134 Δηλαὸἡ,
667 5065 798 5123 loco
830 5062 924 5133 δή,
958 5074 1020 5121 Α.

242 5135 366 5213 (45)
392 5140 628 5213 Ἐκθρῷν
657 5143 855 5205 antea,
879 5138 985 5195 sed
1015 5153 1088 5195 ex
1124 5137 1489 5195 correctione
1520 5135 1794 5209 ejusdem

167 5212 428 5285 manus,
468 5212 813 5285 σκυθρωπῶν.
847 5217 905 5266 Β.

241 5287 363 5355 (46)
402 5278 647 5355 ’Δγάπῂς
693 5282 1073 5355 incontextu
1127 5285 1183 5355 et
1240 5297 1417 5355 supra
1451 5278 1700 5355 ἀπάτης,
1734 5286 1793 5355 Β.

174 5350 633 5429 [Ιιιειιὼιιιὶοβὺ
673 5354 877 5413 eadem
908 5368 1121 5412 manu.
1153 5350 1350 5411 Codex
1377 5354 1426 5411 Δ
1450 5351 1627 5410 habet
1657 5350 1797 5407 ἀπά-

165 5445 270 5491 της
289 5432 561 5485 tantum.

239 5608 346 5677 (tt)
368 5606 689 5677 Deceptor.
725 5605 891 5660 Forte
916 5602 1077 5675 legit,
1097 5604 1123 5656 ὁ
1156 5602 1411 5657 ἀπατεὼν.

240 5676 382 5751 (au)
415 5677 547 5751 Pro
572 5676 830 5751 honesto:
867 5677 935 5733 In
963 5678 1163 5733 Greco
1193 5681 1299 5742 est,
1332 5692 1440 5751 pro
1469 5677 1685 5751 amato.

241 5745 372 5828 (vv)
402 5748 755 5823 Apsorptos.
787 5746 1063 5805 Graecum
1102 5754 1291 5817 notat,
1323 5749 1481 5806 lucta
1511 5748 1712 5817 victos,
1734 5745 1798 5805 id

1998 5063 2089 5119 47)
2134 5062 2369 5117 Inclusa
2394 5061 2608 5118 desunt
2634 5064 2700 5116 A.

1922 5190 1923 5193 η
1975 5133 2091 5196 (4-8)
2130 5133 2317 5196 Αύτοίς
2349 5133 2564 5189 omittit
2600 5136 2666 5189 Α.

1998 5194 2087 5266 498
2163 5194 2400 5260 Inclusa
2465 5204 2682 5262 omittit
2745 5207 2814 5261 A.
2891 5206 3109 5264 Eorum
3162 5206 3294 5263 loco
3353 5211 3559 5266 autem

1901 5276 2087 5335 habet
2113 5282 2203 5329 xui
2236 5279 2302 5329 τὰ
2344 5276 2488 5338 ἑξῆς.

1974 5350 2088 5414 (50)
2130 5348 2367 5404 Inclusa
2395 5348 2616 5404 absunt
2642 5350 2712 5403 A.

1976 5420 2088 5494 (51)
2131 5424 2192 5473 Δέ
2220 5420 2388 5477 abest
2428 5424 2490 5473 Α.

1905 5603 2010 5670 est,
2054 5603 2402 5671 prostratos.
2436 5598 2729 5670 Interpres
2751 5599 2988 5657 videtur
3015 5601 3314 5662 invenisse
3336 5621 3563 5658 καταπο-

1908 5674 2087 5735 Genu;
2116 5677 2221 5728 aut
2242 5671 2779 5735 καταποτινσθέντας.’
2838 5684 2843 5691 ’
