4108 6384
575 296 715 360 1423

1898 288 2254 350 EUTHYMII
2286 285 2621 354 ZIGABENI

3818 288 3842 348 t
3853 284 3962 349 ΩΑ

570 425 655 482 ad
685 439 811 482 eum
842 436 945 495 qui
985 419 1141 478 misit
1161 435 1265 487 me,
1298 426 1353 478 et
1382 435 1550 478 nemo
1578 419 1902 492 interrogat
1946 435 2056 485 me,
2111 420 2212 488 Qui

2345 421 2528 493 ὑπάγω
2561 424 2692 497 πρὸς
2742 424 2830 474 τὸν
2860 421 3140 494 πέμψαντά
3188 440 3269 495 με,
3303 426 3393 475 καὶ
3440 417 3615 485 οὐδεὶς
3669 419 3842 495 ἐρωτᾷ
3870 440 3954 493 με,

664 513 819 569 is?

664 516 684 569 i
790 514 819 567 ἵ

580 514 829 674 abAstqui
872 600 1079 657 Petrus
1109 600 1493 669 interrogavit
1518 615 1656 656 eum
1680 598 1887 654 dicens
1920 615 1931 652 :
1966 598 2233 663 Domine,

572 708 686 765 quo
712 691 840 747 nbis
886 692 931 725 ¹⁷
961 690 988 744 ?
1014 689 1132 745 Sed
1160 688 1241 744 ibi
1268 705 1411 745 sane
1430 692 1632 745 Petrus
1654 688 1881 751 dicens,
1920 688 2039 753 Quo
2065 688 2188 742 abis
2208 686 2237 741 ?

574 784 650 838 de
688 782 821 838 loco
852 778 1277 849 interrogavit;
1311 779 1407 833 hic
1439 796 1593 843 vero,
1630 780 1754 845 Quo
1784 778 1904 834 abis
1933 776 1961 831 ‘I
2011 776 2238 846 signiﬁ-

572 878 685 943 cat,
722 870 875 936 Quid
906 869 1035 938 agis
1063 870 1089 924 ?
1114 867 1318 923 Solent
1355 884 1619 940 namque
1677 868 1780 939 qui
1811 882 1967 937 aegre
2017 867 2232 931 ferunt,

570 962 652 1018 ita
680 974 963 1016 revocare
992 973 1154 1028 eum,
1187 957 1293 1028 qui
1323 966 1566 1029 repente
1595 957 1825 1029 prosilit
1847 956 1925 1012 ad
1956 961 2232 1011 mortem.

572 1048 844 1123 Oportuit
871 1062 1015 1117 ergo
1048 1052 1103 1102 et
1132 1046 1457 1118 discipulos
1489 1046 1705 1112 dicere,
1741 1048 1857 1112 Quo
1887 1046 2012 1102 abis
2034 1045 2061 1101 ?
2088 1044 2234 1120 sive,

569 1139 721 1206 Quid
753 1138 898 1211 agis,
930 1152 1044 1192 nos
1083 1136 1428 1207 relinquens
1450 1135 1477 1190 ?

636 1231 832 1285 Potest
857 1241 1102 1298 quoque
1133 1232 1189 1280 et
1218 1224 1334 1280 alio
1367 1224 1550 1280 modo
1584 1224 1723 1290 dici,
1756 1223 1923 1296 quod
1962 1239 2098 1279 cum
2129 1224 2232 1279 Pe-

564 1321 657 1375 tro
717 1317 1117 1385 interrogante
1173 1328 1296 1369 non
1351 1314 1776 1387 respondisset,
1844 1330 1967 1385 quo
2020 1313 2228 1379 abiret,

564 1405 830 1480 oportuit
869 1420 939 1459 eo
995 1418 1235 1458 rursum
1281 1403 1662 1473 interrogare.

638 1498 802 1551 Vers.
846 1498 901 1550 6.
932 1493 1050 1550 Sed
1082 1523 1136 1533 —-
1162 1507 1289 1550 cor.
1323 1492 1669 1548 Admodum
1700 1491 2034 1548 contristati
2066 1491 2225 1557 estis,

563 1589 622 1643 et
649 1588 963 1658 propterea
996 1581 1200 1638 siletis.

634 1675 794 1730 Vers.
857 1678 913 1729 7.
992 1670 1103 1727 Sed
1168 1700 1236 1710 —
1288 1670 1467 1726 vobis.
1528 1670 1733 1741 Utpote
1792 1670 1927 1741 ipsa
1987 1669 2224 1725 veritas.

2346 518 2454 564 Ποῦ
2494 513 2707 581 ὑπάγεις
2740 528 2753 577 ;

2420 606 2521 653 Καὶ
2550 606 2653 673 μὴν
2706 603 2731 653 6
2766 605 2957 673 Πέτρος
2988 602 3255 675 ἠρώτησεν
3308 600 3486 666 αὐτὸν,
3521 600 3674 653 εἰπών
3718 617 3730 628 ·
3768 601 3955 673 Κύριε,

2343 698 2445 742 ποῦ
2472 691 2690 761 ὑπάγεις
2718 706 2731 757 ;
2767 690 2900 744 Ἀλλ’
2933 689 3037 742 ἐκεῖ
3062 694 3151 763 μὲν
3178 692 3203 741 6
3237 694 3421 765 Πέτρος
3443 689 3597 742 εἰπὼν
3632 709 3643 720 ·
3678 695 3788 741 Ποῦ
3820 689 3955 739 ὑπά-

2344 798 2451 850 γεις
2484 796 2496 845 ;
2526 784 2641 850 περὶ
2671 785 2832 831 τοπου
2865 780 3132 854 ἠρώτησεν
3177 798 3184 804 ’
3234 781 3455 831 ἐνταῦθα
3483 775 3542 831 δε
3570 782 3648 845 τὸ,
3675 784 3783 830 Ποῦ
3822 778 3957 828 ὑπά-

2343 887 2452 939 γεις
2487 886 2499 934 ;
2531 871 2587 920 τὸ
2617 873 2680 921 Τί
2727 876 2887 931 ποιεῖς
2918 870 3246 939 ;υποφαίνει.
3303 868 3535 921 Εἰώθασι
3572 870 3673 940 γὰρ
3704 868 3754 919 οἱ
3784 862 3955 919 δεινο-

2344 959 2627 1019 παθοιζντες
2654 958 2817 1019 οὕτως
2849 957 3114 1029 ἐπιφωνεῖν
3162 966 3233 1027 τῷ
3276 960 3406 1032 πρὸς
3451 959 3667 1010 θάνατον
3697 957 3952 1029 ὀρμῶντι.

2344 1042 2490 1099 Ἔδει
2522 1042 2608 1098 οὖν
2638 1051 2726 1099 καὶ
2778 1051 2898 1108 τοὺς
2937 1048 3179 1119 μαθητὰς
3223 1045 3497 1118 ἐπιλέγειν,
3546 1052 3653 1099 Ποῦ
3684 1046 3951 1116 ὑπάγεις;

2344 1137 2527 1204 ἤγουν,
2560 1140 2622 1188 Τί
2650 1144 2817 1199 ποιεῖς
2849 1136 3216 1209 ἀπολιμπάνων
3243 1138 3420 1207 ἡμᾶς

2413 1224 2567 1277 ’Ἐστι
2603 1221 2661 1277 δὲ
2690 1230 2781 1278 καὶ
2818 1226 2999 1299 ἑτέρως
3028 1226 3207 1292 εἰπεῖν,
3236 1228 3333 1292 ὅτι,
3366 1221 3547 1284 ἐπειδὴ
3572 1230 3687 1277 τότε
3718 1230 3813 1275 τοῦ
3846 1226 3950 1275 Πέ-

2340 1332 2465 1387 τρου
2496 1316 2875 1389 ἐρωτήσαντος,
2910 1316 3004 1367 οὐκ
3044 1314 3375 1390 ἀπεκρίνατο,
3405 1334 3507 1367 που
3537 1316 3748 1385 ὑπάγει,
3776 1309 3949 1385 ὶχρῆν

2339 1404 2527 1466 αὐτοὺς
2550 1404 2702 1456 πάλιν
2733 1404 3009 1477 ἐρωτῆσαι.

2410 1493 2545 1547 Ἀλλ’
2577 1525 2643 1535 -
2675 1492 2921 1569 καρδίαν.
2952 1491 3161 1568 Σφόδρα
3190 1493 3498 1565 ἐλυπήθητε,
3540 1499 3630 1547 καὶ
3668 1489 3764 1546 διὰ
3788 1500 3949 1544 τοῦτο

2338 1590 2541 1655 σιγᾶτε.

2408 1673 2529 1725 Αλλ³
2562 1706 2628 1716 -
2684 1676 2827 1747 ὑμῖν.
2880 1674 2962 1735 Ὠς
3018 1674 3383 1732 αὐτοάλὴθεια.
3442 1672 3549 1726 Κᾶν
3589 1675 3691 1747 γὰρ
3748 1674 3946 1746 μυριά-

561 1766 922 1836 Quanquam
962 1760 1123 1815 enim
1150 1758 1311 1815 mille
1334 1759 1530 1815 modis
1552 1759 1712 1815 anxii
1745 1759 1889 1825 sitis,
1919 1760 2212 1814 veritatem

2336 1783 2418 1825 κις
2452 1763 2706 1827 λυπῆσθε,
2760 1769 2853 1823 τὴν
2902 1762 3144 1822 ἀλήθειαν
3196 1764 3350 1835 λέγω,
3390 1770 3480 1816 καὶ
3517 1762 3611 1815 οὐκ
3648 1760 3948 1837 ἀποκρύψω

557 1855 778 1925 dicam,
798 1867 909 1908 nec
936 1850 1127 1906 tristia
1146 1848 1483 1918 occultabo,
1513 1848 1665 1904 sicut
1690 1850 1736 1903 ii
1753 1852 1855 1921 qui
1870 1849 1944 1904 ad
1970 1849 2225 1918 gratiam

556 1944 907 2016 loquuntur.
939 1938 1163 1995 Deinde
1202 1938 1576 1995 consolando
1618 1939 1878 1994 ostendit
1910 1938 2108 1993 utilem
2141 1936 2225 1993 eis

555 2047 687 2091 esse
746 2045 920 2087 suam
977 2027 1421 2101 profectionem.

627 2122 790 2178 Vers.
825 2124 888 2177 7.
923 2117 1178 2188 Expedit
1207 2148 1274 2159 —
1302 2133 1420 2173 vos.
1456 2117 1571 2173 Vos
1623 2116 1859 2189 quidem
1891 2116 2128 2188 optatis,
2160 2120 2224 2172 ut

553 2224 667 2280 ego
695 2223 894 2265 verser
922 2206 1253 2269 vobiscum,
1295 2222 1502 2261 verum
1530 2206 1691 2261 aliud
1761 2206 1929 2261 vobis
1960 2205 2218 2276 expedit.

550 2296 954 2355 Procuratoris
1015 2301 1105 2351 est
1157 2300 1379 2359 autem,
1442 2310 1561 2350 non
1607 2294 1918 2365 indulgere
1964 2293 2216 2358 dilectis,

549 2404 688 2445 cum
718 2386 948 2443 inutilia
978 2384 1437 2456 concupiscunt.
1463 2387 1612 2440 Nam
1660 2385 1805 2455 quia
1852 2383 2111 2453 desuper
2140 2383 2218 2439 ita

547 2482 767 2533 sanctae
796 2475 1059 2531 Trinitati
1086 2474 1281 2529 visum
1310 2479 1421 2539 est,
1457 2479 1519 2527 ut
1550 2473 1718 2528 Pater
1743 2472 1992 2544 quidem
2024 2472 2101 2527 ad
2134 2473 2218 2526 Fi-

545 2565 701 2633 lium
731 2582 835 2621 eos
866 2564 1188 2620 attraheret
1215 2580 1230 2616 :
1264 2562 1442 2617 Filius
1470 2567 1670 2617 autem
1700 2561 1832 2616 illos
1859 2561 2116 2626 doceret,
2146 2577 2216 2616 ac

548 2654 799 2727 Spiritus
830 2659 1075 2709 sanctus
1095 2653 1258 2723 ipsos
1279 2651 1581 2722 perﬁceret
1613 2666 1625 2704 :
1660 2656 1714 2705 et
1740 2652 1864 2721 jam
1899 2652 2020 2705 duo
2052 2668 2210 2706 com-

544 2743 707 2816 pleta
736 2748 921 2807 erant,
966 2740 1280 2812 oportebat
1320 2747 1375 2795 et
1415 2740 1654 2795 tertium
1683 2740 1905 2811 perﬁci,
1936 2757 2213 2796 consum-

548 2832 877 2888 mationem
913 2830 1185 2886 videlicet
1217 2830 1468 2901 Spiritus
1508 2830 1695 2885 sancti
1728 2830 1882 2900 (xz).
1915 2832 2046 2885 Non
2086 2835 2211 2887 erat

543 2925 745 2978 autem
780 2937 1044 2993 tequum,
1081 2926 1143 2974 ut
1172 2919 1286 2975 hoc
1314 2918 1499 2983 ﬁeret,
1532 2919 1645 2973 nisi
1673 2926 1995 2990 postquam
2031 2919 2208 2975 Filius

541 3012 909 3066 recessisset.
925 3009 1175 3078 Expedit
1200 3010 1393 3079 itaque
1406 3008 1567 3063 vobis
1581 3015 1641 3063 ut
1666 3024 1769 3078 ego
1791 3009 2016 3064 abeam.
2046 3009 2208 3065 Sicut

541 3100 723 3169 enim,
756 3099 815 3154 Si
843 3114 938 3169 ego
970 3114 1083 3154 non
1113 3098 1336 3165 abiero,
1369 3097 1716 3153 Paracletus
1755 3114 1874 3152 non
1910 3098 2095 3154 veniet
2128 3099 2208 3154 ad
2237 3139 2276 3186 η

542 3205 642 3247 vos
676 3189 795 3245 :ita
821 3189 1023 3258 etiam,
1077 3189 1128 3244 si
1160 3188 1501 3244 Paracletus
1532 3203 1653 3242 non
1689 3188 1913 3241 venerit
1956 3187 2031 3241 ad
2074 3204 2199 3253 vos,

538 3293 932 3350 nequaquam
988 3275 1398 3349 perﬁciemini.
1450 3280 1694 3331 Necesse
1760 3282 1846 3332 est
1918 3292 2083 3347 ergo,
2139 3283 2204 3333 ut

538 3382 652 3438 ego
709 3366 943 3431 abeam,
998 3365 1298 3437 completo
1351 3365 1475 3435 jam
1528 3381 1729 3437 opere,
1769 3366 1933 3437 quod
1966 3383 2062 3422 me
2114 3366 2201 3423 fa-

538 3471 671 3512 cere
696 3456 981 3529 oportuit,
1012 3460 1077 3512 ut
1093 3454 1244 3511 alius
1273 3456 1610 3511 exhortator
1639 3454 1942 3521 adveniat,
1977 3472 2203 3528 vosque

536 3545 834 3618 perﬁciat.

612 3636 770 3691 Vers.
804 3634 858 3690 8.
893 3636 1158 3705 Cumque
1185 3634 1404 3691 venerit
1458 3663 1524 3673 —
1556 3633 1801 3703 judicio.
1853 3664 1919 3673 —
1954 3634 2201 3705 Arguet,

537 3722 655 3779 hoc
686 3728 796 3788 est,
829 3722 1261 3779 condemnabit
1290 3722 1534 3777 tandem
1567 3722 1696 3793 (yy)
1720 3722 1931 3789 malos,
1966 3724 2203 3780 inexcu-

539 3810 761 3867 sabiles
812 3811 1052 3883 penitus
1110 3810 1566 3877 demonstrabit,
1622 3828 1760 3867 cum
1816 3829 1911 3868 me
1966 3824 2204 3869 mortuo

538 3899 788 3956 eximias
814 3901 1129 3972 apparebit
1158 3900 1484 3962 doctrinas.
1517 3907 1574 3957 et
1605 3906 1666 3957 ut
1690 3902 1864 3971 signa
1900 3904 2049 3958 tiant
2079 3920 2199 3959 ma-

534 3988 702 4046 xima
719 3991 794 4045 ad
813 3990 928 4045 mei
946 3990 1206 4046 nominis
1225 3991 1687 4046 invocationem.
1717 3992 1871 4057 Quid
1886 4009 2027 4064 ergo
2046 3998 2206 4064 post-

535 4078 652 4135 hac
680 4079 1004 4136 adversum
1039 4096 1133 4136 me
1152 4079 1372 4146 dicent,
1396 4082 1562 4152 quod
1615 4082 1689 4136 sit
1711 4082 1925 4137 rationi
1956 4098 2204 4138 consen-

534 4173 781 4228 taneum
809 4169 837 4225 ‘2
864 4169 1043 4240 Cujus
1083 4170 1264 4225 etiam
1299 4171 1515 4225 mortui
1565 4186 1791 4225 nomen
1853 4172 1994 4226 talia
2051 4188 2205 4243 prte-

536 4264 694 4315 stare
727 4260 940 4332 poterit
968 4260 995 4315 ?
1026 4259 1291 4331 profecto
1320 4259 1482 4314 nihil.
1517 4260 1741 4315 Deinde
1768 4276 1838 4317 ea
1886 4260 2071 4316 etiam
2103 4278 2199 4317 ex-

534 4348 767 4422 planat,
795 4348 871 4404 de
900 4349 1121 4419 quibus
1151 4347 1284 4405 illos
1333 4354 1561 4417 arguet.

606 4438 773 4495 Vers.
800 4441 851 4492 6.
881 4439 962 4494 De
991 4468 1061 4478 —
1092 4453 1198 4494 me.
1233 4440 1378 4493 Nam
1424 4438 1827 4495 irremissibile
1857 4439 1963 4497 erit
1992 4456 2200 4513 pecca-

531 4530 687 4592 tum,
717 4526 917 4582 adhuc
948 4526 1009 4581 in
1037 4542 1132 4582 me
1179 4542 1299 4581 non
1333 4527 1592 4582 credere.

606 4618 765 4671 Vers.
796 4617 882 4670 10.
917 4617 1003 4671 De
1030 4645 1099 4659 ——
1130 4631 1238 4672 me.
1280 4617 1428 4671 iusti
1458 4632 1711 4687 namque
1745 4618 2034 4675 indicium
2087 4626 2196 4689 est,

534 4703 820 4761 accedere
869 4703 947 4759 ad
978 4704 1188 4767 Deum,
1222 4704 1521 4776 simulque
1550 4721 1700 4770 cum
1733 4722 1804 4763 eo
1835 4724 1985 4763 esse.
2048 4712 2194 4767 Nam

530 4793 648 4850 hoc
667 4793 959 4863 signiﬁcat
988 4811 1004 4847 :
1032 4794 1106 4848 Et
1137 4795 1387 4862 posthac
1408 4811 1527 4851 non
1560 4796 1830 4852 videbitis
1851 4813 1959 4854 me.
1993 4800 2197 4871 Itaque

531 4882 648 4940 nisi
691 4882 889 4955 justus
960 4898 1178 4949 essem,
1236 4899 1359 4941 non
1423 4885 1769 4941 accederem
1817 4886 1894 4943 ad
1956 4889 2191 4946 Deum:

601 5036 770 5093 Joan.
813 5050 933 5109 xui,
967 5039 1058 5094 36.

2335 1855 2401 1905 τὰ
2456 1852 2685 1927 λυπηρὰ,
2741 1856 2809 1915 ὡς
2860 1855 2908 1905 οἱ
2950 1852 3176 1923 λέγοντες
3225 1856 3358 1926 πρὸς
3411 1854 3594 1924 χάριν,
3641 1848 3752 1903 εἶτα
3808 1871 3947 1925 παρ-

2337 1950 2539 2016 ηγορῶν
2574 1938 2810 1995 δείκνυσι
2851 1942 3222 1996 λυσιτελοῦσαν
3259 1942 3439 2001 αὐτοῖς
3480 1945 3573 1999 τὴν
3631 1936 3943 2013 ἀποδημίαν

2334 2031 2517 2086 αὐτοῦ.

2406 2126 2655 2197 Συμφέρει
2696 2153 2761 2163 —-
2822 2124 2976 2194 ὑμᾶς.
3035 2121 3199 2194 Ὑμεῖς
3245 2124 3334 2194 μὲν
3386 2118 3636 2192 βούλεσθε
3702 2125 3939 2172 συνεῖναί

2332 2231 2395 2283 με
2436 2213 2594 2283 ὑμῖν·
2630 2215 2742 2264 ἔστι
2801 2209 2860 2264 δὲ
2917 2216 2975 2264 τὸ
3032 2214 3291 2285 συμφέρον
3347 2211 3512 2276 ἕτερον
3559 2229 3571 2241 ·
3633 2205 3935 2281 κηδομένου

2334 2298 2392 2353 δε
2448 2306 2505 2353 τὸ
2560 2306 2631 2373 μὴ
2689 2299 2962 2373 φείδεσθαι
3026 2311 3125 2353 τῶν
3173 2302 3543 2371 ἠγαπημένων,
3590 2300 3711 2351 ὅταν
3760 2296 3935 2369 ἀσύμ-

2330 2410 2461 2462 φορα
2507 2389 2823 2463 βούλωνται,
2865 2391 3007 2443 Ἐπεὶ
3036 2394 3133 2464 γὰρ
3185 2385 3467 2447 εὐδόκησεν
3522 2390 3709 2440 ἄνωθεν
3740 2389 3770 2444 ἡ
3806 2386 3937 2458 ἁγία

2327 2482 2487 2553 Τριάς
2536 2484 2624 2531 τὸν
2669 2484 2759 2551 μεν
2814 2484 3023 2551 Πατεφα
3098 2479 3312 2532 ἑλκύσαι
3380 2477 3570 2538 αὐτοὺς
3656 2480 3783 2550 πρὸς
3840 2480 3931 2528 τὸν

2326 2571 2443 2621 Υἰόν
2484 2587 2495 2598 '
2527 2572 2611 2621 τὸν
2640 2566 2696 2621 δί
2723 2573 2840 2622 Υἶὸν
2873 2565 3095 2631 διδάξαι
3125 2568 3315 2629 αὐτούς
3357 2586 3368 2597 ’
3413 2570 3469 2619 τὸ
3533 2563 3591 2619 δε
3632 2572 3843 2637 Πνεῦμα
3870 2569 3932 2617 τὸ

2324 2658 2471 2729 οἶγιον
2514 2658 2787 2711 τελειῶσαι
2836 2658 3027 2720 αὐτούς
3087 2673 3099 2684 ·
3140 2662 3229 2709 καὶ
3280 2660 3346 2710 τὰ
3373 2659 3462 2729 μεν
3496 2653 3593 2708 δύο
3644 2652 3749 2713 ἤδη
3778 2661 3933 2726 γεγο-

2322 2768 2471 2800 νασιν
2514 2765 2526 2777 ·
2561 2745 2669 2800 ἔδει
2695 2744 2754 2800 δὲ
2782 2750 3024 2818 γενέσθαι
3054 2752 3143 2799 καὶ
3196 2750 3255 2798 τὸ
3298 2751 3488 2820 τρίτον,
3550 2750 3642 2803 τὴν
3697 2740 3793 2796 διὰ
3834 2753 3932 2796 τοῦ

2321 2836 2474 2907 ἁγίου
2525 2840 2819 2908 Πνεύματος
2870 2836 3129 2889 τελείωσιν
3175 2857 3186 2867 ·
3217 2836 3311 2888 οὐκ
3366 2832 3426 2893 ἦν
3482 2831 3542 2887 δὲ
3591 2834 3726 2895 εἰκὸς
3773 2842 3932 2885 τοῦτο

2320 2924 2497 2984 ἐλθεῖν,
2545 2930 2617 2996 μὴ
2672 2924 2983 2986 ἀπελθόντος
3028 2932 3119 2976 τοῦ
3174 2927 3335 2977 Υἰοῡ’
3386 2928 3545 2995 φησὶν
3589 2924 3669 2975 ὅτι
3726 2927 3930 2993 Συμφέ-

2316 3034 2395 3088 ρει
2450 3016 2586 3087 ἓμῖν,
2650 3016 2734 3066 ἱνα
2783 3013 2883 3085 ἐγὼ
2942 3013 3165 3079 ἀπέλθω,
3247 3018 3337 3065 καὶ
3393 3016 3459 3065 τὰ
3532 3012 3667 3074 ἑξῆς.
3720 3010 3925 3084 Ὠσπερ

2316 3103 2607 3177 γάργἙάν
2692 3102 2793 3172 ἐγὼ
2870 3108 2941 3173 μὴ
3022 3101 3247 3169 ἀπέλθω,
3338 3103 3363 3153 6
3423 3100 3763 3173 Παράκλητος
3830 3100 3926 3151 οὐκ

2317 3190 2579 3244 ἐλεύσεται
2608 3196 2738 3267 πρὸς
2764 3193 2893 3264 ὑμᾶς
2919 3210 2929 3221 ·
2974 3193 3108 3243 οὕτω
3142 3202 3251 3257 καί,
3285 3189 3368 3243 έάν
3409 3192 3434 3242 6
3467 3190 3805 3263 Παράκλητος
3826 3190 3925 3241 οὐκ

2316 3279 2577 3334 ἐλεύσεται
2616 3286 2741 3356 πρὸς
2768 3283 2917 3353 ὑμᾶς,
2946 3281 3005 3333 οὐ
3033 3281 3270 3338 τελειωθή
3282 3282 3452 3333 σεσθε.
3496 3282 3809 3350 Ἀναγκαῖον
3831 3276 3922 3330 οὖν

2314 3369 2489 3422 λοιπὸν
2551 3369 2640 3443 ἐμὲ
2694 3370 2946 3435 ἀπελθεῖν,
3020 3370 3399 3443 πεπληρωκοτα
3438 3372 3494 3422 τὸ
3540 3372 3684 3441 ἔργον
3732 3370 3756 3420 ὃ
3810 3367 3920 3421 ἓὸει

2312 3464 2537 3517 ποιῆσαί
2568 3479 2651 3532 με,
2685 3461 2767 3511 ἵνα
2806 3460 2831 3511 6
2856 3459 3005 3521 οῐλλος
3033 3459 3366 3533 παράκλητος
3396 3458 3515 3531 ἔλθῃ
3550 3463 3639 3510 καὶ
3668 3457 3917 3530 τελειώσῃ

2313 3569 2469 3621 υμας.

2390 3644 2488 3691 Καὶ
2540 3636 2695 3691 ἐλθὼν
2746 3670 2808 3679 —-
2874 3644 3116 3714 κρίσεως.
3198 3670 3268 3678 —
3348 3638 3592 3709 Ἐλέγξεὶ,
3682 3640 3927 3689 τουτέστι

2318 3724 2682 3780 Καταδικάσει
2735 3727 2899 3780 τέλεον
2951 3732 3072 3790 τοὺς
3136 3732 3416 3801 πονηροὺς,
3507 3726 3930 3797 ἀναπολογήτους

2314 3818 2649 3869 παντάπασιν
2876 3816 3137 3891 ἀποφήνῃ,
3194 3819 3337 3882 ὅταν,
3394 3816 3743 3878 ἀποθανόντος
3798 3836 3926 3888 μου,

2315 3908 2697 3979 παρασκευάσῃ
2758 3905 2967 3977 ὑψηλὰς
3024 3908 3137 3979 (53)
3171 3903 3525 3967 διδασκαλίας
3576 3910 3665 3958 xui
3695 3910 3930 3977 μέγιστα

2316 4004 2509 4067 σημεῖα
2561 3994 2907 4049 ἐπιτελεῖσθαι
2962 3996 3079 4068 (54)
3119 3995 3203 4048 ἐπὶ
3258 4005 3319 4069 τῇ
3363 3996 3548 4054 κλήσει
3603 4004 3693 4047 τοῦ
3734 3994 3931 4067 ὀνομα-

2313 4090 2395 4145 τος
2424 4105 2545 4156 μου.
2586 4090 2649 4137 Τί
2698 4089 2797 4157 γὰρ
2852 4084 3057 4158 ἐροῦσιν
3097 4089 3174 4137 ἔτι
3220 4086 3333 4138 κατ’
3379 4085 3503 4157 ἐμοῦ
3556 4086 3761 4155 εὔλογον
3797 4101 3811 4147 ;
3847 4085 3926 4137 Οὗ

2312 4179 2403 4225 xui
2434 4176 2779 4235 ἀποθανόντος
2842 4175 3130 4233 τηλικαῦτα
3158 4172 3381 4227 δύναται
3410 4178 3468 4227 τὸ
3522 4179 3683 4247 ὄνομα
3723 4180 3881 4246 μόνον
3907 4191 3921 4241 ;

2314 4270 2509 4326 Ὄντως
2545 4260 2716 4318 οὐδέν.
2764 4260 2892 4317 Εἶτα
2932 4264 3262 4340 ἐφερμηνεύει
3291 4270 3379 4316 καὶ
3408 4263 3481 4336 ἐφ’
3508 4264 3580 4324 οἷς
3610 4262 3798 4335 ἐλέγξει
3828 4264 3924 4315 αύ-

2310 4372 2450 4415 τους.

2383 4448 2509 4511 Περὶ
2536 4474 2603 4483 -
2635 4442 2745 4515 ἐμέ.
2780 4442 3037 4517 Ἃμαρτία
3065 4445 3167 4518 γὰρ
3200 4462 3576 4515 ασυγγνωστος
3605 4446 3663 4495 τὸ
3689 4446 3761 4515 μὴ
3796 4462 3922 4495 πισο

2309 4536 2469 4585 τεύειν
2500 4534 2578 4585 ἔτι
2608 4533 2679 4594 εἰς
2708 4531 2814 4605 ἐμέ.

2384 4626 2509 4695 Περὶ
2547 4653 2615 4662 -
2665 4641 2748 4694 με.
2780 4626 2993 4675 Διχαίου
3050 4625 3152 4695 γὰρ
3210 4629 3488 4696 γνώρισμα
3516 4626 3574 4675 τὸ
3604 4624 3922 4693 πορεύεσθαι

2306 4714 2435 4785 πρὸς
2485 4714 2571 4763 τὸν
2618 4715 2748 4764 Θεὸν
2796 4718 2887 4765 καὶ
2945 4718 3177 4765 συνεῖναι
3233 4713 3393 4784 αὐτῷ.
3425 4720 3589 4766 Τοῦτο
3617 4716 3719 4787 γὰρ
3762 4709 3924 4769 δηλοῖ

2309 4805 2365 4853 τὸ
2396 4816 2409 4830 ·
2446 4806 2548 4854 Καὶ
2591 4801 2765 4854 οὐκέτι
2822 4803 3054 4875 θεωρεῖτέ
3092 4821 3175 4873 με.
3234 4806 3336 4856 Καὶ
3375 4802 3572 4867 λοιπὸν,
3604 4801 3738 4873 εὶμή
3773 4805 3917 4873 ἤμην

2309 4888 2535 4959 δίκαιος,
2597 4889 2691 4943 οὐκ
2748 4889 2809 4943 ἂν
2840 4889 3157 4966 ίπορευὸμην
3194 4895 3327 4968 πρὸς
3369 4894 3455 4945 τὸν
3487 4894 3693 4964 Πατέρα
3739 4907 3754 4921 ο
3802 4900 3920 4956 πῶς

1752 5163 1977 5234 Variae
2031 5168 2364 5240 lectiones
2409 5180 2474 5240 et
2511 5180 2717 5239 notae.

590 5357 755 5440 .(52)_
785 5358 1062 5440 ’ᾼποφανιῖ
1119 5358 1565 5431 corrigendum,
1647 5362 1812 5434 quod
1864 5363 2188 5422 Hentenius

528 5431 707 5487 etiam
741 5430 940 5485 habet.

596 5501 713 5573 (53)
769 5504 995 5559 Durum
1066 5503 1204 5567 hoc,
1274 5505 1637 5576 παρασευάσέι
1692 5501 2056 5572 διδασαλὶκσς
2101 5515 2192 5564 καὶ

600 5626 732 5701 (xx)
762 5626 1027 5701 Spiritus
1051 5624 1267 5701 sancti.
1313 5626 1690 5701 PerSpirtum
1722 5636 2031 5690 sanctum.

599 5698 723 5773 (νυ)
765 5699 1046 5759 Tandem.
1081 5700 1349 5758 Prorsus.
1377 5698 1543 5759 Forte
1567 5705 1711 5769 τελος
1752 5703 2035 5777 ;invenit.

2301 5365 2665 5444 ἐπιτελεῖσθαι.
2690 5365 2883 5425 Malim
2907 5380 3049 5441 ergo
3074 5374 3213 5443 post
3239 5364 3615 5436 διδασκαλίας,
3642 5368 3915 5444 interpo-

2298 5443 2730 5512 Πθτθγίνεσθαι.

2372 5511 2489 5585 (54)
2518 5512 2788 5567 Τελεῖσθαι
2828 5519 2884 5568 Β.
