4108 6396
142 414 169 468 -1
180 410 285 468 425

139 540 247 611 γὰρ
299 534 358 588 ἂν
416 533 718 609 ἁμαρτωλὸς
769 536 858 586 καὶ
914 531 1101 593 πλάνος
1157 537 1248 585 καὶ
1294 534 1588 606 παράνομος
1656 534 1748 583 καὶ
1778 531 1823 584 Α

142 627 372 687 ἀντίθεος
402 627 675 697 πορευθείη
712 627 837 700 πρὸς
876 626 962 675 τὸν
994 619 1196 675 δίκαιον
1245 627 1335 674 καὶ
1381 621 1620 681 ἀληθινὸν
1659 624 1749 672 καὶ

142 717 427 787 νομοθέτην
448 720 538 767 καὶ
570 718 697 767 Θεὸν
722 730 735 779 ;

220 896 322 944 Καὶ
366 892 519 942 πόθεν
559 886 718 948 δῆλον
750 890 831 941 ὅτι
886 891 1017 960 πρὸς
1072 890 1158 940 τὸν
1214 890 1341 940 Θεὸν
1399 886 1511 958 (55)
1552 885 1750 947 ἀπῆλθε

142 986 235 1033 καὶ
290 983 525 1032 σύνεστιν
592 979 771 1049 αὑτῷς
845 980 1039 1042 Πόθενς
1096 978 1227 1029 Ἀπὸ
1300 984 1396 1037 τῆς
1450 984 1543 1029 τοῦ
1593 976 1747 1049 ἁγίου

143 1072 445 1142 Πνεύματος
496 1072 809 1141 μαρτυρίας,
863 1076 954 1127 τῆς
1012 1064 1084 1119 δι’
1146 1065 1445 1138 ἐλλάμψεως
1500 1070 1591 1117 καὶ
1654 1084 1747 1121 ση-

140 1163 325 1233 μείων,
382 1161 449 1220 ὠς
488 1162 814 1233 προείρηται,
867 1156 952 1209 ἐπὶ
1000 1164 1072 1227 τῷ
1121 1155 1335 1229 ὀνόματι
1384 1155 1544 1208 αὐτοῦ
1600 1175 1748 1227 γινο-

139 1252 301 1322 μένης
328 1248 463 1319 (56).

214 1338 407 1390 Οὐκέτι
471 1333 529 1389 δὲ
589 1338 823 1409 θεωρεῖτέ
888 1354 969 1407 με,
1031 1336 1161 1406 μετὰ
1206 1343 1303 1396 τῆς
1356 1341 1444 1385 νῦν
1503 1330 1748 1391 δηλονότι

138 1424 364 1490 ἀδοξίας
409 1430 498 1478 καὶ
530 1424 807 1485 εὐτελείας
843 1424 1044 1497 ἔμελλον
1093 1427 1193 1498 γὰρ
1240 1424 1395 1475 αὐτὸν
1444 1424 1587 1497 ὁρᾷν,
1639 1421 1748 1474 ἁλλ’

139 1516 245 1588 οὐχ
279 1518 351 1578 ὡς
379 1519 434 1568 τό
462 1520 733 1588 πρότερον.

214 1611 342 1677 Περὶ
382 1637 439 1645 -
467 1609 719 1675 κέκριται.
752 1602 872 1655 Ὀτι
904 1604 928 1654 ὁ
957 1599 1199 1665 διάϐολος
1246 1608 1620 1675 κατακέκριται
1657 1605 1746 1652 καὶ

140 1695 449 1752 ἐκϐέϐληται
495 1702 590 1756 τῆς
635 1690 951 1753 δυναστείας
989 1693 1166 1757 αὐτοῦ,
1217 1698 1405 1765 μηκέτι
1463 1690 1747 1763 δυνάμενος

140 1785 269 1846 ὅλως
314 1788 479 1857 φέρειν
536 1787 593 1835 τὸ
648 1781 767 1854 ἐμὸν
798 1786 977 1854 ὄνομα,
1023 1781 1151 1834 ἁλλὰ
1202 1786 1505 1855 παραυτίκα
1554 1777 1749 1854 δραπε-

142 1877 321 1928 τεύων.
376 1880 492 1935 Πῶς
546 1871 600 1924 δ’
657 1873 718 1923 οἶν
774 1878 927 1924 τοῦτο
982 1874 1246 1936 πέπονθεν,
1291 1872 1335 1924 εἰ
1394 1871 1534 1944 φίλον
1587 1870 1744 1921 αὐτὸν
1786 1878 1825 1933 Β

142 1960 308 2035 εἶχον,
345 1964 413 2023 ὡς
455 1964 503 2013 οἱ
532 1965 749 2035 πονηροὶ
777 1960 1018 2032 λέγουσιν
1044 1979 1055 1990 ·
1091 1963 1172 2013 ὅτι
1218 1961 1266 2013 ἐν
1314 1981 1385 2033 τῳ
1442 1958 1744 2020 Βεελξεϐοὐλ

139 2054 369 2125 ἄρχοντι
398 2058 497 2103 τῶν
539 2047 823 2123 δαιμονίων
863 2049 1088 2102 ἐκϐάλλω
1123 2055 1190 2104 τὰ
1235 2047 1501 2124 δαιμόνια,
1537 2054 1626 2101 καὶ
1666 2050 1746 2100 ὅτι

141 2139 417 2215 δαιμόνιον
444 2143 571 2212 ἔχω,
605 2144 695 2192 καὶ
722 2142 787 2191 τὰ
816 2147 1035 2191 τοιαῦτα
1058 2156 1070 2205 ;

206 2321 322 2373 Ἵνα
392 2315 450 2371 δε
517 2320 604 2369 τὸν
684 2317 833 2388 λόγον
905 2316 1457 2390 ἁνακεφαλαιώσωμεν,
1536 2317 1743 2382 Ἐλθὼν,

139 2414 324 2481 φησὶν,
374 2409 399 2459 ὁ
468 2406 808 2482 Παράκλητος
858 2407 1047 2477 ἐλέγξει
1118 2412 1236 2468 τοὺς
1294 2411 1589 2482 πονηρούς’
1664 2406 1748 2459 ἐπὶ

140 2498 372 2569 ἁμαρτίᾳ
430 2501 519 2568 μὲν
551 2498 631 2548 ὃτι
685 2495 1067 2569 ἁμαρτάνουσι,
1118 2502 1189 2568 μή
1251 2500 1576 2557 πιστεύοντες
1633 2500 1744 2548 ἕτι⁶

139 2586 220 2639 ἐπὶ
248 2584 567 2658 δικαιοσύνη
602 2582 681 2652 δε,
711 2587 791 2638 ὅτι
824 2583 1030 2648 δίκαιος
1052 2585 1149 2657 ἐγὼ
1180 2591 1269 2638 καὶ
1296 2586 1401 2657 οὐχ
1428 2586 1744 2657 ἁμαρτωλὸς,

140 2678 206 2736 ὡς
245 2675 402 2727 αὐτοὶ
439 2676 715 2745 λέγουσιν·
772 2673 854 2726 ἐπὶ
894 2678 1068 2745 κρίσει
1126 2670 1185 2726 δὲ
1240 2678 1358 2732 ἤτοι
1411 2678 1744 2745 κατακρίσει,

139 2766 216 2816 ὅτι
257 2766 641 2839 κατακέκριται
670 2764 695 2815 ὁ
726 2765 909 2839 ἄρχων
939 2771 1037 2815 τῶν
1084 2759 1389 2835 δαιμονίων,
1439 2765 1504 2824 ὡς
1557 2762 1747 2835 ἐχθρὸς

139 2859 225 2906 καὶ
250 2853 316 2907 οὗ
343 2852 489 2927 φίλος
518 2872 639 2926 μου.

203 3032 331 3087 Ἐτι
374 3063 441 3073 -
494 3033 635 3107 ἄρτι.
696 3030 918 3093 Ἀτελεῖς
973 3035 1108 3092 ὄντες
1158 3034 1251 3097 ἔτι,
1302 3036 1392 3084 καὶ
1435 3037 1593 3105 μήπω
1653 3029 1746 3085 διὰ

137 3131 233 3174 τῶν
286 3123 342 3175 ἐν
384 3130 456 3193 τῷ
502 3129 712 3195 σταυρῷ
766 3127 856 3173 καὶ
912 3129 973 3194 τῇ
1038 3120 1323 3174 ἀναστάσει
1371 3141 1471 3194 μου
1520 3130 1744 3195 φρικτῶν

139 3216 225 3263 καὶ
252 3207 572 3287 παραδόξων
592 3210 972 3284 προκόψαντες,
998 3208 1136 3282 μηδὲ
1158 3208 1499 3284 ἐνδυσάμενοι
1522 3208 1743 3284 δύναμιν
1773 3235 1816 3290 c

142 3299 194 3363 ἐξ
215 3301 409 3372 ὕψους,

205 3389 371 3443 Ὅταν
446 3421 513 3429 —
563 3387 822 3447 ἀλήθειαν.
899 3390 984 3451 Εἰς
1048 3393 1107 3441 τὸ
1164 3386 1355 3442 εἰδέναι
1412 3397 1587 3443 πᾶσαν
1650 3396 1743 3450 τὴν

144 3476 387 3537 ἀλήθειαν
452 3486 554 3530 τῶν
636 3481 780 3531 θείων
839 3475 1135 3551 δογμάτων,
1205 3484 1299 3537 τὴν
1369 3485 1744 3552 προσήκουσαν

146 3565 392 3626 δηλονότι
424 3570 781 3639 γνωρισθῆναι
832 3569 971 3639 ὑμῖν.
1023 3566 1148 3620 Εἶτα
1183 3570 1264 3620 ἵνα
1314 3573 1409 3640 μὴ,
1458 3570 1747 3627 τηλικαῦτα

145 3663 259 3730 περὶ
309 3665 405 3709 τοῦ
467 3657 620 3728 ἁγίου
698 3660 996 3729 [Ινεύματος
1067 3657 1400 3725 ἀκούσαντες,
1465 3660 1644 3731 μεῖζον
1686 3664 1745 3712 τὸ

150 3752 358 3819 Πνεῦμα
380 3752 660 3818 νομίσωσι,
691 3752 777 3797 καὶ
802 3747 874 3808 εἰς
895 3746 1132 3819 ἐσχάτην
1165 3746 1402 3800 ἀσέϐειαν
1429 3747 1743 3821 ἐμπέσωσιν,

148 3834 328 3907 ἐπάγει
366 3838 639 3911 θεραπείαν
668 3841 758 3888 καί
783 3856 939 3909 φησιν
965 3857 977 3869 ·

215 3926 290 3977 Οὐ
332 3957 399 3966 -
436 3924 641 3982 ἑαυτοῦ.
689 3924 888 3998 ’Ὠσπερ
944 3923 1058 3979 οὐδ’
1110 3926 1227 3998 ἐγὼ,
1260 3929 1431 3989 καθὼς
1484 3925 1747 4003 διαφόρως

145 4011 656 4087 προδιεστειλάμην·
704 4011 855 4067 οὐδὲν
910 4018 1011 4090 γὰρ
1063 4013 1202 4068 ἴδιον
1232 4013 1406 4069 οὐδενὶ
1452 4025 1545 4078 τῆς
1596 4018 1749 4089 ἁγίας

143 4101 393 4177 Τριάδος,
437 4103 570 4163 πλὴν
602 4102 930 4175 ἁγεννησίας,
967 4109 1056 4157 καὶ
1086 4111 1387 4176 γεννήσεως,
1446 4112 1535 4159 καὶ
1590 4105 1746 4159 ἐκπο-

142 4196 337 4263 ρεύσεω
348 4214 388 4261 ς,
422 4192 549 4246 ἁ).λὰ
572 4196 721 4246 κοινὰ
749 4195 917 4246 πάντα
946 4194 1101 4266 αὐτῇ.

211 4458 346 4513 Ἀλλ’
404 4490 471 4502 -
523 4460 759 4520 λαλήσει.
831 4460 973 4514 "Odor
1038 4461 1097 4514 ἂν
1178 4463 1378 4537 ἀκούσῃ
1453 4467 1597 4537 παρὰ
1656 4472 1748 4517 τοῦ

145 4553 366 4624 Πατρός,
401 4550 427 4601 ὃ
466 4555 555 4602 καὶ
613 4556 729 4625 περὶ
761 4551 984 4622 ἐμαυτοῦ
1024 4552 1267 4614 πολλάκις
1316 4557 1520 4626 εἴρηκα,
1575 4550 1747 4611 δηλῶν
1779 4603 1822 4656 D

142 4640 197 4687 τὸ
239 4640 540 4712 ὁμοούσιον,
592 4644 680 4691 καὶ
715 4641 952 4713 ὁμοφυὲς,
998 4647 1087 4694 καὶ
1127 4646 1263 4711 ἴσον,
1311 4648 1400 4695 καὶ
1450 4642 1745 4718 ἀπαράλλα-

147 4744 285 4781 κτον.
315 4729 516 4802 ’Ὠσπερ
563 4732 665 4802 γὰρ
710 4731 736 4781 ὁ
766 4732 887 4792 Υἱὸς
914 4730 1173 4803 πλήρωμα
1202 4736 1360 4805 νόμου
1415 4739 1505 4785 καὶ
1549 4754 1747 4808 προφη-

147 4823 265 4885 τῶν,
346 4822 411 4871 τὰ
460 4826 688 4879 τυπικῶς
756 4816 1218 4893 προδιαγραφέντα
1289 4820 1583 4893 βεϐαιώσας
1654 4821 1747 4877 διὰ

149 4911 243 4966 τῆς
291 4908 567 4968 ἀληθείας’
624 4906 759 4959 οὕτω
817 4912 1003 4960 καὶτὸ
1054 4910 1186 4961 θεῖον
1230 4917 1437 4982 Πνεῦμα
1486 4910 1747 4987 πλήρωμα

219 5084 266 5118 ¹⁸
289 5085 489 5143 Matth.
518 5100 619 5153 xu,
650 5088 740 5141 24.
856 5088 902 5123 19
924 5087 1091 5143 Joan.
1116 5103 1211 5159 vn,
1242 5086 1331 5155 20,

1118 404 1493 465 COMMENT.
1541 405 1612 461 IN
1649 401 2003 460 JOANNEM.
2045 433 2114 445 —
2153 401 2312 460 CAP.
2353 401 2498 459 XVI.

3380 395 3519 454 1426

1864 529 2162 602 quomodo
2214 544 2478 601 namque
2542 528 2818 600 peccator
2880 540 2949 582 ac
3012 521 3311 594 seductOr,
3369 526 3515 596 legis

1861 626 2289 691 transgressor,
2367 619 2589 691 Deique
2673 616 3069 683 adversarius,
3176 617 3519 688 perveniret

1859 711 1937 767 ad
2007 726 2145 766 eum
2214 709 2319 781 qui
2382 709 2581 780 justus
2648 713 2757 779 est,
2827 720 3033 771 verax,
3098 705 3401 777 legislator
3446 721 3519 764 ac

1862 801 2064 857 Deus?

1934 890 2047 947 Sed
2087 890 2247 945 unde
2275 889 2653 945 manifestum
2680 888 2807 953 erit,
2827 890 2990 961 quod
3021 888 3100 944 ad
3130 890 3317 944 Deum
3340 885 3519 944 abeat

1860 985 1915 1035 et
1942 996 2079 1035 cum
2108 996 2177 1037 eo
2208 980 2281 1034 sit
2307 980 2334 1033 ?
2366 980 2547 1035 Unde.
2578 980 2625 1032 A
2654 979 2903 1052 Spiritus
2930 979 3121 1034 sancti
3151 976 3515 1045 testimonio,

1864 1088 1964 1144 per
1996 1070 2457 1137 illustrationem,
2509 1072 2575 1124 ut
2600 1068 2827 1125 dictum
2858 1072 2964 1135 est,
2996 1083 3067 1124 ac
3130 1067 3323 1137 signa,
3378 1082 3514 1140 quae

1860 1177 1965 1234 per
1989 1175 2211 1216 nomen
2237 1160 2366 1231 ejus
2392 1158 2662 1215 edentur.

1931 1339 2178 1395 Posthac
2204 1342 2405 1394 autem
2423 1354 2541 1395 non
2562 1337 2837 1394 videbitis
2858 1352 2975 1404 me,
3006 1352 3145 1392 cum
3170 1335 3284 1392 hac
3311 1334 3515 1391 videli-

1859 1436 1949 1485 cet
1980 1428 2303 1498 ignominia
2335 1433 2390 1484 et
2434 1427 2785 1499 abjectione,
2819 1426 3119 1500 siquidem
3161 1424 3349 1481 visuri
3373 1440 3514 1481 eum

1859 1525 2046 1584 erant,
2080 1519 2182 1574 sed
2215 1534 2332 1573 non
2374 1523 2436 1573 ut
2465 1518 2654 1591 prius.

1919 1612 2084 1665 Vers.
2125 1610 2211 1664 11.
2251 1611 2331 1663 De
2357 1640 2421 1648 -
2432 1608 2734 1678 judicatus
2764 1612 2869 1663 est.
2897 1606 3047 1673 Quia
3076 1605 3354 1661 diabolus
3377 1620 3519 1661 con-

1860 1699 2174 1755 demnatus
2212 1703 2323 1762 est,
2359 1703 2414 1754 et
2451 1702 2762 1769 potentatu
2811 1713 2921 1753 suo
2963 1696 3203 1768 ejectus,
3245 1710 3369 1751 non
3412 1709 3518 1767 po—

1857 1791 1986 1847 tens
2017 1789 2265 1859 posthac
2295 1805 2484 1844 meum
2521 1788 2773 1844 omnino
2802 1786 2954 1843 ferre
2983 1800 3227 1850 nomen,
3262 1785 3369 1840 sed
3397 1787 3518 1841 sta-

1861 1878 1965 1936 tim
2010 1878 2243 1950 fugiens
2275 1895 2290 1933 :
2332 1877 2661 1950 quomodo,
2703 1876 2975 1942 obsecro,
3007 1874 3069 1930 id
3106 1874 3185 1931 illi
3212 1874 3517 1943 continge-

1858 1974 1963 2032 ret,
1996 1968 2043 2023 si
2084 1968 2339 2023 amicum
2369 1983 2507 2023 eum
2538 1966 2846 2032 haberem,
2880 1964 3061 2021 veluti
3111 1963 3317 2020 dicunt
3347 1963 3509 2030 mali,

1856 2058 2020 2131 quod
2052 2074 2152 2129 per
2190 2056 2495 2113 Beelzebul
2536 2056 2865 2127 principem
2930 2053 3371 2110 daemoniorum
3412 2052 3516 2124 eji-

1856 2148 2010 2205 ciam
2038 2147 2338 2203 daemonia
2369 2147 2437 2214 ¹⁸,
2458 2145 2740 2219 quodque
2758 2144 3129 2201 daemonium
3145 2142 3409 2200 habeam
3439 2144 3515 2211 ¹⁹,

1855 2242 1910 2293 et
1934 2241 2147 2293 caetera
2183 2237 2366 2307 hujus
2376 2235 2533 2291 modi
2558 2235 2586 2289 ?

1930 2329 1998 2382 Ut
2053 2330 2255 2381 autem
2315 2339 2659 2380 sermonem
2715 2322 3065 2379 summatim
3113 2320 3511 2391 colligamus:

1860 2417 2007 2472 Cum
2038 2414 2259 2472 venerit
2313 2413 2672 2476 Paracletus,
2709 2418 2918 2483 arguet
2974 2411 3255 2467 mundum
3288 2412 3359 2468 de
3382 2424 3516 2480 pec-

1859 2510 2009 2570 cato,
2052 2504 2197 2577 quia
2247 2507 2510 2575 peccant,
2545 2502 2649 2573 qui
2702 2501 2900 2557 adhuc
2931 2516 3054 2556 non
3110 2499 3363 2556 credunt
3398 2515 3412 2566 ;
3442 2500 3517 2556 de

1847 2594 2087 2664 justitia
2117 2598 2339 2657 autem,
2368 2592 2511 2664 quia
2533 2591 2733 2662 justus
2765 2605 2876 2658 ego
2907 2606 3043 2644 sum
3074 2592 3131 2644 et
3167 2603 3291 2644 non
3313 2603 3522 2662 pecca-

1858 2688 1966 2747 tor,
2019 2682 2169 2737 sicut
2207 2681 2320 2753 ipsi
2361 2681 2604 2750 dicunt;
2635 2679 2708 2735 de
2725 2677 2960 2749 judicio
3014 2692 3176 2743 vero,
3209 2677 3333 2734 sive
3363 2691 3516 2733 con-

1856 2770 2263 2835 demnatione,
2333 2769 2478 2841 quia
2552 2768 2993 2824 condemnatus
3073 2770 3164 2823 est
3233 2766 3519 2839 princeps

1855 2860 2310 2928 daemoniorum,
2349 2863 2642 2930 tanquam
2690 2856 2995 2921 inimicus,
3029 2859 3087 2912 et
3134 2871 3258 2911 non
3297 2855 3519 2912 amicus

1855 2966 2043 3005 meus.

1925 3038 2090 3096 Vers.
2144 3040 2228 3093 l2.
2273 3036 2474 3093 Adhuc
2511 3066 2579 3075 —
2630 3049 2809 3091 nunc.
2862 3032 3012 3089 Cum
3057 3033 3258 3090 adhuc
3301 3032 3521 3104 imper-

1854 3128 1984 3185 fecti
2016 3127 2161 3194 sitis,
2196 3131 2252 3182 et
2294 3125 2552 3181 necdum
2584 3140 2689 3197 per
2725 3122 3089 3180 horrendam
3144 3120 3251 3194 (zz)
3293 3121 3521 3195 passio-

1856 3234 2012 3281 nem,
2047 3233 2116 3273 ac
2154 3216 2530 3288 inopinatam
2570 3212 3060 3270 resurrectionem
3089 3227 3285 3267 meam
3318 3210 3519 3284 profe-

1854 3307 2081 3372 ceretis,
2114 3322 2309 3378 neque
2340 3303 2530 3359 induti
2575 3304 2701 3358 sitis
2730 3302 2944 3358 virtute
2974 3316 3047 3357 ex
3078 3300 3199 3358 alto
3231 3302 3303 3355 ³ο.

1926 3398 2087 3451 Vers.
2134 3397 2223 3451 t3.
2271 3396 2420 3452 Cum
2465 3424 2532 3434 —
2573 3392 2899 3449 veritatem.
2943 3390 3032 3446 Ad
3081 3390 3215 3457 hoc,
3271 3393 3336 3446 ut
3373 3389 3522 3446 scia-

1854 3487 1928 3543 tis
1954 3500 2199 3542 omnem
2225 3484 2529 3539 veritatem
2555 3481 2894 3537 divinorum
2925 3479 3303 3550 dogmatum,
3331 3494 3521 3551 quam

1852 3574 2125 3631 videlicet
2154 3573 2388 3645 expedit
2413 3571 2584 3627 vobis
2612 3584 2995 3637 cognoscere.
3037 3568 3283 3635 Deinde,
3306 3583 3381 3625 ne
3414 3584 3520 3625 au-

1856 3665 1990 3720 ditis
2023 3663 2239 3721 talibus
2281 3662 2356 3717 de
2385 3660 2606 3734 Spiritu
2634 3664 2863 3727 sancto,
2900 3658 3193 3729 majorem
3220 3657 3518 3715 existima-

1855 3760 1986 3811 rent
2015 3771 2147 3810 esse
2194 3752 2504 3823 Spiritum,
2539 3753 2595 3805 et
2624 3750 2684 3805 in
2708 3752 3032 3805 extremam
3068 3745 3382 3803 inciderint
3406 3746 3523 3803 im-

1856 3844 2155 3917 pietatem,
2210 3841 2506 3896 medelam
2533 3838 2805 3910 adjungit
2834 3837 3042 3894 dicens
3071 3852 3088 3895 :

1927 3932 2090 3987 Vers.
2134 3930 2218 3985 13.
2260 3930 2398 3985 Νοη
2445 3959 2513 3970 -
2566 3927 2893 3995 semetipso.
2942 3925 3103 3983 Sicut
3148 3939 3342 3999 neque
3382 3940 3517 3996 ego,

1856 4019 2378 4095 quemadmodum
2451 4017 2634 4075 variis
2702 4016 2764 4072 in
2854 4015 3001 4071 locis
3066 4015 3517 4087 explicavimus.

1860 4110 2169 4185 Siquidem
2250 4108 2397 4164 nihil
2496 4106 2601 4161 ulli
2684 4108 2906 4161 sanctae
2973 4103 3272 4161 Trinitatis
3349 4120 3518 4176 pers-

1855 4216 1951 4256 nee
2006 4198 2319 4273 proprium
2361 4200 2467 4259 est,
2514 4200 2729 4268 praeter
2776 4192 3326 4259 innascibilitatem,
3367 4193 3518 4251 nati-

1858 4291 2098 4345 vitatem
2150 4292 2206 4344 et
2265 4285 2739 4360 processionem,
2799 4281 2904 4339 sed
2951 4282 3160 4339 omnia
3217 4282 3303 4339 eis
3355 4297 3519 4340 com-

1857 4378 2085 4433 munia.

1926 4467 2098 4522 Vers.
2156 4467 2235 4521 13.
2280 4464 2390 4522 Sed
2433 4494 2503 4506 --
2550 4463 2841 4535 loquetur.
2889 4460 3270 4533 Quaecunque
3315 4458 3519 4516 audie-

1856 4556 1933 4611 rit
1961 4572 1997 4611 a
2027 4555 2217 4620 Patre,
2253 4555 2404 4610 sicut
2434 4554 2611 4609 etiam
2638 4551 2980 4624 frequenter
3017 4549 3093 4605 de
3125 4549 3357 4622 meipso
3393 4548 3516 4604 dixi

1858 4644 2202 4715 signiﬁcans
2266 4642 2617 4700 substantias
2677 4657 2746 4697 ac
2832 4644 3060 4695 naturae
3115 4636 3511 4706 identi‘tatem,

1856 4733 2280 4805 azqualitatem,
2379 4747 2450 4787 ac
2542 4728 2963 4786 omnimodam
3039 4727 3511 4785 similitudinem.

1857 4822 2380 4889 Quemadmodum
2429 4820 2590 4876 enim
2660 4819 2841 4874 Filius
2914 4816 3178 4890 impletio
3231 4817 3379 4887 legis
3428 4819 3517 4875 est

1856 4929 1928 4970 ac
1974 4912 2352 4985 prophetam,
2425 4910 2666 4967 veritate
2723 4907 3109 4973 conﬁrmans,
3173 4922 3304 4978 quae
3348 4905 3516 4978 prius

1445 5089 1493 5126 ³ο
1529 5090 1670 5145 Luc.
1697 5104 1863 5162 ων,
1891 5088 1983 5147 49.

1366 5293 1583 5362 Varias
1620 5293 1951 5363 lectiones
1983 5303 2048 5361 et
2084 5302 2286 5362 nota.

186 5482 326 5571 !(55)-
368 5492 449 5545 Ita
479 5492 542 5544 A.
581 5488 863 5571 Sed.Cod.
971 5487 1033 5571 in
1061 5494 1342 5571 contemtu
1369 5489 1576 5556 habet,
1611 5494 1744 5569 πρὸς

144 5560 249 5623 τόν,
276 5563 332 5615 et
351 5575 555 5633 supra,
587 5560 677 5618 αὖ.
699 5560 739 5616 i.
773 5576 826 5617 e.
859 5560 1034 5627 αὐτόν,
1071 5565 1127 5619 et
1152 5565 1301 5616 Θεόν.

1923 5490 2039 5563 (56)
2080 5493 2361 5565 Γενομένης
2387 5492 2456 5549 Α.

219 5735 323 5815 (ΖΞ)
357 5739 474 5815 Per
500 5739 884 5805 horrendam,
920 5744 1029 5796 etc.
1060 5742 1160 5796 Per
1186 5756 1257 5798 ea
1282 5757 1413 5815 quae
1444 5741 1503 5797 in
1540 5758 1711 5801 cruce
1751 5747 1808 5801 et
1833 5744 2265 5802 resurrectione
2296 5756 2435 5799 mea
2484 5740 2758 5799 accident
2785 5735 3088 5797 horrenda
3107 5740 3164 5796 et
3193 5734 3514 5803 mirabilia,

152 5805 535 5870 proieceritis.
