4108 6420
577 383 714 439 142³7

1878 381 2250 440 ΕΗΤΗΥΜΙΙ
2286 379 2599 445 ΖΙΕΑΒΕΝ
2605 382 2624 437 1

3829 379 3957 438 1428

574 508 885 581 ﬁgurative
952 508 1172 582 scripta
1231 512 1436 568 erant:
1490 509 1570 566 ita
1641 524 1887 582 quoque
1957 513 2016 567 et
2088 509 2235 566 divi-

2359 514 2436 561 roﬁ
2467 507 2786 580 Εύαγγελίου
2841 506 3169 583 ἀναπληροῦν
3224 507 3291 565 τὰ
3343 513 3436 560 τοῦ
3458 508 3611 578 ,Υἰοῦ,
3666 508 3849 581 καθὼς
3879 512 3958 563 καὶ

576 615 694 661 nus
772 598 1021 671 Spiritus
1114 599 1374 671 impletio
1429 605 1516 655 est
1572 598 1892 670 Evangelii,
1963 615 2035 655 ea
2110 615 2235 671 quae

576 689 704 746 Filii
736 693 875 746 sunt
902 688 1257 762 adimplens,
1294 689 1449 747 sicut
1480 695 1535 745 et
1570 689 1752 745 Filius
1779 706 1850 747 ea
1879 706 2015 763 quas
2047 688 2238 746 Patris

580 784 739 836 sunt.

648 870 809 926 νει-ε.
845 869 932 926 13.
962 868 1037 925 Ft
1071 901 1139 910 —-
1190 870 1376 926 vobis.
1436 873 1515 926 Ne
1547 869 1785 926 incaute
1809 869 1895 943 (a)
1924 868 2241 941 praecipite-

576 958 742 1025 mini,
772 958 951 1015 etiam
980 959 1302 1031 prophetiae
1327 959 1409 1031 (b)
1436 975 1505 1016 ac
1531 959 2014 1032 praacognitionis
2048 956 2241 1030 gratia

576 1048 795 1118 dignos
826 1047 1056 1104 efﬁciet.

648 1138 816 1193 Vers.
848 1138 943 1195 14.
971 1137 1087 1194 Ille
1108 1154 1200 1195 me
1226 1138 1613 1209 gloriﬁcavit.
1638 1138 1744 1194 Per
1772 1153 1995 1195 nomen
2037 1152 2239 1205 meum

573 1224 727 1281 vires
756 1226 1052 1297 praebens,
1094 1244 1242 1283 meae
1273 1227 1699 1284 incarnationis
1733 1228 2085 1299 mysterium
2114 1226 2238 1297 pla-

575 1314 712 1370 nius
734 1316 909 1371 vobis
938 1317 1348 1373 manifestans.

646 1406 810 1461 Vers.
864 1406 951 1460 14.
1005 1406 1152 1472 Quia
1207 1437 1274 1447 —-
1314 1406 1492 1463 vobis.
1540 1407 1619 1461 De
1674 1422 1809 1462 mea
1864 1405 2131 1474 scientia,
2172 1420 2243 1461 ea

575 1492 866 1559 videlicet,
895 1510 1030 1566 quas
1061 1494 1247 1551 Patris
1277 1500 1383 1551 est.
1436 1497 1696 1568 Accipiet
1728 1500 1953 1561 autem,
2002 1495 2118 1553 hoc
2158 1478 2246 1550 est

574 1582 805 1645 Audiet.
836 1583 983 1641 Dicit
1009 1589 1209 1640 tamen
1242 1584 1389 1657 hinc,
1432 1585 1741 1641 demittens
1773 1601 1899 1640 sese
1952 1584 2029 1640 ad
2069 1583 2243 1640 disci-

576 1671 860 1744 pulorum
899 1673 1385 1731 imbecillitatem.
1419 1673 1568 1731 Nam
1626 1675 1896 1745 accipere
1924 1678 1980 1730 et
2014 1673 2239 1735 audire,

578 1766 987 1822 creaturarum
1010 1768 1181 1818 sunt:
1203 1762 1500 1835 siquidem
1518 1764 1784 1819 increata
1806 1763 2059 1819 Trinitas
2079 1762 2243 1820 novit

2346 593 2492 659 οὖτος
2518 600 2583 650 τὰ
2610 606 2701 650 τοῦ
2736 603 2958 675 Πατρός.

2423 871 2523 921 Καὶ
2576 898 2646 909 -
2701 869 2844 940 ὑμῖν.
2906 868 2985 921 Τὰ
3052 865 3320 938 μέλλοντα,
3352 867 3487 919 ὥστε
3553 868 3627 938 μὴ
3690 870 3957 937 εμπίπτειν

2349 958 2485 1028 ὑμᾶς
2577 956 2898 1030 ἀφυλάκτως,
2984 960 3075 1009 καὶ
3148 962 3544 1031 προγνωστικοῦ
3614 960 3958 1031 χαρίσματος

2350 1044 2582 1110 ἀξιώσει.

2420 1136 2644 1201 Ἐκεῖνος
2693 1137 2781 1206 ἐμὲ
2830 1132 3066 1201 δοξάσει.
3132 1136 3214 1189 Ἐν
3267 1142 3338 1207 τῷ
3412 1133 3518 1207 ἐμῷ
3594 1133 3824 1207 ὀνόματι
3860 1138 3957 1197 ⁴τὰς

2351 1224 2599 1300 ἐνεργείας
2658 1222 2864 1292 διδούς,
2924 1224 3300 1277 ἀποκαλύπτων
3354 1225 3476 1296 ὑμῖν
3543 1228 3859 1298 τρανότερον
3904 1226 3955 1281 τό

2351 1320 2644 1391 μυστήριον
2674 1324 2767 1378 τῆς
2799 1314 2922 1387 ἐμῆς
2952 1314 3405 1385 ἐνανθρωπήσεως.

2422 1402 2543 1457 Ὀτι
2586 1436 2653 1445 -
2708 1406 2850 1477 ὑμῖν.
2910 1404 2997 1457 Ἐκ
3054 1411 3151 1465 τῆς
3207 1401 3331 1475 ἆμῆς
3384 1407 3646 1473 γνώσεως,
3703 1405 3828 1461 ἤτοι
3880 1410 3959 1463 τῆς

2350 1500 2440 1545 τοῦ
2490 1498 2709 1567 Πατρός.
2772 1494 3003 1564 Λήψεται
3065 1491 3124 1546 δὲ
3187 1491 3301 1545 ἀντὶ
3378 1499 3470 1544 τοῦ
3539 1493 3814 1546 Ἀκούσει.
3891 1494 3960 1545 Τὰ

2351 1591 2568 1635 τοιαῦτα
2598 1580 2656 1636 δε
2715 1581 3178 1655 συγκαταϐατικώς
3230 1581 3366 1653 λέγει
3424 1577 3519 1634 διὰ
3553 1585 3651 1639 τήν
3698 1579 3956 1637 ἀσθένειαν

2349 1681 2447 1724 τῶν
2504 1674 2771 1745 μαθητῶν.
2830 1676 2899 1726 T6
2954 1674 3056 1744 γὰρ
3106 1670 3382 1743 λαμϐάνειν
3449 1674 3541 1723 καὶ
3600 1668 3816 1722 ἀκούειν
3867 1678 3959 1722 τῶν

2350 1771 2574 1823 κτιστῶν
2606 1762 2770 1815 εἰσιν
2827 1763 2856 1820 ἡ
2893 1757 2952 1814 δὲ
2991 1763 3236 1821 οἴκτιστος
3286 1762 3446 1835 Τριὰς
3494 1755 3609 1813 οἶδε
3654 1762 3853 1828 πάντα,
3876 1764 3957 1811 καὶ

576 1851 801 1918 omnia,
844 1855 899 1907 et
925 1866 1239 1924 nunquam
1268 1852 1387 1908 ullo
1418 1852 1660 1924 indiget.
1696 1852 1924 1909 Deinde
1952 1853 2237 1924 interpre-

2359 1850 2434 1913 ἐπὶ
2466 1858 2626 1904 πᾶσιν
2681 1848 2921 1914 ἀνενδεὴς
2980 1849 3141 1903 ἐστιν.
3202 1846 3331 1903 Εἶτα
3388 1849 3727 1922 ἐφερμηνεύει
3767 1852 3825 1901 τὸ
3883 1849 3957 1903 Ἐκ

578 1944 755 2010 tatur,
787 1941 950 2014 quod
977 1941 1145 2008 dixit,
1181 1944 1264 1998 De
1299 1958 1426 1999 meo

594 2082 613 2091 ,
650 2032 813 2086 Vers.
880 2035 960 2086 15.
1025 2031 1239 2087 Omnia
1298 2064 1363 2073 —
1422 2032 1600 2088 vobis.
1646 2034 1795 2089 Nam
1846 2047 1984 2089 cum
2033 2031 2242 2089 omnia

580 2136 712 2207 quas
736 2119 921 2176 Patris
948 2124 1088 2176 sunt
1118 2137 1247 2177 mea
1273 2122 1411 2189 sint,
1452 2138 1642 2177 unum
1674 2126 1876 2178 autem
1908 2121 2127 2178 horum
2168 2121 2243 2177 sit

579 2210 708 2266 haec
745 2209 989 2265 scientia
1026 2212 1232 2267 merito
1258 2212 1381 2267 dixi
1411 2229 1423 2278 ;
1458 2213 1623 2284 quod
1661 2215 1743 2271 De
1789 2228 1916 2269 meo
1965 2212 2238 2282 accipiet,

579 2300 697 2375 hoc
734 2306 843 2368 est,
886 2300 1231 2358 Conformia
1266 2318 1505 2359 mecum
1529 2307 1585 2359 et
1614 2302 1817 2359 audiet
1837 2309 1892 2359 et
1918 2303 2242 2361 annuntia-

585 2390 668 2449 bit
714 2390 891 2456 vobis,
954 2391 1218 2463 nihilque
1280 2391 1621 2459 dissonum,
1684 2396 1891 2465 utpote
1945 2392 2090 2448 mihi
2139 2407 2244 2462 per

583 2479 785 2536 omnia
822 2479 1091 2551 aequalis.
1142 2482 1526 2553 Quaecunque
1569 2496 1713 2552 ergo
1768 2481 2059 2547 docuerit,
2111 2496 2247 2537 mea

584 2574 743 2635 sunt,
794 2572 847 2625 et
873 2584 1147 2624 meorum
1182 2568 1574 2641 adimpletiva
1621 2585 1968 2627 sermonum
1997 2575 2054 2627 et
2095 2585 2244 2643 ope—

585 2673 743 2717 rum.

660 2748 725 2802 Et
752 2761 940 2819 quare
965 2762 1081 2803 non
1117 2747 1279 2803 venit
1305 2748 1554 2818 Spiritus
1579 2754 1845 2813 sanctus,
1875 2749 2021 2806 dum
2051 2749 2247 2807 adhuc

588 2839 742 2892 esset
765 2851 902 2891 cum
947 2835 1033 2891 eis
1072 2835 1295 2894 Filius?
1332 2838 1599 2895 Primum
1638 2838 1906 2911 quidem,
1941 2839 2089 2912 quia
2130 2838 2247 2897 suf-

586 2924 825 2981 ﬁciebat
855 2925 1053 2995 Filius,
1108 2926 1212 2999 qui
1246 2943 1379 2983 cum
1414 2928 1498 2983 eis
1546 2928 1916 2985 versabatur.
1963 2932 2250 2986 Prteterea

486 3014 493 3020 ’
585 3030 748 3082 vero,
779 3015 926 3088 quia
962 3015 1225 3072 necdum
1282 3017 1483 3073 occiso
1512 3018 1703 3088 Agno,
1742 3018 1847 3091 qui
1892 3033 2002 3090 pro
2035 3016 2249 3073 mundi

586 3104 1190 3177 peccatoimmolatus
1207 3110 1311 3170 est.
1333 3107 1603 3163 nondum
1623 3107 1885 3164 solutum
1903 3112 2031 3163 erat
2045 3122 2251 3179 pecca-

2350 1948 2442 1992 τοῦ
2481 1939 2626 2013 ἐμοῦ.

2422 2032 2600 2083 Πάντα
2638 2061 2707 2070 -
2738 2031 2879 2102 ὑμῖν.
2924 2030 3067 2083 Ἐπεὶ
3091 2030 3190 2102 γὰρ
3223 2030 3393 2081 πάντα
3450 2028 3550 2081 ὅσα
3598 2029 3715 2099 ἔχει
3774 2028 3799 2078 ό
3854 2034 3955 2079 Πα-

2351 2124 2471 2193 τὴρ,
2514 2118 2611 2192 ἐμοὶ
2658 2118 2823 2183 ἐστιν,
2877 2118 2927 2172 ἓν
2964 2115 3023 2172 δί
3070 2120 3265 2171 τούτων
3320 2122 3411 2170 καὶ
3466 2119 3497 2176 ἡ
3547 2125 3751 2188 γνῶσις
3809 2117 3951 2182 αὕτη,

2352 2210 2560 2271 εἰκότως
2626 2206 2759 2262 εἶπεν
2820 2210 2901 2261 ὅτι
2955 2208 3042 2262 Ἐκ
3095 2215 3186 2261 τοῦ
3234 2206 3359 2280 ίμού
3417 2206 3665 2277 λήψεται,
3728 2210 3956 2259 τουτέστι

2352 2296 2567 2370 Συνῳδσί
2618 2318 2709 2371 μοι
2760 2304 2850 2351 καὶ
2897 2296 3113 2351 ἀκούσει
3169 2301 3259 2349 καὶ
3333 2294 3609 2367 ἀναγγελεῖ
3669 2296 3819 2368 ὑμῖν,
3872 2299 3949 2346 καὶ

2352 2384 2503 2440 οὐδὲν
2566 2385 2790 2459 ἀπᾷδον,
2857 2391 2926 2449 ὡς
2978 2389 3115 2439 κατὰ
3174 2388 3346 2439 πάντα
3395 2388 3513 2448 ἴσος
3577 2383 3719 2456 ἐμοί.
3775 2388 3953 2439 Λοιπὸν

2353 2482 2545 2544 τοίνυν,
2605 2479 2734 2552 οἷπερ
2791 2477 2852 2529 ἂν
2911 2472 3134 2549 διδάξῃ,
3194 2474 3295 2549 ἐμοὶ
3351 2474 3486 2541 ἐστι,
3540 2480 3635 2539 καὶ
3691 2483 3792 2528 τῶν
3836 2473 3951 2548 ἐμῶν

2356 2566 2779 2642 ἂναπληρωτικοί.

2431 2746 2556 2821 [Καὶ
2606 2748 2717 2819 (57)
2784 2743 2928 2799 διατί
2975 2745 3069 2799 οὐκ
3118 2743 3241 2805 ἦλθε
3304 2748 3360 2798 τό
3426 2751 3639 2816 Πνεῦμα
3694 2748 3754 2797 τὸ
3798 2743 3952 2815 ἅγιον,

2361 2841 2602 2899 συνόντος
2655 2836 2833 2898 αὐτοῖς
2894 2838 2970 2888 ἔτι
3030 2843 3122 2888 τοῦ
3182 2837 3343 2902 Υἱού;
3404 2842 3593 2906 Πρῶτα
3660 2838 3779 2905 μὲν,
3831 2829 3954 2885 διότι

2358 2930 2507 2999 ἤρκει
2561 2930 2726 2978 συνὼν
2752 2925 2929 2988 αὐτοῖς
2983 2927 3009 2977 ό
3049 2926 3193 2985 Υἱός·
3251 2927 3427 2977 ἔπειτα
3482 2920 3562 2991 δὲ,
3620 2920 3764 2977 διότι
3811 2926 3953 2994 μήπω

2357 3023 2448 3070 τοῦ
2502 3016 2691 3088 ’Ᾱμνοῦ
2731 3023 2823 3067 τοῦ
2878 3017 3109 3086 αἴροντος
3160 3018 3255 3073 τὴν
3308 3013 3567 3087 ἁμαρτίαν
3626 3021 3724 3065 τοῦ
3772 3016 3954 3082 κόσμου

2359 3108 2617 3170 τυθέντος,
2676 3108 2819 3157 οὔπω
2851 3103 3003 3162 ἐλύθη
3041 3105 3071 3163 ἠ
3125 3103 3392 3176 ἁμαρτίαι
3450 3108 3611 3175 μήπω
3670 3100 3734 3156 δὲ
3783 3102 3955 3157 ταύτης

588 3200 713 3252 tum
740 3208 752 3248 :
785 3193 900 3249 hoc
918 3199 1119 3251 autem
1144 3195 1417 3251 nondum
1446 3195 1665 3263 soluto,
1692 3197 1789 3252 Dei
1813 3212 1955 3267 erga
1976 3196 2249 3253 homines

2360 3196 2626 3258 λυθείσης,
2679 3197 2823 3247 οὔπω
2877 3192 3176 3265 καταλλαγή
3217 3200 3309 3245 τοῦ
3340 3200 3474 3247 Θεοῦ
3525 3195 3655 3265 πρὸς
3711 3195 3830 3252 τούς
3879 3187 3954 3240 ἀν-

588 3282 990 3352 reconciliatio
1007 3284 1276 3340 nondum
1299 3284 1448 3341 facta
1465 3289 1591 3341 erat
1618 3301 1631 3341 :
1648 3285 1922 3342 nondum
1948 3301 2087 3342 vero
2103 3284 2255 3342 facta

589 3371 1091 3439 reconciliatione,
1140 3390 1260 3429 non
1310 3376 1576 3446 oportuit
1600 3375 1731 3431 dari
1780 3376 1973 3445 gratia
2008 3377 2255 3448 Spiritus

592 3461 804 3518 sancti.
842 3461 950 3518 Ubi
980 3478 1122 3518 vero
1155 3462 1311 3520 facta
1339 3469 1427 3521 est
1454 3464 1881 3531 reconciliatio,
1911 3470 1965 3520 et
2005 3463 2257 3537 apostoli

593 3551 671 3607 ad
686 3550 953 3623 pericula
970 3551 1378 3620 mittebantur,
1395 3569 1464 3610 ac
1478 3553 1804 3609 certamina
1825 3553 2258 3623 aggredieban-

592 3645 709 3706 tur,
731 3644 789 3697 et
820 3642 1082 3710 urgentis
1104 3646 1232 3698 erat
1246 3643 1644 3709 necessitatis,
1665 3647 1804 3699 tunc
1825 3642 2073 3699 demum
2104 3643 2257 3700 alius

590 3730 756 3787 venit
782 3729 1145 3786 exhortator.

669 3821 735 3874 Et
759 3833 943 3890 quare
972 3835 1095 3889 non
1124 3821 1324 3876 statim
1355 3826 1494 3894 post
1522 3822 2018 3879 resurrectionem
2050 3820 2256 3881 venit?

595 3909 687 3975 Ut,
720 3907 779 3963 in
805 3906 987 3965 multo
1018 3908 1177 3966 illius
1196 3911 1377 3982 positi
1400 3911 1715 3978 desiderio,
1741 3927 1879 3969 eum
1903 3912 2089 3969 multa
2116 3928 2255 3969 cum

596 3998 788 4069 gratia
840 3998 1230 4071 susciperent.
1288 4000 1518 4057 Etenim
1573 4002 1765 4058 donec
1804 4018 1943 4058 cum
1990 4002 2073 4058 eis
2131 4006 2258 4059 erat

595 4086 879 4158 Christus,
925 4088 985 4144 in
1024 4087 1346 4147 afﬂictione
1382 4106 1497 4146 non
1530 4095 1739 4158 erant;
1767 4095 1828 4147 at
1859 4090 1961 4147 ubi
1986 4091 2253 4157 recessit,

594 4177 804 4241 nudati
827 4182 884 4232 et
929 4177 990 4234 in
1029 4178 1219 4235 multo
1252 4180 1460 4236 timore
1512 4196 1582 4236 ac
1627 4180 1910 4237 mmstitia
1955 4179 2257 4239 constituti

595 4266 786 4324 multa
801 4282 936 4323 cum
960 4267 1253 4324 hilaritate
1279 4285 1349 4325 ac
1367 4269 1743 4341 jucunditate
1776 4269 2059 4343 Spiritum
2089 4284 2259 4327 sanc-

596 4358 727 4411 tum
759 4360 928 4412 erant
956 4358 1302 4429 suscepturi.

668 4445 1196 4511 Quemadmodum
1224 4450 1423 4503 autem
1447 4450 1611 4506 Pater
1629 4464 1698 4505 ea
1715 4465 1852 4522 quae
1876 4452 2010 4504 sunt
2034 4448 2094 4504 in
2124 4463 2258 4503 esse

2365 3287 2602 3359 θρώπους
2654 3283 2887 3355 ἐγένετο’
2951 3288 3109 3354 μήπω
3178 3280 3237 3335 δε
3293 3280 3624 3352 καταλλαγῆς
3675 3282 3952 3353 γενομένης,

2364 3375 2457 3428 οὐκ
2478 3370 2586 3426 ἔδει
2616 3369 2841 3430 δοθῆναι
2870 3376 2964 3430 τὴν
2990 3374 3152 3447 χάριν
3181 3378 3273 3424 τοῦ
3306 3370 3458 3442 ἁγίου
3493 3373 3807 3443 Ιινεύματος.
3848 3367 3955 3419 "Ora

2366 3461 2425 3517 δε
2489 3468 2579 3515 καὶ
2636 3460 2936 3533 καταλλαγὴ
2997 3466 3196 3532 γέγονε,
3251 3465 3341 3513 καὶ
3395 3461 3445 3511 οἱ
3497 3458 3783 3512 ἀπόστολοι
3839 3459 3955 3529 πρὸς

2364 3549 2635 3612 κινδύνους
2665 3550 2971 3622 ἐπέμποντο,
3001 3555 3091 3602 καὶ
3121 3553 3251 3622 πρὸς
3279 3553 3402 3611 τούς
3428 3548 3635 3620 ἀγῶνας
3660 3544 3953 3606 ἀπεδύοντο,

2365 3642 2480 3714 (58)
2534 3647 2623 3693 καὶ
2674 3644 2835 3714 χρεία
2890 3647 2981 3692 τοῦ
3054 3637 3344 3710 ἀλείφοντος
3396 3635 3479 3706 ἦν,
3538 3642 3653 3691 τότε
3712 3636 3884 3690 λοιπὸν
3931 3634 3953 3683 ό

2364 3731 2511 3791 ἄλλος
2537 3728 2869 3803 παράκλητος
2893 3731 3130 3801 ἔρχεται.

2436 3825 2537 3873 Καὶ
2586 3816 2734 3871 διατί
2764 3822 2833 3891 μὴ
2889 3820 3020 3889 μετὰ
3050 3821 3144 3876 τὴν
3186 3816 3475 3877 ἀνάστασιν
3525 3815 3675 3879 εὐθὺς
3722 3817 3948 3888 ἔρχεται;

2361 3909 2491 3975 Ἰνα,
2541 3909 2592 3961 ίν
2649 3908 2807 3981 πολλῇ
2861 3908 3021 3960 αὑτοῦ
3089 3907 3444 3966 καταστάντες
3500 3903 3774 3977 ἐπιθυμίᾳ,
3837 3900 3953 3974 μετὰ

2362 3998 2555 4061 πολλῆς
2614 3998 2767 4050 αύτόν
2842 4002 3017 4072 χαρᾶς
3087 3993 3464 4060 ὑποδέξωνται.
3517 3993 3651 4055 Ἕως
3718 3996 3804 4066 μὲν
3863 3989 3948 4061 γὰρ

2367 4097 2526 4149 συνῆν
2580 4088 2756 4149 αὐτοῖς
2787 4088 2812 4139 ὁ
2844 4090 3095 4160 Χριστὸς,
3150 4085 3245 4138 οὐκ
3302 4082 3438 4143 ἦσαν
3492 4082 3540 4135 ἐν
3600 4083 3809 4155 θλίψεν
3856 4077 3952 4130 ἐπιὶ

2366 4175 2425 4231 δὲ
2456 4177 2675 4242 ἀπῆλθε,
2705 4178 3056 4249 γυμνωθέντες
3078 4180 3168 4227 καὶ
3197 4173 3245 4227 ἐν
3272 4173 3441 4245 πολλῷ
3473 4172 3614 4245 φόϐῳ
3643 4177 3734 4224 καὶ
3772 4168 3951 4238 ἀθυμίᾳ

2364 4272 2646 4339 γενόμενοι,
2673 4262 2885 4340 σφόδρα
2906 4262 3072 4325 ἡδέως
3089 4262 3290 4337 ἔμελλον
3308 4258 3669 4325 ὑποδέξασθαι
3692 4263 3750 4313 τὸ
3770 4263 3954 4326 Πνεῦμα

2366 4360 2423 4409 τὸ
2454 4356 2522 4427 οἶγ
2530 4375 2603 4408 ιον
2616 4399 2627 4412 .

2436 4445 2637 4518 Ὠσπερ
2670 4440 2728 4497 δὲ
2780 4445 3017 4516 όΠατὴρ
3071 4438 3303 4500 ἠδύνατο
3334 4443 3400 4493 τὰ
3455 4444 3577 4492 ὄντα
3625 4438 3948 4512 παραγαγεῖν,

597 4533 788 4624 potuit
806 4534 1156 4606 producere,
1188 4536 1369 4593 Filius
1389 4541 1583 4594 tamen
1603 4554 1674 4594 ea
1692 4538 1994 4611 produxit,
2034 4542 2095 4593 ut
2126 4538 2249 4608 ejus

2368 4536 2393 4588 6
2444 4537 2563 4596 Υἱός
2639 4530 2696 4585 δὲ
2755 4542 2920 4585 ταυτα
2976 4537 3305 4605 παρήγαγεν,
3381 4531 3463 4581 ἵνα
3520 4530 3762 4600 μάθωμεν
3814 4523 3951 4577 αὐτοῦ

595 4623 899 4681 discamus
939 4624 1270 4696 potentiam
1302 4642 1373 4683 ac
1414 4628 1787 4684 divinitatem
1824 4645 1836 4684 :
1888 4628 1971 4684 ita
2010 4642 2257 4700 quoque

598 4711 773 4781 Filius
802 4718 1034 4785 poterat
1061 4730 1193 4786 quae
1220 4715 1459 4774 alterius
1480 4722 1649 4790 erant
1680 4716 1967 4774 Paracleti
1998 4716 2059 4773 in
2089 4716 2257 4772 disci-

2367 4630 2457 4683 τήν
2503 4621 2725 4696 δύναμιν
2777 4627 2866 4674 καὶ
2925 4624 3179 4679 ϐιότητα·
3238 4620 3402 4693 [οὕτω
3462 4619 3576 4690 (59)
3628 4623 3719 4669 καὶ
3767 4618 3791 4667 6
3848 4612 3948 4667 Υἱός

2368 4710 2599 4774 ἠδύνατο
2657 4714 2720 4765 τὰ
2786 4718 2876 4765 τοῦ
2922 4711 3077 4764 οἷλλου
3140 4710 3487 4785 Παρακλητου
3544 4706 3869 4783 ἐργάσασθαι
3906 4702 3947 4751 ἓν

1815 4922 2042 4990 Variae
2087 4921 2412 4990 lectiones
2455 4931 2517 4987 ct
2545 4931 2747 4987 notae.

670 5119 782 5191 (57)
813 5120 859 5175 A
908 5118 1103 5192 verbis
1140 5120 1245 5175 Καὶ
1302 5115 1447 5172 διατί
1475 5118 1554 5176 ad
1607 5115 1741 5178 δήλη
1795 5123 2007 5192 γένηται
2045 5119 2262 5175 desunt

599 5192 809 5249 omnia
836 5192 897 5247 in
923 5191 1051 5247 cod.
1103 5195 1169 5247 A.

900 5262 1351 5336 Elegantissime
1466 5259 1798 5336 éngdﬁeﬁgt
1874 5267 1932 5336 et
1989 5332 2001 5336 Α
2035 5261 2257 5336 ἀλείεοειν

594 5332 806 5406 junxit.
830 5335 995 5407 Prius
1016 5332 1249 5407 restitui
1266 5349 1509 5407 quoque
1522 5334 1694 5407 debet
1720 5332 1967 5389 Libanio
1988 5332 2047 5388 in
2089 5332 2253 5407 ep'iSt.

598 5404 724 5461 647.
752 5421 811 5478 p.
844 5406 949 5461 ubi
976 5406 1175 5478 codex_
1208 5404 1520 5478 Mo’sqgita
1549 5405 1732 5462 habet
1766 5428 1799 5478 εΔ
1821 5406 2046 5467 Ἐλπίζω
2095 5404 2155 5457 δέ
2200 5424 2257 5457 σε

601 5421 724 5461 047.
752 5421 811 5530 ἓ.
844 5421 949 5461 U01
976 5421 1167 5461 ΟΟΟΘῙ
1208 5421 1391 5478 MOSCI-
1440 5421 1520 5462 1ῐᾶ
1549 5421 1732 5462 naDet
1766 5428 1777 5458 ς
1824 5421 2046 5467 Ἐλπιςω
2095 5421 2154 5457 σε
2200 5424 2256 5457 σε

601 5482 691 5528 καὶ
792 5484 993 5551 more}?
1046 5474 1241 5539 παιδός
1304 5476 1521 5551 πολλοὺς
1575 5479 1700 5551 ἡμῖν
1756 5476 1982 5551 ,ἐλέγξειν
2009 5478 2256 5551 ’ῥήτορας

602 5496 691 5528 και
753 5496 845 5530 οια
902 5496 993 5529 του
1046 5496 1241 5539 παιοος
1304 5496 1521 5539 ποιλους
1575 5497 1700 5551 ημιν
1756 5496 1982 5551 ⁵ελεγςειν
2034 5496 2163 5551 ρητο
2201 5496 2256 5537 ας

602 5551 767 5612 οὕτως
796 5547 887 5610 ὀξὺ
942 5547 1219 5621 βλέποντος
1262 5553 1352 5603 καὶ
1391 5548 1611 5625 ῥέοντος,
1662 5551 1715 5602 ὄν
1760 5549 1936 5621 ᾠήθην
1996 5546 2104 5602 δεῖν
2162 5496 2258 5602 ἐύ-

601 5781 607 5786 .
673 5725 760 5872 ἕο)
790 5725 939 5783 Ante
962 5741 1037 5785 ne
1064 5726 1318 5794 incaute,
1343 5727 1566 5795 omisit,
1594 5726 1848 5811 Futura.

702 5797 734 5853 b
787 5798 1118 5869 Prophetas.
1152 5803 1316 5859 Forte
1340 5814 1483 5872 ergo
1506 5799 1666 5872 legit.
1692 5819 1848 5872 προφι

2373 5120 2464 5178 οὺς
2512 5110 2782 5169 ἀποδύντα
2835 5112 3036 5186 [vulgo
3084 5109 3370 5184 ἀποδόντὰ]
3422 5111 3679 5177 παλαίειν,
3727 5112 3857 5165 ὅπως
3880 5101 3939 5173 μὴ

2368 5189 2686 5262 παρελθόντα
2715 5190 2908 5269 καιρόν.
2928 5189 3181 5269 ζητῶμεν.

2440 5254 2559 5332 (59.)
2591 5262 2729 5332 Quae
2754 5254 2849 5313 hic
2897 5254 3127 5332 inclusa
3155 5260 3313 5332 sunt,
3350 5255 3639 5332 leguntur
3664 5254 3722 5309 in
3776 5255 3940 5332 myg-

2369 5318 2500 5389 cod.
2528 5318 2586 5386 Β.
2602 5318 2649 5386 3
2671 5340 2852 5386 manu
2874 5328 3202 5385 recentiori.
3228 5318 3525 5383 Excidisse
3543 5333 3744 5381 autem
3771 5318 3941 5391 viden-

2369 5414 2463 5460 tur
2494 5404 2573 5459 ob
2612 5402 2835 5474 duplex
2877 5403 3119 5458 θεότητα,
3171 5402 3291 5469 Ego
3326 5415 3444 5474 pou
3502 5395 3771 5474 dubitavi
3820 5398 3943 5474 rect:

2366 5492 2528 5555 pere,
2564 5464 2893 5555 praesertim
2926 5489 3061 5528 cum
3098 5464 3419 5537 tientenius
3448 5469 3630 5539 etiam
3659 5464 3869 5537 habet!1
3895 5467 3943 5510 ιη

2368 5549 2477 5603 Sua
2504 5549 3020 5619 interpretatione.

787 5798 1118 5869 Prophetas.
1152 5803 1316 5859 Forte
1340 5814 1483 5872 ergo
1506 5799 1666 5874 legit.
1692 5807 2019 5876 προφητικῆς
2046 5803 2136 5853 καί
2161 5803 2527 5874 προγποστικῆ
2540 5818 2579 5860 ς.
