4108 6442
202 398 385 457 1429

1229 397 1605 456 COMMENT.
1656 398 1728 453 IN
1767 398 2121 456 JOANNEM.
2161 429 2233 443 --
2270 396 2430 457 CAP.
2472 399 2623 460 XVI.

3483 393 3627 461 1430

201 531 348 587 τοῖς
377 526 658 599 μαθηταῖς
691 527 751 577 τὸ
796 531 1007 598 Πνεῦμα
1034 519 1094 578 δε
1123 524 1181 578 τὸ
1225 522 1374 596 οἶγεον
1418 523 1722 598 εἰργάσατο,
1768 525 1850 578 ἵνα

1980 526 2115 598 aulis
2165 526 2419 599 operari,
2497 542 2564 584 ea
2627 532 2832 585 tamen
2887 526 3172 599 operatus
3213 527 3307 584 est
3373 527 3621 600 Spiritus

202 617 485 688 μάθωμεν
534 619 624 667 καὶ
668 614 829 667 αὐτοῦ
872 619 966 673 τὴν
1008 611 1230 687 δύναμιν
1275 619 1364 665 καὶ
1413 612 1679 685 Orontea]
1715 614 1854 668 Ἐπεὶ

201 707 344 777 γὰρ
375 706 611 776 περὶ
661 711 755 756 τοῦ
793 706 991 778 Πατρός
1040 700 1217 765 οὐδεὶς
1262 701 1570 776 ἀμφέϐαλλε,
1630 707 1748 773 περὶ
1797 699 1855 754 δὲ

203 802 335 849 ταῦ
364 796 487 849 Tim}
521 798 609 846 καὶ
659 801 751 847 τοῦ
784 793 936 865 ἁγίου
971 796 1266 865 Πνεύματος
1294 794 1535 863 ἠγνόουν,
1583 788 1676 844 διὰ
1702 799 1855 844 τοῦτο

206 885 245 935 ὁ
304 886 398 955 μὲν
430 879 501 936 δι’
542 882 978 957 ἐνανθρωπησεως
1016 882 1183 955 ὁμιλεῖ
1228 882 1424 954 αὐτοῖς,
1467 885 1525 936 τὸ
1577 879 1854 956 δὲτρόπον

206 973 410 1046 ἕτερον
435 973 759 1048 καταρτίξει.

315 1158 417 1208 Καὶ
471 1152 577 1205 ίπεὶ
629 1158 746 1228 περὶ
792 1156 882 1225 μεν
962 1160 1055 1205 τοῦ
1108 1156 1311 1225 Πατρός
1371 1151 1534 1205 πολλὰ
1600 1157 1854 1218 ἤκουσαν,

205 1246 326 1296 τὸν
378 1239 439 1295 δε
476 1244 596 1296 Υἱὸν
647 1241 895 1304 πολλάκις
953 1239 1090 1295 εἶδον
1132 1245 1424 1313 θεοπρεπῶς
1489 1240 1852 1317 ἐργαζόμενον,

207 1335 336 1391 τὴν
384 1329 443 1386 δε
492 1340 582 1385 τοῦ
633 1331 783 1403 ἁγίου
830 1334 1127 1404 Πνεύματος
1175 1331 1322 1394 ἀξίαν
1378 1333 1497 1384 οὔτε
1547 1328 1619 1384 δι’
1668 1330 1851 1397 ἀκοῆς,

207 1426 357 1476 οὔτε
411 1418 487 1475 δι’
537 1421 704 1492 ὄψεως
757 1419 1057 1492 ἰγίνωσκον,
1117 1421 1293 1473 λοιπόν
1351 1423 1496 1493 παρὰ
1541 1424 1729 1475 τούτου
1774 1440 1854 1474 τε-

202 1511 515 1577 λειοῦνται,
565 1512 648 1567 ἶνα
702 1516 792 1563 καὶ
845 1514 940 1568 τὴν
1006 1514 1191 1563 τούτου
1255 1513 1476 1568 θεότητα
1526 1515 1849 1585 γνωρίσωσι.

207 1602 518 1655 Διὰντοῦτο
546 1605 638 1654 καὶ
685 1598 769 1652 ἐπὶ
820 1607 913 1652 τοῦ
957 1602 1097 1653 θείου
1144 1599 1510 1673 βαπτίσματος
1540 1602 1570 1658 ἡ
1614 1600 1851 1672 ζωοπάρ-

205 1710 368 1761 οχος
405 1692 563 1761 Τριὰς
612 1687 1095 1761 παραλαμϐάνεται,
1155 1689 1260 1760 οὐχ
1318 1692 1387 1751 ὡς
1438 1697 1530 1741 τοῦ
1582 1690 1689 1750 ἐνὸς
1750 1694 1851 1761 μό-

208 1798 325 1833 νου
379 1784 449 1851 μὴ
488 1777 767 1853 ἀρκοῦντος
810 1778 877 1839 εἰς
922 1777 1280 1849 ἁναγέννησιν,
1339 1778 1448 1830 ἀλλ’
1498 1780 1581 1830 ἵνα
1623 1775 1657 1831 δ
1666 1781 1719 1829 ιὰ
1756 1785 1850 1840 τῆς

1967 619 2232 681 sanctus,
2252 621 2316 673 ut
2340 617 2469 688 ejus
2495 632 2738 689 quoque
2760 616 3065 672 discamus
3091 616 3423 687 potentiam
3442 632 3517 673 ac
3534 616 3621 674 di-

1967 707 2295 764 vinitatem.
2323 711 2472 764 Nam
2504 708 2650 780 quia
2676 707 2750 762 de
2780 708 2952 763 Patre
2981 706 3229 779 quidem
3260 705 3458 763 nullus
3499 709 3622 764 has-

1967 796 2201 862 sitabat,
2224 797 2296 852 de
2332 796 2471 852 Filio
2501 800 2702 852 autem
2730 812 2798 851 ac
2817 795 3039 868 Spiritu
3057 802 3266 851 sancto
3284 796 3624 868 ignorantia

1964 886 2339 952 tenebantur,
2374 892 2689 958 prOpterea
2713 884 2807 941 ille
2838 901 2983 942 sane
3011 900 3117 957 per
3144 885 3623 947 incarnationem

1967 989 2100 1028 cum
2122 975 2209 1029 eis
2241 980 2629 1032 conversatus
2658 979 2765 1043 est,
2788 974 2895 1031 hic
2915 989 3051 1031 vero
3082 972 3201 1030 alio
3253 973 3437 1033 modo
3489 989 3624 1047 per-

1965 1062 2119 1121 fecit.

2039 1155 2324 1208 Praeterea
2370 1152 2443 1208 de
2496 1155 2662 1210 Patre
2714 1152 2959 1225 quidem
3013 1151 3203 1208 multa
3258 1150 3621 1209 audierant:

1970 1240 2171 1298 Filium
2198 1258 2439 1314 quoque
2459 1242 2676 1314 saepius
2697 1241 2896 1297 divina
2928 1245 3276 1312 operantem
3299 1254 3623 1313 conspexe—

1964 1337 2097 1386 rant
2127 1349 2139 1386 :
2176 1330 2431 1402 Spiritus
2462 1332 2647 1387 sancti
2679 1336 2879 1387 autem
2900 1330 3272 1400 dignitatem,
3298 1345 3494 1402 neque
3520 1345 3623 1385 au-

1962 1419 2087 1475 ditu
2112 1436 2321 1491 ,neque
2337 1426 2580 1493 aspectu
2600 1419 3064 1491 cognoscebant.
3081 1419 3171 1476 Ab
3190 1419 3304 1476 hoc
3319 1418 3521 1492 itaque
3543 1418 3620 1491 (ο)

1963 1510 2368 1581 perﬁciuntur,
2380 1517 2441 1565 ut
2452 1510 2502 1581 ej
2514 1527 2580 1565 us
2593 1526 2835 1582 quoque
2848 1508 3217 1565 divinitatem
3230 1512 3621 1578 cognoscant.

1962 1600 2279 1671 Propterea
2339 1599 2518 1655 etiam
2566 1599 2626 1656 in
2658 1599 2859 1655 divino
2913 1598 3279 1671 baptismate
3309 1596 3624 1654 viviﬁcana

1962 1687 2220 1745 Trinitas
2237 1689 2566 1745 assumitur
2598 1706 2611 1744 :
2641 1705 2760 1745 non
2784 1688 2951 1760 quod
2972 1703 3093 1744 una
3118 1687 3245 1745 sola
3268 1702 3519 1759 persona
3544 1686 3625 1746 ad

1960 1779 2471 1847 regenerationem
2497 1794 2620 1835 non
2634 1777 2910 1843 sufﬁciat,
2933 1776 3043 1833 sed
3065 1782 3245 1849 utper
3268 1776 3623 1833 invoccatio-

209 1872 510 1930 κοινωνίας
556 1876 656 1921 τῶν
701 1868 1014 1927 ἓπικλήσεων
1065 1870 1095 1927 ἡ
1143 1873 1385 1921 κοινωνία
1435 1875 1530 1929 τῆς
1617 1869 1850 1929 θεότητος

1980 1867 2056 1922 lis
2073 1868 2678 1924 communicationem
2702 1866 2939 1924 Deitatis
2956 1865 3420 1923 communicatio
3442 1865 3625 1939 signi-

216 1955 376 2016 δήλη
407 1961 527 2028 γένη
541 1956 669 2030 ratu]

302 2050 512 2120 Μικρὸν
542 2076 608 2087 -
639 2065 719 2109 με.
748 2047 1074 2119 Τεθαμμίνον
1098 2047 1199 2097 ὑπὸ
1235 2054 1359 2117 γῆν.

294 2140 414 2189 Καὶ
442 2155 524 2207 με.
557 2136 882 2189 ’Δναστάντα
910 2134 965 2188 ἐκ
994 2144 1204 2209 νεκρῶν.

300 2222 431 2276 Ὀτι
483 2254 548 2265 -—
606 2228 829 2299 Πατέρα.
886 2223 1137 2278 Διάϐασιν
1191 2231 1468 2296 πανταχοῦ
1526 2228 1582 2276 τὸ
1630 2243 1852 2297 πραγμα

214 2312 402 2378 καλεῖ,
466 2309 673 2375 δεικνὺς
754 2314 836 2367 ὅτι
898 2314 965 2366 οὗ
1040 2316 1501 2385 κατασχεθησεται
1567 2316 1651 2367 ἐπὶ
1719 2313 1849 2365 πολὺ

212 2404 383 2474 ποιρὰ
412 2410 501 2456 τοῦ
542 2404 782 2457 θανάτου.
818 2407 1079 2478 Χαρίεντα
1127 2407 1217 2475 μεν
1271 2399 1357 2456 οὖν
1406 2408 1525 2475 περὶ
1562 2410 1654 2454 τοῦ
1693 2402 1849 2455 ἄλλον

216 2490 585 2567 Παρακλητου
669 2491 1123 2564 ἐπαγγειλάμενος,
1222 2492 1431 2565 λυπηρὰ
1525 2492 1679 2545 πάλιν
1766 2491 1851 2544 έπ-

216 2585 424 2652 ἠγαγε.
486 2585 586 2634 Καὶ
628 2580 876 2642 πολλάκις
916 2577 1025 2640 ἤδη
1073 2589 1228 2633 τοῦτο
1276 2586 1528 2639 πεποίηκε
1566 2586 1655 2633 καὶ
1689 2587 1848 2647 ποιεῖ,

215 2678 346 2731 τοῖς
399 2672 659 2743 Θυμήρεσι
706 2673 772 2727 τὰ
834 2671 1072 2742 θυμαλγῆ
1157 2669 1471 2737 ἀναπλέκων,
1549 2667 1633 2722 οἷα
1698 2678 1850 2722 τοῦτο

216 2763 324 2832 μὲν
395 2768 708 2833 παρηγορῶν
760 2764 1204 2825 καταπίπτοντας,
1261 2768 1415 2813 τοῦτο
1465 2756 1523 2812 δὲ
1570 2760 1850 2831 γυμνάζων

219 2849 491 2910 ἑστῶτας.
546 2851 613 2902 οἱ
649 2852 753 2923 γὰρ
800 2848 859 2903 ῖίν
909 2856 1016 2910 τοῖς
1063 2850 1268 2923 ῥήμασι
1310 2852 1376 2903 τὰ
1415 2848 1709 2902 ἀπευκταῖα
1759 2868 1853 2920 με-

219 2939 544 2999 λετήσαντες
590 2938 933 3015 εὗγορὼτερον
989 2939 1193 3011 ἔμελλον
1246 2942 1407 2993 οἴσειν
1454 2942 1588 2992 αυτὰ
1639 2941 1687 2992 ἓν
1743 2945 1851 3001 τοῖς

221 3031 569 3102 πράγμασιν.

307 3116 469 3172 Εἶπον
516 3147 587 3159 —
627 3116 789 3174 λαλεῖ.
833 3114 1035 3172 Ἐδόκει
1064 3120 1164 3191 γὰρ
1198 3117 1377 3179 αὐτοῖς
1404 3116 1705 3192 παραϐολήν
1736 3136 1853 3169 τινα

223 3207 509 3261 κάνταῦθα
546 3207 727 3280 λέγειν,
760 3211 828 3269 ὡς
857 3213 946 3261 καὶ
972 3207 1019 3259 ἓν
1050 3216 1120 3278 τῷ
1152 3211 1287 3261 κατὰ
1312 3210 1578 3261 Ματθαῐον
1612 3213 1852 3282 προειρή·

227 3316 421 3370 καμεν.
455 3296 606 3357 Ἴσως
637 3294 695 3351 δε
724 3302 813 3350 καὶ
834 3293 1152 3368 τόησφοδοόν
1178 3306 1271 3359 τῆς
1296 3297 1524 3370 ἀθυμίας
1551 3302 1645 3355 τὴν
1672 3297 1851 3350 ἀναισ-

230 3390 435 3446 θησίαν
496 3390 692 3444 ταύτην
730 3384 1022 3445 ἐνεποίησεν
1071 3388 1268 3456 αὐτοῖς,
1338 3392 1428 3438 καὶ
1484 3388 1533 3439 οἱ
1606 3387 1853 3449 πολλάκις

228 3485 409 3530 ταῦτα
455 3474 772 3537 ἀκούσαντες
809 3476 944 3528 οὕτω
977 3473 1227 3528 διέκειντο
1272 3479 1335 3537 ὡς
1385 3473 1648 3548 μηδέποτε
1687 3472 1853 3549 μηδεν

228 3570 438 3621 τούτων
466 3564 762 3628 ἀκηκοότες.

312 3745 483 3817 Ἐγνω
511 3776 580 3787 —-
605 3764 668 3818 με
692 3762 706 3813 ;
744 3741 870 3799 Εἶτα
903 3740 937 3797 δ
942 3763 1229 3817 ιερμηνευει
1249 3746 1308 3797 τὸ
1335 3744 1669 3817 ξητοῦμενον.

310 3925 487 3998 Ἀμὴν
531 3954 598 3965 -
646 3924 806 3996 ὑμεῖς.
860 3926 945 3981 Μὴ
980 3925 1286 3998 θεωροῦντες
1323 3941 1386 3995 με
1414 3925 1482 3985 ὡς
1540 3924 1852 3996 τεθαμμένον

240 4016 348 4067 ὑπὸ
388 4022 508 4085 γῆν.

310 4103 372 4156 Ὀ
395 4100 454 4156 δε
478 4107 671 4175 κόσμος
701 4106 1021 4175 χαρήσεται.
1057 4102 1123 4154 Οἱ
1147 4106 1387 4174 πονηροὶ,
1414 4103 1483 4163 ὡς
1532 4100 1853 4173 ἀπαλλαγέν-

236 4212 318 4253 τες
346 4211 471 4264 μου.

309 4281 486 4355 Ὑμεῖς
515 4276 575 4333 δε
620 4279 1010 4339 λυπηθήσεσθε.
1052 4282 1193 4352 Πρὸς
1235 4283 1414 4352 καιρόν
1443 4299 1579 4334 τινα.
1630 4278 1765 4349 Ὀρα
1795 4276 1854 4333 δὲ

237 4379 347 4431 πῶς
392 4368 521 4438 εἶπε,
571 4369 828 4423 κλαύσετε
865 4374 956 4421 καὶ
1005 4371 1287 4443 θρηνήσετε
1325 4375 1415 4422 καὶ
1461 4369 1851 4439 λυπηθήσεσθε,

238 4460 522 4532 γυμνάζων
546 4459 735 4520 αὐτοὺς
765 4458 849 4511 ἐπὶ
878 4458 1026 4511 πλέον
1058 4460 1129 4521 εἰς
1158 4460 1421 4531 ὑπομονὴν
1451 4454 1544 4511 διὰ
1573 4468 1668 4519 τῆς
1727 4478 1852 4510 συν-

243 4554 425 4619 εχείας
454 4552 542 4600 καὶ⁵
567 4547 853 4610 ἐπιτάσεως
883 4556 981 4599 τῶν
1015 4547 1351 4619 ἀλγυνόντων.

317 4725 456 4779 Ἀλλ’
524 4757 593 4767 -
647 4730 939 4797 γενήσεται.
1018 4726 1177 4779 Πάλιν
1264 4727 1585 4800 θεωρούντων
1642 4744 1723 4797 με,
1791 4730 1855 4788 ὡς

247 4813 544 4868 ἀναστάντα
590 4815 646 4867 ἐκ
683 4823 871 4889 νεκρῶν
921 4812 1051 4873 ἤδη.
1104 4813 1231 4868 Εἶτα
1276 4817 1460 4872 τίθησι
1500 4819 1589 4867 καὶ
1620 4816 1731 4886 (60)
1763 4835 1856 4869 κο-

248 4909 436 4977 σμικόν
468 4903 831 4979 ἀναντίρρητον
881 4901 1223 4980 παράδειγμα
1250 4912 1343 4966 τῆς
1389 4908 1483 4962 τὴν
1530 4902 1697 4963 λύπην
1729 4903 1857 4977 ἁφα-

248 4993 496 5056 νιζούσης
525 5000 725 5066 χαρᾶς.

1882 4606 1931 4661 D

1962 1957 2187 2014 ﬁcetur.

2032 2048 2201 2102 Vers.
2240 2047 2328 2103 16.
2357 2047 2591 2104 Pusillo
2618 2076 2689 2089 --
2715 2062 2825 2104 me.
2862 2045 2984 2103 Sub
3014 2049 3169 2102 terra
3200 2044 3526 2118 sepultum.

2032 2137 2193 2192 Vers.
2239 2136 2322 2191 16.
2354 2137 2435 2192 Et
2462 2166 2529 2178 —
2578 2150 2687 2193 me.
2723 2134 2831 2192 Ubi
2862 2151 2900 2191 a
2925 2134 3173 2191 mortuis
3221 2148 3619 2190 resurrexero.

2034 2227 2191 2280 Vers.
2220 2227 2304 2281 16.
2338 2226 2482 2292 Quia
2505 2256 2574 2268 -
2614 2228 2872 2282 Patrem.
2906 2224 3210 2281 Passionis
3265 2222 3624 2295 mysterium

1962 2313 2220 2386 appellat
2256 2315 2477 2388 ubique
2504 2314 2842 2380 transitum,
2893 2312 3238 2380 ostendens,
3299 2311 3455 2384 quod
3503 2326 3626 2370 non

1964 2403 2154 2460 multo
2186 2409 2446 2476 tempore
2476 2404 2654 2460 morti
2684 2404 2791 2460 erit
2838 2403 3168 2473 subjectus.
3198 2403 3404 2476 Itaque
3456 2404 3627 2474 post-

1964 2507 2148 2563 quam
2178 2492 2315 2549 lasta
2343 2492 2418 2547 de
2465 2492 2651 2549 altero
2682 2491 2988 2548 Paracleto
3039 2490 3328 2562 promisit,
3379 2504 3625 2551 rursum

1964 2580 2152 2636 tristia
2201 2581 2446 2647 inducit,
2498 2580 2680 2653 idque
2729 2580 3067 2653 frequenter
3092 2586 3147 2635 et
3194 2579 3331 2635 fecit
3382 2578 3512 2650 jam
3569 2582 3627 2635 et

1963 2669 2121 2736 facit,
2186 2670 2335 2727 laetis
2391 2671 2586 2729 tristia
2634 2670 3022 2743 permiscens,
3079 2676 3143 2725 ut
3188 2669 3331 2725 hinc
3380 2667 3628 2741 quidem

1964 2759 2305 2816 consoletur
2358 2760 2645 2829 dejectos,
2700 2759 2839 2815 hinc
2889 2774 3029 2815 vero
3056 2761 3281 2815 stantes
3334 2759 3625 2814 exerceat.

1965 2851 2108 2903 Nam
2149 2848 2250 2921 qui
2282 2849 2343 2903 in
2367 2846 2554 2904 verbis
2584 2847 2885 2905 horrenda
2915 2849 3179 2919 primum
3203 2846 3428 2903 medita
3454 2845 3629 2903 tifue-

1960 2942 2118 3008 rant,
2158 2954 2229 2995 ea
2260 2937 2649 3010 postmodum
2679 2937 2739 2993 in
2787 2937 2968 2994 rebus
3026 2936 3395 2993 tolerabilius
3447 2935 3628 2994 laturi

1963 3032 2152 3084 erant.

2037 3118 2197 3173 Vers.
2244 3116 2327 3172 t7.
2367 3116 2666 3173 Dixerunt
2695 3148 2763 3158 —
2792 3115 2957 3173 Vers.
2992 3115 3060 3170 18
3094 3115 3410 3187 .loquatur.
3438 3113 3630 3187 Siqui-

1964 3206 2102 3261 dem
2135 3206 2488 3277 parabolam
2519 3207 2602 3261 eis
2632 3205 2953 3261 videbatur
2983 3204 3251 3277 aliquam
3296 3202 3481 3261 etiam
3529 3202 3629 3260 hic

1963 3295 2177 3361 dicere,
2210 3297 2362 3353 sicut
2390 3300 2445 3351 et
2475 3296 2535 3351 in
2556 3294 2878 3365 Evangelio
2916 3296 3088 3367 juxta
3112 3293 3457 3351 Matthaaum
3492 3308 3627 3366 pre

1964 3386 2237 3441 diximus.
2271 3384 2563 3441 Fortassis
2600 3390 2802 3441 autem
2838 3390 2893 3439 et
2946 3383 3190 3439 tristitiae
3245 3381 3630 3441 vehementia

1965 3473 2475 3530 insensibilitatem
2514 3474 2667 3530 hanc
2700 3474 2783 3529 eis
2823 3472 3106 3544 injecerat
3138 3490 3150 3527 :
3185 3477 3239 3529 et
3259 3470 3359 3544 qui
3383 3471 3630 3543 freqen-

1965 3570 2049 3621 ter
2078 3564 2207 3621 haec
2271 3563 2606 3631 audierant,
2659 3564 2742 3620 sic
2784 3562 2977 3620 aﬁ'ecti
3009 3565 3198 3628 erant,
3246 3561 3425 3634 quasi
3472 3555 3630 3618 nihil

1965 3669 2233 3725 unquam
2264 3653 2482 3709 horum
2515 3652 2840 3709 audissent.

2034 3742 2203 3800 Vers.
2256 3747 2340 3803 19.
2374 3743 2643 3814 Cognovit
2678 3772 2747 3783 -—
2790 3741 2920 3800 me?
2952 3738 3169 3797 Deinde
3197 3738 3366 3813 quod
3392 3751 3630 3811 quare-

1963 3832 2111 3889 bant
2142 3832 2584 3904 interpretatur.
3498 3878 3503 3887 .

2036 3922 2199 3978 Vers.
2229 3925 2321 3978 20.
2373 3922 2560 3980 Amen
2595 3953 2656 3964 —
2687 3936 2804 3980 vos.
2846 3919 2976 3978 Non
3015 3919 3284 3978 videntes
3338 3922 3460 3985 me,
3512 3915 3629 3977 sub

1964 4015 2118 4067 terra
2143 4009 2413 4068 videlicet
2443 4011 2767 4083 sepultum.
3400 4053 3411 4063 .

2034 4103 2196 4157 Vers.
2227 4101 2316 4156 20.
2356 4101 2615 4157 Mundus
2672 4115 2810 4158 vero
2848 4098 3143 4172 gaudebit,
3187 4097 3326 4155 Mali
3383 4095 3629 4163 scilicet.

1963 4194 2255 4262 tanquam
2288 4206 2324 4246 a
2353 4207 2449 4247 me
2473 4189 2726 4257 liberati.

2035 4280 2193 4336 Vers.
2222 4283 2314 4336 20.
2359 4280 2459 4334 Vos
2496 4286 2685 4337 autem
2712 4275 3225 4336 contristabimim'.
3257 4275 3349 4333 Ad
3377 4272 3630 4349 aliquod

1965 4373 2221 4441 tempus.
2258 4368 2400 4425 Vide
2428 4372 2648 4435 autem,
2680 4368 2985 4441 quomodo
3010 4366 3225 4423 dixerit
3254 4380 3267 4421 :
3304 4363 3629 4422 Plorabih's

1965 4464 2018 4515 et
2032 4461 2499 4517 lamentabimini
2512 4476 2582 4517 ac
2603 4459 3113 4525 contristabimini,
3136 4456 3216 4514 ad
3245 4455 3628 4513 tolerantiam

1965 4549 2227 4620 amplius
2254 4565 2357 4604 eos
2385 4565 2726 4615 excercens,
2750 4564 2856 4621 per
2876 4546 3391 4605 continuationem
3418 4545 3500 4619 (εἰ)
3524 4560 3630 4603 eo-

1966 4654 2098 4694 rum
2129 4655 2261 4710 qute
2298 4655 2550 4695 maerore
2588 4638 2872 4695 afﬁciant.
3506 4678 3513 4687 .

2036 4727 2196 4782 Vers.
2232 4730 2319 4783 20.
2352 4727 2462 4784 Sed
2491 4759 2559 4768 —
2590 4732 2869 4784 vertetur.
2901 4726 3054 4783 Cum
3079 4742 3179 4783 me
3204 4725 3421 4783 iterum
3459 4722 3624 4795 vide-

1964 4815 2100 4872 bitis
2128 4832 2197 4871 ex
2223 4818 2472 4872 mortuis
2502 4818 2941 4873 resuscitatum.
2980 4816 3205 4873 Deinde
3233 4816 3406 4890 ponit
3442 4813 3629 4871 etiam

1967 4905 2206 4975 vulgare
2237 4906 2310 4979 (e)
2341 4922 2412 4963 ac
2445 4906 2844 4963 certissimum
2872 4905 3335 4980 exemplumde
3374 4901 3625 4976 gaudio,

1967 4995 2133 5068 quod
2173 5011 2489 5054 maerorem
2518 5013 2549 5054 e
2590 4997 2791 5055 medio
2820 4996 2991 5055 tollit.

1489 5196 1717 5267 Variae
1788 5197 2115 5268 lectiones
2164 5206 2230 5268 et
2289 5209 2493 5269 notae.

320 5401 433 5475 (60)
459 5406 679 5476 Μικρὸν,
712 5418 819 5476 pro
857 5405 1111 5476 κοσμικόν
1153 5406 1214 5453 Α.

311 5578 392 5652 (ε)
423 5580 511 5637 Ab
543 5581 651 5637 hoc
679 5582 898 5653 itaque.
931 5581 1189 5653 Denique
1215 5580 1294 5636 ab
1324 5581 1457 5636 hoc.

277 5720 287 5731 θ
319 5651 399 5723 (d)
433 5651 960 5731 Continuatg'omm.
1008 5651 1530 5731 Qontinuationem
1569 5657 1625 5709 et
1664 5652 1852 5731 intenf

253 5724 489 5857 tiognem.
522 5727 645 5781 Non
670 5725 903 5782 videtur
932 5724 1176 5795 legisse,
1212 5729 1303 5777 καὶ
1328 5724 1641 5793 ἐπετάσεως,
1666 5725 1736 5781 id
1763 5729 1858 5782 est

256 5812 315 5843 αυ
351 5814 534 5857 ησεως.

2039 5582 2114 5661 (ε)
2161 5582 2428 5661 Vulgare.
2462 5586 2526 5639 In
2555 5586 2757 5661 Graeco
2788 5579 3391 5661 est,rmunv_1anum.‘id
3421 5582 3530 5661 est,
3553 5594 3630 5640 ex

1966 5654 2167 5730 rebus,
2197 5656 2424 5730 (χυθείη
2448 5656 2677 5730 mundo
2728 5657 2921 5715 solent
2969 5654 3252 5725 accidere,
3293 5654 3626 5730 repetitum.

1965 5727 2087 5782 Nisi
2127 5731 2295 5780 κοινόν
2332 5726 2559 5801 legerit.
3361 5726 3379 5730 v

2792 5803 3217 5856 πορν-..
3308 5810 3527 5856 .,χ,
