4108 6412
243 414 264 468 1
276 411 379 469 433

1238 406 1609 463 COMMENT.
1654 408 1723 463 IN
1761 408 2114 467 JOANNEM.
2163 441 2232 450 —
2270 409 2425 465 CAP.
2474 408 2616 465 XVI.

3489 415 3514 469 1
3525 406 3630 468 434

244 538 501 591 ἐκϐάλλειν
570 535 722 603 αὐτὰ,
791 540 881 589 καὶ
955 536 1248 609 θεραπεύειν
1305 541 1479 588 πᾶσαν
1557 540 1708 589 νόσον
1766 540 1845 588 καῖ

1976 540 2030 593 ut
2082 538 2358 608 ejicerent
2408 536 2557 604 illos,
2609 541 2666 592 et
2720 540 2997 593 curarent
3040 552 3286 595 omnem
3344 540 3628 599 morbum

243 636 416 681 πᾶσαν
466 627 745 699 μαλακίαν,
803 625 851 677 ἐν
916 634 988 695 τῷ
1056 626 1269 697 ὀνόματι
1323 626 1482 677 αὐτοῦ
1545 624 1791 698 ἐνήργουν
1839 644 1851 657 ’

245 717 374 771 ἀλλὰ
424 722 538 770 τότε
600 716 657 769 οὗ
710 720 796 769 τὸν
856 719 1058 790 Πατέρα
1127 716 1344 787 ᾐτοῦντο
1412 714 1460 766 ἐν
1515 724 1587 786 τῷ
1639 715 1856 788 ὀνόματι

243 808 402 860 αὐτοῦ
415 850 427 862 .

317 897 516 950 Αἰτεῖτε
556 927 623 936 —
664 894 1058 971 πεπληρωμένη.
1091 892 1219 961 Ἵνα,
1247 897 1451 965 γνόντες
1477 894 1579 946 ὃσα
1601 897 1660 946 τὸ
1689 897 1853 967 ὄνομά

241 1007 342 1058 μου
404 984 646 1054 δύναται,
704 988 879 1060 χαρὰν
926 986 1086 1056 ἔχητε
1141 982 1354 1048 τελείαν,
1407 987 1521 1042 ἤτοι
1572 985 1763 1043 πολλὴν
1819 990 1849 1044 ἣ

241 1075 471 1128 πλείονα.

315 1172 493 1218 Ταῦτα
569 1196 639 1204 -
717 1165 858 1235 ὑμῖν.

241 1255 301 1308 οὐ
328 1257 495 1313 πάντη
532 1261 694 1327 σαφῆ,
737 1250 895 1316 διότι,
954 1248 1252 1313 δεδοικότες
1282 1254 1357 1303 ἔτι
1385 1257 1475 1304 καὶ
1518 1252 1851 1324 ἀθυμοῦντες,

240 1344 301 1396 οὐ
352 1340 581 1397 δύνασθε
621 1346 902 1415 προσέχειν
932 1349 1035 1402 τοῖς
1072 1342 1385 1414 λεγομένοις,
1424 1345 1453 1400 ἣ
1484 1342 1651 1394 πολεῖν
1683 1341 1853 1395 ἐνωτί-

244 1435 463 1487 σασθαι.

314 1521 449 1575 Ἀλλ’
471 1554 539 1561 —
557 1523 699 1593 ὑμῖν.
722 1526 976 1595 Ἔρχεται
1005 1523 1200 1593 καιρὸς,
1236 1521 1260 1571 6
1282 1528 1369 1580 τῆς
1396 1520 1728 1582 ἀναστάσεως
1749 1541 1848 1593 μου

942 1166 1194 1216 Τουτέστι
1255 1167 1687 1235 συνεσκιασμένα,
1764 1167 1852 1216 καὶ

240 1607 471 1677 δηλαδὴ,
501 1613 584 1663 ὅτε
610 1609 1061 1684 ἀπαρακαλύπτως
1090 1615 1179 1662 καὶ
1211 1618 1386 1681 σαφῶς
1411 1606 1614 1672 διδάξω
1641 1612 1777 1683 ὑμᾶς
1802 1610 1849 1662 ἐν

238 1700 463 1773 εῦθυμίᾳ
499 1705 798 1773 γενομένους
834 1696 965 1758 ἤδη.
1012 1704 1109 1752 Καὶ
1142 1702 1244 1773 γὰρ
1274 1703 1403 1771 μετὰ
1428 1704 1521 1757 τὴν
1562 1698 1850 1752 ἀνάστασιν

237 1791 326 1843 ἐπὶ
372 1792 762 1864 τεσσαράκοντα
792 1792 985 1861 ἡμέρας
1029 1786 1089 1847 ἦν
1132 1788 1469 1861 ὀπτανόμενος
1518 1790 1711 1855 αὐτοῖς,
1761 1795 1851 1843 καὶ

234 1879 398 1951 λέγων
427 1881 494 1931 τὰ
516 1884 635 1951 περὶ
663 1886 755 1940 τῆς
807 1877 1081 1951 βασιλείας
1126 1886 1215 1930 τοῦ
1249 1885 1401 1943 Θεοῦ,
1444 1880 1580 1930 καθά
1630 1898 1786 1950 φησιν
1816 1882 1845 1938 ἡ

240 1967 426 2041 βίϐλος
455 1976 556 2020 τῶν
587 1968 847 2043 Πράξεων.

313 2058 395 2111 Ἐν
423 2089 488 2098 -
523 2057 824 2115 αἰτήσεσθε.
852 2056 1072 2129 Ἡμέραι
1111 2060 1199 2108 τόν
1230 2060 1411 2131 καιρὸν
1438 2056 1685 2120 πολλάκις
1706 2061 1850 2111 εἴωθε

232 2149 420 2220 λέγειν.
454 2155 685 2219 Συνεχώς
724 2143 782 2199 δὲ
813 2152 930 2222 περὶ
952 2156 1046 2208 τῆς
1078 2146 1124 2197 ἐν
1162 2155 1232 2217 τῷ
1275 2146 1487 2218 ὀνόματι
1518 2147 1679 2199 αὑτοῦ
1707 2148 1847 2206 αἰτή-

236 2257 362 2297 σεως
395 2237 550 2308 λέγει,
582 2237 920 2310 πληροφορῶν
952 2236 1143 2297 αὐτοὺς
1173 2241 1291 2308 περὶ
1334 2246 1429 2298 τῆς
1460 2233 1725 2309 δυνάμεως
1762 2237 1851 2289 αῦ-

231 2335 349 2392 τοῦ,
372 2332 460 2379 καὶ
484 2329 677 2399 θάρσος
708 2325 988 2397 ἐμϐάλλων.

306 2421 407 2470 Καὶ
437 2446 506 2456 --
536 2417 695 2488 ἇμῶν,
728 2420 829 2468 Καὶ
855 2415 912 2467 οὗ
944 2415 1072 2486 λέγω
1098 2417 1218 2487 ὑμῖν
1248 2420 1362 2469 τότε
1408 2418 1486 2468 ὅτι
1514 2418 1651 2489 Ἐγὼ
1678 2436 1847 2492 παρα-

231 2506 437 2558 καλέσω
462 2508 549 2558 τὸν
582 2508 788 2578 Πατέρα
817 2509 935 2577 περὶ
967 2506 1129 2575 ὑμῶν.

306 2593 473 2654 Αὐτὸς
528 2625 593 2634 -
658 2593 887 2656 ἐξῆλθον.
966 2594 1135 2654 Αὐτός
1209 2596 1311 2668 γὰρ
1379 2597 1403 2645 6
1469 2600 1647 2670 Πατὴρ
1718 2595 1850 2667 φιλεί

231 2684 368 2756 ὑμᾶς
395 2687 530 2752 τότε,
559 2686 628 2744 ὡς
650 2680 770 2753 ἐγὼ,
812 2681 1118 2754 ἐμμένοντας
1157 2691 1222 2755 τῇ
1269 2687 1394 2758 πρὸς
1439 2683 1524 2756 ἐμὲ
1575 2684 1718 2756 φιλία
1757 2690 1847 2737 καὶ

229 2778 413 2826 πίστει
426 2817 438 2828 .

300 2862 555 2925 Ἐξῆλθον
624 2892 688 2901 -
757 2864 980 2935 Πατέρα.
1050 2865 1119 2914 T6
1196 2861 1459 2929 Ἐξῆλθον,

232 2951 389 3015 λυθα,
441 2956 530 3003 καὶ
577 2952 816 3023 Ἀφίημι,
868 2957 959 3003 καὶ
1015 2954 1329 3023 Πορεῦομαι,
1376 2956 1464 3003 καὶ
1516 2954 1581 3003 τὰ
1628 2960 1848 3005 τοιαῦτα

1537 2867 1627 2914 καὶ
1698 2862 1846 2921 Ἐλή-

233 3039 706 3111 συγκαταϐατικώς
734 3039 869 3110 λέγει
902 3037 995 3091 διὰ
1026 3045 1118 3097 τὴν
1166 3039 1431 3093 ἀσθένειαν
1480 3049 1574 3101 τῆς
1615 3038 1847 3103 διανοίας

230 3140 330 3183 τῶν
382 3132 651 3196 μαθητῶν,
686 3134 750 3191 ὡς
800 3126 1065 3205 διαφόρως
1098 3130 1395 3202 εἰρήκαμεν.
1430 3130 1514 3192 Ὠς
1546 3136 1646 3204 γὰρ
1693 3136 1842 3198 Θεὸς,

1964 643 2331 697 omnemque
2352 626 2708 697 languorem
2738 628 2808 691 3‘,
2835 626 2895 682 in
2927 628 3170 683 nomine
3201 628 3389 700 ipsius
3421 645 3630 701 opera—

1965 715 2204 772 bantur.
2220 718 2435 772 Verum
2459 721 2599 772 tunc
2620 732 2741 772 non
2761 717 3044 788 petebant
3060 720 3292 773 Patrem
3312 718 3369 772 in
3385 719 3628 775 nomine

1965 806 2180 877 ipsius.

2038 895 2201 950 Vers.
2246 896 2331 950 24.
2378 897 2562 951 Petite
2590 926 2659 936 ——
2702 897 3028 966 impletum.
3062 898 3150 962 Ut,
3175 900 3499 969 postquam
3532 914 3629 953 co-

1965 985 2287 1052 gnoveritis
2327 991 2557 1057 quanta
2587 986 2775 1057 possit
2821 1002 3041 1041 nomen
3083 1002 3307 1051 meum,
3334 986 3627 1055 gaudium

1962 1073 2234 1130 habeatis
2287 1075 2613 1146 perfectum
2676 1075 2795 1130 sive
2848 1075 3103 1131 multum
3153 1082 3255 1132 aut
3302 1076 3621 1147 copiosius.

2038 1163 2201 1220 Vers.
2226 1165 2314 1219 25.
2361 1166 2502 1221 Haec
2529 1194 2599 1206 —
2646 1165 2825 1221 vobis.
2872 1167 2991 1221 Hoc
3022 1170 3131 1233 est,
3174 1165 3527 1222 obumbrata
3570 1168 3627 1221 et

1962 1268 2085 1308 non
2108 1255 2355 1310 omnino
2387 1253 2726 1325 manifesta,
2760 1254 2903 1326 quia
2952 1254 3150 1311 adhuc
3181 1260 3341 1310 metu
3382 1260 3439 1310 et
3482 1271 3625 1311 mue-

1962 1359 2094 1398 rore
2115 1343 2330 1408 aﬂecti,
2368 1344 2461 1399 his
2506 1360 2641 1414 quae
2686 1345 2965 1400 dicuntur
2990 1360 3110 1400 non
3140 1345 3387 1417 potestis
3415 1344 3625 1400 adver-

1963 1439 2103 1498 tere,
2138 1442 2240 1489 aut
2263 1434 2521 1506 amplius
2545 1436 2878 1507 percipere.

2036 1526 2195 1581 Vers.
2232 1530 2318 1579 25.
2352 1525 2471 1581 Sed
2509 1556 2579 1567 --
2631 1524 2797 1580 vobis.
2852 1526 3039 1581 Instat
3067 1529 3321 1595 tempus,
3368 1540 3624 1579 resurre-

1961 1614 2169 1670 ctionis
2206 1629 2354 1669 meae
2374 1614 2665 1679 videlicet,
2690 1614 2937 1685 quando
2970 1621 3169 1685 aperte
3209 1630 3277 1670 ac
3311 1613 3623 1669 manifeste

1961 1700 2181 1757 docebo
2211 1719 2340 1767 vos,
2383 1703 2510 1773 jam
2543 1704 2603 1759 in
2650 1703 2855 1760 laetitia
2894 1704 3269 1759 constitutos.
3318 1702 3618 1771 Siquidem

1961 1796 2095 1862 post
2124 1793 2618 1847 resurrectionem
2649 1808 2753 1864 per
2783 1792 3180 1864 quadraginta
3214 1791 3341 1846 dies
3373 1806 3623 1861 appare-

1958 1879 2063 1936 bat
2087 1880 2190 1946 eis,
2224 1887 2280 1936 et
2305 1882 2561 1938 docebat
2586 1883 2659 1938 de
2688 1900 2871 1955 regno
2904 1882 3024 1949 Dei,
3060 1884 3213 1938 sicut
3241 1886 3447 1938 narrat
3472 1881 3622 1937 liber

1959 1970 2243 2025 Actorum
2272 1972 2343 2025 ³⁵.

2035 2061 2189 2115 Vers.
2232 2064 2321 2117 26.
2354 2062 2419 2116 In
2455 2092 2521 2101 —
2567 2061 2792 2130 petetis.
2843 2062 3005 2117 Diem
3030 2066 3087 2117 et
3132 2060 3346 2117 horam
3376 2061 3451 2133 (Γ)
3473 2060 3622 2117 solet

1960 2148 2297 2221 frequenter
2316 2152 2513 2222 ipsum
2542 2157 2780 2223 tempus
2808 2151 3124 2223 appellare.
3165 2152 3391 2222 Saepius
3419 2156 3620 2206 autem

1958 2238 2031 2293 de
2084 2240 2365 2309 petitione
2417 2241 2477 2295 in
2530 2241 2774 2297 nomine
2810 2257 2919 2296 suo
2967 2241 3128 2305 dicit,
3185 2240 3463 2295 certiores
3516 2256 3619 2295 eos

1958 2327 2216 2383 reddens
2247 2329 2319 2383 de
2348 2328 2534 2401 ipsius
2566 2330 2779 2386 virtute
2810 2336 2865 2385 et
2896 2330 3181 2384 ﬁduciam
3211 2328 3507 2399 injiciens.

2032 2417 2190 2472 Vers.
2225 2422 2313 2473 26.
2339 2419 2419 2474 Et
2439 2450 2506 2458 —
2540 2419 2722 2474 vobis.
2758 2421 2824 2473 Et
2854 2435 2977 2473 non
2996 2418 3193 2475 dicam
3224 2418 3392 2473 vobis
3433 2423 3572 2473 tunc
3602 2431 3614 2471 :

1960 2506 2253 2562 Precabor
2293 2507 2525 2562 Patrem
2561 2524 2668 2579 pro
2703 2507 2892 2565 vobis.

2032 2595 2193 2651 Vers.
2246 2598 2334 2651 27.
2380 2599 2607 2666 Ipse—
2658 2597 2835 2654 exivi.
2890 2600 3037 2653 Nam
3069 2598 3197 2668 ipse
3252 2596 3424 2652 Pater
3477 2601 3619 2652 tunc

1958 2699 2061 2739 vos
2098 2684 2346 2750 amabit,
2396 2685 2549 2741 sicut
2578 2674 2709 2755 ego,
2768 2689 3189 2758 permanentes
3234 2683 3511 2740 videlicet
3557 2684 3620 2740 in

1958 2788 2162 2828 amore
2203 2789 2270 2829 ac
2298 2774 2417 2829 ﬁde
2436 2790 2578 2846 erga
2604 2792 2720 2830 me.

2029 2862 2191 2917 Vers.
2223 2865 2310 2918 28.
2355 2864 2539 2921 Exivi
2569 2895 2635 2905 —
2664 2865 2918 2921 Patrem.
2955 2863 3144 2919 Verba
3185 2863 3333 2929 haec,
3370 2863 3545 2919 Exivi
3562 2866 3618 2919 et

1969 2952 2130 3019 Veni,
2161 2954 2451 3024 Relinque
2480 2954 2754 3017 et'Vado,
2790 2969 2858 3009 ac
2892 2952 3125 3018 similia,
3154 2952 3523 3008 demittendo
3555 2968 3617 3008 se

1957 3041 2118 3107 dicit,
2152 3047 2393 3114 propter
2427 3042 2830 3098 inﬁrmitatem
2860 3041 3263 3111 intelligentiae
3294 3040 3618 3112 discipulo-

1956 3147 2112 3196 rum,
2174 3132 2352 3187 veluti
2400 3131 2742 3204 frequenter
2792 3132 3081 3187 diximus.
3133 3135 3278 3186 Nam
3323 3135 3615 3203 tanquam

229 3227 318 3272 καὶ
355 3219 404 3272 ἐν
432 3229 502 3290 τῷ
547 3225 713 3294 Πατρὶ
751 3216 833 3286 ἣν,
880 3225 969 3271 καὶ
1018 3219 1064 3271 ἐν
1096 3228 1167 3289 τῷ
1200 3226 1380 3293 κόσμῳ
1407 3242 1419 3253 '
1463 3219 1845 3296 ἀπερίγραπτον

1976 3222 2110 3276 )eus
2142 3227 2199 3276 et
2228 3221 2287 3275 in
2315 3224 2480 3277 Patre
2532 3227 2657 3276 erat
2693 3226 2751 3277 et
2780 3221 2839 3277 in
2884 3220 3114 3277 mundo
3148 3236 3162 3287 ;
3198 3220 3494 3293 siquidem
3520 3235 3615 3275 res

232 3313 329 3385 γὰρ
363 3311 394 3368 ἡ
432 3311 581 3367 θεότη
593 3330 632 3370 ς.

304 3402 320 3471 [
372 3403 442 3452 Τὸ
492 3403 581 3471 μὲν
635 3400 756 3471 (68)
811 3396 917 3463 οὖν,
975 3400 1237 3463 Ἐξῆλθοεν
1297 3404 1440 3474 παρὰ
1470 3409 1561 3452 τοῦ
1623 3406 1845 3475 Πατρός,

233 3484 389 3546 δηλοῖ
441 3491 498 3539 τὸ
549 3485 678 3539 εἶναι
746 3488 901 3539 αὐτόν
950 3492 1005 3541 ἐκ
1064 3498 1154 3549 τῆς
1222 3490 1403 3551 οὐσίας
1475 3498 1567 3541 τοῦ
1628 3495 1844 3564 Πατρός,

1361 3583 1419 3631 τὸ
1476 3576 1534 3631 δε
1592 3580 1849 3638 Ἐ).ἡλυθα

853 3672 1172 3737 σημαντικόν
1248 3676 1309 3726 τῆ
1321 3690 1341 3729 ς
1421 3668 1848 3741 ἑνανθρωπὴσεως

230 3581 395 3648 ἤγουν
449 3580 567 3630 Tib?
628 3582 845 3648 γνήσιον
904 3586 995 3629 τοῦ
1056 3584 1254 3652 Πατρός
1287 3600 1298 3612 ·

231 3666 301 3726 εἰς
386 3670 472 3717 τόν
547 3671 765 3738 κόσμον,

232 3755 429 3807 αὑτοῦ·
477 3757 663 3827 ὁμοίως
724 3752 782 3808 δὲ
834 3760 922 3807 καὶ
980 3760 1037 3807 τό
1101 3757 1318 3827 Ἀφίημι
1367 3763 1452 3808 τόν
1496 3763 1690 3830 κόσμον
1728 3776 1738 3787 ⁵
1789 3762 1847 3810 τὸ

232 3841 310 3907 δὲ,
384 3847 675 3919 Πορεύομαι
744 3848 874 3918 πρὸς
930 3849 1015 3897 τόν
1096 3850 1319 3921 Πατέρα,
1384 3852 1681 3919 παρίστησι
1752 3852 1847 3906 τὴν

230 3931 663 3987 ἀποκατάστασιν
729 3942 820 3994 τῆς
894 3939 1149 4008 προτέρας
1226 3934 1464 3998 ἐξουσίας
1528 3941 1618 3989 καὶ
1687 3933 1845 4000 δόξῆς

232 4022 447 4095 αὑτοῦ]

301 4116 536 4182 Λέγουσι
589 4144 657 4152 —
716 4112 897 4185 λέγεις.
948 4144 1013 4154 —
1069 4120 1175 4166 Νῦν
1231 4123 1452 4188 φανερῶς
1506 4113 1696 4181 λαλεῖς,
1756 4120 1845 4167 καὶ

230 4198 383 4255 οῦδὲν
442 4205 879 4275 συνεσκιασμένον
931 4202 1092 4275 λέγεις
1134 4221 1145 4232 ·
1204 4206 1422 4276 ἔγνωμεν
1470 4208 1571 4276 γὰρ
1628 4203 1662 4257 ἃ
1713 4203 1845 4265 εἶπες

228 4298 334 4345 νῦν.

297 4387 407 4433 Νῦν
472 4411 540 4419 -
610 4379 800 4452 ἐρωτᾷ.
876 4389 1040 4435 Τοῦτο
1106 4382 1318 4453 λέγουσι
1392 4387 1841 4455 παρηγορηθέντες

229 4469 286 4520 οὐ
346 4479 542 4543 μικρῶς
597 4469 697 4523 ἀπὸ
756 4478 855 4523 τῶν
907 4473 1163 4545 ῥηθέντων
1219 4473 1403 4543 λόγων,
1470 4478 1534 4534 ὡς
1592 4476 1840 4545 μαθόντες

1955 3310 2090 3366 loco
2116 3327 2235 3366 non
2266 3311 2723 3383 circumscripta
2751 3317 2835 3367 est
2861 3311 3156 3366 divinitas.

2028 3402 2233 3472 Itaque
2258 3400 2427 3455 Exivi
2448 3416 2485 3456 a
2506 3401 2704 3463 Patre,
2730 3400 3032 3469 signiﬁcat
3072 3415 3200 3455 esse
3221 3416 3349 3455 eum
3381 3400 3456 3454 de
3480 3399 3616 3454 sub-

1960 3490 2173 3544 stantia
2209 3489 2411 3553 Patris,
2448 3490 2567 3545 sive
2607 3489 2936 3558 legitimum
2971 3488 3156 3545 Patris
3199 3489 3426 3544 Filium.
3474 3487 3617 3543 Veni

1958 3580 2016 3632 in
2036 3578 2344 3643 mundum,
2366 3578 2815 3647 signiﬁcativum
2835 3583 2923 3633 est
2939 3576 3367 3633 incarnationis
3386 3576 3610 3649 ipsius;

1958 3672 2016 3723 et
2038 3667 2304 3722 similiter
2342 3669 2503 3739 quod
2538 3669 2637 3735 ait,
2674 3668 2950 3737 Relinquo
2978 3668 3279 3722 mundum.
3314 3665 3406 3721 Ait
3443 3666 3612 3733 illud,

1972 3759 2120 3814 Vado
2152 3760 2232 3815 ad
2251 3761 2507 3824 Patrem,
2534 3758 2907 3815 demonstrat
2931 3758 3362 3815 restitutionem
3403 3757 3615 3831 prioris

1957 3848 2236 3919 potentiae
2269 3865 2338 3905 ac
2368 3848 2571 3918 glorias
2602 3849 2814 3920 ipsrus.

2028 4116 2185 4171 Vers.
2218 4117 2307 4170 29.
2351 4115 2649 4172 Dicunt—
2672 4115 2839 4171 dicis.
2875 4146 2943 4155 —
2965 4115 3145 4171 Nunc
3184 4115 3497 4184 manifeste
3539 4115 3615 4169 to-

1953 4209 2171 4277 queris,
2197 4212 2252 4262 et
2280 4206 2427 4263 nihil
2455 4206 2755 4262 obtectum
2786 4205 2934 4261 dicis
2961 4224 2973 4275 ;
2999 4205 3397 4261 intelleximus
3428 4206 3610 4273 enim,

1953 4312 2088 4369 quae
2120 4311 2281 4351 nunc
2319 4296 2538 4351 dixisti.

2024 4385 2183 4440 Vers.
2217 4388 2303 4442 30.
2345 4385 2525 4440 Nunc
2553 4385 2891 4455 interroget.
2929 4385 3049 4440 Hoc
3080 4385 3302 4449 dicunt,
3338 4384 3613 4441 consola-

1954 4475 2107 4530 tione
2140 4490 2259 4529 non
2284 4474 2523 4529 modica
2546 4480 2791 4545 accepta
2822 4474 2900 4529 ab
2923 4474 3033 4541 his,
3065 4475 3468 4546 quoslocutus
3498 4479 3607 4539 est,

230 4559 309 4610 ὅτι
348 4557 726 4625 ἀναστήσεται,
760 4566 849 4613 καὶ
890 4562 1045 4613 πάλιν
1079 4559 1287 4625 διδάξει
1333 4564 1540 4633 αὐτοὺς,
1589 4569 1675 4616 καὶ
1706 4566 1784 4615 ὅτι
1815 4566 1839 4615 6

1976 4563 2349 4629 erinonibus,
2418 4568 2619 4634 utpote
2678 4563 3101 4633 intelligentes,
3150 4564 3316 4636 quod
3371 4580 3610 4620 rursum

233 4652 411 4720 Πατὴρ
462 4648 597 4720 φιλεί
651 4649 854 4710 αὐτούς.
916 4654 985 4703 Τὸ
1044 4655 1132 4723 μὲν
1189 4654 1289 4724 γὰρ
1351 4650 1539 4705 ἐλπίδα
1593 4651 1840 4724 βοηθείας

231 4745 470 4809 παρεῖχε,
525 4742 584 4789 τό
645 4734 703 4790 δὲ
780 4738 1131 4814 πληροφορίαν
1186 4740 1343 4815 ὀρθῆς
1399 4747 1624 4801 πίστεως
1656 4760 1668 4771 ·
1724 4747 1840 4794 τότε

228 4827 328 4897 γὰρ
393 4833 561 4878 ταῦτα
608 4827 842 4899 μάλιστα
902 4835 1193 4887 νενοὴκασι.
1257 4836 1419 4884 Φασὶν
1472 4828 1559 4882 οὖν
1604 4833 1684 4882 ὅτι
1731 4839 1839 4884 Νῦν

228 4910 443 4985 οἴδαμεν
496 4916 577 4967 ὃτι
660 4913 811 4979 οἶδας
868 4920 1058 4982 πάντα,
1120 4925 1209 4971 καὶ
1286 4922 1353 4972 τὰ
1414 4919 1686 4995 ἀπόρρητα
1740 4929 1838 4972 τῶν

229 4999 529 5077 ἀνθρώπων,
576 5010 665 5058 καὶ
715 5006 773 5057 οὐ
826 5012 1011 5079 χρείαν
1072 5011 1231 5080 ἔχεις,
1288 5010 1369 5061 ἵνα
1425 5014 1506 5070 τίς
1566 5029 1622 5062 σε
1670 5010 1839 5083 ἐρωτᾷ

229 5096 344 5163 περὶ
415 5092 482 5143 ὧν
554 5092 800 5166 βούλεται
855 5098 1059 5169 μαθεῖν,
1134 5096 1261 5150 ἀλλὰ
1321 5101 1627 5172 προφθάνων
1699 5098 1836 5161 λύεις

224 5180 281 5232 τὸ
329 5180 663 5255 ζητούμενον.
713 5190 813 5239 Καὶ
870 5188 1016 5258 ἡμῶν
1065 5189 1166 5260 γὰρ
1216 5188 1580 5249 συξητούντων
1632 5192 1683 5241 τί
1721 5188 1836 5241 ἐστι

300 5355 348 5391 ²⁴
388 5358 586 5415 Matth.
618 5376 679 5417 x.
712 5365 758 5415 t.
910 5364 955 5397 ²⁵
978 5363 1102 5418 Act.
1134 5364 1185 5430 t,
1219 5368 1248 5421 3
1273 5380 1443 5438 seqq.

1951 4657 2389 4708 resurrecturus
2432 4657 2609 4721 esset,
2654 4668 3019 4725 rursumque
3059 4669 3160 4709 eos
3196 4654 3519 4709 docturus:
3556 4659 3613 4709 et

1948 4741 2113 4814 quod
2146 4742 2314 4796 Pater
2362 4742 2525 4812 ipsos
2577 4746 2826 4798 amaret.
2862 4741 3010 4797 illud
3065 4742 3362 4814 siquidem
3409 4741 3614 4798 auxilii

1950 4847 2120 4902 spem
2136 4829 2464 4902 praebebat,
2488 4830 2600 4885 hoc
2613 4835 2815 4887 autem
2832 4835 3005 4887 rectae
3018 4830 3158 4886 tidei
3175 4831 3606 4897 certitudinem,

1949 4936 2092 4976 nam
2154 4924 2293 4975 tunc
2328 4918 2711 4990 potissimum
2748 4919 2875 4975 haec
2939 4918 3371 4977 intellexerunt.
3426 4919 3614 4977 Aiunt

1949 5025 2110 5081 ergo,
2166 5010 2341 5065 Nunc
2365 5009 2576 5065 scimus
2615 5008 2765 5079 quod
2813 5010 2921 5065 scis
2951 5011 3168 5075 omnia,
3208 5010 3388 5065 etiam
3424 5008 3613 5065 homi-

1948 5115 2092 5154 num
2120 5113 2344 5155 arcana
2370 5120 2381 5163 ;
2414 5113 2517 5155 nec
2543 5113 2680 5169 opus
2704 5104 2787 5154 est
2815 5098 2942 5161 tibi,
2973 5101 3038 5153 ut
3060 5098 3258 5171 quiste
3285 5098 3612 5170 interroget

1946 5189 2021 5244 de
2050 5188 2141 5244 his
2166 5204 2298 5260 quae
2338 5187 2568 5243 discere
2622 5187 2892 5255 voluerit,
2936 5187 3042 5243 sed
3086 5187 3457 5260 praeveniens
3496 5186 3613 5243 dis-

1462 5489 1681 5557 Variae
1714 5491 2040 5559 lectiones
2070 5500 2131 5557 et
2174 5499 2376 5556 nota.

296 5623 409 5695 (68)
441 5625 674 5682 Inclusa
707 5629 930 5685 absunt
959 5633 1025 5685 A.

295 5797 368 5872 (Γ)
394 5803 469 5860 Et
500 5805 738 5865 horam.
772 5814 872 5863 Καί
900 5816 1037 5883 ῷραν
1062 5826 1186 5870 non
1212 5811 1382 5870 estin
1414 5812 1645 5872 Graeco.
