4108 6390
500 369 639 436 M35

1859 382 2207 440 EUTHYMII
2248 381 2581 442 ZlGABENI

3737 373 3881 437 1488

502 510 687 566 solvis
715 510 877 582 quod
904 512 1133 583 quaerit.
1168 515 1317 567 Nam
1350 516 1407 567 et
1435 510 1609 567 nobis
1642 510 2154 583 conquirentibus,

2282 516 2322 563 τό
2357 530 2369 543 ·
2412 513 2612 585 Μικρὸν
2644 513 2730 561 καὶ
2762 507 2820 561 ού
2853 508 3083 579 θεωρεῖτε
3113 524 3195 578 με,
3241 507 3332 558 καὶ
3360 503 3513 557 πάλιν
3548 504 3754 578 μικρὸν,
3786 504 3880 557 καὶ

498 600 647 673 quid
678 604 854 665 esset,
900 602 1130 656 Pusillo
1165 609 1423 670 tempore
1451 616 1570 656 non
1616 600 1885 656 videbitis
1935 617 2044 671 me,
2103 606 2159 656 et

503 705 743 745 rursum
770 690 981 759 pusillo
1000 695 1268 761 tempore,
1300 696 1353 746 et
1390 691 1653 746 videbitis
1685 706 1795 757 me,
1830 696 1885 745 et
1907 695 2156 755 caetera;

502 793 624 833 non
654 779 1053 849 interrogatus
1093 781 1504 852 interpretatus
1545 796 1607 835 es
1638 797 1725 847 ea,
1760 784 1815 835 et
1853 779 2161 853 quiescere

501 866 686 923 fecisti
704 875 963 924 mentem
984 875 1273 926 nostram.

576 960 737 1013 Vers.
794 964 879 1015 30.
914 961 1028 1015 Per
1084 960 1194 1017 hoc
1248 992 1316 999 —
1369 960 1533 1015 Vers.
1578 964 1664 1017 3t.
1720 959 2012 1017 creditis?
2044 959 2161 1031 Ipsi

506 1046 800 1120 siquidem
832 1054 1116 1121 tauquam
1163 1049 1415 1119 gratiam
1459 1050 1726 1123 aliquam
1767 1049 1847 1104 illi
1876 1054 2161 1121 praestan-

2266 600 2455 671 ὄψεσθέ
2485 620 2567 671 με,
2599 604 2690 652 καὶ
2715 601 2771 651 τὸ
2795 597 2912 660 ἑξῆς
2932 616 2944 629 ⁸
2966 601 3038 668 μὴ
3062 595 3340 670 ἐρωτηθεὶς
3368 596 3697 669 ἠρμιήνενσας
3716 592 3878 659 αὐτὰ,

2265 694 2347 742 καὶ
2379 688 2674 752 ἀνέπαυσας
2706 690 2852 761 ἡμῶν
2883 692 2975 745 τὴν
3009 683 3043 739 δ
3050 687 3264 740 ιάνοιαν.

2338 962 2418 1014 Ἐν
2466 963 2633 1032 τούτῳ
2676 988 2744 1001 -
2783 959 3088 1023 πιστεύετε;
3119 954 3278 1007 Αὐτοὶ
3326 956 3437 1026 μὲν,
3491 955 3664 1026 ὥσπερ
3709 953 3879 1027 χάριν

2265 1053 2380 1103 τινὰ
2405 1054 2718 1123 παρέχοντες
2740 1047 2901 1118 αύτῷ,
2931 1043 3070 1099 εἷπον
3089 1047 3167 1098 ὅτι
3189 1045 3319 1098 Ἀπὸ
3350 1046 3537 1097 τούτου
3562 1045 3879 1113 πιστεύομεν

504 1140 592 1192 tes
624 1137 900 1193 dixerunt
932 1155 944 1192 :
981 1141 1059 1193 Ex
1112 1138 1225 1194 hoc
1258 1138 1512 1209 perfecte
1565 1140 1890 1204 credimus,
1924 1136 2086 1211 quod
2126 1155 2161 1193 a

2282 1140 2467 1200 ἐντελῶς
2512 1141 2593 1191 ὃτι
2637 1137 2690 1190 ἐκ
2737 1144 2829 1189 τοῦ
2878 1144 3012 1191 Θεοῦ
3053 1134 3370 1201 ἀπεστάλης,
3421 1134 3502 1185 ὅτι
3540 1135 3661 1194 Υἱὸς
3705 1128 3878 1185 εἰτοῦ

506 1227 624 1282 Deo
652 1226 872 1282 missus
913 1229 1014 1295 sis,
1044 1228 1207 1301 quod
1249 1228 1424 1283 Filius
1468 1229 1566 1285 Dei
1601 1230 1700 1285 sis.
1734 1229 1865 1300 Ipse
1896 1243 2032 1283 vero
2062 1244 2158 1283 ex-

500 1316 765 1388 probans
783 1316 867 1372 eis
894 1318 1303 1389 imperfectam
1348 1318 1546 1374 adhuc
1573 1318 1775 1383 ﬁdem,
1821 1318 1941 1373 ait:
1987 1318 2159 1373 Modo

502 1406 760 1475 perfecte
772 1407 1303 1464 creditis.Necdum
1318 1409 1751 1479 adhuc,arguet
1764 1410 1919 1463 enim
1936 1424 2003 1462 ac
2022 1423 2161 1463 con-

503 1495 701 1551 vincet
727 1512 833 1551 vos
868 1500 1102 1568 tempus
1123 1498 1285 1571 quod
1309 1498 1434 1569 jam
1461 1497 1656 1554 instat.

574 1585 738 1640 Vers.
799 1589 885 1640 3‘2.
952 1586 1102 1642 Ecce
1163 1587 1636 1658 —relinquatis.
1697 1589 1953 1659 Tempus
2016 1585 2163 1641 dicit

506 1674 761 1747 impetus
794 1691 1000 1731 eorum
1034 1675 1137 1747 qui
1174 1692 1311 1732 cum
1342 1676 1645 1748 proditore
1688 1677 1922 1733 venturi
1970 1680 2160 1743 erant,

506 1779 645 1819 cum
708 1780 918 1821 omnes
983 1766 1259 1837 discipuli
1317 1766 1445 1837 ejus
1476 1766 1679 1822 relicto
1724 1782 1794 1821 eo
1860 1766 2161 1835 fugerunt,

2268 1237 2401 1284 Θεοῦ
2436 1246 2448 1259 ·
2492 1229 2650 1290 αὐτὸς
2698 1226 2777 1294 δὲ,
2831 1223 3101 1287 ὀνειδίζων
3144 1224 3325 1285 αὐτοῖς
3370 1222 3521 1282 ἀτελῆ
3569 1225 3643 1275 ἔτι
3670 1226 3875 1284 πίστιν,

2268 1324 2445 1393 φησὶν.
2495 1317 2651 1391 Ἀρτι
2694 1318 2959 1369 πιστεύετε
2998 1314 3242 1381 ἂντελῶς;
3289 1310 3423 1367 Οὐδ’
3472 1314 3595 1387 ἄρτι
3627 1329 3640 1341 ⁸
3687 1309 3883 1382 ἐλέγξει

2266 1412 2364 1482 γὰρ
2406 1410 2537 1481 ὑμᾶς
2564 1410 2588 1460 ὁ
2616 1407 2840 1479 ἐφεστως
2864 1403 2971 1465 ἤδη
3006 1409 3206 1477 καιρός.

2340 1584 2482 1641 Ἰδοὺ
2536 1617 2604 1625 --
2672 1583 2854 1657 ἀφῆτε.
2928 1586 3027 1636 Τὸν
3078 1586 3261 1656 καιρὸν
3335 1581 3472 1652 λέγει
3527 1588 3616 1641 τῆς
3686 1576 3882 1651 ἐφόδου

2270 1686 2368 1730 τῶν
2441 1674 2573 1749 ἀμφὶ
2649 1678 2736 1727 τὸν
2798 1670 3086 1746 προδότην,
3138 1674 3219 1725 ὅτε
3298 1673 3348 1724 οἱ
3418 1672 3652 1743 μαθηταὶ
3720 1667 3883 1721 αὐτοῦ

2270 1771 2458 1828 πάντες
2518 1764 2719 1837 ἀφέντες
2767 1762 2921 1815 αὐτὸν
2979 1766 3185 1834 ἔφυγον,
3246 1763 3314 1822 ὡς
3368 1759 3593 1835 ἔγραψεν
3649 1760 3675 1810 ὁ
3732 1764 3857 1811 Mar

504 1853 685 1909 veluti
739 1854 973 1926 scripsit
1020 1854 1328 1910 Matthtnus
1360 1858 1445 1924 '5;
1493 1860 1633 1911 tunc
1659 1857 1819 1911 enim
1860 1855 2026 1911 timor
2052 1854 2163 1910 im-

2282 1858 2415 1915 θαίος
2444 1871 2457 1885 ⁸
2509 1860 2622 1907 τότε
2682 1856 2784 1925 γὰρ
2839 1853 2865 1904 ὀ
2922 1850 3079 1924 φόϐος
3118 1849 3268 1908 ἀτελῆ
3323 1854 3418 1908 τὴν
3474 1853 3653 1901 πίστιν
3708 1848 3882 1901 αὐτῶν

505 1942 831 2014 perfectam
879 1959 1083 1999 eorum
1139 1944 1321 2000 ﬁdem
1377 1946 1654 2011 ostendit,
1714 1961 1851 2001 cum
1907 1945 1985 2000 ad
2040 1960 2164 2000 mo-

504 2032 703 2087 dicum
730 2037 963 2105 tempus
979 2032 1407 2089 offendiculum
1443 2036 1603 2107 passi
1633 2035 1748 2091 sint
1787 2034 1860 2090 de
1887 2034 2164 2107 passione

504 2123 716 2195 ipsius.

580 2213 737 2267 Vers.
781 2216 868 2268 32.
926 2212 1001 2269 Et
1040 2244 1106 2253 —
1152 2219 1255 2269 est.
1287 2215 1532 2287 Semper
1582 2229 1811 2270 mecum
1866 2218 2162 2282 versatur,

507 2305 708 2374 utpote
746 2302 1183 2374 inseparabilis.

509 2396 513 2427 ῖ
579 2392 738 2447 Vers.
773 2396 858 2448 33.
883 2392 1023 2449 Hac
1070 2423 1139 2433 —
1163 2393 1448 2450 habeatis.
1483 2424 1549 2435 —
1578 2394 1717 2450 Hac
1772 2394 2005 2450 locutus
2034 2407 2164 2450 sum

509 2481 690 2546 vobis,
724 2497 839 2537 non
890 2482 1211 2554 perfectam
1256 2482 1419 2538 vobis
1450 2484 1689 2539 tradens
1737 2483 2021 2550 notitiam,
2058 2480 2165 2538 sed

507 2586 582 2625 ne
613 2575 853 2643 propter
873 2570 1260 2640 cogitationes
1280 2571 1589 2643 patiamini
1615 2573 1674 2627 in
1704 2588 1798 2628 me
1839 2570 2162 2627 offendicu-

510 2660 661 2727 lum,
694 2664 796 2714 aut
835 2659 1180 2723 turbemini,
1213 2677 1352 2716 cum
1402 2661 1896 2733 comprehendar,
1934 2660 2168 2732 ligabor

513 2752 570 2805 et
590 2748 876 2819 abducar,
907 2749 1143 2820 aliaque
1169 2750 1438 2806 humano
1468 2767 1629 2807 more
1659 2752 1863 2823 patiar.

584 2839 745 2893 Vers.
780 2842 867 2895 33.
919 2841 986 2895 In
1030 2871 1097 2881 ——
1130 2839 1436 2896 habebitis.
1478 2841 1601 2896 Non
1652 2841 1846 2897 solum
1895 2856 2032 2896 cum
2065 2855 2167 2913 pa-

509 2927 643 2994 tiar,
664 2943 870 2983 verum
902 2929 1079 2984 etiam
1110 2929 1377 3001 quandiu
1404 2930 1463 2985 in
1497 2932 1726 2987 mundo
1763 2931 1878 2986 hoc
1902 2930 2165 2997 fueritis;

510 3033 655 3072 nam
678 3034 942 3089 praesens
964 3019 1086 3073 vita
1112 3019 1369 3075 stadium
1398 3025 1483 3075 est
1508 3036 1577 3075 ac
1597 3018 1765 3076 locus
1796 3020 2170 3077 exercitatio-

510 3106 606 3162 nis
636 3107 991 3163 athletarum
1027 3108 1144 3173 Dei,
1180 3109 1302 3163 sive
1342 3109 1667 3180 exploratio
1694 3126 1901 3164 eorum
1943 3109 2043 3182 qui
2073 3123 2167 3164 me

2273 1944 2474 2017 ἤλεγξε,
2511 1939 2989 1997 σκανδαλισθέντων
3023 1944 3210 2015 μικρὸν
3240 1940 3355 2012 (69)
3384 1940 3468 1993 ἐπὶ
3497 1947 3569 2010 τῷ
3601 1940 3755 1992 πάθει
3790 1940 3885 1992 αὐ-

2272 2055 2384 2091 του.

2346 2218 2446 2267 Καὶ
2476 2244 2536 2254 -
2570 2214 2702 2267 ἐστι.
2747 2216 2913 2266 Συνών
2939 2229 3029 2285 μοι
3065 2209 3162 2277 ἀεὶ,
3197 2212 3261 2271 ὡς
3286 2208 3612 2286 ἀχώριστος.

2343 2400 2523 2446 Ταῦτα
2552 2425 2619 2433 -
2646 2394 2821 2464 ἔχητε.
2843 2423 2911 2431 —
2938 2397 3117 2444 Ταῦτα
3146 2388 3402 2447 λελάληκα
3426 2390 3569 2461 ὑμῖν,
3600 2387 3658 2441 ού
3684 2387 3883 2440 τελείαν

2272 2491 2463 2555 γνῶσιν
2503 2478 2833 2550 παραδιδοὺς
2862 2483 3004 2553 ὑμῖν,
3052 2478 3157 2531 ἀλλ’
3193 2480 3275 2531 ἵνα
3304 2477 3383 2531 ἐπ’
3412 2476 3528 2551 ἐμοὶ
3554 2482 3625 2552 μὴ
3661 2480 3886 2530 στασιά-

2276 2574 2401 2635 ζητε
2421 2580 2524 2633 τοῖς
2566 2572 2862 2644 λογισμοῖς,
2891 2568 3029 2643 μηδε
3059 2569 3426 2642 ταράσσησθε,
3466 2570 3545 2621 ὅτι
3585 2566 3885 2639 συλλαμϐά-

2274 2683 2429 2735 νομαι
2470 2669 2560 2714 καὶ
2608 2658 2643 2714 δ
2648 2668 2909 2734 εσμοῡμαι
2938 2666 3027 2713 καὶ
3058 2658 3327 2732 ἀπάγομαι
3350 2663 3462 2728 ςκαὶ
3491 2657 3652 2711 τᾶλλα
3678 2659 3885 2729 πάσχω

2278 2752 2741 2826 ἀνθρωποπρεπῶς.

2350 2844 2429 2896 Ἐν
2484 2872 2551 2883 —-
2594 2840 2745 2903 ἕξετε.
2808 2838 2919 2893 Οὐκ
2978 2840 3060 2891 ὅτε
3129 2840 3329 2910 πάσχω
3394 2841 3568 2909 μόνον,
3624 2834 3730 2889 ἀλλ’
3788 2837 3886 2899 ἔως

2278 2933 2337 2985 ἂν
2386 2932 2433 2984 ἐν
2487 2940 2558 3002 τῷ
2601 2935 2783 3003 κόσμῳ
2831 2932 2997 3001 τούτῳ
3045 2928 3163 2981 ἔστέ
3189 2943 3203 2959 °
3245 2924 3464 2980 στάδιόν
3511 2930 3614 2999 γὰρ
3644 2928 3671 2978 ὁ
3703 2930 3884 2997 παρὼν

2279 3022 2415 3097 βίος,
2482 3026 2573 3073 καὶ
2627 3024 3017 3092 γυμναστηριον
3092 3027 3191 3070 τῶν
3253 3016 3494 3076 ἀθλητῶν
3567 3024 3659 3069 τοῦ
3726 3020 3879 3080 Θεοῦ,

2277 3117 2366 3164 καὶ
2416 3107 2657 3182 δοκίμιον
2715 3117 2814 3160 τῶν
2867 3108 3185 3180 ἀγαπώντων
3237 3126 3318 3179 με.
3377 3106 3719 3181 [Προείρηται
3763 3105 3883 3174 (70)

512 3194 787 3264 diligunt.
817 3195 1172 3251 Prazdictum
1200 3203 1287 3252 est
1307 3198 1489 3262 enim,
1515 3198 1678 3269 quod
1700 3205 1871 3254 arcta
1886 3204 1969 3253 est
1990 3204 2166 3267 porta

2282 3204 2378 3275 γὰρ
2424 3202 2504 3252 ὅτι
2546 3199 2662 3270 (7t)
2711 3202 2859 3255 Στενὴ
2905 3200 2934 3256 ἡ
2987 3196 3123 3255 πύλη
3164 3201 3254 3249 καὶ
3303 3197 3609 3268 τεθλιμμένη
3657 3196 3688 3253 ἡ
3730 3190 3878 3258 ὁδὸς,

513 3291 567 3343 et
593 3286 802 3341 stricta
832 3286 947 3351 via,
984 3301 1112 3358 quas
1142 3287 1306 3342 ducit
1336 3287 1417 3343 ad
1446 3288 1623 3343 vitam
1642 3290 1707 3341 ³⁷.
1731 3291 1810 3342 Ne
1840 3294 2037 3343 autem
2064 3288 2166 3344 de-

507 3375 787 3446 jiciantur
803 3376 1138 3440 audientes,
1156 3377 1321 3448 quod
1338 3382 1457 3433 tota
1474 3378 1595 3432 vita
1619 3379 1858 3450 passuri
1879 3378 1996 3434 sint
2022 3375 2166 3434 aﬂli-

511 3465 759 3529 ctiones,
802 3465 1097 3522 confortat
1130 3482 1229 3521 eos
1259 3468 1486 3522 dicens.

583 3555 749 3609 Vers.
780 3558 867 3611 33.
897 3556 1016 3612 Sed
1047 3588 1113 3595 —
1155 3557 1465 3612 mundum.
1500 3559 1616 3612 Hoc
1646 3563 1735 3614 est
1777 3557 2064 3613 malitiam
2098 3574 2169 3614 ac

515 3643 742 3699 malum
773 3644 961 3709 illum,
988 3646 1092 3717 qui
1119 3645 1295 3717 hujus
1312 3650 1478 3718 pater
1503 3651 1607 3701 est.
1642 3650 1789 3704 Nam
1814 3647 2167 3718 praedictum

513 3738 622 3797 est,
662 3732 825 3805 quod
865 3734 1143 3807 princeps
1183 3736 1390 3790 mundi
1423 3735 1603 3806 hujus
1636 3735 1940 3806 judicatus
1985 3742 2070 3792 est
2097 3739 2166 3804 ",

516 3822 635 3877 sive
656 3822 922 3878 devictus
966 3828 1069 3879 est.
1101 3827 1179 3881 Ne
1210 3839 1352 3896 ergo
1404 3826 1713 3881 timueritis
1746 3842 1759 3880 :
1792 3841 2170 3898 consequens

516 3911 675 3967 enim
719 3916 824 3977 est,
868 3913 1137 3969 vincente
1188 3920 1567 3987 praeceptore,
1613 3914 1790 3971 etiam
1843 3915 2171 3987 discipulos

515 4000 618 4072 qui
650 4016 785 4055 eum
811 4001 1120 4057 imitantur
1149 4002 1378 4058 vicisse.
1401 4004 1510 4072 Qui
1542 4019 1684 4074 ergo
1706 4003 1877 4060 malis
1908 4004 2173 4060 afﬁciunt

516 4093 574 4145 et
603 4089 884 4145 occidunt
910 4104 1149 4163 corpus,
1175 4092 1613 4163 superabuntur
1634 4094 1711 4149 ab
1729 4095 1933 4150 anima
1950 4100 2167 4161 vestra,

515 4181 697 4250 atque
736 4179 815 4245 id,
867 4180 1034 4252 quod
1088 4181 1222 4253 capi
1271 4186 1483 4253 potest,
1540 4182 1748 4238 tollent
1780 4200 1793 4235 :
1822 4182 1900 4239 ab
1930 4198 2003 4238 ea
2034 4197 2171 4241 vero

513 4282 651 4340 qum
679 4269 811 4341 capi
842 4269 1066 4342 nequit,
1114 4271 1426 4327 manifeste
1465 4271 1871 4330 devincentur.

574 4357 743 4414 CAP.
782 4358 951 4415 XVII.
982 4358 1147 4414 Vers.
1184 4365 1228 4413 t.
1261 4359 1395 4416 Haec
1425 4361 2174 4419 —caetum.Postadmoni-

516 4447 757 4518 tionem,
784 4448 861 4503 ad
879 4450 1227 4514 orationem,
1248 4454 1539 4522 tanquam
1557 4452 1762 4516 homo,
1784 4452 2170 4518 convertitur,

516 4538 818 4593 instruens
839 4537 1128 4606 homines,
1156 4544 1218 4594 ut
1236 4540 1294 4594 in
1321 4540 1746 4596 tentationibus
1774 4540 1852 4597 ad
1878 4542 2061 4597 Deum
2085 4558 2173 4597 re-

516 4626 783 4699 spiciant,
803 4628 1212 4702 omnibusque
1228 4630 1448 4685 relictis
1472 4630 1547 4686 ad
1565 4647 1701 4686 eum
1728 4631 2093 4701 confugiant,
2118 4637 2173 4690 et

518 4717 595 4773 ab
626 4732 697 4773 eo
740 4722 943 4789 petant
993 4718 1303 4775 auxilium.
1340 4720 1441 4776 Hic
1469 4719 1673 4793 itaque
1707 4737 1946 4776 sursum
1983 4721 2174 4779 elevat

513 4806 743 4871 oculos,
775 4806 990 4863 docens
1045 4807 1433 4864 intentionem
1466 4823 1536 4864 ac
1566 4808 2078 4866 indistractionem
2110 4810 2171 4866 in

517 4894 903 4951 orationibus.
956 4896 1107 4952 Alibi
1134 4912 1269 4951 vero
1319 4897 1565 4969 procidit
1593 4897 1653 4952 in
1686 4898 1903 4953 faciem
1935 4901 2004 4966 υ,
2048 4906 2171 4954 sta-

587 5052 637 5087 "
667 5051 870 5111 Matth.
909 5066 1066 5120 n91,
1100 5051 1188 5111 56.
1256 5066 1259 5067 '
1330 5052 1384 5087 ³⁷
1424 5051 1622 5111 Matth.
1648 5067 1745 5118 vu,
1778 5055 1862 5109 14.

2010 5054 2058 5089 ³⁸
2088 5052 2260 5110 Joan.
2302 5068 2419 5113 xvi.
2451 5052 2541 5111 tt.

2278 3293 2306 3349 ἡ
2367 3290 2646 3360 ἀπάγουσα
2689 3287 2761 3349 εἰς
2798 3291 2891 3345 τὴν
2940 3289 3075 3349 ζωήν
3110 3303 3122 3315 ο
3176 3288 3259 3338 ἶνα
3288 3282 3349 3338 δὲ
3392 3289 3463 3358 μὴ
3513 3287 3884 3337 καταπέσωσιν

2277 3378 2702 3442 ἀκούσωτεςτότι
2725 3374 2819 3430 διὰ
2849 3375 2971 3450 βίου
3003 3378 3195 3438 παντὸς
3225 3373 3581 3441 θλιϐήσονται,
3614 3371 3887 3448 παραθαρ-

2275 3470 2413 3544 ῥύνει
2435 3466 2674 3539 αὐτοὺς]

2349 3557 2507 3612 Ἀλλὰ
2561 3585 2631 3599 -
2673 3560 2895 3627 κόσμον.
2955 3560 3061 3613 Τὴν
3104 3558 3356 3629 πονηρίαν
3397 3559 3486 3608 καὶ
3528 3558 3616 3606 τὸν
3658 3556 3886 3627 πονηρὸν

2278 3652 2365 3701 τὸν
2421 3649 2616 3707 ταύτης
2665 3649 2883 3718 πατέρα.
2946 3649 3261 3719 Προείρηται
3312 3647 3413 3719 γὰρ
3469 3646 3548 3696 ὅτι
3610 3646 3635 3696 ὀ
3699 3644 3887 3715 ἄρχων

2277 3741 2370 3790 τοῦ
2413 3742 2615 3808 κόσμου
2660 3738 2843 3787 τούτου
2889 3738 3145 3808 κέκριται,
3202 3737 3322 3793 ἤτοι
3369 3732 3885 3787 καταπεπάλαισται.

2277 3832 2363 3885 Μὴ
2420 3825 2653 3899 φοϐῆσθε
2705 3821 2793 3877 οὖν
2828 3843 2841 3857 ·
2882 3831 2974 3876 τοῦ
3033 3820 3363 3876 διδασκάλου
3403 3825 3505 3896 γὰρ
3552 3828 3883 3886 νικήσαντος,

2280 3915 2558 3968 ἀκόλουθον
2616 3919 2705 3966 καὶ
2763 3915 2886 3975 τοὺς
2950 3915 3187 3985 μαθητὰς
3242 3921 3479 3980 νικῆσαι,
3539 3915 3891 3985 μιμουμένους

2281 4004 2454 4058 αὐτόν.
2491 4005 2557 4056 Οἱ
2604 4005 2705 4075 γὰρ
2755 4008 3034 4063 κακοῦντες
3076 4006 3166 4054 καὶ
3213 4001 3598 4064 ἀποκτείνοντες
3641 4004 3700 4053 τὸ
3726 4009 3891 4073 σῶμα

2280 4095 2666 4152 ἡττηθήσονται
2716 4099 2806 4152 τῆς
2851 4090 3040 4163 ψυχῆς
3082 4092 3246 4163 ὑμῶν,
3304 4096 3394 4145 καὶ
3440 4094 3499 4144 τὸ
3556 4093 3645 4163 μὶν
3691 4090 3889 4148 ληπτὸν

2281 4184 2617 4257 αἱρήσουσιν,
2669 4184 2769 4233 ὑπὸ
2813 4178 2874 4234 δε
2918 4187 3009 4233 τοῦ
3038 4179 3273 4239 ἀλήπτου
3321 4188 3612 4254 περιφανῶς
3641 4198 3889 4232 καταπα-

2280 4272 2679 4330 λαισθήσονται.

2351 4369 2531 4415 Ταῦτα
2602 4391 2671 4400 --
2731 4359 2963 4425 οὐρανόν.
3032 4362 3175 4412 Μετὰ
3250 4364 3344 4419 τὴν
3423 4363 3728 4431 παραίνεσιν
3802 4356 3890 4411 ἐπὶ

2282 4452 2448 4523 εὐχὴν
2506 4454 2768 4525 τρέπεται,
2835 4451 2904 4511 ὡς
2964 4451 3256 4524 ἄνθρωπος,
3314 4445 3580 4502 παιδεύων
3631 4452 3753 4510 τοὺς
3805 4446 3891 4499 ἀνα

2285 4542 2515 4613 θρώπους
2564 4539 2611 4591 ἐν
2664 4546 2770 4601 τοίς
2823 4546 3134 4611 πειρασμοῖς
3189 4543 3316 4613 πρὸς
3349 4542 3436 4591 τὸν
3477 4544 3605 4591 Θεὸν
3657 4537 3885 4610 βλέπειν,

2281 4636 2371 4683 καὶ
2416 4633 2586 4682 πάντα
2634 4627 2847 4692 ἀφέντας
2896 4629 2966 4689 εἰς
3018 4628 3175 4681 αὐτὸν
3223 4632 3584 4700 καταφεύγειν,
3628 4634 3718 4681 καὶ
3762 4628 3890 4701 παρ’

2282 4721 2443 4772 αὐτοῦ
2500 4719 2761 4771 αἰτεῖσθαι
2814 4717 3078 4790 βοήθειαν.
3150 4720 3410 4771 Ἐνταῦθα
3475 4722 3565 4790 μὲν
3628 4714 3715 4771 οὖν
3782 4720 3891 4769 ἅνω

2283 4813 2419 4882 αἴρει
2492 4813 2614 4870 τοὺς
2689 4807 3003 4880 ὀφθαλμοὺς,
3068 4804 3343 4861 διδάσκων
3426 4811 3485 4860 τὸ
3554 4806 3741 4867 ἐκτενὲς
3798 4811 3892 4859 καὶ

2283 4899 2672 4974 ἀπερὶσπαστον
2723 4896 2771 4949 ἐν
2821 4904 2938 4959 ταῖς
2968 4897 3084 4969 (72)
3115 4897 3301 4970 εὐχαῖς
3334 4916 3346 4929 ο
3382 4897 3640 4971 [ἀλλαχοῦ
3670 4893 3729 4949 δὲ
3770 4895 3891 4968 (73)

2690 5052 2738 5088 ”
2777 5051 2972 5110 Matth.
3001 5066 3163 5121 τινι,
3202 5053 3291 5108 39.

1722 5230 1944 5299 Varia
1970 5231 2297 5299 lectiones
2324 5242 2388 5298 et
2423 5240 2626 5299 notae.

590 5424 1045 5517 QQLinterpres
1096 5426 1380 5517 intellexit
1428 5432 1639 5517 χρόνον.
1687 5428 1821 5517 'Alii
1856 5434 2059 5517 tamen
2104 5427 2168 5485 in

519 5502 780 5575 mentem
822 5502 1021 5575 venire
1063 5502 1249 5571 possit
1279 5505 1381 5557 aut
1424 5502 1483 5553 ού
1544 5504 1748 5575 μικρὸν,
1798 5506 1900 5555 aut
1929 5502 2060 5572 μετὰ
2084 5521 2169 5573 μι-

519 5571 661 5642 κρόν,
691 5570 971 5625 nimirum
1003 5576 1214 5644 χρόνον.
1358 5628 1361 5631 ,

590 5639 703 5699 (70)
725 5639 958 5697 lnclusa
978 5644 1191 5699 omittit
1221 5646 1286 5698 Α.

590 5639 703 5781 ἱἸΟζ
725 5639 958 5697 lnclusa
978 5639 1191 5699 omittit
1221 5646 1286 5698 Α.

614 5715 642 5788 7
656 5715 672 5788 ρ
738 5713 818 5766 Ex
844 5713 958 5769 hoc
974 5714 1104 5788 loco
1126 5730 1305 5771 nemo
1326 5714 1581 5786 colligat,
1604 5714 1980 5788 Euthymium
2008 5714 2172 5788 apud

520 5779 853 5839 Ma’tthaeum
888 5784 1143 5857 probare
1183 5787 1283 5858 ὅτι,
1334 5801 1443 5859 pro
1462 5779 1712 5844 ’τί,Ἠοο
1741 5779 1901 5845 énim
1929 5789 2010 5841 ὃτι
2042 5779 2174 5845 cen-

2277 5428 2382 5485 ties
2411 5428 2472 5485 in
2500 5427 2617 5486 hoc
2658 5427 2813 5484 libro
2846 5426 2987 5483 nihil
3015 5426 3128 5482 nisi
3159 5426 3361 5483 locum
3414 5424 3767 5482 Litterarum
3798 5440 3897 5482 sa-

2280 5516 2519 5557 crarum
2560 5517 2628 5555 ac
2666 5499 2966 5556 vocabula
2988 5498 3193 5572 aliquo
3225 5497 3405 5555 modo
3433 5496 3677 5553 laudata
3704 5497 3893 5566 signi-

2280 5572 2435 5628 ﬁcat.

2356 5644 2470 5716 (72)
2505 5648 2837 5716 l'lpoa'suxai';
2862 5646 2928 5698 A.

2378 5647 2447 5698 72
2505 5648 2837 5716 Προσευχαῖς
2862 5646 2928 5698 Α.

2356 5644 2470 5786 ξ73ζ
2498 5715 2765 5786 Omissis,
2809 5729 2950 5786 quae
2975 5713 3092 5786 Ahic
3120 5712 3352 5770 inclusa
3384 5716 3538 5782 sunt,
3560 5715 3697 5784 post
3728 5730 3893 5786 προσ·

2288 5773 2491 5859 ευὶαῖς,
2520 5785 2676 5858 legit,
2704 5773 2763 5839 τό
2796 5773 2855 5839 ei
2878 5784 3122 5844 ὶλήλυθεν
3147 5787 3180 5844 ἠ
3215 5786 3327 5861 ὥρα
3347 5790 3411 5840 Δ.
3523 5773 3535 5782 ’
3564 5773 3581 5784 ⁸
