4108 6422
292 387 432 457 £1637

283 519 465 578 πίπτει
518 515 604 575 ἐπὶ
640 520 944 592 πρόσωπον,
996 519 1286 591 νομοθετῶν
1312 520 1627 585 ταπείνωσιν
1656 521 1894 585 καὶσυν-
1925 517 1969 587 ᾼ

292 607 733 687 τριϐηνηκαρδιας
760 610 809 664 ἐν
849 620 961 674 ταῖς
993 614 1200 683 εὐχαῖς.
1242 611 1400 665 Ἦλθε
1425 613 1525 683 γὰρ
1566 610 1671 682 οὐχ
1712 610 1893 663 ἑαυτὸν

290 698 463 764 δεῖξαι
503 706 678 774 μόνον,
735 700 863 754 ἀλλὰ
902 707 993 754 καὶ
1024 701 1210 776 ἀρετὴν
1241 700 1595 775 παραδοῦναι,
1624 704 1696 773 μὴ
1739 708 1895 773 μόνον

290 788 383 847 διὰ
410 791 676 866 ῥημάτων,
703 790 835 853 ,ἀλλὰ
870 797 958 844 καὶ
1010 787 1105 845 διὰ
1132 793 1469 864 πραγμάτων.
1492 797 1658 847 Τοῦτο
1679 793 1780 863 γὰρ
1814 786 1850 843 δ
1856 810 1895 841 ι-

292 874 328 932 δ
332 878 563 937 ασκάλου
604 878 847 943 ἀληθοῦς.

366 973 469 1023 Καὶ
506 1000 561 1010 -
611 968 769 1043 ὤρα.]
796 969 854 1025 Ἦ
881 976 973 1022 τοῦ
1003 971 1219 1036 πάθους,
1249 972 1279 1029 ἡ
1313 976 1405 1022 τοῦ
1438 970 1660 1022 θανάτου
1690 972 1809 1041 περὶ
1832 968 1897 1030 ἧς

291 1057 476 1129 ἱλεγεν,
531 1061 611 1117 ὅτι
665 1060 723 1113 Ὀ
774 1063 953 1134 καιρὸς
994 1060 1019 1111 6
1042 1060 1165 1132 ἐμός
1192 1062 1334 1112 οὔπω
1360 1062 1610 1134 πάρεστιν
1639 1076 1652 1088 ’
1690 1057 1741 1132 [ὁ
1777 1057 1894 1131 (74)

293 1152 495 1221 καιρός,
526 1147 579 1201 ὃν
609 1149 637 1201 6
663 1148 974 1223 προσλαϐὼν
1023 1152 1148 1211 Θεὸς
1181 1150 1340 1221 ὥρισε
1386 1156 1458 1219 τῷ
1515 1147 1895 1223 προσληφθέντι

290 1236 598 1312 ἀνθρώπῳ]

363 1326 588 1390 Δόξασόν
628 1346 722 1381 σου
752 1330 839 1380 τὸν
875 1329 1013 1381 Υὶόν.
1045 1334 1167 1389 Τοῖς
1214 1329 1340 1402 ὑπὲρ
1380 1335 1472 1380 τοῦ
1511 1331 1711 1400 κόσμου
1742 1328 1894 1379 πάθε-

293 1435 367 1468 σι.
394 1415 526 1480 Δόξα
566 1420 665 1490 γὰρ
695 1416 808 1490 ἐμοὶ
837 1426 908 1489 τῷ
938 1423 1172 1490 Δεσπότη
1228 1420 1459 1489 πάσχειν
1491 1418 1617 1492 ὑπὲρ
1650 1425 1748 1469 τῶν
1771 1413 1894 1469 δού-

286 1504 388 1565 λων
418 1524 541 1578 μου⁹
593 1510 683 1559 καὶ
710 1510 979 1579 γνωρίζειν
1019 1506 1243 1561 ἐντεῦθεν
1296 1514 1407 1568 τοῖς
1447 1509 1753 1581 ἀνθρώποις,
1782 1508 1893 1557 οἷαν

287 1596 401 1666 ἔχω
432 1594 843 1670 φιλανθρωπίαν,
893 1598 1027 1649 ὥστε
1056 1592 1416 1670 προσδραμεῖν
1455 1598 1627 1649 πάντα
1656 1598 1723 1655 τὰ
1748 1597 1891 1657 ἔθνη,

286 1688 378 1737 καὶ
439 1689 631 1756 γνῶναί
707 1704 771 1759 με
829 1692 984 1743 Θεὸν.
1060 1685 1223 1759 [Φησὶ
1273 1687 1384 1757 (75)
1438 1688 1540 1760 γὰρ
1604 1687 1630 1738 ὁ
1694 1684 1894 1748 Παῦλος

289 1776 373 1827 ὅτι
412 1774 594 1838 Οὕτως
634 1776 914 1847 ,ἠγάπησεν
970 1777 1131 1849 ἡμᾶς,
1163 1778 1298 1829 ὥστε
1349 1773 1682 1852 παραδοῦναι
1711 1775 1892 1828 ἑαυτὸν

291 1864 417 1937 ὕπερ
457 1864 621 1936 ἡμῶν.

360 1951 451 2017 Ἥ,
510 1953 737 2018 Δόξασόν
798 1973 879 2027 με,
933 1962 1288 2029 τερατουργῶν
1346 1952 1393 2006 ἐν
1456 1960 1528 2026 τῷ
1580 1961 1746 2027 καιρῷ
1796 1960 1889 2006 τοῦ

294 2050 526 2117 σταυροῦ
574 2046 640 2096 τὰ
697 2043 889 2118 φοϐερὰ
956 2049 1047 2097 καὶ
1093 2043 1303 2107 ἐξαίσια
1364 2049 1575 2116 σημεῖα,
1641 2047 1732 2095 καὶ
1787 2039 1893 2097 δει-

291 2134 454 2184 κνύων
511 2133 567 2187 ἐκ
596 2135 791 2187 τούτων
824 2136 903 2187 ὃτι
928 2138 1149 2205 γνήσιος
1174 2135 1294 2194 Υἱός
1339 2152 1433 2184 σου
1478 2132 1605 2204 εἰμί.
1634 2139 1812 2185 Ταῦτα
1834 2127 1892 2185 δι

291 2224 491 2296 εἳρεηται
518 2227 609 2277 καὶ
652 2224 773 2277 ἔνθα
810 2230 979 2285 κεῖται
1018 2242 1074 2275 το
1117 2241 1129 2255 ·
1160 2229 1267 2276 Νῦν
1293 2219 1556 2286 ἐδοξάσθη
1598 2224 1624 2274 6
1651 2225 1772 2284 Υἱός
1798 2229 1890 2275 τοῦ

290 2310 558 2385 ἀνθρώπου

357 2400 469 2457 Ἱνα
506 2433 575 2443 -
619 2421 695 2457 σε,
746 2405 842 2457 Διά
898 2411 987 2463 τῆς
1025 2402 1209 2456 ἑαυτοῦ
1242 2398 1398 2465 δόξης
1430 2419 1441 2431 ·
1477 2410 1576 2455 τῶν
1601 2404 1701 2475 γὰρ
1736 2400 1890 2455 ἐθνῶν

287 2496 636 2551 πιστευόντων
680 2492 749 2553 εἰς
806 2494 910 2566 ἐμὲ,
943 2497 1032 2545 καὶ
1088 2496 1152 2545 σὺ
1207 2489 1545 2565 δοξασθήση.
1600 2496 1700 2545 Καὶ
1722 2492 1789 2552 εἰς
1834 2496 1892 2545 σε

286 2584 388 2657 γὰρ
442 2584 815 2647 πιστεύσουσι,
860 2587 951 2637 καὶ
1008 2579 1303 2645 δοξάσουσί
1355 2602 1430 2648 σε,
1496 2584 1561 2643 ὡς
1613 2589 1705 2634 τοῦ
1751 2578 1891 2634 ἰδίου

292 2691 387 2725 σου
432 2673 556 2726 rica
605 2675 676 2744 μὴ
746 2675 1050 2744 φεισάμενον
1112 2674 1241 2745 ὑπὲρ
1312 2671 1501 2739 αὐτῶν,
1559 2676 1651 2723 καὶ
1707 2672 1737 2729 ἡ
1793 2670 1889 2742 ἐμὴ

293 2757 426 2823 δόξα
468 2763 619 2813 ἔσται
669 2766 760 2813 καὶ
818 2765 908 2818 σή.
945 2760 1146 2834 [Ζητῶν
1179 2761 1291 2833 (76)
1332 2758 1440 2826 οὖν,
1482 2763 1550 2821 ὡς
1576 2755 1890 2827 δεδήλωται,

292 2844 640 2917 δοξασθῆναι,
689 2846 955 2907 δείκνυσιν
1003 2852 1085 2903 ὅτι
1122 2849 1206 2903 ἐπὶ
1247 2854 1334 2904 τόν
1371 2852 1595 2924 σταυρόν
1644 2848 1895 2910 ἑκουσίως

291 2942 526 3012 ἔρχεται.
578 2935 708 2997 Εἶτα
738 2938 990 3011 λέγεικαὶ
1017 2945 1109 2999 τὴν
1142 2939 1313 2992 αἰτίαν
1340 2936 1411 2992 δι’
1444 2938 1505 2998 ἣν
1531 2939 1678 3000 ζητεῖ
1703 2935 1738 2992 δ
1742 2938 1895 3001 όξασ-

294 3030 495 3098 θῆνᾳιδ

363 3120 547 3180 Καθὼς
573 3149 637 3158 -
672 3123 882 3192 σαρκός.
932 3149 996 3158 -
1050 3120 1254 3185 Καθὼς,
1288 3116 1401 3171 ἀντὶ
1431 3126 1522 3170 τοῦ
1544 3122 1704 3171 Διότι.
1731 3121 1895 3176 Φησὶν

287 3205 376 3260 οὖν
411 3226 423 3240 '
452 3207 681 3270 Δόξασόν
736 3227 830 3260 σου
881 3211 967 3261 τὸν
998 3210 1141 3275 Υἱόν,
1177 3204 1320 3260 διότι
1346 3204 1547 3270 ἔδωκας
1572 3207 1713 3278 αὐτῷ
1749 3206 1893 3270 ἐξου-

290 3302 410 3351 σίαν
440 3300 642 3352 πάντων
677 3306 776 3353 τῶν
807 3296 983 3363 ἐθνῶν,
1013 3300 1149 3351 ὥστε
1176 3294 1503 3361 δοξάζεσθαι
1534 3298 1655 3370 παρ’
1701 3297 1889 3349 αὐτῶν.

286 3393 580 3463 Γέγραπται
610 3390 708 3462 γάρ
745 3408 756 3421 ·
790 3394 891 3443 Καὶ
922 3385 1082 3443 δώσω
1141 3394 1225 3441 σοὶ
1254 3391 1372 3447 ἔθνη
1430 3393 1524 3447 τὴν
1548 3388 1892 3462 κληρονομίαν

286 3497 383 3533 σου
430 3484 521 3531 καὶ
574 3483 669 3537 την
720 3479 1051 3549 κατάσχεσιν
1113 3498 1207 3531 σου
1256 3480 1323 3531 τὰ
1378 3482 1577 3550 πέρατα
1625 3486 1718 3539 τῆς
1770 3485 1890 3549 γῆς.

287 3568 539 3643 [Δόξασόν
595 3587 691 3621 σου
721 3570 807 3620 τὸν
856 3569 995 3631 Υὶόν,
1049 3564 1193 3621 διότι
1219 3564 1516 3628 εὐδόκησας
1539 3570 1895 3642 γνωρισθῆναι

286 3658 444 3711 αὐτὸν
482 3662 573 3711 καὶ
637 3654 965 3720 δοξασθῆναι
1002 3661 1147 3731 πάσῃ
1200 3666 1262 3727 τῇ
1324 3658 1620 3731 οἰκουμένῇ.
1677 3659 1782 3713 Καὶ
1837 3660 1893 3709 τὸ

287 3748 462 3809 ζητεῖν
502 3743 564 3800 δε
610 3743 959 3815 δοξασθῆναι,
1012 3752 1102 3801 καὶ
1131 3751 1190 3799 1'6
1230 3746 1371 3818 λέγεν
1401 3748 1480 3800 ὅτι
1510 3744 1772 3813 Ἐδωκας,
1806 3750 1894 3801 καὶ

288 3838 356 3888 τὰ
386 3844 627 3905 τοιαῦτα,
685 3835 1159 3906 συγκαταϐατικῶς
1196 3836 1329 3907 λέγει
1387 3841 1476 3889 καὶ
1533 3836 1891 3909 οἰκονομικῶς,

289 3927 359 3987 ὡς
407 3921 670 4000 διαφόρως
748 3920 1274 3999 προδιεστειλάμεθα,
1334 3927 1363 3985 ἢ
1424 3929 1514 3982 καὶ
1573 3927 1643 3986 ὡς
1697 3926 1892 3998 ἄνθρω-

290 4014 424 4085 πος.]

356 4102 560 4157 Ἵνα-
596 4104 818 4155 αἰώνιον.
876 4101 1041 4155 ’⁷Οσον
1093 4106 1153 4156 1'6
1213 4102 1291 4156 ἐπ’
1350 4103 1511 4174 αὐτῷ.
1568 4104 1626 4157 Εἰ
1681 4100 1743 4157 δέ
1766 4122 1894 4166 τινες

286 4195 405 4246 όῦτε
423 4192 761 4258 ἐπιστευσαν,
794 4191 1111 4249 οὔτελῖλσιὸον
1139 4193 1278 4253 ζωὴν
1310 4192 1536 4259 αἰώνιον,
1577 4202 1676 4245 τῶν
1724 4196 1894 4246 τοιού-

286 4299 385 4333 των
425 4280 538 4335 ἐστὶ
561 4286 620 4334 τὸ
650 4282 908 4354 ἔγκλημα.
940 4281 1000 4336 Ὀ
1024 4285 1114 4355 μιν
1140 4284 1241 4355 γὰρ
1274 4288 1456 4355 Πατὴρ
1486 4280 1770 4340 εὐδόκησεν
1811 4285 1894 4336 ἱνα

286 4372 489 4424 πάντων
506 4372 541 4425 ,ὀ
568 4374 691 4432 Υἱός
714 4370 1004 4445 ἐξουσιάσῃ
1048 4369 1083 4424 δ
1089 4374 1142 4425 ιὰ
1186 4380 1283 4434 τῆς
1310 4376 1555 4439 πίστεως,
1588 4378 1677 4426 καὶ
1706 4376 1893 4435 πάντες

286 4462 386 4513 ὑπὸ
418 4464 506 4513 τὸν
540 4464 698 4532 ζυγόν
751 4470 851 4514 τῶν
910 4460 1121 4515 ἐντολῶν
1167 4462 1328 4515 αὐτοῦ
1382 4466 1632 4534 γένωνται
1685 4479 1696 4491 '
1750 4468 1839 4515 καὶ
1862 4464 1890 4515 ὁ

286 4553 406 4611 Υἱὸς
453 4547 513 4603 δε
567 4558 701 4604 πᾶσι
751 4547 845 4604 διὰ
893 4560 993 4603 τῶν
1049 4550 1349 4605 ἀποστόλων
1404 4548 1602 4604 δέδωκε
1633 4555 1689 4604 τό
1716 4552 1890 4623 Εὐαγ-
1922 4591 1969 4647 D

285 4640 475 4712 γέλων,
530 4644 624 4699 τὴν
678 4642 1016 4712 θεογνωσίαν,
1069 4643 1180 4701 ἣτις
1224 4642 1341 4694 ἐστὶ
1400 4644 1506 4704 ζωὴ
1567 4642 1891 4704 αἰώνιος,ὡς

286 4729 530 4803 πρόξενος
561 4730 697 4791 ζωῆς
729 4729 995 4802 αἰωνίου.[
1036 4732 1102 4782 Οἱ
1145 4727 1205 4783 δὲ
1255 4731 1372 4801 ('77)
1411 4736 1483 4803 μὴ
1530 4736 1887 4802 υποταγέντες,

290 4815 431 4892 μηδε
488 4815 929 4894 παραδεξάμενοι,
1015 4819 1162 4873 αὐτοὶ
1219 4829 1310 4882 τῆς
1388 4819 1583 4874 ἑαυτῶν
1632 4819 1892 4885 ἀπωλείας

292 4912 453 4962 αἴτιοι
485 4925 497 4938 ”
531 4905 721 4962 οὐδένα
746 4910 849 4981 γὰρ
880 4909 1075 4961 ἄκοντα
1110 4909 1516 4982 καταναγκάζει.
1548 4909 1733 4984 Αἰρετὴ
1787 4914 1889 4985 γὰρ

291 5000 323 5057 ἡ
357 4995 564 5075 ἀρετή]

362 5086 504 5146 Αὕτη
562 5118 633 5128 -
662 5090 910 5161 Χριστόν.
964 5092 1065 5141 Καὶ
1122 5092 1278 5150 ὅντως
1335 5088 1535 5149 αἰώνιος
1566 5088 1673 5149 ζωὴ
1709 5090 1739 5148 ἡ
1777 5091 1888 5143 θεο-

288 5181 511 5248 γνωσία,
542 5184 604 5249 τῇ
644 5180 822 5230 πίστει
873 5182 962 5230 καὶ
1006 5185 1108 5230 τῶν
1138 5179 1301 5251 ἔργων
1331 5175 1577 5236 δηλονότι
1609 5180 1891 5253 συνεζευγ-

359 5357 406 5393 ²⁹
443 5356 612 5412 Joan.
644 5371 744 5423 vn,
774 5358 829 5412 6.
965 5361 1025 5413 3t
1065 5356 1256 5414 Galat.
1300 5374 1357 5425 ιι,
1386 5360 1457 5414 20
1490 5375 1504 5426 ;
1539 5358 1752 5431 Ephes.
1784 5375 1839 5427 v,
1875 5362 1930 5414 2.

1298 388 1675 451 COMMENT.
1715 388 2187 463 INJOANNEM.
2225 424 2293 435 -—
2325 392 2488 452 CAP.
2530 393 2697 452 xvn.

3523 388 3665 455 M38

2005 520 2178 576 tuens
2202 519 2599 592 dejectionem
2628 538 2698 579 ac
2729 521 2924 580 cordis
2952 521 3369 579 contritionem
3394 525 3663 595 tempore

2004 610 2312 666 orationis.
2367 612 2538 668 Venit
2586 612 2747 668 enim
2796 628 2918 669 non
2970 616 3225 679 tantum,
3275 617 3339 667 ut
3394 612 3663 683 seipsum

2004 699 2356 767 ostenderet,
2387 701 2489 756 sed
2510 706 2566 759 et
2586 702 2859 758 virtutem
2888 700 3160 767 traderet,
3192 717 3312 758 non
3342 701 3537 757 verbis
3572 718 3663 759 so-

2002 786 2150 855 lum,
2183 790 2287 845 sed
2335 796 2391 846 et
2417 790 2726 863 cperibus.
2758 792 2909 848 Nam
2955 792 3070 848 hoc
3124 790 3246 847 veri
3279 792 3661 864 praeceptoris

2004 884 2109 936 est.

2075 968 2236 1024 Vers.
2264 973 2308 1024 t.
2332 970 2406 1025 Et
2432 1001 2499 1011 —-
2519 970 3019 1036 hora.Passionis,
3051 974 3155 1026 aut
3177 970 3402 1040 mortis,
3435 970 3509 1026 de
3539 984 3663 1043 qua

2003 1055 2233 1113 dixerat
2265 1075 2277 1113 :
2311 1060 2548 1130 Tempus
2579 1076 2767 1118 meum
2793 1060 3054 1117 nondum
3078 1059 3233 1117 adest
3262 1062 3311 1095 ⁸ο
3339 1078 3357 1131 ;
3402 1064 3659 1132 tempus,

2002 1146 2167 1218 quod
2190 1149 2343 1205 Deus
2370 1150 2474 1221 qui
2501 1150 3075 1223 assumpsithomini
3114 1154 3424 1223 assumpto
3454 1149 3663 1206 deﬁni-

2000 1235 2104 1293 vit.

2072 1326 2236 1383 Vers.
2254 1328 2304 1383 1.
2321 1328 2610 1398 Gloriﬁca
2623 1329 2839 1386 Filium
2858 1328 3661 1402 tuum.Afﬂictionibus,quas

2003 1432 2111 1489 pro
2133 1420 2359 1473 mundo
2381 1418 2693 1491 perpetiar.
2718 1422 2857 1476 Nam
2884 1420 3049 1484 mihi,
3070 1420 3172 1493 qui
3197 1419 3484 1475 Dominus
3501 1435 3658 1483 sum,

2003 1505 2190 1577 gloria
2216 1512 2306 1562 cst
2334 1509 2454 1580 pati
2486 1524 2593 1581 pro
2621 1509 2822 1576 servis,
2856 1515 2919 1565 ut
2939 1509 3081 1565 hinc
3118 1508 3460 1565 hominibus
3492 1509 3660 1565 inno-

2001 1598 2207 1666 tescat,
2233 1613 2355 1670 quo
2373 1597 2622 1654 affectus
2642 1598 2755 1655 sim
2777 1598 3093 1656 hominum
3120 1614 3343 1668 amore,
3372 1602 3435 1654 ut
3455 1614 3661 1655 accur-

2002 1691 2136 1743 rant
2163 1702 2375 1743 omnes
2409 1692 2637 1759 gentes,
2667 1694 2724 1744 et
2754 1704 2849 1744 me
2880 1690 3071 1745 Deum
3101 1704 3233 1744 esse
3265 1692 3652 1758 cognoscant.

2000 1775 2092 1831 Ait
2118 1777 2275 1833 enim
2303 1777 2518 1834 Paulus
2549 1780 2592 1814 ³¹
2626 1777 2788 1848 quod
2815 1778 2898 1834 sic
2923 1777 3126 1834 dilexit
3148 1794 3278 1843 nos,
3318 1782 3378 1833 ut
3402 1776 3664 1834 traderet

1929 1876 1971 1932 Β
2004 1864 2268 1936 seipsum
2299 1881 2408 1937 pro
2435 1866 2629 1922 nobis.

2076 1953 2199 2027 Vel,
2224 1955 2495 2027 Gloriﬁca
2509 1972 2618 2026 me,
2643 1956 2830 2013 edens
2848 1961 3116 2027 tempore
3136 1955 3436 2028 passionis
3459 1954 3661 2028 prodi-

2001 2044 2118 2114 gia,
2153 2060 2223 2101 ac
2252 2045 2534 2102 terribilia
2557 2046 3039 2119 admirandaque
3076 2046 3248 2116 signa
3284 2067 3296 2101 :
3338 2050 3393 2101 et
3443 2060 3515 2101 ex
3562 2043 3659 2100 his

1999 2135 2342 2201 ostendens,
2357 2135 2523 2207 quod
2535 2136 2819 2192 naturalis
2836 2136 2952 2191 sim
2972 2135 3154 2193 Filius
3182 2141 3340 2190 tuus.
3363 2137 3494 2191 Haec
3511 2149 3661 2206 quo-

1998 2238 2116 2294 que
2145 2222 2306 2279 dicta
2335 2228 2487 2294 sunt,
2522 2225 2623 2282 ubi
2653 2225 2929 2291 habetur,
2958 2226 3138 2283 Nunc
3173 2224 3543 2296 gloriﬁcatus
3575 2227 3660 2281 est

1996 2312 2189 2368 Filius
2224 2313 2472 2369 hominis
2508 2317 2575 2369 ³³.

2071 2401 2230 2457 Vers.
2261 2408 2308 2460 t.
2338 2403 2409 2461 Ut
2428 2434 2496 2443 —
2518 2411 2592 2463 te.
2611 2404 2720 2461 Per
2741 2420 2914 2460 suam
2944 2402 3234 2475 gloriam:
3263 2418 3399 2459 nam
3417 2401 3660 2458 creden-

2000 2490 2158 2547 tibus
2174 2491 2235 2547 in
2252 2507 2347 2549 me
2368 2492 2667 2562 gentibus,
2685 2498 2743 2549 et
2769 2498 2829 2549 tu
2855 2491 3307 2565 glorificaberis.
3344 2489 3658 2563 Siqiudem

1999 2580 2239 2637 credent
2270 2581 2327 2643 in
2357 2580 2937 2653 teetgloriﬁcabunt
2975 2587 3052 2647 te,
3086 2581 3189 2653 qui
3228 2579 3466 2652 proprio
3518 2578 3658 2634 Filio

2000 2674 2103 2725 tuo
2134 2685 2244 2741 pro
2274 2672 2359 2726 eis
2386 2687 2507 2727 non
2538 2674 2877 2744 peperceris
2933 2690 2946 2728 :
3006 2685 3260 2742 meaque
3314 2667 3507 2741 gloria
3552 2667 3660 2723 erit

2001 2764 2054 2813 et
2077 2763 2197 2815 tua.
2229 2761 2507 2825 Quaereris
2525 2776 2687 2830 ergo.
2718 2765 2779 2816 ut
2808 2761 3286 2816 demonstratum
3313 2763 3421 2828 est,
3444 2756 3660 2828 gloriﬁ.

2001 2848 2140 2914 cari,
2157 2849 2415 2905 ostendit
2431 2850 2595 2922 quod
2617 2849 2696 2906 ad
2713 2866 2948 2907 crucem
2968 2854 3175 2921 sponte
3195 2847 3413 2904 veniat.
3439 2846 3661 2902 Deinde

2001 2936 2181 2994 etiam
2197 2954 2443 2996 causam
2465 2939 2873 3012 dicit,propter
2887 2955 3069 3011 quam
3087 2937 3402 3009 gloriﬁcari
3415 2940 3660 3009 quaerat.

2077 3121 2240 3176 Vers.
2290 3121 2540 3177 Sicut—
2587 3121 2809 3177 carnis.
2862 3151 2933 3162 —
2968 3119 3159 3185 Sicut,
3209 3134 3319 3192 pro
3366 3117 3540 3184 Quia.
3572 3117 3663 3175 Ait

1931 3232 1974 3290 α
2005 3225 2173 3279 ergo:
2196 3211 2499 3279 Gloriﬁcat
2516 3210 2741 3267 Filium
2760 3216 2947 3280 tuum,
2966 3210 3103 3283 quia
3118 3209 3327 3265 dedisti
3342 3209 3391 3263 ei
3404 3212 3662 3280 potesta-

2006 3306 2119 3356 tem
2157 3300 2429 3356 omnium
2463 3299 2755 3369 gentium,
2789 3304 2851 3356 ut
2877 3299 2955 3356 ab
2986 3299 3068 3355 eis
3108 3298 3482 3370 gloriﬁcetur.
3513 3297 3665 3354 Scri-

2004 3396 2169 3461 ptum
2187 3394 2278 3444 est
2294 3389 2454 3445 enim
2477 3406 2488 3445 :
2514 3390 2667 3446 dabo
2681 3390 2785 3444 tibi
2816 3396 3016 3459 gentes
3052 3388 3452 3445 hereditatem
3469 3392 3659 3454 tuam,

2001 3484 2055 3536 et
2081 3480 2491 3548 possessionem
2513 3486 2676 3535 tuam
2701 3479 2977 3535 terminos
2995 3485 3169 3535 terrae
3184 3479 3252 3533 ⁸³.
3284 3508 3350 3518 -
3368 3476 3661 3546 Gloriﬁca

2001 3568 2224 3624 Filium
2244 3574 2428 3634 tuum,
2448 3569 2592 3641 quia
2604 3567 3033 3641 complacitum
3052 3573 3137 3623 est
3154 3566 3278 3633 tibi,
3295 3570 3502 3621 notum
3522 3581 3660 3622 eum

2002 3656 2123 3714 ﬁeri
2147 3674 2216 3713 ac
2243 3657 2554 3727 gloriﬁcari
2599 3658 2882 3713 universo
2930 3657 3080 3714 orbi.
3136 3657 3409 3722 Quaarere
3458 3658 3657 3723 autem

2003 3747 2322 3817 gloriﬁcari
2342 3765 2411 3805 ac
2427 3748 2625 3805 dicere
2641 3747 2936 3804 Dedistiet
2955 3745 3190 3811 similia,
3211 3743 3578 3801 demittenda
3598 3758 3663 3800 se

2002 3836 2146 3895 dicit
2173 3853 2244 3894 ac
2274 3838 2727 3910 dispensatorie,
2775 3836 2945 3893 sicuti
2994 3835 3174 3893 variis
3229 3835 3291 3891 in
3337 3833 3484 3889 locis
3542 3832 3663 3888 dis-

2003 3928 2368 4001 putavimus.
2400 3933 2511 3985 Aut
2541 3928 2721 3985 etiam
2767 3933 3060 4000 tauquam
3089 3928 3275 3983 homo
3314 3926 3413 3981 ait.

2072 4109 2234 4165 Vers.
2264 4110 2411 4163 2.—.
2448 4108 2518 4165 Ut
2543 4113 2847 4165 aeternam.
2882 4107 3180 4172 Quantum
3211 4105 3271 4160 in
3300 4119 3362 4160 se
3380 4108 3487 4160 est.
3512 4106 3662 4161 Nam

1999 4197 2527 4270 licetquidamnon
2553 4196 2935 4263 crediderint,
2954 4210 3143 4266 neque
3175 4195 3358 4251 vitam
3378 4198 3661 4250 aeternam

2001 4286 2888 4360 acceperint.idtamenillorum
2906 4284 3086 4357 culpa
3101 4287 3221 4340 est:
3241 4282 3542 4355 siquidem
3564 4285 3662 4339 Pa-

2004 4376 2069 4432 tri
2091 4376 2512 4447 complacitum
2540 4380 2628 4431 est
2652 4379 2716 4430 ut
2737 4373 3181 4430 Filiushaberet
3199 4372 3471 4429 omnium
3500 4377 3662 4445 pote-

2000 4470 2212 4523 statem
2227 4481 2332 4538 per
2343 4465 2544 4528 ﬁdem,
2562 4469 2837 4520 etomnes
2857 4463 2972 4519 sub
2993 4463 3208 4533 jugum
3228 4466 3662 4534 praeceptorum

1999 4557 2125 4627 ejus
2154 4555 2379 4610 ﬁerent.
2416 4553 2593 4610 Filius
2634 4568 2879 4625 quoque
2906 4551 3197 4617 universis
3222 4567 3329 4625 per
3353 4549 3661 4624 apostolos

1998 4644 2167 4701 dedit
2211 4643 2619 4714 Evangelium,
2652 4642 2873 4714 Deique
2918 4641 3218 4708 notitiam,
3268 4646 3512 4713 quaeest
3539 4640 3663 4697 vita

2000 4741 2242 4798 aeterna,
2270 4738 2475 4804 utpote
2499 4732 2683 4789 vitam
2705 4731 3036 4787 concilians
3066 4735 3344 4787 aeternam
3379 4747 3392 4786 :
3424 4730 3529 4803 qui
3559 4746 3660 4786 au-

2000 4827 2254 4879 temnon
2272 4826 2411 4877 sunt
2430 4820 2704 4891 subjecti,
2724 4834 2919 4892 neque
2937 4819 3087 4876 illud
3110 4825 3518 4892 susceperunt,
3544 4817 3663 4891 ipsi

2002 4911 2115 4968 sibi
2143 4910 2492 4984 perditionis
2542 4925 2730 4966 causa
2756 4913 2910 4975 sunt,
2962 4909 3257 4965 neminem
3285 4908 3443 4964 enim
3484 4908 3665 4979 cogit-

2000 5000 2271 5059 invitum.
2303 5003 2455 5063 Nam
2495 4999 2677 5055 virtus
2709 4996 3046 5056 voluntaria
3084 5002 3190 5057 est.

2074 5092 2231 5147 Vers.
2267 5093 2318 5146 3.
2340 5090 2571 5147 Haec—
2590 5087 2895 5145 Christum
2930 5089 3015 5143 -Et
3031 5085 3301 5143 verevita
3328 5090 3550 5143 aeterna
3574 5090 3665 5144 est

2003 5178 2105 5236 Dei
2128 5180 2403 5251 cOgnitio,
2427 5178 2544 5235 ﬁde
2566 5195 2635 5235 ac
2658 5176 2945 5249 operibus
2971 5175 3327 5248 conjunctis.
3350 5177 3500 5232 Nam
3518 5175 3664 5245 ﬁdes

2062 5358 2133 5414 32
2154 5360 2324 5415 Joan.
2352 5373 2477 5425 xm,
2510 5361 2594 5424 33,
2740 5353 2906 5416 Psal.
2957 5371 3016 5435 ii,
3047 5355 3101 5412 8.

1516 5536 1741 5605 Variae
1774 5537 2102 5606 lectiones
2135 5546 2200 5605 et
2239 5544 2449 5605 notae.

502 5729 743 5788 Inclusa
776 5728 996 5788 omittit
1022 5734 1092 5791 Δ.

384 5734 453 5788 74
502 5733 743 5788 Inclusa
776 5733 996 5788 omittit
1022 5734 1084 5790 Δ.

387 5733 479 5877 75ζ
516 5802 752 5861 Inclusa
775 5802 993 5862 absunt
1017 5803 1084 5860 A.

387 5808 452 5860 75

2071 5734 2188 5806 (7.6)
2212 5731 2457 5806 inclusa
2501 5730 2723 5806 desunt
2758 5735 2824 5788 Α.

2070 5802 2184 5878 (77)
2211 5803 2447 5863 Inclusa
2470 5802 2685 5862 omittit
2699 5803 2764 5859 Λ.
