4108 6432
471 393 611 451 i439
1790 396 2141 454 EUTHYMII

2185 396 2517 454 ZIGABENI
3708 386 3861 446 “40

471 522 682 595 inquit,
716 521 848 579 Sine
873 525 1129 595 cperibus
1159 532 1392 583 mortua
1423 531 1505 584 est
1537 527 1603 579 ³⁸.
1639 528 1708 583 Ut
1759 529 2131 597 cognoscant

2252 529 2420 578 zévmv.
2447 524 2506 578 Ἠ
2536 528 2714 585 πίστις
2753 524 2878 598 γὰρ.
2922 525 3075 595 φησὶ,
3110 525 3282 595 χωρὶς
3338 528 3441 574 τῶν
3490 519 3649 595 ἔργων
3690 519 3862 592 νεκρά

472 613 685 681 Deum,
718 617 772 668 te
805 614 999 670 solum
1032 632 1236 671 verum
1268 620 1450 673 Deum
1480 622 1537 673 et
1580 633 1696 672 me.

542 790 741 847 Solum
767 797 965 847 autem
991 810 1195 850 verum
1218 797 1403 851 Deum
1426 796 1841 859 dixitPatrem,
1870 794 1947 850 ad
1962 794 2130 850 diffe-

469 882 721 935 rentiam
754 881 900 937 falso
926 882 1220 939 dictorum
1244 885 1493 940 deorum
1521 901 1670 950 ;non
1694 900 1972 940 verorum
2000 884 2129 955 qui-

469 968 629 1034 dem,
659 971 762 1025 sed
817 977 1012 1027 tamen
1055 973 1371 1028 dictorum.
1431 978 1553 1030 Non
1596 978 1799 1030 autem
1857 974 2122 1045 seipsum

472 1064 625 1114 esset
654 1058 843 1124 clusit,
873 1063 1018 1132 quin
1052 1079 1221 1117 verus
1283 1067 1434 1119 Deus
1463 1068 1607 1119 Nam
1655 1079 1921 1135 quonam
1956 1067 2128 1133 pacto

471 1146 531 1201 id
570 1147 763 1203 facere
788 1150 992 1221 potuit,
1035 1151 1200 1222 quod
1233 1168 1292 1206 se
1324 1154 1631 1209 veritatem
1678 1158 1856 1207 vocat
1884 1153 2125 1207 dicens:

474 1237 592 1307 Ego
604 1252 731 1293 sum
748 1240 963 1295 veritas
976 1240 1023 1274 ³⁵
1041 1246 1116 1306 ;et
1129 1257 1189 1295 se
1206 1242 1354 1297 Patri
1372 1241 1654 1313 praedicat
1668 1241 2129 1313 aequalem,cum

472 1326 673 1381 multis
697 1326 825 1382 aliis
855 1329 912 1383 in
936 1329 1097 1396 locis,
1124 1338 1247 1386 tum
1266 1332 1367 1386 ubi
1391 1332 1506 1386 ait:
1532 1332 1652 1402 Ego
1675 1333 1927 1387 etPater
1950 1347 2129 1386 unum

470 1430 666 1471 sumus
683 1417 768 1472 ³δῖ
784 1420 910 1473 Non
939 1420 1052 1475 hoc
1068 1435 1210 1487 ergo
1231 1436 1384 1476 nunc
1403 1421 1581 1475 etiam
1608 1422 1682 1475 de
1715 1437 1775 1475 se
1808 1422 1937 1491 ipso
1961 1421 2126 1485 dixit,

475 1510 534 1559 ut
557 1506 712 1575 quod
744 1522 814 1561 ex
841 1507 933 1562 his
959 1525 1089 1579 quas
1139 1508 1476 1580 frequenter
1506 1509 1706 1565 docuit
1745 1515 1951 1565 notum
2003 1515 2119 1567 est.

475 1594 779 1664 Siquidem
799 1612 991 1669 neque
1015 1599 1265 1667 Spiritus
1290 1599 1475 1654 sancti
1496 1599 1591 1654 hic
1614 1599 1904 1663 meminit,
1928 1603 2130 1669 utpote

476 1684 547 1738 de
572 1700 693 1755 quo
721 1687 1153 1753 signiﬁcaverat
1184 1690 1242 1744 in
1268 1690 1359 1744 his
1381 1707 1510 1761 quae
1559 1689 1862 1756 docuerat,
1914 1706 2132 1760 nempe

476 1789 612 1828 cum
646 1776 901 1831 essetille
921 1778 1272 1842 Paracletus,
1293 1779 1397 1851 qui
1420 1779 1662 1835 duceret
1683 1795 1786 1834 eos
1808 1779 1869 1834 in
1888 1795 2131 1835 omnem

474 1864 800 1929 veritatem,
837 1866 988 1921 sicut
1018 1868 1356 1937 praedictum
1386 1872 1495 1923 est.

549 1954 706 2007 Vers.
723 1956 772 2007 4.
789 1954 912 2024 Ego
933 1987 988 1995 -—
1011 1964 1255 2013 terram.
1276 1959 1541 2027 —-Super
1559 1963 1781 2014 terram
1796 1957 1959 2013 dixit.
1983 1961 2133 2014 Nam

481 2041 542 2096 in
575 2041 724 2098 coelo
756 2043 1120 2112 gloriﬁcatus
1152 2045 1354 2112 fuerat,
1389 2062 1459 2101 ex
1494 2054 1707 2103 natura
1737 2047 1968 2103 habens
2008 2046 2134 2116 glo-

481 2130 633 2186 riam
657 2132 812 2187 etab
838 2134 1065 2203 angelis
1087 2135 1388 2192 adoratus.
1420 2140 1544 2192 Non
1567 2152 1708 2207 ergo
1728 2138 1795 2191 de
1818 2136 1913 2192 illa
1944 2137 2137 2208 loqui-

484 2223 578 2274 tur
607 2220 816 2289 gloria,
851 2238 1034 2294 quam
1061 2240 1131 2279 ex
1157 2224 1490 2280 substantia
1521 2226 1596 2297 (g)
1625 2242 1734 2281 sua
1764 2226 2138 2281 haereditario

477 2308 609 2378 jure
635 2310 897 2380 possidet
923 2328 935 2376 ;
960 2329 1099 2367 nam
1122 2313 1306 2383 illam,
1338 2319 1393 2369 et
1421 2316 1467 2369 si
1489 2331 1667 2370 nemo
1694 2331 1831 2370 eum
1854 2314 2142 2384 gloriﬁcet

484 2397 724 2468 plenam
756 2399 957 2466 habet,
992 2401 1097 2456 sed
1128 2402 1282 2457 hanc
1312 2403 1473 2469 dicit,
1506 2420 1643 2475 quae
1692 2404 1770 2459 ab
1826 2403 2140 2459 hominum

483 2487 635 2542 cultu
648 2488 1139 2561 resultat.Nempe
1153 2492 1265 2547 tale
1280 2498 1365 2547 est
1380 2499 1435 2547 et
1452 2492 1905 2560 illud,Gloriﬁca
1916 2493 2141 2547 Filium

486 2580 674 2631 tuum.
705 2579 769 2631 Et
788 2582 853 2632 ut
874 2578 1027 2633 scias
1051 2579 1202 2650 quod
1230 2581 1304 2636 de
1322 2581 1434 2636 hac
1457 2580 1646 2650 gloria
1671 2581 1972 2654 loquatur,
2004 2581 2139 2637 sub-

480 2664 681 2734 jungit
710 2682 723 2720 :

556 2841 723 2897 Vers.
756 2846 806 2897 4.
843 2843 993 2914 Opus
1017 2876 1084 2883 —
1108 2845 1383 2914 facerem.
1436 2846 1924 2904 Praedicationem
1955 2848 2144 2904 Evan-

487 2930 645 2999 gelii.
680 2934 855 3003 Atqui
882 2950 976 2987 res
1000 2934 1195 2990 adhuc
1216 2935 1274 2990 in
1298 2936 1604 3007 principiis
1634 2942 1757 2993 erat
1788 2955 1801 3004 ;
1833 2938 2144 3010 quomodo

486 3035 628 3089 ergo
646 3021 784 3077 dicit
800 3022 1254 3081 Consummavi?
1274 3025 1422 3090 Quia
1437 3026 1733 3098 quidquid
1753 3043 1997 3082 suarum
2020 3032 2147 3083 erat

487 3110 743 3181 partium
775 3111 895 3183 jam
947 3114 1319 3186 impleverat.

557 3204 669 3255 Aut
695 3202 955 3258 futurum
994 3204 1152 3269 dicit,
1194 3210 1481 3276 tanquam
1512 3204 1899 3277 prasteritum.

561 3288 665 3345 Vel
687 3291 799 3347 hoc
812 3291 961 3347 dixit
981 3293 1119 3364 quia
1126 3293 1252 3364 jam
1274 3294 1536 3349 radicem
1552 3294 2142 3366 bodnorumjecerat,

488 3393 624 3450 quae
658 3381 841 3437 onino
881 3383 1129 3438 fructum
1163 3388 1288 3439 erat
1328 3384 1711 3455 productura.

561 3467 695 3538 Ipse
723 3485 862 3539 ergo
891 3473 1120 3526 Patrem
1138 3471 1494 3541 gloriﬁcavit
1516 3472 1574 3526 in
1599 3478 1756 3529 terra
1771 3478 1973 3546 utpote
2004 3475 2147 3532 data

482 3555 612 3627 jam
643 3557 716 3613 de
748 3574 818 3614 eo
852 3560 1056 3615 notitia
1090 3561 1367 3617 universo
1412 3561 1543 3617 orbi
1593 3577 1697 3634 per
1758 3562 2141 3632 Evangelium

487 3646 647 3717 quod
678 3663 783 3718 per
806 3649 1113 3719 apostolos
1144 3651 1203 3705 in
1236 3651 1511 3705 universo
1555 3650 1783 3707 mundo
1816 3652 2147 3722 praedican-

487 3734 633 3789 dum
664 3742 807 3791 erat.
851 3740 996 3792 Nam
1036 3738 1103 3793 In
1166 3754 1414 3802 omnem,
1450 3739 1664 3809 inquit,
1714 3748 1937 3797 terram
1968 3742 2145 3797 exivit

488 3840 666 3879 sonus
692 3839 915 3889 eorum,
936 3834 990 3881 et
1011 3827 1073 3881 in
1090 3828 1237 3895 ﬁnes
1258 3830 1413 3883 orbis
1445 3835 1621 3884 terra
1652 3831 1830 3887 verba
1853 3847 2051 3888 eorum
2074 3833 2144 3886 ⁷³.

491 3915 640 3967 Eum
662 3929 901 3984 quoque
920 3915 1294 3984 gloriﬁcavit,
1323 3917 1530 3975 omnia
1559 3918 1610 3973 ei
1637 3919 2011 3986 ascribendo,
2033 3927 2147 3978 tam

489 4001 793 4059 doctrinas
822 4020 1002 4074 quam
1029 4006 1218 4076 signa.

567 4181 732 4237 Vers.
765 4183 818 4239 5.
850 4183 927 4239 Et
953 4215 1020 4224 ——
1052 4191 1126 4242 te.
1158 4187 1277 4258 Ego
1308 4186 1553 4258 quidem
1589 4186 1937 4260 gloriﬁcavit
1983 4194 2038 4245 te
2086 4189 2148 4244 in

496 4274 671 4336 terra,
702 4276 764 4327 ut
790 4272 1187 4342 signiﬁcatum
1214 4282 1343 4332 est:
1393 4292 1528 4332 vero
1572 4278 1834 4348 glorifica
1878 4294 1973 4334 me
2022 4279 2152 4349 glo-

494 4358 582 4415 ria
602 4359 949 4433 divinitatis,
974 4379 1161 4435 quam
1182 4364 1370 4420 habui
1392 4372 1527 4421 ante
1554 4366 1763 4422 mundi
1786 4368 2149 4424 constitutio-

494 4463 653 4503 nem.
683 4448 958 4507 Gloriﬁca
990 4467 1083 4507 me
1115 4453 1414 4510 hominem
1444 4457 1608 4526 apud
1637 4456 1915 4527 teipsum,
1968 4456 2151 4527 regali

494 4536 644 4592 solio
660 4537 910 4610 dignum
937 4541 1097 4610 apud
1116 4542 1453 4613 tejudicans
1484 4544 1581 4609 ;de
1593 4561 1713 4616 quo
1726 4545 2112 4617 aitPropheta
2135 4561 2148 4600 ε

493 4627 661 4682 Diri!
674 4628 959 4683 Dominus
974 4629 1209 4686 Domino
1223 4649 1366 4698 meo,
1383 4634 1496 4689 hoc
1514 4638 1624 4699 est,
1644 4637 1811 4689 Pater
1826 4633 1864 4687 F
1873 4634 1987 4705 ilio,
2002 4635 2154 4692 Sede

494 4717 771 4773 adextris
788 4719 928 4775 meis
951 4720 1018 4771 ³⁸.
1041 4720 1310 4778 Gloriﬁca
1340 4740 1433 4779 me
1463 4723 1651 4792 gloria
1669 4739 1853 4795 quam
1879 4724 2065 4780 habui
2091 4731 2153 4782 ut

496 4807 675 4873 Deus,
708 4808 1055 4880 priusquam
1095 4810 1190 4866 hic
1225 4813 1489 4868 mundus
1544 4808 1716 4877 esset,
1761 4814 1923 4884 apud
1985 4820 2150 4872 tuam

568 5013 612 5045 ³⁵
653 5014 773 5079 Jac,
806 5030 861 5079 ιι,
895 5015 982 5071 20.
1015 5017 1060 5052 ³⁵
1086 5019 1255 5072 Joan.
1296 5033 1414 5081 11v,
1468 5020 1519 5071 6.
1656 5018 1877 5074 "Joan.
1909 5033 1961 5085 χ,
2002 5023 2088 5075 30.

2240 618 2398 669 ἐστιν.
2430 614 2541 668 Ἰνα
2562 619 2865 687 γινώσκωσι
2884 616 3033 684 Θεὸν,
3070 616 3127 666 σε
3152 615 3238 664 τὸν
3264 616 3419 685 μόνον
3446 608 3690 668 ἀληθινὸν
3720 611 3859 662 Θεὸν

2239 708 2325 755 καὶ
2346 705 2459 776 ἐμέ.

2309 799 2475 847 Μόνον
2506 790 2565 846 δὲ
2604 792 2843 851 ἀληθινὸν
2875 795 3003 845 Θεὸν
3054 790 3163 844 εἶπε
3191 794 3279 843 τὸν
3318 793 3528 863 Πατέρα
3555 792 3685 861 πρὸς
3730 783 3768 839 δ
3774 806 3857 840 ια-

2242 882 2428 939 στολὴν
2460 891 2558 934 τών
2590 879 2943 954 ψευδωνύμων
2998 882 3139 944 θεῶν,
3174 888 3274 931 τῶν
3305 878 3400 931 οὐκ
3432 882 3589 930 ὄντων
3618 879 3737 949 μὲν,
3768 874 3859 928 λε-

2237 976 2464 1043 γομένων
2497 968 2577 1026 δέ.
2611 970 2685 1022 Οὐ
2717 975 2813 1043 μὴν
2864 970 3044 1023 ἑαυτὸν
3070 967 3271 1032 ἐξέϐαλε
3311 967 3404 1021 τοῦ
3446 968 3574 1020 εἶναι
3606 965 3858 1024 ἀληθινόν

2241 1067 2386 1115 Θεόν.
2417 1068 2530 1122 Πώς
2562 1063 2661 1131 γάρ
2695 1077 2708 1127 ;
2741 1062 2795 1121 ὃς
2815 1078 2875 1131 γε
2924 1060 3168 1117 ἀληθειαν
3199 1058 3380 1110 ἑαυτὸν
3433 1055 3600 1121 καλεῖ,
3630 1054 3802 1127 λέγων
3841 1071 3855 1085 ·

2239 1156 2369 1223 Ἐγώ
2386 1151 2494 1221 εἰμι
2524 1153 2554 1207 ἡ
2585 1150 2800 1209 ἀλήθεια
2833 1167 2846 1182 ·
2879 1155 2969 1203 καὶ
2997 1153 3112 1202 ἶσον
3145 1148 3324 1201 ἑαυτὸν
3345 1167 3417 1219 τῳ
3445 1151 3616 1219 Πατρὶ
3656 1147 3857 1218 κηρύτ-

2239 1260 2335 1308 τει,
2371 1240 2392 1313 [
2423 1240 2663 1302 ἐνᾶλλοις
2689 1260 2743 1293 τε
2774 1240 2987 1308 (78-79)
3029 1238 3250 1305 πολλοῖς,
3300 1242 3389 1289 καὶ
3447 1256 3495 1289 εν
3540 1237 3621 1297 οἷς
3664 1239 3859 1307 φησὶν,

2239 1332 2375 1400 Ἐγὼ
2428 1335 2517 1382 καὶ
2566 1332 2591 1381 6
2640 1334 2819 1403 Πατὴρ
2859 1330 2908 1381 ἓν
2965 1328 3136 1400 ἐσμεν.
3195 1328 3306 1379 Οὐκ
3364 1323 3499 1379 εἶπεν
3555 1321 3642 1377 οὖν
3698 1331 3860 1377 τοῦτο

2239 1426 2329 1473 καὶ
2354 1424 2471 1492 περὶ
2517 1420 2702 1471 ἑαυτοῦ
2735 1427 2844 1485 νῦν,
2882 1421 2960 1479 ,ὡς
3007 1414 3114 1477 ἤδη
3162 1422 3422 1491 γνώριμον
3474 1416 3557 1487 ἀφ’
3608 1416 3678 1465 ὧν
3730 1413 3859 1465 πολ-

2238 1509 2381 1570 λάκις
2436 1506 2667 1571 ἐδιδαξε.
2705 1514 2806 1561 Καὶ
2853 1511 2952 1581 γὰρ
3014 1504 3137 1559 οὐδὲ
3195 1514 3287 1559 τοῦ
3345 1506 3498 1577 ἁγίου
3550 1506 3862 1576 Πνεύματος

2242 1598 2614 1670 ἐμνημόνευσεν
2658 1596 2893 1663 ἐνταῦθα,
2953 1600 3023 1659 ὡς
3071 1601 3162 1649 καὶ
3222 1600 3336 1670 περὶ
3362 1597 3549 1647 τούτου
3599 1590 3862 1653 δηλώσας

2370 1689 2435 1739 ὧν
2468 1684 2696 1757 ἐδίδαξε,
2745 1693 2833 1739 καὶ
2899 1690 2967 1748 ὡς
3014 1686 3175 1738 αὐτοῦ
3223 1693 3315 1737 τοῦ
3356 1682 3703 1757 Παρακλητου
3730 1678 3862 1739 οδη-

2244 1688 2327 1760 ἀφ’

2241 1783 2307 1850 γὴ
2321 1797 2495 1838 σοντος
2534 1778 2721 1839 αὐτοὺς
2753 1777 2821 1838 εἰς
2858 1783 3032 1829 πᾶσαν
3085 1780 3173 1834 τὴν
3206 1774 3469 1839 ἀληθειαν,
3502 1774 3677 1833 καθὼς
3732 1790 3861 1845 προ-

2166 1874 2210 1928 Β
2244 1867 2494 1943 είρηται.]

2318 1958 2450 2028 Ἐγὼ
2506 1988 2571 1998 -
2631 1965 2752 2026 γῆς.
2816 1986 2883 1996 -
2946 1955 3066 2007 Ἐπὶ
3131 1960 3223 2014 τῆς
3274 1960 3371 2023 γῆς
3434 1949 3561 2016 εἶπε,
3610 1947 3764 2003 διότι
3810 1951 3861 2001 έν

2246 2055 2318 2117 τῷ
2360 2046 2559 2119 οὐρανῷ
2601 2041 2939 2109 ἐδεδόξαστο,
2988 2046 3036 2095 ἔν
3096 2061 3150 2095 τε
3194 2042 3311 2114 (80)
3351 2044 3501 2114 φύσει
3554 2044 3647 2098 τὴν
3698 2035 3863 2101 δόξαν

2248 2139 2404 2208 ἔχων,
2464 2140 2554 2187 καὶ
2605 2137 2750 2208 παρὰ
2814 2142 2913 2186 τῶν
2968 2131 3194 2204 ἀγγέλων
3246 2132 3716 2203 προσκυνούμενος.
3785 2126 3863 2179 Οὐ

2246 2229 2416 2277 τοίνυν
2463 2230 2581 2299 περὶ
2618 2223 2812 2285 ἐκείνης
2855 2232 2950 2284 τῆς
3010 2218 3167 2284 δόξης
3218 2220 3376 2292 λέγει,
3440 2228 3529 2280 τῆς
3587 2225 3650 2290 τῇ
3700 2217 3865 2287 οὐσίᾳ

2250 2315 2409 2366 αὐτοῦ
2460 2314 2958 2385 συγκεκληρωμένης
2990 2331 3002 2343 ο
3048 2310 3243 2368 ἐκείνην
3299 2312 3424 2384 γὰρ,
3455 2312 3540 2361 καὶ
3592 2308 3635 2360 εἰ
3662 2303 3863 2379 μηδεὶς

2251 2400 2494 2466 ἐδόξαζεν
2518 2403 2691 2472 αὐτόν,
2724 2405 2836 2473 ἔχει
2855 2405 3260 2474 πεπληρωμένην
3284 2419 3295 2431 ·
3324 2398 3451 2451 ἀλλὰ
3478 2400 3672 2455 ταύτην
3704 2400 3861 2468 φησὶ,

2250 2498 2344 2552 τήν
2371 2493 2471 2545 ἀπό
2500 2500 2597 2554 τῆς
2630 2492 2873 2567 λατρείας
2901 2499 3002 2542 τῶν
3034 2489 3314 2564 ἀνθρώπων
3352 2506 3654 2560 γινομενην.
3709 2485 3733 2559 [
3761 2484 3863 2537 Οὐ-

2251 2590 2372 2635 κοῦν
2400 2583 2513 2651 (81)
2542 2587 2773 2634 τοιοῦτον
2791 2580 2903 2634 ἐστι
2929 2585 3019 2633 καὶ
3047 2584 3105 2633 τό
3140 2597 3152 2609 ·
3187 2578 3414 2642 Δόξασόν
3449 2596 3544 2630 σου
3574 2580 3661 2629 τὸν
3700 2578 3852 2630 Υἱόν.

2254 2678 2354 2726 Καὶ
2378 2674 2459 2725 ἶνα
2485 2673 2656 2745 μάθῃς
2701 2673 2782 2723 ὅτι
2842 2676 2962 2745 περὶ
2994 2671 3190 2731 ταύτης
3232 2676 3329 2731 τῆς
3377 2664 3535 2731 δόξης
3566 2670 3751 2738 φησὶν,
3777 2664 3863 2717 ἐπ·-

2250 2768 2418 2834 ἡγαγε
2451 2762 2487 2832 ·]
3091 2851 3099 2856 _
3225 2852 3233 2856 _
3554 2852 3570 2856 _
3627 2844 3695 2856 _‘

2321 2855 2390 2904 T6
2446 2854 2593 2926 ἔργον
2634 2880 2701 2891 -
2754 2854 2981 2907 ποιήσω.
3037 2851 3108 2901 Τό
3173 2852 3425 2920 κηρυγμα
3481 2852 3572 2899 τοῦ
3627 2851 3863 2916 Εὐαγγε-

2252 2940 2385 2993 λίου.
2425 2945 2525 2994 Καὶ
2572 2945 2674 3012 μὴν
2726 2937 2901 3013 ἀρχὴν
2956 2940 3031 2990 ἔτι
3084 2940 3141 2990 τό
3194 2943 3416 3010 πρᾶγμα
3462 2931 3594 3007 εἶχε,
3626 2941 3744 2995 πῶς
3774 2927 3862 2985 οὖν

2251 3031 2385 3102 λέγει
2429 3029 2732 3083 Ἐτελείωσά
2789 3045 2803 3095 ;
2861 3027 2983 3080 Ὀτι
3038 3032 3139 3080 πᾶν
3199 3030 3258 3079 τό
3335 3028 3520 3079 εαυτοῦ
3576 3028 3859 3081 πεποίηκεν

2253 3117 2383 3179 ἤδη.

2184 3235 2222 3290 C
2327 3216 2369 3262 Η
2386 3212 2442 3261 τό
2466 3207 2705 3280 ἐσόμενον
2733 3210 2800 3269 ὡς
2827 3209 3160 3279 γεγενημένον
3176 3204 3339 3278 λέγει.

2324 3298 2391 3351 Ἣ
2429 3306 2580 3351 τοῦτο
2608 3296 2741 3350 εἶπεν
2769 3300 2838 3358 ὡς
2867 3301 2961 3354 τὴν
2990 3296 3143 3371 ῥίζαν
3169 3303 3268 3347 τῶν
3300 3293 3508 3366 ἀγαθῶν
3541 3289 3862 3344 καταϐαλλό-

2254 3408 2421 3461 μενος,
2447 3392 2562 3449 ἥτις
2590 3388 2797 3445 πάντως
2826 3384 2997 3457 ἔμελλε
3022 3392 3446 3456 καρποφορῆσαι.

2330 3477 2493 3539 Αὐτός
2518 3473 2605 3529 οὖν
2631 3480 2717 3527 τόν
2751 3479 2957 3548 Πατέρα
2986 3471 3232 3536 ἐδόξασεν
3276 3471 3360 3524 ἐπὶ
3390 3479 3481 3531 τῆς
3505 3479 3628 3541 γῆς,
3661 3473 3732 3532 ὡς
3752 3464 3860 3528 ἤδη

2253 3572 2511 3639 γνωρίσας
2543 3565 2697 3616 αὐτόν
2726 3566 2871 3636 πάσῃ
2904 3572 2960 3635 τῇ
2995 3563 3271 3634 οἰκουμένῃ
3306 3558 3400 3613 διὰ
3428 3568 3519 3613 τοῦ
3549 3558 3861 3631 Εὐαγγελίου

2255 3654 2281 3708 ὃ
2310 3655 2479 3727 ἔμελλε
2507 3655 2841 3726 κηρυχθῆναι
2873 3651 2919 3704 ἐν
2947 3651 3044 3724 ὅλῳ
3071 3660 3142 3722 τῷ
3168 3655 3349 3722 κόσμῳ
3377 3646 3471 3702 διὰ
3504 3658 3604 3701 τῶν
3639 3648 3864 3702 ἀποστό-

2254 3745 2372 3799 λων.
2407 3748 2494 3806 Et;
2514 3751 2690 3796 πᾶσαν
2715 3745 2839 3817 γάρ,
2896 3747 3050 3813 φησὶ,
3084 3746 3174 3799 τὴν
3213 3749 3313 3812 γῆν
3344 3738 3549 3802 ἐξῆλθεν
3579 3740 3605 3791 6
3636 3741 3864 3811 φθόγγος

2257 3835 2444 3899 αὐτῶν,
2477 3838 2567 3885 καὶ
2626 3833 2693 3892 εἰς
2732 3835 2799 3884 τὰ
2848 3835 3051 3906 πέρατα
3088 3838 3179 3891 τῆς
3205 3830 3508 3902 οἰκουμένης
3537 3831 3606 3881 τὰ
3650 3828 3864 3902 ῥήματα

2258 3924 2450 3979 αὐτῶν,
2510 3918 2765 3984 Ἐδόξασε
2822 3917 2881 3973 δὲ
2934 3921 3112 3988 αὐτόν,
3165 3924 3255 3972 καὶ
3312 3922 3377 3980 ὡς
3418 3920 3486 3971 τὰ
3522 3919 3695 3970 πάντα
3722 3914 3862 3982 αὐτῷ

2258 4013 2686 4086 ἐπιγραφόμενος,
2760 4014 2851 4063 καὶ
2916 4012 3011 4070 τὰς
3080 4005 3451 4074 διδασκαλίας,
3508 4011 3599 4059 καὶ
3645 4008 3711 4058 τὰ
3765 4021 3863 4061 ση-

2258 4110 2399 4176 μεῖα.

2334 4196 2436 4244 Καὶ
2473 4222 2538 4232 -
2602 4194 2705 4243 σοί.
2765 4190 2904 4260 Ἐγώ
2951 4191 3041 4261 μεν
3093 4184 3325 4251 ἐδόξασα
3371 4204 3428 4239 σε
3481 4184 3565 4239 ἐπὶ
3612 4193 3709 4246 τῆς
3744 4190 3859 4254 γῆς,

2260 4283 2324 4341 ὡς
2352 4276 2649 4339 δεδήλωται
2678 4298 2689 4310 ·
2725 4281 2790 4331 σὺ
2850 4273 2910 4330 δὲ
2959 4273 3186 4340 δόξασόν
3244 4295 3308 4348 με
3358 4277 3503 4350 παρὰ
3566 4281 3768 4344 σεαυτῷ
3797 4277 3857 4342 τῇ

2262 4368 2390 4442 δόξῃ
2424 4378 2513 4429 τῆς
2546 4372 2803 4433 θεότητος,
2921 4364 3067 4439 εἶχον
3117 4368 3217 4439 πρὸ
3247 4372 3341 4418 τοῦ
3379 4369 3601 4437 κόσμου.
3632 4362 3862 4425 Δόξασόν

2261 4478 2323 4531 με
2362 4462 2447 4510 τόν
2477 4461 2745 4531 ἄνθρωπον
2773 4460 2917 4529 παρὰ
2976 4463 3198 4525 σεαυτῷ,
3250 4462 3341 4515 τῆς
3387 4457 3531 4526 παρὰ
3587 4457 3668 4505 σοὶ
3710 4450 3860 4525 βασιο

2260 4548 2411 4610 λικῆς
2457 4544 2719 4622 καθέδρας
2751 4545 3000 4609 ἀξιωσας,
3041 4550 3160 4620 περὶ
3195 4544 3255 4597 οὗ
3302 4563 3460 4616 φησιν
3482 4545 3508 4595 6
3542 4548 3815 4615 Προφήτης
3845 4554 3857 4566 ·

2265 4636 2412 4690 Εἶπεν
2444 4639 2469 4688 6
2506 4640 2687 4711 Κύριος
2744 4643 2816 4704 τῷ
2878 4638 3051 4709 Κυρίῳ
3106 4653 3228 4706 μου,
3279 4637 3545 4686 τουτέστιν
3599 4634 3624 4682 6
3685 4632 3860 4701 Πατὴρ

2262 4735 2333 4796 τῷ
2366 4729 2489 4797 Υἱῷ,
2546 4727 2719 4779 Κάθου
2765 4723 2819 4776 ἐκ
2869 4720 3051 4786 δεξιῶν
3097 4742 3197 4795 μου
3224 4740 3236 4751 ·
3264 4718 3488 4785 δόξασόν
3511 4740 3574 4794 με
3614 4729 3673 4791 τῇ
3711 4717 3857 4789 δόξῃ,

2262 4817 2464 4888 ᾖεῖχον
2510 4818 2578 4877 ὡς
2638 4817 2788 4877 Θεὸς,
2842 4816 2942 4889 πρὸ
2995 4821 3087 4866 τοῦ
3123 4816 3210 4865 τὸν
3268 4817 3465 4885 κόσμον
3523 4809 3674 4876 εἶναι,
3722 4806 3862 4876 παρά

2218 5022 2259 5055 ³⁷
2302 5019 2466 5079 Psal.
2524 5036 2682 5088 xvm,
2717 5025 2747 5076 5
2782 5035 2797 5087 ;
2841 5020 3009 5076 Rom.
3040 5034 3095 5085 ι,
3162 5019 3242 5074 18.
3406 5015 3475 5072 38
3516 5011 3860 5076 Psal.cxx,l.

1753 5223 1971 5293 Variae
2008 5224 2337 5293 lectiones
2381 5234 2448 5293 et
2486 5232 2689 5293 notat.

571 5388 689 5532 $78)
718 5390 831 5463 (79)
863 5390 1099 5449 Inclusa
1130 5391 1352 5449 absunt
1380 5394 1452 5474 Ατ
1725 5466 1734 5475 _

595 5461 686 5528 80)
718 5463 944 5529 Nescio,
980 5470 1178 5520 utrum
1212 5467 1528 5521 Hentenius
1556 5465 1734 5532 legari

595 5461 686 5539 89)
718 5461 944 5539 Nescio,
980 5470 1178 5539 utrum
1212 5464 1528 5539 He‘ntenius
1556 5465 1764 5537 legerit
1800 5472 1860 5539 τῇ
1893 5486 1947 5539 τε
1979 5468 2153 5539 φύσει,

501 5546 580 5587 on
633 5534 688 5584 ἔκ
752 5552 807 5586 τε
850 5536 1067 5605 φύσεως.
1130 5536 1356 5609 Conjici
1431 5534 1643 5593 etiam'
1666 5534 1857 5610 possit
1909 5534 1999 5592 ἀτί
2057 5534 2155 5610 qui;

2270 5415 2451 5541 mil(.81)
2481 5466 2709 5524 Inclusa
2738 5466 2952 5523 absunt
2982 5466 3046 5520 A.

576 5708 660 5789 (g)
693 5710 882 5778 Quam
913 5727 987 5789 ea;
1036 5713 1393 5789 substantia,
1440 5716 1796 5789 etc.__Qu_am
1836 5731 1872 5773 a
1928 5721 2148 5774 natura
2184 5714 2535 5787 adjunctam
2574 5714 2860 5773 habebat.
2894 5712 2960 5769 1n
3009 5708 3307 5770 vocabulo
3364 5710 3692 5785 συγκληροῦν
3748 5717 3862 5766 non

508 5779 728 5853 ubique
759 5783 1024 5853 urgenda
1052 5789 1141 5842 est
1167 5785 1331 5844 notio
1371 5785 1749 5845 haereditatis.
