4108 6376
226 317 361 382 MM

1206 306 1566 377 COMMENT.
1612 319 1679 375 IN
1718 304 2079 375 JOANNEM.
2121 349 2190 359 —
2229 315 2383 374 CAP.
2425 306 2612 379 Xvn.

3464 321 3595 382 1442

226 459 289 524 τῇ
339 458 405 523 σῇ
448 448 679 522 ίξουσίᾳ·
734 451 836 521 1:96
876 454 967 500 τοῦ
1010 449 1097 499 τόν
1136 450 1334 518 κόσμον
1372 448 1633 517 γενέσθαι,
1683 465 1831 499 τουτ-

1952 448 2296 517 potestatem
2304 444 2684 517 ;priusquam
2699 444 2794 501 hic
2809 445 3071 501 mundus
3084 445 3331 513 ﬁeret,id
3345 452 3533 514 est,an
3546 456 3595 504 te

227 545 341 593 ἐστι
389 542 489 614 πρὸ
532 541 735 591 πάντων
780 541 870 589 καὶ
916 535 1013 589 ἀεί.
1057 534 1139 608 [τό
1177 532 1237 588 δι
1267 535 1402 607 (82),
1440 539 1540 588 Καὶ
1568 542 1676 606 νῦν,
1720 533 1832 587 ἀντὶ

227 636 340 691 τοῦ,
373 633 592 681 Λοιπόν.

301 723 401 772 Καὶ
456 719 609 790 ἡμεῖς
658 721 829 769 τοίνυν
874 713 1235 786 ἀπολαύσομεν
1286 716 1479 776 ταύτης
1528 721 1621 775 τῆς
1672 709 1833 775 δόξης

227 806 312 860 ἐὰν
352 809 707 880 μιμησῶμεθα
760 806 937 860 αύτόν.
1003 809 1141 862 Φησὶ
1187 806 1287 877 γὰρ
1339 805 1365 854 6
1417 802 1631 863 Παῦλος.
1678 806 1828 877 Εἴπερ

229 900 637 970 συμπάσχομεν,
735 897 817 947 ἵνα
894 899 984 946 καὶ
1076 890 1532 964 συνδοξασθῶμεν.
1618 896 1830 964 Μυρίων

226 988 330 1059 ἄρα
370 981 613 1059 δακρύων
667 984 803 1047 ἄξιοι
833 986 1038 1045 πάντως
1074 985 1142 1048 οἱ,
1187 985 1454 1047 τοιαύτης,
1498 985 1831 1055 προκειμένης

228 1072 409 1140 δόξης,
457 1074 784 1135 ἐκπίπτοντες
842 1074 1001 1133 αὐτῆς
1050 1069 1142 1125 διὰ
1188 1073 1470 1146 ῥᾳθυμίαν,
1521 1074 1612 1122 καὶ
1678 1066 1831 1128 δίκην

224 1169 543 1237 μαινομένων
618 1167 707 1214 καὶ
791 1162 1018 1221 ἀνοήτων
1117 1160 1526 1222 ἐπιϐουλεύοντες
1606 1159 1827 1220 ἑαυτοῖς.

228 1258 331 1308 Καὶ
360 1253 403 1306 εἰ
450 1258 521 1326 μὴ
562 1252 778 1314 κόλασις
825 1254 923 1327 γὰρ
978 1248 1061 1319 ἧν,
1102 1250 1411 1304 ἀθλιώτατοι
1451 1252 1520 1315 οἱ,
1572 1248 1832 1322 συμϐασι-

224 1343 408 1396 λεύσαι
459 1347 548 1395 καὶ
607 1338 1033 1405 συνδοξασθῆναι
1076 1350 1148 1411 τῷ
1205 1342 1310 1410 Υἱῷ
1359 1346 1451 1391 τοῦ
1488 1346 1622 1391 Θεοῦ
1665 1342 1830 1411 παρόν

225 1433 544 1492 τηλικούτων
620 1431 829 1503 ἀγαθῶν
914 1430 1125 1492 ἑαυτούς
1207 1428 1634 1501 ἀποστεροῦντες.
1721 1428 1831 1479 Ούκ

224 1523 352 1587 ἄξια
401 1526 522 1596 γὰρ,
573 1526 727 1595 φησὶ,
786 1524 853 1573 τὰ
905 1522 1192 1593 παθήματα
1238 1526 1329 1572 τοῦ
1358 1526 1445 1570 νῦν
1475 1526 1663 1590 καιροῦ
1700 1521 1831 1591 πρὸς

222 1616 320 1670 τὴν
340 1610 626 1684 μέλλουσαν
667 1607 825 1673 δόξαν
852 1608 1283 1681 ἀποκαλυφθῆναι
1313 1608 1384 1669 εἰς
1408 1608 1589 1680 ἡμᾶς].

294 1791 628 1863 Ἐφανέρωσά
686 1817 745 1830 -ι
805 1787 1116 1862 ἀνθρώποις.
1189 1788 1360 1841 Εἰπὼν
1415 1788 1495 1838 ὅτι
1554 1790 1623 1839 Τό
1681 1789 1827 1859 ἔργον
1865 1824 1907 1878 Β

222 1880 512 1948 ἰτελείωσα,
572 1878 898 1950 ἐπεξηγεῖται
953 1882 1040 1929 τόν
1111 1877 1281 1949 λόγον.
1360 1881 1459 1930 Καὶ
1540 1881 1643 1949 μὴν
1719 1884 1829 1937 τοῖς

220 1965 503 2030 Ἰουδαίοις
580 1972 993 2042 πεφανερωμίνον
1095 1964 1154 2025 ἧν
1249 1970 1306 2018 τό
1396 1970 1557 2037 ὄνομα
1646 1964 1825 2017 αύτοῦο

220 2055 446 2132 ᾔδεισαν
473 2060 574 2131 γὰρ
602 2060 683 2109 ὅτι
714 2061 843 2119 Θεὸς
873 2056 1031 2110 ἔστιν*
1058 2055 1185 2109 ἀλλὰ
1210 2061 1329 2130 περὶ
1350 2064 1447 2108 τῶν
1472 2054 1635 2107 ἄλλων
1676 2054 1829 2107 ἐθνῶν

1095 1964 1154 2025 ἧν

218 2147 379 2219 λέγει,
408 2145 485 2208 οἷς
518 2148 786 2218 ἄγνωστον
814 2154 965 2198 τοῦτο
997 2142 1079 2204 ἧν.

290 2235 363 2290 Ἦ
418 2240 578 2309 ὄνομα
622 2236 757 2308 λέγει
802 2238 858 2288 τὸ
906 2238 1179 2309 πατρικὸν,
1224 2236 1303 2286 ὅτι
1352 2233 1461 2286 ἐστὶ
1492 2237 1671 2305 Πατὴρ
1706 2236 1828 2285 Υῖοῦ

218 2331 469 2398 γνησίου.
535 2332 700 2379 Τοῦτό
757 2328 859 2398 γὰρ
921 2324 1106 2397 ἀφανὲς
1157 2324 1334 2385 αύτοῖς
1382 2327 1434 2375 ὅν
1482 2323 1603 2395 παρ’
1670 2323 1829 2375 αύτοῦ

222 2413 536 2487 ἐφανερώθη.

294 2503 398 2563 Ούς
426 2533 495 2543 -
517 2498 672 2560 ἦσαν.
706 2500 795 2564 Ὦς
816 2508 971 2557 Θεοῦ.

292 2596 393 2646 Καὶ
442 2621 514 2632 -
572 2587 831 2651 δέδωκας.
886 2590 974 2651 Ὧς
1036 2593 1137 2661 ἴσῳ
1206 2594 1330 2664 Περὶ
1378 2597 1477 2640 τῶν
1530 2586 1828 2641 ἀποστόλων

223 2677 281 2734 δι
338 2682 365 2733 6
421 2680 593 2752 λόγος.
658 2684 898 2732 Δείκνυσι
963 2676 1021 2731 δὲ
1080 2677 1347 2731 κάνταῦθα
1398 2679 1478 2729 ὅτι
1529 2677 1622 2729 οὐκ
1689 2680 1825 2729 ἔστιν

221 2768 467 2831 ἀντίθεος,
529 2773 619 2821 καὶ
675 2770 754 2821 ὅτι
822 2767 1069 2841 βούλημά
1144 2766 1256 2819 ἐστι
1345 2774 1437 2818 τοῦ
1507 2770 1708 2840 Πατρός
1770 2770 1828 2819 τό

219 2862 486 2913 πιστεύειν
556 2858 743 2919 αύτούς
800 2858 869 2919 εἰς
923 2862 1011 2909 τόν
1083 2862 1220 2909 Υίόν·
1274 2857 1319 2908 εἰ
1382 2859 1504 2929 γὰρ,
1573 2858 1640 2916 ὡς
1695 2874 1829 2916 τινες

220 2948 492 3024 ληροῦσιν,
549 2950 631 3000 ὅτε
676 2944 810 3005 ἦσαν
857 2955 949 2999 τοῦ
1011 2949 1231 3019 Πατρός,
1268 2946 1359 2997 ούκ
1390 2942 1524 3003 ἦσαν
1560 2953 1651 2996 τοῦ
1679 2948 1825 3011 Υὶοῦ,

215 3037 418 3103 λοιπόν,
476 3033 605 3099 δούς
652 3037 837 3097 αὐτούς
912 3036 983 3106 τῷ
1036 3038 1159 3106 Υῐῷ,
1216 3033 1395 3097 ἐξέστη
1456 3036 1644 3097 αὐτῶν,
1704 3036 1824 3108 ὅπερ

216 3128 433 3181 ἄτοπον.
481 3122 719 3187 Δίδωκας
768 3121 826 3178 δέ
860 3144 967 3194 μοι,
1014 3120 1142 3191 εἶπε,
1192 3123 1305 3175 καθ’
1360 3124 1414 3175 ὃν
1467 3125 1638 3195 εἴρηκε
1675 3122 1825 3194 λόγον

215 3220 484 3290 πρότερον·
536 3216 616 3267 ὅτι
674 3210 862 3275 Οὐδεὶς
918 3210 1139 3265 δύναται
1188 3213 1348 3265 ὶλθεῖν
1406 3215 1530 3287 πρὸς
1579 3211 1687 3285 ἐμὲ,
1741 3210 1825 3264 ἐὰν

216 3310 285 3377 μὴ
317 3307 344 3357 6
380 3308 559 3378 Πατὴρ
592 3305 618 3355 6
644 3302 856 3375 πέμψας
885 3322 948 3375 με
976 3302 1169 3374 ἑλκύσῃ
1200 3302 1376 3354 αὐτόν.

284 3393 449 3448 Ἀλλά
508 3401 619 3454 πῶς
685 3395 902 3465 εἰρηκεν·
972 3391 1079 3453 Ούς
1147 3387 1384 3453 δέδωκάς
1456 3409 1546 3462 μοι
1606 3389 1661 3442 ἐκ
1734 3398 1825 3443 τοῦ

214 3488 458 3555 κόσμους
525 3480 796 3557 προλαϐὼν
866 3482 968 3555 γὰρ
1036 3483 1127 3552 ἔφη
1192 3483 1317 3553 πρὸς
1373 3480 1558 3541 αύτούς
1609 3482 1687 3533 ὃτι
1740 3481 1826 3534 Ἐκ

214 3580 305 3625 τοῦ
366 3576 569 3643 κόσμου
621 3570 716 3622 ούκ
765 3569 898 3623 ἐστέ.
956 3574 1161 3641 Κόσμον
1210 3568 1311 3621 ἐκεῖ
1361 3573 1451 3641 μεν
1503 3573 1623 3631 τούς
1671 3589 1827 3628 πονη-

214 3665 341 3735 ροὺς
366 3661 652 3733 ὠνόμασεν,
695 3658 917 3711 ἐνταῦθα
957 3655 1015 3711 δὲ
1041 3658 1174 3730 λέγει
1203 3663 1299 3714 την
1327 3662 1501 3711 κτίσιν
1536 3661 1750 3717 ταύτην.

1860 3186 1902 3239 C

288 3754 493 3804 Καὶ-
521 3753 863 3822 τετηρήκασι.
898 3752 966 3801 Τό
1021 3748 1217 3820 θέλημά
1267 3768 1361 3800 σου
1404 3747 1822 3821 πεπληρῶκασιν,

214 3837 261 3891 ἒν
282 3848 360 3910 τῷ
388 3846 675 3891 πιστεῦσαι
702 3837 776 3899 εἰς
805 3835 911 3908 ἐμέ.

281 3936 395 3981 Νῦν
424 3959 487 3969 -
524 3927 659 3981 ἐστι.
688 3958 755 3967 -
784 3933 913 3993 Νῦν,
946 3930 1061 3984 ἦτοι
1086 3930 1216 3998 μετὰ
1242 3931 1300 3979 τό
1328 3929 1530 3999 μαθεῖν,
1557 3927 1825 3998 Ἐγνωσαν

214 4020 293 4070 ὅτι
322 4020 498 4071 πάντα
536 4017 650 4087 (83)
678 4018 778 4069 ὅσα
810 4012 1050 4077 δέδωκάς
1072 4036 1182 4086 μοι,
1216 4020 1503 4069 τουτέστιν·
1527 4016 1667 4069 Ὀσα
1694 4018 1825 4090 λέγω

212 4113 301 4160 καὶ
339 4103 608 4169 διδάσκω,
656 4104 757 4157 ἀπὸ
812 4113 906 4156 σοῦ
938 4105 1061 4172 εἰσι,
1104 4107 1172 4157 σά
1227 4106 1357 4157 εἰσιν
1389 4103 1695 4178 ἐντάλματα,
1736 4113 1826 4159 καὶ

213 4194 371 4250 οὐδὲν
396 4193 534 4249 ἴδιον
565 4194 679 4269 ἐμοὶ
707 4195 736 4253 ᾖ
774 4193 1039 4268 ἀλλότριόν
1085 4214 1201 4246 σου.
1235 4190 1363 4247 Εἶτα
1390 4194 1525 4267 λέγει
1550 4201 1640 4247 καὶ
1672 4199 1825 4249 πόθεν

214 4294 371 4339 τοῦτο
397 4288 649 4357 ἶγνωσαν.

284 4465 405 4519 Ὀτι
461 4496 529 4504 -
595 4463 919 4526 ἀπέστειλας.
996 4471 1161 4520 Τοῦτο
1242 4466 1473 4535 ἔγνωσαν
1544 4464 1646 4518 ἀπὸ
1724 4473 1824 4517 τῶν

213 4554 468 4629 ῥημάτων
518 4554 585 4604 ὧν
647 4550 858 4606 δέδωκα
927 4554 1126 4616 αὐτοῖς.
1190 4559 1289 4606 Καὶ
1345 4556 1445 4626 γάρ
1524 4550 1824 4628 διαρρήδην
1862 4544 1903 4599 ί)

216 4640 503 4696 ἐδίδασκον
560 4643 640 4694 ὅτι
677 4644 746 4693 σά
794 4642 925 4694 εἰσιν
966 4645 1067 4696 ὅσα
1106 4642 1238 4714 λέγω
1280 4648 1370 4694 καὶ
1427 4639 1696 4714 διδάσκω,
1736 4648 1825 4695 καὶ

217 4732 367 4786 αὐτοὶ
397 4731 577 4784 ἔλαϐον
608 4732 871 4792 εὐπειθῶς.

286 4829 469 4876 Ταῦτα
521 4818 581 4873 δὲ
643 4826 733 4873 καὶ
799 4824 867 4873 τὰ
920 4828 1141 4873 τοιαῦτα
1198 4817 1497 4893 διαλέγεται
1553 4825 1683 4896 πρὸς
1737 4826 1825 4875 τόν

218 4915 443 4986 Πατέρα,
494 4907 742 4963 δεικνύων
817 4916 921 4971 τοῖς
981 4912 1241 4983 μαθηταῖς
1290 4911 1394 4962 οἷον
1453 4913 1569 4983 ἔχει
1620 4912 1825 4985 φίλτρον

218 5000 410 5056 αὐτῶν.
458 4999 518 5053 Ὀ
567 5002 669 5073 γὰρ
719 5004 791 5073 μὴ
852 5003 1004 5072 μόνον
1048 5002 1115 5053 τὰ
1165 4999 1289 5075 παρ’
1329 4999 1517 5054 ἑαυτοῦ
1554 5004 1825 5077 παρέχων,

219 5087 348 5143 ἀλλὰ
432 5093 519 5141 καὶ
602 5088 753 5142 ἄλλον
832 5089 903 5153 εἰς
978 5096 1130 5143 τοῦτο
1218 5088 1553 5165 παρακαλῶν,
1617 5088 1826 5145 πλείονα

220 5172 444 5233 δεικνύει
468 5181 557 5232 τὸν
581 5179 766 5233 πόθον.

292 5322 338 5357 ⁸⁹
382 5323 549 5377 Rom.
584 5336 697 5376 vni.
738 5325 821 5376 l7.
935 5322 983 5357 ‘°
1008 5321 1153 5379 ibid.
1191 5323 1279 5379 l8.
1390 5324 1434 5360 ⁴¹
1469 5323 1644 5381 Joan.
1671 5338 1763 5380 vn.
1797 5323 1888 5381 44.

1940 532 2144 589 omnia
2168 538 2223 589 et
2244 548 2500 604 semper.
2524 534 2693 595 Quod
2712 539 2912 589 autem
2937 533 3169 602 dicitur,
3188 536 3262 590 Et
3284 552 3462 603 nunc,
3482 538 3597 595 hoc

1939 629 2045 691 est,
2078 621 2383 694 Deinceps.

2012 712 2077 765 Et
2104 726 2213 765 nos
2242 727 2383 780 ergo
2404 711 2515 766 hac
2537 711 2806 768 fruemur
2837 712 3042 782 gloria,
3080 714 3127 768 si
3150 730 3286 769 eum
3311 714 3597 772 fuerimus

1938 799 2174 854 imitati.
2199 800 2289 855 Ait
2320 800 2480 855 enim
2513 800 2765 859 Paulus:
2796 801 2855 856 Si
2878 812 3272 874 compattmur
3301 811 3363 859 ut
3390 814 3442 861 et
3468 823 3600 863 con-

1938 889 2344 959 gloriﬁcemur
2373 892 2442 945 3’.
2479 890 2732 946 Omnino
2753 908 2897 947 sane
2920 893 3249 948 innumeris
3280 894 3439 963 digni
3462 903 3600 952 sunt

1940 977 2231 1049 lacrymis,
2258 978 2359 1050 qui
2387 995 2524 1035 cum
2559 981 2866 1051 proposita
2903 982 2975 1035 sit
3000 982 3347 1051 hujusmodi
3380 985 3595 1053 gloria,

1942 1082 2051 1122 sua
2076 1068 2323 1137 segnitie
2342 1067 2418 1123 ab
2437 1085 2503 1122 ea
2524 1068 2866 1134 exciderint,
2896 1076 2949 1125 et
2974 1086 3141 1126 more
3168 1070 3597 1131 insanientium

1939 1171 2011 1211 ac
2044 1156 2412 1212 dementium
2446 1157 2559 1213 sibi
2590 1158 2736 1229 ipsis
2767 1158 3012 1214 insidias
3050 1162 3407 1231 paraverint.
3450 1166 3598 1220 Nam

1938 1245 2044 1301 etsi
2069 1244 2301 1301 nullum
2323 1252 2478 1302 esset
2496 1247 2874 1318 supplicium,
2896 1248 3211 1304 miserrimi
3231 1257 3430 1306 tamen
3446 1253 3600 1324 judi-

1939 1339 2212 1389 carentur
2245 1355 2257 1393 :
2287 1336 2549 1407 quicum
2576 1337 2685 1391 sibi
2708 1343 2985 1408 paratum
3004 1338 3227 1405 fuisset,
3257 1345 3460 1396 utcum
3485 1342 3600 1398 ﬁlio

1937 1423 2039 1478 Dei
2056 1431 2559 1495 conregnarentet
2573 1426 3181 1496 congloriﬁcarentur,
3198 1429 3307 1499 ipsi
3329 1446 3455 1485 sese
3475 1432 3601 1487 tali-

1936 1512 2052 1568 bus
2073 1513 2401 1583 privassent
2420 1513 2752 1570 bonis.Non
2774 1522 2906 1571 sunt
2926 1516 3085 1571 enim
3100 1518 3413 1589 condigna:
3438 1521 3602 1589 afﬂi-

1937 1602 2152 1657 ctiones
2166 1602 2335 1673 hujus
2350 1604 2627 1671 temporis
2649 1604 2729 1659 ad
2743 1606 3023 1673 futuram
3061 1607 3465 1681 gloriamque
3480 1625 3604 1667 ma-

1936 1691 2315 1760 nifestabitur
2339 1708 2476 1763 erga
2496 1708 2601 1749 nos
2634 1694 2708 1750 ‘0.

2010 1781 2619 1850 Vers.6.Manifestavi
2634 1814 2698 1821 —
2719 1783 3069 1839 hominibus.
3091 1785 3417 1858 Postquam
3432 1788 3599 1844 dixit:

1941 1868 2100 1938 Opus
2117 1870 2542 1936 consummavi,
2565 1870 2849 1943 explanat
2868 1888 3027 1927 nunc
3048 1890 3405 1930 sermonem.
3426 1877 3603 1948 Atqui

1937 1958 2156 2013 Iudaeis
2188 1958 2634 2015 manifestatum
2689 1967 2814 2016 erat
2839 1978 3061 2017 nomen
3122 1964 3604 2034 ejus;noverant

1939 2048 2097 2102 enim
2119 2048 2279 2120 quod
2312 2051 2464 2103 Deus
2495 2054 2667 2115 esset,
2701 2051 2801 2105 sed
2824 2051 2937 2105 hoc
2963 2051 3037 2106 de
3070 2052 3198 2106 aliis
3230 2052 3371 2109 dicit
3408 2055 3595 2126 genti-

1939 2134 2070 2200 bus,
2107 2138 2328 2209 quibus
2357 2138 2416 2192 id
2452 2138 2719 2208 ignotum
2752 2146 2894 2194 erat.

2012 2230 2120 2281 Aut
2157 2241 2379 2281 nomen
2413 2227 2554 2282 dicit
2582 2234 2919 2299 paternum,
2967 2230 3132 2301 quod
3160 2231 3329 2288 Pater
3365 2234 3441 2289 sit
3473 2236 3595 2291 Filii

1939 2315 2246 2371 naturalis.
2271 2317 2422 2371 Nam
2448 2333 2585 2371 cum
2609 2317 2671 2372 id
2702 2333 2801 2372 eos
2823 2318 3050 2383 lateret,
3085 2319 3162 2374 ab
3189 2319 3321 2391 ipso
3354 2323 3597 2379 manife-

1942 2408 2165 2460 statum
2197 2410 2307 2460 est.

2010 2493 2172 2548 Vers.
2198 2496 2247 2547 6.
2280 2494 2427 2560 Quos
2452 2525 2521 2535 —
2542 2502 2733 2551 erant.
2762 2498 3071 2567 Tanquam
3104 2497 3224 2552 Dei.

2012 2582 2173 2637 Vers.
2194 2586 2246 2635 6.
2274 2584 2347 2638 Et
2372 2615 2436 2623 —
2456 2584 2690 2639 dedisti.
2709 2587 3020 2656 Tanquam
3037 2586 3270 2657 aequali.
3290 2589 3380 2641 Est
3396 2596 3596 2645 autem

1940 2672 2009 2727 de
2035 2671 2325 2742 apostolis
2356 2689 2572 2729 sermo.
2608 2675 2737 2739 Quo
2778 2675 2959 2729 etiam
2991 2675 3087 2730 hic
3132 2677 3405 2744 ostendit,
3436 2680 3598 2749 quod

1936 2777 2058 2817 non
2085 2762 2159 2815 sit
2178 2760 2297 2816 Deo
2321 2762 2675 2828 contrarius,
2696 2765 2981 2835 quodque
3004 2767 3186 2821 Patris
3210 2773 3301 2822 est
3329 2768 3598 2825 voluntas

1940 2856 2003 2905 ut
2030 2850 2276 2905 credant
2301 2852 2357 2905 in
2385 2851 2614 2905 Filium.
2640 2854 2786 2906 Nam
2818 2855 2885 2915 si,
2915 2858 2977 2906 nt
3002 2855 3251 2925 quidam
3276 2865 3595 2927 nugantur,

1938 2954 2076 2994 cum
2109 2940 2297 2994 Patris
2343 2944 2529 3010 erant,
2566 2956 2687 2995 non
2720 2947 2891 2997 erant
2930 2942 3074 3007 Filii,
3112 2960 3485 3017 consequens
3512 2953 3599 3003 est

1938 3034 2021 3093 ut,
2049 3044 2188 3083 cum
2218 3043 2321 3082 eos
2360 3027 2591 3083 dederit
2648 3029 2805 3093 Filio,
2856 3030 3203 3088 alienaverit
3252 3049 3397 3101 eos;
3440 3036 3598 3107 quod

1936 3116 2273 3172 absurdum
2304 3121 2413 3172 est.
2475 3117 2720 3182 Dedisti,
2755 3120 2967 3192 inquit,
3003 3121 3170 3185 mihi,
3205 3124 3381 3194 juxta
3415 3141 3598 3195 quem

1937 3208 2188 3262 modum
2220 3206 2397 3261 etiam
2423 3208 2588 3277 prius
2608 3207 2856 3273 dixerat,
2880 3210 3061 3265 Nemo
3079 3217 3269 3279 potest
3298 3215 3496 3269 venire
3520 3215 3601 3270 ad

1935 3310 2046 3361 me,
2080 3295 2193 3350 nisi
2217 3298 2418 3363 Pater,
2447 3297 2546 3366 qui
2574 3298 2735 3352 misit
2762 3314 2873 3361 me,
2908 3300 3159 3356 traxerit
3188 3315 3317 3357 eum
3347 3303 3415 3357 ιι.

2009 3384 2123 3441 Sed
2138 3385 2444 3457 quomodo
2461 3387 2610 3440 dixit
2634 3402 2647 3441 :
2671 3387 2822 3453 Quos
2853 3388 3065 3444 dedisti
3087 3390 3234 3446 mihi
3262 3392 3335 3447 de
3352 3393 3595 3459 mundo,

1936 3490 2072 3530 cum
2110 3474 2276 3545 prius
2317 3474 2628 3531 dixeritad
2654 3491 2757 3531 eos
2792 3498 2803 3529 :
2829 3476 2913 3533 De
2942 3478 3165 3533 mundo
3196 3495 3316 3535 non
3343 3482 3475 3536 estis
3503 3482 3549 3515 ⁴²
3571 3482 3598 3536 ‘2

1934 3564 2017 3619 Ibi
2047 3562 2294 3635 quidem
2358 3563 2549 3619 malos
2581 3564 2898 3636 appellavit
2947 3566 3245 3622 mundum
3279 3584 3292 3623 :
3336 3568 3433 3624 hic
3460 3586 3598 3627 vero

1936 3651 2228 3708 fabricam
2260 3652 2459 3723 ipsam
2485 3653 2880 3708 mundialem.

2001 3743 2169 3798 Vers.
2191 3741 2245 3796 6.
2258 3743 2337 3797 Et
2352 3774 2420 3782 —
2437 3744 3236 3803 servaverunt.Voluntatem
3252 3752 3349 3802 tua
3362 3764 3419 3804 m
3439 3766 3599 3805 com-

1935 3831 2267 3904 pleverunt,
2294 3832 2597 3889 credendo
2633 3834 2693 3887 in
2725 3849 2843 3889 me.

2009 3923 2165 3976 Vers.
2199 3926 2251 3976 7.
2284 3922 2457 3978 Nunc
2486 3954 2554 3962 —
2580 3929 2739 3978 sunt.
2764 3954 2832 3963 ——
2856 3924 3057 3988 Nunc,
3092 3930 3407 3999 postquam
3438 3928 3597 3985 vide-

1934 4010 2839 4083 licetdidicerunt,cogn0verunt
2853 4015 3012 4085 quod
3024 4017 3224 4071 omnia
3237 4032 3368 4087 quae
3380 4018 3598 4075 dedisti

1934 4102 2104 4169 mihi,
2148 4100 2262 4155 hoc
2302 4107 2412 4164 est,
2446 4102 2823 4174 Quaecunque
2852 4104 2985 4159 dico
3034 4121 3104 4159 ac
3144 4104 3353 4171 doceo,
3405 4107 3510 4163 abs
3542 4113 3597 4165 te

1934 4196 2095 4258 sunt,
2130 4196 2229 4245 tua
2276 4197 2413 4245 sunt
2460 4198 2778 4263 praacepta,
2807 4198 2859 4247 et
2900 4193 3044 4247 nihil
3106 4194 3250 4249 mihi
3281 4197 3592 4267 proprium

1935 4285 2024 4337 est
2052 4285 2157 4335 aut
2181 4278 2444 4335 alienum
2476 4296 2513 4336 a
2544 4286 2624 4338 te.
2669 4282 2890 4337 Deinde
2920 4282 3105 4339 etiam
3135 4283 3272 4339 dicit
3308 4285 3461 4341 unde
3486 4286 3594 4343 hoc

1934 4372 2367 4437 cognoverunt.

2008 4457 2170 4512 Vers.
2205 4460 2257 4513 8.
2312 4458 2464 4525 Quia
2501 4488 2570 4497 —
2598 4457 2829 4515 misisti.
2892 4458 3013 4515 Hoc
3061 4467 3473 4531 cognoverunt
3523 4481 3597 4521 ex

1936 4545 2156 4613 verbis,
2199 4561 2336 4619 quas
2377 4546 2513 4603 dedi
2545 4547 2648 4602 eis.
2691 4547 2997 4619 Siquidem
3054 4560 3256 4622 aperte
3300 4552 3598 4611 docebam

1936 4642 2037 4693 tua
2065 4648 2195 4692 esse
2217 4651 2599 4708 quaecunque
2624 4636 2902 4693 dicebam
2935 4654 3005 4695 ac
3036 4639 3354 4698 docebam.
3390 4644 3456 4699 Et
3480 4643 3599 4715 ipsi

1938 4731 2314 4798 acceperunt,
2341 4725 2513 4781 facile
2549 4726 2847 4797 persuasi.

2009 4816 2145 4871 Haec
2170 4820 2372 4871 autem
2401 4820 2456 4871 et
2486 4814 2703 4871 similia
2726 4815 2989 4889 loquitur
3014 4820 3089 4873 ad
3112 4818 3369 4887 Patrem,
3402 4826 3598 4878 osten-

1938 4906 2087 4962 dens
2116 4904 2448 4978 discipulis,
2482 4921 2664 4977 quem
2703 4921 2847 4976 erga
2866 4907 2999 4963 illos
3039 4908 3287 4965 haberet
3302 4926 3595 4971 amorem.

1938 4998 2089 5051 Nam
2117 4996 2213 5067 qui
2250 5010 2373 5051 non
2403 5000 2637 5051 tantum
2680 5011 2791 5051 sua
2830 4995 3050 5064 tribuit,
3087 4998 3192 5054 sed
3221 5002 3278 5054 et
3307 4998 3495 5056 alium
3520 5003 3599 5060 ad

1935 5085 2051 5142 hoc
2080 5089 2376 5157 precatur,
2421 5083 3019 5143 vehementissimum
3056 5087 3314 5146 ostendit
3356 5089 3598 5148 deside-

1937 5192 2115 5233 rium.

1999 5323 2047 5358 ⁴²
2081 5322 2258 5378 Joan.
2286 5337 2379 5377 xv.
2416 5322 2497 5376 l9.

1419 5506 1645 5578 Varias
1682 5506 2015 5577 lectiones
2053 5514 2118 5574 et
2169 5515 2373 5573 notae.

292 5671 403 5746 (82)
434 5672 673 5730 Inclusa
704 5671 926 5731 absunt
949 5680 1013 5733 A.
1074 5685 1080 5701 '
1359 5731 1375 5746 ,

291 5743 408 5823 (83)
459 5750 561 5801 Καὶ
606 5746 660 5815 οἶ,
692 5761 802 5821 pro
861 5748 981 5818 ὅσα,
1033 5750 1096 5809 Β.
1145 5743 1416 5826 Ἕγνωσαν
1443 5754 1674 5819 autem,
1701 5750 1839 5811 loco

1940 5678 2163 5752 ᾒνωκαν
2178 5675 2428 5752 versu],
2455 5692 2591 5734 cum
2622 5674 3051 5749 Chrysostomo
3094 5673 3254 5750 legit,
3289 5677 3392 5752 qui
3440 5691 3597 5738 vers.

1940 5700 1980 5729 ε’
1999 5700 2163 5729 νωκαν
2180 5700 2353 5733 versu
2390 5700 2428 5745 ί,

1933 5700 1995 5819 ί
2014 5754 2073 5807 et
2101 5754 2134 5807 8
2164 5747 2455 5819 confudit,
