4108 6390
514 323 651 391 1113

510 551 715 609 homo.
750 555 900 607 Nam
927 557 982 608 et
1008 552 1104 609 hic
1136 557 1190 609 et
1218 552 1278 607 in
1309 552 1583 625 sequenti
1617 553 1909 609 sententia.
1940 552 2171 627 capitur

514 650 684 715 ερωτῶ
715 656 824 713 pro
849 642 1093 697 obsecro.

584 732 749 787 Vers.
785 736 836 787 9.
866 732 1001 787 Non
1032 763 1099 773 —-
1129 738 1287 788 sunt.
1324 734 1451 788 Non
1478 747 1589 804 pro
1628 732 1860 789 mundo
1892 732 2171 788 universo

511 836 744 893 precor,
766 821 870 875 sed
888 836 996 889 pro
1013 820 1107 877 his
1125 822 1229 893 qui
1280 822 1532 878 credunt
1568 821 1629 878 in
1662 838 1796 890 me;
1830 836 1972 877 nam
1992 821 2171 894 quiin

512 926 607 965 me
624 926 743 966 non
762 911 1022 974 credunt,
1047 912 1258 967 nolunt
1278 916 1338 966 ut
1356 926 1464 983 pro
1488 911 1575 967 eis
1605 927 1793 967 orem.
1821 912 2174 983 Frequenter

511 1005 712 1055 autem
770 1000 937 1072 ponit
985 999 1233 1056 verbum
1291 999 1520 1068 dedisti,
1570 1007 1631 1056 ut
1662 1001 1891 1056 ﬁrmius
1917 999 2169 1067 discant,

512 1089 678 1162 quod
726 1090 905 1145 Patris
964 1089 1239 1145 voluntas
1281 1090 1352 1146 sit
1385 1092 1445 1145 ut
1503 1090 1779 1146 credatur
1844 1091 1904 1145 in
1940 1089 2167 1145 Filium.

510 1179 726 1235 Verum
753 1179 911 1251 quia,
946 1178 1188 1244 Dedisti,
1226 1184 1282 1235 et
1310 1180 1418 1236 Tui
1448 1186 1607 1245 sunt,
1659 1196 1728 1235 ac
1761 1179 1999 1243 similia,
2031 1179 2171 1233 insi-

509 1268 808 1341 pientibus
870 1282 1087 1339 pravas
1157 1272 1515 1340 generatura
1546 1274 1715 1325 erant
1774 1269 2168 1340 suspiciones,

508 1372 722 1429 nempe
743 1356 909 1429 quod
937 1357 1127 1428 major
1147 1363 1204 1413 et
1234 1352 1537 1429 antiquior
1567 1363 1726 1414 esset
1752 1355 1939 1414 Patris
1968 1360 2170 1429 poten-

509 1448 612 1514 tia,
644 1446 756 1503 has
798 1446 969 1502 solvit
993 1445 1199 1502 dicens
1228 1469 1239 1501 :

580 1537 748 1592 Vers.
780 1536 867 1591 10.
908 1536 985 1592 Et
1025 1566 1095 1576 —
1122 1551 1273 1592 mea.
1334 1536 1517 1592 Vides
1573 1536 1874 1593 honorum
1927 1534 2171 1608 aequali-

506 1628 688 1683 tatem
731 1625 760 1682 7
789 1641 932 1682 nam
979 1625 1090 1680 hoc
1122 1624 1420 1696 signiﬁcat
1458 1640 1619 1681 nunc
1661 1624 1773 1681 ista
1832 1625 2165 1680 conversio.

512 1714 660 1770 Cum
693 1713 852 1769 enim
884 1713 1050 1778 dixit,
1089 1714 1196 1768 Tui
1215 1720 1369 1779 sunt,
1406 1713 1681 1779 ostendit,
1706 1713 1870 1786 quod
1899 1714 2075 1769 etiam
2108 1711 2168 1769 hi

1851 316 2565 396 EUTHYMIImGABENI

584 461 748 519 Vers.
777 461 831 518 9.
864 461 993 534 Ego
1017 495 1084 504 —
1107 477 1263 534 rogo.
1290 464 1398 518 Pro
1426 462 1507 518 eis
1528 466 1584 519 te
1610 446 1843 535 precor,
1880 465 2168 535 tanquam
2203 465 2248 519 Α

2350 462 2486 536 Ἐγώ
2548 496 2617 504 —
2672 462 2864 538 ἐρωτῶ.
2932 462 3082 537 ’Υπὲρ
3134 462 3302 516 αὐτῶν
3360 462 3647 539 παρααύῶ
3695 463 3773 532 at,
3826 464 3899 527 ὥς

2281 550 2521 627 ἂνθρωπο
2534 573 2573 615 ς.

2353 730 2427 784 Οὔ
2466 763 2533 774 -
2564 732 2713 785 εἰσιν.
2742 730 2818 784 Οὐ
2851 730 2967 805 περὶ
3006 739 3098 784 τοῦ
3131 730 3334 804 κόσμου
3365 736 3558 796 παντὸς
3586 733 3897 808 παρακαλῶ,

2282 820 2409 873 ἀλλὰ
2443 826 2560 893 περὶ
2611 829 2711 873 τῶν
2758 827 3106 873 πιστευόντων
3157 822 3229 884 εἰς
3273 820 3378 894 ἐμέ.
3418 823 3484 875 Οἱ
3527 825 3629 896 γὰρ
3662 826 3733 895 μὴ
3768 839 3899 875 πισ-

2280 914 2508 972 τεύοντες
2541 911 2598 962 οὐ
2633 910 2867 963 θέλουσιν
2896 912 2979 963 ἵνα
3009 916 3124 984 περὶ
3154 910 3318 963 αὐτῶν
3346 912 3648 985 παρακαλῶ.
3685 918 3898 973 Πυκνῶς

2281 996 2341 1052 δὲ
2386 1000 2569 1057 τίθησι
2627 1005 2685 1052 τὸ
2734 996 2993 1065 Δέδωκάς,
3060 1001 3141 1052 ἵνα
3195 1002 3409 1073 μάθωσι
3456 1000 3784 1076 βεϐαιότερον
3817 1003 3899 1053 ὅτι

2283 1088 2480 1161 θέλημα
2527 1098 2619 1141 τοῦ
2680 1094 2882 1162 Πατρός
2943 1092 3051 1141 ἐστι
3112 1092 3168 1142 τὸ
3228 1093 3491 1142 πιστεύειν
3532 1089 3600 1151 εἰς
3637 1110 3725 1143 τον
3750 1092 3893 1145 Υἱόν.

2278 1177 2447 1251 [Ἐπεὶ
2488 1178 2601 1247 (84)
2652 1176 2709 1231 δὲ
2750 1183 2804 1231 τὸ
2866 1175 3103 1240 Δέδωκάς
3141 1198 3249 1252 μοι,
3290 1184 3379 1232 καὶ
3408 1183 3467 1232 τό
3514 1185 3600 1233 Σοί
3647 1180 3771 1249 εἰσι,
3804 1184 3897 1233 καὶ

2279 1266 2343 1319 τὰ
2368 1262 2585 1320 τοιαῦτα
2630 1267 2830 1341 ἔμελλον
2873 1267 3161 1341 ἐμποιῆσαι
3208 1268 3333 1330 τοῖς
3359 1267 3627 1332 ἀσυνέτοις
3659 1269 3896 1340 ὑποψίας

2280 1376 2509 1429 πονηράς
2538 1359 2618 1409 ὅτι
2647 1358 2839 1430 μείζων
2867 1360 2896 1415 ἡ
2924 1357 3136 1420 ἐξουσία
3161 1366 3251 1411 τοῦ
3286 1361 3486 1433 Πατρός
3508 1362 3598 1411 καὶ
3618 1376 3899 1432 προγενεσ-

2277 1451 2418 1520 τέρα,
2442 1446 2551 1498 λύει
2574 1449 2771 1508 ταύτας
2793 1445 2995 1518 λέγων]

2355 1541 2453 1589 Καὶ
2501 1567 2569 1576 ο-
2618 1534 2733 1608 ἒμά.
2796 1533 2948 1597 Εἶδες
3003 1536 3268 1609 ἰσοτιμίαν
3310 1553 3324 1603 ;
3381 1544 3536 1589 τοῦτο
3586 1538 3690 1611 γὰρ
3739 1534 3898 1595 δηλοί

2278 1631 2364 1675 νῦν
2422 1626 2451 1682 ἡ
2514 1626 2854 1698 ἀναστροφή.
2934 1623 3105 1676 Εἰπὼν
3164 1625 3253 1697 μὲν
3305 1621 3392 1677 οὖν
3447 1627 3528 1677 ὅτι
3585 1630 3673 1677 Σοί
3731 1626 3891 1691 εἰσιν,

2278 1708 2467 1773 ἔδειξεν
2548 1714 2629 1763 ὅτι
2690 1715 2777 1763 καὶ
2830 1707 3062 1772 δοθέντες
3136 1712 3278 1783 αὐτῷ
3350 1721 3444 1773 τῆς
3506 1711 3743 1775 ἐξουσίας
3800 1722 3899 1765 τοῦ

508 1806 611 1877 qui
653 1803 765 1859 sibi
793 1804 915 1858 dati
945 1808 1101 1867 sunt,
1130 1806 1393 1875 paternas
1425 1803 1542 1858 sint
1570 1804 1901 1875 potestatis,
1932 1819 2005 1858 ne
2032 1803 2168 1875 quis

2297 1805 2484 1874 ἷατρός
2531 1800 2680 1853 εἰσιν.
2742 1799 2854 1854 Ἵνα
2902 1796 2960 1853 δὲ
3014 1805 3086 1873 μὴ
3143 1806 3333 1874 νομίσῃ
3385 1821 3465 1864 τις
3523 1801 3752 1855 ἐντεῦθεν
3814 1804 3895 1855 ὅτι

507 1908 650 1963 ergo
673 1893 1060 1963 potentiorem
1092 1896 1328 1963 putaret
1356 1892 1605 1958 Patrem,
1630 1891 1864 1949 addidit
1901 1894 2009 1948 :Et
2040 1908 2167 1950 mea

508 1985 708 2039 omnia
740 1990 840 2037 tua
860 1987 1015 2045 sunt,
1038 1985 1090 2037 et
1110 1987 1211 2038 tua
1229 1997 1356 2038 mea
1376 1988 1534 2037 sunt.
1570 1983 1773 2055 Itaque
1805 1983 1981 2038 etiam
2003 1990 2169 2038 ante-

508 2084 692 2145 quam
720 2073 1022 2136 darentur,
1050 2070 1171 2127 Filii
1201 2074 1392 2136 erant,
1428 2076 1483 2127 et
1508 2077 1831 2143 postquam
1860 2071 1983 2127 dati
2007 2076 2159 2133 sunt.

508 2162 693 2217 Patris
728 2166 1203 2233 permanserunt,
1230 2160 1347 2216 hoc
1389 2166 1494 2226 est,
1550 2176 1787 2233 semper
1819 2161 2163 2228 amborum,

510 2254 716 2323 utpote
754 2250 1078 2322 aequalium
1110 2250 1171 2305 in
1196 2250 1531 2307 honoribus
1563 2255 1617 2306 et
1647 2250 1847 2307 bonis.
1880 2253 1992 2306 Eos
2023 2266 2165 2323 ergo

510 2340 656 2397 mihi
695 2339 927 2405 dedisti,
975 2341 1080 2412 qui
1110 2340 1227 2396 mei
1258 2346 1443 2396 erant.
1479 2339 1706 2396 Dedisti
1728 2355 1870 2395 vero
1895 2340 2014 2395 dixi
2047 2340 2165 2395 dis-

505 2429 866 2504 pensatoris,
888 2433 952 2483 ut
968 2433 1352 2498 cognoscant,
1385 2428 1553 2502 quod
1576 2444 1698 2484 non
1722 2432 1928 2500 praater
1953 2428 2168 2486 volun-

508 2523 686 2575 tatem
716 2515 1009 2573 tuamhos
1040 2516 1412 2572 attraxerim.‘

577 2607 742 2663 Vers.
778 2609 859 2660 10.
896 2606 970 2660 Et
996 2636 1063 2644 ——
1090 2605 1188 2662 eis.
1223 2605 1411 2661 Etiam
1445 2609 1800 2677 potestatem
1842 2605 2074 2662 habens
2106 2606 2163 2662 in

505 2697 601 2755 his
628 2711 765 2769 quas
796 2701 899 2751 tua
929 2699 1082 2760 sunt,
1116 2694 1270 2750 sicut
1306 2696 1365 2750 in
1390 2695 1482 2751 his
1514 2704 1647 2768 quae
1673 2711 1808 2752 mea
1840 2695 2169 2768 :quemad—

508 2786 765 2843 modum
786 2788 843 2840 et
871 2788 933 2839 tu
985 2784 1044 2839 in
1083 2784 1175 2839 his
1234 2800 1369 2856 quae
1424 2800 1560 2840 mea
1592 2788 1748 2850 sunt,
1795 2784 1945 2840 sicut
1974 2785 2036 2841 in
2074 2784 2167 2841 his

507 2892 640 2949 quae
680 2880 799 2930 tua.

580 2964 701 3031 Vel,
728 2962 1095 3033 gloriﬁcatus
1119 2978 1253 3018 sum
1294 2961 1354 3018 in
1382 2961 1710 3035 discipulis,
1743 2965 1846 3035 qui
1871 2963 2013 3019 mihi
2040 2963 2165 3020 dati

506 3057 665 3121 sunt,
688 3051 1153 3124 agnoscentibus
1173 3067 1267 3107 me
1285 3051 1604 3107 Dominum
1623 3066 1822 3118 suum,
1844 3052 2168 3109 etadoran-

503 3144 663 3201 tibus
690 3158 761 3197 ac
800 3139 1264 3212 praedicantibus
1306 3156 1400 3196 me
1423 3140 1633 3196 Deum.

576 3232 746 3287 Vers.
780 3235 861 3286 11.
894 3231 972 3285 Ει
1001 3261 1070 3269 --
1106 3230 1345 3285 mundo.
1402 3229 1589 3285 Paulo
1630 3234 1765 3301 post
1812 3229 2160 3286 moriturus.

507 3325 759 3379 Rursum
791 3324 988 3377 autem
1029 3334 1367 3375 sermonem
1400 3318 1474 3374 de
1528 3324 1717 3375 morte
1750 3335 1861 3375 sua
1914 3318 2161 3387 inducit,

504 3410 1039 3469 commendaturus
1072 3424 1175 3463 eos
1201 3413 1495 3481 tanquam
1521 3407 1709 3464 homo
1739 3409 1860 3465 D‘eo
1882 3424 1951 3465 ac
1983 3409 2161 3466 Patri.

505 3503 593 3558 Ait
617 3516 778 3572 ergo,
808 3500 935 3555 Iam
961 3513 1082 3555 non
1112 3513 1235 3554 sum
1274 3500 1337 3553 in
1369 3496 1611 3567 mundo,
1661 3498 1813 3554 sicut
1850 3498 2161 3566 hactenus,

503 3608 641 3648 cum
696 3590 782 3647 eis
826 3603 1145 3645 conversar
1202 3592 1258 3643 et
1294 3586 1681 3653 conﬁrmans,
1738 3587 2039 3659 inungens
2098 3605 2164 3646 ac

505 3681 826 3738 consolans
868 3676 1021 3732 illos.

575 3769 741 3826 Vers.
770 3767 857 3823 11.
909 3766 987 3822 Et
1044 3796 1113 3807 -
1164 3770 1321 3822 sunt.
1369 3762 1651 3821 Nondum
1698 3765 2044 3831 morientes,
2108 3772 2166 3823 et

505 3863 823 3933 propterea
853 3864 955 3912 tuo
984 3861 1163 3926 egent
1212 3854 1453 3912 auxilio.
1488 3856 1631 3910 Cum
1665 3860 1863 3911 autem
1896 3855 2161 3924 dixisset,

502 3950 637 4006 Jam
664 3963 781 4003 non
806 3962 933 4003 sum
960 3945 1024 4001 in
1055 3945 1298 4011 mundo,
1332 3945 1750 4016 interpretatur
1774 3944 1888 4001 hoc
1915 3945 2119 4001 dicens
2148 3964 2161 4003 :

576 4038 741 4094 Vers.
784 4036 872 4094 11.
905 4036 984 4091 Ει
1024 4067 1090 4077 -
1122 4036 1304 4091 venio.
1341 4034 1501 4089 Sicut
1551 4032 1731 4089 Filius
1772 4033 1851 4090 ad
1905 4033 2161 4100 Patrem,

502 4130 919 4185 consummato
944 4126 1071 4196 jam
1106 4139 1305 4196 opere,
1350 4126 1414 4178 ut
1440 4123 1665 4179 dictum
1696 4127 1803 4179 est.

578 4216 743 4274 Vers.
772 4218 858 4270 11.
891 4216 1069 4271 Pater
1104 4244 1173 4253 -
1209 4228 1318 4269 me.
1351 4215 1455 4268 Per
1480 4228 1703 4267 nomen
1753 4218 1923 4268 tuum
1974 4212 2163 4268 omni-

506 4312 743 4379 potens,
774 4303 939 4377 quod
984 4309 1039 4359 et
1092 4317 1202 4373 ego
1234 4304 1452 4358 natura
1488 4302 1712 4357 habeo.
1768 4301 1919 4357 Nam
1960 4306 2015 4358 et
2054 4318 2165 4375 ego

507 4398 661 4453 Deus
693 4412 851 4450 sum.
885 4394 1095 4449 Iterum
1111 4397 1312 4447 autem
1343 4390 1718 4458 ait,donasti,
1752 4405 1826 4446 ne
1860 4390 1977 4447 Deo
2004 4390 2169 4447 vide-

504 4491 668 4542 retur
704 4498 839 4540 esse
866 4481 1214 4539 contrarius.
1249 4480 1373 4551 Vel,
1398 4480 1560 4552 quod
1586 4476 1801 4537 dedisti
1828 4478 1998 4549 mihi,
2040 4486 2165 4537 tan-

508 4588 698 4648 quam
734 4572 985 4629 homini.

579 4666 744 4720 Vers.
774 4666 827 4719 It
863 4662 933 4720 Ut
961 4662 1078 4719 sint
1107 4676 1311 4718 unum.
1339 4659 1576 4716 Unitate
1604 4657 1769 4726 ﬁdei,
1800 4675 1937 4733 quae
1975 4658 2037 4715 in
2070 4674 2166 4717 me

508 4758 614 4820 est,
656 4757 715 4809 et
744 4757 952 4809 mutua
980 4751 1315 4816 dilectione,
1352 4748 1427 4806 de
1478 4764 1601 4822 qua
1649 4747 1925 4821 superius
1977 4748 2168 4805 multa

508 4843 593 4901 eis
604 4845 984 4916 praeceperat.

577 4932 746 4990 Vers.
773 4933 834 4988 11
856 4975 870 4991 .
898 4930 1067 4990 Sicut
1093 4945 1220 4987 nos.
1250 4926 1523 4984 Prasdixit
1547 4927 1731 4999 enim,
1758 4927 1877 5000 Ego
1908 4932 1962 4985 et
1984 4928 2169 4986 Pater

507 5028 709 5081 unum’
724 5030 922 5080 sumus
946 5023 1020 5077 ⁴⁸.
1052 5021 1221 5077 Prius
1243 5022 1444 5075 autem
1467 5016 1595 5074 aliis
1622 5018 1682 5075 in
1713 5017 1859 5075 loCis
1880 5018 2164 5075 disserui-

582 5179 627 5213 ⁵³
658 5178 827 5234 Joan.
852 5192 912 5244 x,
939 5176 1027 5231 30.

2278 1890 2808 1964 ἐξουσιαστικώτερος
2865 1889 3007 1941 ἐστιν
3067 1891 3091 1941 ὁ
3148 1894 3351 1965 Πατὴρ,
3408 1893 3723 1965 προσέθηκεκ
3790 1896 3897 1944 καί

2275 1982 2337 2031 τὰ
2380 1978 2477 2051 ἐμὰ
2526 1982 2714 2041 πάντα,
2752 1981 2819 2030 σά
2873 1977 3003 2044 ἐστι,
3067 1981 3244 2031 καὶτὰ
3293 1981 3363 2032 σὰ
3405 1978 3522 2051 ἐμά.
3561 1979 3741 2051 [Ὥστε
3773 1978 3892 2051 (83)

2274 2074 2363 2121 καὶ
2419 2073 2519 2144 πρὸ
2574 2076 2667 2120 τοῦ
2721 2064 2943 2126 δοθῆναι
3000 2076 3092 2120 τοῦ
3137 2071 3263 2121 Tim}
3315 2066 3471 2135 ἦσαν,
3518 2075 3607 2121 καὶ
3653 2072 3785 2142 μετὰ
3829 2072 3893 2122 τὸ

2276 2155 2498 2218 δοθῆναι
2554 2165 2645 2211 τοῦ
2712 2161 2937 2229 Πατρός,
3002 2162 3270 2211 τουτέστιν
3326 2157 3404 2212 ἀεὶ
3458 2158 3757 2234 ἀμφοτέρων
3818 2161 3895 2221 ὡς

2276 2246 2547 2319 ἰσοτίμων.
2616 2243 2859 2308 Δέδωκας
2926 2242 3013 2299 οὖν
3095 2265 3185 2319 μοι
3242 2251 3363 2309 τοὺς
3425 2246 3595 2320 ἐμούς.
3650 2243 3896 2309 Δέδωκας

2275 2333 2335 2390 δὲ
2382 2333 2522 2389 εἶπον
2580 2336 2937 2409 οἰκονομικῶς,
2999 2337 3089 2387 ἵνα
3138 2345 3332 2409 γνῶσιν
3385 2339 3467 2391 ὃτι
3517 2336 3577 2389 οὐ
3624 2340 3768 2410 παρά
3827 2340 3892 2390 τὸ

2276 2430 2366 2478 σὸν
2403 2425 2599 2498 θέλημα
2629 2428 2845 2486 τούτους
2877 2423 3307 2500 ἔπεσπασάμην].

2352 2608 2449 2657 Καὶ
2494 2636 2558 2645 -
2589 2603 2788 2667 αὐτοῖς.
2846 2607 2947 2656 Καὶ
2992 2602 3234 2666 ἐξουσίαν
3280 2605 3389 2676 ἔχω
3431 2602 3482 2656 ἐν
3531 2610 3635 2666 τοῖς
3668 2609 3782 2667 σοῖς
3821 2605 3897 2667 ὡς

2276 2693 2435 2766 ἐμοῖς,
2465 2692 2637 2767 ὥσπέρ
2666 2698 2755 2746 καὶ
2789 2696 2854 2746 σὺ
2884 2696 2934 2746 ὲν
2966 2701 3077 2755 τοῖς
3107 2693 3251 2766 ἐμοῖς
3278 2695 3343 2755 ὣς
3370 2700 3503 2756 σοῖς.

2345 2959 2435 3027 Ἦ,
2476 2957 2807 3033 δεδόξασμαι
2857 2958 2901 3011 ἰν
2930 2956 3285 3021 τοῖςνδοθεῖσὶ
3322 2979 3412 3033 μοι
3451 2960 3718 3033 μαθηταῖς
3773 2962 3893 3012 ἑπι-

2272 3058 2458 3122 γνοῡσι
2534 3052 2622 3122 μὲν
2703 3052 2888 3123 Κύριον
2974 3050 3168 3103 ἑαυτῶν
3214 3055 3304 3102 καὶ
3383 3057 3742 3123 προσκυνοῦσι
3796 3053 3890 3103 καὶ

2273 3159 2337 3197 κη
2344 3142 2598 3214 ρύττουσὶ
2626 3158 2689 3211 με
2715 3142 2862 3193 Θεὸν.

2349 3233 2447 3281 Καὶ
2502 3260 2565 3269 -—
2613 3230 2815 3300 κόσμῳ.
2893 3230 3039 3280 Μετὰ
3108 3229 3293 3303 μικρὸν
3352 3226 3715 3287 ἀποθνήσκων.
3771 3229 3887 3279 Ποῖ-

2272 3318 2349 3369 λιν
2377 3319 2485 3389 (86)
2520 3314 2578 3370 δὲ
2617 3317 2817 3389 εἰσάγει
2844 3320 2899 3369 τὸ
2930 3321 3047 3390 περὶ
3092 3323 3185 3369 τοῦ
3220 3318 3443 3369 θανάτου
3473 3316 3654 3381 αὑτοῦ,
3688 3315 3887 3388 μέλλων

2274 3407 2485 3473 αὐτοὺς,
2518 3409 2581 3467 ὡς
2607 3408 2892 3479 ἄνθρωπος,
2940 3407 3272 3480 παραθέσθαι
3292 3412 3364 3477 τῷ
3395 3410 3509 3477 Θεῷ
3564 3410 3654 3457 καὶ
3687 3409 3880 3479 Πατρί.

2275 3500 2439 3555 Φησὶν
2470 3496 2558 3548 οὖν
2580 3498 2664 3548 ὅτι
2709 3496 2899 3548 Οὐκέτι
2930 3496 3045 3564 (87)
3078 3495 3183 3568 εἰμί
3222 3493 3271 3547 ἐν
3302 3502 3375 3566 τῷ
3405 3498 3609 3568 κόσμω,
3646 3495 3884 3567 καθάπερ

2273 3588 2409 3659 ἄχρι
2463 3593 2570 3655 νῦν,
2612 3590 2797 3652 συνὼν,
2850 3590 2941 3638 καὶ
2994 3584 3281 3660 στηρίζων,
3346 3588 3437 3637 καὶ
3496 3583 3734 3657 ἀλείφων,
3795 3586 3888 3636 καὶ

2274 3682 2582 3749 παρηγορῶν
2607 3674 2788 3735 αὐτούς
2813 3673 2948 3747 (88).

2350 3766 2474 3836 [Καὶ
2527 3763 2640 3837 (89)
2688 3796 2756 3805 -
2807 3763 2927 3819 εἰσί.
2980 3767 3153 3822 Μήπω
3198 3761 3635 3827 ἀποθνήσκοντες,
3667 3765 3757 3815 καὶ
3792 3757 3891 3815 διὰ

2274 3862 2428 3907 τοῦτο
2466 3862 2562 3915 τῆς
2612 3861 2706 3913 σῆς
2766 3849 2971 3905 δέονται
3025 3851 3296 3925 βοηθείας.
3346 3852 3516 3906 Εἰπὼν
3557 3849 3617 3906 δὶ
3661 3854 3741 3905 ὅτι
3776 3853 3891 3904 οὐκ

2277 3943 2383 4016 εἰμι
2412 3942 2460 3995 ἐν
2491 3950 2560 4013 τῷ
2590 3947 2795 4015 κόσμῳ,
2831 3940 3157 4017 ἐφερμηνεύει
3182 3950 3335 3995 τοῦτο
3359 3941 3540 4015 λέγων·

2350 4037 2450 4085 Καὶ
2497 4063 2565 4072 -
2611 4030 2883 4106 ἔρχομαι]
2933 4030 3021 4094 Ὠς
3066 4034 3186 4095 Υἱὸς
3214 4035 3347 4106 πρὸς
3385 4035 3613 4105 Πατέρα,
3646 4034 3705 4084 τὸ
3737 4032 3890 4105 ἔργον

2276 4122 2570 4188 τελειώσας,
2604 4124 2667 4182 ὡς
2697 4125 2921 4194 εἴρηται.

2349 4213 2515 4287 Πάτερ
2571 4242 2640 4251 --
2692 4231 2800 4274 μοι.
2845 4213 2941 4262 Διά
2986 4216 3079 4262 τοῦ
3130 4209 3385 4283 ὀνόματός
3431 4229 3526 4263 σου
3557 4216 3648 4263 τοῦ
3696 4224 3891 4263 παντο-

2279 4299 2514 4374 δυνάμου
2546 4302 2571 4352 ὃ
2614 4303 2724 4372 ἔχω
2777 4302 2929 4372 φύσει
2975 4298 3141 4371 κάγώ.
3185 4299 3337 4375 [Θεὸς
3387 4300 3499 4373 (90)
3545 4302 3644 4373 ’γὰρ
3692 4298 3887 4373 κάγώ]

2277 4392 2439 4444 Πάλιν
2471 4387 2530 4443 δὲ
2556 4392 2611 4442 τὸ
2653 4386 2909 4455 Δέὸωκας,
2940 4392 3023 4442 ἶνα
3052 4393 3124 4462 μὴ
3158 4386 3287 4464 δόξῃ
3321 4388 3572 4453 ἀντίθεος
3602 4390 3632 4449 ἦ
3666 4390 3692 4441 ὃ
3715 4385 3889 4443 δέδω-

2278 4483 2374 4544 κάς
2400 4500 2511 4554 μοι,
2538 4482 2606 4543 ὡς
2641 4479 2917 4553 ἀνθρώπῳ.

2345 4658 2458 4712 Ἰνα
2501 4655 2628 4711 ὦσιν
2680 4660 2748 4713 ἓν.
2798 4656 2910 4712 Ἰνα
2953 4654 3081 4710 ὦσιν
3113 4658 3183 4725 ἲν,
3230 4662 3292 4731 τῇ
3342 4657 3522 4711 ἑνώσει
3559 4658 3651 4717 τῆς
3682 4655 3760 4717 ἐἰς
3804 4654 3894 4730 ἒμὶ

2274 4753 2518 4814 πίστεως,
2570 4752 2661 4800 καὶ
2704 4756 2799 4810 τῆς
2852 4746 2925 4809 εἰς
2956 4746 3201 4808 ἀλλήλους
3236 4746 3467 4820 ἀγάπης,
3503 4745 3644 4822 [περὶ
3674 4745 3792 4818 (91)
3832 4742 3895 4806 ἧς

2276 4837 2510 4911 ἀνωτέρω
2530 4836 2694 4890 πολλά
2724 4837 2899 4898 αὐτοῖς
2925 4835 3254 4912 ἐνιτιῖλατο].

2348 4929 2535 4989 Καθὼς
2608 4928 2780 5000 ἡμεῖς.
2860 4924 3171 5000 [Προείρηκι
3243 4926 3359 4999 (92)
3428 4927 3553 5002 γάρ’
3616 4926 3697 4979 ὅτι
3752 4925 3893 4997 Ἐνώ

2276 5022 2369 5071 καὶ
2421 5018 2448 5069 ὁ
2507 5020 2686 5093 Πατὴρ
2738 5016 2797 5070 ἰν
2850 5018 3023 5090 ἔσμεν.
3106 5012 3620 5091 Προδιεστιιλάμεθα
3689 5011 3751 5069 δί
3800 5018 3893 5069 καὶ

1692 5296 1916 5365 Variae
1962 5295 2295 5366 lectiones
2352 5304 2418 5364 et
2458 5304 2656 5364 nota.

727 5471 965 5529 Inclusa
998 5467 1216 5526 omittit
1237 5468 1306 5522 A.

608 5540 697 5601 85)
722 5544 961 5600 Inclusa
986 5542 1211 5599 absunt.
1240 5540 1308 5595 A.

604 5614 695 5685 86)
724 5615 901 5683 ,Πάλιν
931 5614 1113 5685 ἐπα-γει
1143 5614 1208 5667 Α.

538 5698 539 5701 “
719 5687 841 5741 Ὀτι
869 5690 964 5741 οὐκ
995 5689 1101 5757 εἰμί
1172 5691 1235 5740 Δ.

606 5693 674 5743 87
719 5693 841 5741 Ὀτι
869 5693 964 5741 οὐκ
995 5693 1101 5757 εἰμί
1172 5693 1235 5740 Δ.

744 5760 883 5818 Post
931 5759 1145 5826 Δύτούς,
1205 5755 1376 5815 addit
1426 5753 1475 5809 Α
1522 5755 1640 5811 ζΤὸ
1673 5747 1734 5807 δὲ
1765 5756 1859 5807 καὶ
1900 5753 2003 5828 ἐγὼ
2038 5755 2174 5830 πρὸς

581 5474 675 5545 (84

678 5473 697 5689 ἔ

2284 5467 2343 5519 σὲ
2366 5466 2623 5539 ἔρχομαι.

2452 5534 2475 5605 j’
2502 5534 2736 5593 inclusa
2776 5534 2999 5593 absunt
3033 5537 3103 5593 A.

2376 5610 2466 5666 90)
2500 5608 2736 5665 Inclusa
2761 5607 3114 5665 exciderunt
3146 5608 3217 5663 Α.

2375 5680 2467 5753 91)
2498 5680 2737 5753 Inclusa
2773 5680 3001 5753 absunt
3036 5683 3108 5737 Α.

2375 5751 2470 5813 92)
2492 5751 2747 5813 inclusa
2766 5751 3023 5813 inissent.
3042 5756 3108 5811 Δ.

2352 5537 2377 5826 Ξ
