4108 6400
219 320 356 389 illis

1208 306 1567 377 COMMENT;
1612 312 1683 372 ut
1724 298 2184 372 ιοΑΝΝΕΜτ-
2225 300 2385 365 CAP.
2428 292 2602 365 xvn.

3451 292 3592 363 itte

215 456 267 511 ἰν
313 455 491 518 ἄλλοις
519 455 603 508 ὅτι
630 455 691 507 τὸ
742 453 930 512 Καθὼς
965 453 1057 502 καὶ
1087 449 1154 501 τὰ
1190 453 1412 500 τοιαῦτα
1456 442 1543 497 ini.
1596 444 1685 516 μεν
1733 448 1830 503 τῆς

1971 454 2091 504 aus,
2111 435 2277 510 quod
2298 436 2472 497 καθὼς
2490 433 2662 500 sicut,
2681 436 2738 491 et
2757 432 2994 498 similia,
3012 433 3087 491 de
3109 441 3320 491 sancta
3343 432 3591 505 quidem

218 548 368 620 ἁγίας
413 541 641 620 Τριάδος
698 542 919 599 ἰσότητα
974 536 1247 601 δηλοῦσιν,
1304 535 1387 587 ἐπὶ
1445 531 1503 586 δὲ
1562 540 1693 586 Θεοῦ
1741 535 1830 583 καὶ

220 636 503 711 ἀνθρώπων
560 635 811 706 ὁμοίωσίν
877 649 1013 683 τινα.
1071 626 1158 680 Ἓν
1232 622 1321 677 οὖν
1375 623 1508 676 εἰσιν
1567 623 1593 674 6
1649 625 1829 695 Πατὴρ

221 731 308 778 καὶ
337 728 364 778 6
390 722 562 797 Υἱὸς],
592 724 767 795 ὥσπερ
798 726 861 792 τῇ
894 717 1053 790 οὐσίᾳ
1097 721 1187 768 καὶ
1216 722 1328 776 τοῖς
1358 713 1554 777 ἄλλοις,
1578 712 1713 764 οὕτω
1742 721 1833 768 καὶ

220 823 286 889 τῇ
316 816 548 887 ὁμονοίᾳ.
588 813 780 865 Λοιπὸν
812 804 898 861 οὖν
924 811 1006 876 τὸ,
1034 809 1218 868 Καθὼς
1238 807 1406 877 ἡμεῖς,
1436 799 1530 855 διὰ
1562 805 1620 853 τὸ
1652 798 1832 853 ἀδιαί-

224 925 369 981 ρετον
397 908 488 955 καὶ
510 898 881 975 ἀδιάῤῥηκτον.

295 994 419 1045 "Ore
444 1023 512 1033 —
543 1010 659 1044 σου.
694 988 819 1041 "Ore
844 991 984 1060 ἤμην
1016 985 1063 1037 ἐν
1093 992 1168 1056 τῷ
1207 988 1390 1055 κόσμῳ
1417 984 1483 1043 ὡς
1515 980 1784 1054 ἄνθρωπος
1818 997 1831 1012 ο

226 1083 309 1135 ἀεὶ
336 1085 433 1155 ’γὰρ
487 1080 591 1152 εἰμι
623 1082 690 1140 ὡς
740 1082 866 1138 Θεὸς
896 1093 908 1106 ·
940 1078 1021 1128 ὅτε
1061 1074 1159 1146 ἐγὼ
1205 1073 1421 1146 ἐτήρουν
1452 1071 1641 1130 αὐτούς
1674 1068 1721 1119 ἐν
1769 1075 1831 1140 τῇ

228 1170 452 1245 δυνάμει
495 1189 612 1236 σου,
657 1172 820 1238 ἤγουν
872 1165 920 1218 ἓν
968 1168 1094 1217 σοί·
1135 1165 1165 1221 ἡ
1208 1162 1303 1235 ἐμὴ
1341 1164 1442 1236 γὰρ
1494 1156 1713 1231 δύναμις
1744 1162 1835 1223 σὴ,

227 1266 319 1314 καὶ
349 1260 448 1332 ἐγὼ
475 1264 565 1311 καὶ
598 1261 663 1310 σὺ
691 1257 739 1310 ἓν
768 1255 946 1329 ἐσμεν.

306 1355 408 1403 Καὶ
457 1352 527 1411 ὡς
574 1349 844 1419 ἄνθρωπος
889 1341 949 1397 δὲ
1000 1350 1169 1395 ταῦτα
1197 1346 1286 1393 καὶ
1336 1342 1401 1393 τὰ
1454 1344 1676 1390 τοιαῦτα
1724 1332 1841 1389 δια-

228 1440 455 1512 λέγεται,
495 1442 587 1489 καὶ
635 1434 730 1490 διὰ
756 1440 850 1493 τὴν
903 1432 1169 1485 ἀσθένειαν
1213 1438 1314 1483 τῶν
1344 1430 1610 1502 μαθητῶν.
1673 1425 1840 1499 [Ἐπεὶ

230 1533 335 1604 ’γὰρ
402 1529 543 1599 (93),
617 1525 780 1579 πολλὰ
845 1528 964 1596 περὶ
1019 1530 1115 1583 τῆς
1176 1520 1299 1593 παρ’
1371 1518 1533 1571 αὐτοῦ
1591 1514 1841 1589 βοηθείας

236 1618 573 1682 ἀκούσαντες,
666 1618 757 1667 καὶ
841 1614 921 1665 ὅτι
992 1610 1150 1663 Πάλιν
1233 1608 1432 1680 ὄψομαι
1513 1608 1669 1676 ὑμᾶς,
1752 1609 1842 1656 καὶ

234 1712 540 1781 χαρήσεται
592 1707 737 1778 ὑμῶν
792 1704 822 1761 ἡ
899 1698 1117 1775 καρδία,
1169 1704 1258 1751 καὶ
1317 1703 1411 1756 τὴν
1468 1698 1643 1769 χαρὰν
1700 1696 1841 1767 ὑμῶν

234 1794 413 1858 οὐδεὶς
464 1798 599 1869 αἰρει
674 1792 761 1865 ἀφ’
818 1794 961 1864 ὑμῶν
995 1809 1006 1820 ·

234 1896 329 1949 τῆς
360 1885 587 1958 ἀθυμίας
623 1883 785 1935 τέλεον
822 1901 831 1911 ·
865 1890 938 1952 τῷ
970 1884 1138 1952 Πατρὶ
1168 1878 1347 1930 λοιπὸν
1377 1879 1503 1949 ύπερ
1534 1874 1702 1927 αὐτῶν
1731 1871 1846 1926 δια-

235 1977 460 2048 λέγεται,
499 1976 582 2026 ἱνα
610 1973 705 2025 κᾶν
743 1978 869 2043 ’γοῦν
899 1978 973 2041 τῷ
1021 1974 1189 2043 Πατρὶ
1218 1968 1621 2041 παρατιθέμενοι
1648 1962 1847 2037 θαρρή-

243 2084 427 2119 σωσιν.
480 2063 695 2122 Ἀτελιῑς
720 2063 823 2134 γὰρ
850 2064 988 2120 ὄντες
1038 2058 1143 2130 ούχ
1189 2058 1332 2110 ούπω
1372 2062 1477 2115 τοῖς
1507 2054 1729 2125 ὑψηλοῖς
1759 2058 1849 2104 καὶ

242 2157 546 2227 θεοπρεπέσι
567 2152 802 2226 ῥήμασιν
842 2152 1110 2201 ἐπίστευον
1141 2149 1210 2209 ὼς
1232 2154 1340 2208 τοῖς
1364 2146 1742 2217 ταπεινοτέροις
1758 2146 1848 2194 καὶ

240 2240 755 2317 ἀνθρωποπρεπέσιν]
769 2282 781 2293 .

315 2332 423 2394 Οὓς
464 2361 527 2373 -
574 2328 845 2388 ἀπωλείας.
890 2322 1117 2389 Ἰούδας,
1175 2326 1201 2377 6
1248 2320 1534 2398 προδότης,
1592 2322 1617 2373 6
1671 2319 1848 2393 φίλτα-

243 2442 332 2484 τος
389 2428 483 2479 τῆς
564 2417 837 2482 ἀπωλείας,
916 2418 941 2467 6
1000 2415 1233 2488 φιληθεὶς
1289 2414 1419 2486 αὐτῇ
1476 2417 1565 2465 καὶ
1628 2410 1852 2483 φιλήσας

245 2512 435 2569 αὑτήν.
492 2506 772 2562 Ἀπωλειαν
822 2503 881 2559 δε
918 2509 1020 2557 νόει
1066 2508 1160 2562 τὴν
1212 2502 1311 2556 ἀπὸ
1341 2509 1433 2555 τοῦ
1481 2508 1614 2555 Θεοῦ
1659 2502 1850 2552 ἔκπτω-

250 2605 329 2654 σίν
383 2618 437 2653 τε
489 2601 583 2650 καὶ
630 2595 992 2671 ἀλλοτρίωσιν,
1062 2597 1092 2650 ἦ
1165 2597 1256 2645 καί
1319 2595 1404 2644 τὸν
1471 2588 1713 2642 διάϐολον
1785 2590 1852 2650 ὡς

247 2688 564 2742 ἀπολλύοντα
619 2688 741 2747 τούς
793 2685 1125 2755 πειθομένους
1178 2682 1333 2751 αὐτῷ.
1396 2679 1680 2753 [Ἀπώλετο
1730 2678 1852 2748 (94)

245 2782 343 2854 γὰρ
389 2779 416 2830 6
460 2772 672 2837 Ἰούδας
718 2774 969 2832 ἑκουσίως
1014 2768 1109 2823 διὰ
1154 2770 1455 2843 φαυλότητα
1483 2771 1850 2841 προαιρέσεως.

252 2874 351 2922 Καὶ
398 2871 503 2939 μὴν
551 2870 641 2918 καὶ
698 2864 844 2917 ἄλλοι
892 2862 994 2915 ἀπὸ
1050 2870 1148 2914 τῶν
1198 2858 1556 2932 ἐϐδομήκοντα
1606 2860 1851 2930 μαθητῶν

249 2957 531 3022 ἀπώλοντο,
565 2955 673 3008 ἀλλ’
705 2954 764 3007 ού
795 2958 932 3019 τότε,
978 2951 1085 3005 ἀλλ’
1116 2951 1356 3027 ὕστερον.
1391 2953 1516 3004 Τότε
1554 2946 1613 3002 δε
1636 2953 1799 3020 νμονος
1825 2948 1852 2999 ὁ

245 3044 482 3123 προδότῃ
494 3067 515 3108 ς
546 3042 801 3116 ἀπώλετο]
816 3086 829 3095 .

1935 527 2211 584 Trinitate
2258 524 2436 589 dicta.
2488 522 2893 595 aequalitatem
2937 522 3315 593 signiﬁcent;
3353 523 3428 578 de
3472 524 3593 578 Deo

1940 631 2078 672 vero
2093 620 2151 671 et
2174 612 2540 679 hominibus,
2563 611 3014 668 similitudinem
3029 610 3378 684 quamdam.
3400 610 3596 667 Unum

1941 721 2084 776 ergo
2109 709 2246 759 sunt
2281 703 2446 758 Pater
2469 707 2527 757 et
2562 700 2752 768 Filius,
2782 702 2931 757 sicut
2956 702 3211 758 essentia
3241 708 3297 756 et
3327 700 3477 766 aliis,
3516 701 3599 757 ita

1941 797 2122 851 etiam
2155 791 2492 848 concordia.
2547 790 2695 846 Dicit
2740 791 2962 863 itaque,
3000 791 3159 847 Sicut
3197 807 3323 855 nos,
3355 796 3599 863 propter

1941 883 2355 941 indivisionem
2386 897 2455 937 ac
2483 879 3076 951 inseparabilitatem.

2020 972 2181 1028 Vers.
2218 975 2301 1026 l2.
2333 971 2476 1026 Cum
2524 974 2793 1024 —tuum.
2824 970 2972 1025 Cum
3018 985 3209 1025 essem
3235 970 3293 1026 in
3346 968 3595 1035 mundo,

1944 1068 2010 1118 ut
2038 1062 2243 1125 homo,
2275 1060 2379 1132 qui
2405 1074 2632 1130 semper
2656 1058 2720 1114 in
2744 1075 2815 1114 eo
2848 1075 3003 1123 sum,
3034 1066 3096 1114 ut
3133 1061 3304 1124 Deus,
3328 1063 3469 1114 tunc
3490 1075 3602 1130 ego

1946 1150 2258 1208 servabam
2288 1165 2389 1205 eos
2412 1164 2517 1221 per
2542 1148 2824 1206 virtutem
2861 1154 3043 1218 tuam,
3066 1150 3190 1204 sive
3217 1164 3320 1219 per
3353 1155 3438 1217 te;
3459 1165 3603 1206 nam

1947 1257 2082 1298 mea
2105 1240 2286 1297 virtus
2318 1244 2419 1295 tua
2450 1242 2556 1303 est,
2587 1244 2642 1294 et
2674 1253 2785 1308 ego
2815 1244 2872 1294 et
2902 1244 2963 1294 tu
2987 1254 3163 1293 unum
3196 1256 3421 1294 sumus.

2020 1331 2158 1386 Haec
2180 1333 2383 1385 autem
2399 1332 2455 1383 et
2475 1326 2691 1383 similia
2710 1327 2990 1399 loquitur,
3014 1332 3071 1383 et
3088 1333 3373 1400 tanquam
3396 1328 3603 1397 homo,

1948 1423 2007 1476 et
2038 1423 2280 1492 propter
2316 1416 2756 1488 discipulorum
2781 1415 3263 1473 imbecillitatem.
3296 1416 3604 1489 Siquidem

1949 1511 2094 1584 quia
2138 1508 2343 1564 multis
2385 1507 2460 1563 de
2504 1507 2634 1577 ejus
2693 1506 2916 1563 auxilio
2960 1507 3199 1573 auditis,
3246 1512 3348 1564 et:
3390 1508 3606 1563 Iterum

1950 1599 2147 1657 videbo
2194 1612 2313 1660 vos.
2369 1601 2422 1653 et
2458 1596 2727 1667 gaudebit
2778 1612 2880 1653 cor
2923 1603 3191 1663 vestrum,
3229 1603 3287 1653 et
3330 1598 3607 1667 gaudium

1950 1695 2203 1745 vestrum
2230 1701 2391 1742 nemo
2427 1686 2591 1741 tollet
2617 1700 2655 1741 a
2684 1684 2842 1741 vobis
2872 1686 2939 1750 “,
2973 1685 3246 1741 nondum
3278 1687 3532 1757 perfecte
3573 1701 3609 1742 a

1072 1790 1165 1842 οὐκ
1250 1785 1630 1858 ἀπηλλάγησαν
1700 1786 1844 1836 οὔπω

1971 1793 2208 1835 nmrore
2230 1776 2457 1831 liberati
2475 1781 2669 1830 erant:
2696 1774 2852 1831 Patri
2873 1774 3155 1846 deinceps
3180 1790 3288 1845 pro
3318 1776 3400 1830 eis
3420 1774 3610 1847 loqui-

1956 1874 2067 1937 tur,
2087 1868 2233 1922 utPa
2243 1864 2309 1920 tri
2322 1879 2566 1938 quoque
2579 1863 2982 1931 commendati,
3000 1864 3161 1919 bono
3174 1865 3606 1922 essentanimo.

1959 1960 2106 2013 Cum
2137 1956 2296 2011 enim
2331 1952 2675 2025 imperfecti,
2722 1960 2938 2019 essent,
2966 1970 3089 2009 non
3129 1954 3206 2009 ita
3249 1954 3611 2010 sublimibus

1957 2062 2028 2102 ac
2047 2044 2266 2100 divinis
2287 2043 2484 2099 verbis
2507 2043 2847 2108 credebant,
2871 2043 3389 2114 quemadmodum
3417 2044 3613 2099 humi-

1957 2134 2206 2191 lioribus
2245 2150 2316 2191 ac
2342 2149 2512 2189 more
2540 2133 2811 2189 humano
2840 2133 3029 2188 dictis.
3326 2120 3343 2135 ’

2031 2314 2195 2369 Vers.
2253 2318 2333 2368 l2.
2385 2312 2541 2378 Quos
2588 2343 2658 2352 —-
2698 2312 3052 2383 perditionis
3097 2312 3281 2369 ludas
3326 2314 3611 2385 proditor,

1963 2402 2413 2458 amantissimus
2437 2400 2801 2470 perditionis,
2824 2401 3075 2457 dilectus
3096 2402 3176 2457 ab
3209 2417 3301 2471 ea,
3327 2402 3615 2475 illamque

1961 2491 2240 2564 diligens.
2272 2490 2673 2546 Perditionem
2706 2507 2843 2546 vero
2870 2491 3124 2561 intellige
3163 2508 3363 2547 casum
3394 2498 3450 2548 et
3480 2492 3617 2548 alie-

1961 2583 2267 2638 nationem
2290 2596 2327 2635 a
2348 2580 2489 2646 Deo,
2513 2584 2615 2634 aut
2635 2580 2814 2635 etiam
2840 2579 3150 2636 diabolum
3173 2583 3398 2652 ipsum,
3415 2587 3615 2653 utpote

1963 2670 2307 2742 perdentem
2335 2668 2468 2725 illos
2488 2669 2593 2741 qui
2618 2669 2671 2724 ei
2695 2668 2997 2725 obediunt.
3021 2669 3191 2725 Periit
3213 2676 3412 2726 autem
3432 2671 3617 2727 ludas

1962 2764 2307 2831 spontanee,
2351 2764 2594 2831 propter
2644 2758 2969 2815 voluntatis
3017 2760 3389 2830 pravitatem.
3440 2761 3618 2833 Atqui

1962 2848 2140 2905 etiam
2157 2848 2254 2905 alii
2271 2848 2346 2903 de
2358 2847 2741 2920 septuaginta
2756 2849 3076 2919 perierunt,
3090 2864 3300 2905 verum
3317 2864 3439 2905 non
3457 2855 3619 2918 tunc,

1961 2954 2107 2997 nam
2139 2939 2303 2996 solus
2333 2938 2603 3011 proditor
2628 2944 2768 2995 tunc
2797 2940 2971 3011 periit

316 3143 425 3190 Ἰνα
454 3137 484 3194 ἡ
537 3138 711 3209 Γραφὴ
769 3132 1039 3204 πληρωθῇ
1082 3130 1141 3183 Ἠ
1187 3133 1460 3193 Δαυῐτικὴ,
1492 3130 1523 3185 ἡ
1582 3126 1850 3198 πολλαχοῦ

2033 3119 2197 3175 Vers.
2242 3119 2331 3173 l2.
2387 3120 2459 3175 Ut
2508 3118 2823 3188 Scriptura
2867 3120 3268 3188 compteretur.
3315 3119 3617 3185 Davidica,

247 3231 366 3300 περὶ
392 3235 486 3287 τῆς
517 3222 774 3283 ἀπωλείας
805 3221 966 3273 αὐτοῦ
993 3217 1028 3272 δ
1034 3219 1448 3292 ιαλαμϐάνουσιιι,
1477 3222 1568 3270 καὶ
1592 3215 1782 3289 μᾶλλον
1806 3213 1853 3266 ἐν

245 3334 320 3387 τῳ
349 3314 611 3383 ἑκατοστῷ
641 3308 813 3384 ὀγδόῳ
830 3310 1042 3382 ψαλμῷ.
1074 3308 1353 3363 Κάνταῦθα
1371 3311 1540 3360 τοίνυν
1570 3310 1630 3359 τὸ
1663 3306 1745 3358 ἱνα
1762 3304 1854 3357 οὐκ

250 3404 419 3465 αἰτίας
450 3406 559 3456 εστὶ
593 3399 761 3460 δηλωτ
775 3404 902 3465 ικὸν,
937 3398 1068 3451 ἀλλά
1094 3406 1188 3452 τοῦ
1231 3400 1435 3458 πάντως
1477 3399 1742 3469 ἐσομένου,
1776 3397 1856 3447 ὅτι

249 3491 422 3566 μέλλει
445 3493 476 3551 ἠ
513 3494 688 3563 Γραφὴ
717 3489 1078 3563 πληρωθῆναι.

325 3676 432 3723 Νῦν
490 3700 560 3709 -
633 3670 880 3743 ἔρχομαι.
955 3666 1115 3719 Πάλιν
1174 3668 1231 3718 τὸ
1285 3668 1422 3737 Πρὸς
1476 3684 1533 3717 σε
1606 3666 1854 3740 ἔρχομαι,

254 3760 430 3834 ὥσπερ
487 3762 579 3810 καὶ
630 3760 689 3809 τὸ
760 3758 909 3830 [Ιαρά
964 3764 1056 3809 τοῦ
1132 3762 1266 3809 Θεοῦ
1323 3754 1556 3819 ἐξῆλθον,
1626 3758 1717 3805 καὶ
1794 3755 1859 3805 τὰ

255 3857 490 3916 τοιαῦτα,
524 3856 586 3921 τῇ
622 3852 871 3920 συνεχείᾳ
900 3849 1105 3908 πάντως
1134 3848 1218 3898 ἐπὶ
1255 3845 1403 3898 πλέον
1432 3843 1661 3918 βεϐαιῶν
1683 3842 1862 3905 αὐτοῖς

253 3946 442 4007 ταῦτα,
485 3943 577 3990 καί
605 3937 717 4010 οἶμα
744 3938 1085 4010 παραμυθίαν
1116 3937 1343 3988 ἐντεῦθεν
1374 3935 1434 3987 ού
1464 3938 1557 3992 τήν
1586 3940 1862 4004 τυχοῦσαν

252 4032 521 4102 παρέχων.

329 4121 430 4169 Καὶ
486 4146 557 4157 --
626 4114 823 4175 αὐτοῖς.
876 4120 1054 4166 Ταῦτα
1109 4112 1266 4178 λαλῶ,
1327 4115 1375 4164 ἂν
1433 4118 1505 4182 τῷ
1553 4117 1738 4185 κόσμῳ
1794 4117 1861 4165 ὤν

255 4206 350 4260 ἔτι.
414 4212 612 4267 Ταῦτα,
680 4211 849 4270 troia;
899 4207 990 4269 T6,
1052 4206 1190 4277 Πρὸς
1245 4205 1301 4253 σὲ
1353 4204 1601 4276 ἔρχομαι,
1660 4207 1858 4268 καὶτὸ,

253 4301 401 4369 Τήρη
411 4314 499 4347 σον
562 4294 768 4355 αὐτούς.

257 4386 431 4456 ἑχωσι
458 4387 552 4441 τὴν
593 4386 769 4458 χαρὰν
812 4387 905 4441 τὴν
952 4387 1071 4454 περὶ
1118 4381 1241 4453 ἐμοῦ
1269 4379 1493 4445 ὁλοτελῆ,
1529 4380 1865 4454 πληροφορη-

853 4300 1033 4345 Ταῦτα
1104 4288 1214 4356 οὖν,
1288 4295 1469 4364 φησὶν,
1550 4290 1707 4356 λαλῶ,
1782 4292 1865 4341 ἱνα

1963 3225 2099 3282 qum
2130 3209 2468 3280 frequenter
2488 3208 2563 3263 de
2589 3208 2717 3279 ejus
2742 3208 3073 3279 perditione
3088 3208 3369 3280 loquitur,
3394 3216 3448 3265 et
3473 3224 3623 3281 prm-

1966 3300 2137 3371 cipue
2164 3297 2397 3370 psalmo
2432 3300 2760 3353 centesimo
2787 3305 3019 3353 octavo.
3057 3300 3119 3352 Et
3148 3297 3244 3352 hic
3274 3312 3416 3367 ergo
3438 3299 3621 3354 dictio

1965 3394 2046 3455 ut,
2088 3404 2211 3443 non
2258 3393 2347 3443 est
2402 3403 2599 3443 causae
2638 3386 3052 3458 signiﬁcativa,
3104 3387 3210 3442 sed
3256 3388 3409 3459 ejus,
3460 3389 3625 3460 quod

1966 3480 2212 3537 omnino
2262 3477 2530 3533 futurum
2560 3483 2703 3547 erat,
2744 3481 2890 3549 puta
2936 3476 3104 3549 quod
3131 3476 3434 3550 Scriptura
3463 3494 3625 3534 com-

1965 3569 2243 3643 pleretur.

2037 3658 2203 3714 Vers.
2226 3655 2311 3722 13,
2329 3654 2515 3716 Nunc
2530 3685 2599 3694 —
2618 3655 2811 3712 venio.
2830 3656 3086 3710 Rursum
3102 3655 3314 3728 repetit
3332 3656 3440 3729 (Ii),
3464 3656 3553 3712 Ad
3571 3662 3626 3713 te

1968 3747 2154 3814 venio,
2176 3747 2334 3802 sicut
2354 3749 2432 3813 et,
2448 3746 2496 3800 A
2517 3744 2636 3801 Deo
2657 3745 2837 3811 exivi,
2861 3744 2990 3801 haec
3011 3745 3492 3817 frequentissime
3511 3746 3627 3802 illis

1969 3836 2361 3901 conﬁrmans,
2411 3834 2590 3890 simul
2617 3835 2796 3891 etiam
2828 3834 3305 3891 consolationem
3333 3837 3473 3892 hinc
3512 3852 3628 3893 non

1970 3926 2284 3997 vulgarem
2315 3924 2608 3981 tribuens.

2042 4106 2207 4161 Vers.
2249 4106 2343 4161 13.
2394 4105 2467 4158 Et
2512 4132 2585 4145 -—
2633 4102 2970 4173 semetipsis.
3024 4102 3155 4159 Haec
3201 4102 3436 4176 loquor,
3488 4120 3630 4161 cum

1974 4196 2171 4253 adhuc
2188 4196 2249 4250 in
2272 4194 2501 4250 muudo
2524 4210 2693 4261 sum;
2715 4194 2864 4259 haec,
2894 4209 3176 4266 quaenam
3197 4192 3226 4248 ?
3253 4195 3350 4249 Ad
3369 4202 3423 4250 te
3448 4196 3631 4263 venio,

1974 4292 2050 4353 et,
2068 4288 2255 4343 Serva
2284 4300 2400 4341 eos.
2430 4288 2561 4340 Haec
2583 4300 2744 4354 ergo,
2773 4284 2986 4356 inquit,
3009 4283 3243 4356 loquor,
3273 4289 3333 4339 ut
3362 4284 3636 4340 habeant

1973 4375 2263 4447 gaudium
2278 4375 2352 4429 de
2376 4391 2470 4430 me
2495 4392 2507 4429 :
2535 4374 2793 4446 perfecte
2815 4374 3094 4429 certiores
3123 4373 3317 4429 effecti
3341 4373 3506 4446 quod
3537 4388 3633 4429 me

261 4476 425 4534 θέντες
455 4475 534 4525 ὅτι
573 4477 664 4525 καὶ
691 4475 780 4545 ἓμε
826 4472 883 4524 ού
930 4471 1134 4533 καθέξει
1184 4472 1208 4521 6
1259 4467 1412 4540 ᾅδης,
1459 4474 1548 4521 καί
1583 4488 1639 4521 σε
1690 4470 1850 4531 ἐξουση

1975 4481 2098 4521 non
2126 4464 2398 4521 retinebit
2426 4464 2708 4530 infernus,
2754 4468 2813 4518 et
2850 4468 2902 4519 te
2932 4462 3245 4519 habebunt
3274 4465 3632 4535 adjutorem.

265 4561 481 4634 βοηθόν.
517 4562 573 4615 Εἰ
598 4564 724 4634 γὰρ,
754 4560 1041 4627 ἐπίστευον,
1076 4558 1223 4626 ἀλλὰ,
1247 4565 1406 4631 μήτι-ω
1436 4560 1868 4633 καταρτισθέντες

260 4657 353 4705 καὶ.
382 4650 717 4725 ἐκυμαίνοντο
744 4657 857 4712 τοῖς
885 4650 1155 4721 λογισμοῖς
1177 4648 1351 4716 πάλιν,
1384 4653 1475 4700 καὶ
1514 4649 1722 4722 ἠρεμεῖν
1772 4647 1867 4700 οῦκ

261 4738 546 4801 ἠδύναντο.

339 4828 432 4903 [Ἠ
459 4830 593 4903 (95),
626 4831 804 4886 Ταῦτα
829 4827 988 4894 λαλῶ,
1020 4830 1087 4881 τὰ
1116 4828 1334 4880 ταπεινά
1376 4831 1467 4881 καὶ
1506 4820 1871 4902 ἀνθρωποπρε-

261 4927 361 4986 πῆ,
413 4920 516 4987 ἵνα,
574 4918 967 4993 ἀναπαυομένης
1022 4925 1120 4980 τῆς
1162 4914 1411 4979 ἀσθενοῦς
1461 4918 1583 4978 τίως
1636 4913 1873 4981 διανοίας

336 5098 385 5135 ιι
407 5098 577 5156 Joan.
611 5096 830 5166 “1,22.

1977 4557 2336 4626 Quanquam
2355 4554 2515 4610 enim
2538 4552 2880 4619 credebant,
2911 4552 3185 4609 nondum
3210 4559 3416 4610 tamen
3440 4559 3639 4610 mente

1976 4644 2311 4716 compositi,
2357 4642 2814 4716 cogitationibus
2853 4643 3052 4699 adhuc
3090 4641 3487 4712 ﬂuctuabant,
3526 4658 3645 4700 nec

1977 4734 2285 4807 quiescere
2314 4736 2615 4807 poterant.

2050 4823 2175 4891 Vel,
2204 4823 2339 4880 Haec
2390 4823 2601 4897 loquor
2627 4820 2882 4879 humilia
2922 4838 2993 4880 ac
3024 4838 3193 4881 more
3241 4824 3511 4882 humano
3550 4827 3641 4895 ut,

1981 4918 2243 4973 cessante
2272 4913 2339 4987 (ι)
2372 4913 2610 4971 interim
2640 4912 2982 4971 inﬁrmitate
3025 4914 3249 4971 mentis
3270 4926 3507 4979 eorum;
3532 4914 3641 4970 ab-

1509 5222 1727 5293 Variae
1774 5222 2097 5295 lectiones
2130 5233 2195 5291 et
2224 5230 2428 5294 notae.

340 5404 456 5476 (93)
493 5403 727 5462 Inclusa
748 5402 978 5462 absunt
1010 5407 1075 5462 A.

341 5477 457 5550 (94)
498 5477 731 5533 Inclusa
761 5477 984 5535 absunt
1013 5478 1081 5533 Α.

365 5653 427 5727 lt)
450 5655 704 5727 ﬁepetit,
732 5668 854 5710 non
883 5657 972 5711 est
996 5654 1057 5710 in
1078 5654 1302 5712 Graeco.
1519 5694 1541 5727 μη

365 5654 427 5727 Ιι)
451 5655 704 5724 Repetit,
732 5668 854 5710 non
883 5657 972 5711 est
996 5654 1057 5710 in
1078 5654 1302 5712 Graeco.
1540 5694 1541 5697 η

339 5654 406 5803 ii)
440 5726 509 5786 Ut
540 5732 822 5793 cessante,
846 5731 959 5785 etc.
983 5727 1054 5783 Ut
1079 5727 1497 5803 acquiescente
1514 5725 1756 5787 inﬁrma
1773 5726 1880 5787 ad-

2054 5404 2171 5479 (95)
2202 5402 2434 5460 Inclusa
2464 5402 2681 5459 absunt
2708 5403 2776 5459 Α.

1985 5654 2101 5711 huc
2132 5658 2334 5711 mente
2363 5667 2595 5718 eorum,
2640 5651 2809 5724 plene
2836 5650 3138 5727 (perfecte)
3184 5653 3511 5726 gaudeant,
3548 5664 3659 5713 me

1985 5740 2108 5784 non
2144 5728 2449 5784 contrario
2462 5731 2811 5801 appetente
2840 5730 2985 5785 Deo.
