4108 6392
525 305 658 370 illi?

1840 296 2185 363 EUTHYMII
2227 298 2560 364 ZIGABEN‘I

3769 298 3909 365 ius

521 440 713 495 solute
731 437 1055 508 gaudeant,
1085 450 1160 490 ne
1184 450 1278 490 me
1299 434 1420 490 Deo
1446 431 1811 489 contrarium
1841 449 1973 488 esse
1993 433 2157 505 suspi

2293 434 2479 504 αὐτῶν,
2514 438 2781 506 χαίρωσιν
2813 432 3040 505 ἐντελῶς,
3084 436 3149 496 ὡς
3178 439 3249 508 μὴ
3284 433 3563 499 δοκοῦντός
3613 438 3713 508 μόυ
3769 433 3913 487 ἀντιι

520 533 747 583 centur.

592 620 748 672 Vers.
816 616 894 671 14.
928 616 1048 686 Ego
1070 645 1137 654 ——
1168 614 1410 669 mundo.
1462 612 1693 668 Tradidi
1725 612 1807 667 eis
1840 627 2177 668 sermonem

519 712 689 762 tuum
743 705 1178 777 evangelicum,
1213 708 1267 758 et
1320 702 1465 758 mali
1516 703 1773 757 oderunt
1798 718 1923 772 eos,
1982 708 2043 756 ut
2075 702 2177 773 qui

518 813 639 853 non
672 798 786 851 sint
839 812 908 850 ex
945 793 1111 865 ipsis,
1147 798 1442 865 quantum
1497 791 1574 847 ad
1617 792 2027 846 innocentiam
2079 799 2179 845 aut

518 886 978 958 simplicitatem.
1012 886 1157 938 Nam
1191 888 1245 936 et
1289 883 1348 936 in
1389 880 1867 952 prtecedcntibus
1918 881 2062 934 dixit
2100 881 2172 935 ad

518 992 619 1030 eos
656 992 667 1028 :
702 974 763 1029 Si
806 975 878 1030 de
920 972 1128 1028 mundo
1167 972 1453 1041 fuissetis,
1504 970 1757 1025 mundus
1809 970 1973 1040 quod
2008 986 2177 1025 suum

516 1072 675 1129 esset,
704 1064 976 1133 diligeret
1006 1061 1073 1116 ‘5.
1103 1060 1273 1126 Nam,
1305 1060 1609 1125 mundum,
1657 1065 1712 1114 et
1759 1058 1841 1114 ibi
1872 1063 1927 1113 et
1950 1058 2047 1113 hic
2079 1075 2176 1112 vo-

514 1160 609 1208 cat
633 1152 847 1216 malos,
873 1156 1115 1223 propter
1136 1149 1337 1204 mundi
1371 1165 1441 1203 ac
1468 1148 1843 1219 voluptatum
1876 1162 2170 1202 amorem.

510 1243 714 1314 Itaque
729 1257 867 1296 cum
880 1243 1122 1311 propter
1134 1252 1460 1293 sermonem
1478 1243 1646 1291 tuum
1661 1236 1800 1291 odio
1814 1235 2170 1302 habeantur,

513 1322 745 1387 custodi
771 1329 926 1387 illos.

584 1420 742 1473 Vers.
789 1419 872 1471 15.
916 1416 1142 1470 Νοη-
1179 1414 1357 1468 malo.
1404 1411 1735 1467 Orationem
1788 1416 2030 1481 propter
2069 1427 2172 1465 eos

512 1507 816 1579 explanat,
842 1503 1332 1559 utcouﬁdentiori
1352 1501 1545 1573 magis
1568 1502 1684 1557 sint
1710 1502 1934 1567 animo,
1968 1506 2171 1572 utpote

511 1612 635 1653 non
666 1596 863 1650 statim
905 1592 1197 1658 morituri,
1228 1592 1578 1663 priusquam
1610 1590 2080 1663 praedicaverint,
2114 1596 2172 1646 et

510 1686 683 1758 quasi
723 1684 906 1739 Patris
938 1681 1207 1737 custodia
1237 1680 1489 1735 fruituri.
1526 1679 1593 1735 Et
1619 1680 1711 1734 hic
1752 1677 1914 1754 ἐρατῶ
1943 1679 2167 1749 signiﬁ-

510 1779 605 1830 cat
632 1773 904 1828 obsecro.

585 1863 743 1917 Vers.
777 1861 863 1916 16.
897 1862 979 1915 De
1005 1890 1072 1901 —
1104 1864 1257 1915 sunt.
1292 1858 1453 1913 Idem
1489 1859 1684 1913 adhuc
1715 1859 1787 1928 (j)
1826 1858 2168 1929 frequenter

507 1952 666 2017 dicit,
709 1952 832 2007 sive
873 1949 991 2005 ulla
1021 1949 1435 2004 immutatione
1473 1949 1638 2020 prius
1669 1948 1784 2002 illis
1825 1948 2165 2013 testiﬁcans,

505 2058 581 2097 ne
616 2042 946 2105 turbentur,
977 2038 1029 2093 si
1077 2039 1213 2094 odio
1244 2037 1603 2102 habeantur,
1635 2038 1885 2092 scientes
1916 2037 2165 2092 omnino

505 2132 867 2187 contrariam
926 2145 1051 2185 esse
1120 2127 1319 2183 virtuti
1374 2127 1690 2183 malitiam.
1756 2127 1944 2182 Simul
2019 2143 2166 2199 quo-

506 2237 623 2293 que
649 2220 855 2276 laudat
876 2235 975 2275 eos
1003 2217 1166 2291 apud
1194 2219 1446 2285 Patrem,
1475 2216 1653 2272 etiam
1680 2216 1819 2271 hinc
1845 2216 2164 2272 ostendens

505 2310 617 2365 illis
650 2310 1024 2365 dilectionem
1058 2323 1235 2363 suam
1266 2322 1409 2376 erga
1432 2307 1608 2379 ipsos.
1645 2306 1791 2361 Dicit
1820 2321 1961 2377 ergo
1992 2306 2161 2361 coale-

504 2404 622 2455 stes
653 2415 755 2455 eos
777 2414 908 2455 esse
934 2397 1108 2465 cives,
1137 2412 1259 2453 non
1284 2397 1617 2464 mundana,
1648 2395 1754 2451 sed
1775 2395 2043 2450 caelestia.
2073 2411 2165 2450 sa-

547 2489 750 2545 ientes.

547 2506 750 2545 tentes.

502 2506 734 2633 pVers.
795 2579 888 2633 16.
966 2576 1126 2631 Sicut
1198 2605 1268 2615 —
1339 2589 1490 2629 sum.
1570 2573 1755 2628 Etiam
1821 2573 2164 2630 consolatur

504 2683 607 2725 eos
638 2665 1019 2721 similitudine
1076 2664 1153 2720 ad
1203 2664 1493 2736 seipsum,
1548 2669 1603 2718 et
1654 2663 1730 2718 ad
1785 2663 2160 2719 tolerantiam

500 2757 734 2813 excitat.

570 2846 739 2901 Vers.
793 2846 877 2900 17.
952 2843 1270 2912 Sanctiﬁca
1316 2874 1381 2882 —
1441 2849 1616 2899 tuam.
1679 2844 1925 2899 Sanctos
1981 2842 2158 2899 facito

495 2937 658 3010 ipsos
706 2951 809 3007 per
864 2934 1145 3007 Spiritum
1203 2933 1666 2998 sanctissimum,
1718 2948 1820 3005 per
1849 2938 2157 2989 veritatem

494 3026 851 3097 dogmatum
916 3042 927 3079 :
999 3039 1140 3079 nam
1215 3039 1355 3077 vera
1431 3022 1716 3093 dogmata
1782 3022 2155 3078 sanctiﬁcant

493 3116 822 3172 hominem.
876 3113 1095 3169 Deinde
1144 3111 1503 3183 manifestat,
1553 3111 1700 3184 quid
1760 3112 1933 3177 dicat,
1998 3112 2156 3169 Veri-

494 3210 689 3262 tatem.

564 3294 727 3349 Vers.
762 3293 848 3347 17.
890 3293 1086 3348 Sermo
1113 3322 1179 3331 —
1217 3297 1319 3346 est.
1362 3292 1566 3347 Sermo
1606 3290 1958 3360 dogmatum
1991 3294 2151 3356 tuus,

491 3383 612 3438 sive
644 3399 679 3437 a
711 3386 765 3437 te
805 3397 910 3454 per
941 3381 1227 3452 Spiritum
1257 3383 1541 3435 sanctum
1576 3378 1690 3435 illis
1727 3379 1973 3435 infusus.
2008 3382 2152 3434 Nam

489 3471 762 3543 superius
792 3472 932 3527 dixit
949 3470 1205 3540 Spiritus
1233 3469 1502 3525 veritatis
1528 3468 1703 3525 ducet
1724 3484 1825 3525 vos
1844 3470 1907 3525 in
1934 3484 2151 3525 omnem

488 3562 789 3619 veritatem
818 3560 888 3613 ιδ.

558 3740 735 3796 Aliter
764 3754 1009 3811 quoque
1043 3737 1348 3807 iutelligite
1377 3752 1388 3791 ε
1414 3736 1732 3807 Sancti/ica
1757 3753 1845 3793 eos
1869 3753 1979 3807 per
2000 3739 2151 3795 veri-

486 3833 665 3886 tatem
717 3836 903 3892 tuam,
944 3828 1059 3883 hoc
1099 3831 1208 3897 est,
1273 3829 1531 3897 Segrega
1582 3843 1683 3883 eos
1738 3843 1844 3899 per
1884 3830 2147 3899 Evange-

484 3917 629 3972 lium
659 3921 828 3971 tuum
856 3932 869 3982 ;
894 3915 1085 3972 Sermo
1116 3930 1364 3987 namque
1390 3920 1545 3981 tuus,
1573 3920 1719 3987 puta
1744 3915 2143 3987 evangelicus,

488 4007 706 4063 veritas
734 4013 836 4062 est.

558 4096 741 4152 Patris
776 4100 977 4152 autem
1011 4094 1091 4150 ait
1120 4110 1247 4149 esse
1292 4109 1654 4161 sermonem,
1688 4094 1839 4151 sicut
1873 4094 2053 4151 etiam
2085 4096 2141 4150 in

481 4187 955 4259 praecedentibus
1017 4184 1219 4241 dixit:
1261 4186 1385 4254 Ego
1445 4200 1520 4241 ex
1570 4185 1789 4254 meipso
1833 4202 1953 4241 non
2015 4202 2143 4241 sum

482 4278 731 4345 locutus,
754 4276 853 4332 sed
866 4277 1066 4339 Pater,
1091 4274 1195 4346 qui
1209 4274 1363 4329 misit
1378 4274 1780 4343 me,ipsemihi
1792 4282 2143 4345 praeceptum

479 4365 633 4420 dedit
658 4364 806 4436 quid
832 4364 1022 4420 dicam
1054 4369 1107 4419 et
1134 4364 1282 4434 quid
1308 4364 1520 4435 loquar
1549 4364 1617 4417 ‘7.

550 4456 713 4510 Vers.
744 4458 831 4510 18.
870 4452 1029 4509 Sicut
1056 4453 1454 4508 —mundum.
1504 4452 1667 4507 Sicut
1715 4457 1773 4508 tu
1822 4452 2139 4510 hominum
2174 4440 2219 4496 Γ)

478 4544 726 4616 cupiens
778 4542 1053 4612 salutem,
1108 4558 1205 4598 me
1249 4542 1461 4597 misisti
1519 4557 1533 4597 :
1592 4542 1676 4598 ita
1723 4546 1778 4597 et
1809 4559 1920 4613 ego
1976 4544 2139 4600 illam

479 4633 751 4705 cupiens,
781 4632 912 4688 misi
965 4648 1090 4689 eos.
1118 4630 1222 4687 Vel
1272 4630 1425 4687 sicut
1474 4636 1555 4697 tu,
1607 4632 1711 4705 qui
1760 4635 1927 4689 Pater
1972 4651 2140 4691 meus

479 4738 563 4790 es,
596 4721 813 4779 misisti
854 4738 971 4791 me,
1020 4722 1101 4778 ita
1140 4724 1195 4777 et
1224 4736 1355 4792 ego,
1381 4720 1481 4793 qui
1519 4720 1692 4782 Pater
1736 4737 1943 4779 eorum
1978 4741 2138 4792 sum,

549 4901 597 4937 ‘5
621 4901 793 4959 Joan.
824 4916 925 4968 xv,
963 4904 1049 4957 19.
1235 4901 1283 4935 1⁸
1310 4899 1486 4957 Joan.
1514 4914 1634 4966 xvx,
1669 4903 1755 4956 13.

2293 524 2453 595 θεού].

2360 612 2495 682 Ἐγὼ
2529 645 2596 653 --
2621 618 2841 684 κόσμου.
2896 612 3107 667 Δέδωκα
3149 616 3327 679 αὐτοῖς
3373 620 3460 669 τὸν
3490 616 3639 688 λόγον
3670 635 3770 668 σου
3818 619 3906 667 τόν

2288 701 2633 772 εὐαγγελικόν,
2678 709 2767 754 xui
2815 706 2862 755 οἱ
2908 712 3122 779 πονηροὶ
3170 705 3432 778 ἐμίσησαν
3478 706 3660 766 αὐτοὺς
3705 708 3779 765 ὡς
3830 710 3901 776 μὴ

2259 794 2432 850 ιό’νῖας
2474 791 2525 853 ἐξ
2573 792 2740 844 αὐτῶν
2791 796 2909 845 ὅσον
2960 798 3043 847 ἐπὶ
3072 804 3132 866 τῇ
3195 794 3408 868 ἀκακία.
3468 802 3568 848 Καὶ
3624 794 3903 868 προλαϐὼν

2285 883 2382 951 γὰρ
2435 879 2541 933 εἷπε
2580 886 2709 955 πρὸς
2752 884 2941 944 αὐτοὺς
2972 887 3051 935 ὅτι
3093 885 3153 937 Εἰ
3198 889 3253 936 ἐκ
3302 894 3390 937 τοῦ
3441 891 3643 956 κόσμου
3698 881 3815 948 ἦτε,
3877 885 3900 934 6

2285 975 2476 1041 κόσμος
2506 969 2566 1021 ἂν
2611 975 2667 1022 τό
2714 968 2849 1023 ἴδιον
2894 971 3070 1044 ἐφίλει.
3124 978 3329 1045 Κόσμον
3372 976 3473 1048 γὰρ
3518 979 3606 1025 καὶ
3661 971 3772 1024 ἐκεῖ
3811 978 3901 1023 xui

2285 1056 2503 1110 ἐνταῦθα
2544 1064 2658 1119 τοὺς
2708 1065 2963 1135 πονηροὺς
3020 1061 3167 1114 καλεί
3209 1059 3302 1115 διὰ
3350 1067 3408 1115 τό
3458 1063 3779 1135 φιλόκοσμον
3813 1071 3899 1114 καὶ

2284 1144 2573 1217 φιλήδονον.
2608 1154 2707 1201 Καὶ
2722 1148 2918 1213 λοιπόν,
2948 1153 3012 1211 ὡς
3035 1148 3129 1203 διὰ
3152 1156 3239 1203 τόν
3257 1152 3406 1223 λόγον
3433 1172 3527 1205 σου
3555 1155 3895 1225 μισηθέντας,

2284 1232 2600 1309 διαφύλαξόν
2632 1238 2835 1299 αὐτούς.

2353 1416 2463 1468 013x
2500 1449 2565 1456 —
2598 1427 2841 1490 πονηροῦ.
2894 1423 3170 1486 Σαφηνίζει
3220 1424 3315 1478 τὴν
3346 1420 3504 1493 εὐχὴν
3557 1417 3629 1473 δι’
3680 1420 3895 1481 αὐτοὺς,

2282 1507 2364 1557 ἶνα
2396 1506 2704 1580 θαρρήσωσι
2729 1508 2939 1579 μᾶλλον,
2964 1511 3032 1571 ὼς
3064 1509 3158 1561 οὐκ
3182 1509 3371 1562 αὐτίκα
3400 1511 3761 1582 τεθνηξόμενοι
3794 1513 3895 1583 πρὸ

2277 1602 2367 1647 τοῦ
2406 1596 2652 1670 κηρύξαι,
2699 1596 2827 1649 ἀλλά
2856 1603 3064 1659 καὶτῆς
3108 1602 3252 1671 παρά
3285 1607 3375 1651 τοῦ
3420 1603 3621 1673 Πατρός
3654 1600 3896 1672 φυλακῆς

2280 1682 2674 1746 ἀπολαύσοντες.
2714 1685 2991 1739 Κάνταῦθα
3022 1683 3080 1739 δὲ
3124 1689 3153 1746 ἠ
3197 1687 3446 1760 ἐρώτησις
3489 1693 3582 1747 τὴν
3613 1688 3892 1763 παράκλη-

2202 1800 2239 1854 B
2281 1792 2362 1825 σιν
2398 1779 2660 1846 σημαίνει.

2350 1864 2435 1916 Ἐκ
2483 1896 2551 1903 —
2600 1865 2721 1919 εἰσι.
2776 1873 3009 1936 Συνεχῶς
3061 1871 3151 1919 xui
3203 1874 3356 1919 τοῦτο
3402 1866 3559 1937 λέγει,
3612 1886 3894 1942 προσμαρ-

2274 1962 2442 2025 τυρῶν
2482 1953 2658 2015 αὐτοίς
2704 1958 2759 2006 τό
2811 1954 3092 2028 ἀπόνηρον,
3142 1956 3223 2007 ἵνα
3279 1955 3641 2028 βεϐαιωθῶσιν
3702 1956 3777 2017 εἰς
3831 1959 3889 2008 τό

2274 2048 2345 2114 μὴ
2404 2041 2739 2117 θορυϐεῖσθαι
2798 2047 3124 2117 μισούμενοι,
3202 2042 3400 2107 εἰδότες
3455 2048 3533 2097 ὅτι
3603 2044 3891 2097 ἀντίκειται

2274 2140 2334 2204 τῇ
2392 2130 2546 2207 ἀρετῇ
2609 2136 2807 2194 πάντως
2860 2136 2889 2192 ἡ
2948 2140 3128 2189 κακία.
3196 2134 3341 2207 Ἀμα
3403 2132 3461 2187 δὲ
3539 2141 3628 2187 καὶ
3687 2134 3891 2187 ἐπαινεί

2274 2222 2463 2284 αὐτοὺς
2522 2226 2663 2296 παρὰ
2706 2231 2777 2293 τῷ
2834 2229 3020 2297 Πατρὶ,
3081 2221 3328 2276 δεικνύων
3378 2224 3553 2284 αὐτοῖς
3608 2222 3889 2277 κάντεῦθεν

2272 2316 2365 2370 τὴν
2403 2312 2472 2373 εἰς
2514 2312 2699 2373 αὐτοὺς
2752 2314 2961 2384 ἀγάπην
3012 2313 3191 2366 αὐτοῦ.
3235 2319 3399 2372 Φησὶν
3457 2310 3544 2365 οὖν
3598 2315 3674 2365 ὅτι
3731 2313 3884 2387 οὐραο

2272 2400 2538 2453 νοπολῖται
2558 2402 2672 2472 (96)
2706 2401 2856 2467 εἰσίν,
2882 2402 2940 2454 οὐ
2968 2406 3201 2476 κοσμικὰ
3222 2410 3537 2479 φρονοῦντες,
3573 2402 3699 2455 ἀλλὰ
3732 2402 3888 2476 οὐρά-

2271 2511 2377 2544 νια.

2346 2581 2530 2642 Καθὼς
2558 2612 2625 2621 --—
2658 2580 2783 2653 εἰμί.
2816 2586 2915 2634 Καὶ
2944 2590 3006 2655 τῇ
3040 2586 3171 2656 πρὸς
3193 2582 3374 2635 ἑαυτὸν
3401 2583 3671 2655 ὁμοιότητι
3703 2601 3882 2657 παρη-

2269 2677 2413 2741 γορεῖ
2440 2672 2673 2733 τούτους,
2708 2675 2797 2722 xui
2830 2666 3075 2745 διεγείρει
3099 2674 3230 2747 πρὸς
3255 2673 3540 2745 ὑπομονήν.

2336 2848 2583 2919 Ἀγίασον
2624 2880 2689 2888 -
2724 2869 2839 2901 σου.
2867 2848 3068 2923 Ἀγίους
3098 2854 3315 2907 ποίησον
3354 2846 3448 2901 διὰ
3491 2855 3588 2901 τοῦ
3617 2853 3879 2919 παναγίου

2268 2942 2565 3011 Πνεύματος
2592 2938 2640 2989 ἐν
2667 2946 2728 3010 τῇ
2766 2938 2983 3011 ἀληθεία
3007 2948 3106 2991 τῶν
3129 2936 3406 3010 δογμάτων
3441 2957 3451 2968 ·
3487 2941 3551 2990 τὰ
3573 2941 3675 3011 γὰρ
3706 2937 3877 2997 ἀληθῆ

2267 3025 2508 3099 δόγματα
2551 3028 2837 3098 ἁγιάζονσι
2884 3032 2969 3081 τόν
3009 3031 3298 3103 ἄνθρωπόν.
3352 3026 3479 3082 Εἶτα
3527 3025 3781 3101 διασαφεῖ
3830 3032 3879 3080 τί

2216 3159 2231 3177 τ
2264 3117 2398 3187 λέγει
2423 3116 2546 3174 Ἀλή
2558 3119 2715 3169 θειαν.

2336 3214 2378 3258 0
2417 3206 2564 3277 λόγος
2606 3238 2673 3246 -
2723 3205 2883 3261 ἐστιν.
2938 3205 2995 3259 Ὀ
3043 3206 3207 3278 λόγος,
3281 3208 3306 3258 ό
3355 3215 3455 3259 τῶν
3500 3203 3805 3278 δογμάτων,
3850 3206 3875 3257 ό

2266 3299 2376 3363 σός,
2433 3298 2594 3366 ἤγουν
2660 3297 2685 3347 ό
2737 3298 2880 3368 παρὰ
2937 3304 3031 3348 σοῦ
3083 3293 3176 3348 διὰ
3227 3304 3318 3348 τοῦ
3372 3296 3522 3368 ἁγίου
3579 3303 3877 3363 Πνευματος

2263 3384 2607 3457 ἐνηχούμενος
2671 3385 2865 3446 αὐτοῖς.
2936 3388 3124 3458 Εἶρηκε
3170 3388 3271 3458 γὰρ
3346 3384 3578 3459 ἀνωτέρω
3654 3387 3734 3436 ὅτι
3804 3388 3874 3437 Τὸ

2265 3482 2473 3547 Πνεῦμα
2523 3484 2610 3535 τῆς
2660 3474 2894 3536 ἀληθείας
2948 3472 3209 3547 ὁδηγήσει
3271 3476 3406 3547 ὑμᾶς
3436 3475 3506 3536 εἰς
3552 3482 3725 3528 πᾶσαν
3778 3479 3873 3547 τὴν

2264 3561 2525 3621 ἀλήθειαν.

2331 3741 2543 3813 [Νοεῖτα
2574 3741 2684 3813 (97)
2720 3738 2779 3794 δὲ
2808 3746 2898 3794 xui
2929 3742 3107 3818 ἑτέρως
3136 3746 3194 3795 τό
3232 3742 3479 3815 Ἃγίασον
3507 3742 3691 3802 αὐτοὺς
3721 3740 3776 3793 ἐν
3803 3748 3865 3814 τῇ

2258 3829 2475 3902 ἀληθείᾳ
2508 3850 2623 3896 σου,
2659 3830 2772 3883 ἀντὶ
2796 3840 2910 3900 τοῦ,
2942 3832 3216 3906 Ἀφόρισον
3244 3832 3427 3893 αὐτοὺς
3450 3830 3497 3883 ἐν
3536 3840 3607 3902 τῷ
3641 3831 3869 3902 Εὐαγγε-

2256 3919 2348 3991 λίῳ
2378 3940 2493 3973 σου.
2523 3919 2582 3972 Ὀ
2607 3920 2759 3992 λόγος
2782 3922 2884 3993 γὰρ
2918 3922 2943 3972 ό
2976 3926 3085 3986 σός,
3122 3924 3286 3973 εἷτουν
3313 3923 3338 3973 ό
3360 3920 3707 3993 εὐαγγελικός,
3741 3919 3841 3979 ἀλή

2260 4011 2370 4061 θειά
2400 4008 2533 4063 ἐστι.

2326 4107 2428 4151 Τοῦ
2482 4103 2688 4172 Πατρός
2734 4096 2792 4152 δὲ
2843 4103 2930 4152 τόν
2976 4100 3127 4171 λόγον
3176 4099 3306 4153 εἶναί
3352 4120 3502 4172 φησι,
3552 4100 3721 4159 καθὼς
3774 4104 3865 4151 καὶ

2254 4188 2524 4262 προλαϐὼν
2558 4186 2690 4241 εἶπεν
2722 4191 2801 4241 ὅτι
2831 4191 2964 4261 Ἐγὼ
2995 4189 3047 4252 ἐξ
3076 4192 3303 4262 ἐμαυτοῦ
3341 4190 3434 4242 οὐκ
3475 4187 3717 4259 ἐλάλησα,
3754 4188 3865 4241 ἀλλ’

2255 4279 2279 4329 ό
2324 4277 2529 4350 πέμψας
2559 4299 2621 4350 με
2654 4284 2854 4352 Πατὴρ,
2889 4280 3044 4341 αὑτός
3072 4299 3161 4351 μοι
3192 4278 3398 4339 ἐντολὴν
3428 4275 3609 4346 ἔδωκε,
3650 4283 3703 4330 τί
3734 4282 3863 4331 εἴπω

2252 4374 2342 4420 xui
2372 4373 2423 4420 τί
2451 4368 2578 4427 λαλή
2590 4368 2689 4442 σω]
2704 4412 2714 4423 .

2328 4460 2512 4519 Καθὼς
2567 4491 2611 4499 -
2675 4464 2891 4531 κόσμον.
2948 4460 3131 4520 Καθὼς
3184 4463 3270 4526 σὺ,
3329 4458 3481 4511 θελων
3541 4463 3635 4516 τὴν
3692 4477 3860 4516 σωτη-

2250 4553 2366 4623 ρίαν
2434 4557 2531 4600 τῶν
2590 4547 2891 4621 ἀνθρώπων,
2960 4548 3049 4621 ἐμὲ
3106 4547 3413 4611 ἀπέστειλας
3444 4568 3458 4581 ’
3512 4548 3645 4600 οὕτω
3712 4546 3860 4620 κάγὼ

2252 4637 2404 4689 θέλων
2456 4637 2618 4696 αὐτὴν
2658 4636 2936 4691 ἀπέστειλα
2985 4637 3209 4699 αὐτούς·
3245 4642 3275 4695 ἤ
3328 4640 3501 4700 καθὼς
3552 4640 3637 4703 σὺ,
3672 4642 3855 4712 Πατήρ

2248 4746 2347 4800 μου
2410 4732 2491 4793 ἦν,
2549 4726 2634 4800 ἐμὲ
2688 4726 2988 4789 ἀπέστειλας
3030 4742 3045 4756 ⁸
3083 4729 3214 4779 οὕτω
3263 4727 3408 4799 κὰγώ
3458 4732 3638 4801 Πατὴρ
3687 4727 3857 4779 αὐτῶν

1940 4901 1987 4938 ‘7
2015 4902 2189 4972 Joan,
2221 4918 2316 4969 xu,
2353 4906 2440 4961 49.

1681 5062 1905 5131 νειτίεὲ
1944 5063 2273 5132 lectiones
2324 5075 2391 5133 et
2441 5075 2642 5133 notae.

548 5237 660 5307 (96)
694 5236 993 5307 Chrysost.
1039 5239 1077 5307 t,
1128 5234 1266 5295 VIII,
1306 5250 1363 5303 p.
1410 5234 1528 5307 4783.
1683 5233 1919 5307 dixerat
1967 5253 1977 5292 :
2025 5238 2135 5289 Τῶν

473 5304 701 5383 οὐρανῶν
725 5304 1224 5383 γεγόνασι-πολίται.
1257 5305 1506 5383 Ηίιιᾳὶιιὶ
1539 5305 1941 5377 οὐρανοπολῖται
1972 5308 2134 5377 apud

471 5376 801 5452 Theophyli
844 5395 905 5451 p.
939 5378 1062 5433 801.
1095 5376 1201 5433 ﬁn.
1260 5377 1417 5448 apud
1470 5376 1751 5433 Ammon.
1810 5379 1871 5433 in
1928 5376 2128 5434 Cateu.

544 5566 615 5638 ω
646 5567 805 5622 Idem
831 5567 1047 5630 adhuc,
1084 5569 1193 5621 etc.
1228 5564 1519 5638 Continuo
1558 5565 1672 5621 hoc
1704 5581 1940 5638 quoque
1966 5565 2128 5633 dicit,

470 5636 695 5711 testans
724 5654 826 5693 eos
856 5654 1043 5711 puros
1080 5653 1211 5711 esse
1243 5654 1277 5693 a
1307 5636 1553 5707 malitia,
1587 5643 1651 5694 ut
1680 5636 2131 5711 conﬁrmentur.

469 5725 545 5769 ne
575 5708 902 5775 turbentui',
960 5710 1007 5764 si
1059 5708 1219 5767 odio.
1256 5712 1408 5767 Loco
1436 5718 1852 5785 προσμαρτυρῶν
1900 5709 2132 5766 videtur

2249 5236 2478 5303 Corder,
2516 5253 2574 5306 p.
2609 5235 2734 5292 4l3.

2318 5310 2429 5379 (97)
2475 5308 2703 5366 Inclusa
2728 5308 2953 5364 absunt
2982 5313 3045 5380 Α.
3075 5308 3401 5365 Hentenius
3434 5324 3536 5380 per
3553 5310 3852 5368 confusio-

2246 5397 2383 5435 nem
2417 5381 2707 5436 vocalium
2738 5380 2971 5435 videtur
3000 5379 3212 5451 legisse
3241 5388 3423 5437 νοεῖτε.

2240 5564 2456 5693 legisse
2480 5575 2883 5642 προμαρτυρῶν.
2912 5566 3067 5633 Quid
3094 5583 3232 5625 vero
3262 5567 3396 5625 loco
3423 5566 3681 5645 ἀπόνηρον
3702 5568 3850 5643 lege-

2240 5653 2289 5693 rl
2318 5681 2331 5693 .
2364 5653 2599 5693 IEDOI‘O.

2239 5653 2331 5704 rlt,
2364 5653 2599 5709 ignoro.
