4108 6410
174 449 242 499 ὢν
272 445 553 500 ἀπέστειλα
585 446 794 507 αύτούς.
825 444 985 499 Ἀλλά
1015 448 1080 498 σὺ
1106 448 1195 517 μὲν
1223 451 1400 517 Πατήρ
1434 465 1533 517 μου
1566 447 1714 517 φύσει
1756 462 1772 478 ⁸
1804 457 1849 509 Α

174 536 269 609 ἐγὼ
308 533 365 589 δὲ
414 541 594 611 Πατὴρ
628 536 813 603 αὐτῶν,
838 539 911 595 ὡς
949 540 1165 595 κτίστης
1204 539 1291 586 καὶ
1344 539 1630 607 προνοητὴς
1686 539 1776 586 καὶ

175 623 519 686 διδάσκαλος.
548 626 636 686 Ὠς
665 628 870 697 ’γεγονὸς
902 621 962 677 δὲ
1002 623 1139 695 λέγει
1168 627 1225 676 τὸ
1282 629 1645 695 γενησόμενον,
1684 620 1777 673 διὰ

173 720 229 768 τὸ
310 712 416 774 ἤδη
513 714 710 788 μέλλειν
792 714 1098 767 ἀποστεῖλαι
1171 714 1358 774 αύτούς
1438 716 1568 785 μετά
1663 712 1775 783 (98)

175 810 380 877 μικρὸν.

252 900 346 947 Καὶ
382 926 449 935 -
499 893 740 967 ἐμαυτόν.
776 892 908 965 Ἐγὼ
954 898 1198 954 εκουσίως
1248 895 1485 955 θυσιαζω
1534 891 1772 964 ἐμαυτόν.

171 983 462 1056 Ἃγιασμόν
504 986 604 1058 ’γὰρ
635 984 856 1035 ἐνταῦθα
888 987 972 1035 τὸν
1032 985 1325 1055 θυσιασμόν
1378 982 1533 1054 λέγει.
1595 981 1776 1053 Ἂγιον

174 1076 273 1149 γὰρ
312 1074 505 1146 λὲγεται
547 1077 637 1125 καὶ
669 1074 697 1130 ἡ
749 1073 925 1143 θυσία,
957 1078 1044 1125 καὶ
1096 1072 1210 1143 (99)
1256 1071 1414 1124 πολλά
1447 1076 1689 1144 σημαίνει
1718 1073 1776 1122 τὸ

174 1164 243 1235 οἷγ
251 1183 342 1217 ιον.

250 1344 455 1397 Ἵνα-
499 1340 733 1415 ἀληθείᾳ.
788 1341 899 1395 Ἰνα
926 1346 1016 1394 καὶ
1070 1342 1217 1394 αὐτοὶ
1275 1339 1376 1394 ὦσι
1435 1340 1778 1413 τεθυμένοιέν

175 1433 395 1505 ἀληθινῇ
429 1434 607 1503 θυσίᾳ.
646 1432 703 1484 Ἦ
750 1434 851 1507 γὰρ
914 1436 1099 1503 νομικὴ
1156 1434 1315 1484 θυσία
1370 1434 1525 1491 τύπος
1574 1428 1654 1499 ἦν,
1687 1434 1780 1483 ούκ

176 1524 413 1583 ἀλήθεια.
441 1521 551 1575 Ἱνα
578 1518 635 1575 δὲ
680 1518 779 1573 ὦσι
806 1523 1093 1595 τεθυμένοι,
1150 1524 1215 1581 ὡς
1243 1528 1336 1583 τῆς
1362 1520 1581 1592 κεφαλῆς
1612 1525 1779 1573 αὐτῶν

173 1616 439 1673 τυθείσης.

246 1708 313 1754 ’Ἡ
375 1705 440 1762 ὡς
530 1706 618 1753 καὶ
676 1700 823 1752 αὐτοὶ
898 1701 1153 1772 θυόμενοι,
1228 1700 1603 1772 Ἐλογίσθημεν
1678 1703 1778 1775 γὰρ

177 1796 359 1864 φησὶν,
428 1793 498 1853 ὡς
559 1789 799 1864 πρόϐατα
862 1798 1064 1862 σφαγῆς
1131 1806 1143 1821 ·

522 1880 599 1951 (1)
676 1882 838 1952 ὑμῶν,
920 1881 1105 1931 θυσίαν
1182 1881 1378 1940 ζῶσαν.
1458 1879 1609 1933 ’Ἐστι
1683 1884 1780 1953 ’γὰρ

180 1972 401 2023 θύεσθαι
485 1974 575 2021 καὶ
640 1966 778 2041 δίχα
857 1978 1085 2041 σφαγῆς.
1155 1968 1264 2022 Ἵνα
1340 1966 1399 2021 δὲ
1461 1974 1531 2041 μὴ
1590 1975 1780 2042 νομίσῃ

180 2079 261 2121 τις
291 2060 419 2135 ὑπὲρ
470 2067 568 2112 τῶν
616 2057 913 2112 ἀποστόλων
970 2063 1134 2131 μόνων
1192 2067 1359 2111 ταῦτα
1413 2059 1571 2131 λέγειν
1608 2063 1779 2125 αύτόν,

182 2154 367 2221 φησίν.

253 2236 331 2289 Ou’
358 2268 426 2277 —
454 2234 601 2293 ὦσιν.
644 2236 786 2311 Ἀμα
811 2242 900 2290 καὶ
952 2240 1361 2311 παρεμυθήσατο
1393 2237 1580 2300 αύτούς
1608 2238 1781 2303 πάλιν,

182 2321 361 2389 δείξας
390 2328 469 2379 ὅτι
496 2322 591 2379 διὰ
616 2334 707 2379 τοῦ
737 2330 1070 2400 κηρύγματος
1096 2327 1263 2379 αὐτῶν
1293 2332 1383 2380 καὶ
1412 2327 1557 2379 ἄλλοι
1583 2329 1788 2380 ἔσονται

177 2417 435 2487 μαθηταὰ

176 1884 241 1933 τὰ
318 1880 443 1953 μελη
522 1880 599 1951 (1)
676 1882 838 1952 ὑμῶν,
920 1881 1105 1931 θυσίαν
1182 1881 1378 1940 ζῶσαν.

676 1882 838 1952 ὑμῶν,

252 2598 436 2657 Καθὼς
500 2626 568 2637 -
640 2593 760 2649 ὦσι.
817 2599 993 2657 Καθὼς
1052 2600 1117 2649 σύ
1174 2596 1222 2648 ἐν
1307 2605 1367 2669 τῇ
1426 2596 1519 2671 ἐμῇ
1588 2597 1784 2671 ἀγάπη,

178 2684 329 2758 κάγὼ
360 2684 409 2737 ἐν
459 2693 521 2759 τῇ
558 2693 648 2758 σῇ,
684 2688 766 2737 ἶνα
814 2691 901 2737 καὶ
932 2686 1080 2738 αὐτοὶ
1108 2684 1155 2737 ἐν
1204 2688 1347 2758 ἡμῖν,
1409 2691 1569 2758 ἤγουν
1634 2687 1681 2739 ἐν
1724 2696 1783 2759 τῇ

181 2776 252 2836 εἰς
318 2776 457 2848 ἡμᾶς
520 2780 719 2839 πίστει,
784 2776 832 2827 ἓν
869 2773 1015 2829 ὦσιν.
1066 2774 1249 2837 Ὀντες
1314 2779 1415 2850 γὰρ
1493 2775 1540 2827 ἐν
1597 2785 1658 2849 τῇ
1719 2778 1791 2838 εἰς

180 2867 327 2937 ἡμᾶς
408 2864 585 2917 πίστέι
649 2864 718 2933 ἓν,
799 2867 1001 2916 ἔσονται
1053 2869 1142 2916 καὶ
1191 2864 1239 2917 ἐν
1290 2873 1351 2937 τῇ
1410 2866 1479 2927 εἰς
1543 2865 1792 2928 ἀλλήλους

184 2955 394 3026 ἀγάπη,
446 2954 520 3009 ἓν.
560 2954 775 3031 [ῌῖρηκε
952 2956 1049 3028 γὰρ
1109 2956 1185 3005 ὅτι
1212 2954 1270 3005 Ὀ
1299 2957 1434 3026 ἔχων
1467 2959 1558 3017 τάς
1590 2954 1792 3017 ἐντολάς

182 3064 280 3118 μου
392 3048 482 3095 καὶ
576 3052 746 3117 τηρῶν

184 3142 297 3186 πῶν
318 3152 382 3206 με
413 3150 426 3163 ’
456 3137 545 3184 καί
588 3150 598 3161 ·
624 3132 769 3190 Αὕτη
813 3131 954 3184 ἐστὶν
1012 3135 1040 3190 η
1095 3132 1264 3191 ἐντολὴ
1295 3134 1324 3191 η
1356 3133 1473 3205 ἐμὴ,
1536 3136 1619 3186 ἵνα
1664 3134 1794 3206 ἀγα·
1828 3168 1866 3221 C

188 3230 317 3275 πᾶτε
370 3221 639 3282 ἀλλήλους.
698 3222 787 3273 Ἐκ
842 3230 935 3283 τῆς
980 3221 1185 3293 ἀγάπης
1213 3227 1384 3274 τοίνυν
1438 3228 1527 3275 καὶ
1557 3224 1796 3295 ὁμονοίας

843 3044 1020 3108 αύτάς,
1112 3047 1300 3105 ἐκεῖνος
1394 3044 1535 3096 ἐστιν
1584 3047 1608 3096 ὁ
1668 3044 1793 3116 ἀγα-

194 3312 501 3387 ἀρξαμενος,
558 3312 631 3374 εὶς
690 3314 887 3369 ταύτην
942 3313 1094 3364 πάλιν
1156 3313 1452 3365 κατέκλεισε
1501 3314 1794 3380 τὸνλόγον,

194 3400 398 3462 δεικνύς
486 3402 569 3454 6τέ
637 3400 861 3474 θεοφιλὲς
919 3407 1008 3454 καὶ
1061 3401 1520 3478 περισπούδαστον
1574 3405 1603 3461 ἡ
1664 3402 1798 3475 ἀγά-

190 3512 260 3549 πη
295 3491 338 3564 ].

258 3581 375 3635 Ἵνα
404 3613 472 3621 ——
511 3578 838 3643 ἀπέστειλας.
890 3613 959 3621 -
998 3580 1125 3650 Ἵνα,
1176 3585 1466 3643 πιστεύσας
1511 3591 1619 3645 τοῖς
1672 3582 1803 3635 ἀπο-

196 3671 421 3737 στόλοις,
486 3672 748 3743 πιστεύσῃ
814 3671 894 3723 ὅτι
959 3673 1023 3723 σύ
1090 3691 1152 3743 με
1229 3670 1554 3734 ἀπέστειλας.
1639 3680 1803 3725 Τοῦτο

190 3764 290 3836 γὰρ
356 3760 602 3832 μέλλουσι
648 3762 941 3832 κηρύττειν,
1010 3758 1176 3814 Ούδὲν
1224 3764 1325 3837 γὰρ
1382 3763 1542 3823 ούτως
1607 3762 1804 3835 ἔμελλεν

194 3847 500 3925 ἐμποδίζειν
554 3858 627 3921 τῷ
708 3853 1010 3923 κηρύγματι
1075 3854 1140 3912 ὡς
1214 3854 1271 3903 τὸ
1325 3848 1640 3923 διεσχίσθαι
1690 3857 1805 3913 τοὺς

196 3947 456 4016 κήρυκας,
491 3948 553 4012 τῇ
597 3959 651 3992 τε
706 3937 936 4012 διαφορᾷ
980 3948 1069 4001 τῆς
1125 3945 1370 4005 πίστεως,
1434 3946 1523 3993 καὶ
1570 3949 1628 4013 τῇ
1682 3946 1806 4013 πρὸς

197 4030 452 4090 ἀλλήλους
548 4028 826 4101 ἀπεχθείᾳ,
900 4026 1105 4093 ἐπειδὴ,
1172 4033 1506 4101 μαχομένων,
1577 4031 1802 4103 ἐροῦσιν,

197 4122 289 4173 οὐκ
348 4119 608 4194 εἰρηνικοῦ
671 4115 796 4171 εἶναι
853 4119 1209 4190 μαθητάςοεί
1267 4116 1325 4171 δὲ
1375 4120 1468 4171 ούκ
1524 4120 1803 4194 ἐὶρηνικοῦ,

196 4209 321 4263 ούδὶ
373 4212 516 4281 παρά
574 4216 669 4260 σοῦ
728 4207 1099 4268 ἀποσταλέντες
1152 4226 1164 4237 ’
1214 4210 1708 4281 ὁμογνωμονούντων
1750 4206 1809 4262 δὲ

196 4301 426 4360 καὶτὰς
490 4297 696 4359 ἐντολάς
755 4318 855 4370 μου
916 4297 1287 4368 φυλαττόντων,
1338 4303 1626 4369 ’γνώσονται
1686 4301 1810 4351 ποίν-

198 4408 281 4450 τις
327 4390 409 4440 ὅτι
462 4386 576 4459 ἐμοὶ
630 4389 865 4459 μαθηταί
914 4386 1037 4458 εἰσι,
1068 4391 1157 4439 καὶ
1213 4388 1294 4439 ὅτι
1346 4390 1410 4439 σύ
1460 4408 1523 4461 με
1571 4387 1809 4442 ἀπέστει-

197 4479 261 4531 λα
271 4499 311 4539 ς.

1136 317 1507 375 COMMENT.
1561 318 1627 373 IN
1666 317 2010 374 JOANNEM.
2052 350 2118 359 ——
2158 317 2317 376 CAP.
2375 318 2535 376 XVII.

3401 329 3541 383 1430

1886 444 2017 499 misi
2049 460 2168 501 eos.
2226 445 2339 501 Sed
2373 451 2433 499 tu
2461 444 2705 517 quidem
2760 450 2977 504 natura
3029 452 3195 506 Pater
3236 468 3404 508 meus
3454 471 3536 519 es,

1885 549 1995 603 ego
2022 550 2157 589 vero
2186 533 2355 589 Pater
2378 550 2609 600 eorum,
2633 540 2917 607 tanquam
2936 544 3167 595 creator
3193 545 3248 596 et
3269 544 3541 613 provisor

1886 639 1956 677 ac
1995 624 2296 693 magister.
2335 625 2501 689 Quod
2546 632 2745 681 autem
2802 626 3063 683 futurum
3099 635 3209 699 est,
3247 635 3539 703 tanquam

1885 709 2111 766 factum
2150 711 2311 776 dicit,
2341 729 2411 768 eo
2455 715 2619 785 quod
2661 716 2790 786 jam
2822 716 3002 788 paulo
3052 724 3190 790 post
3240 725 3391 776 esset
3440 738 3542 777 eos

1888 816 2202 855 mlSSlII‘US.

1962 889 2118 945 Vers.
2152 891 2235 944 19.
2265 892 2343 947 Ει
2372 922 2438 936 -
2462 894 2762 962 meipsum.
2788 898 2907 967 Ego
2936 897 3272 953 voluntarie
3300 899 3544 957 immolo

1890 980 2202 1049 meipsum.
2229 984 2373 1037 Nam
2416 983 2529 1038 hoc
2559 984 2619 1039 in
2651 984 2779 1041 loco
2817 988 3119 1043 victimam
3152 988 3295 1044 dicit
3328 990 3545 1045 sancti-

1887 1068 2246 1125 ﬁcationem.
2297 1071 2580 1129 Sanctum
2612 1075 2772 1131 enim
2804 1076 3015 1132 dicitur
3044 1084 3101 1132 et
3148 1078 3282 1149 ipsa
3310 1079 3541 1135 hostia:

1889 1157 2078 1215 multa
2119 1176 2362 1233 quoque
2394 1161 2672 1220 dicuntur
2708 1172 2934 1231 sancta,
2971 1172 3261 1240 tanquam
3305 1169 3542 1239 signum

1892 1246 2237 1304 sanctitatis.

1960 1338 2120 1393 Vers.
2169 1340 2255 1394 t9.
2312 1340 2382 1396 Ut
2428 1373 2495 1381 —
2537 1343 2850 1399 veritatem.
2894 1347 2963 1401 Ut
2999 1350 3056 1400 et
3097 1346 3212 1417 ipsi
3254 1347 3545 1403 immolati

1890 1426 2007 1482 sint
2033 1443 2137 1498 per
2166 1445 2371 1484 veram
2402 1430 2663 1488 hostiam
2693 1450 2705 1487 :
2741 1433 2943 1503 legalis
2988 1436 3278 1507 siquidem
3306 1437 3547 1494 victima

1890 1515 2084 1585 ﬁgura
2127 1522 2269 1583 erat,
2318 1536 2439 1575 non
2490 1522 2721 1586 veritas,
2764 1527 2824 1577 ut
2857 1528 2912 1578 et
2959 1524 3065 1595 ipsi
3095 1525 3385 1582 immolati
3410 1527 3544 1594 sint,

1892 1604 2086 1675 capite
2115 1606 2392 1662 videlicet
2422 1608 2694 1680 ipsorum
2718 1612 3046 1668 immolato.

1968 1694 2068 1748 Vel
2097 1696 2299 1763 etiam,
2326 1702 2617 1769 tanquam
2648 1705 2703 1754 et
2732 1700 2845 1771 ipsi
2878 1701 3189 1758 immolati.
3219 1704 3428 1759 Habiti
3455 1720 3547 1759 su-

1214 1795 1302 1842 καὶ
1350 1811 1361 1822 ·
1402 1796 1647 1865 Παραστη
1660 1810 1783 1843 σατε

1913 1798 2037 1847 nus,
2056 1784 2265 1854 inquit,
2281 1786 2428 1841 sicut
2445 1802 2576 1842 oves
2589 1788 2732 1843 caedi
2748 1790 3047 1859 deputatae
3063 1792 3137 1859 ‘3;
3160 1796 3244 1846 et:
3266 1793 3551 1850 Exhibete

1896 1875 2149 1929 membra
2201 1878 2389 1931 vestra
2438 1876 2690 1934 hostiam
2723 1880 3000 1936 viventem
3033 1882 3099 1931 δε.
3157 1887 3351 1953 potest
3388 1884 3546 1938 enim

1896 1962 2075 2017 etiam
2152 1965 2275 2020 sine
2338 1967 2499 2021 caede
2575 1967 2877 2024 immolari
2965 1970 3186 2027 hostia.
3266 1974 3344 2027 Ne
3420 1973 3551 2042 quis

1896 2057 2096 2107 autem
2129 2069 2267 2109 eum
2298 2060 2529 2126 putaret
2558 2056 2686 2112 haec
2714 2072 2824 2129 pro
2852 2058 2991 2115 solis
3018 2060 3303 2132 apostolis
3332 2060 3547 2127 dicere,

1897 2140 2099 2201 subdit
2126 2161 2146 2199 .'

1969 2230 2130 2287 Vers.
2177 2232 2272 2289 20.
2305 2235 2439 2291 Νοη
2470 2266 2535 2275 -
2565 2235 2725 2291 Vers.
2760 2239 2848 2292 2t.
2897 2237 3034 2294 sint.
3092 2238 3277 2295 Simul
3317 2256 3554 2313 quoque

1899 2334 2001 2374 eos
2078 2320 2289 2377 iterum
2358 2325 2703 2380 consolatus
2796 2335 2903 2392 est,
2973 2329 3296 2384 ostendens
3387 2330 3555 2401 quod

1898 2423 2004 2479 per
2033 2424 2242 2466 eorum
2272 2414 2756 2483 praedicationem
2786 2415 2885 2472 alii
2931 2432 3170 2489 quoque
3210 2421 3353 2474 ﬁent
3381 2418 3556 2473 disci-

1899 2497 2044 2568 puli.

1971 2589 2135 2645 Vers.
2188 2595 2281 2649 2t.
2340 2592 2500 2649 Sicut
2546 2594 2782 2651 —sint.
2833 2594 2989 2651 Sicut
3031 2596 3179 2652 tuin
3211 2598 3327 2652 mei
3366 2602 3423 2653 et
3448 2614 3557 2669 ego

1900 2679 1958 2733 in
1987 2679 2073 2733 tui
2100 2679 2436 2747 dilectione,
2462 2690 2524 2738 ut
2545 2688 2600 2740 et
2618 2684 2732 2756 ipsi
2755 2684 2814 2740 in
2833 2685 3029 2750 nobis,
3060 2686 3181 2742 sive
3204 2686 3265 2742 in
3288 2686 3405 2742 ﬁde
3424 2703 3559 2757 quas

1900 2769 2062 2824 estin
2086 2784 2217 2839 nos,
2263 2786 2449 2826 unum
2484 2772 2617 2828 sint.
2665 2773 2813 2829 Nam
2846 2776 2942 2845 qui
2970 2776 3027 2829 in
3055 2776 3193 2841 ﬁde,
3222 2792 3355 2847 quae
3385 2781 3472 2831 est
3499 2776 3560 2830 in

1903 2874 2012 2913 nos
2045 2874 2229 2913 unum
2266 2865 2423 2925 sunt,
2456 2867 2628 2916 erunt
2680 2879 2924 2935 quoque
2957 2864 3015 2917 in
3058 2870 3270 2920 mutua
3311 2868 3455 2919 inter
3497 2880 3559 2919 se

1902 2947 2216 3003 dilectione
2246 2964 2456 3004 unum.
2495 2950 2647 3005 Dixit
2671 2953 2829 3006 enim
2866 2976 2876 3006 :
2914 2953 3025 3017 Qui
3047 2953 3235 3023 fhabet
3266 2960 3561 3023 praecepta

1906 3052 2028 3092 mea
2062 3044 2115 3093 et
2147 3044 2341 3093 servat
2374 3054 2457 3101 ea,
2495 3040 2589 3095 hic
2620 3047 2701 3095 est
2743 3042 3048 3112 quidiligit
3074 3059 3157 3098 me
3187 3045 3234 3077 ⁵ο
3260 3060 3273 3107 ;
3302 3048 3360 3097 et
3393 3060 3403 3096 :
3442 3044 3561 3098 Hoc

1907 3132 1988 3181 est
2018 3134 2355 3195 preceptum
2396 3144 2604 3195 meum,
2648 3137 2707 3185 ut
2760 3131 3025 3202 diligatis
3072 3148 3167 3188 vos
3210 3134 3455 3188 invicem
3489 3134 3559 3187 δι.

1910 3217 2056 3271 Cum
2105 3231 2246 3288 ergo
2313 3234 2347 3271 a
2404 3218 2716 3274 dilectione
2771 3225 2827 3275 et
2870 3222 3193 3277 concordia
3254 3222 3558 3293 inceperit,

1909 3320 2145 3359 rursum
2188 3307 2247 3361 in
2309 3306 2422 3362 hac
2472 3309 2763 3363 conclusit
2820 3326 3179 3375 sermonem,
3240 3311 3564 3366 ostendens

1910 3396 2073 3467 quod
2109 3397 2228 3451 Deo
2260 3396 2445 3452 chara
2466 3398 2537 3453 sit
2559 3414 2628 3454 ac
2650 3415 2873 3469 magno
2896 3400 3091 3455 studio
3116 3400 3451 3456 affectanda
3478 3400 3565 3455 di-

1912 3485 2111 3543 lectio.

1984 3575 2150 3630 Vers.
2183 3577 2273 3630 21.
2306 3577 2376 3632 Ut
2404 3576 2735 3633 —miseris.
2756 3609 2823 3618 —
2858 3580 2947 3643 Ut,
2974 3580 3223 3634 credens
3247 3577 3561 3650 apostolis,

1914 3664 2114 3721 credat
2146 3667 2299 3736 quod
2326 3671 2389 3720 tu
2419 3681 2509 3721 me
2556 3667 2796 3722 miseris.
2832 3672 2978 3723 Nam
3017 3668 3133 3724 hoc
3163 3669 3564 3740 praedicaturi,

1916 3759 2058 3809 sunt
2100 3770 2112 3809 :
2143 3760 2199 3810 et
2226 3755 2371 3810 nihil
2393 3756 2544 3811 adeo
2577 3756 2684 3811 erit
2714 3757 3143 3828 impedimento
3166 3758 3570 3830 priedicationi

1916 3846 2068 3899 sicut
2096 3845 2321 3900 divisos
2365 3862 2495 3901 esse
2537 3846 2976 3917 praedicatores,
3037 3848 3176 3903 tidei
3226 3848 3571 3903 diversitate

1917 3951 1985 3989 ac
2051 3940 2261 3990 mutua
2304 3936 2453 3990 inter
2502 3953 2562 3990 se
2608 3936 2935 3991 inimicitia.
2989 3937 3042 3992 Si
3106 3938 3263 3992 enim
3317 3937 3466 3992 inter
3510 3952 3572 3991 se

1918 4024 2336 4094 pugnaverint,
2370 4023 2564 4080 dicent
2593 4041 2695 4080 eos
2736 4042 2851 4079 non
2892 4042 3023 4081 esse
3054 4025 3284 4097 paciﬁci
3310 4026 3572 4096 magistri

1918 4112 2275 4184 discipulos:
2318 4114 2481 4185 quod
2510 4114 2557 4168 si
2599 4130 2718 4169 non
2745 4115 2995 4187 pacitici,
3037 4132 3145 4170 nec
3193 4121 3314 4171 ate
3372 4116 3563 4171 missi.

1920 4203 1975 4257 Si
2000 4218 2136 4258 vero
2159 4205 2482 4259 concordes
2506 4204 2782 4258 fuerintet
2802 4211 3099 4276 praecepta
3131 4221 3265 4260 mea
3287 4205 3577 4260 custodie-

1918 4293 2055 4359 rint,
2079 4309 2291 4348 omnes
2322 4294 2867 4365 cognoscentquod
2901 4295 3016 4349 mei
3045 4296 3160 4351 sint
3192 4294 3486 4367 discipuli,
3522 4299 3578 4350 et

1921 4382 2087 4453 quod
2121 4387 2181 4438 tu
2216 4398 2311 4439 me
2354 4382 2607 4440 miseris.

277 4571 479 4620 Καὶ-
524 4565 722 4628 αύτοῖς.
770 4570 875 4625 Τὴν
930 4564 1029 4617 ἀπὸ
1062 4574 1161 4619 τῶν
1203 4562 1549 4640 διδαίγμάτων
1577 4572 1667 4619 καὶ
1713 4576 1798 4619 τῶπ

1994 4566 2154 4619 Vers.
2184 4562 2373 4619 22.Et
2410 4594 2475 4605 -
2517 4563 2617 4620 eis.
2649 4565 2785 4629 Quae
2818 4580 2853 4620 a
2895 4564 3167 4620 doctrina
3197 4570 3253 4619 et
3278 4563 3582 4620 miraculis

207 4658 509 4731 θαυμάτων,
546 4655 569 4728 [
600 4657 629 4715 ἣ
678 4657 755 4728 (3)
809 4660 895 4708 καὶ
926 4660 1014 4713 τὴν
1064 4654 1164 4709 ἀπὸ
1219 4664 1311 4717 τῆς
1370 4659 1627 4729 ὁμονοίας.
1655 4656 1675 4730 ]
1703 4657 1814 4709 Ούκ

205 4748 415 4799 ἔλαττον
440 4748 542 4820 ’γὰρ
576 4744 629 4797 ἐκ
655 4748 852 4807 ταύτης
882 4746 912 4805 ἢ
939 4744 993 4797 ἐκ
1014 4749 1207 4798 τούτων
1227 4743 1559 4810 δοξάζονται.
1604 4743 1817 4799 Δέδωκα

209 4833 269 4890 δὲ
310 4836 439 4900 εἷπε,
468 4831 789 4909 παραδηλῶν
820 4833 1089 4887 κάνταῦθα
1113 4840 1202 4887 καὶ
1259 4840 1317 4887 τὸ
1363 4836 1544 4889 ἑαυτοῦ
1589 4835 1811 4909 ἀξίὼμα,

205 4931 298 4979 καὶ
328 4928 387 4978 τὸ
435 4928 567 5001 πρὸς
596 4928 682 4977 τὸν
712 4929 915 5002 Πατέρα
945 4926 1215 5000 ὁμότιμον,
1248 4928 1421 5002 ὥσπερ
1443 4932 1532 4980 καὶ
1560 4925 1607 4979 ἐν
1646 4926 1816 4988 ἄλλοις

205 5015 471 5076 πολλάκις.

282 5140 329 5177 ⁸⁸
364 5139 518 5198 Psal.
546 5157 699 5209 mn,
731 5142 818 5199 22.
934 5144 981 5179 ‘9
1016 5145 1160 5201 Rom
1188 5161 1287 5209 xu,
1324 5145 1374 5201 1.

1490 5146 1537 5180 ⁵ο
1562 5146 1731 5200 Joan.
1763 5160 1881 5206 xw,
1912 5143 2000 5197 21.

1923 4652 2214 4726 procedit,
2244 4658 2347 4707 aut
2366 4668 2502 4724 quae
2524 4669 2560 4709 a
2593 4654 2915 4709 concordia
2942 4669 3168 4726 ;neque
3185 4655 3340 4708 enim
3370 4669 3437 4708 ex
3471 4653 3584 4708 hac

1926 4743 2315 4814 minusquam
2330 4758 2401 4797 ex
2432 4741 2545 4798 illis
2574 4742 3002 4813 gloriﬁcantur.
3036 4744 3186 4800 Dedi
3215 4748 3414 4799 autem
3438 4742 3589 4797 dixit

1928 4833 2110 4891 etiam
2132 4832 2249 4897 hic,
2279 4839 2335 4888 et
2365 4848 2536 4887 suam
2560 4832 2875 4890 insinuans
2908 4832 3279 4903 dignitatem,
3310 4837 3367 4887 et
3392 4846 3591 4902 aequa-

1923 4922 2041 4979 lem
2064 4939 2201 4979 cum
2220 4923 2384 4979 Patre
2404 4922 2694 4979 honorem
2720 4941 2736 4979 :
2758 4922 3279 4997 quemadmodum
3317 4922 3592 4995 frequen-

1919 5019 2009 5071 ter
2037 5012 2170 5071 aliis
2191 5012 2251 5069 in
2292 5012 2459 5070 locis.

2116 5140 2159 5177 “
2189 5140 2368 5197 Joan.
2409 5156 2505 5209 xv,
2542 5144 2627 5198 t2.

1460 5296 1681 5366 Variae
1708 5296 2032 5365 lectiones
2067 5304 2128 5363 et
2160 5304 2361 5361 notas.

287 5436 400 5513 (98)
447 5439 592 5513 Κατά
620 5444 804 5513 μικρὸν
838 5445 891 5496 Β.

289 5511 402 5584 (9_9)
446 5511 739 5584 Interpres
767 5512 865 5568 hic
894 5528 1145 5584 prorsus
1175 5511 1454 5570 dissentit
1492 5530 1527 5571 a
1570 5513 1704 5570 meis
1727 5530 1828 5571 co-

214 5581 478 5657 dicibus.
526 5581 635 5639 Sed
669 5582 799 5657 limo
821 5581 994 5640 lectio
1024 5585 1219 5657 magis
1250 5585 1465 5657 placet.

291 5653 373 5725 (1)
418 5655 500 5711 Ita
538 5671 609 5710 ex
659 5654 1089 5728 Chrysostomo
1130 5653 1373 5721 laudat,
1407 5663 1552 5714 tom.
1587 5657 1732 5729 VIII,
1764 5674 1824 5731 p.

546 5751 784 5808 PATROL.
828 5751 932 5807 Gn.
970 5750 1211 5811 CXXIX.

1936 5438 2042 5496 484
2085 5442 2123 5496 C

2032 5516 2063 5566 2
2130 5510 2366 5567 Inclusa
2406 5510 2715 5566 absuntA.

2009 5515 2087 5657 (3)
2127 5584 2360 5640 Inclusa
2398 5582 2612 5639 absunt
2640 5590 2712 5642 A.

2127 5584 2360 5640 Inclusa
2398 5582 2612 5639 absunt
2640 5590 2712 5642 A.

3216 5751 3287 5811 40
