4108 6386
590 314 726 375 1451
1914 311 2202 373 EUTHYM

2330 310 2629 371 iIGABENl
3831 307 3952 366 1452

662 445 809 501 Vers
836 447 926 498 22.
969 445 1041 502 Ut
1069 475 1135 484 —
1171 460 1386 500 sumus.
1421 445 1541 500 Hoc
1583 443 1862 516 superius
1889 459 2132 516 quoque
2161 442 2246 496 di-
2280 487 2284 493 .

2427 440 2538 494 Ἵνα
2625 472 2693 479 —
2769 438 2940 511 ἐσμέν.
3017 446 3182 490 Τοῦτο
3256 443 3346 489 καὶ
3423 437 3655 512 ἀνωτέρω
3735 439 3947 508 εἴρηται,

590 539 751 592 cium
780 550 850 589 ac
878 534 1243 590 declaratum
1275 539 1360 590 est
1390 551 1400 589 :
1431 539 1486 590 et
1511 550 1670 589 nunc
1698 533 1855 588 idem
1885 532 2042 598 dicit,
2075 533 2212 587 vehe

2355 535 2444 582 καὶ
2474 532 2814 605 ἡρμήνευται.
2861 530 2879 599 [
2932 532 3032 581 Καὶ
3071 536 3158 579 νῦν
3323 524 3380 580 δὲ
3426 535 3580 579 τοῦτο
3635 527 3794 598 λέγει,
3839 533 3949 598 σφό-

590 629 820 680 menter
845 625 1089 696 cupiens
1116 624 1379 696 imprimi
1408 624 1688 679 cordibus
1711 639 1938 687 eorum,
1963 627 2212 693 tanquai:

2359 616 2461 692 δρα
2496 628 2648 671 τοῦτο
2680 618 2986 691 βουλόμενος
3035 617 3217 670 ἐνεῖναι
3267 621 3466 683 αὐτοῖς,
3517 619 3586 677 ὡς
3618 614 3949 687 ἀναγκαιότα-

589 712 851 769 maxime
892 714 1316 769 necessarium.
2359 728 2461 760 τον.

665 803 826 858 Vers.
863 806 950 858 23.
980 804 1095 872 Ego
1124 834 1194 843 —
1224 818 1324 859 me.
1361 802 1484 872 Ego
1508 802 1566 857 in
1597 802 1680 857 eis
1714 817 1952 872 maneo,
1995 806 2053 856 et
2084 804 2146 856 tu
2186 800 2244 855 in

2427 800 2555 870 Ἐγὼ
2601 829 2664 837 ——
2718 796 2850 869 ἐμοί.
2905 798 3036 868 Ἐγὼ
3095 795 3142 848 ἐν
3197 796 3376 856 αὐτοῖς
3429 800 3580 868 μένω,
3640 799 3734 847 καὶ
3785 798 3848 846 σὺ
3906 794 3948 846 ἐν

587 907 706 958 me,
738 892 853 947 hoc
878 895 982 961 est,
1016 907 1126 963 ego
1171 896 1226 947 et
1257 897 1315 947 tu
1349 892 1406 947 in
1439 892 1522 947 eis
1564 907 1893 956 manemus,
1942 890 2204 962 quomod

2356 885 2486 958 ἐμοὶ,
2521 891 2809 951 τουτέστιν,
2841 884 2940 957 ἐγὼ
2986 890 3076 937 καὶ
3119 889 3183 937 σὺ
3234 885 3281 937 ἐν
3340 885 3515 945 αὐτοῖς
3581 889 3815 957 μένομεν,
3871 889 3948 935 καὶ

589 997 730 1052 ergo
758 997 879 1037 non
911 997 1013 1037 eos
1042 982 1528 1038 conservabimus
1547 981 1574 1035 ?
1603 981 1756 1035 Alibi
1784 996 2022 1053 quoque
2054 979 2200 1034 dixit

2353 985 2457 1036 πῶς
2501 977 2559 1028 οὗ
2599 981 2991 1048 συντηρήσομεν
3027 977 3102 1046 (5)
3154 978 3340 1037 αὐτούς
3383 991 3395 1041 ;
3446 974 3575 1047 [Καὶ
3622 973 3856 1044 ἀλλαχοῦ
3898 970 3948 1024 δὲ

587 1072 648 1126 Si
674 1072 801 1143 quis
821 1071 1012 1142 diligit
1030 1088 1138 1136 me,
1154 1086 1474 1128 sermonem
1491 1087 1676 1128 meum
1700 1071 1972 1135 servabit,
1990 1077 2040 1126 et
2062 1073 2209 1126 Pale

2355 1068 2552 1138 εἴρηκεν
2626 1082 2638 1096 ’
2700 1067 2817 1118 Ἐάν
2892 1085 2972 1126 τις
3050 1063 3232 1136 ἀγαπᾷ
3311 1083 3393 1136 με,
3487 1067 3574 1115 τὸν
3638 1063 3793 1133 λόγον
3859 1081 3947 1133 μου

583 1176 736 1217 meus
765 1160 966 1230 diliget
988 1175 1139 1226 eum,
1161 1168 1210 1217 et
1227 1163 1304 1216 ad
1319 1176 1451 1217 eum
1474 1161 1768 1217 veniemus
1791 1175 1861 1216 ac
1883 1159 2205 1215 mansione:

2351 1162 2590 1230 τηρήσει,
2663 1162 2752 1208 καὶ
2811 1157 2835 1208 ό
2911 1161 3092 1228 Πατήρ
3149 1174 3249 1226 μου
3305 1153 3568 1223 ἀγαπήσει
3629 1153 3804 1218 αὐτόν,
3869 1155 3945 1202 καὶ

585 1251 751 1318 apud
772 1265 898 1306 eum
918 1250 1207 1319 faciemus
1223 1252 1289 1304 ⁵³.
1319 1251 1432 1306 Sed
1455 1265 1566 1319 ego
1585 1249 1832 1322 quidem
1860 1250 1918 1304 in
1931 1249 2014 1303 eis
2037 1248 2198 1302 divin

2352 1249 2477 1319 πρὸς
2559 1245 2709 1297 αὐτόν
2772 1244 3106 1316 ἐλευσόμεθα,
3195 1248 3284 1295 καὶ
3369 1247 3528 1314 μονὴν
3609 1243 3735 1316 παρ’
3823 1241 3948 1309 αὐτῷ

583 1339 768 1395 modo
797 1343 1042 1411 propter
1069 1340 1273 1405 ﬁdem,
1306 1346 1368 1395 tu
1400 1354 1540 1395 vero
1563 1340 1622 1395 in
1656 1354 1751 1394 me
1777 1345 2029 1410 paterno
2057 1337 2199 1393 mod

2351 1341 2658 1406 ποιήσομεν.
2714 1333 2853 1389 Ἀλλ’
2933 1333 3032 1405 ἐγὼ
3116 1337 3206 1406 μὲν
3276 1335 3325 1384 ἐν
3379 1335 3552 1391 αὐτοῖς
3651 1334 3946 1392 θεοπρεπῶς,

583 1433 826 1504 propter
854 1435 1155 1486 naturam.

2355 1420 2448 1477 διὰ
2489 1429 2581 1482 τὴν
2628 1429 2808 1476 πίστιν
2835 1440 2845 1452 ·
2885 1427 2948 1475 σὺ
2977 1420 3036 1476 δε
3066 1421 3115 1474 ἐν
3145 1421 3258 1495 ἐμοὶ
3288 1428 3685 1495 πατροπρεπῶς,
3738 1416 3829 1472 διὰ
3866 1425 3947 1476 τὴν

2355 1514 2560 1587 φύσιν.]

655 1609 817 1663 Vers.
870 1607 956 1661 23.
991 1609 1060 1664 Ut
1087 1639 1156 1649 —
1208 1623 1417 1666 unum.
1447 1609 1512 1663 In
1543 1607 1852 1672 unitatem,
1896 1607 1956 1662 in
1999 1623 2242 1664 concor-

2422 1604 2533 1657 Ἵνα
2571 1635 2638 1644 -
2679 1606 2748 1658 ἓν.
2837 1604 2917 1664 Εἰς,
2984 1605 3185 1668 ἕνωσιν,
3266 1601 3337 1662 εἰς
3420 1602 3683 1672 ὁμόνοιαν.
3763 1598 3947 1670 ’Ὠσπερ

583 1695 759 1752 diam.
791 1696 1308 1761 Quemadmodum
1327 1697 1486 1752 enim
1512 1697 1721 1753 seditio
1751 1696 2039 1762 dissolvit,
2076 1697 2158 1752 sic
2189 1713 2205 1752 ε

2353 1697 2454 1768 γὰρ
2522 1696 2550 1752 ἡ
2639 1696 2842 1756 στάσις
2903 1690 3104 1745 διαλύει
3149 1692 3334 1754 οὕτως,
3420 1693 3446 1749 ἡ
3505 1695 3784 1763 συμφωνία
3838 1708 3951 1758 συγ-

581 1786 902 1841 concordia
929 1791 1276 1858 congregat.

929 1791 1276 1858 congregat.
2284 1808 2326 1859 Β
2355 1791 2544 1857 κροτεῖ.

648 1876 808 1930 Vers.
835 1875 921 1931 23.
965 1876 1040 1931 Et
1082 1907 1149 1916 -—-
1194 1878 1422 1932 miseris
1459 1878 1570 1947 (οὶ-σξ-
1614 1876 1892 1948 Superius
1930 1878 2107 1931 etiam
2154 1876 2244 1930 di-

2432 1879 2628 1926 Καὶ-
2674 1871 2998 1931 απεστειλας.
3054 1870 3180 1944 [Καὶ
3371 1867 3604 1943 ἀνωτέρω
3645 1865 3782 1921 εἶπεν
3817 1884 3830 1897 ·
3855 1865 3950 1919 Ἵνα

576 1971 742 2020 xerat
779 1981 790 2019 :
825 1966 898 2021 Ut
923 1966 1175 2020 mundus
1198 1967 1421 2032 credat,
1452 1982 1542 2022 me
1563 1981 1598 2020 a
1633 1972 1688 2022 te
1712 1966 1952 2021 missum
1978 1981 2100 2021 esse
2121 1968 2190 2019 ⁵³.

2358 1967 2382 2016 ὁ
2407 1971 2601 2035 κόσμος
2631 1965 2886 2033 πιστεύσῃ
2919 1963 2999 2013 ὅτι
3041 1963 3104 2012 σύ
3145 1979 3208 2032 με
3271 1957 3596 2020 ἀπέστειλας.
3631 1959 3647 2028 ]
3689 1957 3847 2010 Πάλιν
3872 1954 3948 2008 οὖν

578 2054 797 2110 Iterum
830 2070 971 2126 ergo
1021 2055 1184 2110 idem
1220 2055 1382 2121 dicit,
1413 2061 1477 2111 ut
1507 2056 1736 2110 ﬁrmius
1776 2056 2104 2110 concordes
2131 2056 2200 2110 sii

2357 2058 2413 2105 τό
2447 2054 2572 2104 αὐτό
2605 2071 2762 2123 φησιν
2799 2050 2928 2123 [ἵνα
2962 2048 3183 2122 βεϐαίως
3211 2049 3288 2116 (7)
3321 2049 3598 2120 ὀμονοῶσι,
3634 2046 3949 2122 πληροφορη-

575 2145 854 2199 certiores
879 2143 1068 2200 effecti
1099 2145 1262 2215 quod
1291 2161 1359 2201 ac
1385 2146 1644 2201 maxime
1674 2145 1750 2201 ad
1780 2144 1956 2198 ﬁdem
1984 2143 2197 2200 attrahz

2359 2145 2518 2203 θέντες
2551 2143 2630 2193 ὅτι
2660 2149 2810 2193 τοῦτο
2854 2140 3044 2212 μᾶλλον
3080 2141 3206 2213 πρὸς
3233 2143 3414 2189 πίστιν
3465 2135 3819 2188 ἐπισπάσεται
3847 2139 3947 2195 τοὺς

574 2233 872 2289 homines.

2357 2230 2703 2306 ἀνθρώπους.]

648 2322 809 2378 Vers.
845 2323 932 2378 23.
966 2324 1124 2380 Et—
1154 2323 1440 2381 dilexisti.
1477 2326 1624 2380 Nam
1660 2325 1899 2396 signum
1929 2323 2036 2378 fuit
2068 2322 2245 2378 dilec-

2426 2325 2623 2373 Καὶ-
2662 2321 2965 2390 ἠγάπησας.
3011 2321 3301 2390 Τεκμήριον
3330 2318 3429 2388 γὰρ
3489 2322 3584 2376 τῆς
3631 2313 3837 2386 ἀγάπης
3865 2313 3944 2364 αὖ·

576 2413 751 2469 tionis
779 2429 1004 2480 eorum,
1059 2415 1225 2487 quod
1272 2431 1379 2470 nec
1407 2415 1652 2487 proprio
1700 2414 1839 2469 Filio
1873 2419 1975 2469 tuo
2007 2418 2198 2485 proptr

2353 2418 2473 2475 τῶν,
2508 2414 2564 2461 τό
2615 2406 2752 2482 μηδέ
2779 2416 2868 2460 τοῦ
2913 2403 3052 2459 ἰδίου
3088 2426 3182 2458 σου
3212 2408 3336 2458 Υἱοῡ
3371 2406 3660 2476 φείσασθαι
3692 2405 3818 2477 ὑπὲρ
3869 2402 3946 2454 αὖ·

574 2517 677 2558 eos
707 2503 1062 2574 peperceris.
1095 2504 1197 2559 Hic
1217 2521 1461 2576 quoque
1484 2505 1663 2559 dictio
1693 2504 1869 2566 sicut,
1902 2518 2023 2558 non
2047 2518 2196 2574 aequ:

2351 2509 2468 2552 τῶν.
2507 2498 2785 2552 Κάνταῦθα
2813 2494 2870 2549 δὲ
2908 2501 2962 2548 τό
2994 2499 3184 2566 καθὼς,
3221 2494 3314 2546 οὐκ
3348 2494 3588 2560 ἰσότητα,
3631 2493 3738 2544 ἀλλ’
3773 2495 3941 2564 ὁμοίω-

576 2591 822 2652 litatem.
875 2592 980 2647 sed
1034 2592 1482 2649 similitudinem
1540 2592 1875 2665 quamdam
1924 2591 2192 2662 signiﬁca

2355 2595 2434 2642 σίν
2475 2609 2590 2641 τινα
2623 2586 2795 2654 δηλοῖ,
2851 2589 3084 2659 καθάπερ
3134 2583 3477 2658 προλαϐόντες
3519 2584 3943 2655 παρεσημειωσςὶ-

575 2681 1085 2752 quemadmodum
1104 2681 1161 2737 in
1194 2682 1671 2755 praecedentibus
1697 2681 2087 2737 ostendimus.
2117 2683 2197 2736 [πει

2350 2683 2502 2752 μεθα,
2539 2678 2756 2745 [Τίθησι
2787 2677 2863 2747 (8)
2907 2673 2965 2728 δὲ
2991 2683 3142 2727 τοῦτο
3184 2683 3439 2745 συνεχῶς,
3491 2673 3944 2744 παραμυθούμενος

577 2776 828 2842 quenter
858 2776 1060 2827 autem
1092 2773 1206 2828 hoc
1231 2773 1420 2845 ponit,
1457 2772 1780 2828 consolans
1819 2788 1920 2827 eos
1953 2787 2060 2842 per
2083 2772 2193 2827 sim

2351 2769 2538 2830 αὐτοὺς
2571 2765 2664 2820 διὰ
2690 2775 2779 2827 τῆς
2810 2769 2937 2840 πρὸς
2971 2765 3150 2818 ἑαυτὸν
3182 2765 3478 2836 ὁμοιώσεως
3503 2767 3592 2814 καὶ
3627 2761 3830 2836 Οαῤῥείν
3858 2778 3944 2810 πα-

574 2859 886 2916 litudinem
908 2877 1093 2934 quam
1107 2863 1460 2934 ergaipsum
1477 2862 1700 2918 habent
1721 2861 2070 2918 etfiduciam
2089 2878 2236 2933 praa-
2349 2863 2540 2932 ρέχωνο

501 2999 504 3001 .
571 2949 741 3006 bens.

646 3039 737 3094 Ad
781 3040 943 3096 hunc
982 3057 1176 3114 usque
1211 3041 1408 3097 locum
1447 3041 1521 3097 de
1552 3041 1864 3097 dilectione
1895 3058 1964 3097 ac
1997 3058 2236 3098 concor-

2420 3040 2596 3110 Μέχρι
2626 3038 2811 3088 τούτου
2843 3036 2909 3086 τὰ
2945 3038 3063 3108 περὶ
3113 3052 3318 3104 αγαπης
3343 3036 3433 3084 καὶ
3461 3033 3704 3104 ὁμονοίας
3725 3033 3939 3104 περατώ·

574 3129 672 3186 dia
706 3146 1042 3186 sermonem
1073 3132 1374 3187 extendit:
1406 3131 1688 3203 deinceps
1732 3147 1874 3187 vero
1907 3132 1979 3186 de
2015 3131 2196 3187 bravii

2350 3146 2465 3190 σας,
2497 3123 2793 3196 διαλέγεται
2814 3124 2992 3176 λοιπόν
3015 3128 3103 3174 καὶ
3118 3127 3232 3194 περὶ
3263 3131 3361 3174 τῶν
3393 3123 3524 3194 μετὰ
3553 3124 3646 3179 τὴν
3680 3126 3941 3194 παροῦσαν

570 3234 812 3292 quoque
827 3225 882 3275 et
899 3223 1137 3277 coronis
1150 3221 1407 3286 disserit,
1425 3238 1555 3292 quae
1571 3237 1680 3293 por
1691 3226 2029 3290 presentem
2047 3221 2190 3277 vitai

2349 3219 2485 3278 ζωὴν
2517 3215 2861 3286 ἀποκειμένων
2910 3214 3089 3275 αὐτοῖς
3133 3211 3390 3286 βραϐείων
3420 3215 3509 3264 καὶ
3542 3212 3826 3283 στεφάνων,
3867 3209 3939 3259 ἵνα

574 3308 687 3363 illis
738 3310 1003 3381 reposita
1058 3315 1214 3378 sunt,
1264 3315 1326 3366 ut
1370 3311 1722 3383 ampliorem
1776 3315 2018 3367 sumant
2081 3309 2196 3366 ﬁdu

1264 3315 1326 3366 ut
1370 3311 1722 3383 ampliorem
1776 3315 2018 3367 sumant
2081 3309 2230 3366 ﬁdu-
2344 3306 2492 3358 πλέον
2527 3304 2879 3380 θαρῥήσωσι.]

572 3413 749 3454 ciam.

644 3489 802 3544 Vers.
845 3488 933 3544 24.
964 3491 1150 3546 Pater
1195 3521 1265 3532 —
1316 3505 1562 3547 mecum.
1622 3490 1684 3544 In
1729 3504 1913 3560 regno
1961 3488 2234 3545 videlicet

2416 3488 2582 3560 Πάτερ
2612 3516 2679 3525 -—
2710 3483 2854 3557 ἐμοῦ.
2884 3485 2966 3536 Ἐν
2990 3490 3050 3554 τῇ
3079 3481 3325 3555 βασιλείᾳ
3355 3501 3472 3548 σου,
3506 3479 3774 3549 δηλονότι,
3810 3498 3938 3550 σνμ-

569 3581 1011 3649 conregnantes
1031 3578 1195 3634 mihi.

2343 3575 2700 3635 ϐασιλεύοντες
2729 3594 2839 3647 μοι.

640 3668 803 3723 Vers.
832 3669 928 3724 24.
966 3669 1037 3724 Ut
1063 3700 1129 3709 —
1159 3668 1325 3724 mihi.
1356 3667 1614 3723 Gloriam
1657 3666 2006 3733 divinitatis,
2046 3682 2231 3739 quam

2412 3664 2523 3718 Ἵνα
2554 3683 2757 3737 -μοι.
2807 3667 2911 3720 Τὴν
2959 3659 3118 3724 δόξαν
3178 3669 3275 3723 τῆς
3307 3661 3568 3722 θεότητος,
3613 3659 3673 3717 ἢν
3720 3656 3940 3717 δέδωκάς

569 3755 788 3813 dedisti
838 3757 1005 3822 mihi,
1053 3773 1173 3813 non
1216 3762 1501 3830 tanquam
1542 3757 1757 3812 minori
1800 3761 1900 3812 aut
1936 3758 2191 3829 posteriu

2342 3774 2449 3826 μοι,
2486 3753 2590 3826 οὐχ
2647 3756 2717 3813 ὡς
2765 3751 2989 3804 ἐλάττονι
3027 3753 3057 3811 ἣ
3092 3753 3433 3824 ὑστερογενεί,
3480 3749 3586 3802 αλλ’
3639 3752 3712 3812 ὡς
3770 3752 3934 3810 αἴτιος,

570 3847 790 3917 genito,
822 3847 928 3902 sed
975 3851 1266 3920 tanquam
1319 3846 1703 3920 principium,
1751 3847 1874 3901 sive
1925 3846 1975 3901 is
2001 3847 2104 3918 qui
2139 3865 2192 3901 m

2344 3847 2508 3896 εἷτονν
2562 3845 2626 3903 ὡς
2664 3861 2919 3914 γεννησας
2953 3860 3032 3913 με.
3080 3841 3236 3911 [Πότε
3266 3841 3342 3911 (9)
3399 3836 3458 3891 δὲ
3503 3835 3734 3892 δέδωκεν
3777 3856 3790 3905 ;
3829 3836 3938 3889 Ὀτε

569 3936 792 4005 genuit.
833 3937 1087 4001 Quando
1115 3943 1316 3993 autem
1346 3935 1506 3991 dedit
1534 3936 1561 3990 ‘P
1593 3936 1844 4002 Quando
1878 3936 2096 3992 scilicet
2136 3952 2191 4005 ge

2344 3931 2584 3991 δηλονότι
2649 3937 2920 4004 γεγέννηκε
2980 3947 2996 3964 ·
3064 3935 3186 3983 πότε
3253 3926 3312 3981 δὲ
3368 3933 3665 4000 γεγέννηκεν
3734 3946 3746 3995 ;
3802 3927 3936 3997 Ὑπὲρ

567 4027 714 4082 nuit.
749 4026 999 4092 Quando
1027 4042 1167 4082 vero
1204 4027 1461 4097 genuit?
1521 4026 1782 4091 Quaestio
1835 4027 2078 4098 quando
2117 4026 2189 4080 ho

2342 4029 2398 4076 τό
2453 4029 2574 4076 πότε
2633 4027 2688 4076 τό
2763 4025 3025 4096 ἐρώτημα,
3093 4024 3181 4071 καὶ
3219 4020 3244 4071 ό
3281 4019 3432 4090 λόγος
3475 4016 3765 4090 ἀνέφικτος.
3810 4016 3938 4087 "Ayz

566 4114 758 4183 fuerit,
782 4131 1120 4172 sermonem
1138 4114 1998 4186 habetincomprehensibilem
2021 4133 2033 4183 ;
2053 4116 2187 4170 simi

2341 4119 2441 4190 γὰρ
2490 4118 2579 4166 καὶ
2640 4110 2719 4179 ἦν,
2773 4116 2859 4164 καὶ
2911 4114 3201 4182 γεγέννηκε,
3283 4113 3374 4160 καὶ
3428 4108 3522 4160 οὐκ
3581 4105 3663 4176 ἧν,
3724 4109 3804 4159 ὅτε
3853 4105 3936 4157 οὐκ

567 4205 725 4260 enim
773 4210 829 4261 et
873 4211 1000 4261 erat
1048 4210 1105 4261 et
1159 4205 1406 4274 genuit:
1454 4221 1562 4260 nec
1615 4204 1723 4260 fuit
1783 4209 2044 4275 tempus,
2109 4221 2188 4276 qu

2342 4203 2402 4263 ἦν
2462 4207 2637 4274 Πατὴρ
2697 4204 2721 4253 ό
2778 4207 2978 4274 Πατήρ.
3038 4201 3182 4252 Ἐπεὶ
3273 4195 3332 4250 ὁδε
3387 4200 3443 4250 τό
3500 4193 3760 4268 Δέὃωκας,
3827 4215 3937 4264 συγ·

566 4294 740 4351 Pater
755 4300 901 4364 erat,
933 4301 988 4350 et
1015 4311 1136 4350 non
1165 4301 1291 4350 erat
1321 4298 1509 4350 Pater.
1557 4295 1706 4358 Quia
1746 4298 1946 4348 autem
1980 4293 2188 4349 verbui

2339 4292 2688 4347 καταϐατικόν
2747 4291 2822 4358 ὃν,
2886 4289 3055 4362 ἔμελλέ
3103 4308 3216 4341 τισι
3261 4293 3450 4340 τίκτειν
3511 4283 3826 4351 σκάνδαλον,
3859 4281 3936 4336 δο-

566 4384 816 4450 Dedisti,
837 4401 975 4440 cum
991 4385 1205 4440 sitsese
1221 4383 1604 4448 demittentis,
1624 4383 1991 4455 quibusdam
2009 4386 2188 4454 paritr

2339 4391 2461 4436 χοῦν
2520 4383 2800 4434 ἐλάττωσιν
2846 4381 3146 4453 περιάπτειν
3180 4386 3253 4451 τῷ
3313 4380 3434 4449 Υἱῴ,
3485 4379 3755 4452 θεραπεύει
3794 4382 3933 4428 τοῦτο

564 4488 700 4528 rum
733 4479 858 4529 erat
874 4472 1321 4538 offendiculum,
1355 4488 1475 4544 quo
1507 4473 1801 4528 videretur
1829 4472 2227 4528 minoritatem
2262 4541 2296 4546 _
2339 4474 2497 4546 λέγων
2536 4474 2573 4543 ο]

566 4561 789 4618 addere
820 4562 982 4630 Filio,
1025 4561 1164 4618 huic
1204 4541 1446 4634 quoque
1479 4563 1747 4617 medetur
1773 4561 1978 4617 dicens
2008 4577 2020 4617 :
2262 4541 2306 4594 D

637 4651 808 4707 Vers.
834 4654 926 4708 24.
969 4652 1116 4718 Quia
1149 4684 1209 4693 —
1236 4652 1540 4707 mundum.
1563 4655 1681 4708 Hoc
1705 4656 1793 4708 est
1825 4657 1958 4707 ante
1986 4652 2224 4708 sascula.

2408 4653 2529 4706 Ὀτι
2579 4682 2648 4692 —
2699 4655 2920 4722 κόσμον.
2971 4651 3244 4715 Τουτέστι,
3312 4649 3412 4719 πρὸ
3499 4647 3718 4700 αἰώνων.
3793 4645 3933 4698 Οὕτω

567 4743 718 4797 Nam
757 4741 838 4798 ita
885 4741 1220 4810 signiﬁcare
1267 4741 1417 4797 solet
1467 4742 1763 4813 Scriptura
1808 4742 2189 4798 aeternitatem

2337 4745 2436 4817 γὰρ
2485 4745 2513 4800 ἡ
2560 4745 2732 4816 Γραφὴ
2766 4737 2922 4798 δηλοῖ
2947 4743 3004 4791 τό
3038 4734 3243 4798 ἀίδίως.
3279 4737 3390 4789 Οὐκ
3422 4733 3528 4789 εἷπε
3555 4734 3633 4803 δὲ,
3671 4738 3754 4788 ἵνα
3801 4736 3928 4807 μετέ-

565 4833 696 4887 Non
726 4831 874 4886 dixit
921 4837 1143 4897 autem,
1181 4833 1249 4887 Ut
1293 4830 1756 4902 sintparticipes
1800 4829 2001 4899 gloriae
2052 4848 2187 4887 mea:

2332 4852 2478 4903 χωσι
2521 4840 2612 4891 τῆς
2659 4827 2814 4893 δόξης
2870 4836 2965 4891 τῆς
3013 4826 3161 4900 ἐμῆς,
3215 4825 3322 4878 ἀλλ’
3380 4825 3494 4879 Ἵνα
3558 4828 3810 4901 θεωρῶσι.
3867 4825 3926 4874 Τό

566 4919 671 4976 sed
701 4920 774 4978 Ut
800 4921 1062 4978 videant.
1091 4920 1241 4976 Illud
1273 4935 1534 4993 namque
1565 4935 1747 4991 supra
1773 4919 2010 4976 illorum
2037 4919 2188 4976 facul

2330 4926 2419 4995 μὲν
2463 4925 2560 4994 γὰρ
2628 4923 2755 4992 ὑπὲρ
2802 4920 2991 4980 αὐτοὺς
3040 4914 3120 4982 ἦν,
3204 4919 3263 4968 τὸ
3342 4911 3401 4969 δε
3453 4922 3601 4969 πᾶσα
3650 4915 3929 4972 ἀπόλαυσις

564 5014 748 5068 tatem
783 5015 906 5067 erat
938 5031 950 5072 :
987 5012 1096 5068 hoc
1123 5026 1262 5066 vero
1290 5014 1412 5066 tota
1434 5009 1670 5064 illorum
1701 5009 1899 5066 fruitio
1917 5015 2023 5077 est,
2051 5026 2186 5083 quoi

2329 5011 2521 5077 αὐτοῖς,
2553 5010 2577 5064 ὃ
2605 5015 2693 5064 καὶ
2726 5009 2928 5072 Παὺλός
2977 5026 3132 5082 φησιν
3178 5020 3193 5038 ⁸
3247 5005 3743 5080 Ἀνακεκαλυμμένῳ
3768 5021 3921 5078 προσ-

638 5163 1030 5229 5'Ioan.x1v,
1071 5164 1161 5218 23.
1282 5165 1328 5198 ⁵³
1371 5163 1542 5220 Joan.
1576 5179 1712 5227 xvu,
1749 5167 1835 5216 2t.

1767 5341 1991 5410 Variae
2039 5341 2367 5413 lectiones
2411 5353 2475 5411 et
2525 5353 2727 5412 notae.

638 5541 714 5611 (4)
743 5537 973 5596 Inclusa
1017 5535 1235 5595 omittit
1267 5541 1332 5593 A.
1463 5610 1473 5611 ί
1977 5609 1981 5611 _
2412 5542 2488 5611 (7)
2519 5540 2754 5596 Inclusa
2786 5537 3016 5611 absunt
3055 5537 3120 5592 Λ.

639 5609 714 5683 (5)
797 5617 1203 5687 Συντηρησωμεν
1278 5615 1343 5666 Α.
1419 5610 1577 5666 Idem
1659 5625 1799 5667 mox
1866 5609 2086 5669 omittit
2135 5613 2227 5669 in-

1507 5627 1577 5666 :m
1659 5625 1799 5667 mox
1866 5609 2086 5669 omittit
2135 5613 2227 5669 in-
2412 5609 2490 5687 (8)
2534 5611 2771 5687 Inclusa
2812 5610 3129 5687 absuntA.

639 5617 714 5683 (5)
797 5617 1203 5687 Συντηρησωμεν
1278 5617 1343 5666 Α.
1419 5617 1577 5666 Idem
1659 5625 1799 5667 mox
1866 5617 2086 5669 omittit
2135 5617 2227 5669 in-
2412 5617 2467 5684 (8
2534 5617 2771 5667 Inclusa
2812 5617 3104 5666 absuntA

565 5683 763 5760 clusa.
848 5753 862 5760 _
1118 5751 1129 5760 _
1319 5755 1373 5760 __
1464 5758 1471 5760 _
1565 5753 1576 5760 _
2413 5617 2490 5760 (εἴ
2531 5685 2764 5742 Inclusa
2791 5684 3104 5742 absuntA.

639 5755 712 5838 (6)
750 5753 979 5814 Inclusa
1009 5751 1293 5812 omiserat
1319 5753 1676 5815 Hentenius.
