4108 6384
153 383 295 450 1453
1133 381 1494 447 COMMENT.
1539 389 1605 444 IN
1646 383 2000 444 JOANNEM.
2043 419 2108 427 —
2151 380 2304 442 CAP.
2344 379 2547 444 XVIII.
3393 384 3524 445 1454

153 541 276 593 ωπῳ
354 525 449 579 τὴν
536 515 695 583 δόξαν
801 523 994 592 Κυρίου
1087 517 1568 589 κατοπτριζόμενοι.
1657 521 1756 568 Με-

1898 522 2048 578 :tiam
2076 521 2218 578 dicit
2244 522 2461 578 Paulus
2495 539 2506 578 :
2541 525 2771 580 Detecto
2798 522 2949 594 fac-ie
2974 522 3226 594 gloriam
3257 524 3360 580 Dei
3389 540 3520 580 con-

151 613 313 680 γέστη
386 612 488 682 γὰρ
559 614 711 671 ὅντως
789 605 938 675 δόξα,
1023 611 1080 659 τό
1159 609 1362 681 θεωρεῖν
1418 609 1512 664 τὴν
1600 600 1757 666 δόξαν

1900 613 2211 682 emplantes
2244 613 2311 666 5‘.
2348 613 2651 685 Siquidem
2682 629 2818 669 vere
2866 614 3134 669 maxima
3177 619 3263 669 est
3313 613 3522 684 gloria,

155 698 338 754 αὐτοῦ.

1871 701 2001 772 ejus
2033 700 2228 756 videre
2259 700 2534 770 gloriam.

230 790 399 861 Πάτερ
459 785 647 843 δίκαιε.
711 793 917 841 Δίκαιον
976 787 1131 839 αὐτόν
1184 785 1320 858 λέγει
1377 791 1486 848 νῦν,
1564 785 1628 844 ὡς
1687 784 1762 835 Θέ-

1945 792 2101 845 Vers.
2136 794 2224 845 25.
2268 791 2444 846 Pater
2467 794 2645 862 juste.
2699 793 2934 848 Justum
2981 809 3119 848 eum
3160 808 3314 848 nunc
3363 792 3523 859 dicit,

153 874 326 944 λοντα,
384 882 456 949 μὴ
513 883 691 950 μόνοις
737 874 1041 940 Ἰουδαίοις,
1081 875 1209 928 ἀλλά
1255 881 1416 928 πᾶσιν
1476 873 1762 948 ἀνθρώποις

1913 883 2071 950 tpote
2101 879 2403 935 volentem
2436 896 2556 936 non
2588 898 2624 937 a
2654 881 2793 936 solis
2823 883 3065 951 Iudaeis,
3098 898 3307 938 verum
3347 884 3527 938 etiam

155 963 565 1037 ἐπιγνωσθῆναι,
608 969 692 1020 ἶνα
745 969 924 1028 πάντες
981 965 1272 1032 σώζωνται,
1330 968 1418 1015 καὶ
1465 959 1648 1036 μηδεὶς
1688 958 1759 1013 δι’

1904 969 1951 1023 .b
1982 969 2263 1025 omnibus
2303 969 2652 1026 hominibus
2697 971 2970 1041 agnosci,
3018 975 3082 1028 ut
3123 987 3336 1026 omnes
3377 971 3526 1027 salvi

155 1057 374 1127 ἄγνοιαν
403 1055 680 1116 ἀπόληται.
713 1064 876 1110 Τοῦτο
905 1056 1016 1128 (10)
1038 1058 1138 1130 γὰρ
1170 1054 1462 1128 ἀκροτάτης
1490 1050 1763 1105 δικαιοσύ-

1904 1062 2095 1122 ierent.
2145 1063 2203 1113 et
2231 1058 2430 1114 nullus
2476 1076 2582 1131 per
2630 1060 3031 1129 ignorantiam
3081 1060 3338 1132 periret:
3381 1077 3526 1118 nam

155 1163 251 1205 νης
271 1149 361 1197 καὶ
393 1143 738 1217 ἀγαθότητος.

1871 1147 1927 1203 id
1960 1153 2234 1203 extremae
2259 1148 2499 1218 justitiaa
2530 1153 2616 1204 est
2648 1165 2716 1205 ac
2748 1149 3050 1206 bonitatis.

237 1239 428 1286 Καὶ-
458 1237 609 1308 ἔγνω.
645 1235 726 1310 [⁸0
775 1239 864 1308 μὲν
918 1236 1066 1298 ἄλλος
1096 1236 1207 1307 (11)
1266 1239 1480 1307 κόσμος,
1536 1229 1650 1285 οὐδ’
1707 1232 1760 1283 ό-

1943 1239 2105 1293 Vers.
2147 1239 2341 1294 25.E’t
2367 1269 2432 1278 -—
2474 1239 2752 1310 cognovit.
2793 1239 3043 1295 Gentiles
3087 1238 3328 1312 quidem
3368 1239 3527 1295 nullo

155 1322 258 1386 λως
288 1323 426 1396 (12)·
459 1325 506 1376 οἱ
538 1322 597 1378 δὲ
630 1322 878 1380 Ἰουδαῖοι
934 1325 1067 1399 (13),
1127 1328 1333 1399 Πατέρα
1384 1343 1506 1397 μου,
1560 1319 1653 1375 διὰ
1703 1324 1761 1373 τὸ

1905 1326 2078 1395 nodo,
2102 1343 2240 1382 cum
2264 1327 2520 1384 adorent
2551 1328 2748 1399 idola;
2779 1328 2967 1384 Judaei
2999 1345 3136 1384 vero
3159 1345 3277 1384 non
3313 1345 3527 1400 cogno-

158 1411 527 1488 ἐθελοκακεῖν]
1870 1419 2082 1472 verunt
2111 1421 2186 1482 te,
2218 1417 2366 1489 quia
2387 1421 2598 1490 sponte
2629 1422 2971 1490 peccantes,
2999 1423 3222 1489 negant
3244 1423 3297 1474 te
3323 1434 3529 1474 meum

1874 1521 2001 1561 esse
2033 1507 2290 1562 Patrem.

235 1593 377 1666 Ἐγώ
403 1627 467 1635 -
497 1597 670 1668 ἓγνών.
705 1599 882 1652 Φύσει.

1945 1597 2103 1650 Vers.
2137 1597 2224 1651 25.
2257 1597 2379 1666 Ego
2411 1629 2478 1637 —
2511 1598 2776 1667 cognovi.
2809 1599 3051 1653 Natura.

237 1690 338 1738 Καὶ
377 1717 444 1726 -
475 1684 795 1746 ἀπέστειλας.
827 1688 893 1738 Οἱ
921 1688 1156 1758 μαθηταί
1200 1704 1300 1758 μου
1333 1687 1560 1757 ἔγνωσαν
1592 1690 1761 1752 τοῦτο,

1945 1685 2105 1740 Vers.
2135 1685 2222 1738 25.
2251 1685 2325 1740 Et
2351 1717 2419 1724 —
2449 1686 2676 1742 misisti.
2709 1685 2985 1756 Discipuli
3018 1686 3133 1741 mei
3165 1686 3278 1742 hoc
3306 1701 3532 1756 cogno-

157 1772 250 1847 ἀφ’
280 1775 348 1826 ὧν
375 1772 516 1828 εἷπον
545 1779 634 1828 καὶ
665 1776 862 1850 ἔπραξα
894 1778 1205 1850 θεοπρεπῶς.

1915 1779 2088 1830 erunt
2117 1791 2185 1829 ex
2219 1774 2312 1830 his
2341 1791 2474 1847 qua:
2506 1791 2610 1831 eos
2638 1775 2836 1840 docui,
2866 1780 2922 1831 et
2952 1775 3156 1832 divino
3182 1776 3363 1832 modo
3394 1793 3532 1849 ope-

1801 1871 1845 1926 B
1875 1868 2041 1919 ratus
2069 1879 2224 1918 sum.

240 1958 341 2007 Καὶ
386 1985 454 1994 -
511 1974 624 2008 σου.
676 1957 745 2007 Τὸ
795 1962 890 2016 τῆς
950 1958 1287 2028 πατρότητος.
1321 1961 1501 2006 Ταῦτα
1539 1955 1651 2023 (14)
1708 1951 1766 2007 δὲ

1947 1953 2110 2008 Vers.
2137 1955 2226 2008 ‘26.
2277 1954 2355 2009 Et
2385 1985 2452 1993 —
2485 1960 2673 2010 tuum.
2717 1956 2944 2010 Nomen
2974 1954 3363 2026 paternitatis.
3401 1957 3533 2010 Haec

161 2047 257 2096 καὶ
312 2041 547 2118 ἀνωτέρω
606 2046 798 2118 εἴρηκε,
853 2049 943 2097 καὶ
994 2053 1080 2096 νῦν
1109 2044 1245 2116 λέγει
1283 2043 1435 2097 πάλιν
1467 2043 1765 2116 ἐπαναλαμ-

1920 2047 2077 2097 utem
2108 2043 2287 2098 etiam
2327 2043 2603 2116 superius
2634 2043 2802 2109 dixit,
2845 2046 2902 2098 et
2932 2058 3092 2099 nunc
3122 2044 3333 2099 iterum
3371 2059 3535 2114 repe-

162 2132 352 2188 ϐάνων.

1879 2137 2060 2188 tendo
2090 2132 2248 2188 dicit.

243 2227 342 2276 Καὶ
391 2227 652 2297 γνωρίσω.
714 2223 833 2275 Ἐπὶ
882 2223 1028 2276 πλέον
1090 2220 1183 2276 διὰ
1233 2231 1325 2276 τοῦ
1396 2222 1548 2294 ἁγίου
1618 2226 1770 2274 Πνεύ-

1951 2222 2119 2276 Vers.
2145 2221 2232 2278 26.
2265 2223 2329 2276 Et
2347 2227 2547 2278 notum
2558 2222 2808 2293 faciam.
2826 2221 3095 2294 Amplius
3122 2237 3227 2294 per
3251 2221 3536 2295 Spiritum

161 2332 349 2385 ματος.
375 2312 533 2388 Ὁρᾷς
581 2314 662 2365 ὅτι
703 2315 876 2386 ὥσπερ
910 2315 934 2364 ό
972 2318 1148 2387 Πατήρ
1183 2313 1319 2384 λέγει
1351 2309 1445 2364 διὰ
1494 2321 1585 2364 τοῦ
1619 2311 1769 2383 ἁγίου

1916 2317 2176 2367 anetum.
2232 2312 2424 2378 Vides,
2476 2312 2644 2385 quod
2700 2313 2850 2368 sicut
2904 2314 3073 2368 Pater
3126 2311 3390 2384 loquitur
3431 2328 3538 2383 per

165 2405 486 2475 [Ινεύματος,
545 2402 680 2454 οὕτω
731 2407 820 2454 καὶ
876 2403 901 2453 ό
959 2405 1079 2464 Υἱός
1115 2403 1360 2474 γνωρίζει
1412 2398 1485 2454 δι’
1537 2402 1695 2453 αὐτοῦ
1740 2399 1774 2452 ἃ

1917 2400 2159 2473 piritum
2205 2406 2497 2469 sanetum,
2549 2402 2630 2456 ita
2671 2405 2724 2456 et
2773 2401 2952 2456 Filius
2998 2405 3211 2456 notum
3255 2400 3395 2456 facit
3438 2417 3539 2472 per

164 2490 415 2564 βούλεται
455 2498 564 2552 τοῖς
592 2493 872 2561 μαθηταῖς.
909 2489 1020 2563 Ἀφ’
1052 2492 1118 2542 ὧν
1159 2489 1306 2552 αὖθις
1334 2494 1392 2543 τό
1419 2491 1654 2564 ἰσότιμον
1685 2494 1774 2543 καὶ

1919 2507 2083 2562 psum
2134 2490 2435 2562 discipulis
2484 2507 2620 2563 quae
2670 2489 2917 2546 voluerit
2957 2491 2984 2546 ?
3029 2507 3100 2546 ex
3151 2490 3370 2562 quibus
3418 2506 3541 2545 rur-

165 2583 445 2654 σύμφωνον
471 2587 562 2641 τῆς
589 2579 744 2650 ἁγίας
768 2577 998 2653 Τριάὸος
1029 2577 1315 2633 δείκνυται.

1920 2596 2020 2636 um
2052 2579 2297 2635 honoris
2327 2580 2639 2652 aequalitas
2662 2596 2738 2651 ac
2769 2580 3090 2636 concordia
3117 2585 3335 2635 sanetae
3361 2579 3542 2635 Trini-

1886 2670 2022 2726 tatis
2049 2669 2404 2726 ostenditur.

241 2759 351 2814 Ἵνα
400 2791 468 2802 -
632 2764 896 2834 Γνωρίσω.
944 2765 1123 2833 φησὶν,
1186 2760 1355 2823 αὐτοῖς
1403 2760 1485 2814 ἐπὶ
1527 2761 1676 2814 πλέον
1715 2764 1773 2814 τό

1957 2761 2118 2814 Vers.
2166 2763 2253 2814 26.
2292 2759 2366 2817 Ut
2397 2791 2464 2800 —
2493 2761 2590 2816 sit.
2638 2763 2855 2817 Notum
2892 2759 3132 2826 faciam,
3163 2759 3379 2833 inquit,
3421 2775 3546 2815 am-

167 2853 333 2922 ὅνομά
396 2869 512 2919 σου,
561 2852 643 2902 ἶνα
689 2858 842 2902 τοῦτο
898 2860 1073 2923 σαφῶς
1119 2853 1482 2926 γνωρισάντων
1521 2855 1610 2903 καὶ
1660 2849 1777 2904 δια-

1923 2848 2044 2903 ιιὶιιε
2084 2864 2308 2904 nomen
2341 2854 2530 2919 tuum,
2584 2854 2648 2905 ut
2679 2866 2818 2905 cum
2870 2850 2985 2905 hoc
3029 2848 3423 2919 cognoverint
3477 2865 3545 2904 ac

170 2945 418 3011 γνόντων,
476 2941 554 2992 ὅτι
598 2945 814 3011 γνήσιος
863 2943 985 3002 Υἱός
1031 2939 1132 3012 ἐγώ
1359 2960 1451 2992 σου
1497 2947 1586 2993 καὶ
1627 2943 1778 3013 φύσει

1931 2937 2205 2994 idicerint
2226 2938 2389 3011 quod
2413 2938 2702 2994 naturalis
2726 2939 2837 2993 sim
2867 2938 3041 2994 Filius
3065 2942 3224 3003 tuus,
3253 2942 3308 2992 et
3330 2943 3547 2993 natura

172 3030 466 3101 ἀγαπητός,
507 3032 537 3088 ἡ
588 3032 806 3087 τοιαύτη
850 3029 1048 3101 ἀγάπη,
1095 3032 1124 3088 ἡ
1176 3035 1373 3102 γνησία
1401 3035 1491 3083 καὶ
1524 3033 1692 3104 φύσει,
1729 3030 1776 3082 ἐν

1921 3026 2162 3097 lilectus,
2192 3027 2540 3098 hujusmodi
2584 3027 2840 3093 dilectio,
2886 3043 3022 3100 quae
3061 3027 3326 3097 ingenua
3370 3030 3458 3083 est
3487 3029 3543 3083 et

171 3118 351 3179 αὐτοῖς
380 3121 457 3176 εἴη
486 3138 618 3192 γνωρ
629 3119 837 3191 ιζομένη
849 3161 859 3172 .

1890 3133 1997 3190 per
2021 3120 2316 3184 naturam,
2353 3118 2420 3172 sit
2452 3118 2513 3174 in
2538 3118 2620 3173 eis
2647 3134 2753 3187 per
2785 3117 3209 3186 cognitionem.

252 3206 410 3278 Κάγὼ
458 3206 508 3259 ἓν
557 3208 753 3270 αὐτοῖς.
799 3207 954 3280 Κάγὼ
1023 3208 1070 3260 ἐν
1132 3209 1310 3271 αὐτοῖς
1366 3206 1404 3259 ὦ
1463 3209 1630 3275 πλέον,
1689 3207 1782 3263 διὰ
1815 3233 1856 3290 C

1964 3209 2123 3262 Vers.
2169 3212 2256 3263 26.
2292 3209 2367 3262 Et
2398 3223 2491 3278 ego
2519 3208 2576 3262 in
2609 3209 2713 3264 eis.
2754 3207 2822 3262 Et
2850 3223 2958 3277 ego
2989 3206 3050 3261 in
3081 3205 3164 3260 eis
3208 3206 3402 3275 magis
3437 3205 3550 3260 sim

178 3301 407 3358 πίστεως
477 3298 733 3370 μείζονος,
787 3298 877 3350 οἵτε
927 3298 1306 3374 γνωριζόμενος
1361 3298 1540 3360 αὐτοῖς
1597 3299 1782 3352 ἐντελέ-

1929 3311 2001 3350 ter
2039 3295 2221 3350 fidem
2265 3295 2578 3366 majorem,
2622 3300 2823 3367 utpote
2869 3295 3185 3366 perfectius
3225 3294 3310 3350 eis
3354 3298 3551 3349 notus.

181 3405 381 3461 στερον.
418 3386 578 3439 Πάλιν
631 3383 718 3438 οὖν
753 3387 820 3448 εἰς
878 3386 1084 3460 ἀγάπην
1115 3389 1378 3454 κατεληξε,
1425 3391 1619 3446 ταύτην
1675 3386 1784 3440 ἐπι-

1934 3390 2118 3440 terum
2147 3401 2290 3454 ergo
2320 3385 2380 3439 in
2406 3384 2784 3440 dilectionem
2812 3383 3159 3449 terminavit,
3183 3383 3341 3438 hanc
3365 3383 3556 3454 impo-

183 3477 284 3536 θεὶς
311 3483 382 3546 τῷ
421 3475 556 3548 λόγῳ
591 3474 876 3531 τελείωσιν.
916 3477 1220 3537 Τελειωτικὴ
1253 3480 1354 3552 γὰρ
1399 3486 1497 3530 τῶν
1537 3477 1724 3554 ἀρετῶν
1752 3480 1780 3536 ἡ

1942 3491 2042 3531 ens
2067 3474 2328 3529 sermoni
2351 3474 2952 3529 consummationem.
2975 3476 3120 3529 Nam
3146 3471 3428 3546 perfectio
3449 3471 3558 3528 vir-

183 3564 361 3637 ἀγάπη
373 3605 384 3618 .

1899 3568 2093 3620 tutum
2125 3568 2213 3619 est
2235 3563 2491 3619 dilectio.

256 3661 435 3708 Ταῦτα
467 3686 521 3696 -—
559 3655 741 3712 αὐτοῦ.
788 3659 1027 3714 Ζήτησον
1059 3659 1107 3709 ἐν
1156 3664 1228 3727 τῷ
1268 3657 1532 3730 ἑξηκοστῷ
1561 3659 1788 3732 τετάρτῳ

1972 3654 2126 3710 CAP.
2178 3655 2362 3708 XVIII.
2397 3656 2553 3708 Vers.
2598 3659 2612 3709 1
2665 3652 2801 3709 Haec
2847 3684 2914 3691 —
2949 3655 3098 3722 ejus.
3139 3653 3344 3717 Quzere
3391 3667 3559 3706 sexa-

184 3744 446 3818 κεφαλαίῳ
474 3752 566 3798 τοῦ
592 3749 726 3798 κατά
746 3748 1014 3799 Ματθαῖον
1040 3751 1097 3800 τό
1133 3765 1145 3776 ’
1177 3753 1277 3800 Καὶ
1305 3749 1621 3819 ὑμνήσαντες
1648 3747 1787 3810 ἐςῆλ-

1933 3745 2128 3808 :esimo
2165 3748 2378 3817 quarto
2404 3744 2596 3816 capite
2648 3741 2938 3813 Evangelii
2981 3743 3153 3814 juxta
3193 3741 3555 3807 Matthaaum,

191 3837 277 3887 θον
309 3834 376 3896 εἰς
402 3838 460 3887 τό
515 3839 628 3911 ὅρος
654 3843 753 3888 τῶν
809 3836 1047 3893 Ἐλαιῶν.
1105 3838 1240 3890 Ἐκεῖ
1275 3840 1374 3909 γὰρ
1433 3835 1660 3908 ἐξηγήθη
1703 3841 1793 3888 καὶ

1937 3835 2006 3889 ibi
2033 3835 2272 3906 ponitur
2301 3851 2313 3888 :
2338 3834 2416 3889 Et
2435 3833 2604 3889 dictis
2635 3833 2907 3888 laud-ibus
2926 3834 3198 3889 exierunt
3230 3832 3288 3886 in.
3310 3838 3559 3887 montem

188 3927 308 3997 περὶ
372 3927 587 3980 τούτων.
648 3925 805 3978 Ἀλλὰ
872 3930 962 3978 καὶ
1004 3931 1122 4000 περὶ
1186 3934 1285 3978 τῶν
1317 3925 1434 3989 ἑξῆς
1480 3925 1794 4000 πλατύτερον

1940 3925 2211 3979 divarum
2230 3923 2276 3957 ⁵⁵
2301 3938 2470 3988 ;nam
2489 3922 2567 3977 ibi
2587 3921 2658 3976 de
2677 3922 2769 3976 his
2790 3926 3133 3976 enarratum
3156 3924 3263 3974 est.
3287 3921 3398 3974 Sed
3421 3919 3562 3974 etde

189 4033 244 4066 τε
292 4018 382 4066 καὶ
414 4013 774 4089 ἀκριϐέστερον
805 4013 853 4067 ἐν
897 4013 1062 4087 ἐνείνῳ
1091 4022 1160 4085 τῷ
1193 4015 1530 4088 εὖαγγελιστῇ
1567 4011 1796 4072 δεδηλῶ-

1941 4030 1975 4067 s
1997 4029 2132 4084 quae
2180 4016 2535 4083 sequuntur,
2568 4011 2745 4066 latius
2791 4015 2846 4065 et
2876 4009 3138 4064 exactius
3168 4009 3229 4064 in
3260 4007 3360 4064 illo
3388 4023 3563 4063 evan-

186 4121 370 4175 καμεν.

1907 4101 2116 4172 gelista
2145 4099 2632 4170 signiﬁcavimus.

265 4189 424 4246 ’Ἦδει
453 4223 520 4236 —-
551 4198 727 4247 τόπον.
763 4193 892 4247 Εἶτα
914 4194 1069 4267 λέγει,
1111 4199 1200 4247 καὶ
1227 4196 1378 4247 πόθεν
1407 4201 1584 4247 τοῦτον
1626 4192 1799 4262 ἐγίνω-

1979 4191 2144 4246 Vers.
2203 4195 2254 4244 2.
2309 4189 2534 4246 Sciebat
2585 4221 2641 4229 —
2671 4190 2873 4246 locum.
2938 4187 3160 4244 Deinde
3209 4187 3387 4242 etiam
3419 4186 3565 4246 dicit

192 4301 334 4336 σκεν.

1909 4282 2066 4336 unde
2096 4281 2210 4335 hoc
2237 4279 2483 4334 sciebat.

265 4369 386 4424 Ὀτι
417 4404 484 4415 -
515 4372 702 4430 αὐτοῦ.
744 4373 995 4436 Πολλάκις
1026 4374 1249 4434 ηὐλίσθη
1285 4372 1404 4428 ἐκεῖ.

1982 4371 2146 4426 Vers.
2182 4374 2233 4424 2.
2267 4369 2426 4437 Quod
2448 4395 2510 4404 —
2541 4385 2678 4425 suis.
2714 4371 3068 4441 Frequenter
3095 4371 3431 4423 versaretur
3460 4364 3565 4420 ibi.

269 4461 328 4513 Ὀ
370 4458 457 4513 οὖν
481 4460 689 4526 Ἰούδας
714 4495 782 4503 --
813 4463 998 4521 ὃπλων.
1034 4467 1110 4518 Τά
1158 4464 1291 4516 ὅπλα
1316 4463 1586 4536 ἐπήγοντο,
1622 4457 1803 4514 δεδοι-

1982 4461 2148 4516 Vers.
2178 4466 2207 4516 3
2239 4460 2426 4515 Judas
2467 4475 2594 4531 ergo
2627 4491 2692 4500 —
2719 4461 2924 4516 armis.
2954 4460 3137 4513 Arma
3167 4457 3567 4524 adduxerunt,

193 4554 347 4612 κότες
377 4555 497 4614 τοὺς
529 4552 802 4625 ἑπομένους
842 4553 1002 4625 αὐτῷ.
1059 4555 1154 4606 Διά
1208 4561 1360 4606 τοῦτο
1417 4555 1518 4628 γὰρ
1545 4555 1634 4604 καὶ
1674 4549 1803 4627 ἀωρὶ

1952 4555 2189 4606 mentes
2219 4565 2321 4604 eos
2350 4548 2452 4621 qui
2479 4547 2886 4620 sequebantur
2911 4546 3115 4602 Jesum
3153 4563 3165 4602 :
3191 4562 3334 4602 nam
3365 4549 3423 4601 et
3444 4560 3574 4616 pro-

191 4647 296 4694 τῶν
322 4649 518 4693 νυκτῶν
545 4640 784 4700 ἐπῆλθον.

1945 4645 2119 4698 ιιθΓθᾶ
2156 4639 2574 4710 intempestivo
2625 4638 2814 4694 noctis
2860 4641 3128 4709 tempore
3177 4635 3567 4692 advenerunt.

269 4729 352 4783 Ἐν
403 4739 476 4802 τῷ
529 4730 793 4803 ἑξηκοστῷ
840 4727 899 4785 δὲ
950 4737 1167 4806 πέμπτῳ
1215 4731 1467 4805 κεφαλαίῳ
1525 4739 1617 4784 τοῦ
1671 4733 1807 4784 κατὰ

1987 4731 2065 4784 De
2084 4728 2175 4784 his
2197 4732 2397 4784 autem
2430 4727 2656 4783 dictum
2679 4732 2767 4783 est
2787 4726 3161 4798 sexagesimo
3174 4725 3383 4798 quinto
3400 4724 3574 4794 juxta

199 4818 478 4874 Ματθαῖον
530 4818 723 4896 ἐρρήθη
799 4825 917 4895 περὶ
984 4824 1200 4888 τούτων,
1277 4821 1421 4894 [ἔνθα
1473 4821 1588 4893 (16)
1638 4827 1807 4872 κεῖται

1949 4819 2254 4876 Iatthaauin
2271 4819 2484 4890 capite,
2502 4817 2601 4873 ubi
2623 4817 2835 4874 dicitur
2860 4833 2871 4872 :
2896 4817 2973 4872 Et
2996 4816 3195 4872 adhuc
3209 4831 3268 4869 eo
3283 4816 3571 4884 loquente,

197 4912 262 4962 τό
316 4924 332 4940 ⁸
388 4913 492 4963 Καὶ
550 4911 626 4962 ἔτι
681 4910 842 4963 αὐτοῦ
915 4910 1210 4982 λαλοῦντος,
1283 4907 1420 4978 ἰδοὺ,
1495 4906 1700 4973 Ἰούδας
1741 4906 1809 4972 εἷς

1951 4925 2044 4967 cce
2062 4909 2251 4966 Iudas
2277 4923 2435 4964 unus
2460 4908 2531 4964 de
2555 4906 2847 4964 duodecim
2878 4906 3035 4963 venit
3067 4905 3112 4941 ⁵⁸
3143 4920 3156 4973 ;
3184 4919 3329 4961 nam
3358 4918 3488 4975 quae
3513 4901 3573 4959 in

277 5115 326 5154 ⁸⁴
353 5116 400 5172 II
432 5115 562 5176 Cor.
595 5133 675 5187 ιιι,
713 5122 803 5175 18.
923 5120 971 5155 ⁵⁵
1001 5119 1199 5177 Matth.
1229 5136 1384 5188 xxv},
1409 5123 1496 5178 30.
1611 5121 1658 5156 ⁵⁸
1688 5118 1833 5177 ibid.
1857 5118 1948 5177 47.

1413 5326 1631 5397 Variae
1670 5325 2004 5396 lectiones
2064 5331 2132 5394 et
2169 5333 2370 5393 notae.

277 5521 390 5667 (10)
424 5530 503 5594 Δέ,
529 5524 660 5583 loco
677 5527 796 5602 γάρ,
835 5531 893 5583 Α.
1352 5596 1384 5608 η
1593 5596 1604 5610 .
1765 5596 1774 5608 .

312 5599 392 5667 11)
425 5600 659 5655 Inclusa
719 5604 940 5657 absunt
987 5601 1059 5658 Α.
1117 5599 1389 5657 Hentenu
1453 5613 1648 5656 versio
1715 5599 1815 5656 hic

1997 5522 2110 5596 (l3)
2144 5523 2267 5595 0‘37.
2312 5524 2400 5593 ὡς,
2433 5520 2933 5594 interponendum
2984 5518 3236 5584 videtur,
3264 5522 3328 5576 ut
3373 5517 3447 5576 sit
3477 5511 3580 5590 οὐχ

1958 5618 1994 5659 ις
2026 5601 2232 5667 Πατέρα
2253 5615 2373 5666 μου,
2408 5594 2590 5667 intell.
2626 5597 2874 5664 ἔγνωσαν.

312 5594 940 5670 11)1[ιο1υειι’έῠειιη1
987 5601 1059 5658 Α.
1117 5596 1389 5657 Hentenii
1453 5596 1648 5656 versio
1715 5596 1815 5656 hic
1926 5621 1934 5649 ε

1251 5596 1389 5656 tenii
1453 5596 1648 5656 versio
1715 5596 1815 5656 hic
1926 5594 2590 5670 dig:ﬂdrépatyou,intell.
2626 5597 2873 5664 ἔγνωσαν.

217 5663 402 5728 etiam
433 5671 725 5726 dissentit.
1180 5685 1187 5691 '

283 5740 397 5811 (12)
436 5743 630 5800 Intell.
676 5745 828 5811 ἔγνω.
869 5745 1036 5799 Forte
1069 5743 1390 5802 Hentenius
1412 5742 1509 5800 hic
1542 5741 1816 5801 additum

1180 5685 1187 5691 '
1997 5668 2112 5811 (14)
2143 5663 2267 5740 Γάρ.
2301 5668 2433 5721 loco
2465 5663 2542 5730 δὲ,
2576 5673 2640 5721 Α.

1018 5757 1036 5798 3
1069 5743 1390 5802 Hentenius
1412 5742 1509 5800 hic
1542 5741 1816 5801 additum
2024 5739 2113 5811 15)
2144 5746 2238 5792 Σου
2269 5737 2367 5810 ἐγώ
2399 5741 2464 5792 A.
2504 5807 2514 5811 Α
2572 5806 2581 5811 _

283 5740 408 5816 (l2)_
436 5743 630 5816 Intell.
676 5745 838 5816 ἔγνῳ.
869 5745 1036 5816 Forte
1069 5743 1390 5802 Hentenius
1412 5742 1509 5800 hic
1542 5741 1816 5801 additum

869 5745 1036 5816 Forte
1069 5743 1390 5802 Hentenius
1412 5742 1509 5800 hic
1542 5741 1816 5801 additum
1997 5739 2113 5816 (15)
2144 5739 2367 5816 ζου-ἐγώ
2399 5741 2463 5792 A.

207 5806 455 5882 invenit,
490 5811 585 5869 διὰ
612 5817 682 5882 τὸ,
703 5806 1112 5892 εἰδωλολατρεῐν.

1079 5837 1112 5872 ο.
1997 5806 2112 5885 (16)
2143 5806 2377 5868 Inclusa
2395 5806 2610 5866 omittit
2637 5809 2701 5865 A.
