4108 6384
530 336 670 393 1453

1857 326 2198 385 ΙΞΟΤΗΥΜΙΙ
2218 367 2220 375 ι
2240 328 2571 384 ZIGABENI

3785 321 3947 390 4456

526 463 729 518 medio
763 465 926 525 sunt,
949 459 1324 532 praetermisit
1346 459 1634 523 Joannes,
1662 462 1948 529 tanquam
1979 455 2055 511 ab
2079 456 2200 511 aliis

2324 465 2417 507 τῶν
2470 451 2681 507 δώδεκα
2718 454 2857 514 ἦλθε.
2888 459 2966 509 Τὰ
3009 460 3108 530 γάρ
3155 457 3202 508 ἐν
3267 466 3338 529 τῷ
3377 463 3519 532 μέσῳ
3551 456 3895 534 παρέδραμεν
3921 459 3945 508 ὁ

533 556 831 615 enarrata,
866 550 1032 622 quod
1066 549 1404 620 frequenter
1437 563 1505 603 ac
1539 545 1740 602 multis
1771 545 1910 601 facit
1942 546 2002 601 in
2036 545 2200 612 Iocis,

604 729 766 784 Vers.
801 732 852 783 4.
891 728 1060 783 Jesus
1105 757 1174 766 —
1247 727 1408 780 Vers.
1461 730 1512 780 6.
1565 727 1626 780 in
1681 730 1926 781 terram.
1975 724 2202 783 Sciens,

535 823 828 890 tanquam
861 817 1030 883 Deus,
1065 815 1344 870 universa
1374 831 1508 886 quae
1540 819 1792 869 ventura
1823 819 1990 869 erant
2023 829 2204 884 super

533 923 616 974 se,
677 923 948 978 egressus
999 904 1295 976 intrepide
1327 904 1716 973 interrogavit
1745 919 1868 968 eos,
1905 910 2198 975 tanquam

542 997 746 1052 homo.
778 997 983 1053 Stabat
1011 1002 1210 1050 autem
1261 1000 1314 1048 et
1370 994 1638 1065 proditor
1680 1009 1816 1048 cum
1873 992 2017 1063 ipsis
2076 1009 2088 1046 :
2147 996 2202 1047 et

539 1102 734 1158 neque
752 1086 843 1140 hic
873 1084 1064 1156 potuit
1089 1099 1226 1139 eum
1257 1083 1520 1138 indicare
1551 1099 1674 1154 prae
1707 1083 2069 1137 conscientia
2093 1083 2199 1151 (k),

531 1183 634 1232 aut
663 1180 901 1247 propter
927 1175 1057 1244 ejus
1087 1189 1321 1228 vocem.
1356 1173 1641 1238 Ostendit,
1686 1173 1848 1244 quod
1898 1171 2198 1227 nolentem

529 1281 654 1322 non
676 1264 870 1319 solum
894 1279 1014 1318 non
1043 1268 1290 1334 possent
1317 1279 1454 1317 eum
1479 1261 1951 1334 apprehendere,
1977 1260 2077 1315 sed
2102 1277 2202 1315 ne-

530 1371 649 1426 que
678 1354 931 1409 omnino
962 1353 1179 1407 videre.
1210 1352 1501 1406 Prmdicto
1541 1357 1739 1405 autem
1771 1351 1963 1422 capite
2003 1352 2075 1406 de
2106 1351 2201 1406 his

531 1458 773 1516 quoque
803 1447 1028 1498 mentio
1059 1446 1495 1512 consequenter
1522 1440 1674 1495 facta
1697 1445 1804 1496 est.

605 1535 763 1587 Vers.
821 1533 1129 1587 7.1terum
1175 1562 1242 1569 -—
1273 1531 1434 1585 Vers.
1483 1531 1534 1585 8.
1573 1531 1703 1584 sim.
1755 1530 1883 1600 Ipse
1935 1529 2199 1602 seipsum

535 1622 894 1685 manifestat,
971 1622 1191 1676 docens
1280 1620 1629 1691 discipulos,
1709 1636 1905 1692 neque
1969 1621 2028 1675 in
2103 1637 2201 1691 pe-

533 1711 740 1767 riculis
773 1709 1207 1774 mentiendum,
1258 1716 1314 1765 et
1371 1710 1649 1765 certiores
1706 1709 1980 1776 reddens,
2036 1709 2202 1782 quod

535 1804 865 1872 spontanee
898 1799 1167 1870 seipsum
1201 1799 1399 1855 tradat
1428 1799 1709 1854 inimicis.

608 1891 767 1945 Vers.
794 1891 844 1943 8.
871 1889 931 1943 Si
953 1920 1020 1928 -—-
1043 1888 1203 1943 Vers.
1237 1889 1289 1943 9.
1315 1904 1679 1960 quemquam.
1711 1889 1780 1944 Ut
1810 1889 2201 1958 compleretur

534 1995 736 2044 sermo,
760 1979 875 2034 hoc
895 1995 929 2034 a
957 1978 1155 2049 seipso
1173 1979 1313 2033 dicit
1339 1979 1730 2044 evangelista.
1752 1980 1900 2033 Nam
1927 1979 2200 2049 superius

536 2069 615 2124 ad
648 2071 879 2122 Patrem
910 2068 1180 2139 loquens,
1207 2067 1434 2122 dixerat
1467 2067 1653 2132 :Quod
1666 2068 1883 2123 dedisti
1906 2067 2052 2122 mihi
2079 2084 2201 2122 cus-

537 2157 741 2225 todivi,
759 2164 810 2212 et
826 2171 990 2212 nemo
1003 2171 1074 2212 ex
1093 2156 1231 2224 ipsis
1245 2156 1736 2226 periit,nisiﬁtius
1753 2157 2106 2226 perditionis
2129 2157 2196 2210 ⁵⁷.

541 2251 746 2318 Itaque
768 2247 1069 2303 Neminem
1096 2262 1170 2302 ex
1196 2247 1274 2302 eis
1293 2247 1549 2314 perdidi,
1579 2249 1954 2302 tantumdem
1975 2247 2200 2318 signiti-

539 2340 634 2392 cat
659 2337 846 2393 sicut:
877 2338 1056 2392 Nemo
1081 2351 1157 2393 ex
1186 2336 1319 2407 ipsis
1343 2339 1544 2405 periit.
1571 2339 1754 2391 Nemo
1777 2337 1956 2401 enim,
1988 2337 2198 2407 inquit,

539 2426 713 2498 periit
739 2442 871 2482 mea
896 2442 1094 2492 causa,
1125 2428 1239 2482 hoc
1268 2430 1378 2491 est,
1411 2442 1532 2482 non
1565 2425 1800 2498 perdidi
1829 2441 2202 2498 quemquam

539 2533 611 2572 ex
642 2517 726 2572 eis
759 2532 894 2573 mea
927 2532 1130 2572 causa.

615 2695 785 2752 Vers.
822 2700 905 2751 I0.
933 2695 1131 2751 Simon
1161 2727 1229 2736 —-
1259 2696 1555 2752 Malchus.
1585 2699 1647 2750 In
1679 2695 1778 2752 illo
1805 2697 1996 2770 capite
2023 2697 2202 2754 etiam

544 2785 619 2841 de
645 2786 737 2840 his
766 2785 992 2840 dictum
1038 2791 1142 2854 est,
1179 2786 1278 2840 ubi
1317 2785 1575 2841 habetur
1612 2803 1624 2840 :
1671 2788 1730 2840 Et
1759 2802 1886 2842 ecce
1931 2803 2084 2842 unus
2129 2803 2203 2843 ex

545 2876 634 2932 his
649 2877 754 2946 qui
767 2879 934 2931 erant
954 2891 1082 2930 cum
1102 2875 1232 2930 Jesu
1246 2883 1482 2931 extenta
1501 2891 1701 2939 manu,
1718 2877 1934 2932 exemit
1949 2876 2200 2946 gladium

542 2981 708 3020 suum
752 2966 818 3018 ⁵⁸.
854 2964 1099 3020 Addidit
1130 2969 1330 3020 autem
1363 2966 1623 3020 Joannes
1653 2972 1709 3021 et
1742 2982 1964 3020 nomen
1997 2967 2198 3020 vulne-

541 3056 670 3116 rati,
707 3060 1054 3126 partemque
1099 3053 1494 3117 vulneratam,
1542 3056 1620 3110 ob
1651 3057 1731 3110 rei
1772 3056 2203 3111 manifestatio-

542 3162 723 3201 nem:
758 3160 879 3200 non
929 3145 1144 3209 solum,
1193 3144 1358 3216 quod
1403 3150 1642 3215 repente
1694 3146 1985 3201 curaverit
2033 3145 2200 3201 illum

540 3237 730 3303 Jesus,
775 3235 923 3290 sicut
967 3253 999 3289 a
1046 3237 1200 3289 Luca
1247 3233 1562 3289 didicimus
1619 3237 1683 3298 5“,
1741 3251 1944 3290 verum
1995 3237 2197 3300 etiam,

541 3325 702 3396 quod
740 3325 914 3396 paulo
930 3328 1386 3396 postesseteum
1406 3323 1581 3396 alapa
1622 3325 2201 3396 percussurus,sicut

543 3413 901 3484 signiﬁcavit
930 3414 1412 3484 Chrysostomus.

614 3597 771 3650 Vers.
806 3595 894 3649 tt.
929 3593 1086 3650 Dicit
1108 3623 1175 3634 —
1203 3593 1265 3648 id
1296 3594 1324 3647 ?
1349 3593 1656 3658 Poculum,
1696 3597 1950 3649 mortem
1998 3592 2203 3648 videli-

543 3689 652 3740 cet.
681 3684 827 3740 Dicit
874 3699 1034 3754 ergo,
1079 3684 1294 3738 Annon
1339 3682 1667 3753 suscipiam
1713 3688 1965 3737 mortem
2014 3698 2198 3755 quam

542 3772 812 3845 permisit
854 3773 1020 3827 Pater
1064 3770 1263 3827 inferri
1314 3771 1458 3825 mihi
1484 3771 1511 3826 ?
1556 3787 1696 3826 nam
1736 3770 1850 3826 hoc
1881 3771 2197 3842 significat,

542 3862 714 3918 Dedit
757 3861 928 3929 mihi,
973 3877 1038 3916 ac
1070 3861 1116 3915 si
1157 3860 1318 3915 dicat
1358 3876 1370 3915 :
1414 3860 1531 3916 Imo
1581 3862 1864 3924 maxime,
1911 3869 2197 3933 tanquam

543 3951 752 4007 eadem
791 3950 1022 4014 voleus,
1064 3966 1199 4022 quae
1242 3951 1428 4005 Pater.
1474 3951 1533 4004 In
1577 3951 1729 4006 dicto
1766 3957 1965 4006 autem
2012 3952 2199 4022 capite

542 4046 977 4113 consequenter
1001 4041 1178 4096 etiam
1206 4041 1279 4094 de
1311 4039 1401 4094 his
1434 4040 1850 4096 disseruimus.

614 4133 774 4187 Vers.
811 4135 891 4185 I2.
938 4129 1157 4185 Cohors
1187 4129 1374 4199 igitur
1402 4161 1463 4169 —
1496 4129 1658 4184 Vers.
1717 4135 1800 4185 13.
1849 4130 2036 4186 illius.
2073 4130 2198 4184 Prae

541 4219 848 4290 voluptate
896 4219 971 4274 de
1019 4219 1133 4274 hac
1185 4235 1246 4273 re
1288 4218 1714 4289 gloriabantur,
1778 4224 2066 4291 tanquam
2125 4220 2198 4276 de

544 4314 771 4380 tropteo
811 4309 1150 4364 constituto.
1183 4309 1258 4362 Et
1311 4309 1694 4364 abduxerunt
1753 4324 1883 4364 eum
1939 4309 2196 4378 primum

545 4399 885 4465 adAnnam,
904 4398 1078 4470 utqui
1095 4413 1129 4453 a
1144 4398 1367 4468 Caipha
1385 4398 1514 4468 ejus
1531 4397 1673 4452 anui
1692 4397 1988 4468 pontifice,
2025 4398 2198 4470 quasi
2223 4387 2230 4394 ί

540 4493 711 4558 pater
747 4488 1182 4555 honorabatur,
1230 4492 1467 4557 propter
1498 4485 1864 4542 afﬁnitatem.
1903 4490 2109 4552 Quaere
2141 4487 2198 4542 in

541 4583 1000 4648 praememorato
1031 4576 1242 4648 capite,
1273 4577 1372 4630 ubi
1421 4575 1715 4630 habetur:
1766 4577 1840 4630 Αι
1872 4576 1968 4631 illi
1996 4593 2204 4645 appre-

544 4666 782 4722 hensum
799 4667 987 4720 Jesum
1002 4665 1379 4721 abduxerunt
1395 4665 1467 4719 ad
1485 4664 1770 4732 Caipham
1785 4665 2117 4736 pontiﬁcem
2131 4668 2199 4734 5°,

543 4758 600 4811 et
625 4754 754 4827 lege
785 4755 1044 4825 positam
1073 4754 1151 4809 ibi
1181 4753 1646 4810 enarrationem.

616 4881 660 4918 ⁵⁷
695 4883 865 4938 Joan.
897 4897 1034 4952 xvu,
1070 4879 1150 4937 I2.
1266 4881 1313 4916 ⁵⁸
1336 4879 1540 4937 Matth.
1570 4895 1724 4944 χχιι,
1758 4881 1844 4935 51.

1958 4883 2004 4916 ²⁹
2039 4881 2177 4937 Luc.
2210 4900 2346 4946 χχιι,
2373 4885 2458 4939 51.

2317 546 2576 613 Ἰωάννης,
2609 548 2677 606 ὡς
2703 554 2807 606 τοῖς
2843 546 3014 610 ἀλλοις
3050 547 3408 621 ὶστορηθέντα,
3443 549 3467 600 ὃ
3499 549 3774 622 πολλαχοὺ
3819 549 3946 600 πολ-

2315 637 2458 695 λάκις
2484 642 2642 691 ποιεῖ,
2676 634 2697 708 ]

2389 726 2588 784 Ἰησοὺς
2617 757 2680 764 —
2707 729 2904 796 χαμαί.
2934 722 3098 789 Εἰδὼς
3130 729 3197 790 ὡς
3226 731 3351 789 Θεὸς
3373 730 3545 781 πάντα
3574 730 3640 781 τά
3668 727 3940 802 ἐρχόμενα

2315 812 2387 864 ἐπ’
2422 813 2598 877 αὐτὸν,
2669 812 2876 876 ἐξελθών
2939 813 3221 888 ἀταράχως
3289 819 3558 892 ἠρώτησεν
3610 817 3804 879 αὐτοὺς
3861 820 3938 878 ὡς

2313 903 2604 974 ἄνθρωπος.
2669 903 2911 962 Εἰστὴκει
2944 901 3120 957 δὲκαὶ
3177 907 3200 957 ὁ
3242 903 3504 982 προδότης
3560 908 3673 980 μετ’
3705 907 3878 959 αὐτῶν
3917 927 3929 937 ·

2312 997 2400 1043 καὶ
2432 989 2555 1044 οὐδὲ
2594 993 2747 1054 οὗτος
2784 989 3023 1052 ἠδυνήθη
3073 1000 3327 1070 γνωρίσαι
3368 996 3540 1061 αὑτὸν,
3608 998 3635 1055 ἦ
3700 995 3803 1048 ἀπὸ
3837 1005 3932 1048 τοῦ

2313 1079 2487 1144 εἴδους
2539 1081 2699 1140 ἡάπὸ
2754 1091 2842 1144 τῆς
2902 1094 3090 1156 φωνῆς.
3134 1081 3362 1148 Ἐδειξεν
3395 1083 3481 1138 οὖν
3513 1089 3592 1139 ὅτι
3621 1092 3693 1158 μὴ
3739 1086 3929 1160 βονλὸ-

2311 1191 2457 1243 μενον
2490 1172 2547 1222 οὗ
2589 1177 2740 1243 μόνον
2791 1174 2884 1224 οὐκ
2933 1171 3192 1232 ἡδυναντο
3241 1173 3534 1248 κατασχεῖν
3592 1177 3770 1244 αὐτὸν,
3819 1177 3931 1228 ἀλλ’

2313 1257 2435 1312 οὐδὲ
2491 1261 2617 1322 ὅλως
2675 1259 2822 1316 ἰδεῖν.
2858 1261 2965 1335 [Ἐν
3000 1271 3070 1333 τῷ
3128 1264 3238 1336 (17)
3288 1266 3494 1339 ῥηθέντι
3554 1263 3612 1319 δὲ
3664 1267 3931 1338 κεφαλαίῳ

2311 1350 2528 1412 καθεξῆς
2554 1356 2643 1403 καὶ
2675 1357 2790 1425 περὶ
2822 1356 3016 1404 τούτων
3049 1352 3456 1428 ἐμνημονεύθη.]

2389 1531 2641 1582 Ιῐάλιν-
2678 1531 2801 1603 εἰμι.
2854 1531 3021 1592 Αὐτὸς
3078 1531 3345 1604 ἐμφανίζει
3404 1534 3606 1602 ἑαυτὸν,
3662 1531 3934 1587 παιδεύων

2312 1640 2364 1672 τε
2417 1625 2537 1681 τοὺς
2589 1623 2826 1693 μαθητὰς
2876 1618 3014 1692 μηδέ
3077 1622 3126 1673 ἐν
3185 1619 3412 1694 κινδύνῳ
3469 1620 3784 1694 ψεύδεσθαι,
3841 1630 3935 1676 καὶ

2314 1710 2651 1784 πληροφορών
2672 1713 2750 1762 ὅτι
2780 1711 3031 1771 ἑκουσίως
3058 1708 3372 1764 ἐπιδίδωσιν
3404 1713 3583 1765 ἑαυτὸν
3616 1721 3723 1775 τοῖς
3755 1724 3933 1786 φονεῦ-

2239 1808 2283 1862 Β
2317 1819 2418 1852 σιν.

2389 1889 2445 1940 Εἰ
2499 1921 2557 1928 --—
2620 1885 2828 1945 οὐδένα.
2907 1892 2975 1941 Τὸ
3037 1889 3145 1943 Ἵνα
3202 1890 3450 1964 πληρωθῇ
3517 1893 3541 1943 ὁ
3605 1891 3778 1963 λόγος,
3841 1892 3930 1965 ἀφ’

2315 1978 2497 2030 ἑαυτοῦ
2545 1997 2701 2050 φησιν
2765 1980 2788 2029 ὁ
2843 1978 3223 2050 εὐαγγελιστης.
3300 1981 3559 2054 Ἀνωτέρω
3632 1986 3733 2055 γὰρ
3794 1988 3929 2056 πρὸς

2313 2073 2398 2119 τὸν
2447 2072 2654 2142 Πατέρα
2694 2065 3061 2142 διαλεγόμενος
3110 2072 3309 2144 εἴρηκεν
3343 2088 3353 2098 '
3391 2073 3470 2123 ὅτι
3528 2071 3629 2132 Οὓς
3685 2068 3932 2134 δέδωκάς

2313 2178 2402 2229 μοι
2450 2157 2696 2229 ἐφύλαξα,
2780 2163 2867 2210 καὶ
2952 2157 3122 2219 οὐδεὶς
3208 2159 3259 2221 ἐξ
3342 2160 3509 2212 αὐτῶν
3575 2161 3829 2232 ἀπώλετο,
3891 2164 3933 2214 εἰ

2314 2253 2383 2318 μὴ
2449 2249 2472 2297 ο
2533 2249 2648 2307 Υἱὸς
2696 2255 2790 2308 τῆς
2851 2247 3122 2310 ἀπωλείας,
3157 2253 3225 2300 Τὸ
3256 2256 3381 2320 γοῦν
3433 2246 3638 2303 Οὐδένα
3665 2250 3717 2312 εξ
3762 2252 3933 2303 αὐτῶν

2318 2335 2577 2400 ἀπώλεσα,
2611 2341 2796 2389 ταῦτον
2831 2336 2940 2389 ἐστι
2979 2357 3049 2408 τῳ
3083 2333 3275 2398 Οὐδεὶς
3336 2337 3386 2400 ἐξ
3437 2339 3606 2391 αὐτῶν
3664 2339 3924 2396 ἀπώλετο.

2319 2424 2514 2488 Οὐδεὶς
2569 2429 2694 2501 γὰρ,
2750 2432 2929 2498 φησιν,
2987 2426 3038 2488 ἐξ
3089 2427 3255 2479 αὐτῶν
3300 2426 3530 2480 ἀπώλετο
3611 2430 3735 2501 παρ’
3803 2429 3933 2502 ἐμὴν

2323 2517 2512 2582 αἰτίαν,
2557 2520 2847 2586 τουτέστιν,
2883 2516 2975 2568 οὐκ
3026 2515 3271 2568 ἀπώλεσα
3336 2515 3389 2580 ἐξ
3439 2518 3606 2570 αὐτῶν
3656 2515 3848 2571 οὐδένα
3883 2519 3936 2583 ἐξ

2324 2605 2451 2678 ἐμῆς
2482 2606 2673 2667 αἰτίας.

2389 2701 2554 2768 Σίμων
2609 2727 2676 2736 ——
2731 2695 2969 2766 Μάλχος.
3029 2696 3110 2748 Ἐν
3164 2695 3338 2768 ἐκείνῳ
3384 2704 3454 2767 τῷ
3522 2697 3782 2770 κεφαλαίῳ
3843 2705 3934 2752 καὶ

2314 2790 2432 2857 περὶ
2485 2789 2678 2837 τούτων
2739 2783 2952 2859 ἐρρηθη,
3014 2786 3132 2836 ἔνθα
3172 2789 3230 2836 76
3312 2805 3322 2816 ·
3382 2792 3481 2838 Καὶ
3538 2783 3654 2840 ἰδοὺ
3705 2789 3772 2849 εἷς
3831 2799 3933 2840 τῶν

2316 2879 2447 2948 μετά
2505 2875 2711 2939 Ἰησοῦ,
2779 2878 3002 2936 ἐκτείνας
3059 2879 3152 2933 τὴν
3249 2883 3428 2947 χεῖρα,
3510 2875 3783 2929 ἀπέσπασε
3833 2884 3930 2937 τὴν

3291 2967 3403 3036 (18)

2313 3059 2483 3106 καὶτὸ
2536 3059 2697 3126 ὄνομα
2747 3063 2838 3105 τοῦ
2894 3055 3196 3124 πληγέντος,
3254 3059 3342 3106 καὶ
3393 3059 3449 3106 τὸ
3508 3054 3700 3126 πληγὲν
3747 3061 3926 3129 μέρος,

2314 2967 2586 3039 μάχαιραν
2646 2964 2822 3017 αὑτοῦ.
2884 2963 3208 3038 [Προσέθηκε
3291 2967 3403 3036 (18)
3479 2961 3536 3018 δὲ
3592 2967 3616 3017 ὁ
3685 2967 3931 3030 Ἰωάννης

2314 3141 2405 3196 die}.
2434 3147 2490 3195 76
2525 3145 2789 3218 περιφανὲς
2843 3150 2931 3194 τοῦ
2980 3144 3281 3216 πράγματος
3329 3163 3340 3174 ·
3373 3143 3430 3196 οὐ
3490 3148 3641 3216 μόνον
3699 3146 3779 3196 ὅτι
3819 3145 3923 3198 ἐθε-

2310 3237 2564 3308 ράπευσεν
2613 3233 2819 3283 αὐτονό
2864 3233 3063 3292 Ἰησοῦς
3117 3232 3324 3296 αὗτικά,
3359 3235 3422 3293 ὡς
3466 3233 3565 3284 ἀπὸ
3600 3242 3688 3285 τοῦ
3744 3242 3930 3287 Λουκᾶ

2311 3325 2702 3396 μεμαθήκαμεν,
2748 3321 2856 3372 ἀλλ’
2907 3323 2988 3373 ὅτι
3018 3327 3105 3374 καὶ
3139 3322 3248 3393 (19)
3282 3321 3529 3395 μέλλοντα
3550 3327 3742 3396 ,μικρὸν
3775 3325 3928 3378 ὔστε-

2310 3433 2398 3488 ρον
2430 3415 2543 3484 (20)
2583 3412 2818 3486 ῥαπίζειν
2852 3411 3026 3482 αὐτὸν,
3063 3413 3172 3472 ὼςὸ
3202 3411 3316 3484 (21)
3350 3417 3732 3485 Χρυσόστομος
3764 3434 3928 3489 παρε-

2315 3507 2670 3575 σημειώσατο.

2384 3589 2535 3645 Εἶπεν
2570 3623 2626 3630 -
2670 3590 2795 3642 αὖτὸ
2831 3607 2934 3656 ;-
2957 3594 3025 3642 T6
3066 3595 3332 3663 ποτήριον,
3366 3594 3422 3643 τὸ
3445 3600 3536 3644 τοῦ
3569 3593 3789 3646 θανάτου
3822 3589 3929 3652 δη·-

2311 3682 2498 3736 λονοτι.
2535 3685 2688 3752 Λέγει
2721 3677 2779 3732 δὲ
2813 3681 2891 3732 ὅτι
2921 3683 3018 3732 Τὸν
3053 3682 3267 3732 θάνατον
3313 3679 3366 3732 ὃν
3397 3688 3778 3755 παρεχώρησεν
3810 3685 3929 3736 ἑπε-

2311 3774 2564 3843 νεχθῆναὶ
2594 3789 2684 3841 μοι
2711 3772 2736 3821 ὁ
2767 3774 2944 3842 Πατήρ
2982 3787 2992 3798 ’
3025 3777 3176 3821 τοῦτο
3215 3772 3316 3844 γὰρ
3368 3766 3525 3828 δηλοῖ
3558 3775 3614 3823 76
3647 3769 3880 3826 Δέδωκεν
3916 3791 3926 3802 ·

2312 3862 2369 3913 0-)
2397 3867 2466 3934 μὴ
2505 3858 2719 3932 δέξομαι
2755 3877 2767 3924 ;
2825 3861 2965 3910 Πάνυ
3010 3862 3098 3932 μὲν
3131 3855 3239 3926 οὖν,
3273 3863 3342 3922 ὡς
3371 3863 3435 3912 τὰ
3492 3861 3626 3914 αὐτὰ
3652 3871 3721 3932 τῷ
3753 3867 3926 3935 Πατρὶ

2314 3951 2645 4024 βουλόμενος.
2682 3949 2787 4021 [Ἐν
2847 3956 2918 4018 τῷ
2952 3948 3201 4020 εἰρημένῳ
3265 3945 3322 4001 δε
3380 3949 3640 4022 κεφαλαίῳ
3680 3956 3770 4004 καὶ
3806 3958 3929 4025 περὶ

2310 4041 2500 4090 τούτων
2533 4036 2833 4109 διελ.αϐομεν
2876 4036 3058 4110 ἐφεξῆς
3089 4038 3231 4109 (2'2).
3266 4036 3286 4109 ]

2381 4128 2437 4180 Ἠ
2471 4125 2557 4180 οὖν
2583 4136 2769 4198 σπεῖρα
2812 4159 2876 4168 ——
2932 4125 3143 4180 ἐκείνου.
3179 4127 3194 4197 [
3227 4127 3348 4180 ’Υπὸ
3397 4133 3493 4190 της
3551 4129 3662 4200 ('23)
3721 4126 3926 4192 ἡδονῆς

2311 4217 2648 4289 ἐνεπὸμπευον
2679 4225 2750 4286 τῷ
2781 4219 3074 4292 πράγματι,
3104 4219 3172 4276 ὡς
3202 4221 3447 4289 τρόπαιον
3481 4225 3790 4281 στήσαντες.
3825 4226 3924 4272 Καὶ

2313 4306 2584 4377 ἀπήγαγον
2625 4307 2778 4357 αὐτὸν
2812 4309 2940 4377 πρὸς
2971 4304 3156 4357 ’Ἀνναν
3204 4314 3424 4379 πρῶτον,
3487 4309 3552 4368 ὡς
3621 4304 3712 4359 ἶσα
3760 4315 3933 4382 Πατρὶ

2313 4403 2595 4468 τιμώμενον
2626 4397 2724 4447 ὑπὸ
2749 4403 2838 4446 τοῦ
2865 4397 3094 4466 καῑαρα,
3136 4403 3226 4446 τοῦ
3261 4405 3549 4453 τηνικαῦτα
3611 4395 3926 4470 ἀρχιερέως,

2316 4483 2408 4538 die}.
2434 4489 2491 4537 76
2531 4495 2592 4545 κῆ
2606 4483 2716 4546 ὃος.
2751 4484 2771 4556 ]
2803 4489 2937 4542 Ζὴτη
2951 4503 3037 4536 σον
3067 4483 3114 4534 ἐν
3137 4493 3206 4555 τῷ
3231 4487 3634 4557 μνημονευθέντι
3662 4486 3931 4558 κεφαλαίῳ

2313 4583 2366 4630 τό
2399 4595 2411 4607 ·
2464 4578 2528 4627 0i
2585 4572 2642 4627 δὲ
2695 4579 3046 4648 κρατήσαντες
3089 4577 3173 4625 τὸν
3207 4574 3412 4631 Ἰησοῦν
3471 4573 3743 4646 ἀπήγαγον
3796 4579 3928 4649 πρὸς

2317 4667 2552 4736 Καϊάφαν
2575 4669 2660 4716 τὸν
2688 4664 2957 4738 ἀρχιερέα,
2993 4667 3081 4714 καὶ
3122 4662 3379 4736 ἀνάγνωθι
3409 4667 3501 4722 τὴν
3530 4662 3635 4716 ἐκεῖ
3664 4662 3925 4740 ῥηθεῖσαν

2313 4756 2583 4826 ἐξήγησιν.

2577 4881 2623 4917 σο
2650 4881 2847 4938 Matth.
2884 4895 3040 4946 xxvr,
3067 4885 3152 4935 57.

1779 5059 1996 5128 Variae
2026 5059 2354 5129 lectiones
2389 5070 2455 5128 et
2487 5069 2690 5128 notae.

619 5261 737 5330 (I7)
775 5259 1006 5315 Inclusa
1038 5257 1259 5313 absunt
1291 5260 1352 5317 Α,

653 5335 734 5387 I8)
770 5332 957 5386 Etiam
992 5332 1119 5385 haec
1148 5330 1362 5386 omittit
1394 5332 1458 5383 A.

653 5337 711 5387 I8
770 5335 957 5386 Etiam
992 5335 1119 5385 haec
1148 5335 1362 5386 omittit
1394 5335 1458 5383 A.

619 5335 734 5473 E19;
793 5402 1113 5458 ﬂentenius
1164 5401 1263 5463 ita,
1296 5419 1363 5457 ac
1410 5401 1457 5455 si
1489 5400 1693 5473 legerit
1745 5399 1960 5473 ἔμελλεν.
2013 5403 2198 5457 Minus

551 5472 692 5529 sane
724 5475 852 5528 haec
883 5474 1200 5544 conterent.
1239 5473 1349 5528 Sed
1380 5490 1450 5528 ex
1484 5472 1660 5544 priori
1694 5472 1965 5528 membro
2000 5478 2198 5529 tamen

547 5544 792 5613 Intelligi
817 5551 1007 5615 potest
1039 5543 1394 5616 ἐθεράπευσεν,

622 5669 704 5739 (Ic)
730 5669 1002 5723 Indicare
1029 5685 1156 5735 prae
1197 5668 1563 5737 conscientia,
1599 5675 1709 5723 etc.
1744 5669 1994 5724 Noscere
2019 5675 2121 5724 aut
2159 5686 2194 5725 a

549 5739 743 5800 forma
767 5739 1002 5811 (habitu
1023 5742 1305 5813 corporis,
1323 5741 1536 5815 specie)
1562 5747 1662 5796 aut
1684 5756 1719 5796 a
1740 5756 1900 5797 voce.
1928 5741 2192 5798 Ostendit

2389 5260 2504 5327 (‘20)
2549 5258 2802 5329 Respicit
2841 5272 3082 5313 versum
3109 5261 3202 5315 22.

2389 5333 2501 5402 (ιι)
2538 5335 2697 5386 Tom.
2737 5330 2868 5394 VIII,
2904 5346 2962 5401 p.
2995 5329 3095 5385 491
3130 5330 3193 5383 Β.

2385 5405 2502 5471 (22)
2549 5403 2782 5457 Inclusa
2815 5402 3038 5456 absunt
3061 5404 3129 5454 A.

2383 5476 2503 5546 ('23)
2548 5475 2781 5530 Inclusa
2821 5472 3043 5528 absunt
3079 5473 3145 5526 A.

2306 5595 2488 5663 igitur
2516 5598 2694 5668 quod.
2723 5593 3025 5656 Συνειδότος
3053 5594 3186 5670 loco
3208 5591 3384 5670 εἴδους
3409 5595 3642 5654 videtur
3675 5595 3925 5670 legisse.

2304 5670 2466 5726 Male.
2501 5671 2629 5725 Mox
2669 5675 2778 5736 est,
2810 5684 2988 5740 neque
3019 5669 3253 5724 omnino
3276 5669 3494 5726 videre.
