4108 6430
242 387 382 443 1457
1236 389 1594 445 COMMENT.
1641 392 1711 447 ΙΝ
1751 391 1841 447 J0.

1960 393 2102 449 lEM.
2149 426 2212 434 —
2254 395 2408 449 CAP.
2455 393 2650 452 XVIII.
3476 397 3613 453 1458

311 513 409 566 Ἦν
452 546 515 554 —
564 513 709 569 λαοῦ.
743 514 853 569 Ἵνα
887 519 981 588 μὴ,
1025 514 1251 576 ἀκούσας
1291 518 1314 568 6
1359 515 1618 589 ἀκροατὴς
1652 514 1841 590 δεσμὰ,

2028 523 2186 576 Vers.
2239 521 2324 577 14.
2377 521 2529 578 Erat
2568 553 2637 561 —
2674 521 2905 590 populo.
2959 525 3038 578 Ne
3101 521 3336 579 auditor
3376 525 3615 584 vincula

240 603 534 680 θορυϐηθῇ,
595 603 976 679 ἀναμιμνήσκει
1024 615 1206 659 τοῦτον
1260 615 1348 666 τῆς
1400 612 1717 678 προφητείας
1757 614 1846 658 τοῦ

239 697 474 766 Καῖάφα,
510 691 680 752 δηλῶν
728 698 808 747 ὅτι
839 695 922 748 ἐπὶ
961 700 1274 768 συμφέροντι
1323 705 1412 748 τοῦ
1461 696 1586 747 λαοῦ
1629 695 1846 754 ἀπέθνη-

236 801 381 852 σκεν,
414 788 574 855 ἤγουν
607 784 688 837 ἐπὶ
722 791 956 860 σωτηρίᾳ
986 796 1084 838 τῶν
1118 785 1416 860 ἀνθρώπων,
1457 789 1522 847 ὡς
1554 788 1578 836 6
1610 789 1846 858 Καϊάφας

232 879 637 946 προεφήτευσεν.

308 963 612 1015 Ἠκολούθει.
652 995 719 1004 -
758 966 1020 1036 μαθητής.
1066 965 1230 1026 Αὐτός
1259 964 1398 1017 ἐστιν
1440 966 1464 1015 6
1492 964 1640 1024 ἄλλος
1670 967 1844 1035 μαθη-

231 1057 351 1114 τής.
391 1051 654 1124 [Ζήτησον
688 1054 801 1125 (24)
836 1057 882 1106 ἐν
914 1064 985 1124 τῷ
1011 1057 1228 1125 τοιούτῳ
1258 1053 1516 1126 κεφαλαίῳ
1540 1057 1632 1110 τὴν
1661 1052 1843 1125 ἐξηγη-

235 1161 322 1194 σιν
347 1149 435 1194 τοῦ
462 1141 556 1193 ’Ὀ
586 1139 644 1195 δὲ
691 1148 876 1218 Πέτρος
921 1143 1187 1202 ἠκολούθει
1237 1144 1377 1215 αὐτῷ
1421 1141 1520 1194 ἀπὸ
1561 1146 1839 1218 μακρόθεν,

230 1233 326 1293 ἕως
351 1241 444 1292 τῆς
476 1232 637 1294 αὐλῆς
662 1241 754 1284 τοῦ
795 1232 1128 1307 ἀρχιερέως.]

305 1321 363 1373 Ὀ
411 1319 468 1374 δὲ
516 1324 753 1393 μαθητὴς
806 1354 869 1366 ς-
917 1323 1028 1385 ἒξω.
1081 1322 1216 1396 Ὅρα
1255 1329 1699 1400 μετριοφροσύνην
1752 1331 1841 1379 καὶ

229 1408 590 1484 φιλαδελφίαν.
621 1411 732 1464 Ἵνα
772 1415 872 1487 γὰρ
917 1418 1048 1485 μήτε
1088 1413 1242 1465 αὑτὸν
1273 1434 1352 1476 τις
1400 1414 1577 1488 ἐπαινῇ
1633 1436 1838 1468 συνεισ-

228 1500 462 1566 ελθὸντα,
505 1506 633 1573 μήτε
689 1505 774 1554 τὸν
831 1506 1020 1574 Πέτρον
1074 1503 1232 1574 ψέγῃ,
1284 1508 1529 1576 μείναντα
1574 1506 1686 1574 ἔξω,
1735 1527 1838 1578 φη-

229 1597 316 1644 σὶν
349 1594 428 1644 ὅτι
452 1592 592 1661 αὐτῷ
622 1595 712 1664 μὲν
745 1595 808 1653 ὡς
837 1598 1080 1666 γνωρίμῳ
1111 1601 1203 1645 τοῦ
1235 1592 1519 1667 ἀρχιερέως
1558 1615 1838 1671 παρεχωρ-

225 1683 332 1741 ήθη
367 1684 394 1740 ἡ
436 1679 640 1742 εἴσοδος
675 1699 686 1710 ’
720 1691 789 1752 τῷ
845 1686 1019 1757 Πέτρῳ
1062 1679 1120 1734 δὲ
1158 1685 1226 1743 ὡς
1276 1687 1346 1754 μὴ
1397 1688 1639 1758 γνωρίμῳ
1679 1683 1835 1736 ἀπεκ-

221 1771 430 1830 λείσθη.
469 1776 568 1824 Καὶ
616 1773 754 1844 ὅμως
798 1774 873 1824 ἓτι
930 1776 1206 1846 παρέμενεν
1264 1772 1451 1843 (25>,ὂ
1501 1779 1587 1826 καὶ
1644 1775 1834 1846 μᾶλλον

223 1860 480 1934 ἐῃώμιον
506 1869 596 1913 τον
636 1866 848 1934 Πέτρον.
1868 1880 1907 1934 Β

300 2042 537 2106 Ἐξῆλθεν
596 2075 663 2082 -
717 2042 842 2114 εἰμί.
914 2043 1040 2115 Εὗρε
1114 2041 1159 2093 έν
1228 2050 1299 2112 τῷ
1368 2043 1508 2113 αὐτῷ
1575 2044 1832 2117 κεφαλαίῳ

222 2138 284 2185 τὸ
317 2150 327 2161 ·
393 2137 492 2185 Καὶ
545 2130 784 2184 εἰσελθὼν
839 2134 939 2183 ἔσω
992 2131 1214 2189 ἐκάθητο
1285 2135 1415 2204 μετά
1470 2140 1568 2184 τῶν
1635 2135 1832 2207 ὑπηρε-

222 2230 346 2287 τῶν,
409 2218 537 2273 ἰδεῖν
601 2225 656 2272 τὸ
714 2221 906 2282 τέλοςδλ
962 2226 1049 2273 καὶ
1105 2220 1360 2292 ἀνάγνωθι
1436 2222 1547 2294 (26)
1607 2225 1671 2274 τὰ
1733 2223 1836 2276 ἐκεῖ

221 2313 444 2388 ῥηθέντα
499 2309 887 2382 ἀναγκαιότατα
940 2313 1290 2382 τυγχάνοντα.
1355 2317 1454 2364 Καὶ
1501 2317 1602 2384 μὴν
1642 2318 1731 2364 καὶ
1786 2311 1833 2364 ἐν

222 2410 296 2472 τῷ
347 2401 611 2471 ἑξηκοστῷ
656 2402 784 2471 ἕκτῳ
829 2408 920 2452 τοῦ
973 2400 1130 2452 αὐτοῦ
1173 2401 1542 2471 εὐαγγελιστοῦ
1582 2406 1675 2460 τὴν
1716 2402 1833 2464 ἐξὴ-

221 2511 382 2564 γησιν
445 2498 583 2542 τοῡ’
642 2489 700 2541 Ὀ
783 2487 841 2542 δὲ
909 2492 1100 2557 Πέτρος
1188 2489 1281 2552 ἔξω
1357 2490 1577 2548 ἐκάθητο
1645 2489 1692 2542 ἐν
1768 2499 1829 2564 τῇ

225 2581 379 2653 αὐλῇ,
440 2584 530 2632 καὶ
593 2579 882 2653 προσῆλθεν
932 2579 1072 2650 αὐτῷ
1120 2584 1216 2651 μία
1264 2576 1548 2644 παιδίσκη,
1619 2586 1707 2632 καὶ
1770 2583 1835 2634 τὰ

226 2671 364 2733 ἑξῆς.

298 2762 638 2818 Εἱστηκεισαν
674 2790 740 2798 -
789 2759 1202 2830 θερμαινόμενος,
1247 2763 1511 2810 Δείκννσιν
1557 2761 1636 2810 ὅτι
1679 2760 1832 2822 αὐτὸς

224 2851 313 2920 μὲν
353 2851 489 2900 κατά
534 2854 626 2906 τὴν
669 2844 937 2921 ἐνδοτέραν
986 2847 1145 2904 αὐλὴν
1197 2852 1360 2899 συνὼν
1401 2856 1471 2917 τῷ
1521 2845 1832 2920 διδασκάλῳ

227 2937 361 3010 ἐώρα
394 2939 564 2989 πάντα
594 2941 680 2988 καὶ
727 2941 906 2995 ἤκουεν
941 2953 952 2964 °
985 2937 1009 2986 6
1044 2932 1100 2987 δε
1135 2940 1326 3011 Πέτρος
1373 2939 1505 2988 κατά
1535 2942 1628 2994 τὴν
1659 2936 1832 3000 ἐξωτέ-

225 3046 320 3101 ραν
350 3027 434 3094 ὢν,
467 3022 617 3078 οὐδὲν
640 3027 834 3077 τούτων
875 3023 1166 3096 ἐγίνωσκεν.

295 3114 352 3167 Ὀ
415 3111 503 3167 οὖν
558 3114 838 3189 ἀρχιερεὺς
895 3146 960 3153 -
1017 3113 1198 3170 αὐτοῦ.
1262 3120 1384 3187 Περὶ
1434 3123 1531 3166 τῶν
1584 3118 1831 3188 μαθητῶν

225 3208 336 3277 μὲν,
396 3211 495 3256 ποῦ
551 3204 653 3256 εἰσι
725 3208 813 3255 καὶ
879 3208 1016 3264 τίνος
1090 3204 1248 3256 ἕνεκεν
1312 3204 1566 3267 συνέλεξεν
1645 3206 1832 3266 αὐτοὺς
1869 3219 1907 3274 C

226 3299 342 3365 περὶ
384 3301 474 3354 τῆς
522 3289 760 3365 διδαχῆς
805 3289 883 3359 δὲ,
922 3298 973 3344 τί
1019 3289 1268 3345 διδάσκει
1315 3299 1403 3345 καὶ
1440 3291 1622 3350 διατίε
1655 3302 1834 3348 Ταῦτα

226 3381 286 3437 δὲ
352 3385 641 3456 ἠρώτησεν,
717 3381 916 3454 ἐλέγξαι
984 3381 1295 3455 βουλόμενος
1372 3383 1527 3435 αὐτὸν
1593 3405 1831 3458 νεωτερο-

225 3477 372 3526 ποιόν
401 3478 491 3525 καὶ
521 3476 872 3539 στασιαστὴν,
903 3475 966 3532 ὡς
996 3476 1446 3546 παρασυναγωγάς
1470 3482 1720 3526 ποιοῦντα
1741 3479 1831 3527 καὶ

225 3566 382 3616 καινά
414 3559 826 3634 δογματίζοντα,
883 3567 1054 3614 καίτοι
1107 3562 1352 3624 πολλάκις
1397 3561 1630 3625 ἀκούσας
1674 3566 1832 3618 αὐτοῦ

228 3650 598 3715 διδάσκοντος.

298 3832 579 3906 Ἀπεκρίθη
609 3864 674 3870 -
697 3836 897 3903 κόσμῳ.
931 3830 1190 3906 [Φανερῶς
1361 3828 1586 3895 ἐδίδαξα
1607 3836 1692 3885 τὸν
1713 3834 1833 3886 λαὸν

225 3922 452 3992 ἅπαντα,
487 3921 543 3973 οὐ
571 3924 723 3992 μόνον
749 3924 870 3982 τοὺς
890 3923 1130 3991 μαθητάς
1160 3922 1308 3994 pom]

303 4011 433 4080 Ἐγὼ
465 4041 528 4050 -
563 4006 730 4062 οὐδέν.
767 4005 934 4061 Οὐδὲν
977 4011 1080 4060 οἷον
1108 4009 1502 4081 ὑπολαμϐάνεις,
1541 4007 1832 4072 στασιῶδες

224 4104 316 4150 καὶ
356 4099 648 4173 ἀπαρέσκον
677 4107 811 4168 Θεῷ.
845 4103 906 4150 Τί
929 4093 1036 4163 οὖν,
1067 4098 1190 4168 οὐχὶ
1223 4104 1312 4150 καὶ
1334 4103 1559 4172 κρυφίως
1594 4099 1834 4160 πολλάκις

227 4188 462 4260 ὡμίλησε
492 4196 596 4248 τοῖς
627 4190 923 4260 μαθηταὶςῩ
953 4191 1057 4240 Ναί
1088 4205 1098 4215 ⁸
1137 4186 1243 4239 ἀλλ’
1275 4184 1424 4239 οὐδὲν
1464 4196 1696 4240 τοιοῦτον
1728 4190 1831 4240 οἷον

226 4280 252 4329 6
287 4277 563 4352 ἀρχιερεὺς
589 4283 712 4349 ᾤετο
724 4321 734 4330 .

297 4372 360 4419 Τί
401 4398 465 4408 -
513 4366 630 4438 ἐγώ.
675 4367 785 4419 Οὐκ
831 4363 1282 4437 αὖθαδιαζομένου
1335 4368 1397 4418 τὰ
1435 4367 1664 4440 ῥήματα,
1707 4365 1834 4419 ἀλλά

231 4455 540 4530 θαρροῦντος
579 4465 640 4528 τῇ
694 4455 909 4527 ἀληθείᾳ
951 4465 1048 4506 τὼν
1094 4451 1455 4527 διδαγμάτων.
1497 4459 1560 4507 Τί
1601 4454 1684 4522 ἐμὲ
1724 4455 1833 4508 ἐπε-

225 4552 434 4619 ρωτᾷς;
470 4546 763 4620 Ἐρωτησον
789 4549 903 4605 τοὺς
949 4543 1254 4613 ἀκηκοότας,
1291 4549 1361 4616 μὴ
1413 4549 1534 4605 τοὺς
1572 4547 1828 4617 μαθητὰς,
1864 4573 1909 4628 D

228 4633 355 4686 ἀλλά
385 4640 502 4696 τοὺς
535 4635 714 4695 ἄλλους
740 4639 859 4696 τοὺς
882 4631 1019 4706 μηδὲ
1051 4637 1447 4695 πιστεύσαντας.

298 4731 476 4776 Ταῦτα
542 4721 602 4776 δὲ
656 4723 815 4775 αὐτοῦ
890 4724 1118 4784 εἰπόντος
1191 4754 1254 4763 -
1313 4722 1586 4798 ἀρχιερεῖ;
1649 4724 1830 4798 Φρίξον

228 4812 430 4887 οὖρανε,
487 4815 705 4870 ἕκστηθι
753 4820 847 4884 γῆ,
888 4821 950 4885 τῇ
990 4832 1042 4864 τε
1097 4820 1196 4863 τῶν
1251 4808 1446 4863 δούλων
1488 4811 1826 4888 ἀγνωμοσύνῃ

221 4906 317 4953 καὶ
379 4910 440 4974 τῇ
499 4909 588 4953 τοῦ
656 4905 916 4954 Δεσπότου
985 4903 1340 4974 μακροθυμία.
1399 4899 1467 4952 Ὠ
1525 4901 1828 4974 πάντολμεῐ

226 4995 278 5042 τί
344 4989 567 5052 αὔθαδες
631 4990 975 5066 ἀπεκρίνατος
1006 4991 1134 5062 οὐχὶ
1210 4990 1396 5061 μᾶλλον
1468 4988 1681 5062 ἐτίμησε
1738 4996 1831 5048 τὴν

231 5079 650 5156 ἀρχιερωσύνην,
711 5085 780 5154 μὴ
844 5079 1050 5152 ἐλέγξας
1106 5082 1191 5131 τὸν
1253 5079 1504 5153 ἀρχιερέα
1559 5081 1833 5141 κακοήθως

1445 5261 1489 5292 ⁸³
1521 5257 1664 5313 ibid.
1688 5261 1774 5314 69.

298 5262 340 5296 δι
376 5259 570 5317 Matth.
596 5276 755 5325 xxvx,
789 5260 879 5315 58.
995 5261 1041 5294 ⁶²
1065 5257 1209 5315 ibid.
1244 5262 1330 5314 58.

1959 610 2207 665 audiens
2246 610 2523 675 turbetur,
2553 611 2682 681 ejus
2709 611 3064 668 memoriam
3097 612 3174 668 ad
3203 612 3442 684 Caiphae
3466 616 3613 672 vati-

1957 699 2175 755 cinium
2206 707 2466 764 revocat,
2505 700 2871 770 signiﬁcans,
2913 702 3080 773 quod
3113 703 3478 759 moriebatur
3509 721 3610 775 pro

1954 804 2024 844 eo
2055 789 2218 861 quod
2251 789 2475 862 populo
2504 790 2879 861 expediebat,
2909 791 3033 846 sive
3065 808 3174 862 pro
3201 792 3390 849 salute
3420 793 3610 849 homi-

1953 895 2119 943 num,
2154 880 2336 935 veluti
2369 879 2626 950 Caiphas
2651 881 3127 951 prOphetaverat.

2024 970 2180 1022 Vers.
2221 970 2300 1022 15.
2332 969 2699 1040 Sequebatur
2730 1001 2793 1009 —
2825 969 3166 1038 discipulus.
3191 972 3319 1043 Ipse
3346 976 3437 1027 est
3459 972 3611 1028 alius

1949 1054 2045 1109 ille
2063 1055 2414 1128 discipulus.
2451 1059 2657 1122 Quiere
2681 1059 2910 1113 indicto
2948 1060 3138 1130 capite
3170 1061 3609 1116 enarrationem

1951 1144 2105 1199 illius
2165 1146 2471 1201 sententiae.
2512 1163 2524 1200 :
2564 1148 2775 1203 Petrus
2824 1153 3018 1203 autem
3073 1151 3420 1221 sequebatur
3477 1168 3607 1206 eum

1945 1235 2154 1304 procul
2174 1250 2355 1304 usque
2381 1237 2457 1289 ad
2483 1237 2706 1290 atrium
2736 1238 3029 1305 principis
3064 1240 3429 1294 sacerdotum
3465 1241 3532 1293 σι.

2021 1324 2179 1378 Vers.
2238 1326 2320 1377 15.
2387 1325 2722 1394 Discipulus
2747 1333 2946 1382 autem
2990 1359 3058 1366 —
3098 1330 3254 1382 Vers.
3303 1329 3392 1384 26.
3429 1330 3604 1397 foris.

1949 1413 2092 1468 Vide
2121 1413 2476 1469 modestiam
2518 1431 2586 1469 ac
2636 1415 2963 1472 fraternum
3019 1433 3310 1472 amorem.
3361 1422 3439 1474 Ne
3473 1420 3608 1490 quis

1948 1502 2109 1558 enim
2139 1509 2239 1558 aut
2268 1504 2466 1574 ipsum
2497 1503 2718 1570 laudet,
2760 1505 2915 1576 quod
2957 1506 3132 1561 simul
3171 1506 3479 1576 introierit,
3506 1511 3609 1563 aut

1951 1593 2187 1648 Petrum
2212 1593 2517 1665 vituperet,
2552 1593 2715 1665 quod
2761 1593 2901 1648 foris
2947 1597 3247 1666 manserit,
3278 1596 3418 1652 dicit
3442 1598 3606 1669 quod

1947 1681 2060 1736 sibi
2091 1683 2336 1753 quidem
2381 1688 2670 1754 tanquam
2697 1683 2978 1740 familiari
3030 1685 3328 1753 pontificis
3358 1686 3607 1757 permis-

1946 1787 2049 1825 sus
2081 1771 2151 1826 sit
2180 1773 2451 1828 introitus
2481 1789 2492 1826 :
2529 1773 2732 1827 Petrus
2771 1789 2913 1828 vero
2947 1778 3235 1844 tanquam
3267 1775 3606 1845 incognitus

1946 1859 2217 1915 exclusus
2232 1867 2338 1927 est,
2355 1866 2410 1916 et
2428 1865 2627 1916 tamen
2644 1862 2842 1918 adhuc
2857 1862 2932 1917 ad
2952 1863 3172 1918 ostium
3188 1865 3600 1934 permanebat,

1944 1950 2104 2022 quod
2137 1950 2306 2005 Petro
2347 1951 2544 2021 potius
2577 1950 2752 2006 datur
2782 1951 2965 2006 laudi.

2016 2042 2179 2096 Vers.
2228 2040 2306 2095 16.
2342 2041 2540 2096 Exivit
2575 2071 2634 2080 --
2676 2041 2955 2096 Ver-3.17.
3011 2057 3156 2096 sum.
3205 2043 3414 2107 Quaere
3455 2059 3605 2114 prae-

1943 2128 2100 2184 dicto
2128 2129 2317 2200 capite
2353 2145 2364 2183 :
2390 2129 2464 2182 Et
2480 2129 2766 2199 ingressus
2795 2130 2952 2184 intro
2987 2129 3216 2186 sedebat
3250 2145 3376 2186 cum
3404 2132 3604 2187 minis-

1946 2220 2053 2273 tris
2079 2225 2142 2273 ut
2174 2219 2390 2274 videret
2409 2219 2586 2286 ﬁnem
2607 2221 2652 2253 ⁶²
2685 2223 2774 2284 ;et
2804 2219 2953 2288 lege,
2979 2236 3112 2290 quae
3146 2219 3227 2274 ibi
3258 2219 3416 2276 dicta
3439 2225 3597 2287 sunt,

1944 2325 2076 2364 cum
2120 2308 2235 2364 sint
2291 2309 2553 2364 maxime
2604 2309 2967 2366 necessaria.
3022 2309 3311 2365 Praeterea
3359 2326 3602 2382 quoque

1944 2399 2315 2467 sexagesimo
2358 2403 2523 2454 sexto
2551 2398 2738 2469 capite
2757 2397 2911 2452 illius
2943 2399 3248 2454 sententiae
3277 2401 3603 2455 enarratio-

1944 2502 2079 2541 nem
2108 2487 2345 2542 :Petrus
2365 2492 2560 2543 autem
2581 2487 2814 2542 sedebat
2829 2487 2983 2555 foris
2999 2488 3057 2541 in
3083 2487 3258 2552 atrio,
3284 2495 3338 2543 et
3357 2490 3600 2545 accessit

1944 2577 2024 2632 ad
2050 2592 2180 2632 eum
2213 2591 2335 2632 una
2358 2577 2582 2633 ancilla
2612 2579 2678 2642 ⁵³,
2709 2581 2764 2631 et
2796 2580 3026 2632 caetera.

2014 2753 2180 2810 Vers.
2232 2758 2315 2810 18.
2368 2755 2623 2810 Stabant
2669 2785 2738 2796 —
2788 2754 3144 2825 calefaciens
3182 2772 3259 2810 se.
3315 2757 3601 2828 Ostendit,

1942 2843 2106 2915 quod
2133 2843 2258 2915 ipse
2294 2843 2351 2897 in
2403 2843 2663 2898 interiori
2704 2843 2854 2898 atrio
2899 2860 3036 2898 cum
3076 2850 3437 2917 praeceptore
3477 2863 3603 2902 ver-

1943 2949 2108 2998 sans,
2132 2932 2336 2988 omnia
2357 2933 2604 2991 videbat
2629 2938 2683 2988 et
2709 2934 2987 2988 audiebat
3021 2950 3032 2998 ;
3064 2935 3272 2988 Petrus
3296 2951 3434 2990 vero
3461 2953 3601 2992 cum

1943 3026 2096 3077 esset
2124 3021 2183 3076 in
2215 3021 2508 3086 exteriori,
2539 3021 2683 3077 nihil
2713 3022 2926 3078 horum
2959 3023 3202 3078 sciebat.

2014 3111 2176 3166 Vers.
2229 3115 2310 3166 19.
2344 3112 2629 3182 Pontifex
2669 3112 2864 3182 itaque
2888 3143 2956 3152 —
3001 3115 3150 3182 ejus.
3182 3113 3263 3168 De
3291 3113 3600 3186 discipulis

1943 3201 2211 3274 quidem,
2244 3201 2487 3256 ubinam
2523 3205 2736 3270 essent,
2768 3207 2823 3256 et
2854 3217 3039 3274 quam
3070 3202 3149 3257 ob
3180 3218 3427 3258 causam
3459 3219 3603 3260 con-

1944 3295 2253 3362 gregasset
2283 3307 2424 3345 eos:
2475 3289 2550 3344 de
2589 3290 2861 3346 doctrina
2903 3307 3064 3357 vero,
3098 3291 3244 3362 quid
3284 3292 3523 3348 doceret
3548 3298 3606 3348 et

1942 3396 2149 3452 quare.
2167 3381 2305 3434 Haec
2319 3385 2517 3435 autem
2552 3379 2951 3448 interrogavit,
2971 3381 3173 3435 volens
3188 3396 3326 3436 eum
3353 3397 3604 3451 arguere

1944 3474 2223 3541 tanquam
2241 3485 2410 3524 novae
2433 3469 2513 3524 rei
2536 3469 2905 3524 inventorem
2936 3485 3006 3524 ac
3025 3470 3397 3534 seditiosum,
3431 3472 3602 3542 quasi

1943 3558 2340 3614 conciliabula
2354 3557 2632 3630 quaedam
2653 3557 2986 3623 facientem,
3021 3575 3300 3630 novaque
3317 3561 3605 3630 dogmata

1943 3648 2313 3703 inferentem.
2349 3647 2526 3719 Atqui
2569 3646 2904 3718 frequenter
2951 3665 3088 3702 eum
3139 3647 3453 3704 docentem
3500 3665 3603 3704 au-

1943 3737 2150 3792 dierat.

2015 3827 2180 3882 Vers.
2215 3827 2302 3882 20.
2335 3857 2404 3865 ——
2443 3825 2763 3895 Respondit
2786 3857 2851 3866 -
2879 3827 3115 3882 mundo.
3146 3825 3446 3883 Manifeste
3478 3843 3605 3883 om-

1943 3931 2079 3971 nem
2111 3916 2288 3970 docui
2322 3915 2633 3986 populum,
2670 3931 2791 3970 non
2815 3915 3010 3970 solum
3037 3914 3384 3986 discipulos.

2014 4005 2176 4060 Vers.
2207 4008 2298 4060 20.
2326 4007 2450 4074 Ego
2473 4037 2539 4044 —
2562 4004 2735 4058 nihil.
2763 4003 2932 4070 Nihil,
2957 4003 3134 4075 quale
3165 4009 3225 4059 tu
3251 4006 3600 4077 suspicaris,

1943 4097 2293 4152 seditiosum
2328 4094 2558 4165 etquod
2585 4095 2703 4148 Deo
2717 4109 2838 4148 non
2871 4093 2943 4147 sit
2968 4098 3224 4162 gratum.
3257 4095 3406 4158 Quid
3437 4110 3598 4164 ergo,

1944 4202 2021 4241 an
2055 4200 2173 4239 non
2214 4184 2552 4255 frequenter
2590 4181 2818 4237 occulte
2853 4181 3207 4254 loquebatur
3237 4182 3548 4255 discipulis
3575 4186 3601 4220 ⁸)

1943 4275 2172 4347 Utique,
2202 4273 2305 4328 sed
2338 4272 2482 4327 nihil
2513 4271 2626 4326 tale
2658 4271 2835 4343 quale
2865 4271 3126 4343 pontifex
3152 4272 3418 4344 putabat.

2011 4366 2170 4418 Vers.
2223 4365 2309 4416 2t.
2347 4362 2586 4429 Quid—
2644 4377 2766 4432 ego.
2817 4364 2940 4416 Non
2991 4361 3362 4416 contumacis
3415 4364 3601 4417 verba

1943 4460 2101 4520 sunt,
2133 4451 2236 4506 sed
2269 4451 2342 4507 de
2371 4451 2724 4519 dogmatum
2765 4452 3003 4506 veritate
3044 4451 3418 4504 confidentia.
3452 4451 3603 4516 Quid

1943 4559 2031 4598 me
2071 4546 2390 4612 interrogas
2422 4540 2449 4593 ‘?
2473 4540 2785 4608 Interroga
2829 4555 2916 4595 eos
2948 4541 3052 4610 qui
3090 4541 3408 4595 audierunt
3436 4559 3446 4598 :
3479 4556 3598 4595 non

1942 4629 2291 4702 discipulos,
2334 4629 2434 4684 sed
2476 4628 2624 4683 alios
2652 4629 2849 4691 etiam,
2891 4627 2994 4699 qui
3040 4643 3160 4682 non
3198 4628 3597 4683 crediderunt.

2014 4723 2172 4775 Vers.
2217 4724 2309 4774 22.
2354 4719 2500 4774 Cum
2529 4721 2724 4773 autem
2770 4717 2887 4772 haec
2917 4717 3162 4774 dixisset
3193 4748 3262 4758 —
3292 4718 3551 4788 pontiﬁci
3575 4717 3602 4771 Τ

1944 4813 2184 4865 Horreto
2224 4808 2455 4873 caelum,
2500 4811 2770 4877 stupesce
2792 4811 2947 4862 terra
2977 4825 2988 4865 :
3027 4810 3153 4861 tum
3178 4806 3257 4862 ob
3290 4821 3599 4861 servorum

1943 4897 2276 4972 perﬁdiam,
2311 4901 2440 4952 tum
2464 4897 2543 4950 ob
2575 4896 2806 4951 Domini
2825 4895 3222 4952 clementiam.
3256 4895 3298 4951 Ο
3323 4894 3600 4950 audacis-

1944 4989 2116 5055 sime,
2165 4987 2457 5060 quidnam
2481 4986 2788 5058 respondit
2845 4985 3259 5040 contumacius
3297 4982 3324 5037 ?
3373 4999 3452 5039 an
3474 4999 3596 5039 non

1943 5077 2138 5150 potius
2164 5075 2454 5132 honorem
2480 5072 3099 5147 detulitpontiﬁcatui,
3126 5072 3230 5145 qui
3252 5072 3594 5145 pontiﬁcem

1427 5435 1653 5505 Variae
1709 5435 2036 5505 lectiones
2091 5444 2156 5501 et
2196 5443 2395 5502 notae.

315 5639 405 5704 24)
447 5635 683 5692 Inclusa
713 5635 933 5692 absunt
961 5636 1026 5690 A.

319 5709 406 5775 25)
451 5712 755 5782 Παρέμεινεν
788 5710 846 5762 Β.

291 5777 406 5853 (26)
449 5777 717 5852 Ανᾶγνωθι
795 5783 889 5838 τὴν
972 5781 1169 5832 τούτων
1245 5777 1514 5851 ἐξήγησιν,
1598 5777 1827 5835 caeteris

1937 5633 2190 5696 omissis,
2216 5639 2275 5686 A.

2012 5705 2124 5776 (27)
2144 5704 2376 5760 Inclusa
2403 5703 2627 5760 absunt
2657 5705 2733 5760 A.
