4108 6352
498 296 636 352 1459

1836 290 2190 350 EUTHYMII
2226 288 2554 346 ZIGABENl

3741 291 3903 351 1460

496 421 757 492 maligne
779 419 853 477 de
875 420 969 478 his
995 436 1126 493 quae
1149 422 1394 476 noverat
1416 418 1876 489 interrogantem
1908 434 2032 474 non
2053 434 2151 474 ar-

2280 418 2530 492 ἐρωτῶντα
2583 421 2701 489 περὶ
2759 417 2824 468 ὧν
2872 413 3030 488 οἶδες
3073 419 3359 490 Δυνάμενος
3406 415 3494 472 οὖν
3555 425 3731 472 σεῖσαι
3786 426 3896 474 καὶ

498 514 687 584 guerit
712 512 739 568 ?
771 513 916 567 Cum
939 527 1076 579 ergo
1117 516 1322 582 posset
1347 526 1558 565 omnes
1602 515 1911 566 concutere
1965 514 2020 564 et
2050 511 2154 565 ob-

498 617 691 672 ruere,
752 605 855 657 aut
902 601 1017 656 alio
1047 600 1264 655 acerbo
1297 599 1482 657 modo
1539 599 1804 670 perdere,
1867 599 2156 672 patienter

499 693 628 759 fert,
684 691 988 763 verbaque
1020 690 1412 761 proloquitur,
1464 705 1595 761 qua;
1635 705 1876 744 omnem
1924 690 2158 761 possint

500 781 827 837 dissolvere
853 780 1160 843 feritatem,
1183 795 1536 853 quanquam
1566 795 1684 835 non
1711 795 1846 834 eam
1869 795 2004 851 quae
2035 779 2158 833 illo-

500 888 634 926 rum
673 874 822 925 erat.

574 963 733 1016 Vers.
777 963 866 1017 23.
906 960 1225 1029 Respondit
1266 991 1329 1000 —
1373 958 1595 1016 caulis?
1652 960 1855 1015 Profer
1894 959 2156 1014 testimo-

501 1053 690 1118 nium,
732 1051 845 1106 hoc
872 1055 977 1116 est,
1020 1051 1290 1116 ostende,
1342 1049 1491 1121 quid
1534 1050 1606 1104 sit
1635 1049 1790 1105 male
1831 1049 2154 1121 prolatum,

503 1157 687 1210 argue
728 1157 866 1195 eum
897 1143 1000 1213 qui
1033 1141 1106 1196 sit
1135 1139 1291 1195 male
1317 1139 1578 1196 locutus.

577 1234 860 1299 Quaerunt
873 1234 1066 1285 autem
1089 1229 1360 1301 quidam,
1377 1229 1687 1301 quomodo
1705 1245 1823 1284 non
1839 1228 2161 1284 obverterit

505 1321 762 1378 Christus
789 1324 843 1375 et
869 1320 1114 1375 alteram
1155 1319 1466 1377 maxillam
1507 1319 1862 1391 impingenti
1895 1319 2155 1391 alapam,

504 1411 654 1465 sicut
685 1409 971 1482 apOstolis
1015 1409 1356 1465 faciendum
1404 1415 1789 1481 praeceperat,
1831 1409 1934 1464 sed
1963 1410 2160 1481 potius

504 1500 849 1570 indignatus
876 1499 1157 1554 est?Nos
1225 1503 1425 1554 autem
1474 1498 1749 1567 dicimus,
1806 1499 1971 1571 quod
2013 1498 2160 1553 illud

503 1592 869 1661 praeceptum
902 1588 975 1643 de
1023 1604 1144 1643 non
1177 1587 1516 1644 ulciscendo
1548 1588 1656 1642 fuit
1688 1589 1997 1643 inductum
2022 1604 2159 1660 pro-

505 1685 634 1750 pter
674 1678 1010 1738 seditiones.
1039 1695 1174 1750 quae
1197 1679 1329 1734 inde
1355 1679 1700 1739 oriebantur
1732 1695 1927 1734 :nunc
1960 1684 2161 1734 tamen

2269 515 2585 579 καταχῶσαι
2607 507 2819 568 πάντας,
2862 511 2891 566 ἦ
2926 511 3015 559 καὶ
3046 512 3235 580 τρόπον
3266 509 3429 581 ἕτερον
3462 517 3659 580 πικρῶς
3687 507 3897 563 ἀπολέ-

2269 616 2378 654 σαι,
2422 599 2750 672 μακροθυμεῖ
2784 602 2874 648 καὶ
2927 599 3203 669 φθέγγεται
3255 598 3484 672 ῥήματα,
3539 604 3715 652 πᾶσαν
3760 603 3895 670 (28)

2267 684 2509 738 ἐκλύοντα
2551 681 2862 759 θηριωδίαν,
2893 685 2936 738 εἰ
2963 690 3051 738 καὶ
3082 691 3151 758 μὴ
3181 690 3271 745 τὴν
3314 685 3539 741 ἐκείνων.

2343 956 2622 1028 Ἀπεκρίθη
2676 987 2743 995 -
2794 951 3032 1029 δαίρεις;
3085 986 3151 998 --
3199 959 3547 1031 Μαρτύρησον
3611 964 3731 1031 πιρὶ
3789 967 3893 1011 τοῦ

2267 1053 2452 1112 κακοῦ,
2485 1048 2772 1110 τουτέστιν,
2809 1041 3109 1108 Ἀπόδειξον
3151 1049 3207 1098 τό
3239 1054 3406 1107 κακῶς
3434 1046 3671 1116 λαληθεν,
3711 1047 3892 1120 [ἔλεγ-

2271 1136 2352 1198 ξον
2387 1135 2496 1205 (29)
2529 1144 2701 1197 κακῶς
2729 1135 3049 1206 λαλήσαντα]
3070 1179 3082 1192 .

2341 1233 2573 1282 Ζητοῡσι
2619 1229 2707 1297 μὲν
2761 1221 2847 1276 οὖν
2899 1245 3031 1286 τινες
3076 1233 3180 1285 πῶς
3234 1225 3328 1277 οὐκ
3367 1227 3585 1302 ἔστρεψε
3637 1234 3728 1281 καὶ
3786 1233 3892 1287 τήν

2269 1315 2426 1374 ἄλλην
2469 1322 2690 1387 σιαγόνα
2733 1318 2757 1367 ό
2800 1319 3029 1389 Χριστός
3069 1324 3140 1386 τῷ
3184 1317 3485 1390 ῥαπίσαντι,
3540 1320 3712 1381 καθὼς
3770 1327 3895 1381 τοῖς

2272 1403 2578 1467 ἀποστόλοις
2651 1405 2926 1458 ἐνετείλατο
2986 1413 3168 1473 ποιεῖν,
3233 1405 3359 1458 ἀλλὰ
3415 1407 3604 1479 μᾶλλον
3677 1410 3892 1481 ἠγανά-

2270 1515 2465 1562 κτησες
2505 1500 2729 1567 Λέγομεν
2795 1493 2854 1548 δε
2911 1497 3059 1568 ἡμεῖς
3118 1497 3197 1548 ὅτι
3251 1501 3340 1549 καὶ
3393 1499 3422 1555 ἠ
3483 1497 3657 1556 ἐντολὴ
3711 1497 3889 1556 ἐκείνη

2270 1589 2326 1636 τό
2379 1590 2447 1657 μὴ
2486 1584 2773 1657 ἀμύνεσθαι
2815 1585 3141 1655 εἰσηγήσατο
3183 1583 3277 1638 διά
3327 1588 3414 1646 τὰς
3467 1585 3690 1640 ἐντεῦθεν
3753 1591 3896 1640 στά-

2278 1692 2419 1735 σεις’
2455 1681 2544 1727 καὶ
2582 1683 2668 1726 νῦν
2715 1672 2773 1727 δὲ
2817 1677 2842 1726 ό
2891 1678 3120 1747 Χριστός
3164 1675 3255 1727 οὐκ
3308 1677 3540 1748 ἠμύνατο
3589 1681 3673 1730 τόν
3717 1679 3896 1752 ῥαπί-

506 1785 699 1841 neque
728 1768 988 1824 Christus
1018 1784 1153 1823 eum
1184 1768 1339 1824 ultus
1371 1774 1474 1834 est,
1504 1771 1607 1842 qui
1631 1769 1871 1841 alapam
1903 1769 2162 1841 impege-

2280 1785 2440 1817 σαντα
2470 1783 2481 1794 ·
2551 1765 2740 1836 μᾶλλον
2821 1767 2908 1833 μὲν
2979 1761 3086 1830 οὖν,
3143 1769 3212 1825 μὴ
3271 1769 3645 1839 παρωσάμενος
3699 1768 3887 1831 αὐτόν,

503 1863 616 1922 rat,
655 1858 796 1926 quin
828 1859 1041 1929 potius,
1070 1875 1208 1913 cum
1257 1858 1423 1914 illum
1464 1875 1586 1914 non
1630 1858 1935 1932 repulerit,
1968 1875 2163 1930 neque

505 1947 634 2019 ipse
673 1947 960 2008 resilierit,
994 1947 1071 2002 ad
1095 1947 1242 2002 alias
1261 1964 1497 2020 quoque
1517 1948 1729 2019 plagas
1751 1954 1995 2019 paratus
2023 1953 2160 2018 erat,

508 2036 614 2092 sed
647 2041 842 2108 partes
871 2052 1011 2091 suas
1035 2036 1319 2101 defendit,
1347 2053 1416 2092 ne
1440 2038 1748 2108 quomodo
1777 2037 1822 2092 si
1863 2038 2162 2103 tacuisset,

506 2131 830 2181 contumax
877 2125 1192 2191 videretur,
1223 2126 1298 2181 de
1355 2143 1477 2198 quo
1520 2127 1701 2182 etiam
1742 2127 2160 2182 accusabatur.

577 2218 740 2270 Vers.
803 2216 890 2269 24.
964 2216 1124 2270 Misit
1174 2247 1241 2256 ——
1299 2217 1457 2272 Vers.
1514 2216 1601 2271 27.
1653 2216 1876 2272 Petrus.
1916 2219 2166 2287 Sexage-

507 2304 659 2359 simo
699 2304 908 2375 quinto
937 2304 1239 2374 Evangelii
1279 2306 1450 2375 juxta
1491 2306 1832 2362 lt-latthaeum
1865 2305 2057 2377 capite
2090 2305 2164 2359 de

504 2393 597 2449 his
667 2393 974 2463 diligenter
1027 2393 1389 2465 disputatum
1438 2400 1542 2459 est,
1600 2395 1703 2450 ubi
1737 2395 2028 2450 habetur:
2085 2396 2163 2449 Et

505 2486 795 2554 ingressus
819 2485 978 2539 intro
1008 2484 1234 2540 sedebat
1261 2500 1392 2539 cum
1415 2485 1728 2550 ministris,
1756 2490 1818 2539 ut
1849 2485 2075 2541 videret
2091 2485 2164 2554 ﬁ-

504 2589 636 2630 nem
665 2575 732 2625 5‘.

579 2663 742 2718 Vers.
785 2663 872 2717 27.
906 2663 1233 2735 Statimque
1267 2663 1465 2735 gallus
1492 2663 1715 2720 cecinit.
1755 2666 1958 2730 Quaere
1990 2679 2160 2720 sexa-

506 2754 735 2824 gesimo
763 2758 926 2808 sexto
952 2753 1088 2808 dicti
1122 2754 1501 2823 evangelistee
1533 2755 1726 2824 capite
1756 2754 1857 2809 ubi
1893 2753 2161 2810 similiter

505 2843 721 2897 dicitur
761 2866 772 2896 :
830 2843 1150 2915 Statimque
1186 2843 1372 2914 gallus
1414 2845 1625 2900 cecinit
1675 2846 1721 2879 ⁸⁵
1753 2860 1764 2910 ;
1793 2861 1932 2899 nam
1977 2843 2057 2899 ibi
2085 2844 2159 2899 de

502 2932 618 2987 hoc
646 2931 953 2988 manifeste
977 2933 1196 2988 dictum
1230 2938 1335 2988 est.

577 3023 732 3077 Vers.
767 3026 854 3077 28.
881 3025 1114 3077 Ducunt
1137 3055 1205 3062 —
1225 3023 1469 3078 Pascha.
1497 3026 1718 3078 Horum
1744 3039 1975 3094 quoque
2004 3021 2161 3079 facta

504 3116 595 3166 est
627 3112 848 3166 mentio
880 3111 938 3167 in
970 3111 1086 3167 ﬁne
1131 3113 1521 3184 praecedentis
1570 3112 1649 3167 ibi
1683 3113 1911 3183 capitis,
1947 3112 2046 3166 ubi
2077 3112 2161 3166 di-

506 3201 654 3256 citur
684 3221 696 3257 :
724 3202 901 3257 Mane
939 3208 1133 3259 autem
1159 3205 1316 3272 [acto
1334 3203 1647 3258 consilium
1672 3203 1935 3258 inierunt
1965 3218 2162 3258 omnes

502 3291 806 3359 principes
837 3291 1205 3346 sacerdotum
1249 3307 1319 3347 ac
1374 3291 1622 3348 seniores
1649 3291 1859 3362 populi
1889 3292 2161 3348 adversus

505 3381 724 3448 Jesum,
759 3387 822 3435 ut
859 3395 986 3435 eum
1025 3381 1202 3436 morti
1226 3381 1528 3437 traderent
1558 3384 1626 3434 ⁸6.

579 3470 740 3524 Vers.
765 3474 851 3524 29.
868 3471 1070 3526 Exivit
1084 3501 1149 3510 —
1170 3473 1325 3525 Vers.
1352 3473 1439 3526 31.
1455 3487 1606 3526 eum.
1637 3474 1767 3526 Haec
1784 3486 2024 3543 quoque
2039 3487 2163 3526 om-

505 3557 601 3612 nia
640 3559 720 3613 ibi
752 3559 1057 3614 declarata
1081 3565 1217 3614 sunt
1243 3559 1742 3632 sequenticapite,
1777 3560 1871 3615 ubi
1899 3561 2162 3632 positum

507 3653 593 3702 est
614 3650 840 3703 :Jesum
861 3655 1056 3704 autem
1071 3650 1229 3724 stetit
1243 3666 1436 3704 coram
1452 3650 1704 3718 praeside
1716 3652 1762 3685 9"
1777 3669 1794 3720 ;
1810 3649 1939 3719 lege
1953 3664 2094 3718 ergo
2108 3655 2163 3706 et

507 3735 626 3790 illa.
652 3737 767 3792 Sed
793 3737 1277 3808 quomodo,cum
1302 3737 1653 3793 dicanteum
1669 3755 1796 3794 esse
1822 3739 2160 3794 malefacto-

505 3840 650 3889 rem,
684 3825 876 3880 tacet?
902 3825 1049 3889 Quia
1066 3824 1134 3880 de
1158 3825 1269 3882 hoc
1292 3825 1905 3898 noninterrogabatur
1926 3845 1939 3894 ;
1960 3828 2162 3900 itaque

506 3912 790 3984 patienter
822 3913 1089 3970 sustinet.

579 4002 740 4058 Vers.
767 4007 857 4060 31.
887 4004 1657 4077 Dixerunt—quemquam.
1675 4007 1856 4062 Cruce
1872 4007 2162 4063 videlicet.

508 4091 631 4145 Hoc
674 4097 874 4147 autem
927 4092 1224 4159 dixerunt,
1267 4110 1388 4150 non
1424 4100 1654 4150 tantum
1694 4096 1866 4168 quasi
1912 4096 2166 4168 subjecti

506 4179 777 4235 dominio
800 4183 1219 4247 Romanorum,
1242 4189 1297 4238 et
1327 4185 1570 4255 propria
1592 4184 1806 4256 privati
1829 4191 2119 4256 potestate
2150 4202 2162 4241 :

506 4275 795 4341 quantum
849 4271 1115 4326 volentes
1148 4272 1440 4327 Christum
1494 4289 1668 4330 cruce
1707 4274 1922 4341 occidi,
1967 4275 2167 4330 miser-

507 4359 653 4415 rima
685 4359 906 4415 scilicet
932 4376 998 4415 ac
1027 4358 1599 4428 ignominiosissima
1635 4369 1844 4431 morte,
1876 4364 2041 4436 quod
2073 4365 2167 4420 lex

506 4448 590 4502 eis
616 4463 737 4502 non
769 4448 1162 4519 permittebat.
1195 4453 1343 4506 Nam
1373 4451 1537 4522 quod
1572 4452 1689 4508 alio
1711 4453 1894 4510 modo
1921 4454 2170 4526 perime-

505 4541 655 4603 rent,
685 4537 943 4594 ostendit
970 4539 1307 4611 Stephanus
1337 4539 1664 4612 lapidatus.

577 4716 738 4772 Vers.
773 4720 858 4772 32.
897 4719 967 4772 Ut
998 4727 1218 4775 —csset
1245 4721 1588 4777 moriturus.
1634 4723 1754 4779 Hoc
1775 4723 2071 4791 dixerunt,
2108 4729 2172 4780 ut

506 4821 699 4860 sermo
711 4805 738 4859 J
747 4823 849 4861 esu
863 4807 1278 4880 compleretur.
1310 4811 1716 4883 Complendus
1743 4813 1902 4869 enim
1917 4818 2063 4879 erat,
2081 4815 2173 4870 in—

505 4894 652 4967 quit,
671 4911 866 4951 sermo
879 4895 1216 4970 ejus,quem
1232 4898 1467 4956 locutus
1481 4901 1672 4957 fuerat
1687 4902 1889 4958 dicens
1907 4924 1919 4958 :
1934 4903 2180 4960 Siexal-

506 4989 589 5041 tat
599 5001 663 5040 us
674 4986 843 5054 fuero
857 5001 892 5042 a
906 4990 1288 5054 terra,omnes
1302 4990 1534 5046 traham
1549 4992 1631 5047 ad
1642 4993 1924 5062 meipsum
1943 4993 2180 5058 68;sicut

577 5129 623 5164 ⁶⁴
654 5129 855 5188 Matth.
881 5145 1043 5202 xxvx,
1086 5132 1173 5188 58.
1287 5134 1333 5169 ⁵⁵
1376 5133 1521 5190 ibid.
1548 5139 1634 5191 74.

1751 5138 1796 5172 ⁵⁸
1832 5137 2034 5192 Matth.
2068 5153 2244 5205 xxvn,
2282 5141 2332 5194 1.

2275 1851 2406 1927 μηδ’
2438 1851 2813 1923 ἀποπηδήσας,
2854 1855 3053 1926 ἕτοιμος
3110 1851 3171 1912 ἧν
3210 1859 3298 1907 καὶ
3352 1859 3484 1929 πρός
3519 1856 3691 1928 ἐτέρας
3738 1857 3891 1916 πλη-

2272 1945 2389 2012 γάς.
2419 1940 2922 2014 Ἐδικαιολογὴσατο
2949 1941 3005 1996 δὲ
3038 1945 3121 1996 ἱνα
3144 1947 3215 2017 μὴ
3253 1963 3526 2006 σιωπησας
3557 1942 3687 2019 δόξῃ
3720 1947 3892 2000 αὐθά-

2274 2028 2388 2098 δης,
2424 2032 2448 2084 ὃ
2479 2037 2568 2084 καὶ
2599 2031 2840 2106 ᾐτιάθη]

2345 2210 2670 2264 Ἀπέστειλεν
2722 2241 2786 2251 -
2838 2215 3048 2283 Πέτρος.
3102 2210 3182 2265 Ἐν
3230 2220 3301 2283 τῷ
3347 2211 3610 2286 ἑξηκοστῳ
3661 2219 3888 2286 πέμπτῳ

2271 2299 2529 2372 κεφαλαίῳ
2571 2307 2664 2352 τοῦ
2713 2303 2847 2352 κατά
2894 2303 3161 2354 Ματθαῐον
3209 2301 3594 2375 ὴκριϐολογήθη
3630 2304 3742 2377 (30)
3793 2311 3889 2358 καὶ

2271 2395 2388 2463 περὶ
2411 2393 2624 2459 τούτων,
2659 2393 2778 2442 ἔνθα
2803 2399 2972 2443 κεῖται
2991 2395 3046 2443 τό
3073 2409 3084 2420 ·
3114 2396 3214 2444 Καὶ
3236 2391 3476 2445 εἰσελθὼν
3504 2395 3606 2446 ἔσω
3627 2392 3885 2467 [ἐκάθητο

2270 2482 2398 2553 μετά
2423 2489 2522 2531 τῶν
2550 2481 2816 2554 ὑπηρετῶν
2851 2477 2979 2534 ἰδεῖν
3007 2483 3063 2533 τό
3095 2480 3286 2556 τέλος.]

2343 2665 2443 2713 Καὶ
2483 2661 2662 2721 εὐθέως
2693 2660 2914 2735 ἀλέκτωρ
2948 2660 3194 2734 ἐφώνησε.
3231 2661 3494 2736 [Ζήτησον
3525 2661 3573 2714 ἓν
3601 2671 3671 2735 τῷ
3699 2662 3883 2726 ἐξηκο-

2272 2760 2385 2820 στῶ¹
2401 2753 2529 2823 ἕκτῳ
2569 2751 2824 2824 κεφαλαίῳ
2845 2759 2935 2804 τοῦ
2964 2753 3205 2826 ῥηθέντος
3237 2752 3608 2824 εὐαγγελιστοῦ
3642 2758 3699 2805 τό
3724 2773 3736 2785 ·
3777 2759 3882 2807 Καὶ

2271 2841 2451 2901 εὐθέως
2479 2840 2704 2915 ἀλέκτωρ
2739 2840 3012 2913 ἐφώνησεν.
3047 2843 3190 2896 Ἐκεῖ
3229 2845 3330 2916 ’γὰρ
3377 2841 3567 2917 ἐρρήθη
3600 2848 3718 2916 περὶ
3756 2846 3879 2895 τού-

2268 2950 2359 2983 του
2395 2931 2615 3005 σαφῶς]

2343 3020 2596 3092 Ἀγουσιν
2621 3052 2686 3064 -ι
2706 3023 2923 3092 Πάσχα.
2951 3020 3436 3092 Ἐμνημονεύθησαν
3458 3022 3573 3093 (31)
3599 3027 3688 3075 καὶ
3709 3030 3881 3075 ταῦτα

2200 3151 2239 3206 C
2273 3108 2321 3162 ἐν
2350 3120 2421 3181 τῷ
2449 3110 2576 3163 τέλει
2611 3119 2700 3163 τοῦ
2730 3107 3049 3171 δηλωθεντος
3074 3110 3374 3183 κεφαλαίου,
3403 3112 3530 3164 ὅπου
3555 3117 3632 3164 τό·
3671 3116 3883 3185 Πρωῐας

2277 3197 2334 3252 δὲ
2359 3205 2647 3272 γενομένης,
2680 3199 2992 3272 συμϐούλιον
3014 3199 3190 3252 ἔλαϐον
3217 3203 3396 3261 πάντες
3418 3203 3466 3252 οἱ
3497 3199 3760 3276 ἀρχιερεῖς
3787 3208 3881 3255 καὶ

2273 3292 2320 3342 οἱ
2350 3289 2690 3364 πρεσϐύτεροι
2732 3299 2820 3342 τοῦ
2851 3289 2976 3342 λαοῦ
3009 3292 3144 3342 κατὰ
3189 3297 3281 3342 τοῦ
3313 3291 3511 3356 Ἰησοῦ,
3557 3294 3688 3343 ὥστε
3726 3294 3880 3344 θανα-

2272 3379 2439 3431 τῶσαι
2466 3379 2640 3433 αὐτόν.

2342 3469 2581 3532 Ἐξῆλθεν
2635 3501 2697 3508 —
2741 3469 2915 3524 αὐτόν.
3007 3474 3103 3522 Καὶ
3167 3475 3332 3520 ταῦτα
3405 3470 3575 3520 πάντα
3647 3465 3881 3542 διηρμη-

2271 3561 2527 3616 νεύθησαν
2559 3558 2680 3624 ἐκεῖ,
2719 3557 2765 3609 ἐν
2800 3568 2868 3628 τῷ
2906 3557 3078 3630 ἐφεξῆς
3123 3559 3400 3631 κεφαλαίῳ,
3445 3561 3566 3611 ἔνθα
3602 3565 3676 3612 τό.
3709 3559 3769 3612 Ὀ
3819 3556 3880 3612 δὲ

2274 3649 2480 3709 Ἰησοῦς
2511 3651 2634 3705 ἔστη
2669 3649 2957 3721 ἔμπροσθεν
2988 3655 3079 3699 τοῦ
3111 3649 3373 3719 ἡγεμόνος.
3414 3648 3727 3719 [Ἀνάγνωθι
3760 3649 3879 3719 (32)

2273 3735 2359 3789 οὖν
2399 3735 2630 3792 κάκεῖνα,
2675 3736 2831 3788 Ἀλλά
2862 3745 2986 3802 ποῦς,
3023 3737 3264 3789 εἰπόντων
3295 3739 3376 3789 ὅτι
3414 3742 3698 3801 κακοποιὸς
3743 3739 3876 3803 ἐστι,

2276 3834 2444 3898 air/03;
2489 3831 2629 3879 Διότι
2682 3826 2774 3878 οὐκ
2823 3826 3068 3900 ἠρωτήθη
3142 3832 3259 3900 περὶ
3313 3830 3516 3880 τούτου.
3563 3827 3882 3891 Ἀνεξικακεῖ

2275 3913 2406 3987 cum]

2349 4003 2502 4059 Εἶπον
2560 4038 2626 4045 —
2675 4003 2881 4060 οὐδένα.
2950 4014 3162 4080 Σταυρῷ
3227 4007 3337 4080 (33)
3404 4003 3666 4064 δηλονότι.
3718 4013 3881 4059 Τοῦτο

2275 4098 2375 4169 γὰρ
2433 4093 2571 4148 εἶπον
2643 4096 2700 4147 οὐ
2773 4103 3019 4148 τοσοῦτον
3085 4098 3154 4158 ῶς
3214 4101 3438 4168 κείμενοι
3489 4097 3589 4148 ὑπὸ
3647 4100 3739 4154 τὴν
3798 4093 3881 4148 δε-

2281 4191 2525 4238 σποτείαν
2577 4194 2676 4236 τῶν
2727 4185 2990 4256 Ῥωμαίων
3039 4190 3126 4237 καὶ
3177 4183 3497 4260 ἀφῃρημένοι
3549 4189 3640 4244 τὴν
3689 4185 3880 4236 οἰκείαν

2277 4274 2535 4341 ἐξουσίαν,
2580 4277 2700 4326 ὅσον
2749 4277 2813 4335 ὡς
2864 4273 3168 4346 βουλόμενοι
3200 4277 3316 4346 (34)
3361 4282 3569 4350 σταυρῷ
3609 4278 3695 4326 τὸν
3743 4281 3882 4348 Χρι-

2279 4369 2400 4417 στόν
2459 4364 2810 4438 ἀναιρεθῆναι,
2856 4373 2928 4435 τῷ
2976 4364 3332 4436 χαλεπωτάτῳ
3400 4370 3488 4417 καὶ
3542 4360 3879 4434 ἐπονειδίστῳ

2281 4457 2501 4525 θανάτῳ,
2567 4456 2687 4528 ὅπερ
2749 4455 2773 4506 ό
2829 4459 2983 4526 νόμος
3033 4454 3126 4506 οὐκ
3187 4453 3455 4529 ἐπέτρεπεν
3511 4453 3708 4516 αὐτοῖς.
3767 4451 3884 4505 Ὀτι

2277 4547 2378 4618 γὰρ
2442 4544 2621 4619 ἑτέρως
2680 4543 2900 4617 ἀνῄρουν
2959 4541 3223 4596 δείκνυσιν
3299 4545 3324 4596 ὁ
3380 4547 3627 4617 στέφανος
3677 4542 3884 4606 λιθαζό⁹

2279 4653 2448 4707 μενος.

2350 4721 2460 4776 Ἵνα
2516 4755 2577 4762 -
2658 4721 2853 4795 ἔμελλεν
2931 4721 3301 4780 ἀποθνήσκειν.
3360 4729 3524 4775 Τοῦτο
3598 4721 3736 4776 εἶπον
3805 4723 3888 4774 ἶνα

2282 4815 2306 4866 ό
2359 4813 2513 4885 λόγος
2559 4820 2648 4864 τοῦ
2704 4813 2880 4870 Ἰησοῦ
2934 4813 3206 4886 πληρωθῇ.
3265 4811 3483 4885 Ἔμελλε
3534 4815 3657 4885 γὰρ,
3706 4817 3888 4885 φησιν,

2289 4906 2314 4956 ό
2379 4903 2530 4976 λόγος
2609 4903 2768 4954 αὑτοῦ
2826 4901 3182 4975 πληρωθῆναι,
3251 4901 3304 4952 ὃν
3373 4899 3499 4970 εἶπε,
3553 4899 3751 4973 λέγων·
3812 4903 3888 4954 ὅτι

2287 4996 2403 5047 Ἐὰν
2483 4993 2676 5064 ὑψωθῶ
2753 4991 2806 5043 ἐκ
2860 5001 2948 5054 τῆς
3026 4998 3146 5063 γῆς,
3215 4992 3409 5051 πάντας
3507 4990 3703 5044 ἑλκύσω
3767 4995 3895 5068 πρὸς

2448 5140 2492 5174 ⁸⁷
2528 5137 2666 5193 ibid.
2702 5138 2792 5194 11.
2910 5137 2958 5173 ⁸⁸
2998 5137 3170 5192 Joan.
3205 5152 3301 5206 xu,
3333 5133 3427 5191 32.

1705 5316 1931 5385 Variae
1976 5316 2310 5387 lectiones
2359 5329 2420 5386 et
2477 5325 2681 5386 nota.

600 5514 690 5578 28)
723 5513 902 5564 Πᾶσαν
951 5508 1215 5562 κωλύοντα
1240 5511 1306 5568 Α.
1341 5511 1346 5530 ⁷

600 5515 690 5578 28)
723 5515 902 5564 Πᾶσαν
951 5515 1215 5562 κωλύοντα
1240 5515 1306 5568 Α.

577 5515 689 5657 ίὶθ)
728 5580 963 5657 Inclusa
995 5581 1211 5636 absunt
1240 5585 1306 5657 Α.

578 5587 669 5657 ('29
728 5587 963 5636 Inclusa
995 5587 1211 5636 absunt
1240 5587 1274 5635 Α

575 5587 690 5723 (3οξ
717 5651 1162 5724 mmmam“,
1194 5655 1274 5708 ΑΟ,

574 5731 685 5801 (31)
722 5723 1189 5797 Εμνημονεύθησαν
1217 5724 1264 5776 ἐν
1297 5734 1361 5798 τῷ
1389 5726 1516 5779 τέλει
1555 5735 1647 5780 τοῦ
1689 5723 1942 5785 δηλωθέν-

2277 5536 2361 5578 τος
2384 5516 2684 5588 κεφαλαίου,
2719 5515 2954 5588 caeteris
2979 5512 3248 5582 omissis,
3292 5513 3367 5569 A.

2346 5586 2457 5658 (32)
2504 5588 2734 5643 inclusa
2769 5586 2985 5643 omittit
3016 5588 3096 5643 A.

2350 5660 2461 5724 (33)
2501 5667 2808 5732 Στανρῶσαι
2831 5661 2898 5712 Α.

2350 5731 2460 5802 (34)
2504 5731 2811 5806 Σταυρῶσαι
2837 5731 2900 5784 Α.
