4108 6400
209 386 341 442 1461

1229 371 1594 432 COMMENT.
1637 372 1708 427 ΙΝ
1745 368 2090 427 JOANNEM.
2129 401 2195 410 —
2226 369 2380 425 CAP.
2426 370 2575 425 XIX.

3445 372 3584 428 1462

210 511 456 586 ἔμαυτὸν,
495 512 564 574 ὡς
593 516 682 564 καὶ
731 507 834 562 ἐκεῖ
871 508 896 560 6
941 502 1306 576 εὐαγγελιστὴς
1343 505 1812 574 παρεσημειωσατο

1940 501 2108 557 etiam
2126 500 2208 558 ibi
2236 502 2593 575 signiﬁcavit
2615 502 2998 573 evangelista,
3015 501 3264 569 addens,
3282 503 3449 576 quod
3474 503 3582 561 hoc

209 609 329 678 rupi
358 605 565 666 τούτου,
599 599 868 672 [προσθεὶς
916 597 1026 667 (35)
1059 596 1139 646 ὅτι
1170 601 1322 644 τοῦτο
1373 591 1507 661 ὓεγε
1551 595 1814 661 σημαίνων

210 712 343 764 ποιῳ
388 693 586 762 θανατῳ
625 688 820 761 ἔμελλεν
871 685 1236 746 ἀποθνήσκειν,
1286 685 1547 733 τουτέστιν
1589 680 1814 731 αἰνιττό-

210 802 362 854 μενος
385 785 473 834 τὸν
503 777 774 852 σταυρόν.]

282 871 534 932 Εἰσῆλθεν
595 901 659 909 -—
713 868 844 940 ἐμοί.
900 866 1001 936 [Ἐν
1055 862 1224 934 ἐκείνῳ
1280 863 1506 934 (36)τῴ
1560 857 1813 931 κεφαλαίῳ

208 962 430 1025 καθεξῆς
463 963 702 1034 εὑρήσεις
731 961 821 1010 καὶ
848 960 965 1028 περὶ
993 956 1209 1017 τούτων,
1243 954 1290 1004 ἐν
1335 959 1394 1023 τῇ
1426 949 1673 1021 ἐξηγήσει
1702 958 1810 1000 του·

213 1058 315 1107 Καὶ
342 1051 674 1124 ἐπηρώτησεν
720 1048 874 1099 αὑτὸν
919 1047 943 1096 6
971 1045 1171 1115 ἡγεμὼν
1210 1042 1389 1113 λέγων·
1425 1044 1490 1092 Σὺ
1520 1038 1613 1092 εἷό
1647 1037 1814 1112 βασι-

206 1141 320 1202 λεὺς
350 1149 448 1194 τῶν
477 1135 744 1192 Ἰουδαίων
762 1138 801 1208 ;]

282 1236 438 1283 Τί-
469 1229 585 1301 ἐγώ.
616 1228 754 1279 Ἐκεῖ
788 1230 877 1277 καὶ¹
915 1231 1082 1276 ταῦτα
1125 1225 1481 1290 τετυχήκασιν
1523 1217 1816 1290 ἐξηγήσεως

209 1320 520 1379 ἀκολούθως.

284 1411 417 1481 Ἐγὼ
457 1438 522 1447 —
575 1403 1228 1477 ἀληθείᾳ.Ἐρωτήσαν;-ος
1269 1398 1316 1450 ἐν
1375 1397 1516 1472 ἀρχῇ
1568 1404 1659 1449 του
1721 1404 1816 1449 Πι-

208 1501 390 1565 λάτου,
449 1501 513 1550 Σὺ
573 1495 617 1548 εἰ
670 1496 693 1546 6
755 1493 998 1566 βασιλεὺς
1065 1499 1162 1542 τῶν
1216 1484 1508 1553 Ἰουδαίων,
1565 1492 1652 1539 καὶ
1691 1486 1816 1538 απο-

210 1591 478 1660 κριθέντος
537 1595 626 1638 του
681 1588 872 1658 Κυρίου
935 1585 1010 1634 ὅτι
1061 1580 1117 1632 ’11
1169 1577 1415 1652 βασιλεία
1476 1579 1502 1635 ή
1572 1576 1665 1641 ἐμὴ
1723 1577 1815 1628 οὐκ

211 1681 354 1730 ἔστιν
425 1676 478 1728 ἐκ
559 1684 650 1726 τοῦ
701 1679 900 1744 κόσμου
960 1675 1166 1734 τούτου,
1231 1673 1318 1719 καὶ
1382 1666 1605 1740 βασιλέα
1656 1666 1816 1718 ἐντεῦ-

211 1770 297 1820 θεν
347 1769 699 1837 ὑποφήναντος
754 1763 953 1828 ἑαυτὸν,
1002 1761 1044 1812 εἰ
1088 1764 1177 1810 καὶ
1234 1764 1302 1829 μή
1362 1756 1582 1826 ἐπίγειον
1616 1773 1626 1784 '
1663 1755 1815 1808 πάλιν

208 1856 546 1930 ἐπηρώτησεν
618 1855 643 1905 6
709 1853 945 1915 Πιλᾶτος,
1022 1848 1222 1901 Οὐκοῦν
1302 1845 1551 1919 βασιλεὺς
1606 1842 1651 1898 εἷ
1706 1848 1812 1911 σύ;

207 1951 298 1999 καὶ
350 1945 525 1998 λοιπόν
580 1943 971 2016 προσαπεκρίθη
1038 1941 1117 1990 ὅτι
1191 1940 1348 1990 ἐστίν,
1408 1933 1532 1988 Εἶτα
1590 1933 1814 2007 βεϐαιῶν

207 2039 286 2088 ὅτι
331 2034 586 2099 ἀληθεύει,
634 2036 786 2105 φησί.
823 2032 917 2083 Διά
947 2037 1095 2080 τοῦτο
1141 2031 1469 2098 γεγέννημαι,
1517 2021 1609 2075 διὰ
1664 2031 1814 2075 τοῦτο

207 2124 586 2200 ἐνηνθρὼπησα
614 2126 704 2173 καὶ
736 2118 888 2179 ἦλθον
922 2118 992 2179 εἰς
1019 2120 1103 2169 τὸν
1135 2121 1328 2187 κόσμον
1360 2122 1539 2166 τοῦτον
1570 2113 1672 2184 [ἵνα
1701 2112 1810 2182 (37)

209 2211 416 2277 διδάξω
443 2218 536 2271 τήν
569 2211 830 2269 ἀλήθειαν.
863 2207 1062 2281 ’Ὥσπερ
1096 2202 1181 2258 οὖν
1210 2205 1442 2262 ἀληθεύω
1471 2203 1646 2273 τᾶλλα⁵
1678 2203 1811 2254 οὕτω

210 2303 278 2362 δή
315 2309 402 2356 καὶ
433 2311 600 2355 τοῦτο.

280 2393 348 2446 Ἥ
407 2393 495 2453 Εἰς
543 2399 695 2443 τοῦτο
751 2392 1084 2459 γεγέννημαι,
1140 2383 1252 2436 ἀντὶ
1304 2391 1394 2434 του
1447 2381 1694 2440 Βασιλεὺς
1746 2386 1810 2432 ὤν

207 2484 277 2544 εἰς
315 2486 371 2536 τό
401 2480 695 2555 βασιλεύειν
729 2477 1122 2549 ἐνηνθρωπησα,
1154 2478 1243 2525 καὶ
1269 2470 1361 2524 διὰ
1387 2480 1538 2524 τοῦτο
1563 2470 1714 2530 ἦλθον
1743 2471 1814 2534 εἰς

207 2575 295 2623 τόν
326 2576 522 2643 κόσμον
563 2572 644 2620 ἵνα
687 2564 891 2628 διδάξω
940 2571 1031 2622 τήν
1065 2563 1326 2631 ἀλήθειαν,
1363 2565 1436 2614 ὅτι
1471 2560 1714 2633 βασιλεὺς
1747 2567 1811 2613 ὤν

209 2659 382 2723 ἀίδιος
413 2661 790 2734 ἐνηνθρωπησα
818 2656 888 2718 εἰς
923 2659 979 2707 τό
1010 2652 1302 2726 βασιλεύειν
1336 2661 1434 2702 τῶν
1468 2656 1813 2703 πιστευόντων

205 2751 273 2811 εἰς
302 2749 434 2823 ἐμέ.]

283 2847 389 2902 [Ιᾰς
436 2871 501 2881 —
534 2845 722 2910 φωνῆς.
769 2842 873 2895 ua;
919 2835 943 2884 6
993 2836 1058 2882 ὤν
1100 2829 1152 2882 ἐκ
1182 2838 1270 2889 τῆς
1298 2827 1562 2894 ἀληθείας,
1595 2830 1619 2879 6
1657 2836 1812 2900 φιλῶν

215 2935 306 2988 τήν
352 2928 593 2987 ἀλήθειαν
636 2927 866 2978 πείθεταί
897 2942 995 2995 μου
1038 2919 1296 2991 τῷλόγῳ,
1344 2921 1578 2970 πιστεύει
1620 2938 1718 2990 μου
1749 2927 1807 2991 τῇ

210 3017 244 3073 δ
251 3016 304 3072 ιδ
309 3018 555 3090 ασκαλία.

283 3113 434 3177 Λέγει
513 3139 580 3146 -
662 3103 910 3168 ἀληθείας

989 3102 1181 3152 Μαθεῖν
1260 3096 1571 3170 βουλόμενος
1650 3094 1812 3170 ἐρωτᾷ

207 3205 268 3252 Τί
299 3199 439 3252 ἐστιν
486 3195 723 3261 ἀλήθεια,
783 3189 811 3250 ἧ
847 3197 1144 3265 μαρτυρεῖς,
1189 3187 1248 3245 ἢν
1292 3183 1614 3246 διδάσκεις·
1659 3189 1810 3246 Γνοὺς

569 3248 578 3252 -
710 3248 931 3265 ,.,,
1019 3249 1026 3263 ,
1112 3248 1142 3258 ,,

209 3287 267 3343 δε
298 3292 376 3341 ὅτι
409 3294 594 3359 καιροῦ
627 3281 794 3337 δεῖται
839 3286 896 3333 τὸ
939 3282 1184 3354 ἐρώτημα
1217 3282 1364 3352 πρός,
1408 3281 1464 3328 τό
1510 3285 1807 3348 κατεπεῖγον
1840 3248 1879 3302 C

209 3381 436 3439 ἵσταται,
475 3379 557 3426 καὶ
587 3375 774 3426 αὐτίκα
803 3370 1010 3434 ἐξελθὼν
1035 3364 1328 3427 σπουδάζει
1352 3375 1529 3418 τουτον
1554 3365 1808 3429 ἐξελέσθαι

205 3477 298 3529 τῆς
325 3477 423 3520 τῶν
453 3460 720 3519 Ἰουδαίων
749 3463 932 3534 ὁρμῆς.
956 3459 1092 3534 ”Ορα
1110 3461 1234 3531 γάρ,

275 3652 376 3700 Καὶ
401 3676 469 3686 ——
494 3643 655 3714 αὐτῷ.
684 3643 768 3696 Ἑν
815 3649 886 3710 τῷ
943 3635 1331 3711 προδηλωθέντι
1366 3634 1624 3708 κεφαλαίῳ
1657 3637 1806 3689 πάλιν

199 3736 458 3808 ἀνάγνωθι
489 3739 580 3792 τὴν
615 3732 865 3802 ἐξήγησιν
896 3736 986 3780 τοῦ
1021 3746 1032 3756 ⁸
1081 3731 1177 3780 Καὶ
1219 3729 1550 3800 ἐπηρώτησεν
1596 3726 1749 3778 αὐτόν
1781 3730 1804 3778 6

199 3829 404 3898 ἡγεμὼν
441 3823 624 3898 [λέγων
661 3823 772 3892 (38)
804 3839 814 3850 ·
843 3823 908 3871 Σὺ
942 3817 985 3871 εἷ
1017 3820 1040 3870 6
1075 3816 1318 3890 βασιλεὺς
1363 3824 1460 3867 τῶν
1494 3815 1800 3882 Ἰουὸαίωνς

197 3915 247 3967 ἐν
279 3917 306 3973 ἦ
341 3920 430 3966 καὶ
458 3915 594 3987 ρητά
633 3918 723 3963 του
769 3914 955 3963 Λουκᾱ
985 3907 1456 3979 ἐμνημονεύθησαν,
1502 3903 1587 3976 ἀφ’
1617 3907 1684 3956 ὧν
1715 3913 1802 3959 καὶ

194 4008 252 4058 τό
283 4008 448 4077 παρὸν
483 3996 942 4072 διαγινώσκεται.]

270 4094 428 4150 Ἐστι
453 4123 522 4134 --
551 4087 858 4151 Ἰουὸαίων;
895 4091 1131 4144 Ζήτησον
1164 4083 1210 4135 ἐν
1243 4083 1382 4152 αὐτῷ
1416 4088 1474 4135 τό
1507 4103 1518 4116 ο
1568 4087 1708 4136 Κατὰ
1743 4083 1800 4138 δὲ

195 4185 376 4256 ἑορτήν
404 4183 572 4235 εἰώθει
617 4181 641 4231 6
686 4181 891 4250 ἡγεμὼν
938 4173 1198 4246 [amicam
1239 4174 1349 4243 (39)
1402 4174 1485 4225 ἕνα
1538 4182 1608 4244 τῷ
1657 4173 1798 4246 οχλῳ

195 4271 434 4345 δέσμιον,
485 4270 537 4322 ὃν
570 4268 768 4328 ηθελον.
819 4266 955 4319 Ἐκεῖ
994 4267 1094 4337 γὰρ
1139 4262 1327 4337 ὲῤῥήθη
1377 4268 1464 4314 καὶ
1520 4268 1636 4337 περὶ
1678 4266 1800 4315 τού-

192 4362 335 4435 του.]

266 4454 634 4525 Ἐκραύγασαν
674 4479 742 4490 -
789 4447 995 4520 λῃστής.
1035 4445 1144 4515 [Ἐν
1185 4441 1355 4514 ἐκείνῳ
1389 4442 1500 4512 (40)
1538 4451 1609 4513 τῲ
1641 4463 1796 4516 κεφα-

191 4544 322 4614 λαίῳ
353 4547 513 4614 φησὶν
545 4542 569 4591 6
601 4541 868 4597 Ματθαῖος
898 4556 910 4567 ·
955 4537 1021 4587 Oi
1053 4531 1111 4586 δὲ
1153 4531 1416 4607 ἀρχιερεῖς
1446 4538 1529 4584 καὶ
1562 4537 1609 4585 οι
1640 4554 1798 4607 πρεσ-

192 4631 397 4705 ϐύτεροι
446 4633 652 4683 ἔπεισαν
689 4632 774 4680 τόν
808 4627 921 4697 (41)
972 4624 1149 4697 ὄχλον,
1207 4625 1287 4674 ἵνα
1344 4623 1658 4681 αἰτήσωνται
1711 4628 1795 4676 τὸν
1834 4607 1876 4660 D

194 4719 488 4794 Βαραϐϐᾶν,
535 4722 621 4771 τὸν
669 4715 728 4770 δὲ
777 4716 983 4773 Ἰησοῦν
1033 4712 1329 4766 ἀπολέσωσι
1363 4733 1373 4744 ·
1409 4718 1497 4766 καὶ
1542 4712 1797 4786 ἀνάγνωθι

192 4815 287 4869 τὴν
317 4808 566 4882 ἐξήγησιν
590 4804 800 4878 αὐτοῡ.]

263 4904 389 4952 Τότε
448 4930 516 4938 --
569 4899 897 4973 ῥαπίσματα.
963 4892 1046 4944 Ἐν
1123 4899 1194 4962 τῷ
1265 4895 1484 4964 τοιούτῳ
1537 4893 1795 4966 κεφαλαίῳ

196 4988 417 5052 καθεξῆς
465 4992 554 5040 καὶ
602 4993 767 5038 ταῦτα
808 4984 978 5036 πάντα
1033 4990 1168 5053 σαφῆ
1220 4987 1469 5052 γεγόνασι
1525 4986 1658 5035 κατὰ
1709 4984 1794 5035 λό-

267 5194 312 5228 ⁶⁹
352 5193 525 5249 Joan.
557 5206 662 5256 xu,
696 5193 783 5246 33.
911 5189 960 5224 ⁷ο
1000 5186 1203 5242 Matth.
1249 5203 1425 5244 xxvn.
1462 5191 1548 5242 tt.

1661 5190 1703 5224 τ¹
1739 5188 1880 5244 ibid.

1925 595 2172 660 dicebat,
2192 595 2528 666 signiﬁca-ns
2541 611 2656 666 qua
2673 603 2860 652 morte
2874 601 3020 652 esset
3037 595 3190 652 mori
3195 601 3366 650 turus
3380 596 3450 663 δε),
3469 594 3582 651 hoc

1925 689 2029 749 est,
2055 686 2421 758 aenigmatice
2445 690 2698 742 mortem
2727 685 3079 756 designans.

1998 869 2158 925 Vers.
2199 871 2283 924 33.
2329 869 2634 939 Ingressus
2666 899 2731 909 —
2769 869 2931 924 Vers.
2967 869 3054 924 35.
3089 867 3259 925 mihi.
3293 868 3459 925 Dicto
3490 884 3582 925 ca-

1925 956 2042 1027 pite
2083 958 2260 1014 etiam
2301 958 2374 1013 de
2412 958 2502 1012 his
2543 974 2648 1029 per
2687 958 2962 1014 ordinem
2993 957 3280 1025 invenies,
3316 959 3375 1014 in
3416 957 3577 1014 illius

1926 1046 2061 1101 dicti
2102 1047 2473 1102 enarratione
2517 1066 2528 1100 :
2561 1049 2641 1102 Et
2673 1047 3057 1116 interrogavit
3088 1063 3218 1104 eum
3243 1063 3460 1117 praeses
3496 1047 3583 1103 di-

1925 1152 2071 1200 cens,
2101 1138 2185 1191 Tu
2212 1152 2268 1191 es
2300 1153 2403 1192 rea:
2429 1137 2766 1192 Judaeorum
2807 1139 2854 1172 7°
2884 1137 2912 1191 ?

1997 1226 2166 1281 Vers.
2199 1227 2286 1280 35.
2324 1225 2477 1292 Quid
2515 1257 2583 1265 —
2612 1227 2774 1282 Vers.
2818 1226 2907 1281 37.
2943 1243 3059 1297 ego.
3104 1227 3192 1283 Ibi
3232 1226 3412 1283 etiam
3449 1226 3581 1284 haec

1925 1319 2360 1386 consequenter
2390 1315 2590 1370 sortita
2624 1319 2761 1370 sunt
2798 1317 3257 1375 enarrationem.

1996 1405 2162 1458 Vers.
2197 1408 2282 1459 37.
2314 1403 2439 1473 Ego
2470 1435 2537 1442 -—
2559 1404 2813 1459 veritati.
2850 1405 2992 1458 Cum
3019 1421 3054 1460 a
3086 1403 3376 1476 principio
3403 1404 3579 1462 inter-

1924 1498 2188 1563 rogasset
2211 1492 2454 1558 Pilatus,
2493 1494 2572 1547 Tu
2599 1509 2655 1550 es
2687 1509 2796 1549 rex
2815 1494 3166 1550 Judaeorum
3189 1496 3217 1548 ?
3247 1511 3316 1550 ac
3343 1511 3583 1567 respon-

1925 1583 2104 1637 disset
2123 1582 2690 1653 Dominus:Regnum
2706 1598 2898 1639 meum
2912 1600 3030 1639 non
3045 1591 3119 1639 est
3133 1600 3207 1640 ea:
3219 1583 3324 1640 hoc
3336 1585 3580 1650 mundo,

1926 1677 1978 1728 ct
2009 1673 2270 1743 seipsum
2302 1687 2502 1740 regem
2531 1671 2910 1739 ostendisset,
2945 1690 3295 1745 quanquam
3327 1690 3444 1729 non
3476 1679 3584 1729 ter-

1927 1779 2159 1826 renum,
2197 1778 2437 1816 rursum
2469 1761 2858 1830 interrogavit
2887 1762 3106 1818 Pilatus
3139 1780 3154 1816 :
3185 1763 3342 1818 Num
3372 1764 3584 1834 Itaque

1855 1887 1892 1939 Β
1926 1868 2034 1908 rex
2066 1867 2122 1908 es
2153 1859 2214 1907 tu
2253 1852 2280 1907 ‘?
2320 1868 2388 1907 ac
2428 1851 2707 1924 deinceps
2739 1868 2801 1907 se
2849 1853 3062 1908 iterum
3094 1869 3226 1908 esse
3257 1853 3580 1924 respondit.

1927 1941 2168 2006 Deinde,
2203 1939 2570 1997 conﬁrmans
2601 1959 2660 1996 se
2691 1957 2832 1997 vera
2862 1941 3041 2013 loqui,
3076 1941 3158 1998 ait
3197 1959 3209 1997 :
3264 1942 3581 2013 Propterea

1925 2036 2096 2086 natus
2143 2047 2299 2097 sum,
2330 2035 2646 2102 propterea
2677 2037 3020 2087 incarnatus
3054 2049 3205 2096 sum,
3249 2035 3305 2086 et
3332 2029 3471 2086 veni
3520 2030 3579 2086 in

1921 2121 2081 2176 hunc
2106 2119 2424 2184 mundum,
2449 2125 2511 2175 ut
2533 2119 2785 2174 doceam
2808 2121 3147 2177 veritatem.
3180 2121 3334 2178 Sicut
3352 2135 3493 2190 ergo
3516 2119 3578 2176 in

1922 2209 2147 2266 caeteris
2179 2224 2321 2265 vera
2353 2209 2584 2281 loquor,
2615 2209 2703 2266 ita
2741 2225 2878 2265 sane
2909 2215 2966 2266 et
2997 2210 3058 2265 in
3088 2210 3228 2267 hoc.

1994 2388 2095 2444 Vel
2125 2389 2220 2443 Ad
2252 2388 2358 2444 hoc
2386 2394 2559 2446 nat-us
2587 2405 2734 2452 sum,
2756 2389 2871 2444 hoc
2902 2392 3006 2453 est,
3038 2389 3185 2444 Cum
3211 2405 3311 2445 rex
3339 2389 3473 2455 sim,
3504 2389 3581 2446 ad

1923 2479 2300 2549 regnandum
2344 2479 2684 2534 incarnatus
2717 2495 2874 2542 sum,
2919 2483 2974 2534 et
3005 2483 3314 2549 prOpterea
3344 2479 3477 2535 veni
3520 2480 3580 2536 in

1925 2567 2236 2637 mundum,
2268 2573 2329 2624 ut
2359 2570 2605 2623 doceam
2633 2568 2960 2636 veritatem,
2983 2569 3148 2640 quod
3172 2585 3308 2624 cum
3336 2570 3448 2624 sim
3481 2585 3580 2626 rex

1926 2658 2347 2727 sempiternus,
2369 2658 2714 2714 incarnatus
2735 2675 2892 2722 sum,
2913 2661 2975 2713 ut
2996 2674 3174 2731 super
3190 2674 3292 2714 eos
3311 2674 3579 2729 regnem,

1927 2747 2028 2819 qui
2057 2746 2308 2802 credunt
2332 2747 2392 2801 in
2426 2764 2542 2802 me.

1998 2839 2157 2891 Vers.
2209 2841 2296 2891 37.
2353 2835 2552 2892 Omnis
2603 2866 2669 2877 -
2713 2852 2926 2894 vocem.
2986 2837 3192 2892 Omnis
3239 2838 3340 2909 qui
3379 2841 3468 2894 est
3510 2855 3582 2894 ex

1926 2926 2184 2991 veritate,
2217 2925 2324 2998 qui
2361 2931 2524 2982 amat
2553 2925 2848 2982 veritatem
2906 2944 2918 2978 :
2955 2926 3162 2983 obedit
3191 2928 3370 2983 verbo
3421 2944 3579 2997 meo,

1925 3015 2110 3072 credit
2141 3014 2422 3070 doctrinae
2456 3031 2623 3070 meae.

1999 3104 2158 3160 Vers.
2192 3108 2281 3160 38.
2314 3105 2415 3159 Ait
2437 3135 2506 3148 -
2524 3105 2740 3161 veritas
2766 3105 2793 3161 ‘?
2813 3105 3042 3160 Discere
3064 3104 3581 3175 cupiensinterro-

1923 3201 2024 3265 gat
2053 3212 2064 3251 :
2093 3195 2247 3263 Quid
2267 3203 2348 3251 est
2373 3197 2609 3261 veritas,
2635 3196 2729 3251 cui
2757 3199 2818 3250 tu
2852 3195 3258 3251 testimonium
3277 3195 3579 3265 perhibes,

1921 3302 2106 3359 quam
2135 3284 2315 3340 doces
2342 3286 2368 3340 ‘?
2395 3285 2596 3340 Sciens
2618 3289 2835 3351 autem,
2859 3285 3023 3356 quod
3052 3301 3222 3340 mora
3246 3301 3398 3355 opus
3424 3292 3582 3342 esset

1921 3375 1998 3431 ad
2024 3374 2444 3446 quaestionem,
2475 3375 2550 3429 ad
2583 3391 2769 3446 quam
2796 3374 3167 3440 hortabatur,
3202 3374 3474 3430 subsistit
3505 3375 3579 3430 ah

1920 3464 2380 3531 interrogatione
2410 3480 2421 3519 :
2452 3467 2508 3518 et
2531 3463 2841 3518 confestim
2873 3479 3155 3533 egressus
3186 3464 3386 3520 nititur
3416 3465 3579 3520 hunc

1921 3553 1997 3609 ab
2031 3553 2256 3624 impetu
2287 3553 2629 3608 Iudaeorum
2662 3553 2934 3608 liberare.
2971 3553 3111 3608 Vide
3151 3553 3312 3608 enim
3358 3569 3368 3606 :

1993 3643 2160 3697 Vers.
2192 3642 2276 3697 38.
2305 3643 2380 3696 Et
2410 3673 2477 3682 -—
2503 3658 2585 3697 eo.
2638 3641 2896 3696 Rursum
2924 3641 3209 3711 praedicto
3233 3641 3424 3712 capite
3449 3643 3574 3713 lege

1921 3731 2073 3786 illius
2087 3731 2691 3786 dictienarrationem.
2715 3734 2780 3786 Et
2799 3731 3330 3801 interrogaviteum
3352 3748 3575 3803 praeses

1917 3822 2121 3877 dicens
2157 3840 2168 3876 :
2203 3823 2284 3876 Tu
2309 3838 2362 3878 es
2386 3838 2494 3878 rea:
2517 3822 2864 3878 Judworum
2891 3823 2935 3857 ⁷1
2959 3823 2986 3877 ?
3009 3822 3066 3876 in
3092 3839 3214 3895 qua
3238 3823 3404 3878 Lucas
3426 3839 3575 3895 quo-

1914 3927 2030 3982 que
2057 3910 2375 3966 verborum
2397 3911 2550 3966 facta
2568 3917 2656 3966 est
2678 3910 2922 3979 mentio,
2941 3927 3044 3983 per
3061 3927 3196 3983 quae
3224 3911 3405 3968 etiam
3427 3928 3576 3983 prae-

1914 4016 2051 4055 sens
2083 4000 2307 4055 dictum
2340 4001 2740 4071 cognoscitur.

1982 4090 2144 4144 Vers.
2189 4093 2275 4144 39.
2311 4090 2415 4144 Est
2455 4120 2522 4128 —
2561 4089 2900 4144 Juda’orum
2943 4086 2969 4141 ?
3009 4090 3215 4154 Quaere
3247 4087 3302 4144 in
3333 4089 3568 4155 eodem,

1913 4178 2016 4233 ubi
2048 4178 2263 4234 dicitur
2323 4196 2334 4233 :
2380 4180 2447 4234 In
2499 4180 2654 4248 festo
2695 4185 2885 4234 autem
2940 4186 3326 4236 consueverat
3356 4195 3571 4249 praeses

1911 4269 2415 4326 absolvereturbae
2437 4284 2622 4323 unum
2648 4269 2917 4333 vinctum,
2946 4284 3115 4340 quem
3143 4269 3461 4326 voluissent
3479 4272 3524 4304 ⁷³
3553 4286 3567 4337 ;

1910 4356 1991 4412 ibi
2023 4358 2182 4412 enim
2215 4357 2287 4412 de
2319 4357 2432 4412 hoc
2463 4374 2704 4429 quoque
2736 4356 2958 4412 dictum
2994 4360 3104 4413 est.

1981 4449 2143 4502 Vers.
2199 4450 2285 4502 40.
2325 4446 2748 4503 Ctamaverunt
2794 4477 2860 4487 -
2892 4447 3064 4503 latro.
3099 4447 3322 4503 Eodem
3375 4449 3569 4522 capite

1910 4536 2116 4592 scribit
2145 4536 2448 4592 Matthaeus
2486 4551 2497 4588 :
2540 4536 2848 4603 Principes
2880 4542 3066 4592 autem
3105 4538 3474 4594 sacerdotum
3515 4547 3571 4596 et

1909 4626 2160 4682 seniores
2176 4631 2593 4695 persuaserunt
2622 4625 2828 4690 turbis,
2851 4633 2910 4681 ut
2931 4633 3196 4694 peterent
3219 4627 3564 4697 Barabbam,

1907 4716 2098 4772 Jesum
2116 4731 2245 4770 vero
2262 4715 2572 4784 perderent
2595 4716 2643 4749 ⁷⁸
2666 4732 2678 4782 ;
2704 4722 2760 4770 et
2776 4715 2931 4771 illius
2953 4714 3082 4785 lege
3100 4718 3562 4774 enarrationem.

1979 4892 2134 4949 CAP.
2181 4893 2322 4947 XIX.
2355 4894 2516 4949 Vers.
2563 4893 2617 4949 1.
2673 4893 2857 4951 Tunc.
2911 4924 2977 4935 —
3012 4895 3180 4951 Vers.
3234 4894 3286 4950 3.
3333 4897 3563 4966 alapas.

1910 4985 2074 5040 Dicto
2118 4983 2311 5056 capite
2343 4985 2777 5054 consequenter
2825 4983 3000 5041 etiam
3055 4982 3182 5040 haec
3233 4985 3439 5043 omnia
3487 4986 3566 5042 ad

2009 5190 2056 5222 75
2095 5187 2240 5244 ibid.
2277 5193 2360 5243 t5.
2481 5189 2529 5223 ⁷³
2555 5187 2700 5244 ibid.
2735 5191 2821 5244 20.

1443 5383 1665 5452 Variae
1688 5383 2015 5452 lectiones
2047 5394 2113 5452 et
2143 5395 2341 5452 notae.

261 5586 377 5660 (35)
418 5583 653 5660 Inclusa
685 5581 905 5660 omittit
930 5583 994 5660 Α.

264 5589 352 5660 (35
418 5586 653 5640 Inclusa
685 5586 905 5639 omittit
930 5586 994 5638 A.

264 5586 377 5729 (36)
420 5656 656 5729 Inclusa
692 5654 911 5729 absunt
936 5656 1003 5709 A.

261 5727 378 5798 (37')
419 5729 612 5784 Etiam
641 5727 770 5782 hinc
799 5727 1029 5798 absunt
1055 5728 1119 5780 A.

262 5797 381 5874 (38)
425 5798 661 5857 Inclusa
689 5797 904 5854 omittit
933 5798 1000 5854 A.

2007 5581 2092 5644 39)
2135 5581 2368 5637 Inclusa
2398 5580 2618 5637 absunt
2642 5587 2702 5636 A.

2005 5654 2094 5724 40)
2129 5654 2314 5709 Etiam
2346 5652 2470 5708 haec
2497 5653 2717 5708 absunt
2743 5656 2809 5712 Α.

1986 5725 2097 5794 (at)
2158 5727 2218 5798 tn
2268 5730 2548 5798 contextu
2579 5724 2761 5798 codd.
2792 5725 3116 5798 juthymii
3165 5726 3392 5785 habent
3452 5727 3557 5796 ibi,

1915 5800 2053 5858 τοὺς.
2087 5795 2300 5869 ὄχλους.
2335 5801 2420 5853 Ita
2448 5795 2546 5852 hic
2577 5797 2755 5854 etiam
2788 5795 3130 5856 Hentenius.
