4108 6414
240 427 265 480 1
281 425 390 481 465

1249 425 1619 482 COMMENT.
1662 425 1732 481 IN
1771 425 2121 482 JOANNEM.
2171 456 2239 464 ——
2277 424 2431 480 CAP.
2477 423 2623 478 XIX.

3491 424 3512 474 '1
3526 415 3629 474 466

322 552 602 626 Ἀπεκρίθη
629 583 696 594 --
734 553 944 608 ἄνωθεν.
970 552 1275 627 Ἀπεκρίθη,
1309 560 1593 606 κατασπῶν
1623 557 1717 610 τὴν
1749 551 1847 604 ἀπό

2035 554 2199 608 Vers.
2216 553 2275 606 ll
2291 595 2304 610 .
2324 548 2648 617 Respondit
2683 546 3042 619 —snpernis.
3062 546 3385 618 Respondit
3399 545 3622 602 fastum

234 649 343 703 τῆς
372 641 610 704 ἐξουσίας
639 643 796 714 ὀφρῦν
841 641 1022 710 αὑτοῦ,
1062 647 1151 696 καί
1173 662 1330 712 φησιν
1359 660 1372 673 ·
1403 642 1513 694 Ούκ
1544 640 1686 713 εἶχες
1715 640 1853 703 ἐξου-

236 736 368 783 σίαν
393 728 642 803 οὐδεμίαν
677 734 788 783 κατ’
818 730 961 803 ἐμοῦ,
996 732 1037 783 εὶ
1067 737 1138 804 μὴ
1173 728 1234 790 ἦν
1267 751 1350 784 σοι
1381 735 1851 805 συγκεχωρημένον

233 820 302 872 ἐκ
335 829 488 880 Θεου,
527 817 725 893 [δηλῶν
771 821 883 892 (52)
934 821 1048 873 κατ’
1100 821 1395 893 οἰκονομίαν
1449 841 1563 872 τινα
1595 823 1851 895 θειοτέραν

230 912 496 980 πάσχειν.
528 909 638 963 Ἵνα
669 906 727 962 δὲ
752 918 822 981 μη
859 909 1089 973 ἀκούσας
1113 919 1264 962 τουτο
1286 914 1477 984 νομίσῃ
1513 909 1851 982 ἀπηλλάχθαι

230 999 540 1073 ἐγκλήματο
552 1021 591 1070 ς,
625 999 855 1072 ἐπήγαγε

317 1181 412 1231 Διά
437 1185 586 1231 τούτο
608 1209 674 1219 -
700 1181 831 1250 ἔχει,
867 1183 1008 1231 Διότι
1034 1177 1271 1242 ἐξουσίαν
1301 1181 1462 1251 ἔχεις,
1488 1183 1576 1232 καὶ
1603 1179 1696 1230 οὐκ
1723 1177 1848 1230 ἀπο-

227 1267 384 1329 λύεις
403 1287 484 1340 με,
521 1267 615 1320 οὐκ
637 1267 951 1321 ἀπολέλυσαι
983 1267 1262 1344 ἁμαρτίας,
1290 1269 1332 1322 εἰ
1356 1274 1446 1322 καὶ
1470 1267 1728 1329 ἐλάττονος
1753 1277 1848 1329 τῆς

227 1365 344 1412 τῶν
371 1353 710 1431 παραδόντων
738 1361 802 1430 μέ
842 1377 946 1415 σοι.
980 1363 1078 1410 Καὶ
1107 1360 1208 1432 γὰρ
1267 1358 1408 1411 οὗτοι
1439 1361 1529 1431 μὲν
1559 1362 1846 1432 μιαιφόνοι,

232 1451 312 1500 σὺ
345 1443 405 1500 δὲ
435 1447 632 1510 ἁπαλός
657 1453 746 1501 καὶ
777 1447 1094 1520 εύρίπιστος.

316 1625 406 1678 Ἐκ
426 1658 496 1666 -
526 1625 702 1681 αὐτόν.
739 1625 1132 1699 [Καταπλαγεὶς
1158 1626 1269 1698 (53)
1297 1629 1419 1687 τοὺς
1447 1625 1634 1697 λόγους
1664 1625 1845 1680 αὑτοῦ.

227 1712 500 1769 Ἰουδαῖοι
531 1713 609 1782 δὲ,
645 1721 734 1768 καὶ
767 1718 1020 1789 θεοπρεπῆ
1058 1724 1252 1788 σημεῖα
1283 1715 1443 1768 αὑτοῦ
1473 1715 1635 1768 πολλὰ
1663 1717 1850 1768 θεασά-

227 1825 408 1878 μενοι,
441 1805 631 1878 μᾶλλον
659 1805 946 1877 ἐμαίνοντο.
980 1804 1001 1878 ]

1963 643 2313 714 objurgans,
2347 641 2451 712 qui
2477 640 2556 695 illi
2589 639 2668 695 ob
2708 641 3062 710 potestatem
3091 635 3463 692 accrescebat
3498 637 3626 708 (m),

1963 740 2017 789 et
2055 732 2134 788 ait
2168 750 2180 786 :
2211 733 2341 788 Non
2388 730 2624 787 haberes
2669 732 3016 798 potestatem
3073 726 3260 782 ullam
3319 726 3621 781 adversum

1961 840 2070 890 me,
2113 823 2228 878 nisi
2283 827 2422 878 esset
2474 820 2581 875 tibi
2632 820 2892 874 datume
2939 818 3226 887 supernis,
3279 816 3622 885 signiﬁcans

1960 913 2166 969 divina
2199 911 2462 986 quadem
2501 907 2946 981 dispensatione
2987 923 3048 962 se
3089 906 3229 978 pati.
3265 909 3344 962 Ne
3396 910 3621 973 autem,

1959 1005 2074 1060 hoc
2151 1002 2376 1067 audito,
2432 1000 2818 1056 arbitraretur
2876 1013 3004 1053 sese
3057 995 3287 1054 absolvi
3356 996 3622 1068 crimine,

1961 1093 2092 1163 subj
2107 1091 2289 1147 unxit.

2032 1185 2190 1238 Vers.
2226 1183 2306 1236 tt.
2365 1181 2677 1248 Propterea
2730 1208 2798 1218 —
2827 1176 3012 1232 habet.
3066 1174 3217 1241 Quia
3265 1179 3620 1246 potestatem

1958 1272 2292 1339 habes,nec
2320 1269 2583 1326 absolvis
2613 1283 2726 1333 me,
2755 1283 2878 1323 non
2893 1283 2954 1322 es
2977 1265 3262 1320 immunis
3289 1281 3323 1319 a
3349 1269 3621 1336 peccato,

1959 1377 2312 1434 quanquam
2338 1359 2537 1414 minus
2567 1358 2639 1413 sit
2690 1361 2932 1429 peccato
2990 1371 3199 1412 eorum
3249 1354 3351 1426 qui
3384 1371 3480 1410 me
3514 1353 3622 1410 tibi

1960 1450 2331 1507 tradiderunt
2361 1447 2690 1520 :siquidem
2726 1445 2805 1502 illi
2832 1444 3144 1500 homicidio
3173 1449 3311 1499 sunt
3332 1442 3620 1510 scelerati,

1961 1545 2028 1596 tu
2060 1557 2199 1596 vero
2231 1538 2425 1595 mollis
2451 1537 2741 1609 facileque
2773 1534 3076 1591 credulus.

2032 1631 2201 1685 Vers.
2234 1630 2426 1685 12.Ex
2449 1625 3080 1684 --eu-m.Sermonibus
3107 1624 3236 1694 ejus
3251 1623 3622 1696 perterritus.

1959 1720 2142 1776 Judaei
2173 1735 2332 1784 vero,
2373 1719 2471 1791 qui
2503 1716 2709 1772 divina
2750 1716 2878 1786 ejus
2910 1715 3084 1783 signa
3116 1713 3452 1785 frequenter
3484 1728 3624 1768 con-

1963 1814 2304 1882 spexerant,
2335 1807 2596 1879 amplius
2628 1804 3028 1860 insaniebant.

314 1897 384 1948 Oi
416 1892 474 1948 δὲ
523 1892 775 1949 Ἰουδαῖοι
807 1927 875 1935 -
910 1899 1162 1968 Καίσαρι,
1203 1891 1428 1957 Ἰδόντες
1468 1895 1712 1954 ἀνόνητον
1762 1900 1847 1948 τόν

2035 1902 2190 1955 Vers.
2229 1903 2310 1953 l2.
2343 1898 2540 1954 Judaei
2596 1903 2789 1953 autem
2822 1927 2888 1934 —
2940 1895 3182 1950 Caesari.
3227 1892 3424 1948 lntuiti
3457 1892 3619 1963 obje-

225 1983 601 2058 προϐληθέντα
654 1990 828 2056 νόμον,
877 1990 968 2037 καὶ
1005 1990 1207 2056 ’γνόντες
1255 1987 1335 2037 ὅτι
1388 1986 1537 2046 ζητεῖ
1588 1985 1849 2038 ἀπολῦσαι

227 2075 422 2138 αὐτὸν,
454 2073 608 2126 πάλιν
635 2073 718 2127 ἐπὶ
749 2079 836 2132 τὴν
874 2079 1192 2148 κατηγορίαν
1227 2084 1317 2135 τῆς
1347 2071 1655 2149 τυραννίδος
1696 2094 1850 2147 μετα-

227 2171 536 2236 χωροῦσιν,
560 2165 629 2226 ὡς
659 2165 716 2216 ού
745 2168 1034 2237 παροπτέαν
1052 2173 1123 2235 τῷ
1151 2163 1377 2236 Πιλάτῳ,
1399 2161 1493 2217 διὰ
1521 2168 1608 2217 τὸν
1635 2163 1736 2216 ἀπὸ
1758 2173 1848 2217 τοῦ

232 2257 508 2326 Καίσαρος
528 2252 701 2326 φόϐον.
733 2253 844 2306 Οὐκ
873 2251 921 2308 εἶ
944 2253 1106 2327 φίλος,
1147 2257 1311 2307 εἶτουν
1345 2258 1537 2317 εὔνους.
1569 2254 1848 2327 Ἀντιλέγει

231 2339 320 2411 δὲ,
349 2346 469 2402 ἤτοι
491 2345 773 2419 Ἀνταίρει.

312 2529 418 2578 Καὶ
447 2532 546 2577 ποῦ
587 2524 738 2588 οὗτος
790 2523 1100 2601 τυραννίδος
1153 2527 1265 2598 (54)
1303 2525 1433 2578 ἑάλω
1475 2527 1672 2592 ;πόθεν
1702 2528 1849 2598 ἔχετε

229 2611 414 2677 δεῖξαι
439 2621 591 2666 τοῦτο
622 2633 635 2682 ;
667 2613 766 2666 ἀπὸ
788 2623 880 2677 τῆς
911 2612 1224 2690 ἁλουργίδος
1254 2635 1266 2683 ;
1300 2615 1402 2667 ἀπὸ
1433 2623 1524 2668 τοῦ
1581 2612 1849 2688 διαδήμα-

225 2723 318 2765 τος
355 2721 368 2770 ;
401 2702 501 2756 ἀπὸ
529 2712 618 2756 του
647 2704 922 2777 ὀχήματος
953 2721 966 2772 ;
1001 2703 1101 2757 ἀπὸ
1158 2714 1250 2767 τῆς
1307 2704 1467 2767 ἄλλης
1516 2714 1849 2777 παρασκευῆς

225 2799 324 2845 καὶ
353 2802 454 2845 τῶν
480 2799 809 2866 παρασήμων
845 2811 858 2861 ;
884 2794 940 2845 ού
973 2796 1142 2846 πάντα
1173 2790 1234 2852 ἦν
1265 2793 1467 2854 εὐτελὴς
1513 2799 1602 2846 καὶ
1656 2799 1848 2866 τροφὴν

226 2888 324 2936 καὶ
355 2882 548 2941 στολὴν
608 2888 697 2936 καὶ
728 2887 934 2942 οἴκησιν
966 2889 1056 2936 καὶ
1104 2887 1170 2935 τὰ
1212 2883 1368 2935 λοιπά
1403 2901 1416 2949 ;
1445 2886 1576 2955 μετὰ
1637 2880 1850 2935 δώδεκα

224 2975 404 3043 μόνων
432 2977 828 3044 περιερχόμενος
858 2973 1127 3044 μαθητῶν,
1160 2976 1248 3024 καὶ
1277 2975 1471 3024 τούτων
1493 2972 1709 3046 οἰκτρῶν
1738 2988 1750 3001 ’
1786 2973 1850 3022 τὰ

226 3059 397 3113 πλείω
423 3055 481 3112 δί
510 3064 686 3133 μόνος.

303 3330 368 3384 Ὀ
397 3326 484 3382 οὖν
515 3329 729 3391 Πιλάτος
765 3361 829 3372 -
861 3330 1090 3385 Γαϐαθᾶ.
1125 3336 1362 3404 Νομίσας
1405 3333 1748 3406 προσκρούειν
1776 3340 1846 3401 τῷ

230 3423 497 3494 Καίσαρι,
530 3425 618 3473 καὶ
639 3416 1026 3486 κινδυνύιειν,εἰ
1045 3418 1266 3494 παρίδοι
1296 3426 1384 3480 τὴν
1410 3424 1656 3479 τοιαύτην
1683 3441 1848 3479 κατη-

227 3515 422 3583 γορίαν
456 3507 807 3582 ἀνεξέταστον,
847 3514 1038 3582 ἤγαγεν
1083 3511 1177 3574 ἔξω
1236 3512 1348 3583 (55)
1401 3519 1498 3572 τῆς
1545 3511 1733 3572 πόλεως
1762 3515 1846 3564 τόν

230 3600 467 3666 Ἰησοῦν,
491 3603 582 3651 καί
603 3598 838 3652 ἐκάθισεν
871 3599 952 3652 ἐπὶ
994 3599 1232 3673 ῥήματος
1255 3597 1513 3674 δημοσίᾳ,
1540 3602 1620 3653 ἵνα
1650 3603 1846 3663 πάντας

227 3693 355 3761 ἔχοι
385 3690 656 3764 μάρτυρας
687 3698 778 3750 τῆς
804 3689 1103 3753 ἐξετάσεως.

305 3868 407 3921 Ἦν
445 3899 512 3907 -
564 3869 709 3926 ἕκτη.
757 3874 1239 3942 Παρεσημειώσατο
1269 3875 1357 3922 καὶ
1393 3875 1484 3928 τὴν
1533 3871 1726 3942 ἡμέραν
1758 3872 1846 3919 καὶ

231 3963 330 4016 τὴν
364 3960 522 4032 ὥραν,
560 3953 809 4010 δεικνύων
841 3959 917 4009 ὅτι
956 3958 1015 4010 ού
1073 3964 1225 4030 μόνον
1265 3958 1314 4010 ἐν
1365 3959 1494 4031 αὐτῇ
1555 3967 1615 4030 τῇ
1679 3961 1848 4029 ἡμέρᾳ

231 4055 325 4099 τοῦ
359 4049 580 4118 Πάσχα,
619 4045 746 4098 ἀλλὰ
775 4051 863 4098 καὶ
911 4055 1009 4107 τῆς
1064 4048 1260 4121 ἡμέρας
1299 4044 1406 4104 ἤδη
1439 4047 1714 4106 κλινούσης
1761 4050 1848 4097 καὶ

235 4136 560 4208 έγγιζούσης
591 4144 652 4209 τῇ
676 4135 870 4210 ἑσπέρᾳ
893 4144 988 4197 τῆς
1016 4135 1214 4210 ἑορτῆς,
1248 4137 1330 4188 ὅτε
1359 4141 1416 4188 τό
1452 4139 1650 4207 Πάσχα
1676 4137 1844 4202 ἔθυον,

238 4222 592 4297 δικαστήριον
653 4228 1006 4297 θανατηφόρον
1058 4230 1415 4299 συνεκρότουν,
1455 4227 1503 4278 οἱ
1559 4229 1658 4299 πρὸ
1718 4223 1846 4300 βρα-

234 4320 367 4387 χέος
397 4319 631 4388 μιασμόν
690 4317 1016 4388 ἡγησάμενοι
1068 4320 1122 4368 τὸ
1168 4314 1406 4374 ἐπιϐῆναι
1446 4323 1538 4368 τοῦ
1589 4311 1846 4372 δικαστη-

234 4423 380 4480 ριου.

1960 1995 2120 2049 ctam
2158 1991 2350 2060 legem
2388 1989 2573 2046 fuisse
2607 1986 2894 2054 inutilem,
2926 1989 2982 2040 et
3030 1984 3422 2054 intelligentes
3453 1982 3618 2055 quod

1961 2097 2100 2137 eum
2133 2080 2304 2136 vellet
2335 2077 2658 2142 absolvere,
2704 2075 2782 2131 ad
2808 2073 3248 2130 accusationem
3281 2071 3496 2127 iterum
3526 2076 3622 2142 ty-

1959 2170 2226 2226 rannidis
2312 2169 2629 2234 divertnnt,
2713 2181 2896 2236 quam
2940 2163 3146 2218 timore
3169 2161 3419 2217 Caesaris
3495 2176 3618 2217 non

1959 2266 2162 2333 posset
2191 2258 2360 2332 parvi
2393 2256 2655 2331 pendere
2691 2255 2921 2310 Pilatus.
2953 2255 3088 2310 Non
3139 2268 3196 2309 es
3231 2252 3467 2317 amicus,
3500 2251 3619 2306 sive

1959 2349 2302 2406 benevolus.
2361 2346 2732 2404 Contradicit
2793 2360 2954 2409 vero,
3019 2344 3130 2399 hoc
3183 2347 3292 2407 est,
3335 2342 3621 2397 Adversa-

1960 2445 2074 2496 tur.
2101 2441 2210 2512 (η).

2032 2529 2274 2597 Verum,
2301 2526 2615 2601 quomodo
2653 2526 2749 2581 hic
2825 2522 3204 2596 tyrannidem
3238 2520 3560 2577 meditatur
3591 2522 3618 2577 ξ’

1963 2620 2118 2676 unde
2145 2620 2260 2675 hoc
2290 2617 2541 2690 potestis
2569 2614 2878 2673 ostendere
2902 2614 3020 2669 ian
3046 2615 3251 2668 aveste
3269 2626 3570 2684 purpurea
3592 2610 3620 2665 ?

1962 2727 1998 2766 a
2063 2708 2455 2764 diademate?
2506 2705 2584 2760 ab
2641 2704 2906 2760 habitu?
2946 2703 3131 2758 aliove
3177 2706 3482 2772 apparatu,
3517 2703 3622 2755 aut

1962 2798 2297 2867 insignibus
2328 2798 2356 2852 ?
2410 2811 2608 2851 annon
2663 2795 2868 2849 omnia
2912 2791 3263 2862 abjectionis
3317 2792 3487 2845 erant
3519 2788 3616 2858 (ο),

1961 2890 2084 2944 sive
2115 2887 2491 2951 alimentum,
2528 2885 2651 2938 sive
2679 2883 3049 2949 indumenta,
3108 2880 3232 2935 sive
3273 2880 3516 2934 domum
3548 2893 3620 2934 ac

1961 2976 2471 3034 conversationem
2505 2977 2609 3030 aut
2629 2979 2842 3029 cratera
2867 2971 3139 3042 spectetis
3166 2969 3193 3022 ‘i’
3222 2985 3359 3024 cum
3391 2967 3619 3024 duode-

1960 3068 2077 3123 cim
2128 3072 2362 3122 tantum
2395 3063 2750 3120 circumiens
2783 3059 3110 3132 discipulis,
3166 3059 3360 3131 iisque
3409 3058 3618 3114 admo-

1959 3157 2103 3212 dum
2165 3154 2485 3212 humilibus
2524 3157 2599 3218 et,
2662 3151 2929 3224 abjectis,
2985 3150 3107 3206 imo
3147 3153 3205 3205 et
3261 3148 3618 3220 plerumque

1879 3288 1918 3344 C
1962 3247 2145 3344 solus.

1970 3360 1979 3397 ς
2028 3339 2190 3391 Vers.
2229 3336 2314 3392 13.
2373 3335 2602 3390 Pilatus
2642 3348 2773 3404 ergo
2807 3361 2872 3371 —
2926 3328 3222 3385 Gabatha.
3287 3325 3616 3382 Arbitratus

1957 3441 2085 3481 sese
2145 3425 2512 3480 offensurum
2560 3425 2847 3477 Caesarem
2909 3435 2977 3474 ac
3029 3416 3519 3490 periclitaturam,
3563 3415 3614 3470 si

1955 3513 2300 3586 hujusmodi
2318 3514 2761 3569 accusationem
2778 3509 3180 3565 indiscussam
3203 3506 3616 3580 praetereundo

1957 3609 2381 3668 contemneret,
2443 3602 2610 3658 duxit
2652 3604 2855 3656 Jesum
2915 3605 3082 3654 extra
3122 3596 3481 3668 praetorium,
3545 3611 3615 3651 ac

1957 3695 2194 3767 publice
2229 3693 2379 3748 sedit
2410 3709 2514 3764 pro
2564 3689 2868 3755 tribunali,
2928 3693 2990 3745 ut
3023 3687 3328 3743 universos
3365 3685 3617 3742 haberet

1959 3801 2084 3840 sum
2110 3782 2509 3855 inquisitionis
2555 3785 2756 3836 testes.

2030 3873 2192 3929 Vers.
2231 3875 2315 3928 t4.
2351 3873 2500 3928 Erat
2530 3903 2598 3910 —
2629 3875 2816 3927 sexta.
2877 3868 3039 3923 Diem
3095 3884 3164 3922 ac
3193 3867 3404 3922 horam
3439 3865 3616 3934 signi-

1955 3965 2175 4028 ﬁcavit,
2191 3963 2511 4020 ostendens
2534 3960 2700 4032 quod
2725 3975 2836 4014 non
2871 3958 3068 4012 solum
3092 3957 3224 4028 ipso
3244 3957 3337 4010 die
3352 3955 3612 4022 Paschaa,

1955 4070 2159 4110 verum
2191 4053 2369 4107 etiam
2424 4051 2521 4106 die
2547 4051 2673 4120 jam
2693 4048 3049 4112 declinante,
3081 4046 3331 4117 festique
3363 4060 3615 4116 vespera

1956 4137 2754 4214 appropinquante,quando
2768 4136 2993 4192 Pascha
3010 4133 3426 4198 immolabant,
3449 4133 3615 4187 fune-

1956 4237 2114 4286 stum
2145 4230 2409 4286 tribunal
2468 4227 2911 4293 convocabant,
2944 4225 3044 4296 qui
3110 4223 3290 4296 paulo
3322 4227 3459 4279 ante
3484 4221 3612 4278 loco

1956 4319 2175 4394 piaculi
2207 4319 2528 4383 habebant,
2570 4314 2915 4388 hujusmodi
2946 4313 3205 4370 tribunal
3237 4312 3539 4368 accedere.

315 4498 416 4547 Καὶ
466 4525 529 4532 -
570 4495 731 4566 ὑμῶν.
771 4497 947 4566 Ἀφεὶς
1005 4493 1242 4558 ἐξετάσαι
1285 4494 1440 4547 πάλιν
1496 4500 1569 4555 εὶς
1626 4498 1682 4547 τὸ
1716 4492 1847 4548 δυσ-

2027 4498 2190 4553 Vers.
2227 4497 2306 4552 14.
2335 4497 2411 4552 Ει
2445 4527 2510 4535 -
2540 4499 2745 4550 vester.
2768 4492 2986 4548 Relicta
3003 4490 3374 4547 discussione
3399 4489 3611 4546 iterum

235 4593 454 4643 ωπῆσαι
501 4586 713 4645 τούτους
743 4582 1012 4658 ἐτράπετο.
1042 4581 1180 4658 [Ἴδε
1238 4583 1353 4657 (56)
1404 4586 1529 4658 γὰρ,
1584 4590 1764 4657 φησὶν,
1825 4588 1850 4638 ό

1961 4586 2040 4644 ad
2072 4585 2436 4659 placandum
2491 4600 2592 4640 eos
2649 4581 3001 4638 convertitur
3029 4598 3042 4636 :
3078 4583 3239 4644 Ecce,
3269 4579 3481 4654 inquit,
3505 4595 3614 4636 rea:

1459 4763 1678 4833 Variae
1708 4763 2042 4834 lectiones
2073 4776 2138 4833 et
2179 4771 2386 4833 notae.

336 5032 428 5090 53)
455 5033 692 5088 Inclusa
730 5032 950 5089 absunt
977 5035 1048 5090 A.

312 5101 429 5176 (⁷54)
456 5101 773 5178 Τυραννίδος
803 5103 1111 5178 ἁλίσκεσθαι
1131 5107 1218 5178 est
1233 5103 1675 5178 atfectatiregni
1709 5120 1842 5178 con-

240 5178 420 5300 E‘nci.
456 5175 660 5232 Nescio
688 5191 849 5246 ergo,
885 5176 1044 5232 unde
1097 5176 1169 5232 sit
1206 5175 1539 5249 interpretis
1587 5175 1842 5234 ’medita-

313 5262 363 5300 r.

338 4964 405 5015 52
458 4959 689 5017 Inclusa
713 4959 924 5018 desunt
963 4964 1036 5018 A.

338 5032 406 5088 53
455 5033 692 5088 Inclusa
730 5032 950 5089 absunt
977 5035 1023 5088 A

338 4961 429 5176 δέ
456 5101 773 5176 Τυραννίδος
803 5103 1036 5158 ἁλίσκεσε

289 5415 414 5500 ’(m)
445 5417 848 5500 Aecreseebat.
876 5419 1002 5500 lion
1031 5423 1119 5473 est
1141 5418 1198 5472 in
1231 5417 1451 5500 Graeco.
1470 5418 1653 5500 _Fo_rte
1683 5437 1845 5490 προς-

240 5488 472 5569 φύουσαν
505 5489 746 5569 invenit.
775 5488 973 5569 Redde
1004 5505 1014 5544 :
1045 5489 1376 5569 respondit,
1418 5495 1480 5569 ιιι
1511 5488 1841 5569 ρῙιιεέιςρο-

239 5560 425 5638 tentia
451 5560 804 5638 (sublatum)
833 5562 1218 5638 supercilium
1243 5561 1597 5638 detraheret.
1637 5561 1845 5618 Poten-

240 5631 384 5704 tiam
412 5633 569 5704 enim
602 5648 704 5687 seu
735 5631 1084 5704 putestatem
1120 5633 1404 5704 habebat,
1438 5637 1501 5704 ut
1526 5647 1766 5703 praeses.

280 5702 396 5784 __(n)
429 5702 817 5784 Adversatar.
855 5705 918 5784 ln_
943 5703 1420 5784 Graeco_a’cvr_aipsz
1449 5702 1582 5784 plus
1612 5708 1715 5784 est.
1753 5704 1842 5760 Di-

242 5775 393 5826 citur
413 5775 570 5830 enim
604 5775 863 5848 ἀνταίρειν
883 5775 958 5831 de
986 5777 1056 5831 iis
1076 5776 1180 5848 qui
1207 5775 1463 5848 principi
1490 5791 1560 5830 ac
1586 5776 1706 5845 regi
1731 5793 1842 5833 suo

246 5855 306 5896 se
344 5853 660 5918 opponunt
683 5847 938 5920 ideoque
962 5847 1339 5920 tyrannidem
1373 5847 1671 5905 affectant.
1697 5848 1840 5905 Hinc

2025 4964 2138 5034 (55)
2168 4961 2484 5034 Hentenius
2527 4977 2538 5016 :
2583 4964 2924 5034 πραιτωρίου.
2975 4957 3176 5034 natea;
3232 4960 3387 5034 certe
3410 4955 3613 5034 locum

1956 5027 2075 5090 non
2095 5027 2295 5090 habet.
2313 5027 2764 5091 Condemnatus
2781 5027 2942 5087 enim
2957 5029 3199 5085 demum
3212 5032 3377 5084 extra
3398 5027 3612 5082 urbem

1955 5107 2190 5162 dicitur.
2242 5105 2461 5177 Conjici
2514 5103 2724 5176 possit,
2764 5107 2860 5165 τὴς
2897 5101 3065 5164 πὺλης
3117 5105 3221 5157 aut
3249 5106 3341 5152 τοῦ
3387 5098 3613 5159 πυλῶνος

1953 5185 2045 5231 τοῦ
2074 5198 2307 5250 πραιτωρ
2318 5183 2416 5232 ίου.

2028 5233 2140 5321 (56)
2183 5233 2374 5305 Incisa
2407 5250 2621 5308 absunt
2649 5255 2714 5306 A.

1953 5418 2396 5546 ἓιίξδὲᾶηίίνυιη
2449 5419 2722 5495 ἀντάρτηςο
2779 5421 2921 5476 Vide
2997 5420 3302 5491 Chrysost.
3361 5421 3400 5472 t.
3455 5419 3516 5480 V,
3549 5433 3609 5489 p.

2123 5507 2177 5545 n.

2123 5507 2177 5545 D.

1986 5561 2105 5644 “(0)
2128 5563 2348 5644 ‘Annon
2376 5565 2585 5644 gmnia
2616 5564 2960 5644 abitat-tionis
3009 5568 3174 5644 erant
3203 5562 3230 5617 ?
3257 5565 3334 5644 ᾼο
3377 5560 3424 5616 si
3457 5560 3612 5631 lege-

1953 5632 2143 5709 [ἰῖηού
2175 5636 2344 5709 πάντα
2371 5632 2430 5693 ἧν
2459 5632 2728 5709 εὐτελείας,
2763 5640 2853 5688 καί
2885 5640 3072 5709 τροφὴ,
3106 5655 3157 5686 κ.
3191 5653 3241 5687 τ.
3270 5632 3317 5686 λ.

1954 5705 2153 5760 Redde
2183 5727 2196 5762 :
2222 5707 2436 5763 Nonne
2460 5707 2520 5762 in
2540 5709 2810 5764 omnibus
2825 5703 2950 5764 erat
2976 5703 3107 5763 uilis
3135 5711 3230 5775 (ac
3257 5704 3523 5772 humliis)
3548 5703 3610 5759 in

1955 5783 2133 5843 victu,
2161 5778 2224 5834 in
2261 5780 2488 5844 vestitu,
2519 5784 2628 5836 etc.
