4108 6384
516 394 647 451 1467

1833 403 2178 460 EUTHYMII
2220 403 2554 460 ZlGABENI

3750 400 3896 456 1468

509 530 736 582 vester:
763 541 898 582 ecce
931 531 1042 583 stat
1085 533 1428 596 accusatus,
1462 545 1583 585 non
1617 534 1704 585 est
1733 529 2066 598 absolutus,
2100 547 2162 587 ne

2289 529 2535 604 βασιλεὺς
2586 532 2747 602 ὑμῶν,
2809 525 2925 582 ἰδοὺ
2998 528 3212 586 ἕστηκεν
3283 532 3310 580 ό
3382 527 3500 598 (57)
3565 546 3898 600 κατηγορου-

508 612 865 673 formidatis.
905 620 970 673 Et
1008 634 1358 690 quanquam
1402 619 1591 676 littera
1631 621 1852 676 habeat
1881 617 1983 686 ἴδε,
2017 622 2168 686 vide,

506 703 846 776 frequenter
886 710 1088 762 tamen
1137 708 1446 780 Scriptura
1503 710 1671 780 ponit
1735 707 1816 763 ῖὸε
1869 727 1978 782 pro
2031 708 2170 778 ἰδοὺ,

507 808 673 865 ecce;
717 795 867 850 sicut
914 799 1091 852 etiam
1132 799 1427 869 superius,
1463 815 1600 854 cum
1629 800 1784 855 dixit
1818 819 1829 855 :
1865 802 2036 867 Ecce,
2072 801 2176 858 ad-

507 882 664 940 duco
695 885 864 940 vobis
893 902 1028 941 eum
1061 886 1218 942 foras
1238 888 1344 960 (ρ).

576 975 735 1028 Vers.
792 974 873 1029 t5.
909 975 984 1029 At
1027 977 1122 1032 illi
1162 1009 1227 1017 —
1279 993 1431 1034 eum.
1466 979 1511 1035 Ο
1569 979 1984 1036 incredibilem
2045 979 2176 1036 feri‘

510 1066 692 1119 tatem
725 1079 794 1119 ac
826 1064 1127 1121 insaniam
1157 1067 1169 1122 l

576 1153 737 1209 Vers.
774 1155 860 1208 15.
919 1155 1017 1210 Ait
1046 1188 1114 1196 -—
1169 1159 1513 1228 cruciﬁgam
1547 1159 1574 1214 ‘P
1611 1162 1730 1215 Hoc
1787 1160 1950 1225 dixit,
2000 1151 2174 1231 quasi

510 1241 901 1300 subnannans
925 1245 1243 1315 Christum,
1271 1254 1332 1303 ut
1376 1248 1725 1304 Judaeorum
1778 1253 2013 1306 curaret
2045 1249 2172 1304 feri-

509 1335 712 1388 tatem.

575 1421 742 1476 Vers.
769 1423 854 1478 15.
883 1425 1328 1492 Responderunt
1349 1459 1416 1467 ——
1450 1429 1756 1484 Caesarem.
1775 1429 1926 1494 Quia
1949 1429 2170 1485 Christi

504 1525 754 1581 regnum
777 1513 1144 1583 repellentes,
1168 1518 1405 1572 Caesaris
1435 1523 1789 1589 potestatem
1815 1519 2122 1588 elegerunt
2150 1537 2162 1574 ε

503 1601 892 1670 postmodum
908 1603 1110 1658 divina
1124 1605 1451 1661 visitatione
1472 1623 1538 1661 ac
1555 1610 1917 1679 protectione
1933 1608 2167 1673 nudati,

502 1689 703 1744 traditi
737 1695 874 1746 sunt
914 1693 990 1746 ad
1021 1693 1506 1759 internecionem,
1555 1697 1734 1769 idque
1769 1714 2006 1753 rursum
2040 1699 2170 1770 ipso

504 1777 744 1835 Paschae
775 1780 889 1848 die,
924 1798 1045 1850 quo
1077 1783 1488 1843 clamaverunt
1521 1804 1532 1842 :
1561 1787 1694 1844 Non
1757 1789 2037 1845 habemus
2077 1803 2166 1845 re-

500 1882 633 1938 gem
674 1869 794 1924 nisi
824 1871 1130 1927 Caesarem.

576 1957 737 2012 Vers.
783 1961 867 2015 16.
909 1962 1074 2017 Tunc
1105 1993 1173 2001 —
1214 1965 1682 2035 crucifigeretur.
1733 1967 1931 2022 Victus
1958 1983 2164 2022 eorum

504 2045 752 2104 instanti
803 2052 1201 2108 contentione.
1273 2060 1337 2110 At
1381 2055 1600 2127 quibus
1662 2075 1796 2112 eum
1859 2055 2167 2113 tradidit?

501 2135 714 2208 Utique
748 2140 1172 2198 contaminatis
1231 2159 1298 2199 ac
1329 2145 1592 2216 perﬁdis,
1651 2147 1946 2203 seditiosis
1977 2155 2034 2204 et
2060 2149 2164 2204 ho-

499 2226 758 2282 micidis.

571 2317 739 2371 Vers.
778 2318 862 2372 16.
889 2319 1248 2390 Acceperunt
1279 2354 1347 2362 —
1368 2326 1725 2392 praetorium.
1763 2327 1970 2391 Quaere
2000 2343 2166 2384 sexa-

481 2405 733 2476 gesimo
764 2409 1191 2482 septimojuxta
1227 2412 1561 2469 Mattliaaum
1601 2417 1813 2486 capite,
1857 2416 1957 2471 ubi
1984 2418 2168 2472 habe-

500 2501 596 2550 tur
621 2511 633 2549 :
663 2497 740 2551 Et
768 2505 1076 2569 postquam
1091 2501 1414 2557 illuserunt
1435 2505 1504 2569 ei,
1529 2509 1825 2560 exuerunt
1845 2521 1976 2561 eum
1999 2507 2164 2566 chla-

500 2585 696 2654 myde,
719 2591 773 2642 et
810 2586 1134 2645 induerunt
1157 2606 1285 2645 eum
1310 2592 1662 2648 vestimentis
1693 2595 1814 2649 suis
1833 2596 1881 2630 τε
1913 2613 1924 2657 ;
1952 2612 2019 2651 ac
2037 2595 2165 2666 lege

511 2688 582 2728 en
593 2676 976 2731 arrationem.

573 2763 742 2818 Vers.
779 2770 860 2820 17.
921 2768 1104 2838 Atque
1135 2800 1203 2810 —
1241 2771 1403 2825 Vers.
1441 2775 1522 2828 18.
1576 2775 2022 2846 cruciﬁxerunt.
2082 2776 2163 2831 Ibi

498 2851 717 2909 horum
769 2870 1006 2928 quoque
1049 2859 1105 2912 in
1138 2860 1525 2930 sequentibus
1565 2861 1723 2918 facta
1781 2869 1867 2919 est
1916 2867 2159 2926 mentio,

497 2939 762 3014 dataque
795 2946 1154 3017 explanatio.
1200 2950 1448 3006 Ferebat
1473 2958 1671 3007 autem
1699 2969 1937 3010 crucem
1972 2953 2027 3009 in
2055 2955 2164 3011 hu-

499 3032 698 3099 meris,
720 3041 1009 3107 tanquam
1031 3043 1308 3094 strenuus
1327 3039 1494 3096 miles
1519 3040 1811 3108 lanceam,
1846 3059 1967 3114 qua
1992 3043 2160 3114 deje-

495 3125 697 3176 cturus
723 3129 848 3179 erat
873 3127 1312 3184 adversarium.

569 3212 726 3266 Vers.
765 3215 848 3270 18.
885 3215 961 3270 Et
987 3248 1054 3256 —
1082 3219 1301 3275 Jesum.
1375 3220 1436 3274 In
1467 3219 1565 3275 illo
1619 3222 1812 3294 capite
1859 3223 2037 3278 etiam
2083 3223 2157 3278 de

2284 641 2453 692 μενος,
2505 621 2598 672 οὐκ
2665 619 2993 684 ἀπολέλυται,
3068 623 3138 691 μὴ
3207 614 3452 671 ὃειλιᾱτε.
3511 623 3774 692 Γνώριμον
3832 613 3896 668 δὲ

2282 713 2487 771 πάντως
2525 713 2604 762 ὅτι
2633 714 2692 763 τὸ
2721 707 2830 764 Ἴδε
2858 709 3103 772 πολλάκις
3135 708 3250 761 όιντί⁵
3278 716 3371 761 τοῦ
3421 704 3563 762 Ἰδοὺ
3613 709 3827 765 τίθησιν
3859 709 3890 766 ἡ

2286 801 2531 875 Γραφή.]

2353 983 2418 1033 Οἱ
2445 977 2504 1033 δὲ
2536 1013 2600 1022 -
2626 981 2798 1035 αὐτόν.
2831 979 2899 1033 Ὠ
2924 985 3107 1054 μανίας
3136 978 3516 1054 ἀνυπερϐλήτου
3549 978 3561 1034 l

2357 1165 2509 1231 Λέγει
2540 1191 2607 1202 —-
2655 1166 2946 1235 σταυρώσω
2989 1177 3002 1220 ;
3049 1162 3234 1231 [Τοῦτο
3291 1157 3399 1211 εἶπε
3455 1157 3571 1228 (58)
3609 1156 3892 1228 χλευάζων

2283 1246 2438 1308 δῆθεν
2464 1255 2550 1303 τὸν
2580 1254 2832 1325 Χριστόν,
2888 1250 2962 1311 εἰς
2998 1252 3269 1324 θεραπείαν
3317 1258 3415 1310 τῆς
3469 1256 3570 1299 τῶν
3610 1243 3891 1300 Ἰουδαίων

2281 1339 2550 1402 ἀπηνείας.
2574 1341 2595 1414 ]

2351 1430 2739 1505 Ἀπεκρίθησαν
2787 1462 2839 1471 -
2877 1435 3138 1504 Καίσαρα.
3173 1429 3336 1496 Ἐπεὶ,
3366 1433 3458 1486 τὴν
3501 1434 3592 1479 τοῦ
3645 1431 3888 1498 Χριστοῦ

2281 1519 2553 1591 βασιλείαν
2579 1519 2934 1592 ἀπωσάμενοι,
2979 1525 3071 1577 τὴν
3107 1523 3368 1592 Καίσαρος
3395 1516 3634 1579 ἐξουσίαν
3667 1515 3885 1580 εἵλοντο,

2277 1610 2475 1670 λοιπόν,
2499 1612 2851 1681 ’γυμνωθέντες
2879 1617 2973 1670 τῆς
3002 1611 3139 1670 θείας
3165 1611 3469 1668 ἐπισκοπῆς,
3488 1606 3891 1676 τοῖςῬωμαίοις

2278 1697 2649 1772 παρεδόθησαν
2699 1699 2771 1762 εἰς
2819 1698 3193 1772 πανωλεθρίαν,
3227 1697 3342 1748 κατ’
3398 1697 3559 1754 αὐτην
3608 1691 3757 1755 αὖθις
3793 1697 3888 1751 τὴν

2279 1791 2475 1864 ἡμέραν
2514 1797 2607 1842 τοῦ
2635 1791 2855 1860 Πάσχα,
2886 1787 3001 1841 καθ’
3030 1789 3091 1847 ἦν
3123 1785 3452 1861 ἐκραύγασαν
3489 1790 3546 1838 τό
3577 1803 3587 1814 ·
3628 1785 3740 1837 Οὐκ
3767 1787 3892 1856 ἔχο-

2279 1899 2367 1952 μεν
2401 1878 2626 1952 βασιλέα
2656 1879 2794 1950 εἰμὴ
2831 1883 3094 1953 Καίσαρα.

2347 1974 2472 2022 Τότε
2505 2001 2571 2008 -
2604 1971 2910 2040 σταυρωθῇ.
2940 1967 3212 2027 Ἰιττηθεὶς
3241 1977 3330 2027 τῆς
3367 1965 3658 2024 ἐνστάσεως
3689 1962 3883 2015 αὐτῶν.

2275 2065 2398 2111 Τίσι
2433 2055 2492 2111 δὲ
2533 2065 2710 2110 τοῦτον
2744 2054 3012 2130 παρέδωκε
3070 2073 3082 2121 ;
3138 2064 3244 2119 τοῖς
3301 2050 3581 2116 Ἰουδαίοις
3638 2050 3888 2110 δηλονότι

2279 2155 2365 2202 καὶ
2392 2156 2502 2211 τοῖς
2529 2154 2904 2222 στρατιώταις,

2351 2325 2649 2401 Παρέλαϐοη
2681 2358 2747 2366 —
2778 2331 3113 2400 πραιτώριον.
3149 2328 3390 2382 Ζήτησον
3430 2322 3544 2392 (59)
3576 2321 3647 2383 εἰς
3684 2324 3743 2373 τὸ
3767 2320 3885 2382 ἐξη-

2275 2421 2461 2469 κοστὸν
2494 2414 2713 2488 ἕϐδομον
2743 2415 3015 2488 κεφαλαιον
3045 2434 3133 2467 του
3165 2417 3298 2466 κατὰ
3345 2414 3610 2467 Ματθαίον
3641 2416 3699 2463 τό
3729 2431 3740 2442 ·
3781 2418 3884 2463 Καὶ

2277 2510 2354 2559 ὅτε
2381 2506 2648 2568 ἐνέπαιξαν
2682 2506 2820 2575 αὐτῷ
2853 2505 2989 2576 (60),
3032 2501 3279 2566 ἐξέδυσαν
3336 2502 3490 2555 αὐτόν
3529 2505 3622 2559 τὴν
3671 2501 3883 2572 χλαμύ-

2279 2594 2366 2660 δα,
2395 2602 2485 2648 καὶ
2516 2593 2763 2647 ἐνέδυσαν
2796 2595 2950 2647 αὐτόν
2980 2596 3043 2646 τὰ
3075 2596 3260 2665 ἱμάτια
3289 2592 3469 2658 αὐτοῦ,
3503 2596 3591 2643 καὶ
3619 2588 3883 2661 ἀνάγνωθι

2274 2691 2367 2744 τὴν
2395 2686 2667 2757 ἐξήγησιν.

2351 2781 2449 2829 Καὶ
2479 2806 2547 2816 -
2580 2775 2938 2848 ἐσταύρωσαν,
2970 2774 3105 2826 Ἐκεῖ
3133 2777 3223 2824 καὶ
3278 2779 3442 2824 ταῦτα
3485 2769 3533 2822 ἐν
3570 2777 3673 2830 τοῖς
3705 2769 3884 2842 ἐφεξῆς

2274 2866 2727 2938 εμνημονεύθησαν
2781 2869 2872 2914 καὶ
2923 2861 3384 2934 ἐσαφηνίσθησαν.
3451 2859 3633 2933 Ἕφερε
3672 2855 3731 2911 δὲ
3788 2863 3879 2911 τόν

2274 2959 2499 3026 σταυρόν
2531 2953 2614 3006 ἐπὶ
2644 2961 2744 3005 τῶν
2775 2957 2947 3024 ὤμων,
2995 2951 3079 3004 οἶά
3108 2971 3188 3012 τις
3251 2950 3492 3024 ἀριστεὺς
3534 2946 3685 3021 δόρυ,
3718 2945 3794 3002 δι’
3819 2948 3882 3001 οὗ

2269 3044 2576 3098 καταϐαλεῖν
2606 3042 2778 3116 ἔμελλε
2808 3046 2894 3095 τόν
2917 3041 3128 3116 ἐχθρόν.

2343 3229 2442 3277 Καὶ
2478 3255 2542 3264 --
2574 3223 2801 3280 Ἰησοῦν.
2860 3221 2941 3275 Ἐν
2977 3221 3149 3293 ἐκείνῳ
3199 3229 3269 3290 τῷ
3315 3219 3572 3292 κεφαλαίῳ
3620 3225 3709 3270 καὶ
3760 3223 3882 3290 περὶ

495 3297 731 3356 duobus
763 3303 858 3358 his
919 3307 1223 3363 manifeste
1280 3307 1504 3364 dictum
1562 3317 1667 3376 est,
1698 3285 1825 3367 .ubi
1870 3313 2158 3383 ponitur:

2275 3324 2370 3366 τῶν
2404 3312 2499 3367 δύο
2530 3316 2725 3365 τούτων
2751 3311 2941 3386 ἐρρήθη
2975 3319 3171 3382 σαφῶς.
3209 3311 3328 3362 ἔνθα
3347 3314 3402 3362 τό
3438 3327 3451 3341 ⁸
3475 3314 3600 3361 Τότε
3624 3317 3879 3380 σταυρου-

503 3390 662 3446 Tunc
684 3395 1258 3466 cruciﬁgunturcum
1272 3413 1336 3454 eo
1354 3399 1470 3454 duo
1499 3401 1776 3465 latrones,
1793 3418 1944 3457 unus
1965 3419 2000 3458 a
2023 3405 2164 3460 dex-

500 3482 628 3544 tris,
657 3488 712 3537 et
741 3484 892 3538 alter
922 3500 958 3540 a
986 3485 1237 3541 sinistris
1264 3488 1333 3550 ⁷⁷,

567 3572 757 3629 Judaei
774 3573 977 3647 itaque
993 3575 1153 3631 hunc
1170 3577 1348 3632 simul
1363 3595 1497 3633 cum
1517 3580 1805 3636 maleﬁcis
1825 3581 2165 3652 cruciﬁgere

499 3662 877 3729 studuerunt,
915 3670 977 3719 ut
1017 3669 1562 3724 communicatione
1593 3671 1866 3742 supplicii
1928 3672 2158 3728 bonam

496 3750 675 3822 hujus
699 3752 947 3818 famam,
980 3755 1138 3810 mala
1158 3756 1392 3811 illorum
1415 3758 1573 3814 fama
1593 3761 1951 3827 denigraret.
1976 3764 2160 3835 Hujus

497 3845 697 3896 autem
738 3841 1004 3911 gloriain
1041 3850 1267 3901 tantum
1304 3847 1624 3918 splenduit,
1645 3855 1706 3904 ut
1727 3866 1864 3906 cum
1897 3859 2163 3924 lrespen-

495 3928 1299 4005 derent,cumstupendailla
1315 3939 1484 4009 signa
1516 3938 1670 3994 facta
1694 3946 1850 4005 sunt,
1885 3941 1992 3997 soli
2023 3942 2162 3998 huic

494 4033 701 4075 omnes
730 4021 831 4078 illa
861 4023 1242 4095 ascripserint
1276 4041 1287 4078 :
1339 4031 1694 4100 tantumque
1745 4029 1954 4096 abfuit,
1993 4037 2053 4087 ut
2094 4031 2155 4086 il-

491 4107 683 4164 lorum
716 4111 1094 4184 participaret
1151 4115 1576 4186 suspicionem,
1647 4125 1709 4172 ut
1737 4120 1932 4189 potius
1966 4136 2155 4175 unum

491 4213 704 4254 eorum
743 4199 818 4255 ad
855 4218 1027 4257 suam
1061 4202 1240 4258 ﬁdem
1295 4207 1615 4270 atlraxerit,
1649 4212 1704 4261 et
1727 4223 1907 4262 omne
1936 4209 2162 4264 machi-

492 4293 845 4344 namentum
891 4290 953 4346 in
985 4293 1526 4362 caputludaeorum
1559 4311 1917 4352 conversum
1943 4299 2033 4364 sit,
2056 4314 2160 4370 pa.-

494 4383 771 4451 tremque
803 4395 1007 4436 eorum
1037 4380 1372 4438 diabolum.

558 4558 721 4612 Vers.
755 4560 843 4615 19.
877 4561 1208 4628 Scripsit—
1239 4562 1396 4618 Vers.
1453 4567 1541 4618 22.
1583 4566 1813 4634 scripsi.
1876 4566 2154 4622 Similiter

488 4650 545 4702 et
564 4645 695 4702 haec
715 4648 932 4719 pariter
953 4648 1157 4705 omnia
1174 4649 1233 4706 in
1255 4650 1354 4707 illo
1386 4653 1578 4724 capite
1601 4669 1927 4723 congruam
1954 4657 2157 4712 sortita
2190 4639 2234 4694 Ῑ)

489 4739 632 4792 sunt
656 4736 1226 4811 interpretationem,
1279 4741 1380 4796 ubi
1426 4741 1685 4798 dicitur:
1718 4744 1794 4799 Et
1837 4753 2157 4811 posuerunt

558 4916 606 4950 ⁷⁵
637 4915 837 4972 Matth.
867 4933 1042 4982 xxvu,
1076 4921 1163 4975 31.
1281 4921 1324 4955 ⁷⁷
1358 4918 1504 4977 ibid.
1539 4925 1626 4978 38.

2273 3424 2385 3455 νται
2420 3408 2511 3455 σὺν
2536 3404 2674 3472 αὐτῲ
2698 3399 2794 3454 δύο
2819 3398 3106 3474 λησταὶ,εἷς
3128 3399 3182 3452 ἐκ
3201 3396 3382 3461 δεξιῶν
3408 3403 3496 3450 καὶ
3519 3400 3591 3460 εἷς
3612 3398 3663 3460 ἐξ
3693 3397 3881 3450 εὐωνύ-

2273 3515 2380 3566 μων
2390 3534 2401 3545 .

2347 3584 2410 3635 Oi
2441 3586 2529 3654 μεν
2554 3579 2640 3634 οὖν
2666 3578 2916 3635 Ἰουδαῖοι
2939 3590 3319 3656 συσταυρώσαι
3340 3587 3519 3632 τοῦτον
3532 3586 3634 3639 τοῖς
3657 3581 3880 3650 κακούρ-

2273 3693 2384 3744 γοις
2433 3668 2792 3739 ἐσπούδασαν,
2855 3672 2935 3722 ἵνα
2983 3679 3044 3742 τῇ
3109 3676 3352 3741 κοινωνία
3402 3677 3492 3729 τῆς
3540 3672 3795 3741 πονηρίας
3851 3668 3882 3724 ἡ

2273 3763 2476 3834 πονηρὰ
2529 3760 2730 3812 ἐκείνων
2780 3764 2923 3831 φήμη
2970 3765 3063 3818 τὴν
3115 3759 3316 3830 ἀγαθὴν
3363 3762 3549 3810 τούτου
3579 3759 3884 3827 συσκιάση.

2279 3850 2517 3922 Ἐλαμψε
2564 3847 2622 3902 δὲ
2653 3857 2899 3902 τοσοῦτον
2943 3851 2972 3907 ἠ
3009 3846 3141 3912 δόξα
3194 3849 3372 3914 αὐτοῦ,
3407 3849 3486 3900 ὅτι
3517 3848 3630 3916 (61)
3661 3851 3752 3898 καὶ
3783 3855 3886 3898 τῶν

2274 3948 2427 4011 τριῶν
2479 3941 2608 4012 ὁμοῦ
2663 3944 3014 4012 κρεμαμένων,
3077 3941 3158 3990 ὅτε
3203 3941 3269 3990 τὰ
3319 3936 3510 4010 φοϐερὰ
3543 3942 3737 4008 σημεῖα
3775 3939 3891 4006 ἐγί-

2271 4049 2432 4095 νοντο,
2491 4035 2630 4102 μόνῳ
2675 4032 2840 4100 τούτῳ
2894 4037 3061 4080 ταῦτα
3109 4030 3291 4088 πάντες
3344 4025 3628 4098 ἐπέγραφον
3658 4042 3669 4054 ⁸
3702 4029 3793 4076 καὶ
3824 4024 3887 4076 οὐ

2272 4124 2424 4192 μόνον
2483 4120 2541 4172 οὐ
2601 4123 2828 4190 μετέσχε
2883 4126 2973 4178 τῆς
3027 4117 3227 4170 ἐκείνων
3255 4115 3575 4186 ὑπολήψεως,
3638 4113 3885 4166 ἀλλὰκαὶ

2272 4209 2460 4281 μᾶλλον
2527 4211 2659 4282 πρὸς
2716 4213 2808 4266 τὴν
2869 4208 2935 4268 εἰς
2982 4208 3137 4260 αὐτόν
3183 4212 3364 4260 πίστιν
3425 4209 3511 4258 τὸν
3543 4207 3630 4258 ἕνα
3683 4207 3882 4256 τούτων

2270 4297 2623 4363 ἐπεσπάσατο,
2684 4303 2771 4350 καὶ
2823 4302 2880 4349 τό
2929 4304 3029 4350 πᾶν
3082 4301 3358 4368 τέχνασμα
3393 4297 3707 4369 περιετράπη
3745 4296 3883 4346 κατά

2268 4397 2363 4450 τῆς
2393 4387 2616 4460 κεφαλῆς
2644 4395 2744 4438 τῶν
2795 4383 3067 4439 Ἰουδαίων
3099 4391 3188 4438 καὶ
3219 4394 3310 4438 τοῦ
3343 4388 3544 4460 Πατρός
3582 4388 3752 4436 αὑτων
3785 4391 3878 4436 τοῦ

2269 4474 2322 4530 δι
2333 4476 2518 4529 αϐόλου
2529 4515 2539 4527 .

2336 4565 2572 4640 Ἔγραψε
2655 4596 2723 4606 -
2800 4569 3056 4638 γέγραφα.
3137 4565 3356 4635 Ὁμοίως
3429 4565 3476 4614 ἐν
3548 4565 3562 4613 ἐ

2268 4655 2524 4728 κεφαλαίῳ
2602 4660 2691 4706 καὶ
2747 4663 2913 4706 ταυτα
2970 4656 3099 4726 ὁμοῦ
3157 4655 3328 4706 πάντα
3393 4661 3483 4712 τῆς
3541 4651 3885 4723 ἁρμοζούσης

3097 4748 3154 4796 τό
3185 4760 3197 4773 ⁸
3245 4747 3345 4797 Καὶ
3399 4743 3654 4800 ἐπέθηκαν
3709 4739 3884 4793 ἐπάνω

3137 4563 3356 4635 Ὁμοίως
3429 4561 3476 4614 ἐν
3548 4560 3717 4632 ἐκείνῳ
3806 4570 3882 4632 τῷ

2269 4750 2458 4818 ἔτυχον
2538 4745 2831 4818 ἑρμηνείας,
2905 4746 3024 4797 ἔνθα

1693 5100 1918 5170 Variae
1956 5101 2284 5174 lectiones
2327 5114 2391 5172 et
2431 5111 2632 5172 notae.

583 5296 671 5364 57)
711 5294 904 5352 Malim
936 5296 1138 5352 tollere
1171 5299 1216 5352 ό.

583 5296 671 5364 57)
711 5294 904 5352 Malim
936 5296 1138 5352 tollere
1171 5299 1216 5352 ό.

555 5294 671 5509 (58)
700 5367 885 5423 Etiam
915 5368 1044 5449 haec
1067 5369 1294 5426 absunt
1312 5372 1378 5426 A.

582 5438 669 5509 59)
713 5443 801 5500 Εἰς
832 5445 1045 5496 omittit
1084 5446 1148 5496 A.

582 5441 647 5492 59
713 5443 801 5500 Εἰς
832 5439 1045 5496 omittit
1084 5446 1148 5496 A.

582 5438 670 5579 6οζ
708 5511 877 5579 Αὐτῷ,
951 5516 1041 5563 καὶ
1109 5511 1148 5574 ἐξ

557 5511 670 5579 (60)
708 5511 877 5588 Adi-3“),
951 5516 1041 5563 καὶ
1109 5511 1225 5574 ἑξῆς
1285 5513 1379 5588 ἕως
1431 5518 1488 5588 τό
1544 5533 1556 5548 ·
1620 5521 1746 5568 Τότε
1805 5525 2149 5588 σταυροῦνται

487 5583 581 5631 σὺν
626 5578 767 5652 αὐτῷ
801 5578 898 5634 δύο
945 5582 1160 5656 λῃσταὶ,
1213 5585 1278 5645 εἷς
1325 5582 1379 5636 ἐκ
1440 5583 1622 5649 δεξιῶν
1671 5592 1759 5639 καὶ
1810 5590 1878 5650 εἷς
1926 5578 1977 5651 ἕξ
2031 5590 2127 5641 εὒω

2260 5306 2450 5382 Eappa,
2486 5303 2589 5369 sic,
2609 5302 2872 5382 _o_m_issis
2917 5302 3161 5382 caeteris,
3195 5314 3380 5382 usque
3429 5297 3506 5355 ad
3543 5296 3723 5382 eam»
3780 5304 3875 5348 τοῦ

2261 5371 2530 5451 διαϐόλου,
2567 5373 2667 5451 ubi
2699 5373 2938 5444 signum
2973 5373 3154 5451 stellae
3190 5371 3504 5451 posuimus
3812 5438 3844 5450 Ν

2333 5447 2451 5524 (61)
2485 5441 2895 5524 Ὀτιμίοι-ιὲιεεθ
2931 5441 3205 5524 pluribus
3217 5441 3651 5524 Adiscipli‘cebit‘,
3687 5441 3877 5521 conji-

2333 5462 2446 5520 (οι)
2509 5462 2604 5498 on
2645 5462 2895 5502 tortasse
2912 5462 3202 5572 ίΓιυιηυυε
3241 5462 3651 5524 αιεοιριιοθυιι,
3687 5462 3877 5521 θρυμ-

2262 5519 2551 5574 cientibus
2598 5519 2751 5585 ὥστε,
2785 5533 2908 5590 quo
2982 5523 3137 5573 recte
3178 5516 3358 5572 etiam
3390 5513 3712 5570 indicativo
3739 5527 3882 5582 Jun-

2268 5590 2448 5660 gitur.

555 5742 642 5811 (P)
676 5742 739 5795 Εἰ
763 5757 1096 5820 quanquam
1126 5745 1397 5814 —foras.
1424 5749 1554 5803 Haec
1601 5721 1710 5820 pro
1737 5747 1982 5806 arbitrio
2014 5751 2272 5808 mutavit
2299 5749 2646 5807 Hentenius.
2706 5749 2848 5815 Quae
2897 5763 3038 5806 vero
3065 5749 3124 5805 in
3152 5747 3269 5805 ﬁne
3295 5745 3496 5816 habet,
3528 5759 3600 5801 ea
3623 5743 3686 5799 in
3711 5742 3884 5799 nullo

489 5827 762 5870 meorum
794 5813 1122 5873 adduntur.
