4108 6398
208 354 346 413 1469

1191 358 1565 417 COMMENT.
1617 358 1688 413 IN
1726 357 2079 415 JOANNEM.
2122 389 2189 399 —
2229 357 2388 413 CAP.
2431 360 2583 416 XIX.

3442 352 3583 409 1470

207 492 296 545 τῆς
344 482 566 556 κεφαλῆς
646 484 806 538 αὑτοῦ
886 485 999 557 [τὴν
1089 485 1262 539 αἰτίαν
1335 485 1445 557 (62)
1503 486 1659 539 αὐτοῦ
1712 506 1800 558 γε.

1936 502 2099 555 super
2114 488 2431 557 caputejus
2460 500 2697 543 causam
2710 484 2896 556 ipsius
2921 483 3222 554 scriptam,
3247 483 3345 540 Hic
3366 490 3448 540 est
3473 497 3573 539 rex

207 592 507 647 γραμμενην

212 661 415 735 animm]

565 594 576 606 ·
636 575 803 637 Οὗτός
876 574 1012 628 ἐστιν
1085 578 1109 627 ό
1186 574 1439 649 βασιλεὺς
1514 584 1611 628 τῶν
1667 576 1804 630 Ἰου-

282 754 346 804 Oi
374 749 459 805 οὖν
491 761 807 825 στρατιῶται
840 787 907 794 —
937 754 1150 828 κλῆρον,
1200 755 1316 809 Ἐτι
1353 762 1442 808 καὶ
1469 763 1655 821 ταῦτα,
1690 758 1810 809 ἔνθα

208 849 290 895 τό·
354 849 752 916 Σταυρωσαντις
810 841 868 895 δὲ
920 844 1097 913 αὐτόν,
1125 842 1488 918 διεμερίσαντο
1514 849 1580 898 τὰ
1630 848 1813 917 ἱμάτια

213 932 391 997 αὐτοῦ,
453 931 722 1005 βάλλοντες
776 933 982 1006 κλῆρον.
1044 940 1143 987 Καὶ
1188 934 1464 998 ἀνελλιπώς
1504 935 1605 988 ἐκεῖ
1642 938 1813 989 πάντα

214 1018 569 1095 διηρμηνεύθη
580 1042 673 1073 σαν
715 1023 848 1094 (63).

284 1114 350 1164 Οἱ
413 1116 502 1184 μὲν
587 1108 673 1165 οὖν
756 1122 1071 1187 στρατιῶται
1138 1146 1205 1155 -
1276 1112 1626 1186 Μαγδαληνή.
1712 1120 1806 1168 Καὶ

210 1205 313 1274 μὴν
356 1206 635 1273 μονογενὴς
678 1198 738 1260 ἦν
780 1205 807 1260 ἡ
857 1208 1127 1264 Θεοτόκος-
1173 1202 1281 1255 ἀλλ’
1330 1204 1441 1257 ἐπεὶ
1486 1205 1678 1276 Ἰωσὴφ
1721 1209 1811 1256 καὶ

208 1290 418 1352 Κλοπᾶς
466 1288 698 1362 ἀδελφοὶ,
763 1294 877 1353 ἔθος
945 1289 1002 1345 δὲ
1071 1293 1191 1365 παρ’
1250 1292 1504 1368 Ἑϐραίοις
1561 1298 1647 1345 καὶ
1718 1296 1811 1355 τὰς

207 1389 305 1432 τῶν
388 1377 619 1453 ἀδελφῶν
694 1389 947 1452 γυναῖκας
1029 1380 1249 1455 ἀδελφὰς
1328 1386 1812 1459 προσαγορεύεσθαι

206 1465 301 1520 διὰ
342 1474 427 1527 τὴν
485 1478 583 1521 τῶν
625 1466 823 1543 ἀνδρῶν
900 1468 1243 1543 ἀδελφότητα,
1296 1473 1471 1525 λοιπὸν
1524 1478 1618 1531 τὴν
1694 1476 1812 1525 σύν-

203 1579 398 1631 νυμφον
450 1559 632 1625 αὐτῆς,
666 1556 892 1631 ἀδελφὴν
962 1562 1244 1633 ὠνόμασεν.
1304 1563 1441 1617 Ἀλλ’
1510 1564 1666 1621 Ἰωσή
1721 1568 1810 1635 μὲν

204 1655 293 1701 καὶ
346 1649 571 1713 Κλοποὶς,
620 1652 667 1701 οἱ
724 1647 906 1721 ἄνδρες
965 1651 1151 1717 αὐτῶν,
1193 1655 1345 1723 φύσει
1388 1650 1624 1725 αδελφοί·
1656 1652 1810 1705 αὐταὶ

206 1736 285 1804 δὲ,
332 1740 388 1791 αἱ
444 1742 636 1791 τούτων
692 1747 948 1810 γυναῖκες,
1006 1743 1297 1813 ἀγχιστεία
1331 1739 1571 1811 ἀδελφαί.
1616 1745 1809 1799 Εὶστή-

205 1848 385 1881 κεισαν
436 1825 494 1880 δε
544 1831 688 1900 παρὰ
725 1837 798 1899 τῷ
846 1838 1073 1901 σταυρῷ,
1115 1828 1297 1883 οἰδειαν
1348 1833 1596 1904 εὑροῦσαι
1663 1852 1810 1889 τηνι-
1841 1831 1880 1885 Β

204 1924 394 1969 καῡτα.
453 1925 660 1991 Πρῶτον
718 1921 817 1993 ’γὰρ
877 1925 1045 1971 πᾶσαι
1088 1919 1142 1971 αἰ
1206 1922 1496 1994 μαθήτριαι
1562 1920 1663 1973 ἀπό
1713 1942 1810 1993 μα-

204 2007 384 2079 κρόθεν
442 2005 712 2081 ἐθεώρουν,
781 2010 845 2067 ὡς
910 2010 957 2060 οἱ
1023 2007 1167 2061 ἄλλοι
1222 2006 1473 2074 ἐδίδαξαν
1536 2012 1803 2084 εὐαγγελι-

210 2115 353 2149 σται.

274 2184 724 2259 [Ἀνοίγνωθι(64)
762 2186 809 2239 ἐν
852 2195 924 2258 τῷ
954 2188 1093 2258 αὐτῷ
1125 2188 1380 2261 κεφαλαίῳ
1411 2194 1502 2247 τὴν
1548 2189 1804 2261 ἐξήγησιν

201 2282 313 2326 τοῦ·
346 2273 407 2331 Ὀ
450 2272 508 2328 δὲ
538 2277 766 2343 Ἰησοῦς,
798 2277 950 2329 πάλιν
991 2277 1181 2352 κράξας
1225 2287 1361 2351 φωνῇ
1392 2279 1614 2352 μεγάλῃ,
1646 2278 1809 2351 ἀφῆκε

201 2366 258 2415 τὸ
291 2365 540 2437 πνεῦμα.]

275 2456 481 2514 Ἰησοῦς
506 2487 573 2494 -
604 2456 806 2526 ἠγάπα.
839 2461 964 2509 Τότε
1000 2459 1098 2532 γὰρ
1129 2462 1218 2510 καὶ
1247 2458 1402 2520 αὐτὸς
1435 2463 1803 2532 συμπαρέστη,

198 2551 298 2595 τῶν
328 2542 534 2617 ἐχθρῶν
562 2542 832 2598 Ἰουδαίων
864 2543 970 2605 ἤδη
1001 2547 1434 2621 ἀναχωρούντων.

268 2728 426 2795 Λέγει
493 2756 559 2763 -—
617 2744 732 2779 σου.
818 2723 958 2783 Ἤδη
1049 2725 1390 2785 ἀποθνήσκων
1466 2731 1807 2801 παρατίθεται

194 2817 289 2871 τὴν
339 2818 546 2887 μητέρα
591 2823 663 2883 τῷ
711 2817 943 2888 μαθητῇ,
997 2821 1090 2874 την
1150 2818 1491 2889 ἠγαπημένην
1548 2828 1619 2888 τῷ
1679 2819 1804 2889 ἠγα-

193 2908 434 2975 πημένῳ,
486 2908 573 2963 τὴν
612 2908 859 2977 παρθένον
913 2915 983 2975 τῷ
1040 2909 1303 2979 παρθένων
1355 2905 1617 2960 παιδεύων
1667 2910 1807 2980 ἡμᾶς

196 2994 494 3066 φροντίζειν
553 3004 650 3046 τῶν
721 2998 905 3066 ’γονέων
973 2997 1136 3069 ἄχρις
1218 2996 1448 3068 ἐσχάτης
1526 2994 1805 3061 ἀναπνοῆς,

196 3083 221 3134 ὃ
282 3104 346 3135 αν
407 3082 465 3136 οὐ
523 3089 674 3156 μόνον
733 3086 826 3137 οὐκ
878 3086 992 3158 (65)
1046 3084 1407 3159 ἐμποδίζωσιν
1464 3088 1536 3149 εἰς
1596 3087 1804 3163 ἀρετὴν,

198 3172 330 3225 ἀλλὰ
374 3178 464 3225 καὶ
502 3174 692 3245 μᾶλλον
752 3176 1211 3248 συμφιλοσοφῶσιν
1264 3180 1388 3248 ἡμῖν
1432 3180 1498 3229 τὰ
1548 3183 1803 3251 σωτήρια.
1839 3193 1877 3247 C

1746 3273 1808 3320 Τί

195 3350 311 3423 ἐμοὶ
352 3357 445 3404 καὶ
493 3358 599 3420 σοὶ,
632 3356 821 3424 what;
854 3360 963 3407 καὶ·
1014 3361 1105 3418 Τίς
1157 3355 1296 3407 ἐστιν
1346 3358 1373 3415 ἡ
1436 3361 1611 3430 μήτηρ
1659 3375 1802 3427 μους

194 3261 348 3334 [⁷0ιέ
407 3264 520 3333 (66)
574 3267 663 3336 μὲν
727 3268 827 3339 γὰρ
882 3264 1113 3337 ἀκαίρως
1167 3267 1416 3337 ἠνώχλει,
1468 3266 1603 3337 ἔλεγε
1661 3282 1674 3296 ⁸

190 3448 280 3493 νῦν
343 3439 404 3493 δὲ
463 3440 655 3500 πολλὴν
726 3440 1079 3496 ἐπιδείκνυται
1145 3444 1530 3519 φιλοστοργίαν.
1594 3443 1704 3499 Ἴδε
1780 3448 1805 3498 ὁ

189 3533 305 3592 υἱός
364 3539 483 3597 σοὺ,
543 3537 832 3585 τουτέστιν.
893 3534 1042 3596 οὗτος
1116 3538 1263 3586 ἔσται
1333 3555 1416 3587 σοι
1478 3534 1584 3587 ἀντ’
1657 3536 1800 3607 ἐμοῦ·

185 3618 340 3673 Ἴδοὺ
382 3622 413 3678 ἡ
462 3626 636 3695 μήτηρ
681 3642 794 3691 σου,
848 3627 1029 3693 ἤγουν,
1062 3628 1125 3676 σὺ
1178 3628 1269 3698 ἕση
1306 3628 1465 3698 ταύτῃ
1499 3624 1605 3678 ἀντ’
1654 3625 1799 3697 ἐμοῦ,

185 3709 431 3781 ὀφείλεις,
500 3714 567 3773 ὡς
616 3717 810 3785 μητρός
869 3733 984 3781 σου,
1040 3718 1236 3776 ταύτης
1299 3715 1654 3789 φροντίζειν.]
1708 3724 1815 3777 Τῆς

186 3802 278 3871 μὲν
314 3801 406 3853 οὖν
451 3805 649 3873 μητρός
689 3801 971 3874 ἐφρόντισε·
1029 3807 1114 3855 τὸν
1170 3801 1228 3857 δὲ
1287 3806 1529 3875 μαθητὴν
1595 3809 1819 3878 ἐτίμησε

185 3894 352 3960 τιμὴν
412 3895 504 3948 τὴν
554 3897 826 3963 μεγίστην,
874 3898 963 3945 καὶ
1020 3903 1115 3955 τῆς
1151 3904 1460 3967 παραμονῆς
1502 3903 1662 3947 τοῦτο
1698 3898 1817 3966 (67)

187 3982 389 4051 μισθὸν
426 3983 552 4042 τέως
585 3976 803 4034 δέδωκε.

264 4074 423 4122 Διατί
472 4066 531 4122 δὲ
586 4075 657 4141 μὴ
714 4076 936 4131 καὶτῆς
992 4070 1145 4132 α’λλῆς
1184 4074 1452 4144 ἐφρόντισε
1521 4078 1816 4144 γυναικός;

188 4156 317 4210 ὀτι
349 4157 517 4216 ἐκείνη
559 4162 649 4229 μὲν
707 4166 819 4229 εἶχε
865 4156 1149 4231 κηδεμόνα,
1184 4162 1213 4218 ἡ
1277 4158 1334 4213 δὲ
1382 4167 1555 4235 μήτηρ
1589 4158 1816 4216 civim.

190 4253 283 4300 καὶ
342 4251 433 4299 ἵνα
484 4257 679 4319 γνῶμεν
737 4250 813 4300 ὅτι
851 4254 960 4320 χρὴ
1012 4253 1126 4310 τοὺς
1183 4252 1449 4312 τοιούτους
1501 4258 1821 4324 γεννήτορας

1918 577 2260 633 Iudaeorum
2291 578 2359 631 ⁷⁸.

1992 755 2153 810 Vers.
2175 758 2261 810 23.
2285 755 2499 810 Milites
2512 770 2650 823 ergo
2676 786 2733 794 —
2752 754 2921 809 Vers.
2947 753 3033 808 24.
3050 757 3283 809 sortem.
3299 752 3581 808 Praeterea

1920 845 2133 909 etharc,
2162 844 2264 900 ubi
2289 845 2502 900 dicitur
2528 862 2539 899 :
2562 846 2827 915 Cumque
2853 844 3287 913 cruciﬁxissent
3309 857 3455 908 eum,
3490 840 3581 895 di-

1921 934 2188 991 viserunt
2229 936 2570 991 vestimenta
2602 937 2724 1004 ejus
2756 936 2802 969 τί)
2820 952 2837 1005 ;
2875 948 3015 990 nam
3049 932 3128 987 ibi
3173 932 3379 989 omnia
3412 930 3577 987 nullo

1922 1026 2315 1097 praetermisso
2340 1024 2651 1080 enucleata
2681 1028 2839 1079 sunt.

1993 1116 2151 1169 Vers.
2184 1117 2272 1169 24.
2305 1114 2522 1169 Milites
2552 1114 2754 1185 itaque
2791 1143 2855 1153 —
2879 1114 3038 1167 Vers.
3076 1116 3170 1167 25.
3208 1111 3570 1180 Magdalene.

1920 1204 2098 1276 Atqui
2138 1203 2441 1273 unigenita
2479 1208 2604 1258 erat
2632 1202 2731 1257 Dei
2764 1204 2942 1257 Mater
2978 1218 2988 1255 :
3024 1216 3233 1257 verum
3263 1200 3485 1271 Joseph
3524 1200 3579 1255 et

1923 1294 2163 1366 Cleopas
2199 1294 2405 1348 fratres
2436 1297 2622 1347 erant.
2667 1291 2835 1348 Moris
2867 1296 3067 1346 autem
3119 1295 3241 1345 erat
3280 1288 3443 1360 apud
3476 1290 3579 1344 lle-

1920 1383 2139 1449 braeos,
2181 1382 2430 1437 fratrum
2462 1398 2700 1454 quoque
2741 1397 2971 1445 uxores,
3012 1379 3313 1451 appellare
3346 1392 3580 1433 sorores

1926 1478 2163 1545 propter
2177 1472 2439 1527 virorum
2468 1471 2911 1527 fraternitatem.
2937 1473 3139 1542 Itaque
3153 1484 3308 1533 eam,
3325 1484 3453 1539 quae
3469 1483 3577 1538 pa-

1922 1564 2058 1617 riter
2080 1578 2218 1617 cum
2244 1579 2313 1617 ea
2338 1577 2485 1616 uxor
2511 1566 2635 1616 erat
2656 1561 2762 1632 (a),
2791 1576 3059 1615 sororem
3085 1558 3434 1613 nominavit.
3461 1555 3577 1612 Sed

1920 1653 2134 1723 Joseph
2150 1652 2396 1724 quidem
2417 1657 2471 1705 et
2494 1651 2741 1722 Cleopas
2763 1648 3109 1712 viriearum,
3133 1654 3345 1703 natura
3368 1646 3578 1700 fratres

1921 1749 2088 1798 erant
2118 1759 2129 1797 ε
2167 1744 2314 1814 ipsae
2355 1747 2556 1797 autem
2584 1756 2790 1795 eorum
2820 1755 3054 1804 uxores,
3089 1738 3377 1793 affinitate
3410 1750 3579 1790 soro-

1921 1849 2030 1887 res.
2071 1832 2315 1888 Stabant
2342 1847 2476 1886 vero
2506 1831 2678 1901 juxta
2708 1844 2968 1890 crucem,
3008 1833 3145 1881 tunc
3178 1831 3366 1881 nactae
3411 1839 3580 1879 secu-

1919 1922 2155 1977 ritatem
2191 1939 2203 1977 :
2235 1923 2495 1992 primum
2528 1921 2684 1975 enim
2729 1934 2941 1974 omnes
2991 1915 3298 1987 discipulae
3344 1915 3576 1969 eminus

1919 2011 2390 2083 conspiciebant,
2443 2008 2619 2065 veluti
2658 2008 2851 2064 caeteri
2893 2007 3224 2062 docuerant
3279 2002 3576 2073 evangeli-

1920 2108 2047 2158 stre.

1992 2194 2141 2261 Lege
2172 2195 2227 2246 et
2255 2189 2466 2247 eodem
2499 2189 2687 2260 capite
2719 2186 2853 2243 dicti
2885 2186 3042 2241 illius
3088 2182 3517 2239 enarrationem
3562 2196 3576 2237 :

1918 2281 2081 2338 Jesus
2095 2288 2315 2344 autem,
2332 2296 2464 2336 cum
2486 2281 2695 2334 iterum
2711 2279 3012 2333 clamasset
3030 2289 3165 2331 voce
3182 2286 3422 2343 magna,
3445 2270 3582 2327 emi-

1919 2371 1992 2426 sit
2022 2371 2298 2440 spiritum
2332 2371 2399 2423 ⁸ο.

1993 2465 2149 2518 Vers.
2181 2463 2268 2518 26.
2294 2463 2461 2517 Jesus
2494 2492 2559 2501 —-
2583 2458 2885 2528 diligebat.
2915 2457 3073 2511 Tunc
3095 2454 3257 2509 enim
3279 2455 3337 2507 et
3357 2452 3483 2523 ipse
3508 2450 3582 2505 si-

1921 2551 2046 2606 mul
2096 2551 2348 2615 astabat,
2416 2566 2553 2605 cum
2616 2550 2744 2619 jam
2806 2547 3006 2602 hostes
3063 2542 3250 2598 JtldtBl
3316 2538 3581 2596 discede-

1920 2654 2071 2699 rent.
2662 2650 2663 2653 “

1990 2731 2148 2785 Vers.
2177 2734 2264 2785 26.
2322 2729 2477 2785 Dicit
2507 2760 2574 2768 —
2607 2729 2767 2782 Vers.
2800 2730 2889 2781 27.
2948 2728 3068 2780 tua.
3124 2723 3259 2777 Jam
3318 2719 3582 2775 moriens

1921 2822 2160 2875 Matrem
2175 2818 2561 2874 commendat
2577 2815 3137 2888 discipulo,summe
3156 2812 3581 2876 dilectam,ma-

1918 2910 2079 2964 xime
2111 2909 2327 2964 dilecto
2360 2926 2371 2975 ;
2408 2908 2711 2975 Virginem
2732 2905 2945 2975 virgini
2986 2920 2997 2958 :
3028 2903 3331 2957 instruens
3358 2915 3492 2965 nos,
3522 2902 3583 2954 ut

1921 3015 2125 3054 curam
2152 2998 2483 3054 habeamus
2518 3002 2835 3067 parentum
2891 2994 2965 3050 ad
3006 2996 3340 3047 extremum
3386 3003 3581 3060 usque

1920 3089 2214 3159 spiritum,
2252 3087 2499 3160 quando
2540 3102 2659 3141 non
2706 3086 2898 3140 solum
2948 3100 3067 3138 non
3119 3084 3257 3136 sunt
3297 3079 3374 3135 ad
3406 3078 3582 3133 virtu-

1921 3186 2036 3234 tem
2050 3179 2498 3250 impedimento,
2517 3177 2637 3232 imo
2654 3175 2849 3247 potius
2866 3173 3180 3229 nobiscum
3201 3170 3274 3227 ad
3299 3166 3583 3224 salutaria

1918 3273 2268 3324 exercentur
2294 3268 2391 3339 (r).
2428 3271 2572 3322 Nam
2603 3264 2850 3337 quando
2881 3262 3293 3333 intempestive
3333 3258 3583 3313 molesta

1918 3364 2061 3424 erat,
2091 3358 2362 3413 dicebat:
2397 3357 2546 3424 Quid
2576 3355 2721 3411 mihi
2739 3361 2792 3410 et
2826 3354 2931 3409 tibi
2960 3359 3063 3416 est,
3097 3350 3314 3405 mulier
3345 3349 3387 3384 ⁸1
3424 3349 3450 3403 ?
3479 3350 3531 3402 et
3564 3362 3578 3401 :

1919 3449 2052 3514 Quae
2083 3455 2164 3504 est
2186 3455 2377 3503 mater
2398 3462 2526 3502 mea
2548 3447 2592 3480 ⁸²
2621 3446 2647 3501 i’
2673 3449 2836 3501 Nunc
2859 3459 2993 3498 vero
3018 3456 3307 3510 magnum
3333 3438 3584 3493 demon-

1918 3543 2065 3593 strat
2090 3552 2362 3592 amorem
2406 3552 2417 3590 :
2454 3538 2586 3591 Ecce
2631 3536 2797 3607 ﬁlius
2843 3542 2999 3597 tuus,
3034 3532 3146 3586 hoc
3178 3534 3283 3594 est,
3315 3527 3409 3583 hic
3447 3541 3584 3581 meo

1913 3617 2045 3683 1oco
2081 3627 2181 3682 tibi
2213 3627 2338 3681 erit.
2376 3626 2529 3681 Ecce
2561 3632 2747 3679 mater
2773 3627 2896 3687 tua,
2943 3622 3086 3686 sive,
3116 3625 3177 3675 tu
3219 3617 3336 3673 eris
3387 3616 3441 3671 ei
3477 3630 3583 3680 pro

1933 3735 2026 3773 me
2053 3740 2063 3783 ;
2089 3722 2319 3790 oportet
2348 3719 2401 3769 te
2435 3716 2613 3786 hujus
2650 3715 2803 3767 sicut
2846 3712 3050 3767 matris
3099 3711 3318 3765 habere
3350 3720 3580 3761 curam.

1929 3806 2124 3863 Matris
2156 3808 2357 3878 itaque
2398 3821 2605 3861 curam
2636 3802 2865 3867 habuit,
2909 3798 3269 3873 discipulum
3304 3811 3442 3851 vero
3482 3794 3587 3849 ho-

1927 3912 2071 3951 nore
2104 3896 2370 3950 maximo
2401 3894 2735 3958 honoravit,
2772 3908 2837 3947 ac
2868 3890 3100 3946 interim
3128 3889 3284 3943 hanc
3314 3883 3588 3954 longani-

1926 3986 2146 4042 mitatis
2175 3985 2245 4056 (ε)
2268 3984 2433 4041 dedit
2452 3982 2809 4039 mercedem.

2000 4079 2191 4141 Quare
2242 4080 2441 4129 autem
2486 4073 2724 4127 alterius
2774 4084 3016 4142 quoque
3061 4064 3322 4121 mulieris
3374 4078 3582 4119 curam

1933 4180 2051 4219 non
2069 4160 2315 4218 habuit?
2334 4160 2483 4225 Quia
2504 4160 2602 4214 illa
2627 4162 3063 4230 procuratorem
3086 4152 3368 4218 habebat,
3396 4155 3587 4205 mater

1933 4269 2073 4309 vero
2098 4252 2397 4307 neminem
2420 4255 2523 4316 :et,
2548 4254 2608 4304 ut
2631 4247 2897 4303 sciamus
2910 4244 3071 4319 quod
3092 4246 3364 4314 oporteat
3381 4238 3585 4311 hujus-

190 4341 464 4411 προτιμᾷν
512 4345 609 4388 τῶν
668 4336 829 4388 α’λλων
886 4337 996 4389 ἀνθ’
1052 4340 1119 4389 ὧν
1162 4341 1350 4406 ἔτεκον,
1408 4338 1518 4392 ἀνθ’
1582 4341 1648 4391 ὧν
1709 4340 1815 4394 ἀνέ-

1936 4342 2095 4397 modi
2117 4345 2394 4414 parentes
2418 4355 2540 4410 prae
2568 4338 2793 4393 caeteris
2819 4335 3133 4399 honorare,
3169 4331 3313 4404 quia
3342 4343 3588 4401 pepere-

190 4426 399 4497 θρεψαν
432 4425 569 4497 (68),
611 4424 719 4478 ἀνθ’
748 4426 814 4477 ὧν
844 4432 1009 4501 μυρία
1048 4425 1193 4481 δεινὰ
1218 4430 1527 4482 πεπόνθασι.

262 4642 316 4676 ⁷⁸
352 4640 558 4697 Matth.
592 4657 770 4706 xxvu,
809 4646 894 4699 37.
1010 4645 1057 4679 τθ
1088 4642 1235 4701 ibid.
1277 4645 1371 4700 35.
1493 4647 1541 4680 ⁸ο
1582 4645 1726 4701 ibid.
1764 4650 1851 4702 50.

1929 4438 2087 4499 runt,
2142 4430 2284 4503 quia
2342 4428 2634 4493 aluerunt,
2691 4426 2834 4499 quia
2888 4424 3044 4479 mille
3095 4419 3357 4494 pericula
3424 4418 3586 4490 passi

1930 4526 2087 4577 sunt.

1967 4647 2011 4683 ⁸1
2044 4647 2216 4703 Joan.
2246 4662 2309 4715 ιι,
2342 4648 2394 4701 4.
2510 4645 2556 4681 ⁸³
2585 4643 2781 4701 Matth.
2815 4657 2912 4711 xu,
2947 4643 3036 4696 48.

1436 4824 1660 4893 Variae
1699 4825 2027 4894 lectiones
2058 4837 2121 4893 et
2162 4836 2363 4893 notae.

428 4992 661 5049 Inclusa
687 4992 907 5048 absunt
932 4996 995 5048 A.

271 4994 291 5034 Ι

297 4994 371 5049 62
428 4993 661 5049 Inclusa
687 4993 995 5048 absuntA.

297 4993 395 5134 63;
432 5070 517 5143 ξ’ρ.
548 5060 1021 5143 διηνκρινήθ-ησαν.
1056 5067 1122 5143 In;
1163 5082 1350 5143 marg.
1382 5069 1443 5143 Β.
1475 5073 1809 5143 Δειηυκρινὴ-

193 5139 400 5216 θησαν,
434 5136 493 5216 in
536 5141 816 5216 contex_t_.u
858 5137 1041 5193 habet
1097 5140 1161 5193 Α.
1212 5136 1404 5213 Atque
1433 5142 1515 5196 ita
1562 5136 1809 5197 fortasse

191 5209 533 5264 Hentenius
562 5209 803 5278 reperit.

293 5280 391 5344 64)
425 5279 655 5333 lnciusa
685 5279 901 5335 desunt
927 5283 992 5335 A.

293 5353 395 5423 65)
439 5348 849 5423 Ἐμποδίζουσιν
878 5356 940 5405 Α.

263 5502 527 5581 (Q),Quag
547 5502 779 5581 Pariter
808 5509 1040 5581 ‘—_erat.
1072 5507 1364 5578 Σύννυμφον
1409 5522 1568 5563 nunc
1606 5507 1808 5581 appel.

187 5577 273 5633 lat
300 5575 693 5650 dfﬁngm,_ritv
722 5576 838 5650 κατ’
869 5576 1153 5649 ἐπιγαμίαν
1182 5575 1431 5650 σνγλγενῆ.

260 5648 348 5719 (ν)
384 5648 485 5701 Ad
511 5648 807 5704 salutaria
838 5648 1205 5705 exercentur.
1238 5648 1530 5706 salutaria
1559 5654 1818 5708 tractant

186 5718 479 5795 (salutari
499 5725 553 5773 et
574 5720 933 5789 evangelicae
953 5721 1240 5779 doctrinas
1258 5722 1509 5795 vitaeque
1536 5722 1818 5781 Christia-

188 5789 291 5848 nae
327 5789 486 5845 dant
510 5800 802 5862 operam).

2019 4998 2107 5063 66)
2141 4996 2374 5052 Inclusa
2406 4996 2628 5052 absunt
2657 4996 2701 5049 Α

2019 5071 2110 5135 67)
2140 5075 2333 5139 Τοῦτον
2361 5067 2595 5122 videtur
2618 5066 2829 5139 legisse
2862 5062 3203 5139 Hentenius.

2018 5130 2110 5211 68)
2154 5138 2413 5212 Ἐθρεψαν
2446 5141 2509 5212 Α.
2566 5130 2708 5193 Hoc'
2737 5143 2825 5193 est
2872 5136 3044 5201 alere,
3086 5138 3149 5189 ut
3206 5130 3385 5212 habet
3437 5132 3586 5212 Hen-

1925 5201 2117 5267 tenius
2167 5228 2178 5265 :
2232 5201 2390 5267 istud
2428 5211 2680 5266 educare
2736 5226 2748 5274 ;
2800 5222 3154 5281 quanquam
3204 5201 3450 5275 simplex
3504 5201 3587 5256 ita

1921 5283 2104 5340 etiam
2141 5282 2447 5355 accipitur.

1993 5506 2066 5579 (s)
2116 5506 2637 5579 Longanimztatis.
2686 5510 2966 5578 Παραμονὴ
3000 5502 3248 5579 Jaonnis
3281 5500 3584 5579 e_s_t,.quod

1921 5572 2179 5651 captum,
2242 5572 2571 5633 abductum
2622 5592 2697 5651 ac,
2740 5572 2899 5651 cruci
2964 5576 3217 5651 afﬁnem
3287 5572 3583 5651 QhriStu_m

1933 5644 2125 5707 fuerat
2150 5655 2404 5713 secutus,
2433 5665 2571 5704 cum
2601 5649 2811 5721 reliqni
2838 5648 3269 5721 discipulieum
3292 5644 3585 5701 deseruis-

1932 5728 2084 5779 sent.
2118 5724 2268 5793 Ergo
2290 5720 2757 5793 perseverantiae,
2792 5720 3149 5783 constantiae.
