4108 6384
549 349 685 406 1471
1883 354 2235 411 EUTHYMll
2279 355 2611 413 ZIGABENI
3805 361 3931 417 I472

616 476 938 534 Considera
964 483 1186 544 autem,
1221 478 1383 553 quod
1428 483 1564 535 ante
1594 479 1938 552 passionem
1971 481 2224 554 quidem

2412 488 2592 536 Σκόπει
2627 482 2685 538 δὲ
2715 493 2818 546 πῶς
2867 488 2966 558 πρὸ
3005 487 3094 558 μὲν
3135 491 3226 537 τοῦ
3267 485 3470 548 πάθους
3500 485 3717 556 ἠγωνία,
3745 494 3833 538 νῦν
3881 485 3933 540 δὲ

549 567 932 624 vehementer
964 570 1319 638 angebatur,
1352 586 1523 624 nunc
1555 585 1693 625 vero
1724 571 1850 625 sine
1884 571 2171 627 turbatior

2341 571 2624 646 ἀταράχως
2680 573 3014 647 ὃιαλέγεται’
3077 578 3181 628 ἐκεῖ
3229 579 3317 647 μὲν
3369 578 3470 648 γὰρ
3525 579 3555 634 ἡ
3607 585 3697 636 τῆς
3747 579 3933 648 φύσεως

550 657 906 729 alloquitur:
939 660 1235 730 siquidem
1259 659 1340 714 ibi
1369 666 1600 714 naturae
1630 659 1968 726 inﬁrmitas,
1994 661 2089 715 hic
2114 677 2172 714 ar

2340 662 2593 731 ἀσθένεια,
2662 665 2883 718 ἐνταῦθα
2951 663 3007 718 δὲ
3068 668 3097 724 ἡ
3177 675 3269 728 τῆς
3347 668 3610 738 ὑπομονῆς
3664 672 3933 739 περιουσία

543 757 658 804 tem
685 748 974 819 patientiae
996 749 1374 803 vehementia
1401 766 1516 820 app
1533 755 1674 804 aret.
1696 750 2165 812 Quemadmodul

2338 759 2589 825 φαίνεται.
2656 754 2878 830 [Ὠσπερ
2967 757 3082 828 (69)
3151 759 3252 828 ’γὰρ
3328 761 3422 813 τὴν
3501 754 3778 828 ἐπιθυμίαν
3844 765 3929 819 τῆς

542 837 703 892 enim
733 837 1278 908 concupiscentiam
1310 837 1748 892 commistionis
1781 854 2124 910 corporum,
2157 839 2164 892 l

2335 843 2519 914 μίξεως
2573 854 2671 896 τῶν
2739 847 3012 916 σωμάτων,
3065 850 3238 897 καίτοι
3293 842 3526 918 σφοδρὰν
3571 847 3694 918 ἡμῖν
3753 844 3929 898 ἐνσπα.

546 931 635 980 cet
664 926 1042 981 vehementer
1074 927 1250 981 nobis
1278 927 1352 981 ad
1382 927 1826 982 successionem
1862 929 2109 997 generis
2142 929 2168 983 il

2334 939 2513 1005 ρείσαν
2554 938 2678 1006 πρὸς
2709 931 2978 1006 διαδοχὴν
3028 943 3120 987 τοῦ
3159 939 3359 1006 γένους,
3395 935 3792 1006 φιλοσοφοῠντες
3841 955 3928 1007 μα-

545 1015 740 1080 sitam,
786 1015 1173 1087 phiIOSOpbia:
1218 1015 1396 1069 dediti
1441 1019 1510 1086 (ι)
1559 1016 2000 1085 exstinguimus
2065 1035 2075 1072 :
2145 1018 2158 1070 i

2335 1027 2617 1095 ραίνομεν·
2682 1024 2814 1075 οὕτω
2891 1029 2979 1075 καὶ
3056 1028 3150 1082 τὴν
3225 1023 3504 1096 ἐπιθυμίαν
3595 1031 3692 1084 τῆς
3774 1024 3925 1088 ζωῆς,

547 1120 787 1177 quoque
809 1105 930 1160 vitae
953 1105 1367 1177 cupiditatem,
1394 1121 1744 1178 quanquam
1770 1107 2108 1177 plurimam,
2147 1123 2168 1161 I

2335 1116 2504 1164 καίτοι
2553 1111 2736 1171 πολλὴν
2787 1115 2912 1185 ἡμῖν
2960 1112 3246 1166 ἐντεθεῖσαν
3298 1116 3428 1186 πρὸς
3476 1116 3533 1165 τὸ
3598 1117 3669 1185 μὴ
3709 1113 3927 1186 ἀναιρεῖν

545 1195 1180 1266 nosipsosinterimam
1192 1211 1276 1258 us,
1296 1195 1463 1249 nobis
1483 1195 1808 1267 inditam,p
1827 1195 2163 1266 hilosophia

2332 1201 2560 1271 ἑαυτοὺς,
2622 1202 3018 1274 φιλοσοφοῦντες
3074 1202 3392 1275 ἁμϐλύνομεν
3441 1221 3452 1235 ο
3521 1207 3610 1254 καὶ
3675 1202 3852 1254 λοιπὸν
3905 1205 3926 1254 ὁ

543 1287 861 1357 sequentes
893 1285 1288 1340 Christianam
1313 1283 1670 1352 frangimus:
1695 1290 1748 1338 et
1768 1291 1916 1339 tunc
1942 1285 2165 1340 turbati:

2330 1291 2386 1342 ἐκ
2467 1291 2742 1363 φιλοζωίας
2811 1293 3047 1365 τάραχος
3115 1293 3214 1343 ὑπὸ
3282 1291 3583 1364 φιλοσοφίας
3653 1291 3928 1344 καταστελ-

543 1390 679 1447 quas
697 1391 765 1428 ex
794 1373 981 1429 nimio
1004 1374 1131 1428 vita:
1156 1389 1365 1428 amore
1386 1373 1756 1444 procedebat,
1777 1391 1811 1429 a
1834 1375 2165 1446 philosoph:

2327 1381 2490 1441 λεται,
2570 1386 2659 1434 καὶ
2713 1382 2848 1434 οὕτω
2884 1385 3224 1456 προσγίνεται
3281 1385 3339 1432 τὸ
3408 1383 3774 1454 περιγίνεσθαι
3831 1389 3925 1432 τῶν

544 1464 876 1520 Christiana
912 1465 1326 1536 supprimitur,
1378 1479 1447 1518 ac
1479 1463 1557 1518 ita
1587 1463 1646 1519 ﬁt
1675 1469 1734 1520 ut
1772 1465 2083 1520 vincantur
2112 1479 2214 1535 pe-
2329 1468 2528 1526 δεινῶν.

546 1553 755 1608 ricula.

620 1640 770 1698 Nihil
799 1648 997 1698 autem
1025 1643 1277 1714 amplius
1305 1647 1653 1698 testamento
1677 1642 1828 1699 cavit
1860 1645 1972 1714 (ιι).
1997 1642 2212 1715 partim

2397 1649 2563 1705 Οὐδὲν
2608 1649 2667 1706 δὲ
2705 1652 2875 1705 πλεῖον
2925 1651 3206 1721 ἐπέσκηψε,
3237 1658 3389 1703 τοῦτο
3421 1653 3509 1722 μὲν
3542 1647 3636 1703 διὰ
3665 1655 3724 1704 τὸ
3762 1654 3926 1704 στενὸν

544 1731 804 1803 quidem,
853 1738 1083 1803 propter
1117 1738 1400 1804 temporis
1428 1734 1756 1805 angustiam
1803 1751 1818 1786 :
1860 1734 2074 1805 partim
2113 1750 2166 1787 at

2325 1749 2416 1794 τοῦ
2469 1751 2676 1815 καιροῦ,
2707 1750 2858 1794 τοῦτο
2919 1739 2977 1793 δὲ
3021 1746 3109 1793 καὶ
3161 1743 3217 1792 τὸ
3259 1740 3375 1811 (70)
3409 1737 3500 1792 διὰ
3549 1739 3802 1814 βιωτικὸν
3843 1745 3924 1814 μὲν

546 1827 683 1886 tem,
723 1822 866 1892 quia
897 1822 1224 1894 temporale
1255 1823 1500 1894 quidem
1536 1823 1680 1878 nihil
1711 1823 1942 1888 habuit,
1987 1823 2059 1877 de
2095 1839 2164 1894 sp

2325 1829 2491 1902 μηδὲν
2531 1834 2694 1903 ἔχειν,
2726 1836 2843 1907 περὶ
2871 1827 2930 1883 δὲ
2967 1839 3064 1883 τῶν
3096 1837 3456 1902 πνευματικῶν
3502 1830 3926 1903 προεντείλασθαι

545 1910 856 1967 ritualibus
890 1928 1027 1967 vero
1065 1913 1230 1983 prius
1262 1913 1659 1968 communiter
1689 1912 1971 1968 omnibus
1997 1928 2167 1983 praem

1088 1913 1230 1967 >rius
1262 1913 1659 1968 communiter
1689 1912 1971 1968 omnibus
1997 1928 2210 1983 praece—
2323 1930 2467 1994 κοινῇ
2501 1921 2710 1994 natam]

545 2006 732 2072 perat.

621 2090 782 2147 Vers.
846 2097 933 2147 27.
994 2093 1075 2147 Et
1136 2124 1199 2134 -ι
1251 2108 1377 2148 sua.
1434 2093 1611 2147 Juxta
1672 2091 1934 2162 magistri
1996 2108 2209 2163 praece-

2395 2101 2498 2153 Καὶ
2552 2130 2618 2138 -~
2660 2095 2794 2150 ἴδια.
2855 2099 3001 2150 Κατά
3050 2102 3143 2156 τὴν
3202 2099 3314 2170 (Ἠ)
3374 2096 3580 2156 ἐντολὴν
3623 2104 3719 2149 τοῦ
3764 2093 3918 2150 διδα-

546 2185 738 2252 ptum.

2323 2189 2540 2242 σκάλου.

617 2269 782 2324 Vers.
824 2271 910 2325 ‘28.
951 2271 1151 2328 Postea
1182 2304 1250 2310 —
1281 2277 1678 2327 consummata
1705 2275 1913 2328 essent.
1964 2271 2208 2343 Reliqua

2392 2281 2537 2331 Μετὰ
2567 2285 2719 2329 τοῦτο
2760 2309 2823 2317 -
2858 2308 2920 2317 -
2954 2276 3266 2329 τετέλεσται.
3312 2277 3488 2329 Πάντα
3528 2273 3715 2344 τᾶλλα,
3749 2278 3814 2328 τὰ
3837 2283 3918 2334 τῆς

544 2361 771 2425 omnia,
807 2377 942 2432 quae
976 2377 1098 2415 suae
1133 2366 1294 2416 erant
1327 2361 1810 2432 dispensationis.

1010 2377 1098 2415 uae
1133 2366 1294 2416 erant
1327 2361 1810 2432 dispensationis.
2319 2367 2632 2438 οἰκονομίας.

618 2449 782 2504 Vers.
809 2453 897 2504 '28.
926 2449 996 2505 Ut
1019 2450 1255 2505 —Vers.
1283 2455 1369 2506 29.
1397 2451 1488 2504 ori
1517 2451 1664 2518 ejus.
1686 2452 1829 2504 Nam
1863 2448 2056 2502 solum
2091 2449 2205 2504 hoc

2387 2455 2497 2508 Ἵνα
2550 2456 2710 2507 αὐτοῦ
2755 2463 2825 2526 τῷ
2891 2460 3132 2523 στόματι.
3168 2453 3356 2527 [Τοῦτο
3389 2455 3504 2525 (72)
3529 2457 3628 2528 γὰρ
3657 2459 3813 2526 μόνον
3852 2456 3918 2506 ἔτι

547 2537 838 2609 reliquam
864 2545 1006 2592 erat.
1037 2539 1400 2610 Scripturam
1432 2543 1631 2592 autem
1665 2538 1802 2592 dicit
1828 2538 2169 2593 Davidicam

2317 2545 2551 2598 ἐνελειπε.
2588 2550 2795 2618 Γραφὴν
2829 2542 2887 2597 δὲ
2917 2544 3051 2615 λέγει
3081 2549 3174 2602 τὴν
3208 2548 3508 2608 Δαυῐτικὴν,
3538 2549 3596 2595 τὸ
3631 2560 3644 2572 '
3677 2548 3781 2597 Καὶ
3801 2540 3916 2596 ἔδυ-

543 2643 682 2698 quae
704 2627 814 2682 ait:
846 2628 922 2682 Et
937 2629 1229 2683 dederunt
1246 2628 1304 2682 in
1323 2643 1511 2683 escam
1531 2643 1718 2683 meam
1738 2628 1844 2696 fel,
1873 2633 1926 2683 et
1948 2627 2024 2681 ad
2042 2628 2165 2682 sitir

2316 2656 2409 2687 καν
2453 2639 2520 2697 εἰς
2553 2639 2610 2687 τὸ
2640 2634 2828 2708 βρῶμά
2854 2655 2953 2706 μου
2997 2634 3184 2706 χολὴν,
3218 2639 3307 2685 καὶ
3359 2635 3429 2694 εἰς
3473 2638 3566 2691 τὴν
3618 2629 3784 2704 δίψαν
3826 2653 3917 2706 μου

543 2731 724 2772 meam
750 2721 1101 2785 potaverunt
1131 2734 1217 2772 me
1248 2724 1407 2773 aceto
1440 2718 1506 2770 ⁸³.

1248 2724 1407 2773 aceto
1440 2718 1506 2770 ⁸³.
2317 2728 2561 2777 ἐπότισαν
2593 2744 2654 2796 με
2688 2723 2849 2797 ὅξος]

617 2808 823 2871 Quaere
857 2812 1055 2861 autem
1090 2808 1370 2877 praedicto
1395 2807 1589 2876 capite
1618 2807 1972 2862 sententiam
2002 2806 2162 2862 illam
2187 2823 2198 2862 :

2386 2819 2622 2872 Ζήτησον
2684 2813 2743 2866 δὲ
2793 2813 2841 2865 ἐν
2898 2820 2970 2883 τῷ
3025 2809 3470 2887 προδιαληφθέντι
3511 2811 3776 2884 κεφαλαίῳ
3827 2817 3911 2864 τὸ·

547 2895 840 2951 Dederunt
855 2899 909 2952 ei
919 2895 993 2951 ad
1007 2897 1317 2952 bibendum
1337 2902 1565 2952 acetum
1583 2913 1714 2952 cum
1728 2897 1870 2966 felle
1889 2899 2114 2953 mistum
2133 2898 2169 2931 ⁸⁴

2316 2901 2559 2956 Ἕδωκαν
2624 2903 2766 2973 αὐτῷ
2839 2910 2972 2954 πιεῖν
3043 2902 3158 2964 ὅξος
3229 2904 3360 2974 μετὰ
3433 2901 3603 2973 χολῆς
3669 2906 3913 2975 μεμιγμέ-

543 2991 599 3040 et
625 2985 910 3058 lege,quae
927 2986 1006 3041 ibi
1029 2986 1182 3040 dicta
1212 2993 1367 3040 sunt.
1393 2989 1657 3057 Hyssopo
1678 3002 1818 3041 vero
1840 2986 2165 3058 appositam

2315 3013 2422 3044 νον·
2475 2998 2564 3045 καὶ
2636 2991 2894 3064 ἀνάγνωθι
2958 2996 3020 3044 τὰ
3075 2993 3299 3066 ῥηθέντα
3359 2989 3480 3046 ἐκεῖ.
3537 2990 3796 3062 Ὑσσὼπῳ
3865 2987 3917 3042 δὲ

543 3075 662 3128 sive
681 3075 929 3146 hyssopi
952 3075 1252 3140 arundini,
1273 3092 1451 3147 quam
1469 3075 1543 3129 ad
1561 3091 1810 3130 manum
1827 3080 2165 3147 repererunt

2317 3085 2630 3157 περιθέντες,
2705 3085 2870 3134 εῖτουν
2952 3084 3204 3134 ὑσσώπου
3295 3080 3530 3153 καλάμῳ,
3627 3086 3917 3154 προχείρως

542 3165 723 3237 idque
751 3169 995 3236 propter
1025 3166 1212 3220 crucis
1246 3165 1608 3220 altitudinem
1638 3165 1718 3237 (υ)
1743 3164 2070 3220 Illudebant
2095 3181 2164 3220 au

2317 3174 2592 3247 εὑρεθέντι,
2645 3169 2739 3224 διὰ
2795 3174 2853 3223 τὸ
2894 3170 3027 3241 ὕψος
3079 3179 3170 3222 τοῦ
3224 3177 3474 3242 σταυροῦ.
3509 3169 3813 3232 Ἐνέπαιζον
3864 3167 3916 3222 δὲ

543 3258 659 3309 tem
689 3253 739 3307 ei
770 3254 1088 3309 offerentes
1121 3259 1367 3309 acetum.

2317 3261 2477 3332 αὐτῷ,
2507 3266 2878 3336 προσφέροντες
2911 3261 3043 3324 ὅξος.

613 3343 773 3398 Vers.
817 3347 904 3399 30.
958 3346 1102 3399 Cum
1142 3375 1202 3384 —
1255 3351 1708 3399 consummatum
1761 3349 1867 3399 est.
1910 3343 2204 3399 Omnibus

2384 3351 2507 3404 Ὀτε
2580 3383 2646 3392 --
2717 3351 3031 3404 τετέλεσται.
3113 3349 3488 3424 Ἀπὴρτισται,
3598 3346 3752 3402 οὐδὲν
3839 3349 3912 3401 ἐλ-

540 3441 808 3496 numeris
836 3442 1134 3514 completa
1157 3448 1292 3498 sunt
1313 3443 1538 3512 omnia,
1566 3444 1666 3507 sic,
1703 3449 1764 3498 ut
1786 3443 1912 3514 jam
1941 3442 2082 3497 nihil
2107 3441 2205 3496 de-
2314 3440 2496 3494 λείπει.

541 3530 714 3586 ﬁciat.

612 3623 766 3675 Vers.
803 3625 890 3677 30.
921 3621 1000 3676 Et
1039 3652 1106 3661 —
1134 3621 1426 3690 spiritum.
1471 3625 1617 3688 Non,
1652 3626 1962 3692 postquam
2013 3622 2207 3692 exspi-

2390 3625 2491 3673 Καὶ
2544 3651 2613 3660 -
2668 3627 2890 3692 πνεῦμα.
2935 3619 3066 3683 Οὐκ,
3124 3615 3303 3677 ἐπειδὴ
3384 3616 3702 3682 ἐξέπνευσεν,
3764 3617 3913 3670 ἔκλινε

539 3710 711 3771 ravit,
744 3716 922 3781 caput.
970 3709 1295 3774 inclinavit,
1329 3709 1494 3781 quod
1526 3710 1582 3764 in
1619 3709 1791 3764 nobis
1819 3710 2067 3764 accidit:
2100 3727 2160 3765 se

2317 3714 2410 3767 τὴν
2451 3709 2695 3782 κεφαλὴν,
2756 3712 2875 3784 ὅπερ
2924 3708 2994 3781 ἐφ’
3056 3711 3204 3780 ἡμῷν
3260 3712 3454 3780 γίνεται
3511 3724 3523 3737 ·
3575 3706 3683 3758 ἀλλ’
3738 3704 3910 3765 ἐπείδὴ

547 3807 868 3871 postquam
900 3799 1419 3871 inclinavileaput',
1447 3801 1736 3872 expiravit
1766 3817 1777 3854 :
1808 3805 1870 3856 ut
1894 3800 2169 3855 discamu

2319 3799 2479 3851 ἔκλινε
2549 3803 2643 3856 τὴν
2725 3797 2969 3869 κεφαλὴν,
3033 3797 3347 3861 ἐξέπνευσεν,
3406 3798 3488 3848 ῖνα
3528 3798 3774 3870 μάθωμεν
3822 3799 3911 3860 ὅτι,

551 3889 741 3961 quod,
760 3889 1011 3961 quando
1037 3889 1239 3954 voluit,
1263 3895 1529 3944 mortuus
1552 3895 1658 3954 est,
1693 3907 1827 3945 cum
1845 3891 2052 3945 omnia
2073 3907 2173 3945 con

2319 3890 2402 3940 ὅτε
2473 3887 2717 3949 ἠθέλησε,
2787 3890 2902 3939 τότε
2996 3886 3243 3939 ἀπέθανεν
3291 3905 3304 3916 ·
3365 3887 3448 3938 ὅτε
3512 3888 3684 3937 πάντα
3769 3885 3915 3938 ἐτελέ-

543 3984 849 4034 summata
890 3983 1105 4048 essent,
1147 3982 1289 4034 tunc
1349 3979 1618 4050 spiritum
1667 3979 1727 4034 in
1779 3996 1991 4034 manus
2027 3981 2165 4034 Patri

2320 3979 2546 4046 σθησαν,
2602 3982 2715 4030 τότε
2768 3975 3034 4049 παρίδωκε
3078 3979 3136 4028 τὸ
3208 3983 3410 4048 πνεῦμα
3463 3975 3532 4037 εἰς
3585 3983 3773 4048 χεῖρας
3827 3983 3911 4027 τοῦ

543 4069 798 4134 tradidit,
822 4067 996 4124 veluti
1029 4068 1383 4138 signiﬁcavit
1405 4069 1598 4123 Lucas
1630 4070 1998 4134 octogesimo
2026 4069 2165 4139 prim

2321 4071 2540 4140 ῐῐατρὸς,
2603 4069 2666 4127 ὡς
2721 4063 2980 4124 ἐδήλωσεν
3026 4068 3050 4117 ὁ
3101 4072 3307 4127 Λουκᾶς
3363 4063 3410 4116 ἐν
3459 4072 3530 4134 τῷ
3576 4061 3913 4135 ὀγδοηκοστῷ

545 4157 753 4228 capite,
787 4163 841 4212 et
868 4159 923 4212 in
959 4173 1027 4213 eo
1071 4161 1200 4226 lege
1231 4157 1391 4215 illius
1427 4159 1732 4213 sententiae
1775 4158 2167 4230 interpretatio

2315 4164 2504 4230 πρώτῳ
2558 4155 2816 4228 κεφαλαίῳ
2878 4157 2988 4226 [καὶ
3043 4157 3158 4225 (73)
3209 4154 3466 4226 ἀνάγνωθι
3530 4153 3577 4205 ἐν
3629 4153 3773 4223 αὐτῷ
3827 4156 3912 4208 τὴν

543 4263 677 4302 nem
714 4264 725 4302 :
766 4249 843 4303 Et
875 4249 1144 4303 clamans
1176 4263 1314 4304 voce
1343 4263 1551 4318 magna
1581 4248 1763 4312 Iesus,
1813 4249 1894 4303 ait
1939 4264 1948 4301 :
2006 4248 2165 4304 Patet

2316 4247 2585 4320 ἑρμηνείαν
2631 4254 2752 4298 τοῦ·
2811 4251 2908 4297 Καὶ
2955 4249 3199 4317 φωνήσας
3236 4253 3374 4317 φωνῇ
3408 4243 3601 4316 μεγάλῃ
3636 4244 3660 4294 6
3697 4243 3910 4303 Ἰησοῦς,

539 4336 603 4391 ίη
635 4352 842 4393 manus
865 4343 992 4392 tuas
1025 4337 1448 4392 commendatio
1470 4337 1745 4406 spirit-um
1778 4353 1967 4393 meum
1989 4339 2057 4389 ⁸⁵.

2318 4335 2443 4389 εἶπε·
2522 4339 2706 4410 Πάτερ,
2782 4335 2853 4396 εἰς
2932 4335 3114 4408 χεῖράς
3203 4351 3296 4385 σου
3387 4334 3770 4405 παραθήσομαι
3859 4333 3911 4381 τὸ

2316 4428 2515 4498 πνεῦμά
2554 4445 2673 4496 μου.

611 4518 769 4570 Vers.
815 4520 903 4570 3t.
950 4516 1143 4587 Igitur
1179 4515 1369 4570 Judaei
1399 4547 1464 4554 —
1503 4515 1749 4571 Sabbati.
1804 4519 1862 4571 In
1906 4517 2201 4588 cujusque

2389 4517 2454 4567 Οἱ
2522 4511 2608 4566 οὖν
2679 4510 2929 4567 Ἰουδαῖοι
2987 4511 3274 4566 Σαϐϐάτου.
3357 4514 3475 4565 Ἐπὶ
3527 4519 3616 4563 τοῦ
3690 4515 3912 4584 σταυροῦ

541 4620 737 4662 cruce.
766 4607 911 4660 Nam
942 4606 1086 4677 quia
1117 4608 1439 4660 Parasceve
1470 4611 1615 4668 erat,
1643 4607 1689 4660 si
1718 4611 1854 4661 tunc
1880 4621 2000 4661 non
2046 4605 2163 4660 ιοηε

2317 4605 2556 4658 ἑκάστου.
2629 4604 2769 4656 Ἐπεὶ
2835 4606 2934 4676 γὰρ
3002 4607 3306 4675 παρασκευὴ
3388 4599 3468 4664 ἦν,
3541 4601 3583 4654 εἰ
3665 4607 3737 4672 μή
3806 4603 3912 4651 τότε

539 4693 782 4759 bantur,
812 4694 1077 4750 futurum
1103 4698 1228 4751 erat
1250 4698 1309 4750 ut
1342 4699 1399 4750 et
1424 4694 1681 4763 Sabbato
1703 4695 1764 4750 in
1790 4711 1965 4751 cruce
2009 4711 2161 4751 rem:

2317 4697 2580 4769 ἧρθησαν,
2641 4693 2841 4766 ἔμελλον
2890 4697 3054 4765 μένειν
3108 4691 3193 4743 ἐπὶ
3242 4699 3331 4743 τοῦ
3375 4699 3604 4766 σταυροῦ
3635 4695 3725 4742 καὶ
3770 4688 3816 4741 ἐν
3846 4697 3910 4739 τῶ

611 4874 656 4907 ⁸³
690 4871 844 4929 Psal.
891 4887 1094 4944 vaui,
1127 4873 1218 4927 22.
1331 4872 1377 4907 ⁸⁴
1407 4872 1604 4928 Matth.
1637 4888 1806 4936 xxvu,
1840 4871 1934 4929 34.
2056 4873 2103 4907 ⁸⁵
2131 4873 2233 4927 Luc

952 4887 1094 4944 :vui,
1127 4873 1218 4927 22.
1331 4872 1377 4907 ⁸⁴
1407 4872 1604 4928 Matth.
1637 4888 1806 4936 xxvu,
1840 4871 1934 4929 34.
2056 4873 2103 4907 ⁸⁵
2131 4873 2260 4927 Luc.
2295 4887 2457 4936 χχιιι,
2486 4873 2574 4926 46.

1709 5067 1926 5135 Variae
1957 5067 2284 5136 lectiones
2321 5077 2384 5135 et
2416 5075 2615 5135 notae.

611 5237 723 5382 $69;
750 5239 978 5294 inclusa
999 5238 1303 5320 absunt
2377 5239 2492 5380 $72)
2521 5237 2756 5293 Inclusa
2790 5237 3012 5294 absunt
3050 5237 3117 5291 A.

621 5315 702 5382 '70
765 5311 986 5382 Malim,
1027 5310 1233 5382 ordine
1263 5324 1520 5375 inverso,
1554 5314 1642 5363 καὶ
1675 5307 1767 5362 διὰ
1795 5315 1873 5362 τό.
2402 5310 2493 5382 73)
2526 5309 2764 5366 Inclusa
2791 5309 3010 5365 absunt
3047 5311 3116 5364 A.

633 5307 722 5382 70)
765 5311 986 5382 Malim,
1027 5310 1233 5382 ordine
1263 5311 1520 5375 inverso,
1554 5314 1642 5363 καὶ
1675 5307 1767 5362 διὰ
1795 5315 1873 5362 τό.

1493 5329 1520 5375 ι,
1554 5314 1642 5363 καὶ
1675 5307 1767 5362 διὰ
1795 5315 1873 5362 τό.
2381 5307 2493 5382 (73)
2526 5309 2764 5366 Inclusa
2791 5309 3010 5365 absunt
3047 5311 3115 5364 A.

609 5375 718 5448 (71)
763 5383 887 5434 Κατ’
922 5375 1125 5441 ἐντολήν
1159 5389 1223 5437 Α.

609 5562 624 5618 (
635 5561 677 5628 t)
701 5560 1093 5633 Philosophiae
1106 5563 1245 5618 dedi
1251 5563 1314 5617 ti.
1334 5563 1438 5616 Per
1455 5561 1896 5633 philos0phiam
1924 5562 2002 5617 Ch
2013 5561 2198 5618 ristia-

2308 5561 2630 5633 spongiam
2655 5560 2790 5633 ideo
2813 5559 3088 5616 arundini
3118 5559 3547 5633 imposuerunt,
3576 5563 3641 5615 ut
3671 5558 3748 5614 ita
3774 5554 3908 5633 faci-

539 5647 703 5704 nam.
733 5631 1031 5703 Φιλοσοφείν
1059 5651 1219 5688 nunc
1253 5641 1338 5688 est
1370 5631 1724 5702 compescere
1767 5634 2086 5689 libidinem.
2305 5631 2419 5689 lius
2432 5632 2748 5704 pendentis
2769 5631 2830 5704 in
2847 5647 3026 5704 cruce
3047 5631 3133 5704 ori
3161 5632 3484 5686 admovere
3501 5645 3638 5686 eam
3651 5631 3906 5702 possent.

608 5702 694 5777 (_u_)
736 5702 1092 5777 {testamento
1115 5706 1287 5761 cavit.
1310 5705 1512 5771 Jussit,
1543 5706 1872 5760 mandavit.
2049 5775 2077 5777 __
2306 5702 2474 5777 quod
2503 5704 2644 5759 solis
2669 5703 2954 5760 manibus
2990 5702 3114 5759 ﬁeri
3149 5719 3271 5759 non
3305 5706 3556 5774 poterat.

611 5773 691 5844 (ιι)
745 5773 923 5846 quue
972 5779 1206 5845 propter
1258 5777 1452 5833 crucis
1513 5777 1908 5834 altitudinem.
1972 5775 2198 5833 Scilicet
