4108 6376
252 342 384 401 1473

1219 346 1595 408 ΟΟΜΜΕΝΤ.
1643 347 1711 404 IN
1751 343 2104 403 JOANNEM.
2149 376 2214 386 -
2255 344 2414 402 CAP.
2456 345 2606 402 XIX.

3487 349 3629 405 1474

246 471 514 544 Σαϐϐάτῳ,
575 479 663 526 καὶ
734 473 930 546 ἔμελλεν
1017 473 1303 546 ἐπιφθάσαι
1361 475 1495 528 αὐτὰ
1557 477 1853 548 κρεμάμενα

1985 477 2190 535 terent,
2221 471 2435 544 illaque
2464 474 2786 545 pendendo
2817 474 3190 546 pervenirent
3217 475 3293 531 ad
3323 477 3465 533 illud
3486 477 3628 533 Sab-

245 562 404 615 ἐκεῖνο
456 566 513 615 τὸ
559 562 839 634 Σάϐϐατον,
900 568 986 615 καὶ
1066 561 1238 617 ἐδόκει
1297 564 1521 617 ἐντεῦθεν
1604 564 1852 637 ἀτιμάζε-

247 654 392 706 σθαμ

318 741 560 812 Μεγάλην
606 739 664 795 δὲ
707 747 799 802 τὴν
831 744 1024 815 ἡμέραν
1076 742 1265 796 ἐκείνου
1315 752 1406 795 τοῦ
1441 747 1552 812 (74)
1586 741 1851 794 Σαϐϐάτου

248 835 428 903 φησιν,
493 833 573 883 ὅτι
616 831 674 883 οὐ
724 836 875 904 μόνον
931 830 1043 903 εἶχε
1100 836 1157 884 τὸ
1209 837 1397 904 τίμιον,
1451 834 1516 892 ῶς
1566 831 1852 900 Σάϐϐατον,

249 919 376 972 ἀλλά
425 925 516 973 καὶ
572 923 635 982 ὡς
695 921 871 994 ἑορτῆς
931 920 976 972 ἐν
1047 921 1186 991 αὐτῷ
1240 921 1536 994 λαχούσης,
1605 930 1698 983 τῆς
1756 931 1856 973 τὼν

1350 1015 1425 1064 Τὰ
1500 1020 1718 1063 τοιαῦτα
1799 1008 1856 1063 ὃε

250 1098 493 1151 Σάϐϐατα
557 1099 822 1172 ὠνόμαζον
881 1099 1121 1153 Σάϐϐατα
1179 1100 1473 1166 Σαϐϐάτων,
1535 1102 1640 1153 οἷον
1706 1105 1857 1173 τίμια

249 1009 511 1081 Ἀζύμων.
566 1009 661 1062 Ἦν
721 1013 822 1084 γὰρ
882 1008 1040 1068 διπλῆ
1105 1011 1271 1083 ἐορτη.

248 1195 454 1259 τιμίων,
491 1189 666 1262 ἑορτὰς
712 1190 916 1266 ἑορτῶν,
949 1187 1043 1242 διὰ
1086 1195 1142 1242 τὸ
1178 1188 1392 1244 διπλοῦν
1426 1200 1520 1251 τῆς
1554 1191 1756 1264 ἑορτῆς,
1789 1194 1855 1252 ῶς

248 1281 472 1353 εἴρηται.

325 1366 545 1440 [Ἄλλως
576 1369 686 1439 (τις)
719 1388 772 1421 τε
802 1375 891 1421 καὶ
929 1374 986 1422 τὸ
1031 1375 1422 1444 Δευτερονάμιον
1468 1371 1708 1430 ἐθέσπιζε
1737 1373 1855 1444 περὶ

247 1467 339 1508 τοῦ
387 1461 772 1531 σταυρωθέντος
811 1460 913 1528 ὅτι,
958 1460 1069 1512 Οὐκ
1100 1459 1571 1532 ἐπικοιμηθησεται
1600 1463 1658 1511 τὸ
1705 1468 1858 1531 σῶμα

247 1546 410 1598 αὐτοῦ
437 1546 519 1599 ἐπὶ
549 1556 640 1600 τοῦ
673 1548 847 1613 ξύλου,
879 1548 1005 1601 ἀλλὰ
1035 1557 1167 1622 ταφῇ
1200 1549 1388 1620 θάψετε
1417 1549 1572 1600 αὐτὸν
1604 1551 1652 1600 ἐν
1689 1547 1851 1621 ἐκείνῃ

248 1644 310 1708 τῇ
343 1636 558 1712 ἡμέρᾳο]

323 1727 628 1800 Ἠρὼτησαν
703 1759 771 1767 -—
837 1727 1062 1800 ἀρθῶσι.
1138 1729 1520 1802 Παρεκάλεσαν,
1592 1729 1856 1800 ᾐτήσαντο

1962 562 2193 625 batum,
2229 568 2285 616 et
2313 562 2451 617 inde
2485 563 2782 618 videretur
2816 562 3020 619 haberi
3051 567 3438 638 contemptui.

2037 739 2320 809 Magnam
2354 746 2554 796 autem
2587 740 2724 796 dicit
2767 741 2925 797 diem
2960 742 3124 798 illum
3155 744 3420 812 Sabbati,
3455 747 3621 818 quod

1967 846 2087 884 non
2110 829 2302 884 solum
2327 830 2721 885 honoraretur
2736 837 2797 886 ut
2825 832 3179 898 Sabbatum,
3200 851 3409 890 verum
3442 835 3624 891 etiam

1967 924 2208 990 propter
2240 918 2444 972 festum
2473 919 2856 988 Azymorum,
2891 920 3057 992 quod
3098 938 3245 978 casu
3292 925 3352 978 in
3385 940 3456 980 eo
3489 941 3629 979 con-

1971 1010 2198 1076 tigerat,
2240 1011 2296 1062 et
2327 1007 2406 1062 ita
2438 1007 2659 1079 duplex
2709 1008 2924 1064 festum
2955 1016 3099 1066 erat.
3139 1012 3485 1083 Hujusmodi
3516 1030 3629 1070 au-

1969 1103 2085 1150 tem
2147 1095 2410 1152 Sabbata
2476 1096 2820 1153 dicebantur
2874 1099 3137 1156 Sabbata
3198 1101 3622 1170 Sabbatorum,

1971 1194 2257 1257 tanquam
2277 1187 2615 1241 veneranda
2631 1187 3133 1258 venerandorum,
3153 1190 3302 1246 festa
3315 1189 3628 1259 festorum,

1965 1275 2046 1330 ob
2073 1274 2203 1328 festi
2232 1273 2662 1347 duplicitatem,
2701 1281 2762 1331 ut
2790 1277 3015 1332 dictum
3049 1285 3161 1333 est.

2036 1364 2122 1433 -Ξ--ζ-
2146 1363 2436 1420 Praeterca
2455 1367 2976 1422 Deuteronomium
2997 1367 3359 1437 etiamjussit
3374 1369 3447 1425 de
3463 1369 3628 1427 cruci

1967 1452 2146 1508 afﬁxo
2183 1469 2193 1507 :
2216 1453 2353 1508 Non
2380 1453 2626 1509 dormiet
2643 1469 2860 1522 corpus
2876 1457 3000 1524 ejus
3017 1472 3190 1528 super
3215 1457 3396 1528 ligno,
3423 1459 3525 1516 sed
3552 1476 3633 1515 se-

1965 1543 2212 1611 pultura
2242 1541 2526 1611 sepelietis
2558 1557 2688 1598 eum
2721 1543 2920 1599 eodem
2959 1544 3054 1600 die
3093 1545 3162 1598 ⁸ο.

2042 1721 2203 1776 Vers.
2239 1726 2324 1778 3t.
2358 1724 2732 1793 Rogaverunt
2754 1755 2821 1763 —-
2847 1725 3226 1783 tollerentur.
3265 1727 3363 1782 Hic
3391 1742 3631 1782 rursum

249 1817 334 1867 ἶνα
374 1815 670 1868 θλασθώσιν
717 1819 884 1868 αὐτῶν
935 1821 1000 1869 τὰ
1051 1818 1202 1875 σκέλη
1240 1822 1363 1890 πρὸς
1407 1822 1464 1870 τὸ
1507 1821 1690 1870 θάττον
1726 1816 1854 1869 ἀπο-

1985 1813 2249 1885 ἐρῶτησαν
2283 1812 2582 1881 signiﬁcat
2625 1830 2637 1867 :
2673 1815 2910 1870 Precati
2955 1821 3104 1880 sunt,
3161 1815 3518 1886 petiverunt,
3571 1821 3637 1872 ut

251 1907 440 1958 θανεῖν.

319 2083 508 2137 Ἦλθον
550 2083 637 2137 οὖν
687 2088 735 2138 οἱ
787 2096 1125 2160 στρατιῶται.
1186 2090 1252 2140 Oi.
1308 2095 1459 2140 τοῦτο
1504 2086 1855 2148 κελευσθέντες

247 2178 390 2250 παρά
428 2183 520 2227 τοῦ
564 2175 811 2232 Πιλάτου.

325 2268 422 2315 Καὶ
453 2294 520 2305 -
550 2264 726 2324 σκέλη.
761 2272 861 2318 Τοῦ
897 2266 1009 2338 (76)
1037 2264 1084 2317 ἐν
1118 2262 1267 2336 δεξιᾷ
1296 2274 1386 2318 τοῦ
1428 2274 1658 2340 Χριστοῦ
1693 2285 1854 2317 σταυ-

248 2355 521 2426 ρωθέντος,

325 2447 423 2496 Καὶ
458 2475 523 2485 -
558 2443 717 2514 αὐτῷ.
752 2443 858 2517 [Τώ
887 2444 1000 2516 (77)
1031 2453 1245 2519 Χριστῷ
1276 2441 1566 2518 ὃηλονοτι.]

320 2533 536 2584 Ἐπὶ-
587 2533 766 2591 σκέλη.
815 2533 1115 2586 Τελευταῖον
1178 2532 1330 2592 ἦλθον
1381 2533 1457 2586 ἐπ’
1515 2535 1694 2599 αὑτὸν,
1748 2533 1856 2585 ἐνυ-

247 2620 430 2693 ϐρίσαι
497 2624 644 2675 πλέον
729 2622 1034 2696 βουλόμενοι
1109 2627 1239 2698 πρὸς
1314 2626 1476 2699 χάριν
1547 2633 1645 2676 τῶν
1720 2623 1856 2676 Ἰου-

251 2707 427 2765 δαίων.

320 2800 456 2853 Ἀλλ’
533 2833 602 2842 —
688 2799 853 2876 ὕδωρ.
930 2799 1207 2876 ’Υπερφυὲς
1305 2805 1362 2852 τὸ
1440 2809 1677 2874 πρᾶγμα,
1770 2806 1857 2853 καὶ

245 2899 442 2962 τρανῶς
498 2888 758 2944 διδάσκον
825 2893 905 2944 ὅτι
957 2893 1084 2966 ὑπὲρ
1125 2893 1393 2964 ἄνθρωπον
1452 2893 1476 2942 ὁ
1529 2896 1721 2963 νυγείς.
1771 2893 1858 2942 Ἐκ

246 2988 427 3054 νεκροῦ
470 2983 572 3053 γὰρ
621 2980 914 3056 ἀνθρώπου,
968 2981 1062 3032 κᾶν
1117 2983 1366 3055 μυριάκις
1417 2981 1541 3052 νῦξη
1602 3002 1701 3050 τις,
1764 2980 1859 3031 οὐκ

249 3066 563 3130 ἐξελεύσεται
635 3072 786 3143 αἷμα.
874 3074 1132 3123 Νυττεται
1202 3074 1291 3142 μὲν
1359 3065 1444 3121 οὖν
1519 3070 1690 3142 λόγχη
1765 3074 1858 3127 τὴν

248 3157 471 3232 πλευρὰν
529 3161 554 3211 ὁ
613 3164 788 3232 Σωτὴρ
875 3157 968 3212 διὰ
1046 3165 1138 3218 την
1195 3167 1439 3230 νυγεῐσαν
1628 3159 1860 3232 ἁμαρτίᾳ

248 3246 470 3323 πλευρὰν
510 3257 600 3300 τοῦ
652 3246 846 3321 Ἀδὰμ,
900 3253 1060 3320 ἤγουν
1105 3254 1196 3307 τὴν
1238 3252 1392 3314 Εὕαν,
1440 3256 1500 3320 τῇ
1555 3249 1725 3320 πληγῇ
1765 3257 1858 3308 τῆς

248 3340 473 3414 πλευρᾶς
532 3343 625 3397 τὴν
673 3339 878 3410 πληγὴν
934 3348 1028 3398 τῆς
1089 3339 1306 3412 πλευροῖς
1376 3338 1606 3410 ἰώμενος.
1670 3337 1858 3398 Βλύζει

251 3428 310 3482 δὲ
349 3431 482 3502 αἷμα
524 3434 613 3480 καὶ
660 3425 826 3501 ὕδωρ,
875 3425 971 3480 δύο
1017 3426 1364 3500 βαπτίσματα
1410 3435 1753 3502 καινουργῶν,
1800 3431 1857 3479 τὸ

250 3516 323 3572 δι’
387 3520 608 3592 αἳματος
660 3522 972 3593 μαρτυρίου,
1026 3523 1114 3569 καὶ
1167 3521 1224 3569 τὸ
1276 3513 1348 3569 δι’
1407 3513 1597 3576 ὕδατος
1653 3515 1860 3587 ἀναγεν-

246 3614 458 3678 νήσεως,
494 3612 582 3660 καὶ
636 3615 695 3680 τῇ
737 3607 832 3681 ῥοῇ
885 3609 1079 3658 τούτων
1133 3612 1226 3664 τὴν
1279 3607 1404 3681 ῥοὴν
1452 3614 1545 3668 τῆς
1600 3605 1858 3680 ἁμαρτίας

247 3697 584 3758 κατακλύζει.

320 3877 444 3950 [Καὶ
489 3876 669 3950 ἑτέρως
720 3877 826 3947 (78)
885 3873 963 3944 δὲ,
1022 3875 1118 3930 δύο
1166 3878 1394 3948 πηγάζει
1459 3879 1707 3952 κρουνούς
1742 3893 1753 3906 ·
1788 3884 1860 3947 τῷ

247 3963 410 4018 ὕδατι
462 3969 550 4038 μὲν
622 3967 882 4040 καθαίρων
939 3971 1033 4023 τὴν
1112 3967 1447 4035 Ἐκκλησίαν,
1524 3976 1594 4037 τῷ
1677 3969 1863 4037 αἵματι

249 4053 310 4110 δὲ
356 4060 544 4131 τρέφων
591 4055 773 4113 αὐτὴν.
816 4055 888 4106 Δι’
922 4051 1118 4116 ὕδατος
1165 4059 1254 4126 μὲν
1307 4058 1405 4130 γὰρ
1448 4053 1859 4127 ἁναγεννώμεθα,

251 4140 326 4196 δι’
384 4147 604 4216 αἵματος
663 4142 721 4196 δὲ
779 4150 866 4196 καὶ
921 4149 1116 4216 σαρκὸς
1178 4147 1488 4216 τρεφομεθα,
1553 4153 1652 4194 τῶν
1715 4146 1860 4195 θείων

248 4239 342 4285 καὶ
387 4243 674 4306 μυστικῶν.
724 4237 917 4287 Λοιπὸν
977 4229 1085 4302 οὖν,
1139 4236 1259 4285 ὅταν
1301 4238 1572 4307 προσέρχῃ
1617 4241 1687 4302 τῷ
1749 4253 1862 4307 φρι-

248 4331 357 4393 κτῷ
415 4328 669 4396 ποτηρίῳ,
731 4328 944 4376 πέπεισο
994 4322 1128 4394 (79),
1187 4321 1274 4374 ἀπ’
1314 4322 1470 4382 αὐτῆς
1524 4321 1716 4392 μέλλεις
1770 4325 1862 4374 πί-

249 4429 350 4461 νειν
381 4420 476 4474 τῆς
506 4420 823 4472 Δεσποτικῆς
853 4413 911 4464 π)
925 4419 1092 4486 ευρᾱις,
1137 4417 1226 4463 καὶ
1269 4411 1402 4464 οὕτω
1434 4407 1694 4466 διάκεισο.
1736 4407 1861 4464 Εἶτα

254 4500 408 4552 θέλων
435 4500 728 4574 βεϐαιῶσαι
752 4507 807 4554 τὸ
838 4509 1072 4554 τοιοῦτον
1106 4503 1302 4573 θαῦμα,
1336 4499 1515 4573 φησί’]

327 4686 427 4734 Καὶ
469 4713 538 4722 -
567 4684 980 4755 μεμαρτύρηκεν.
1021 4681 1078 4734 Ὀ
1117 4689 1284 4732 ταῦτα
1332 4681 1644 4753 θεασάμενος
1691 4686 1859 4732 ταῦτα

249 4776 525 4846 γέγραφεν,
551 4773 609 4825 οὗ
635 4773 757 4847 παρ’
787 4772 958 4850 ἐτέρου
979 4776 1116 4834 τινὸς
1149 4770 1401 4832 ἀκούσας.

323 4955 369 4990 ⁸⁶
419 4955 581 5010 Deut.
615 4969 734 5019 xxr,
764 4954 852 5010 23.

1968 1900 2501 1971 conﬂ'ringerentur
2563 1917 2772 1958 eorum
2831 1920 3004 1959 crura
3061 1921 3184 1977 quo
3230 1905 3400 1960 citius
3433 1920 3633 1961 more-

1966 1997 2197 2048 rentur.

2043 2083 2202 2134 Vers.
2237 2080 2325 2134 32.
2373 2081 2666 2138 Venerunt
2697 2097 2840 2153 ergo
2870 2082 3100 2139 milites.
3137 2084 3365 2149 Quibus
3393 2083 3453 2140 id
3481 2100 3517 2140 a
3543 2085 3626 2140 Pi-

1967 2171 2088 2226 lato
2108 2170 2348 2239 jussum
2381 2176 2526 2227 erat.

2039 2259 2200 2314 Vers.
2231 2263 2317 2315 32.
2360 2261 2438 2315 Et
2464 2291 2531 2300 —-
2562 2276 2764 2318 crura.
2792 2261 2902 2328 Qui
2934 2264 2990 2318 in
3018 2263 3227 2321 dextra
3259 2263 3467 2320 Christi
3498 2280 3627 2321 cru-

1967 2348 2181 2404 cifixus
2217 2353 2366 2406 erat.

2041 2441 2196 2494 Vers.
2226 2439 2313 2493 32.
2359 2440 2434 2493 Et
2473 2470 2540 2480 —
2571 2455 2652 2496 eo.
2689 2441 2914 2498 Christo
2969 2442 3266 2499 videlicet.

2035 2529 2196 2583 Vers.
2231 2532 2316 2584 33.
2348 2530 2444 2584 Ad
2476 2561 2543 2569 —
2583 2546 2782 2586 crura.
2813 2532 3114 2588 Postremo
3154 2533 3231 2588 ad
3261 2549 3400 2589 eum
3439 2549 3613 2590 vene-

1967 2625 2119 2683 runt,
2153 2618 2360 2690 majori
2383 2619 2765 2688 contumelia,
2786 2619 2844 2676 in
2868 2621 3122 2692 gratiam
3150 2622 3509 2689 Judaaorum,
3543 2624 3629 2696 ip-

1967 2724 2101 2762 sum
2134 2707 2393 2763 volentes
2444 2708 2696 2764 atﬁcere.

2037 2795 2198 2849 Vers.
2233 2796 2325 2851 34.
2363 2797 2483 2852 Sed
2512 2828 2579 2837 -—
2609 2813 2787 2869 aqua.
2823 2800 2933 2854 Res
2979 2815 3164 2872 supra
3205 2805 3506 2867 naturam,
3559 2819 3628 2858 ac

1967 2885 2279 2939 manifeste
2306 2886 2528 2940 docens
2559 2887 2723 2958 quod
2764 2888 2960 2957 major
3008 2905 3189 2960 quam
3237 2891 3419 2946 homo
3451 2899 3626 2956 esset,

1966 2974 2277 3045 quifuerat
2298 2975 2678 3038 vulneratus;
2705 2977 3004 3048 siquidem
3031 2993 3067 3033 a
3097 2985 3330 3034 mortuo
3356 2980 3626 3046 homine,

1966 3063 2197 3118 etiamsi
2255 3064 2464 3119 millies
2516 3065 2650 3136 quis
2701 3081 2838 3120 eum
2900 3067 3242 3138 pupugerit,
3271 3085 3391 3124 non
3447 3070 3629 3125 exibit

1968 3155 2227 3222 sanguis.
2260 3154 2500 3208 Foditur
2531 3156 2732 3226 itaque
2782 3155 2989 3211 lancea
3031 3156 3088 3210 in
3123 3157 3299 3212 latere
3332 3158 3624 3226 Salvator,

1967 3243 2108 3312 quia
2137 3249 2379 3313 peccato
2421 3247 2796 3299 vulneratum
2827 3252 2913 3300 est
2955 3246 3108 3300 latus
3135 3247 3274 3302 Adae
3327 3264 3339 3302 :
3395 3248 3518 3304 sive
3567 3255 3630 3305 ut

1969 3331 2152 3387 Evam
2180 3335 2278 3402 (ιτ),
2311 3332 2508 3388 lateris
2540 3334 2629 3387 sui
2660 3335 2914 3398 vulnere,
2945 3351 2981 3390 a
3011 3335 3182 3407 plaga
3222 3336 3422 3392 lateris
3454 3354 3632 3394 sana-

1968 3425 2078 3477 ret.
2128 3420 2492 3490 Sanguinem
2521 3428 2719 3478 autem
2761 3430 2817 3478 et
2865 3440 3086 3496 aquam
3139 3427 3424 3482 scaturire
3467 3427 3627 3492 facit,

1969 3511 2091 3566 duo
2133 3510 2461 3580 designans
2517 3513 2924 3583 baptismata:
2959 3531 3148 3570 unum
3199 3515 3471 3586 quidem,
3526 3532 3630 3587 per

1972 3601 2283 3670 sanguinis
2311 3600 2396 3672 (y)
2434 3602 2808 3673 martyrium,
2838 3602 3090 3659 alterum
3125 3620 3282 3672 vero,
3317 3620 3422 3678 per
3453 3621 3626 3678 aquae

1969 3691 2481 3762 regenerationem
2523 3711 2534 3749 :
2596 3698 2775 3765 atque
2815 3694 3025 3749 horum
3074 3693 3238 3749 ﬂuxu
3270 3694 3494 3767 peccati
3522 3694 3632 3751 ﬂu-

1970 3796 2115 3834 xum
2155 3780 2469 3850 demergit.

2044 3869 2331 3924 Praeterea
2381 3876 2436 3925 et
2505 3870 2690 3926 aliter.
2748 3874 2895 3928 Nam
2935 3871 3090 3927 duos
3144 3873 3429 3929 scaturire
3485 3873 3630 3929 facit

1970 3957 2161 4014 fontes
2179 3975 2359 4030 :aqua
2371 3959 2615 4031 quidem
2630 3961 2953 4031 puriticans
2970 3961 3310 4028 Ecclesiam,
3333 3965 3629 4032 sanguine

1970 4064 2108 4104 vero
2138 4064 2268 4103 eam
2291 4049 2615 4103 enutriens.
2644 4049 2953 4120 Siquidem
2982 4065 3087 4121 per
3110 4067 3338 4122 aquam
3370 4052 3634 4108 renasci-

1972 4154 2121 4201 mur,
2157 4154 2257 4208 per
2282 4137 2635 4208 sanguinem
2674 4146 2874 4193 autem
2923 4145 2978 4194 et
3007 4155 3252 4196 carnem
3298 4141 3625 4212 pascimur,

1971 4245 2100 4300 qua:
2118 4227 2314 4281 divina
2336 4234 2471 4280 sunt
2493 4243 2561 4282 ac
2590 4228 2861 4299 mystica.
2893 4227 3095 4300 Itaque
3120 4246 3254 4284 cum
3286 4230 3358 4284 ad
3379 4236 3634 4286 tremen-

1969 4320 2116 4372 dum
2140 4317 2456 4372 accesseris
2485 4317 2787 4388 poculum,
2813 4318 3176 4388 persuadeto
3202 4319 3323 4384 tibi,
3360 4321 3525 4391 quod
3557 4336 3630 4376 ex

1974 4405 2282 4462 Dominico
2336 4405 2492 4461 bibis
2539 4406 2738 4471 latere,
2792 4413 2848 4462 et
2901 4423 2969 4462 eo
3020 4408 3203 4463 modo
3233 4409 3312 4464 sis
3344 4408 3622 4468 allectus.

1895 4523 1938 4576 Ι)
1971 4494 2192 4550 Deinde
2221 4494 2426 4550 volens
2453 4494 2803 4566 hujusmodi
2848 4495 3208 4552 confirmare
3244 4497 3628 4570 miraculum,

1971 4586 2052 4641 ait
2093 4603 2104 4641 :

2044 4657 2205 4732 Vers.
2239 4681 2324 4732 35.
2352 4677 2418 4730 Et
2448 4705 2516 4715 —
2546 4676 2944 4730 testimonium
2981 4677 3307 4745 perhibuit.
3343 4679 3452 4744 Qui
3486 4676 3634 4735 vidit

1967 4766 2117 4833 haec,
2150 4765 2387 4839 scripsit
2409 4765 2544 4830 ista,
2578 4779 2699 4821 non
2725 4763 2892 4838 quod
2934 4765 3012 4822 ab
3067 4766 3272 4841 aliquo
3317 4765 3597 4826 audierit.

1500 5043 1726 5115 Variae
1757 5044 2086 5115 lectiones
2117 5051 2183 5113 et
2218 5053 2416 5111 notae.

349 5240 439 5301 74)
468 5250 570 5297 Τοῦ
598 5241 862 5296 Σαϐϐάτου
890 5241 1080 5296 ἐκείνου
1112 5243 1187 5301 Α.

349 5242 415 5299 74-
468 5250 570 5297 Τοῦ
598 5242 862 5296 Σαϐϐάτου
890 5242 1080 5296 ἐκείνου
1112 5243 1187 5301 Α.

322 5242 439 5387 ἕ75ζ
464 5315 596 5370 Hrec
629 5321 870 5388 uterque
900 5318 1089 5372 codex
1115 5316 1174 5371 in
1209 5315 1500 5386 margine.
1535 5313 1856 5372 Hentenius

249 5402 372 5442 non
401 5389 692 5458 agnoscit.

321 5455 630 5530 (76)'Ante
659 5467 770 5526 τοῦ,
804 5456 980 5516 habet
1012 5467 1102 5512 τοῦ
1135 5455 1193 5512 δὲ
1223 5465 1429 5534 πρώτου
1461 5461 1528 5515 Α.

321 5635 406 5707 (αι’)
445 5635 579 5692 Sive
599 5642 662 5692 ut
688 5635 900 5700 Evam,
928 5641 1038 5692 etc.
1065 5637 1196 5694 Sive
1230 5639 1433 5699 Evam,
1469 5640 1528 5691 ut
1558 5633 1775 5691 lateris.

320 5710 427 5780 (y)_
442 5711 561 5780 Per
585 5708 916 5778 sanguinis,
939 5715 1050 5764 etc.
1079 5709 1184 5764 Per
1203 5707 1560 5780 sanguinem
1584 5707 1850 5778 martyrii

247 5778 551 5860 (intelligo,
566 5780 1170 5857 baptisma),alterum
1181 5778 1439 5857 veroper
1451 5796 1675 5855 aquam
1687 5795 1849 5853 rege-

2041 5242 2153 5315 (77)
2195 5245 2327 5315 Haec
2369 5241 2594 5315 absunt
2630 5238 2696 5294 A.

2037 5312 2149 5386 (70)
2182 5312 2688 5386 rlnclusaabs‘unt
2743 5316 2808 5386 A_.

2035 5381 2147 5458 (79)
2179 5385 2300 5437 ὀτι
2339 5383 2691 5440 addendum
2732 5381 2982 5437 videtur.

1957 5632 2333 5691 narrationis.
2365 5634 2560 5706 Neque
2594 5648 2728 5706 vero
2769 5633 2988 5706 mirum
3037 5627 3628 5706 caademmartyrum

1955 5707 2073 5780 dici
2099 5708 2418 5779 baptisma,
2451 5703 2603 5780 cum
2654 5704 2918 5770 Christus
2969 5704 3095 5780 ipse
3124 5703 3206 5762 ita
3235 5704 3310 5760 de
3351 5720 3414 5761 se
3471 5703 3637 5762 dixe-

1954 5779 2047 5837 rit.
2092 5775 2222 5837 Luc.
2269 5795 2371 5848 xu,
2407 5775 2494 5836 50.
