4108 6408
489 377 628 433 1475
1812 364 2106 427 EUTHYM

2255 365 2503 428 IGABEN
2510 373 2534 432 Ι
3730 371 3877 436 1476

489 518 494 520 ·
565 506 720 558 Vers.
761 506 849 557 35.
878 503 954 556 Et
987 532 1051 541 —
1098 500 1515 556 testimonium.
1549 499 1620 555 Ut
1645 497 1749 571 qui
1780 513 1851 554 ea
1875 497 2020 553 vidit
2072 497 2108 552 d

2329 504 2430 552 Καὶ
2458 529 2524 542 -
2550 505 2834 576 μαρτυρία.
2867 499 2954 562 Ὠς
2997 497 3199 563 ἰδόντος
3241 502 3305 554 τὰ
3333 507 3450 577 περὶ
3481 503 3548 554 ὧν
3587 511 3869 578 μαρτυρεῖ,

490 592 711 665 quibus
730 595 996 655 testatur,
1019 594 1073 646 et
1095 591 1453 662 prtesentim,
1477 589 1582 662 qui
1608 589 1682 644 de
1707 587 1973 658 magistri
2007 589 2112 644 scri

2255 593 2345 640 καὶ
2394 591 2459 650 ὡς
2501 595 2901 664 προηγουμένως
2954 595 3070 663 περὶ
3127 589 3324 664 ὕϐρεως
3379 599 3471 644 τοῦ
3529 589 3872 646 διδασκάλου

492 682 578 738 bit
608 681 987 737 contumelia.
1024 683 1168 736 Nam
1202 679 1550 736 cortumelia
1583 683 1709 734 erat
1733 677 1933 733 lateris
1979 694 2114 750 aper

2254 679 2559 751 γράφοντος.
2589 677 2768 752 Ὕϐρις
2796 682 2897 754 γὰρ
2938 681 2967 737 ἡ
3011 679 3154 742 νύξις
3184 688 3278 743 τῆς
3321 681 3544 757 πλευρᾶς
3593 682 3774 748 αὐτοῦ,
3826 683 3871 735 εἰ

493 773 594 837 tio,
613 787 965 844 quanquam
985 771 1060 826 ad
1076 771 1232 825 hanc
1254 775 1521 824 secutum
1537 769 1609 824 sit
1625 767 2000 824 miraculum.

1568 767 2000 824 itmil‘aculum.
2256 773 2345 818 καὶ
2378 769 2554 838 θαῦμα
2583 771 2744 842 ταύτῃ
2780 768 3187 827 ἐπηκολούθησε.

566 862 732 916 Vers.
782 861 870 915 35.
925 861 1004 916 Et
1049 860 1146 915 ille
1198 859 1378 914 dicat.
1442 861 1652 913 Exacte
1707 873 1831 912 rem
1889 856 2149 921 novit,ut

2331 855 2570 918 Κάκεῖνος
2609 890 2676 898 -
2707 857 2860 929 λέγει.
2906 857 3183 934 [Ἃκριϐῶς
3221 867 3372 912 τοῦτο
3417 861 3530 933 (80)
3576 857 3737 928 οἶδεν,
3783 861 3873 914 οἷα

493 950 598 1022 qui
633 955 768 1004 tunc
812 965 1080 1021 praesens
1123 947 1295 1004 fuerit
1337 952 1393 1004 et
1419 945 1647 1011 viderit,
1694 945 1928 1002 etiamsi
1959 945 2115 1001 Juda

2258 951 2432 1020 παρὼν
2463 951 2599 1012 τότε,
2631 951 2721 999 καὶ
2750 948 2901 1022 ὀρῶν,
2930 948 2971 1000 εἰ
3001 953 3091 1000 καὶ
3118 945 3370 1002 Ἰουδαῖοι
3395 948 3687 1021 ψεύδεσθαι
3708 951 3869 1003 αὐτόν

493 1054 633 1095 eum
664 1039 898 1095 mentiri
930 1038 1231 1110 objicient,

973 1038 1231 1110 bjiciant,
2258 1036 2595 1107 ἐνίστανται]

569 1128 728 1184 Vers.
762 1133 849 1184 35.
884 1128 1000 1185 Sed
1033 1160 1084 1170 —
1120 1127 1393 1184 credatis.
1451 1127 1563 1183 Sed
1608 1125 1736 1182 haec
1782 1125 2036 1198 scripsit,
2083 1129 2150 1181 ut

2328 1124 2463 1177 Ἀλλ’
2489 1157 2556 1167 -
2574 1128 2913 1185 πιστεύσητε.
2939 1125 3096 1180 Ἀλλά
3112 1135 3280 1181 ταῦτα
3302 1132 3574 1202 γέγραφεν,
3596 1129 3678 1182 ἵνα
3695 1131 3864 1202 ὑμεῖς,

492 1234 618 1285 vos,
646 1219 751 1290 qui
783 1217 992 1274 ﬁdeles
1023 1217 1185 1282 estis,
1216 1217 1394 1272 etiam
1423 1217 1496 1272 de
1525 1217 1639 1272 hoc
1667 1215 1939 1271 credatis.

1759 1215 1939 1270 :datis.
2258 1215 2306 1266 οἱ
2332 1219 2535 1285 πιστοὶ,
2562 1218 2883 1275 πιστεύσητε
2912 1221 3002 1269 καὶ
3025 1222 3142 1290 περὶ
3174 1220 3381 1272 τούτου.

564 1308 730 1364 Vers.
783 1310 870 1362 36.
919 1309 1101 1363 Facta
1148 1309 1280 1361 sunt
1327 1337 1393 1344 —
1434 1306 1843 1376 compleretur.
1903 1305 2044 1370 Quae
2088 1302 2144 1357 in

2330 1304 2556 1376 Ἐγένετο
2587 1337 2654 1345 -
2699 1305 2970 1379 πληρωθῃ.
3026 1306 3103 1378 [Ἠ
3145 1311 3477 1381 γεγραμμένη
3531 1307 3641 1379 (8t)
3692 1306 3740 1360 ἐν
3795 1317 3871 1380 τῷ

491 1396 748 1453 Mosaica
769 1395 900 1466 lege
930 1396 1149 1466 scripta
1179 1398 1284 1461 est,
1314 1399 1370 1450 et
1399 1394 1478 1450 ait
1520 1410 1537 1448 .-

1520 1410 1537 1448 .'
2258 1401 2527 1466 Μωσαίκῷ
2557 1399 2716 1468 νόμῳ,
2757 1401 2847 1448 καὶ
2866 1395 3141 1470 λέγουσαθ]

570 1485 732 1542 Vers.
769 1489 858 1542 36.
893 1485 964 1541 03
993 1516 1060 1526 —-
1085 1500 1167 1541 eo.
1204 1487 1350 1540 Nam
1380 1484 1509 1539 licet
1540 1483 1614 1538 de
1645 1482 1961 1553 ﬁgurativo
1993 1497 2148 1553 agno

2330 1485 2550 1536 Ὀστοῦν
2587 1516 2648 1525 -
2671 1485 2850 1538 αὐτοῦ.
2882 1485 2938 1538 Εἰ
2967 1488 3067 1561 γὰρ
3087 1490 3177 1539 καὶ
3197 1489 3316 1558 περὶ
3340 1494 3430 1539 τοῦ
3452 1493 3672 1540 τυπικοῦ
3701 1485 3872 1561 ἀμνοῦ

493 1575 779 1647 scriptum
807 1591 936 1630 esse
983 1575 1275 1641 videatur,
1317 1573 1392 1628 de
1443 1589 1580 1628 vero
1612 1579 1815 1629 tamen
1863 1575 2115 1646 scriptun

2258 1569 2428 1625 ἐδόκει
2474 1576 2786 1648 γεγράφθαι,
2836 1573 2965 1627 ἀλλὰ
3011 1580 3128 1652 περὶ
3159 1582 3252 1628 τοῦ
3284 1575 3529 1634 ἀληθινοῦ
3559 1579 3869 1651 ἐγέγραπτο,

492 1670 638 1731 erat,
668 1664 1046 1737 prtesignans
1085 1664 1143 1720 id
1174 1662 1339 1736 quod
1379 1678 1540 1718 nunc
1572 1662 1793 1719 factum
1826 1668 1932 1718 est.

1572 1662 1793 1719 factum
1826 1668 1932 1718 est.
2257 1660 2603 1738 προδηλοῦσα
2624 1667 2681 1716 τὸ
2711 1667 3047 1738 γεγενημένον
3076 1673 3183 1720 νῦν.

565 1756 726 1810 Vers.
758 1759 842 1811 37.
873 1754 1244 1825 Rursumque
1284 1785 1348 1794 ——
1379 1753 1522 1808 dicit
1565 1751 1932 1825 Prophetica.

1624 1751 1932 1825 'ophetica.
2334 1758 2432 1806 Καὶ
2461 1753 2614 1806 πάλιν
2645 1786 2713 1794 -
2737 1753 2890 1826 λέγει.
2923 1760 3246 1829 Προφητική.

561 1847 605 1916 -ι-
645 1845 963 1900 Verisimile
995 1849 1100 1908 est,
1131 1844 1356 1898 dictum
1388 1844 1502 1898 hoc
1551 1859 1586 1898 a
1623 1842 1841 1898 Iudaeis
1891 1843 2146 1915 ejectum
2181 1918 2183 1923 ‘

2335 1843 2503 1914 [Εἰκὸς
2558 1843 2666 1914 (82)
2724 1840 2782 1896 δὲ
2833 1849 2981 1896 τουτὶ
3031 1847 3087 1897 τὸ
3149 1845 3306 1919 ῥητὸν
3373 1843 3688 1904 ἐκϐληθῆναι
3739 1847 3869 1920 παρ’

492 1951 624 1991 esse
651 1941 784 2007 post
810 1933 1192 2005 praedicatum
1221 1933 1606 2002 Evangelium
1632 1955 1643 1987 :
1675 1933 1967 2004 siquidem
1989 1948 2111 1988 nun

2262 1927 2534 1982 Ἰουδαὶων
2565 1933 2696 2004 μετά
2716 1935 2772 1983 τό
2806 1931 3134 2003 Εὕαγγέλιον.
3159 1929 3414 2005 Οὗὸαμοῦ
3437 1935 3540 2006 γὰρ
3570 1935 3871 2005 εὑρίσκεται

492 2040 789 2096 nusquam
825 2024 1163 2079 invenitur:
1212 2028 1316 2077 aut
1343 2022 1520 2077 aliam
1565 2021 1708 2077 dicit
1757 2021 2114 2094 Scripturam

2258 2028 2345 2071 νῦν
2379 2021 2490 2092 (83)
2531 2042 2544 2054 ·
2578 2025 2607 2078 ἧ
2639 2020 2811 2097 ἑτέραν
2844 2025 3050 2094 Γραφὴν
3081 2020 3236 2093 λέγει,
3265 2031 3364 2074 τῶν
3388 2022 3668 2095 λεγομένων
3697 2021 3871 2074 ἀποκ-

493 2113 780 2169 librorum
822 2113 924 2184 qui
955 2111 1286 2184 apocryphi
1314 2117 1649 2167 censentur.
2257 2113 2430 2185 ρύφων
2459 2108 2696 2182 βίϐλων]

565 2205 727 2257 Vers.
787 2203 875 2257 37.
948 2201 1234 2257 Videbunt
1289 2233 1358 2242 -—
1401 2207 1800 2271 pupugerant,
1849 2199 2150 2256 Videbunt

2331 2199 2590 2270 ’Ὁψονται
2614 2233 2674 2242 -
2705 2200 3057 2264 ἐξεκέντησαν.
3084 2200 3343 2272 ’Ὄψονται
3367 2202 3524 2255 αὐτόν
3564 2201 3618 2264 ἐξ
3645 2202 3873 2275 οὐρανοῦ

493 2293 694 2364 ipsum
712 2291 783 2346 de
799 2291 947 2346 coelo
964 2291 1382 2346 descendetem
1398 2291 1456 2345 in
1471 2291 1565 2345 die
1586 2290 1808 2360 iudicii.
1841 2290 2115 2345 Videbunt

2259 2295 2636 2363 κατερχόμενον
2681 2289 2728 2342 ἐν
2782 2298 2845 2364 τῇ
2898 2293 3069 2364 ἡμέρᾳ
3121 2299 3212 2351 τῆς
3267 2296 3530 2366 κρίσεως·
3587 2290 3874 2363 [Ὄψονται

494 2382 711 2454 inquit,
745 2381 963 2436 Filium
1000 2380 1252 2437 hominis
1284 2381 1597 2436 venientem
1641 2382 1703 2436 in
1731 2379 1986 2436 nubibus
2017 2380 2116 2436 ί·ωέ

2263 2379 2374 2452 (84)
2403 2383 2524 2451 γὰρ,
2569 2385 2718 2452 φησὶ,
2747 2383 2834 2433 τὸν
2872 2383 2990 2433 Υἱὸν
3036 2388 3127 2432 τοῦ
3161 2380 3430 2454 ἀνθρώπου
3464 2379 3742 2456 ἐρχόμενον
3787 2380 3873 2434 ἐπὶ

493 2487 625 2528 cum
649 2476 934 2540 potestate
965 2477 1014 2526 et
1047 2470 1247 2540 gloria
1276 2475 1471 2526 multa
1503 2471 1571 2523 ⁸⁷.

2261 2477 2359 2519 τῶν
2404 2468 2614 2542 νεφελῶν
2670 2477 2762 2522 τοῦ
2805 2470 3024 2544 οὐρανοῦ
3071 2473 3204 2544 μετὰ
3251 2466 3522 2543 δυνάμεως
3569 2475 3658 2522 καὶ
3710 2466 3874 2534 δόξης

2260 2557 2498 2632 πολλῆς.]

639 2649 790 2704 CAP.
825 2649 1006 2704 XVIII.
1029 2649 1112 2703 De
1124 2647 1414 2717 petitione
1431 2648 1693 2718 corporis
1717 2648 1970 2704 Domini.

2265 2656 2412 2704 ΚΕΦ.
2505 2649 2617 2705 III'.
2701 2654 2826 2724 Περὶ
2911 2656 3000 2711 τῆς
3088 2649 3343 2711 αἰτήσεως
3427 2655 3519 2703 τοῦ
3601 2656 3873 2726 Κυριακοῦ

2935 2744 3196 2813 σώματος.

569 2829 729 2886 Vers.
747 2832 834 2884 38.
854 2830 992 2884 Post
1013 2829 1135 2884 hac
1152 2829 1370 2884 —Jesu
1401 2827 1554 2897 Lege
1568 2844 1701 2900 quae
1718 2834 1856 2884 sunt
1875 2833 2152 2885 enarrata

2333 2829 2478 2883 Μετά
2529 2835 2697 2880 ταῦτα
2750 2859 2816 2869 -
2877 2828 3074 2886 Ἰησοῦ.
3130 2859 3197 2868 -
3255 2829 3530 2901 Ἠρὼτησε
3579 2828 3691 2901 (85)
3743 2828 3870 2904 παρ’

497 2919 556 2976 in
578 2919 695 2974 ﬁne
714 2917 1152 2990 prtememorati
1177 2918 1528 2988 sexagesimi
1553 2918 1788 2990 septimi
1812 2918 2119 2990 capitis,uk

2263 2917 2519 2973 εκάλεσεν.
2565 2918 2852 2990 Ἀνάγνωθι
2898 2921 2964 2971 τὰ
3016 2917 3334 2988 ἐξηγηθεντα
3370 2917 3417 2969 ἐν
3465 2926 3539 2989 τῷ
3593 2917 3720 2971 τέλει
3777 2927 3872 2970 τοῦ

494 3008 752 3065 habetur
787 3030 796 3061 :
819 3008 968 3067 Cum
990 3022 1184 3063 serum
1209 3013 1405 3063 autem
1429 3008 1654 3075 factum
1673 3014 1832 3073 esset,
1863 3009 2018 3065 venit
2055 3009 2116 3065 Ιιί

2262 3010 2802 3082 προμνημονευθέντος
2903 3008 3186 3070 ἑξηκοστοῦ
3272 3004 3498 3080 ἑϐδόμου
3591 3006 3871 3080 κεφαλαίου

495 3113 590 3157 m0.
621 3097 781 3154 dives
806 3097 877 3152 ab
901 3095 1270 3153 Arimathtea
1295 3096 1525 3152 nomine
1549 3096 1748 3168 Joseph
1771 3098 1839 3152 ⁸⁵.

2264 3099 2382 3150 ἔνθα
2425 3102 2483 3150 τό
2517 3114 2528 3126 ·
2578 3097 2765 3168 Ὀψίας
2809 3096 2921 3169 (86)
2968 3093 3028 3149 δὲ
3060 3101 3355 3170 γενομένης,
3406 3093 3555 3156 ἦλθεν
3605 3099 3872 3170 ἄνθρωπος

2191 3228 2232 3285 C
2263 3186 2512 3250 πλούσιος
2543 3186 2643 3239 ἀπὸ
2669 3187 3011 3262 Ἀριμαθαίας
3042 3185 3487 3258 όνόματιἸωσὴφ.

569 3280 732 3333 Vers.
774 3277 861 3333 38.
891 3278 968 3332 Et
1001 3309 1053 3318 —
1088 3277 1245 3331 Vers.
1301 3276 1388 3331 40.
1437 3276 1695 3346 sepelire.
1771 3277 2155 3348 Sexagesimo

2340 3282 2440 3330 Καὶ
2492 3309 2560 3318 -
2616 3275 2953 3349 ἐνταφιάζειν.
3010 3276 3092 3329 Ἐν
3146 3284 3218 3347 τῷ
3259 3276 3524 3346 ἑξηκοστῷ
3579 3271 3752 3348 ὀγδόῳ
3795 3294 3879 3328 κε-

499 3367 691 3441 capite
709 3366 1014 3437 Evangelii
1035 3366 1367 3421 secundum
1396 3366 1733 3422 Mattheeum
1761 3382 1861 3438 per
1887 3368 2121 3422 ordine:

2269 3366 2469 3440 φαλαίῳ
2501 3373 2593 3419 τοῦ
2623 3369 2758 3418 κατά
2802 3367 3064 3422 Ματθαῖον
3122 3364 3341 3428 καθεξῆς
3383 3370 3472 3418 καὶ
3512 3370 3630 3440 περὶ
3680 3367 3877 3418 τούτων

496 3457 573 3513 de
592 3456 682 3511 his
708 3457 888 3513 etiam
907 3456 1178 3511 omnibus
1198 3455 1486 3511 invenies.
1508 3457 1821 3521 Quamado
1841 3463 2041 3512 autem
2062 3456 2118 3512 Ni

2268 3459 2473 3509 πάντων
2519 3458 2766 3530 εὑρήσεις.
2814 3461 2942 3508 Πότε
2973 3453 3032 3508 δὲ
3072 3457 3096 3507 ὁ
3127 3451 3433 3527 Νικόδημος
3463 3451 3586 3514 ἦλθε
3628 3458 3755 3529 πρὸς
3788 3459 3877 3507 τὸν

500 3545 792 3602 codemus
825 3546 1046 3600 venerit
1073 3544 1151 3600 ad
1175 3546 1379 3600 Jesum
1413 3550 1606 3612 nocte,
1636 3545 1866 3601 dictum
1889 3548 2115 3602 estterti

2271 3550 2503 3620 Χριστὸν
2533 3549 2734 3614 νυκτὸς,
2769 3548 2972 3620 εἴρηται
3021 3543 3070 3597 ἐν
3131 3551 3202 3616 τῷ
3256 3549 3414 3619 τρίτῳ
3468 3543 3726 3616 κεφαλαίῳ
3785 3552 3878 3597 τοῦ

501 3637 699 3708 capite
739 3635 1052 3707 praesentis
1092 3633 1414 3704 Evangelii.

1311 3633 1414 3688 alii.
2268 3641 2522 3708 παρόντος
2550 3634 2933 3707 εὐαγγελιστοῦ.

572 3725 936 3796 +lmitemur
966 3723 1229 3779 nobilem
1260 3723 1421 3778 hunc
1450 3728 1809 3788 senatorem,
1844 3739 1948 3779 seu
1975 3724 2161 3779 consi-

2343 3725 2738 3798 [Μιμησὼμεθα
2815 3725 2926 3795 (87)
3002 3726 3089 3776 τὸν
3173 3723 3486 3797 εὐσχήμονα
3568 3721 3873 3797 βουλευτὴν,

498 3814 744 3870 liarium
786 3814 882 3885 (z),
919 3811 1146 3868 nobilia
1168 3812 1545 3868 consulentes
1577 3830 1645 3870 ac
1679 3813 2120 3870 decernentesd

2272 3815 2619 3888 εὐσχημόνως
2681 3812 3045 3887 βουλευόμενοι
3086 3820 3204 3888 περὶ
3256 3821 3348 3875 τῆς
3407 3813 3738 3886 μεταλήψεως
3786 3821 3879 3865 τοῦ

503 3903 796 3960 Dominici
831 3903 1094 3975 corporis
1137 3903 1580 3975 participatione
1622 3921 1635 3959 :
1669 3909 1726 3960 et
1763 3903 2024 3976 pretiose
2057 3919 2125 3959 un

2273 3911 2589 3957 Δεσποτικοῦ
2681 3909 2939 3976 σώματος,
3035 3909 3125 3956 καὶ
3215 3904 3518 3978 μυρίζοντες
3606 3903 3883 3975 φιλοτίμως

502 4000 706 4064 gentes
737 3994 905 4050 suavi
947 3995 1228 4049 virtutum
1261 3993 1466 4058 odore,
1498 3993 1807 4049 mundade
1851 3993 2124 4049 conscien

2269 3983 2390 4056 ’ταῖς
2421 3993 2520 4046 ἀπὸ
2568 4003 2665 4045 τῶν
2716 3991 2906 4068 ἀρετῶν
2956 3990 3220 4059 εὐωδίαις,
3271 3997 3359 4045 καὶ
3422 3995 3628 4067 καθαρᾷ
3677 3989 3882 4045 σινδόνι

500 4084 592 4139 tia)
611 4083 864 4140 sindone
885 4083 1029 4139 illud
1049 4082 1438 4150 involventes,
1456 4099 1524 4138 ac
1543 4084 1740 4138 cordis
1768 4089 2120 4139 monumcnt

2277 4081 2619 4145 συνειδήσεως
2697 4082 2982 4144 ἐλίσσοντες
3061 4083 3208 4150 αὐτὸ,
3286 4088 3375 4135 καὶ
3417 4090 3580 4152 καινῷ
3644 4088 3884 4154 μνήματι

502 4188 663 4232 novo
697 4175 982 4246 omnique
1011 4171 1396 4227 immunditia
1425 4171 1758 4244 puriﬁcato,
1787 4172 2124 4245 sepelientes

2273 4171 2500 4248 καρδίας
2530 4178 2620 4226 καὶ
2657 4177 2835 4235 πάσης
2874 4172 3202 4248 ἀκαθαρσίας
3243 4171 3618 4246 ἀπηλλαγμένῳ
3645 4171 3885 4225 ἐναποτι-

2279 4264 2518 4336 θέμενοι.]

576 4356 743 4411 Vers.
792 4356 882 4410 4-1.
941 4355 1092 4409 Erat
1144 4381 1212 4393 —
1259 4353 1416 4408 Vers.
1467 4355 1555 4408 40.
1611 4353 1822 4410 Jesum.
1879 4352 2163 4410 Praedicto

2348 4351 2443 4406 Ἦν
2504 4385 2572 4393 —
2621 4353 2848 4411 Ἰησοῦν.
2911 4353 2993 4404 Ἐν
3045 4359 3114 4423 τῷ
3194 4352 3400 4426 ῥηθέντι
3474 4350 3731 4424 κεφαλαίῳ
3790 4360 3886 4404 τοῦ

507 4446 701 4517 capite
733 4443 1034 4513 Evangelii
1060 4441 1232 4513 juxta
1262 4441 1598 4497 Matthaeum
1641 4443 1716 4497 de
1765 4445 1877 4499 hoc
1925 4459 2126 4516 quoqu

2275 4447 2410 4494 κατά
2471 4444 2738 4496 Mareotica
2789 4447 2880 4494 καὶ
2920 4446 3039 4516 περὶ
3075 4443 3260 4494 τούτου
3321 4444 3613 4517 ἱστόρηται.
3679 4440 3889 4512 [Ἐϐού-

507 4535 794 4606 scriptum
827 4539 934 4590 est.
966 4531 1255 4588 Volebant
1285 4531 1485 4603 itaque
1515 4532 1673 4588 hunc
1695 4533 1753 4588 in
1786 4533 1903 4590 alio
1932 4533 2129 4605 dignic

2275 4532 2420 4586 λοντο
2461 4536 2552 4606 μὲν
2604 4534 2717 4604 (88)
2772 4528 2859 4585 οὖν
2913 4529 2960 4583 ἐν
3019 4530 3171 4604 ἑτέρῳ
3212 4530 3594 4608 ἁξιολογωτέρῳ
3647 4535 3887 4604 μνημείῳ

581 4742 622 4778 ⁸⁷
668 4739 865 4798 Matth.
905 4752 1067 4806 ΠΝ,
1109 4741 1199 4795 30.
1319 4738 1366 4774 ⁸⁸
1399 4738 1601 4796 Matth.
1629 4755 1810 4808 XXVII,
1840 4745 1930 4798 57.

1749 4918 1968 4988 Variae
2000 4919 2328 4990 lectiones
2361 4930 2654 4990 etnotae.

609 5118 702 5176 80)
743 5116 977 5173 Inclusa
1015 5114 1240 5173 absunt
1276 5118 1350 5174 A.
2280 5134 2356 5176 ea:
2379 5119 2633 5176 Hebraeo
2664 5115 3061 5175 translatione
3087 5117 3405 5176 Zacharia:
3429 5114 3792 5174 duodecimo.

610 5188 706 5261 81)
745 5191 933 5262 Etiam
962 5189 1089 5244 haec
1121 5188 1342 5262 absunt
1367 5190 1435 5244 A.
1483 5259 1493 5262 _
1605 5259 1620 5262 _
1693 5259 1702 5262 _
2352 5190 2465 5262 (84)
2496 5191 2728 5246 Inclusa
2754 5191 2975 5262 absunt
3006 5193 3073 5245 A.

613 5193 706 5261 BI)
745 5193 933 5244 Etiam
962 5193 1089 5244 haec
1121 5193 1342 5244 absunt
1367 5193 1435 5244 A.
2352 5193 2445 5262 (84
2496 5193 2728 5246 Inclusa
2754 5193 2975 5247 absunt
3006 5193 3073 5245 A.

613 5262 706 5332 82)
750 5261 883 5316 Haec
915 5266 1162 5334 uterque
1201 5261 1261 5334 in
1301 5259 1575 5334 margine
1605 5259 1811 5334 habet.
1863 5332 1872 5334 4
1991 5331 2005 5334 _
2353 5193 2466 5334 (85)
2498 5263 2631 5318 Haac
2657 5263 2777 5317 duo
2801 5261 3095 5318 vocabula
3133 5260 3348 5334 omittit
3377 5259 3718 5334 Hentenius.

613 5335 704 5458 832
741 5337 888 5387 Ante
927 5335 980 5404 ᾖ,
1015 5331 1089 5386 de
1111 5347 1220 5386 suo
1245 5332 1596 5402 interposuit
1628 5332 1953 5388 Hentenius
1990 5331 2120 5388 haec
2151 5347 2164 5388 :

613 5405 664 5458 rit
697 5407 770 5458 iic
787 5419 1078 5458 nusauam
1103 5403 1366 5458 inveniri
1395 5403 1538 5458 auia
1560 5403 1602 5458 G
1625 5420 1771 5458 raece
1785 5406 1977 5458 solum
2001 5420 2171 5458 nove-

2035 5348 2120 5388 aac
2151 5347 2164 5388 :
2350 5331 2468 5458 (86)
2504 5334 2690 5405 Ὀψίας
2718 5337 3011 5407 γενομένης,
3045 5333 3268 5390 caeteris
3293 5333 3554 5398 omissis,
3587 5335 3653 5388 A.

2031 5420 2171 5458 iove-
2377 5406 2442 5458 87
2503 5408 2626 5458 Haec
2654 5412 2901 5458 uteraue
2931 5407 2992 5458 in
3018 5406 3311 5458 margine.

511 5405 664 5460 Dicit
682 5403 770 5459 hic
787 5403 1078 5478 nusquam
1103 5403 1366 5478 inveniri
1395 5403 1538 5478 quia
1560 5403 1771 5478 Graece
1785 5406 1977 5478 solum
2001 5420 2171 5478 nove-
2355 5403 2466 5478 (87)
2503 5403 2626 5478 Haec
2654 5403 2901 5478 uterque
2931 5403 3311 5476 in'margine.

514 5482 611 5532 rat
643 5490 850 5545 ;porro
869 5475 931 5548 in
952 5474 1150 5548 Graeca
1169 5475 1566 5530 translatione
1580 5476 1974 5546 Septuaginta
1997 5477 2173 5533 inter-
2355 5474 2472 5548 (88)
2511 5477 2745 5535 Inclusa
2775 5474 2989 5534 absunt
3020 5478 3093 5535 A.

513 5553 751 5616 prelum
763 5561 879 5600 non
903 5546 1188 5617 habetur;
1211 5548 1452 5616 legimus
1485 5553 1679 5603 tamen
1696 5548 1927 5603 itludin
1959 5549 2172 5604 Latina

587 5724 662 5805 _(z)
701 5724 835 5805 ἕεις,
851 5723 1267 5804 consiliarium.
1302 5725 1422 5805 Hoc
1452 5724 1585 5805 ideo
1617 5727 2055 5801 perspicuitatis
2085 5744 2270 5787 causa
2302 5728 2534 5788 addidit
2571 5729 2882 5805 interpres,
2925 5728 3090 5804 quod
3123 5744 3260 5786 mox
3299 5745 3370 5786 ex
3422 5727 3716 5786 vocabulo
3758 5725 3894 5805 βου-

516 5795 674 5850 hom
705 5793 1063 5870 Euthymius
1102 5803 1574 5870 argumentatur.
