4108 6396
198 313 337 373 1477

1229 305 1603 368 ΟΟΜΜΕΝΤ.
1646 306 1714 364 ΙΝ
1754 304 2117 365 JOANNEM.
2159 340 2224 349 —
2257 305 2419 367 CAP.
2464 302 2582 366 XX.

3438 309 3577 369 4478

194 451 372 498 τοῦτον
421 443 582 494 θεῖναι
637 438 944 516 πορρωτέρω
1005 447 1100 499 τῆς
1155 437 1349 498 πόλεως
1416 455 1428 469 ·
1484 432 1576 488 διὰ
1626 431 1682 488 δὲ
1707 439 1802 493 τὴν

1935 448 1978 488 -e
2009 438 2424 502 monumento,
2454 435 2621 508 quod
2674 433 2910 506 longius
2936 451 2968 491 a
3029 436 3262 494 civ1tate
3291 437 3573 511 distabat,

196 536 533 606 παρασκευὴν
586 539 687 582 τῶν
747 526 1040 592 Ἰουδαίων,
1097 532 1259 598 ἤγουν
1313 530 1406 584 τὴν
1464 544 1800 598 παρατετηρη

199 626 351 695 μένην
384 624 506 693 πρὸς
537 621 758 691 ἑσπέραν
789 626 894 679 τοῖς
924 615 1227 678 Ἰουδαίοις,
1261 618 1344 667 ὅτε
1382 614 1477 666 οὐκ
1519 611 1580 672 ἧν
1603 616 1744 687 θέμις
1771 615 1798 672 ἦ

199 709 506 785 πορρωτέρω
535 706 802 782 βαδίζειν,
846 709 876 768 ἦ
934 711 1008 759 ἔτι
1065 706 1382 780 ἐργάζεσθαι
1413 723 1427 737 ⁸
1471 710 1560 756 καὶ
1591 704 1800 775 μᾶλλον,

201 802 280 854 ὅτι
309 805 399 852 καὶ
447 803 505 851 τό
542 802 739 871 Πάσχα
787 804 900 850 τότε
953 795 1248 861 κατέλαϐεν,
1290 795 1356 855 εἰς
1404 797 1462 846 τό
1511 793 1804 854 πλησιάζον

203 893 390 948 ἔθηκαν
429 889 604 956 αὐτὸν,
647 898 741 949 τῆς
803 890 941 949 θείας
972 889 1215 959 προνοίας
1256 885 1420 945 οὕτως
1450 883 1802 955 οἰκονομησά-

205 999 322 1044 σης,
356 981 437 1030 ἶνα
474 983 564 1030 καὶ
593 980 646 1030 αἱ
677 979 968 1050 μαθήτριαι
996 979 1304 1049 θεωρήσωσι
1330 980 1430 1026 ποῦ
1466 975 1685 1038 τίθεται,
1716 978 1804 1024 καὶ

200 1071 246 1120 οἰ
314 1070 544 1140 μαθηταὶ
605 1064 859 1119 δύνωνται
886 1065 1233 1139 ἀπέρχεσθαι,
1266 1061 1358 1116 διὰ
1389 1069 1481 1121 τὴν
1521 1062 1800 1134 ἐγγύτητα,

199 1162 287 1210 καὶ
317 1159 625 1210 θεαθώσιτα
655 1159 785 1229 μετὰ
809 1163 964 1208 τοῦτο
1005 1155 1482 1229 τερατουργηθέντα
1511 1151 1613 1204 ἐκεῖ
1639 1155 1804 1226 παρά-

202 1244 382 1320 δοξα.]

268 1343 341 1408 Τῇ
373 1333 432 1388 δὲ
485 1342 582 1408 μιᾷ
637 1343 736 1388 των
796 1333 1089 1386 Σαϐϐάτων.
1125 1332 1255 1405 [Ἐν
1312 1340 1384 1403 τῷ
1413 1331 1652 1403 λεχθέντι
1687 1331 1803 1401 (89)

1013 1441 1024 1452 ·
1064 1423 1191 1494 Ὀψὲ
1249 1421 1522 1474 Σαϐϐάτων
1579 1428 1640 1492 τῇ
1698 1419 1806 1471 ἐπι-

1205 1510 1464 1583 ἀνάγνωθι
1512 1512 1577 1563 τὰ
1620 1509 1804 1580 ἐξηγηο

198 1427 478 1500 κεφαλαίῳ,
521 1428 641 1479 ἔνθα
689 1433 857 1478 κεῖται
919 1429 977 1476 τό

199 1518 481 1589 φωσκούσῇ
536 1515 602 1576 εἰς
641 1519 764 1588 μίαν
820 1512 1094 1566 Σαϐϐάτων
1138 1529 1150 1542 ·

202 1608 368 1659 θέντα.
399 1608 418 1674 ]

273 1697 452 1767 Μαρία
484 1725 546 1734 -
579 1693 753 1748 αὐτόν.
805 1691 1084 1746 Κάνταῦθα
1133 1693 1198 1743 τὰ
1249 1695 1337 1762 μὲν
1387 1694 1504 1763 περὶ
1568 1697 1668 1740 τῶν
1713 1687 1806 1740 άλ-

1916 523 2204 580 collocare
2231 546 2242 577 :
2267 526 2369 579 sed
2399 531 2640 597 propter
2666 524 3033 581 Parasceven
3061 526 3418 595 Judaeorum,
3443 545 3579 602 qua

1917 613 2189 669 videlicet
2217 630 2253 670 a
2282 614 2501 670 Judaeis
2523 614 2600 670 ad
2642 629 2955 686 vesperam
2982 615 3430 684 observabatur,
3454 635 3578 690 quo

1917 707 2175 774 tempore
2205 701 2296 758 fas
2323 719 2444 759 non
2483 709 2608 759 erat
2655 709 2760 759 aut
2806 704 3045 775 longius
3095 705 3428 774 ambulare,
3477 713 3582 764 aut

1917 793 2178 863 amplius
2200 793 2450 864 operari,
2478 794 2673 862 magis
2700 799 2898 849 autem
2921 794 3064 865 quia
3084 800 3141 850 et
3162 796 3388 852 Pascha
3404 797 3582 852 adve-

1917 887 2083 936 nerat
2100 882 2158 936 in
2179 883 2521 954 propinquo
2540 887 2874 954 posuerunt
2893 900 3051 949 eum,
3073 884 3273 940 divina
3294 887 3484 957 gratia
3499 887 3581 944 ita

1916 971 2323 1042 dispensante,
2355 978 2416 1026 ut
2439 972 2749 1044 discipulus
2781 972 3193 1045 conspicerent
3212 975 3310 1031 ubi
3334 991 3581 1048 ponere-

1917 1065 2012 1116 tur
2067 1067 2124 1116 et
2169 1061 2444 1134 discipuli
2486 1067 2732 1134 possent
2777 1068 3022 1135 propter
3066 1065 3578 1138 propinquitatem

1917 1149 2232 1222 proﬁcisci,
2268 1167 2338 1207 ac
2377 1152 2641 1208 viderent
2671 1167 2799 1224 quas
2832 1154 3221 1224 postmodum
3253 1153 3409 1212 facta
3441 1160 3580 1213 sunt

1917 1239 2226 1296 miracula.

1989 1332 2133 1401 Cap.
2158 1331 2256 1388 XX.
2282 1329 2445 1385 Vers.
2476 1335 2522 1384 t.
2547 1330 2674 1386 Uno
2696 1335 2890 1387 autem
2908 1330 3314 1390 Sabbatarum.
3344 1334 3406 1389 In
3432 1349 3580 1407 prae-

1915 1419 2074 1474 dicto
2101 1418 2291 1490 capite
2324 1419 2425 1475 ubi
2451 1418 2667 1474 dicitur
2699 1437 2711 1474 :
2781 1421 3032 1488 Vespera
3075 1429 3266 1479 autem
3299 1423 3580 1482 Sabbato-

1917 1523 2046 1563 rum
2063 1509 2132 1578 ⁸9,
2152 1523 2280 1579 qua
2294 1509 2568 1566 tuscesct't
2584 1509 2645 1565 in
2665 1525 2844 1566 unum
2856 1511 3278 1568 Sabbatorum:
3299 1513 3428 1584 lege
3441 1529 3574 1587 quae

1917 1602 2054 1652 sunt
2077 1603 2383 1655 enarrata.

1988 1686 2151 1742 Vers.
2192 1693 2236 1744 1.
2268 1687 2524 1744 Mariam
2551 1721 2602 1731 —
2630 1689 2792 1744 Vers.
2817 1691 2871 1746 2.
2897 1705 3048 1746 eum.
3077 1692 3199 1746 Hoc
3218 1692 3399 1748 etiam
3425 1693 3578 1759 loco,

197 1784 296 1836 λων
345 1791 602 1855 γυναικῶν
649 1779 1002 1856 παρέδραμεν,
1063 1785 1131 1842 ὡς
1191 1780 1633 1852 προϊστορηθέντα
1693 1785 1805 1840 τοῖς

1935 1792 2051 1848 luas
2082 1777 2239 1832 circa
2287 1777 2437 1833 alias
2500 1777 2777 1834 mulieres
2829 1784 2963 1835 acta
2989 1785 3128 1836 sunt
3186 1783 3577 1852 praetermisit.

197 1873 374 1935 ἄλλοις
406 1890 418 1902 ·
458 1876 524 1925 τὰ
577 1869 636 1925 δὲ
664 1875 800 1924 κατὰ
848 1876 942 1930 τὴν
997 1867 1352 1942 Μαγδαληνὴν
1398 1868 1674 1934 ἐκτίθεται,
1735 1871 1802 1930 ὡς

195 1962 404 2024 ἐκείνοις
476 1967 861 2026 σεσιωπημένα.
930 1964 1125 2013 Λοιπὸν
1179 1956 1266 2012 οὖν
1324 1958 1583 2030 ἀνάγνωθι
1627 1957 1674 2009 ἐν
1731 1966 1803 2028 τῷ

195 2054 448 2125 εἰρημένῳ
501 2055 759 2123 κεφαλαίῳ
806 2050 904 2103 ἀπὸ
945 2058 1034 2102 τοῦ
1062 2065 1076 2079 ⁸
1103 2049 1236 2120 Ὀψὲ
1284 2047 1558 2100 Σαϐϐάτων
1600 2055 1660 2106 τῆ
1695 2045 1802 2098 ἐπι-

193 2145 479 2215 φωσκούσῃ
519 2142 589 2201 εἰς
628 2147 752 2213 μίαν
784 2139 1074 2194 Σαϐϐάτων.
1101 2141 1235 2214 ἄχρι
1261 2146 1352 2190 τοῦ
1388 2155 1399 2167 ·
1437 2140 1501 2189 Oi
1533 2135 1592 2188 δὲ
1622 2133 1804 2188 ἕνδεκα

189 2233 432 2304 μαθηταὶ
482 2230 834 2303 ἐπορεύθησαν
877 2231 947 2290 εἰς
985 2235 1078 2287 τὴν
1127 2228 1402 2280 Γαλιλαίαν
1450 2246 1462 2259 ο
1525 2231 1616 2278 καὶ
1662 2226 1804 2295 εὑρή-

193 2340 301 2381 σεις
327 2322 498 2373 πάντα
523 2322 658 2371 κατά
681 2319 832 2391 λόγον
861 2321 1240 2391 ἡρμηνευμένα,
1293 2322 1382 2369 καὶ
1405 2316 1653 2390 ἁρμονίαν
1679 2320 1804 2387 μίαν

189 2420 290 2463 τῶν
335 2412 603 2484 τεσσάρων
647 2409 1038 2481 εύαγγελιστῶν,
1093 2413 1178 2460 καὶ
1227 2415 1380 2480 σῶμα
1425 2414 1518 2468 τῆς
1570 2408 1803 2480 ἱστορίας

197 2502 267 2554 ἓν.

264 2597 349 2659 Τῷ
375 2593 548 2663 Πέτρῳ
581 2585 639 2642 δὲ
668 2595 756 2640 καὶ
895 2589 1098 2660 Ἰωάννη
1131 2584 1424 2659 διαλέγεται
1450 2588 1478 2644 ἡ
1514 2582 1805 2656 Μαγδαλη-

194 2685 276 2745 νὴ,
320 2689 394 2750 τῷ
426 2682 515 2752 μὲν
541 2681 606 2738 ὡς
656 2683 943 2751 κορυφαίῳ,
975 2687 1046 2747 τῷ
1070 2673 1129 2728 δε
1154 2679 1222 2736 ὡς
1249 2677 1586 2747 ἠγαπημένῳ,
1619 2679 1708 2726 καὶ
1737 2676 1804 2734 ὡς

194 2771 368 2823 πλεῖον
393 2777 491 2822 τῶν
527 2769 690 2821 ἄλλων
731 2767 978 2838 ἀγαπῶσι
1008 2770 1094 2818 τὸν
1129 2769 1339 2842 Κύριον,
1394 2770 1493 2818 Καὶ
1516 2769 1616 2839 ’γὰρ
1658 2769 1806 2836 μόνοι

193 2863 365 2930 τούτῳ
404 2858 789 2924 ἠκολούθησαν,
849 2856 1156 2929 ἀπαγομένῳ
1189 2854 1391 2928 δεσμίῳ
1443 2858 1569 2928 πρὸς
1619 2854 1804 2907 Ἀνναν

198 2954 289 3002 καὶ
323 2950 582 3022 Καϊάφαν.

266 3127 511 3191 Ἐξῆλθεν
540 3160 608 3169 ——
647 3134 914 3201 μνημεῖον.
949 3123 1153 3185 Μηδενὶ
1203 3128 1291 3198 μὲν
1317 3133 1416 3177 τῶν
1445 3125 1606 3176 ἄλλων
1641 3120 1808 3196 μηδὲν
1840 3148 1878 3203 C

193 3219 442 3279 εἰπόντες,
469 3223 954 3290 καταφρονήσαντες
977 3213 1036 3269 δὲ
1059 3220 1144 3268 καὶ
1177 3225 1276 3268 τῶν
1298 3211 1574 3269 Ἰουδαίων
1596 3219 1686 3266 καὶ
1710 3222 1808 3264 τῶν

188 3309 434 3382 φυλάκων
464 3309 563 3359 ὑπὸ
593 3309 875 3382 θερμότητο
887 3327 930 3367 ς.

260 3397 520 3470 ’Ἑτρεχον
551 3429 619 3438 —
646 3399 796 3469 ὁμοῦ.
948 3397 1106 3468 ὁμοίᾳ
1139 3395 1252 3466 (90)
1277 3397 1557 3470 θερμότητι
1591 3391 1810 3465 ἁμιλλὼ-

190 3507 363 3560 μενοι.
397 3485 419 3560 ]

269 3583 373 3630 Καὶ
406 3609 473 3618 —-
502 3584 768 3650 μνημεῖον,
813 3577 893 3637 Ὡς
921 3574 1257 3650 ἀκμαιότερος
1287 3578 1372 3627 τὸν
1399 3579 1541 3628 τόνον
1573 3583 1667 3628 τοῦ
1711 3580 1811 3628 σώ-

194 3687 383 3740 ματος.

273 3761 374 3810 Καὶ
409 3785 458 3796 -
491 3756 684 3810 ὀθόνια.
711 3759 787 3808 Τὰ
825 3754 1059 3829 ἐντάφια,
1094 3760 1188 3814 τὴν
1215 3753 1450 3811 σινδόνα.

268 3939 346 3991 Ού
379 3941 552 4012 μέντοι
591 3937 818 3996 εἰσῆλθε.
854 3937 1060 4010 Φρίξας,
1092 3939 1119 3996 ἢ
1155 3937 1448 4012 ἁρκεσθείς.

265 4118 531 4190 Ἔρχεται
563 4147 630 4158 —-
653 4123 922 4188 μνημεῖον.
953 4119 1037 4173 Μὴ
1062 4111 1356 4181 δειλιάσας,
1386 4117 1470 4167 ἱνα
1500 4118 1668 4176 τὸτῆς
1687 4135 1812 4188 προ-

189 4211 350 4283 τέρας
374 4203 569 4267 δειλίας
599 4205 956 4280 ἀποτρίψηται
985 4204 1097 4276 (91)
1139 4204 1392 4276 ἔγκλημα,
1451 4206 1480 4263 ἣ
1515 4203 1810 4278 ἀκριϐέστε-

191 4318 281 4370 ρον
337 4295 614 4372 ἐρευνῆσαι
679 4294 1010 4368 βουλόμενος.
1095 4293 1337 4354 Ἰωάννης
1402 4297 1492 4366 μεν
1557 4302 1629 4363 τῷ
1699 4295 1808 4365 (92)

188 4383 523 4461 προδραμεῖν
593 4402 605 4415 ·
658 4387 848 4458 Πέτρος
908 4381 967 4436 δὲ
1028 4391 1098 4454 τῷ
1152 4382 1394 4435 εἰσελθεῖν
1447 4383 1516 4445 εἰς
1569 4387 1628 4435 τὸ
1681 4404 1810 4457 μνη-

189 4483 362 4548 μεῖον.

267 4566 532 4636 [Ζήτησον
591 4565 700 4634 (93)
753 4561 920 4615 καὶέν
953 4569 1024 4632 τῷ
1057 4557 1402 4633 ὀγδοηκοστῷ
1449 4558 1674 4636 δευτέρῳ
1723 4583 1806 4616 κε-

191 4655 400 4727 φαλαίῳ
429 4660 520 4706 τοῦ
577 4655 712 4704 κατὰ
759 4659 962 4705 Λουκᾱν
987 4656 1043 4704 τό
1081 4669 1094 4680 ⁶
1143 4651 1202 4703 Ὀ
1261 4649 1320 4704 δε
1345 4657 1534 4726 Πέτρος
1577 4651 1808 4717 ἀναστὰς

191 4741 422 4818 ἔδραμεν
472 4741 554 4794 ἐπὶ
617 4745 671 4794 τὸ
727 4749 994 4814 μνημεῖον,
1049 4745 1138 4793 καὶ
1180 4739 1438 4814 ἀνάγνωθι
1497 4744 1563 4794 τὰ
1614 4741 1808 4814 ἐξηγη-

923 4922 971 4957 ⁹⁰
1004 4919 1146 4976 ibid.

266 4924 316 4960 ”
346 4923 501 4980 Matt.
526 4937 724 4992 xxvm,
761 4921 808 4975 1.
923 4922 971 4957 ⁹⁰
1004 4919 1146 4976 ibid.
1261 4921 1305 4956 ⁹¹
1343 4919 1482 4978 ibid.
1521 4925 1607 4979 16.

1275 5073 1496 5143 Variae
1543 5074 1874 5145 lectiones

286 5275 384 5342 89)
428 5273 619 5329 Etiam
648 5271 776 5328 haec
807 5270 1023 5328 desunt
1050 5273 1115 5328 A.

284 5348 381 5415 90)
423 5345 662 5400 Inclusa
693 5344 911 5400 absunt
933 5348 997 5399 A.

260 5415 386 5490 (9i)
428 5415 816 5491 Ἀπορῥιψηται
853 5419 920 5471 Α.
972 5415 1124 5472 Illud
1152 5415 1474 5472 Hentenius
1524 5416 1682 5488 legit.
1714 5418 1806 5474 At-

257 5594 386 5668 (aa)
417 5597 506 5668 Et,
530 5611 591 5652 se
615 5627 680 5636 —
707 5595 1107 5665 despicientes.
1135 5595 1284 5652 Inter
1311 5613 1370 5652 se
1397 5600 1800 5653 certantes.ln-

183 5667 428 5738 terpres
456 5667 690 5723 videtur
725 5668 936 5738 legisse
988 5673 1074 5720 καὶ
1104 5669 1296 5722 ἑαυτῶν
1353 5674 1442 5722 καὶ
1497 5677 1595 5722 τῶν
1637 5669 1800 5721 ἄλλων

189 5739 522 5816 αμελοῦντες.
568 5739 681 5796 Sed
736 5755 872 5815 quae
930 5740 1176 5798 inferius
1229 5741 1512 5814 leguntur
1561 5757 1624 5818 p.
1671 5743 1796 5812 6°27,

1917 1872 2208 1939 tanquam
2230 1867 2308 1922 ab
2332 1867 2460 1923 aliis
2475 1867 2634 1923 dicta
2658 1887 2670 1926 :
2691 1884 2826 1940 quae
2847 1885 2984 1924 vero
3003 1870 3196 1926 Marias
3211 1870 3580 1941 Magdalenae

1916 1957 2261 2013 acciderunt
2301 1963 2501 2028 utpote
2553 1959 2631 2014 ab
2657 1958 2787 2013 aliis
2828 1958 3062 2014 silentio
3116 1961 3432 2031 praeterita,
3475 1976 3578 2016 ex-

1917 2053 2240 2119 ponuntur.
2267 2050 2412 2118 Lege
2443 2049 2645 2120 itaque
2680 2048 2967 2120 praedicto
2990 2050 3182 2122 capite
3203 2050 3281 2106 ab
3311 2067 3381 2108 eo
3411 2051 3576 2110 loco:

1925 2137 2171 2207 Vespera
2183 2144 2380 2194 autem
2401 2137 2856 2204 Sabbatorum”,
2882 2155 3008 2209 qum
3042 2141 3280 2197 lucescit
3305 2142 3368 2196 in
3400 2158 3582 2198 unum

1916 2227 2331 2297 Sabbatorum,
2346 2226 2665 2298 usquedum
2696 2227 2941 2284 dicitur:
2965 2229 3245 2285 Undecz’m
3268 2245 3400 2286 vero
3413 2231 3584 2287 disci-

1916 2317 2046 2386 puti
2056 2316 2316 2385 profecti
2333 2323 2469 2370 sunt
2493 2319 2553 2371 z'n
2589 2317 2899 2374 Galilaeam
2927 2319 2971 2353 ⁹¹
2997 2334 3008 2372 :
3040 2324 3095 2374 et
3126 2320 3332 2374 omnia
3357 2321 3435 2376 ad
3457 2336 3583 2376 ver-

1917 2405 2065 2459 bum
2080 2404 2399 2477 explanata
2413 2406 2693 2470 invenies,
2713 2422 2849 2462 eam
2863 2406 3116 2479 demque
3131 2413 3382 2478 quatuor
3395 2425 3582 2465 evan-

1920 2495 2263 2565 gelistarum
2279 2496 2761 2562 consonantiam,
2778 2512 2847 2551 ac
2861 2512 3077 2569 corpus
3089 2496 3352 2554 historiae
3368 2515 3555 2554 unum
3567 2538 3579 2550 .

1994 2585 2165 2640 Petro
2191 2591 2390 2640 autem
2430 2591 2486 2640 et
2525 2585 2740 2641 Joanni
2780 2583 3042 2658 loquitur
3071 2587 3452 2659 Magdalene:
3499 2572 3582 2646 illi

1919 2674 2186 2744 quidem,
2224 2677 2508 2745 tanquam
2531 2676 2804 2730 omnium
2824 2693 3084 2741 summo,
3110 2677 3248 2733 huic
3280 2693 3417 2734 vero
3449 2683 3577 2735 tan-

1919 2779 2107 2835 quam
2132 2762 2368 2829 dilecto,
2399 2770 2456 2820 et
2481 2764 2580 2834 qui
2621 2765 2883 2836 amplius
2940 2782 3125 2838 quam
3157 2768 3348 2823 caeteri
3379 2767 3583 2840 dilige-

1918 2854 2068 2908 bant
2097 2853 2298 2907 Jesum
2335 2872 2347 2920 ;
2377 2853 2486 2908 soli
2513 2854 2673 2909 enim
2712 2854 2862 2910 inter
2894 2871 3104 2910 omnes
3135 2856 3316 2912 secuti
3349 2857 3584 2915 fuerant

1919 2958 2080 3011 eum,
2107 2957 2246 2998 cum
2272 2942 2486 3014 ligatus
2518 2943 2928 3001 abducebatur
2959 2945 3038 3001 ad
3058 2947 3292 3002 Annam
3321 2953 3378 3004 et
3416 2946 3584 3006 Caia-

1920 3032 2122 3104 pham.

1990 3123 2154 3178 Vers.
2191 3126 2240 3177 3.
2270 3122 2468 3178 Exivit
2509 3153 2576 3163 —
2641 3128 3104 3181 monumentum.
3138 3124 3290 3181 Nulli
3321 3126 3582 3184 aliorum

1917 3212 2254 3285 quidquam
2287 3213 2581 3279 dicentes;
2609 3214 2850 3286 insuper
2872 3221 2927 3269 et
2946 3215 3187 3271 Judteos
3209 3232 3278 3273 ac
3302 3217 3582 3274 custodes

1919 3318 2036 3375 prae
2072 3302 2299 3358 fervore
2343 3308 2814 3359 contemnentes.

1992 3392 2151 3446 Vers.
2185 3395 2238 3446 4.
2279 3392 2608 3448 Currebant
2645 3424 2716 3434 —
2777 3394 2969 3449 simul.
3028 3395 3211 3452 Simili
3259 3395 3492 3453 fervore
3521 3401 3577 3454 et

1920 3496 1981 3538 se
2021 3486 2078 3537 et
2106 3487 2322 3538 caetera
2359 3482 2749 3553 despicientes
2795 3485 2939 3555 (aa).

1990 3573 2148 3626 Vers.
2182 3573 2233 3626 4.
2277 3573 2351 3627 Et
2377 3602 2445 3612 —
2489 3581 2952 3631 monumentum.
3002 3573 3319 3649 Tanquam
3364 3577 3586 3635 robus-

1920 3662 2034 3720 tior
2063 3662 2266 3732 vigore
2298 3663 2582 3735 corporis.

1990 3753 2155 3808 Vers.
2191 3758 2242 3808 5.
2269 3752 2342 3807 Et
2374 3785 2438 3795 —-
2470 3752 2824 3811 linteamina.
2877 3755 3203 3823 Funeralia,
3251 3762 3416 3830 puta,
3467 3758 3583 3815 sin-

1920 3843 2164 3898 donem.

1993 3932 2148 3988 Vers.
2176 3936 2225 3987 5.
2259 3932 2392 3987 Non
2411 3939 2606 3990 tamen
2651 3932 2943 3990 introivit.
2969 3936 3243 3992 Tremore
3277 3937 3584 4007 detentus,

1919 4027 2021 4077 aut
2047 4021 2139 4075 his
2162 4021 2290 4092 jam
2318 4028 2652 4078 contentus.

1991 4113 2146 4166 Vers.
2179 4113 2234 4165 6.
2275 4111 2437 4166 Venit
2476 4143 2536 4152 —
2574 4118 3033 4168 monument-um.
3063 4112 3232 4170 Nullo
3257 4114 3388 4186 jam
3422 4123 3584 4174 metu

1917 4216 2262 4273 oppressus,
2287 4217 2408 4274 quo
2423 4200 2636 4272 prioris
2663 4201 2905 4273 culpam
2941 4202 3269 4260 timiditatis
3285 4204 3586 4276 absterge-

1916 4296 2021 4358 ret,
2053 4291 2548 4362 autdiligentibus
2573 4292 2820 4347 scrutari
2838 4291 3058 4347 volens.
3088 4293 3342 4350 Invicem
3381 4295 3583 4368 itaque

1917 4396 1978 4436 se
2010 4381 2194 4437 ambo
2224 4383 2492 4437 vicerunt
2524 4381 2822 4437 :Joannes
2851 4381 3100 4453 quidem
3129 4385 3578 4455 praecurrendo,

1833 4505 1880 4560 Β
1917 4471 2120 4526 Petrus
2155 4487 2295 4526 vero
2326 4471 2385 4526 in
2420 4476 2879 4526 monumentum
2911 4471 3291 4528 introeundo.

1988 4561 2196 4624 Quaere
2215 4561 2393 4616 etiam
2416 4559 2786 4632 octogesimo
2805 4560 3074 4616 secundo
3099 4561 3579 4636 Evangeliijuxta

1915 4651 2136 4707 Lucam
2161 4651 2368 4722 capite,
2398 4650 2498 4707 ubi
2531 4649 2780 4708 dicitur:
2814 4649 3026 4706 Petrus
3060 4665 3198 4708 vero
3229 4669 3472 4724 surgens
3487 4670 3588 4710 cu-

1915 4742 2104 4798 currit
2126 4741 2206 4798 ad
2217 4746 2662 4799 monumentum
2680 4741 2724 4776 ⁸³
2743 4755 2756 4808 ;
2777 4755 2846 4796 ac
2864 4742 3311 4801 enarrationem
3329 4743 3460 4817 lege
3488 4761 3585 4800 su-

1727 4923 1801 4959 ⁹¹¹
1829 4923 1968 4979 Luc.
2020 4938 2174 4988 xxxv,
2212 4925 2300 4980 l2.

1913 5085 1976 5144 et
2009 5080 2214 5144 notae.

1917 5272 2134 5347 queita
2163 5271 2341 5328 etiam
2373 5276 2460 5329 est
2486 5271 2565 5330 ad
2595 5272 2762 5331 Joan.
2799 5288 2920 5340 χιχ,
2955 5272 3011 5332 7.

1989 5345 2102 5416 (9‘2)
2129 5348 2348 5418 Δραμεῖν
2380 5352 2437 5399 Β.

1985 5399 2098 5489 (93ί
2127 5399 2364 5474 Inclusa
2392 5417 2616 5474 absunt
2659 5424 2719 5474 A.

1912 5613 2068 5671 vers,
2118 5597 2199 5671 12.
2232 5596 2475 5655 ἐνίκησαν
2527 5592 2637 5668 οὖν,
2677 5617 2726 5654 κ.
2752 5614 2799 5654 τ.
2841 5597 2911 5671 λ.,
2948 5597 3259 5660 lectionem
3294 5617 3571 5665 meorum

1911 5669 2088 5728 codd.
2131 5669 2400 5727 ﬁrmant.
