4108 6388
547 301 686 362 1479

1866 295 2216 356 EU'I'HYMII
2257 298 2588 356 ZIGABENI

3780 307 3920 365 1480

545 449 650 507 per
675 432 732 489 id
747 424 908 505 quod
921 427 1176 486 habetur
1194 445 1205 484 :
1225 428 1700 499 .tdmiransquod
1709 429 1942 498 factum
1973 434 2103 485 erat
2127 429 2187 498 θ’,

2316 428 2462 480 θέντα
2523 428 2595 490 εἰς
2628 432 2685 482 τό
2718 445 2730 460 ⁶
2763 429 3067 502 Θαυμάζων
3111 432 3169 482 τὸ
3209 434 3436 504 γεγονός,
3468 435 3604 487 πάνυ
3657 433 3922 506 ἀναγκαῖα

543 523 620 579 ad
649 524 808 578 hunc
847 521 1046 576 locum
1080 521 1338 576 maxime
1380 519 1802 575 necessariam.

613 615 773 667 Vers.
798 616 854 667 6.
894 611 971 665 Et
999 641 1069 650 —
1090 610 1252 664 Vers.
1277 614 1327 662 7.
1353 609 1566 664 locum.
1595 608 1859 676 Quorum
1877 611 2198 679 utrumque

543 702 785 772 signum
815 702 990 756 etiam
1016 705 1141 754 erat
1168 698 1465 754 infallibile
1483 697 1955 753 resurrectionis.
1998 701 2197 769 Neque

540 792 723 857 enim,
770 791 818 845 si
851 790 988 862 quis
1030 805 1166 844 eum
1197 789 1685 860 transposuisset,
1731 794 1888 843 certe
1919 787 2196 842 denudas

541 887 628 937 set
670 898 681 935 :
718 896 909 952 neque
942 880 988 934 si
1021 879 1251 934 futurus
1274 884 1442 943 esset,
1468 895 1668 932 curam
1707 877 2014 933 habuisset
2055 881 2198 930 utet

541 970 852 1026 sudarium
904 968 1242 1032 involveret,
1283 974 1606 1039 oneretque
1642 968 1701 1022 in
1756 982 1945 1022 unum
1977 965 2194 1028 locum,

540 1060 660 1115 sive
691 1061 749 1114 in
781 1055 2082 1129 alternumalinteaminibusseparatum,sed
2116 1056 2195 1110 ita

539 1157 599 1205 ut
629 1150 809 1204 situm
836 1154 962 1204 erat
993 1163 1234 1218 corpus,
1270 1153 1373 1202 aut
1401 1147 1887 1218 transposuisset,
1923 1144 2195 1200 autfura-

537 1245 630 1295 tus
661 1238 870 1294 fuisset
901 1254 912 1293 :
948 1238 1167 1292 veritus
1194 1237 1311 1307 (ὁὸ)
1344 1235 1715 1308 superﬂuum
1747 1243 1982 1306 tempus
2016 1235 2074 1289 in
2098 1250 2195 1290 ne-

536 1327 694 1399 gotio
727 1342 1103 1395 consumere,
1126 1342 1200 1381 ne
1235 1342 1356 1398 quo
1381 1326 1564 1381 modo
1593 1326 1649 1380 in
1684 1324 1838 1380 furto
1866 1325 2196 1397 deprehen-

533 1419 789 1485 deretur,
815 1423 1267 1488 extremumque
1300 1416 1483 1470 lueret
1525 1415 1904 1487 supplicium.

607 1511 887 1564 Praeterea
926 1507 1125 1571 etiam,
1169 1523 1305 1561 cum
1337 1505 1584 1578 myrrha
1614 1521 1750 1560 cum
1784 1521 1906 1576 qua
1928 1505 2193 1577 sepultus

535 1602 660 1655 erat
687 1597 947 1653 maxime
975 1602 1129 1652 esset
1159 1597 1210 1651 ei
1249 1594 1639 1666 agglutinata,
1682 1599 1738 1650 et
1769 1595 2082 1651 sindonem
2115 1600 2191 1650 te-

533 1687 848 1744 nacissime
879 1687 930 1742 ei
961 1686 1246 1741 adherere
1288 1686 1524 1750 faceret,
1559 1684 1662 1749 sic,
1700 1690 1760 1740 ut
1795 1686 1920 1755 jam
1953 1684 2187 1749 coalita,

2308 522 2429 570 ὄντα
2467 523 2594 593 πρὸς
2627 522 2691 571 τὰ
2731 519 3008 592 παρόντα.]

2382 614 2481 661 Καὶ
2533 641 2598 648 -
2654 614 2828 661 τόπον.
2887 609 2949 661 Ἀ
3008 614 3100 662 xui.
3157 611 3312 683 ἄμφω
3367 621 3560 685 σημεῖα
3633 611 3768 673 ἦσαν
3827 626 3918 678 τῆς

2309 697 2642 761 ἀναστάσεως
2674 697 3025 773 ἁναντίρῥητα
3059 740 3071 752 .
3117 703 3253 752 Οὔτε
3302 703 3428 776 γὰρ,
3479 703 3522 756 εἰ
3551 707 3802 776 μετέθηκε
3840 727 3919 768 τις

2308 788 2482 853 αὐτόν,
2517 787 2808 861 ἐγύμνωσεν
2841 788 2920 854 ἂν,
2980 792 3097 842 οὔτε
3142 790 3186 842 εἰ
3234 789 3462 862 ἔκλεψεν,
3495 791 3788 866 ἐφρόντισεν
3830 795 3915 860 ἂν,

2308 881 2440 931 ὥστε
2470 884 2557 931 καὶ
2606 882 2664 931 τό
2700 876 2985 953 σουδάριον
3036 877 3286 951 ἐπιμελῶς
3315 878 3572 944 ἕντυλίξαι
3619 888 3708 936 καὶ
3749 886 3915 938 θεῖναι

2308 969 2378 1029 εὶς
2436 971 2520 1020 ἕνα
2571 973 2747 1032 τόπον,
2780 972 2941 1040 ἤγουν
2992 972 3057 1030 εὶς
3101 972 3267 1031 ἕτερον
3325 974 3469 1046 παρὰ
3515 976 3602 1024 τόν
3648 981 3746 1025 τῶν
3788 973 3915 1028 690-

2456 1078 2468 1090 ·
2519 1058 2628 1110 ἀλλ’
2682 1059 2857 1123 οὕτως,
2905 1060 2970 1120 ὡς
3020 1059 3152 1130 εἶχε,
3187 1062 3244 1111 τὸ
3309 1067 3462 1132 σῶμα
3498 1064 3772 1135 μετέθηκεν
3823 1064 3909 1135 ἂν,

2306 1148 2334 1206 ἦ
2394 1147 2542 1219 ἓκλεψ
2551 1167 2588 1213 ε,

2304 1243 2524 1312 πρᾶγμα
2552 1241 2811 1311 περιττὸν,
2845 1242 3046 1310 μήποτε
3089 1239 3395 1312 κατάφωρος
3441 1260 3655 1312 γενηται
3693 1247 3782 1294 καὶ
3812 1248 3910 1301 τὴν

2305 1327 2544 1398 ἐσχάτην
2575 1327 2730 1402 ὑφέξη
2763 1323 2918 1386 δίκην
2934 1372 2945 1384 .

2671 1144 2861 1210 δεδιὼς
2917 1155 3167 1200 τοσοῦτον
3251 1147 3518 1203 ἀναλῶσαι
3585 1156 3764 1226 καιρὸν
3837 1155 3910 1216 εἰς

2653 1477 2669 1494 \

2373 1506 2572 1568 Ἀλλως
2636 1527 2690 1560 τε
2742 1512 2831 1560 καὶ
2887 1516 2980 1569 τῆς
3041 1509 3278 1582 σμύρνης
3345 1505 3769 1572 κολλωδεστάτης
3823 1515 3916 1563 οὗ-

2307 1617 2424 1662 σης,
2480 1597 2592 1669 μεθ’
2645 1598 2709 1659 ἧς
2741 1594 2800 1655 ἦν
2862 1595 3348 1670 ἀντεταφιασμένος,
3389 1603 3479 1650 καὶ
3536 1603 3630 1658 τὴν
3691 1597 3916 1653 σινδόνα

2305 1686 2714 1760 προσκολλώσης
2767 1687 2908 1756 αὐτῷ
2978 1686 3092 1739 λίαν
3153 1695 3404 1760 συμφυῶς
3466 1693 3553 1740 xui
3603 1687 3917 1743 ἁναποσπά-

533 1775 697 1832 nullo
713 1776 893 1831 modo
924 1773 1345 1848 possetavelli;
1382 1780 1694 1846 propterea
1726 1774 1852 1828 haec
1875 1773 2120 1828 seorsim
2155 1788 2187 1828 a

2316 1795 2456 1837 ττως’
2515 1773 2608 1828 διά
2646 1785 2800 1829 τοῦτο
2829 1773 2952 1847 ’γοῦν
3005 1784 3173 1829 ταῦτα
3219 1782 3385 1852 χωρὶς
3415 1776 3644 1836 αλλήλων
3691 1783 3910 1848 ἔκειντο,

533 1880 594 1919 se
618 1865 872 1919 invicem
903 1864 1092 1935 posita
1131 1867 1317 1927 erant,
1380 1869 1436 1918 et
1499 1863 1811 1917 sudarium
1858 1861 2189 1917 involutum

531 1959 655 2010 erat
678 1958 740 2009 ut
775 1954 1135 2008 disceremus
1165 1952 1329 2024 quod
1363 1969 1498 2007 cum
1532 1951 1876 2007 auctoritate
1908 1952 2191 2023 omnique

532 2042 845 2098 securitate
874 2048 1227 2098 surrexerat.
1275 2042 1590 2096 Sudarium
1622 2046 1819 2095 autem
1852 2045 1973 2095 erat
2004 2055 2191 2112 parva

531 2131 812 2204 quaedam
846 2131 1114 2198 fasciola,
1143 2131 1306 2204 quali
1366 2132 1543 2186 etiam
1601 2129 1780 2186 facies
1836 2129 2053 2196 Lazari,
2085 2129 2189 2202 qui

533 2221 726 2278 fuerat
751 2227 1038 2290 mortuus,
1067 2228 1193 2277 erat
1238 2221 1540 2276 obvincta.

603 2311 766 2368 Vers.
800 2312 852 2366 8.
895 2313 1059 2368 Tunc
1079 2341 1148 2353 —-
1173 2313 1632 2367 monimentum.
1658 2312 1910 2366 Vocatus
1939 2326 1973 2365 a
1995 2309 2185 2365 Petro.

603 2491 766 2547 Vers.
796 2495 848 2548 8.
877 2491 956 2546 Et
983 2521 1046 2533 —
1065 2491 1332 2548 credidit.
1369 2492 1512 2547 Cum
1537 2489 1983 2546 resurrectionis
2014 2489 2189 2560 signa

528 2580 771 2638 vidisset
799 2581 1153 2637 indubitata.

602 2673 760 2726 Vers.
789 2673 842 2726 9.
894 2671 1169 2727 Nondum
1208 2703 1273 2710 —
1331 2686 1643 2741 resurgere.
1689 2671 1942 2726 Causam
1997 2669 2190 2725 reddit

529 2775 635 2815 cur
658 2761 820 2831 prius
847 2776 967 2815 non
1006 2760 1378 2816 credidercnt
1409 2760 1779 2827 mulieribus,
1822 2775 1956 2832 quae
1987 2759 2072 2814 eis
2102 2775 2188 2813 re-

529 2850 949 2906 surrectionem
983 2850 1501 2916 annuntiaverant,
1541 2849 1642 2903 sed
1674 2850 1802 2905 visa
1825 2854 2184 2904 suntcoram

525 2939 672 3011 ipsis
695 2944 976 3012 tanquam
1005 2939 1465 2995 deliramentum
1493 2939 1670 2995 verba
1699 2955 1904 2995 earum
1938 2940 2009 2974 9"
2035 2958 2047 3006 ;
2083 2938 2188 2994 sed

526 3045 721 3101 neque
753 3029 993 3084 duobus
1027 3047 1094 3085 ex
1129 3030 1211 3084 eis
1242 3031 1343 3101 qui
1377 3030 1644 3084 abierant
1677 3046 1774 3084 rus
1803 3030 1872 3093 93,
1930 3035 1984 3084 et
2022 3027 2183 3094 dicit,

2301 1873 2390 1919 xui.
2448 1871 2504 1918 1'6
2561 1863 2848 1939 σουδάριον
2897 1867 3010 1938 (94)
3070 1865 3376 1929 ἐτετύλικτο,
3424 1870 3510 1918 ἵνα
3539 1870 3781 1941 μάθωμεν
3827 1872 3914 1922 ὅτι

2301 1955 2416 2006 κατ’
2468 1955 2708 2017 ἐξουσίαν
2767 1954 2956 2014 ἀνέστη
3003 1961 3095 2008 xui.
3146 1962 3319 2008 πᾶσαν
3368 1953 3571 2009 ἄδειαν.
3605 1961 3674 2010 T6
3709 1955 3910 2012 σουδά-

2297 2063 2408 2118 ριον
2466 2042 2524 2096 δὲ
2577 2042 2637 2103 ἦν
2689 2045 2951 2118 φακιόλιόν
2980 2065 3031 2098 τι
3057 2048 3262 2120 μικρὸν,
3308 2048 3398 2117 οἵῳ
3437 2051 3527 2098 καὶ
3567 2049 3592 2099 6
3649 2049 3913 2112 τεθνηκὼς

2301 2135 2545 2207 Λάζαρος
2571 2138 2658 2194 τὴν
2691 2135 2808 2206 ὄψιν
2841 2130 3190 2210 περιεδέδετο.

2367 2318 2493 2366 Τότε
2583 2345 2650 2356 --
2727 2322 2996 2388 μνημεῖον.
3069 2313 3312 2388 [κληθεὶς
3389 2315 3500 2388 (95)
3583 2318 3726 2390 παρὰ
3813 2325 3908 2370 τοῦ

2300 2403 2544 2477 Πέτρου.]

2369 2493 2480 2546 Καὶ
2509 2525 2570 2533 —-
2606 2491 2899 2550 ἐπίστευσε.
2935 2495 3263 2567 Θεασάμενός
3295 2502 3489 2567 σημεῖα
3537 2502 3627 2556 τῆς
3676 2493 3910 2548 ἀναστά-

2302 2602 2430 2646 σεως
2468 2581 2810 2656 ἁναμφὶϐολα.

2373 2669 2598 2726 Οὐδέπω
2631 2706 2695 2714 -
2729 2673 3037 2733 ἀναστῆναι.
3089 2705 3154 2714 ——
3209 2671 3596 2746 [Ἀπολογεῖται
3627 2674 3761 2747 (96),
3796 2685 3910 2738 πῶς

2299 2764 2391 2816 οὐκ
2441 2763 2755 2816 ἐπίστευσαν
2809 2769 3056 2840 πρότερον
3126 2771 3240 2826 ταῖς
3305 2764 3566 2836 γυναιξὶν,
3641 2764 3910 2836 εὐαγγελι-

3479 2853 3587 2906 ἆλλ⁹
3641 2853 3797 2927 ἐφάνη
3809 2875 3909 2907 σαν

3734 2958 3749 2972 ο
3795 2941 3910 2995 ἀλλ’

2297 3029 2420 3084 οὐδὲ
2473 3039 2577 3092 τοῖς
2644 3035 3004 3106 πορευομένοις
3057 3033 3126 3094 εἰς
3185 3030 3342 3107 ἀγρὸν
3397 3029 3552 3084 δυσὶν
3606 3030 3658 3094 ἐξ
3711 3031 3904 3101 αὐτῶν,

2301 2859 2548 2926 σαμέναις
2619 2854 2797 2916 αὐτοῖς
2866 2859 2961 2913 τὴν
3038 2853 3326 2906 ἀνάστασιν
3395 2876 3406 2888 ο

2298 2941 2508 2994 ἐνώπιον
2559 2941 2726 2994 αὐτῶν
2781 2945 2906 2994 ὡσεὶ
2954 2942 3110 3015 λῆρος
3159 2945 3221 2994 τὰ
3264 2943 3476 3017 ῥήματα
3524 2942 3691 2994 αὐτῶν

523 3120 688 3191 quod
730 3122 998 3175 nondum
1063 3120 1469 3190 intelligebant
1503 3121 1886 3191 Scripturam,
1935 3119 2007 3174 de
2058 3119 2186 3190 ejus

2316 3127 2398 3174 (ui
2461 3141 2618 3194 φησιν
2668 3120 2770 3194 ὅτι]
2805 3125 2948 3173 οὔπω
3002 3120 3171 3174 ἐνόουν
3220 3126 3314 3180 τὴν
3374 3127 3601 3195 Γραφὴν,
3643 3125 3732 3178 την
3783 3128 3904 3195 περὶ

522 3210 951 3264 resurrectione
971 3210 1284 3265 docentem
1321 3227 1332 3264 :
1357 3209 1485 3264 haec
1513 3216 1710 3264 autem
1746 3209 2050 3281 multiplex
2078 3213 2184 3276 est,

519 3297 580 3352 in
604 3298 851 3354 diversis
881 3300 1129 3371 psalmis
1163 3299 1456 3355 Davidicis
1498 3298 1994 3371 sermonibusque
2053 3313 2187 3370 pro-

521 3387 772 3459 pheticis
807 3405 1034 3461 sparsa.

595 3479 752 3534 Vers.
794 3483 875 3535 tO.
899 3479 1168 3536 Abierunt
1196 3511 1259 3520 —
1288 3479 1586 3549 discipuli.
1610 3478 1700 3535 Ad
1719 3495 1897 3534 suum
1925 3478 2184 3535 diverso-

518 3567 697 3624 rium.

593 3659 752 3713 Vers.
814 3659 931 3714 tt.-
961 3658 1161 3716 Maria
1205 3689 1273 3700 —-
1321 3659 1496 3728 feris.
1559 3660 1808 3713 Venerat
1849 3657 2007 3713 enim
2050 3661 2183 3730 post

524 3748 762 3804 Petrum
777 3753 833 3802 et
861 3749 1174 3813 Joannem,
1193 3764 1328 3803 cum
1362 3763 1479 3803 non
1515 3747 1803 3819 potuisset
1834 3746 2012 3802 simul
2043 3763 2181 3801 cum

520 3835 607 3892 eis
638 3852 894 3899 currere,
928 3840 982 3891 et
1009 3853 1117 3892 nec
1162 3835 1596 3892 revertentibus
1646 3837 1889 3902 occurit,
1923 3841 1987 3891 ut
2017 3837 2179 3908 quip-

521 3925 674 3998 piam
704 3926 937 3981 ﬁrmius
976 3927 1153 3983 etiam
1178 3926 1306 3998 ipsa
1338 3926 1607 3984 disceret.

591 4017 750 4071 Vers.
790 4021 874 4073 ll.
907 4017 1063 4072 Dum
1097 4049 1161 4056 —
1189 4017 1351 4072 Vers.
1393 4017 1474 4069 l2.
1508 4016 1676 4072 albis.
1733 4016 1928 4072 l’alliis
1979 4015 2182 4072 videli-

518 4111 608 4162 cet
639 4123 650 4160 :
684 4105 744 4161 hi
777 4112 978 4161 autem
1027 4110 1214 4172 erant,
1247 4105 1350 4177 qui
1379 4107 1559 4161 etiam
1590 4106 1756 4177 prius
1813 4107 1863 4160 ei
1893 4122 2182 4178 apparue-

521 4200 668 4259 rant,
699 4200 755 4250 et
784 4196 855 4250 iis
899 4211 1034 4268 quae
1066 4212 1204 4250 cum
1244 4211 1316 4250 ea
1375 4201 1561 4250 erant.
1607 4195 1926 4260 Quomodo
1954 4210 2097 4264 ergo
2120 4195 2181 4250 hi

517 4299 638 4339 non
665 4291 1074 4356 apparuerunt
1114 4285 1283 4340 Petro
1314 4289 1371 4340 et
1400 4284 1614 4339 Joanni
1645 4287 1672 4339 ?
1726 4284 1878 4351 Quia
1917 4283 2181 4339 futurum

515 4378 660 4439 erat,
687 4380 748 4429 ut
764 4374 875 4429 illis
899 4380 1184 4446 tanquam
1205 4373 1693 4446 prudentioribus
1717 4373 1837 4430 adii
1860 4373 1996 4430 dem
2021 4373 2182 4429 sufﬁ-

517 4467 718 4518 cerent
755 4479 822 4518 ea
852 4479 988 4535 quae
1027 4463 1317 4519 viderant.

586 4555 745 4608 Vers.
823 4555 906 4607 12.
968 4552 1232 4608 Sedentes
1275 4584 1344 4592 —
1388 4553 1555 4608 Jesu.
1599 4552 1894 4609 Sedebant
1932 4554 2179 4627 quidem

514 4647 758 4715 propter
803 4658 940 4698 eam
985 4659 998 4709 ;
1059 4641 1355 4715 splendidi
1425 4658 1562 4699 vero
1621 4643 1894 4699 alacriter
1944 4649 2182 4716 propter

514 4731 830 4804 gaudium.

587 4923 634 4960 ⁸³
661 4922 801 4980 Luc.
829 4938 982 4990 niv,
1023 4927 1102 4980 l2.
1219 4922 1292 4958 εν
1321 4921 1466 4980 ibid.
1501 4924 1588 4979 it.

1704 4925 1749 4958 οδ
1777 4922 1922 4980 ibid.
1973 4927 2030 4980 t3
2062 4938 2234 4998 seqq.

2297 3220 2388 3273 τῆς
2441 3210 2770 3271 ἀναστάσεως
2826 3211 2985 3263 αὐτοῦ
3045 3208 3414 3264 διδάσκουσαν
3477 3231 3489 3244 ·
3546 3208 3795 3285 διάφορος
3844 3208 3905 3265 δὲ

2298 3302 2449 3364 αὕτη,
2505 3299 2553 3353 ἓν
2604 3298 2876 3376 διαφόροις
2932 3300 3159 3374 ψαλμοῖς
3227 3308 3520 3362 Δαυῑτικοῖς
3568 3305 3660 3354 xui.
3723 3301 3904 3373 λόγοις

2295 3399 2638 3468 προφητικοίς
2664 3395 3061 3465 κατεσπαρμένη
3079 3437 3089 3449 ,

2368 3480 2625 3539 Ἀπῆλθον
2707 3514 2774 3526 --
2840 3482 3092 3554 μαθηταί.
3171 3484 3310 3550 Πρὸς
3387 3484 3448 3539 τή
3538 3478 3730 3532 ἑαυτῶν
3812 3500 3906 3532 xu-

2293 3576 2533 3642 ταγωγήν
2548 3613 2559 3625 .

2367 3661 2553 3734 Μαρία
2608 3692 2675 3700 ——
2727 3659 2840 3733 ἔξω.
2910 3661 3193 3734 Ὑστέρησε
3248 3662 3349 3734 γὰρ
3402 3667 3492 3713 τοῦ
3565 3664 3762 3734 Πέτρου
3815 3665 3907 3713 καὶ

2293 3752 2552 3814 Ἰωάννου,
2632 3755 2702 3822 μὴ
2793 3747 3084 3808 δυνηθεῖσα
3189 3754 3490 3824 συντρέχειν
3561 3749 3734 3811 αὐτοῖς
3811 3757 3905 3804 καὶ

2292 3837 2416 3893 οὐδε
2449 3840 2562 3911 (97)
2585 3845 2942 3913 στρεφομένοις
2970 3845 3258 3899 συνήντησε
3287 3844 3508 3908 τούτοίς,
3537 3842 3617 3892 ἱνα
3637 3844 3725 3892 καὶ
3754 3842 3901 3914 μάθῃ

2292 3951 2345 3983 τι
2373 3928 2724 4003 βεϐαιότερον.

2361 4020 2448 4081 Ὠς
2506 4051 2573 4060 —-
2625 4020 2846 4080 λευκοῖς.
2882 4019 3264 4094 Περιϐλήμασι,
3316 4015 3576 4078 δηλονότι.
3631 4019 3793 4072 Οὗτοι
3844 4017 3906 4074 δὲ

2293 4106 2428 4167 ἦσαν
2457 4111 2504 4161 οἱ
2535 4113 2624 4160 xui
2654 4114 2898 4184 πρότερον
2932 4110 3043 4181 (98)
3088 4109 3316 4180 ὀφθέντες
3346 4109 3477 4181 αὐτῇ
3534 4128 3590 4161 τε
3635 4113 3726 4160 καὶ
3784 4117 3906 4170 ταῖς

2294 4199 2387 4250 οὖν
2419 4203 2570 4271 αὐτῇ,
2619 4199 2722 4252 Καὶ
2766 4207 2870 4259 πῶς
2927 4199 3020 4250 ou’x
3079 4198 3341 4271 ἐφάνησαν
3395 4199 3540 4250 οὗτοι
3592 4206 3664 4269 τῷ
3716 4202 3902 4272 Πέτρῳ

2291 4293 2381 4340 καὶ
2455 4287 2720 4361 Ἰωάννῃ;
2781 4287 2901 4340 Ὀτι
2950 4287 3160 4350 ἐκείνοις
3241 4288 3441 4360 ἔμελλον
3527 4287 3702 4362 ἀρκεῖν
3771 4292 3908 4362 πρός

2292 4382 2472 4430 πίστιν
2505 4375 2538 4428 ἆ
2567 4377 2862 4444 ἐθεάσαντο,
2910 4381 3268 4453 συνετωτέροις
3301 4377 3441 4433 οὖσι.

2367 4555 2755 4628 Καθεζόμενους
2797 4587 2861 4595 -
2914 4555 3112 4614 Ἰησοῦ.
3149 4555 3431 4613 Ἐκάθηντο
3457 4557 3546 4627 μὶν
3581 4550 3655 4607 δι’
3683 4553 3855 4614 αὐτὴν
3891 4571 3904 4586 ·

2292 4642 2508 4721 φαιδροὶ
2537 4642 2596 4698 6":
2627 4647 2741 4717 (99)
2775 4642 3026 4721 φαιδρῶς,
3057 4641 3150 4697 διὰ
3181 4649 3273 4704 τὴν
3303 4647 3500 4722 χαράν.

1761 5127 1980 5198 Variae
2025 5126 2358 5199 lectiones
2387 5135 2678 5200 etnotae.

585 5329 698 5404 (94)
741 5327 1158 5404 Ἐνιτύλικτογιξ.
1213 5326 1488 5404 Fortasse
1528 5340 1670 5396 ergo
1717 5325 2034 5395 legendum
2086 5325 2184 5380 ἕνε-

515 5400 744 5467 rsum,
782 5406 845 5456 ut
873 5415 1012 5472 pag.
1039 5400 1165 5472 7627,
1199 5414 1353 5453 vers.
1383 5401 1474 5453 24.

590 5475 701 5544 (95)
739 5471 973 5544 Inclusa
997 5471 1216 5544 absunt
1249 5472 1316 5524 A.

590 5475 678 5544 (95
739 5475 973 5527 Inclusa
997 5475 1216 5526 absunt
1249 5475 1316 5524 A.

590 5475 705 5616 (96)
738 5546 917 5598 Etiam
945 5543 1071 5598 hanc
1101 5543 1342 5599 absunt.

2367 5327 2479 5400 (97)
2538 5328 2707 5383 Forte
2786 5324 3270 5402 ἀναστρεφομένοις,
3354 5331 3458 5386 aut
3511 5326 3908 5407 ὑποστρεφομέ-

2292 5419 2479 5542 νοιᾶὖϐ)
2516 5474 2712 5544 Πέτρῳ,
2743 5487 2852 5545 PN?
2880 5475 3143 5545 "Péi‘tm'
3176 5476 3236 5525 Α·
3264 5469 3434 5530 Μ⁸1⁶’

2366 5540 2479 5614 (99)
2508 5540 2677 5599 Forte
2710 5540 2954 5617 σφοδρῶς
2976 5540 3117 5614 Ιθςὶι
3146 5546 3478 5602 llentenius.

589 5721 701 5800 (bb)
753 5721 1002 5788 Veritus,
1037 5726 1146 5779 etc.
1178 5720 1412 5779 Veritus
1439 5724 1670 5778 tantum
1705 5723 1992 5794 temporis
2021 5718 2371 5796 impendere
2400 5722 2640 5796 negotio
2667 5721 2992 5812 superﬂuo,
3019 5738 3194 5781 vano.
