4108 6384
158 381 290 442 1481

1235 374 1582 435 COMMENT
1623 377 1692 435 ΙΝ
1729 372 2077 436 JOANNEM.
2120 411 2188 421 ——
2225 381 2381 436 CAP.
2427 375 2546 436 XX.

3392 388 3415 443 'l
3426 387 3530 446 482

232 513 321 584 [Οἱ
349 514 427 584 (1)
457 519 530 581 τῷ
551 511 694 583 ταφῳ
715 517 806 562 τοῦ
838 513 1069 581 Χριστοῦ
1093 504 1529 579 προσεδρεύοντες
1561 505 1776 577 ἄγγελοι

1958 507 1999 575 ~1-
2041 505 2248 560 Christi
2280 505 2554 577 sepulcro
2587 507 3088 578 assistuntangeli
3114 509 3190 565 ad
3227 511 3538 568 credulita-

159 606 294 676 πρὸς
318 606 581 654 πίστωσιν
611 605 890 674 παρέμενον
917 602 1006 649 καὶ
1050 592 1405 648 διδασκαλίαν
1427 603 1516 648 τοῦ
1557 595 1774 669 ἐγηγέρ-

155 705 268 756 θαι,
298 689 426 743 ἀλλὰ
456 695 526 763 μὴ
571 689 840 762 κεκλέφθαι
869 691 958 740 τὸν
989 686 1222 758 Κύριον]

237 786 337 835 Καὶ
376 811 445 820 --
477 780 704 846 κλαίεις;
744 780 850 850 [Μὴ
882 776 1161 848 τολμώσης
1317 775 1481 836 αὐτῆς
1510 773 1774 847 ἐρωτῆσαι

156 872 365 940 αύτούς,
409 869 558 922 αὐτοὶ
591 867 919 940 διαλέγονται
939 864 1124 938 αὐτῇ]

235 964 389 1032 Λέγει
421 990 487 1002 --
514 958 690 1013 αὐτὸν.
714 957 868 1029 ³’ῼετο
894 959 994 1030 γὰρ
1017 956 1117 1007 ὑπὸ
1143 963 1242 1006 τῶν
1262 953 1534 1026 θαψάντων
1561 972 1771 1025 μετατε-

164 1052 319 1110 θῆναι
345 1049 521 1102 αὐτὸν.

235 1144 336 1193 Καὶ
383 1171 451 1178 —
506 1137 725 1192 ἑστῶτα.
779 1140 878 1189 Καὶ
925 1143 1056 1199 πῶς,
1103 1139 1260 1207 μήπω
1312 1130 1477 1205 μηδὲν
1527 1134 1772 1205 μαθοῦσα

157 1231 306 1302 παρὰ
378 1237 478 1280 τῶν
559 1225 951 1300 ἐρωτησάντων,
1044 1220 1299 1295 αἰφνίδιον
1388 1222 1616 1297 ἐστράφη
1701 1222 1771 1283 εἰς

156 1322 227 1371 τὰ
276 1316 658 1385 ὀπίσω;”οτι,
707 1311 798 1367 τοῦ
844 1319 1080 1389 Χριστοῦ
1127 1314 1268 1384 ἄφνω
1323 1317 1559 1384 φανέντος
1602 1311 1770 1363 ὀπίσω

158 1407 344 1475 αὐτῆς,
381 1409 430 1459 οἱ
463 1405 694 1478 ἄγγελοι,
743 1407 827 1456 τὸν
882 1409 1144 1459 Δεσπότην
1198 1402 1390 1454 ἑαυτῶν
1424 1398 1638 1466 ἰδόντες,
1688 1399 1769 1452 εύ-

386 1495 736 1558 ἐξανέστησαν

162 1499 291 1558 Οέως
386 1496 736 1558 ἐξανέστησαν
828 1496 1128 1566 σύντρομοι,

157 1587 388 1647 νίζοντες
436 1585 503 1646 εἰς
548 1584 719 1637 αὑτὸν.
773 1583 1036 1656 Ἐστραφη
1085 1579 1172 1632 οὖν
1223 1577 1353 1632 ἰδεῖν
1408 1585 1488 1641 τίς
1527 1582 1552 1631 6
1599 1585 1772 1652 φανεὶς

1208 1488 1546 1566 δουλοπρεπώ
1557 1512 1577 1553 ς
1654 1489 1769 1541 ἁτε-

159 1696 362 1737 αυτοις.

240 1770 338 1819 Καὶ
370 1795 435 1805 -
468 1763 627 1818 ἐστιν·
659 1762 872 1836 [Ἒφάνη
915 1761 993 1833 (3)
1030 1763 1129 1834 γὰρ
1164 1760 1293 1833 αὑτῇ
1329 1758 1376 1810 έν
1403 1759 1550 1834 ἑτέρᾳ
1575 1767 1768 1833 μορφῇ,

1886 598 2003 649 tem
2037 601 2448 666 permanentes
2491 614 2502 649 :
2541 602 2722 668 utque
2762 598 3083 654 surrexisse
3127 600 3428 666 docerent,
3481 608 3535 659 et

1883 698 2005 738 non
2034 683 2186 739 furto
2211 684 2514 740 sublatum
2541 703 2690 741 esse.

1957 773 2118 828 Vers.
2169 774 2248 828 13.
2283 775 2348 828 Et
2379 805 2443 815 —
2475 777 2678 845 ploras
2716 776 2743 832 ?
2772 776 2915 832 Cum
2949 777 3082 850 ipsa
3111 794 3231 836 non
3293 779 3540 837 auderet

1882 861 2382 932 eosinterrogare,
2413 863 2492 919 illi
2520 864 2567 920 ei
2592 865 2940 937 loquuntur.

1956 953 2112 1006 Vers.
2159 955 2240 1008 13.
2271 953 2370 1007 Ait
2402 985 2470 992 ——
2495 969 2647 1010 eum.
2683 955 2937 1012 Putabat
2980 957 3158 1028 enim,
3193 957 3271 1014 ab
3310 957 3407 1014 his
3433 959 3537 1031 qui

1883 1040 2258 1112 sepelierant,
2291 1057 2422 1097 eum
2452 1042 2633 1100 fuisse
2664 1046 3110 1117 transpositum.

1951 1129 2114 1186 Vers.
2173 1131 2253 1186 14.
2303 1132 2383 1187 Et
2428 1164 2495 1172 —
2540 1139 2815 1190 stantem.
2863 1137 2930 1188 Et
2966 1135 3296 1207 quomodo,
3345 1136 3539 1208 prius-

1880 1236 2065 1293 quam
2098 1220 2285 1276 ullum
2315 1222 2642 1294 accepisset
2667 1240 3026 1296 responsum
3051 1227 3122 1280 ab
3143 1226 3234 1280 his
3266 1226 3370 1298 qui
3399 1242 3534 1282 eam

1880 1310 2402 1380 interrogaverant,
2436 1316 2670 1384 repente
2703 1329 2992 1369 conversa
3033 1320 3119 1370 est
3149 1320 3478 1372 retrorsum
3508 1315 3536 1370 7

1880 1399 2028 1464 Quia
2066 1399 2266 1454 subito
2306 1406 2632 1472 apparente
2673 1401 2903 1458 Christo
2935 1408 3073 1474 post
3114 1420 3271 1473 eam,
3313 1405 3534 1475 angeli,

1880 1489 2006 1543 viso
2028 1488 2283 1544 Domino
2311 1505 2440 1556 suo,
2474 1492 2672 1546 statim
2699 1497 3078 1548 surrexerunt
3108 1509 3238 1548 cum
3262 1499 3534 1558 tremore,

1882 1593 2048 1632 more
2087 1593 2397 1633 servorum
2441 1579 2501 1634 in
2552 1597 2688 1634 eum
2741 1581 3060 1637 intuentes.
3110 1584 3406 1640 Conversa
3448 1589 3537 1640 est

1881 1683 2045 1739 ergo,
2088 1672 2151 1723 ut
2186 1667 2426 1737 videret,
2467 1669 2602 1740 quis
2631 1669 2748 1724 iltis
2780 1672 3181 1742 apparuisset.

1953 1757 2114 1813 Vers.
2154 1758 2234 1812 14.
2269 1759 2347 1812 Et
2378 1789 2444 1798 —
2475 1766 2640 1814 esset.
2676 1762 2969 1831 Apparuit
2993 1764 3151 1817 enim
3177 1763 3229 1818 ei
3260 1762 3378 1818 alia
3405 1778 3536 1835 spe-

158 1861 252 1908 καὶ
280 1853 328 1907 ἓν
361 1852 694 1927 εὐτελεστέρῳ
725 1858 813 1904 καὶ
847 1871 1001 1922 κοινῳ
1034 1855 1299 1922 σχήματι,
1344 1850 1426 1900 ἵνα
1473 1854 1543 1921 μὴ
1588 1847 1770 1920 ἀθρόον

1904 1848 1990 1912 :ie,
2033 1852 2088 1903 et
2121 1847 2308 1903 viliori
2341 1863 2410 1904 ac
2454 1849 2855 1905 communiori
2904 1851 3134 1915 habitu,
3186 1867 3260 1908 ne
3294 1859 3536 1924 repente

161 1943 473 2016 καταπλαγῇ

239 2037 392 2104 Λέγει
431 2063 500 2075 -
540 2030 665 2105 ἀρῶ.
725 2031 852 2082 Ἀπὸ
904 2049 957 2082 τε
1003 2033 1095 2081 τὸϋ
1155 2035 1329 2080 κοινοῦ
1371 2033 1648 2100 σχήματος
1685 2031 1773 2079 καὶ

161 2131 256 2176 τοῦ
306 2119 436 2174 εἶναι
493 2121 542 2173 ἐν
612 2129 683 2192 τῷ
741 2125 892 2191 κήπῳ
950 2117 1196 2170 ὑπέλαϐεν
1268 2119 1347 2169 ὅτι
1413 2120 1438 2168 6
1509 2122 1774 2189 κηπουρὸς

162 2214 326 2266 ἐστιν.
367 2209 508 2264 Ούδε
548 2213 650 2283 γὰρ
699 2214 794 2268 τὴν
834 2213 1002 2281 φωνὴν
1054 2208 1213 2260 αὐτοῦ
1262 2207 1555 2279 ἐγνώρισεν,
1609 2206 1772 2258 ἀσυν-

165 2305 267 2361 ήθη
313 2301 687 2373 ἐνηχηθείσαν.
728 2298 881 2371 ’ᾨετο
928 2293 1006 2362 δε,
1054 2300 1122 2358 ὡς
1171 2300 1390 2370 εἴρηται,
1431 2299 1773 2368 μετατεθῆναι

163 2395 255 2464 μὲν
287 2391 438 2442 αὐτὸν
471 2389 536 2449 εἰς
566 2389 734 2461 ἕτερον
781 2391 935 2439 τόπον
965 2385 1361 2458 ἀσφαλέστερον,
1396 2384 1775 2458 βασταχθῆναι

167 2477 228 2533 δὲ
257 2482 400 2554 παρὰ
429 2485 521 2530 τοῦ
564 2483 852 2550 κηπουροῦ.
887 2475 1031 2542 [Εἰπέ
1055 2494 1146 2547 μοι
1188 2475 1262 2545 (4)
1296 2470 1404 2540 οὖν,
1449 2479 1627 2547 φησὶν,
1672 2481 1774 2526 ποῦ

166 2572 358 2631 ἔθηκας
385 2567 558 2633 αὐτὸν,
591 2565 736 2638 κάγὼ
766 2565 918 2617 αὐτὸν
951 2564 1078 2636 ἀρῶ,
1115 2566 1185 2624 εἰς
1215 2563 1363 2616 ἄλλον
1396 2565 1594 2622 καταθή
1607 2583 1777 2616 σουσα

166 2665 322 2712 τὸπον
355 2656 938 2727 ἀνεπιϐουλευτὸτερον.]

239 2747 319 2817 ΓΟ
367 2751 533 2819 μὸνων
581 2744 660 2816 (5)
715 2752 815 2795 τῶν
865 2745 912 2794 ἐν
968 2749 1117 2813 γενεᾷ
1163 2747 1252 2794 καὶ
1316 2745 1482 2816 φθορᾲ
1521 2740 1776 2818 δημιουρ-

165 2841 258 2909 γὸν
313 2842 400 2888 καὶ
466 2839 757 2908 προνοητὴν
804 2833 1028 2905 νομίζων
1081 2836 1167 2884 τὸν
1228 2835 1436 2905 Κύριον,
1493 2833 1638 2892 οὗτος
1705 2832 1774 2894 εἰς

168 2929 432 2999 κηπουρὸν
476 2923 865 3000 παραγνωρίζει
922 2922 1072 2973 αὐτὸν
1104 2939 1114 2951 ·
1164 2919 1249 2973 διὸ
1299 2928 1388 2974 καὶ
1429 2925 1602 2994 φεύγει
1658 2926 1773 2974 τού-

166 3035 258 3068 του
303 3019 393 3067 καὶ
447 3014 522 3085 (6)
575 3018 668 3072 τὴν
725 3012 858 3084 ἁφὴν
905 3014 929 3063 6
979 3016 1264 3078 Δεσπότης,
1321 3015 1384 3072 ὼς
1428 3018 1580 3084 μήπω
1652 3011 1774 3085 παρ’

169 3105 308 3176 αὐτῷ
370 3102 560 3164 ἂναϐας
629 3105 762 3176 πρὸς
813 3105 871 3153 τὸ
954 3100 1159 3173 ἀξίωμα
1226 3106 1316 3152 καὶ
1390 3107 1476 3160 τὴν
1557 3103 1777 3158 ἰσότητα

1883 1942 2383 1992 consternaretur.

1956 2029 2116 2081 Vers.
2155 2032 2237 2082 l5.
2285 2028 2434 2083 Dicit
2462 2058 2528 2068 —-
2572 2029 2802 2085 tollam.
2862 2035 2900 2081 A
2954 2029 3257 2085 communi
3303 2030 3530 2094 habitu,

1882 2119 1937 2170 et
1983 2116 2127 2187 quia
2170 2117 2232 2171 in
2275 2117 2446 2172 horto
2492 2124 2638 2182 erat,
2679 2119 2971 2175 arbitrata
3009 2124 3100 2175 est
3150 2119 3537 2176 hortulanum

1882 2220 2033 2260 esse.
2065 2209 2262 2277 Neque
2301 2207 2460 2262 enim
2507 2223 2713 2262 vocem
2755 2208 2882 2278 ejus
2930 2209 3194 2279 agnovit,
3251 2225 3416 2266 more
3452 2211 3540 2265 in-

1883 2299 2050 2350 sueto
2104 2294 2419 2366 prolatam.
2471 2297 2724 2352 Putabat
2774 2303 2997 2364 autem,
3051 2303 3113 2354 ut
3150 2299 3374 2354 dictum
3424 2303 3532 2365 est,

1884 2386 2315 2456 transpositum
2348 2401 2485 2440 eum
2518 2404 2642 2441 esse
2679 2387 2741 2442 in
2779 2387 3056 2443 tutiorem
3098 2388 3280 2443 alium
3312 2388 3534 2454 locum,

1883 2483 1941 2529 et
1972 2475 2050 2529 ab
2081 2475 2400 2530 hortulano
2432 2483 2830 2546 asportatum.
2867 2478 2969 2533 Dic
2995 2478 3162 2545 mihi,
3190 2477 3402 2550 inquit,
3437 2478 3540 2534 ubi

1881 2563 2148 2633 posueris
2179 2580 2329 2632 eum,
2363 2571 2415 2619 et
2447 2581 2546 2635 ego
2585 2581 2716 2622 eum
2757 2567 2976 2632 tollam,
3012 2567 3071 2622 in
3103 2567 3288 2622 alium
3319 2567 3542 2640 reposi-

1886 2658 2014 2709 tura
2045 2653 2267 2718 locum,
2301 2653 2378 2708 ab
2417 2654 2648 2709 insidiis
2695 2656 2994 2712 tutiorem.

1955 2743 1997 2812 -(‹
2061 2742 2170 2801 Qui
2227 2742 2652 2813 generabilium
2709 2749 2938 2800 tantum
2977 2744 3542 2818 etcorruptibilium

1885 2835 2212 2886 creatorem
2239 2848 2309 2886 ac
2342 2832 2711 2902 provisorem
2744 2839 2914 2903 putat
2941 2834 3274 2899 Dominum,
3308 2834 3404 2889 hic
3437 2851 3541 2906 pro

1883 2920 2203 2977 hortulano
2225 2937 2362 2975 eum
2386 2921 2710 2990 cognoscit.
2749 2921 2972 2978 Idcirco
2989 2924 3168 2978 etiam
3194 2923 3373 2993 hujus
3401 2940 3539 2978 con-

1885 3015 2107 3066 tactum
2156 3011 2306 3082 fugit
2352 3011 2640 3065 Dominus
2672 3011 2833 3083 quod
2875 3013 3031 3082 apud
3063 3012 3234 3067 illum
3266 3013 3540 3068 nondum

1887 3099 2223 3155 ascenderit
2255 3099 2331 3153 ad
2362 3098 2716 3168 dignitatem
2765 3116 2836 3155 ac
2881 3100 3277 3171 aequalitatem
3309 3100 3491 3156 Patris
3526 3119 3539 3156 :

163 3202 256 3246 τοῦ
284 3197 504 3267 Πατρός.
537 3192 768 3253 Ἀνάξιοι
791 3193 893 3263 γὰρ
916 3190 1077 3242 αὐτοῦ
1100 3192 1146 3242 οἱ
1166 3193 1296 3261 μετὰ
1324 3193 1570 3253 τοιαύτης
1587 3191 1776 3249 ὑπολή-

1904 3188 2181 3260 siquidem
2209 3204 2278 3243 eo
2303 3187 2535 3256 indigni
2567 3193 2725 3255 sunt,
2756 3188 3010 3260 quicum
3043 3189 3389 3260 hujusmodi
3418 3189 3542 3262 opi—

165 3283 304 3354 ψεως
338 3283 474 3352 αύτῴ
505 3279 970 3357 προσερχόμενοι]

238 3376 394 3443 Λέγει
444 3402 514 3413 --
572 3367 894 3424 Διδάσκαλε.
961 3376 1088 3436 Νῦν,
1136 3373 1474 3430 καταστήσας
1521 3374 1614 3428 τὴν
1670 3391 1776 3442 φω-

165 3466 255 3520 νην
288 3466 376 3513 καὶ
406 3463 500 3519 τὴν
549 3462 750 3532 μορφὴν
803 3463 895 3510 καὶ
943 3461 1001 3510 τὸ
1057 3467 1249 3530 σχῆμα
1300 3462 1428 3532 πρὸς
1473 3463 1533 3511 τὸ
1581 3479 1776 3533 γνωρι-

167 3556 414 3622 μώτερον,
444 3545 671 3602 δέδωκεν
716 3547 846 3619 αὐτῇ
901 3549 1151 3605 αἴσθησιν
1208 3547 1397 3615 αὐτῶν,
1446 3553 1534 3600 καὶ
1587 3548 1779 3600 αὐτίκα

169 3647 348 3693 τοῦτον
413 3637 718 3710 ἐπιγνοῦσα,
792 3637 1004 3695 ἐϐόησεν
1081 3639 1180 3689 ὑπό
1241 3642 1582 3712 περιχαρείας
1617 3655 1628 3666 ·
1686 3644 1776 3689 Δι-

171 3726 422 3784 δάσκαλε.
483 3727 664 3800 [Ἃλλὰ
695 3728 774 3799 (7)
820 3735 930 3790 πῶς
977 3734 1267 3802 στραφεῖσα
1301 3727 1456 3799 λέγει,
1505 3731 1610 3800 εἴγε
1647 3747 1778 3803 προς

171 3819 322 3872 αὐτὸν
397 3815 694 3890 διελέγετο;
750 3821 889 3869 Διὸτι
973 3817 1194 3870 εἰποῦσα
1249 3818 1370 3892 ὅπερ
1445 3815 1569 3887 εἶπε,
1635 3837 1778 3890 μετε-

173 3911 375 3983 στράφη
435 3911 563 3982 πρὸς
632 3911 754 3968 τούς
828 3907 1077 3977 ἀγγέλους
1163 3904 1290 3960 ἰδεῖν

170 4003 200 4058 ἤ
263 3997 521 4071 ἐρωτῆσαι
568 4000 648 4056 τίς
712 3997 739 4046 6
795 3993 1052 4057 ἐκπλήξας
1103 3995 1325 4056 αὐτούς·
1387 3996 1534 4058 εὐθὺς
1574 3993 1633 4049 δὲ
1688 4003 1777 4048 τοῦ

169 4093 406 4162 Χριστοῦ
481 4085 790 4146 καλέσαντος
868 4088 1050 4152 αὒτὴν,
1122 4083 1351 4158 ἐστράφη
1429 4086 1582 4138 πάλιν
1647 4090 1777 4159 πρὸς

1385 3907 1429 3958 εὶ
1512 3909 1774 3981 πάρεισιν,

168 4177 372 4248 αὐτὸν.]

242 4271 396 4338 Λέγει
447 4296 514 4306 —
562 4270 633 4337 μή
697 4283 800 4338 μου
849 4263 1036 4316 ἅπτου.
1093 4263 1334 4338 Ὠρμησε
1385 4267 1484 4340 γὰρ
1537 4264 1779 4336 ἅψασθαι

167 4366 268 4410 τῶν
293 4353 470 4409 ποδῶν
499 4354 681 4418 αὐτοῦ,
716 4357 784 4416 ὡς
814 4354 1003 4410 εἰώθει,
1035 4353 1230 4406 κωλύει
1272 4351 1330 4406 δὲ
1360 4354 1522 4413 αὐτὴν
1554 4359 1782 4426 προσφέ-

167 4447 355 4521 ρεσθαι
381 4445 520 4516 αὐτῷ
550 4451 641 4496 τοῦ
666 4443 869 4510 λοιποῦ,
910 4445 1086 4505 καθὼς
1121 4447 1180 4496 τὸ
1218 4447 1484 4519 πρότερον,
1522 4446 1779 4520 θειοτέρας

167 4532 278 4593 ἤδη
309 4541 402 4596 τῆς
434 4536 631 4606 σαρκὸς
651 4532 810 4584 αὐτοῦ
833 4535 1125 4604 γενομένης.

246 4626 405 4675 Οὔπω
456 4653 526 4665 —-
588 4641 710 4695 μου.
769 4629 934 4674 Τοῦτο
986 4619 1094 4674 εἷπε
1149 4622 1221 4674 δι’
1277 4620 1427 4674 οὐδὲν
1477 4623 1664 4694 ἕτερον,
1719 4625 1782 4682 ὡς
1818 4613 1861 4666 D

170 4713 198 4764 6
247 4714 624 4787 Χρυσὸοτομὸς
653 4730 824 4784 «φησιν
855 4711 948 4781 (8),
980 4714 1010 4770 ἧ
1056 4715 1208 4783 μόνον
1247 4711 1332 4763 ⁴ίνα
1361 4719 1464 4783 γνῷ
1517 4714 1596 4764 ὅτι
1638 4711 1783 4782 ὑψη-

169 4802 377 4874 λότερός
432 4803 545 4854 ἐστι
597 4806 686 4853 καὶ
744 4797 1168 4875 αἰδεσιμὼτερος.
1226 4800 1286 4853 Ὀ
1344 4804 1446 4876 γὰρ
1504 4803 1636 4874 μετὰ
1691 4809 1781 4853 τοῦ

174 4895 418 4962 σώματος

517 4887 758 4943 σπεύδων
839 4888 1127 4942 ἀναϐαίνειν
1222 4894 1353 4964 πρὸς
1425 4893 1512 4942 τὸν
1583 4895 1784 4965 Πατέρα

169 4984 264 5032 καὶ
291 4983 422 5033 Θεὸν
444 4977 709 5055 πρόδηλον
740 4980 820 5032 ὃτι
847 4983 906 5032 τὸ
945 4987 1037 5032 τοῦ
1090 4986 1328 5053 σώματος
1371 4979 1616 5056 ἐπίκηρον
1659 4980 1785 5034 ἁπε-

172 5069 355 5123 ϐαἷλετο
369 5111 382 5126 .

248 5163 349 5212 Καὶ
376 5162 482 5235 μὴν
530 5161 631 5235 πρὸ
665 5155 902 5232 βραχέος
940 5159 1072 5219 αὕτη
1106 5178 1159 5212 τε
1201 5162 1290 5212 καὶ
1343 5160 1372 5217 ἡ
1429 5158 1554 5216 ἄλλη
1602 5161 1784 5232 Μαρία

1886 3279 2064 3334 nione
2093 3277 2166 3333 ad
2194 3295 2331 3333 eum
2360 3277 2670 3333 accedunt.

1959 3368 2120 3422 Vers.
2181 3368 2260 3420 16.
2321 3367 2572 3422 Πίσίι-
2611 3369 2905 3437 Magister.
2987 3370 3154 3423 Nunc
3206 3368 3544 3440 composita

1883 3472 2052 3520 voce,
2104 3456 2299 3528 specie
2330 3463 2384 3512 et
2418 3456 2651 3523 habitu,
2691 3461 2750 3512 ut
2786 3456 3022 3512 facilius
3056 3463 3537 3527 cognosceretur,

1887 3546 2048 3602 dedit
2079 3547 2130 3601 ei
2160 3546 2377 3600 horum
2410 3545 2698 3613 notitiam,
2733 3547 3053 3616 statimque
3081 3547 3237 3601 illum
3270 3545 3540 3616 agnovit,

1888 3637 2154 3692 clamans
2195 3652 2314 3706 prae
2346 3634 2566 3697 laetitia,
2597 3635 2890 3706 Magister.
2924 3635 3037 3691 Sed
3064 3636 3374 3708 quomodo
3405 3651 3546 3690 con-

1893 3741 2061 3780 versa
2086 3725 2245 3789 dicit,
2283 3724 2328 3780 si
2355 3726 2483 3794 jam
2507 3741 2642 3780 eum
2673 3741 2744 3780 eo
2775 3725 3175 3796 loquebatur?
3207 3725 3376 3790 Quia,
3403 3741 3542 3780 cum

1887 3813 1948 3868 id
1989 3813 2253 3878 dixisset,
2319 3813 2485 3885 quod
2542 3813 2924 3887 loquebatur,
2979 3829 3273 3870 conversa
3321 3819 3411 3870 est
3464 3813 3545 3869 ad

1890 3901 2154 3971 angelos,
2192 3907 2252 3956 ut
2275 3903 2501 3956 videret
2527 3918 2604 3957 an
2650 3902 2946 3965 adessent,
2990 3901 3080 3956 vel
3115 3908 3176 3957 ut
3221 3902 3544 3972 interroga-

1890 3999 1976 4046 ret
2000 3991 2142 4063 quid
2179 3991 2310 4046 illos
2341 3991 2400 4045 in
2434 3994 2746 4062 stuporem
2779 3991 3126 4046 adduxisset
3161 4007 3172 4044 :
3219 3994 3544 4063 statimque

1891 4081 2118 4138 Christo
2137 4097 2272 4137 eam
2289 4085 2554 4145 vocante,
2571 4095 2780 4135 rursus
2799 4080 2874 4136 ad
2889 4079 3088 4151 ipsum
3130 4095 3421 4138 conversa
3433 4085 3539 4136 est.

1961 4262 2123 4315 Vers.
2161 4264 2244 4314 I7.
2279 4259 2434 4315 Dicit
2480 4287 2546 4299 —
2587 4256 2710 4312 noli
2738 4271 2829 4314 me
2875 4259 3128 4327 tangere.
3173 4259 3323 4314 Nam
3363 4272 3424 4310 se
3465 4255 3545 4312 ad

1892 4350 2263 4420 tangendum
2326 4349 2506 4421 pedes
2559 4347 2684 4418 ejus
2744 4347 3012 4418 aptabat,
3080 4348 3228 4402 sicut
3285 4345 3536 4403 solebat.

1890 4440 2169 4496 Prohibet
2186 4445 2384 4495 autem
2405 4455 2477 4492 ne
2499 4437 2781 4508 deinceps
2804 4436 3051 4492 accedat
3076 4435 3152 4492 ad
3179 4452 3316 4491 eum
3339 4435 3540 4499 modo,

1891 4527 2504 4602 quoprius,cumjam
2523 4526 2780 4582 divinior
2797 4525 2954 4582 facta
2987 4525 3211 4581 sitcaro
3251 4524 3400 4595 ejus.

1966 4617 2130 4673 Vers.
2185 4619 2270 4672 17.
2323 4617 2590 4672 Nondum
2639 4646 2707 4654 —
2757 4631 2967 4672 meum.
3021 4614 3142 4670 Hoc
3191 4614 3267 4670 ad
3314 4613 3544 4670 nullum

1892 4708 2076 4763 alium
2106 4707 2251 4762 dixit
2281 4706 2487 4774 ﬁnem,
2519 4711 2578 4760 ut
2600 4707 2677 4760 ait
2703 4705 3193 4776 Chrysostomus,
3224 4703 3330 4760 nisi
3365 4710 3425 4758 ut
3457 4719 3548 4758 so-

1891 4797 2017 4853 lum
2048 4795 2575 4866 intelligeretquod
2593 4793 2907 4850 sublimior
2935 4794 3009 4848 sit
3036 4792 3345 4864 magisque
3379 4808 3546 4847 vene-

1892 4887 2134 4944 randus.
2168 4888 2319 4941 Nam
2358 4885 2463 4956 qui
2516 4883 2723 4940 nititur
2751 4900 2889 4941 cum
2943 4899 3190 4955 corpore
3236 4881 3308 4938 ad
3359 4883 3547 4938 Deum

1896 4993 1963 5032 ac
1996 4979 2225 5031 Patrem
2257 4973 2602 5041 ascendere,
2627 4973 3008 5032 manifestum
3034 4975 3123 5028 est
3151 4969 3315 5042 quod
3338 4986 3548 5042 corpo.

1893 5067 1973 5123 ris
2001 5064 2374 5133 fragilitatem
2408 5063 2726 5134 abjecerat.

1967 5154 2144 5228 Atqui
2175 5151 2358 5227 paulo
2392 5159 2529 5209 ante
2569 5153 2695 5226 ipsa
2733 5155 2789 5208 et
2821 5150 3003 5208 altera
3029 5149 3208 5209 Maria
3239 5152 3552 5206 tenuerant

1336 5363 1340 5366 '
1407 5338 1617 5409 Variae
1655 5336 1980 5408 lectiones
2024 5343 2089 5402 et
2129 5341 2331 5401 notae.

241 5515 319 5592 (l)
356 5521 483 5595 ῌωο
509 5523 760 5595 uterque
793 5519 852 5578 in
879 5521 1170 5595 margine.

241 5595 321 5662 ('2)
361 5593 599 5648 Inclusa
626 5593 837 5648 desunt
857 5596 923 5648 A.

242 5665 321 5737 (3)
363 5667 551 5721 Etiam
581 5663 713 5737 bene
736 5665 958 5721 absunt
984 5669 1049 5720 A.

241 5735 323 5810 (⁷4)
365 5737 599 5793 Inclusa
628 5735 850 5793 absunt
878 5740 945 5792 Α.

493 5833 732 5892 ΡΑτιιοι..
777 5832 880 5892 Gn.
919 5833 1160 5894 CXXXI.

1969 5516 2046 5586 (5)
2089 5514 2151 5570 In
2179 5511 2451 5586 margine
2469 5511 2606 5586 haec
2635 5509 2819 5568 habet
2846 5509 3033 5567 codex
3069 5514 3334 5582 uterque.

1967 5584 2044 5658 (6)
2088 5591 2188 5639 Καὶ
2220 5585 2436 5658 omittit
2469 5584 2524 5637 Β.

1967 5591 2020 5658 (6
2088 5591 2188 5639 Καὶ
2220 5587 2436 5640 omittit
2469 5587 2524 5637 Β.

1965 5587 2044 5730 (7;
2079 5656 2553 5730 Inclusaabsunt
2582 5661 2644 5730 ᾼ.

1968 5727 2048 5800 (Β)
2088 5732 2230 5787 Tom
2263 5728 2404 5795 Vlll,
2430 5742 2490 5801 p.
2523 5727 2645 5784 515.

3166 5821 3232 5882 4⁸1
