4108 6396
593 353 727 412 1483

1917 355 2256 412 EU’I‘HYMII
2309 355 2638 414 ZIGABENI

3828 361 3953 418 1484

587 484 772 556 pedes
825 482 958 554 ejus
1001 481 1154 537 sicut
1202 482 1438 554 scripsit
1476 482 1775 540 Matthaeus
1820 483 1888 549 9‘,
1946 482 2049 537 scd
2101 487 2223 536 tum

2351 482 2644 558 ἐκράτησαν
2671 485 2828 537 αὐτοῦ
2858 489 2976 548 τοὺς
3004 483 3186 552 πόδας,
3211 489 3276 548 ὡς
3303 491 3581 562 ἱστόρησεν
3604 490 3629 541 ό
3651 490 3913 550 Ματθαῖος
3938 520 3950 532 -

584 574 834 646 quidem
861 589 982 629 non
1014 572 1334 644 prohibuit,
1369 573 1715 645 permittens
1747 577 1812 627 ut
1837 573 2042 628 ﬁerent
2083 577 2239 628 tactu

585 663 883 731 certiores,
933 678 1049 718 non
1082 678 1207 718 esse
1255 662 1636 734 phantasma.
1670 662 1840 717 Nunc
1871 667 2070 718 autem
2118 677 2240 718 non

585 754 869 826 permittit
893 753 1038 825 quia
1067 756 1122 807 et
1150 751 1398 808 visionis
1440 757 1495 809 et
1524 757 1712 809 tactus
1733 752 1918 809 oblita
1948 757 2093 815 erat,
2128 767 2238 808 nec

583 843 935 900 crediderat.

655 935 819 989 Vers.
857 938 945 988 l7.
1006 931 1122 988 Sed
1162 933 1310 989 vade
1334 964 1401 973 —
1441 939 1714 990 vestrum.
1750 933 1926 1006 Atqui
1968 948 2089 989 non
2123 937 2236 989 sta-

581 1025 687 1081 tim
736 1038 1092 1079 ascensurus
1123 1028 1265 1089 erat,
1309 1023 1414 1079 sed
1440 1029 1578 1096 post
1606 1023 2010 1096 quadraginta
2062 1024 2188 1079 dies
2219 1043 2233 1091 ;

578 1112 882 1187 quomodo
914 1127 1054 1184 ergo
1075 1112 1214 1168 dicit
1253 1129 1264 1165 :
1300 1114 1564 1170 Ascendo
1592 1115 1616 1169 'P
1643 1111 1854 1186 Utique
1878 1118 1940 1168 ut
1970 1113 2232 1185 amplius

576 1207 838 1261 mentem
871 1203 1002 1273 ejus
1032 1201 1092 1256 in
1121 1201 1374 1258 sublime
1403 1204 1672 1273 erigeret,
1705 1208 1762 1259 et
1799 1203 1991 1258 adhuc
2022 1202 2227 1258 conﬁr-

576 1309 752 1349 mans
785 1308 846 1347 se
876 1290 1284 1347 sublimiorem
1317 1308 1386 1348 ac
1416 1293 1761 1348 diviniorem
1793 1308 1941 1358 esse,
1993 1308 2062 1348 ac
2113 1297 2233 1348 stu-

577 1382 728 1438 dens
777 1385 842 1438 ut
889 1379 1170 1452 deinceps
1218 1381 1433 1452 majori
1486 1398 1624 1438 cum
1676 1382 2055 1439 veneratione
2106 1382 2228 1437 ani-

576 1488 748 1527 mum
771 1471 820 1526 ei
849 1470 1181 1526 intenderet
1210 1480 1268 1526 et
1306 1470 1687 1528 auscultaret.

2352 572 2479 625 ἀλλά
2504 579 2617 626 τότε
2645 578 2733 646 μὲν
2762 574 2855 626 οὐκ
2882 573 3200 644 ἀπεκώλυσε,
3223 582 3469 650 παρέχων
3495 578 3952 652 πληροφορηθῆναι

2352 659 2444 714 διὰ
2474 672 2568 725 τῆς
2599 664 2727 736 ἁφῆς
2761 666 2838 716 ὅτι
2871 663 2964 716 οὐκ
3013 669 3126 718 ἔστι
3174 669 3357 739 φάσμα
3389 684 3405 702 ο
3437 675 3522 719 νῦν
3557 664 3614 720 δε
3647 668 3704 720 οὐ
3740 688 3947 739 συγχω-

2347 761 2443 826 ρεῖ,
2481 750 2618 805 διότι
2657 763 2752 816 τῆς
2795 757 3051 817 ὀπτασίας
3091 756 3285 818 ἐκείνης
3333 762 3423 810 καὶ
3472 766 3566 821 τῆς
3605 757 3740 830 ἁφῆς
3785 756 3948 810 ἐπελά-

2351 844 2462 895 θετο
2494 849 2582 895 καὶ
2612 844 2897 903 ἡπίστησε.

2420 936 2647 1006 Πορεύου
2677 929 2734 986 δὲ
2765 965 2834 974 —-—
2877 936 3038 1006 ὑμῶν.
3089 940 3189 988 Καὶ
3241 940 3342 1008 μὴν
3383 937 3478 988 οὐκ
3527 937 3707 998 εὐθέως
3757 936 3945 1010 ἔμελλεν

2347 1021 2656 1089 ἀναϐαίνειν,
2704 1022 2831 1076 ἀλλὰ
2878 1027 3008 1096 μετὰ
3052 1028 3443 1098 τεσσαράκοντα
3471 1029 3686 1099 ἡμέρας,
3725 1036 3832 1088 πῶς
3863 1025 3946 1080 οὖν

2342 1111 2631 1165 Ἀναϐαίνω
2697 1112 2864 1184 λέγει;
2926 1116 3137 1177 Πάντως
3196 1114 3276 1166 ἐπὶ
3338 1115 3486 1168 πλέον
3537 1115 3738 1188 ἀνάγων
3791 1117 3946 1176 αὐτῆς

2341 1207 2433 1260 τὴν
2475 1198 2732 1266 διάνοιαν,
2780 1207 2868 1256 καὶ
2899 1206 2974 1256 ἐτι
3003 1204 3078 1276 (9)
3120 1201 3345 1276 βεϐαιῶν
3378 1208 3457 1257 ότι
3489 1205 3808 1278 ὑψηλότερός
3839 1207 3947 1259 ἐστι

2343 1296 2430 1344 καὶ
2463 1293 2589 1344 eam
2604 1312 2732 1364 ερος,
2769 1298 2853 1345 καὶ
2882 1295 3068 1346 πείθων
3100 1291 3503 1369 αἰδεσιμωτερον
3540 1296 3680 1367 αὐτῷ
3720 1305 3811 1348 τοῦ
3841 1296 3949 1348 λοι-

2341 1388 2441 1433 ποῦ
2471 1387 2772 1454 προσέχειν.

2412 1560 2608 1623 ’Ἄλλως
2660 1581 2710 1613 τε

2338 1651 2487 1723 λομαι
2541 1650 2851 1716 ἀναϐαίνειν,
2887 1648 3169 1723 δυνάμενον
3202 1651 3273 1713 εἰς
3311 1651 3520 1704 πλείονα
3563 1656 3741 1727 καιρόν
3792 1653 3954 1706 ἐκτεί-

646 1561 935 1618 Praaterea
972 1559 1223 1616 verbum
1249 1560 1538 1626 Ascendo,
1572 1561 1866 1633 signiﬁcat
1895 1561 2223 1617 Ascendere

2412 1560 2608 1623 ’Ἄλλως
2660 1581 2710 1613 τε
2762 1563 2872 1633 (l0)
2922 1566 2978 1614 τό
3029 1560 3314 1613 Ἀναϐαίνω
3363 1558 3519 1619 δηλοῖ
3562 1570 3647 1616 καὶ
3711 1567 3768 1615 τό
3827 1567 3948 1616 Βού-

573 1650 732 1716 volo,
795 1649 960 1723 quod
1013 1654 1212 1706 tamen
1263 1649 1342 1706 ad
1392 1649 1633 1721 longius
1701 1655 1942 1723 tempus
1997 1651 2226 1707 extendi

569 1744 782 1814 potest.

642 1828 961 1901 Discipulis
993 1835 1194 1885 autem
1227 1829 1304 1885 ad
1327 1831 1678 1887 memoriam
1706 1835 1949 1887 revocat
1974 1831 2034 1885 id
2062 1832 2222 1903 quod
2265 1848 2304 1901 Β

573 1921 926 1992 frequenter,
977 1919 1330 1991 priusquam
1377 1919 1628 1975 traditus
1681 1925 1854 1991 esset,
1907 1920 2018 1975 illis
2067 1920 2224 1976 dixe-

569 2014 678 2065 rat.
716 2012 944 2065 Fratres
973 2023 1114 2063 vero
1146 2024 1286 2063 suos
1313 2008 1667 2079 nominavit,
1703 2015 1981 2080 tanquam
2011 2015 2066 2065 et
2095 2010 2226 2082 ipse

569 2099 772 2163 homo,
806 2103 861 2153 et
886 2105 1177 2167 cognatus
1197 2113 1405 2153 eorum
1431 2098 1604 2168 juxta
1629 2099 2085 2154 humanitatem.

644 2188 764 2243 Alio
791 2191 994 2242 tamen
1028 2186 1211 2242 modo
1243 2189 1470 2242 Patrem
1497 2186 1644 2243 dixit
1674 2188 1909 2243 Patrem
1942 2205 2142 2254 suum,
2172 2193 2225 2244 et

573 2278 690 2335 alio
739 2274 1169 2347 discipulorum
1223 2293 1236 2332 :
1289 2293 1464 2332 suum
1511 2277 1752 2348 quidem
1812 2284 2045 2346 natura,
2101 2283 2225 2334 tan«

571 2384 756 2441 quam
820 2366 1092 2437 ejusdem
1133 2367 1480 2422 substantiae
1532 2384 1545 2434 ;
1587 2366 2022 2438 discipulorum
2059 2384 2221 2435 vero,

568 2457 796 2513 ratione
829 2455 1142 2510 creationis
1187 2471 1256 2510 ac
1282 2455 1694 2527 providentiae,
1731 2461 2017 2528 tanquam
2065 2472 2224 2513 crea-

566 2553 838 2604 turarum
855 2562 924 2602 ac
947 2545 1320 2617 providentia
1349 2545 1693 2615 dignorum.
1722 2549 1910 2603 Deum
1939 2551 2136 2604 autem
2165 2553 2222 2604 et

567 2653 744 2692 suum
771 2640 828 2692 et
852 2634 1306 2707 discipulorum,
1338 2641 1538 2707 utpote
1569 2635 1906 2692 hominum.

638 2726 705 2782 Et
745 2740 932 2797 quare
963 2740 1087 2779 non
1145 2725 1496 2797 simpliciter
1543 2726 1726 2782 dixit:
1775 2729 1836 2781 Et
1885 2727 2069 2782 Deum
2119 2743 2222 2784 no-

565 2819 776 2884 strum,
808 2814 913 2870 sed
944 2815 1123 2870 etiam
1155 2814 1249 2870 hic
1304 2815 1569 2870 distinxit
1597 2817 1623 2870 ‘?
1656 2817 1819 2882 Quia,
1871 2817 2005 2873 licet
2034 2818 2220 2873 homo

560 2905 754 2962 factus
802 2909 890 2960 est
919 2909 976 2959 et
1023 2903 1202 2960 frater
1232 2919 1460 2970 eorum,
1518 2911 1734 2961 natura
1774 2906 2166 2962 humanitatis
2203 2925 2215 2962 :

560 2994 788 3050 honore
825 2999 1022 3050 tamen
1057 2993 1378 3065 plurimum
1408 2994 1485 3050 ab
1516 2995 1598 3050 eis
1625 2994 1960 3064 differebat,
1995 3001 2049 3052 et
2071 2997 2219 3052 divi-

561 3084 765 3140 nitatis
797 3086 1018 3139 unione
1059 3099 1129 3139 ac
1159 3083 1678 3156 impeccabilitate.

633 3174 797 3229 Vers.
833 3175 915 3228 18.
960 3174 1122 3230 Venit
1146 3204 1213 3215 -—
1245 3173 1376 3228 sibi.
1412 3176 1476 3229 Et
1506 3173 1671 3245 quod
1698 3189 1769 3229 ea
1802 3174 1917 3230 sibi
1948 3174 2213 3240 dixisset,
2250 3204 2288 3260 ρ

557 3279 695 3335 quae
723 3262 996 3318 videlicet
1042 3263 1091 3318 ei
1120 3263 1355 3319 locutus
1397 3263 1607 3334 fuerat,
1641 3267 1698 3319 et
1727 3264 1868 3335 quia
1901 3264 2217 3320 verisimile

558 3356 684 3409 erat
715 3352 1058 3424 discipulos,
1104 3369 1241 3408 cum
1270 3353 1400 3408 haec
1429 3353 1756 3419 audissent,
1785 3358 1887 3409 aut
1928 3370 2048 3410 non
2096 3370 2215 3410 cre-

557 3443 698 3498 dere
775 3442 1029 3508 mulieri,
1093 3443 1243 3498 sicut
1301 3458 1410 3498 nec
1467 3444 1632 3514 prius
1687 3459 1703 3498 :
1755 3449 1857 3499 aut
1911 3443 2216 3499 credentes

556 3533 800 3605 (nempe
854 3549 992 3588 cum
1045 3537 1314 3588 narraret
1362 3532 1697 3588 conformia
1743 3533 1838 3587 his
1883 3549 2014 3605 quae
2056 3533 2216 3589 vide-

555 3625 690 3676 rant
716 3624 915 3676 Petrus
943 3625 1000 3676 et
1027 3623 1291 3677 Joannes
1325 3621 1457 3692 (cc),
1491 3620 1717 3685 dolore,
1746 3622 1911 3692 quod
1946 3623 2074 3693 ipse
2114 3622 2218 3677 hu-

551 3709 814 3780 jusmodi
843 3715 1084 3780 aspectu
1111 3710 1276 3779 digni
1305 3709 1492 3764 habiti
1523 3726 1645 3765 non
1677 3709 1927 3766 fuissent
1959 3727 1972 3766 :
2003 3711 2212 3767 eodem

558 3800 655 3856 die
683 3799 862 3855 etiam
894 3799 1005 3854 illis
1039 3793 1302 3871 apparet.
1332 3798 1532 3854 Primo
1558 3815 1823 3871 namque
1850 3799 2209 3856 desiderium

555 3905 766 3945 eorum
811 3889 1046 3945 exacuit
1103 3904 1116 3944 :
1173 3887 1384 3944 deinde
1429 3889 1513 3943 eis
1566 3889 2027 3945 desiderabilius
2086 3907 2214 3947 sese

555 3979 830 4052 praebuit,
855 3979 983 4049 jam
1015 3978 1213 4034 videre
1236 3978 1816 4050 concupiscentibus.

628 4068 792 4125 Vers.
850 4073 932 4125 19.
980 4067 1130 4124 Cum
1177 4083 1316 4138 ergo
1361 4073 1505 4124 esset
1553 4100 1620 4107 —
1673 4069 1884 4126 medio.
1937 4069 2028 4127 Ad
2090 4086 2212 4124 ves-

554 4174 761 4231 peram
790 4159 971 4227 venit,
1003 4157 1251 4230 quando
1299 4159 1492 4228 magis
1522 4158 1816 4214 timebant
1862 4163 1920 4214 et
1967 4176 2105 4214 cum
2139 4160 2210 4214 si-

552 4248 680 4305 mul
703 4254 906 4304 essent
933 4248 1296 4319 congregati,
1332 4253 1387 4303 et
1409 4248 1653 4319 quidem
1677 4249 1896 4319 januas
1927 4265 2050 4305 non
2085 4249 2214 4321 pul-

554 4340 727 4408 savit,
777 4353 851 4394 ne
904 4337 1309 4403 turbarentur,
1339 4337 1443 4392 sed
1470 4337 1686 4394 clausis
1744 4339 1858 4393 illis
1927 4339 2208 4405 introivit,

551 4434 841 4500 tanquam
888 4431 1059 4496 Deus,
1115 4431 1170 4483 et
1219 4427 1389 4499 quasi
1421 4443 1669 4499 corpore
1715 4445 1824 4484 suo
1851 4429 1961 4484 levi
1990 4429 2107 4500 jam
2155 4437 2212 4485 et

552 4517 753 4574 subtili
785 4534 855 4573 ac
887 4517 1211 4572 immortali
1232 4516 1459 4573 effecto.
1489 4519 1654 4574 Stetit
1682 4524 1881 4574 autem
1912 4518 1969 4573 in
1996 4520 2206 4576 medio.

553 4611 618 4662 ut
638 4605 922 4661 omnibus
945 4611 1102 4662 esset
1123 4606 1508 4677 conspicuus.

625 4697 785 4753 Vers.
836 4696 919 4750 l9.
967 4696 1044 4750 Et
1083 4726 1153 4736 —
1192 4695 1371 4751 vobis.
1425 4698 1542 4762 Hoc
1591 4699 1698 4760 est,
1745 4711 1814 4751 ne
1863 4696 2206 4755 turbemini.

548 4784 738 4840 Etiam
773 4785 1034 4840 moriens
1065 4801 1269 4856 pacem
1312 4785 1426 4840 illis
1471 4784 1790 4857 reliquerat
1822 4801 1835 4840 :
1864 4785 2091 4852 Pacem,
2123 4787 2208 4841 in—

547 4874 695 4946 quit,
725 4890 910 4930 meam
931 4875 1202 4945 relinquo
1233 4874 1382 4931 vobis
1415 4876 1480 4928 95.
1513 4875 1854 4930 Mulieribus
1879 4891 2041 4944 ergo,
2069 4893 2204 4948 quia

547 4962 854 5036 discipulae
885 4967 1071 5030 erant,
1109 4965 1400 5034 gaudium
1431 4967 1568 5020 ante
1597 4979 1842 5021 omnem
1874 4981 2203 5022 sermonem

2338 1743 2538 1792 νεσθαι.

2411 1828 2822 1900 Ἀναμιμνήσκει
2871 1824 2930 1880 δε
2977 1832 3097 1890 τούς
3127 1829 3365 1900 μαθητὰς
3417 1828 3477 1880 οὗ
3519 1828 3766 1891 πολλάκις
3811 1829 3946 1884 εἶπεν

2339 1918 2509 1977 αὐτοῖς
2540 1921 2637 1990 πρό
2668 1925 2757 1968 τοῦ
2787 1913 3175 1990 παραδοθῆναι.
3205 1914 3484 1990 Ἀδελφούς
3511 1915 3569 1970 δὲ
3596 1919 3780 1981 αὐτοὺς
3820 1921 3945 1972 ὠνό-

2337 2027 2520 2080 μασεν,
2556 2011 2619 2068 ὡς
2659 2012 2746 2059 καὶ
2793 2007 2949 2069 αὐτὸς
2988 2009 3278 2080 ἄνθρωπος,
3334 2012 3423 2059 καὶ
3478 2014 3731 2080 συγγενὴς
3776 2011 3946 2062 αὐτῶν

2336 2101 2470 2149 κατὰ
2493 2100 2547 2148 τὸ
2577 2097 2910 2168 ἀνθρώπινον,
3787 2102 3790 2104 ’

2405 2186 2620 2259 Ἑτέρως
2679 2182 2737 2238 δε
2797 2190 3004 2259 Πατέρα
3055 2186 3236 2239 ἑαυτοῦ
3281 2191 3366 2239 τόν
3423 2191 3630 2262 Πατέρα
3683 2185 3812 2254 εἷπε,
3859 2197 3948 2242 καὶ

2337 2277 2513 2350 ἑτέρως
2560 2285 2658 2328 τῶν
2707 2277 2953 2348 μαθητῶν
2985 2296 2995 2306 ·
3042 2276 3226 2329 ἑαυτοῦ
3284 2281 3374 2350 μεν
3425 2281 3576 2350 φύσει
3628 2281 3696 2340 ὡς
3754 2281 3946 2351 ὁμοθυ-

2341 2370 2479 2430 σίου,
2513 2374 2611 2416 τῶν
2659 2368 2904 2437 μαθητῶν
2938 2362 2994 2418 δὲ
3028 2374 3097 2436 τῷ
3128 2366 3262 2438 λόγῳ
3309 2375 3403 2428 τῆς
3457 2364 3807 2442 δημιουργίας
3857 2377 3948 2422 καὶ

2335 2459 2579 2529 προνοίας
2625 2457 2694 2516 ὡς
2746 2452 3229 2529 δημιουργημάτων
3283 2460 3372 2508 καὶ
3415 2461 3659 2531 προνοίας
3705 2458 3947 2530 ἀξιουμέ-

2334 2565 2428 2595 νων
2463 2562 2474 2572 ’
2507 2544 2654 2617 [Θεὸν
2701 2547 2814 2617 (ll)
2845 2543 2902 2598 δὲ
2934 2551 3022 2597 καὶ
3056 2545 3239 2598 ἑαυτοῦ
3287 2551 3377 2597 καὶ
3418 2555 3514 2598 τῶν
3564 2550 3834 2620 μαθητῶν,
3878 2552 3947 2610 ὡς

2335 2632 2392 2684 ἂν
2402 2636 2424 2685 θ
2431 2654 2458 2707 ρ
2467 2640 2614 2685 ώπων
2625 2677 2635 2687 .

2409 2730 2506 2776 Καὶ
2556 2733 2664 2784 πῶς
2715 2723 2821 2794 οὐχ
2871 2723 3043 2786 ἁπλῶς
3087 2722 3214 2789 εἶπε,
3260 2730 3360 2776 Καὶ
3410 2729 3537 2778 Θεὸν
3588 2728 3756 2799 ἡμῶν,
3816 2725 3946 2779 ἀλλὰ

2331 2813 2596 2865 κάνταῦθα
2645 2810 2922 2866 διέστειλεν
2965 2813 3180 2880 ἑαυτόν;
3212 2819 3372 2881 Διότι,
3426 2816 3469 2867 εἰ
3523 2820 3612 2868 καὶ
3668 2818 3945 2892 ἅνθρωπος

2330 2908 2506 2974 γέγονε
2552 2909 2640 2955 καὶ
2677 2901 2894 2975 ἀδελφός
2940 2904 3106 2956 αὐτῶν
3156 2913 3218 2976 τῇ
3272 2907 3423 2976 φύσει
3461 2914 3556 2966 τῆς
3607 2905 3944 2980 ἀνθρωπότπ-

2328 3013 2432 3058 τος,
2470 2991 2597 3044 ἀλλὰ
2641 2992 2766 3044 πολὺ
2819 2990 3044 3067 διέφερεν
3085 2993 3249 3045 αὐτῶν
3293 3001 3353 3065 τῇ
3403 3003 3528 3066 τιμῇ
3579 2991 3671 3047 διά
3727 3015 3781 3048 τε
3847 3002 3942 3054 την

2329 3083 2510 3134 ἓνωσιν
2543 3093 2636 3144 τῆς
2660 3085 2899 3143 θεότητος
2921 3087 3008 3134 καὶ
3041 3079 3135 3134 διὰ
3159 3087 3216 3135 τό
3244 3082 3647 3158 ἀναμάρτητον.]

2400 3172 2657 3248 Ἔρχεται
2710 3203 2775 3212 —-
2839 3173 2991 3244 αὐτῇ.
3055 3178 3152 3225 Καὶ
3209 3174 3288 3224 ὅτι
3349 3181 3514 3225 ταῦτα
3586 3171 3718 3226 εἶπεν
3800 3183 3934 3247 αυτ-ᾗ

2328 3264 2361 3314 ἃ
2424 3259 2666 3319 δηλονότι
2733 3261 3001 3319 λελάληκεν
3057 3262 3209 3334 αὐτῇ.
3269 3261 3437 3335 [Ἐπεὶ
3491 3263 3605 3335 (l2)
3663 3260 3722 3316 δὲ
3780 3264 3938 3332 εἰκός,

2327 3357 2448 3413 τοὺς
2488 3354 2730 3424 μαθητὰς
2761 3349 3088 3412 ἀκούσαντας
3116 3359 3283 3403 ταῦτα
3309 3355 3338 3410 ἢ
3379 3349 3676 3405 διαπιστεῖν
3721 3361 3782 3424 τῇ
3829 3374 3938 3424 γυ-

2326 3448 2488 3511 ναικὶ,
2542 3443 2773 3514 καθάπερ
2829 3446 2917 3493 καὶ
2974 3447 3241 3516 πρότερον,
3299 3445 3327 3499 ἤ
3390 3445 3796 3510 πιστεύσαντας,
3856 3445 3944 3496 οἶα

2326 3536 2414 3582 καὶ
2459 3527 2549 3583 τοῦ
2603 3536 2797 3606 Πέτρου
2851 3535 2940 3583 καὶ
2996 3531 3229 3584 Ἰωάννου
3283 3533 3675 3603 συντιθεμένων,
3735 3531 3820 3604 ἀφ’
3873 3535 3942 3583 ὧν

2327 3617 2464 3672 εἶδον
2498 3619 2688 3691 ἀλγεῖν,
2740 3623 2819 3673 ὅτι
2869 3620 3016 3673 αὐτοὶ
3053 3620 3145 3672 οὐχ
3190 3621 3490 3684 ἠξιώθησαν
3531 3621 3696 3693 ὄψεως
3754 3623 3940 3694 αὐτοῦ,

2327 3710 2620 3784 αὐθημερόν
2676 3710 3010 3781 ἐμφανίζεται
3058 3714 3146 3762 καὶ
3191 3710 3384 3770 αὐτοῖς.
3434 3717 3642 3782 Πρῶτον
3690 3714 3783 3784 μὲν
3835 3715 3940 3788 γὰρ

2327 3798 2584 3871 ἐγύμνασε
2632 3803 2718 3850 τόν
2763 3801 2918 3851 πόθον
2969 3799 3156 3866 αὐτῶν,
3201 3796 3312 3851 εἶτα
3356 3802 3706 3874 ποθεινότερον
3754 3801 3944 3854 ἑαυτὸν

2326 3893 2590 3961 παρέσχεν
2616 3888 2811 3955 αὐτοῖς,
2843 3885 3075 3960 διψῶσιν
3106 3885 3213 3947 ἤδη
3244 3889 3444 3960 uitem]

2398 4072 2578 4128 Οὔσης
2626 4065 2712 4120 οὖν
2767 4067 2923 4138 ὀψίας
2973 4099 3043 4107 —
3093 4071 3272 4139 μέσον.
3326 4072 3579 4141 Ἑσπέρας
3639 4065 3811 4132 ἦλθεν,
3857 4073 3944 4122 ὅτε

2327 4158 2512 4230 μᾶλλον
2575 4157 2849 4229 ἐφοϐοῦντο
2897 4161 2986 4209 καὶ
3039 4159 3120 4209 ὅτε
3181 4163 3488 4228 συνήγοντο.
3534 4162 3634 4210 Καὶ
3693 4161 3787 4219 τὰς
3847 4165 3943 4233 μεν

2327 4250 2481 4322 θύρας
2527 4247 2583 4299 οὗ
2638 4246 2901 4312 ἐπάταξεν,
2947 4249 3030 4298 ἵνα
3083 4251 3153 4317 μη
3201 4245 3580 4320 θορυϐηθῶσιν,
3633 4247 3944 4321 κεκλεισμέο

2322 4357 2417 4388 νων
2474 4333 2532 4389 δε
2586 4337 2820 4394 εἰσῆλθεν
2873 4338 2939 4398 ὡς
2995 4339 3142 4404 Θεὸς,
3193 4340 3282 4387 καὶ
3331 4339 3400 4397 ὡς
3451 4335 3635 4388 λεπτοῦ
3695 4333 3802 4395 ἤδη
3849 4344 3946 4390 καὶ

2322 4429 2513 4498 κούφου
2563 4431 2651 4478 καὶ
2697 4425 2960 4499 ἀκηράτου
3006 4429 3275 4497 γενομένου
3325 4433 3416 4477 τοῦ
3468 4432 3707 4498 σώματος
3750 4426 3942 4479 αὐτοῦ.

2242 4563 2283 4616 D
2325 4515 2502 4574 Ἔστη-
2522 4513 2579 4568 δε
2611 4517 2680 4576 εἰς
2711 4520 2767 4567 τό
2790 4520 2965 4587 μέσον,
3005 4517 3087 4567 ἵνα
3116 4521 3276 4567 πᾶσιν
3305 4518 3379 4573 εἴη
3408 4517 3608 4576 θεατός.

2393 4700 2493 4749 Καὶ
2537 4727 2606 4734 —
2649 4696 2789 4768 ὑμῖν.
2833 4695 3128 4768 [Τουτέστι,
3181 4692 3296 4765 (13)
3335 4697 3407 4766 μὴ
3442 4695 3771 4768 ταράχθητε.
3837 4700 3946 4748 Καὶ

2319 4784 2662 4842 ἀποθνήσκων
2713 4782 2771 4838 δὲ
2851 4783 3056 4857 εἰρήνην
3140 4782 3331 4855 ἀφῆκεν
3408 4783 3633 4846 αὐτοῖς·
3703 4783 3946 4858 Εἰρήνην

2317 4878 2438 4948 γὰρ,
2483 4880 2661 4947 φησιν,
2709 4873 2900 4947 ἀφίημι
2955 4875 3102 4945 ὑμῖν.
3157 4879 3278 4933 Ταῖς
3327 4875 3417 4946 μὲν
3468 4873 3556 4925 οὖν
3613 4875 3947 4947 μαθητρίαις

2316 4967 2491 5038 χαρὰν
2531 4967 2630 5038 πρὸ
2663 4967 2852 5026 παντὸς
2876 4962 3032 5036 λόγου
3083 4959 3310 5016 δέδωκεν
3358 4962 3562 5023 αὑταῖς.
3611 4964 3801 5021 Λύπην
3835 4967 3946 5039 γὰρ

619 5117 665 5151 9‘
705 5117 914 5178 Matth.
962 5133 1160 5184 xxvui,
1195 5120 1247 5172 9.
1282 5120 1328 5152 95
1365 5118 1579 5174 Joann.
1614 5133 1735 5182 xxv,
1768 5121 1856 5172 2'7.

1855 5297 2080 5366 Variae
2117 5297 2445 5368 lectiones
2462 5306 2528 5367 et
2557 5309 2761 5367 nolw.

621 5463 698 5534 (9)
731 5464 1093 5530 Ἐπιϐεϐαιῶν,
1126 5466 1349 5522 omisso
1375 5468 1450 5517 ἔτι
1475 5467 1538 5520 Α.

645 5540 734 5608 10)
769 5539 850 5600 Δέ,
885 5544 1023 5606 post
1047 5554 1100 5590 τε
1121 5538 1444 5608 interponit
1469 5540 1533 5592 A.

645 5540 734 5604 10)
769 5539 850 5600 Ai,
885 5544 1023 5606 post
1047 5538 1352 5608 rainterpo

619 5537 733 5679 lli)
780 5609 1014 5665 Inclusa
1045 5610 1353 5666 absuntA.

2387 5469 2506 5540 (12)
2534 5468 2769 5526 Inclusa
2791 5468 3013 5526 desunt
3037 5469 3103 5524 Α.

2387 5543 2503 5614 (t3)
2533 5541 2769 5599 Inclusa
2799 5542 3010 5598 desunt
3035 5542 3104 5596 A.

614 5784 718 5869 (cc)
758 5787 977 5861 Nempe
1001 5820 1065 5828 —
1093 5787 1368 5848 Joannes.
1403 5787 1608 5864 Utpote
1649 5792 1814 5848 Petro
1847 5788 2028 5849 etiam
2061 5795 2117 5849 et
2145 5793 2372 5851 Joanne
2398 5793 2959 5869 comprobantibus,
2995 5788 3495 5851 assentientibus.
