4108 6432
241 388 270 442 1
282 387 387 441 485

1338 382 1708 439 COMMENT.
1750 383 1821 439 IN
1858 383 2214 440 JOANNEM.
2245 415 2312 426 -—
2340 385 2492 440 CAP.
2525 387 2645 442 XX.

3485 387 3508 441 i
3521 387 3626 442 486

234 513 302 562 τό
341 512 487 581 γένος
513 507 670 562 ἐκεῖνο
709 512 1040 583 κατεκέκριτο
1075 527 1086 541 ·
1119 515 1229 571 τοῖς
1247 505 1304 561 δὲ
1328 511 1588 581 μαθηταῖς
1618 508 1830 584 εἰρήνην

1964 512 2164 568 tribuit
2193 510 2340 582 (dii),
2384 527 2455 568 eo
2482 511 2639 584 quod
2667 511 2744 568 ad
2773 525 3092 568 maerorem
3116 524 3307 581 genus
3336 509 3480 567 illud
3499 510 3626 567 fue-

234 596 338 653 ὃιὰ
371 600 482 670 (14)
524 603 610 650 τὸν
654 600 1069 670 ὑποπτευόμενον
1099 598 1318 671 πόλεμον
1363 598 1462 650 ἀπό
1493 619 1547 650 τε
1577 596 1849 652 Ἰουδαίων

229 693 330 742 καὶ
364 688 469 741 Ἑλ)
482 693 614 747 ἠνων
631 731 641 744 .

318 785 513 833 Καὶ-
546 779 726 830 αὐτοῦ.
760 781 1000 836 Ζήτησον
1057 778 1107 830 ἐν
1135 787 1205 848 τῷ
1269 777 1540 849 τελευταίῳ
1589 778 1848 850 κεφαλαίῳ

234 877 335 922 τοῦ
380 871 514 920 κατὰ
573 875 779 921 Λουκᾶν
814 873 890 919 τό·
926 873 1023 920 Καὶ
1074 867 1223 919 αὐτοὶ
1269 865 1546 939 ἐξηγοῦντο
1596 871 1660 920 τα
1696 871 1743 920 ἐν
1783 875 1844 940 τῇ

234 956 381 1029 ὀδῷ,
409 963 499 1010 καὶ
525 959 590 1009 τὰ
620 958 751 1023 ἑξῆς,
791 956 952 1030 [οῖχρι
1120 964 1210 1008 του
1240 975 1250 985 ·
1279 955 1394 1010 Ἔτι
1419 954 1476 1009 δὲ
1494 955 1848 1009 ἀπιστούντων

231 1047 414 1099 αὐτῶν
444 1045 543 1098 ἀπὸ
592 1055 689 1108 τῆς
718 1053 894 1120 χαρᾶς
923 1051 1012 1099 καὶ
1054 1047 1423 1118 θαυμαζόντων
1461 1063 1471 1074 '
1502 1047 1523 1119 ]
1573 1053 1661 1098 καὶ
1693 1045 1848 1116 ἀνάγ-

229 1140 368 1189 νωθι
401 1139 492 1198 τὰς
520 1135 797 1208 ἐξηγήσεις
851 1136 1036 1203 αὐτῶν,
1086 1139 1218 1188 πάνυ
1251 1139 1686 1210 χρησιμευούσας
1722 1141 1848 1210 πρὸς

227 1229 308 1279 τὰ
337 1229 593 1300 παρόντα.

316 1407 623 1479 Ἐχάρησαν
653 1437 722 1446 -
755 1408 965 1477 Κύριον.
1009 1405 1163 1480 Ὀρᾷς
1231 1405 1314 1458 ἐπὶ
1376 1414 1472 1458 τῶν
1513 1408 1674 1480 ἔργων
1723 1410 1844 1467 τοὺς

219 1496 422 1566 λόγους
445 1494 789 1557 ἐκϐαίνοντας.
827 1499 934 1567 Πρὸ
965 1503 1053 1546 τοῦ
1106 1502 1333 1567 σταυροῦ
1365 1498 1465 1570 γὰρ
1504 1495 1639 1548 εἶπεν
1666 1495 1844 1557 αὐτοῖς

218 1589 314 1639 ὅτι
354 1584 512 1638 Πάλιν
546 1585 742 1657 ὄψομαι
794 1586 950 1656 ὑμᾶς,
1001 1590 1092 1637 καὶ
1145 1591 1448 1656 χαρήσεται
1487 1587 1627 1656 υμῶν
1656 1587 1683 1643 ἡ
1719 1605 1840 1658 καρ-

219 1672 350 1730 δία.

303 1762 456 1817 Εἶπεν
488 1796 555 1803 —
595 1765 734 1834 ὑμῖν.
770 1766 915 1816 Μετὰ
968 1767 1023 1815 τὸ
1080 1771 1256 1835 φαγεῖν
1311 1767 1368 1815 τὸ
1421 1761 1656 1817 ἐπιδοθὲν
1700 1765 1838 1816 αὐτώ

1960 608 2050 658 rat
2072 601 2580 658 condemnatum:
2614 601 2924 673 discipulis
2953 617 3089 656 vero
3121 615 3353 672 pacem,
3378 605 3623 674 propter

1961 696 2302 763 suspectum
2333 691 2558 747 bellum
2593 707 2628 746 a
2665 690 2884 746 Judaeis
2924 706 2994 746 ac
3034 689 3333 759 gentibus.

2034 783 2194 836 Vers.
2250 781 2337 836 20.
2397 782 2472 838 Et
2523 812 2590 823 —
2645 797 2837 836 suum.
2924 782 3125 846 Quaere
3193 778 3399 835 ultimo
3450 779 3623 851 juxta

1960 873 2178 928 Lucam
2216 871 2428 943 capite,
2479 869 2644 942 quod
2697 870 2954 925 dicitur:
3007 869 3084 924 Et
3124 867 3240 937 ipsi
3279 869 3618 925 narrabant

1961 978 2090 1033 quae
2127 969 2295 1032 gesta
2346 966 2519 1017 erant
2545 962 2606 1014 in
2658 960 2772 1022 via.
2805 965 2857 1015 et
2885 963 3112 1026 caetera,
3157 973 3349 1029 usque
3373 957 3448 1013 ad
3479 973 3620 1014 eum

1961 1052 2156 1107 locum
2184 1052 2284 1106 ubi
2299 1051 2552 1107 habetur
2585 1072 2596 1102 :
2624 1049 2831 1104 Adhuc
2872 1054 3066 1103 autem
3093 1047 3214 1102 illis
3233 1063 3354 1102 non
3380 1048 3622 1103 creden-

1959 1142 2110 1196 tibus
2142 1155 2267 1210 pra:
2305 1139 2525 1210 gaudio
2574 1145 2625 1195 et
2667 1136 3108 1194 admirantibus
3147 1138 3238 1202 ⁹⁶;
3286 1141 3343 1192 et
3374 1135 3615 1192 illorum

1957 1230 2085 1300 lege
2138 1229 2550 1286 enarrationes
2605 1227 2684 1284 ai
2727 1225 3048 1299 praesentia
3093 1225 3250 1281 dicta
3283 1225 3616 1282 admodum

1955 1320 2151 1377 utiles.

2026 1411 2200 1467 Vers.
2234 1412 2322 1464 20.
2359 1407 2550 1464 Gavisi
2568 1412 2707 1463 sunt
2743 1437 2806 1446 —
2837 1405 3096 1462 Domino.
3131 1404 3303 1460 Vides
3334 1404 3615 1477 operibus

1953 1499 2339 1556 conﬁrmatos
2370 1514 2500 1553 esse
2541 1512 2852 1553 sermones
2884 1497 2913 1554 ?
2954 1494 3260 1567 Siquidem
3301 1499 3437 1551 ante
3472 1510 3618 1567 pas-

1953 1591 2181 1646 sionem
2206 1590 2434 1645 dixerat
2465 1588 2548 1643 eis
2577 1605 2589 1643 :
2619 1588 2840 1644 Iterum
2875 1586 3073 1643 videbo
3096 1602 3216 1654 vos,
3248 1591 3298 1640 et
3337 1585 3613 1656 gaudebit
3666 1627 3671 1632 .

1950 1696 2053 1736 cor
2071 1687 2325 1736 vestrum
2365 1680 2435 1732 9".

2022 1770 2182 1825 Vers.
2212 1774 2299 1824 21.
2366 1767 2620 1825 Dixit—
2663 1767 2846 1824 vobis.
2905 1767 3228 1837 Postquam
3273 1763 3614 1821 comederat

219 1857 426 1928 ἰχθύος
457 1853 616 1905 ὀπτοῦ
648 1858 824 1926 μέρος,
855 1858 944 1905 καὶ
977 1852 1076 1905 ἀπὸ
1109 1854 1408 1924 μελισσείου
1426 1860 1634 1926 κηρίου,
1665 1857 1830 1914 καθὼς

1957 1861 2155 1915 datam
2183 1859 2296 1914 sibi
2317 1863 2546 1932 partem
2575 1857 2753 1930 piscis
2779 1854 2904 1912 assi
2927 1859 2983 1910 et
3007 1855 3079 1910 de
3099 1855 3237 1910 favo
3263 1853 3515 1925 apiario,
3539 1854 3612 1908 si-

215 1943 432 2018 ἔγραψε
464 1949 687 2006 Λουκᾶς,
723 1942 1247 2015 ἐπληροφορήθησαν,
1279 1948 1369 1994 καὶ
1386 1943 1564 1995 λοιπόν
1590 1946 1686 1996 ὓπό
1719 1943 1838 1995 πολ-

213 2033 318 2092 λῆς
339 2038 532 2106 χαρᾶς,
565 2033 629 2092 ὡς
653 2032 1162 2107 εἰκός,θορυϐοῡντας
1193 2033 1527 2085 καταστέλλει
1564 2035 1645 2084 ἱνα
1673 2054 1838 2108 προσ-

215 2127 432 2194 έχωσιν
459 2123 534 2184 οἷς
565 2122 732 2194 μέλλει
771 2121 920 2196 ἐρεῖν.

303 2213 487 2271 Καθὼς
517 2244 584 2251 —
613 2213 768 2283 ὑμᾶς.
809 2218 906 2264 Καὶ
957 2215 1054 2284 πρό
1093 2219 1180 2264 τοῦ
1215 2221 1444 2285 σταυροῦ
1504 2216 1673 2284 εἴρηκε
1713 2217 1836 2287 πρὸς

216 2305 310 2353 τόν
349 2305 559 2375 Πατέρα
591 2302 670 2352 ὅτι
703 2304 882 2361 Καθὼς
911 2301 994 2373 ἐμὲ
1035 2301 1336 2362 ἀπέστειλας
1367 2303 1434 2363 εὶς
1482 2307 1565 2354 τόν
1617 2308 1830 2375 κόσμον,

211 2389 374 2461 κάγὼ
399 2388 677 2442 ἀπέστειλα
704 2391 891 2453 αὐτοὺς
924 2392 995 2452 εἰς
1037 2395 1123 2443 τόν
1173 2396 1368 2462 κόσμον
1395 2392 1506 2464 [καὶ
1538 2393 1651 2461 (16)
1681 2392 1835 2466 ανάγ-

205 2483 348 2533 νωθι
378 2482 444 2531 τὰ
475 2479 577 2532 ἐκεῖ
603 2479 845 2554 ῥηθέντα.
881 2481 1099 2553 Ἐπῆρεν
1131 2478 1218 2533 οὖν
1250 2482 1414 2532 αὐτῶν
1475 2485 1564 2542 τὰς
1624 2483 1830 2555 ψυχὰς,

206 2569 530 2644 ἐγχειρίσας
552 2570 725 2630 αὐτοῖς
754 2574 812 2622 τό
843 2567 980 2622 ἴδιον
1023 2573 1189 2642 ἔργον,
1223 2575 1312 2622 καὶ
1338 2577 1683 2634 καταστήσας
1715 2571 1832 2626 δια-

207 2656 425 2731 δόχους
457 2659 693 2731 ἑαυτοῦ.]

287 2752 397 2801 Καὶ
425 2778 490 2788 --
513 2751 880 2816 κεκράτηνται.
913 2753 1010 2801 Καὶ
1052 2753 1153 2820 μὴν
1186 2749 1354 2800 ὀπίσω
1382 2753 1578 2822 εἴρηκεν
1607 2752 1685 2802 ὅτι
1710 2753 1829 2804 Ἐὰν

203 2838 312 2910 ἐγὼ
344 2843 420 2910 μὴ
455 2837 678 2903 ἀπέλθω,
715 2840 739 2889 ό
776 2838 1110 2912 Παράκλητος
1137 2838 1229 2890 οὐκ
1249 2837 1509 2891 ἐλεύσεται
1527 2842 1826 2914 πρὸςυμᾶς·

202 2937 324 2988 πῶς
380 2924 470 2980 οὖν
522 2926 743 2979 ἐνταῦθα
782 2924 980 2979 δίδωσι
1039 2935 1246 3000 Πνεῦμα
1284 2928 1433 2998 οἷγιον
1469 2948 1479 2994 ;
1518 2929 1829 3001 Ἐνεφύσησε

203 3022 301 3090 μέν
348 3017 579 3088 ἐμπνέων
617 3017 790 3076 αὐτοῖς
818 3020 980 3091 χάριν
1012 3013 1257 3074 δεκτικὴν
1288 3025 1379 3068 τοῦ
1410 3017 1561 3087 ἁγίου
1592 3021 1824 3091 Πνευμα-

201 3127 315 3171 ⁴ιος,
350 3111 447 3157 καὶ
469 3107 872 3169 κατασκευάζων
903 3103 1229 3166 ἐπιτηδείους
1262 3107 1326 3167 εἰς
1347 3104 1624 3178 ὑποδοχὴν
1644 3108 1823 3162 αὑτοῦ.

204 3197 347 3268 λέγει
386 3193 468 3265 δὲ,
513 3195 710 3248 Λάϐετε
744 3204 950 3268 Πνεῦμα
970 3196 1138 3267 άγιον,
1169 3197 1226 3248 οὗ
1257 3202 1387 3261 τότε,
1413 3196 1516 3247 ἀλλ’
1550 3200 1631 3250 ὅτε
1652 3200 1826 3251 κατέλ-
1858 3230 1896 3285 C

206 3289 296 3360 θῇ.

281 3383 348 3429 ’Ἡ
388 3382 604 3447 Πνεῦμα
628 3375 774 3446 άγιον
807 3374 1012 3428 ἐκάλεσε
1033 3379 1089 3428 τό
1103 3380 1448 3448 πνευματικὸν
1467 3379 1717 3450 χάρισμα
1733 3386 1824 3429 τοῦ

200 3465 420 3540 ἀφιέναι
452 3470 543 3516 καὶ
578 3461 789 3537 δεσμεῖν
810 3466 1084 3537 ἁμαρτίας.
1112 3471 1375 3541 Διαφόρων
1407 3470 1506 3540 γὰρ
1537 3471 1690 3518 ὄντων
1713 3468 1826 3537 (17)

198 3563 581 3628 πνευματικῶν
630 3558 1003 3626 χαρισμάτων,
1044 3575 1199 3607 τουτο
1252 3564 1541 3614 τηνικαῦτα
1594 3553 1820 3610 δέδωκεν

200 3646 404 3708 αὐτοῖς,
440 3644 642 3717 [μεῖζον
660 3643 770 3714 (18)
799 3644 850 3695 ὃν
873 3650 962 3696 καὶ
988 3654 1086 3696 τῶν
1107 3650 1353 3717 σημείων.
1380 3653 1462 3715 Τῷ
1484 3645 1820 3720 παραλυτικῷ

193 3738 299 3808 γάρ
334 3735 570 3793 εἰπόντος
602 3750 613 3763 ·
651 3733 933 3804 Ἀφέωνται
987 3753 1069 3786 σοι
1102 3737 1155 3785 αἱ
1186 3734 1436 3806 ἁμαρτίαι
1465 3754 1557 3786 σου
1594 3753 1605 3764 ·
1650 3735 1818 3806 ἔλεγον

196 3827 244 3876 οἱ
277 3830 620 3898 Γραμματείς
646 3838 658 3853 ’
688 3827 779 3882 Τίς
831 3819 1052 3876 δύναται
1105 3823 1306 3896 ἀφιέναι
1339 3824 1617 3898 ἁμαρτίας,
1663 3824 1705 3876 εἰ
1743 3831 1813 3896 μὴ

196 3915 270 3975 εἰς
302 3915 328 3965 ό
365 3917 521 3973 Θεός.

272 4009 376 4056 Καὶ
403 4007 511 4075 μὴν
538 4006 626 4052 καὶ
666 4004 764 4074 πρὸ
798 4009 888 4052 του
923 4011 1149 4075 σταυροῦ
1194 4006 1392 4077 εἴρηκεν
1425 4003 1596 4062 αὐτοῖς
1627 4023 1638 4034 ο
1677 4001 1817 4054 ”οσα

194 4092 281 4142 ἐὰν
317 4089 528 4150 δήσητε
567 4089 652 4142 ἐπὶ
678 4099 772 4150 τῆς
806 4098 920 4160 γῆς,
956 4094 1103 4142 ἔσται
1135 4088 1388 4164 δεδεμένα
1412 4090 1460 4142 ἐν
1490 4101 1561 4161 τῷ
1594 4093 1810 4164 οὐρανῴο

193 4187 287 4233 καὶ
320 4184 425 4233 ὅσα
449 4182 536 4232 ἐὰν
562 4179 754 4237 λύσητε
783 4180 866 4232 ἐπὶ
891 4188 984 4241 τῆς
1028 4189 1143 4251 γῆς,
1178 4184 1326 4232 ἔσται
1363 4179 1609 4253 λελυμένα
1649 4182 1694 4232 έν
1744 4192 1814 4252 τῷ

196 4271 406 4343 οὖρανῲ
450 4286 463 4299 ·
494 4267 621 4320 ἀλλὰ
647 4273 761 4320 τότε
790 4271 878 4340 μὲν
909 4271 1170 4341 ὑπέσχετο
1203 4270 1380 4331 αὐτοῖς
1423 4280 1596 4338 τουτο,
1629 4279 1714 4322 νῦν
1757 4269 1816 4323 δὲ

199 4357 431 4412 δίδωσι.

270 4453 521 4507 Ζήτησον
560 4444 618 4499 δὲ
648 4453 764 4520 περὶ
800 4450 863 4499 τὰ
894 4452 1031 4520 μέσα
1060 4457 1149 4500 τοῦ
1183 4451 1359 4500 ἐνάτου
1399 4450 1676 4521 κεφαλαίου
1721 4458 1812 4502 τοῦ

195 4542 462 4610 παρόντος
488 4538 858 4610 εὐαγγελιστοῦ
889 4542 946 4590 τὸ
981 4556 991 4566 ·
1031 4542 1189 4590 Οὔπω
1218 4541 1318 4612 γὰρ
1351 4536 1410 4596 ἦν
1442 4547 1646 4610 Πνεῦμα
1664 4541 1810 4610 οἶγιον
1843 4584 1886 4637 D

196 4628 278 4678 ὅτι
320 4627 537 4687 Ἰησους
570 4625 775 4680 οὐδέπω
803 4624 1066 4690 ἐδοξάσθη
1094 4645 1104 4656 ⁸
1139 4634 1228 4680 καὶ
1282 4627 1543 4699 ἀνάγνωθι
1573 4634 1664 4686 τὴν
1690 4629 1810 4687 ὅλην

195 4715 459 4787 ἐξήγησιν
493 4717 680 4771 αὐτῶ).

267 4804 593 4878 Ἐνεφύσησε
623 4809 712 4878 μὲν
745 4803 830 4858 οὖν
873 4809 938 4867 ὡς
970 4810 1114 4877 πηγὴ
1171 4809 1543 4880 χαρισμάτων,
1608 4813 1697 4860 καὶ
1730 4810 1811 4860 ἵνα

192 4896 445 4965 μάθωμεν
491 4893 762 4947 κάντεῦθεν
811 4897 890 4946 ὅτι
931 4896 1084 4956 αὐτός
1147 4895 1286 4947 ἐστιν
1347 4897 1370 4946 ὁ
1428 4902 1518 4948 καὶ
1572 4900 1627 4948 τό
1671 4906 1810 4967 πρῶ-

193 5001 281 5034 τον
313 4989 407 5035 καὶ
462 4987 680 5047 ζωτικὸν
741 4987 1026 5058 ἐμφύσημα
1075 4990 1386 5057 ἐμφυσήσεις
1444 4994 1512 5056 τῷ
1567 4983 1808 5059 Ἀδάμ]

266 5137 316 5170 9⁸
349 5136 492 5192 Luc.
525 5137 876 5202 xx1v,35-4t.

195 5221 278 5276 ix,
326 5211 380 5262 2.
464 5209 696 5265 ³Μειτο.
725 5225 788 5279 11,
822 5215 873 5274 5,
921 5211 972 5263 7.

993 5139 1039 5172 97
1065 5139 1473 5207 Joan.xv1,2'2.

1086 5210 1106 5245 ⁴
1138 5210 1346 5268 Matth.
1386 5227 1537 5276 XVIII,
1579 5215 1654 5265 l8.

1589 5141 1634 5174 9⁸
1656 5140 1791 5195 Luc.
1811 5143 2071 5205 ΧΧιν,42.

1771 5212 1791 5246 ⁵
1816 5211 1988 5266 Joan.
2027 5227 2080 5275 ν,
2123 5212 2210 5266 39.

1950 1954 2047 2003 cut
2075 1948 2310 2019 scripsit
2343 1950 2525 2003 Lucas
2551 1948 2621 2013 9⁸,
2673 1946 2952 2001 certiores
3012 1944 3147 2000 facti
3186 1948 3326 1999 sunt
3360 1961 3373 1998 :
3407 1948 3463 1999 et
3493 1959 3610 2014 prae

1950 2038 2172 2108 gaudio
2199 2040 2348 2108 jam,
2385 2042 2448 2093 ut
2491 2035 2805 2092 verisimile
2858 2039 2966 2100 est,
3017 2033 3288 2090 turbatos
3313 2032 3606 2106 reprimit,

1949 2133 2010 2182 ut
2036 2128 2126 2182 his
2158 2143 2293 2198 quae
2324 2126 2590 2181 dicturus
2622 2128 2714 2180 est
2744 2123 3014 2180 animum
3037 2123 3372 2179 advertant.

2019 2217 2179 2271 Vers.
2209 2218 2296 2270 21.
2342 2215 2506 2270 Sicut
2562 2243 2626 2252 —
2684 2229 2798 2269 vos.
2854 2213 3041 2267 Etiam
3100 2217 3236 2266 ante
3266 2210 3604 2282 passionem

1947 2305 2093 2361 dixit
2140 2305 2217 2361 ad
2267 2306 2551 2360 Patrem:
2611 2303 2782 2360 Sicut
2824 2319 2900 2357 me
2921 2302 3134 2357 misisti
3180 2302 3243 2357 in
3289 2301 3602 2365 mundum,

1946 2399 1997 2452 et
2015 2411 2122 2465 ego
2143 2395 2276 2450 misi
2308 2396 2444 2450 illos
2495 2394 2557 2449 in.
2611 2393 2898 2449 mundum
2938 2393 2983 2426 9°
3020 2410 3032 2458 ;
3087 2395 3142 2446 et
3175 2391 3303 2461 lege
3344 2405 3479 2462 quae
3521 2390 3602 2445 ibi

1944 2484 2101 2540 dicta
2129 2489 2287 2539 sunt.
2331 2484 2573 2539 Animos
2622 2483 2820 2554 itaque
2851 2480 3085 2536 illorum
3126 2479 3331 2546 erexit,
3362 2479 3602 2535 tradens

1943 2573 2026 2630 eis
2052 2589 2207 2646 opus
2240 2589 2437 2637 suum,
2464 2588 2532 2628 ac
2563 2572 2668 2626 sibi
2695 2585 3064 2626 successores
3092 2585 3192 2625 eos
3209 2568 3599 2625 constituens.

2015 2754 2172 2808 Vers.
2202 2756 2287 2807 22.
2327 2753 2407 2807 Et
2459 2783 2527 2791 —
2577 2753 2733 2806 Vers.
2784 2753 2871 2806 ‘23.
2933 2751 3161 2806 retenta
3213 2755 3369 2804 sunt.
3425 2749 3603 2820 Atqui

1941 2843 2209 2912 superius
2259 2841 2489 2896 dixerat
2520 2857 2533 2896 :
2566 2840 2704 2895 Nisi
2745 2854 2842 2910 ego
2864 2839 3078 2908 abiero,
3113 2838 3448 2905 paracletus
3478 2854 3597 2894 non

1939 2932 2128 2987 veniet
2169 2931 2250 2986 ad
2295 2945 2392 2986 vos
2425 2931 2442 2964 ¹
2480 2946 2493 2995 ;
2546 2927 2854 2999 quomodo
2885 2942 3026 2996 ergo
3059 2927 3160 2984 dat
3189 2926 3284 2982 hic
3315 2926 3596 2998 Spiritum

1940 3025 2208 3076 sanctum
2235 3020 2262 3075 ?
2290 3017 2618 3074 Insufﬂavit
2640 3017 2905 3090 quidem,
2937 3017 3091 3071 dans
3119 3016 3372 3085 gratiam
3404 3032 3598 3070 susce-

1940 3109 2166 3181 ptivam
2197 3110 2441 3181 Spiritus
2473 3107 2680 3171 sancti,
2717 3113 3009 3178 aptosque
3040 3105 3304 3162 efﬁciens
3354 3103 3431 3160 ad
3464 3106 3594 3176 ejus

1938 3199 2379 3270 susceptionem
2415 3214 2429 3264 ;
2451 3197 2592 3253 dicit
2611 3200 2812 3252 autem
2833 3215 2844 3251 :
2871 3194 3136 3264 Accipite
3150 3195 3445 3264 Spiritum
3462 3209 3598 3250 san-

1935 3294 2093 3344 ctum
2125 3311 2136 3352 ;
2168 3303 2289 3343 non
2316 3303 2497 3356 nunc,
2531 3285 2635 3340 sed
2675 3283 2918 3356 quando
2948 3282 3340 3339 descenderit.

2006 3379 2117 3431 Aut
2150 3377 2433 3448 Spiritum
2463 3381 2738 3431 sanctum
2772 3373 3005 3429 vocavit
3031 3373 3286 3442 gratiam
3319 3371 3593 3443 spiritua-

1933 3466 2050 3521 lem
2082 3466 2418 3522 remittendi
2442 3481 2510 3520 ac
2538 3463 2756 3533 ligandi
2780 3467 3056 3534 peccata;
3082 3467 3139 3517 et
3168 3461 3276 3516 hoc
3307 3466 3446 3516 tunc
3479 3460 3592 3515 illis

1934 3555 2149 3624 tribuit,
2199 3556 2365 3628 quod
2421 3560 2478 3610 et
2510 3552 2817 3609 miraculis
2851 3552 3042 3623 majus
3103 3556 3250 3606 erat.
3285 3554 3432 3606 Nam
3456 3566 3590 3606 cum

1931 3646 2259 3716 paralytico
2292 3630 2544 3699 dixisset
2568 3664 2580 3699 :
2602 3642 2854 3698 Remissa
2869 3647 3006 3696 sunt
3034 3640 3143 3695 tibi
3170 3646 3383 3710 pecata
3414 3647 3518 3696 tua
3547 3646 3588 3705 ³,

1928 3735 2207 3790 dixerunt
2252 3734 2469 3790 Scribee
2507 3751 2519 3786 :
2569 3733 2706 3800 Quis
2759 3736 2949 3800 potest
2973 3730 3273 3786 remittere
3313 3735 3584 3799 peccata,

1926 3825 2044 3880 nisi
2073 3841 2244 3888 unus,
2265 3839 2472 3893 nempe
2496 3825 2637 3879 Deus
2660 3823 2680 3856 ⁸
2705 3820 2733 3875 ?

1999 3917 2211 3968 Verum
2246 3918 2303 3968 et
2342 3917 2476 3968 ante
2505 3910 2850 3983 passionem
2889 3909 3122 3964 dixerat
3151 3908 3273 3965 eis:
3306 3909 3590 3977 Quaecun-

1925 4019 2037 4074 que
2068 4001 2382 4072 ligaveritis
2408 4017 2587 4070 super
2615 4006 2860 4062 terram,
2882 4003 3055 4054 erunt
3092 3998 3280 4068 ligata.
3307 3998 3370 4052 in
3402 4000 3548 4056 creto
3573 4015 3586 4063 ;

1925 4099 1978 4148 et
2009 4109 2364 4163 quaecunque
2383 4090 2671 4148 solveritis
2702 4104 2882 4158 super
2916 4093 3156 4152 terram,
3190 4095 3364 4143 erunt
3391 4089 3588 4144 soluta

1927 4183 1988 4238 in
2013 4184 2160 4240 creto
2193 4184 2211 4216 ι
2239 4199 2250 4248 ;
2280 4182 2384 4236 sed
2413 4186 2552 4237 tunc
2573 4179 2821 4252 quidem
2840 4177 2955 4234 hoc
2981 4176 3093 4232 illis
3117 4175 3586 4248 promisit,nunc

1926 4277 2123 4329 autem
2171 4271 2390 4328 tribuit.

1995 4454 2202 4516 Quaere
2243 4454 2442 4506 autem
2493 4448 2644 4504 circa
2685 4445 2950 4502 medium
2998 4444 3142 4502 noni
3195 4445 3404 4516 capitis
3434 4461 3581 4518 prae-

1922 4542 2102 4595 sentis
2133 4538 2456 4608 Evangelii,
2497 4537 2600 4593 ubi
2640 4536 2855 4592 dicitur
2887 4535 3193 4591 :Nondum
3234 4541 3361 4590 erat
3390 4535 3583 4605 Spiri-

1923 4634 2014 4684 tus
2045 4633 2300 4694 sanctus,
2327 4630 2468 4700 quia
2498 4630 2650 4683 Jesus
2676 4625 2930 4682 nondum
2959 4631 3083 4680 erat
3115 4624 3491 4694 gloriﬁcatus
3518 4628 3539 4660 ⁵
3566 4643 3578 4692 ;

1920 4725 1976 4774 et
2003 4718 2132 4789 lege
2159 4723 2344 4773 totam
2383 4716 2620 4773 illorum
2649 4714 3108 4770 enarrationem.

1992 4805 2309 4862 Insuﬂlavit
2337 4807 2556 4878 itaque,
2615 4810 2901 4874 tanquam
2932 4802 3065 4858 fons
3112 4803 3458 4872 gratiarum,
3501 4809 3576 4872 et,

1920 4902 1984 4952 ut
2030 4895 2209 4952 etiam
2241 4895 2380 4951 hinc
2435 4893 2967 4964 discamusipsum
2997 4892 3283 4964 essetqui
3327 4893 3576 4965 primum

1920 5002 1989 5043 ac
2011 4985 2188 5041 vitale
2223 4984 2591 5058 spiraculum
2648 4981 2970 5039 insutﬂavit
3000 4981 3062 5036 in
3105 4981 3314 5038 Adam.
3370 4983 3579 5039 Reten-

2812 5137 3020 5192 1.loan.
3043 5151 3159 5200 xw,
3182 5141 3213 5189 7
3330 5139 3350 5170 '
3375 5139 3573 5196 Matth.

2183 5140 2228 5173 ⁹⁹
2254 5139 2423 5203 Joan,
2457 5154 2583 5202 xvu,
2617 5139 2699 5193 18.

1429 5334 1644 5400 Variae
1683 5333 2013 5401 lectiones
2055 5342 2120 5399 et
2160 5340 2360 5398 notae.

293 5473 380 5550 lli)
413 5474 560 5550 {ante
597 5471 690 5527 διά
717 5476 773 5550 -Α
803 5474 999 5540 habet,
1031 5475 1236 5550 εἰρήνην
1265 5471 1452 5538 διδοὺς
1476 5477 1668 5538 αὐτοῖς.

294 5543 378 5616 15)
413 5545 649 5603 Inclusa
678 5546 900 5602 absunt
930 5550 996 5602 A.

262 5618 379 5684 (16)
412 5615 648 5674 Inclusa
674 5619 892 5674 absunt
917 5621 988 5676 A.

1995 5476 2105 5547 (l7)
2139 5481 2248 5547 Τῶν
2282 5473 2446 5547 addit
2476 5474 2542 5528 A.

1982 5545 2096 5618 (18)
2134 5545 2371 5602 Inclusa
2399 5546 2616 5601 desunt
2645 5546 2710 5600 A.

264 5737 389 5817 (dat)
425 5741 676 5799 Tribuit.
704 5745 818 5799 Aut
851 5757 994 5813 ergo
1050 5744 1338 5816 interpres
1369 5743 1570 5810 αὐταῖς,
1603 5743 1761 5817 quod
1795 5759 1866 5800 ex
1898 5742 2248 5800 Hebraismo
2273 5742 2370 5798 hic
2414 5741 2688 5799 additum
2743 5745 2847 5810 est,
2877 5757 3000 5800 non
3047 5742 3206 5815 legit,
3239 5747 3342 5801 aut
3371 5744 3431 5800 id
3457 5759 3561 5801 ne-

193 5804 368 5874 glexit
