4108 6428
519 361 541 415 1
552 360 656 416 £87

1868 355 2218 412 EUTHYMI-l
2257 357 2594 416 ZIGABENI

3769 354 3933 412 1488

517 486 741 542 tionem
774 499 916 541 vero
943 481 1202 556 intell-ige
1227 481 1588 552 ligationem,
1607 482 1796 537 veniae
1822 485 2171 538 car-entiam.

2304 489 2554 560 ἰράτησιν
2583 481 2640 538 δὲ
2659 489 2760 538 νόει
2783 487 2875 543 τὴν
2908 479 3089 551 δῆσιν,
3123 486 3216 542 τήν
3241 482 3675 556 ἀσυγχωρησίαν.
3717 481 3930 536 Καθά-

518 578 829 647 Tanquam
859 590 959 628 rex
990 588 1152 641 ergo,
1195 573 1380 627 duces
1413 573 1709 634 exercitus
1737 572 2064 637 destinatis,
2099 574 2179 628 ita

519 663 848 735 discipulos
879 678 996 734 prae
1019 661 1321 726 omnibus,
1373 661 1725 733 hujusmodi
1779 662 1958 734 stipat
1986 668 2180 734 potes.

519 757 657 809 tate.

593 845 633 913 -ξ-
664 843 770 908 Qui
803 846 1043 914 propter
1063 841 1396 898 daemonum
1418 845 1696 897 terrorem
1729 843 1787 897 in
1817 842 2179 897 sublimitate

517 933 858 987 divinarum
876 931 1341 1002 contemplation
1353 947 1450 986 um
1470 931 2178 994 ﬁrmitercontirmantur,

509 1029 575 1076 et
603 1037 812 1075 sensus
846 1020 925 1074 ad
973 1020 1223 1074 modum
1275 1020 1567 1075 ostiorum
1619 1021 1921 1084 claudunt,
1975 1021 2180 1089 ignoto

520 1110 700 1165 modo
749 1109 1126 1164 accedentem
1158 1109 1456 1179 excipiunt
1485 1109 1756 1164 divinum
1817 1125 2179 1171 sermonem,

522 1199 754 1270 absque
801 1198 1086 1254 sensitiva
1127 1198 1475 1269 operatione
1519 1199 1604 1253 eis
1665 1205 2069 1270 apparentem,
2126 1203 2183 1252 et

523 1289 685 1358 pacis
734 1287 981 1359 quidem
1028 1288 1272 1342 nomine
1303 1287 1785 1343 immobilitatem
1816 1289 1889 1342 ad
1934 1287 2181 1343 affectus

523 1377 883 1433 tribuentem
926 1375 1394 1432 :insuﬁlationis
1444 1393 1606 1442 vero,
1655 1379 1879 1447 gratias
1930 1377 2180 1448 Spiritus

523 1466 732 1535 sancti,
793 1483 860 1521 ac
906 1465 1328 1537 mysteriorum
1373 1482 1620 1522 suorum
1676 1467 1848 1537 signa
1903 1466 2183 1521 demons-

520 1561 799 1611 trantem.

596 1645 754 1700 Vers.
788 1647 876 1700 24.
911 1644 1156 1700 Thomas
1195 1677 1261 1686 —
1291 1645 1466 1700 Iesus.
1514 1645 1837 1702 Verisimile
1877 1646 2037 1701 enim
2071 1650 2179 1711 est,

525 1751 662 1790 cum
706 1751 742 1790 a
773 1739 1038 1806 tempore
1068 1751 1191 1806 quo
1231 1735 1481 1806 dispersi
1522 1735 1757 1792 fuerant
1791 1736 2082 1808 discipuli,
2115 1751 2183 1790 ac

2284 597 2377 651 περ
2411 573 2497 628 οὖν
2530 574 2800 648 βασιλεὺς,
2837 577 3162 649 στρατηγούς
3219 574 3330 645 (19)
3365 572 3711 638 ἁποστελλων,
3767 569 3925 624 οὕτω

2285 670 2404 726 τούς
2433 667 2670 738 μαθητὰς
2693 666 2804 735 (20)
2841 662 3154 737 παραϐάλλει
3210 666 3310 736 πρό
3341 665 3546 715 πάντων
3668 663 3921 734 τοιαύτῃ

2289 753 2532 828 δυνάμει.

2359 848 2451 919 [Ui
2479 846 2591 915 (‘21)
2616 841 2709 898 διὰ
2735 848 2819 896 τὸν
2852 843 3003 908 φοϐον
3044 852 3143 895 τὼν
3177 839 3437 915 δαιμόνων
3466 841 3513 893 ἐν
3542 849 3612 912 τῷ
3643 840 3779 912 ὕψει
3811 849 3924 892 τῶν

2292 939 2436 989 θείων
2498 936 2842 1008 θεωρημάτων
2883 932 3128 1005 ἀσφαλῶς
3182 931 3486 1005 βεϐηκότες,
3542 937 3653 997 καὶ,
3726 934 3924 1005 θυρῶν

2290 1022 2466 1088 δίκην,
2522 1028 2614 1086 τας
2644 1025 2915 1084 αἰσθήσεις
2947 1025 3222 1089 μύσαντες,
3253 1026 3661 1096 παραγινόμενον
3693 1019 3924 1091 ἀγνώσ-

2289 1134 2384 1174 τως
2408 1111 2658 1184 δέχονται
2689 1116 2774 1165 τὸν
2824 1121 2915 1164 τού
2943 1119 3075 1165 Θεοῦ
3106 1110 3277 1182 λόγον,
3331 1113 3450 1164 οῐνευ
3494 1119 3590 1172 τῆς
3618 1110 3741 1162 κατ’
3789 1112 3925 1161 αἶσ-

2293 1206 2443 1262 θησιν
2485 1203 2730 1276 ἐνεργείας
2758 1201 3143 1274 ἐπιφαινόμενον
3174 1201 3374 1264 αὐτοῖς,
3429 1205 3519 1252 καὶ
3565 1197 3920 1272 δωρούμενον

2292 1293 2543 1346 ἀπάθειαν
2565 1297 2654 1364 μὲν
2687 1289 2781 1343 δια
2800 1299 2894 1352 τῆς
2922 1291 3143 1365 εἰρήνης,
3166 1294 3464 1362 Πνεύματος
3516 1285 3574 1342 δε
3603 1289 3769 1361 ἁγίου
3807 1290 3925 1360 χά-

2289 1404 2370 1457 ριν
2404 1381 2497 1435 διά
2526 1391 2620 1443 τῆς
2673 1381 3016 1453 ἐμπνεύσεως,
3061 1384 3149 1432 καὶ
3190 1377 3494 1432 δεικνύοντα
3535 1381 3599 1432 τὰ
3660 1376 3927 1450 σύμϐολα

2290 1482 2389 1525 τῶν
2421 1476 2720 1544 μυστηρίων
2751 1470 2958 1543 αὑτοῦ..)

2364 1658 2553 1723 Θωμᾶς
2587 1682 2649 1692 -
2678 1649 2901 1710 Ἰησοῦς.
2937 1648 3106 1709 Ἐἰκὸς
3130 1649 3230 1720 γὰρ
3272 1645 3426 1698 αὐτὸν
3457 1649 3587 1718 μετα
3616 1649 3672 1698 τὸ
3731 1641 3922 1697 διασ-

2291 1744 2644 1815 κορπισθῆναι
2673 1744 2792 1802 τούς
2819 1740 3076 1812 μαθητὰς,
3107 1735 3320 1808 ἀφέντας
3337 1739 3422 1788 τὸν
3450 1731 3789 1788 διδάσκοι).ον
3819 1739 3921 1786 καὶ

521 1825 721 1880 relicto
787 1828 1152 1897 praeceptore
1199 1824 1496 1894 fugerant,
1565 1827 1837 1882 nondum
1883 1842 2022 1881 cum
2069 1825 2181 1880 illis

2304 1836 2568 1903 Ρυγὸντας,
2603 1836 2761 1902 μήπω
2785 1829 3040 1880 συνελθεῖν
3073 1827 3272 1888 αὐτοῖς.

525 1930 896 1970 οοηνθηιεεθ.

593 2006 636 2073 ι)-
669 2005 1030 2075 Quanquam
1063 2003 1267 2059 aberat
1296 2003 1570 2070 Thomas,
1602 2009 1800 2060 tamen
1837 2021 1941 2076 per
1972 2006 2182 2059 fratres

525 2094 830 2165 apostolos
858 2094 1147 2165 particeps
1179 2099 1235 2149 et
1263 2094 1388 2165 ipse
1421 2094 1526 2149 fuit
1556 2095 1756 2162 gratiae
1803 2094 2089 2150 insufﬂati
2122 2094 2183 2149 in

523 2183 658 2240 illos
686 2185 932 2255 Spiritus
979 2184 1189 2248 sancti,
1223 2185 1374 2239 sicut
1401 2185 1480 2240 ait
1506 2185 1682 2240 divus
1731 2183 1995 2257 Cyrillus.
2051 2184 2185 2250 Qui-

520 2273 666 2330 dam
703 2278 901 2328 tamen
945 2273 1150 2328 dicunt
1187 2275 1355 2346 quod
1404 2275 1812 2346 postmodum,
1856 2282 2184 2347 postquam

525 2363 672 2417 vidit
709 2379 928 2418 manus
953 2381 1022 2418 ac
1052 2363 1206 2418 latus
1236 2363 1576 2430 Salvatoris,
1607 2370 1663 2418 et
1692 2364 1851 2419 circa
1895 2381 2183 2419 resurrec-

525 2453 747 2508 tionem
772 2453 1039 2520 credidit,
1079 2458 1219 2508 tunc
1274 2455 1502 2526 accepit
1551 2459 1606 2508 et
1649 2455 1779 2524 ipse
1831 2455 2180 2524 hujusmodi

523 2542 800 2611 gratiam,
826 2546 889 2598 ut
917 2543 974 2597 in
1017 2542 1180 2598 nullo
1217 2530 1431 2598 horum
1475 2542 1718 2598 inferior
1771 2550 1924 2598 esset
1969 2559 2182 2614 coapo-

525 2631 713 2686 stolis.

597 2722 761 2776 Vers.
792 2726 878 2776 25.
936 2721 1231 2778 Dixerunt
1269 2751 1340 2762 —
1384 2721 1722 2778 Dominum.
1774 2721 2058 2778 Dixerunt
2104 2723 2178 2790 ei,

525 2827 665 2866 cum
688 2810 764 2865 ad
793 2827 892 2866 eos
942 2812 1210 2866 venisset.

597 2903 758 2955 Vers.
789 2904 876 2955 25.
915 2902 1025 2957 Ille
1059 2931 1117 2941 —
1160 2901 1417 2958 credam.
1454 2903 1982 2967 Quemadmodum
2023 2903 2180 2974 vulgi

527 3007 690 3046 more
724 3007 792 3046 ac
825 2995 1041 3045 temere
1079 2991 1340 3056 credere,
1372 2991 1626 3046 levitatis
1658 2998 1747 3048 est
1781 3010 1792 3048 :
1826 2993 1907 3048 ita
1937 3009 2182 3066 quoque

525 3081 682 3136 ultra
713 3081 962 3136 modum
992 3080 1300 3149 sciscitari,
1321 3098 1390 3135 ac
1419 3083 1590 3136 nimis
1619 3084 2179 3152 curioseindagare,

2367 1921 2425 1973 Εἰ
2445 1926 2535 1972 καὶ
2567 1919 2701 1978 ἀπῆν
2737 1921 2762 1970 ὁ
2813 1924 3026 1990 Θωμᾶς,
3061 1918 3194 1988 ὅμως
3236 1912 3330 1968 διὰ
3384 1916 3485 1966 τῶν
3517 1911 3756 1986 ἀδελφῶν
3791 1913 3917 1984 (22)

2293 2020 2391 2062 τῶν
2427 2009 2728 2063 ἀποστολων
2772 2007 3015 2081 μετέλαϐε
3069 2013 3160 2059 καὶ
3216 2007 3372 2067 αὐτὸς
3425 2013 3520 2067 τῆς
3551 2008 3781 2080 χάριτος
3817 2010 3918 2056 τοῦ

2295 2102 2678 2173 ἐμφυσηθέντος
2712 2100 2884 2159 αὐτοῖς
2929 2098 3080 2169 ἁγίου
3112 2100 3421 2162 Πνεύματος,
3449 2097 3519 2158 ὡς
3553 2098 3577 2147 ὁ
3632 2094 3680 2146 ἐν
3730 2094 3920 2165 ἁγίοις

2297 2191 2542 2266 Κύριλλος
2570 2191 2682 2261 (23)
2706 2193 2895 2263 εἴρηκε.
2942 2191 3081 2248 Tufa;
3134 2183 3192 2239 δὲ
3240 2186 3479 2256 λέγουσιν
3529 2187 3609 2237 ὅτι
3653 2184 3914 2256 ὕστερον,

2293 2285 2424 2353 μετά
2453 2284 2510 2332 τὸ
2544 2277 2670 2332 ἰδεῖν
2711 2283 2797 2339 τας
2828 2285 3014 2350 χεῖρας
3066 2282 3156 2329 καὶ
3187 2280 3280 2334 τὴν
3319 2277 3541 2348 πλευρὰν
3590 2282 3680 2326 τοῦ
3726 2280 3916 2330 Σωτῆ-

2293 2391 2403 2444 ρος,
2455 2376 2543 2422 καὶ
2581 2378 2864 2421 πιστεύσαι
2894 2374 3012 2440 περὶ
3057 2376 3147 2426 τῆς
3196 2365 3547 2433 ἀναστάσεως,
3603 2361 3760 2416 ἔλαϐε
3816 2367 3914 2414 καὶ

2295 2461 2445 2521 αὐτὸς
2472 2465 2565 2518 τὴν
2592 2462 2840 2516 τοιαύτην
2870 2460 3054 2532 χάριν,
3089 2458 3171 2508 ἰνα
3200 2451 3332 2528 μηδ’
3359 2454 3406 2506 ἐν
3437 2457 3603 2526 τούτῳ
3657 2453 3914 2511 λείπηται

2294 2561 2391 2602 τὼν
2423 2551 2536 2622 (24)
2561 2547 3011 2617 συναποστολων.]

2365 2730 2571 2802 Ἔλεγον
2604 2760 2666 2770 -
2714 2730 2926 2802 Κύριον.
2977 2727 3184 2799 Ἔλεγον
3213 2726 3326 2798 ('25)
3355 2724 3492 2795 αὐτῷ
3539 2723 3743 2777 ἐλθόντι
3775 2725 3911 2797 πρὸς

2293 2823 2450 2872 αύτού
2461 2840 2499 2882 ς.

2362 2910 2420 2961 Ὀ
2501 2939 2572 2951 -
2648 2910 2937 2965 πιστεύσω.
3014 2906 3211 2980 Ὠσπερ
3283 2908 3340 2958 τὸ
3406 2903 3580 2966 ἁπλῶς
3658 2908 3753 2956 καὶ
3835 2903 3910 2963 ὡς

2293 3003 2450 3072 ἔτυχε
2503 3001 2764 3051 πιστεύειν
2820 2997 3049 3057 εὐκολίας
3107 2995 3243 3048 ἐστίν
3279 3015 3289 3026 ·
3320 2995 3454 3047 οὕτω
3498 2999 3588 3046 καὶ
3645 2996 3703 3045 τὸ
3767 2995 3910 3064 πέρα

2294 3098 2384 3142 τοῦ
2465 3092 2654 3162 μέτρου
2743 3087 3179 3160 περιεργάζεσθαι
3269 3091 3358 3138 καὶ
3445 3083 3908 3158 πολυπραγμονεῖν

524 3187 735 3225 crassae
763 3170 974 3225 mentis
1009 3177 1110 3224 est.
1144 3171 1464 3242 Propterea
1490 3172 1667 3226 etiam
1699 3174 1955 3228 Thomas
1989 3175 2184 3244 argui-

2304 3180 2607 3251 παχυτάτης
2662 3174 2889 3238 διανοίας
2930 3176 3061 3230 ἐστί.
3118 3178 3214 3228 Δια
3268 3182 3420 3227 τοῦτο
3474 3179 3563 3227 καὶ
3629 3175 3654 3224 ὁ
3704 3177 3912 3244 Θωμᾶς

528 3267 638 3316 tur.
675 3263 819 3315 Nam
851 3276 988 3314 cum
1023 3260 1139 3314 ﬁde
1167 3260 1329 3330 digni
1359 3266 1558 3314 essent
1596 3261 2007 3333 condiscipuli.
2034 3281 2184 3319 rem-

525 3365 644 3421 que
676 3349 1121 3414 contirmarent,
1142 3365 1264 3404 non
1289 3349 1566 3405 credidit:
1593 3366 1716 3406 non
1749 3356 1977 3407 tantum
2000 3354 2182 3408 ﬁdem

527 3437 639 3493 illis
668 3454 788 3493 non
824 3444 1138 3509 praestans,
1171 3444 1466 3507 quantum
1501 3439 1932 3512 impossibilem
1959 3442 2186 3498 ducens

524 3527 680 3582 hanc
728 3527 1240 3590 resurrectionem,
1281 3527 1582 3598 siquidem
1643 3529 1770 3601 ipse
1810 3546 1947 3586 eum
1990 3532 2184 3587 videre

525 3616 738 3690 quaerit
771 3632 782 3668 :
815 3632 923 3671 nec
961 3616 1021 3670 id
1069 3620 1323 3680 tantum,
1372 3617 1472 3672 sed
1523 3623 1579 3673 et
1630 3619 1944 3689 vestigium
1992 3621 2186 3676 clavo-

527 3721 662 3760 rum
697 3722 709 3768 ;
746 3720 937 3776 neque
966 3705 1257 3760 hactenus
1289 3705 1438 3760 sistit
1471 3707 1802 3772 curiositas,
1841 3708 1941 3762 sed
1975 3714 2030 3764 et
2057 3711 2188 3764 mit-

529 3799 648 3849 tere
675 3793 930 3862 digitum
977 3794 1037 3848 in
1094 3793 1404 3863 vestigium
1434 3793 1762 3861 clavorum,
1816 3814 2188 3870 manumque

528 3883 587 3938 in
620 3881 776 3937 latus
809 3883 958 3951 ejus,
992 3897 1066 3936 ne
1096 3881 1243 3938 forte
1300 3883 1664 3954 phantasma
1699 3891 1873 3942 esset.
1915 3887 2192 3943 Audierat

530 3972 710 4037 enim,
754 3976 818 4026 ut
848 3977 1114 4044 apparet,
1148 3973 1648 4046 acondiscipulis,
1677 3975 1842 4047 quod
1871 3993 2087 4032 manus
2119 3993 2190 4032 ac

527 4061 687 4117 latus
720 4078 895 4116 suum
936 4062 1018 4118 eis
1045 4063 1418 4118 ostendisset.
1455 4066 1698 4120 Tactum
1727 4065 1926 4139 itaque
1959 4065 2074 4122 ﬁde
2105 4066 2188 4121 di-

531 4152 797 4222 gniorem
829 4152 993 4209 ducit
1027 4158 1268 4224 aspectu
1281 4193 1294 4206 .

604 4329 762 4384 Vers.
797 4333 886 4387 '26.
931 4331 1005 4384 Et
1025 4361 1089 4370 —
1110 4330 1208 4386 eis.
1241 4333 1426 4400 Intus,
1456 4331 1510 4386 in
1533 4331 1881 4400 diversorio,
1903 4334 2003 4390 ubi
2023 4340 2190 4392 erant

530 4419 897 4487 congregati.

605 4507 766 4562 Vers.
801 4512 888 4564 26.
941 4507 1103 4564 Venit
1134 4539 1200 4548 —
1229 4510 1466 4565 clausis.
1519 4511 1684 4566 Venit
1710 4512 2018 4568 certiorem
2059 4513 2189 4569 red-
2219 4546 2263 4600 Β

531 4597 764 4652 diturus
795 4614 932 4652 eum
989 4598 1085 4669 qui
1119 4614 1240 4653 non
1299 4599 1583 4655 credebat
1615 4618 1625 4654 :
1660 4606 1716 4656 et
1771 4617 1967 4674 neque
2001 4620 2186 4660 unum

531 4686 802 4759 despicit,
858 4686 994 4742 licet
1050 4693 1244 4742 mente
1310 4689 1567 4744 crassior
1619 4696 1771 4746 esset
1823 4695 2062 4747 caeteris.
2124 4697 2191 4750 Et

531 4793 719 4848 quare
734 4791 853 4831 non
869 4781 1005 4831 tunc
1033 4775 1166 4832 fecit
1191 4777 1357 4833 illum
1391 4779 1701 4836 certiorem
1732 4797 1744 4845 ;
1779 4798 1916 4837 cum
1934 4784 2189 4840 Thomas

530 4865 814 4937 przedicta
840 4866 1195 4938 requirebat,
1256 4867 1360 4923 sed
1381 4873 1516 4940 post
1544 4869 1695 4925 dites
1734 4878 1867 4928 octo
1891 4871 1917 4926 ?
1957 4876 2024 4929 [Tt
2046 4875 2187 4930 inte-

530 4955 644 5011 rim
686 4969 722 5012 a
749 4954 1170 5026 condiscipulis
1200 4957 1544 5025 instructus,
1581 4958 1809 5016 facilius
1843 4964 2191 5032 persuaderi

530 5049 737 5117 posset
761 5045 839 5102 ad
870 5045 1065 5100 ﬁdem.

2295 3268 2607 3339 ἐγκαλεῖται.
2703 3275 2824 3328 Τοῖς
2915 3269 3016 3338 γὰρ
3096 3266 3491 3336 συμμαθηταῖς,
3578 3261 3910 3324 ἀξιοπίστως

2296 3354 2436 3421 οὖσι,
2490 3362 2578 3409 καὶ
2647 3354 3149 3426 διαϐεϐαιουμένοις,
3218 3354 3310 3405 οὐκ
3399 3355 3704 3405 ἐπίστευσεν
3776 3368 3790 3381 ’
3846 3349 3905 3401 οὐ

2295 3455 2542 3500 τοσοῦτον
2599 3444 2808 3506 ἐκείνοις
2839 3445 3092 3512 ἀπιστῶν,
3145 3445 3266 3495 ὅσον
3317 3439 3574 3494 ἀδύνατον
3635 3446 3727 3499 τὴν
3779 3439 3906 3492 ἀνά-

2299 3556 2484 3590 στασιν
2511 3539 2704 3592 ταύτην
2762 3539 3008 3605 νομίζων.
3059 3542 3208 3589 Zarat
3256 3536 3357 3605 γὰρ
3403 3532 3561 3592 αὐτὸς
3615 3527 3746 3584 ἰδεῖν
3811 3529 3904 3581 αὖ·

2298 3630 2403 3689 τὸν,
2455 3631 2543 3678 καὶ
2583 3625 2641 3676 ού
2694 3633 2847 3676 τοῦτο
2905 3629 3078 3695 μονον,
3134 3622 3262 3674 ἀλλὰ
3317 3626 3406 3673 καὶ
3449 3625 3535 3673 τὸν
3587 3623 3750 3672 τύπον
3804 3627 3904 3670 τὼν

2300 3713 2432 3772 ἠλων
2491 3732 2502 3742 ·
2558 3719 2648 3765 καὶ
2693 3713 2751 3765 ού
2804 3718 2968 3786 μέχρι
3020 3716 3212 3764 τούτων
3269 3714 3452 3768 ἰστησι
3501 3713 3558 3762 τό
3608 3714 3902 3783 περίεργον,

2301 3801 2428 3855 ἄλλα
2473 3808 2560 3854 καὶ
2612 3801 2787 3873 βαλεῖν
2853 3806 2938 3853 τὸν
2996 3798 3250 3853 δάκτυλον
3310 3801 3380 3862 εἰς
3445 3803 3532 3851 τὸν
3581 3802 3742 3851 τύπον
3803 3805 3905 3849 τῶν

2301 3892 2453 3956 ἦλων,
2487 3898 2576 3943 καὶ
2608 3897 2698 3950 τὴν
2731 3899 2888 3965 χεῖρα
2930 3891 3000 3951 εἰς
3057 3895 3150 3948 τὴν
3208 3890 3429 3965 πλευρὰν
3463 3889 3644 3955 αὐτοῦ,
3696 3893 3905 3960 μήποτε

2299 3984 2482 4052 φάσμα
2535 3984 2634 4038 εἴη.
2687 3982 2968 4052 Μεμάθηκε
3017 3983 3141 4053 γὰρ,
3228 3983 3296 4040 ὡς
3367 3982 3518 4044 ἔοικε,
3575 3981 3719 4053 παρά
3803 3985 3906 4028 τῶν

2300 4073 2656 4143 συμμαθητῶν
2703 4072 2782 4122 ὅτι
2839 4067 3028 4133 ἔδειξεν
3068 4069 3241 4129 αὐτοῖς
3291 4071 3379 4129 τὰς
3423 4075 3608 4142 χεῖρας
3662 4072 3752 4119 καὶ
3812 4070 3904 4122 τὴν

2297 4161 2518 4236 πλευρὰν
2542 4161 2726 4217 αὑτοῦ,
2763 4164 2866 4218 Τὴν
2889 4159 3023 4231 ἁφὴν
3053 4156 3138 4211 οὖν
3183 4162 3490 4230 πιστοτέραν
3541 4165 3768 4209 ποιεῖται
3808 4163 3906 4215 τῆς

2297 4250 2481 4322 ὅψεως.

2373 4345 2569 4392 Καὶ-
2611 4338 2798 4393 αὐτῶν.
2838 4343 2978 4390 ’Ἐσω
3029 4345 3118 4390 τοῦ
3145 4340 3480 4409 καταγωγίου
3537 4335 3724 4400 αὐτῶν,
3774 4336 3904 4387 ὅπου

2301 4434 2608 4500 συνήγοντο.

3320 4515 3572 4588 Ἔρχεται
3641 4514 3742 4572 πλη
3749 4529 3902 4588 popo-

2298 4613 2474 4683 ρὴσων
2519 4611 2604 4659 τὸν
2655 4605 2996 4670 ἀπιστοῦντα,
3041 4608 3150 4678 [καὶ
3205 4611 3320 4673 (26)
3369 4601 3492 4657 οὐδὲ
3543 4608 3629 4656 τὸν
3673 4605 3764 4656 ἕνα
3809 4619 3903 4653 πε-

2371 4518 2624 4593 Ἔρχεται
2688 4549 2753 4557 —~
2841 4516 3230 4589 κεκλεισμένων.

2298 4705 2468 4772 prope},
2518 4702 2692 4748 καίτοι
2746 4705 2844 4748 τῶν
2906 4696 3069 4747 ἄλλων
3115 4700 3235 4747 ὄντα
3297 4697 3594 4766 παχύτερον
3644 4693 3718 4755 εἰς
3779 4689 3901 4744 διά-

2297 4787 2488 4859 νοιαν.]
2552 4792 2650 4839 Καὶ
2708 4792 2843 4848 τίνος
2891 4787 3048 4837 ἕνεκεν
3106 4785 3230 4857 οὐχ,
3279 4786 3362 4837 ὅτε
3409 4783 3636 4844 ἐζήτησε
3688 4786 3755 4834 τὰ
3811 4782 3899 4855 ῥη-

2302 4880 2448 4930 θέντα
2499 4879 2524 4928 ὸ
2574 4881 2787 4947 Θωμᾶς,
2861 4880 2976 4927 τότε
3027 4883 3206 4926 τοῦτον
3265 4873 3704 4948 ἑπληροφόρησεν,
3777 4869 3901 4923 ἀλλὰ

2871 4963 3018 5034 ;Ὶνα
3064 4963 3110 5015 ἐν
3177 4972 3248 5034 τῷ
3300 4967 3445 5036 μέσῳ
3500 4959 3899 5034 κατηχούμενος

2301 5057 2400 5107 ὑπὸ
2431 5063 2529 5106 τῶν
2560 5056 2805 5126 μαθητῶν
2833 5053 3214 5129 εύπειθέστερος
3238 5056 3370 5126 πρὸς
3394 5057 3574 5105 πίστιν
3606 5054 3719 5124 (27)
3747 5054 3900 5124 γένη·

2301 4967 2413 5038 μεθ’
2457 4968 2653 5037 ἡμέρας
2705 4964 2838 5016 ὀκτώ

2303 5165 2408 5203 ται,

1735 5293 1959 5361 Varia:
2017 5296 2347 5365 lectiones
2398 5307 2463 5364 et
2505 5306 2712 5365 notae.

603 5434 718 5503 (l9)
768 5435 847 5488 Ex
899 5433 1185 5488 Hentenio
1243 5433 1508 5504 suspicio
1559 5434 1702 5490 mihi
1760 5436 1968 5502 oritur,
2016 5437 2187 5495 illum

530 5504 742 5575 legisse
768 5504 1130 5576 περιστελλων,
1156 5505 1217 5560 id
1248 5512 1354 5572 est,
1387 5508 1822 5579 παρασκευάζων,
1851 5509 2184 5577 εύτρεπίζων,

534 5586 854 5649 συγκροτῶν.

533 5647 716 5770 ϐ,(20)
770 5647 1088 5720 Προσϐάλλει
1139 5655 1199 5702 Α.
1250 5652 1533 5705 Neutrum
1580 5649 1790 5722 placet.
1836 5653 2003 5708 Forte
2051 5673 2190 5726 περι-

566 5735 723 5770 αΛλει.

566 5735 723 5773 αΛΙει.

602 5792 719 5858 (21)
749 5792 881 5847 Haec
909 5795 1155 5866 uterque
1189 5792 1251 5848 in
1281 5794 1550 5864 margine
1580 5793 1841 5851 exhibet.

2369 5441 2484 5512 (22)
2515 5447 2625 5492 Τῶν
2655 5439 2823 5494 abest
2853 5442 2916 5494 Α.

2371 5510 2485 5582 (‘23)
2518 5512 2682 5566 'l'om.
2727 5512 2818 5576 1v,
2853 5527 2912 5582 p.
2943 5513 3161 5574 HOO'A,
3198 5510 3266 5569 P.
3315 5511 3439 5567 μοι
3487 5513 3551 5566 Α.

2371 5580 2481 5653 (24)
2514 5583 2742 5655 Inclusa
2781 5580 2968 5655 codex
3001 5589 3248 5655 uterque
3275 5583 3334 5638 in
3373 5583 3654 5654 .margine
3698 5580 3890 5640 habet.

2371 5658 2481 5720 (25)
2511 5659 2571 5706 Δέ
2598 5654 2914 5726 interponit
2953 5656 3018 5708 Α.

2373 5727 2486 5796 (26)
2528 5725 2763 5780 Inclusa
2791 5726 3013 5781 absunt
3048 5727 3115 5779 Α.

2372 5800 2495 5868 (27)
2527 5802 2738 5854 Γίνηται
2769 5804 2829 5851 Α.
