4108 6390
219 389 362 445 ’1489

1237 374 1606 435 COMMENT.
1647 373 1720 429 «ΙΝ
1761 371 2108 428 JOANNEM.
2157 402 2217 413 ——
2261 369 2420 425 CAP.
2464 365 2586 423 XX.

3447 357 3591 412 4&90

295 517 394 567 Καὶ
424 541 486 553 -
519 511 660 583 ὑμῖν.
696 509 918 582 [Ὥσπερ
951 504 1063 579 ('28)
1097 509 1184 557 καὶ
1212 507 1478 579 πρότερον.
1518 501 1692 561 Πάντα
1720 499 1820 571 γὰρ

2002 497 2165 554 Vers.
2213 500 2298 552 26.
2355 494 2436 550 Et
2487 524 2553 533 —
2591 490 2773 547 vobis.
2828 489 2988 546 Sicut
3033 490 3090 543 et
3119 483 3300 558 prius.
3329 481 3590 539 Rursum

220 609 359 654 ποιεῖ
394 601 547 653 πάλιν
569 601 669 652 ὅσα
697 603 785 650 καὶ
816 596 1034 656 ἀπόντος
1058 594 1217 647 αὐτοῦ
1247 590 1574 664 πεποίηκεν.]

292 687 420 744 Εἶτα
463 719 529 730 -
561 709 680 761 μου.
723 683 902 745 Μηδὲν
947 686 1175 745 εἰπόντος
1218 689 1308 735 τοῦ
1361 687 1539 753 Θωμᾶ,
1587 678 1824 753 προλαμ-

222 780 383 848 ϐάνει,
439 784 528 832 καὶ
572 779 699 852 άπερ
746 775 918 837 ἐζήτει
959 771 1176 837 δίδωσι,
1228 768 1433 832 δεικνὺς
1476 773 1556 822 ὅτι
1611 773 1700 821 καὶ
1747 770 1826 819 ὅτε

221 877 388 922 ταῦτα
429 868 585 939 ὓεγε,
621 876 790 941 παρῆν
831 884 883 916 τε
916 869 1004 915 καὶ
1043 867 1226 922 ἤκουεν
1261 864 1325 922 ως
1365 864 1511 921 Θεὸς.
1544 861 1668 930 [Καὶ
1710 857 1823 928 (29)

221 962 322 1031 γὰρ
353 966 457 1018 τοίς
483 957 655 1019 αὐτοῖς
689 956 954 1028 ἐχρήσατο
979 951 1228 1028 ῥήμασι]

297 1143 397 1191 Καὶ
424 1168 488 1178 --
515 1139 722 1196 πιστός.
752 1137 1086 1205 Μεμφόμενος
1116 1133 1263 1182 τοῦτό
1286 1147 1464 1202 φησιν,
1496 1130 1562 1190 ὡς
1589 1125 1640 1190 ἐξ
1673 1124 1827 1178 ἀπισ-

222 1232 356 1296 τίας,
387 1226 482 1279 οὐκ
513 1225 565 1288 ἐξ
585 1223 846 1298 ἀκριϐείας
877 1220 1262 1280 ἀντιτείνοντος.

299 1411 400 1460 Καὶ
430 1437 495 1445 —
541 1425 662 1477 μου.
712 1399 858 1456 Ἰδὼν
913 1402 966 1454 ἐν
1015 1407 1129 1461 ταῖς
1170 1403 1358 1472 χερσὶν
1388 1396 1550 1449 αὐτοῦ
1603 1398 1689 1447 τόν
1734 1397 1829 1445 τυ-

225 1516 319 1549 πον
366 1503 463 1546 τῶν
512 1494 666 1557 ἥλων,
710 1497 797 1544 καὶ
857 1496 947 1549 τὴν
994 1489 1216 1562 πλευρὰν
1288 1487 1448 1539 αὐτοῦ
1500 1488 1828 1556 νενυγμένην,

226 1586 420 1638 αὐτίκα
464 1583 758 1647 ἐπίστευσε,
826 1586 894 1654 μὴ
962 1579 1231 1651 ἀναμείνας
1279 1575 1618 1648 ψηλαφῆσαι.
1681 1574 1832 1634 Τινὲς

227 1673 287 1728 δέ
314 1695 469 1747 φασιν
516 1674 596 1726 ὅτι
619 1672 936 1744 ψηλαφήσας
965 1668 1196 1726 ἐϐόησεν.
1227 1666 1285 1719 Ὀ
1328 1669 1519 1738 Κύριός
1547 1683 1646 1736 μου
1676 1667 1766 1714 καὶ
1806 1662 1832 1713 ό

226 1771 358 1824 Θεός
378 1783 499 1837 μου.

301 1858 455 1926 Λέγει
519 1882 590 1891 —
662 1851 1054 1908 πιστεύσαντες.

221 1943 477 2004 Ἰωάννης,
524 1944 681 2013 μήπω
715 1935 912 2000 ἰδόντες
941 1936 1119 2005 αὐτόν,
1152 1937 1290 2008 ὅμως
1330 1933 1430 1986 ἀπὸ
1479 1940 1578 1985 τῶν
1621 1931 1832 1984 ὀθονίων

224 2039 314 2085 καὶ
365 2039 456 2084 τοῦ
517 2025 805 2102 σουδαρίου
873 2028 1186 2078 ἐπίστευσαν
1243 2026 1325 2076 ὅτι
1379 2023 1588 2079 ἀνέστη.
1645 2024 1746 2073 Καὶ
1786 2021 1835 2070 οἱ

223 2123 370 2176 ἄλλοι
424 2117 483 2173 δὲ
540 2120 773 2191 μαθηταὶ
829 2118 962 2188 μετὰ
1008 2121 1179 2180 τοῦτο,
1230 2120 1322 2166 τοῦ
1380 2117 1574 2187 Πέτρου
1633 2107 1836 2170 ἰδόντος

220 2213 382 2265 ,αὐτόν
436 2214 526 2262 καὶ
584 2206 976 2279 ἁναγγείλαντος
1035 2204 1234 2271 αὐτοῖς,
1283 2209 1441 2275 μήπω
1497 2197 1691 2261 ἰδόντες
1742 2197 1838 2250 αὗ-

225 2305 310 2353 τόν
359 2299 692 2352 ἐπίστευσαν.
747 2297 909 2370 Εὗρον
960 2297 1084 2367 γὰρ,
1144 2298 1301 2366 φησὶν
1356 2294 1382 2343 ό
1435 2295 1664 2358 Λουκᾶς,
1718 2307 1836 2340 συν-

225 2392 601 2465 ηθροισμένους
671 2390 788 2447 τοὺς
867 2380 1069 2453 ἕνδεκα,
1145 2387 1233 2434 καὶ
1313 2385 1429 2442 τοὺς
1501 2384 1594 2432 σὺν
1662 2377 1840 2438 αὐτοῖς

223 2480 465 2551 λέγοντας
529 2479 608 2528 ὅτι
669 2476 888 2550 Ἠγέρθη
956 2475 981 2524 ό
1064 2475 1248 2546 Κύριος
1296 2475 1473 2537 ὅντως,
1545 2473 1636 2521 καὶ
1693 2467 1837 2540 ὤφθη

225 2573 439 2642 Σίμωνι.

303 2659 428 2725 [Καὶ
469 2657 580 2726 (30)
622 2662 750 2719 πῶς,
799 2655 880 2706 ὅτε
928 2651 1083 2724 ἐφάνη
1139 2650 1335 2721 αὐτοῖς,
1386 2653 1544 2722 φησὶν
1604 2648 1630 2699 ὁ
1683 2644 1840 2705 αὐτὸς

223 2744 601 2815 εὐαγγελιστὴς
682 2745 759 2796 ὅτι
843 2743 1153 2800 Πτοηθέντες
1235 2744 1324 2791 καὶ
1401 2735 1616 2810 ἔμφοϐοι
1695 2737 1840 2807 γενό-

220 2853 391 2904 μενοι,
450 2829 664 2886 ἐδόκουν
727 2839 930 2903 πνεῦμα
992 2832 1215 2904 θεωρεῖν,
1278 2833 1368 2880 καὶ
1428 2829 1494 2878 τὰ
1546 2825 1701 2893 ἐξῆς;
1753 2829 1842 2876 καὶ

225 2925 307 2976 ὅτι
369 2921 485 2976 ’Ἐτι
543 2921 900 2975 ἀπιστούντων
955 2922 1123 2972 αὐτῶν
1183 2917 1286 2970 ἀπὸ
1366 2924 1454 2977 τῆς
1525 2921 1700 2988 χαρᾶς
1755 2925 1841 2972 καὶ

1270 3005 1457 3078 Ἔχετέ
1535 3024 1587 3057 τι
1699 3002 1842 3077 βρω-

1209 3101 1351 3149 Διότι
1385 3102 1554 3147 ταῦτα
1597 3097 1712 3146 τότε
1756 3112 1841 3145 πε-

225 3013 625 3086 θαυμαζόντων,
731 3009 866 3064 εἶπεν
974 3013 1152 3068 αὐτοῖς
1203 3025 1213 3035 ·

222 3123 388 3175 σιμον
443 3098 644 3165 ἐνθάδε,
705 3105 795 3152 καὶ
851 3103 916 3152 τὰ
957 3098 1160 3163 laurei;

1113 1846 1178 1898 "0
1238 1865 1290 1897 τε
1353 1846 1452 1920 γὰρ
1510 1847 1698 1915 Πέτρος
1747 1843 1906 1911 καὶΒ

1933 589 2092 645 enim
2118 586 2327 643 omnia
2365 583 2504 640 facit
2545 594 2917 654 quaecunque
2951 593 3021 633 eo
3073 575 3321 631 absente
3353 573 3587 629 fecerat.

2005 680 2173 732 Vers.
2219 677 2306 731 27.
2353 673 2574 730 Deinde
2616 703 2679 712 —-
2719 686 2928 726 meum.
2958 667 3108 722 Cum
3148 663 3299 721 nihil
3336 663 3593 719 Thomas

1934 769 2168 831 diceret,
2201 765 2487 832 anticipat
2515 778 2674 826 eum,
2726 759 3002 832 praebens
3032 772 3168 828 quae
3201 754 3300 809 ille
3345 752 3595 824 petierat

1935 875 2005 915 ac
2036 857 2360 912 ostendens
2404 851 2568 925 quod
2609 851 2788 906 etiam
2837 854 2977 904 tunc.
3023 860 3276 918 praesens
3317 841 3492 898 fuerit
3538 845 3594 894 et

1936 947 2205 1012 audierit,
2245 950 2537 1016 tanquam
2573 945 2743 1007 Deus,
2772 955 2908 995 cum
2938 937 3060 992 hac
3091 934 3190 990 ille
3212 931 3590 1005 loquebatur.

1937 1037 2244 1109 Siquidem
2271 1033 2500 1090 eisdem
2527 1045 2770 1104 quoque
2804 1044 2950 1083 usus
2973 1031 3060 1081 est
3089 1023 3306 1080 verbis.

2009 1127 2178 1182 Vers.
2219 1126 2307 1179 27.
2387 1124 2463 1178 El
2495 1152 2560 1162 —
2596 1119 2801 1192 ﬁdelis.
2881 1115 3230 1187 Indignatus
3277 1112 3391 1167 hoc
3428 1109 3593 1178 dicit,

1936 1215 2110 1289 quasi
2141 1231 2255 1269 non
2288 1229 2358 1270 ex
2391 1209 2710 1282 diligentia,
2753 1206 2862 1263 sed
2900 1221 2968 1262 ex
3004 1201 3409 1260 incredulitate
3453 1215 3596 1256 con-

1940 1305 2264 1363 tradixerit.

2009 1397 2282 1451 Vers.28.
2317 1393 2484 1448 Et—
2529 1405 2706 1446 meus.
2755 1387 2973 1442 Videns
3023 1384 3083 1440 in
3145 1379 3431 1439 manibus
3469 1379 3598 1450 ejus

1945 1483 2256 1555 vestigium
2274 1481 2599 1545 clavorum,
2629 1477 2858 1534 etlatus
2875 1475 3062 1548 ipsius
3084 1475 3381 1546 apertum,
3416 1468 3600 1525 conti-

1937 1591 2062 1631 nuo
2088 1571 2355 1637 credidit,
2398 1585 2519 1626 non
2563 1571 2918 1640 exspectans
2954 1564 3099 1619 dum
3150 1561 3598 1618 contrectasset.

2016 1845 2177 1899 Vers.
2212 1844 2299 1897 29.
2334 1841 2478 1896 Dicit
2507 1837 2982 1894 -—crediderunt.
3017 1832 3162 1889 Cum
3195 1829 3354 1886 enim
3393 1829 3600 1884 Petrus

1945 1941 2000 1990 et
2027 1934 2283 1988 Joannes
2301 1929 2571 1986 nondum
2604 1944 2742 1982 eum
2771 1924 3085 1985 vidissent,
3111 1916 3602 1975 alinteamin'rbus

1944 2029 2146 2080 tamen
2197 2037 2266 2076 ac
2319 2019 2558 2073 sudario
2613 2013 3000 2071 resurrexisse
3049 2008 3447 2066 crediderunt.
3489 2004 3603 2060 Alii

1944 2128 2186 2186 quoque
2217 2108 2510 2178 discipuli,
2545 2123 2680 2162 cum
2708 2101 3096 2176 postmodum
3121 2103 3320 2154 Petrus
3350 2111 3489 2151 eum
3518 2093 3608 2149 vi-

1944 2205 2153 2266 disset,
2181 2200 2414 2268 illisque
2445 2196 2862 2257 renuntiasset,
2896 2190 3162 2247 nondum
3195 2187 3461 2243 videntes
3482 2199 3605 2239 cre-

1946 2291 2239 2347 diderunt.
2255 2289 2635 2351 Invenerunt,
2666 2284 2858 2356 inquit
2875 2283 3084 2348 Lucas,
3109 2281 3483 2349 congregatos
3503 2289 3605 2329 un-

1947 2382 2131 2438 decim
2153 2386 2205 2436 et
2239 2395 2326 2435 eos
2351 2379 2454 2449 qui
2490 2392 2618 2432 cum
2648 2374 2766 2430 illis
2794 2378 2985 2434 erant,
3014 2369 3264 2424 dicentes
3293 2385 3306 2422 :
3333 2363 3602 2420 Surrexit

1947 2471 2224 2528 Dominus
2256 2484 2405 2534 vere,
2433 2473 2485 2524 et
2517 2467 2665 2522 visus
2695 2472 2775 2519 est
2803 2479 2840 2520 a
2882 2461 3111 2516 Simone
3132 2460 3173 2512 δ.

2022 2652 2092 2704 Et
2106 2646 2414 2721 quomodo
2430 2645 2572 2701 dicit
2587 2631 2746 2700 idem
2762 2638 3141 2709 evangelista,
3155 2634 3322 2709 quod
3341 2633 3486 2689 dum
3503 2646 3608 2704 ap-

1952 2740 2150 2814 paruit
2179 2739 2282 2808 eis,
2324 2733 2700 2804 eat-pavefacti
2733 2740 2786 2789 et
2826 2728 3137 2787 conterriti
3184 2722 3605 2784 existimabant

1951 2811 2229 2901 spiritum
2260 2842 2320 2883 se
2344 2826 2538 2880 videre
2558 2825 2601 2887 ⁷,
2633 2826 2913 2877 etcaetera
2942 2819 2970 2872 ‘?
2991 2823 3046 2872 et
3066 2815 3229 2889 quod
3259 2813 3460 2869 adhuc
3483 2811 3604 2870 illis

1951 2900 2445 2978 uonecredentibus
2459 2928 2576 2984 prie
2587 2910 2890 2982 gaudio,et
2902 2903 3323 2962 admirantibus
3333 2900 3488 2958 dixit
3501 2901 3603 2964 eis,

1950 3010 2186 3066 Habetis
2211 3008 2302 3062 hic
2333 3003 2563 3076 aliquid
2587 2999 2773 3057 edulii
2803 3001 2844 3062 ⁸,
2873 3002 2929 3053 et
2973 3001 3182 3051 caetera
3209 2993 3238 3048 ?
3276 2991 3426 3060 Quia
3471 2995 3611 3045 tunc

1951 3101 2081 3155 haec
2099 3097 2258 3170 passi
2281 3101 2576 3160 sunt,.non
2595 3090 2756 3163 quod
2773 3104 2910 3143 eum
2933 3082 3321 3141 resurrexisse
3352 3096 3468 3135 non
3491 3094 3614 3134 cre-

226 3194 504 3255 πόνθασιν,
563 3190 660 3242 οὐκ
713 3188 1053 3248 ἀπιστοῦντες
1111 3188 1188 3239 ὅτι
1255 3185 1465 3251 ἀνέστη,
1526 3182 1633 3235 ἀλλ’
1687 3181 1840 3255 ἀμφι-

1968 3165 2178 3252 ierent,
2212 3184 2312 3240 sed
2345 3181 2507 3254 quod
2532 3179 2888 3242 dubitarent,
2924 3179 3117 3229 utrum
3149 3171 3279 3243 ipse
3309 3172 3485 3233 esset,
3509 3165 3613 3239 qui

226 3281 500 3340 ϐάλλοντες
548 3279 591 3331 εἰ
622 3277 773 3339 αὐτός
801 3277 941 3330 ἐστιν
972 3278 996 3328 ό
1027 3281 1326 3349 φαινόμενος
1359 3274 1551 3340 αὐτοῖς,
1582 3275 1673 3324 καὶ
1700 3269 1844 3344 ἀκρι-

228 3367 648 3442 ϐολογούμενοι]

301 3456 812 3533 Συμπαραλαμϐάνει
843 3453 901 3509 δὲ
933 3458 957 3508 ό
987 3457 1323 3529 μακαρισμός
1367 3457 1456 3505 καὶ
1486 3456 1606 3514 τοὺς
1639 3447 1733 3504 διὰ
1755 3457 1848 3502 τοῦ

227 3553 576 3624 κηρύγματος
615 3549 970 3607 πιστεύοντας.
1016 3544 1176 3596 Ὀταν
1225 3540 1313 3595 οὖν
1346 3563 1427 3605 τις
1467 3543 1590 3615 λέγῃ
1620 3585 1631 3596 .
1665 3540 1847 3594 Μακά-

228 3661 337 3716 ριοι
369 3641 421 3692 οἱ
456 3637 570 3690 κατ’
619 3636 841 3698 ἐκείνους
892 3640 1012 3697 τοὺς
1062 3638 1277 3706 καιροὺς
1323 3637 1482 3698 ὄντες,
1515 3637 1604 3683 καὶ
1656 3627 1851 3689 ἰδόντες

225 3733 319 3782 τὸν
360 3730 614 3801 Χριστόν,
650 3725 876 3778 ἐννοείτω
908 3727 986 3778 ὅτι
1017 3726 1283 3797 Μακάριοι
1328 3724 1376 3775 οἱ
1412 3727 1483 3794 μὴ
1523 3718 1718 3782 ἰδόντες
1765 3714 1854 3773 καὶ

231 3821 633 3878 πιστεύσαντες.

300 3908 468 3963 Ἀλλὰ
494 3915 600 3968 πῶς
633 3913 785 3978 σῶμα
814 3905 1076 3976 ἄφθαρτον
1118 3905 1314 3964 τύπους
1355 3898 1468 3974 εἶχε
1496 3901 1727 3972 πληγῶν,
1763 3905 1851 3952 καὶ

229 3999 336 4071 ὀιφῇ
388 3999 684 4061 ursam“;
726 4001 845 4054 Πῶς
878 4011 890 4058 ;
930 3992 1219 4064 ’Υπερφυώς
1265 4011 1318 4043 τι
1348 3995 1437 4042 καὶ
1468 3991 1802 4062 οἰκονομικῶς
1840 4011 1850 4023 ·

230 4095 318 4141 καὶ
362 4090 468 4160 γὰρ
510 4090 599 4137 καὶ
653 4087 804 4156 ἔφαγε
860 4087 948 4135 καὶ
1001 4084 1112 4134 ἔπιε
1167 4083 1296 4154 πρὸς
1350 4079 1702 4154 πληροφορίαν
1751 4088 1850 4132 τῶν

230 4180 516 4250 μαθητῶν.

308 4265 488 4320 Πολλὰ
539 4294 606 4305 -
656 4266 846 4334 τούτῳ.
907 4264 984 4315 Τὰ
1035 4262 1166 4334 μετὰ
1221 4264 1314 4318 τὴν
1373 4258 1660 4311 ἀνάστασιν
1727 4261 1851 4311 πάν-

229 4377 337 4418 τως
367 4356 529 4426 λέγει.
562 4355 658 4406 Διὰ
687 4360 837 4404 τοῦτο
886 4355 986 4424 γὰρ
1029 4348 1163 4403 εἶπεν
1212 4352 1290 4402 ὅτι
1336 4348 1547 4402 ἐνώπιον
1600 4357 1699 4400 τῶν
1745 4369 1852 4420 μαε-

233 4449 414 4504 θητῶν
463 4443 644 4496 αὐτοῦ.
675 4441 876 4516 ιτὨσπερ
933 4444 1034 4514 γὰρ
1083 4443 1183 4513 πρὸ
1231 4447 1324 4500 τῆς
1363 4437 1694 4499 ἀναστάσεως
1748 4435 1850 4490 ἔδει

231 4535 405 4588 πολλὰ
443 4533 706 4605 γενέσθαι,
757 4534 840 4583 ἶνα
881 4532 1238 4582 πιστεύσωσιν
1287 4529 1366 4581 ὅτι
1413 4530 1533 4590 Υἱός
1581 4526 1720 4578 ἐστιν
1761 4535 1852 4580 τοῦ
1880 4568 1931 4624 .D

232 4631 376 4677 Θεοῦ
410 4640 426 4652 ο
462 4621 596 4674 οὕτω
626 4626 716 4673 καὶ
759 4623 889 4693 μετὰ
927 4625 1020 4678 τὴν
1052 4618 1361 4683 ἀνάστασιν,
1397 4618 1479 4670 ἵνα
1520 4616 1856 4692 πληροφορη-

235 4716 406 4766 θώσιν
440 4713 520 4762 ὅτι
553 4708 762 4768 ἀνέστη.

309 4889 381 4943 ’Ἦ
417 4893 510 4941 καὶ
545 4891 712 4950 κοινὸς
747 4889 775 4940 ό
806 4888 952 4958 λόγος
985 4891 1103 4960 περί
1146 4905 1199 4938 τε
1227 4894 1326 4938 τῶν
1358 4889 1456 4960 πρὸ
1497 4892 1587 4946 τῆς
1631 4883 1854 4937 ἀναστά-

236 5000 373 5042 σεως
405 4984 500 5032 καὶ
521 4983 646 5053 περὶ
677 4985 777 5030 τῶν
807 4979 937 5048 μετὰ
967 4981 1059 5035 τὴν
1079 4977 1391 5030 ἀνάστασιν.

308 5163 500 5212 Ταῦτα
538 5187 606 5195 -
655 5163 809 5209 Θεοῦ.
856 5154 932 5206 Οὐ
977 5157 1106 5226 πρὸς
1133 5151 1448 5225 φιλοτιμίαν,
1481 5156 1658 5224 φησιν,
1706 5151 1855 5225 ἐγρά-

1366 5334 1386 5367 ⁸
1409 5328 1554 5388 ibid.
1603 5332 1696 5386 41.

313 5341 335 5375 ⁸
366 5336 516 5392 Luc.
546 5350 702 5406 xxrv,
733 5334 820 5392 33.
937 5335 957 5368 ⁷
985 5331 1129 5390 ibid.
1162 5335 1249 5388 37.

1951 3277 2038 3334 eis
2063 3273 2385 3348 apparebat
2413 3291 2424 3330 :
2461 3287 2530 3326 ac
2556 3265 2895 3339 diligenlius
2930 3262 3396 3319 considerarent.

2026 3345 2483 3433 comprehendit
2526 3364 2724 3414 autem
2762 3353 3059 3412 beatitudo
3086 3353 3214 3406 haec
3245 3350 3422 3405 etiam
3455 3345 3611 3413 illos,

1955 3457 2057 3529 qui
2084 3471 2190 3528 per
2207 3451 2695 3526 praedicationem
2717 3446 2986 3502 credunt.
3009 3445 3151 3500 Cum
3183 3438 3485 3512 ergodicit
3513 3435 3615 3491 ali-

1959 3523 2103 3620 quis
2134 3561 2145 3598 :
2178 3523 2460 3613 Bieatiqui
2502 3535 2867 3609 temporibus
2905 3532 3021 3588 illis
3064 3531 3316 3592 fuerunt,
3349 3543 3418 3583 ac
3461 3523 3615 3582 Chri-

1961 3614 2118 3691 stum
2139 3632 2432 3687 viderunt.
2457 3626 2809 3695 consideret,
2826 3621 2990 3695 quod
3009 3619 3180 3676 Beati
3204 3617 3306 3690 qui
3325 3632 3437 3672 non
3461 3614 3616 3672 vide-

1962 3730 2097 3781 runt
2129 3729 2182 3780 et
2216 3719 2624 3777 crediderunt.

2034 3900 2145 3958 Sed
2179 3897 2487 3971 quomodo
2519 3910 2736 3965 corpus
2763 3887 3206 3960 ineorruptibile
3241 3882 3487 3954 vestigia
3518 3883 3617 3938 ba-

1957 3991 2140 4048 bebat
2167 3989 2502 4061 plagarum,
2540 3999 2609 4038 ac
2638 3980 2815 4038 tactui
2839 3977 3191 4048 subjacebat
3221 3974 3248 4029 ?
3272 3971 3620 4040 Quomodo?

1962 4060 2496 4152 Supernaturalitcr
2515 4079 2570 4128 et
2588 4068 3053 4142 dispensatorie;
3081 4063 3294 4120 edebat
3321 4060 3616 4134 siquidem

1959 4187 2030 4226 ac
2049 4150 2300 4226 bibebat
2327 4164 2402 4222 ad
2423 4163 2704 4234 majorem
2728 4155 3148 4229 discipulorum
3183 4150 3614 4207 certitudinem.

2030 4262 2188 4315 Vers.
2223 4257 2311 4312 30.
2344 4253 2531 4311 Multa
2559 4283 2626 4293 ——
2659 4251 2782 4306 hoc.
2823 4250 2900 4304 De
2931 4247 3024 4302 his
3055 4242 3303 4301 omnino
3329 4239 3617 4312 loquitur,

1959 4365 2095 4421 quae
2127 4352 2263 4419 post
2306 4340 2800 4401 resurrectionem
2849 4337 3003 4392 facta
3055 4337 3193 4388 sunt
3243 4349 3259 4386 :
3300 4333 3620 4402 propterea

1962 4452 2226 4508 namque
2255 4434 2426 4502 dixit,
2457 4433 2520 4488 in
2553 4435 2864 4498 conspectu
2895 4424 3326 4493 discipulorum
3353 4433 3614 4474 suorum.

1963 4506 2232 4593 Quemad
2243 4524 2487 4580 modum
2506 4521 2663 4577 enim
2692 4522 2828 4574 ante
2845 4512 3342 4572 resurrectionem
3363 4506 3622 4581 plurima

1961 4616 2085 4672 ﬁeri
2119 4613 2402 4687 oportuit,
2439 4616 2502 4667 ut.
2546 4609 2850 4666 crederent
2890 4620 3028 4660 eum
3080 4617 3211 4656 esse
3245 4598 3451 4656 Filium
3483 4595 3618 4652 Dei:

1963 4706 2045 4762 ita
2088 4686 2333 4776 etpost
2381 4698 2899 4760 resurrectionem,
2957 4698 3018 4748 ut
3073 4689 3354 4747 certiores
3412 4686 3625 4742 ﬁerent

1961 4794 2126 4868 quod
2163 4792 2596 4848 resurrexisset.

2034 4888 2148 4938 Aut
2171 4882 2348 4937 etiam
2375 4895 2572 4935 sermo
2589 4873 2918 4933 communis
2935 4875 3022 4927 est
3048 4887 3059 4925 :
3081 4876 3136 4925 et
3157 4867 3229 4924 de
3243 4866 3344 4922 .his
3370 4865 3623 4937 loquens

1963 4989 2100 5045 quae
2131 4977 2268 5028 ante
2301 4967 2810 5028 resurrectionem,
2843 4966 2900 5018 et
2927 4960 3002 5016 de
3031 4958 3125 5015 his
3153 4973 3288 5030 quae
3319 4958 3460 5028 post
3485 4967 3622 5008 eam

1964 5062 2116 5119 facta
2142 5064 2297 5116 sunt.

2035 5151 2200 5207 Vers.
2235 5149 2323 5205 3t.
2375 5151 2508 5204 Haec
2537 5179 2602 5186 —
2633 5145 2754 5201 Dei.
2810 5143 2960 5207 Non,
2994 5137 3202 5211 inquit,
3245 5133 3320 5192 ad
3353 5133 3603 5191 ambitio

1472 5535 1701 5606 Varias
1731 5536 2054 5604 lectiones
2080 5552 2147 5602 et
2178 5542 2377 5602 notae.

313 5739 436 5811 (28)
468 5735 709 5811 Inclusa
734 5734 949 5811 absunt
977 5737 1043 5790 Α.

311 5805 437 5881 (29)
472 5809 661 5864 Etiam
686 5807 816 5864 haec
841 5805 1061 5864 absunt
1090 5807 1164 5862 Α.

2028 5728 2417 5801 (am-Inclusa
2444 5727 2670 5786 absunt
2701 5731 2766 5783 Δ.
