4108 6386
517 371 651 428 1491

1864 368 2200 426 EUTHYMH
2238 367 2570 425 ZIGABENI

3761 371 3895 426 1492

513 515 651 556 nem
675 499 804 556 haec
818 499 1182 572 scripsimus,
1210 499 1292 556 ita
1313 499 1470 556 enim
1495 504 1548 556 et
1567 499 1682 555 alia
1701 499 2168 572 scripsissemus,

2298 495 2451 569 βαμεν
2483 518 2495 530 ·
2527 493 2555 556 ἧ
2587 499 2688 569 γὰρ
2731 494 2790 548 ἆν
2821 500 2910 548 καὶ
2953 494 3082 548 ἄλλα
3112 494 3430 570 ἐγράψαμεν,
3466 496 3661 550 πολλῶν
3715 501 3892 550 ὄντων’

513 605 652 646 cum
693 590 880 645 multa
910 595 1108 644 essent
1165 607 1176 644 :
1213 589 1316 645 sed
1359 589 1433 644 ad
1495 590 1681 646 solam
1735 588 2167 652 necessitatem,

512 684 579 735 ut
607 681 860 735 credatis
889 679 1054 752 quod
1085 679 1180 734 hic
1211 682 1383 734 Jesus
1416 686 1502 734 est
1535 681 1800 736 Christus
1836 679 2013 734 Filius
2045 677 2167 751 Dei,

511 769 670 842 quia
690 770 993 842 prophetis
1021 770 1410 824 annuntiatus
1442 774 1546 824 est.

584 859 746 914 Vers.
777 860 866 915 3t.
900 861 971 914 Et
1007 890 1067 898 —
1099 862 1244 925 eius.
1276 859 1397 913 Hoc
1429 865 1534 924 est,
1565 875 1668 930 per
1695 873 2016 925 eum,nam
2045 857 2170 928 ipse

510 949 633 1004 vita
680 948 1034 1018 est;vitam,
1082 949 1356 1021 inquam.
1405 949 1832 1021 sempiternam
1873 947 2165 1002 habeatis.

585 1040 726 1110 Cap.
769 1040 896 1094 XXI.
944 1038 1107 1091 Vers.
1152 1044 1196 1092 t.
1233 1041 1444 1095 Postea
1479 1071 1542 1080 —
1580 1037 1926 1092 Tiberiadis.
1970 1039 2169 1108 Neque

511 1126 668 1182 enim
702 1127 986 1182 continue
1033 1144 1160 1182 cum
1202 1127 1287 1182 eis
1326 1128 1698 1192 versabatur,
1744 1133 1807 1182 ut
1844 1126 2029 1198 prius,
2064 1124 2169 1180 sed

511 1230 618 1288 per
647 1221 988 1288 temporum
1029 1215 1337 1272 intervalla
1369 1216 1704 1272 accedebat.
1754 1215 1925 1281 Quod
1967 1219 2168 1270 autem

510 1304 744 1372 dicitur,
796 1307 1232 1375 Mani/estavit,
1284 1311 1340 1363 ct
1395 1306 1719 1376 Apparuit,
1766 1311 1822 1362 et
1877 1305 2038 1360 Visus
2085 1311 2167 1360 est

511 1410 582 1450 ac
640 1395 874 1460 similia,
931 1395 1258 1452 ostendunt
1315 1396 1479 1467 quod
1531 1397 1699 1466 juxta
1752 1400 2026 1451 naturam
2084 1395 2166 1449 in-

510 1484 1018 1555 corruptibilitatis
1077 1485 1360 1556 corporis,
1423 1484 1734 1541 invisibilis
1793 1489 1916 1540 erat
1969 1500 2165 1540 corru-

510 1572 814 1645 ptibilibus
859 1573 1046 1629 oculis
1095 1591 1108 1629 :
1157 1590 1365 1629 verum
1413 1573 1782 1629 demittendo
1823 1590 1887 1630 se
1936 1577 1992 1629 et
2044 1573 2169 1628 dis-

507 1662 846 1734 pensatorie
891 1663 1409 1719 manifestabatur.
1457 1665 1578 1718 Hoc
1619 1669 1822 1719 autem
1887 1679 2051 1718 mare
2105 1663 2166 1717 in

510 1752 754 1808 Galilaza
771 1757 895 1808 erat
919 1769 930 1819 ;
956 1753 1158 1809 animo
1177 1752 1468 1825 siquidem
1489 1759 1810 1826 resumpto,
1836 1769 1905 1809 eo
1924 1751 2167 1824 profecti

511 1846 668 1897 sunt.

580 1933 742 1986 Vers.
777 1932 828 1985 1.
857 1931 1267 2002 Manifestavit
1291 1939 1480 1989 autem
1509 1934 1611 1988 sie.
1631 1935 1699 1989 Ut
1730 1948 1886 1988 nunc
1907 1932 2167 1988 dicturus

513 2025 621 2076 est.

582 2108 740 2164 Vers.
763 2114 812 2164 ‘2.
838 2111 1028 2165 Erant
1054 2142 1117 2150 —
1140 2112 1302 2165 Vers.
1327 2116 1378 2167 3.
1410 2117 1619 2168 tecum.
1638 2114 1784 2167 Nam
1812 2128 1945 2166 cum
1972 2127 2167 2184 neque

508 2214 746 2270 semper
767 2216 904 2255 cum
926 2201 1009 2255 eis
1027 2207 1180 2256 esset
1202 2201 1489 2266 Salvator,
1519 2207 1581 2256 ut
1602 2201 1829 2256 dictum
1849 2207 1954 2267 est,
1974 2217 2167 2274 neque

507 2287 659 2343 alius
683 2288 754 2343 ad
767 2289 1023 2345 venisset
1046 2291 1612 2363 Paracletus,neque
1635 2291 1890 2362 perfecte
1913 2291 1996 2346 eis
2011 2308 2158 2346 com-

505 2377 685 2433 missa
700 2383 851 2434 esset
869 2380 1376 2450 preedicatio,cum
1391 2379 1536 2435 nihil
1553 2386 1706 2436 esset
1721 2381 1885 2452 quod
1901 2385 2164 2450 agerent,

504 2466 729 2539 reliquo
757 2472 1025 2540 tempore
1065 2470 1475 2542 piscabantur,
1526 2469 1779 2542 priorem
1828 2477 2168 2525 exercentes

508 2561 698 2612 artem
731 2574 1118 2630 :quanquam
1166 2575 1286 2613 non
1319 2575 1525 2614 amore
1552 2559 1696 2613 lucri
1751 2564 1813 2613 ut
1847 2559 2022 2628 prius.

581 2646 739 2701 Vers.
764 2651 815 2702 3.
843 2648 1134 2704 Exierunt
1165 2663 1305 2717 ergo
1333 2678 1395 2688 -—
1427 2650 1652 2703 statim.
1682 2650 1822 2713 Quae
1847 2647 1998 2704 Petri
2020 2652 2162 2714 erat,

511 2740 616 2790 aut
638 2734 898 2792 ﬁliorum
921 2737 1203 2802 Zebedaei,
1239 2742 1341 2793 aut
1362 2737 1616 2809 alicujus
1644 2753 1852 2793 eorum
1885 2753 2039 2810 quos
2059 2754 2168 2793 no-

511 2830 741 2880 verant.

591 2919 746 2972 Vers.
772 2921 801 2972 3
839 2917 914 2972 Et
962 2948 1029 2959 —
1071 2918 1246 2974 nihil.
1294 2917 1732 2991 Dispensatorie
1791 2917 1904 2973 hoc
1948 2917 2168 2974 factum

517 3010 624 3071 est,
652 3006 827 3061 veluti
859 3007 915 3061 in
959 3009 1344 3080 sequentibus
1387 3007 1677 3062 dicemus.
1728 3006 2055 3062 Verisimile
2087 3012 2174 3061 est

515 3099 737 3160 autem,
756 3095 900 3150 alios
913 3113 1156 3168 quoque
1169 3097 1491 3168 discipulos
1507 3097 1764 3155 terrestri
1779 3097 1982 3150 itinere
1994 3094 2173 3151 fuisse

2284 585 2410 638 ἀλλὰ
2454 590 2579 658 πρὸς
2630 592 2815 658 χρείαν
2864 591 3045 657 μόνην,
3100 588 3181 637 ἵνα
3209 590 3528 644 πιστεύσητε
3560 590 3641 640 ὅτι
3689 586 3898 648 Ἰησοῦς

2283 676 2431 736 οὗτός
2464 675 2603 728 ἐστιν
2632 678 2922 748 ὁΧριστὸς,
2956 677 2981 727 ὁ
3011 678 3131 738 Υἱός
3160 684 3251 728 τοῦ
3283 683 3436 741 Θεοῦ,
3471 677 3496 727 ὁ
3518 678 3620 729 ὑπὸ
3646 685 3746 728 τῶν
3772 696 3897 744 προ·

2283 774 2454 837 φητῶν
2484 765 2977 837 καταγγελλόμενος.

2363 861 2463 909 Καὶ
2495 855 2674 907 αὐτοῦ.
2699 860 2950 907 Τουτέστι
2980 855 3092 927 (3t)
3123 851 3197 906 δι’
3219 855 3379 907 αὐτοῦ
3405 877 3416 888 ·
3453 854 3608 916 αὐτὸς
3631 857 3724 928 γὰρ
3754 853 3894 906 ἐστιν

2281 947 2309 1003 ἡ
2348 947 2453 1006 ζωή
2493 965 2506 979 ο
2541 945 2680 1005 ζωὴν
2705 941 2762 997 δὲ
2788 947 2950 1016 ἔχητε
2978 949 3070 1002 τὴν
3099 945 3326 1000 αἰώνιον,

2354 1037 2496 1088 Μετὰ
2538 1043 2706 1086 ταῦτα
2753 1065 2820 1073 -
2857 1029 3188 1106 Τιϐεριάδος.
3242 1033 3316 1085 Ού
3365 1037 3466 1105 γὰρ
3511 1030 3688 1086 διόλου
3732 1042 3893 1092 συνῆν

2281 1128 2474 1191 αὐτοῖς,
2531 1126 2598 1186 ὡς
2647 1127 2704 1176 τὸ
2756 1128 3025 1196 πρότερον,
3083 1122 3189 1174 ἀλλ’
3242 1122 3296 1175 ἐκ
3355 1120 3724 1195 διαλείμματος
3781 1122 3891 1176 ἐπε-

2281 1211 2459 1286 δήμει.
2529 1217 2599 1266 Τὸ
2676 1210 2734 1265 δὲ
2796 1206 3115 1284 Ἐφανέρωσε
3173 1212 3309 1283 (32),
3381 1217 3468 1264 καὶ
3544 1214 3734 1284 Ἐφάνη
3803 1219 3895 1265 καὶ

2278 1306 2451 1376 Ὤνρθη
2507 1307 2595 1354 καὶ
2653 1304 2720 1354 τὰ
2768 1309 2988 1354 τοιαῦτα
3034 1303 3409 1374 ὑποφαίνουσιν
3465 1303 3544 1354 ὅτι
3597 1305 3731 1354 κατὰ
3776 1305 3894 1373 (33)

2278 1398 2372 1449 τήν
2423 1395 2578 1465 φύσιν
2625 1401 2719 1453 τῆς
2767 1390 3066 1464 ἀφθαρσίας
3122 1399 3212 1443 τοῦ
3273 1397 3513 1464 σώματος
3571 1391 3772 1464 ἀφανὴς
3831 1388 3895 1450 ἦν

2279 1484 2526 1554 φθαρτοῖς
2558 1481 2838 1553 ὀφθαλμοῖς
2876 1501 2886 1512 ·
2925 1479 3396 1552 συγκαταϐατικῶς
3427 1477 3486 1533 δὲ
3516 1486 3604 1534 καὶ
3635 1481 3897 1552 οἰκονομι-

2278 1581 2382 1633 κῶς
2403 1571 2726 1645 ἐφανεροῦτο.
2759 1569 2815 1622 Ἠ
2853 1569 3092 1622 θάλασσα
3119 1567 3178 1623 δὲ
3204 1571 3336 1628 αὕτη
3361 1569 3409 1622 ἐν
3431 1579 3492 1643 τῇ
3525 1570 3774 1643 Γαλιλαίᾳ
3808 1567 3894 1629 ἦν.

2281 1661 2764 1736 Ἀναθαρρῆσαντες
2787 1662 2888 1732 γὰρ
2924 1659 3154 1719 ἀπῆλθον
3185 1660 3308 1714 ἐκεῖ.

2352 1931 2668 2005 Ἐφανέρωσε
2697 1926 2754 1982 δὲ
2785 1928 2964 1989 οὕτως.
2993 1927 3081 1990 Ὠς
3112 1928 3233 2002 ἐρεῖ.

2347 2110 2516 2163 Ἦσαν
2575 2141 2638 2151 -
2700 2111 2792 2162 σύν
2849 2128 2952 2162 σοι.
3012 2115 3158 2168 Μὴτε
3191 2111 3293 2182 γὰρ
3346 2118 3436 2161 τοῦ
3485 2117 3724 2183 Σωτῆρος
3775 2104 3897 2160 διό-

2278 2201 2366 2252 λου
2437 2204 2679 2261 συνόντος
2737 2199 2934 2265 αὐτοῖς,
2994 2202 3063 2260 ὡς
3113 2201 3332 2274 εἴρηται,
3393 2204 3524 2271 μήτε
3577 2207 3667 2251 τοῦ
3736 2198 3895 2250 ἄλλου

2282 2290 2626 2365 Παρακλήτου
2678 2289 2919 2352 ἐλθόντος,
2983 2293 3114 2361 μήτε
3161 2296 3250 2340 τοῦ
3309 2292 3643 2364 κηρύγματος
3688 2286 3900 2350 ἐντελῶς

2279 2379 2696 2452 ἐγχειρισθέντος
2725 2379 2921 2441 αὐτοῖς,
2965 2375 3117 2430 οὐδὲν
3167 2381 3377 2450 ἔχοντες
3407 2380 3669 2453 πράττειν,
3719 2377 3898 2429 λοιπόν

2279 2470 2501 2538 ἡλίευον,
2545 2474 2638 2526 τὴν
2669 2472 2920 2542 προτέραν
2951 2471 3322 2543 μετερχόμενοι
3369 2471 3582 2540 τέχνην,
3630 2467 3674 2519 εἰ
3700 2471 3791 2517 καὶ
3823 2469 3895 2537 μὴ

2282 2555 2598 2632 φιλοκερδῶς
2631 2560 2695 2617 ὡς
2727 2561 2782 2609 τό
2810 2561 2951 2632 πρίν.

2352 2647 2592 2710 Ἐξῆλθον
2617 2643 2703 2699 οὖν
2740 2678 2791 2687 -
2823 2647 2998 2708 εὐθύς,
3041 2646 3128 2706 Εἰς
3154 2648 3211 2697 τὸ
3242 2653 3333 2698 τοῦ
3367 2648 3583 2717 Πέτρου,
3632 2645 3680 2716 [ἦ
3715 2647 3770 2697 τό
3799 2652 3905 2695 τῶν

2281 2739 2392 2808 (34)
2427 2740 2550 2789 υἱῶν
2581 2733 2883 2802 Ζεϐεδαίου,
2918 2741 2946 2795 ἦ
2982 2755 3115 2796 τινος
3144 2744 3244 2787 τῶν
3270 2733 3590 2808 γνωρίμων.]

2358 2922 2456 2970 Καὶ
2491 2914 2662 2970 οὐδέν.
2702 2948 2759 2956 -
2781 2915 2906 2968 Κατ’
2939 2915 3256 2987 οἰκονομίαν,
3283 2917 3350 2974 ὡς
3374 2913 3584 2989 ἐροῦμεν
3608 2917 3898 2986 προϊόντες.

2285 3007 2431 3066 Εἰκὸς
2463 3002 2521 3058 δὲ
2551 3011 2639 3058 καὶ
2668 3009 2788 3065 τοὺς
2813 3004 2992 3064 οὒιλους
3033 3006 3294 3076 μαθητὰς,
3345 3006 3408 3063 ὡς
3455 3005 3479 3054 ὁ
3515 3006 3903 3076 Χρυσόστομος

2286 3096 2400 3166 (35)
2429 3099 2648 3166 εἴρηκεν,
2686 3095 2780 3157 ἔξω
2811 3095 2924 3165 (36)
2955 3093 3270 3160 ἀκολουθεῖν,
3310 3095 3470 3166 χάριν
3496 3111 3546 3144 τε
3568 3090 3778 3162 ἀγάπης
3807 3097 3901 3143 καὶ

515 3191 772 3250 secutos,
795 3184 944 3240 sicut
968 3186 1046 3241 ait
1073 3186 1557 3258 Chrysostomus,
1588 3185 1813 3241 amoris
1843 3186 2054 3256 gratia,
2088 3191 2168 3239 ut-

2298 3189 2401 3248 9έας
2442 3190 2533 3243 τὴν
2578 3184 2778 3256 σχολὴν
2829 3179 2880 3236 εὖ
2924 3181 3327 3256 διατιθεμένους,
3390 3186 3480 3234 καὶ
3530 3177 3900 3234 συνδιανυκτε-

511 3289 630 3345 que
655 3279 1018 3347 spectatores
1040 3281 1260 3339 essent,
1284 3291 1352 3330 ac
1373 3275 1557 3346 probe
1580 3275 1767 3330 otium
1789 3274 2168 3341 collocarent,

511 3369 568 3418 et
594 3363 770 3419 simul
805 3380 944 3419 cum
975 3364 1059 3419 eis
1092 3369 1523 3435 pernoctarent.

584 3453 744 3508 Vers.
769 3457 817 3509 4.
835 3454 1015 3511 Mane
1035 3485 1100 3495 —-
1120 3462 1281 3511 esset.
1304 3453 1782 3526 Fortassis,quod
1808 3453 2168 3526 splendidio-

507 3541 558 3597 ri
572 3549 886 3616 appareret
904 3544 1116 3615 specie,
1132 3550 1373 3618 propter
1390 3543 1920 3609 immortalitatem,
1936 3550 2037 3600 aut
2055 3544 2171 3598 dis-

506 3635 847 3705 pensatorie
878 3635 955 3688 ab
989 3634 1072 3688 eis
1103 3635 1380 3703 cognitus
1408 3650 1528 3688 non
1561 3640 1666 3688 est.

581 3722 744 3777 Vers.
775 3724 826 3777 5.
861 3723 1008 3778 Dicit
1036 3755 1102 3763 —
1124 3723 1351 3779 habetis
1375 3724 1402 3776 ?
1452 3719 1672 3788 amita,
1719 3723 1776 3776 id
1809 3727 1912 3786 est,
1952 3738 2170 3794 pueros

511 3811 642 3868 illos
675 3812 900 3867 vocavit
925 3812 1097 3882 juxta
1127 3812 1636 3867 consuetudinem.
1672 3812 1842 3868 Moris
1872 3811 2167 3884 siquidem

512 3900 728 3956 eratita
741 3901 1046 3972 operarios
1060 3900 1883 3973 appellare,propterillorum
1906 3902 2170 3957 roburac

512 3989 920 4046 strenuitatem
947 3991 1021 4046 ad
1049 3991 1287 4046 labores
1318 4030 1330 4043 .
1359 3991 1638 4063 Loquitur
1669 3995 1866 4046 autem
1898 4007 2034 4045 cum
2064 4007 2168 4059 eis,

512 4080 687 4152 quasi
710 4079 910 4134 volens
943 4079 1162 4152 aliquid
1185 4081 1256 4135 ab
1279 4082 1360 4134 eis
1380 4097 1596 4135 emere.

589 4170 744 4224 Vers.
771 4175 822 4225 5.
855 4170 1407 4240 Responderunt.—-—
1431 4171 1594 4225 Vers.
1623 4171 1676 4223 6.
1695 4169 2021 4225 invenietis.
2057 4171 2171 4225 Nec

511 4257 1148 4334 adhuccognoverunt
1178 4275 1315 4314 eum
1346 4275 1495 4323 esse,
1527 4259 1693 4331 quod
1725 4264 1920 4313 tamen
1955 4274 2058 4314 eos
2089 4259 2172 4312 in-

511 4346 766 4419 telligere
789 4349 1070 4420 oportuit.
1094 4350 1245 4404 Nam
1264 4349 1571 4420 quomodo
1593 4348 1852 4417 vulgaris
1872 4347 2054 4403 homo
2069 4353 2171 4402 aut

511 4437 715 4493 socius
748 4438 806 4493 id
847 4453 1024 4494 nosse
1056 4437 1364 4510 potuisset,
1409 4438 1572 4510 quod
1609 4437 1899 4507 jacientes
1933 4437 1992 4492 in
2032 4437 2172 4492 dex-

2281 3279 2446 3351 ρεύειν
2479 3274 2674 3336 αὐτοῖς.

2355 3461 2557 3525 Πρωῖας
2595 3485 2658 3492 -
2687 3451 2844 3504 ἐστιν.
2878 3450 3034 3510 Ἴσως
3065 3458 3156 3502 τοῦ
3189 3445 3363 3510 εἴδους
3401 3448 3562 3502 αὐτοῦ
3601 3449 3902 3523 λαμπροτέ-

2280 3563 2373 3616 ρου
2402 3546 2705 3614 φαινομένου
2751 3538 2845 3594 διὰ
2886 3546 2980 3599 τὴν
3027 3539 3343 3614 ἀφθαρσίαν,
3376 3542 3406 3596 ἦ
3454 3539 3565 3590 κατ’
3599 3538 3899 3610 οἰκονομίαν

2283 3633 2627 3704 ἀγνοουμένου
2661 3631 2854 3692 αὐτοῖς.

2355 3726 2503 3792 Λέγει
2587 3752 2655 3761 —
2728 3722 2910 3791 ἔχετε;
2970 3716 3168 3771 Παιδία
3248 3719 3467 3779 τούτους
3525 3715 3751 3782 ἐκάλεσε,
3830 3725 3894 3790 τῇ

2284 3813 2532 3881 συνηθείᾳ
2601 3811 2954 3882 χρησάμενος.
3023 3809 3178 3869 Ἐθος
3232 3810 3334 3881 γὰρ
3405 3809 3520 3867 τοὺς
3587 3804 3901 3878 ἐργατικοὺς

2281 3901 2438 3960 οὕτως
2469 3899 2738 3971 ὀνομάζειν
2770 3897 2862 3951 διὰ
2911 3901 2969 3950 τό
3000 3902 3129 3971 πρὸς
3160 3901 3282 3958 τοὺς
3333 3900 3520 3957 πόνους
3567 3893 3790 3968 ἀκμαῖον
3842 3916 3901 3949 τε

2279 3994 2370 4041 καὶ
2409 3993 2638 4041 νεανικόν
2685 3989 2875 4042 αὐτῶν.
2928 3987 3225 4058 Διαλέγεται
3272 3983 3330 4038 δὲ
3379 3985 3571 4054 αὐτοῖς,
3621 3988 3686 4046 ὡς
3742 3984 3899 4038 θέλων

2282 4077 2440 4138 δῆθεν
2469 4079 2591 4153 παρ’
2625 4079 2792 4131 αὐτῶν
2833 4079 3078 4130 ὠνεῖσθαί
3105 4096 3176 4131 τι.

2355 4170 2741 4244 Ἀπεκρίθησαν
2797 4200 2862 4208 -
2896 4169 3158 4241 εύρῆσετε,
3216 4170 3315 4220 Καὶ
3355 4167 3499 4217 οὔπω
3541 4172 3770 4222 συνῆκαν
3816 4167 3900 4216 ὃτι

2283 4258 2434 4318 αὐτὸς
2479 4257 2638 4310 ἐστιν.
2699 4258 2898 4328 Ἐχρῆν
2931 4253 2990 4308 δὲ
3037 4259 3284 4307 συνιέναι.
3327 4261 3442 4314 Πῶς
3470 4255 3569 4327 γὰρ
3611 4253 3670 4304 ἂν
3723 4258 3900 4316 κοινός

2283 4348 2550 4421 ἄνθρωπος
2581 4344 2744 4405 εἰδείη
2796 4349 2876 4399 ὅτι
2919 4344 3186 4417 βάλλοντες
3227 4345 3300 4404 εἰς
3352 4347 3417 4397 τὰ
3449 4340 3597 4406 δεξιὰ
3635 4346 3765 4415 μέρη
3804 4350 3900 4393 τοῦ

2284 4437 2465 4490 πλοίου
2489 4439 2778 4512 εὑρήσουσι
2803 4453 2815 4502 ;
2847 4435 3035 4495 Ῥητῶς
3068 4430 3125 4486 δὲ
3159 4433 3224 4494 εἰς
3241 4437 3306 4486 τὰ
3335 4430 3482 4496 δεξιά
3514 4431 3690 4506 βαλεῖν
3718 4430 3898 4484 ἐπέτα-

507 4531 695 4582 teram
745 4527 971 4597 navigii
1002 4533 1248 4598 partem,
1283 4527 1574 4582 inventuri
1607 4527 1851 4582 essent?
1885 4529 2168 4598 Expresse

2298 4528 2383 4591 ξεν,
2415 4529 2498 4578 ἶνα
2525 4532 2596 4599 μὴ
2627 4529 2760 4578 κατά
2790 4528 2962 4596 τύχην
2994 4526 3023 4582 ἡ
3059 4525 3198 4598 ἄγρα
3229 4520 3380 4595 δόξῃ.

505 4621 708 4672 autem
731 4619 805 4672 ad
824 4617 1130 4672 dexteram
1140 4617 1337 4688 jacere
1356 4617 1736 4689 praecepitme
1757 4615 1994 4672 fortuita
2013 4616 2108 4671 vid
2119 4633 2171 4671 e-

500 4710 662 4761 retur
681 4712 950 4777 captura.
1561 4777 1564 4780 γ

582 4795 741 4851 Vers.
767 4801 820 4851 6.
842 4795 1118 4852 Jecerunt
1142 4795 1357 4866 itaque.
1383 4794 1730 4867 Simpliciter
1752 4795 2168 4867 obtemperan-

507 4889 626 4939 tes:
660 4889 761 4940 aut
781 4885 1067 4952 arbitrati,
1093 4883 1266 4953 signo
1283 4886 1568 4957 quapiam
1587 4885 1752 4940 illum
1778 4900 1955 4940 nosse
1978 4887 2169 4956 pisces

513 4971 745 5045 aliquos
771 4974 851 5030 ibi
875 4981 1100 5039 natare,
1143 4975 1200 5045 (τ
1241 4980 1345 5030 aut
1390 4975 1568 5030 etiam
1617 4974 1831 5030 vidisse
1870 4974 2171 5030 exsultan-

508 5063 638 5135 tes).

2355 4793 2514 4846 Ἐϐαλ
2544 4813 2596 4846 ον
2628 4790 2736 4846 οὖν.
2800 4791 3021 4866 [Ἀπλῶς
3078 4793 3191 4858 (36)
3241 4791 3652 4859 ὑπακούσαντες,
3713 4792 3743 4846 ῆ
3805 4793 3897 4840 καὶ

2282 4885 2698 4944 ὑποπτεύσαντες
2777 4883 2932 4934 αὐτὸν
3009 4885 3272 4954 τεκμηρίῳ
3339 4885 3441 4932 τινὶ
3505 4883 3695 4950 γνῶναί
3752 4897 3902 4939 τινας

2286 4973 2478 5043 ἰχθύας
2511 4972 2614 5025 ἐκεῖ
2643 4969 3080 5044 διανηχομένους,
3122 4973 3152 5028 ῆ
3213 4969 3323 5040 (38)
3373 4974 3463 5022 καὶ
3519 4965 3647 5021 ἰδεῖν
3698 4966 3902 5024 ἀναπη-

2277 5059 2592 5135 δήσαντας.)

1737 5267 1958 5336 Varia:
1991 5267 2318 5335 lectiones
2368 5276 2433 5334 et
2472 5277 2673 5334 notae.

582 5440 694 5512 (3t)
719 5442 850 5496 Haec
881 5440 1071 5498 codex
1097 5441 1142 5495 A
1169 5441 1252 5498 ita
1281 5439 1578 5497 contrahit
1603 5456 1614 5494 :
1651 5436 1723 5492 δι’
1752 5438 1911 5490 αὐτοῦ
1940 5435 1999 5492 δέ
2020 5435 2169 5491 δίδο-

511 5531 598 5564 ται
622 5517 713 5564 καὶ
746 5517 853 5572 ςωὴ
884 5513 1111 5574 αἰώνιος.

735 5584 1061 5658 Ἐφανερώθη
1106 5592 1168 5638 Α.

579 5655 696 5724 (33)
722 5655 828 5712 Τήν
855 5655 1027 5711 abest
1052 5659 1118 5709 A.

583 5725 698 5797 (34)
732 5727 978 5782 Omissis
1005 5742 1143 5797 quae
1173 5725 1269 5781 hic
1313 5726 1541 5783 inclusa
1588 5728 1749 5790 sunt,
1791 5739 1988 5780 eorum
2037 5725 2170 5782 loco

514 5800 750 5853 tantum
776 5797 958 5856 habet
994 5797 1170 5852 πλοῖον
1211 5802 1280 5853 Α.

2380 5442 2472 5506 35)
2506 5437 2568 5493 T.
2602 5437 2744 5500 Vlll,
2775 5451 2836 5509 p.
2873 5439 2965 5492 521
3004 5439 3068 5491 A.

2379 5510 2466 5578 36)
2495 5509 2716 5572 Ἐξωθεν
2746 5515 2802 5565 Β.

2353 5580 2463 5650 (⁷37)
2491 5581 2727 5636 Inclusa
2757 5580 2976 5650 absunt
3005 5581 3069 5650 Α..

2354 5646 2468 5724 (38)
2519 5652 2607 5708 Ab
2651 5655 2682 5709 ἦ
2741 5654 2817 5707 ad
2855 5646 3298 5711 ἀναπηδήσαντας
3357 5646 3638 5704 omiserat
3688 5646 3898 5702 Hente-

2283 5741 2437 5781 mus.
