4108 6420
226 347 366 407 ’1493
1375 339 1744 402 COMMENT.
1787 339 1848 398 ΙΝ

1978 334 2248 399 ΑΝΝΕΜ.
2292 373 2357 383 -
2398 337 2556 400 CAP.
2598 337 2749 402 ΧΧΙ.
3463 341 3600 401 1494

299 479 401 528 Καὶ
429 475 524 527 οὐκ
553 477 625 527 ἔτι
654 505 722 513 —
751 472 972 544 ἱχόύων.
1028 473 1271 530 Ἀπόντος
1324 472 1412 541 μὲν
1449 477 1539 522 τοῦ
1571 477 1826 542 Σωτῆρος,
1858 469 1902 522 Α

2014 468 2172 524 Vers.
2209 472 2253 524 6.
2276 469 2355 524 Et
2376 469 2506 539 jam
2527 485 2645 525 non
2667 501 2735 510 —
2753 469 3026 541 piscium.
3062 469 3318 525 Absente
3348 470 3595 543 quidem

226 561 376 618 οὐδὲν
408 564 651 632 ἐπίασαν,
693 568 947 636 παρόντος
993 559 1072 626 δὲ,
1119 560 1312 620 πλῆθος
1370 559 1721 625 συνέκλεισαν,
1749 562 1830 611 ἵνα

1977 558 2242 614 alvatere
2273 559 2417 613 nihil
2450 565 2754 630 ceperunt,
2779 564 3076 632 praesente
3107 576 3244 614 vero
3278 561 3599 617 multitudi-

225 662 421 727 γνῶμεν
454 655 533 705 ὅτι
557 658 726 727 χωρὶς
778 655 866 724 μὲν
913 653 1073 702 αὑτοῦ
1124 646 1273 701 οὐδὲν
1307 648 1555 719 ὠφέλιμον
1590 646 1827 720 ἀνυομεν,

1972 663 2076 702 .em
2108 647 2546 713 concluserunt,
2581 655 2642 704 ut
2671 664 3112 717 cognoscamus
3141 650 3307 720 quod
3344 651 3468 704 sine
3495 650 3594 706 illo

231 747 324 795 σὺν
356 743 496 814 αὐτῷ
529 739 606 807 δε,
635 741 821 797 πολλοὶ.
883 745 993 814 Χρὴ
1030 744 1200 791 τοίνυν
1253 745 1365 798 ταῖς
1396 737 1618 798 ἐντολαῖς
1665 739 1829 788 αὑτοῦ

1984 734 2261 806 ihilquod
2281 737 2415 790 utile
2443 736 2532 807 sit,
2566 737 2935 808 perﬁcimus:
2967 753 3103 793 cum
3126 753 3197 792 eo
3214 742 3440 804 autem,
3469 739 3599 810 plu-

228 834 562 905 πειθομένους
598 840 768 885 πονεῑν
788 836 878 883 καὶ
909 829 1116 903 βάλλειν
1143 828 1213 890 εἰς
1244 831 1310 880 τὰ
1341 825 1487 890 δεξιά
1509 846 1520 857 ⁸
1555 835 1707 880 τουτο
1728 830 1826 900 γὰρ

1977 823 2112 879 ima.
2139 825 2537 894 Oportetergo
2566 831 2626 880 ut
2654 827 2961 897 praeceptis
2986 827 3114 897 ejus
3139 826 3482 882 obedientes
3518 827 3599 883 la-

229 925 284 974 τό
301 927 455 994 μέρος
485 921 764 974 ἐπαινετόν.

1981 928 2241 980 oremus,
2265 920 2321 968 et
2346 914 2423 969 ad
2447 913 2752 969 dexteram
2771 914 3071 984 jaciamus
3100 931 3115 981 ;
3141 932 3283 971 nam
3311 915 3437 972 haec
3459 932 3600 988 pars

1938 1002 2099 1058 laudi
2123 1003 2319 1058 datur.

307 1099 570 1172 [Ζητησον
600 1099 718 1170 (39)
748 1103 838 1150 καὶ
881 1096 928 1148 ἐν
989 1105 1059 1167 τῷ
1108 1092 1364 1166 ἑνδεκάτῳ
1421 1093 1680 1166 κεφαλαίῳ
1738 1101 1828 1146 τοῦ

2010 1093 2214 1155 Quaere
2249 1099 2449 1146 autem
2490 1096 2546 1148 et
2579 1093 2894 1148 undecimo
2919 1093 3093 1164 juxta
3125 1097 3342 1151 Lucam
3380 1096 3597 1168 capite.

231 1193 365 1241 κατά
427 1195 631 1242 Λουκᾶν
697 1193 755 1241 τό
801 1208 812 1220 ·
872 1187 1097 1258 Ὁμοίως
1146 1182 1204 1238 δὲ
1282 1190 1374 1236 καὶ
1434 1183 1675 1236 Ἰάκωϐον
1738 1188 1828 1234 καὶ

1985 1181 2098 1235 uod
2114 1181 2332 1235 dicitur
2347 1199 2362 1236 :
2378 1181 2668 1238 Similiter
2679 1189 2874 1239 autem
2888 1191 2939 1240 et
2952 1185 3239 1240 Jacobum
3256 1184 3597 1242 etJoannem

230 1280 494 1343 Ἰωάννην,
568 1281 710 1340 υἱοὺς
776 1273 1080 1343 Ζεϐεδαίου,
1137 1276 1184 1327 οἱ
1251 1271 1386 1332 ἦσαν
1453 1278 1689 1325 κοινωνοὶ
1754 1282 1827 1344 τῷ

1975 1270 2092 1326 ltios
2121 1270 2404 1336 Zebedaei,
2437 1271 2542 1342 qui
2562 1279 2731 1327 erant
2752 1273 2898 1328 socii
2920 1272 3176 1330 Simonis
3209 1276 3253 1343 9,
3287 1279 3343 1331 et
3368 1279 3597 1344 caetera,

231 1373 440 1440 Σίμωνι,
471 1373 560 1420 καὶ
585 1370 652 1419 τὰ
676 1367 809 1437 ἑξῆς,
831 1371 922 1418 xui.
948 1364 1208 1436 ἀνάγνωθι
1233 1368 1326 1422 τὴν
1358 1362 1608 1434 ἐξήγησιν
1637 1363 1825 1417 αὐτῶν.

1980 1375 2009 1414 c
2035 1359 2261 1414 illorum
2293 1359 2421 1432 lege
2452 1363 2911 1417 enarrationem.
2946 1363 3218 1419 Invenies
3261 1363 3424 1421 enim
3455 1381 3602 1421 ana-

230 1460 483 1532 Εὐρησεις
510 1459 612 1531 γὰρ
644 1456 939 1528 ἀναγωγὴν,
972 1457 1107 1507 πάνυ
1133 1461 1242 1514 τοῖς
1272 1461 1529 1525 παροῦσιν
1573 1453 1830 1528 ἁρμόζου-

1662 1454 1830 1514 ιόςου-
1940 1449 2154 1518 gogica
2185 1449 2579 1522 praesentibus
2618 1451 2952 1506 admodum
2994 1467 3284 1522 congrua.

233 1567 348 1601 σαν.
381 1546 403 1620 ]

301 1639 453 1707 Λέγει
479 1667 545 1677 -
577 1635 715 1691 ἐστι.
760 1642 937 1688 Ταῦτα
983 1639 1147 1694 συνεὶς
1185 1633 1285 1685 ἀπὸ
1315 1641 1408 1694 τῆς
1435 1633 1707 1704 εὐτυχίας,
1742 1638 1831 1686 καὶ

2011 1627 2172 1683 Vers.
2202 1631 2254 1682 7.
2288 1629 2440 1685 Dicit
2482 1661 2548 1668 —
2587 1638 2686 1687 est.
2720 1631 2766 1684 A
2789 1647 3074 1704 prospero
3105 1631 3165 1688 id
3193 1637 3408 1688 eventu
3435 1633 3601 1690 intel-

229 1733 320 1778 τοῦ
353 1725 750 1796 συγκεκλεῖσθαι
783 1724 894 1796 (40)
932 1728 1050 1785 τοὺς
1093 1723 1302 1794 ἰχθᾶας,
1330 1725 1502 1794 ὥσπερ
1537 1721 1588 1785 ἐξ
1618 1723 1830 1794 ἐπιτάγ-

1987 1733 2152 1788 gens,
2173 1723 2229 1774 et
2256 1719 2417 1790 quod
2449 1724 2734 1792 tanquam
2761 1735 2834 1775 ex
2859 1721 3016 1776 illius
3031 1721 3209 1792 jussu
3228 1722 3493 1778 conclusi
3515 1739 3604 1780 es-

231 1835 412 1888 ματος.

1867 1829 1905 1882 Β
1943 1813 2076 1863 sent
2101 1807 2315 1880 pisces.

302 1908 468 1976 Σίμων
495 1935 564 1944 —
610 1903 896 1957 θάλασσαν.
933 1907 1361 1975 Διορατικώτερος
1392 1905 1479 1974 μὲν
1511 1904 1536 1954 ό
1594 1903 1831 1963 Ἰωάννης

2010 1898 2238 1954 Vers.7.
2261 1897 2462 1954 Simon
2491 1930 2553 1939 —
2575 1914 2758 1956 mare.
2787 1900 3184 1971 Perspicacior
3198 1901 3442 1974 quidem
3472 1908 3600 1960 erat

238 1998 508 2067 περιουσία
553 1995 922 2068 καθαρότητος,
966 1994 1268 2065 θερμότερος
1317 1988 1375 2044 δὲ
1423 1993 1447 2042 ό
1482 1995 1673 2065 Πέτρος
1704 2011 1832 2065 σφο-

1971 2002 2198 2042 oannes
2222 1987 2636 2056 magnitudine
2659 1988 2950 2061 puritatis.
2973 1992 3172 2046 Petrus
3195 2007 3334 2046 vero
3364 1992 3588 2048 ferven-

233 2080 455 2156 δρότητι
486 2083 719 2156 φίλτρου.
773 2087 858 2135 Διὸ
885 2085 1131 2154 γνωρίζει
1178 2084 1266 2153 μὲν
1309 2081 1462 2133 αὐτόν
1494 2083 1519 2132 ό
1570 2084 1827 2148 Ἰωάννης,

1987 2093 2052 2131 or
2075 2076 2447 2132 vehementia
2467 2077 2689 2132 amoris
2715 2095 2726 2132 :
2748 2079 2882 2134 ideo
2905 2079 3176 2149 agnoscit
3197 2080 3443 2152 quidem
3463 2097 3601 2137 eum

231 2176 328 2241 πρὸ
356 2179 449 2224 τοῦ
485 2177 678 2246 Πέτρου
709 2192 720 2204 ’
756 2172 912 2234 ἔξεισι
940 2169 998 2223 δὲ
1049 2176 1181 2244 πρὸς
1210 2171 1366 2222 αὐτὸν
1421 2172 1445 2221 ὁ
1506 2176 1698 2244 Πέτρος
1726 2175 1828 2244 πρὸ

1973 2181 2200 2221 oannes
2230 2174 2365 2222 ante
2397 2170 2648 2232 Petrum,
2678 2168 2782 2222 sed
2804 2169 3103 2237 egreditur
3133 2169 3209 2224 ad
3240 2187 3368 2225 eum
3394 2173 3595 2225 Petrus

232 2263 597 2315 τοῡῚωάννου.
628 2261 885 2321 Ἀκούσας
921 2264 1021 2334 γὰρ
1071 2264 1222 2333 μόνον
1281 2263 1360 2311 ότι
1400 2262 1424 2311 ό
1469 2264 1653 2335 Κύριός
1695 2264 1827 2329 ἐστι,

1979 2256 2403 2312 nteJoannem.
2427 2256 2531 2312 Ubi
2554 2258 2714 2312 enim
2735 2257 2929 2312 solum
2948 2258 3233 2327 audisset,
3259 2276 3386 2314 esse
3401 2260 3596 2316 Domi-

230 2352 400 2423 ῥίπτει
421 2355 487 2404 τὰ
517 2350 564 2403 ἐν
589 2358 778 2426 χερσὶν
801 2354 1005 2415 εὔθέως,
1038 2355 1218 2422 καὶμὴ
1251 2349 1525 2420 ἀναμείνας
1559 2358 1626 2420 τῷ
1653 2351 1831 2403 πλοια-

1987 2362 2108 2410 um,
2137 2347 2593 2419 confestimquae
2610 2345 2672 2401 in
2691 2347 2973 2402 manibus
2995 2353 3186 2415 erant,
3216 2348 3473 2420 projicit,
3497 2365 3605 2405 nec

229 2445 323 2513 ρίῳ
349 2440 585 2508 ἐξελθεῖν,
624 2440 803 2513 βάλλει
859 2440 1038 2492 ἑαυτὸν
1072 2440 1140 2501 εἰς
1173 2444 1267 2497 τὴν
1321 2439 1588 2492 θάλασσαν
1641 2437 1733 2492 διὰ
1771 2445 1828 2492 τό

1986 2435 2240 2490 ustinens
2265 2440 2328 2490 ut
2353 2437 2592 2506 navigio
2611 2437 2825 2492 adeum
2857 2437 3348 2508 perveniret,sese
3369 2439 3428 2494 in
3441 2454 3608 2496 mare

229 2531 394 2602 τάχος
422 2539 519 2591 τῆς
548 2529 862 2594 ἐξελεύσεως.

1934 2523 2079 2593 jacit
2103 2541 2224 2596 quo
2247 2526 2416 2580 citius
2449 2525 2773 2581 accederet.

297 2622 396 2675 Τὸν
425 2617 708 2678 ἐπενδύτην
738 2617 795 2672 δε
824 2623 1072 2691 χιτώνιόν
1101 2624 1151 2671 τὶ
1183 2637 1338 2690 φασιν
1372 2619 1482 2690 (41)
1538 2615 1828 2692 ἀχειρίδω-

2013 2611 2326 2673 Ἐπενδύτην
2357 2621 2555 2670 autem
2585 2623 2710 2686 (pro
2734 2632 2856 2687 quo
2874 2623 3134 2673 tumcum
3157 2618 3470 2689 vertimus)
3493 2633 3596 2674 vo-

229 2728 312 2762 τον
341 2711 479 2784 ἄχρι
507 2712 734 2782 γονάτων
786 2709 1130 2782 περιστέλλον.
1169 2711 1381 2768 inanes;
1438 2705 1496 2760 δὲ
1538 2716 1689 2759 τοῦτο
1720 2715 1828 2767 τοῖς

1981 2710 2080 2758 ant
2104 2704 2430 2761 tuniculam
2449 2722 2637 2777 quam
2654 2705 2839 2762 duam
2863 2708 3110 2764 manicis
3129 2715 3449 2774 carentem,
3469 2725 3603 2781 quae

232 2798 657 2866 θαλαττεύουσιν,
689 2798 990 2856 εὐκινησίαν
1030 2799 1140 2870 οἶμα
1169 2803 1258 2849 καὶ
1293 2797 1701 2869 εὐσχημοσύνην
1729 2796 1828 2848 αὐ-

1979 2808 2153 2863 orpus
2182 2794 2259 2848 ad
2281 2810 2479 2864 genua
2503 2811 2692 2866 usque
2706 2802 2982 2866 contegat
3011 2814 3024 2862 ;
3049 2801 3105 2853 et
3123 2798 3236 2853 hac
3256 2799 3601 2883 utebantur,

229 2895 334 2948 τοῖς
374 2890 520 2962 παρὰ
552 2897 624 2959 τῷ
654 2885 814 2940 ὕδατι
838 2890 1279 2962 περιποιούμενον.
1313 2891 1511 2958 Γυμνός
1540 2889 1628 2956 μὲν
1660 2883 1746 2937 οὖν
1770 2883 1830 2943 ἦν

1956 2883 2036 2954 iui
2052 2883 2109 2937 in
2126 2884 2275 2937 mari
2290 2884 2610 2953 degebant.
2629 2888 2777 2940 Nam
2793 2885 2971 2941 simul
2989 2894 3043 2942 et
3063 2887 3389 2957 agilitatem
3407 2891 3491 2943 eis
3509 2887 3578 2943 tri

229 2985 322 3039 τῆς
350 2977 513 3039 ἄλλης
542 2978 725 3038 στολῆς
755 2977 935 3042 αὐτοῦ,
969 2984 1146 3029 τοῦτον
1179 2973 1236 3029 δὲ
1282 2983 1434 3049 μόνον
1485 2975 1567 3027 ἐπὶ
1608 2983 1698 3028 τοῦ
1733 2981 1833 3027 σὼ-

1979 2973 2185 3035 γυειωι,
2210 2979 2266 3028 et
2286 2973 2438 3028 inter
2459 2990 2639 3045 aquas
2657 2981 2936 3030 ornatum
2956 2975 3082 3047 (ee).
3109 2979 3242 3031 Erat
3258 2978 3478 3048 quippe
3495 2994 3601 3033 nu-

230 3087 392 3138 ματος
422 3064 692 3121 ἐνεδέδυτο
751 3068 988 3128 ἄζωστον
1024 3085 1036 3096 ο
1071 3065 1276 3129 ἀνάξιον
1333 3069 1431 3140 γὰρ
1493 3062 1621 3117 εἶναι
1675 3065 1830 3117 αὐτόν

1977 3078 2056 3116 ηιιε
2113 3062 2229 3118 alia
2259 3079 2469 3118 carens
2512 3069 2716 3131 veste;
2761 3081 2899 3120 nam
2942 3065 3057 3121 hac
3084 3066 3212 3121 sola
3269 3067 3346 3122 ad
3377 3083 3599 3138 corpus

232 3157 399 3215 πάντη
434 3160 630 3229 γυμνόν
664 3153 758 3208 διὰ
777 3162 870 3214 τὴν
899 3155 1304 3228 ἀσχημοσύνην.
1356 3157 1606 3216 Egon-uta
1640 3151 1698 3206 ὃε
1730 3155 1828 3206 αὐ-

1990 3149 2235 3207 iscincta
2265 3151 2506 3206 indutus
2521 3159 2645 3209 erat
2669 3170 2681 3217 ;
2705 3169 2897 3226 neque
2911 3155 3069 3210 enim
3093 3155 3510 3221 conveniebat,
3540 3161 3603 3213 ut

234 3247 318 3296 τόν
349 3243 607 3298 αἰὸοἰτοῦ
650 3253 864 3320 Κυρίου.

1987 3240 2192 3295 mnino
2221 3241 2421 3295 nudus
2435 3247 2844 3313 essetpropter
2872 3244 3338 3315 turpitudidem;
3365 3244 3603 3300 succin-

1947 3329 2025 3384 xit
2052 3336 2251 3384 autem
2283 3330 2468 3396 illam,
2501 3331 2735 3402 pudore
2771 3332 3025 3387 Domini.

305 3428 370 3478 Oi
401 3423 461 3478 δὲ
492 3425 638 3477 ἄλλοι
660 3456 728 3465 -—
757 3424 976 3496 ἰχθύων.
1011 3423 1200 3476 Ἦλθον
1232 3423 1555 3497 ἐφελκόμενοι
1594 3427 1715 3486 τοὺς
1743 3425 1837 3476 σύ-

2020 3421 2178 3474 Vers.
2211 3423 2261 3474 8.
2298 3419 2502 3477 Caeteri
2532 3436 2668 3477 vero
2701 3453 2768 3461 —
2791 3424 3064 3490 piscium.
3098 3425 3397 3480 Venerunt
3423 3428 3600 3480 attra-

236 3532 416 3586 ροντας
450 3519 507 3566 τό
537 3511 748 3566 δίκτυον
776 3519 1048 3585 σχοίνους.

1947 3509 2148 3565 hendo
2177 3509 2363 3575 funes,
2399 3510 2622 3583 quibus
2665 3517 2783 3567 rete
2815 3513 3177 3568 trahebatur.

300 3604 384 3665 Ὦς
416 3636 484 3644 -
511 3605 684 3678 ἄρτον.
717 3607 786 3656 Τὸ
818 3607 906 3675 μὲν
949 3603 1165 3677 ὀψάριον
1196 3610 1258 3675 τῇ
1307 3601 1557 3677 ἀνθρακίᾳ
1584 3601 1840 3676 ἐπικείμε-

2021 3601 2184 3654 Vers.
2213 3599 2266 3651 9.
2301 3600 2368 3656 Ut
2391 3631 2453 3641 —
2481 3616 2712 3670 panem.
2737 3602 2961 3657 Piscem
2995 3604 3240 3675 quidem
3269 3603 3475 3675 prunis
3505 3620 3601 3659 su-

235 3700 336 3759 νόν,
369 3698 456 3745 τόν
489 3690 548 3745 δὲ
573 3695 728 3766 ἄρτον
753 3691 870 3764 ἰδίᾳ
898 3696 1289 3766 παρακείμενον,
1326 3692 1377 3755 ἐξ
1407 3697 1500 3744 οὐκ
1532 3697 1686 3745 ὄντων
1713 3694 1841 3744 πάν-

1987 3691 2339 3762 erpositum,
2364 3705 2581 3762 panem
2604 3707 2738 3746 vero
2771 3708 3041 3747 seorsum
3065 3692 3366 3764 positum:
3403 3694 3609 3766 utique

238 3801 300 3834 τα
317 3784 525 3844 πάντως
563 3786 892 3858 παρηγμένα,
926 3784 1008 3834 ἵνα
1055 3781 1325 3834 κάντεῦθεν
1373 3779 1516 3855 δείξη
1551 3787 1642 3840 την
1675 3779 1840 3834 δύνα-

1978 3779 2244 3835 ιτοάιιοιθ.
2291 3796 2362 3834 ex
2395 3780 2484 3834 his
2525 3796 2661 3852 quas
2693 3797 2813 3835 non
2846 3786 3012 3836 erant
3041 3799 3054 3834 :
3093 3787 3153 3837 ut
3177 3781 3317 3837 hinc
3356 3799 3600 3856 quoque

239 3892 320 3942 μιν
361 3873 545 3934 αὐτοῦ,
578 3877 668 3924 καὶ
702 3875 1057 3933 πεπονηκότας
1087 3872 1275 3933 αὐτοὺς
1303 3869 1567 3930 ἀνακτήση
1580 3891 1664 3924 ται
1692 3871 1841 3944 φιλο-

1989 3885 2123 3922 nam
2154 3868 2431 3924 ostendat
2461 3869 2812 3939 potentiam,
2844 3887 2911 3926 ac
2946 3870 3235 3928 benevole
3268 3888 3367 3927 eos
3401 3887 3506 3943 per
3532 3873 3611 3928 ci-

243 3966 474 4035 στόργως
502 3957 594 4013 διὰ
624 3969 785 4035 τροφῆ
797 3981 839 4021 ς.

1949 3957 2090 4013 bum
2132 3975 2168 4012 a
2195 3957 2396 4013 labore
2424 3958 2723 4014 refocillet.

310 4055 463 4122 Λέγει
517 4081 584 4090 ——
629 4057 736 4104 νῦν.
790 4049 873 4110 Ὡς
910 4046 1062 4111 εἰδὼς
1117 4050 1197 4101 ὅτι
1249 4047 1469 4101 ἐπίασαν
1513 4049 1666 4120 λέγει.
1740 4055 1841 4102 Καὶ

2023 4049 2186 4102 Vers.
2223 4049 2307 4103 10.
2339 4048 2439 4102 Ait
2462 4080 2526 4089 —
2557 4065 2732 4105 nunc.
2763 4051 2971 4121 Utpote
3003 4048 3219 4115 sciens,
3249 4050 3416 4122 quod
3449 4067 3609 4106 com-

239 4141 336 4212 ’γὰρ
393 4145 483 4192 καὶ
536 4143 657 4211 πρὶν
707 4142 776 4200 ὡς
826 4135 974 4200 εἰδὼς
1031 4141 1111 4190 ὅτι
1169 4140 1452 4190 πιάσουσιν
1484 4135 1838 4190 εἶπε⁹Βάλετε

1995 4136 2428 4192 rehendissent.
2450 4138 2600 4193 Nam
2619 4142 2675 4194 et
2691 4140 2876 4210 prius,
2903 4144 3193 4210 tanquam
3213 4139 3402 4194 sciens
3422 4140 3612 4212 ,quod

241 4226 310 4288 εἰς
370 4232 438 4281 τὰ
503 4225 652 4291 δεξιὰ
724 4231 852 4300 μέρη
925 4236 1015 4280 τοῦ
1075 4227 1256 4280 πλοίου
1347 4231 1404 4280 τό
1455 4224 1689 4291 δίκτυον,
1748 4231 1838 4279 καὶ

1988 4227 2680 4297 omprehensuriessent.
2699 4228 2926 4283 dixerat
2958 4244 2970 4282 :
3001 4229 3192 4284 Jacite
3216 4228 3276 4282 in
3303 4229 3610 4286 dexteram

242 4315 504 4390 εὑρήσετε,
556 4322 645 4369 καὶ
675 4316 758 4368 ἳνα
789 4322 857 4389 μὴ
888 4321 1152 4388 φαντασία
1197 4312 1326 4389 δόξῃ
1379 4319 1437 4368 τό
1487 4323 1727 4388 πρᾶγμα,
1751 4320 1841 4368 καὶ

1987 4324 2178 4372 artem
2195 4317 2480 4386 navigiiet
2493 4317 2818 4373 invenietis.
2831 4317 2893 4372 Et
2907 4335 2977 4372 ne
2990 4318 3436 4390 phantasticum
3455 4319 3609 4375 vide-

242 4404 375 4468 ὅπως
404 4404 602 4468 ἰδόντες
629 4411 714 4458 xui
749 4410 804 4458 τό
833 4406 1030 4468 πλῆθος
1058 4411 1144 4458 xui
1179 4408 1235 4458 τό
1259 4407 1472 4477 μέγεθος
1505 4414 1602 4457 τῶν
1639 4405 1839 4477 ἰχθύων

1987 4409 2110 4458 etur
2132 4406 2460 4474 negotium,
2485 4413 2662 4479 utque
2689 4407 2958 4463 videntes
2990 4405 3245 4479 piscium
3281 4406 3609 4463 multitudi-

243 4498 329 4546 καὶ
367 4499 424 4547 τό
468 4503 579 4557 πῶς
634 4495 727 4546 οὐκ
776 4493 1010 4568 ἐσχίσθη
1092 4499 1150 4547 τὸ
1218 4492 1455 4560 δίκτυον,
1522 4495 1841 4566 θαυμάσωσι

1994 4508 2108 4564 em,
2131 4509 2201 4548 ac
2227 4495 2701 4562 magnitudinem
2726 4501 2781 4550 et
2803 4497 3106 4568 quomodo
3135 4512 3256 4553 non
3288 4497 3611 4553 essetscis-

244 4583 406 4637 πλέον.
1873 4582 1916 4595 ν
1951 4597 2084 4636 sum
2112 4586 2254 4646 rete,
2288 4582 2481 4653 magis
2513 4585 2686 4640 etiam
2720 4585 3178 4642 admirarentur.

313 4673 492 4734 Ἀνέϐη
541 4678 707 4747 Σίμων
746 4679 956 4749 Πέτρος.
1005 4674 1234 4748 [Ἀνέϐη
1292 4675 1406 4746 (42)
1457 4673 1527 4736 εἰς
1553 4677 1610 4725 τὸ
1641 4672 1838 4738 πλοῖον,

2021 4671 2183 4726 Vers.
2217 4673 2304 4728 11.
2354 4673 2630 4728 Ascendit
2677 4674 2866 4730 Simon
2911 4676 3148 4732 Petrus.
3210 4674 3494 4731 Ascendit
3549 4673 3611 4730 in

243 4761 305 4821 ὡς
352 4760 727 4839 ἐμπειρότερος,
789 4764 1041 4837 ἑπομένων
1091 4765 1232 4836 αὐτῷ
1298 4770 1387 4817 καὶ
1453 4763 1614 4816 ἄλλων
1687 4759 1841 4820 δηλο-

1995 4759 2175 4825 avim,
2190 4765 2479 4834 tanquam
2495 4761 2638 4817 artis
2653 4763 2913 4834 peritior.
2934 4764 3326 4836 sequentibus
3341 4763 3617 4824 videlicet

244 4850 394 4924 νότι.]

1951 4865 2091 4905 eum
2124 4851 2305 4907 etiam
2338 4851 2583 4906 caeteris.

318 4945 416 4994 Kui.
445 4943 648 4996 εἵλκυσε
703 4974 770 4984 —
835 4951 1009 5016 τριῶν,
1059 4949 1194 4997 Φασί
1244 4963 1378 5006 τινες
1429 4939 1522 4996 διὰ
1570 4949 1669 4993 τῶν
1726 4940 1840 4993 ἐκα-

2021 4940 2189 4996 Vers.
2228 4945 2311 4996 11.
2347 4941 2424 4997 Ει
2454 4941 2649 4997 traxit
2676 4973 2744 4982 -
2775 4941 2986 4998 tribus.
3019 4944 3232 5000 Dicunt
3261 4942 3468 5018 aliqui,
3504 4958 3611 5016 per

244 5029 330 5080 τὸν
372 5034 463 5103 μὲν
515 5029 914 5092 ὑποδηλοῦσθαι
969 5037 1092 5096 τοὺς
1138 5033 1193 5097 ἐξ
1250 5032 1404 5086 ἐθνῶν
1451 5033 1841 5105 σαγηνευθησο-

1989 5034 2186 5087 entum
2211 5031 2458 5105 quidem
2473 5047 2576 5088 eos
2595 5031 2916 5103 designari,
2936 5032 3041 5106 qui
3058 5049 3132 5089 ex
3154 5033 3434 5106 gentibus
3452 5033 3611 5108 sagi-

317 5175 336 5212 ⁹
380 5176 514 5235 Luc.
556 5194 614 5245 v,
652 5181 736 5234 1ο.

1495 5273 1722 5344 Variae
1752 5275 2084 5344 lectiones
2117 5284 2182 5342 et
2224 5283 2424 5342 notae.

319 5445 432 5504 (39)
459 5442 694 5503 Inclusa
719 5443 945 5504 absunt
984 5450 1044 5502 A.

323 5446 408 5500 {39
459 5446 694 5503 Inclusa
719 5446 945 5504 absunt
984 5450 1044 5502 A.

323 5446 432 5588 (4-οζ
464 5519 812 5590 Συγκλεῖσθαι
844 5526 904 5572 Α.
1177 5587 1190 5590 _
1338 5588 1346 5590 Α
1668 5585 1682 5590 Δ
1702 5588 1718 5590 _
1795 5589 1802 5590 ί

565 5447 694 5503 lusa
719 5446 945 5504 absunt
984 5450 1044 5502 A.

571 5519 812 5572 κλεῖσθαι
844 5526 904 5572 Α.
1177 5587 1190 5590 _
1338 5588 1346 5590 Α
1668 5585 1718 5590 ‘_
1795 5589 1802 5590 ί
1965 5533 2028 5590 p.
2049 5520 2187 5590 77H.

321 5585 430 5660 (41)
453 5585 638 5648 Habet
669 5592 827 5648 hanc
860 5606 1065 5648 vocem
1091 5587 1305 5646 Galeus
1333 5588 1396 5646 in
1421 5602 1628 5662 opusc.
1665 5585 1848 5661 Myth.

1138 5587 1305 5646 alens
1333 5588 1396 5646 in
1421 5602 1628 5662 opusc.
1665 5585 1848 5661 Myth.
1966 5585 1986 5590 “
2037 5589 2150 5662 (42)
2184 5588 2423 5647 Inclusa
2449 5587 2668 5647 absunt
2698 5595 2760 5646 Α.

247 5743 253 5750 ’
322 5760 426 5845 (ee)
469 5770 781 5829 Ornatam.
813 5769 1027 5843 Decus,
1062 5764 1418 5828 decentiam.
