  <div class='ocr_page' id='page_1' title='image "/cluster/home/n/w/nwhite01/storage/ocr_20150623/129/coo.31924054870344/757.png"; bbox 0 0 4108 6392; ppageno 0'>
   <div class='ocr_carea' id='block_1_1' title="bbox 526 334 660 393">
    <p class='ocr_par' dir='ltr' id='par_1_1' title="bbox 526 334 660 393">
     <span class='ocr_line' id='line_1_1' title="bbox 526 334 660 393; baseline 0 -1"><span class='ocrx_word' id='word_1_1' title='bbox 526 334 660 393; x_wconf 76' lang='grc'><strong>1495</strong></span> 
     </span>
    </p>
   </div>
   <div class='ocr_carea' id='block_1_2' title="bbox 1824 326 2551 391">
    <p class='ocr_par' dir='ltr' id='par_1_2' title="bbox 1824 326 2551 391">
     <span class='ocr_line' id='line_1_2' title="bbox 1824 326 2551 391; baseline -0.001 -2"><span class='ocrx_word' id='word_1_2' title='bbox 1824 328 2179 391; x_wconf 82' lang='lat' dir='ltr'><strong>EUTHYMH</strong></span> <span class='ocrx_word' id='word_1_3' title='bbox 2219 326 2551 390; x_wconf 70' lang='lat' dir='ltr'><strong>ZIGABENI</strong></span> 
     </span>
    </p>
   </div>
   <div class='ocr_carea' id='block_1_3' title="bbox 3761 334 3905 396">
    <p class='ocr_par' dir='ltr' id='par_1_3' title="bbox 3761 334 3905 396">
     <span class='ocr_line' id='line_1_3' title="bbox 3761 334 3905 396; baseline 0.014 -1"><span class='ocrx_word' id='word_1_4' title='bbox 3761 334 3905 396; x_wconf 67' lang='grc'><strong>1496</strong></span> 
     </span>
    </p>
   </div>
   <div class='ocr_carea' id='block_1_4' title="bbox 520 455 2173 534">
    <p class='ocr_par' dir='ltr' id='par_1_4' title="bbox 520 460 2173 534">
     <span class='ocr_line' id='line_1_4' title="bbox 520 460 2173 534; baseline -0.003 -14"><span class='ocrx_word' id='word_1_5' title='bbox 520 463 702 520; x_wconf 82' lang='lat' dir='ltr'><strong>nandi</strong></span> <span class='ocrx_word' id='word_1_6' title='bbox 734 468 902 519; x_wconf 92' lang='lat' dir='ltr'><strong>erant</strong></span> <span class='ocrx_word' id='word_1_7' title='bbox 932 462 944 513; x_wconf 90' lang='lat'><strong>!</strong></span> <span class='ocrx_word' id='word_1_8' title='bbox 970 476 1076 534; x_wconf 90' lang='lat' dir='ltr'><strong>per</strong></span> <span class='ocrx_word' id='word_1_9' title='bbox 1103 460 1543 533; x_wconf 83' lang='lat' dir='ltr'><strong>quinquaginta</strong></span> <span class='ocrx_word' id='word_1_10' title='bbox 1570 465 1795 528; x_wconf 90' lang='lat' dir='ltr'><strong>autem,</strong></span> <span class='ocrx_word' id='word_1_11' title='bbox 1828 476 1929 517; x_wconf 93' lang='lat' dir='ltr'><strong>eos</strong></span> <span class='ocrx_word' id='word_1_12' title='bbox 1961 460 2063 533; x_wconf 85' lang='lat' dir='ltr'><strong>qui</strong></span> <span class='ocrx_word' id='word_1_13' title='bbox 2103 460 2173 515; x_wconf 92' lang='lat' dir='ltr'><strong>de</strong></span> 
     </span>
    </p>
   </div>
   <div class='ocr_carea' id='block_1_5' title="bbox 2290 455 3897 534">
    <p class='ocr_par' dir='ltr' id='par_1_5' title="bbox 2290 455 3897 532">
     <span class='ocr_line' id='line_1_5' title="bbox 2290 455 3897 532; baseline 0.004 -21"><span class='ocrx_word' id='word_1_14' title='bbox 2290 463 2495 532; x_wconf 79' lang='grc' dir='ltr'>μένους,</span> <span class='ocrx_word' id='word_1_15' title='bbox 2555 455 2649 512; x_wconf 78' lang='grc' dir='ltr'><strong>διὰ</strong></span> <span class='ocrx_word' id='word_1_16' title='bbox 2696 467 2797 512; x_wconf 81' lang='grc' dir='ltr'>τῶν</span> <span class='ocrx_word' id='word_1_17' title='bbox 2850 466 3163 519; x_wconf 80' lang='grc' dir='ltr'>πεντήκοντα</span> <span class='ocrx_word' id='word_1_18' title='bbox 3216 459 3277 515; x_wconf 61' lang='grc' dir='ltr'><strong>δὲ</strong></span> <span class='ocrx_word' id='word_1_19' title='bbox 3317 468 3438 526; x_wconf 75' lang='grc' dir='ltr'>τοὺς</span> <span class='ocrx_word' id='word_1_20' title='bbox 3480 463 3532 527; x_wconf 81' lang='grc' dir='ltr'><em>ἐξ</em></span> <span class='ocrx_word' id='word_1_21' title='bbox 3575 461 3853 518; x_wconf 70' lang='grc' dir='ltr'>Ἰουδαίων</span> <span class='ocrx_word' id='word_1_22' title='bbox 3884 483 3897 496; x_wconf 89' lang='grc'><strong>·</strong></span> 
     </span>
    </p>
   </div>
   <div class='ocr_carea' id='block_1_6' title="bbox 520 550 2179 625">
    <p class='ocr_par' dir='ltr' id='par_1_6' title="bbox 520 550 2179 625">
     <span class='ocr_line' id='line_1_6' title="bbox 520 550 2179 625; baseline -0.002 -16"><span class='ocrx_word' id='word_1_23' title='bbox 520 552 991 625; x_wconf 77' lang='lat' dir='ltr'><strong>Judaeis;plures</strong></span> <span class='ocrx_word' id='word_1_24' title='bbox 1006 550 1298 623; x_wconf 82' lang='lat' dir='ltr'><strong>siquidem</strong></span> <span class='ocrx_word' id='word_1_25' title='bbox 1315 568 1379 605; x_wconf 85' lang='lat' dir='ltr'><strong>ex</strong></span> <span class='ocrx_word' id='word_1_26' title='bbox 1400 550 1677 619; x_wconf 80' lang='lat' dir='ltr'><strong>gentibus</strong></span> <span class='ocrx_word' id='word_1_27' title='bbox 1708 551 1981 606; x_wconf 85' lang='lat' dir='ltr'><strong>credituri</strong></span> <span class='ocrx_word' id='word_1_28' title='bbox 2010 555 2179 605; x_wconf 89' lang='lat' dir='ltr'><strong>erant</strong></span> 
     </span>
    </p>
   </div>
   <div class='ocr_carea' id='block_1_7' title="bbox 519 640 2175 715">
    <p class='ocr_par' dir='ltr' id='par_1_7' title="bbox 519 640 2175 715">
     <span class='ocr_line' id='line_1_7' title="bbox 519 640 2175 715; baseline -0.002 -16"><span class='ocrx_word' id='word_1_29' title='bbox 519 659 706 715; x_wconf 89' lang='lat' dir='ltr'><strong>quam</strong></span> <span class='ocrx_word' id='word_1_30' title='bbox 730 659 799 697; x_wconf 83' lang='lat' dir='ltr'><strong>ex</strong></span> <span class='ocrx_word' id='word_1_31' title='bbox 819 642 1031 697; x_wconf 71' lang='lat' dir='ltr'><strong>Iudaeis</strong></span> <span class='ocrx_word' id='word_1_32' title='bbox 1056 657 1068 706; x_wconf 91' lang='lat'>;</span> <span class='ocrx_word' id='word_1_33' title='bbox 1094 656 1200 711; x_wconf 91' lang='lat' dir='ltr'><strong>per</strong></span> <span class='ocrx_word' id='word_1_34' title='bbox 1222 646 1335 695; x_wconf 91' lang='lat' dir='ltr'><strong>tres</strong></span> <span class='ocrx_word' id='word_1_35' title='bbox 1352 656 1514 705; x_wconf 86' lang='lat' dir='ltr'><strong>vero,</strong></span> <span class='ocrx_word' id='word_1_36' title='bbox 1533 647 1797 697; x_wconf 86' lang='lat' dir='ltr'><strong>sanctam</strong></span> <span class='ocrx_word' id='word_1_37' title='bbox 1810 640 2175 709; x_wconf 84' lang='lat' dir='ltr'><strong>Trinitatem,</strong></span> 
     </span>
    </p>
   </div>
   <div class='ocr_carea' id='block_1_8' title="bbox 520 731 1147 804">
    <p class='ocr_par' dir='ltr' id='par_1_8' title="bbox 520 731 1147 804">
     <span class='ocr_line' id='line_1_8' title="bbox 520 731 1147 804; baseline -0.006 -16"><span class='ocrx_word' id='word_1_38' title='bbox 520 734 573 788; x_wconf 89' lang='lat' dir='ltr'><strong>in</strong></span> <span class='ocrx_word' id='word_1_39' title='bbox 605 748 787 804; x_wconf 88' lang='lat' dir='ltr'><strong>quam</strong></span> <span class='ocrx_word' id='word_1_40' title='bbox 824 731 1147 787; x_wconf 82' lang='lat' dir='ltr'><strong>crederent.</strong></span> 
     </span>
    </p>
   </div>
   <div class='ocr_carea' id='block_1_9' title="bbox 591 819 2177 892">
    <p class='ocr_par' dir='ltr' id='par_1_9' title="bbox 591 819 2177 892">
     <span class='ocr_line' id='line_1_9' title="bbox 591 819 2177 892; baseline -0.001 -17"><span class='ocrx_word' id='word_1_41' title='bbox 591 823 754 877; x_wconf 80' lang='lat' dir='ltr'><strong>Vers.</strong></span> <span class='ocrx_word' id='word_1_42' title='bbox 796 822 875 875; x_wconf 89' lang='grc'><strong>11.</strong></span> <span class='ocrx_word' id='word_1_43' title='bbox 909 821 984 873; x_wconf 82' lang='lat' dir='ltr'><strong>Et</strong></span> <span class='ocrx_word' id='word_1_44' title='bbox 1016 852 1075 859; x_wconf 89' lang='lat'><strong><em>—</em></strong></span> <span class='ocrx_word' id='word_1_45' title='bbox 1111 826 1249 876; x_wconf 80' lang='lat' dir='ltr'><strong>rete.</strong></span> <span class='ocrx_word' id='word_1_46' title='bbox 1286 822 1429 887; x_wconf 87' lang='lat' dir='ltr'><strong>Non,</strong></span> <span class='ocrx_word' id='word_1_47' title='bbox 1459 819 1620 892; x_wconf 89' lang='lat' dir='ltr'><strong>quod</strong></span> <span class='ocrx_word' id='word_1_48' title='bbox 1653 823 1810 875; x_wconf 90' lang='lat' dir='ltr'><strong>esset</strong></span> <span class='ocrx_word' id='word_1_49' title='bbox 1856 819 2024 887; x_wconf 82' lang='lat' dir='ltr'><strong>forte,</strong></span> <span class='ocrx_word' id='word_1_50' title='bbox 2072 820 2177 873; x_wconf 90' lang='lat' dir='ltr'><strong>sed</strong></span> 
     </span>
    </p>
   </div>
   <div class='ocr_carea' id='block_1_10' title="bbox 519 908 1785 985">
    <p class='ocr_par' dir='ltr' id='par_1_10' title="bbox 519 908 1785 985">
     <span class='ocr_line' id='line_1_10' title="bbox 519 908 1785 985; baseline -0.004 -17"><span class='ocrx_word' id='word_1_51' title='bbox 519 911 681 985; x_wconf 90' lang='lat' dir='ltr'><strong>quod</strong></span> <span class='ocrx_word' id='word_1_52' title='bbox 714 911 998 966; x_wconf 89' lang='lat' dir='ltr'><strong>Dominus</strong></span> <span class='ocrx_word' id='word_1_53' title='bbox 1029 910 1205 965; x_wconf 87' lang='lat' dir='ltr'><strong>etiam</strong></span> <span class='ocrx_word' id='word_1_54' title='bbox 1236 908 1385 966; x_wconf 88' lang='lat' dir='ltr'><strong>illud</strong></span> <span class='ocrx_word' id='word_1_55' title='bbox 1425 909 1785 964; x_wconf 84' lang='lat' dir='ltr'><strong>fortificaret.</strong></span> 
     </span>
    </p>
   </div>
   <div class='ocr_carea' id='block_1_11' title="bbox 594 998 2175 1071">
    <p class='ocr_par' dir='ltr' id='par_1_11' title="bbox 594 998 2175 1071">
     <span class='ocr_line' id='line_1_11' title="bbox 594 998 2175 1071; baseline 0 -17"><span class='ocrx_word' id='word_1_56' title='bbox 594 1004 749 1056; x_wconf 80' lang='lat' dir='ltr'><strong>Vers.</strong></span> <span class='ocrx_word' id='word_1_57' title='bbox 802 1006 879 1055; x_wconf 77' lang='grc'><strong>12.</strong></span> <span class='ocrx_word' id='word_1_58' title='bbox 935 1000 1087 1054; x_wconf 81' lang='lat' dir='ltr'><strong>Dicit</strong></span> <span class='ocrx_word' id='word_1_59' title='bbox 1119 1030 1187 1038; x_wconf 94' lang='lat'><strong><em>—</em></strong></span> <span class='ocrx_word' id='word_1_60' title='bbox 1217 998 1523 1067; x_wconf 78' lang='lat' dir='ltr'><strong>prandete.</strong></span> <span class='ocrx_word' id='word_1_61' title='bbox 1578 1002 1730 1054; x_wconf 86' lang='lat' dir='ltr'><strong>Hora</strong></span> <span class='ocrx_word' id='word_1_62' title='bbox 1780 999 2011 1071; x_wconf 87' lang='lat' dir='ltr'><strong>prandii</strong></span> <span class='ocrx_word' id='word_1_63' title='bbox 2048 999 2175 1069; x_wconf 89' lang='lat' dir='ltr'><strong>jam</strong></span> 
     </span>
    </p>
   </div>
   <div class='ocr_carea' id='block_1_12' title="bbox 522 1086 2176 1163">
    <p class='ocr_par' dir='ltr' id='par_1_12' title="bbox 522 1086 2176 1163">
     <span class='ocr_line' id='line_1_12' title="bbox 522 1086 2176 1163; baseline -0.002 -16"><span class='ocrx_word' id='word_1_64' title='bbox 522 1094 870 1163; x_wconf 86' lang='lat' dir='ltr'><strong>appetente;</strong></span> <span class='ocrx_word' id='word_1_65' title='bbox 892 1104 1035 1144; x_wconf 89' lang='lat' dir='ltr'><strong>nam</strong></span> <span class='ocrx_word' id='word_1_66' title='bbox 1066 1086 1299 1143; x_wconf 90' lang='lat' dir='ltr'><strong>illorum</strong></span> <span class='ocrx_word' id='word_1_67' title='bbox 1330 1087 1639 1143; x_wconf 86' lang='lat' dir='ltr'><strong>laboribus</strong></span> <span class='ocrx_word' id='word_1_68' title='bbox 1676 1105 2025 1144; x_wconf 83' lang='lat' dir='ltr'><strong>successura</strong></span> <span class='ocrx_word' id='word_1_69' title='bbox 2051 1093 2176 1143; x_wconf 91' lang='lat' dir='ltr'><strong>erat</strong></span> 
     </span>
    </p>
   </div>
   <div class='ocr_carea' id='block_1_13' title="bbox 520 1178 2175 1252">
    <p class='ocr_par' dir='ltr' id='par_1_13' title="bbox 520 1178 2175 1252">
     <span class='ocr_line' id='line_1_13' title="bbox 520 1178 2175 1252; baseline -0.002 -16"><span class='ocrx_word' id='word_1_70' title='bbox 520 1181 769 1252; x_wconf 85' lang='lat' dir='ltr'><strong>requies.</strong></span> <span class='ocrx_word' id='word_1_71' title='bbox 792 1178 1120 1234; x_wconf 84' lang='lat' dir='ltr'><strong>Verisimile</strong></span> <span class='ocrx_word' id='word_1_72' title='bbox 1138 1183 1225 1233; x_wconf 88' lang='lat' dir='ltr'><strong>est</strong></span> <span class='ocrx_word' id='word_1_73' title='bbox 1249 1182 1469 1245; x_wconf 88' lang='lat' dir='ltr'><strong>autem,</strong></span> <span class='ocrx_word' id='word_1_74' title='bbox 1489 1178 1788 1249; x_wconf 88' lang='lat' dir='ltr'><strong>quosdam</strong></span> <span class='ocrx_word' id='word_1_75' title='bbox 1813 1194 1881 1233; x_wconf 86' lang='lat' dir='ltr'><strong>ex</strong></span> <span class='ocrx_word' id='word_1_76' title='bbox 1902 1194 2175 1250; x_wconf 87' lang='lat' dir='ltr'><strong>compre-</strong></span> 
     </span>
    </p>
   </div>
   <div class='ocr_carea' id='block_1_14' title="bbox 517 1267 2175 1341">
    <p class='ocr_par' dir='ltr' id='par_1_14' title="bbox 517 1267 2175 1341">
     <span class='ocr_line' id='line_1_14' title="bbox 517 1267 2175 1341; baseline -0.002 -15"><span class='ocrx_word' id='word_1_77' title='bbox 517 1270 717 1327; x_wconf 90' lang='lat' dir='ltr'><strong>hensis</strong></span> <span class='ocrx_word' id='word_1_78' title='bbox 748 1268 1015 1341; x_wconf 88' lang='lat' dir='ltr'><strong>piscibus</strong></span> <span class='ocrx_word' id='word_1_79' title='bbox 1039 1274 1272 1323; x_wconf 89' lang='lat' dir='ltr'><strong>assatos</strong></span> <span class='ocrx_word' id='word_1_80' title='bbox 1300 1267 1481 1323; x_wconf 85' lang='lat' dir='ltr'><strong>fuisse</strong></span> <span class='ocrx_word' id='word_1_81' title='bbox 1509 1268 1585 1323; x_wconf 88' lang='lat' dir='ltr'><strong>ad</strong></span> <span class='ocrx_word' id='word_1_82' title='bbox 1613 1271 1884 1323; x_wconf 86' lang='lat' dir='ltr'><strong>omnium</strong></span> <span class='ocrx_word' id='word_1_83' title='bbox 1911 1268 2175 1323; x_wconf 89' lang='lat' dir='ltr'><strong>refectio-</strong></span> 
     </span>
    </p>
   </div>
   <div class='ocr_carea' id='block_1_15' title="bbox 520 1356 2173 1430">
    <p class='ocr_par' dir='ltr' id='par_1_15' title="bbox 520 1356 2173 1430">
     <span class='ocr_line' id='line_1_15' title="bbox 520 1356 2173 1430; baseline -0.003 -14"><span class='ocrx_word' id='word_1_84' title='bbox 520 1358 1093 1430; x_wconf 87' lang='lat' dir='ltr'><strong>nemdiscipulorum</strong></span> <span class='ocrx_word' id='word_1_85' title='bbox 1118 1357 1404 1428; x_wconf 89' lang='lat' dir='ltr'><strong>:reliquos</strong></span> <span class='ocrx_word' id='word_1_86' title='bbox 1424 1373 1561 1411; x_wconf 83' lang='lat' dir='ltr'><strong>vero</strong></span> <span class='ocrx_word' id='word_1_87' title='bbox 1594 1357 1957 1429; x_wconf 86' lang='lat' dir='ltr'><strong>pauperibus</strong></span> <span class='ocrx_word' id='word_1_88' title='bbox 1992 1356 2173 1411; x_wconf 87' lang='lat' dir='ltr'><strong>fuisse</strong></span> 
     </span>
    </p>
   </div>
   <div class='ocr_carea' id='block_1_16' title="bbox 519 1448 889 1505">
    <p class='ocr_par' dir='ltr' id='par_1_16' title="bbox 519 1448 889 1505">
     <span class='ocr_line' id='line_1_16' title="bbox 519 1448 889 1505; baseline -0.005 -1"><span class='ocrx_word' id='word_1_89' title='bbox 519 1448 889 1505; x_wconf 87' lang='lat' dir='ltr'><strong>distributos.</strong></span> 
     </span>
    </p>
   </div>
   <div class='ocr_carea' id='block_1_17' title="bbox 590 1535 2174 1607">
    <p class='ocr_par' dir='ltr' id='par_1_17' title="bbox 590 1535 2174 1607">
     <span class='ocr_line' id='line_1_17' title="bbox 590 1535 2174 1607; baseline 0.001 -17"><span class='ocrx_word' id='word_1_90' title='bbox 590 1538 756 1592; x_wconf 84' lang='lat' dir='ltr'><strong>Vers.</strong></span> <span class='ocrx_word' id='word_1_91' title='bbox 792 1538 878 1590; x_wconf 80' lang='grc'><strong>12.</strong></span> <span class='ocrx_word' id='word_1_92' title='bbox 912 1536 984 1590; x_wconf 88' lang='grc' dir='ltr'><strong>Ει</strong></span> <span class='ocrx_word' id='word_1_93' title='bbox 1012 1550 1180 1591; x_wconf 84' lang='lat' dir='ltr'><strong>nemo</strong></span> <span class='ocrx_word' id='word_1_94' title='bbox 1211 1567 1277 1574; x_wconf 93' lang='lat'><strong><em>—</em></strong></span> <span class='ocrx_word' id='word_1_95' title='bbox 1305 1542 1462 1591; x_wconf 84' lang='lat' dir='ltr'><strong>esset.</strong></span> <span class='ocrx_word' id='word_1_96' title='bbox 1511 1536 1737 1590; x_wconf 86' lang='lat' dir='ltr'><strong>Faciem</strong></span> <span class='ocrx_word' id='word_1_97' title='bbox 1789 1535 2033 1607; x_wconf 90' lang='lat' dir='ltr'><strong>quidem</strong></span> <span class='ocrx_word' id='word_1_98' title='bbox 2094 1536 2174 1591; x_wconf 88' lang='lat' dir='ltr'><strong>vi-</strong></span> 
     </span>
    </p>
   </div>
   <div class='ocr_carea' id='block_1_18' title="bbox 518 1624 2173 1695">
    <p class='ocr_par' dir='ltr' id='par_1_18' title="bbox 518 1624 2173 1695">
     <span class='ocr_line' id='line_1_18' title="bbox 518 1624 2173 1695; baseline -0.001 -13"><span class='ocrx_word' id='word_1_99' title='bbox 518 1627 725 1682; x_wconf 88' lang='lat' dir='ltr'><strong>dentes</strong></span> <span class='ocrx_word' id='word_1_100' title='bbox 755 1626 1155 1687; x_wconf 88' lang='lat' dir='ltr'><strong>immutatam,</strong></span> <span class='ocrx_word' id='word_1_101' title='bbox 1193 1629 1249 1680; x_wconf 87' lang='lat' dir='ltr'><strong>et</strong></span> <span class='ocrx_word' id='word_1_102' title='bbox 1277 1640 1408 1695; x_wconf 68' lang='lat' dir='ltr'><strong>qua:</strong></span> <span class='ocrx_word' id='word_1_103' title='bbox 1432 1624 1489 1678; x_wconf 89' lang='lat' dir='ltr'><strong>in</strong></span> <span class='ocrx_word' id='word_1_104' title='bbox 1516 1625 1841 1680; x_wconf 83' lang='lat' dir='ltr'><strong>maximum</strong></span> <span class='ocrx_word' id='word_1_105' title='bbox 1876 1640 1977 1680; x_wconf 90' lang='lat' dir='ltr'><strong>eos</strong></span> <span class='ocrx_word' id='word_1_106' title='bbox 2001 1624 2173 1680; x_wconf 89' lang='lat' dir='ltr'><strong>indu-</strong></span> 
     </span>
    </p>
   </div>
   <div class='ocr_carea' id='block_1_19' title="bbox 519 1714 2171 1786">
    <p class='ocr_par' dir='ltr' id='par_1_19' title="bbox 519 1714 2171 1786">
     <span class='ocr_line' id='line_1_19' title="bbox 519 1714 2171 1786; baseline -0.002 -14"><span class='ocrx_word' id='word_1_107' title='bbox 519 1720 673 1772; x_wconf 90' lang='lat' dir='ltr'><strong>ceret</strong></span> <span class='ocrx_word' id='word_1_108' title='bbox 704 1721 1030 1786; x_wconf 87' lang='lat' dir='ltr'><strong>stuporem,</strong></span> <span class='ocrx_word' id='word_1_109' title='bbox 1073 1714 1349 1770; x_wconf 82' lang='lat' dir='ltr'><strong>volebant</strong></span> <span class='ocrx_word' id='word_1_110' title='bbox 1375 1730 1512 1769; x_wconf 91' lang='lat' dir='ltr'><strong>eum</strong></span> <span class='ocrx_word' id='word_1_111' title='bbox 1545 1716 1927 1785; x_wconf 85' lang='lat' dir='ltr'><strong>interrogare,</strong></span> <span class='ocrx_word' id='word_1_112' title='bbox 1966 1730 2171 1769; x_wconf 90' lang='lat' dir='ltr'><strong>verum</strong></span> 
     </span>
    </p>
   </div>
   <div class='ocr_carea' id='block_1_20' title="bbox 518 1803 2175 1875">
    <p class='ocr_par' dir='ltr' id='par_1_20' title="bbox 518 1803 2175 1875">
     <span class='ocr_line' id='line_1_20' title="bbox 518 1803 2175 1875; baseline -0.001 -14"><span class='ocrx_word' id='word_1_113' title='bbox 518 1821 639 1861; x_wconf 90' lang='lat' dir='ltr'><strong>non</strong></span> <span class='ocrx_word' id='word_1_114' title='bbox 659 1806 985 1871; x_wconf 88' lang='lat' dir='ltr'><strong>audebant,</strong></span> <span class='ocrx_word' id='word_1_115' title='bbox 1015 1820 1152 1858; x_wconf 90' lang='lat' dir='ltr'><strong>cum</strong></span> <span class='ocrx_word' id='word_1_116' title='bbox 1182 1820 1216 1859; x_wconf 89' lang='lat' dir='ltr'><strong>a</strong></span> <span class='ocrx_word' id='word_1_117' title='bbox 1240 1804 1423 1873; x_wconf 77' lang='lat' dir='ltr'><strong>signis</strong></span> <span class='ocrx_word' id='word_1_118' title='bbox 1446 1803 1753 1875; x_wconf 71' lang='lat' dir='ltr'><strong>quaadicta</strong></span> <span class='ocrx_word' id='word_1_119' title='bbox 1779 1809 1935 1868; x_wconf 90' lang='lat' dir='ltr'><strong>sunt,</strong></span> <span class='ocrx_word' id='word_1_120' title='bbox 1959 1803 2175 1859; x_wconf 88' lang='lat' dir='ltr'><strong>scirent</strong></span> 
     </span>
    </p>
   </div>
   <div class='ocr_carea' id='block_1_21' title="bbox 518 1895 1194 1967">
    <p class='ocr_par' dir='ltr' id='par_1_21' title="bbox 518 1895 1194 1967">
     <span class='ocr_line' id='line_1_21' title="bbox 518 1895 1194 1967; baseline -0.006 -17"><span class='ocrx_word' id='word_1_121' title='bbox 518 1895 682 1967; x_wconf 90' lang='lat' dir='ltr'><strong>quod</strong></span> <span class='ocrx_word' id='word_1_122' title='bbox 712 1895 997 1949; x_wconf 86' lang='lat' dir='ltr'><strong>Dominus</strong></span> <span class='ocrx_word' id='word_1_123' title='bbox 1021 1898 1194 1947; x_wconf 82' lang='lat' dir='ltr'><strong>esset.</strong></span> 
     </span>
    </p>
   </div>
   <div class='ocr_carea' id='block_1_22' title="bbox 589 1981 2172 2038">
    <p class='ocr_par' dir='ltr' id='par_1_22' title="bbox 589 1981 2172 2038">
     <span class='ocr_line' id='line_1_22' title="bbox 589 1981 2172 2038; baseline 0 0"><span class='ocrx_word' id='word_1_124' title='bbox 589 1983 756 2038; x_wconf 85' lang='lat' dir='ltr'><strong>Vers.</strong></span> <span class='ocrx_word' id='word_1_125' title='bbox 794 1983 877 2037; x_wconf 82' lang='lat'><strong>13.</strong></span> <span class='ocrx_word' id='word_1_126' title='bbox 924 1982 1087 2037; x_wconf 84' lang='lat' dir='ltr'><strong>Venit</strong></span> <span class='ocrx_word' id='word_1_127' title='bbox 1122 2014 1187 2021; x_wconf 85' lang='lat'><strong>—-</strong></span> <span class='ocrx_word' id='word_1_128' title='bbox 1215 1983 1509 2037; x_wconf 76' lang='lat' dir='ltr'><strong>similiter.</strong></span> <span class='ocrx_word' id='word_1_129' title='bbox 1544 1983 1670 2036; x_wconf 83' lang='lat' dir='ltr'><strong>lam</strong></span> <span class='ocrx_word' id='word_1_130' title='bbox 1715 1981 1772 2035; x_wconf 91' lang='lat' dir='ltr'><strong>in</strong></span> <span class='ocrx_word' id='word_1_131' title='bbox 1802 1982 2017 2037; x_wconf 76' lang='lat' dir='ltr'><strong>cmlum</strong></span> <span class='ocrx_word' id='word_1_132' title='bbox 2052 1997 2172 2038; x_wconf 90' lang='lat' dir='ltr'><strong>non</strong></span> 
     </span>
    </p>
   </div>
   <div class='ocr_carea' id='block_1_23' title="bbox 521 2071 2173 2144">
    <p class='ocr_par' dir='ltr' id='par_1_23' title="bbox 521 2071 2173 2144">
     <span class='ocr_line' id='line_1_23' title="bbox 521 2071 2173 2144; baseline 0.001 -17"><span class='ocrx_word' id='word_1_133' title='bbox 521 2074 789 2144; x_wconf 89' lang='lat' dir='ltr'><strong>suscipit,</strong></span> <span class='ocrx_word' id='word_1_134' title='bbox 810 2088 1003 2144; x_wconf 90' lang='lat' dir='ltr'><strong>neque</strong></span> <span class='ocrx_word' id='word_1_135' title='bbox 1032 2072 1301 2126; x_wconf 83' lang='lat' dir='ltr'><strong>humana</strong></span> <span class='ocrx_word' id='word_1_136' title='bbox 1336 2071 1978 2139; x_wconf 79' lang='lat' dir='ltr'><strong>iliafacitzostendens,</strong></span> <span class='ocrx_word' id='word_1_137' title='bbox 2008 2072 2173 2144; x_wconf 90' lang='lat' dir='ltr'><strong>quod</strong></span> 
     </span>
    </p>
   </div>
   <div class='ocr_carea' id='block_1_24' title="bbox 518 2160 1627 2232">
    <p class='ocr_par' dir='ltr' id='par_1_24' title="bbox 518 2160 1627 2232">
     <span class='ocr_line' id='line_1_24' title="bbox 518 2160 1627 2232; baseline -0.005 -14"><span class='ocrx_word' id='word_1_138' title='bbox 518 2163 696 2218; x_wconf 89' lang='lat' dir='ltr'><strong>etiam</strong></span> <span class='ocrx_word' id='word_1_139' title='bbox 737 2164 851 2217; x_wconf 88' lang='lat' dir='ltr'><strong>ista</strong></span> <span class='ocrx_word' id='word_1_140' title='bbox 879 2161 1311 2232; x_wconf 86' lang='lat' dir='ltr'><strong>dispensatorie</strong></span> <span class='ocrx_word' id='word_1_141' title='bbox 1353 2160 1627 2216; x_wconf 83' lang='lat' dir='ltr'><strong>faciebat.</strong></span> 
     </span>
    </p>
   </div>
   <div class='ocr_carea' id='block_1_25' title="bbox 592 2250 2171 2323">
    <p class='ocr_par' dir='ltr' id='par_1_25' title="bbox 592 2250 2171 2323">
     <span class='ocr_line' id='line_1_25' title="bbox 592 2250 2171 2323; baseline 0.001 -19"><span class='ocrx_word' id='word_1_142' title='bbox 592 2252 749 2306; x_wconf 85' lang='lat' dir='ltr'><strong>Vers.</strong></span> <span class='ocrx_word' id='word_1_143' title='bbox 786 2252 873 2305; x_wconf 78' lang='grc'><strong>14.</strong></span> <span class='ocrx_word' id='word_1_144' title='bbox 908 2250 1029 2305; x_wconf 82' lang='lat' dir='ltr'><strong>Hoc</strong></span> <span class='ocrx_word' id='word_1_145' title='bbox 1071 2281 1136 2289; x_wconf 93' lang='lat'>—</span> <span class='ocrx_word' id='word_1_146' title='bbox 1177 2252 1449 2306; x_wconf 78' lang='lat' dir='ltr'><strong>mortuis.</strong></span> <span class='ocrx_word' id='word_1_147' title='bbox 1492 2250 1689 2305; x_wconf 84' lang='lat' dir='ltr'><strong>Prima</strong></span> <span class='ocrx_word' id='word_1_148' title='bbox 1720 2250 1989 2323; x_wconf 89' lang='lat' dir='ltr'><strong>quidem,</strong></span> <span class='ocrx_word' id='word_1_149' title='bbox 2034 2267 2171 2305; x_wconf 93' lang='lat' dir='ltr'><strong>cum</strong></span> 
     </span>
    </p>
   </div>
   <div class='ocr_carea' id='block_1_26' title="bbox 519 2338 2176 2411">
    <p class='ocr_par' dir='ltr' id='par_1_26' title="bbox 519 2338 2176 2411">
     <span class='ocr_line' id='line_1_26' title="bbox 519 2338 2176 2411; baseline -0.002 -13"><span class='ocrx_word' id='word_1_150' title='bbox 519 2347 941 2411; x_wconf 82' lang='lat' dir='ltr'><strong>essetvespera</strong></span> <span class='ocrx_word' id='word_1_151' title='bbox 969 2339 1083 2394; x_wconf 90' lang='lat' dir='ltr'><strong>diei</strong></span> <span class='ocrx_word' id='word_1_152' title='bbox 1114 2338 1272 2393; x_wconf 88' lang='lat' dir='ltr'><strong>illius</strong></span> <span class='ocrx_word' id='word_1_153' title='bbox 1297 2355 1417 2410; x_wconf 90' lang='lat' dir='ltr'><strong>quo</strong></span> <span class='ocrx_word' id='word_1_154' title='bbox 1456 2340 1774 2395; x_wconf 82' lang='lat' dir='ltr'><strong>resurrexit</strong></span> <span class='ocrx_word' id='word_1_155' title='bbox 1804 2342 1873 2403; x_wconf 64' lang='lat'><strong>1°,</strong></span> <span class='ocrx_word' id='word_1_156' title='bbox 1904 2340 2176 2395; x_wconf 88' lang='lat' dir='ltr'><strong>secunda</strong></span> 
     </span>
    </p>
   </div>
   <div class='ocr_carea' id='block_1_27' title="bbox 519 2428 2177 2501">
    <p class='ocr_par' dir='ltr' id='par_1_27' title="bbox 519 2428 2177 2501">
     <span class='ocr_line' id='line_1_27' title="bbox 519 2428 2177 2501; baseline -0.002 -14"><span class='ocrx_word' id='word_1_157' title='bbox 519 2437 740 2495; x_wconf 85' lang='lat' dir='ltr'><strong>autem,</strong></span> <span class='ocrx_word' id='word_1_158' title='bbox 772 2435 908 2501; x_wconf 91' lang='lat' dir='ltr'><strong>post</strong></span> <span class='ocrx_word' id='word_1_159' title='bbox 930 2428 1056 2483; x_wconf 84' lang='lat' dir='ltr'><strong>dies</strong></span> <span class='ocrx_word' id='word_1_160' title='bbox 1075 2438 1207 2484; x_wconf 90' lang='lat' dir='ltr'><strong>octo</strong></span> <span class='ocrx_word' id='word_1_161' title='bbox 1241 2431 1305 2493; x_wconf 73' lang='grc' dir='ltr'><strong>η,</strong></span> <span class='ocrx_word' id='word_1_162' title='bbox 1335 2429 1504 2484; x_wconf 86' lang='lat' dir='ltr'><strong>tertia</strong></span> <span class='ocrx_word' id='word_1_163' title='bbox 1522 2431 1810 2495; x_wconf 86' lang='lat' dir='ltr'><strong>vero,hoc</strong></span> <span class='ocrx_word' id='word_1_164' title='bbox 1839 2429 1953 2483; x_wconf 92' lang='lat' dir='ltr'><strong>die.</strong></span> <span class='ocrx_word' id='word_1_165' title='bbox 1980 2436 2177 2501; x_wconf 88' lang='lat' dir='ltr'><strong>Appa-</strong></span> 
     </span>
    </p>
   </div>
   <div class='ocr_carea' id='block_1_28' title="bbox 519 2517 2175 2591">
    <p class='ocr_par' dir='ltr' id='par_1_28' title="bbox 519 2517 2175 2591">
     <span class='ocr_line' id='line_1_28' title="bbox 519 2517 2175 2591; baseline -0.002 -15"><span class='ocrx_word' id='word_1_166' title='bbox 519 2526 605 2576; x_wconf 89' lang='lat' dir='ltr'><strong>ret</strong></span> <span class='ocrx_word' id='word_1_167' title='bbox 642 2520 863 2591; x_wconf 89' lang='lat' dir='ltr'><strong>itaque,</strong></span> <span class='ocrx_word' id='word_1_168' title='bbox 897 2518 1061 2590; x_wconf 91' lang='lat' dir='ltr'><strong>quod</strong></span> <span class='ocrx_word' id='word_1_169' title='bbox 1092 2523 1226 2589; x_wconf 89' lang='lat' dir='ltr'><strong>post</strong></span> <span class='ocrx_word' id='word_1_170' title='bbox 1256 2519 1367 2571; x_wconf 83' lang='lat' dir='ltr'><strong>hoc</strong></span> <span class='ocrx_word' id='word_1_171' title='bbox 1404 2523 1636 2587; x_wconf 88' lang='lat' dir='ltr'><strong>tempus</strong></span> <span class='ocrx_word' id='word_1_172' title='bbox 1690 2517 2067 2572; x_wconf 87' lang='lat' dir='ltr'><strong>ascenderint</strong></span> <span class='ocrx_word' id='word_1_173' title='bbox 2117 2519 2175 2573; x_wconf 91' lang='lat' dir='ltr'><strong>in</strong></span> 
     </span>
    </p>
   </div>
   <div class='ocr_carea' id='block_1_29' title="bbox 521 2606 2176 2679">
    <p class='ocr_par' dir='ltr' id='par_1_29' title="bbox 521 2606 2176 2679">
     <span class='ocr_line' id='line_1_29' title="bbox 521 2606 2176 2679; baseline -0.002 -13"><span class='ocrx_word' id='word_1_174' title='bbox 521 2615 806 2672; x_wconf 89' lang='lat' dir='ltr'><strong>montem,</strong></span> <span class='ocrx_word' id='word_1_175' title='bbox 836 2607 889 2661; x_wconf 91' lang='lat' dir='ltr'><strong>in</strong></span> <span class='ocrx_word' id='word_1_176' title='bbox 922 2623 1043 2679; x_wconf 91' lang='lat' dir='ltr'><strong>quo</strong></span> <span class='ocrx_word' id='word_1_177' title='bbox 1074 2606 1456 2662; x_wconf 83' lang='lat' dir='ltr'><strong>constituerat</strong></span> <span class='ocrx_word' id='word_1_178' title='bbox 1488 2607 1590 2670; x_wconf 87' lang='lat' dir='ltr'><strong>eis,</strong></span> <span class='ocrx_word' id='word_1_179' title='bbox 1624 2608 1873 2678; x_wconf 81' lang='lat' dir='ltr'><strong>quando</strong></span> <span class='ocrx_word' id='word_1_180' title='bbox 1908 2606 2176 2662; x_wconf 87' lang='lat' dir='ltr'><strong>videlicet</strong></span> 
     </span>
    </p>
   </div>
   <div class='ocr_carea' id='block_1_30' title="bbox 518 2697 2175 2755">
    <p class='ocr_par' dir='ltr' id='par_1_30' title="bbox 518 2697 2175 2755">
     <span class='ocr_line' id='line_1_30' title="bbox 518 2697 2175 2755; baseline -0.002 0"><span class='ocrx_word' id='word_1_181' title='bbox 518 2714 745 2755; x_wconf 88' lang='lat' dir='ltr'><strong>rursum</strong></span> <span class='ocrx_word' id='word_1_182' title='bbox 782 2697 1073 2753; x_wconf 85' lang='lat' dir='ltr'><strong>admoniti</strong></span> <span class='ocrx_word' id='word_1_183' title='bbox 1105 2701 1237 2751; x_wconf 88' lang='lat' dir='ltr'><strong>sunt</strong></span> <span class='ocrx_word' id='word_1_184' title='bbox 1284 2712 1319 2751; x_wconf 79' lang='grc' dir='ltr'><strong>δ.</strong></span> <span class='ocrx_word' id='word_1_185' title='bbox 1361 2697 1610 2751; x_wconf 82' lang='grc' dir='ltr'><strong>1)οωὶηο</strong></span> <span class='ocrx_word' id='word_1_186' title='bbox 1654 2698 1719 2752; x_wconf 84' lang='grc'><strong>¹².</strong></span> <span class='ocrx_word' id='word_1_187' title='bbox 1774 2697 2175 2752; x_wconf 86' lang='lat' dir='ltr'><strong>Manifestatus</strong></span> 
     </span>
    </p>
   </div>
   <div class='ocr_carea' id='block_1_31' title="bbox 520 2785 2175 2858">
    <p class='ocr_par' dir='ltr' id='par_1_31' title="bbox 520 2785 2175 2858">
     <span class='ocr_line' id='line_1_31' title="bbox 520 2785 2175 2858; baseline -0.002 -14"><span class='ocrx_word' id='word_1_188' title='bbox 520 2794 611 2844; x_wconf 86' lang='lat' dir='ltr'><strong>est</strong></span> <span class='ocrx_word' id='word_1_189' title='bbox 644 2795 840 2843; x_wconf 84' lang='lat' dir='ltr'><strong>autem</strong></span> <span class='ocrx_word' id='word_1_190' title='bbox 882 2792 937 2841; x_wconf 91' lang='lat' dir='ltr'><strong>et</strong></span> <span class='ocrx_word' id='word_1_191' title='bbox 968 2786 1344 2847; x_wconf 88' lang='lat' dir='ltr'><strong>mulieribus.</strong></span> <span class='ocrx_word' id='word_1_192' title='bbox 1377 2803 1511 2858; x_wconf 65' lang='lat' dir='ltr'><strong>quae</strong></span> <span class='ocrx_word' id='word_1_193' title='bbox 1544 2785 1850 2857; x_wconf 73' lang='lat' dir='ltr'><strong>discipulte</strong></span> <span class='ocrx_word' id='word_1_194' title='bbox 1882 2791 2050 2841; x_wconf 86' lang='lat' dir='ltr'><strong>erant</strong></span> <span class='ocrx_word' id='word_1_195' title='bbox 2080 2804 2091 2851; x_wconf 92' lang='lat'>;</span> <span class='ocrx_word' id='word_1_196' title='bbox 2120 2793 2175 2841; x_wconf 92' lang='lat' dir='ltr'><strong>et</strong></span> 
     </span>
    </p>
   </div>
   <div class='ocr_carea' id='block_1_32' title="bbox 520 2876 2172 2947">
    <p class='ocr_par' dir='ltr' id='par_1_32' title="bbox 520 2876 2172 2947">
     <span class='ocr_line' id='line_1_32' title="bbox 520 2876 2172 2947; baseline -0.001 -15"><span class='ocrx_word' id='word_1_197' title='bbox 520 2876 759 2933; x_wconf 89' lang='lat' dir='ltr'><strong>duobus</strong></span> <span class='ocrx_word' id='word_1_198' title='bbox 789 2876 921 2941; x_wconf 86' lang='lat' dir='ltr'><strong>illis,</strong></span> <span class='ocrx_word' id='word_1_199' title='bbox 957 2876 1024 2931; x_wconf 92' lang='lat' dir='ltr'><strong>de</strong></span> <span class='ocrx_word' id='word_1_200' title='bbox 1058 2876 1278 2947; x_wconf 89' lang='lat' dir='ltr'><strong>quibus</strong></span> <span class='ocrx_word' id='word_1_201' title='bbox 1307 2877 1465 2947; x_wconf 86' lang='lat' dir='ltr'><strong>apud</strong></span> <span class='ocrx_word' id='word_1_202' title='bbox 1502 2878 1756 2931; x_wconf 85' lang='lat' dir='ltr'><strong>Marcum</strong></span> <span class='ocrx_word' id='word_1_203' title='bbox 1792 2878 1859 2940; x_wconf 85' lang='grc'><strong>¹³,</strong></span> <span class='ocrx_word' id='word_1_204' title='bbox 1894 2882 1950 2931; x_wconf 92' lang='lat' dir='ltr'><strong>et</strong></span> <span class='ocrx_word' id='word_1_205' title='bbox 1982 2876 2172 2939; x_wconf 86' lang='lat' dir='ltr'><strong>Petro,</strong></span> 
     </span>
    </p>
   </div>
   <div class='ocr_carea' id='block_1_33' title="bbox 523 2964 2177 3037">
    <p class='ocr_par' dir='ltr' id='par_1_33' title="bbox 523 2964 2177 3037">
     <span class='ocr_line' id='line_1_33' title="bbox 523 2964 2177 3037; baseline -0.002 -15"><span class='ocrx_word' id='word_1_206' title='bbox 523 2982 592 3022; x_wconf 85' lang='lat' dir='ltr'><strong>ac</strong></span> <span class='ocrx_word' id='word_1_207' title='bbox 625 2967 855 3037; x_wconf 62' lang='lat' dir='ltr'><strong>Cleopa</strong></span> <span class='ocrx_word' id='word_1_208' title='bbox 889 2966 936 3001; x_wconf 78' lang='lat'>”</span> <span class='ocrx_word' id='word_1_209' title='bbox 966 2983 1092 3019; x_wconf 91' lang='lat' dir='ltr'><strong>cum</strong></span> <span class='ocrx_word' id='word_1_210' title='bbox 1123 2965 1283 3021; x_wconf 88' lang='lat' dir='ltr'><strong>socio</strong></span> <span class='ocrx_word' id='word_1_211' title='bbox 1335 2965 1543 3037; x_wconf 87' lang='lat' dir='ltr'><strong>ipsius.</strong></span> <span class='ocrx_word' id='word_1_212' title='bbox 1596 2966 1814 3019; x_wconf 86' lang='lat' dir='ltr'><strong>Verum</strong></span> <span class='ocrx_word' id='word_1_213' title='bbox 1866 2964 2177 3036; x_wconf 87' lang='lat' dir='ltr'><strong>discipulis</strong></span> 
     </span>
    </p>
   </div>
   <div class='ocr_carea' id='block_1_34' title="bbox 519 3054 2174 3126">
    <p class='ocr_par' dir='ltr' id='par_1_34' title="bbox 519 3054 2174 3126">
     <span class='ocr_line' id='line_1_34' title="bbox 519 3054 2174 3126; baseline -0.001 -17"><span class='ocrx_word' id='word_1_214' title='bbox 519 3055 714 3120; x_wconf 91' lang='lat' dir='ltr'><strong>simul,</strong></span> <span class='ocrx_word' id='word_1_215' title='bbox 748 3056 1005 3126; x_wconf 81' lang='lat' dir='ltr'><strong>hacjam</strong></span> <span class='ocrx_word' id='word_1_216' title='bbox 1039 3055 1207 3110; x_wconf 80' lang='lat' dir='ltr'><strong>tertia</strong></span> <span class='ocrx_word' id='word_1_217' title='bbox 1249 3056 1374 3109; x_wconf 89' lang='lat' dir='ltr'><strong>vice</strong></span> <span class='ocrx_word' id='word_1_218' title='bbox 1410 3054 1819 3110; x_wconf 86' lang='lat' dir='ltr'><strong>manifestatus</strong></span> <span class='ocrx_word' id='word_1_219' title='bbox 1843 3060 1947 3108; x_wconf 89' lang='lat' dir='ltr'><strong>est.</strong></span> <span class='ocrx_word' id='word_1_220' title='bbox 1975 3057 2174 3125; x_wconf 85' lang='lat' dir='ltr'><strong>Neque</strong></span> 
     </span>
    </p>
   </div>
   <div class='ocr_carea' id='block_1_35' title="bbox 520 3144 2172 3200">
    <p class='ocr_par' dir='ltr' id='par_1_35' title="bbox 520 3144 2172 3200">
     <span class='ocr_line' id='line_1_35' title="bbox 520 3144 2172 3200; baseline -0.001 -1"><span class='ocrx_word' id='word_1_221' title='bbox 520 3147 677 3199; x_wconf 90' lang='lat' dir='ltr'><strong>enim</strong></span> <span class='ocrx_word' id='word_1_222' title='bbox 701 3146 981 3200; x_wconf 90' lang='lat' dir='ltr'><strong>continue</strong></span> <span class='ocrx_word' id='word_1_223' title='bbox 1018 3162 1152 3199; x_wconf 90' lang='lat' dir='ltr'><strong>cum</strong></span> <span class='ocrx_word' id='word_1_224' title='bbox 1182 3144 1265 3199; x_wconf 90' lang='lat' dir='ltr'><strong>eis</strong></span> <span class='ocrx_word' id='word_1_225' title='bbox 1292 3144 1659 3199; x_wconf 87' lang='lat' dir='ltr'><strong>versabatur.</strong></span> <span class='ocrx_word' id='word_1_226' title='bbox 1697 3144 1794 3198; x_wconf 88' lang='lat' dir='ltr'><strong>llic</strong></span> <span class='ocrx_word' id='word_1_227' title='bbox 1825 3150 2024 3198; x_wconf 89' lang='lat' dir='ltr'><strong>autem</strong></span> <span class='ocrx_word' id='word_1_228' title='bbox 2056 3159 2172 3199; x_wconf 92' lang='lat' dir='ltr'><strong>non</strong></span> 
     </span>
    </p>
   </div>
   <div class='ocr_carea' id='block_1_36' title="bbox 2287 548 3903 629">
    <p class='ocr_par' dir='ltr' id='par_1_36' title="bbox 2287 548 3903 629">
     <span class='ocr_line' id='line_1_36' title="bbox 2287 548 3903 629; baseline 0.005 -30"><span class='ocrx_word' id='word_1_229' title='bbox 2287 548 2496 611; x_wconf 87' lang='grc' dir='ltr'>πλείους</span> <span class='ocrx_word' id='word_1_230' title='bbox 2520 552 2619 621; x_wconf 80' lang='grc' dir='ltr'><strong>γὰρ</strong></span> <span class='ocrx_word' id='word_1_231' title='bbox 2641 552 2688 601; x_wconf 86' lang='grc' dir='ltr'>οὶ</span> <span class='ocrx_word' id='word_1_232' title='bbox 2708 548 2761 611; x_wconf 78' lang='grc' dir='ltr'><em>ἐξ</em></span> <span class='ocrx_word' id='word_1_233' title='bbox 2780 548 2936 601; x_wconf 80' lang='grc' dir='ltr'>ἐθνῶν</span> <span class='ocrx_word' id='word_1_234' title='bbox 2960 558 3057 601; x_wconf 81' lang='grc' dir='ltr'>τῶν</span> <span class='ocrx_word' id='word_1_235' title='bbox 3080 549 3133 613; x_wconf 80' lang='grc' dir='ltr'><strong>ἐξ</strong></span> <span class='ocrx_word' id='word_1_236' title='bbox 3150 548 3422 605; x_wconf 78' lang='grc' dir='ltr'><strong>Ἰουδαίων</strong></span> <span class='ocrx_word' id='word_1_237' title='bbox 3450 570 3462 583; x_wconf 87' lang='grc'><strong>·</strong></span> <span class='ocrx_word' id='word_1_238' title='bbox 3499 550 3592 605; x_wconf 77' lang='grc' dir='ltr'><strong>διὰ</strong></span> <span class='ocrx_word' id='word_1_239' title='bbox 3616 563 3716 606; x_wconf 78' lang='grc' dir='ltr'>τῶν</span> <span class='ocrx_word' id='word_1_240' title='bbox 3742 564 3903 629; x_wconf 78' lang='grc' dir='ltr'>τριῶν</span> 
     </span>
    </p>
   </div>
   <div class='ocr_carea' id='block_1_37' title="bbox 2291 634 3461 712">
    <p class='ocr_par' dir='ltr' id='par_1_37' title="bbox 2291 634 3461 712">
     <span class='ocr_line' id='line_1_37' title="bbox 2291 634 3461 712; baseline 0.003 -22"><span class='ocrx_word' id='word_1_241' title='bbox 2291 634 2350 690; x_wconf 73' lang='grc' dir='ltr'><strong>δὲ</strong></span> <span class='ocrx_word' id='word_1_242' title='bbox 2384 643 2480 697; x_wconf 79' lang='grc' dir='ltr'>τὴν</span> <span class='ocrx_word' id='word_1_243' title='bbox 2506 638 2661 709; x_wconf 82' lang='grc' dir='ltr'>ἁγίαν</span> <span class='ocrx_word' id='word_1_244' title='bbox 2692 636 2918 712; x_wconf 73' lang='grc' dir='ltr'>Τριάδα,</span> <span class='ocrx_word' id='word_1_245' title='bbox 2948 640 3020 701; x_wconf 88' lang='grc' dir='ltr'><strong>εἰς</strong></span> <span class='ocrx_word' id='word_1_246' title='bbox 3054 640 3114 697; x_wconf 74' lang='grc' dir='ltr'>ἣν</span> <span class='ocrx_word' id='word_1_247' title='bbox 3137 645 3461 694; x_wconf 80' lang='grc' dir='ltr'>πιστεύουσι.</span> 
     </span>
    </p>
   </div>
   <div class='ocr_carea' id='block_1_38' title="bbox 2364 813 3898 893">
    <p class='ocr_par' dir='ltr' id='par_1_38' title="bbox 2364 813 3898 893">
     <span class='ocr_line' id='line_1_38' title="bbox 2364 813 3898 893; baseline 0.004 -24"><span class='ocrx_word' id='word_1_248' title='bbox 2364 822 2461 869; x_wconf 80' lang='grc' dir='ltr'><strong>Καὶ</strong></span> <span class='ocrx_word' id='word_1_249' title='bbox 2492 849 2559 856; x_wconf 89' lang='lat'>—</span> <span class='ocrx_word' id='word_1_250' title='bbox 2615 813 2850 874; x_wconf 77' lang='grc' dir='ltr'>δίκτυον,</span> <span class='ocrx_word' id='word_1_251' title='bbox 2892 818 3014 890; x_wconf 71' lang='grc' dir='ltr'><strong>Οὐχ</strong></span> <span class='ocrx_word' id='word_1_252' title='bbox 3040 822 3109 881; x_wconf 85' lang='grc' dir='ltr'>ὡς</span> <span class='ocrx_word' id='word_1_253' title='bbox 3152 818 3399 893; x_wconf 80' lang='grc' dir='ltr'>ἰσχυρὸν,</span> <span class='ocrx_word' id='word_1_254' title='bbox 3430 820 3537 873; x_wconf 80' lang='grc' dir='ltr'>ἀλλ’</span> <span class='ocrx_word' id='word_1_255' title='bbox 3565 824 3636 884; x_wconf 78' lang='grc' dir='ltr'><strong>ὡς</strong></span> <span class='ocrx_word' id='word_1_256' title='bbox 3664 830 3755 875; x_wconf 75' lang='grc' dir='ltr'>τοῦ</span> <span class='ocrx_word' id='word_1_257' title='bbox 3784 829 3898 877; x_wconf 76' lang='grc' dir='ltr'><strong>Κυ-</strong></span> 
     </span>
    </p>
   </div>
   <div class='ocr_carea' id='block_1_39' title="bbox 2286 904 3046 980">
    <p class='ocr_par' dir='ltr' id='par_1_39' title="bbox 2286 904 3046 980">
     <span class='ocr_line' id='line_1_39' title="bbox 2286 904 3046 980; baseline 0.007 -23"><span class='ocrx_word' id='word_1_258' title='bbox 2286 912 2403 980; x_wconf 86' lang='grc' dir='ltr'>ρίου</span> <span class='ocrx_word' id='word_1_259' title='bbox 2432 914 2586 959; x_wconf 80' lang='grc' dir='ltr'>τοῦτο</span> <span class='ocrx_word' id='word_1_260' title='bbox 2620 904 3046 979; x_wconf 82' lang='grc' dir='ltr'>δυναμὼσαντος.</span> 
     </span>
    </p>
   </div>
   <div class='ocr_carea' id='block_1_40' title="bbox 2360 996 3893 1075">
    <p class='ocr_par' dir='ltr' id='par_1_40' title="bbox 2360 996 3893 1075">
     <span class='ocr_line' id='line_1_40' title="bbox 2360 996 3893 1075; baseline 0.005 -28"><span class='ocrx_word' id='word_1_261' title='bbox 2360 1001 2512 1067; x_wconf 84' lang='grc' dir='ltr'>Λέγει</span> <span class='ocrx_word' id='word_1_262' title='bbox 2552 1028 2619 1037; x_wconf 90' lang='grc'><strong><em>-</em></strong></span> <span class='ocrx_word' id='word_1_263' title='bbox 2674 996 3019 1067; x_wconf 80' lang='grc' dir='ltr'>ἀριστήσατε.</span> <span class='ocrx_word' id='word_1_264' title='bbox 3058 1006 3164 1060; x_wconf 76' lang='grc' dir='ltr'><strong>Τῆς</strong></span> <span class='ocrx_word' id='word_1_265' title='bbox 3219 1000 3358 1072; x_wconf 84' lang='grc' dir='ltr'>ᾧρας</span> <span class='ocrx_word' id='word_1_266' title='bbox 3411 1007 3503 1052; x_wconf 80' lang='grc' dir='ltr'>τοῦ</span> <span class='ocrx_word' id='word_1_267' title='bbox 3536 999 3755 1075; x_wconf 78' lang='grc' dir='ltr'><strong>ἀρίστου</strong></span> <span class='ocrx_word' id='word_1_268' title='bbox 3782 999 3893 1061; x_wconf 78' lang='grc' dir='ltr'>ἤδη</span> 
     </span>
    </p>
   </div>
   <div class='ocr_carea' id='block_1_41' title="bbox 2286 1084 3897 1160">
    <p class='ocr_par' dir='ltr' id='par_1_41' title="bbox 2286 1084 3897 1160">
     <span class='ocr_line' id='line_1_41' title="bbox 2286 1084 3897 1160; baseline 0.004 -23"><span class='ocrx_word' id='word_1_269' title='bbox 2286 1084 2592 1148; x_wconf 78' lang='grc' dir='ltr'>ἐπιστάσης.</span> <span class='ocrx_word' id='word_1_270' title='bbox 2659 1086 2891 1159; x_wconf 73' lang='grc' dir='ltr'>[Ἔμελλε</span> <span class='ocrx_word' id='word_1_271' title='bbox 2939 1086 3051 1159; x_wconf 80' lang='grc'>(43)</span> <span class='ocrx_word' id='word_1_272' title='bbox 3112 1091 3211 1160; x_wconf 81' lang='grc' dir='ltr'><strong>γὰρ</strong></span> <span class='ocrx_word' id='word_1_273' title='bbox 3271 1093 3392 1152; x_wconf 81' lang='grc' dir='ltr'>τοὺς</span> <span class='ocrx_word' id='word_1_274' title='bbox 3460 1094 3649 1153; x_wconf 78' lang='grc' dir='ltr'><strong>πόνους</strong></span> <span class='ocrx_word' id='word_1_275' title='bbox 3724 1093 3897 1144; x_wconf 69' lang='grc' dir='ltr'>αὐτῶν</span> 
     </span>
    </p>
   </div>
   <div class='ocr_carea' id='block_1_42' title="bbox 2287 1172 3898 1247">
    <p class='ocr_par' dir='ltr' id='par_1_42' title="bbox 2287 1172 3898 1247">
     <span class='ocr_line' id='line_1_42' title="bbox 2287 1172 3898 1247; baseline 0.004 -21"><span class='ocrx_word' id='word_1_276' title='bbox 2287 1172 2641 1247; x_wconf 67' lang='grc' dir='ltr'><strong>διαδέχεσθαι</strong></span> <span class='ocrx_word' id='word_1_277' title='bbox 2696 1174 3004 1237; x_wconf 79' lang='grc' dir='ltr'><strong>ἀνάπαυσις.</strong></span> <span class='ocrx_word' id='word_1_278' title='bbox 3071 1177 3221 1239; x_wconf 83' lang='grc' dir='ltr'>Εἰκὸς</span> <span class='ocrx_word' id='word_1_279' title='bbox 3276 1175 3462 1231; x_wconf 75' lang='grc' dir='ltr'><strong>δὲκαὶ</strong></span> <span class='ocrx_word' id='word_1_280' title='bbox 3517 1179 3571 1232; x_wconf 79' lang='grc' dir='ltr'>ἐκ</span> <span class='ocrx_word' id='word_1_281' title='bbox 3624 1188 3724 1233; x_wconf 73' lang='grc' dir='ltr'>τῶν</span> <span class='ocrx_word' id='word_1_282' title='bbox 3773 1202 3898 1233; x_wconf 78' lang='grc' dir='ltr'>πια-</span> 
     </span>
    </p>
   </div>
   <div class='ocr_carea' id='block_1_43' title="bbox 2288 1265 3895 1341">
    <p class='ocr_par' dir='ltr' id='par_1_43' title="bbox 2288 1265 3895 1341">
     <span class='ocr_line' id='line_1_43' title="bbox 2288 1265 3895 1341; baseline 0.004 -26"><span class='ocrx_word' id='word_1_283' title='bbox 2288 1266 2508 1316; x_wconf 83' lang='grc' dir='ltr'>σθέντων</span> <span class='ocrx_word' id='word_1_284' title='bbox 2544 1265 2741 1336; x_wconf 69' lang='grc' dir='ltr'>ἰχθύων</span> <span class='ocrx_word' id='word_1_285' title='bbox 2792 1268 2935 1327; x_wconf 79' lang='grc' dir='ltr'>τινὰς</span> <span class='ocrx_word' id='word_1_286' title='bbox 2980 1265 3270 1326; x_wconf 79' lang='grc' dir='ltr'><strong>ὀπτηθῆναι</strong></span> <span class='ocrx_word' id='word_1_287' title='bbox 3318 1272 3448 1341; x_wconf 86' lang='grc' dir='ltr'>πρὸς</span> <span class='ocrx_word' id='word_1_288' title='bbox 3497 1269 3735 1323; x_wconf 80' lang='grc' dir='ltr'>ἑστίασιν</span> <span class='ocrx_word' id='word_1_289' title='bbox 3766 1271 3895 1323; x_wconf 83' lang='grc' dir='ltr'>ὅλων</span> 
     </span>
    </p>
   </div>
   <div class='ocr_carea' id='block_1_44' title="bbox 2285 1354 3901 1433">
    <p class='ocr_par' dir='ltr' id='par_1_44' title="bbox 2285 1354 3901 1433">
     <span class='ocr_line' id='line_1_44' title="bbox 2285 1354 3901 1433; baseline 0.006 -29"><span class='ocrx_word' id='word_1_290' title='bbox 2285 1362 2383 1405; x_wconf 84' lang='grc' dir='ltr'>τῶν</span> <span class='ocrx_word' id='word_1_291' title='bbox 2434 1357 2700 1426; x_wconf 78' lang='grc' dir='ltr'>μαθητῶν,</span> <span class='ocrx_word' id='word_1_292' title='bbox 2760 1360 2882 1417; x_wconf 77' lang='grc' dir='ltr'>τοὺς</span> <span class='ocrx_word' id='word_1_293' title='bbox 2928 1355 3137 1417; x_wconf 77' lang='grc' dir='ltr'>λοιποὺς</span> <span class='ocrx_word' id='word_1_294' title='bbox 3212 1354 3271 1410; x_wconf 66' lang='grc' dir='ltr'><strong>δί</strong></span> <span class='ocrx_word' id='word_1_295' title='bbox 3319 1362 3507 1416; x_wconf 78' lang='grc' dir='ltr'><strong>πένησι</strong></span> <span class='ocrx_word' id='word_1_296' title='bbox 3572 1355 3901 1433; x_wconf 73' lang='grc' dir='ltr'>διανεμηθῆ-</span> 
     </span>
    </p>
   </div>
   <div class='ocr_carea' id='block_1_45' title="bbox 2286 1445 2417 1511">
    <p class='ocr_par' dir='ltr' id='par_1_45' title="bbox 2286 1445 2417 1511">
     <span class='ocr_line' id='line_1_45' title="bbox 2286 1445 2417 1511; baseline 0.008 -18"><span class='ocrx_word' id='word_1_297' title='bbox 2286 1445 2417 1511; x_wconf 90' lang='grc' dir='ltr'>ναι.]</span> 
     </span>
    </p>
   </div>
   <div class='ocr_carea' id='block_1_46' title="bbox 2356 1528 3898 1610">
    <p class='ocr_par' dir='ltr' id='par_1_46' title="bbox 2356 1528 3898 1610">
     <span class='ocr_line' id='line_1_46' title="bbox 2356 1528 3898 1610; baseline 0.005 -27"><span class='ocrx_word' id='word_1_298' title='bbox 2356 1528 2549 1593; x_wconf 72' lang='grc' dir='ltr'><strong>Οὐδεὶς</strong></span> <span class='ocrx_word' id='word_1_299' title='bbox 2580 1529 2637 1585; x_wconf 74' lang='grc' dir='ltr'><strong>δὲ</strong></span> <span class='ocrx_word' id='word_1_300' title='bbox 2668 1566 2733 1573; x_wconf 87' lang='grc'><strong>-</strong></span> <span class='ocrx_word' id='word_1_301' title='bbox 2765 1535 2925 1589; x_wconf 70' lang='grc' dir='ltr'>ἐστιν.</span> <span class='ocrx_word' id='word_1_302' title='bbox 2958 1540 3063 1593; x_wconf 86' lang='grc' dir='ltr'><strong>Τὴν</strong></span> <span class='ocrx_word' id='word_1_303' title='bbox 3082 1534 3201 1606; x_wconf 64' lang='grc' dir='ltr'>ὄψιν</span> <span class='ocrx_word' id='word_1_304' title='bbox 3216 1536 3375 1588; x_wconf 76' lang='grc' dir='ltr'>αὐτοῦ</span> <span class='ocrx_word' id='word_1_305' title='bbox 3404 1536 3674 1610; x_wconf 81' lang='grc' dir='ltr'>βλέποντες</span> <span class='ocrx_word' id='word_1_306' title='bbox 3696 1537 3898 1591; x_wconf 74' lang='grc' dir='ltr'>ἀλλοιο-</span> 
     </span>
    </p>
   </div>
   <div class='ocr_carea' id='block_1_47' title="bbox 2284 1622 3893 1700">
    <p class='ocr_par' dir='ltr' id='par_1_47' title="bbox 2284 1622 3893 1700">
     <span class='ocr_line' id='line_1_47' title="bbox 2284 1622 3893 1700; baseline 0.006 -28"><span class='ocrx_word' id='word_1_307' title='bbox 2284 1625 2434 1696; x_wconf 83' lang='grc' dir='ltr'>τέραν</span> <span class='ocrx_word' id='word_1_308' title='bbox 2457 1627 2544 1673; x_wconf 88' lang='grc' dir='ltr'><strong>καὶ</strong></span> <span class='ocrx_word' id='word_1_309' title='bbox 2577 1622 3066 1683; x_wconf 78' lang='grc' dir='ltr'>ἐκπληκτικωτάτην</span> <span class='ocrx_word' id='word_1_310' title='bbox 3094 1624 3362 1678; x_wconf 71' lang='grc' dir='ltr'>ἐϐούλοντο</span> <span class='ocrx_word' id='word_1_311' title='bbox 3505 1626 3893 1700; x_wconf 70' lang='grc' dir='ltr'>ἐρωτῆσαι,οὐκ</span> 
     </span>
    </p>
   </div>
   <div class='ocr_carea' id='block_1_48' title="bbox 2286 1707 3897 1793">
    <p class='ocr_par' dir='ltr' id='par_1_48' title="bbox 2286 1707 3897 1793">
     <span class='ocr_line' id='line_1_48' title="bbox 2286 1707 3897 1793; baseline 0.006 -32"><span class='ocrx_word' id='word_1_312' title='bbox 2286 1709 2514 1782; x_wconf 75' lang='grc' dir='ltr'><strong>ἐτόλμων</strong></span> <span class='ocrx_word' id='word_1_313' title='bbox 2539 1707 2599 1764; x_wconf 66' lang='grc' dir='ltr'><strong>δὲ</strong></span> <span class='ocrx_word' id='word_1_314' title='bbox 2629 1709 2825 1775; x_wconf 75' lang='grc' dir='ltr'>ειδότες</span> <span class='ocrx_word' id='word_1_315' title='bbox 2879 1715 2993 1785; x_wconf 70' lang='grc'>(44)</span> <span class='ocrx_word' id='word_1_316' title='bbox 3024 1713 3125 1767; x_wconf 82' lang='grc' dir='ltr'>ἀπὸ</span> <span class='ocrx_word' id='word_1_317' title='bbox 3157 1723 3255 1767; x_wconf 84' lang='grc' dir='ltr'>τῶν</span> <span class='ocrx_word' id='word_1_318' title='bbox 3287 1716 3564 1791; x_wconf 76' lang='grc' dir='ltr'>εἰρημένων</span> <span class='ocrx_word' id='word_1_319' title='bbox 3598 1724 3897 1793; x_wconf 76' lang='grc' dir='ltr'><strong>τεκμηρίων</strong></span> 
     </span>
    </p>
   </div>
   <div class='ocr_carea' id='block_1_49' title="bbox 2284 1802 2834 1874">
    <p class='ocr_par' dir='ltr' id='par_1_49' title="bbox 2284 1802 2834 1874">
     <span class='ocr_line' id='line_1_49' title="bbox 2284 1802 2834 1874; baseline 0.002 -22"><span class='ocrx_word' id='word_1_320' title='bbox 2284 1802 2364 1853; x_wconf 85' lang='grc' dir='ltr'><strong>ὅτι</strong></span> <span class='ocrx_word' id='word_1_321' title='bbox 2396 1803 2419 1851; x_wconf 89' lang='grc' dir='ltr'>ὁ</span> <span class='ocrx_word' id='word_1_322' title='bbox 2454 1804 2642 1874; x_wconf 76' lang='grc' dir='ltr'>Κύριός</span> <span class='ocrx_word' id='word_1_323' title='bbox 2670 1803 2834 1859; x_wconf 81' lang='grc' dir='ltr'>ἐστιν,</span> 
     </span>
    </p>
   </div>
   <div class='ocr_carea' id='block_1_50' title="bbox 2356 1975 3891 2055">
    <p class='ocr_par' dir='ltr' id='par_1_50' title="bbox 2356 1975 3891 2055">
     <span class='ocr_line' id='line_1_50' title="bbox 2356 1975 3891 2055; baseline 0.005 -27"><span class='ocrx_word' id='word_1_324' title='bbox 2356 1975 2611 2049; x_wconf 76' lang='grc' dir='ltr'><strong>Ἔρχεται</strong></span> <span class='ocrx_word' id='word_1_325' title='bbox 2645 2008 2714 2018; x_wconf 93' lang='grc'><strong><em>-</em></strong></span> <span class='ocrx_word' id='word_1_326' title='bbox 2756 1979 2967 2049; x_wconf 84' lang='grc' dir='ltr'>ὁμοίως.</span> <span class='ocrx_word' id='word_1_327' title='bbox 3001 1980 3188 2032; x_wconf 68' lang='grc' dir='ltr'>Οὐκέτι</span> <span class='ocrx_word' id='word_1_328' title='bbox 3218 1978 3489 2034; x_wconf 73' lang='grc' dir='ltr'>ἀναϐλέπει</span> <span class='ocrx_word' id='word_1_329' title='bbox 3520 1983 3591 2045; x_wconf 74' lang='grc' dir='ltr'><strong>εἰς</strong></span> <span class='ocrx_word' id='word_1_330' title='bbox 3619 1986 3705 2035; x_wconf 87' lang='grc' dir='ltr'>τὸν</span> <span class='ocrx_word' id='word_1_331' title='bbox 3737 1982 3891 2055; x_wconf 73' lang='grc' dir='ltr'>οὐρα-</span> 
     </span>
    </p>
   </div>
   <div class='ocr_carea' id='block_1_51' title="bbox 2283 2062 3894 2141">
    <p class='ocr_par' dir='ltr' id='par_1_51' title="bbox 2283 2062 3894 2141">
     <span class='ocr_line' id='line_1_51' title="bbox 2283 2062 3894 2141; baseline 0.005 -26"><span class='ocrx_word' id='word_1_332' title='bbox 2283 2068 2388 2129; x_wconf 77' lang='grc' dir='ltr'>νὸν,</span> <span class='ocrx_word' id='word_1_333' title='bbox 2421 2062 2544 2118; x_wconf 67' lang='grc' dir='ltr'><strong>οὐδὲ</strong></span> <span class='ocrx_word' id='word_1_334' title='bbox 2569 2069 2632 2118; x_wconf 87' lang='grc' dir='ltr'>τὰ</span> <span class='ocrx_word' id='word_1_335' title='bbox 2664 2066 2960 2141; x_wconf 79' lang='grc' dir='ltr'>ἀνθρώπινα</span> <span class='ocrx_word' id='word_1_336' title='bbox 2990 2067 3156 2121; x_wconf 76' lang='grc' dir='ltr'>ἐκεῖνα</span> <span class='ocrx_word' id='word_1_337' title='bbox 3183 2077 3339 2137; x_wconf 75' lang='grc' dir='ltr'>ποιεῖ,</span> <span class='ocrx_word' id='word_1_338' title='bbox 3374 2067 3623 2123; x_wconf 65' lang='grc' dir='ltr'>δεικνύων</span> <span class='ocrx_word' id='word_1_339' title='bbox 3648 2074 3727 2123; x_wconf 86' lang='grc' dir='ltr'><strong>ὅτι</strong></span> <span class='ocrx_word' id='word_1_340' title='bbox 3790 2072 3894 2123; x_wconf 82' lang='grc' dir='ltr'>κά-</span> 
     </span>
    </p>
   </div>
   <div class='ocr_carea' id='block_1_52' title="bbox 2284 2156 3113 2228">
    <p class='ocr_par' dir='ltr' id='par_1_52' title="bbox 2284 2156 3113 2228">
     <span class='ocr_line' id='line_1_52' title="bbox 2284 2156 3113 2228; baseline 0.004 -21"><span class='ocrx_word' id='word_1_341' title='bbox 2284 2162 2426 2207; x_wconf 80' lang='grc' dir='ltr'>κεῖνα</span> <span class='ocrx_word' id='word_1_342' title='bbox 2455 2156 2570 2207; x_wconf 85' lang='grc' dir='ltr'>κατ’</span> <span class='ocrx_word' id='word_1_343' title='bbox 2603 2156 2899 2228; x_wconf 73' lang='grc' dir='ltr'>οἰκονομίαν</span> <span class='ocrx_word' id='word_1_344' title='bbox 2930 2156 3113 2215; x_wconf 78' lang='grc' dir='ltr'>ἐποίει,</span> 
     </span>
    </p>
   </div>
   <div class='ocr_carea' id='block_1_53' title="bbox 2353 2250 3888 2323">
    <p class='ocr_par' dir='ltr' id='par_1_53' title="bbox 2353 2250 3888 2323">
     <span class='ocr_line' id='line_1_53' title="bbox 2353 2250 3888 2323; baseline 0.005 -27"><span class='ocrx_word' id='word_1_345' title='bbox 2353 2251 2517 2297; x_wconf 83' lang='grc' dir='ltr'>Τοῦτο</span> <span class='ocrx_word' id='word_1_346' title='bbox 2572 2276 2639 2287; x_wconf 92' lang='grc'><strong><em>-</em></strong></span> <span class='ocrx_word' id='word_1_347' title='bbox 2689 2255 2898 2319; x_wconf 85' lang='grc' dir='ltr'>νεκρῶν.</span> <span class='ocrx_word' id='word_1_348' title='bbox 2977 2255 3188 2321; x_wconf 84' lang='grc' dir='ltr'>Πρῶτον</span> <span class='ocrx_word' id='word_1_349' title='bbox 3244 2252 3353 2321; x_wconf 68' lang='grc' dir='ltr'>μὲν,</span> <span class='ocrx_word' id='word_1_350' title='bbox 3409 2252 3569 2309; x_wconf 68' lang='grc' dir='ltr'>οὔσης</span> <span class='ocrx_word' id='word_1_351' title='bbox 3621 2250 3773 2321; x_wconf 73' lang='grc' dir='ltr'>ὀψίας</span> <span class='ocrx_word' id='word_1_352' title='bbox 3825 2258 3888 2323; x_wconf 72' lang='grc' dir='ltr'>τῇ</span> 
     </span>
    </p>
   </div>
   <div class='ocr_carea' id='block_1_54' title="bbox 2285 2334 3892 2412">
    <p class='ocr_par' dir='ltr' id='par_1_54' title="bbox 2285 2334 3892 2412">
     <span class='ocr_line' id='line_1_54' title="bbox 2285 2334 3892 2412; baseline 0.006 -28"><span class='ocrx_word' id='word_1_353' title='bbox 2285 2335 2455 2408; x_wconf 78' lang='grc' dir='ltr'>ἡμέρᾳ</span> <span class='ocrx_word' id='word_1_354' title='bbox 2504 2334 2664 2408; x_wconf 74' lang='grc' dir='ltr'>ἐκείνη</span> <span class='ocrx_word' id='word_1_355' title='bbox 2733 2337 2851 2388; x_wconf 84' lang='grc' dir='ltr'>καθ’</span> <span class='ocrx_word' id='word_1_356' title='bbox 2912 2336 2972 2395; x_wconf 76' lang='grc' dir='ltr'>ἣν</span> <span class='ocrx_word' id='word_1_357' title='bbox 3040 2336 3225 2397; x_wconf 82' lang='grc' dir='ltr'><strong>ἀνέστη</strong></span> <span class='ocrx_word' id='word_1_358' title='bbox 3278 2360 3290 2371; x_wconf 86' lang='grc'>·</span> <span class='ocrx_word' id='word_1_359' title='bbox 3352 2336 3591 2412; x_wconf 75' lang='grc' dir='ltr'>δεύτερον</span> <span class='ocrx_word' id='word_1_360' title='bbox 3648 2337 3727 2407; x_wconf 71' lang='grc' dir='ltr'><strong>δὲ,</strong></span> <span class='ocrx_word' id='word_1_361' title='bbox 3776 2342 3892 2412; x_wconf 77' lang='grc' dir='ltr'>μεθ’</span> 
     </span>
    </p>
   </div>
   <div class='ocr_carea' id='block_1_55' title="bbox 2286 2423 3892 2501">
    <p class='ocr_par' dir='ltr' id='par_1_55' title="bbox 2286 2423 3892 2501">
     <span class='ocr_line' id='line_1_55' title="bbox 2286 2423 3892 2501; baseline 0.004 -27"><span class='ocrx_word' id='word_1_362' title='bbox 2286 2425 2479 2495; x_wconf 78' lang='grc' dir='ltr'>ἡμέρας</span> <span class='ocrx_word' id='word_1_363' title='bbox 2501 2423 2634 2476; x_wconf 81' lang='grc' dir='ltr'><strong>ὁκτὼ</strong></span> <span class='ocrx_word' id='word_1_364' title='bbox 2664 2444 2676 2456; x_wconf 88' lang='grc'><strong>·</strong></span> <span class='ocrx_word' id='word_1_365' title='bbox 2704 2430 2880 2498; x_wconf 86' lang='grc' dir='ltr'>τρίτον</span> <span class='ocrx_word' id='word_1_366' title='bbox 2912 2423 2990 2489; x_wconf 73' lang='grc' dir='ltr'><strong>δὲ,</strong></span> <span class='ocrx_word' id='word_1_367' title='bbox 3024 2436 3113 2478; x_wconf 79' lang='grc' dir='ltr'>νῦν</span> <span class='ocrx_word' id='word_1_368' title='bbox 3146 2447 3159 2459; x_wconf 86' lang='lat'><strong>&#39;</strong></span> <span class='ocrx_word' id='word_1_369' title='bbox 3213 2432 3453 2481; x_wconf 72' lang='grc' dir='ltr'>Φαίνεται</span> <span class='ocrx_word' id='word_1_370' title='bbox 3504 2426 3591 2481; x_wconf 75' lang='grc' dir='ltr'>οὖν</span> <span class='ocrx_word' id='word_1_371' title='bbox 3632 2430 3707 2481; x_wconf 86' lang='grc' dir='ltr'>ὄτι</span> <span class='ocrx_word' id='word_1_372' title='bbox 3759 2433 3892 2501; x_wconf 72' lang='grc' dir='ltr'>μετὰ</span> 
     </span>
    </p>
   </div>
   <div class='ocr_carea' id='block_1_56' title="bbox 2286 2512 3892 2590">
    <p class='ocr_par' dir='ltr' id='par_1_56' title="bbox 2286 2512 3892 2590">
     <span class='ocr_line' id='line_1_56' title="bbox 2286 2512 3892 2590; baseline 0.005 -27"><span class='ocrx_word' id='word_1_373' title='bbox 2286 2519 2438 2563; x_wconf 74' lang='grc' dir='ltr'>τοῦτο</span> <span class='ocrx_word' id='word_1_374' title='bbox 2472 2512 2686 2571; x_wconf 81' lang='grc' dir='ltr'>ἀνῆλθον</span> <span class='ocrx_word' id='word_1_375' title='bbox 2737 2516 2785 2565; x_wconf 88' lang='grc' dir='ltr'>οἱ</span> <span class='ocrx_word' id='word_1_376' title='bbox 2818 2516 2931 2585; x_wconf 76' lang='grc'>(45)</span> <span class='ocrx_word' id='word_1_377' title='bbox 2964 2518 3199 2587; x_wconf 88' lang='grc' dir='ltr'>μαθηταὶ</span> <span class='ocrx_word' id='word_1_378' title='bbox 3250 2517 3323 2578; x_wconf 86' lang='grc' dir='ltr'><strong>εἰς</strong></span> <span class='ocrx_word' id='word_1_379' title='bbox 3366 2521 3423 2569; x_wconf 88' lang='grc' dir='ltr'>τὸ</span> <span class='ocrx_word' id='word_1_380' title='bbox 3479 2521 3614 2590; x_wconf 59' lang='grc' dir='ltr'>ᾇοος,</span> <span class='ocrx_word' id='word_1_381' title='bbox 3668 2518 3727 2570; x_wconf 83' lang='grc' dir='ltr'>οὖ</span> <span class='ocrx_word' id='word_1_382' title='bbox 3769 2517 3892 2571; x_wconf 70' lang='grc' dir='ltr'><strong>ἕτα-</strong></span> 
     </span>
    </p>
   </div>
   <div class='ocr_carea' id='block_1_57' title="bbox 2289 2600 3894 2680">
    <p class='ocr_par' dir='ltr' id='par_1_57' title="bbox 2289 2600 3894 2680">
     <span class='ocr_line' id='line_1_57' title="bbox 2289 2600 3894 2680; baseline 0.004 -27"><span class='ocrx_word' id='word_1_383' title='bbox 2289 2600 2410 2663; x_wconf 80' lang='grc' dir='ltr'>ξατο</span> <span class='ocrx_word' id='word_1_384' title='bbox 2442 2604 2639 2669; x_wconf 71' lang='grc' dir='ltr'>αὐτοῖς,</span> <span class='ocrx_word' id='word_1_385' title='bbox 2692 2605 2774 2655; x_wconf 81' lang='grc' dir='ltr'>ὅτε</span> <span class='ocrx_word' id='word_1_386' title='bbox 2834 2600 3044 2663; x_wconf 70' lang='grc' dir='ltr'>δηλαδὴ</span> <span class='ocrx_word' id='word_1_387' title='bbox 3096 2609 3498 2680; x_wconf 75' lang='grc' dir='ltr'><strong>προετράπησαν</strong></span> <span class='ocrx_word' id='word_1_388' title='bbox 3556 2603 3705 2669; x_wconf 79' lang='grc' dir='ltr'>αὖθις</span> <span class='ocrx_word' id='word_1_389' title='bbox 3748 2610 3894 2679; x_wconf 84' lang='grc' dir='ltr'><strong>παρά</strong></span> 
     </span>
    </p>
   </div>
   <div class='ocr_carea' id='block_1_58' title="bbox 2286 2692 3893 2768">
    <p class='ocr_par' dir='ltr' id='par_1_58' title="bbox 2286 2692 3893 2768">
     <span class='ocr_line' id='line_1_58' title="bbox 2286 2692 3893 2768; baseline 0.004 -26"><span class='ocrx_word' id='word_1_390' title='bbox 2286 2700 2378 2742; x_wconf 79' lang='grc' dir='ltr'>τοῦ</span> <span class='ocrx_word' id='word_1_391' title='bbox 2442 2697 2655 2766; x_wconf 78' lang='grc' dir='ltr'>Κυρίου.</span> <span class='ocrx_word' id='word_1_392' title='bbox 2705 2693 3030 2767; x_wconf 82' lang='grc' dir='ltr'>Ἐφανερὼθη</span> <span class='ocrx_word' id='word_1_393' title='bbox 3096 2698 3185 2767; x_wconf 67' lang='grc' dir='ltr'>μὶν</span> <span class='ocrx_word' id='word_1_394' title='bbox 3235 2692 3324 2748; x_wconf 71' lang='grc' dir='ltr'>οὖν</span> <span class='ocrx_word' id='word_1_395' title='bbox 3392 2701 3482 2748; x_wconf 87' lang='grc' dir='ltr'>καὶ</span> <span class='ocrx_word' id='word_1_396' title='bbox 3528 2704 3640 2757; x_wconf 85' lang='grc' dir='ltr'>ταῖς</span> <span class='ocrx_word' id='word_1_397' title='bbox 3722 2698 3893 2768; x_wconf 87' lang='grc' dir='ltr'>μαθη-</span> 
     </span>
    </p>
   </div>
   <div class='ocr_carea' id='block_1_59' title="bbox 2286 2781 3890 2859">
    <p class='ocr_par' dir='ltr' id='par_1_59' title="bbox 2286 2781 3890 2859">
     <span class='ocr_line' id='line_1_59' title="bbox 2286 2781 3890 2859; baseline 0.004 -28"><span class='ocrx_word' id='word_1_398' title='bbox 2286 2786 2475 2849; x_wconf 75' lang='grc' dir='ltr'>τρίαις,</span> <span class='ocrx_word' id='word_1_399' title='bbox 2507 2787 2594 2833; x_wconf 82' lang='grc' dir='ltr'>καὶ</span> <span class='ocrx_word' id='word_1_400' title='bbox 2626 2789 2731 2843; x_wconf 86' lang='grc' dir='ltr'>τοῖς</span> <span class='ocrx_word' id='word_1_401' title='bbox 2775 2787 2916 2855; x_wconf 82' lang='grc' dir='ltr'>παρὰ</span> <span class='ocrx_word' id='word_1_402' title='bbox 2963 2792 3037 2853; x_wconf 80' lang='grc' dir='ltr'>τῷ</span> <span class='ocrx_word' id='word_1_403' title='bbox 3096 2786 3293 2859; x_wconf 79' lang='grc' dir='ltr'>Μάρκῳ</span> <span class='ocrx_word' id='word_1_404' title='bbox 3339 2781 3486 2849; x_wconf 81' lang='grc' dir='ltr'>δυσὶ,</span> <span class='ocrx_word' id='word_1_405' title='bbox 3542 2790 3633 2837; x_wconf 76' lang='grc' dir='ltr'>καὶ</span> <span class='ocrx_word' id='word_1_406' title='bbox 3680 2794 3753 2857; x_wconf 79' lang='grc' dir='ltr'>τῷ</span> <span class='ocrx_word' id='word_1_407' title='bbox 3800 2790 3890 2837; x_wconf 79' lang='grc' dir='ltr'><strong>1ιέ-</strong></span> 
     </span>
    </p>
   </div>
   <div class='ocr_carea' id='block_1_60' title="bbox 2288 2874 3893 2948">
    <p class='ocr_par' dir='ltr' id='par_1_60' title="bbox 2288 2874 3893 2948">
     <span class='ocr_line' id='line_1_60' title="bbox 2288 2874 3893 2948; baseline 0.004 -27"><span class='ocrx_word' id='word_1_408' title='bbox 2288 2889 2412 2944; x_wconf 79' lang='grc' dir='ltr'>τρῳ,</span> <span class='ocrx_word' id='word_1_409' title='bbox 2446 2878 2536 2923; x_wconf 82' lang='grc' dir='ltr'><strong>καὶ</strong></span> <span class='ocrx_word' id='word_1_410' title='bbox 2578 2880 2687 2934; x_wconf 89' lang='grc' dir='ltr'>τοῖς</span> <span class='ocrx_word' id='word_1_411' title='bbox 2734 2878 2851 2945; x_wconf 83' lang='grc' dir='ltr'>περὶ</span> <span class='ocrx_word' id='word_1_412' title='bbox 2915 2874 3144 2927; x_wconf 80' lang='grc' dir='ltr'>Κλεόπαν</span> <span class='ocrx_word' id='word_1_413' title='bbox 3196 2878 3309 2945; x_wconf 72' lang='grc'>(46)</span> <span class='ocrx_word' id='word_1_414' title='bbox 3346 2880 3359 2903; x_wconf 88' lang='grc'><strong><em>⁶</em></strong></span> <span class='ocrx_word' id='word_1_415' title='bbox 3389 2874 3519 2927; x_wconf 75' lang='grc' dir='ltr'>ἀλλὰ</span> <span class='ocrx_word' id='word_1_416' title='bbox 3568 2883 3678 2937; x_wconf 88' lang='grc' dir='ltr'>τοῖς</span> <span class='ocrx_word' id='word_1_417' title='bbox 3723 2878 3893 2948; x_wconf 72' lang='grc' dir='ltr'>μαθη-</span> 
     </span>
    </p>
   </div>
   <div class='ocr_carea' id='block_1_61' title="bbox 2288 2960 3892 3039">
    <p class='ocr_par' dir='ltr' id='par_1_61' title="bbox 2288 2960 3892 3039">
     <span class='ocr_line' id='line_1_61' title="bbox 2288 2960 3892 3039; baseline 0.006 -27"><span class='ocrx_word' id='word_1_418' title='bbox 2288 2969 2403 3022; x_wconf 90' lang='grc' dir='ltr'>ταῖς</span> <span class='ocrx_word' id='word_1_419' title='bbox 2430 2963 2578 3033; x_wconf 75' lang='grc' dir='ltr'>ὁμοῦ,</span> <span class='ocrx_word' id='word_1_420' title='bbox 2617 2971 2770 3015; x_wconf 79' lang='grc' dir='ltr'>τοῦτο</span> <span class='ocrx_word' id='word_1_421' title='bbox 2802 2960 2909 3022; x_wconf 80' lang='grc' dir='ltr'>ἤδη</span> <span class='ocrx_word' id='word_1_422' title='bbox 2937 2970 3112 3039; x_wconf 84' lang='grc' dir='ltr'>τρίτον</span> <span class='ocrx_word' id='word_1_423' title='bbox 3144 2966 3459 3038; x_wconf 74' lang='grc' dir='ltr'>ἐφανερώθη.</span> <span class='ocrx_word' id='word_1_424' title='bbox 3507 2965 3608 3038; x_wconf 74' lang='grc' dir='ltr'><strong>[οὐ</strong></span> <span class='ocrx_word' id='word_1_425' title='bbox 3639 2969 3740 3039; x_wconf 74' lang='grc' dir='ltr'>γὰρ</span> <span class='ocrx_word' id='word_1_426' title='bbox 3777 2968 3892 3039; x_wconf 69' lang='grc'>(47)</span> 
     </span>
    </p>
   </div>
   <div class='ocr_carea' id='block_1_62' title="bbox 2291 3052 3893 3127">
    <p class='ocr_par' dir='ltr' id='par_1_62' title="bbox 2291 3052 3893 3127">
     <span class='ocr_line' id='line_1_62' title="bbox 2291 3052 3893 3127; baseline 0.004 -27"><span class='ocrx_word' id='word_1_427' title='bbox 2291 3060 2526 3122; x_wconf 78' lang='grc' dir='ltr'>συνεχῶς</span> <span class='ocrx_word' id='word_1_428' title='bbox 2572 3052 2750 3114; x_wconf 73' lang='grc' dir='ltr'>αὐτοῖς</span> <span class='ocrx_word' id='word_1_429' title='bbox 2800 3052 3178 3126; x_wconf 75' lang='grc' dir='ltr'>ἐπεχωρίαζεν,</span> <span class='ocrx_word' id='word_1_430' title='bbox 3225 3055 3363 3107; x_wconf 84' lang='grc' dir='ltr'>Ἀλλ’</span> <span class='ocrx_word' id='word_1_431' title='bbox 3420 3056 3643 3108; x_wconf 83' lang='grc' dir='ltr'>ἐνταῦθα</span> <span class='ocrx_word' id='word_1_432' title='bbox 3684 3060 3773 3127; x_wconf 70' lang='grc' dir='ltr'>μὲν</span> <span class='ocrx_word' id='word_1_433' title='bbox 3797 3056 3893 3107; x_wconf 69' lang='grc' dir='ltr'>οὐκ</span> 
     </span>
    </p>
   </div>
   <div class='ocr_carea' id='block_1_63' title="bbox 2288 3138 3895 3216">
    <p class='ocr_par' dir='ltr' id='par_1_63' title="bbox 2288 3138 3895 3216">
     <span class='ocr_line' id='line_1_63' title="bbox 2288 3138 3895 3216; baseline 0.004 -25"><span class='ocrx_word' id='word_1_434' title='bbox 2288 3138 2421 3192; x_wconf 81' lang='grc' dir='ltr'>εἶπεν</span> <span class='ocrx_word' id='word_1_435' title='bbox 2462 3142 2541 3192; x_wconf 87' lang='grc' dir='ltr'><strong>ὃτι</strong></span> <span class='ocrx_word' id='word_1_436' title='bbox 2577 3147 2664 3194; x_wconf 85' lang='grc' dir='ltr'>καὶ</span> <span class='ocrx_word' id='word_1_437' title='bbox 2724 3142 2877 3203; x_wconf 70' lang='grc' dir='ltr'>αὐτὸς</span> <span class='ocrx_word' id='word_1_438' title='bbox 2907 3146 3084 3216; x_wconf 74' lang='grc' dir='ltr'>ἔφαγεν</span> <span class='ocrx_word' id='word_1_439' title='bbox 3116 3161 3129 3174; x_wconf 83' lang='grc'><em>’</em></span> <span class='ocrx_word' id='word_1_440' title='bbox 3163 3141 3309 3216; x_wconf 79' lang='grc' dir='ltr'>οἶμαι</span> <span class='ocrx_word' id='word_1_441' title='bbox 3342 3141 3421 3209; x_wconf 68' lang='grc' dir='ltr'><strong>δὲ,</strong></span> <span class='ocrx_word' id='word_1_442' title='bbox 3459 3148 3529 3207; x_wconf 87' lang='grc' dir='ltr'>ὡς</span> <span class='ocrx_word' id='word_1_443' title='bbox 3568 3153 3661 3198; x_wconf 82' lang='grc' dir='ltr'>τοῦ</span> <span class='ocrx_word' id='word_1_444' title='bbox 3716 3152 3895 3198; x_wconf 75' lang='grc' dir='ltr'>Λουκᾱ</span> 
     </span>
    </p>
   </div>
   <div class='ocr_carea' id='block_1_64' title="bbox 519 3227 2173 3307">
    <p class='ocr_par' dir='ltr' id='par_1_64' title="bbox 519 3232 2173 3305">
     <span class='ocr_line' id='line_1_64' title="bbox 519 3232 2173 3305; baseline 0 -19"><span class='ocrx_word' id='word_1_445' title='bbox 519 3233 685 3298; x_wconf 85' lang='lat' dir='ltr'><strong>dixit,</strong></span> <span class='ocrx_word' id='word_1_446' title='bbox 715 3233 876 3304; x_wconf 87' lang='lat' dir='ltr'><strong>quod</strong></span> <span class='ocrx_word' id='word_1_447' title='bbox 900 3238 955 3288; x_wconf 92' lang='lat' dir='ltr'><strong>et</strong></span> <span class='ocrx_word' id='word_1_448' title='bbox 976 3232 1103 3305; x_wconf 77' lang='lat' dir='ltr'><strong>ipse</strong></span> <span class='ocrx_word' id='word_1_449' title='bbox 1125 3233 1449 3287; x_wconf 73' lang='lat' dir='ltr'><strong>comederit</strong></span> <span class='ocrx_word' id='word_1_450' title='bbox 1475 3254 1485 3284; x_wconf 92' lang='lat'>:</span> <span class='ocrx_word' id='word_1_451' title='bbox 1508 3232 1641 3288; x_wconf 91' lang='lat' dir='ltr'><strong>ideo</strong></span> <span class='ocrx_word' id='word_1_452' title='bbox 1666 3248 1829 3296; x_wconf 89' lang='lat' dir='ltr'><strong>sane,</strong></span> <span class='ocrx_word' id='word_1_453' title='bbox 1855 3237 1916 3287; x_wconf 89' lang='lat' dir='ltr'><strong>ut</strong></span> <span class='ocrx_word' id='word_1_454' title='bbox 1937 3232 2173 3303; x_wconf 88' lang='lat' dir='ltr'><strong>opinor,</strong></span> 
     </span>
    </p>
   </div>
   <div class='ocr_carea' id='block_1_65' title="bbox 2290 3227 3893 3307">
    <p class='ocr_par' dir='ltr' id='par_1_65' title="bbox 2290 3227 3893 3307">
     <span class='ocr_line' id='line_1_65' title="bbox 2290 3227 3893 3307; baseline 0.004 -28"><span class='ocrx_word' id='word_1_455' title='bbox 2290 3234 2374 3280; x_wconf 83' lang='grc' dir='ltr'>καὶ</span> <span class='ocrx_word' id='word_1_456' title='bbox 2431 3238 2583 3282; x_wconf 78' lang='grc' dir='ltr'>τοῦτο</span> <span class='ocrx_word' id='word_1_457' title='bbox 2653 3227 2983 3293; x_wconf 70' lang='grc' dir='ltr'>δηλώσαντος</span> <span class='ocrx_word' id='word_1_458' title='bbox 3046 3232 3093 3284; x_wconf 88' lang='grc' dir='ltr'>ἐν</span> <span class='ocrx_word' id='word_1_459' title='bbox 3159 3242 3221 3306; x_wconf 74' lang='grc' dir='ltr'>τῇ</span> <span class='ocrx_word' id='word_1_460' title='bbox 3285 3233 3450 3307; x_wconf 77' lang='grc' dir='ltr'>βίϐλῳ</span> <span class='ocrx_word' id='word_1_461' title='bbox 3501 3243 3603 3287; x_wconf 84' lang='grc' dir='ltr'>τῶν</span> <span class='ocrx_word' id='word_1_462' title='bbox 3629 3235 3893 3307; x_wconf 78' lang='grc' dir='ltr'>Πράξεων,</span> 
     </span>
    </p>
   </div>
   <div class='ocr_carea' id='block_1_66' title="bbox 521 3322 2169 3394">
    <p class='ocr_par' dir='ltr' id='par_1_66' title="bbox 521 3322 2169 3394">
     <span class='ocr_line' id='line_1_66' title="bbox 521 3322 2169 3394; baseline 0.001 -18"><span class='ocrx_word' id='word_1_463' title='bbox 521 3322 676 3394; x_wconf 89' lang='lat' dir='ltr'><strong>quod</strong></span> <span class='ocrx_word' id='word_1_464' title='bbox 698 3323 809 3378; x_wconf 91' lang='lat' dir='ltr'><strong>hoc</strong></span> <span class='ocrx_word' id='word_1_465' title='bbox 838 3323 1015 3378; x_wconf 88' lang='lat' dir='ltr'><strong>etiam</strong></span> <span class='ocrx_word' id='word_1_466' title='bbox 1044 3322 1459 3391; x_wconf 83' lang='lat' dir='ltr'><strong>signiﬁcaverit</strong></span> <span class='ocrx_word' id='word_1_467' title='bbox 1487 3325 1671 3377; x_wconf 89' lang='lat' dir='ltr'><strong>Lucas</strong></span> <span class='ocrx_word' id='word_1_468' title='bbox 1693 3322 1839 3377; x_wconf 90' lang='lat' dir='ltr'><strong>libro</strong></span> <span class='ocrx_word' id='word_1_469' title='bbox 1874 3325 2169 3385; x_wconf 88' lang='lat' dir='ltr'><strong>Actorum.</strong></span> 
     </span>
    </p>
   </div>
   <div class='ocr_carea' id='block_1_67' title="bbox 524 3411 2177 3481">
    <p class='ocr_par' dir='ltr' id='par_1_67' title="bbox 524 3411 2177 3481">
     <span class='ocr_line' id='line_1_67' title="bbox 524 3411 2177 3481; baseline 0 -14"><span class='ocrx_word' id='word_1_470' title='bbox 524 3412 621 3468; x_wconf 88' lang='lat' dir='ltr'><strong>ubi</strong></span> <span class='ocrx_word' id='word_1_471' title='bbox 644 3413 725 3468; x_wconf 89' lang='lat' dir='ltr'><strong>ait</strong></span> <span class='ocrx_word' id='word_1_472' title='bbox 751 3412 958 3467; x_wconf 87' lang='lat' dir='ltr'><strong>Petrus</strong></span> <span class='ocrx_word' id='word_1_473' title='bbox 986 3430 997 3467; x_wconf 93' lang='lat'><strong>:</strong></span> <span class='ocrx_word' id='word_1_474' title='bbox 1034 3412 1395 3467; x_wconf 83' lang='lat' dir='ltr'><strong>Comedimus</strong></span> <span class='ocrx_word' id='word_1_475' title='bbox 1427 3418 1478 3467; x_wconf 84' lang='lat' dir='ltr'><strong>et</strong></span> <span class='ocrx_word' id='word_1_476' title='bbox 1506 3411 1752 3467; x_wconf 77' lang='lat' dir='ltr'><strong>bibimus</strong></span> <span class='ocrx_word' id='word_1_477' title='bbox 1773 3428 1901 3467; x_wconf 82' lang='lat' dir='ltr'><strong>cum</strong></span> <span class='ocrx_word' id='word_1_478' title='bbox 1933 3426 1997 3466; x_wconf 89' lang='lat' dir='ltr'><strong>eo</strong></span> <span class='ocrx_word' id='word_1_479' title='bbox 2020 3419 2177 3481; x_wconf 80' lang='lat' dir='ltr'><strong>pos!-</strong></span> 
     </span>
    </p>
   </div>
   <div class='ocr_carea' id='block_1_68' title="bbox 520 3501 1386 3574">
    <p class='ocr_par' dir='ltr' id='par_1_68' title="bbox 520 3501 1386 3574">
     <span class='ocr_line' id='line_1_68' title="bbox 520 3501 1386 3574; baseline -0.001 -18"><span class='ocrx_word' id='word_1_480' title='bbox 520 3519 697 3574; x_wconf 83' lang='lat' dir='ltr'><strong>quam</strong></span> <span class='ocrx_word' id='word_1_481' title='bbox 713 3501 975 3557; x_wconf 71' lang='lat' dir='ltr'><strong>surrexit</strong></span> <span class='ocrx_word' id='word_1_482' title='bbox 990 3517 1024 3556; x_wconf 92' lang='lat' dir='ltr'><strong>a</strong></span> <span class='ocrx_word' id='word_1_483' title='bbox 1040 3505 1288 3556; x_wconf 73' lang='lat' dir='ltr'><strong>mortuis</strong></span> <span class='ocrx_word' id='word_1_484' title='bbox 1318 3502 1386 3554; x_wconf 79' lang='grc'><strong>¹⁵.</strong></span> 
     </span>
    </p>
   </div>
   <div class='ocr_carea' id='block_1_69' title="bbox 592 3589 2175 3659">
    <p class='ocr_par' dir='ltr' id='par_1_69' title="bbox 592 3589 2175 3659">
     <span class='ocr_line' id='line_1_69' title="bbox 592 3589 2175 3659; baseline -0.002 -14"><span class='ocrx_word' id='word_1_485' title='bbox 592 3592 858 3646; x_wconf 81' lang='lat' dir='ltr'><strong>Vers.15.</strong></span> <span class='ocrx_word' id='word_1_486' title='bbox 879 3591 1020 3646; x_wconf 82' lang='lat' dir='ltr'><strong>Cum</strong></span> <span class='ocrx_word' id='word_1_487' title='bbox 1038 3621 1093 3630; x_wconf 89' lang='lat'><strong>—-</strong></span> <span class='ocrx_word' id='word_1_488' title='bbox 1118 3597 1190 3646; x_wconf 84' lang='lat' dir='ltr'><strong>te.</strong></span> <span class='ocrx_word' id='word_1_489' title='bbox 1209 3622 1275 3629; x_wconf 91' lang='lat'><strong>—</strong></span> <span class='ocrx_word' id='word_1_490' title='bbox 1291 3591 1497 3647; x_wconf 73' lang='lat' dir='ltr'><strong>Simon</strong></span> <span class='ocrx_word' id='word_1_491' title='bbox 1519 3589 1803 3659; x_wconf 76' lang='lat' dir='ltr'><strong>ﬁlz&#39;Jona,</strong></span> <span class='ocrx_word' id='word_1_492' title='bbox 1838 3589 2041 3659; x_wconf 81' lang='lat' dir='ltr'><strong>diligis</strong></span> <span class='ocrx_word' id='word_1_493' title='bbox 2088 3606 2175 3645; x_wconf 86' lang='lat' dir='ltr'><strong>me</strong></span> 
     </span>
    </p>
   </div>
   <div class='ocr_carea' id='block_1_70' title="bbox 518 3678 2176 3752">
    <p class='ocr_par' dir='ltr' id='par_1_70' title="bbox 518 3678 2176 3752">
     <span class='ocr_line' id='line_1_70' title="bbox 518 3678 2176 3752; baseline -0.002 -15"><span class='ocrx_word' id='word_1_494' title='bbox 518 3683 651 3752; x_wconf 75' lang='lat' dir='ltr'><strong>plus</strong></span> <span class='ocrx_word' id='word_1_495' title='bbox 676 3697 853 3752; x_wconf 83' lang='lat' dir='ltr'><strong>quam</strong></span> <span class='ocrx_word' id='word_1_496' title='bbox 888 3680 951 3735; x_wconf 81' lang='lat' dir='ltr'><strong>hi</strong></span> <span class='ocrx_word' id='word_1_497' title='bbox 981 3684 1008 3735; x_wconf 83' lang='lat'><strong><em>?</em></strong></span> <span class='ocrx_word' id='word_1_498' title='bbox 1035 3680 1199 3735; x_wconf 89' lang='lat' dir='ltr'><strong>Hunc</strong></span> <span class='ocrx_word' id='word_1_499' title='bbox 1233 3685 1427 3734; x_wconf 87' lang='lat' dir='ltr'><strong>autem</strong></span> <span class='ocrx_word' id='word_1_500' title='bbox 1458 3678 1653 3734; x_wconf 89' lang='lat' dir='ltr'><strong>solum</strong></span> <span class='ocrx_word' id='word_1_501' title='bbox 1685 3679 2008 3748; x_wconf 87' lang='lat' dir='ltr'><strong>interrogat</strong></span> <span class='ocrx_word' id='word_1_502' title='bbox 2037 3686 2176 3734; x_wconf 89' lang='lat' dir='ltr'><strong>tan-</strong></span> 
     </span>
    </p>
   </div>
   <div class='ocr_carea' id='block_1_71' title="bbox 521 3768 2174 3844">
    <p class='ocr_par' dir='ltr' id='par_1_71' title="bbox 521 3768 2174 3844">
     <span class='ocr_line' id='line_1_71' title="bbox 521 3768 2174 3844; baseline -0.001 -18"><span class='ocrx_word' id='word_1_503' title='bbox 521 3787 708 3844; x_wconf 87' lang='lat' dir='ltr'><strong>quam</strong></span> <span class='ocrx_word' id='word_1_504' title='bbox 734 3770 1060 3842; x_wconf 86' lang='lat' dir='ltr'><strong>principem</strong></span> <span class='ocrx_word' id='word_1_505' title='bbox 1091 3774 1145 3825; x_wconf 89' lang='lat' dir='ltr'><strong>et</strong></span> <span class='ocrx_word' id='word_1_506' title='bbox 1173 3785 1237 3823; x_wconf 91' lang='lat' dir='ltr'><strong>os</strong></span> <span class='ocrx_word' id='word_1_507' title='bbox 1260 3768 1709 3839; x_wconf 86' lang='lat' dir='ltr'><strong>discipulorum.</strong></span> <span class='ocrx_word' id='word_1_508' title='bbox 1731 3771 1964 3833; x_wconf 89' lang='lat' dir='ltr'><strong>Verum,</strong></span> <span class='ocrx_word' id='word_1_509' title='bbox 1996 3768 2174 3824; x_wconf 91' lang='lat' dir='ltr'><strong>curid</strong></span> 
     </span>
    </p>
   </div>
   <div class='ocr_carea' id='block_1_72' title="bbox 521 3857 2169 3933">
    <p class='ocr_par' dir='ltr' id='par_1_72' title="bbox 521 3857 2169 3933">
     <span class='ocr_line' id='line_1_72' title="bbox 521 3857 2169 3933; baseline -0.003 -19"><span class='ocrx_word' id='word_1_510' title='bbox 521 3859 689 3933; x_wconf 90' lang='lat' dir='ltr'><strong>quod</strong></span> <span class='ocrx_word' id='word_1_511' title='bbox 721 3858 901 3923; x_wconf 86' lang='lat' dir='ltr'><strong>novit,</strong></span> <span class='ocrx_word' id='word_1_512' title='bbox 963 3860 1297 3929; x_wconf 88' lang='lat' dir='ltr'><strong>interroget,</strong></span> <span class='ocrx_word' id='word_1_513' title='bbox 1327 3857 1385 3911; x_wconf 91' lang='lat' dir='ltr'><strong>in</strong></span> <span class='ocrx_word' id='word_1_514' title='bbox 1438 3858 1826 3930; x_wconf 88' lang='lat' dir='ltr'><strong>sequentibus</strong></span> <span class='ocrx_word' id='word_1_515' title='bbox 1879 3858 2169 3913; x_wconf 88' lang='lat' dir='ltr'><strong>dicemus.</strong></span> 
     </span>
    </p>
   </div>
   <div class='ocr_carea' id='block_1_73' title="bbox 593 3946 2168 4019">
    <p class='ocr_par' dir='ltr' id='par_1_73' title="bbox 593 3946 2168 4019">
     <span class='ocr_line' id='line_1_73' title="bbox 593 3946 2168 4019; baseline 0 -18"><span class='ocrx_word' id='word_1_516' title='bbox 593 3950 755 4004; x_wconf 91' lang='lat' dir='ltr'><strong>Vers.</strong></span> <span class='ocrx_word' id='word_1_517' title='bbox 784 3949 871 4001; x_wconf 62' lang='lat'><strong>15%.</strong></span> <span class='ocrx_word' id='word_1_518' title='bbox 890 3948 989 4002; x_wconf 75' lang='lat' dir='ltr'><strong>Ait</strong></span> <span class='ocrx_word' id='word_1_519' title='bbox 1009 3979 1075 3986; x_wconf 93' lang='lat'><strong>—</strong></span> <span class='ocrx_word' id='word_1_520' title='bbox 1098 3963 1268 4003; x_wconf 88' lang='lat' dir='ltr'><strong>meos.</strong></span> <span class='ocrx_word' id='word_1_521' title='bbox 1296 3946 1618 4017; x_wconf 84' lang='lat' dir='ltr'><strong>Discipulos</strong></span> <span class='ocrx_word' id='word_1_522' title='bbox 1640 3947 1779 4002; x_wconf 90' lang='lat' dir='ltr'><strong>dicit</strong></span> <span class='ocrx_word' id='word_1_523' title='bbox 1801 3963 1991 4019; x_wconf 87' lang='lat' dir='ltr'><strong>agnos</strong></span> <span class='ocrx_word' id='word_1_524' title='bbox 2010 3964 2168 4016; x_wconf 90' lang='lat' dir='ltr'><strong>suos,</strong></span> 
     </span>
    </p>
   </div>
   <div class='ocr_carea' id='block_1_74' title="bbox 518 4036 2173 4110">
    <p class='ocr_par' dir='ltr' id='par_1_74' title="bbox 518 4036 2173 4110">
     <span class='ocr_line' id='line_1_74' title="bbox 518 4036 2173 4110; baseline -0.001 -16"><span class='ocrx_word' id='word_1_525' title='bbox 518 4042 811 4110; x_wconf 84' lang='lat' dir='ltr'><strong>tanquam</strong></span> <span class='ocrx_word' id='word_1_526' title='bbox 865 4042 1068 4109; x_wconf 86' lang='lat' dir='ltr'><strong>pastor</strong></span> <span class='ocrx_word' id='word_1_527' title='bbox 1108 4053 1315 4092; x_wconf 87' lang='lat' dir='ltr'><strong>eorum</strong></span> <span class='ocrx_word' id='word_1_528' title='bbox 1350 4052 1495 4107; x_wconf 79' lang='lat' dir='ltr'><strong>quos</strong></span> <span class='ocrx_word' id='word_1_529' title='bbox 1525 4036 1702 4091; x_wconf 87' lang='lat' dir='ltr'><strong>etiarn</strong></span> <span class='ocrx_word' id='word_1_530' title='bbox 1748 4052 1889 4091; x_wconf 87' lang='lat' dir='ltr'><strong>oves</strong></span> <span class='ocrx_word' id='word_1_531' title='bbox 1933 4053 2173 4092; x_wconf 91' lang='lat' dir='ltr'><strong>rursum</strong></span> 
     </span>
    </p>
   </div>
   <div class='ocr_carea' id='block_1_75' title="bbox 516 4125 2172 4195">
    <p class='ocr_par' dir='ltr' id='par_1_75' title="bbox 516 4125 2172 4195">
     <span class='ocr_line' id='line_1_75' title="bbox 516 4125 2172 4195; baseline -0.001 -11"><span class='ocrx_word' id='word_1_532' title='bbox 516 4133 707 4184; x_wconf 82' lang='lat' dir='ltr'><strong>vocat.</strong></span> <span class='ocrx_word' id='word_1_533' title='bbox 744 4126 965 4193; x_wconf 69' lang='lat' dir='ltr'><strong>Quaarit</strong></span> <span class='ocrx_word' id='word_1_534' title='bbox 992 4142 1133 4195; x_wconf 88' lang='lat' dir='ltr'><strong>ergo</strong></span> <span class='ocrx_word' id='word_1_535' title='bbox 1160 4125 1493 4181; x_wconf 86' lang='lat' dir='ltr'><strong>dilectionis</strong></span> <span class='ocrx_word' id='word_1_536' title='bbox 1526 4141 1667 4195; x_wconf 88' lang='lat' dir='ltr'><strong>erga</strong></span> <span class='ocrx_word' id='word_1_537' title='bbox 1700 4143 1759 4180; x_wconf 89' lang='lat' dir='ltr'><strong>se</strong></span> <span class='ocrx_word' id='word_1_538' title='bbox 1798 4126 2172 4182; x_wconf 87' lang='lat' dir='ltr'><strong>demonstra-</strong></span> 
     </span>
    </p>
   </div>
   <div class='ocr_carea' id='block_1_76' title="bbox 520 4216 2172 4289">
    <p class='ocr_par' dir='ltr' id='par_1_76' title="bbox 520 4216 2172 4289">
     <span class='ocr_line' id='line_1_76' title="bbox 520 4216 2172 4289; baseline 0 -18"><span class='ocrx_word' id='word_1_539' title='bbox 520 4219 760 4282; x_wconf 88' lang='lat' dir='ltr'><strong>tionem,</strong></span> <span class='ocrx_word' id='word_1_540' title='bbox 777 4222 1158 4289; x_wconf 90' lang='lat' dir='ltr'><strong>puta,curam</strong></span> <span class='ocrx_word' id='word_1_541' title='bbox 1174 4232 1400 4271; x_wconf 87' lang='lat' dir='ltr'><strong>eorum:</strong></span> <span class='ocrx_word' id='word_1_542' title='bbox 1419 4216 1746 4271; x_wconf 88' lang='lat' dir='ltr'><strong>etanimam</strong></span> <span class='ocrx_word' id='word_1_543' title='bbox 1770 4216 2172 4287; x_wconf 88' lang='lat' dir='ltr'><strong>ipsius,quam</strong></span> 
     </span>
    </p>
   </div>
   <div class='ocr_carea' id='block_1_77' title="bbox 516 4305 2169 4379">
    <p class='ocr_par' dir='ltr' id='par_1_77' title="bbox 516 4305 2169 4379">
     <span class='ocr_line' id='line_1_77' title="bbox 516 4305 2169 4379; baseline -0.001 -18"><span class='ocrx_word' id='word_1_544' title='bbox 516 4323 628 4379; x_wconf 90' lang='lat' dir='ltr'><strong>pro</strong></span> <span class='ocrx_word' id='word_1_545' title='bbox 673 4314 1035 4379; x_wconf 63' lang='lat' dir='ltr'><strong>praeceptore</strong></span> <span class='ocrx_word' id='word_1_546' title='bbox 1087 4322 1150 4361; x_wconf 90' lang='lat' dir='ltr'><strong>se</strong></span> <span class='ocrx_word' id='word_1_547' title='bbox 1200 4306 1532 4377; x_wconf 89' lang='lat' dir='ltr'><strong>positurum</strong></span> <span class='ocrx_word' id='word_1_548' title='bbox 1581 4305 1959 4376; x_wconf 85' lang='lat' dir='ltr'><strong>promiserat,</strong></span> <span class='ocrx_word' id='word_1_549' title='bbox 2007 4306 2169 4377; x_wconf 89' lang='lat' dir='ltr'><strong>petit,</strong></span> 
     </span>
    </p>
   </div>
   <div class='ocr_carea' id='block_1_78' title="bbox 517 4394 1310 4468">
    <p class='ocr_par' dir='ltr' id='par_1_78' title="bbox 517 4394 1310 4468">
     <span class='ocr_line' id='line_1_78' title="bbox 517 4394 1310 4468; baseline -0.006 -17"><span class='ocrx_word' id='word_1_550' title='bbox 517 4401 582 4451; x_wconf 92' lang='lat' dir='ltr'><strong>ut</strong></span> <span class='ocrx_word' id='word_1_551' title='bbox 619 4412 725 4468; x_wconf 89' lang='lat' dir='ltr'><strong>pro</strong></span> <span class='ocrx_word' id='word_1_552' title='bbox 765 4394 1073 4467; x_wconf 90' lang='lat' dir='ltr'><strong>discipulis</strong></span> <span class='ocrx_word' id='word_1_553' title='bbox 1106 4397 1310 4467; x_wconf 81' lang='lat' dir='ltr'><strong>ponat.</strong></span> 
     </span>
    </p>
   </div>
   <div class='ocr_carea' id='block_1_79' title="bbox 588 4482 2170 4557">
    <p class='ocr_par' dir='ltr' id='par_1_79' title="bbox 588 4482 2170 4557">
     <span class='ocr_line' id='line_1_79' title="bbox 588 4482 2170 4557; baseline 0.002 -21"><span class='ocrx_word' id='word_1_554' title='bbox 588 4485 755 4541; x_wconf 89' lang='lat' dir='ltr'><strong>Vers.</strong></span> <span class='ocrx_word' id='word_1_555' title='bbox 794 4489 877 4540; x_wconf 88' lang='lat'><strong>16.</strong></span> <span class='ocrx_word' id='word_1_556' title='bbox 902 4484 1072 4539; x_wconf 81' lang='lat' dir='ltr'><strong>Dicit.</strong></span> <span class='ocrx_word' id='word_1_557' title='bbox 1102 4515 1169 4523; x_wconf 91' lang='lat'><strong>—</strong></span> <span class='ocrx_word' id='word_1_558' title='bbox 1201 4483 1368 4539; x_wconf 89' lang='lat' dir='ltr'><strong>Vers.</strong></span> <span class='ocrx_word' id='word_1_559' title='bbox 1412 4484 1497 4537; x_wconf 85' lang='lat'><strong>17.</strong></span> <span class='ocrx_word' id='word_1_560' title='bbox 1534 4491 1604 4539; x_wconf 87' lang='lat' dir='ltr'><strong>te.</strong></span> <span class='ocrx_word' id='word_1_561' title='bbox 1635 4482 1900 4539; x_wconf 86' lang='lat' dir='ltr'><strong>Christus</strong></span> <span class='ocrx_word' id='word_1_562' title='bbox 1931 4484 2170 4557; x_wconf 90' lang='lat' dir='ltr'><strong>quidem</strong></span> 
     </span>
    </p>
   </div>
   <div class='ocr_carea' id='block_1_80' title="bbox 517 4572 2171 4644">
    <p class='ocr_par' dir='ltr' id='par_1_80' title="bbox 517 4572 2171 4644">
     <span class='ocr_line' id='line_1_80' title="bbox 517 4572 2171 4644; baseline 0 -13"><span class='ocrx_word' id='word_1_563' title='bbox 517 4579 685 4631; x_wconf 88' lang='lat' dir='ltr'><strong>terna</strong></span> <span class='ocrx_word' id='word_1_564' title='bbox 703 4574 824 4629; x_wconf 81' lang='lat' dir='ltr'><strong>vice</strong></span> <span class='ocrx_word' id='word_1_565' title='bbox 841 4575 1216 4641; x_wconf 87' lang='lat' dir='ltr'><strong>interrogans</strong></span> <span class='ocrx_word' id='word_1_566' title='bbox 1239 4577 1293 4628; x_wconf 93' lang='lat' dir='ltr'><strong>et</strong></span> <span class='ocrx_word' id='word_1_567' title='bbox 1310 4572 1715 4644; x_wconf 86' lang='lat' dir='ltr'><strong>idemjubens,</strong></span> <span class='ocrx_word' id='word_1_568' title='bbox 1737 4574 2093 4643; x_wconf 82' lang='lat' dir='ltr'><strong>manifestat,</strong></span> <span class='ocrx_word' id='word_1_569' title='bbox 2110 4592 2171 4631; x_wconf 87' lang='lat' dir='ltr'><strong>se</strong></span> 
     </span>
    </p>
   </div>
   <div class='ocr_carea' id='block_1_81' title="bbox 514 4662 2167 4735">
    <p class='ocr_par' dir='ltr' id='par_1_81' title="bbox 514 4662 2167 4735">
     <span class='ocr_line' id='line_1_81' title="bbox 514 4662 2167 4735; baseline -0.001 -15"><span class='ocrx_word' id='word_1_570' title='bbox 514 4663 759 4720; x_wconf 80' lang='lat' dir='ltr'><strong>maximi</strong></span> <span class='ocrx_word' id='word_1_571' title='bbox 781 4663 972 4717; x_wconf 85' lang='lat' dir='ltr'><strong>facere</strong></span> <span class='ocrx_word' id='word_1_572' title='bbox 1001 4662 1433 4734; x_wconf 73' lang='lat' dir='ltr'><strong>prtesidentiam</strong></span> <span class='ocrx_word' id='word_1_573' title='bbox 1459 4678 1637 4733; x_wconf 89' lang='lat' dir='ltr'><strong>super</strong></span> <span class='ocrx_word' id='word_1_574' title='bbox 1660 4662 1982 4735; x_wconf 86' lang='lat' dir='ltr'><strong>discipulos</strong></span> <span class='ocrx_word' id='word_1_575' title='bbox 2008 4680 2167 4729; x_wconf 91' lang='lat' dir='ltr'><strong>suos,</strong></span> 
     </span>
    </p>
   </div>
   <div class='ocr_carea' id='block_1_82' title="bbox 516 4751 2170 4821">
    <p class='ocr_par' dir='ltr' id='par_1_82' title="bbox 516 4751 2170 4821">
     <span class='ocr_line' id='line_1_82' title="bbox 516 4751 2170 4821; baseline 0.001 -12"><span class='ocrx_word' id='word_1_576' title='bbox 516 4758 573 4809; x_wconf 88' lang='lat' dir='ltr'><strong>et</strong></span> <span class='ocrx_word' id='word_1_577' title='bbox 600 4753 759 4809; x_wconf 72' lang='lat' dir='ltr'><strong>hanc</strong></span> <span class='ocrx_word' id='word_1_578' title='bbox 790 4752 952 4807; x_wconf 90' lang='lat' dir='ltr'><strong>omni</strong></span> <span class='ocrx_word' id='word_1_579' title='bbox 990 4768 1133 4807; x_wconf 91' lang='lat' dir='ltr'><strong>cura</strong></span> <span class='ocrx_word' id='word_1_580' title='bbox 1164 4751 1327 4807; x_wconf 90' lang='lat' dir='ltr'><strong>ducit</strong></span> <span class='ocrx_word' id='word_1_581' title='bbox 1369 4752 1658 4821; x_wconf 84' lang='lat' dir='ltr'><strong>majorem</strong></span> <span class='ocrx_word' id='word_1_582' title='bbox 1695 4770 1707 4819; x_wconf 89' lang='lat'>;</span> <span class='ocrx_word' id='word_1_583' title='bbox 1741 4752 1939 4807; x_wconf 86' lang='lat' dir='ltr'><strong>Petrus</strong></span> <span class='ocrx_word' id='word_1_584' title='bbox 1971 4760 2170 4810; x_wconf 86' lang='lat' dir='ltr'><strong>autem</strong></span> 
     </span>
    </p>
   </div>
   <div class='ocr_carea' id='block_1_83' title="bbox 515 4840 2170 4913">
    <p class='ocr_par' dir='ltr' id='par_1_83' title="bbox 515 4840 2170 4913">
     <span class='ocr_line' id='line_1_83' title="bbox 515 4840 2170 4913; baseline 0.001 -15"><span class='ocrx_word' id='word_1_585' title='bbox 515 4842 732 4898; x_wconf 87' lang='lat' dir='ltr'><strong>trinam</strong></span> <span class='ocrx_word' id='word_1_586' title='bbox 772 4840 986 4896; x_wconf 91' lang='lat' dir='ltr'><strong>timens</strong></span> <span class='ocrx_word' id='word_1_587' title='bbox 1020 4841 1567 4911; x_wconf 88' lang='lat' dir='ltr'><strong>interrogationem,</strong></span> <span class='ocrx_word' id='word_1_588' title='bbox 1600 4847 1654 4896; x_wconf 90' lang='lat' dir='ltr'><strong>et</strong></span> <span class='ocrx_word' id='word_1_589' title='bbox 1688 4841 2048 4913; x_wconf 90' lang='lat' dir='ltr'><strong>suspicatus,</strong></span> <span class='ocrx_word' id='word_1_590' title='bbox 2096 4859 2170 4899; x_wconf 92' lang='lat' dir='ltr'><strong>ne</strong></span> 
     </span>
    </p>
   </div>
   <div class='ocr_carea' id='block_1_84' title="bbox 518 4930 2172 5003">
    <p class='ocr_par' dir='ltr' id='par_1_84' title="bbox 518 4930 2172 5003">
     <span class='ocr_line' id='line_1_84' title="bbox 518 4930 2172 5003; baseline 0.001 -17"><span class='ocrx_word' id='word_1_591' title='bbox 518 4930 915 5003; x_wconf 85' lang='lat' dir='ltr'><strong>forteputaret</strong></span> <span class='ocrx_word' id='word_1_592' title='bbox 944 4948 1005 4987; x_wconf 90' lang='lat' dir='ltr'><strong>se</strong></span> <span class='ocrx_word' id='word_1_593' title='bbox 1034 4947 1259 4997; x_wconf 88' lang='lat' dir='ltr'><strong>amare,</strong></span> <span class='ocrx_word' id='word_1_594' title='bbox 1281 4946 1399 4986; x_wconf 89' lang='lat' dir='ltr'><strong>non</strong></span> <span class='ocrx_word' id='word_1_595' title='bbox 1430 4934 1626 4985; x_wconf 89' lang='lat' dir='ltr'><strong>tamen</strong></span> <span class='ocrx_word' id='word_1_596' title='bbox 1642 4937 1870 4987; x_wconf 90' lang='lat' dir='ltr'><strong>amaret</strong></span> <span class='ocrx_word' id='word_1_597' title='bbox 1900 4948 1912 4982; x_wconf 88' lang='lat'><strong>:</strong></span> <span class='ocrx_word' id='word_1_598' title='bbox 1948 4948 2091 4988; x_wconf 92' lang='lat' dir='ltr'><strong>nam</strong></span> <span class='ocrx_word' id='word_1_599' title='bbox 2113 4938 2172 4989; x_wconf 88' lang='lat' dir='ltr'><strong>et</strong></span> 
     </span>
    </p>
   </div>
   <div class='ocr_carea' id='block_1_85' title="bbox 519 5020 2173 5093">
    <p class='ocr_par' dir='ltr' id='par_1_85' title="bbox 519 5020 2173 5093">
     <span class='ocr_line' id='line_1_85' title="bbox 519 5020 2173 5093; baseline 0.002 -18"><span class='ocrx_word' id='word_1_600' title='bbox 519 5020 687 5093; x_wconf 88' lang='lat' dir='ltr'><strong>prius</strong></span> <span class='ocrx_word' id='word_1_601' title='bbox 718 5024 1044 5092; x_wconf 83' lang='lat' dir='ltr'><strong>putaverat,</strong></span> <span class='ocrx_word' id='word_1_602' title='bbox 1078 5036 1139 5076; x_wconf 89' lang='lat' dir='ltr'><strong>se</strong></span> <span class='ocrx_word' id='word_1_603' title='bbox 1168 5035 1485 5092; x_wconf 89' lang='lat' dir='ltr'><strong>nunquam</strong></span> <span class='ocrx_word' id='word_1_604' title='bbox 1531 5034 1656 5075; x_wconf 87' lang='lat' dir='ltr'><strong>esse</strong></span> <span class='ocrx_word' id='word_1_605' title='bbox 1706 5025 2086 5090; x_wconf 86' lang='lat' dir='ltr'><strong>negaturum,</strong></span> <span class='ocrx_word' id='word_1_606' title='bbox 2115 5027 2173 5079; x_wconf 87' lang='lat' dir='ltr'><strong>et</strong></span> 
     </span>
    </p>
   </div>
   <div class='ocr_carea' id='block_1_86' title="bbox 591 5146 1595 5214">
    <p class='ocr_par' dir='ltr' id='par_1_86' title="bbox 591 5146 1595 5214">
     <span class='ocr_line' id='line_1_86' title="bbox 591 5146 1595 5214; baseline -0.004 -11"><span class='ocrx_word' id='word_1_607' title='bbox 591 5148 639 5183; x_wconf 87' lang='grc'><strong>¹⁰</strong></span> <span class='ocrx_word' id='word_1_608' title='bbox 676 5149 847 5205; x_wconf 85' lang='lat' dir='ltr'><strong>Joan.</strong></span> <span class='ocrx_word' id='word_1_609' title='bbox 876 5163 975 5214; x_wconf 83' lang='lat' dir='ltr'><strong>xx,</strong></span> <span class='ocrx_word' id='word_1_610' title='bbox 1023 5151 1109 5205; x_wconf 80' lang='grc'><strong>19.</strong></span> <span class='ocrx_word' id='word_1_611' title='bbox 1249 5149 1289 5183; x_wconf 84' lang='grc'><strong>¹¹</strong></span> <span class='ocrx_word' id='word_1_612' title='bbox 1334 5146 1481 5204; x_wconf 85' lang='lat' dir='ltr'><strong>ibid.</strong></span> <span class='ocrx_word' id='word_1_613' title='bbox 1506 5148 1595 5203; x_wconf 76' lang='grc'><strong>26.</strong></span> 
     </span>
    </p>
   </div>
   <div class='ocr_carea' id='block_1_87' title="bbox 513 5220 701 5288">
    <p class='ocr_par' dir='ltr' id='par_1_87' title="bbox 513 5220 701 5288">
     <span class='ocr_line' id='line_1_87' title="bbox 513 5220 701 5288; baseline -0.011 -11"><span class='ocrx_word' id='word_1_614' title='bbox 513 5234 576 5288; x_wconf 80' lang='lat' dir='ltr'><strong>x,</strong></span> <span class='ocrx_word' id='word_1_615' title='bbox 612 5220 701 5277; x_wconf 78' lang='grc'><strong>41.</strong></span> 
     </span>
    </p>
   </div>
   <div class='ocr_carea' id='block_1_88' title="bbox 1720 5148 2342 5222">
    <p class='ocr_par' dir='ltr' id='par_1_88' title="bbox 1720 5148 2342 5222">
     <span class='ocr_line' id='line_1_88' title="bbox 1720 5148 2342 5222; baseline 0.01 -20"><span class='ocrx_word' id='word_1_616' title='bbox 1720 5149 1765 5183; x_wconf 81' lang='grc'>¹²</span> <span class='ocrx_word' id='word_1_617' title='bbox 1794 5148 1997 5205; x_wconf 86' lang='lat' dir='ltr'><strong>Matth.</strong></span> <span class='ocrx_word' id='word_1_618' title='bbox 2019 5165 2219 5222; x_wconf 74' lang='lat' dir='ltr'><strong>xxxui,</strong></span> <span class='ocrx_word' id='word_1_619' title='bbox 2256 5153 2342 5208; x_wconf 88' lang='grc'><strong>16.</strong></span> 
     </span>
    </p>
   </div>
   <div class='ocr_carea' id='block_1_89' title="bbox 2286 3320 3895 3396">
    <p class='ocr_par' dir='ltr' id='par_1_89' title="bbox 2286 3320 3895 3396">
     <span class='ocr_line' id='line_1_89' title="bbox 2286 3320 3895 3396; baseline 0.005 -28"><span class='ocrx_word' id='word_1_620' title='bbox 2286 3320 2405 3370; x_wconf 78' lang='grc' dir='ltr'>ἔνθα</span> <span class='ocrx_word' id='word_1_621' title='bbox 2459 3324 2619 3391; x_wconf 84' lang='grc' dir='ltr'>φησὶν</span> <span class='ocrx_word' id='word_1_622' title='bbox 2678 3322 2702 3371; x_wconf 85' lang='grc' dir='ltr'><strong><em>ὁ</em></strong></span> <span class='ocrx_word' id='word_1_623' title='bbox 2756 3326 2948 3396; x_wconf 83' lang='grc' dir='ltr'><strong>Πέτρος</strong></span> <span class='ocrx_word' id='word_1_624' title='bbox 3006 3325 3087 3375; x_wconf 84' lang='grc' dir='ltr'><strong>ὅτι</strong></span> <span class='ocrx_word' id='word_1_625' title='bbox 3150 3325 3502 3395; x_wconf 75' lang='grc' dir='ltr'>Συνεφάγομεν</span> <span class='ocrx_word' id='word_1_626' title='bbox 3572 3328 3656 3376; x_wconf 78' lang='grc' dir='ltr'><strong>καὶ</strong></span> <span class='ocrx_word' id='word_1_627' title='bbox 3741 3343 3895 3376; x_wconf 82' lang='grc' dir='ltr'>συνε-</span> 
     </span>
    </p>
   </div>
   <div class='ocr_carea' id='block_1_90' title="bbox 2286 3409 2714 3480">
    <p class='ocr_par' dir='ltr' id='par_1_90' title="bbox 2286 3409 2714 3480">
     <span class='ocr_line' id='line_1_90' title="bbox 2286 3409 2714 3480; baseline 0.005 -21"><span class='ocrx_word' id='word_1_628' title='bbox 2286 3412 2467 3480; x_wconf 75' lang='grc' dir='ltr'>πίομεν</span> <span class='ocrx_word' id='word_1_629' title='bbox 2552 3409 2714 3480; x_wconf 71' lang='grc' dir='ltr'>αὐτῷ,</span> 
     </span>
    </p>
   </div>
   <div class='ocr_carea' id='block_1_91' title="bbox 2285 3496 2469 3569">
    <p class='ocr_par' dir='ltr' id='par_1_91' title="bbox 2285 3496 2469 3569">
     <span class='ocr_line' id='line_1_91' title="bbox 2285 3496 2469 3569; baseline -0.005 -22"><span class='ocrx_word' id='word_1_630' title='bbox 2285 3496 2469 3569; x_wconf 77' lang='grc' dir='ltr'>κρών,]</span> 
     </span>
    </p>
   </div>
   <div class='ocr_carea' id='block_1_92' title="bbox 2359 3587 3894 3665">
    <p class='ocr_par' dir='ltr' id='par_1_92' title="bbox 2359 3587 3894 3665">
     <span class='ocr_line' id='line_1_92' title="bbox 2359 3587 3894 3665; baseline 0.005 -26"><span class='ocrx_word' id='word_1_631' title='bbox 2359 3587 2480 3640; x_wconf 70' lang='grc' dir='ltr'>Ὀτι</span> <span class='ocrx_word' id='word_1_632' title='bbox 2511 3620 2579 3629; x_wconf 87' lang='grc'><strong>-</strong></span> <span class='ocrx_word' id='word_1_633' title='bbox 2612 3608 2686 3643; x_wconf 86' lang='grc' dir='ltr'><strong>σε.</strong></span> <span class='ocrx_word' id='word_1_634' title='bbox 2745 3621 2815 3630; x_wconf 91' lang='lat'><strong>—-</strong></span> <span class='ocrx_word' id='word_1_635' title='bbox 2868 3596 3034 3663; x_wconf 84' lang='grc' dir='ltr'>Σίμων</span> <span class='ocrx_word' id='word_1_636' title='bbox 3091 3594 3169 3645; x_wconf 66' lang='grc' dir='ltr'><strong>υἱὲ</strong></span> <span class='ocrx_word' id='word_1_637' title='bbox 3218 3600 3308 3645; x_wconf 79' lang='grc' dir='ltr'>τοῦ</span> <span class='ocrx_word' id='word_1_638' title='bbox 3367 3593 3533 3660; x_wconf 83' lang='grc' dir='ltr'><strong>Ἰωνᾶ,</strong></span> <span class='ocrx_word' id='word_1_639' title='bbox 3591 3591 3802 3665; x_wconf 76' lang='grc' dir='ltr'>ἀγαπᾷς</span> <span class='ocrx_word' id='word_1_640' title='bbox 3830 3612 3894 3665; x_wconf 85' lang='grc' dir='ltr'>με</span> 
     </span>
    </p>
   </div>
   <div class='ocr_carea' id='block_1_93' title="bbox 2789 3411 3896 3482">
    <p class='ocr_par' dir='ltr' id='par_1_93' title="bbox 2789 3411 3896 3482">
     <span class='ocr_line' id='line_1_93' title="bbox 2789 3411 3896 3482; baseline 0.002 -19"><span class='ocrx_word' id='word_1_641' title='bbox 2789 3414 2917 3482; x_wconf 78' lang='grc' dir='ltr'>μετὰ</span> <span class='ocrx_word' id='word_1_642' title='bbox 2985 3415 3044 3463; x_wconf 87' lang='grc' dir='ltr'>τὸ</span> <span class='ocrx_word' id='word_1_643' title='bbox 3106 3411 3395 3471; x_wconf 81' lang='grc' dir='ltr'>ἀναστῆναι</span> <span class='ocrx_word' id='word_1_644' title='bbox 3481 3413 3638 3465; x_wconf 75' lang='grc' dir='ltr'>αὐτὸν</span> <span class='ocrx_word' id='word_1_645' title='bbox 3716 3416 3771 3465; x_wconf 78' lang='grc' dir='ltr'>ἐκ</span> <span class='ocrx_word' id='word_1_646' title='bbox 3818 3434 3896 3465; x_wconf 82' lang='grc' dir='ltr'><strong>νε-</strong></span> 
     </span>
    </p>
   </div>
   <div class='ocr_carea' id='block_1_94' title="bbox 2283 3676 3893 3756">
    <p class='ocr_par' dir='ltr' id='par_1_94' title="bbox 2283 3676 3893 3756">
     <span class='ocr_line' id='line_1_94' title="bbox 2283 3676 3893 3756; baseline 0.003 -27"><span class='ocrx_word' id='word_1_647' title='bbox 2283 3676 2455 3729; x_wconf 79' lang='grc' dir='ltr'>πλείον</span> <span class='ocrx_word' id='word_1_648' title='bbox 2484 3678 2513 3736; x_wconf 71' lang='grc' dir='ltr'><strong><em>ἦ</em></strong></span> <span class='ocrx_word' id='word_1_649' title='bbox 2550 3679 2729 3745; x_wconf 79' lang='grc' dir='ltr'>οὗτοι;</span> <span class='ocrx_word' id='word_1_650' title='bbox 2764 3682 2958 3735; x_wconf 82' lang='grc' dir='ltr'>Τοῦτον</span> <span class='ocrx_word' id='word_1_651' title='bbox 2991 3678 3051 3734; x_wconf 72' lang='grc' dir='ltr'>δε</span> <span class='ocrx_word' id='word_1_652' title='bbox 3087 3686 3239 3753; x_wconf 74' lang='grc' dir='ltr'>μόνον</span> <span class='ocrx_word' id='word_1_653' title='bbox 3270 3681 3453 3756; x_wconf 73' lang='grc' dir='ltr'>ἐρωτᾷ,</span> <span class='ocrx_word' id='word_1_654' title='bbox 3502 3686 3569 3745; x_wconf 84' lang='grc' dir='ltr'>ὡς</span> <span class='ocrx_word' id='word_1_655' title='bbox 3610 3692 3893 3756; x_wconf 84' lang='grc' dir='ltr'>κορυφαῖον</span> 
     </span>
    </p>
   </div>
   <div class='ocr_carea' id='block_1_95' title="bbox 2284 3768 3889 3847">
    <p class='ocr_par' dir='ltr' id='par_1_95' title="bbox 2284 3768 3889 3847">
     <span class='ocr_line' id='line_1_95' title="bbox 2284 3768 3889 3847; baseline 0.005 -29"><span class='ocrx_word' id='word_1_656' title='bbox 2284 3772 2370 3819; x_wconf 81' lang='grc' dir='ltr'><strong>καὶ</strong></span> <span class='ocrx_word' id='word_1_657' title='bbox 2400 3771 2571 3838; x_wconf 83' lang='grc' dir='ltr'>στόμα</span> <span class='ocrx_word' id='word_1_658' title='bbox 2601 3777 2700 3819; x_wconf 78' lang='grc' dir='ltr'>τῶν</span> <span class='ocrx_word' id='word_1_659' title='bbox 2739 3771 3003 3841; x_wconf 76' lang='grc' dir='ltr'><strong>μαθητῶν.</strong></span> <span class='ocrx_word' id='word_1_660' title='bbox 3037 3773 3188 3833; x_wconf 83' lang='grc' dir='ltr'>Τίνος</span> <span class='ocrx_word' id='word_1_661' title='bbox 3217 3768 3275 3824; x_wconf 75' lang='grc' dir='ltr'><strong>δὲ</strong></span> <span class='ocrx_word' id='word_1_662' title='bbox 3295 3774 3458 3847; x_wconf 81' lang='grc' dir='ltr'>χάριν</span> <span class='ocrx_word' id='word_1_663' title='bbox 3489 3771 3700 3847; x_wconf 80' lang='grc' dir='ltr'>ἐρωτᾷό</span> <span class='ocrx_word' id='word_1_664' title='bbox 3726 3770 3889 3838; x_wconf 67' lang='grc' dir='ltr'>οἶδεν,</span> 
     </span>
    </p>
   </div>
   <div class='ocr_carea' id='block_1_96' title="bbox 2283 3856 2805 3932">
    <p class='ocr_par' dir='ltr' id='par_1_96' title="bbox 2283 3856 2805 3932">
     <span class='ocr_line' id='line_1_96' title="bbox 2283 3856 2805 3932; baseline 0.008 -25"><span class='ocrx_word' id='word_1_665' title='bbox 2283 3856 2498 3929; x_wconf 76' lang='grc' dir='ltr'>ἐροῦμεν</span> <span class='ocrx_word' id='word_1_666' title='bbox 2524 3864 2805 3932; x_wconf 77' lang='grc' dir='ltr'>προῖόντες.</span> 
     </span>
    </p>
   </div>
   <div class='ocr_carea' id='block_1_97' title="bbox 2354 3948 3895 4025">
    <p class='ocr_par' dir='ltr' id='par_1_97' title="bbox 2354 3948 3895 4025">
     <span class='ocr_line' id='line_1_97' title="bbox 2354 3948 3895 4025; baseline -0.001 -22"><span class='ocrx_word' id='word_1_667' title='bbox 2354 3950 2505 4017; x_wconf 78' lang='grc' dir='ltr'>Λέγει</span> <span class='ocrx_word' id='word_1_668' title='bbox 2532 3979 2595 3987; x_wconf 83' lang='grc'><strong>-</strong></span> <span class='ocrx_word' id='word_1_669' title='bbox 2621 3968 2742 4019; x_wconf 90' lang='grc' dir='ltr'>μου.</span> <span class='ocrx_word' id='word_1_670' title='bbox 2778 3950 2908 4011; x_wconf 70' lang='grc' dir='ltr'>Τοῦς</span> <span class='ocrx_word' id='word_1_671' title='bbox 2935 3952 3176 4022; x_wconf 78' lang='grc' dir='ltr'>μαθητὰς</span> <span class='ocrx_word' id='word_1_672' title='bbox 3210 3948 3358 4025; x_wconf 79' lang='grc' dir='ltr'>ἀρνία</span> <span class='ocrx_word' id='word_1_673' title='bbox 3392 3954 3582 4003; x_wconf 66' lang='grc' dir='ltr'>εαυτοῦ</span> <span class='ocrx_word' id='word_1_674' title='bbox 3612 3970 3793 4023; x_wconf 86' lang='grc' dir='ltr'>φησιν,</span> <span class='ocrx_word' id='word_1_675' title='bbox 3824 3954 3895 4013; x_wconf 83' lang='grc' dir='ltr'>ὡς</span> 
     </span>
    </p>
   </div>
   <div class='ocr_carea' id='block_1_98' title="bbox 2281 4037 3897 4113">
    <p class='ocr_par' dir='ltr' id='par_1_98' title="bbox 2281 4037 3897 4113">
     <span class='ocr_line' id='line_1_98' title="bbox 2281 4037 3897 4113; baseline 0.004 -26"><span class='ocrx_word' id='word_1_676' title='bbox 2281 4042 2476 4108; x_wconf 77' lang='grc' dir='ltr'>ποιμὴν</span> <span class='ocrx_word' id='word_1_677' title='bbox 2530 4037 2720 4103; x_wconf 68' lang='grc' dir='ltr'>αὐτῶν,</span> <span class='ocrx_word' id='word_1_678' title='bbox 2754 4038 2842 4099; x_wconf 70' lang='grc' dir='ltr'>οὓς</span> <span class='ocrx_word' id='word_1_679' title='bbox 2871 4046 2960 4091; x_wconf 86' lang='grc' dir='ltr'><strong>καὶ</strong></span> <span class='ocrx_word' id='word_1_680' title='bbox 3016 4039 3256 4113; x_wconf 76' lang='grc' dir='ltr'>πρόϐατα</span> <span class='ocrx_word' id='word_1_681' title='bbox 3310 4040 3465 4092; x_wconf 76' lang='grc' dir='ltr'>πάλιν</span> <span class='ocrx_word' id='word_1_682' title='bbox 3520 4041 3683 4095; x_wconf 79' lang='grc' dir='ltr'>καλεῖ.</span> <span class='ocrx_word' id='word_1_683' title='bbox 3738 4049 3897 4099; x_wconf 83' lang='grc' dir='ltr'>Ζητεί</span> 
     </span>
    </p>
   </div>
   <div class='ocr_carea' id='block_1_99' title="bbox 2283 4122 3895 4204">
    <p class='ocr_par' dir='ltr' id='par_1_99' title="bbox 2283 4122 3895 4204">
     <span class='ocr_line' id='line_1_99' title="bbox 2283 4122 3895 4204; baseline 0.003 -26"><span class='ocrx_word' id='word_1_684' title='bbox 2283 4122 2370 4178; x_wconf 76' lang='grc' dir='ltr'>οὖν</span> <span class='ocrx_word' id='word_1_685' title='bbox 2398 4123 2664 4189; x_wconf 71' lang='grc' dir='ltr'>ἀπόδειξιν</span> <span class='ocrx_word' id='word_1_686' title='bbox 2693 4136 2783 4189; x_wconf 83' lang='grc' dir='ltr'>τῆς</span> <span class='ocrx_word' id='word_1_687' title='bbox 2816 4129 2887 4189; x_wconf 85' lang='grc' dir='ltr'>εἰς</span> <span class='ocrx_word' id='word_1_688' title='bbox 2914 4130 3069 4181; x_wconf 71' lang='grc' dir='ltr'>αὐτὸν</span> <span class='ocrx_word' id='word_1_689' title='bbox 3091 4129 3321 4202; x_wconf 76' lang='grc' dir='ltr'>ἀγάπης,</span> <span class='ocrx_word' id='word_1_690' title='bbox 3362 4135 3455 4189; x_wconf 82' lang='grc' dir='ltr'>τὴν</span> <span class='ocrx_word' id='word_1_691' title='bbox 3488 4132 3775 4204; x_wconf 76' lang='grc' dir='ltr'>ἐπιμέλειαν</span> <span class='ocrx_word' id='word_1_692' title='bbox 3800 4131 3895 4183; x_wconf 75' lang='grc' dir='ltr'><strong>αὐ-</strong></span> 
     </span>
    </p>
   </div>
   <div class='ocr_carea' id='block_1_100' title="bbox 2281 4216 3893 4291">
    <p class='ocr_par' dir='ltr' id='par_1_100' title="bbox 2281 4216 3893 4291">
     <span class='ocr_line' id='line_1_100' title="bbox 2281 4216 3893 4291; baseline 0.004 -25"><span class='ocrx_word' id='word_1_693' title='bbox 2281 4223 2402 4279; x_wconf 81' lang='grc' dir='ltr'>τῶν,</span> <span class='ocrx_word' id='word_1_694' title='bbox 2432 4221 2519 4268; x_wconf 78' lang='grc' dir='ltr'>καὶ</span> <span class='ocrx_word' id='word_1_695' title='bbox 2553 4221 2644 4275; x_wconf 72' lang='grc' dir='ltr'>τὴν</span> <span class='ocrx_word' id='word_1_696' title='bbox 2688 4216 2876 4288; x_wconf 68' lang='grc' dir='ltr'>ψυχὴν</span> <span class='ocrx_word' id='word_1_697' title='bbox 2902 4219 3084 4284; x_wconf 66' lang='grc' dir='ltr'>αὐτοῦ,</span> <span class='ocrx_word' id='word_1_698' title='bbox 3120 4220 3180 4277; x_wconf 79' lang='grc' dir='ltr'><strong>ἢν</strong></span> <span class='ocrx_word' id='word_1_699' title='bbox 3357 4218 3669 4291; x_wconf 74' lang='grc' dir='ltr'><strong>ἐπήγγελται</strong></span> <span class='ocrx_word' id='word_1_700' title='bbox 3730 4223 3893 4273; x_wconf 82' lang='grc' dir='ltr'>θεῖναι</span> 
     </span>
    </p>
   </div>
   <div class='ocr_carea' id='block_1_101' title="bbox 2281 4303 3891 4385">
    <p class='ocr_par' dir='ltr' id='par_1_101' title="bbox 2281 4303 3891 4385">
     <span class='ocr_line' id='line_1_101' title="bbox 2281 4303 3891 4385; baseline 0.004 -30"><span class='ocrx_word' id='word_1_701' title='bbox 2281 4303 2407 4379; x_wconf 74' lang='grc' dir='ltr'>ὑπὲρ</span> <span class='ocrx_word' id='word_1_702' title='bbox 2434 4315 2525 4358; x_wconf 75' lang='grc' dir='ltr'>τοῦ</span> <span class='ocrx_word' id='word_1_703' title='bbox 2574 4303 2929 4377; x_wconf 63' lang='grc' dir='ltr'>διδασκάλου,</span> <span class='ocrx_word' id='word_1_704' title='bbox 2975 4312 3167 4367; x_wconf 75' lang='grc' dir='ltr'>ταύτην</span> <span class='ocrx_word' id='word_1_705' title='bbox 3190 4308 3400 4362; x_wconf 88' lang='grc' dir='ltr'>ἀπαιτεί</span> <span class='ocrx_word' id='word_1_706' title='bbox 3432 4312 3593 4363; x_wconf 75' lang='grc' dir='ltr'>θεῖναι</span> <span class='ocrx_word' id='word_1_707' title='bbox 3637 4312 3763 4385; x_wconf 73' lang='grc' dir='ltr'>ὑπὲρ</span> <span class='ocrx_word' id='word_1_708' title='bbox 3790 4320 3891 4362; x_wconf 76' lang='grc' dir='ltr'>τῶν</span> 
     </span>
    </p>
   </div>
   <div class='ocr_carea' id='block_1_102' title="bbox 2281 4396 2548 4465">
    <p class='ocr_par' dir='ltr' id='par_1_102' title="bbox 2281 4396 2548 4465">
     <span class='ocr_line' id='line_1_102' title="bbox 2281 4396 2548 4465; baseline 0.004 -20"><span class='ocrx_word' id='word_1_709' title='bbox 2281 4396 2548 4465; x_wconf 82' lang='grc' dir='ltr'>μαθητῶν,</span> 
     </span>
    </p>
   </div>
   <div class='ocr_carea' id='block_1_103' title="bbox 2354 4486 3889 4563">
    <p class='ocr_par' dir='ltr' id='par_1_103' title="bbox 2354 4486 3889 4563">
     <span class='ocr_line' id='line_1_103' title="bbox 2354 4486 3889 4563; baseline 0.002 -27"><span class='ocrx_word' id='word_1_710' title='bbox 2354 4488 2507 4556; x_wconf 83' lang='grc' dir='ltr'>Λέγει</span> <span class='ocrx_word' id='word_1_711' title='bbox 2555 4517 2624 4526; x_wconf 93' lang='lat'>—</span> <span class='ocrx_word' id='word_1_712' title='bbox 2678 4505 2753 4541; x_wconf 82' lang='grc' dir='ltr'><strong>σε.</strong></span> <span class='ocrx_word' id='word_1_713' title='bbox 2819 4487 2879 4539; x_wconf 79' lang='grc' dir='ltr'><strong>Ὀ</strong></span> <span class='ocrx_word' id='word_1_714' title='bbox 2928 4492 3019 4559; x_wconf 76' lang='grc' dir='ltr'>μέν</span> <span class='ocrx_word' id='word_1_715' title='bbox 3057 4491 3288 4563; x_wconf 79' lang='grc' dir='ltr'>Χριστὸς</span> <span class='ocrx_word' id='word_1_716' title='bbox 3339 4486 3392 4540; x_wconf 82' lang='grc' dir='ltr'>ἐκ</span> <span class='ocrx_word' id='word_1_717' title='bbox 3448 4494 3627 4562; x_wconf 87' lang='grc' dir='ltr'>τρίτου</span> <span class='ocrx_word' id='word_1_718' title='bbox 3686 4489 3889 4563; x_wconf 77' lang='grc' dir='ltr'>ἐρωτῶν</span> 
     </span>
    </p>
   </div>
   <div class='ocr_carea' id='block_1_104' title="bbox 2281 4574 3890 4653">
    <p class='ocr_par' dir='ltr' id='par_1_104' title="bbox 2281 4574 3890 4653">
     <span class='ocr_line' id='line_1_104' title="bbox 2281 4574 3890 4653; baseline 0.004 -29"><span class='ocrx_word' id='word_1_719' title='bbox 2281 4577 2370 4625; x_wconf 78' lang='grc' dir='ltr'>καὶ</span> <span class='ocrx_word' id='word_1_720' title='bbox 2428 4578 2493 4626; x_wconf 85' lang='lat'><strong>1&#39;6:</strong></span> <span class='ocrx_word' id='word_1_721' title='bbox 2552 4576 2685 4627; x_wconf 71' lang='grc' dir='ltr'>αὑτά</span> <span class='ocrx_word' id='word_1_722' title='bbox 2736 4577 3021 4629; x_wconf 80' lang='grc' dir='ltr'>ἐπιτάττων</span> <span class='ocrx_word' id='word_1_723' title='bbox 3075 4576 3307 4649; x_wconf 74' lang='grc' dir='ltr'>ἐμφαίνει</span> <span class='ocrx_word' id='word_1_724' title='bbox 3361 4581 3440 4630; x_wconf 84' lang='grc' dir='ltr'><strong>ὅτι</strong></span> <span class='ocrx_word' id='word_1_725' title='bbox 3498 4574 3706 4653; x_wconf 83' lang='grc' dir='ltr'>σφόδρα</span> <span class='ocrx_word' id='word_1_726' title='bbox 3768 4583 3890 4653; x_wconf 78' lang='grc' dir='ltr'>περὶ</span> 
     </span>
    </p>
   </div>
   <div class='ocr_carea' id='block_1_105' title="bbox 2280 4662 3887 4741">
    <p class='ocr_par' dir='ltr' id='par_1_105' title="bbox 2280 4662 3887 4741">
     <span class='ocr_line' id='line_1_105' title="bbox 2280 4662 3887 4741; baseline 0.003 -27"><span class='ocrx_word' id='word_1_727' title='bbox 2280 4662 2472 4715; x_wconf 81' lang='grc' dir='ltr'>πολλοῦ</span> <span class='ocrx_word' id='word_1_728' title='bbox 2500 4667 2697 4717; x_wconf 71' lang='grc' dir='ltr'>τίθεται</span> <span class='ocrx_word' id='word_1_729' title='bbox 2752 4671 2845 4724; x_wconf 82' lang='grc' dir='ltr'>τὴν</span> <span class='ocrx_word' id='word_1_730' title='bbox 2898 4674 3226 4741; x_wconf 82' lang='grc' dir='ltr'>προστασίαν</span> <span class='ocrx_word' id='word_1_731' title='bbox 3276 4677 3374 4721; x_wconf 80' lang='grc' dir='ltr'>τῶν</span> <span class='ocrx_word' id='word_1_732' title='bbox 3432 4665 3581 4721; x_wconf 79' lang='grc' dir='ltr'>ἰδίων</span> <span class='ocrx_word' id='word_1_733' title='bbox 3609 4669 3887 4739; x_wconf 83' lang='grc' dir='ltr'>μαθητῶν,</span> 
     </span>
    </p>
   </div>
   <div class='ocr_carea' id='block_1_106' title="bbox 2280 4755 3888 4831">
    <p class='ocr_par' dir='ltr' id='par_1_106' title="bbox 2280 4755 3888 4831">
     <span class='ocr_line' id='line_1_106' title="bbox 2280 4755 3888 4831; baseline 0.004 -29"><span class='ocrx_word' id='word_1_734' title='bbox 2280 4757 2369 4804; x_wconf 88' lang='grc' dir='ltr'><strong>καὶ</strong></span> <span class='ocrx_word' id='word_1_735' title='bbox 2418 4758 2614 4812; x_wconf 82' lang='grc' dir='ltr'>ταύτην</span> <span class='ocrx_word' id='word_1_736' title='bbox 2654 4755 2862 4817; x_wconf 72' lang='grc' dir='ltr'>ἁπάσης</span> <span class='ocrx_word' id='word_1_737' title='bbox 2920 4759 3195 4831; x_wconf 75' lang='grc' dir='ltr'>θεραπείας</span> <span class='ocrx_word' id='word_1_738' title='bbox 3247 4759 3455 4829; x_wconf 79' lang='grc' dir='ltr'>ἡγεῖται</span> <span class='ocrx_word' id='word_1_739' title='bbox 3528 4760 3763 4831; x_wconf 76' lang='grc' dir='ltr'>μείζονα.</span> <span class='ocrx_word' id='word_1_740' title='bbox 3829 4757 3888 4809; x_wconf 72' lang='grc' dir='ltr'><strong>Ὀ</strong></span> 
     </span>
    </p>
   </div>
   <div class='ocr_carea' id='block_1_107' title="bbox 2283 4837 3884 4920">
    <p class='ocr_par' dir='ltr' id='par_1_107' title="bbox 2283 4837 3884 4920">
     <span class='ocr_line' id='line_1_107' title="bbox 2283 4837 3884 4920; baseline 0.004 -27"><span class='ocrx_word' id='word_1_741' title='bbox 2283 4837 2341 4893; x_wconf 75' lang='grc' dir='ltr'><strong>δὲ</strong></span> <span class='ocrx_word' id='word_1_742' title='bbox 2392 4848 2603 4919; x_wconf 80' lang='grc' dir='ltr'>Πέτρος,</span> <span class='ocrx_word' id='word_1_743' title='bbox 2657 4850 2716 4897; x_wconf 84' lang='grc' dir='ltr'>τὸ</span> <span class='ocrx_word' id='word_1_744' title='bbox 2792 4846 3037 4920; x_wconf 73' lang='grc' dir='ltr'>τριπλοῦν</span> <span class='ocrx_word' id='word_1_745' title='bbox 3098 4857 3192 4908; x_wconf 80' lang='grc' dir='ltr'>τῆς</span> <span class='ocrx_word' id='word_1_746' title='bbox 3270 4846 3569 4919; x_wconf 79' lang='grc' dir='ltr'>ἐρωτήσεως</span> <span class='ocrx_word' id='word_1_747' title='bbox 3624 4846 3884 4920; x_wconf 75' lang='grc' dir='ltr'>φοϐηθεὶς,</span> 
     </span>
    </p>
   </div>
   <div class='ocr_carea' id='block_1_108' title="bbox 2280 4934 3890 5010">
    <p class='ocr_par' dir='ltr' id='par_1_108' title="bbox 2280 4934 3890 5010">
     <span class='ocr_line' id='line_1_108' title="bbox 2280 4934 3890 5010; baseline 0 -23"><span class='ocrx_word' id='word_1_748' title='bbox 2280 4938 2369 4987; x_wconf 84' lang='grc' dir='ltr'>καὶ</span> <span class='ocrx_word' id='word_1_749' title='bbox 2421 4936 2749 4996; x_wconf 73' lang='grc' dir='ltr'>ὑποπτεύσας</span> <span class='ocrx_word' id='word_1_750' title='bbox 2795 4942 2996 5008; x_wconf 79' lang='grc' dir='ltr'>μήποτε</span> <span class='ocrx_word' id='word_1_751' title='bbox 3050 4934 3182 5010; x_wconf 73' lang='grc' dir='ltr'>δοκῇ</span> <span class='ocrx_word' id='word_1_752' title='bbox 3262 4940 3352 5009; x_wconf 67' lang='grc' dir='ltr'>μὲν</span> <span class='ocrx_word' id='word_1_753' title='bbox 3406 4938 3586 5009; x_wconf 85' lang='grc' dir='ltr'>φιλεῖν,</span> <span class='ocrx_word' id='word_1_754' title='bbox 3638 4937 3695 4989; x_wconf 74' lang='grc' dir='ltr'>οὐ</span> <span class='ocrx_word' id='word_1_755' title='bbox 3754 4936 3890 5009; x_wconf 75' lang='grc' dir='ltr'>φιλεῖ</span> 
     </span>
    </p>
   </div>
   <div class='ocr_carea' id='block_1_109' title="bbox 2284 5021 3890 5101">
    <p class='ocr_par' dir='ltr' id='par_1_109' title="bbox 2284 5021 3890 5101">
     <span class='ocr_line' id='line_1_109' title="bbox 2284 5021 3890 5101; baseline 0 -24"><span class='ocrx_word' id='word_1_756' title='bbox 2284 5021 2345 5077; x_wconf 81' lang='grc' dir='ltr'><strong>δέ</strong></span> <span class='ocrx_word' id='word_1_757' title='bbox 2402 5040 2417 5053; x_wconf 78' lang='grc'><strong><em>⁸</em></strong></span> <span class='ocrx_word' id='word_1_758' title='bbox 2468 5029 2558 5076; x_wconf 80' lang='grc' dir='ltr'>καὶ</span> <span class='ocrx_word' id='word_1_759' title='bbox 2611 5027 2711 5099; x_wconf 81' lang='grc' dir='ltr'><strong>γὰρ</strong></span> <span class='ocrx_word' id='word_1_760' title='bbox 2759 5030 2849 5078; x_wconf 81' lang='grc' dir='ltr'><strong>καὶ</strong></span> <span class='ocrx_word' id='word_1_761' title='bbox 2905 5031 3153 5100; x_wconf 84' lang='grc' dir='ltr'>πρότερον</span> <span class='ocrx_word' id='word_1_762' title='bbox 3240 5022 3412 5078; x_wconf 72' lang='grc' dir='ltr'>ἐδόκει</span> <span class='ocrx_word' id='word_1_763' title='bbox 3467 5030 3558 5100; x_wconf 75' lang='grc' dir='ltr'>μὲν</span> <span class='ocrx_word' id='word_1_764' title='bbox 3624 5023 3890 5101; x_wconf 75' lang='grc' dir='ltr'>μηδέποτε</span> 
     </span>
    </p>
   </div>
   <div class='ocr_carea' id='block_1_110' title="bbox 2472 5152 3888 5223">
    <p class='ocr_par' dir='ltr' id='par_1_110' title="bbox 2472 5152 3888 5223">
     <span class='ocr_line' id='line_1_110' title="bbox 2472 5152 3888 5223; baseline 0 -14"><span class='ocrx_word' id='word_1_765' title='bbox 2472 5153 2518 5187; x_wconf 84' lang='grc'><strong>¹³</strong></span> <span class='ocrx_word' id='word_1_766' title='bbox 2551 5154 2725 5210; x_wconf 87' lang='lat' dir='ltr'><strong>Marc.</strong></span> <span class='ocrx_word' id='word_1_767' title='bbox 2754 5169 2872 5221; x_wconf 82' lang='lat' dir='ltr'><strong>xv1,</strong></span> <span class='ocrx_word' id='word_1_768' title='bbox 2910 5156 2992 5209; x_wconf 88' lang='grc'><strong>12.</strong></span> <span class='ocrx_word' id='word_1_769' title='bbox 3130 5155 3176 5190; x_wconf 66' lang='grc'><strong>1³</strong></span> <span class='ocrx_word' id='word_1_770' title='bbox 3205 5155 3344 5211; x_wconf 86' lang='lat' dir='ltr'><strong>Luc.</strong></span> <span class='ocrx_word' id='word_1_771' title='bbox 3370 5169 3528 5223; x_wconf 74' lang='lat' dir='ltr'><strong>XXIV,</strong></span> <span class='ocrx_word' id='word_1_772' title='bbox 3562 5154 3651 5221; x_wconf 88' lang='grc'>18,</span> <span class='ocrx_word' id='word_1_773' title='bbox 3686 5154 3732 5190; x_wconf 73' lang='grc'><strong>1⁵</strong></span> <span class='ocrx_word' id='word_1_774' title='bbox 3760 5152 3888 5209; x_wconf 87' lang='lat' dir='ltr'><strong>Act.</strong></span> 
     </span>
    </p>
   </div>
   <div class='ocr_carea' id='block_1_111' title="bbox 1722 5345 2647 5419">
    <p class='ocr_par' dir='ltr' id='par_1_111' title="bbox 1722 5345 2647 5419">
     <span class='ocr_line' id='line_1_111' title="bbox 1722 5345 2647 5419; baseline 0.008 -7"><span class='ocrx_word' id='word_1_775' title='bbox 1722 5345 1946 5413; x_wconf 66' lang='lat' dir='ltr'><strong>Variae</strong></span> <span class='ocrx_word' id='word_1_776' title='bbox 1976 5346 2306 5418; x_wconf 89' lang='lat' dir='ltr'><strong>lectiones</strong></span> <span class='ocrx_word' id='word_1_777' title='bbox 2339 5359 2405 5418; x_wconf 91' lang='lat' dir='ltr'><strong>et</strong></span> <span class='ocrx_word' id='word_1_778' title='bbox 2443 5356 2647 5419; x_wconf 63' lang='lat' dir='ltr'><strong>nota.</strong></span> 
     </span>
    </p>
   </div>
   <div class='ocr_carea' id='block_1_112' title="bbox 588 5542 680 5683">
    <p class='ocr_par' dir='ltr' id='par_1_112' title="bbox 588 5542 680 5683">
     <span class='ocr_line' id='line_1_112' title="bbox 588 5542 680 5683; baseline -0.141 -3"><span class='ocrx_word' id='word_1_779' title='bbox 588 5542 680 5683; x_wconf 66' lang='lat' dir='ltr'><strong>lii</strong></span> 
     </span>
    </p>
   </div>
   <div class='ocr_carea' id='block_1_113' title="bbox 744 5542 1319 5602">
    <p class='ocr_par' dir='ltr' id='par_1_113' title="bbox 744 5542 1319 5602">
     <span class='ocr_line' id='line_1_113' title="bbox 744 5542 1319 5602; baseline 0.005 -4"><span class='ocrx_word' id='word_1_780' title='bbox 744 5542 977 5601; x_wconf 82' lang='lat' dir='ltr'><strong>Inclusa</strong></span> <span class='ocrx_word' id='word_1_781' title='bbox 1010 5544 1226 5602; x_wconf 88' lang='lat' dir='ltr'><strong>omittit</strong></span> <span class='ocrx_word' id='word_1_782' title='bbox 1255 5546 1319 5601; x_wconf 84' lang='lat' dir='ltr'><strong>A.</strong></span> 
     </span>
    </p>
   </div>
   <div class='ocr_carea' id='block_1_114' title="bbox 746 5613 1030 5676">
    <p class='ocr_par' dir='ltr' id='par_1_114' title="bbox 746 5613 1030 5676">
     <span class='ocr_line' id='line_1_114' title="bbox 746 5613 1030 5676; baseline 0.018 -9"><span class='ocrx_word' id='word_1_783' title='bbox 746 5613 943 5676; x_wconf 78' lang='grc' dir='ltr'>Ἰδὸτις</span> <span class='ocrx_word' id='word_1_784' title='bbox 968 5623 1030 5672; x_wconf 77' lang='grc' dir='ltr'><strong>Α.</strong></span> 
     </span>
    </p>
   </div>
   <div class='ocr_carea' id='block_1_115' title="bbox 686 5544 706 5763">
    <p class='ocr_par' dir='ltr' id='par_1_115' title="bbox 686 5544 706 5763">
     <span class='ocr_line' id='line_1_115' title="bbox 686 5544 706 5763; baseline 0 0"><span class='ocrx_word' id='word_1_785' title='bbox 686 5544 706 5763; x_wconf 72' lang='grc' dir='ltr'>ξ</span> 
     </span>
    </p>
   </div>
   <div class='ocr_carea' id='block_1_116' title="bbox 616 5688 1420 5757">
    <p class='ocr_par' dir='ltr' id='par_1_116' title="bbox 616 5688 1420 5757">
     <span class='ocr_line' id='line_1_116' title="bbox 616 5688 1420 5757; baseline 0.004 -17"><span class='ocrx_word' id='word_1_786' title='bbox 616 5688 706 5757; x_wconf 82' lang='grc'>45)</span> <span class='ocrx_word' id='word_1_787' title='bbox 749 5690 814 5757; x_wconf 81' lang='grc' dir='ltr'><strong>Οἱ</strong></span> <span class='ocrx_word' id='word_1_788' title='bbox 844 5688 1077 5757; x_wconf 83' lang='grc' dir='ltr'>μαθηταὶ</span> <span class='ocrx_word' id='word_1_789' title='bbox 1120 5688 1333 5746; x_wconf 80' lang='lat' dir='ltr'><strong>omittit</strong></span> <span class='ocrx_word' id='word_1_790' title='bbox 1364 5688 1420 5743; x_wconf 84' lang='grc' dir='ltr'><strong>Β.</strong></span> 
     </span>
    </p>
   </div>
   <div class='ocr_carea' id='block_1_117' title="bbox 589 5688 1071 5835">
    <p class='ocr_par' dir='ltr' id='par_1_117' title="bbox 589 5688 1071 5835">
     <span class='ocr_line' id='line_1_117' title="bbox 616 5688 1071 5763; baseline -0.002 -22"><span class='ocrx_word' id='word_1_791' title='bbox 616 5688 706 5763; x_wconf 82' lang='grc'>45)</span> <span class='ocrx_word' id='word_1_792' title='bbox 749 5690 814 5737; x_wconf 84' lang='grc' dir='ltr'><strong>Οἱ</strong></span> <span class='ocrx_word' id='word_1_793' title='bbox 844 5688 1071 5757; x_wconf 76' lang='grc' dir='ltr'>μαθηταὶ</span> 
     </span>
     <span class='ocr_line' id='line_1_118' title="bbox 589 5688 1071 5835; baseline -0.012 -21"><span class='ocrx_word' id='word_1_794' title='bbox 589 5688 706 5835; x_wconf 62' lang='grc'>(46)</span> <span class='ocrx_word' id='word_1_795' title='bbox 727 5756 972 5812; x_wconf 79' lang='grc' dir='ltr'>Κλεὼπαν</span> <span class='ocrx_word' id='word_1_796' title='bbox 1010 5760 1071 5816; x_wconf 89' lang='grc' dir='ltr'><strong>Β,</strong></span> 
     </span>
    </p>
   </div>
   <div class='ocr_carea' id='block_1_118' title="bbox 2355 5545 3072 5692">
    <p class='ocr_par' dir='ltr' id='par_1_118' title="bbox 2355 5545 3072 5692">
     <span class='ocr_line' id='line_1_119' title="bbox 2355 5545 3072 5692; baseline 0.006 -89"><span class='ocrx_word' id='word_1_797' title='bbox 2355 5550 2467 5692; x_wconf 45' lang='lat' dir='ltr'><strong>(In;</strong></span> <span class='ocrx_word' id='word_1_798' title='bbox 2500 5546 2737 5606; x_wconf 83' lang='lat' dir='ltr'><strong>Inclusa</strong></span> <span class='ocrx_word' id='word_1_799' title='bbox 2768 5545 2984 5607; x_wconf 87' lang='lat' dir='ltr'><strong>omittit</strong></span> <span class='ocrx_word' id='word_1_800' title='bbox 3010 5556 3072 5606; x_wconf 83' lang='lat' dir='ltr'><strong>A.</strong></span> 
     </span>
     <span class='ocr_line' id='line_1_120' title="bbox 2355 5621 3072 5688; baseline 0.001 -14"><span class='ocrx_word' id='word_1_801' title='bbox 2355 5623 2446 5688; x_wconf 80' lang='grc'>(48</span> <span class='ocrx_word' id='word_1_802' title='bbox 2500 5621 2768 5678; x_wconf 82' lang='lat' dir='ltr'><strong>CodexB</strong></span> <span class='ocrx_word' id='word_1_803' title='bbox 2821 5621 3007 5679; x_wconf 88' lang='lat' dir='ltr'><strong>habet</strong></span> <span class='ocrx_word' id='word_1_804' title='bbox 3060 5621 3072 5675; x_wconf 81' lang='grc' dir='ltr'>ἐ</span> 
     </span>
    </p>
   </div>
   <div class='ocr_carea' id='block_1_119' title="bbox 2354 5619 3896 5709">
    <p class='ocr_par' dir='ltr' id='par_1_119' title="bbox 2354 5619 3896 5709">
     <span class='ocr_line' id='line_1_121' title="bbox 2354 5619 3896 5709; baseline -0.011 -24"><span class='ocrx_word' id='word_1_805' title='bbox 2354 5619 2467 5709; x_wconf 61' lang='grc' dir='ltr'>(ίιὸ)</span> <span class='ocrx_word' id='word_1_806' title='bbox 2500 5621 2694 5709; x_wconf 45' lang='lat' dir='ltr'><strong>Codex</strong></span> <span class='ocrx_word' id='word_1_807' title='bbox 2798 5621 3014 5709; x_wconf 65' lang='lat' dir='ltr'><strong>liabet</strong></span> <span class='ocrx_word' id='word_1_808' title='bbox 3060 5620 3362 5709; x_wconf 66' lang='grc' dir='ltr'>ἐπηγγελλς.</span> <span class='ocrx_word' id='word_1_809' title='bbox 3528 5627 3694 5709; x_wconf 73' lang='lat' dir='ltr'><strong>esset</strong></span> <span class='ocrx_word' id='word_1_810' title='bbox 3731 5619 3896 5709; x_wconf 58' lang='grc' dir='ltr'>ἐπηγ.</span> 
     </span>
    </p>
   </div>
   <div class='ocr_carea' id='block_1_120' title="bbox 2281 5690 3890 5771">
    <p class='ocr_par' dir='ltr' id='par_1_120' title="bbox 2281 5690 3890 5771">
     <span class='ocr_line' id='line_1_122' title="bbox 2281 5690 3890 5771; baseline 0.005 -27"><span class='ocrx_word' id='word_1_811' title='bbox 2281 5690 2503 5768; x_wconf 68' lang='grc' dir='ltr'>γέλλετο.</span> <span class='ocrx_word' id='word_1_812' title='bbox 2580 5693 2913 5753; x_wconf 90' lang='lat' dir='ltr'><strong>Hentenius</strong></span> <span class='ocrx_word' id='word_1_813' title='bbox 2990 5690 3244 5755; x_wconf 58' lang='lat' dir='ltr'><strong>fortasse</strong></span> <span class='ocrx_word' id='word_1_814' title='bbox 3325 5697 3465 5771; x_wconf 78' lang='lat' dir='ltr'><strong>legit</strong></span> <span class='ocrx_word' id='word_1_815' title='bbox 3521 5690 3890 5770; x_wconf 70' lang='grc' dir='ltr'>ἐπηγγείλατο.</span> 
     </span>
    </p>
   </div>
  </div>
