4108 6438
257 360 406 415 1497

254 485 677 559 ἀπαρνήσασθαι
732 484 911 553 αὐτὸν,
970 483 1315 558 ἀπηρνήσατο
1378 480 1438 537 δέ
1469 502 1481 514 ·

249 579 495 648 νέστιρον
553 574 709 627 αύτὸν
757 578 848 627 καὶ
902 572 1144 647 βελτίονα
1217 576 1275 627 τὸ
1333 575 1502 635 πάθος
1571 576 1730 626 ἐκεῖνο
1792 591 1878 624 πε-

248 668 472 721 ποίηκεν
508 680 519 691 ·
582 663 839 733 ἐλυπήθη,
898 662 1195 737 ἐταράχθη,
1245 662 1561 739 ἐθορυϐήθη.
1616 668 1717 715 Καὶ
1773 661 1875 714 λοιο

245 758 355 807 πόν
416 753 571 805 αὐτὸν
624 756 694 816 ὡς
745 755 916 806 πάντα
981 758 1101 826 πρὶν
1167 757 1409 825 γενέσεως
1468 753 1635 805 αὐτῶν
1695 747 1876 803 εἰδότα

242 845 501 917 μάρτυρα
560 849 808 911 ποιεῖται,
858 846 948 895 καὶ
1004 842 1141 914 λέγει
1176 859 1187 871 ⁸
1222 846 1289 895 Σύ
1348 845 1516 894 πάντα
1566 838 1735 903 οἶδας,
1783 845 1873 892 καὶ

240 934 323 985 τὰ
372 939 479 996 νῦν,
542 938 633 984 καὶ
690 936 756 985 τὰ
812 932 1080 1005 μέλλοντα,
1136 934 1207 994 ὡς
1264 934 1413 999 Θεὸς,
1482 935 1547 983 σύ
1600 937 1873 1001 γινώσκεις

239 1024 337 1074 ὅτι
368 1022 497 1094 φιλῶ
530 1041 587 1073 σε
614 1028 702 1073 νῦν
754 1020 1050 1093 όλοψύχως,
1110 1026 1201 1073 καὶ
1249 1018 1401 1073 οὐδὲν
1450 1020 1598 1073 πλέον
1629 1020 1764 1091 λέγει
1811 1024 1869 1072 τό

240 1110 433 1183 μέλλον
515 1108 730 1180 ἀγνοῶν.
827 1115 927 1163 Καὶ
995 1112 1097 1184 γάρ
1172 1114 1262 1163 καὶ
1323 1117 1503 1181 πρώην
1580 1108 1871 1161 ἀντιτείνων

239 1199 494 1271 ἠλέγχθη
584 1202 753 1272 μάτην
810 1200 1233 1273 ἰσχυριζόμενος.
1286 1200 1466 1273 Ἀρνία
1535 1204 1705 1252 τοίνυν
1779 1204 1869 1252 καὶ

238 1288 493 1363 πρόϐατα
522 1291 569 1340 οἱ
598 1291 833 1361 μαθηταὶ
866 1286 959 1341 διὰ
990 1292 1050 1341 τό
1086 1290 1281 1341 ἄκακον
1332 1294 1420 1341 καὶ
1468 1293 1751 1362 πρόχειρον
1797 1290 1869 1350 εἰς

236 1384 474 1450 σφαγήν.
514 1383 612 1431 Καὶ
643 1374 790 1438 αὖθις
834 1376 987 1452 ἀρνία
1017 1381 1107 1450 μὲν
1150 1380 1199 1430 οἱ
1248 1377 1588 1450 ἀτελέστεροι,
1630 1376 1871 1451 πρόϐατα

230 1464 304 1520 δὲ
338 1470 389 1519 οἱ
419 1466 738 1542 τελειότεροι.

313 1559 575 1629 Πρότερον
605 1560 695 1627 μὲν
726 1552 813 1608 οὖν
842 1552 935 1608 διὰ
964 1564 1063 1608 τῶν
1081 1565 1278 1628 πικρῶν
1308 1555 1508 1608 ἐκείνων
1534 1552 1775 1629 δακρύων
1796 1565 1869 1627 τῷ

232 1650 431 1719 Πέτρῳ
478 1649 573 1703 τὴν
611 1641 809 1703 κηλίδα
837 1653 932 1706 τῆς
964 1643 1231 1719 ἀρνήσεως
1275 1644 1700 1716 ἀπολουσαμένῳ,
1751 1647 1869 1719 ἄρτι

234 1732 306 1788 δὲ
330 1734 487 1786 πάλιν
520 1734 633 1785 ἀντὶ
658 1742 755 1795 τῆς
778 1733 1000 1808 τριπλῆς
1045 1733 1309 1808 ἀρνήσεως
1340 1734 1559 1805 τριπλῆν
1587 1734 1867 1806 ὁμολογίαν

229 1825 610 1894 εἰσενεγκόντι,
642 1828 732 1874 καὶ
763 1827 878 1875 τότε
922 1826 1010 1894 μὲν
1059 1826 1213 1897 ἔργῳ,
1266 1831 1353 1875 νῦν
1410 1821 1468 1874 δὲ
1519 1823 1652 1893 λόγῳ
1682 1827 1741 1873 τό
1776 1820 1869 1875 διὰ
1895 1830 1934 1883 Β

225 1913 403 1983 λόγου
454 1911 666 1984 σφάλμα
705 1911 819 1983 (49)
864 1914 1151 1984 θεραπεύει,
1183 1916 1277 1970 τὴν
1318 1916 1663 1984 ποιμαντικὴν
1696 1911 1869 1983 ἐγχει-

225 2003 382 2076 ρίζει
414 2008 475 2059 τῆ
489 2022 510 2062 ς
539 2001 863 2072 οἰκόυμένης.

311 2087 449 2144 Εἶτα
500 2088 862 2163 παραϐολικῶς
928 2091 1217 2163 προμηνύει
1276 2090 1415 2159 αὐτῷ
1481 2095 1570 2141 καὶ
1639 2092 1723 2141 τόν
1774 2085 1867 2142 διὰ

230 2185 481 2250 σταυροῦ
542 2180 777 2243 θάνατον,
963 2178 1295 2237 τελειωθῆναι
1352 2178 1543 2250 ἔμελλε,
1618 2175 1866 2230 δεικνύων

225 2266 474 2320 ἐντεῦθεν
528 2268 608 2319 ότι
651 2268 745 2318 ούκ
804 2266 1001 2338 ἀγνοῶν
1051 2264 1176 2319 οὐδὲ
1222 2266 1454 2320 ἀπιστῶν
1503 2268 1643 2338 αύτῷ
1702 2268 1866 2339 ἔλεγεν

225 2357 371 2430 ἅπερ
428 2356 612 2427 ἔλεγεν.
665 2356 959 2409 Ἠπίστατο
1007 2359 1105 2430 γὰρ
1164 2359 1298 2408 πάνυ
1349 2361 1406 2408 τὸ
1466 2353 1723 2429 διάπυρον
1772 2366 1868 2419 τῆς

225 2446 306 2507 εἰς
370 2444 530 2496 αὐτόν
599 2444 824 2515 ἀγάπης,
885 2445 992 2497 ἀλλ’
1048 2446 1131 2497 ἶνα
1198 2452 1303 2516 γνῷ
1370 2451 1460 2498 καὶ
1539 2446 1687 2506 αὐτὸς
1775 2451 1864 2498 καὶ

225 2537 431 2593 πάντες
490 2535 570 2585 ότι
628 2530 838 2605 σφόδρα
893 2539 1014 2606 περὶ
1070 2534 1260 2587 πολλοῦ
1333 2537 1534 2587 τίθεται
1589 2540 1681 2593 τῆν
1741 2555 1867 2609 προ-

227 2626 465 2677 στασίαν
519 2630 617 2674 τῶν
679 2618 829 2673 ἰδίων
896 2624 1165 2693 μαθητῶν,
1248 2626 1312 2683 ὡς
1384 2623 1614 2698 ἀνωτέρω
1695 2620 1864 2681 δεδή-

224 2713 428 2765 λωταμ

301 2801 487 2871 Ἀμὴν
577 2830 642 2839 —-
716 2798 908 2859 ἤθελες.
967 2797 1089 2850 ’⁷οτε
1165 2797 1447 2870 ἐτύγχανες
1516 2799 1858 2873 ἀτελέστερος,

228 2891 332 2943 3πό
397 2892 486 2940 τόν
542 2888 866 2960 ἀτελέστερον
929 2892 1082 2958 νόμον
1132 2891 1219 2939 τὸν
1278 2892 1559 2941 Μωσαῑκὸν
1612 2894 1858 2960 κείμενος,

220 2980 517 3049 ἡτοίμαζες
569 2979 786 3029 σεαυτόν
842 2979 971 3052 πρὸς
1023 2976 1048 3027 ὃ
1106 2974 1337 3041 ἐϐούλου,
1410 2982 1497 3029 καὶ
1558 2974 1739 3049 διῆγες
1794 2980 1859 3038 ὡς

221 3066 436 3126 ἤθελες.

1314 358 1679 415 COMMENT.
1724 358 1797 414 IN
1836 357 2190 415 JOANNEM.
2231 390 2300 401 —
2340 360 2499 417 CAP.
2533 361 2681 416 XXI.

1533 489 1622 537 καὶ
1678 503 1877 556 σωφρο-
1906 483 1955 539 Α
1992 488 2195 540 tamen
2220 486 2479 554 negavit,
2511 486 3006 546 etmodestiorem
3026 490 3225 561 ipsum
3250 505 3318 545 ac
3347 489 3659 557 meliorem

3518 367 3664 421 1498

1989 572 2093 644 (ff)
2134 573 2381 630 affectus
2429 574 2524 630 ille
2554 575 2915 643 reddiderat,
2976 594 3232 635 mmrore
3264 578 3511 635 affectus
3544 584 3650 645 est,

1986 661 2397 727 turbatusest,
2439 664 2620 721 etiam
2673 665 2898 738 ipsum,
2951 674 3008 724 ut
3060 668 3163 740 qui
3194 668 3402 724 omnia
3450 673 3655 725 nosset

1986 750 2342 823 priusquam
2389 752 2613 819 ﬁerent,
2644 759 2857 812 testem
2884 756 3023 813 facit
3048 763 3104 814 et
3152 757 3278 814 ait:
3322 759 3409 812 Tu
3458 758 3653 813 omnia

1983 842 2162 905 nosti,
2207 846 2263 896 et
2287 842 2603 913 praesentia
2636 848 2692 898 et
2740 860 2875 916 quae
2910 846 3106 902 futura
3137 851 3295 912 sunt,
3356 849 3649 918 tanquam

1983 928 2140 984 Deus
2167 946 2180 995 ;
2206 934 2269 985 tu
2300 931 2439 995 scis,
2474 931 2640 1003 quod
2672 948 2829 989 nunc
2853 939 2972 990 toto
3003 934 3180 991 corde
3208 940 3263 990 te
3309 951 3507 990 amem
3546 952 3558 1000 ;
3595 938 3652 992 et

1983 1016 2128 1071 nihil
2146 1017 2408 1089 amplius
2421 1017 2586 1082 dicit,
2612 1019 2897 1089 ignorans
2919 1022 3065 1094 quid
3083 1022 3353 1079 futurum
3377 1021 3473 1077 sit.
3498 1023 3651 1080 Nam

1981 1106 2165 1178 paulo
2184 1112 2339 1174 ante,
2366 1124 2502 1163 cum
2531 1110 3006 1175 contradixisset,
3035 1114 3344 1168 convictus
3367 1116 3458 1167 est
3481 1112 3649 1185 quod

1981 1211 2200 1251 vanam
2221 1196 2488 1253 habuerit
2510 1198 2583 1254 de
2607 1215 2669 1254 se
2698 1198 3001 1257 ﬁduciam.
3024 1202 3172 1270 Agni
3197 1201 3399 1273 itaque
3430 1204 3484 1256 et
3505 1216 3645 1257 oves

1979 1283 2260 1340 dicuntur
2275 1286 2551 1357 discipuli
2576 1294 2817 1359 propter
2843 1289 3287 1361 simplicitatem
3307 1305 3377 1345 ac
3404 1305 3646 1363 promp-

1980 1373 2295 1430 titudinem
2327 1375 2405 1430 ad
2435 1375 2571 1443 hoc,
2609 1381 2670 1431 ut
2701 1376 3105 1433 immolentur.
3140 1377 3207 1435 Et
3232 1394 3470 1435 rursum
3502 1380 3643 1449 agni

1979 1462 2227 1533 quidem
2254 1464 2730 1537 imperfectiores,
2783 1482 2926 1521 oves
2969 1472 3190 1532 autem,
3234 1467 3639 1539 perfectiores.

2053 1551 2225 1607 Petro
2246 1552 2449 1626 itaque
2482 1555 2608 1625 (gg)
2628 1555 2913 1627 pascendi
2938 1572 3140 1612 curam
3166 1573 3235 1612 ac
3264 1557 3643 1625 gubernatio-

1980 1656 2118 1697 nem
2142 1642 2475 1708 committit,
2504 1648 2567 1697 ut
2597 1643 2699 1715 qui
2732 1649 2785 1699 et
2814 1644 2977 1714 prius
3000 1645 3641 1718 amarisillislacrymis

1980 1729 2316 1799 negationis
2348 1732 2643 1788 maculam
2673 1732 2928 1789 abluerit
2958 1739 3014 1789 et
3052 1750 3212 1789 nunc
3252 1752 3490 1791 rursum
3535 1751 3642 1806 pro

1980 1818 2133 1875 trina
2164 1820 2478 1887 negatione
2533 1821 2749 1877 trinam
2781 1820 2991 1877 offerat
3045 1822 3483 1879 confessionem
3530 1839 3540 1877 :
3585 1828 3641 1879 et

1978 1910 2121 1963 tunc
2151 1908 2396 1979 quidem
2427 1925 2627 1981 opere,
2655 1926 2816 1964 nunc
2844 1914 3041 1966 autem
3078 1911 3258 1967 verbo
3287 1910 3498 1982 lapsui,
3533 1912 3639 1984 qui

1979 1996 2163 2053 verbo
2189 1996 2380 2053 factus
2412 2005 2518 2063 est,
2553 1998 2846 2054 medetur.

2052 2086 2270 2141 Deinde
2310 2087 2651 2158 parabolice
2690 2088 3051 2159 praenuntiat
3076 2088 3124 2143 ei
3168 2089 3374 2144 mortis
3424 2105 3633 2159 genus,

1976 2174 2141 2246 quod
2167 2189 2272 2247 per
2297 2191 2530 2231 crucem
2562 2188 2720 2231 esset
2760 2180 2815 2231 et
2850 2176 2977 2248 ipse
3028 2177 3350 2232 moriturus
3397 2194 3407 2231 :
3445 2186 3637 2234 osten-

1975 2264 2148 2332 dens,
2192 2265 2354 2336 quoi
2388 2280 2509 2320 non
2562 2271 2848 2336 tanquam
2898 2265 3208 2336 ignorans,
3244 2271 3346 2321 aut
3388 2265 3467 2321 illi
3513 2283 3635 2324 non

1975 2352 2224 2409 credens
2251 2353 2507 2418 dicebat,
2559 2370 2689 2425 quae
2721 2353 2976 2421 dicebat,
3012 2371 3148 2409 cum
3179 2355 3405 2426 optime
3439 2360 3637 2412 nosset

1974 2442 2268 2499 fervorem
2299 2442 2631 2499 dilectionis
2658 2443 2786 2515 ejus
2818 2459 2960 2513 erga
2988 2461 3069 2508 se,
3101 2443 3209 2499 sed
3243 2449 3305 2499 ut
3332 2450 3389 2499 et
3409 2446 3534 2517 ipse
3577 2450 3635 2501 et

1974 2547 2186 2588 omnes
2215 2538 2666 2601 cognoscerent,
2708 2534 2872 2604 quod
2914 2533 3157 2604 plurimi
3187 2532 3405 2588 faceret
3434 2535 3635 2605 βιηθεὶ-

1973 2620 2264 2677 denttiam
2295 2637 2472 2692 super
2502 2621 2828 2693 discipulos
2858 2638 3019 2688 suos,
3049 2621 3227 2677 veluti
3256 2623 3532 2693 superius
3554 2623 3632 2678 si-

1972 2708 2324 2778 gniﬁcatum
2355 2715 2462 2765 est.

2043 2799 2205 2853 Vers.
2240 2801 2324 2853 t8.
2356 2800 2546 2854 Amen
2572 2829 2641 2839 --
2668 2798 2920 2855 volebas.
2948 2802 3095 2857 Cum
3130 2816 3293 2856 esses
3323 2800 3633 2873 imperfec-

1970 2886 2081 2942 tior
2128 2886 2241 2942 sub
2286 2886 2703 2958 imperfectiori
2736 2890 2991 2944 Mosaica
3044 2888 3173 2957 lege
3219 2889 3572 2946 constitutus
3614 2908 3628 2946 :

1968 2974 2229 3048 parabas
2264 2980 2321 3031 te
2348 2975 2425 3031 ad
2456 2976 2516 3031 id
2546 2975 2706 3047 quod
2738 2976 3045 3049 cupiebas,
3078 2982 3133 3033 et
3181 2977 3366 3034 vitam
3408 2978 3631 3048 agebas

1969 3070 2035 3121 ut
2072 3064 2338 3121 volebas.

298 3154 471 3206 ”Οταν
542 3185 611 3193 -
672 3153 854 3214 θελεις,
935 3152 1096 3205 ’Ὀταν
1153 3154 1264 3225 (50)
1326 3150 1385 3205 δὲ
1458 3153 1727 3226 τελειωθῆς
1786 3155 1860 3217 εἰς

2040 3153 2309 3209 Vers.18.
2334 3154 2521 3210 Ubi—
2537 3154 2641 3209 vis.
2682 3153 2781 3209 Ubi
2797 3160 2987 3211 autem
3003 3155 3062 3211 in
3080 3156 3277 3212 virum
3294 3156 3627 3229 perfectum

224 3240 411 3316 ἄνδρα
460 3242 667 3309 τέλειον,
712 3243 779 3304 εἰς
833 3247 1018 3318 μέτρον
1079 3242 1281 3302 ἡλικίας
1335 3253 1702 3315 πνευματικῆς,
1758 3246 1857 3297 ύπό

221 3340 320 3387 τοῦ
368 3331 565 3384 τελείου
615 3335 795 3403 νόμου,
843 3340 938 3384 τοῦ
983 3331 1340 3404 εύαγγελικοῦ,
1394 3334 1855 3405 καταρτιζόμενος,

222 3422 451 3480 ἐκτενεῖς
487 3422 582 3481 τάς
626 3422 813 3493 χεῖράς
860 3440 953 3472 σου
1000 3421 1087 3473 ἐπὶ
1142 3428 1397 3496 σταυροῦ,
1452 3427 1541 3472 καὶ
1599 3423 1750 3483 illo;
1800 3442 1857 3476 σε

225 3510 449 3584 σφίγξει
477 3516 588 3570 τοῖς
626 3509 789 3571 ἣλοις,
829 3514 918 3561 καὶ
968 3509 1139 3583 ἀγάγῃ
1193 3512 1309 3581 (εί)
1357 3511 1426 3571 είς
1482 3513 1717 3578 θάνατον’
1779 3513 1854 3580 ὃν,

221 3601 268 3654 εἰ
322 3604 421 3651 καὶ
484 3598 640 3660 θέλεις
690 3606 751 3670 τῆ
810 3602 1132 3673 προαιρέσει,
1203 3599 1261 3650 ού
1331 3600 1484 3661 θέλεις
1536 3610 1599 3672 τῇ
1680 3604 1851 3673 φύσει.

220 3689 507 3762 Συμπαθεῖ
556 3690 658 3759 γὰρ
713 3689 743 3745 ἡ
803 3687 958 3759 ψυχὴ
1014 3694 1085 3757 τῷ
1134 3693 1340 3760 σώματι
1383 3686 1475 3741 dii:
1526 3695 1618 3747 τὴν
1677 3693 1854 3761 φύσιν,

218 3784 315 3832 καὶ
368 3779 580 3831 ἄκουσα
634 3775 1048 3851 ἀπορρήγνυται,
1099 3785 1252 3831 τοῦτο
1317 3786 1408 3829 τοῦ
1465 3786 1601 3831 Θεοῦ
1658 3798 1857 3851 συμφε-

219 3874 425 3944 ρόντως
483 3866 946 3938 οἰκονομήσαντος,
1008 3868 1183 3927 καθὼς
1246 3871 1335 3917 καὶ
1392 3866 1626 3939 ἀλλαχοῦ
1696 3864 1855 3925 ὃεδή,

220 3959 412 4021 λωται,
470 3956 554 4006 ἱνα
610 3959 680 4026 μὴ
742 3957 879 4006 κατά
926 3960 1237 4027 περίστασιν
1316 3954 1543 4029 εὐχερῶς
1607 3955 1853 4009 ἀνέλωσιν

222 4047 449 4107 ἑαυτούς
490 4046 538 4096 οἱ
581 4045 863 4115 ἄνθρωποι.
918 4043 981 4094 Εἰ
1035 4044 1136 4115 γὰρ
1189 4048 1278 4095 καὶ
1316 4052 1408 4104 τῆς
1458 4045 1642 4117 ψυχῆς
1691 4047 1853 4108 οὕτως

224 4135 476 4209 ἰσχυρῶς
524 4131 976 4205 ἀποστρεφομένης
1007 4136 1101 4190 τὴν
1157 4127 1424 4194 διάζευξιν
1456 4143 1546 4185 τοῦ
1591 4141 1849 4207 σώματος,

224 4225 415 4296 ἰσχύει
463 4221 708 4281 πολλάκις
769 4222 793 4273 ό
851 4219 1046 4295 ἐχθρός
1096 4240 1241 4281 τινας
1314 4220 1630 4293 ἐργάζεσθαι
1690 4232 1852 4295 φονεῖς

222 4314 423 4366 ἑαυτῶν
456 4332 469 4344 ·
500 4310 545 4363 εἰ
588 4316 659 4383 μὴ
692 4318 847 4363 τοῦτο
887 4306 969 4380 ἦν,
1028 4312 1236 4381 ταχέως
1286 4309 1345 4361 ἂν
1403 4312 1450 4361 οἱ
1501 4312 1676 4363 πολλοὶ
1726 4318 1850 4387 πρὸς

224 4402 497 4475 ἀναίρεσιν
529 4399 723 4452 ἑαυτῶν
756 4399 1009 4473 ἐχώρουν.

293 4498 461 4544 Tauro
494 4522 562 4529 —
602 4496 752 4544 Θεὸν.
786 4488 918 4551 Δόξα
946 4491 1048 4561 γάρ
1090 4488 1147 4540 ού
1202 4492 1353 4560 μόνον
1400 4496 1491 4540 τοῦ
1535 4490 1846 4554 θνήσκοντος

222 4582 492 4652 μαθητοῦ,
526 4577 652 4630 ἀλλά
676 4583 765 4631 καὶ
791 4586 882 4630 τοῦ
912 4586 1066 4643 Θεοί,
1102 4580 1126 4629 ό
1153 4573 1247 4629 διὰ
1268 4582 1522 4653 τιμωρίας
1553 4580 1669 4648 (52)
1694 4581 1845 4633 θάνα-

220 4689 304 4729 τος
349 4690 360 4701 ·
395 4675 490 4720 τοῦ
524 4668 831 4727 θνήσκοντος
873 4670 983 4739 μὲν,
1030 4669 1111 4719 ὅτι
1142 4669 1268 4741 ὑπὲρ
1315 4675 1406 4718 τοῦ
1440 4675 1573 4720 Θεοῦ
1612 4670 1840 4735 θνήσκει,

222 4766 315 4809 τοῦ
348 4763 478 4811 Θεοῦ
513 4753 588 4824 δὲ,
618 4758 699 4808 ὅτι
724 4764 957 4809 τοιοῦτον
988 4759 1100 4828 ἔχει
1131 4758 1397 4828 μαθητήν,

298 4999 346 5032 ¹⁶
375 4996 808 5068 Ephes.1v,l3.

1968 3242 2308 3314 profeceris,
2341 3243 2401 3298 in
2432 3259 2781 3299 mensuram
2812 3244 2999 3300 aetatis
3030 3244 3353 3316 spiritualis
3393 3248 3461 3312 ¹⁸,
3515 3247 3628 3303 sub

1968 3330 2232 3402 perfecta
2280 3331 2409 3401 lege
2442 3331 2792 3403 evangelica
2837 3339 3312 3398 consummatus,
3347 3336 3628 3391 extendes

1966 3436 2184 3477 manus
2214 3424 2348 3477 tuas
2378 3422 2455 3476 ad
2487 3437 2719 3477 crucem
2776 3439 2786 3476 :
2822 3426 2877 3477 et
2910 3422 3063 3477 alius
3112 3429 3166 3478 te
3201 3422 3386 3479 clavis
3416 3423 3630 3479 astrin-

1967 3515 2083 3580 get,
2108 3526 2178 3565 ac
2200 3510 2374 3565 ducet
2397 3509 2474 3565 ad
2506 3515 2784 3575 mortem,
2813 3526 2997 3583 quam
3020 3512 3129 3567 etsi
3152 3512 3317 3566 voles
3360 3512 3635 3569 volunta-

1968 3604 2042 3671 te,
2077 3605 2291 3654 natura
2316 3605 2516 3655 tamen
2550 3614 2669 3653 non
2704 3599 2861 3655 voles
2892 3618 2902 3654 :
2941 3601 3234 3671 siquidem
3267 3603 3635 3673 compatitur

1966 3687 2195 3760 corpori
2235 3689 2439 3744 anima
2470 3692 2714 3759 propter
2741 3694 3041 3755 naturam,
3077 3695 3133 3745 et
3172 3690 3378 3747 audita
3425 3692 3631 3747 mortis

1966 3778 2290 3842 mentione,
2324 3776 2624 3841 abhorret,
2668 3777 2788 3833 Deo
2833 3777 2915 3833 ita
2954 3779 3339 3850 dispensante
3392 3779 3626 3847 utiliter,

1966 3868 2112 3924 sicut
2144 3867 2323 3923 etiam
2372 3867 2516 3922 alibi
2549 3867 2955 3937 signiﬁcatum
2987 3873 3091 3932 est,
3127 3884 3201 3923 ne
3252 3869 3520 3925 homines
3567 3870 3629 3926 in

1962 3957 2294 4013 infortuniis
2324 3957 2493 4012 facile
2520 3971 2647 4011 sese
2670 3956 3027 4011 occiderent.
3056 3958 3207 4013 Nam
3232 3958 3281 4012 si
3306 3958 3457 4014 valet
3484 3958 3629 4015 hos-

1964 4046 2037 4102 tis
2065 4045 2402 4117 frequenter
2429 4045 2664 4117 aliquos
2698 4044 2774 4100 ad
2809 4044 3115 4117 propriam
3162 4046 3468 4117 impellere
3516 4064 3633 4121 cae:

1963 4136 2100 4191 dem
2131 4153 2141 4189 :
2178 4135 2411 4190 tametsi
2434 4135 2639 4191 anima
2665 4134 2812 4189 adeo
2840 4133 3064 4190 fortiter
3096 4135 3172 4191 ad
3192 4136 3462 4207 corporis
3484 4152 3627 4193 con-

1957 4223 2328 4295 junctionem
2344 4222 2557 4279 affecta
2576 4222 2670 4283 sit,
2691 4222 2852 4294 quod
2869 4223 3134 4278 futurum
3154 4229 3259 4288 est,
3285 4224 3329 4277 si
3364 4224 3478 4280 hoc
3500 4241 3624 4282 non

1960 4316 2118 4368 esset
2136 4312 2162 4365 ‘2
2208 4311 2376 4367 multi
2405 4310 2668 4384 profecto
2701 4311 2778 4366 ad
2824 4327 2995 4365 suam
3030 4311 3422 4382 procederent
3450 4312 3622 4369 inter-

1958 4402 2298 4458 fectionem.

2029 4490 2193 4546 Vers.
2226 4493 2309 4545 19.
2334 4490 2462 4544 Hoc
2484 4519 2550 4528 —
2580 4489 2789 4544 Deum.
2825 4487 3023 4543 Gloria
3058 4488 3357 4560 siquidem
3388 4494 3473 4545 est
3496 4506 3619 4547 non

1954 4578 2230 4651 discipuli
2260 4582 2491 4634 tantum
2523 4578 2626 4649 qui
2655 4576 2926 4644 moritur,
2963 4577 3069 4632 sed
3095 4584 3151 4633 et
3180 4578 3278 4633 Dei
3314 4594 3466 4635 mors
3487 4596 3618 4652 qua

1954 4669 2091 4741 quis
2122 4673 2363 4740 propter
2382 4684 2520 4723 eum
2553 4666 2845 4738 supplicio
2875 4665 3133 4722 afﬁcitur
3166 4683 3176 4719 :
3204 4668 3337 4739 ejus
3364 4668 3613 4740 quidem

1952 4756 2056 4830 qui
2088 4757 2395 4823 occiditur,
2429 4756 2574 4828 quia
2622 4771 2731 4827 pro
2770 4755 2890 4810 Deo
2923 4756 3195 4821 moritur,
3261 4756 3361 4811 Dei
3394 4762 3620 4825 autem,

1948 4845 2111 4918 quod
2151 4846 2330 4903 talem
2360 4845 2583 4902 habeat
2616 4844 3001 4917 discipulum.

1441 5096 1663 5165 Variae
1712 5096 2038 5165 lectiones
2093 5105 2391 5161 etnotae.

321 5282 415 5350 49)
449 5279 644 5353 Malim
672 5281 1067 5353 θεραπεύσαντι.

321 5353 416 5419 50)
448 5355 508 5403 Ae‘
538 5351 707 5406 abest
728 5351 811 5404 'A.

321 5425 412 5492 51)
446 5424 528 5477 lta
558 5429 822 5493 uterque.
857 5423 1024 5478 Forte
1050 5421 1181 5488 ἄξει,
1208 5427 1307 5477 aut
1339 5424 1583 5497 ἀχθήση.

298 5608 392 5678 (ff)
442 5609 561 5664 Etsi
604 5608 921 5665 Hentenius
973 5608 1153 5681 etiam
1208 5608 1441 5664 videtur
1497 5610 1710 5681 legisse
1748 5616 1838 5664 καὶ

228 5686 659 5804 σωφρονέστερὶον,
720 5686 922 5736 tamen
971 5680 1199 5745 malim,
1264 5680 1677 5756 σωφρονέστερον
1734 5686 1835 5756 ’κὰρ

230 5769 380 5803 αυτον
405 5772 455 5803 κ.
490 5772 537 5804 τ.
608 5793 620 5804 .

230 5769 380 5803 αυτον
405 5772 455 5803 κ.
490 5772 537 5805 τ.
575 5769 620 5806 Λ.

2024 5282 2341 5357 (52)_Forte
2382 5285 2696 5357 μαρτυρίου,
2728 5286 2833 5336 aut
2874 5288 3185 5357 μαρτυρίας.
3222 5283 3479 5357 Cyrillus
3533 5284 3615 5341 de

1950 5369 2011 5429 re
2049 5352 2259 5429 eadem
2280 5351 2538 5429 _to~m.lV,
2564 5353 2778 5422 ρ.1120
2814 5356 2851 5409 C
2874 5351 2894 5411 ξ
2939 5351 3055 5413 Τὴν
3078 5360 3143 5416 εἰς
3180 5351 3312 5427 αἷμα
3349 5361 3608 5428 τιμωρίαν

1951 5426 2200 5484 ἐπιθέντες
2230 5422 2391 5493 αύτῷ,

2019 5609 2145 5680 (gg)
2179 5610 2355 5665 Petro
2396 5608 2618 5677 itaque.
2664 5613 2752 5663 etc
2810 5611 2951 5673 Quae
3005 5611 3063 5665 in
3124 5612 3324 5667 Graeco
3378 5611 3436 5666 in
3486 5611 3606 5669 ﬁne

1949 5680 2159 5737 scholii
2218 5680 2511 5752 leguntur,
2582 5695 2653 5733 ea
2709 5680 2766 5734 in
2841 5682 3137 5754 principio
3193 5684 3372 5738 habet
3428 5683 3606 5739 inter-

1946 5768 2107 5826 pres.
