4108 6420
471 346 614 402 1499

474 574 595 633 prae
614 561 840 616 caeteris
863 560 978 616 sibi
998 559 1358 617 familiarem
1380 576 1519 615 eum
1537 559 1740 628 faciat,
1770 575 1840 616 ac
1860 559 2134 632 ampliori

472 651 752 721 dignetur
780 649 1032 715 honore,
1062 655 1126 705 ut
1151 650 1331 705 etiam
1362 649 1699 722 promptior
1720 648 1845 705 ﬂat.

547 738 718 804 Quod
752 738 802 793 si
832 738 966 811 quis
997 737 1156 794 dicat
1185 757 1196 793 :
1225 737 1541 803 Quomodo
1569 752 1711 807 ergo
1727 736 1991 794 Jacobus
2010 737 2134 793 Hie.

472 828 969 899 rosolymitanam
991 829 1221 899 accepit
1252 828 1458 883 sedem
1478 826 1506 882 ?
1522 826 1806 893 dicemus,
1836 826 2000 899 quod
2026 825 2135 882 Pe-

471 922 601 973 trus
651 917 811 972 orbis
853 916 1213 972 constitutus
1260 922 1346 972 est
1385 922 1764 988 praeceptor:
1802 932 1941 971 cum
1989 930 2133 985 ergo

473 1012 597 1063 tam
625 1012 972 1078 praeceptor,
988 1021 1174 1077 quam
1197 1005 1477 1078 discipuli
1497 1006 1971 1071 deambularent,
1992 1004 2135 1060 dixit

474 1098 525 1151 ei
554 1112 565 1149 :
596 1095 850 1167 Sequere
872 1110 981 1159 me,
1028 1100 1091 1151 ut
1137 1095 1398 1151 videlicet
1436 1095 1615 1151 etiam
1663 1095 2028 1167 cruciﬁgaris
2078 1100 2135 1149 et

473 1183 767 1256 aequalem
794 1184 1088 1241 sustineas
1117 1190 1392 1240 mortem.

545 1365 709 1421 Vers.
753 1368 843 1419 20.
878 1364 1205 1421 Conversus
1240 1395 1307 1405 —-
1348 1372 1700 1436 sequentem.
1751 1365 2131 1420 Incedentem

471 1460 610 1527 post
630 1456 867 1509 Petrum
890 1471 904 1521 ;
930 1470 1072 1510 casu
1094 1455 1253 1509 enim
1276 1455 1584 1526 proximus
1607 1454 1657 1509 ei
1680 1452 2132 1511 deambulabat.

545 1633 710 1688 Vers.
742 1633 855 1700 Qui
870 1638 922 1688 et
950 1662 1016 1671 -—
1044 1632 1139 1688 te?
1167 1634 1223 1687 ln
1257 1648 1431 1687 coena
1460 1634 1736 1703 mystica,
1767 1618 1921 1689 sicut
1946 1632 2029 1689 ibi
2060 1634 2132 1689 si-

472 1723 825 1793 gniﬁcatum
850 1727 960 1777 est.
987 1722 1444 1777 Reducitautem
1474 1721 1649 1777 nobis
1672 1723 1748 1777 ad
1775 1724 2129 1779 memoriam

470 1812 1015 1880 interrogationem,
1058 1811 1401 1879 ostendens,
1448 1817 1741 1883 quantam
1798 1815 1995 1866 Petrus
2048 1812 2131 1867 lo-
2162 1830 2201 1884 Β

470 1900 695 1972 quendi
752 1900 1007 1971 adeptus
1067 1906 1219 1955 esset
1274 1899 1629 1965 libertatem,
1672 1904 2000 1971 postquam
2055 1901 2130 1956 de

469 1990 785 2059 negatione
810 1990 1154 2061 resipuerat.
1181 1988 1328 2044 Nam
1360 1989 1466 2061 qui
1488 1994 1630 2044 tunc
1649 2005 1836 2044 ausus
1861 2005 1983 2045 non
2004 1996 2133 2046 erat

470 2080 854 2148 interrogare,
890 2080 991 2133 sed
1018 2078 1230 2134 dilecto
1260 2078 1550 2150 discipulo
1578 2078 1655 2133 ad
1676 2080 1792 2134 hoc
1817 2078 2125 2135 utebatur:

468 2166 566 2223 hic
590 2183 714 2223 non
742 2167 937 2222 solum
962 2168 1408 2239 praesidentiam
1437 2182 1578 2237 erga
1599 2168 1807 2223 fratres
1838 2167 1940 2223 sibi
1970 2182 2131 2225 com-

471 2257 717 2312 missam
748 2256 988 2327 accepit,
1018 2272 1216 2311 verum
1246 2256 1424 2312 etiam
1454 2256 1528 2311 de
1550 2255 1744 2312 dilecti
1770 2261 1928 2312 statu
1954 2257 2133 2313 conﬁ-

470 2348 680 2402 denter
707 2346 1047 2416 interrogat.

542 2433 705 2487 Vers.
738 2434 825 2486 2t.
859 2431 1039 2486 Hunc
1071 2461 1139 2471 —-—
1172 2429 1320 2501 quid
1348 2430 1377 2484 φ
1407 2428 1562 2485 Num
1596 2436 1652 2485 et
1680 2432 1807 2502 ipse
1840 2434 1895 2485 te
1926 2445 2135 2502 seque-

471 2528 566 2578 tur
589 2520 616 2575 ?
633 2536 780 2575 num
800 2518 1079 2574 eamdem
1099 2519 1415 2575 nobiscum
1438 2519 1647 2574 mortis
1669 2519 1769 2574 via
1789 2519 2091 2588 gradietur
2107 2520 2133 2573 ‘?

470 2626 619 2667 num
651 2607 916 2664 similiter
941 2608 1226 2663 morietur
1256 2608 1283 2662 ?
1313 2607 1618 2679 Siquidem
1650 2607 1953 2674 intellexit,
1988 2608 2133 2680 quid

472 2698 781 2768 innuisset,
838 2698 1042 2752 dicens
1098 2714 1109 2752 :
1164 2699 1418 2768 Sequere
1470 2714 1604 2762 me;
1645 2712 1904 2770 cumque
1950 2697 2137 2754 Joan-

471 2804 612 2843 nem
650 2787 1033 2842 vehementer
1076 2791 1325 2850 amaret,
1376 2786 1660 2858 cupiebat
1701 2802 1840 2842 eum
1888 2787 2135 2859 aequalis

472 2876 681 2933 mortis
712 2891 1020 2931 assumere
1056 2879 1393 2932 consortem
1424 2894 1435 2931 :
1466 2882 1522 2931 et
1571 2882 1862 2947 tanquam
1903 2876 2136 2932 Joanne

470 2967 836 3035 interrogare
858 2980 978 3021 non
1004 2965 1280 3032 audente,
1303 2965 1432 3037 ipse
1455 2964 1797 3035 interrogat,
1822 2965 2136 3037 vicemque

470 3056 763 3128 rependit.
789 3055 937 3120 Quid
970 3070 1112 3125 ergo
1138 3055 1447 3111 Christus?
1480 3054 1787 3111 Privatum
1812 3059 2137 3127 amputans

1800 342 2165 404 EUTHYMH
2190 340 2529 400 ZIGABENI

546 473 708 527 Vers.
746 475 829 526 19.
860 472 941 527 Et
967 487 1161 527 —me.
1187 472 1330 527 Hinc
1352 486 1595 527 rursum
1639 470 1916 537 ostendit,
1966 470 2133 543 quod
2167 468 2210 526 Β

3724 342 3863 399 1500

2320 474 2423 523 Καὶ
2466 496 2534 509 --
2582 488 2695 540 μοι.
2728 468 2988 521 Ἐντεῦθεν
3031 467 3185 520 πάλιν
3216 463 3483 520 δείκνυσιν
3508 469 3594 521 ὅτι
3759 478 3865 522 τῶν

2246 559 2413 611 ἄλλων
2457 559 2614 610 αὑτὸν
2647 557 2951 622 οἰκειοῦται,
2982 562 3076 609 καὶ
3121 557 3355 628 μείζονος
3385 555 3526 620 ἁξιοί
3552 565 3735 630 τιμῆς,
3778 560 3863 611 ἱνα

2245 653 2336 700 καὶ
2362 650 2751 719 προθυμότερος
2778 650 3011 717 γένηται.

2318 737 2378 790 Εἰ
2432 734 2491 789 δὲ
2544 737 2684 807 λέγοι
2738 736 2858 808 (53)
2923 755 3000 796 τις
3032 756 3045 768 ·
3106 742 3222 795 Πῶς
3275 731 3366 788 οὖν
3422 734 3666 797 Ἰάκωϐος
3716 725 3866 789 me.

2244 830 2331 878 τὸν
2385 828 2561 898 θρόνον
2610 826 2732 895 (54)
2805 833 2904 876 τῶν
2955 823 3368 898 Ἱεροσολύμωνς
3421 823 3635 896 ἐροῦμεν
3705 826 3783 877 ὅτι
3831 826 3859 877 ὁ

2247 920 2434 987 Πέτρος
2506 925 2595 975 τῆς
2682 914 2985 987 οἰκουμένης
3059 913 3432 988 ἐχειροτονήθη
3505 909 3851 975 διδάσκαλος.

2249 1008 2673 1077 Περιπατούντων
2730 1011 3007 1078 τοιγαροῦν
3063 1010 3153 1055 τοῦ
3219 1022 3273 1055 τε
3353 999 3688 1056 διδασκάλου
3766 1006 3859 1054 καὶ

2244 1104 2341 1146 τῶν
2408 1096 2675 1165 μαθητῶν,
2726 1088 2882 1158 εἶπεν,
2944 1092 3241 1146 Ἀκολούθει
3288 1111 3400 1164 μοι,
3469 1094 3857 1165 σταυρούμενος

2243 1190 2333 1235 καὶ
2363 1184 2517 1244 αὐτὸς
2693 1178 2953 1246 δηλονότι,
2994 1186 3085 1233 καὶ
3128 1184 3217 1233 τὸν
3243 1177 3354 1233 ’ἀι-ον
3384 1183 3602 1234 θάνατον
3632 1182 3857 1253 ὑφιστά-

2242 1292 2410 1345 μενος.

2316 1364 2687 1436 Ἐπιστραφεὶς
2767 1392 2838 1402 -
2914 1360 3297 1414 ἀκολουθοῦντα
3348 1356 3673 1433 βαδίζοντα
3737 1362 3858 1431 (58)

2244 1451 2414 1505 ὀπίσω
2470 1460 2561 1503 τοῦ
2617 1455 2809 1521 Πέτρου
2847 1469 2858 1479 ·
2889 1454 3047 1521 ἔτυχε
3089 1452 3191 1524 γὰρ
3248 1454 3363 1502 τότε
3410 1449 3637 1508 πλησίον
3692 1449 3862 1501 αὐτοῦ

2242 1540 2588 1615 περιπατῶν.]

2311 1630 2407 1692 ⁶Ος
2462 1636 2553 1681 καὶ
2581 1661 2649 1669 -
2691 1647 2787 1691 σε;
2820 1630 2901 1682 Ἐν
2953 1637 3026 1698 τῷ
3089 1625 3282 1699 δείπνῳ
3322 1636 3395 1697 τῷ
3441 1636 3707 1699 μυστικῷ,
3762 1647 3862 1680 κει-

2246 1722 2341 1779 θὼς
2372 1718 2475 1771 ἐκεῖ
2520 1715 2837 1776 δεδήλωται.
2893 1719 3307 1790 ’Λναμιμνήσκει
3361 1713 3422 1769 δε
3462 1718 3603 1787 ἡμᾶς
3660 1718 3865 1777 ἐκείνης

2242 1818 2335 1870 της
2388 1807 2743 1869 κατακλίσεώς
2783 1827 2838 1860 τε
2870 1814 2960 1859 καὶ
3018 1806 3335 1879 ἐρωτήσεως,
3392 1802 3601 1867 δεικνὺς
3648 1807 3782 1862 ὅσην
3830 1808 3861 1857 ὁ

2244 1904 2430 1972 Πέτρος
2492 1896 2790 1972 παρρησίαν
2846 1900 2977 1968 ἔσχε
3027 1899 3160 1965 μετὰ
3210 1901 3303 1954 τὴν
3364 1894 3450 1947 ἐπὶ
3515 1902 3580 1967 τῇ
3636 1894 3861 1969 ἀρνήσει

2240 1991 2536 2060 μετάνοιαν.
2582 1986 2638 2038 Ὀ
2680 1990 2782 2060 γὰρ
2814 1991 2930 2038 τότε
2959 1991 3030 2058 μὴ
3073 1985 3273 2057 τολμῶν
3303 1989 3584 2057 ἐρωτῆσαι,
3622 1984 3751 2036 ἄλλα
3782 1992 3860 2053 τῷ

2241 2080 2560 2149 ἠγαπημένῳ
2590 2080 2927 2149 χρησάμενος
2962 2076 3037 2138 εἰς
3074 2082 3249 2142 τοῦτο,
3282 2074 3430 2135 οὗτος
3461 2074 3521 2126 οὐ
3561 2078 3717 2146 μόνον
3761 2078 3857 2132 τὴν

2242 2172 2570 2239 προστασίαν
2600 2165 2883 2223 ἐπιστεύθη
2911 2172 3011 2218 τῶν
3049 2162 3302 2237 ἀδελφῶν,
3338 2162 3467 2215 ἀλλὰ
3493 2168 3582 2215 καὶ
3619 2169 3733 2237 περὶ
3763 2170 3861 2215 τοῦ

2244 2256 2583 2327 ἠγαπημένον
2616 2254 2904 2329 θαρραλέως

2316 2440 2509 2484 Τοῦτον
2556 2463 2621 2472 —
2681 2436 2770 2498 ri;
2805 2431 2916 2484 Οὐκ
2956 2430 3303 2488 ἀκολουθήσει
3348 2447 3471 2495 σοι;
3505 2430 3564 2482 οὗ
3619 2435 3715 2487 την
3765 2429 3865 2481 αὑ-

2247 2526 2338 2579 τὴν
2391 2523 2515 2592 ἡμῖν
2573 2517 2694 2573 ὁδὸν
2743 2528 2835 2573 τοῦ
2886 2521 3109 2573 θανάτου
3160 2516 3480 2591 βαδιεῖται;
3522 2518 3626 2590 οὐχ
3676 2520 3866 2590 ὁμοίως

2249 2608 2620 2675 timeant-rat;
2657 2618 2851 2667 Συνῆκε
2901 2612 3003 2681 γὰρ
3054 2614 3106 2661 τί
3179 2603 3447 2665 ὑπεδήλου
3508 2611 3565 2659 τὸ
3623 2608 3864 2661 Ἀκοὶού-

2248 2701 2322 2752 θει
2370 2719 2478 2770 μοι⁹
2554 2704 2642 2750 καὶ
2706 2695 2913 2771 σφόδρα
2971 2698 3127 2770 φιλῶν
3180 2701 3267 2749 τὸν
3323 2698 3566 2753 Ἰωάννην
3630 2695 3869 2748 ἐϐούλετο

2245 2793 2486 2840 κοινωνὸν
2545 2788 2701 2839 αὐτὸν
2764 2795 2857 2839 τοῦ
2912 2791 3033 2839 ἴσου
3106 2788 3328 2838 θανάτου
3399 2785 3592 2850 λαϐεῖν,
3644 2790 3734 2838 καὶ
3796 2787 3869 2846 ὡς

2246 2884 2337 2929 τοῦ
2402 2878 2641 2929 Ἰωάννου
2695 2880 2766 2947 μὴ
2822 2875 3113 2947 τολμῶντος
3186 2872 3400 2948 ἐρωτᾷν,
3468 2874 3625 2935 αὐτὸς
3672 2872 3863 2947 ἐρωτᾷ,

2247 2971 2337 3018 καὶ
2380 2970 2477 3023 τὴν
2538 2964 2761 3037 ἀμοιϐὴν
2828 2960 3156 3018 ἀποδίδωσι.
3226 2969 3290 3016 Τί
3356 2960 3444 3015 οὖν
3500 2966 3527 3014 ο
3586 2969 3865 3034 Χριστος;

2250 3056 2544 3107 Ἐκκὸπτων
2618 3061 2710 3112 τὴν
2768 3058 2986 3126 μερικὴν
3042 3053 3236 3125 φιλίαν,
3293 3059 3383 3105 καὶ
3448 3049 3714 3105 παιδεύων
3764 3071 3865 3123 μη-

475 3144 776 3208 af’fectum,
812 3160 882 3199 ac
914 3144 1213 3199 instruens
1244 3142 1394 3200 nihil
1423 3143 1667 3199 ulterius
1695 3159 1826 3199 esse
1867 3159 2137 3215 perscru-

2258 3142 2336 3197 ἢν
2388 3145 2505 3215 (57)
2560 3148 2845 3218 περαιτέρω
2914 3142 3385 3217 πολυπραγμονεῖν,
3457 3147 3546 3193 καὶ
3604 3144 3865 3212 ἐμφαίνων

475 3235 748 3299 tandum,
792 3233 1049 3288 ostendit
1103 3232 1266 3288 vario
1331 3234 1503 3288 modo
1548 3232 1930 3305 disponenda
1982 3248 2136 3298 esse,

473 3337 608 3393 quae
636 3321 766 3377 illos
794 3321 1228 3391 contingerent.

2250 3235 2329 3285 ὅτι
2411 3230 2673 3305 διαφόρως
2730 3235 2796 3284 τὰ
2875 3232 2995 3283 κατ’
3073 3231 3262 3293 αὐτοὺς
3336 3231 3864 3301 οἰκονομηθησοντοιι,

2250 3343 2318 3393 φη
2328 3328 2409 3375 σίν
2436 3324 2557 3394 (58)
2588 3342 2605 3355 ν

546 3412 587 3481 -ι-
619 3409 768 3465 Cum
798 3409 1064 3467 audisset
1097 3411 1302 3465 Petrus
1344 3410 1432 3481 (ut
1478 3409 1727 3480 quidam
1768 3408 1955 3480 aiunt)
1992 3409 2161 3481 quod
2191 3425 2300 3482 pro
2332 3410 2565 3467 Christo
2611 3414 2764 3467 esset
2803 3409 3154 3475 moriturus,
3194 3408 3347 3465 dixit
3405 3427 3418 3464 :
3458 3411 3524 3465 Et
3575 3410 3861 3471 Joannes,

474 3500 621 3571 quid
650 3500 677 3555 ‘P
698 3515 845 3554 num
877 3506 930 3554 et
953 3500 1083 3570 ipse
1116 3500 1440 3554 moriturus
1474 3504 1565 3554 est
1594 3498 1621 3552 ‘2
1644 3499 1912 3554 Christus
1944 3504 2150 3554 autem
2183 3500 2244 3555 id
2286 3501 2529 3572 quidem
2562 3515 2685 3556 non
2717 3499 2996 3570 negavit;
3044 3514 3187 3555 nam
3234 3497 3517 3571 quisquis
3549 3502 3729 3553 natus
3750 3504 3865 3567 est,

476 3589 650 3644 etiam
702 3588 1026 3644 morietur:
1074 3588 1179 3643 sed
1230 3588 1312 3643 ait
1355 3588 1451 3643 :Si
1500 3603 1635 3643 eum
1679 3587 1858 3642 velim
1900 3603 2141 3644 manere
2172 3605 2363 3662 usque
2404 3590 2482 3646 ad
2510 3588 2721 3644 mundi
2761 3587 3380 3652 consummationem,
3408 3592 3466 3643 et
3498 3591 3634 3642 tunc
3661 3585 3739 3641 de
3767 3601 3867 3641 me

476 3677 791 3743 testiﬁcari,
816 3678 961 3748 quid
1004 3677 1081 3732 ad
1118 3682 1171 3732 te
1196 3677 1224 3732 ?
1263 3678 1478 3732 Dicunt
1508 3676 1729 3749 itaque,
1762 3691 1900 3731 eum
1932 3677 2148 3742 vivere,
2183 3682 2237 3734 et
2278 3678 2393 3734 sub
2423 3678 2786 3735 Antichristo
2817 3677 3213 3734 occidendum
3238 3693 3380 3734 cum
3412 3676 3536 3733 Elia
3559 3679 3617 3732 et
3639 3676 3869 3743 Enoch,

475 3768 904 3841 praedicantem
920 3766 1236 3823 Christum.
1260 3766 1427 3833 Quod
1456 3767 1501 3821 si
1526 3773 1986 3822 monumentum
2018 3768 2148 3839 ejus
2177 3768 2549 3832 ostendatur,
2575 3766 2723 3840 quid
2752 3768 2894 3823 inde
2924 3765 2952 3821 7
2978 3767 3163 3823 Vivus
3184 3781 3453 3838 namque
3477 3764 3619 3821 illud
3645 3765 3871 3834 ingres-

477 3872 581 3913 sus
620 3862 727 3922 est,
769 3856 985 3911 deinde
1026 3854 1368 3921 translatus,
1403 3855 1925 3927 quemadmodum
1957 3857 2137 3913 etiam
2179 3857 2370 3913 Enoch
2412 3863 2468 3913 et
2505 3857 2681 3912 Elias.
2726 3856 2941 3912 Evertit
2987 3856 3190 3929 itaque
3226 3854 3597 3927 evangelista
3653 3852 3869 3910 falsam

474 3946 706 4002 illorum
735 3945 1100 4017 opinionem,
1135 3945 1234 4015 qui
1265 3944 1630 4010 existimant,
1668 3960 1787 4000 non
1813 3961 1944 4000 esse
1980 3946 2338 4002 moriturum
2368 3946 2531 4001 hunc
2557 3945 2923 4018 discipulum
2955 3961 3137 4001 :nam
3162 3945 3246 4002 ita
3276 3944 3500 4001 falsum
3532 3947 3643 4009 est,
3670 3942 3871 3999 homi-

474 4051 616 4091 nem
658 4033 929 4090 videlicet
968 4049 1099 4089 esse
1132 4034 1555 4089 immortalem.
1601 4036 1747 4089 Nam
1795 4034 1903 4089 etsi
1950 4034 2153 4091 Enoch
2206 4041 2262 4091 et
2322 4035 2479 4091 Elias
2522 4050 2645 4091 non
2687 4034 2801 4091 sint
2853 4035 3091 4100 mortui,
3128 4037 3271 4090 sunt
3302 4038 3505 4089 tamen
3556 4031 3862 4088 mortales.

475 4126 560 4179 Ita
590 4139 731 4193 ergo
773 4128 827 4178 et
852 4122 968 4191 hic,
1002 4138 1357 4195 quanquam
1387 4127 1657 4177 mortuus
1689 4138 1808 4177 non
1842 4123 1935 4187 sit,
1984 4126 2250 4179 attamen
2300 4124 2605 4180 morietur.
2665 4122 2901 4179 Falsum
2934 4123 3133 4194 itaque
3164 4126 3255 4179 est
3283 4121 3451 4194 quod
3478 4136 3602 4176 non
3641 4121 3865 4176 moria-

476 4218 572 4268 tur
601 4230 614 4279 ;
644 4214 725 4268 sic
763 4213 1126 4268 intellectum
1167 4213 1331 4283 quod
1371 4211 1648 4267 videlicet
1674 4210 1746 4265 sit
1788 4212 2169 4268 immortalis.
2210 4213 2319 4269 Alii
2344 4220 2547 4269 autem
2574 4212 2904 4275 afﬁrmant,
2926 4212 3096 4285 quod
3130 4216 3405 4267 mortuus
3433 4210 3530 4274 sit,
3564 4214 3623 4266 et
3647 4209 3870 4264 dictum

474 4302 621 4358 illud
656 4319 667 4357 :
702 4302 761 4357 Si
788 4318 921 4358 eum
965 4302 1139 4357 velim
1178 4316 1438 4365 manere,
1473 4300 1660 4356 donec
1691 4300 1947 4365 veniam,
1991 4300 2343 4373 intelligunt,
2406 4304 2569 4375 quod
2624 4317 3009 4358 remansuras
3060 4306 3189 4357 erat
3235 4300 3296 4356 in
3338 4299 3554 4355 Iudaea
3604 4301 3871 4354 Joannes

476 4393 669 4449 donec
700 4392 919 4447 veniret
940 4391 1208 4447 Christus
1242 4396 1450 4446 contra
1483 4390 1745 4456 JudtBOS,
1780 4406 2172 4463 percussurus
2202 4407 2298 4447 eos
2330 4408 2435 4463 per
2462 4408 2677 4446 manus
2709 4392 3144 4455 Romanorum,
3179 4393 3236 4446 et
3265 4388 3348 4445 ita
3367 4388 3607 4444 Petrum
3638 4388 3871 4443 alcan-

471 4498 544 4537 ne
578 4481 1008 4552 separandum,
1044 4480 1316 4535 utetiam
1354 4479 1568 4550 majori
1614 4478 1802 4535 fructu
1851 4478 2105 4535 diversis
2153 4480 2298 4537 locis
2342 4480 2751 4551 praedicarent.
2805 4480 3027 4535 Omnes
3068 4478 3248 4548 igitur
3294 4477 3613 4550 opiniones
3656 4475 3868 4532 retuli-

468 4587 627 4640 mus,
660 4576 721 4626 ut
749 4570 964 4635 harum
990 4586 1188 4625 rerum
1219 4570 1467 4624 studiosi
1498 4569 1725 4625 nullam
1752 4570 2116 4638 ignorarent.
2162 4571 2271 4634 Qui
2323 4575 2525 4625 autem
2575 4569 2799 4633 dicunt,
2855 4583 2984 4623 eum
3036 4583 3172 4622 esse
3225 4570 3551 4631 mortuum,
3609 4565 3670 4620 in
3700 4564 3865 4620 hunc

475 4660 725 4716 modum
760 4658 1019 4714 referunt
1051 4676 1061 4712 :
1100 4658 1413 4725 Foderunt,
1448 4658 1745 4730 inquiunt,
1781 4657 2035 4724 foveam,
2070 4664 2128 4713 et
2158 4658 2221 4715 in
2248 4674 2397 4729 gyro
2440 4663 2773 4730 posuerunt
2804 4656 3038 4729 lapides
3066 4677 3082 4712 :
3118 4654 3337 4712 deinde
3364 4654 3533 4711 illum
3564 4652 3646 4709 ibi
3675 4652 3873 4709 demi.

478 4754 697 4814 serunt,
733 4765 799 4803 ac
824 4755 1208 4820 operuerunt.
1245 4751 1380 4803 Post
1404 4746 1633 4819 aliquot
1664 4752 1868 4803 autem
1888 4747 2016 4803 dies
2066 4748 2308 4804 scrutati
2340 4754 2476 4803 sunt
2502 4748 2743 4803 foveam
2793 4746 2982 4817 illam,
3030 4750 3086 4801 et
3141 4760 3267 4800 eum
3307 4759 3431 4800 non
3482 4744 3866 4799 invenerunt.

474 4839 715 4904 Verum,
751 4837 895 4909 quia
926 4855 1063 4893 eum
1093 4837 1207 4892 illic
1234 4836 1661 4908 deposuerunt,
1696 4836 1900 4892 dicunt
1929 4851 2070 4892 eum
2102 4836 2283 4893 fuisse
2316 4843 2644 4892 mortuum.

553 4929 709 4982 Vers.
742 4930 829 4981 22.
862 4927 961 4982 Ait
994 4960 1060 4967 —
1089 4933 1141 4982 te
1168 4929 1195 4982 ἰ)
1222 4925 1283 4980 Si
1316 4942 1454 4981 eum
1508 4924 1681 4979 velim
1724 4926 1785 4979 in
1814 4925 1961 4981 vivis
2006 4941 2137 4982 ma-

2321 4932 2468 4997 Λέγει
2519 4958 2587 4965 —
2638 4944 2694 4977 σε
2724 4944 2738 4993 ;
2772 4926 2892 4977 Ἐὰν
2946 4922 3101 4975 αὐτὸν
3151 4921 3278 4976 Θέλω
3326 4926 3493 4995 μένειν
3554 4920 3727 4981 ζῶντα
3775 4922 3869 4981 ἓως

1719 5103 1950 5173 Variae
1979 5105 2305 5175 lectiones
2346 5116 2411 5172 et
2442 5114 2642 5172 notae.

696 5330 847 5397 Λέγει
880 5332 941 5379 Α.

553 5397 893 5480 (54),ξ)ρόνος
935 5397 1095 5477 apud
1141 5399 1343 5479 Patres
1384 5399 1610 5477 Griecos
1642 5397 2144 5480 notatepiscopa-

475 5474 623 5593 tium.
682 5468 844 5523 Hunc
901 5468 1061 5523 enim
1115 5470 1374 5538 primum
1419 5468 1771 5541 episcopum
1817 5468 2003 5525 fuisse
2036 5468 2146 5526 tra-

521 5546 658 5595 itur.

699 5616 799 5662 Καὶ
826 5610 977 5670 αὐτὸς
1009 5612 1224 5667 omittit
1256 5614 1323 5666 A.

557 5682 669 5752 (59)
704 5682 937 5752 Inclusa
976 5682 1277 5737 absuntA.
1311 5684 1531 5737 Horum
1556 5686 1757 5737 autem
1781 5682 1913 5737 loco
1937 5684 2102 5739 addit
2134 5701 2147 5739 :

512 5750 689 5825 Ετυχε
742 5750 1039 5825 βαδίζοντα
1072 5755 1199 5826 (sic)
1254 5754 1422 5806 ὀπίσω
1473 5761 1563 5805 τοῦ
1619 5758 1837 5826 Πέτρου,
1890 5753 2149 5810 ἀνέπεσεν.

2354 5330 2441 5396 57)
2468 5325 2623 5385 Μηδέ
2649 5329 2714 5382 Α.

2329 5393 2441 5471 (58)
2471 5400 2607 5456 Post
2630 5398 2756 5455 haec
2786 5399 3110 5456 Hentenius
3140 5415 3210 5457 ex
3234 5398 3498 5468 margine
3528 5394 3618 5450 sui
3648 5393 3877 5449 codicis

2257 5472 2487 5527 addidit
2502 5471 2819 5545 scholium_,
2835 5471 3000 5545 quod
3021 5470 3119 5545 hic
3136 5471 3405 5545 subjecti.
3424 5465 3876 5545 Similialegun-

2260 5550 2353 5618 tur
2402 5544 2562 5618 apud
2577 5535 2915 5618 _Theophil.
2952 5558 3011 5613 p.
3044 5535 3338 5618 8§7_A.'et
3366 5542 3425 5597 in
3460 5537 3724 5618 epistola
3774 5535 3876 5590 Mi-

2258 5611 2480 5669 chaelis
2529 5611 2772 5684 Glycze,_
2810 5611 3204 5685 quamiedidi
3263 5628 3402 5669 cum
3436 5611 3750 5685 glsocratis,
3803 5623 3872 5685 ρ.

2259 5678 2757 5811 48.7ﬁoiq.1776,
2786 5678 2847 5740 8.’
2873 5684 3086 5741 Confer
3112 5686 3279 5743 etiam
3298 5683 3496 5741 Areth.
3528 5681 3605 5738 ad
3626 5678 3873 5752 Apocal.

2259 5775 2312 5811 D.
2532 5801 2542 5809 .
