4108 6422
235 382 369 439 1501

1227 372 1599 432 COMMENT.
1643 372 1711 428 IN
1747 369 2097 428 JOANNEM.
2140 399 2209 409 —
2248 367 2406 424 CAP.
2448 370 2593 426 XXI.

3492 376 3508 428 l
3522 371 3630 428 502

236 514 466 586 ἔρχομαι
495 510 633 560 κατὰ
659 510 753 564 τὴν
785 502 1031 577 δευτέραν
1061 522 1162 575 μου
1192 506 1508 578 παρουσίαν,
1548 505 1600 552 τί
1631 502 1761 575 πρὸς
1792 502 1849 551 σε

1996 511 2101 551 .ere
2148 495 2339 552 donec
2384 496 2650 554 secundo
2704 498 2962 555 adventu
3017 498 3277 564 veniam,
3338 501 3487 574 quid
3545 501 3629 557 illi

234 618 404 653 κοινον
425 614 442 664 ;

310 693 376 741 Συ
408 685 677 739 ἀκολούθει
706 703 819 757 μοι.
860 686 926 735 Σὺ
955 684 1042 733 τὸν
1077 684 1168 733 σὸν
1202 682 1417 732 θάνατον
1450 684 1653 745 σκόπει,
1686 673 1852 749 μηδεν

235 783 325 831 τὸν
357 778 551 830 ἐκείνου
577 776 1067 847 περιεργαζόμενος.

311 866 550 930 Ἐξῆλθεν
584 894 649 903 -
682 858 956 933 ἀδελφούς.
988 866 1139 918 Ποίος
1164 857 1312 930 λόγος
1341 877 1354 926 ἱ

310 956 432 1009 Ὀτι
486 984 551 994 -
600 951 943 1009 ἀποθνήσκει.
994 949 1148 1009 Εἰκὸς
1189 951 1289 1020 γὰρ
1334 945 1601 1006 κάκείνους
1650 944 1855 997 ἀκούειν

242 1047 434 1118 ἆπρός
483 1047 569 1095 τὸν
617 1046 806 1114 Πέτρον
856 1038 1173 1113 ἐρρήθησαν.
1207 1036 1534 1108 Διεφημὶσθη
1596 1032 1657 1087 δε
1704 1037 1728 1086 ό
1777 1035 1858 1086 λό-

240 1156 329 1208 γος
359 1134 525 1196 οὗτος,
582 1134 744 1202 ἤγουν
788 1128 903 1201 (59)
934 1129 1015 1179 ὅτι
1059 1126 1154 1179 οὐκ
1212 1125 1550 1189 ἀποθνήσκει,
1615 1128 1679 1184 ὡς
1734 1124 1859 1176 πλα-

240 1244 301 1283 νη
311 1226 494 1277 θέντων
578 1219 770 1285 αὐτῶν,

241 1315 395 1385 λόγου
476 1313 670 1363 σκοπόν
680 1349 693 1362 .

240 1406 438 1476 φήμηνο

320 1495 422 1544 Καὶ
447 1518 515 1527 —
548 1490 639 1553 σές
661 1484 826 1559 Ὅπερ
855 1483 916 1536 οὐ
948 1478 1105 1539 δηλοῖ
1132 1483 1213 1533 ὅτι
1243 1480 1337 1532 οὐκ
1369 1480 1711 1551 ἀποθνήσκει,
1755 1480 1862 1533 ἀλὶρ

851 1222 941 1270 καὶ
1019 1220 1091 1289 μὴ
1156 1218 1555 1289 συνεωρακότων
1629 1217 1714 1265 τὸν
1769 1221 1859 1265 τοῦ

779 1304 908 1360 Εἶτα
996 1302 1305 1378 διορθοῦται
1372 1309 1464 1362 τήν
1541 1302 1860 1375 ἐσφαλμένην

246 1580 412 1652 ἕτερον
444 1580 556 1648 ἔχει
586 1577 800 1637 σκοπὸν,
832 1576 900 1634 ὡς
930 1576 1260 1646 προείρηται.
1292 1575 1380 1631 Τίς
1415 1570 1507 1621 οὖν
1534 1569 1866 1623 ὑπολείπεται

242 1668 397 1739 λόγος
453 1672 564 1726 τοῖς
608 1663 979 1730 ἐνισταμένοις,
1030 1662 1111 1712 ὅτι
1157 1659 1216 1711 οὐ
1262 1660 1522 1724 τέθνηκεν,
1578 1658 1736 1711 αὑτοῦ
1794 1656 1860 1719 δὴ

241 1758 428 1811 τούτου
459 1747 759 1828 διαρρήδην
792 1749 1022 1823 βοῶντος
1048 1750 1128 1801 ὃτι
1156 1748 1448 1801 πλανῶνται
1476 1751 1524 1801 οἱ
1555 1755 1708 1800 τοῦτο
1739 1751 1861 1801 ὑπο-

242 1845 593 1918 λαμϐάνοντες
620 1860 639 1909 ;

319 1935 483 1994 Οὗτος
525 1963 595 1973 —
653 1930 832 1982 αὐτοῦ.
894 1933 993 1981 Καὶ
1045 1924 1281 1998 οἴδαμεν,
1354 1925 1403 1977 οἱ
1464 1923 1660 1986 εἰδότες
1710 1926 1865 2009 αὐτὰ,

244 2025 325 2078 ὅτι
378 2022 577 2082 ἀληθῶς
633 2026 906 2094 μαρτυρεῖ.
965 2022 1205 2069 Φαίνεται
1266 2018 1374 2090 γὰρ
1434 2018 1513 2067 ὅτι
1581 2022 1670 2068 καὶ
1721 2016 1867 2069 ἄλλοι

244 2119 418 2167 ταῦτα
455 2112 753 2182 ἐγίνωσκον.
810 2107 894 2167 Ὠς
945 2104 1031 2158 οὖν
1065 2103 1275 2177 σφόδρα
1328 2105 1527 2180 θαρρῶν
1554 2114 1616 2177 τῇ
1652 2104 1867 2178 ἀληθείᾳ

244 2206 404 2257 τοῦτο
436 2219 614 2273 φησιν.
652 2204 820 2269 Ἔγνω
866 2200 967 2269 γὰρ
1000 2198 1080 2247 ὅτι
1122 2192 1264 2258 δόξει
1295 2200 1436 2247 τισὶν
1481 2198 1609 2257 ἴσως
1660 2196 1868 2247 ὕποπτα

242 2291 431 2363 λέγειν,
467 2286 560 2341 διὰ
590 2291 648 2339 τὸ
678 2291 749 2359 μὴ
779 2287 1198 2358 μνημονευθῆναι
1220 2292 1383 2337 ταῦτα
1404 2286 1547 2359 παρὰ
1578 2293 1677 2335 τῶν
1703 2285 1865 2335 ἄλλων

245 2381 302 2435 εὖ
311 2379 627 2451 αγγελιστῶν
637 2419 650 2433 .

321 2557 477 2611 Ἐστι
507 2551 567 2608 δὲ
593 2584 657 2595 -
691 2556 716 2604 ὁ
743 2552 970 2613 Ἰησοῦς.
1005 2551 1193 2623 [Τοῦτο
1221 2553 1334 2621 (60)
1366 2556 1454 2602 καὶ
1488 2550 1723 2624 ἀνωτέρω
1752 2556 1866 2623 περὶ

244 2656 350 2699 τῶν
388 2649 616 2717 σημείων
641 2638 826 2713 εἶπεν.]

318 2734 507 2787 Ἀτινα
534 2762 605 2773 —
632 2730 834 2804 βιϐλία.
870 2729 969 2802 [Οὐ
1001 2730 1114 2800 (61)
1164 2735 1330 2801 χωρεὶ
1364 2724 1423 2779 δε
1474 2728 1607 2779 αὐτά
1656 2729 1680 2779 ὁ
1733 2728 1868 2800 εἰρη-

244 2830 403 2898 μένος
432 2828 651 2894 κὸσμος,
684 2825 775 2871 καὶ
804 2819 921 2870 καθ’
950 2819 1117 2890 ἕτερον
1134 2818 1302 2888 λόγον,
1336 2817 1394 2868 οὐ
1430 2813 1521 2868 διὰ
1545 2819 1653 2887 (62)
1677 2817 1869 2877 πλῆθος

245 2912 704 2984 συγγραμμάτων,
747 2907 875 2959 ἀλλὰ
928 2904 1022 2959 διὰ
1073 2909 1287 2979 μέγεθος
1338 2909 1653 2979 πραγμάτων
1691 2927 1702 2937 ·
1746 2902 1868 2956 οὐδὲ

240 3008 413 3073 τόπῷ,
443 3001 571 3053 ἀλλὰ
590 2996 812 3073 τρόπῳ,]

324 3092 439 3145 Καθ
501 3087 788 3161 ὑπερϐολὴν
856 3088 882 3137 ὁ
945 3085 1112 3156 λόγος,
1186 3084 1441 3157 ἐμφαίνων
1494 3088 1587 3141 τὴν
1647 3081 1871 3153 ὑπερϐο-

242 3182 343 3240 λὴν
416 3186 508 3231 τοῦ
592 3177 823 3238 πλήθους
902 3183 1002 3227 τῶν
1078 3178 1448 3246 πεπραγμένων
1519 3183 1591 3244 τῲ
1674 3177 1866 3247 Κυρίῳ.

246 3278 502 3345 Χρῶνται
558 3264 615 3319 δὲ
668 3274 740 3335 τῷ
791 3265 930 3336 λογῷ
990 3273 1083 3325 τῆς
1142 3263 1431 3336 ὑπερϐολῆς
1486 3268 1575 3313 καὶ
1624 3262 1672 3313 οἰ
1740 3263 1870 3333 γρά-

245 3378 457 3433 φοντες,
522 3362 611 3409 καὶ
678 3357 726 3407 οἱ
782 3354 1031 3425 λέγοντες,
1094 3356 1213 3405 ὅταν
1272 3351 1557 3425 ὑπερϐολὴν
1634 3354 1875 3423 πράγμα-

242 3470 336 3513 τος
378 3454 727 3521 παραστῆσαι
768 3442 1123 3516 βουληθωσιν,
1169 3442 1330 3501 Οὗτος
1389 3439 1447 3493 δὲ
1496 3446 1583 3492 καὶ
1606 3444 1661 3492 τὸ
1713 3438 1877 3512 Οἶμαι

242 3539 506 3614 προσθεὶς
560 3534 773 3586 ἐκόλασε
822 3537 914 3590 τὴν
970 3530 1283 3606 ὑπερϐολὴν,
1328 3536 1418 3583 καὶ
1466 3531 1876 3604 παρεμυθήσατο

245 3632 311 3680 τὸ
342 3623 538 3679 δοκοῦν
569 3622 839 3685 ἀπίθανον,
891 3617 1167 3677 ὑποδηλῶν
1219 3621 1296 3672 ὅτι
1342 3617 1436 3671 διὰ
1482 3623 1539 3670 τὸ
1572 3619 1879 3691 παμπληθὲς

247 3716 432 3770 αὐτῶν
508 3717 708 3786 εἰρηκεν
770 3712 924 3765 οὕτω.
1008 3715 1109 3762 Καὶ
1184 3709 1315 3760 ἄλλα
1383 3712 1473 3780 μὲν
1555 3705 1641 3759 οὖν
1719 3708 1882 3759 πολλὰ

246 3805 526 3868 ἐποίησεν,
579 3804 643 3861 ὡς
674 3803 839 3852 πάντα
890 3796 1203 3871 δυνάμενος·
1238 3794 1424 3873 ῥᾴδιον
1474 3801 1574 3870 γὰρ
1627 3798 1765 3867 αὐτῷ
1824 3801 1879 3848 τὸ

244 3900 425 3947 ποιεῖν
471 3895 501 3949 ἥ
579 3893 705 3962 ἡμῖν
758 3893 815 3940 τὸ
873 3889 1077 3960 λέγειν·
1150 3892 1283 3960 μόνα
1338 3884 1396 3939 δὲ
1459 3887 1764 3959 ἐγράφησαν
1821 3890 1883 3938 τὰ

246 3987 388 4059 πρὸς
454 3979 716 4033 εὐσέϐειαν
777 3983 865 4030 καὶ
919 3983 1097 4029 πίστιν
1156 3982 1537 4049 χρησιμώτερα
1589 3981 1679 4028 καὶ
1731 3976 1883 4047 ἀναγ-

246 4078 531 4145 καιότερα,
616 4068 773 4120 ἐκεῖνο
852 4075 952 4118 τῶν
1022 4070 1458 4140 συγγεγραφότων
1528 4066 1643 4136 (63)
1720 4069 1879 4123 éwon~

250 4165 492 4225 σάντων,
540 4161 607 4220 ως
656 4160 683 4210 ὁ
723 4161 793 4229 μὴ
849 4162 955 4216 τοῖς
1007 4163 1255 4229 γραφεῖσι
1298 4158 1557 4206 πιστεύων
1611 4152 1734 4207 οὐδὲ
1782 4164 1884 4215 τοῖς

246 4252 475 4305 πλείοσι
518 4247 780 4319 προσέξει.
828 4244 885 4297 Ὀ
945 4242 1003 4297 δὲ
1054 4252 1217 4296 ταῦτα
1276 4240 1549 4315 δεξάμενος
1598 4245 1777 4316 ἐτέρων
1827 4245 1884 4296 οὗ

251 4338 354 4399 δεη
366 4342 613 4397 θήσεται.

331 4522 548 4570 Γένοιτο
590 4511 648 4566 δὲ
704 4515 863 4585 ἡμᾶς,
924 4512 1151 4573 τελείους
1200 4514 1519 4583 θεραπευτὰς
1566 4518 1661 4571 τῆς
1708 4531 1885 4563 παντε·

245 4610 401 4663 λείου
470 4600 697 4675 Τριάδος
753 4601 1113 4673 ἀναφανέντας,
1180 4599 1358 4671 ἀγαθῷ
1438 4600 1567 4651 τέλει
1621 4601 1891 4652 κατακλεῖ-

251 4717 355 4750 σαι
386 4695 508 4765 (64)
539 4694 626 4744 τὸν
660 4691 796 4763 βίον,
825 4690 873 4742 ἐν
918 4698 1132 4764 Χριστῷ
1173 4689 1351 4746 Ἰησοῦ
1396 4698 1467 4759 τῷ
1504 4693 1675 4759 Κυρίῳ
1722 4691 1889 4761 ἡμῶν.

246 4787 467 4859 Ἀμήν.

327 4881 423 4943 Τῷ
462 4870 577 4938 (65)
611 4868 916 4929 συντελεστῆ
968 4877 1064 4919 τῶν
1108 4866 1277 4919 καλῶν
1322 4874 1436 4937 Θεῷ
1487 4868 1665 4938 χάρις.
1724 4867 1888 4939 Ἀμήν

816 4958 970 5018 Τελος
1000 4960 1222 5010 πάντων.

1960 590 2158 641 tecum
2193 585 2256 641 in
2284 585 2401 642 hoc
2444 602 2763 644 commune
2809 593 2895 644 est
2921 588 2949 642 ?

2035 676 2193 730 Vers.
2229 676 2318 729 22.
2355 674 2441 730 Tu
2470 692 2563 732 me
2586 692 2845 747 sequere.
2878 679 2962 733 Tu
2993 682 3158 733 tuam
3192 682 3449 735 mortem
3480 694 3626 736 con—

1964 764 2181 830 sidera,
2216 762 2361 819 nihil
2387 765 2461 819 de
2493 765 2650 822 illius
2683 770 2873 822 morte
2908 766 3303 839 investigans.

2035 853 2196 907 Vers.
2226 852 2315 909 23.
2341 854 2507 910 Exit!
2537 885 2605 896 -—
2631 854 2881 924 fratres.
2917 856 3058 920 Quis
3092 872 3287 911 sermo
3320 858 3348 912 ?

2039 943 2200 997 Vers.
2245 944 2336 999 23.
2401 944 2568 1011 Quod
2618 974 2687 983 -—
2734 948 3084 1000 moreretur.
3150 945 3477 1001 Verisimile
3538 950 3633 1001 est

1966 1046 2227 1102 namque
2259 1038 2315 1087 et
2334 1048 2437 1089 eos
2461 1033 2727 1102 audisse,
2754 1048 2891 1106 quae
2923 1036 3089 1091 Petro
3120 1034 3277 1090 dicta
3318 1040 3505 1091 erant.
3542 1034 3634 1091 Di-

1968 1122 2247 1193 vulgatus
2278 1128 2364 1179 est
2391 1123 2483 1178 hic
2516 1138 2735 1190 sermo,
2767 1121 3058 1187 videlicet,
3092 1123 3250 1195 quod
3283 1140 3401 1179 non
3439 1139 3631 1179 more-

1968 1224 2131 1273 retur
2166 1237 2178 1270 :
2206 1215 2352 1287 quia
2373 1213 2670 1278 errabant,
2695 1227 2805 1267 nec
2829 1212 3123 1268 sermonis
3147 1212 3631 1285 assequebantur

1969 1304 2378 1362 intentionem.
2424 1301 2645 1357 Deinde
2680 1300 2923 1372 corrigit
2951 1316 3257 1357 rumorem
3288 1317 3628 1357 erroneum.

2045 1483 2205 1537 Vers.
2231 1484 2320 1536 23.
2345 1480 2420 1535 Et
2438 1507 2510 1519 —
2537 1483 2594 1533 te
2615 1478 2642 1532 ?
2669 1477 2837 1543 Quod
2864 1492 2986 1533 non
3010 1476 3326 1546 signiﬁcat,
3352 1494 3484 1532 eum
3512 1493 3636 1534 non

1975 1571 2349 1633 moriturum,
2385 1567 2491 1622 sed
2521 1566 2705 1623 aliam
2734 1565 2918 1622 habet
2945 1566 3358 1633 intentionem,
3395 1572 3460 1622 ut
3484 1578 3639 1639 prm-

1974 1661 2203 1717 dictum
2244 1661 2347 1713 est.
2402 1656 2543 1721 Quis
2592 1670 2734 1724 ergo
2767 1654 3117 1727 relinquitur
3163 1670 3360 1711 sermo
3404 1669 3643 1711 asseve-

1974 1747 2272 1810 rantibus,
2297 1762 2433 1801 eum
2454 1761 2568 1801 non
2590 1760 2717 1798 esse
2737 1750 3063 1809 mortuum,
3085 1758 3211 1798 cum
3228 1744 3355 1814 jam
3384 1745 3642 1817 ipsemet

1899 1859 1945 1915 Β
1976 1837 2306 1893 luculenter
2319 1833 2531 1890 clamet
2545 1832 2709 1906 quod
2722 1838 2937 1898 errent,
2957 1834 3061 1905 qui
3074 1832 3191 1889 hoc
3210 1834 3590 1906 suspicantur
3603 1835 3632 1891 ?

2050 1927 2211 1983 Vers.
2262 1924 2355 1979 24.
2404 1923 2771 1992 Hic—ejus.
2821 1925 2886 1977 Et
2929 1922 3163 1991 scimus,
3204 1924 3312 1995 qui
3352 1940 3425 1979 ea
3473 1925 3642 1979 novi-

1976 2031 2132 2081 mus,
2166 2014 2331 2087 quod
2372 2028 2581 2069 verum
2620 2010 2929 2083 perhibeat
2968 2012 3398 2067 testimonium.
3442 2015 3640 2085 Appa-

1976 2110 2063 2162 ret
2107 2105 2286 2169 enim,
2330 2102 2495 2174 quod
2528 2108 2582 2157 et
2634 2100 2731 2157 alii
2780 2101 2895 2157 hoc
2924 2099 3355 2171 intelligebant.
3412 2101 3636 2173 itaque,

1977 2198 2268 2266 tanquam
2290 2191 2674 2246 vehementer
2698 2189 2879 2245 fretus
2907 2190 3166 2255 veritate,
3200 2191 3310 2246 hoc
3332 2190 3472 2246 dicit
3495 2208 3507 2246 :
3528 2193 3641 2259 No-

1977 2283 2034 2339 vi
2055 2282 2374 2354 siquidem,
2404 2280 2569 2352 quod
2588 2279 2889 2351 aliquibus
2912 2278 3206 2335 videbitur
3224 2280 3494 2336 fortassis
3510 2296 3642 2335 sus-

1978 2378 2151 2445 pecta
2176 2371 2391 2438 dicere,
2419 2386 2487 2424 eo
2511 2369 2677 2441 quod
2709 2368 2787 2425 ab
2821 2368 2954 2425 aliis
2993 2369 3377 2439 evangelistis
3418 2371 3638 2427 horum

1978 2477 2101 2518 non
2134 2461 2208 2515 sit
2237 2458 2395 2516 facta
2441 2460 2683 2513 mentio.

2052 2550 2212 2605 Vers.
2250 2548 2344 2606 25.
2384 2547 2531 2602 Sunt
2576 2554 2773 2603 autem
2819 2578 2888 2589 --
2928 2551 3117 2605 Jesus.
3152 2548 3282 2605 Hoc
3311 2548 3491 2603 etiam
3542 2564 3642 2603 su-

1978 2640 2179 2712 perius
2218 2637 2367 2692 dixit
2396 2639 2469 2692 de
2504 2636 2710 2708 signis.

2051 2728 2215 2783 Vers.
2251 2731 2339 2781 25.
2386 2727 2527 2793 Quae
2576 2757 2637 2765 —
2685 2726 2885 2781 libros.
2934 2730 3061 2782 Non
3118 2731 3356 2798 caperet
3400 2742 3502 2783 eos
3555 2726 3640 2782 di-

1980 2824 2110 2874 ctus
2170 2815 2456 2880 mundus,
2502 2814 2622 2870 alio
2675 2814 2856 2870 etiam
2910 2815 3093 2871 modo
3137 2832 3148 2868 :
3222 2832 3345 2871 non
3404 2819 3649 2888 propter

1978 2906 2307 2962 litterarum
2342 2902 2804 2968 multitudinem,
2840 2903 2940 2958 sed
2972 2908 3213 2975 propter
3244 2919 3437 2958 rerum
3472 2920 3645 2975 mag-

1980 2993 2315 3051 nitudinem
2344 3011 2355 3047 :
2391 3007 2585 3063 neque
2618 2994 2692 3045 de
2724 2991 2849 3046 loco
2881 2991 3163 3063 loquitur,
3198 2994 3298 3047 sed
3328 2992 3400 3047 de
3435 2994 3639 3049 modo.

2054 3080 2489 3155 Hyperbolicus
2521 3085 2609 3135 est
2639 3096 2836 3136 sermo
2870 3123 2883 3146 ,
2918 3081 3241 3136 ostendens
3291 3082 3643 3138 immensam

1984 3171 2420 3229 multitudinem
2456 3186 2661 3225 eorum
2716 3186 2849 3242 qum
2897 3186 2932 3225 a
2984 3171 3233 3225 Domino
3282 3170 3434 3227 facta
3484 3179 3644 3227 sunt.

1984 3266 2234 3319 Utuntur
2274 3266 2471 3316 autem
2517 3276 2788 3315 sermone
2828 3260 3217 3331 hyperbolico
3252 3268 3307 3315 et
3347 3261 3451 3333 qui
3501 3261 3644 3316 scri-

1982 3354 2152 3416 bunt,
2184 3357 2239 3405 et
2265 3350 2369 3422 qui
2395 3350 2743 3420 loquuntur,
2778 3349 3025 3420 quando
3056 3350 3137 3404 rei
3168 3349 3645 3421 magnitudinem

1985 3441 2298 3497 ostendere
2337 3439 2744 3493 decreverunt.
2791 3438 2895 3493 IIic
2930 3443 3133 3494 autem
3190 3439 3423 3494 addens
3473 3440 3653 3494 etiam

1987 3529 2263 3593 verbum,
2282 3526 3251 3599 0pinor,auxit(hh)hyperbolen,
3274 3544 3345 3583 ac
3360 3527 3658 3584 suadibile

1989 3614 2142 3683 fecit,
2172 3618 2341 3689 quod
2370 3616 2712 3671 incredibile
2739 3616 3048 3673 videbatur
3073 3632 3085 3671 :
3120 3617 3458 3682 insinuans,
3492 3614 3660 3689 quod

1990 3709 2069 3765 ob
2104 3706 2440 3762 maximam
2473 3722 2679 3761 eorum
2714 3706 3155 3761 multitudinem
3188 3707 3267 3761 ita
3306 3705 3538 3761 dixerit.
3574 3705 3659 3760 Si-

1991 3797 2238 3869 quidem
2277 3802 2333 3850 et
2365 3795 2484 3851 alia
2528 3794 2711 3850 multa
2761 3795 2913 3860 fecit,
2960 3800 3164 3867 utpote
3218 3797 3597 3867 omnipotens
3646 3814 3661 3863 ;

1992 3902 2130 3942 nam
2155 3885 2205 3939 ei
2232 3884 2465 3940 facilius
2488 3890 2613 3939 erat
2636 3884 2851 3949 facere,
2871 3900 3057 3956 quam
3089 3886 3262 3940 nobis
3283 3884 3500 3939 dicere.
3526 3883 3665 3941 Sola

1994 3980 2195 4033 autem
2222 3990 2292 4029 ea
2320 3976 2705 4045 scripserunt,
2739 3990 2872 4045 quae
2896 3974 2971 4028 ad
3006 3974 3354 4042 religionem
3384 3990 3453 4028 ac
3479 3973 3665 4029 ﬁdem

1996 4064 2231 4120 utiliora
2245 4068 2433 4131 erant,
2459 4062 2773 4133 magisque
2798 4062 3136 4117 necessaria
3163 4079 3173 4117 :
3202 4064 3364 4134 quod
3398 4062 3513 4117 hoc
3533 4077 3668 4117 cou-

1996 4153 2327 4209 siderarent
2375 4152 2435 4206 hi
2475 4150 2580 4223 qui
2621 4151 3005 4221 scripserunt,
3048 4151 3212 4223 quod
3251 4150 3353 4223 qui
3392 4152 3482 4206 his
3525 4165 3661 4222 quae

1997 4243 2215 4313 scripta
2234 4245 2374 4295 sunt
2393 4256 2511 4295 non
2528 4240 2731 4310 credit,
2758 4256 2949 4312 neque
2981 4240 3254 4312 pluribus
3278 4239 3458 4294 ﬁdem
3477 4239 3658 4295 habe-

1995 4332 2083 4388 bit
2110 4349 2120 4387 :
2150 4332 2199 4386 ei
2225 4347 2386 4395 vero,
2420 4330 2516 4401 qui
2550 4331 2673 4384 haec
2705 4330 2969 4401 suscipit,
3005 4329 3126 4385 alia
3162 4329 3501 4384 necessaria
3540 4344 3663 4385 non

1920 4408 1964 4460 D
1996 4423 2189 4477 erunt.

2070 4508 2304 4565 Utinam
2336 4513 2535 4563 autem
2561 4511 2617 4562 et
2643 4524 2748 4562 nos
2770 4506 3011 4579 perfecti
3035 4506 3286 4561 ministri
3312 4506 3670 4579 perfectissi-

1999 4615 2111 4655 mae
2137 4597 2424 4654 Trinitatis
2450 4596 2804 4661 habeamur,
2834 4612 2903 4652 ac
2948 4595 3133 4651 vitam
3179 4595 3339 4651 bono
3374 4596 3492 4651 tine
3536 4611 3671 4651 con-

2000 4687 2342 4751 cludamus,
2368 4702 2474 4757 per
2491 4685 2784 4742 Christum
2807 4686 3007 4740 Jesum
3026 4684 3346 4740 Dominum
3374 4690 3668 4741 nostrum.

2002 4778 2214 4832 Amen.

2597 4953 2751 5008 Finis
2782 4954 3071 5009 omnium.

1494 5132 1715 5200 Varia:
1746 5133 2072 5200 lectiones
2106 5142 2171 5198 et
2202 5142 2405 5199 notaa.

360 5358 462 5427 59)
512 5358 707 5425 Ἠγουν
735 5358 1037 5412 omittitA.

332 5363 461 5504 é60)
519 5428 743 5504 Inclusa
797 5429 1014 5482 absunt
1064 5428 1129 5481 A.
1186 5426 1521 5498 Respicitur
1575 5433 1773 5481 autem
1820 5426 1896 5481 ad

243 5502 444 5563 Joan.
478 5514 572 5561 xx,
606 5502 693 5553 30.

330 5572 464 5649 (61)
514 5570 643 5626 Haec
669 5570 726 5624 in
762 5572 1032 5639 margine
1065 5570 1243 5625 habet
1270 5571 1337 5623 Α.

512 5353 707 5425 Ἦγουν
735 5357 948 5412 omittit
974 5358 1037 5409 A.

2104 5354 2194 5422 62)
2230 5357 2299 5405 Τό
2332 5352 2499 5407 addit
2528 5354 2595 5406 A.

2080 5354 2194 5493 ἓὸἳ)
2230 5357 2299 5405 Τὸ
2332 5354 2499 5407 addit
2528 5354 2595 5406 A.

2106 5427 2194 5493 63)
2228 5428 2630 5496 Συγγραφόντων
2663 5429 2725 5475 Α.

2084 5480 2200 5568 (64)
2226 5480 2531 5568 Καταλυσαι
2566 5502 2625 5559 Α,
2659 5495 2820 5568 quod
2852 5495 3136 5568 usitatius
3170 5501 3275 5551 est.

2084 5566 2197 5640 (65)
2232 5570 2362 5625 Haec
2405 5567 2465 5622 in
2496 5568 2614 5622 ﬁne
2642 5566 2871 5623 addidit
2903 5567 3097 5623 scriba
3123 5568 3270 5625 Cod.
3311 5568 3375 5620 A.

282 5744 291 5762 ’
326 5769 494 5842 ,(ΙιΙι)
537 5764 933 5829 Αυπὶιριωο,
971 5763 1302 5831 castigavit,
1336 5763 1711 5835 imperavit,
1745 5761 2058 5832 mitigavit.

26 6268 701 6398 κ...
