  <div class='ocr_page' id='page_1' title='image "/cluster/home/n/w/nwhite01/storage/ocr_20150623/129/ien.35556001660034/015.png"; bbox 0 0 4030 6512; ppageno 0'>
   <div class='ocr_carea' id='block_1_1' title="bbox 609 405 2178 525">
    <p class='ocr_par' dir='ltr' id='par_1_1' title="bbox 609 405 2178 525">
     <span class='ocr_line' id='line_1_1' title="bbox 609 405 2178 525; baseline -0.013 0"><span class='ocrx_word' id='word_1_1' title='bbox 609 456 681 525; x_wconf 81' lang='lat' dir='ltr'><strong>tt</strong></span> <span class='ocrx_word' id='word_1_2' title='bbox 1042 476 1046 479; x_wconf 95' lang='grc'><strong>·</strong></span> <span class='ocrx_word' id='word_1_3' title='bbox 2001 405 2178 508; x_wconf 53' lang='grc' dir='ltr'><strong>Ρξιᾴιξ,</strong></span> 
     </span>
    </p>
   </div>
   <div class='ocr_carea' id='block_1_2' title="bbox 2259 405 3832 525">
    <p class='ocr_par' dir='ltr' id='par_1_2' title="bbox 2259 437 3832 508">
     <span class='ocr_line' id='line_1_2' title="bbox 2259 437 3832 508; baseline -0.004 -4"><span class='ocrx_word' id='word_1_4' title='bbox 2259 446 2414 508; x_wconf 86' lang='lat' dir='ltr'><strong>.TlO.</strong></span> <span class='ocrx_word' id='word_1_5' title='bbox 3761 437 3832 500; x_wconf 75' lang='lat'><strong>1?.</strong></span> 
     </span>
    </p>
   </div>
   <div class='ocr_carea' id='block_1_3' title="bbox 738 619 2312 645">
    <p class='ocr_par' dir='ltr' id='par_1_3' title="bbox 738 619 2312 645">
     <span class='ocr_line' id='line_1_3' title="bbox 738 619 2312 645; baseline 0.003 -22"><span class='ocrx_word' id='word_1_6' title='bbox 738 619 2312 645; x_wconf 78' lang='lat'><strong>_______________________________________</strong></span> 
     </span>
    </p>
   </div>
   <div class='ocr_carea' id='block_1_4' title="bbox 1671 792 2727 949">
    <p class='ocr_par' dir='ltr' id='par_1_4' title="bbox 1671 792 2727 949">
     <span class='ocr_line' id='line_1_4' title="bbox 1671 792 2727 949; baseline -0.005 0"><span class='ocrx_word' id='word_1_7' title='bbox 1671 792 2727 949; x_wconf 60' lang='lat' dir='ltr'><strong>PREFATIO.</strong></span> 
     </span>
    </p>
   </div>
   <div class='ocr_carea' id='block_1_5' title="bbox 1404 1065 2997 1138">
    <p class='ocr_par' dir='ltr' id='par_1_5' title="bbox 1404 1065 2997 1138">
     <span class='ocr_line' id='line_1_5' title="bbox 1404 1065 2997 1138; baseline -0.007 1"><span class='ocrx_word' id='word_1_8' title='bbox 1404 1070 1896 1138; x_wconf 82' lang='lat' dir='ltr'><strong>LECTORIBUS</strong></span> <span class='ocrx_word' id='word_1_9' title='bbox 1946 1065 2234 1129; x_wconf 75' lang='lat' dir='ltr'><strong>DOC&#39;I&#39;IS</strong></span> <span class='ocrx_word' id='word_1_10' title='bbox 2279 1068 2379 1128; x_wconf 82' lang='lat' dir='ltr'>ET</span> <span class='ocrx_word' id='word_1_11' title='bbox 2433 1065 2886 1128; x_wconf 68' lang='lat' dir='ltr'><strong>BENEVOLIS</strong></span> <span class='ocrx_word' id='word_1_12' title='bbox 2937 1069 2997 1128; x_wconf 74' lang='lat' dir='ltr'><strong>S.</strong></span> 
     </span>
    </p>
   </div>
   <div class='ocr_carea' id='block_1_6' title="bbox 669 1241 3833 1343">
    <p class='ocr_par' dir='ltr' id='par_1_6' title="bbox 669 1241 3833 1343">
     <span class='ocr_line' id='line_1_6' title="bbox 669 1241 3833 1343; baseline -0.003 -15"><span class='ocrx_word' id='word_1_13' title='bbox 669 1277 800 1328; x_wconf 83' lang='lat' dir='ltr'><strong>Post</strong></span> <span class='ocrx_word' id='word_1_14' title='bbox 835 1282 912 1326; x_wconf 92' lang='lat' dir='ltr'><strong>tot</strong></span> <span class='ocrx_word' id='word_1_15' title='bbox 941 1269 1195 1343; x_wconf 57' lang='lat' dir='ltr'><strong>praeclara</strong></span> <span class='ocrx_word' id='word_1_16' title='bbox 1223 1281 1554 1324; x_wconf 83' lang='lat' dir='ltr'><strong>summorum</strong></span> <span class='ocrx_word' id='word_1_17' title='bbox 1589 1265 1828 1319; x_wconf 89' lang='lat' dir='ltr'><strong>virorum</strong></span> <span class='ocrx_word' id='word_1_18' title='bbox 1859 1262 1926 1317; x_wconf 90' lang='lat' dir='ltr'><strong>de</strong></span> <span class='ocrx_word' id='word_1_19' title='bbox 1959 1241 2152 1314; x_wconf 81' lang='lat' dir='ltr'><strong>horum</strong></span> <span class='ocrx_word' id='word_1_20' title='bbox 2184 1265 2226 1319; x_wconf 78' lang='grc' dir='ltr'><strong>Α</strong></span> <span class='ocrx_word' id='word_1_21' title='bbox 2259 1257 2407 1311; x_wconf 88' lang='lat' dir='ltr'><strong>bant.</strong></span> <span class='ocrx_word' id='word_1_22' title='bbox 2453 1257 2706 1312; x_wconf 81' lang='lat' dir='ltr'><strong>Adhibita</strong></span> <span class='ocrx_word' id='word_1_23' title='bbox 2737 1272 2865 1328; x_wconf 83' lang='lat' dir='ltr'><strong>ergo</strong></span> <span class='ocrx_word' id='word_1_24' title='bbox 2913 1256 3236 1322; x_wconf 91' lang='lat' dir='ltr'><strong>attentione,</strong></span> <span class='ocrx_word' id='word_1_25' title='bbox 3287 1258 3586 1330; x_wconf 79' lang='lat' dir='ltr'><strong>diligentia,</strong></span> <span class='ocrx_word' id='word_1_26' title='bbox 3636 1262 3833 1318; x_wconf 89' lang='lat' dir='ltr'><strong>mode-</strong></span> 
     </span>
    </p>
   </div>
   <div class='ocr_carea' id='block_1_7' title="bbox 600 1347 2152 1428">
    <p class='ocr_par' dir='ltr' id='par_1_7' title="bbox 600 1347 2152 1428">
     <span class='ocr_line' id='line_1_7' title="bbox 600 1347 2152 1428; baseline -0.012 -9"><span class='ocrx_word' id='word_1_27' title='bbox 600 1362 1123 1420; x_wconf 86' lang='lat' dir='ltr'><strong>Commentariorum</strong></span> <span class='ocrx_word' id='word_1_28' title='bbox 1146 1367 1365 1414; x_wconf 86' lang='lat' dir='ltr'><strong>auctore</strong></span> <span class='ocrx_word' id='word_1_29' title='bbox 1383 1355 1606 1428; x_wconf 86' lang='lat' dir='ltr'><strong>judicia,</strong></span> <span class='ocrx_word' id='word_1_30' title='bbox 1623 1353 1819 1422; x_wconf 88' lang='lat' dir='ltr'><strong>quibus</strong></span> <span class='ocrx_word' id='word_1_31' title='bbox 1835 1351 1882 1405; x_wconf 91' lang='lat' dir='ltr'><strong>ei</strong></span> <span class='ocrx_word' id='word_1_32' title='bbox 1895 1347 2152 1428; x_wconf 87' lang='lat' dir='ltr'><strong>proprie-</strong></span> 
     </span>
    </p>
   </div>
   <div class='ocr_carea' id='block_1_8' title="bbox 601 1440 2155 1514">
    <p class='ocr_par' dir='ltr' id='par_1_8' title="bbox 601 1440 2155 1514">
     <span class='ocr_line' id='line_1_8' title="bbox 601 1440 2155 1514; baseline -0.013 -3"><span class='ocrx_word' id='word_1_33' title='bbox 601 1467 765 1511; x_wconf 83' lang='lat' dir='ltr'><strong>tatem</strong></span> <span class='ocrx_word' id='word_1_34' title='bbox 818 1454 1107 1514; x_wconf 86' lang='lat' dir='ltr'><strong>sermonis,</strong></span> <span class='ocrx_word' id='word_1_35' title='bbox 1171 1449 1506 1513; x_wconf 80' lang='lat' dir='ltr'><strong>doctrinam,</strong></span> <span class='ocrx_word' id='word_1_36' title='bbox 1551 1460 1758 1509; x_wconf 86' lang='lat' dir='ltr'><strong>curam,</strong></span> <span class='ocrx_word' id='word_1_37' title='bbox 1787 1495 1790 1500; x_wconf 84' lang='grc'><strong>,</strong></span> <span class='ocrx_word' id='word_1_38' title='bbox 1822 1440 2155 1513; x_wconf 76' lang='lat' dir='ltr'><strong>diligentiam</strong></span> 
     </span>
    </p>
   </div>
   <div class='ocr_carea' id='block_1_9' title="bbox 599 1528 2156 1605">
    <p class='ocr_par' dir='ltr' id='par_1_9' title="bbox 599 1528 2156 1605">
     <span class='ocr_line' id='line_1_9' title="bbox 599 1528 2156 1605; baseline -0.013 -3"><span class='ocrx_word' id='word_1_39' title='bbox 599 1561 656 1603; x_wconf 87' lang='lat' dir='ltr'><strong>et</strong></span> <span class='ocrx_word' id='word_1_40' title='bbox 678 1559 906 1600; x_wconf 89' lang='lat' dir='ltr'><strong>acumen</strong></span> <span class='ocrx_word' id='word_1_41' title='bbox 936 1530 1222 1605; x_wconf 82' lang='lat' dir='ltr'><strong>testantur,</strong></span> <span class='ocrx_word' id='word_1_42' title='bbox 1252 1531 1359 1593; x_wconf 78' lang='lat' dir='ltr'><strong>non</strong></span> <span class='ocrx_word' id='word_1_43' title='bbox 1403 1540 1626 1592; x_wconf 84' lang='lat' dir='ltr'><strong>necesse</strong></span> <span class='ocrx_word' id='word_1_44' title='bbox 1660 1534 1894 1597; x_wconf 84' lang='lat' dir='ltr'><strong>videtur,</strong></span> <span class='ocrx_word' id='word_1_45' title='bbox 1928 1537 1988 1585; x_wconf 85' lang='lat' dir='ltr'><strong>ut</strong></span> <span class='ocrx_word' id='word_1_46' title='bbox 2023 1528 2156 1584; x_wconf 92' lang='lat' dir='ltr'><strong>mul.</strong></span> 
     </span>
    </p>
   </div>
   <div class='ocr_carea' id='block_1_10' title="bbox 601 1619 2154 1706">
    <p class='ocr_par' dir='ltr' id='par_1_10' title="bbox 601 1619 2154 1706">
     <span class='ocr_line' id='line_1_10' title="bbox 601 1619 2154 1706; baseline -0.013 -13"><span class='ocrx_word' id='word_1_47' title='bbox 601 1653 654 1694; x_wconf 86' lang='lat' dir='ltr'><strong>ta</strong></span> <span class='ocrx_word' id='word_1_48' title='bbox 676 1639 793 1706; x_wconf 82' lang='lat' dir='ltr'><strong>ejus</strong></span> <span class='ocrx_word' id='word_1_49' title='bbox 815 1637 868 1690; x_wconf 90' lang='lat' dir='ltr'><strong>in</strong></span> <span class='ocrx_word' id='word_1_50' title='bbox 892 1634 1104 1689; x_wconf 89' lang='lat' dir='ltr'><strong>laudem</strong></span> <span class='ocrx_word' id='word_1_51' title='bbox 1133 1644 1569 1686; x_wconf 69' lang='lat' dir='ltr'><strong>commemorem.</strong></span> <span class='ocrx_word' id='word_1_52' title='bbox 1594 1625 1730 1680; x_wconf 85' lang='lat' dir='ltr'><strong>Illud</strong></span> <span class='ocrx_word' id='word_1_53' title='bbox 1768 1633 1974 1679; x_wconf 81' lang='lat' dir='ltr'><strong>tantum</strong></span> <span class='ocrx_word' id='word_1_54' title='bbox 1998 1619 2154 1683; x_wconf 88' lang='lat' dir='ltr'><strong>addo,</strong></span> 
     </span>
    </p>
   </div>
   <div class='ocr_carea' id='block_1_11' title="bbox 600 1719 2156 1794">
    <p class='ocr_par' dir='ltr' id='par_1_11' title="bbox 600 1719 2156 1794">
     <span class='ocr_line' id='line_1_11' title="bbox 600 1719 2156 1794; baseline -0.013 -10"><span class='ocrx_word' id='word_1_55' title='bbox 600 1731 766 1793; x_wconf 89' lang='lat' dir='ltr'><strong>nulla,</strong></span> <span class='ocrx_word' id='word_1_56' title='bbox 799 1737 892 1782; x_wconf 90' lang='lat' dir='ltr'><strong>aut</strong></span> <span class='ocrx_word' id='word_1_57' title='bbox 938 1734 1084 1780; x_wconf 91' lang='lat' dir='ltr'><strong>certe</strong></span> <span class='ocrx_word' id='word_1_58' title='bbox 1135 1721 1456 1794; x_wconf 86' lang='lat' dir='ltr'><strong>paucissima</strong></span> <span class='ocrx_word' id='word_1_59' title='bbox 1509 1719 1836 1774; x_wconf 86' lang='lat' dir='ltr'><strong>Litterarum</strong></span> <span class='ocrx_word' id='word_1_60' title='bbox 1884 1727 2156 1770; x_wconf 86' lang='lat' dir='ltr'><strong>sacrarum</strong></span> 
     </span>
    </p>
   </div>
   <div class='ocr_carea' id='block_1_12' title="bbox 599 1806 2158 1888">
    <p class='ocr_par' dir='ltr' id='par_1_12' title="bbox 599 1806 2158 1888">
     <span class='ocr_line' id='line_1_12' title="bbox 599 1806 2158 1888; baseline -0.013 -10"><span class='ocrx_word' id='word_1_61' title='bbox 599 1820 881 1885; x_wconf 84' lang='lat' dir='ltr'><strong>vocabula,</strong></span> <span class='ocrx_word' id='word_1_62' title='bbox 934 1832 1053 1888; x_wconf 70' lang='lat' dir='ltr'><strong>quae</strong></span> <span class='ocrx_word' id='word_1_63' title='bbox 1099 1815 1154 1870; x_wconf 89' lang='lat' dir='ltr'><strong>in</strong></span> <span class='ocrx_word' id='word_1_64' title='bbox 1206 1823 1436 1884; x_wconf 85' lang='lat' dir='ltr'><strong>quatuor</strong></span> <span class='ocrx_word' id='word_1_65' title='bbox 1495 1809 1798 1880; x_wconf 79' lang='lat' dir='ltr'><strong>Evangeliis</strong></span> <span class='ocrx_word' id='word_1_66' title='bbox 1834 1807 1918 1861; x_wconf 90' lang='lat' dir='ltr'><strong>vel</strong></span> <span class='ocrx_word' id='word_1_67' title='bbox 1955 1806 2158 1861; x_wconf 90' lang='lat' dir='ltr'><strong>.minus</strong></span> 
     </span>
    </p>
   </div>
   <div class='ocr_carea' id='block_1_13' title="bbox 603 1897 2155 1976">
    <p class='ocr_par' dir='ltr' id='par_1_13' title="bbox 603 1897 2155 1976">
     <span class='ocr_line' id='line_1_13' title="bbox 603 1897 2155 1976; baseline -0.013 -6"><span class='ocrx_word' id='word_1_68' title='bbox 603 1916 814 1976; x_wconf 79' lang='lat' dir='ltr'><strong>Graeca,</strong></span> <span class='ocrx_word' id='word_1_69' title='bbox 847 1911 931 1965; x_wconf 83' lang='lat' dir='ltr'><strong>vel</strong></span> <span class='ocrx_word' id='word_1_70' title='bbox 962 1909 1208 1972; x_wconf 87' lang='lat' dir='ltr'><strong>obscura,</strong></span> <span class='ocrx_word' id='word_1_71' title='bbox 1241 1913 1552 1969; x_wconf 89' lang='lat' dir='ltr'><strong>occurrunt,</strong></span> <span class='ocrx_word' id='word_1_72' title='bbox 1584 1904 1649 1959; x_wconf 88' lang='lat' dir='ltr'><strong>ab</strong></span> <span class='ocrx_word' id='word_1_73' title='bbox 1689 1903 1792 1956; x_wconf 89' lang='lat' dir='ltr'><strong>hoc</strong></span> <span class='ocrx_word' id='word_1_74' title='bbox 1826 1897 2155 1970; x_wconf 66' lang='lat' dir='ltr'><strong>praetermis-</strong></span> 
     </span>
    </p>
   </div>
   <div class='ocr_carea' id='block_1_14' title="bbox 601 1987 2160 2071">
    <p class='ocr_par' dir='ltr' id='par_1_14' title="bbox 601 1987 2160 2071">
     <span class='ocr_line' id='line_1_14' title="bbox 601 1987 2160 2071; baseline -0.013 -12"><span class='ocrx_word' id='word_1_75' title='bbox 601 2022 659 2059; x_wconf 87' lang='lat' dir='ltr'><strong>sa</strong></span> <span class='ocrx_word' id='word_1_76' title='bbox 692 2019 833 2065; x_wconf 89' lang='lat' dir='ltr'><strong>esse,</strong></span> <span class='ocrx_word' id='word_1_77' title='bbox 865 2001 994 2071; x_wconf 91' lang='lat' dir='ltr'><strong>quin</strong></span> <span class='ocrx_word' id='word_1_78' title='bbox 1025 1997 1299 2054; x_wconf 70' lang='lat' dir='ltr'><strong>vocabulis</strong></span> <span class='ocrx_word' id='word_1_79' title='bbox 1342 1995 1511 2066; x_wconf 80' lang='lat' dir='ltr'><strong>magis</strong></span> <span class='ocrx_word' id='word_1_80' title='bbox 1543 1992 1842 2064; x_wconf 86' lang='lat' dir='ltr'><strong>perspicuis</strong></span> <span class='ocrx_word' id='word_1_81' title='bbox 1881 1998 1934 2045; x_wconf 91' lang='lat' dir='ltr'><strong>et</strong></span> <span class='ocrx_word' id='word_1_82' title='bbox 1962 1987 2160 2060; x_wconf 85' lang='lat' dir='ltr'><strong>proba-</strong></span> 
     </span>
    </p>
   </div>
   <div class='ocr_carea' id='block_1_15' title="bbox 599 2074 2159 2162">
    <p class='ocr_par' dir='ltr' id='par_1_15' title="bbox 599 2074 2159 2162">
     <span class='ocr_line' id='line_1_15' title="bbox 599 2074 2159 2162; baseline -0.013 -10"><span class='ocrx_word' id='word_1_83' title='bbox 599 2096 880 2153; x_wconf 89' lang='lat' dir='ltr'><strong>bilioribus</strong></span> <span class='ocrx_word' id='word_1_84' title='bbox 912 2074 1212 2162; x_wconf 77' lang='lat' dir='ltr'><strong>explicarit.</strong></span> <span class='ocrx_word' id='word_1_85' title='bbox 1248 2089 1455 2143; x_wconf 67' lang='lat' dir='ltr'><strong>Netum</strong></span> <span class='ocrx_word' id='word_1_86' title='bbox 1505 2086 1766 2142; x_wconf 87' lang='lat' dir='ltr'><strong>orationis</strong></span> <span class='ocrx_word' id='word_1_87' title='bbox 1808 2092 1862 2140; x_wconf 90' lang='lat' dir='ltr'><strong>et</strong></span> <span class='ocrx_word' id='word_1_88' title='bbox 1894 2080 2159 2137; x_wconf 82' lang='lat' dir='ltr'><strong>narratio-</strong></span> 
     </span>
    </p>
   </div>
   <div class='ocr_carea' id='block_1_16' title="bbox 597 2175 2157 2254">
    <p class='ocr_par' dir='ltr' id='par_1_16' title="bbox 597 2175 2157 2254">
     <span class='ocr_line' id='line_1_16' title="bbox 597 2175 2157 2254; baseline -0.012 -12"><span class='ocrx_word' id='word_1_89' title='bbox 597 2204 729 2242; x_wconf 88' lang='lat' dir='ltr'><strong>num</strong></span> <span class='ocrx_word' id='word_1_90' title='bbox 756 2189 877 2240; x_wconf 85' lang='lat' dir='ltr'><strong>cuin</strong></span> <span class='ocrx_word' id='word_1_91' title='bbox 906 2183 1259 2254; x_wconf 79' lang='lat' dir='ltr'><strong>singulorum,</strong></span> <span class='ocrx_word' id='word_1_92' title='bbox 1293 2189 1404 2233; x_wconf 90' lang='lat' dir='ltr'><strong>tum</strong></span> <span class='ocrx_word' id='word_1_93' title='bbox 1425 2179 1657 2249; x_wconf 87' lang='lat' dir='ltr'><strong>plurium</strong></span> <span class='ocrx_word' id='word_1_94' title='bbox 1688 2175 2157 2246; x_wconf 76' lang='lat' dir='ltr'><strong>evangelistarum,</strong></span> 
     </span>
    </p>
   </div>
   <div class='ocr_carea' id='block_1_17' title="bbox 599 2260 2158 2328">
    <p class='ocr_par' dir='ltr' id='par_1_17' title="bbox 599 2260 2158 2328">
     <span class='ocr_line' id='line_1_17' title="bbox 599 2260 2158 2328; baseline -0.009 0"><span class='ocrx_word' id='word_1_95' title='bbox 599 2273 911 2328; x_wconf 84' lang='lat' dir='ltr'><strong>acutissime</strong></span> <span class='ocrx_word' id='word_1_96' title='bbox 938 2267 1322 2324; x_wconf 81' lang='lat' dir='ltr'><strong>animadvertit</strong></span> <span class='ocrx_word' id='word_1_97' title='bbox 1352 2282 1414 2321; x_wconf 89' lang='lat' dir='ltr'><strong>ac</strong></span> <span class='ocrx_word' id='word_1_98' title='bbox 1435 2274 1624 2321; x_wconf 89' lang='lat' dir='ltr'><strong>notat:</strong></span> <span class='ocrx_word' id='word_1_99' title='bbox 1661 2265 1968 2320; x_wconf 70' lang='lat' dir='ltr'><strong>dissensum</strong></span> <span class='ocrx_word' id='word_1_100' title='bbox 2001 2260 2158 2316; x_wconf 77' lang='lat' dir='ltr'><strong>facile</strong></span> 
     </span>
    </p>
   </div>
   <div class='ocr_carea' id='block_1_18' title="bbox 603 2354 2158 2429">
    <p class='ocr_par' dir='ltr' id='par_1_18' title="bbox 603 2354 2158 2429">
     <span class='ocr_line' id='line_1_18' title="bbox 603 2354 2158 2429; baseline -0.011 -10"><span class='ocrx_word' id='word_1_101' title='bbox 603 2375 660 2420; x_wconf 87' lang='lat' dir='ltr'><strong>et</strong></span> <span class='ocrx_word' id='word_1_102' title='bbox 683 2362 954 2417; x_wconf 90' lang='lat' dir='ltr'><strong>subtiliter</strong></span> <span class='ocrx_word' id='word_1_103' title='bbox 977 2361 1271 2429; x_wconf 87' lang='lat' dir='ltr'><strong>componit.</strong></span> <span class='ocrx_word' id='word_1_104' title='bbox 1306 2356 1420 2412; x_wconf 85' lang='lat' dir='ltr'><strong>Etsi</strong></span> <span class='ocrx_word' id='word_1_105' title='bbox 1471 2367 1652 2411; x_wconf 87' lang='lat' dir='ltr'><strong>autem</strong></span> <span class='ocrx_word' id='word_1_106' title='bbox 1697 2357 1866 2409; x_wconf 89' lang='lat' dir='ltr'><strong>multa</strong></span> <span class='ocrx_word' id='word_1_107' title='bbox 1924 2354 2158 2422; x_wconf 79' lang='lat' dir='ltr'><strong>Chryso-</strong></span> 
     </span>
    </p>
   </div>
   <div class='ocr_carea' id='block_1_19' title="bbox 599 2447 2156 2521">
    <p class='ocr_par' dir='ltr' id='par_1_19' title="bbox 599 2447 2156 2521">
     <span class='ocr_line' id='line_1_19' title="bbox 599 2447 2156 2521; baseline -0.011 -12"><span class='ocrx_word' id='word_1_108' title='bbox 599 2463 796 2520; x_wconf 86' lang='lat' dir='ltr'><strong>stomo,</strong></span> <span class='ocrx_word' id='word_1_109' title='bbox 833 2449 1278 2521; x_wconf 57' lang='lat' dir='ltr'><strong>praestantissimo</strong></span> <span class='ocrx_word' id='word_1_110' title='bbox 1315 2449 1455 2502; x_wconf 90' lang='lat' dir='ltr'><strong>inter</strong></span> <span class='ocrx_word' id='word_1_111' title='bbox 1477 2457 1708 2510; x_wconf 92' lang='lat' dir='ltr'><strong>veteres,</strong></span> <span class='ocrx_word' id='word_1_112' title='bbox 1739 2460 1801 2498; x_wconf 90' lang='lat' dir='ltr'><strong>ac</strong></span> <span class='ocrx_word' id='word_1_113' title='bbox 1834 2460 1971 2514; x_wconf 83' lang='lat' dir='ltr'><strong>pene</strong></span> <span class='ocrx_word' id='word_1_114' title='bbox 1997 2447 2156 2497; x_wconf 75' lang='lat' dir='ltr'><strong>dixe-</strong></span> 
     </span>
    </p>
   </div>
   <div class='ocr_carea' id='block_1_20' title="bbox 600 2538 2160 2610">
    <p class='ocr_par' dir='ltr' id='par_1_20' title="bbox 600 2538 2160 2610">
     <span class='ocr_line' id='line_1_20' title="bbox 600 2538 2160 2610; baseline -0.004 -12"><span class='ocrx_word' id='word_1_115' title='bbox 600 2547 722 2608; x_wconf 84' lang='lat' dir='ltr'><strong>rim,</strong></span> <span class='ocrx_word' id='word_1_116' title='bbox 781 2544 872 2598; x_wconf 92' lang='lat' dir='ltr'><strong>uni</strong></span> <span class='ocrx_word' id='word_1_117' title='bbox 921 2541 1202 2610; x_wconf 87' lang='lat' dir='ltr'><strong>interpreti</strong></span> <span class='ocrx_word' id='word_1_118' title='bbox 1247 2539 1406 2594; x_wconf 84' lang='lat' dir='ltr'><strong>debet</strong></span> <span class='ocrx_word' id='word_1_119' title='bbox 1443 2538 1651 2592; x_wconf 87' lang='lat' dir='ltr'><strong>:multa</strong></span> <span class='ocrx_word' id='word_1_120' title='bbox 1703 2538 1829 2590; x_wconf 82' lang='lat' dir='ltr'><strong>item</strong></span> <span class='ocrx_word' id='word_1_121' title='bbox 1871 2551 1936 2590; x_wconf 76' lang='lat' dir='ltr'><strong>ex</strong></span> <span class='ocrx_word' id='word_1_122' title='bbox 1978 2538 2160 2592; x_wconf 82' lang='lat' dir='ltr'><strong>mule</strong></span> 
     </span>
    </p>
   </div>
   <div class='ocr_carea' id='block_1_21' title="bbox 2257 1347 3830 1418">
    <p class='ocr_par' dir='ltr' id='par_1_21' title="bbox 2257 1347 3830 1418">
     <span class='ocr_line' id='line_1_21' title="bbox 2257 1347 3830 1418; baseline 0.004 -15"><span class='ocrx_word' id='word_1_123' title='bbox 2257 1349 2379 1413; x_wconf 87' lang='lat' dir='ltr'><strong>stia,</strong></span> <span class='ocrx_word' id='word_1_124' title='bbox 2411 1358 2484 1407; x_wconf 90' lang='lat' dir='ltr'><strong>et,</strong></span> <span class='ocrx_word' id='word_1_125' title='bbox 2521 1364 2639 1418; x_wconf 73' lang='lat' dir='ltr'><strong>quae</strong></span> <span class='ocrx_word' id='word_1_126' title='bbox 2665 1347 2750 1402; x_wconf 84' lang='lat' dir='ltr'><strong>bis</strong></span> <span class='ocrx_word' id='word_1_127' title='bbox 2774 1347 2926 1402; x_wconf 84' lang='lat' dir='ltr'><strong>libris</strong></span> <span class='ocrx_word' id='word_1_128' title='bbox 2957 1349 3009 1402; x_wconf 91' lang='lat' dir='ltr'><strong>in</strong></span> <span class='ocrx_word' id='word_1_129' title='bbox 3059 1349 3244 1416; x_wconf 91' lang='lat' dir='ltr'><strong>primis</strong></span> <span class='ocrx_word' id='word_1_130' title='bbox 3283 1349 3532 1414; x_wconf 85' lang='lat' dir='ltr'><strong>debetur,</strong></span> <span class='ocrx_word' id='word_1_131' title='bbox 3588 1353 3693 1407; x_wconf 81' lang='lat' dir='ltr'><strong>ﬁde</strong></span> <span class='ocrx_word' id='word_1_132' title='bbox 3722 1354 3830 1409; x_wconf 88' lang='lat' dir='ltr'><strong>viri</strong></span> 
     </span>
    </p>
   </div>
   <div class='ocr_carea' id='block_1_22' title="bbox 2258 1439 3835 1525">
    <p class='ocr_par' dir='ltr' id='par_1_22' title="bbox 2258 1439 3835 1525">
     <span class='ocr_line' id='line_1_22' title="bbox 2258 1439 3835 1525; baseline 0.002 -26"><span class='ocrx_word' id='word_1_133' title='bbox 2258 1444 2494 1508; x_wconf 80' lang='lat' dir='ltr'><strong>honeSti,</strong></span> <span class='ocrx_word' id='word_1_134' title='bbox 2534 1443 2674 1498; x_wconf 84' lang='lat' dir='ltr'><strong>haud</strong></span> <span class='ocrx_word' id='word_1_135' title='bbox 2705 1443 2842 1499; x_wconf 88' lang='lat' dir='ltr'><strong>adeo</strong></span> <span class='ocrx_word' id='word_1_136' title='bbox 2871 1439 3156 1500; x_wconf 75' lang='lat' dir='ltr'><strong>diliiculler</strong></span> <span class='ocrx_word' id='word_1_137' title='bbox 3179 1446 3363 1525; x_wconf 82' lang='lat' dir='ltr'><strong>verum</strong></span> <span class='ocrx_word' id='word_1_138' title='bbox 3386 1461 3414 1499; x_wconf 86' lang='lat' dir='ltr'><strong>a</strong></span> <span class='ocrx_word' id='word_1_139' title='bbox 3441 1446 3573 1500; x_wconf 81' lang='lat' dir='ltr'><strong>falso</strong></span> <span class='ocrx_word' id='word_1_140' title='bbox 3608 1465 3835 1518; x_wconf 84' lang='lat' dir='ltr'><strong>separa-</strong></span> 
     </span>
    </p>
   </div>
   <div class='ocr_carea' id='block_1_23' title="bbox 2258 1527 3831 1603">
    <p class='ocr_par' dir='ltr' id='par_1_23' title="bbox 2258 1527 3831 1603">
     <span class='ocr_line' id='line_1_23' title="bbox 2258 1527 3831 1603; baseline 0.002 -18"><span class='ocrx_word' id='word_1_141' title='bbox 2258 1539 2363 1585; x_wconf 88' lang='lat' dir='ltr'><strong>tur.</strong></span> <span class='ocrx_word' id='word_1_142' title='bbox 2398 1531 2510 1584; x_wconf 82' lang='lat' dir='ltr'><strong>‘Etsi</strong></span> <span class='ocrx_word' id='word_1_143' title='bbox 2547 1533 2728 1585; x_wconf 79' lang='lat' dir='ltr'><strong>autem</strong></span> <span class='ocrx_word' id='word_1_144' title='bbox 2775 1530 3121 1601; x_wconf 81' lang='lat' dir='ltr'><strong>Euthymium</strong></span> <span class='ocrx_word' id='word_1_145' title='bbox 3157 1527 3625 1603; x_wconf 63' lang='lat' dir='ltr'><strong>satisdiligente’m</strong></span> <span class='ocrx_word' id='word_1_146' title='bbox 3670 1546 3726 1590; x_wconf 89' lang='lat' dir='ltr'><strong>et</strong></span> <span class='ocrx_word' id='word_1_147' title='bbox 3759 1537 3831 1588; x_wconf 83' lang='lat' dir='ltr'><strong>li-</strong></span> 
     </span>
    </p>
   </div>
   <div class='ocr_carea' id='block_1_24' title="bbox 2257 1621 3828 1690">
    <p class='ocr_par' dir='ltr' id='par_1_24' title="bbox 2257 1621 3828 1690">
     <span class='ocr_line' id='line_1_24' title="bbox 2257 1621 3828 1690; baseline 0.001 -14"><span class='ocrx_word' id='word_1_148' title='bbox 2257 1621 2430 1676; x_wconf 82' lang='lat' dir='ltr'><strong>delem</strong></span> <span class='ocrx_word' id='word_1_149' title='bbox 2467 1621 2715 1690; x_wconf 79' lang='lat' dir='ltr'><strong>cognovi,</strong></span> <span class='ocrx_word' id='word_1_150' title='bbox 2777 1631 2956 1676; x_wconf 85' lang='lat' dir='ltr'><strong>tamen</strong></span> <span class='ocrx_word' id='word_1_151' title='bbox 3017 1623 3286 1677; x_wconf 85' lang='lat' dir='ltr'><strong>interdum</strong></span> <span class='ocrx_word' id='word_1_152' title='bbox 3337 1625 3455 1677; x_wconf 88' lang='lat' dir='ltr'><strong>loca</strong></span> <span class='ocrx_word' id='word_1_153' title='bbox 3512 1626 3828 1680; x_wconf 84' lang='lat' dir='ltr'><strong>litterarum</strong></span> 
     </span>
    </p>
   </div>
   <div class='ocr_carea' id='block_1_25' title="bbox 2257 1713 3831 1778">
    <p class='ocr_par' dir='ltr' id='par_1_25' title="bbox 2257 1713 3831 1778">
     <span class='ocr_line' id='line_1_25' title="bbox 2257 1713 3831 1778; baseline 0.003 -12"><span class='ocrx_word' id='word_1_154' title='bbox 2257 1728 2532 1767; x_wconf 86' lang='lat' dir='ltr'><strong>sacrarum</strong></span> <span class='ocrx_word' id='word_1_155' title='bbox 2567 1729 2676 1767; x_wconf 89' lang='lat' dir='ltr'><strong>non</strong></span> <span class='ocrx_word' id='word_1_156' title='bbox 2717 1728 2786 1767; x_wconf 80' lang='lat' dir='ltr'><strong>ex</strong></span> <span class='ocrx_word' id='word_1_157' title='bbox 2817 1713 2995 1768; x_wconf 90' lang='lat' dir='ltr'><strong>Libris</strong></span> <span class='ocrx_word' id='word_1_158' title='bbox 3027 1714 3214 1778; x_wconf 81' lang='lat' dir='ltr'><strong>sacris,</strong></span> <span class='ocrx_word' id='word_1_159' title='bbox 3248 1715 3342 1769; x_wconf 91' lang='lat' dir='ltr'><strong>sed</strong></span> <span class='ocrx_word' id='word_1_160' title='bbox 3384 1730 3446 1769; x_wconf 76' lang='lat' dir='ltr'><strong>ex</strong></span> <span class='ocrx_word' id='word_1_161' title='bbox 3473 1715 3831 1770; x_wconf 86' lang='lat' dir='ltr'><strong>Commenta-</strong></span> 
     </span>
    </p>
   </div>
   <div class='ocr_carea' id='block_1_26' title="bbox 2256 1805 3829 1876">
    <p class='ocr_par' dir='ltr' id='par_1_26' title="bbox 2256 1805 3829 1876">
     <span class='ocr_line' id='line_1_26' title="bbox 2256 1805 3829 1876; baseline 0.002 -18"><span class='ocrx_word' id='word_1_162' title='bbox 2256 1805 2350 1859; x_wconf 90' lang='lat' dir='ltr'><strong>riis</strong></span> <span class='ocrx_word' id='word_1_163' title='bbox 2383 1805 2739 1874; x_wconf 85' lang='lat' dir='ltr'><strong>interpretum</strong></span> <span class='ocrx_word' id='word_1_164' title='bbox 2772 1805 2975 1860; x_wconf 86' lang='lat' dir='ltr'><strong>laudat.</strong></span> <span class='ocrx_word' id='word_1_165' title='bbox 3007 1805 3121 1871; x_wconf 85' lang='lat' dir='ltr'><strong>Qua</strong></span> <span class='ocrx_word' id='word_1_166' title='bbox 3145 1807 3212 1860; x_wconf 89' lang='lat' dir='ltr'><strong>de</strong></span> <span class='ocrx_word' id='word_1_167' title='bbox 3243 1821 3300 1859; x_wconf 88' lang='lat' dir='ltr'><strong>re</strong></span> <span class='ocrx_word' id='word_1_168' title='bbox 3329 1807 3616 1876; x_wconf 88' lang='lat' dir='ltr'><strong>aliquoties</strong></span> <span class='ocrx_word' id='word_1_169' title='bbox 3637 1809 3829 1862; x_wconf 90' lang='lat' dir='ltr'><strong>monui</strong></span> 
     </span>
    </p>
   </div>
   <div class='ocr_carea' id='block_1_27' title="bbox 2255 1891 3829 1962">
    <p class='ocr_par' dir='ltr' id='par_1_27' title="bbox 2255 1891 3829 1962">
     <span class='ocr_line' id='line_1_27' title="bbox 2255 1891 3829 1962; baseline 0.004 -18"><span class='ocrx_word' id='word_1_170' title='bbox 2255 1891 2311 1945; x_wconf 91' lang='lat' dir='ltr'><strong>in</strong></span> <span class='ocrx_word' id='word_1_171' title='bbox 2346 1892 2928 1947; x_wconf 88' lang='lat' dir='ltr'><strong>animadversiouibus.</strong></span> <span class='ocrx_word' id='word_1_172' title='bbox 2979 1892 3319 1962; x_wconf 87' lang='lat' dir='ltr'><strong>Deprehendi</strong></span> <span class='ocrx_word' id='word_1_173' title='bbox 3353 1896 3516 1949; x_wconf 89' lang='lat' dir='ltr'><strong>etiam</strong></span> <span class='ocrx_word' id='word_1_174' title='bbox 3563 1897 3829 1951; x_wconf 79' lang='lat' dir='ltr'><strong>vocabula</strong></span> 
     </span>
    </p>
   </div>
   <div class='ocr_carea' id='block_1_28' title="bbox 2256 1982 3829 2054">
    <p class='ocr_par' dir='ltr' id='par_1_28' title="bbox 2256 1982 3829 2054">
     <span class='ocr_line' id='line_1_28' title="bbox 2256 1982 3829 2054; baseline 0.003 -17"><span class='ocrx_word' id='word_1_175' title='bbox 2256 1982 2324 2037; x_wconf 89' lang='lat' dir='ltr'><strong>ab</strong></span> <span class='ocrx_word' id='word_1_176' title='bbox 2357 1984 2474 2054; x_wconf 89' lang='lat' dir='ltr'><strong>ipso</strong></span> <span class='ocrx_word' id='word_1_177' title='bbox 2505 1985 2738 2053; x_wconf 88' lang='lat' dir='ltr'><strong>primum</strong></span> <span class='ocrx_word' id='word_1_178' title='bbox 2765 1985 2929 2046; x_wconf 79' lang='lat' dir='ltr'><strong>illata,</strong></span> <span class='ocrx_word' id='word_1_179' title='bbox 2958 1986 3217 2038; x_wconf 86' lang='lat' dir='ltr'><strong>nonnulla</strong></span> <span class='ocrx_word' id='word_1_180' title='bbox 3255 1987 3416 2040; x_wconf 89' lang='lat' dir='ltr'><strong>etiam</strong></span> <span class='ocrx_word' id='word_1_181' title='bbox 3462 1987 3684 2052; x_wconf 67' lang='lat' dir='ltr'><strong>omissa,</strong></span> <span class='ocrx_word' id='word_1_182' title='bbox 3727 1990 3829 2044; x_wconf 89' lang='lat' dir='ltr'><strong>sed</strong></span> 
     </span>
    </p>
   </div>
   <div class='ocr_carea' id='block_1_29' title="bbox 2257 2075 3828 2147">
    <p class='ocr_par' dir='ltr' id='par_1_29' title="bbox 2257 2075 3828 2147">
     <span class='ocr_line' id='line_1_29' title="bbox 2257 2075 3828 2147; baseline 0.004 -19"><span class='ocrx_word' id='word_1_183' title='bbox 2257 2077 2530 2146; x_wconf 87' lang='lat' dir='ltr'><strong>pauciora.</strong></span> <span class='ocrx_word' id='word_1_184' title='bbox 2559 2075 2786 2130; x_wconf 89' lang='lat' dir='ltr'><strong>Codices</strong></span> <span class='ocrx_word' id='word_1_185' title='bbox 2821 2075 3234 2147; x_wconf 69' lang='lat' dir='ltr'><strong>Evangeliorum</strong></span> <span class='ocrx_word' id='word_1_186' title='bbox 3289 2093 3468 2132; x_wconf 74' lang='lat' dir='ltr'><strong>alitem</strong></span> <span class='ocrx_word' id='word_1_187' title='bbox 3515 2089 3638 2134; x_wconf 90' lang='lat' dir='ltr'><strong>cum</strong></span> <span class='ocrx_word' id='word_1_188' title='bbox 3662 2079 3828 2134; x_wconf 86' lang='lat' dir='ltr'><strong>Com-</strong></span> 
     </span>
    </p>
   </div>
   <div class='ocr_carea' id='block_1_30' title="bbox 2257 2169 3825 2241">
    <p class='ocr_par' dir='ltr' id='par_1_30' title="bbox 2257 2169 3825 2241">
     <span class='ocr_line' id='line_1_30' title="bbox 2257 2169 3825 2241; baseline 0.002 -17"><span class='ocrx_word' id='word_1_189' title='bbox 2257 2169 2536 2224; x_wconf 84' lang='lat' dir='ltr'><strong>mentaiiis</strong></span> <span class='ocrx_word' id='word_1_190' title='bbox 2590 2178 2643 2223; x_wconf 93' lang='lat' dir='ltr'><strong>et</strong></span> <span class='ocrx_word' id='word_1_191' title='bbox 2675 2169 2900 2233; x_wconf 84' lang='lat' dir='ltr'><strong>catenis,</strong></span> <span class='ocrx_word' id='word_1_192' title='bbox 2931 2171 3088 2224; x_wconf 79' lang='lat' dir='ltr'><strong>sicuti</strong></span> <span class='ocrx_word' id='word_1_193' title='bbox 3144 2169 3581 2241; x_wconf 68' lang='lat' dir='ltr'><strong>ThCOphylactus</strong></span> <span class='ocrx_word' id='word_1_194' title='bbox 3633 2173 3825 2239; x_wconf 88' lang='lat' dir='ltr'><strong>etiam,</strong></span> 
     </span>
    </p>
   </div>
   <div class='ocr_carea' id='block_1_31' title="bbox 2257 2261 3826 2334">
    <p class='ocr_par' dir='ltr' id='par_1_31' title="bbox 2257 2261 3826 2334">
     <span class='ocr_line' id='line_1_31' title="bbox 2257 2261 3826 2334; baseline 0.002 -19"><span class='ocrx_word' id='word_1_195' title='bbox 2257 2261 2323 2315; x_wconf 91' lang='lat' dir='ltr'><strong>ad</strong></span> <span class='ocrx_word' id='word_1_196' title='bbox 2356 2277 2552 2315; x_wconf 88' lang='lat' dir='ltr'><strong>manus</strong></span> <span class='ocrx_word' id='word_1_197' title='bbox 2603 2261 2792 2316; x_wconf 80' lang='lat' dir='ltr'><strong>habuit</strong></span> <span class='ocrx_word' id='word_1_198' title='bbox 2829 2262 3114 2333; x_wconf 86' lang='lat' dir='ltr'><strong>ejusmodi,</strong></span> <span class='ocrx_word' id='word_1_199' title='bbox 3161 2262 3468 2334; x_wconf 85' lang='lat' dir='ltr'><strong>cujusmodi</strong></span> <span class='ocrx_word' id='word_1_200' title='bbox 3525 2274 3655 2318; x_wconf 88' lang='lat' dir='ltr'><strong>sunt</strong></span> <span class='ocrx_word' id='word_1_201' title='bbox 3715 2265 3826 2320; x_wconf 89' lang='lat' dir='ltr'><strong>mei</strong></span> 
     </span>
    </p>
   </div>
   <div class='ocr_carea' id='block_1_32' title="bbox 2256 2351 3827 2425">
    <p class='ocr_par' dir='ltr' id='par_1_32' title="bbox 2256 2351 3827 2425">
     <span class='ocr_line' id='line_1_32' title="bbox 2256 2351 3827 2425; baseline 0.004 -22"><span class='ocrx_word' id='word_1_202' title='bbox 2256 2351 2608 2418; x_wconf 86' lang='lat' dir='ltr'><strong>Mosquenses</strong></span> <span class='ocrx_word' id='word_1_203' title='bbox 2663 2369 2715 2406; x_wconf 91' lang='lat' dir='ltr'><strong>a.</strong></span> <span class='ocrx_word' id='word_1_204' title='bbox 2755 2353 2807 2407; x_wconf 89' lang='lat' dir='ltr'><strong>d.</strong></span> <span class='ocrx_word' id='word_1_205' title='bbox 2857 2368 2906 2408; x_wconf 89' lang='lat' dir='ltr'><strong>e.</strong></span> <span class='ocrx_word' id='word_1_206' title='bbox 2957 2370 3009 2422; x_wconf 71' lang='grc' dir='ltr'><strong>ε.</strong></span> <span class='ocrx_word' id='word_1_207' title='bbox 3045 2354 3132 2414; x_wconf 85' lang='lat' dir='ltr'><strong>lu.</strong></span> <span class='ocrx_word' id='word_1_208' title='bbox 3160 2355 3225 2408; x_wconf 86' lang='lat' dir='ltr'><strong>de</strong></span> <span class='ocrx_word' id='word_1_209' title='bbox 3268 2354 3462 2425; x_wconf 88' lang='lat' dir='ltr'><strong>quibus</strong></span> <span class='ocrx_word' id='word_1_210' title='bbox 3496 2355 3719 2424; x_wconf 81' lang='lat' dir='ltr'><strong>exposui</strong></span> <span class='ocrx_word' id='word_1_211' title='bbox 3773 2356 3827 2410; x_wconf 93' lang='lat' dir='ltr'><strong>in</strong></span> 
     </span>
    </p>
   </div>
   <div class='ocr_carea' id='block_1_33' title="bbox 2255 2437 3827 2502">
    <p class='ocr_par' dir='ltr' id='par_1_33' title="bbox 2255 2437 3827 2502">
     <span class='ocr_line' id='line_1_33' title="bbox 2255 2437 3827 2502; baseline 0.006 -10"><span class='ocrx_word' id='word_1_212' title='bbox 2255 2437 2578 2495; x_wconf 66' lang='lat' dir='ltr'><strong>Praelatione</strong></span> <span class='ocrx_word' id='word_1_213' title='bbox 2642 2458 2776 2497; x_wconf 74' lang='lat' dir='ltr'><strong>meae</strong></span> <span class='ocrx_word' id='word_1_214' title='bbox 2840 2441 2972 2497; x_wconf 87' lang='lat' dir='ltr'><strong>Novi</strong></span> <span class='ocrx_word' id='word_1_215' title='bbox 3030 2444 3362 2500; x_wconf 86' lang='lat' dir='ltr'><strong>Testamenti</strong></span> <span class='ocrx_word' id='word_1_216' title='bbox 3426 2447 3682 2502; x_wconf 89' lang='lat' dir='ltr'><strong>editionis</strong></span> <span class='ocrx_word' id='word_1_217' title='bbox 3755 2447 3827 2501; x_wconf 90' lang='lat' dir='ltr'><strong>ad</strong></span> 
     </span>
    </p>
   </div>
   <div class='ocr_carea' id='block_1_34' title="bbox 2259 2533 3824 2602">
    <p class='ocr_par' dir='ltr' id='par_1_34' title="bbox 2259 2533 3824 2602">
     <span class='ocr_line' id='line_1_34' title="bbox 2259 2533 3824 2602; baseline 0.004 -16"><span class='ocrx_word' id='word_1_218' title='bbox 2259 2533 2605 2602; x_wconf 77' lang='lat' dir='ltr'><strong>Evangelium</strong></span> <span class='ocrx_word' id='word_1_219' title='bbox 2628 2533 2810 2588; x_wconf 78' lang='lat' dir='ltr'><strong>Marci.</strong></span> <span class='ocrx_word' id='word_1_220' title='bbox 2843 2534 3046 2589; x_wconf 91' lang='lat' dir='ltr'><strong>llorum</strong></span> <span class='ocrx_word' id='word_1_221' title='bbox 3077 2537 3382 2593; x_wconf 90' lang='lat' dir='ltr'><strong>simillimos</strong></span> <span class='ocrx_word' id='word_1_222' title='bbox 3412 2538 3466 2592; x_wconf 92' lang='lat' dir='ltr'><strong>in</strong></span> <span class='ocrx_word' id='word_1_223' title='bbox 3497 2539 3824 2596; x_wconf 82' lang='lat' dir='ltr'><strong>bibliotheca</strong></span> 
     </span>
    </p>
   </div>
   <div class='ocr_carea' id='block_1_35' title="bbox 599 2600 3830 2699">
    <p class='ocr_par' dir='ltr' id='par_1_35' title="bbox 599 2600 3830 2699">
     <span class='ocr_line' id='line_1_35' title="bbox 599 2600 3830 2699; baseline -0.002 -8"><span class='ocrx_word' id='word_1_224' title='bbox 599 2635 718 2691; x_wconf 90' lang='lat' dir='ltr'><strong>aliis</strong></span> <span class='ocrx_word' id='word_1_225' title='bbox 748 2634 928 2687; x_wconf 84' lang='lat' dir='ltr'><strong>hausit</strong></span> <span class='ocrx_word' id='word_1_226' title='bbox 966 2649 979 2685; x_wconf 90' lang='lat'><strong>:</strong></span> <span class='ocrx_word' id='word_1_227' title='bbox 1014 2646 1199 2686; x_wconf 89' lang='lat' dir='ltr'><strong>omnes</strong></span> <span class='ocrx_word' id='word_1_228' title='bbox 1225 2631 1366 2684; x_wconf 90' lang='lat' dir='ltr'><strong>enim</strong></span> <span class='ocrx_word' id='word_1_229' title='bbox 1395 2638 1519 2683; x_wconf 90' lang='lat' dir='ltr'><strong>ante</strong></span> <span class='ocrx_word' id='word_1_230' title='bbox 1546 2644 1605 2682; x_wconf 90' lang='lat' dir='ltr'><strong>se</strong></span> <span class='ocrx_word' id='word_1_231' title='bbox 1637 2627 1976 2683; x_wconf 84' lang='lat' dir='ltr'><strong>consuluisse</strong></span> <span class='ocrx_word' id='word_1_232' title='bbox 2006 2629 2154 2683; x_wconf 84' lang='lat' dir='ltr'><strong>vide—</strong></span> <span class='ocrx_word' id='word_1_233' title='bbox 2189 2600 2230 2654; x_wconf 71' lang='grc' dir='ltr'><strong>Β</strong></span> <span class='ocrx_word' id='word_1_234' title='bbox 2259 2622 2501 2676; x_wconf 81' lang='lat' dir='ltr'><strong>Parisina</strong></span> <span class='ocrx_word' id='word_1_235' title='bbox 2525 2632 2580 2677; x_wconf 76' lang='lat' dir='ltr'><strong>et</strong></span> <span class='ocrx_word' id='word_1_236' title='bbox 2611 2623 3012 2680; x_wconf 82' lang='lat' dir='ltr'><strong>Vindoboncusi</strong></span> <span class='ocrx_word' id='word_1_237' title='bbox 3045 2629 3272 2693; x_wconf 73' lang='lat' dir='ltr'><strong>servari,</strong></span> <span class='ocrx_word' id='word_1_238' title='bbox 3324 2632 3553 2699; x_wconf 80' lang='lat' dir='ltr'><strong>Cognovi</strong></span> <span class='ocrx_word' id='word_1_239' title='bbox 3612 2647 3674 2685; x_wconf 85' lang='lat' dir='ltr'><strong>ex</strong></span> <span class='ocrx_word' id='word_1_240' title='bbox 3731 2631 3830 2685; x_wconf 83' lang='lat' dir='ltr'><strong>Ri-</strong></span> 
     </span>
    </p>
   </div>
   <div class='ocr_carea' id='block_1_36' title="bbox 602 2720 2157 2793">
    <p class='ocr_par' dir='ltr' id='par_1_36' title="bbox 602 2720 2157 2793">
     <span class='ocr_line' id='line_1_36' title="bbox 602 2720 2157 2793; baseline -0.006 -11"><span class='ocrx_word' id='word_1_241' title='bbox 602 2739 687 2782; x_wconf 91' lang='lat' dir='ltr'><strong>tur</strong></span> <span class='ocrx_word' id='word_1_242' title='bbox 714 2727 1033 2793; x_wconf 73' lang='lat' dir='ltr'><strong>interpretes</strong></span> <span class='ocrx_word' id='word_1_243' title='bbox 1065 2740 1079 2777; x_wconf 87' lang='lat'><strong>:</strong></span> <span class='ocrx_word' id='word_1_244' title='bbox 1107 2733 1283 2776; x_wconf 88' lang='lat' dir='ltr'><strong>tamen</strong></span> <span class='ocrx_word' id='word_1_245' title='bbox 1316 2720 1370 2773; x_wconf 90' lang='lat' dir='ltr'><strong>in</strong></span> <span class='ocrx_word' id='word_1_246' title='bbox 1396 2727 1643 2790; x_wconf 87' lang='lat' dir='ltr'><strong>promptu</strong></span> <span class='ocrx_word' id='word_1_247' title='bbox 1674 2729 1820 2784; x_wconf 89' lang='lat' dir='ltr'><strong>sunt,</strong></span> <span class='ocrx_word' id='word_1_248' title='bbox 1842 2733 1958 2787; x_wconf 68' lang='lat' dir='ltr'><strong>qum</strong></span> <span class='ocrx_word' id='word_1_249' title='bbox 1977 2720 2043 2774; x_wconf 90' lang='lat' dir='ltr'><strong>ab</strong></span> <span class='ocrx_word' id='word_1_250' title='bbox 2078 2721 2157 2790; x_wconf 91' lang='lat' dir='ltr'><strong>ip-</strong></span> 
     </span>
    </p>
   </div>
   <div class='ocr_carea' id='block_1_37' title="bbox 600 2812 2156 2884">
    <p class='ocr_par' dir='ltr' id='par_1_37' title="bbox 600 2812 2156 2884">
     <span class='ocr_line' id='line_1_37' title="bbox 600 2812 2156 2884; baseline -0.006 -10"><span class='ocrx_word' id='word_1_251' title='bbox 600 2823 714 2876; x_wconf 82' lang='lat' dir='ltr'><strong>sius</strong></span> <span class='ocrx_word' id='word_1_252' title='bbox 750 2818 1017 2883; x_wconf 82' lang='lat' dir='ltr'><strong>doctrina,</strong></span> <span class='ocrx_word' id='word_1_253' title='bbox 1050 2815 1228 2870; x_wconf 92' lang='lat' dir='ltr'><strong>studio</strong></span> <span class='ocrx_word' id='word_1_254' title='bbox 1257 2824 1311 2868; x_wconf 89' lang='lat' dir='ltr'><strong>ct</strong></span> <span class='ocrx_word' id='word_1_255' title='bbox 1350 2813 1567 2884; x_wconf 75' lang='lat' dir='ltr'><strong>ingenio</strong></span> <span class='ocrx_word' id='word_1_256' title='bbox 1609 2821 1974 2867; x_wconf 87' lang='lat' dir='ltr'><strong>accesserunt.</strong></span> <span class='ocrx_word' id='word_1_257' title='bbox 2025 2812 2156 2878; x_wconf 56' lang='lat' dir='ltr'><strong>Qui-</strong></span> 
     </span>
    </p>
   </div>
   <div class='ocr_carea' id='block_1_38' title="bbox 597 2894 2157 2980">
    <p class='ocr_par' dir='ltr' id='par_1_38' title="bbox 597 2894 2157 2980">
     <span class='ocr_line' id='line_1_38' title="bbox 597 2894 2157 2980; baseline -0.006 -14"><span class='ocrx_word' id='word_1_258' title='bbox 597 2913 703 2967; x_wconf 86' lang='lat' dir='ltr'><strong>bus</strong></span> <span class='ocrx_word' id='word_1_259' title='bbox 736 2912 863 2980; x_wconf 79' lang='lat' dir='ltr'><strong>ergo</strong></span> <span class='ocrx_word' id='word_1_260' title='bbox 891 2894 1066 2962; x_wconf 72' lang='lat' dir='ltr'><strong>adhuc</strong></span> <span class='ocrx_word' id='word_1_261' title='bbox 1095 2907 1307 2978; x_wconf 82' lang='lat' dir='ltr'><strong>ignotus</strong></span> <span class='ocrx_word' id='word_1_262' title='bbox 1340 2914 1423 2959; x_wconf 89' lang='lat' dir='ltr'><strong>est</strong></span> <span class='ocrx_word' id='word_1_263' title='bbox 1449 2904 1789 2975; x_wconf 79' lang='lat' dir='ltr'><strong>Euthymius,</strong></span> <span class='ocrx_word' id='word_1_264' title='bbox 1824 2906 1924 2969; x_wconf 88' lang='lat' dir='ltr'><strong>eis,</strong></span> <span class='ocrx_word' id='word_1_265' title='bbox 1965 2913 2023 2957; x_wconf 86' lang='lat' dir='ltr'><strong>u’t</strong></span> <span class='ocrx_word' id='word_1_266' title='bbox 2075 2905 2157 2957; x_wconf 80' lang='lat' dir='ltr'><strong>in-</strong></span> 
     </span>
    </p>
   </div>
   <div class='ocr_carea' id='block_1_39' title="bbox 600 2989 2155 3066">
    <p class='ocr_par' dir='ltr' id='par_1_39' title="bbox 600 2989 2155 3066">
     <span class='ocr_line' id='line_1_39' title="bbox 600 2989 2155 3066; baseline -0.004 -10"><span class='ocrx_word' id='word_1_267' title='bbox 600 3010 867 3063; x_wconf 86' lang='lat' dir='ltr'><strong>notescat,</strong></span> <span class='ocrx_word' id='word_1_268' title='bbox 907 2997 1190 3061; x_wconf 89' lang='lat' dir='ltr'><strong>suaserim,</strong></span> <span class='ocrx_word' id='word_1_269' title='bbox 1245 3005 1302 3049; x_wconf 91' lang='lat' dir='ltr'><strong>ut</strong></span> <span class='ocrx_word' id='word_1_270' title='bbox 1338 2994 1523 3050; x_wconf 89' lang='lat' dir='ltr'><strong>saltem</strong></span> <span class='ocrx_word' id='word_1_271' title='bbox 1559 2994 1742 3048; x_wconf 90' lang='lat' dir='ltr'><strong>ultima</strong></span> <span class='ocrx_word' id='word_1_272' title='bbox 1764 2989 1876 3048; x_wconf 70' lang='lat' dir='ltr'><strong>&#39;tria</strong></span> <span class='ocrx_word' id='word_1_273' title='bbox 1912 2996 2155 3066; x_wconf 76' lang='lat' dir='ltr'><strong>Evange-</strong></span> 
     </span>
    </p>
   </div>
   <div class='ocr_carea' id='block_1_40' title="bbox 598 3080 2156 3153">
    <p class='ocr_par' dir='ltr' id='par_1_40' title="bbox 598 3080 2156 3153">
     <span class='ocr_line' id='line_1_40' title="bbox 598 3080 2156 3153; baseline -0.004 -12"><span class='ocrx_word' id='word_1_274' title='bbox 598 3089 656 3144; x_wconf 81' lang='lat' dir='ltr'><strong>lii</strong></span> <span class='ocrx_word' id='word_1_275' title='bbox 686 3085 921 3140; x_wconf 60' lang='lat' dir='ltr'><strong>Matthxi</strong></span> <span class='ocrx_word' id='word_1_276' title='bbox 954 3084 1128 3153; x_wconf 87' lang='lat' dir='ltr'><strong>capita</strong></span> <span class='ocrx_word' id='word_1_277' title='bbox 1158 3083 1504 3153; x_wconf 85' lang='lat' dir='ltr'><strong>perlustrent.</strong></span> <span class='ocrx_word' id='word_1_278' title='bbox 1542 3080 1692 3136; x_wconf 89' lang='lat' dir='ltr'><strong>lianc</strong></span> <span class='ocrx_word' id='word_1_279' title='bbox 1730 3082 1872 3135; x_wconf 91' lang='lat' dir='ltr'><strong>enim</strong></span> <span class='ocrx_word' id='word_1_280' title='bbox 1925 3096 2156 3153; x_wconf 76' lang='lat' dir='ltr'><strong>evange-</strong></span> 
     </span>
    </p>
   </div>
   <div class='ocr_carea' id='block_1_41' title="bbox 603 3174 2157 3245">
    <p class='ocr_par' dir='ltr' id='par_1_41' title="bbox 603 3174 2157 3245">
     <span class='ocr_line' id='line_1_41' title="bbox 603 3174 2157 3245; baseline -0.002 -12"><span class='ocrx_word' id='word_1_281' title='bbox 603 3183 718 3234; x_wconf 64' lang='lat' dir='ltr'><strong>licat</strong></span> <span class='ocrx_word' id='word_1_282' title='bbox 778 3177 1108 3232; x_wconf 86' lang='lat' dir='ltr'><strong>narrationis</strong></span> <span class='ocrx_word' id='word_1_283' title='bbox 1155 3186 1360 3245; x_wconf 83' lang='lat' dir='ltr'><strong>partem</strong></span> <span class='ocrx_word' id='word_1_284' title='bbox 1407 3183 1462 3228; x_wconf 90' lang='lat' dir='ltr'><strong>et</strong></span> <span class='ocrx_word' id='word_1_285' title='bbox 1504 3189 1534 3227; x_wconf 90' lang='lat' dir='ltr'><strong>a</strong></span> <span class='ocrx_word' id='word_1_286' title='bbox 1581 3174 1984 3244; x_wconf 76' lang='lat' dir='ltr'><strong>Chrysostomo,</strong></span> <span class='ocrx_word' id='word_1_287' title='bbox 2027 3186 2083 3228; x_wconf 87' lang='lat' dir='ltr'><strong>ct</strong></span> <span class='ocrx_word' id='word_1_288' title='bbox 2127 3191 2157 3230; x_wconf 89' lang='lat' dir='ltr'><strong>a</strong></span> 
     </span>
    </p>
   </div>
   <div class='ocr_carea' id='block_1_42' title="bbox 603 3263 2156 3340">
    <p class='ocr_par' dir='ltr' id='par_1_42' title="bbox 603 3263 2156 3340">
     <span class='ocr_line' id='line_1_42' title="bbox 603 3263 2156 3340; baseline -0.003 -17"><span class='ocrx_word' id='word_1_289' title='bbox 603 3269 818 3340; x_wconf 66' lang='lat' dir='ltr'><strong>Cyr-illo,</strong></span> <span class='ocrx_word' id='word_1_290' title='bbox 868 3267 1024 3321; x_wconf 91' lang='lat' dir='ltr'><strong>etab</strong></span> <span class='ocrx_word' id='word_1_291' title='bbox 1060 3265 1176 3318; x_wconf 90' lang='lat' dir='ltr'><strong>aliis</strong></span> <span class='ocrx_word' id='word_1_292' title='bbox 1231 3263 1504 3318; x_wconf 82' lang='lat' dir='ltr'><strong>veteribus</strong></span> <span class='ocrx_word' id='word_1_293' title='bbox 1559 3263 1916 3334; x_wconf 68' lang='lat' dir='ltr'><strong>negligentius</strong></span> <span class='ocrx_word' id='word_1_294' title='bbox 1962 3273 2156 3318; x_wconf 86' lang='lat' dir='ltr'><strong>tracta-</strong></span> 
     </span>
    </p>
   </div>
   <div class='ocr_carea' id='block_1_43' title="bbox 603 3355 2155 3428">
    <p class='ocr_par' dir='ltr' id='par_1_43' title="bbox 603 3355 2155 3428">
     <span class='ocr_line' id='line_1_43' title="bbox 603 3355 2155 3428; baseline -0.003 -13"><span class='ocrx_word' id='word_1_295' title='bbox 603 3373 709 3415; x_wconf 85' lang='lat' dir='ltr'><strong>tam</strong></span> <span class='ocrx_word' id='word_1_296' title='bbox 738 3357 1084 3428; x_wconf 84' lang='lat' dir='ltr'><strong>deprehendi.</strong></span> <span class='ocrx_word' id='word_1_297' title='bbox 1120 3358 1196 3410; x_wconf 80' lang='lat' dir='ltr'><strong>Ex</strong></span> <span class='ocrx_word' id='word_1_298' title='bbox 1228 3355 1472 3426; x_wconf 78' lang='lat' dir='ltr'><strong>Origenis</strong></span> <span class='ocrx_word' id='word_1_299' title='bbox 1499 3364 1700 3420; x_wconf 90' lang='lat' dir='ltr'><strong>autem,</strong></span> <span class='ocrx_word' id='word_1_300' title='bbox 1733 3355 1940 3419; x_wconf 87' lang='lat' dir='ltr'><strong>nescio,</strong></span> <span class='ocrx_word' id='word_1_301' title='bbox 1975 3365 2155 3410; x_wconf 90' lang='lat' dir='ltr'><strong>utrum</strong></span> 
     </span>
    </p>
   </div>
   <div class='ocr_carea' id='block_1_44' title="bbox 601 3445 2158 3511">
    <p class='ocr_par' dir='ltr' id='par_1_44' title="bbox 601 3445 2158 3511">
     <span class='ocr_line' id='line_1_44' title="bbox 601 3445 2158 3511; baseline -0.004 -3"><span class='ocrx_word' id='word_1_302' title='bbox 601 3455 774 3508; x_wconf 87' lang='lat' dir='ltr'><strong>dicam</strong></span> <span class='ocrx_word' id='word_1_303' title='bbox 833 3445 1273 3509; x_wconf 77' lang='lat' dir='ltr'><strong>Commentariis,</strong></span> <span class='ocrx_word' id='word_1_304' title='bbox 1327 3463 1394 3501; x_wconf 91' lang='lat' dir='ltr'><strong>an</strong></span> <span class='ocrx_word' id='word_1_305' title='bbox 1449 3447 1899 3511; x_wconf 71' lang='lat' dir='ltr'><strong>cavillationibus,</strong></span> <span class='ocrx_word' id='word_1_306' title='bbox 1947 3448 2158 3502; x_wconf 80' lang='lat' dir='ltr'><strong>etiamsi</strong></span> 
     </span>
    </p>
   </div>
   <div class='ocr_carea' id='block_1_45' title="bbox 598 3537 2155 3613">
    <p class='ocr_par' dir='ltr' id='par_1_45' title="bbox 598 3537 2155 3613">
     <span class='ocr_line' id='line_1_45' title="bbox 598 3537 2155 3613; baseline -0.004 -17"><span class='ocrx_word' id='word_1_307' title='bbox 598 3543 780 3598; x_wconf 87' lang='lat' dir='ltr'><strong>omnia</strong></span> <span class='ocrx_word' id='word_1_308' title='bbox 811 3543 929 3613; x_wconf 85' lang='lat' dir='ltr'><strong>ejus</strong></span> <span class='ocrx_word' id='word_1_309' title='bbox 953 3541 1151 3609; x_wconf 81' lang='lat' dir='ltr'><strong>scripta</strong></span> <span class='ocrx_word' id='word_1_310' title='bbox 1184 3538 1250 3592; x_wconf 82' lang='lat' dir='ltr'><strong>ad</strong></span> <span class='ocrx_word' id='word_1_311' title='bbox 1295 3553 1485 3593; x_wconf 88' lang='lat' dir='ltr'><strong>manus</strong></span> <span class='ocrx_word' id='word_1_312' title='bbox 1535 3537 1804 3602; x_wconf 84' lang='lat' dir='ltr'><strong>habuerit,</strong></span> <span class='ocrx_word' id='word_1_313' title='bbox 1861 3539 1996 3592; x_wconf 89' lang='lat' dir='ltr'><strong>nihil</strong></span> <span class='ocrx_word' id='word_1_314' title='bbox 2030 3555 2155 3609; x_wconf 82' lang='lat' dir='ltr'><strong>pre-</strong></span> 
     </span>
    </p>
   </div>
   <div class='ocr_carea' id='block_1_46' title="bbox 601 3625 2156 3700">
    <p class='ocr_par' dir='ltr' id='par_1_46' title="bbox 601 3625 2156 3700">
     <span class='ocr_line' id='line_1_46' title="bbox 601 3625 2156 3700; baseline -0.002 -14"><span class='ocrx_word' id='word_1_315' title='bbox 601 3634 766 3686; x_wconf 84' lang='lat' dir='ltr'><strong>licere</strong></span> <span class='ocrx_word' id='word_1_316' title='bbox 795 3625 990 3700; x_wconf 83' lang='lat' dir='ltr'><strong>potuit.</strong></span> <span class='ocrx_word' id='word_1_317' title='bbox 1015 3628 1269 3692; x_wconf 77' lang='lat' dir='ltr'><strong>Textum,</strong></span> <span class='ocrx_word' id='word_1_318' title='bbox 1296 3642 1456 3696; x_wconf 85' lang='lat' dir='ltr'><strong>quem</strong></span> <span class='ocrx_word' id='word_1_319' title='bbox 1489 3636 1702 3686; x_wconf 88' lang='lat' dir='ltr'><strong>vocant,</strong></span> <span class='ocrx_word' id='word_1_320' title='bbox 1744 3627 2156 3698; x_wconf 76' lang='lat' dir='ltr'><strong>EvangeliOrun</strong></span> 
     </span>
    </p>
   </div>
   <div class='ocr_carea' id='block_1_47' title="bbox 603 3713 2158 3786">
    <p class='ocr_par' dir='ltr' id='par_1_47' title="bbox 603 3713 2158 3786">
     <span class='ocr_line' id='line_1_47' title="bbox 603 3713 2158 3786; baseline -0.001 -15"><span class='ocrx_word' id='word_1_321' title='bbox 603 3719 776 3771; x_wconf 84' lang='lat' dir='ltr'><strong>nmlto</strong></span> <span class='ocrx_word' id='word_1_322' title='bbox 834 3716 1052 3786; x_wconf 80' lang='lat' dir='ltr'><strong>quidem</strong></span> <span class='ocrx_word' id='word_1_323' title='bbox 1120 3715 1436 3780; x_wconf 89' lang='lat' dir='ltr'><strong>modestius,</strong></span> <span class='ocrx_word' id='word_1_324' title='bbox 1507 3713 1812 3768; x_wconf 87' lang='lat' dir='ltr'><strong>accuratius</strong></span> <span class='ocrx_word' id='word_1_325' title='bbox 1853 3727 1905 3769; x_wconf 91' lang='lat' dir='ltr'><strong>et</strong></span> <span class='ocrx_word' id='word_1_326' title='bbox 1948 3715 2158 3771; x_wconf 85' lang='lat' dir='ltr'><strong>lidelius</strong></span> 
     </span>
    </p>
   </div>
   <div class='ocr_carea' id='block_1_48' title="bbox 602 3803 2156 3879">
    <p class='ocr_par' dir='ltr' id='par_1_48' title="bbox 602 3803 2156 3879">
     <span class='ocr_line' id='line_1_48' title="bbox 602 3803 2156 3879; baseline 0 -16"><span class='ocrx_word' id='word_1_327' title='bbox 602 3811 868 3875; x_wconf 87' lang='lat' dir='ltr'><strong>tractavit,</strong></span> <span class='ocrx_word' id='word_1_328' title='bbox 909 3824 1069 3879; x_wconf 89' lang='lat' dir='ltr'><strong>quam</strong></span> <span class='ocrx_word' id='word_1_329' title='bbox 1129 3803 1466 3863; x_wconf 87' lang='lat' dir='ltr'><strong>consuetudo</strong></span> <span class='ocrx_word' id='word_1_330' title='bbox 1505 3806 1606 3861; x_wconf 82' lang='lat' dir='ltr'><strong>fuit</strong></span> <span class='ocrx_word' id='word_1_331' title='bbox 1642 3807 1856 3861; x_wconf 85' lang='lat' dir='ltr'><strong>illorum</strong></span> <span class='ocrx_word' id='word_1_332' title='bbox 1886 3820 1938 3862; x_wconf 90' lang='lat' dir='ltr'><strong>et</strong></span> <span class='ocrx_word' id='word_1_333' title='bbox 1991 3825 2156 3878; x_wconf 87' lang='lat' dir='ltr'><strong>supe-</strong></span> 
     </span>
    </p>
   </div>
   <div class='ocr_carea' id='block_1_49' title="bbox 601 3897 2231 3987">
    <p class='ocr_par' dir='ltr' id='par_1_49' title="bbox 601 3897 2231 3987">
     <span class='ocr_line' id='line_1_49' title="bbox 601 3897 2231 3987; baseline 0.001 -32"><span class='ocrx_word' id='word_1_334' title='bbox 601 3903 806 3956; x_wconf 89' lang='lat' dir='ltr'><strong>riorum</strong></span> <span class='ocrx_word' id='word_1_335' title='bbox 862 3910 1167 3969; x_wconf 83' lang='lat' dir='ltr'><strong>temporum</strong></span> <span class='ocrx_word' id='word_1_336' title='bbox 1233 3903 1608 3967; x_wconf 85' lang='lat' dir='ltr'><strong>interpretum.</strong></span> <span class='ocrx_word' id='word_1_337' title='bbox 1670 3897 1931 3966; x_wconf 75' lang='lat' dir='ltr'><strong>Origenes</strong></span> <span class='ocrx_word' id='word_1_338' title='bbox 1988 3902 2152 3967; x_wconf 90' lang='lat' dir='ltr'><strong>enim,</strong></span> <span class='ocrx_word' id='word_1_339' title='bbox 2185 3924 2231 3987; x_wconf 67' lang='grc' dir='ltr'>ο</span> 
     </span>
    </p>
   </div>
   <div class='ocr_carea' id='block_1_50' title="bbox 603 3988 2157 4063">
    <p class='ocr_par' dir='ltr' id='par_1_50' title="bbox 603 3988 2157 4063">
     <span class='ocr_line' id='line_1_50' title="bbox 603 3988 2157 4063; baseline -0.001 -17"><span class='ocrx_word' id='word_1_340' title='bbox 603 3993 829 4061; x_wconf 82' lang='lat' dir='ltr'><strong>ejusque</strong></span> <span class='ocrx_word' id='word_1_341' title='bbox 854 3991 1055 4043; x_wconf 89' lang='lat' dir='ltr'><strong>nimius</strong></span> <span class='ocrx_word' id='word_1_342' title='bbox 1090 3988 1383 4042; x_wconf 88' lang='lat' dir='ltr'><strong>admirator</strong></span> <span class='ocrx_word' id='word_1_343' title='bbox 1411 4004 1472 4042; x_wconf 91' lang='lat' dir='ltr'><strong>ac</strong></span> <span class='ocrx_word' id='word_1_344' title='bbox 1495 3988 1748 4055; x_wconf 88' lang='lat' dir='ltr'><strong>imitator,</strong></span> <span class='ocrx_word' id='word_1_345' title='bbox 1777 3989 2157 4063; x_wconf 83' lang='lat' dir='ltr'><strong>Hieronymus,</strong></span> 
     </span>
    </p>
   </div>
   <div class='ocr_carea' id='block_1_51' title="bbox 601 4080 2158 4153">
    <p class='ocr_par' dir='ltr' id='par_1_51' title="bbox 601 4080 2158 4153">
     <span class='ocr_line' id='line_1_51' title="bbox 601 4080 2158 4153; baseline -0.001 -15"><span class='ocrx_word' id='word_1_346' title='bbox 601 4086 656 4138; x_wconf 87' lang='lat' dir='ltr'><strong>in</strong></span> <span class='ocrx_word' id='word_1_347' title='bbox 687 4084 871 4137; x_wconf 83' lang='lat' dir='ltr'><strong>multis</strong></span> <span class='ocrx_word' id='word_1_348' title='bbox 893 4083 1111 4146; x_wconf 88' lang='lat' dir='ltr'><strong>leviter,</strong></span> <span class='ocrx_word' id='word_1_349' title='bbox 1154 4081 1208 4133; x_wconf 90' lang='lat' dir='ltr'><strong>in</strong></span> <span class='ocrx_word' id='word_1_350' title='bbox 1248 4080 1366 4134; x_wconf 82' lang='lat' dir='ltr'><strong>aliis</strong></span> <span class='ocrx_word' id='word_1_351' title='bbox 1401 4080 1688 4149; x_wconf 83' lang='lat' dir='ltr'><strong>perﬁdiose</strong></span> <span class='ocrx_word' id='word_1_352' title='bbox 1718 4083 1876 4136; x_wconf 88' lang='lat' dir='ltr'><strong>etiam</strong></span> <span class='ocrx_word' id='word_1_353' title='bbox 1909 4092 2158 4153; x_wconf 76' lang='lat' dir='ltr'><strong>egerunt.</strong></span> 
     </span>
    </p>
   </div>
   <div class='ocr_carea' id='block_1_52' title="bbox 604 4171 2153 4245">
    <p class='ocr_par' dir='ltr' id='par_1_52' title="bbox 604 4171 2153 4245">
     <span class='ocr_line' id='line_1_52' title="bbox 604 4171 2153 4245; baseline 0 -17"><span class='ocrx_word' id='word_1_354' title='bbox 604 4176 1019 4245; x_wconf 71' lang='lat' dir='ltr'><strong>Chrysostomus</strong></span> <span class='ocrx_word' id='word_1_355' title='bbox 1056 4181 1255 4234; x_wconf 85' lang='lat' dir='ltr'><strong>autem,</strong></span> <span class='ocrx_word' id='word_1_356' title='bbox 1280 4171 1601 4226; x_wconf 85' lang='lat' dir='ltr'><strong>abundantis</strong></span> <span class='ocrx_word' id='word_1_357' title='bbox 1628 4171 1895 4227; x_wconf 64' lang='lat' dir='ltr'><strong>facundiae</strong></span> <span class='ocrx_word' id='word_1_358' title='bbox 1931 4173 2153 4229; x_wconf 80' lang='lat' dir='ltr'><strong>[lumine</strong></span> 
     </span>
    </p>
   </div>
   <div class='ocr_carea' id='block_1_53' title="bbox 603 4247 2160 4338">
    <p class='ocr_par' dir='ltr' id='par_1_53' title="bbox 603 4247 2160 4338">
     <span class='ocr_line' id='line_1_53' title="bbox 603 4247 2160 4338; baseline -0.002 -14"><span class='ocrx_word' id='word_1_359' title='bbox 603 4270 877 4338; x_wconf 85' lang='lat' dir='ltr'><strong>abreptus,</strong></span> <span class='ocrx_word' id='word_1_360' title='bbox 919 4247 1120 4320; x_wconf 69' lang='lat' dir='ltr'><strong>inuitos</strong></span> <span class='ocrx_word' id='word_1_361' title='bbox 1147 4265 1472 4334; x_wconf 87' lang='lat' dir='ltr'><strong>scriptorum</strong></span> <span class='ocrx_word' id='word_1_362' title='bbox 1522 4279 1801 4320; x_wconf 79' lang='lat' dir='ltr'><strong>sacrorum</strong></span> <span class='ocrx_word' id='word_1_363' title='bbox 1856 4266 2000 4321; x_wconf 87' lang='lat' dir='ltr'><strong>locos</strong></span> <span class='ocrx_word' id='word_1_364' title='bbox 2044 4276 2160 4321; x_wconf 88' lang='lat' dir='ltr'><strong>tur-</strong></span> 
     </span>
    </p>
   </div>
   <div class='ocr_carea' id='block_1_54' title="bbox 601 4354 2158 4431">
    <p class='ocr_par' dir='ltr' id='par_1_54' title="bbox 601 4354 2158 4431">
     <span class='ocr_line' id='line_1_54' title="bbox 601 4354 2158 4431; baseline -0.001 -18"><span class='ocrx_word' id='word_1_365' title='bbox 601 4360 769 4424; x_wconf 84' lang='lat' dir='ltr'><strong>bavit,</strong></span> <span class='ocrx_word' id='word_1_366' title='bbox 806 4357 1019 4427; x_wconf 89' lang='lat' dir='ltr'><strong>disjecit</strong></span> <span class='ocrx_word' id='word_1_367' title='bbox 1070 4367 1127 4410; x_wconf 91' lang='lat' dir='ltr'><strong>ct</strong></span> <span class='ocrx_word' id='word_1_368' title='bbox 1185 4355 1475 4424; x_wconf 87' lang='lat' dir='ltr'><strong>oppressit.</strong></span> <span class='ocrx_word' id='word_1_369' title='bbox 1525 4354 1603 4409; x_wconf 81' lang='lat' dir='ltr'><strong>Ae</strong></span> <span class='ocrx_word' id='word_1_370' title='bbox 1659 4355 1922 4431; x_wconf 81' lang='lat' dir='ltr'><strong>profecto.</strong></span> <span class='ocrx_word' id='word_1_371' title='bbox 1959 4357 2002 4412; x_wconf 90' lang='lat' dir='ltr'><strong>si</strong></span> <span class='ocrx_word' id='word_1_372' title='bbox 2039 4357 2158 4413; x_wconf 89' lang='lat' dir='ltr'><strong>libri</strong></span> 
     </span>
    </p>
   </div>
   <div class='ocr_carea' id='block_1_55' title="bbox 605 4446 2162 4520">
    <p class='ocr_par' dir='ltr' id='par_1_55' title="bbox 605 4446 2162 4520">
     <span class='ocr_line' id='line_1_55' title="bbox 605 4446 2162 4520; baseline -0.001 -15"><span class='ocrx_word' id='word_1_373' title='bbox 605 4449 1050 4518; x_wconf 75' lang='lat' dir='ltr'><strong>evangelistarum</strong></span> <span class='ocrx_word' id='word_1_374' title='bbox 1106 4455 1158 4499; x_wconf 92' lang='lat' dir='ltr'><strong>et</strong></span> <span class='ocrx_word' id='word_1_375' title='bbox 1181 4446 1540 4514; x_wconf 88' lang='lat' dir='ltr'><strong>apostolorum</strong></span> <span class='ocrx_word' id='word_1_376' title='bbox 1571 4462 1667 4510; x_wconf 79' lang='lat' dir='ltr'><strong>per</strong></span> <span class='ocrx_word' id='word_1_377' title='bbox 1713 4449 1855 4502; x_wconf 84' lang='lat' dir='ltr'><strong>solos</strong></span> <span class='ocrx_word' id='word_1_378' title='bbox 1896 4451 2162 4520; x_wconf 90' lang='lat' dir='ltr'><strong>interpre-</strong></span> 
     </span>
    </p>
   </div>
   <div class='ocr_carea' id='block_1_56' title="bbox 607 4537 2160 4611">
    <p class='ocr_par' dir='ltr' id='par_1_56' title="bbox 607 4537 2160 4611">
     <span class='ocr_line' id='line_1_56' title="bbox 607 4537 2160 4611; baseline -0.001 -16"><span class='ocrx_word' id='word_1_379' title='bbox 607 4553 708 4605; x_wconf 87' lang='lat' dir='ltr'><strong>tes,</strong></span> <span class='ocrx_word' id='word_1_380' title='bbox 736 4538 1089 4610; x_wconf 78' lang='lat' dir='ltr'><strong>dogmaticos,</strong></span> <span class='ocrx_word' id='word_1_381' title='bbox 1122 4537 1410 4590; x_wconf 90' lang='lat' dir='ltr'><strong>homiletas</strong></span> <span class='ocrx_word' id='word_1_382' title='bbox 1437 4546 1491 4592; x_wconf 86' lang='lat' dir='ltr'><strong>et</strong></span> <span class='ocrx_word' id='word_1_383' title='bbox 1520 4547 1728 4592; x_wconf 87' lang='lat' dir='ltr'><strong>ascetas</strong></span> <span class='ocrx_word' id='word_1_384' title='bbox 1781 4539 1849 4594; x_wconf 86' lang='lat' dir='ltr'><strong>ad</strong></span> <span class='ocrx_word' id='word_1_385' title='bbox 1902 4556 2001 4596; x_wconf 91' lang='lat' dir='ltr'><strong>nos</strong></span> <span class='ocrx_word' id='word_1_386' title='bbox 2039 4557 2160 4611; x_wconf 89' lang='lat' dir='ltr'><strong>per-</strong></span> 
     </span>
    </p>
   </div>
   <div class='ocr_carea' id='block_1_57' title="bbox 604 4631 2161 4703">
    <p class='ocr_par' dir='ltr' id='par_1_57' title="bbox 604 4631 2161 4703">
     <span class='ocr_line' id='line_1_57' title="bbox 604 4631 2161 4703; baseline -0.001 -15"><span class='ocrx_word' id='word_1_387' title='bbox 604 4634 902 4696; x_wconf 79' lang='lat' dir='ltr'><strong>venissent,</strong></span> <span class='ocrx_word' id='word_1_388' title='bbox 935 4631 1134 4685; x_wconf 89' lang='lat' dir='ltr'><strong>dudum</strong></span> <span class='ocrx_word' id='word_1_389' title='bbox 1164 4631 1214 4682; x_wconf 92' lang='lat' dir='ltr'><strong>in</strong></span> <span class='ocrx_word' id='word_1_390' title='bbox 1249 4631 1412 4685; x_wconf 90' lang='lat' dir='ltr'><strong>dubio</strong></span> <span class='ocrx_word' id='word_1_391' title='bbox 1467 4647 1828 4698; x_wconf 85' lang='lat' dir='ltr'><strong>versaremur,</strong></span> <span class='ocrx_word' id='word_1_392' title='bbox 1860 4635 1988 4703; x_wconf 90' lang='lat' dir='ltr'><strong>quid</strong></span> <span class='ocrx_word' id='word_1_393' title='bbox 2044 4643 2161 4688; x_wconf 90' lang='lat' dir='ltr'><strong>tan-</strong></span> 
     </span>
    </p>
   </div>
   <div class='ocr_carea' id='block_1_58' title="bbox 606 4721 2160 4794">
    <p class='ocr_par' dir='ltr' id='par_1_58' title="bbox 606 4721 2160 4794">
     <span class='ocr_line' id='line_1_58' title="bbox 606 4721 2160 4794; baseline 0.001 -15"><span class='ocrx_word' id='word_1_394' title='bbox 606 4726 732 4779; x_wconf 91' lang='lat' dir='ltr'><strong>dem</strong></span> <span class='ocrx_word' id='word_1_395' title='bbox 778 4723 854 4776; x_wconf 90' lang='lat' dir='ltr'><strong>illi</strong></span> <span class='ocrx_word' id='word_1_396' title='bbox 906 4722 1243 4790; x_wconf 79' lang='lat' dir='ltr'><strong>scripserint.</strong></span> <span class='ocrx_word' id='word_1_397' title='bbox 1293 4721 1446 4774; x_wconf 85' lang='lat' dir='ltr'><strong>Nunc</strong></span> <span class='ocrx_word' id='word_1_398' title='bbox 1507 4733 1688 4776; x_wconf 89' lang='lat' dir='ltr'><strong>autem</strong></span> <span class='ocrx_word' id='word_1_399' title='bbox 1737 4723 1922 4794; x_wconf 89' lang='lat' dir='ltr'><strong>plures</strong></span> <span class='ocrx_word' id='word_1_400' title='bbox 1971 4727 2160 4780; x_wconf 78' lang='lat' dir='ltr'><strong>scriba:</strong></span> 
     </span>
    </p>
   </div>
   <div class='ocr_carea' id='block_1_59' title="bbox 606 4812 2157 4883">
    <p class='ocr_par' dir='ltr' id='par_1_59' title="bbox 606 4812 2157 4883">
     <span class='ocr_line' id='line_1_59' title="bbox 606 4812 2157 4883; baseline -0.001 -13"><span class='ocrx_word' id='word_1_401' title='bbox 606 4815 848 4870; x_wconf 84' lang='lat' dir='ltr'><strong>codicum</strong></span> <span class='ocrx_word' id='word_1_402' title='bbox 889 4813 1053 4877; x_wconf 88' lang='lat' dir='ltr'><strong>docti,</strong></span> <span class='ocrx_word' id='word_1_403' title='bbox 1093 4813 1283 4865; x_wconf 90' lang='lat' dir='ltr'><strong>attenti</strong></span> <span class='ocrx_word' id='word_1_404' title='bbox 1323 4821 1372 4863; x_wconf 78' lang='lat' dir='ltr'><strong>et</strong></span> <span class='ocrx_word' id='word_1_405' title='bbox 1416 4812 1617 4870; x_wconf 87' lang='lat' dir='ltr'><strong>tidclcs.</strong></span> <span class='ocrx_word' id='word_1_406' title='bbox 1665 4828 1854 4883; x_wconf 89' lang='lat' dir='ltr'><strong>parum</strong></span> <span class='ocrx_word' id='word_1_407' title='bbox 1905 4827 2157 4870; x_wconf 83' lang='lat' dir='ltr'><strong>curantes</strong></span> 
     </span>
    </p>
   </div>
   <div class='ocr_carea' id='block_1_60' title="bbox 608 4904 2156 4977">
    <p class='ocr_par' dir='ltr' id='par_1_60' title="bbox 608 4904 2156 4977">
     <span class='ocr_line' id='line_1_60' title="bbox 608 4904 2156 4977; baseline -0.001 -16"><span class='ocrx_word' id='word_1_408' title='bbox 608 4908 685 4977; x_wconf 70' lang='grc' dir='ltr'><strong>(α)</strong></span> <span class='ocrx_word' id='word_1_409' title='bbox 713 4904 1134 4976; x_wconf 77' lang='lat' dir='ltr'><strong>dogmaticorum</strong></span> <span class='ocrx_word' id='word_1_410' title='bbox 1166 4913 1222 4957; x_wconf 90' lang='lat' dir='ltr'><strong>et</strong></span> <span class='ocrx_word' id='word_1_411' title='bbox 1269 4907 1623 4972; x_wconf 88' lang='lat' dir='ltr'><strong>interpretum</strong></span> <span class='ocrx_word' id='word_1_412' title='bbox 1653 4906 1736 4960; x_wconf 87' lang='lat' dir='ltr'><strong>vel</strong></span> <span class='ocrx_word' id='word_1_413' title='bbox 1761 4921 1856 4974; x_wconf 87' lang='lat' dir='ltr'><strong>per</strong></span> <span class='ocrx_word' id='word_1_414' title='bbox 1886 4906 2156 4962; x_wconf 81' lang='lat' dir='ltr'><strong>levitatem</strong></span> 
     </span>
    </p>
   </div>
   <div class='ocr_carea' id='block_1_61' title="bbox 608 4997 2155 5069">
    <p class='ocr_par' dir='ltr' id='par_1_61' title="bbox 608 4997 2155 5069">
     <span class='ocr_line' id='line_1_61' title="bbox 608 4997 2155 5069; baseline 0.002 -16"><span class='ocrx_word' id='word_1_415' title='bbox 608 5011 661 5053; x_wconf 91' lang='lat' dir='ltr'><strong>et</strong></span> <span class='ocrx_word' id='word_1_416' title='bbox 717 4999 1120 5068; x_wconf 79' lang='lat' dir='ltr'><strong>negligentiam,</strong></span> <span class='ocrx_word' id='word_1_417' title='bbox 1179 4997 1264 5051; x_wconf 84' lang='lat' dir='ltr'><strong>vel</strong></span> <span class='ocrx_word' id='word_1_418' title='bbox 1316 5013 1411 5068; x_wconf 83' lang='lat' dir='ltr'><strong>per</strong></span> <span class='ocrx_word' id='word_1_419' title='bbox 1473 4997 1717 5052; x_wconf 81' lang='lat' dir='ltr'><strong>fraudem</strong></span> <span class='ocrx_word' id='word_1_420' title='bbox 1771 5011 1823 5054; x_wconf 92' lang='lat' dir='ltr'><strong>et</strong></span> <span class='ocrx_word' id='word_1_421' title='bbox 1876 5001 2155 5069; x_wconf 76' lang='lat' dir='ltr'><strong>malitiam,</strong></span> 
     </span>
    </p>
   </div>
   <div class='ocr_carea' id='block_1_62' title="bbox 607 5091 2160 5150">
    <p class='ocr_par' dir='ltr' id='par_1_62' title="bbox 607 5091 2160 5150">
     <span class='ocr_line' id='line_1_62' title="bbox 607 5091 2160 5150; baseline 0.002 -3"><span class='ocrx_word' id='word_1_422' title='bbox 607 5103 795 5148; x_wconf 86' lang='lat' dir='ltr'><strong>contra</strong></span> <span class='ocrx_word' id='word_1_423' title='bbox 827 5093 1070 5146; x_wconf 89' lang='lat' dir='ltr'><strong>codicum</strong></span> <span class='ocrx_word' id='word_1_424' title='bbox 1122 5091 1279 5146; x_wconf 84' lang='lat' dir='ltr'><strong>ﬁdem</strong></span> <span class='ocrx_word' id='word_1_425' title='bbox 1334 5102 1388 5145; x_wconf 92' lang='lat' dir='ltr'><strong>et</strong></span> <span class='ocrx_word' id='word_1_426' title='bbox 1435 5092 1807 5146; x_wconf 87' lang='lat' dir='ltr'><strong>auctoritatem</strong></span> <span class='ocrx_word' id='word_1_427' title='bbox 1841 5094 2015 5149; x_wconf 83' lang='lat' dir='ltr'><strong>illatas</strong></span> <span class='ocrx_word' id='word_1_428' title='bbox 2051 5097 2160 5150; x_wconf 71' lang='lat' dir='ltr'><strong>lec-</strong></span> 
     </span>
    </p>
   </div>
   <div class='ocr_carea' id='block_1_63' title="bbox 608 5184 2159 5251">
    <p class='ocr_par' dir='ltr' id='par_1_63' title="bbox 608 5184 2159 5251">
     <span class='ocr_line' id='line_1_63' title="bbox 608 5184 2159 5251; baseline 0 -11"><span class='ocrx_word' id='word_1_429' title='bbox 608 5186 781 5240; x_wconf 81' lang='lat' dir='ltr'><strong>tiones</strong></span> <span class='ocrx_word' id='word_1_430' title='bbox 807 5194 861 5238; x_wconf 90' lang='lat' dir='ltr'><strong>et</strong></span> <span class='ocrx_word' id='word_1_431' title='bbox 896 5185 1206 5248; x_wconf 89' lang='lat' dir='ltr'><strong>sententias,</strong></span> <span class='ocrx_word' id='word_1_432' title='bbox 1237 5184 1306 5248; x_wconf 90' lang='lat' dir='ltr'><strong>id,</strong></span> <span class='ocrx_word' id='word_1_433' title='bbox 1364 5184 1502 5251; x_wconf 90' lang='lat' dir='ltr'><strong>quod</strong></span> <span class='ocrx_word' id='word_1_434' title='bbox 1539 5185 1592 5236; x_wconf 90' lang='lat' dir='ltr'><strong>in</strong></span> <span class='ocrx_word' id='word_1_435' title='bbox 1627 5185 1739 5237; x_wconf 91' lang='lat' dir='ltr'><strong>suis</strong></span> <span class='ocrx_word' id='word_1_436' title='bbox 1792 5186 1924 5239; x_wconf 63' lang='lat' dir='ltr'><strong>Novi</strong></span> <span class='ocrx_word' id='word_1_437' title='bbox 1974 5187 2159 5241; x_wconf 85' lang='lat' dir='ltr'><strong>Testa-</strong></span> 
     </span>
    </p>
   </div>
   <div class='ocr_carea' id='block_1_64' title="bbox 608 5275 2150 5343">
    <p class='ocr_par' dir='ltr' id='par_1_64' title="bbox 608 5275 2150 5343">
     <span class='ocr_line' id='line_1_64' title="bbox 608 5275 2150 5343; baseline 0.001 -13"><span class='ocrx_word' id='word_1_438' title='bbox 608 5276 776 5330; x_wconf 86' lang='lat' dir='ltr'><strong>menti</strong></span> <span class='ocrx_word' id='word_1_439' title='bbox 806 5275 1084 5329; x_wconf 88' lang='lat' dir='ltr'><strong>codicibus</strong></span> <span class='ocrx_word' id='word_1_440' title='bbox 1116 5275 1472 5343; x_wconf 84' lang='lat' dir='ltr'><strong>reperiebant,</strong></span> <span class='ocrx_word' id='word_1_441' title='bbox 1518 5276 1572 5329; x_wconf 88' lang='lat' dir='ltr'><strong>in</strong></span> <span class='ocrx_word' id='word_1_442' title='bbox 1605 5291 1785 5340; x_wconf 89' lang='lat' dir='ltr'><strong>suum,</strong></span> <span class='ocrx_word' id='word_1_443' title='bbox 1836 5276 1889 5329; x_wconf 86' lang='lat' dir='ltr'><strong>in</strong></span> <span class='ocrx_word' id='word_1_444' title='bbox 1925 5278 2150 5332; x_wconf 82' lang='lat' dir='ltr'><strong>aliorum</strong></span> 
     </span>
    </p>
   </div>
   <div class='ocr_carea' id='block_1_65' title="bbox 609 5365 2158 5435">
    <p class='ocr_par' dir='ltr' id='par_1_65' title="bbox 609 5365 2158 5435">
     <span class='ocr_line' id='line_1_65' title="bbox 609 5365 2158 5435; baseline 0.003 -15"><span class='ocrx_word' id='word_1_445' title='bbox 609 5367 908 5430; x_wconf 87' lang='lat' dir='ltr'><strong>hominum,</strong></span> <span class='ocrx_word' id='word_1_446' title='bbox 936 5366 989 5418; x_wconf 91' lang='lat' dir='ltr'><strong>in</strong></span> <span class='ocrx_word' id='word_1_447' title='bbox 1029 5365 1281 5419; x_wconf 73' lang='lat' dir='ltr'><strong>Ecclesia:</strong></span> <span class='ocrx_word' id='word_1_448' title='bbox 1309 5381 1462 5419; x_wconf 88' lang='lat' dir='ltr'><strong>usum</strong></span> <span class='ocrx_word' id='word_1_449' title='bbox 1509 5367 1782 5435; x_wconf 81' lang='lat' dir='ltr'><strong>publiCum</strong></span> <span class='ocrx_word' id='word_1_450' title='bbox 1833 5369 2158 5424; x_wconf 78' lang='lat' dir='ltr'><strong>transcribe-</strong></span> 
     </span>
    </p>
   </div>
   <div class='ocr_carea' id='block_1_66' title="bbox 681 5544 2154 5615">
    <p class='ocr_par' dir='ltr' id='par_1_66' title="bbox 681 5544 2154 5615">
     <span class='ocr_line' id='line_1_66' title="bbox 681 5544 2154 5615; baseline 0.005 -19"><span class='ocrx_word' id='word_1_451' title='bbox 681 5544 1073 5614; x_wconf 76' lang='lat' dir='ltr'><strong>(a)llecordor,</strong></span> <span class='ocrx_word' id='word_1_452' title='bbox 1133 5548 1326 5600; x_wconf 87' lang='lat' dir='ltr'><strong>ancubi</strong></span> <span class='ocrx_word' id='word_1_453' title='bbox 1360 5546 1412 5599; x_wconf 91' lang='lat' dir='ltr'><strong>in</strong></span> <span class='ocrx_word' id='word_1_454' title='bbox 1465 5547 1683 5615; x_wconf 84' lang='lat' dir='ltr'><strong>scriptis</strong></span> <span class='ocrx_word' id='word_1_455' title='bbox 1727 5547 2016 5614; x_wconf 81' lang='lat' dir='ltr'><strong>Michaelis,</strong></span> <span class='ocrx_word' id='word_1_456' title='bbox 2057 5551 2154 5605; x_wconf 90' lang='lat' dir='ltr'><strong>viri</strong></span> 
     </span>
    </p>
   </div>
   <div class='ocr_carea' id='block_1_67' title="bbox 606 5617 2153 5687">
    <p class='ocr_par' dir='ltr' id='par_1_67' title="bbox 606 5617 2153 5687">
     <span class='ocr_line' id='line_1_67' title="bbox 606 5617 2153 5687; baseline 0.005 -21"><span class='ocrx_word' id='word_1_457' title='bbox 606 5617 948 5687; x_wconf 72' lang='lat' dir='ltr'><strong>perillustris,</strong></span> <span class='ocrx_word' id='word_1_458' title='bbox 982 5618 1223 5687; x_wconf 87' lang='lat' dir='ltr'><strong>eamdem</strong></span> <span class='ocrx_word' id='word_1_459' title='bbox 1277 5630 1583 5682; x_wconf 83' lang='lat' dir='ltr'><strong>expressam</strong></span> <span class='ocrx_word' id='word_1_460' title='bbox 1641 5631 1759 5671; x_wconf 87' lang='lat' dir='ltr'><strong>esse</strong></span> <span class='ocrx_word' id='word_1_461' title='bbox 1813 5621 2153 5673; x_wconf 84' lang='lat' dir='ltr'><strong>sententiam.</strong></span> 
     </span>
    </p>
   </div>
   <div class='ocr_carea' id='block_1_68' title="bbox 609 5685 2156 5757">
    <p class='ocr_par' dir='ltr' id='par_1_68' title="bbox 609 5685 2156 5757">
     <span class='ocr_line' id='line_1_68' title="bbox 609 5685 2156 5757; baseline 0.004 -20"><span class='ocrx_word' id='word_1_462' title='bbox 609 5685 716 5737; x_wconf 67' lang='lat' dir='ltr'><strong>Sed</strong></span> <span class='ocrx_word' id='word_1_463' title='bbox 753 5685 1102 5757; x_wconf 41' lang='lat' dir='ltr'><strong>locum‘illutn</strong></span> <span class='ocrx_word' id='word_1_464' title='bbox 1132 5699 1278 5757; x_wconf 90' lang='lat' dir='ltr'><strong>nunc</strong></span> <span class='ocrx_word' id='word_1_465' title='bbox 1312 5700 1418 5738; x_wconf 88' lang='lat' dir='ltr'><strong>non</strong></span> <span class='ocrx_word' id='word_1_466' title='bbox 1451 5695 1686 5757; x_wconf 80' lang='lat' dir='ltr'><strong>poteram</strong></span> <span class='ocrx_word' id='word_1_467' title='bbox 1714 5689 1972 5757; x_wconf 90' lang='lat' dir='ltr'><strong>reperire.</strong></span> <span class='ocrx_word' id='word_1_468' title='bbox 2025 5690 2156 5744; x_wconf 88' lang='lat' dir='ltr'><strong>Illud</strong></span> 
     </span>
    </p>
   </div>
   <div class='ocr_carea' id='block_1_69' title="bbox 608 5755 2154 5822">
    <p class='ocr_par' dir='ltr' id='par_1_69' title="bbox 608 5755 2154 5822">
     <span class='ocr_line' id='line_1_69' title="bbox 608 5755 2154 5822; baseline 0.003 -15"><span class='ocrx_word' id='word_1_469' title='bbox 608 5763 787 5807; x_wconf 84' lang='lat' dir='ltr'><strong>autem</strong></span> <span class='ocrx_word' id='word_1_470' title='bbox 838 5755 1020 5808; x_wconf 80' lang='lat' dir='ltr'><strong>Critici</strong></span> <span class='ocrx_word' id='word_1_471' title='bbox 1063 5756 1333 5808; x_wconf 86' lang='lat' dir='ltr'><strong>acutiores</strong></span> <span class='ocrx_word' id='word_1_472' title='bbox 1361 5766 1417 5808; x_wconf 95' lang='lat' dir='ltr'><strong>et</strong></span> <span class='ocrx_word' id='word_1_473' title='bbox 1451 5771 1477 5806; x_wconf 90' lang='lat' dir='ltr'><strong>a</strong></span> <span class='ocrx_word' id='word_1_474' title='bbox 1510 5755 1740 5822; x_wconf 89' lang='lat' dir='ltr'><strong>partium</strong></span> <span class='ocrx_word' id='word_1_475' title='bbox 1776 5755 1954 5811; x_wconf 75' lang='lat' dir='ltr'><strong>Studia</strong></span> <span class='ocrx_word' id='word_1_476' title='bbox 1994 5760 2154 5812; x_wconf 86' lang='lat' dir='ltr'><strong>alieni</strong></span> 
     </span>
    </p>
   </div>
   <div class='ocr_carea' id='block_1_70' title="bbox 609 5824 2157 5890">
    <p class='ocr_par' dir='ltr' id='par_1_70' title="bbox 609 5824 2157 5890">
     <span class='ocr_line' id='line_1_70' title="bbox 609 5824 2157 5890; baseline 0.005 -15"><span class='ocrx_word' id='word_1_477' title='bbox 609 5833 806 5876; x_wconf 82' lang='lat' dir='ltr'><strong>norunt</strong></span> <span class='ocrx_word' id='word_1_478' title='bbox 840 5839 1048 5890; x_wconf 83' lang='lat' dir='ltr'><strong>omnes,</strong></span> <span class='ocrx_word' id='word_1_479' title='bbox 1079 5824 1129 5877; x_wconf 91' lang='lat' dir='ltr'><strong>in</strong></span> <span class='ocrx_word' id='word_1_480' title='bbox 1173 5828 1358 5878; x_wconf 87' lang='lat' dir='ltr'><strong>hormn</strong></span> <span class='ocrx_word' id='word_1_481' title='bbox 1407 5840 1632 5879; x_wconf 87' lang='lat' dir='ltr'><strong>numero</strong></span> <span class='ocrx_word' id='word_1_482' title='bbox 1670 5826 1818 5881; x_wconf 89' lang='lat' dir='ltr'><strong>nullo</strong></span> <span class='ocrx_word' id='word_1_483' title='bbox 1866 5829 2023 5883; x_wconf 89' lang='lat' dir='ltr'><strong>modo</strong></span> <span class='ocrx_word' id='word_1_484' title='bbox 2061 5829 2157 5883; x_wconf 83' lang='lat' dir='ltr'><strong>ha-</strong></span> 
     </span>
    </p>
   </div>
   <div class='ocr_carea' id='block_1_71' title="bbox 2259 2713 3826 2791">
    <p class='ocr_par' dir='ltr' id='par_1_71' title="bbox 2259 2713 3826 2791">
     <span class='ocr_line' id='line_1_71' title="bbox 2259 2713 3826 2791; baseline 0.005 -22"><span class='ocrx_word' id='word_1_485' title='bbox 2259 2713 2460 2769; x_wconf 89' lang='lat' dir='ltr'><strong>chardo</strong></span> <span class='ocrx_word' id='word_1_486' title='bbox 2495 2713 2758 2782; x_wconf 91' lang='lat' dir='ltr'><strong>Simonio,</strong></span> <span class='ocrx_word' id='word_1_487' title='bbox 2795 2715 3102 2782; x_wconf 69' lang='lat' dir='ltr'><strong>Lam’becio,</strong></span> <span class='ocrx_word' id='word_1_488' title='bbox 3142 2718 3470 2774; x_wconf 83' lang='lat' dir='ltr'><strong>Treschovio</strong></span> <span class='ocrx_word' id='word_1_489' title='bbox 3493 2731 3547 2776; x_wconf 91' lang='lat' dir='ltr'><strong>et</strong></span> <span class='ocrx_word' id='word_1_490' title='bbox 3571 2726 3826 2791; x_wconf 86' lang='lat' dir='ltr'><strong>nuperri-</strong></span> 
     </span>
    </p>
   </div>
   <div class='ocr_carea' id='block_1_72' title="bbox 2259 2804 3826 2869">
    <p class='ocr_par' dir='ltr' id='par_1_72' title="bbox 2259 2804 3826 2869">
     <span class='ocr_line' id='line_1_72' title="bbox 2259 2804 3826 2869; baseline 0.006 -10"><span class='ocrx_word' id='word_1_491' title='bbox 2259 2821 2344 2859; x_wconf 93' lang='lat' dir='ltr'><strong>me</strong></span> <span class='ocrx_word' id='word_1_492' title='bbox 2383 2821 2448 2860; x_wconf 70' lang='grc' dir='ltr'><strong>οι</strong></span> <span class='ocrx_word' id='word_1_493' title='bbox 2491 2806 2694 2859; x_wconf 86' lang='lat' dir='ltr'><strong>Altero.</strong></span> <span class='ocrx_word' id='word_1_494' title='bbox 2746 2804 2962 2861; x_wconf 88' lang='lat' dir='ltr'><strong>Similes</strong></span> <span class='ocrx_word' id='word_1_495' title='bbox 3010 2809 3171 2862; x_wconf 89' lang='lat' dir='ltr'><strong>etiam</strong></span> <span class='ocrx_word' id='word_1_496' title='bbox 3203 2808 3451 2866; x_wconf 81' lang='lat' dir='ltr'><strong>Birchius</strong></span> <span class='ocrx_word' id='word_1_497' title='bbox 3482 2813 3731 2868; x_wconf 89' lang='lat' dir='ltr'><strong>adhibuit</strong></span> <span class='ocrx_word' id='word_1_498' title='bbox 3767 2815 3826 2869; x_wconf 85' lang='lat' dir='ltr'><strong>in</strong></span> 
     </span>
    </p>
   </div>
   <div class='ocr_carea' id='block_1_73' title="bbox 2257 2890 3827 2970">
    <p class='ocr_par' dir='ltr' id='par_1_73' title="bbox 2257 2890 3827 2970">
     <span class='ocr_line' id='line_1_73' title="bbox 2257 2890 3827 2970; baseline 0.007 -20"><span class='ocrx_word' id='word_1_499' title='bbox 2257 2896 2493 2950; x_wconf 80' lang='lat' dir='ltr'><strong>editione</strong></span> <span class='ocrx_word' id='word_1_500' title='bbox 2526 2897 2845 2970; x_wconf 81' lang='lat' dir='ltr'><strong>Hauniensi,</strong></span> <span class='ocrx_word' id='word_1_501' title='bbox 2893 2899 2966 2952; x_wconf 90' lang='lat' dir='ltr'><strong>uti</strong></span> <span class='ocrx_word' id='word_1_502' title='bbox 3029 2913 3092 2952; x_wconf 82' lang='lat' dir='ltr'><strong>ex</strong></span> <span class='ocrx_word' id='word_1_503' title='bbox 3144 2890 3418 2957; x_wconf 88' lang='lat' dir='ltr'><strong>nonnullis</strong></span> <span class='ocrx_word' id='word_1_504' title='bbox 3458 2904 3526 2958; x_wconf 82' lang='lat' dir='ltr'><strong>ab</strong></span> <span class='ocrx_word' id='word_1_505' title='bbox 3549 2919 3614 2958; x_wconf 88' lang='lat' dir='ltr'><strong>eo</strong></span> <span class='ocrx_word' id='word_1_506' title='bbox 3662 2906 3827 2961; x_wconf 83' lang='lat' dir='ltr'><strong>editis</strong></span> 
     </span>
    </p>
   </div>
   <div class='ocr_carea' id='block_1_74' title="bbox 2257 2989 3827 3066">
    <p class='ocr_par' dir='ltr' id='par_1_74' title="bbox 2257 2989 3827 3066">
     <span class='ocr_line' id='line_1_74' title="bbox 2257 2989 3827 3066; baseline 0.004 -22"><span class='ocrx_word' id='word_1_507' title='bbox 2257 2989 2447 3060; x_wconf 77' lang='lat' dir='ltr'><strong>Collige</strong></span> <span class='ocrx_word' id='word_1_508' title='bbox 2473 2990 2714 3045; x_wconf 77' lang='lat' dir='ltr'><strong>s&#39;clioliis.</strong></span> <span class='ocrx_word' id='word_1_509' title='bbox 2752 2989 2807 3043; x_wconf 94' lang='lat' dir='ltr'><strong>Si</strong></span> <span class='ocrx_word' id='word_1_510' title='bbox 2841 3006 2968 3060; x_wconf 78' lang='lat' dir='ltr'><strong>ergo</strong></span> <span class='ocrx_word' id='word_1_511' title='bbox 3003 2992 3322 3063; x_wconf 77' lang='lat' dir='ltr'><strong>Euthymius</strong></span> <span class='ocrx_word' id='word_1_512' title='bbox 3354 3010 3477 3049; x_wconf 89' lang='lat' dir='ltr'><strong>cum</strong></span> <span class='ocrx_word' id='word_1_513' title='bbox 3513 2997 3827 3066; x_wconf 87' lang='lat' dir='ltr'><strong>hujnsmodi</strong></span> 
     </span>
    </p>
   </div>
   <div class='ocr_carea' id='block_1_75' title="bbox 2258 3081 3828 3157">
    <p class='ocr_par' dir='ltr' id='par_1_75' title="bbox 2258 3081 3828 3157">
     <span class='ocr_line' id='line_1_75' title="bbox 2258 3081 3828 3157; baseline 0.004 -21"><span class='ocrx_word' id='word_1_514' title='bbox 2258 3081 2553 3146; x_wconf 81' lang='lat' dir='ltr'><strong>codicibus,</strong></span> <span class='ocrx_word' id='word_1_515' title='bbox 2587 3092 2679 3134; x_wconf 88' lang='lat' dir='ltr'><strong>aut</strong></span> <span class='ocrx_word' id='word_1_516' title='bbox 2705 3096 2827 3136; x_wconf 89' lang='lat' dir='ltr'><strong>cum</strong></span> <span class='ocrx_word' id='word_1_517' title='bbox 2859 3081 3265 3153; x_wconf 82' lang='lat' dir='ltr'><strong>Chrysostomo,</strong></span> <span class='ocrx_word' id='word_1_518' title='bbox 3293 3087 3518 3156; x_wconf 86' lang='lat' dir='ltr'><strong>aliisque</strong></span> <span class='ocrx_word' id='word_1_519' title='bbox 3554 3088 3828 3157; x_wconf 84' lang='lat' dir='ltr'><strong>interpre-</strong></span> 
     </span>
    </p>
   </div>
   <div class='ocr_carea' id='block_1_76' title="bbox 2260 3173 3826 3243">
    <p class='ocr_par' dir='ltr' id='par_1_76' title="bbox 2260 3173 3826 3243">
     <span class='ocr_line' id='line_1_76' title="bbox 2260 3173 3826 3243; baseline 0.003 -16"><span class='ocrx_word' id='word_1_520' title='bbox 2260 3174 2401 3228; x_wconf 89' lang='lat' dir='ltr'><strong>tibus</strong></span> <span class='ocrx_word' id='word_1_521' title='bbox 2433 3174 2722 3237; x_wconf 89' lang='lat' dir='ltr'><strong>consentit,</strong></span> <span class='ocrx_word' id='word_1_522' title='bbox 2772 3173 2890 3243; x_wconf 88' lang='lat' dir='ltr'><strong>ejus</strong></span> <span class='ocrx_word' id='word_1_523' title='bbox 2920 3185 3104 3228; x_wconf 89' lang='lat' dir='ltr'><strong>contra</strong></span> <span class='ocrx_word' id='word_1_524' title='bbox 3135 3177 3390 3230; x_wconf 82' lang='lat' dir='ltr'><strong>meliores</strong></span> <span class='ocrx_word' id='word_1_525' title='bbox 3429 3178 3642 3233; x_wconf 86' lang='lat' dir='ltr'><strong>codices</strong></span> <span class='ocrx_word' id='word_1_526' title='bbox 3673 3180 3826 3232; x_wconf 85' lang='lat' dir='ltr'><strong>nulla</strong></span> 
     </span>
    </p>
   </div>
   <div class='ocr_carea' id='block_1_77' title="bbox 2259 3264 3828 3336">
    <p class='ocr_par' dir='ltr' id='par_1_77' title="bbox 2259 3264 3828 3336">
     <span class='ocr_line' id='line_1_77' title="bbox 2259 3264 3828 3336; baseline 0.003 -20"><span class='ocrx_word' id='word_1_527' title='bbox 2259 3272 2438 3334; x_wconf 87' lang='lat' dir='ltr'><strong>potest</strong></span> <span class='ocrx_word' id='word_1_528' title='bbox 2477 3277 2596 3316; x_wconf 86' lang='lat' dir='ltr'><strong>esse</strong></span> <span class='ocrx_word' id='word_1_529' title='bbox 2646 3265 2962 3318; x_wconf 89' lang='lat' dir='ltr'><strong>auctoritas.</strong></span> <span class='ocrx_word' id='word_1_530' title='bbox 3017 3264 3158 3318; x_wconf 84' lang='lat' dir='ltr'><strong>illud</strong></span> <span class='ocrx_word' id='word_1_531' title='bbox 3211 3265 3371 3318; x_wconf 86' lang='lat' dir='ltr'><strong>etiam</strong></span> <span class='ocrx_word' id='word_1_532' title='bbox 3410 3267 3464 3319; x_wconf 90' lang='lat' dir='ltr'><strong>in</strong></span> <span class='ocrx_word' id='word_1_533' title='bbox 3517 3265 3828 3336; x_wconf 74' lang='lat' dir='ltr'><strong>Euthymio,‘</strong></span> 
     </span>
    </p>
   </div>
   <div class='ocr_carea' id='block_1_78' title="bbox 2259 3353 3826 3426">
    <p class='ocr_par' dir='ltr' id='par_1_78' title="bbox 2259 3353 3826 3426">
     <span class='ocr_line' id='line_1_78' title="bbox 2259 3353 3826 3426; baseline 0.004 -18"><span class='ocrx_word' id='word_1_534' title='bbox 2259 3353 2413 3409; x_wconf 92' lang='lat' dir='ltr'><strong>sicuti</strong></span> <span class='ocrx_word' id='word_1_535' title='bbox 2439 3353 2489 3407; x_wconf 93' lang='lat' dir='ltr'><strong>in</strong></span> <span class='ocrx_word' id='word_1_536' title='bbox 2532 3354 2774 3424; x_wconf 87' lang='lat' dir='ltr'><strong>pluribus</strong></span> <span class='ocrx_word' id='word_1_537' title='bbox 2821 3353 3020 3409; x_wconf 77' lang='lat' dir='ltr'><strong>Graecis</strong></span> <span class='ocrx_word' id='word_1_538' title='bbox 3063 3365 3118 3409; x_wconf 91' lang='lat' dir='ltr'><strong>et</strong></span> <span class='ocrx_word' id='word_1_539' title='bbox 3162 3355 3370 3411; x_wconf 87' lang='lat' dir='ltr'><strong>Latinis</strong></span> <span class='ocrx_word' id='word_1_540' title='bbox 3416 3359 3826 3426; x_wconf 82' lang='lat' dir='ltr'><strong>interpretibus,</strong></span> 
     </span>
    </p>
   </div>
   <div class='ocr_carea' id='block_1_79' title="bbox 2259 3445 3829 3516">
    <p class='ocr_par' dir='ltr' id='par_1_79' title="bbox 2259 3445 3829 3516">
     <span class='ocr_line' id='line_1_79' title="bbox 2259 3445 3829 3516; baseline 0.002 -12"><span class='ocrx_word' id='word_1_541' title='bbox 2259 3447 2522 3516; x_wconf 82' lang='lat' dir='ltr'><strong>displicet,</strong></span> <span class='ocrx_word' id='word_1_542' title='bbox 2587 3445 2728 3516; x_wconf 94' lang='lat' dir='ltr'><strong>quod</strong></span> <span class='ocrx_word' id='word_1_543' title='bbox 2794 3446 3142 3516; x_wconf 68' lang='grc' dir='ltr'><strong>ἀντιγράφων</strong></span> <span class='ocrx_word' id='word_1_544' title='bbox 3188 3448 3505 3502; x_wconf 86' lang='lat' dir='ltr'><strong>vocabulum</strong></span> <span class='ocrx_word' id='word_1_545' title='bbox 3545 3449 3829 3506; x_wconf 86' lang='lat' dir='ltr'><strong>indelinite</strong></span> 
     </span>
    </p>
   </div>
   <div class='ocr_carea' id='block_1_80' title="bbox 2259 3536 3826 3608">
    <p class='ocr_par' dir='ltr' id='par_1_80' title="bbox 2259 3536 3826 3608">
     <span class='ocr_line' id='line_1_80' title="bbox 2259 3536 3826 3608; baseline 0.002 -15"><span class='ocrx_word' id='word_1_546' title='bbox 2259 3539 2501 3603; x_wconf 87' lang='lat' dir='ltr'><strong>adhibet,</strong></span> <span class='ocrx_word' id='word_1_547' title='bbox 2533 3550 2641 3592; x_wconf 90' lang='lat' dir='ltr'><strong>non</strong></span> <span class='ocrx_word' id='word_1_548' title='bbox 2696 3538 2762 3591; x_wconf 92' lang='lat' dir='ltr'><strong>de</strong></span> <span class='ocrx_word' id='word_1_549' title='bbox 2792 3536 2922 3591; x_wconf 87' lang='lat' dir='ltr'><strong>solis</strong></span> <span class='ocrx_word' id='word_1_550' title='bbox 2951 3537 3086 3593; x_wconf 77' lang='lat' dir='ltr'><strong>Novi</strong></span> <span class='ocrx_word' id='word_1_551' title='bbox 3137 3539 3470 3594; x_wconf 89' lang='lat' dir='ltr'><strong>Testamenti</strong></span> <span class='ocrx_word' id='word_1_552' title='bbox 3521 3543 3826 3608; x_wconf 77' lang='lat' dir='ltr'><strong>codicibus,</strong></span> 
     </span>
    </p>
   </div>
   <div class='ocr_carea' id='block_1_81' title="bbox 2259 3625 3827 3695">
    <p class='ocr_par' dir='ltr' id='par_1_81' title="bbox 2259 3625 3827 3695">
     <span class='ocr_line' id='line_1_81' title="bbox 2259 3625 3827 3695; baseline 0.005 -15"><span class='ocrx_word' id='word_1_553' title='bbox 2259 3626 2355 3680; x_wconf 77' lang='lat' dir='ltr'><strong>sed</strong></span> <span class='ocrx_word' id='word_1_554' title='bbox 2382 3625 2448 3679; x_wconf 91' lang='lat' dir='ltr'><strong>de</strong></span> <span class='ocrx_word' id='word_1_555' title='bbox 2475 3626 2834 3695; x_wconf 89' lang='lat' dir='ltr'><strong>interpretum</strong></span> <span class='ocrx_word' id='word_1_556' title='bbox 2858 3627 3020 3679; x_wconf 80' lang='lat' dir='ltr'><strong>etiam</strong></span> <span class='ocrx_word' id='word_1_557' title='bbox 3072 3625 3510 3686; x_wconf 88' lang='lat' dir='ltr'><strong>Commentariis.</strong></span> <span class='ocrx_word' id='word_1_558' title='bbox 3534 3627 3642 3686; x_wconf 73' lang='lat' dir='ltr'><strong>&#39;Scd</strong></span> <span class='ocrx_word' id='word_1_559' title='bbox 3694 3632 3827 3688; x_wconf 89' lang='lat' dir='ltr'><strong>illud</strong></span> 
     </span>
    </p>
   </div>
   <div class='ocr_carea' id='block_1_82' title="bbox 2262 3716 3829 3783">
    <p class='ocr_par' dir='ltr' id='par_1_82' title="bbox 2262 3716 3829 3783">
     <span class='ocr_line' id='line_1_82' title="bbox 2262 3716 3829 3783; baseline 0.006 -14"><span class='ocrx_word' id='word_1_560' title='bbox 2262 3716 2450 3769; x_wconf 77' lang='lat' dir='ltr'><strong>vitium</strong></span> <span class='ocrx_word' id='word_1_561' title='bbox 2502 3729 2796 3769; x_wconf 86' lang='lat' dir='ltr'><strong>commune</strong></span> <span class='ocrx_word' id='word_1_562' title='bbox 2825 3717 3097 3783; x_wconf 89' lang='lat' dir='ltr'><strong>quondam</strong></span> <span class='ocrx_word' id='word_1_563' title='bbox 3147 3718 3268 3770; x_wconf 80' lang='lat' dir='ltr'><strong>fuit.</strong></span> <span class='ocrx_word' id='word_1_564' title='bbox 3305 3717 3382 3772; x_wconf 85' lang='lat' dir='ltr'><strong>ita</strong></span> <span class='ocrx_word' id='word_1_565' title='bbox 3429 3722 3829 3778; x_wconf 81' lang='lat' dir='ltr'><strong>recentioribus</strong></span> 
     </span>
    </p>
   </div>
   <div class='ocr_carea' id='block_1_83' title="bbox 2260 3805 3828 3879">
    <p class='ocr_par' dir='ltr' id='par_1_83' title="bbox 2260 3805 3828 3879">
     <span class='ocr_line' id='line_1_83' title="bbox 2260 3805 3828 3879; baseline 0.003 -19"><span class='ocrx_word' id='word_1_566' title='bbox 2260 3808 2421 3861; x_wconf 88' lang='lat' dir='ltr'><strong>etiam</strong></span> <span class='ocrx_word' id='word_1_567' title='bbox 2454 3805 2807 3876; x_wconf 90' lang='lat' dir='ltr'><strong>temporibus,</strong></span> <span class='ocrx_word' id='word_1_568' title='bbox 2828 3805 3046 3860; x_wconf 80' lang='lat' dir='ltr'><strong>inventa</strong></span> <span class='ocrx_word' id='word_1_569' title='bbox 3085 3817 3200 3861; x_wconf 83' lang='lat' dir='ltr'><strong>arte</strong></span> <span class='ocrx_word' id='word_1_570' title='bbox 3231 3809 3632 3879; x_wconf 76' lang='lat' dir='ltr'><strong>typographica,</strong></span> <span class='ocrx_word' id='word_1_571' title='bbox 3669 3813 3828 3866; x_wconf 89' lang='lat' dir='ltr'><strong>multi</strong></span> 
     </span>
    </p>
   </div>
   <div class='ocr_carea' id='block_1_84' title="bbox 2260 3896 3827 3959">
    <p class='ocr_par' dir='ltr' id='par_1_84' title="bbox 2260 3896 3827 3959">
     <span class='ocr_line' id='line_1_84' title="bbox 2260 3896 3827 3959; baseline 0.003 -5"><span class='ocrx_word' id='word_1_572' title='bbox 2260 3913 2323 3954; x_wconf 77' lang='lat' dir='ltr'><strong>ex</strong></span> <span class='ocrx_word' id='word_1_573' title='bbox 2356 3897 2557 3954; x_wconf 87' lang='lat' dir='ltr'><strong>criticis</strong></span> <span class='ocrx_word' id='word_1_574' title='bbox 2580 3907 2630 3952; x_wconf 92' lang='lat' dir='ltr'><strong>et</strong></span> <span class='ocrx_word' id='word_1_575' title='bbox 2649 3896 2944 3952; x_wconf 89' lang='lat' dir='ltr'><strong>editoribus</strong></span> <span class='ocrx_word' id='word_1_576' title='bbox 2975 3898 3147 3954; x_wconf 90' lang='lat' dir='ltr'><strong>editos</strong></span> <span class='ocrx_word' id='word_1_577' title='bbox 3177 3900 3339 3954; x_wconf 90' lang='lat' dir='ltr'><strong>etiam</strong></span> <span class='ocrx_word' id='word_1_578' title='bbox 3377 3901 3546 3955; x_wconf 90' lang='lat' dir='ltr'><strong>libros</strong></span> <span class='ocrx_word' id='word_1_579' title='bbox 3576 3903 3827 3959; x_wconf 89' lang='lat' dir='ltr'><strong>codicum</strong></span> 
     </span>
    </p>
   </div>
   <div class='ocr_carea' id='block_1_85' title="bbox 2258 3989 3830 4061">
    <p class='ocr_par' dir='ltr' id='par_1_85' title="bbox 2258 3989 3830 4061">
     <span class='ocr_line' id='line_1_85' title="bbox 2258 3989 3830 4061; baseline 0.003 -16"><span class='ocrx_word' id='word_1_580' title='bbox 2258 3999 2312 4045; x_wconf 91' lang='lat' dir='ltr'><strong>et</strong></span> <span class='ocrx_word' id='word_1_581' title='bbox 2339 3989 2727 4059; x_wconf 81' lang='lat' dir='ltr'><strong>exemplarium</strong></span> <span class='ocrx_word' id='word_1_582' title='bbox 2770 3991 2990 4046; x_wconf 89' lang='lat' dir='ltr'><strong>nomine</strong></span> <span class='ocrx_word' id='word_1_583' title='bbox 3015 3992 3374 4061; x_wconf 88' lang='lat' dir='ltr'><strong>appellarunt.</strong></span> <span class='ocrx_word' id='word_1_584' title='bbox 3411 3992 3480 4048; x_wconf 91' lang='lat' dir='ltr'><strong>Ut</strong></span> <span class='ocrx_word' id='word_1_585' title='bbox 3505 4003 3686 4048; x_wconf 90' lang='lat' dir='ltr'><strong>autem</strong></span> <span class='ocrx_word' id='word_1_586' title='bbox 3724 3996 3830 4051; x_wconf 90' lang='lat' dir='ltr'><strong>bos</strong></span> 
     </span>
    </p>
   </div>
   <div class='ocr_carea' id='block_1_86' title="bbox 2260 4081 3831 4155">
    <p class='ocr_par' dir='ltr' id='par_1_86' title="bbox 2260 4081 3831 4155">
     <span class='ocr_line' id='line_1_86' title="bbox 2260 4081 3831 4155; baseline 0.004 -20"><span class='ocrx_word' id='word_1_587' title='bbox 2260 4081 2690 4136; x_wconf 86' lang='lat' dir='ltr'><strong>Commentarios</strong></span> <span class='ocrx_word' id='word_1_588' title='bbox 2719 4083 2956 4148; x_wconf 88' lang='lat' dir='ltr'><strong>ederem,</strong></span> <span class='ocrx_word' id='word_1_589' title='bbox 3007 4083 3060 4136; x_wconf 91' lang='lat' dir='ltr'><strong>in</strong></span> <span class='ocrx_word' id='word_1_590' title='bbox 3089 4085 3280 4152; x_wconf 88' lang='lat' dir='ltr'><strong>primis</strong></span> <span class='ocrx_word' id='word_1_591' title='bbox 3326 4100 3412 4138; x_wconf 88' lang='lat' dir='ltr'><strong>me</strong></span> <span class='ocrx_word' id='word_1_592' title='bbox 3440 4098 3831 4155; x_wconf 77' lang='lat' dir='ltr'><strong>permoverunt</strong></span> 
     </span>
    </p>
   </div>
   <div class='ocr_carea' id='block_1_87' title="bbox 2261 4173 3828 4244">
    <p class='ocr_par' dir='ltr' id='par_1_87' title="bbox 2261 4173 3828 4244">
     <span class='ocr_line' id='line_1_87' title="bbox 2261 4173 3828 4244; baseline 0.004 -18"><span class='ocrx_word' id='word_1_593' title='bbox 2261 4182 2342 4226; x_wconf 92' lang='lat' dir='ltr'><strong>tot</strong></span> <span class='ocrx_word' id='word_1_594' title='bbox 2393 4173 2831 4227; x_wconf 90' lang='lat' dir='ltr'><strong>doctissimorum</strong></span> <span class='ocrx_word' id='word_1_595' title='bbox 2881 4175 3141 4239; x_wconf 88' lang='lat' dir='ltr'><strong>virorum,</strong></span> <span class='ocrx_word' id='word_1_596' title='bbox 3185 4175 3528 4244; x_wconf 81' lang='lat' dir='ltr'><strong>maximeque</strong></span> <span class='ocrx_word' id='word_1_597' title='bbox 3571 4176 3828 4232; x_wconf 81' lang='lat' dir='ltr'><strong>Richardi</strong></span> 
     </span>
    </p>
   </div>
   <div class='ocr_carea' id='block_1_88' title="bbox 2262 4264 3825 4338">
    <p class='ocr_par' dir='ltr' id='par_1_88' title="bbox 2262 4264 3825 4338">
     <span class='ocr_line' id='line_1_88' title="bbox 2262 4264 3825 4338; baseline 0.003 -18"><span class='ocrx_word' id='word_1_598' title='bbox 2262 4264 2510 4328; x_wconf 87' lang='lat' dir='ltr'><strong>Simonii,</strong></span> <span class='ocrx_word' id='word_1_599' title='bbox 2553 4265 2619 4320; x_wconf 90' lang='lat' dir='ltr'><strong>de</strong></span> <span class='ocrx_word' id='word_1_600' title='bbox 2646 4265 2712 4318; x_wconf 92' lang='lat' dir='ltr'><strong>iis</strong></span> <span class='ocrx_word' id='word_1_601' title='bbox 2735 4265 2973 4336; x_wconf 85' lang='lat' dir='ltr'><strong>judicia;</strong></span> <span class='ocrx_word' id='word_1_602' title='bbox 3021 4267 3220 4321; x_wconf 91' lang='lat' dir='ltr'><strong>deinde</strong></span> <span class='ocrx_word' id='word_1_603' title='bbox 3244 4269 3352 4322; x_wconf 93' lang='lat' dir='ltr'><strong>duo</strong></span> <span class='ocrx_word' id='word_1_604' title='bbox 3385 4270 3825 4338; x_wconf 62' lang='lat' dir='ltr'><strong>prastantissimi</strong></span> 
     </span>
    </p>
   </div>
   <div class='ocr_carea' id='block_1_89' title="bbox 2258 4355 3828 4430">
    <p class='ocr_par' dir='ltr' id='par_1_89' title="bbox 2258 4355 3828 4430">
     <span class='ocr_line' id='line_1_89' title="bbox 2258 4355 3828 4430; baseline 0.003 -18"><span class='ocrx_word' id='word_1_605' title='bbox 2258 4356 2472 4412; x_wconf 80' lang='lat' dir='ltr'><strong>codices</strong></span> <span class='ocrx_word' id='word_1_606' title='bbox 2500 4355 2887 4424; x_wconf 82' lang='lat' dir='ltr'><strong>Mosquenses;</strong></span> <span class='ocrx_word' id='word_1_607' title='bbox 2936 4357 3166 4430; x_wconf 89' lang='lat' dir='ltr'><strong>denique</strong></span> <span class='ocrx_word' id='word_1_608' title='bbox 3197 4374 3406 4413; x_wconf 89' lang='lat' dir='ltr'><strong>summa</strong></span> <span class='ocrx_word' id='word_1_609' title='bbox 3448 4360 3611 4430; x_wconf 92' lang='lat' dir='ltr'><strong>hujus</strong></span> <span class='ocrx_word' id='word_1_610' title='bbox 3658 4361 3828 4417; x_wconf 89' lang='lat' dir='ltr'><strong>libelli</strong></span> 
     </span>
    </p>
   </div>
   <div class='ocr_carea' id='block_1_90' title="bbox 2259 4447 3831 4520">
    <p class='ocr_par' dir='ltr' id='par_1_90' title="bbox 2259 4447 3831 4520">
     <span class='ocr_line' id='line_1_90' title="bbox 2259 4447 3831 4520; baseline 0.004 -18"><span class='ocrx_word' id='word_1_611' title='bbox 2259 4449 2473 4502; x_wconf 89' lang='lat' dir='ltr'><strong>raritas.</strong></span> <span class='ocrx_word' id='word_1_612' title='bbox 2521 4447 2753 4500; x_wconf 82' lang='lat' dir='ltr'><strong>Mirabili</strong></span> <span class='ocrx_word' id='word_1_613' title='bbox 2807 4448 2953 4500; x_wconf 87' lang='lat' dir='ltr'><strong>enim</strong></span> <span class='ocrx_word' id='word_1_614' title='bbox 2995 4464 3123 4502; x_wconf 90' lang='lat' dir='ltr'><strong>casu</strong></span> <span class='ocrx_word' id='word_1_615' title='bbox 3181 4452 3395 4504; x_wconf 89' lang='lat' dir='ltr'><strong>videtur</strong></span> <span class='ocrx_word' id='word_1_616' title='bbox 3439 4455 3727 4520; x_wconf 88' lang='lat' dir='ltr'><strong>accidisse,</strong></span> <span class='ocrx_word' id='word_1_617' title='bbox 3764 4465 3831 4509; x_wconf 88' lang='lat' dir='ltr'><strong>ut</strong></span> 
     </span>
    </p>
   </div>
   <div class='ocr_carea' id='block_1_91' title="bbox 2259 4537 3830 4599">
    <p class='ocr_par' dir='ltr' id='par_1_91' title="bbox 2259 4537 3830 4599">
     <span class='ocr_line' id='line_1_91' title="bbox 2259 4537 3830 4599; baseline 0.004 -7"><span class='ocrx_word' id='word_1_618' title='bbox 2259 4539 2402 4592; x_wconf 93' lang='lat' dir='ltr'><strong>inter</strong></span> <span class='ocrx_word' id='word_1_619' title='bbox 2431 4546 2508 4592; x_wconf 92' lang='lat' dir='ltr'><strong>tot</strong></span> <span class='ocrx_word' id='word_1_620' title='bbox 2535 4538 2759 4592; x_wconf 88' lang='lat' dir='ltr'><strong>Joannis</strong></span> <span class='ocrx_word' id='word_1_621' title='bbox 2806 4537 3059 4592; x_wconf 91' lang='lat' dir='ltr'><strong>llentenii</strong></span> <span class='ocrx_word' id='word_1_622' title='bbox 3106 4541 3371 4596; x_wconf 90' lang='lat' dir='ltr'><strong>editiones</strong></span> <span class='ocrx_word' id='word_1_623' title='bbox 3420 4545 3685 4598; x_wconf 82' lang='lat' dir='ltr'><strong>versionis</strong></span> <span class='ocrx_word' id='word_1_624' title='bbox 3719 4544 3830 4599; x_wconf 84' lang='lat' dir='ltr'><strong>La-</strong></span> 
     </span>
    </p>
   </div>
   <div class='ocr_carea' id='block_1_92' title="bbox 2261 4630 3829 4710">
    <p class='ocr_par' dir='ltr' id='par_1_92' title="bbox 2261 4630 3829 4710">
     <span class='ocr_line' id='line_1_92' title="bbox 2261 4630 3829 4710; baseline 0.008 -27"><span class='ocrx_word' id='word_1_625' title='bbox 2261 4631 2387 4684; x_wconf 68' lang='lat' dir='ltr'><strong>tinae</strong></span> <span class='ocrx_word' id='word_1_626' title='bbox 2431 4630 2514 4684; x_wconf 81' lang='lat' dir='ltr'><strong>vix</strong></span> <span class='ocrx_word' id='word_1_627' title='bbox 2561 4644 2666 4682; x_wconf 89' lang='lat' dir='ltr'><strong>una</strong></span> <span class='ocrx_word' id='word_1_628' title='bbox 2706 4630 2932 4699; x_wconf 85' lang='lat' dir='ltr'><strong>reperiri</strong></span> <span class='ocrx_word' id='word_1_629' title='bbox 2981 4632 3169 4699; x_wconf 90' lang='lat' dir='ltr'><strong>possit.</strong></span> <span class='ocrx_word' id='word_1_630' title='bbox 3225 4634 3487 4703; x_wconf 83' lang='lat' dir='ltr'><strong>Equidem</strong></span> <span class='ocrx_word' id='word_1_631' title='bbox 3529 4649 3680 4694; x_wconf 88' lang='lat' dir='ltr'><strong>certe</strong></span> <span class='ocrx_word' id='word_1_632' title='bbox 3729 4659 3829 4710; x_wconf 82' lang='lat' dir='ltr'><strong>per</strong></span> 
     </span>
    </p>
   </div>
   <div class='ocr_carea' id='block_1_93' title="bbox 2258 4719 3825 4801">
    <p class='ocr_par' dir='ltr' id='par_1_93' title="bbox 2258 4719 3825 4801">
     <span class='ocr_line' id='line_1_93' title="bbox 2258 4719 3825 4801; baseline 0.006 -24"><span class='ocrx_word' id='word_1_633' title='bbox 2258 4737 2430 4777; x_wconf 89' lang='lat' dir='ltr'><strong>annos</strong></span> <span class='ocrx_word' id='word_1_634' title='bbox 2480 4723 2762 4777; x_wconf 87' lang='lat' dir='ltr'><strong>duodecim</strong></span> <span class='ocrx_word' id='word_1_635' title='bbox 2798 4722 2996 4776; x_wconf 83' lang='lat' dir='ltr'><strong>frustra</strong></span> <span class='ocrx_word' id='word_1_636' title='bbox 3016 4725 3099 4778; x_wconf 83' lang='lat' dir='ltr'><strong>vel</strong></span> <span class='ocrx_word' id='word_1_637' title='bbox 3135 4741 3299 4779; x_wconf 91' lang='lat' dir='ltr'><strong>unum</strong></span> <span class='ocrx_word' id='word_1_638' title='bbox 3349 4719 3481 4783; x_wconf 79' lang='lat' dir='ltr'><strong>mihi</strong></span> <span class='ocrx_word' id='word_1_639' title='bbox 3515 4734 3825 4801; x_wconf 83' lang='lat' dir='ltr'><strong>exemplum</strong></span> 
     </span>
    </p>
   </div>
   <div class='ocr_carea' id='block_1_94' title="bbox 2257 4816 3826 4886">
    <p class='ocr_par' dir='ltr' id='par_1_94' title="bbox 2257 4816 3826 4886">
     <span class='ocr_line' id='line_1_94' title="bbox 2257 4816 3826 4886; baseline 0.008 -19"><span class='ocrx_word' id='word_1_640' title='bbox 2257 4816 2500 4885; x_wconf 69' lang='lat' dir='ltr'><strong>quiesivi,</strong></span> <span class='ocrx_word' id='word_1_641' title='bbox 2526 4832 2588 4870; x_wconf 90' lang='lat' dir='ltr'><strong>ac</strong></span> <span class='ocrx_word' id='word_1_642' title='bbox 2621 4824 2896 4885; x_wconf 87' lang='lat' dir='ltr'><strong>postremo</strong></span> <span class='ocrx_word' id='word_1_643' title='bbox 2929 4818 3140 4871; x_wconf 88' lang='lat' dir='ltr'><strong>tandem</strong></span> <span class='ocrx_word' id='word_1_644' title='bbox 3170 4821 3351 4886; x_wconf 91' lang='lat' dir='ltr'><strong>didici,</strong></span> <span class='ocrx_word' id='word_1_645' title='bbox 3384 4824 3452 4876; x_wconf 87' lang='lat' dir='ltr'><strong>ab</strong></span> <span class='ocrx_word' id='word_1_646' title='bbox 3496 4824 3615 4876; x_wconf 88' lang='lat' dir='ltr'><strong>aliis</strong></span> <span class='ocrx_word' id='word_1_647' title='bbox 3659 4827 3826 4880; x_wconf 89' lang='lat' dir='ltr'><strong>etiam</strong></span> 
     </span>
    </p>
   </div>
   <div class='ocr_carea' id='block_1_95' title="bbox 2259 4908 3827 4986">
    <p class='ocr_par' dir='ltr' id='par_1_95' title="bbox 2259 4908 3827 4986">
     <span class='ocr_line' id='line_1_95' title="bbox 2259 4908 3827 4986; baseline 0.007 -25"><span class='ocrx_word' id='word_1_648' title='bbox 2259 4909 2403 4962; x_wconf 87' lang='lat' dir='ltr'><strong>inter</strong></span> <span class='ocrx_word' id='word_1_649' title='bbox 2448 4909 2615 4963; x_wconf 91' lang='lat' dir='ltr'><strong>libros</strong></span> <span class='ocrx_word' id='word_1_650' title='bbox 2671 4910 2902 4963; x_wconf 86' lang='lat' dir='ltr'><strong>rariores</strong></span> <span class='ocrx_word' id='word_1_651' title='bbox 2949 4908 3160 4965; x_wconf 86' lang='lat' dir='ltr'><strong>referri.</strong></span> <span class='ocrx_word' id='word_1_652' title='bbox 3224 4913 3282 4966; x_wconf 92' lang='lat' dir='ltr'><strong>ln</strong></span> <span class='ocrx_word' id='word_1_653' title='bbox 3346 4916 3611 4985; x_wconf 88' lang='lat' dir='ltr'><strong>principio</strong></span> <span class='ocrx_word' id='word_1_654' title='bbox 3662 4918 3827 4986; x_wconf 76' lang='lat' dir='ltr'><strong>hujus</strong></span> 
     </span>
    </p>
   </div>
   <div class='ocr_carea' id='block_1_96' title="bbox 2258 5001 3826 5072">
    <p class='ocr_par' dir='ltr' id='par_1_96' title="bbox 2258 5001 3826 5072">
     <span class='ocr_line' id='line_1_96' title="bbox 2258 5001 3826 5072; baseline 0.004 -16"><span class='ocrx_word' id='word_1_655' title='bbox 2258 5001 2510 5056; x_wconf 89' lang='lat' dir='ltr'><strong>editionis</strong></span> <span class='ocrx_word' id='word_1_656' title='bbox 2539 5015 2666 5072; x_wconf 81' lang='lat' dir='ltr'><strong>ergo</strong></span> <span class='ocrx_word' id='word_1_657' title='bbox 2694 5016 2822 5055; x_wconf 90' lang='lat' dir='ltr'><strong>usus</strong></span> <span class='ocrx_word' id='word_1_658' title='bbox 2849 5017 2967 5055; x_wconf 90' lang='lat' dir='ltr'><strong>sum</strong></span> <span class='ocrx_word' id='word_1_659' title='bbox 3007 5013 3148 5058; x_wconf 90' lang='lat' dir='ltr'><strong>tomo</strong></span> <span class='ocrx_word' id='word_1_660' title='bbox 3173 5003 3290 5057; x_wconf 70' lang='lat' dir='ltr'><strong>XIX</strong></span> <span class='ocrx_word' id='word_1_661' title='bbox 3336 5007 3671 5062; x_wconf 70' lang='lat' dir='ltr'><strong>bibliothecae</strong></span> <span class='ocrx_word' id='word_1_662' title='bbox 3707 5026 3826 5064; x_wconf 85' lang='lat' dir='ltr'><strong>ma—</strong></span> 
     </span>
    </p>
   </div>
   <div class='ocr_carea' id='block_1_97' title="bbox 2261 5093 3826 5163">
    <p class='ocr_par' dir='ltr' id='par_1_97' title="bbox 2261 5093 3826 5163">
     <span class='ocr_line' id='line_1_97' title="bbox 2261 5093 3826 5163; baseline 0.007 -18"><span class='ocrx_word' id='word_1_663' title='bbox 2261 5095 2416 5146; x_wconf 71' lang='lat' dir='ltr'><strong>ximm</strong></span> <span class='ocrx_word' id='word_1_664' title='bbox 2463 5093 2840 5162; x_wconf 79' lang='lat' dir='ltr'><strong>Lugdunensis</strong></span> <span class='ocrx_word' id='word_1_665' title='bbox 2871 5096 3027 5159; x_wconf 73' lang='lat' dir='ltr'><strong>H577,</strong></span> <span class='ocrx_word' id='word_1_666' title='bbox 3057 5111 3217 5163; x_wconf 88' lang='lat' dir='ltr'><strong>quem</strong></span> <span class='ocrx_word' id='word_1_667' title='bbox 3239 5096 3368 5148; x_wconf 90' lang='lat' dir='ltr'><strong>mihi</strong></span> <span class='ocrx_word' id='word_1_668' title='bbox 3399 5113 3464 5151; x_wconf 81' lang='lat' dir='ltr'><strong>ex</strong></span> <span class='ocrx_word' id='word_1_669' title='bbox 3497 5101 3826 5156; x_wconf 88' lang='lat' dir='ltr'><strong>bibliotheca</strong></span> 
     </span>
    </p>
   </div>
   <div class='ocr_carea' id='block_1_98' title="bbox 2263 5188 3828 5260">
    <p class='ocr_par' dir='ltr' id='par_1_98' title="bbox 2263 5188 3828 5260">
     <span class='ocr_line' id='line_1_98' title="bbox 2263 5188 3828 5260; baseline 0.004 -21"><span class='ocrx_word' id='word_1_670' title='bbox 2263 5188 2578 5256; x_wconf 85' lang='lat' dir='ltr'><strong>amplissimi</strong></span> <span class='ocrx_word' id='word_1_671' title='bbox 2623 5195 2844 5242; x_wconf 89' lang='lat' dir='ltr'><strong>senatus</strong></span> <span class='ocrx_word' id='word_1_672' title='bbox 2879 5189 3177 5257; x_wconf 88' lang='lat' dir='ltr'><strong>Lipsiensis</strong></span> <span class='ocrx_word' id='word_1_673' title='bbox 3219 5192 3658 5246; x_wconf 86' lang='lat' dir='ltr'><strong>commodaverat</strong></span> <span class='ocrx_word' id='word_1_674' title='bbox 3699 5209 3828 5260; x_wconf 81' lang='lat' dir='ltr'><strong>per-</strong></span> 
     </span>
    </p>
   </div>
   <div class='ocr_carea' id='block_1_99' title="bbox 2262 5276 3826 5341">
    <p class='ocr_par' dir='ltr' id='par_1_99' title="bbox 2262 5276 3826 5341">
     <span class='ocr_line' id='line_1_99' title="bbox 2262 5276 3826 5341; baseline 0.005 -12"><span class='ocrx_word' id='word_1_675' title='bbox 2262 5278 2491 5331; x_wconf 84' lang='lat' dir='ltr'><strong>illustris</strong></span> <span class='ocrx_word' id='word_1_676' title='bbox 2526 5276 2797 5341; x_wconf 81' lang='lat' dir='ltr'><strong>Mullcrus,</strong></span> <span class='ocrx_word' id='word_1_677' title='bbox 2833 5279 3181 5331; x_wconf 87' lang='lat' dir='ltr'><strong>serenissimo</strong></span> <span class='ocrx_word' id='word_1_678' title='bbox 3234 5280 3478 5335; x_wconf 65' lang='lat' dir='ltr'><strong>Saxonica</strong></span> <span class='ocrx_word' id='word_1_679' title='bbox 3522 5282 3744 5336; x_wconf 81' lang='lat' dir='ltr'><strong>electori</strong></span> <span class='ocrx_word' id='word_1_680' title='bbox 3797 5302 3826 5337; x_wconf 80' lang='lat' dir='ltr'><strong>a</strong></span> 
     </span>
    </p>
   </div>
   <div class='ocr_carea' id='block_1_100' title="bbox 2263 5367 3828 5442">
    <p class='ocr_par' dir='ltr' id='par_1_100' title="bbox 2263 5367 3828 5442">
     <span class='ocr_line' id='line_1_100' title="bbox 2263 5367 3828 5442; baseline 0.002 -22"><span class='ocrx_word' id='word_1_681' title='bbox 2263 5367 2503 5421; x_wconf 89' lang='lat' dir='ltr'><strong>consiliis</strong></span> <span class='ocrx_word' id='word_1_682' title='bbox 2549 5368 2755 5423; x_wconf 82' lang='lat' dir='ltr'><strong>beliieis</strong></span> <span class='ocrx_word' id='word_1_683' title='bbox 2814 5369 3238 5434; x_wconf 88' lang='lat' dir='ltr'><strong>secretioribus,</strong></span> <span class='ocrx_word' id='word_1_684' title='bbox 3300 5373 3640 5442; x_wconf 83' lang='lat' dir='ltr'><strong>civitatisque</strong></span> <span class='ocrx_word' id='word_1_685' title='bbox 3696 5371 3828 5442; x_wconf 79' lang='lat' dir='ltr'><strong>Lip-</strong></span> 
     </span>
    </p>
   </div>
   <div class='ocr_carea' id='block_1_101' title="bbox 2264 5553 3824 5625">
    <p class='ocr_par' dir='ltr' id='par_1_101' title="bbox 2264 5553 3824 5625">
     <span class='ocr_line' id='line_1_101' title="bbox 2264 5553 3824 5625; baseline 0.003 -20"><span class='ocrx_word' id='word_1_686' title='bbox 2264 5553 2468 5625; x_wconf 83' lang='lat' dir='ltr'><strong>bendos</strong></span> <span class='ocrx_word' id='word_1_687' title='bbox 2495 5570 2613 5608; x_wconf 74' lang='lat' dir='ltr'><strong>esse</strong></span> <span class='ocrx_word' id='word_1_688' title='bbox 2641 5555 2846 5609; x_wconf 89' lang='lat' dir='ltr'><strong>scribas</strong></span> <span class='ocrx_word' id='word_1_689' title='bbox 2875 5553 3136 5609; x_wconf 87' lang='lat' dir='ltr'><strong>Codicum</strong></span> <span class='ocrx_word' id='word_1_690' title='bbox 3177 5555 3660 5625; x_wconf 80' lang='lat' dir='ltr'><strong>Cantabrigiensis,</strong></span> <span class='ocrx_word' id='word_1_691' title='bbox 3698 5555 3824 5610; x_wconf 81' lang='lat' dir='ltr'><strong>Cla-</strong></span> 
     </span>
    </p>
   </div>
   <div class='ocr_carea' id='block_1_102' title="bbox 2263 5621 3831 5694">
    <p class='ocr_par' dir='ltr' id='par_1_102' title="bbox 2263 5621 3831 5694">
     <span class='ocr_line' id='line_1_102' title="bbox 2263 5621 3831 5694; baseline 0.005 -22"><span class='ocrx_word' id='word_1_692' title='bbox 2263 5621 2587 5694; x_wconf 80' lang='lat' dir='ltr'><strong>rotiiontani,</strong></span> <span class='ocrx_word' id='word_1_693' title='bbox 2623 5626 3126 5694; x_wconf 76' lang='lat' dir='ltr'><strong>Sangcrmancnsis,</strong></span> <span class='ocrx_word' id='word_1_694' title='bbox 3181 5621 3488 5694; x_wconf 72' lang='lat' dir='ltr'><strong>Augicnsis,</strong></span> <span class='ocrx_word' id='word_1_695' title='bbox 3540 5625 3831 5680; x_wconf 81' lang='lat' dir='ltr'><strong>Boerneri-</strong></span> 
     </span>
    </p>
   </div>
   <div class='ocr_carea' id='block_1_103' title="bbox 2262 5693 3826 5764">
    <p class='ocr_par' dir='ltr' id='par_1_103' title="bbox 2262 5693 3826 5764">
     <span class='ocr_line' id='line_1_103' title="bbox 2262 5693 3826 5764; baseline 0.003 -22"><span class='ocrx_word' id='word_1_696' title='bbox 2262 5693 2371 5764; x_wconf 78' lang='lat' dir='ltr'><strong>ani,</strong></span> <span class='ocrx_word' id='word_1_697' title='bbox 2409 5693 2838 5764; x_wconf 63' lang='grc' dir='ltr'><strong>ρςυῑενῳῐυιηαυθ</strong></span> <span class='ocrx_word' id='word_1_698' title='bbox 2870 5698 2986 5761; x_wconf 80' lang='lat' dir='ltr'><strong>ejus</strong></span> <span class='ocrx_word' id='word_1_699' title='bbox 3021 5693 3370 5764; x_wconf 53' lang='lat' dir='ltr'><strong>generisﬁcd</strong></span> <span class='ocrx_word' id='word_1_700' title='bbox 3426 5697 3492 5750; x_wconf 85' lang='lat' dir='ltr'><strong>de</strong></span> <span class='ocrx_word' id='word_1_701' title='bbox 3526 5698 3826 5750; x_wconf 78' lang='lat' dir='ltr'><strong>Cantabri-</strong></span> 
     </span>
    </p>
   </div>
   <div class='ocr_carea' id='block_1_104' title="bbox 2264 5762 3824 5837">
    <p class='ocr_par' dir='ltr' id='par_1_104' title="bbox 2264 5762 3824 5837">
     <span class='ocr_line' id='line_1_104' title="bbox 2264 5762 3824 5837; baseline 0.005 -26"><span class='ocrx_word' id='word_1_702' title='bbox 2264 5762 2435 5837; x_wconf 68' lang='lat' dir='ltr'><strong>giensi</strong></span> <span class='ocrx_word' id='word_1_703' title='bbox 2486 5773 2543 5837; x_wconf 86' lang='lat' dir='ltr'><strong>ct</strong></span> <span class='ocrx_word' id='word_1_704' title='bbox 2584 5763 2975 5826; x_wconf 80' lang='lat' dir='ltr'><strong>Bocrneriano,</strong></span> <span class='ocrx_word' id='word_1_705' title='bbox 3015 5762 3057 5818; x_wconf 78' lang='lat' dir='ltr'><strong>si</strong></span> <span class='ocrx_word' id='word_1_706' title='bbox 3104 5767 3434 5837; x_wconf 80' lang='lat' dir='ltr'><strong>prodierint,</strong></span> <span class='ocrx_word' id='word_1_707' title='bbox 3478 5769 3659 5837; x_wconf 79' lang='lat' dir='ltr'><strong>plures</strong></span> <span class='ocrx_word' id='word_1_708' title='bbox 3720 5768 3824 5822; x_wconf 74' lang='lat' dir='ltr'><strong>\‘it&#39;i</strong></span> 
     </span>
    </p>
   </div>
   <div class='ocr_carea' id='block_1_105' title="bbox 2265 5834 3427 5906">
    <p class='ocr_par' dir='ltr' id='par_1_105' title="bbox 2265 5834 3427 5906">
     <span class='ocr_line' id='line_1_105' title="bbox 2265 5834 3427 5906; baseline 0.008 -21"><span class='ocrx_word' id='word_1_709' title='bbox 2265 5834 2406 5886; x_wconf 81' lang='lat' dir='ltr'><strong>docti</strong></span> <span class='ocrx_word' id='word_1_710' title='bbox 2438 5834 2615 5889; x_wconf 84' lang='lat' dir='ltr'><strong>\‘critts</strong></span> <span class='ocrx_word' id='word_1_711' title='bbox 2656 5845 2709 5889; x_wconf 84' lang='lat' dir='ltr'><strong>et</strong></span> <span class='ocrx_word' id='word_1_712' title='bbox 2739 5838 3042 5891; x_wconf 74' lang='lat' dir='ltr'><strong>accuratius</strong></span> <span class='ocrx_word' id='word_1_713' title='bbox 3086 5836 3427 5906; x_wconf 64' lang='lat' dir='ltr'><strong>juiicabunt.</strong></span> 
     </span>
    </p>
   </div>
  </div>
